1959 3069
59 162 140 196 4085

404 164 626 197 ENARRATIO
648 165 690 197 IN
712 162 966 196 EVANGELIUM
991 162 1109 193 LUC/E.
1135 178 1172 184 -—
1194 163 1277 194 CAP.
1308 163 1393 194 XXII

1676 162 1752 196 1086

62 229 165 268 ἔλεγεν,
189 229 254 270 ἄχρι
276 230 325 264 τῆς
340 229 460 270 ἐσχάτης
475 229 545 269 ὧρας
567 230 769 269 περικαιόμενος
791 230 882 259 αὐτοῦ.

996 235 1029 258 ns
1038 227 1123 258 illum
1133 227 1280 259 etidcirco
1287 237 1346 259 non
1356 233 1531 268 prosecutus
1543 233 1587 260 est
1598 228 1750 267 convitiis,

65 275 112 303 Διὸ
141 275 184 304 καὶ
208 274 266 303 οὐδὲ
287 274 402 315 ὕϐρισεν,
432 274 488 304 οὐδὲ
517 275 605 303 εἶπεν·
638 275 809 314 Ἀπάνθρωπε
844 274 886 302 καὶ

63 318 296 357 ὰγνωμονέστατι,
332 318 402 353 ἀλλ’,
433 331 443 347 ι
477 318 573 358 Ἰούδα,
595 331 607 348 ι
644 322 683 356 τῷ
701 321 781 359 κυρίῳ
810 321 887 348 αὑτοῦ

64 362 175 400 ὀνόματι
211 363 423 401 ἀνακαλούμενος
454 363 542 393 αὐτόν.
562 364 609 392 Καὶ
626 362 679 392 οὔδ’
696 363 728 391 ἄν
740 364 886 402 προσωνεί-

63 405 147 445 δισεν,
178 408 199 435 εἰ
225 409 264 444 μὴ
300 409 344 436 καὶ
358 414 436 438 τοῦτο
451 409 487 441 εἰς
503 408 641 445 βελτίωσιν
657 409 735 436 αότοῦ
747 408 792 447 ἦν,
809 406 886 446 εἴπερ

62 449 200 487 ἐϐούλετο,
218 448 280 482 Ἵνα
301 453 350 492 γὰρ
366 453 405 490 μὴ
420 452 481 491 δόξῃ
504 452 607 493 λαθεῒι,
627 452 686 480 ἀλλ’
701 453 822 492 ἐπιγνοὺς
837 451 886 480 κᾶν

61 496 124 524 τότε
153 498 199 525 τὸν
228 498 376 536 Δεσπότην,
393 499 430 529 ὡς
448 498 533 526 πάντα
549 497 647 537 εἰδότα,
668 496 818 536 προσπέσῃ,
843 497 886 524 καὶ

63 544 201 581 μεταγνῷ,
229 543 320 570 τούτου
348 542 435 570 ἕνεκεν
462 543 506 570 καὶ
534 546 611 570 τοῦτο
626 541 746 581 ἐποίησε,
762 542 806 569 καὶ
821 541 888 569 ὀνει-

62 583 86 612 si
171 585 199 597 am
216 585 226 596 ν
299 581 318 598 ν’
346 586 357 596 κ
438 587 445 595 κ
512 587 518 595 ι
588 586 595 597 ν
618 587 624 595 1
735 586 741 596 ν
781 586 786 596 ι
866 585 871 596 ι

78 588 142 620 ιζειν
172 596 267 619 εοοςεν.
319 591 380 622 ῌοει
416 598 464 624 μεν
492 597 541 625 γαρ
569 598 658 625 αυτον,
675 586 715 615 ὅτι
730 585 886 625 αδιορθωτος

60 630 147 668 ἔστιν,
173 631 232 659 ἀλλ’
267 631 312 661 οὗν
346 632 375 660 τὸ
404 632 497 660 ἑαυτοῦ
523 630 617 659 ἐποίει·
645 631 734 670 ὥσπερ
755 632 799 658 οὖν
814 630 857 658 καὶ
872 631 886 658 6

62 675 157 714 Πιτὴρ
185 676 265 705 αὑτοῦ
294 676 321 703 ἐν
349 679 383 714 τῇ
418 675 522 711 Παλαιᾷ
549 682 632 704 ποιεῖ·
650 674 724 708 εἰδὼς
748 675 786 712 μὴ
802 674 884 702 ἁκού-

61 730 160 752 σοντας
195 721 255 753 τοὺς
285 717 431 760 Ἐϐραίους,
448 721 521 758 ὅμως
549 719 706 749 ἀποστέλλει
732 720 792 752 τοὺς
817 730 887 758 πρυ-

62 764 163 803 φήτας·
194 764 248 802 ἅμα
277 765 304 794 δὲ
333 766 376 794 καὶ
404 767 475 803 ἡμᾶς
504 769 581 793 τοῦτο
603 765 665 793 αὖτὸ
680 763 819 801 διδάσκων,
842 763 889 792 ’ίνα

61 810 103 845 μὴ
128 811 285 848 ὶκκακῶμεν
316 811 375 843 τοὺς
398 811 537 843 πταίοντας
566 808 752 847 διορθούμενοι.
776 808 888 843 Ζηλοῦσι

61 852 89 880 δὲ
119 855 143 881 οἱ
171 856 296 895 μαθηταὶ,
324 856 368 883 καὶ
390 855 526 894 μαχαίρας
540 854 724 894 ἀνασύρονται.
754 854 834 882 Πόθεν
862 853 890 881 δὲ

928 281 1024 312 neque
1038 271 1121 303 dixit.
1135 272 1202 302 477
1215 272 1238 304 0
1249 273 1411 304 inhumane
1426 277 1454 304 et
1469 273 1750 313 ingratissime,sed,

932 329 941 343 ι
955 316 1061 357 Juda,»
1074 317 1193 355 proprio
1211 326 1276 348 eum
1294 317 1415 348 nomine
1432 318 1636 359 compellans:
1654 327 1751 358 neque

927 360 1044 400 gravius
1058 361 1147 392 simul
1162 362 1320 402 arguisset,
1339 363 1394 393 nisi
1411 367 1439 394 et
1454 363 1511 394 hoc
1527 364 1554 394 ei
1569 363 1710 395 cessisset
1720 363 1751 394 in

928 405 1074 446 melius,si
1087 406 1206 446 quidem
1218 407 1492 439 voluisset.Etenim
1507 418 1545 440 ne
1561 412 1752 449 putaretesse

927 450 1088 486 occultum,
1107 451 1159 481 sed
1174 455 1276 482 notum
1302 451 1440 488 Domino,
1466 457 1495 484 et
1516 453 1561 484 vel
1587 457 1658 484 tunc
1682 455 1752 483 ante

928 494 1028 525 omnia
1054 495 1197 526 scientem
1214 497 1424 536 procumberet
1445 501 1473 528 et
1500 497 1667 537 paeniteret,
1693 497 1751 528 hoc

928 538 1041 576 fecit,et
1049 539 1127 570 visus
1133 544 1252 571 esteum
1264 541 1500 574 confundere.Et
1510 541 1749 583 sciebatquidem

928 582 1010 614 illum
1025 583 1417 622 inemendabilem,faciebat
1429 591 1527 618 tamen
1540 582 1658 618 interim
1669 585 1750 627 quod

928 636 1028 665 suum,
1044 628 1294 668 quemadmodum
1310 635 1340 660 et
1354 629 1441 661 Pater
1457 631 1523 671 ejus
1544 632 1574 662 in
1589 630 1689 662 Veteri
1705 631 1750 661 fa-

929 671 1046 710 ciebati;
1063 672 1162 704 sciens
1177 673 1256 704 enim
1268 673 1387 705 Judaeos
1400 685 1457 706 non
1473 675 1636 713 audituros,
1650 675 1750 706 mitte-

929 716 978 747 bat
989 717 1159 757 prophetas.
1174 717 1292 749 Interea
1307 723 1337 750 et
1359 728 1412 750 nos
1437 719 1516 750 idem
1543 720 1640 757 docet,
1658 724 1690 751 ut
1714 728 1752 750 ne

930 761 1091 792 correcturi
1102 761 1388 802 lapsos,deliciamus
1396 767 1422 794 et
1434 763 1586 796 laboribus
1598 764 1751 796 cedamus.

931 807 1022 838 Porro
1038 806 1176 847 discipuli
1191 807 1254 838 zelo
1272 808 1441 849 ﬂagrantes,
1459 810 1547 840 etiam
1563 809 1676 849 gladios
1688 808 1753 840 exi-

933 855 1025 882 munt.
1038 849 1122 882 Unde
1135 855 1233 882 autem
1250 851 1317 882 illos
1332 852 1481 884 habebant
1491 855 1505 883 ἲ
1518 854 1636 894 Agnum
1649 853 1756 884 immo-

61 899 161 930 ταύτας
191 899 271 938 εἶχον
294 910 302 935 ;
319 899 354 928 Τό
369 899 457 939 ἀρνίον
472 900 608 938 θύσαντες,
625 899 669 927 καὶ
690 898 743 926 ἀπὸ
757 898 888 938 τραπέζης

996 899 1037 934 ut,
1057 899 1085 925 et
1099 904 1116 925 a
1133 904 1236 926 mensa
1250 896 1392 928 exierant.
1415 897 1453 928 At
1476 898 1611 938 arguitur
1634 898 1752 937 Petrus,

61 942 260 984 ἱξεληλυθότες,
292 944 400 976 εἰκότως
430 944 511 984 εἶχον
547 944 653 976 ταύτας.
670 943 842 981 Ἐπιτιμᾶται
859 942 886 971 δὲ

62 988 77 1015 6
105 988 201 1025 Θερμὸς
217 988 326 1027 Πέτρος,
356 989 392 1020 ὡς
423 988 493 1027 παρὰ
522 989 567 1016 τὸν
595 988 694 1016 σκοπὸν
722 991 767 1016 τοῦ
791 987 887 1027 Κυρίου

60 1031 139 1068 ζήλῳ
166 1033 349 1072 χρησάμενος.
381 1033 411 1061 Οἱ
426 1032 475 1071 μὲν
490 1033 540 1072 γὰρ
562 1031 636 1061 ἄλλοι
664 1032 806 1072 ἐρωτῶσιν·
828 1043 839 1060 α
859 1033 886 1061 El

62 1076 242 1114 πατάξομενς
276 1078 351 1109 αὐτὸς
387 1076 414 1105 δὲ
450 1078 480 1106 οὗ
502 1076 636 1117 περιμένει
664 1078 827 1117 προτροπήνθ
845 1076 887 1105 033-

62 1133 103 1149 τω
130 1126 269 1162 πανταχοῦ
295 1122 360 1158 ζέων
384 1124 417 1156 ἦν
440 1122 504 1161 ὑπερ
519 1125 566 1150 τοῦ
592 1120 766 1153 Διδασκάλου,
781 1121 889 1150 Πατίσ-

65 1177 108 1194 σει
136 1165 164 1194 δὲ
199 1167 244 1195 τὸν
273 1166 365 1195 δοῦλον
380 1171 425 1195 τοῦ
440 1166 599 1206 ἀρχιερέως,
621 1167 665 1194 καὶ
685 1166 792 1206 ἀφαιρεῖ
812 1167 890 1195 αὖτοῦ

62 1212 95 1240 τὸ
131 1211 175 1244 οὖς
209 1212 239 1240 τὸ
267 1211 360 1244 δεξιόν.
378 1212 413 1240 Οὕ
428 1212 545 1251 τυχαίως
560 1215 651 1250 τοῦτο,
664 1211 733 1239 ἀλλὰ
757 1211 889 1249 σύμϐολον

64 1256 95 1285 ὅν
131 1261 177 1286 τοῦ
192 1257 252 1288 τοὺς
268 1257 328 1285 τότε
343 1256 479 1296 ἀρχιερεῖς
494 1257 612 1289 ἅπαντας
635 1255 741 1288 δούλους
755 1257 887 1296 γενέσθαι,

66 1302 111 1329 καὶ
141 1301 270 1330 ἀπολέσαι
297 1302 345 1335 τήν
372 1300 456 1334 δεξιὰν
485 1301 580 1338 ἀκοὴν,
598 1302 626 1330 Εἰ
641 1301 691 1340 γὰρ
712 1300 808 1334 ἤκουον
823 1305 889 1329 Μω-

64 1345 146 1382 σέως,
175 1346 223 1374 06x
258 1346 288 1374 ἄν
315 1347 360 1374 τὸν
397 1346 490 1385 Κύριον
524 1349 574 1379 τῆς
604 1345 682 1379 δόξης
711 1346 889 1378 ἐσταύρωσαν,

63 1390 170 1424 Ἰησοῦς
207 1390 234 1418 δὲ
261 1392 292 1419 τὸ
320 1391 397 1419 ὠτίον
421 1391 626 1424 ἀποκαθίστησι·
664 1390 758 1430 πρέπει
794 1392 891 1431 γάρτῇ

64 1434 172 1474 μεγάλῃ
201 1439 246 1463 τοῦ
282 1435 368 1474 Λόγου
399 1435 507 1473 δυνάμει
542 1437 573 1464 τὸ
599 1436 660 1467 τοὺς
690 1437 890 1475 παρακούοντας

63 1481 163 1520 ἰᾶσθαι,
196 1485 239 1508 καί
265 1480 428 1520 προστιθέναι
458 1481 548 1512 α’ὖτοῖς
565 1480 642 1508 ὠτίον
658 1481 694 1512 είς
723 1481 753 1508 τὸ
773 1481 888 1510 ἀκούειν.

64 1529 268 1564 Θαυματουργεῐ
301 1532 385 1554 τοίνυν
415 1526 428 1553 6
460 1524 575 1561 Ἰησοῦς,
605 1524 646 1553 διὰ
673 1526 720 1554 τοῦ
732 1525 890 1564 φαινομένου

64 1569 159 1599 τούτου
187 1569 229 1597 ἐπὶ
265 1572 300 1606 τῷ
314 1569 382 1607 ὼτίιτ.
399 1570 531 1607 θαύματος
550 1570 599 1603 την
620 1569 784 1602 ἀνεξικακίαν
812 1572 890 1599 αὑτοῦ

64 1613 202 1654 δεικνύων,
232 1614 275 1642 καὶ
305 1613 346 1642 διὰ
382 1617 444 1653 γοῦν
464 1614 510 1642 τοῦ
523 1615 656 1652 θαύματος
670 1614 771 1653 ἐνάγων
796 1615 889 1646 αὖτοὺς

64 1659 101 1689 εἰς
130 1659 161 1686 τὸ
197 1658 343 1698 ἀπέχεσθαι
372 1661 420 1692 τῆς
451 1659 558 1696 μανίας,
588 1658 666 1698 Λέγει
681 1658 707 1686 δὲ
735 1660 801 1698 πρὸς
830 1660 890 1691 τοὺς

65 1703 203 1742 ἀρχιερεῖς
230 1704 273 1731 καὶ
309 1704 473 1742 στρατηγοὺς
508 1709 555 1733 τοῦ
578 1705 658 1744 ἱεροῦ,
681 1704 812 1741 τουτέστι,
828 1705 890 1737 τοὺς

64 1747 209 1784 τιξεώτας,
241 1749 302 1780 τοὺς
332 1749 376 1777 ἒπὶ
405 1753 444 1786 τῷ
475 1748 611 1777 ἒκτςίσσειν
635 1748 811 1788 τεταγμένους
842 1760 889 1781 τας

64 1793 198 1831 ἱερατικὰς
226 1794 395 1829 ἀπαιτήσεις,
466 1794 584 1826 καὶτοὺς
612 1793 835 1831 πεπιστευμένους
858 1793 889 1821 τὰ

64 1839 115 1870 τῆς
143 1837 319 1875 ἐποικοδομῆς
343 1842 388 1866 τοῦ
410 1839 478 1877 ἱεροῦ
491 1839 534 1866 καὶ
548 1839 690 1871 ἐπισκευῆς
713 1838 777 1877 ἔργα
791 1849 889 1877 στρατ-

64 1882 148 1920 ηγοὺς
178 1883 312 1920 ὀνομάζει.
343 1884 428 1916 Φησὶν
454 1885 497 1911 οὖν
521 1884 584 1922 πρὸς
615 1883 734 1914 τούτους·
765 1882 889 1920 Καθημέ-

63 1937 112 1966 ραν
141 1926 168 1954 έν
197 1928 235 1964 τῷ
263 1928 324 1966 ἱερῷ
358 1927 502 1964 ἐδίδασκον,
530 1928 574 1956 καὶ
602 1928 648 1956 ο-ἶικ
679 1926 826 1962 ἦθελήσατέ
854 1938 888 1964 με

65 1970 221 2011 συλλαϐεῖν,
237 1972 280 2000 χαὶ
294 1973 336 2000 νῦν
372 1972 522 2011 λῃστρικῶς
551 1971 690 2007 ἐπήλθετε.
715 1971 789 2000 Ἀλλ’
805 1971 887 2003 ὄντως

65 2017 158 2049 νυκτὸς
173 2016 259 2055 ἔργοις
276 2016 454 2057 ἐπιχειρεῖτε,
471 2018 514 2045 καὶ
529 2017 630 2050 ἐξουσία
644 2018 718 2054 ὑμῶν
733 2020 778 2045 τοῦ
789 2017 899 2048 σκότους
916 2017 971 2044 ἔστι
989 2023 996 2030 ·

63 2062 139 2100 ὑμῖν,
155 2062 199 2089 καὶ
219 2065 257 2098 τῷ
270 2061 338 2101 ἔργῳ
351 2062 373 2098 ᾦ
384 2061 571 2091 ἐπεϐάλλεσθε.

108 2117 120 2133 σι
154 2105 332 2138 Συλλαὸόντες
354 2106 473 2134 SBa-316v
495 2106 607 2145 ἤγαγον,
622 2107 665 2135 καὶ
686 2107 829 2146 εἰσήγαγον
853 2107 889 2138 είς

64 2152 113 2186 τὴν
142 2152 224 2180 οἰκίαν
248 2156 305 2193 ,τοὺ
340 2152 497 2193 ἀρχιερέως.
517 2149 545 2181 ’0
568 2152 594 2181 δὲ
624 2153 720 2189 Πέτρος
750 2152 889 2186 ἠκολούθει

929 940 979 980 qui
995 944 1102 980 praeter
1118 949 1242 980 scopum
1269 941 1388 972 Domini
1415 942 1480 973 zelo
1498 952 1568 973 usus
1593 947 1681 974 esset.
1698 941 1756 973 Alii

929 984 1038 1015 etenim
1046 985 1237 1023 interrogant,
1245 996 1254 1012 ι
1261 983 1335 1015 Num
1344 987 1755 1028 percutiemus?:lpseautem

929 1038 988 1060 non
1003 1032 1154 1069 exspectat
1167 1034 1362 1070 praeceptum.
1375 1029 1417 1061 Ita
1432 1040 1493 1061 smn
1499 1041 1551 1071 per
1565 1031 1694 1062 fervebat
1701 1040 1755 1071 pro

929 1073 1077 1113 Magistro.
1111 1074 1241 1105 I’ercutit
1269 1078 1368 1105 autem
1392 1084 1508 1106 servum
1540 1076 1699 1116 pontificis,
1725 1079 1754 1106 et

930 1123 1061 1158 amputat
1077 1127 1178 1150 aurem
1196 1118 1262 1158 ejus
1277 1118 1422 1150 dextram.
1439 1120 1541 1161 Neque
1560 1121 1614 1152 hoc
1635 1121 1756 1152 fortuito

931 1163 1064 1202 contigit,
1075 1163 1127 1194 sed
1142 1163 1259 1203 signum
1275 1163 1330 1194 hoc
1347 1169 1421 1202 erat,
1448 1165 1608 1196 Pontiﬁces
1622 1166 1671 1206 qui
1687 1169 1757 1196 tunc

931 1212 1134 1243 erant,omnes
1145 1211 1247 1238 uturos
1258 1213 1405 1248 servos,et
1416 1209 1584 1249 perdituros
1594 1209 1757 1241 auriculam

931 1252 1078 1283 dextram.
1094 1252 1213 1283 Etenim
1230 1252 1255 1283 si
1271 1253 1370 1283 Mosen
1387 1253 1581 1294 audivissent,
1599 1253 1756 1285 Dominum

931 1297 1033 1337 gloriae
1046 1305 1196 1336 nunquam
1214 1297 1441 1328 crucifixissent.
1456 1298 1565 1329 Verum
1576 1297 1662 1330 Jesus
1673 1298 1756 1329 auri-

933 1342 1028 1372 culam
1045 1340 1186 1372 restituit.
1199 1342 1291 1372 Decet
1306 1342 1384 1372 enim
1401 1343 1538 1374 virtutem
1550 1342 1640 1374 Verbi
1654 1352 1758 1374 sanare

933 1385 1184 1422 inobedientes,et
1196 1395 1347 1426 apponere
1359 1386 1401 1417 eis
1409 1387 1572 1418 auriculam
1583 1392 1613 1419 ut
1623 1388 1756 1420 audiant.

931 1431 1018 1463 Iesus
1034 1430 1133 1470 itaque
1150 1430 1339 1461 manifestum
1353 1430 1527 1462 miraculum
1542 1432 1622 1470 facit,
1639 1437 1667 1463 et
1681 1433 1758 1463 auri-

932 1476 1029 1507 culam
1036 1475 1302 1511 sanans,miraculo
1311 1475 1481 1515 patientiam
1489 1485 1572 1507 suam
1584 1477 1756 1516 ostendens,

932 1525 961 1552 et
975 1529 1027 1561 per
1043 1519 1221 1550 miraculum
1237 1519 1384 1550 inducens
1397 1530 1448 1551 eos
1461 1525 1492 1552 ut
1507 1521 1542 1552 ab
1557 1522 1671 1553 insania
1681 1522 1758 1553 absi-

931 1570 1020 1598 stant.
1038 1564 1115 1597 Dicit
1129 1567 1228 1596 autem
1244 1565 1280 1595 ad
1295 1564 1446 1605 principes
1461 1567 1660 1602 sacerdotum,
1679 1570 1706 1597 et
1720 1567 1757 1598 ad

933 1611 1126 1650 magistratus
1135 1609 1247 1650 templi.
1257 1611 1405 1649 Στρατηγοὶ
1418 1615 1446 1641 et
1456 1611 1558 1642 aediles
1569 1611 1756 1649 dicebantur,

932 1655 981 1696 qui
997 1655 1158 1686 constituti-
1174 1654 1282 1685 rantad
1297 1655 1480 1694 exquirenda
1488 1665 1521 1686 ea
1531 1665 1595 1697 quae
1606 1656 1756 1696 adtempli

932 1710 1016 1732 usum
1032 1699 1238 1739 exigebantur,
1255 1699 1299 1730 vel
1316 1699 1367 1740 qui
1389 1701 1517 1740 praefecti
1534 1706 1618 1732 erant
1632 1702 1757 1734 aedificio

932 1750 961 1776 et
974 1744 1187 1776 constructioni
1204 1743 1318 1783 templi.
1332 1745 1375 1775 Ad
1390 1746 1444 1775 hos
1457 1745 1547 1785 igitur
1562 1745 1635 1778 dicit
1650 1756 1656 1777 :
1676 1746 1757 1782 Quo-

931 1789 1003 1821 tidie
1020 1788 1163 1820 docebam
1179 1788 1209 1818 in
1227 1788 1348 1828 templo,
1365 1793 1394 1820 et
1411 1789 1545 1820 uoluistis
1560 1800 1608 1821 me
1622 1799 1758 1830 compre-

932 1834 1077 1874 hendere,
1094 1837 1122 1864 et
1147 1842 1225 1863 nunc
1249 1832 1334 1873 quasi
1358 1833 1490 1865 latrones
1513 1834 1676 1866 invaditis:
1703 1835 1756 1866 sed

932 1888 1035 1910 revera
1049 1878 1144 1909 noctis
1167 1877 1316 1908 attentatis
1342 1887 1442 1919 opera,
1461 1883 1489 1910 et
1514 1882 1642 1918 potestas
1661 1883 1757 1910 vestra

933 1923 1124 1955 tenebrarum
1137 1926 1194 1954 est:
1207 1926 1295 1963 atque
1302 1923 1415 1954 idcirco
1427 1924 1501 1954 hanc
1509 1924 1611 1955 horam
1620 1924 1758 1956 observa-

931 1969 978 2010 tis,
990 1978 1057 2010 quae
1067 1967 1207 1999 convenit
1217 1968 1299 1999 vobis
1312 1972 1341 1998 et
1352 1969 1448 2008 operi,
1466 1978 1524 2009 quo
1542 1978 1588 2000 me
1607 1969 1755 2001 invaditis.

1022 2015 1065 2042 καὶ
1085 2013 1128 2041 διὰ
1142 2017 1219 2042 10310
1234 2014 1358 2047 τοιαύτην
1373 2013 1448 2052 ὥραν
1464 2013 1645 2053 ἐπετηρήσατε
1661 2014 1757 2043 οἰκείαν

971 2103 1107 2136 Vens.54
1118 2102 1168 2134 62.
1177 2115 1190 2131 ι
1202 2101 1458 2143 Comprehensum
1474 2107 1572 2134 autem
1585 2112 1652 2134 eum
1665 2103 1759 2134 duxe-

930 2153 1042 2186 runt,et
1053 2147 1235 2179 induxerunt
1248 2147 1278 2178 in
1287 2147 1409 2178 domum
1422 2147 1563 2188 principis
1571 2147 1757 2179 sacerdotum

65 2196 208 2235 μακρόθεν.
246 2191 393 2234 mea:me
406 2197 432 2225 δὲ
451 2198 500 2237 πῦρ
516 2198 543 2226 ἐν
560 2197 633 2235 μέσῳ
655 2200 704 2231 τῆς
721 2197 814 2234 αὖλῆς,
845 2198 888 2225 καὶ

996 2203 1036 2224 'us
1049 2201 1118 2224 vero
1129 2192 1310 2232 sequebatur
1321 2192 1448 2223 eminus.
1463 2191 1641 2224 Cumautem
1651 2202 1758 2224 accen-

63 2241 279 2280 συγκαθισάντων
307 2243 404 2280 air-iw,
436 2242 549 2275 ἐκάθητο
586 2243 599 2270 6
636 2242 733 2282 Πέτρος
766 2242 793 2269 ἐν
815 2241 889 2279 μέσῴ

65 2287 164 2316 αὐτῶν.
194 2284 294 2314 ’ἰδοῦσα
324 2285 350 2314 δὲ
390 2287 466 2314 αὖτον
508 2286 634 2320 παιδίσκη
671 2298 710 2318 τις
739 2287 889 2323 καθήμενον

63 2331 130 2370 πρὸς
166 2331 196 2358 τὸ
221 2330 289 2369 φῶς,
317 2331 359 2358 καὶ
384 2331 523 2359 ἀτενίσασα
554 2333 635 2368 αὑτῷ,
659 2332 733 2362 εἶπε.
773 2332 820 2360 Καὶ
843 2330 889 2359 οὗ·

63 2386 109 2407 τος
146 2375 192 2402 σὺν
227 2377 298 2412 αὐτῷ
325 2375 369 2409 ἦν.
403 2371 431 2403 ὐ
468 2375 494 2403 δὲ
521 2375 657 2411 ἠρνήσατο
685 2377 762 2404 αὐτὸν
792 2375 889 2414 λέγων’

65 2421 154 2460 Γύναι,
192 2421 239 2448 οὐκ
268 2419 329 2448 οἶδα
357 2420 446 2451 αὐτον,
466 2421 595 2457 Καὶμετὴ
610 2421 697 2460 βραχὺ
716 2420 804 2459 ἕτερος
830 2419 890 2448 ἰδὼν

65 2465 142 2493 αὺτὸν
170 2464 232 2504 ἔφη·
266 2466 313 2494 Καὶ
348 2466 378 2492 σὺ
391 2464 416 2498 ἐξ
432 2466 516 2492 «tum
534 2465 573 2496 εἴ,
599 2461 627 2494 εΟ
644 2465 671 2493 δὲ
689 2465 784 2503 Πέτρος
800 2467 887 2493 εἶπεν·

65 2509 226 2549 ⁷’Λνθρωπε,
244 2510 291 2538 οὖκ
305 2510 369 2547 εἰμί.
387 2509 438 2540 Καὶ
454 2509 598 2543 διαστάσης
621 2511 683 2538 ὡσεὶ
711 2510 779 2549 ὥρας
814 2513 887 2546 μιᾶς,

65 2553 144 2586 α’λλνς
171 2565 211 2585 τις
248 2553 422 2594 διισχυρίζετο
438 2554 533 2592 λέγων.
553 2554 612 2583 Ἐπ’
634 2554 772 2590 ἀληθείας,
789 2555 832 2582 καὶ
847 2555 890 2582 οὗ·

65 2610 107 2632 τος
138 2597 196 2636 μετ’
234 2598 313 2627 1310-3
326 2599 369 2632 ἧν·
394 2600 436 2627 καὶ
467 2600 517 2638 γὰρ
546 2599 688 2632 Γαλιλαῖός
704 2599 786 2630 ἐστιν.
818 2599 888 2628 Εἶπε

64 2643 90 2672 δὲ
113 2646 126 2672 6
150 2643 260 2681 Πέτρος·
293 2643 450 2684 ’¹Ανθρωπε,
489 2645 535 2673 οὐκ
551 2643 611 2672 οἶδα
627 2643 640 2672 6
656 2643 757 2683 λέγεις,
775 2644 822 2673 Καὶ
837 2655 888 2672 πα-

64 2691 193 2729 ραλρῆμιι
210 2687 248 2716 ἔτι
282 2687 425 2720 λαλοῦντος
455 2689 544 2729 αὖτοῦ,
561 2688 697 2729 ἐφώνησεν
713 2690 726 2717 ὁ
755 2688 885 2728 ἀλέκτωρ,

66 2735 113 2763 Καὶ
142 2733 264 2773 στραφεὶς
294 2734 307 2762 6
344 2734 437 2773 Κύριος
452 2733 578 2771 ἐνέϐλεψε
594 2736 631 2771 τῷ
654 2733 756 2774 Πέτρῳ,
777 2734 821 2762 καὶ
833 2734 886 2762 ὺπ-

63 2779 181 2815 εμνήσθη
207 2779 221 2806 6
254 2777 352 2817 Πέτρος
386 2782 432 2807 τοῦ
453 2779 533 2818 λόγου
548 2781 594 2806 τοῦ
611 2779 714 2818 Κυρίου,
746 2779 782 2810 ὼς
811 2779 888 2806 εἶπεν

64 2825 145 2863 αὐτῷ,
175 2823 216 2851 ὃτι
246 2824 308 2863 Πρὶν
341 2823 470 2864 ἀλέκτορα
499 2823 631 2864 φωνῆσαι,
656 2824 759 2863 ἀρνήσῃ
775 2833 808 2862 με
818 2824 886 2863 τρίς,

932 2238 1046 2270 dissent
1062 2238 1160 2277 ignem
1173 2238 1201 2267 in
1218 2236 1317 2268 medio
1332 2237 1417 2274 aulae,
1434 2241 1522 2277 atque
1536 2237 1757 2268 unaconsedis-

931 2287 1008 2320 sent,
1021 2282 1098 2313 sedit
1111 2286 1139 2312 et
1152 2284 1256 2313 Petrus
1268 2281 1344 2312 inter
1356 2281 1435 2313 illos.
1449 2281 1542 2318 Quem
1554 2291 1622 2313 cum
1639 2281 1760 2312 vidisset

932 2327 1037 2359 ancilla
1049 2327 1182 2368 quantum
1195 2327 1350 2357 sedentem
1360 2326 1395 2356 ad
1405 2326 1624 2364 lumen,defixis
1635 2326 1757 2358 inillum

932 2373 1039 2409 oculis,
1052 2373 1124 2402 dixit
1139 2381 1146 2403 :
1164 2371 1198 2402 Et
1208 2371 1257 2402 hic
1267 2380 1333 2402 cum
1346 2370 1397 2401 illo
1409 2374 1483 2402 erat.
1494 2372 1530 2402 At
1543 2371 1593 2402 ille
1604 2371 1758 2411 abnegavit

932 2416 1140 2457 eum,dicens:
1160 2416 1342 2456 Mulier,non
1355 2415 1422 2447 novi
1438 2415 1572 2447 illum.Et
1584 2421 1649 2456 post
1662 2416 1757 2456 pusil-

931 2462 991 2493 lum
1004 2461 1080 2492 alius
1094 2460 1198 2491 videns
1210 2470 1277 2492 eum
1290 2460 1374 2501 dixit,
1390 2460 1425 2492 Et
1438 2465 1466 2491 tu
1480 2461 1517 2492 de
1528 2461 1585 2491 illis
1594 2470 1637 2492 es.
1654 2460 1756 2503 Petrus

931 2516 999 2537 vero
1015 2505 1076 2537 ait;
1094 2505 1201 2540 Homo,
1220 2515 1278 2536 non
1295 2515 1372 2537 sum.
1386 2505 1421 2536 Et
1436 2505 1589 2536 intervallo
1601 2505 1756 2545 interjecto

930 2552 992 2582 fere
1008 2552 1087 2581 horae
1104 2550 1205 2591 unius,
1222 2550 1298 2581 alius
1308 2551 1427 2590 quidam
1441 2550 1617 2591 affirmabat,
1631 2550 1754 2581 dicens:

930 2596 1007 2628 Vere
1019 2601 1049 2626 et
1068 2595 1116 2626 hic
1128 2605 1195 2626 cum
1213 2595 1263 2626 illo
1279 2600 1353 2633 erat,
1369 2605 1436 2626 nam
1454 2600 1482 2626 et
1497 2595 1633 2627 Galilmus
1649 2598 1704 2627 est.
1720 2594 1756 2626 Et

929 2641 969 2672 ait
982 2642 1104 2672 Petrus;
1122 2639 1229 2676 Homo,
1248 2640 1347 2670 ne5cio
1362 2639 1431 2680 quid
1453 2640 1547 2672 dicas.
1563 2640 1598 2671 Et
1612 2640 1754 2671 continuo

928 2686 1025 2717 adhuc
1039 2684 1089 2715 illo
1107 2685 1245 2724 loquente
1269 2684 1378 2716 cecinit
1403 2684 1509 2724 gallus.
1536 2687 1574 2717 Et.
1595 2693 1755 2716 conversus

929 2731 1075 2762 Dominus
1090 2729 1214 2760 intuitus
1230 2733 1274 2760 est
1290 2730 1422 2766 Petrum,
1439 2729 1509 2760 478
1530 2735 1559 2761 et
1581 2730 1754 2762 recordatus

929 2780 975 2808 est
992 2777 1093 2806 Petrus
1109 2773 1202 2805 Verbi
1225 2773 1357 2810 Domini.
1382 2774 1531 2815 quomodo
1555 2774 1670 2808 dixerat
1684 2774 1752 2815 ipsi.

929 2821 1104 2862 Priusquam
1118 2818 1211 2858 gallus
1236 2818 1389 2861 cecinerit,
1414 2823 1461 2851 ter
1484 2829 1532 2852 me
1556 2820 1692 2861 negabis.
1719 2819 1754 2851 Et
