1959 3069
83 171 162 204 1105

413 173 635 205 ENARRATIO
656 173 697 204 IN
721 169 976 204 EVANGELIUM
999 171 1120 202 LUC/E.
1143 188 1183 193 —
1205 172 1287 202 CAP.
1310 169 1422 203 XXIII.

1692 171 1778 222 liOG

79 238 129 265 τὸν
144 236 173 266 δὲ
195 237 354 278 παράδεισον
369 239 414 266 καὶ
442 237 576 278 ὀφθαλμὸς
600 237 656 266 εἶδε
680 241 726 266 τοῦ
748 236 844 275 Ἀδὰμ,

1002 247 1004 254 ·
1019 237 1148 268 hominis
1170 236 1308 268 ascendit
1332 247 1339 267 :
1357 236 1512 268 laetabatur
1529 237 1610 268 enim
1625 237 1656 268 in
1670 239 1775 278 spiritu

81 283 129 314 οὓς
157 281 270 316 ἤκουσεν
296 286 374 311 αὖτοῦ
399 293 411 311 α
436 282 488 310 ἀπὸ
525 283 624 313 παντὸς
653 283 714 321 γὰρ,
741 282 816 322 φησὶ,
838 280 913 314 ξύλου

82 330 131 355 τοῦ
162 326 189 354 ἐν
219 331 256 364 τῷ
278 327 428 366 παραδείσῳ
448 327 544 366 βρώσει
571 333 664 366 φαγεῐ.
682 338 696 354 ι
716 326 768 355 Κᾶν
797 326 848 366 γὰρ
868 325 912 353 καὶ

81 371 112 400 ἓν
139 371 216 404 ξύλον
231 372 359 411 ἀπείρητο
382 373 465 411 αύτῷ,
488 371 548 400 ἀλλ’
571 373 616 399 οὖν
638 372 681 399 καὶ
702 375 780 400 τοῦτο
810 370 912 407 ἐθεᾶτο,

83 417 132 444 καὶ
163 417 222 456 περῖ
251 419 329 446 αὺτοῦ
356 417 465 451 ἤκουσε,
499 417 542 444 καὶ
572 416 613 444 ἐπὶ
642 415 747 456 καρδίαν
777 415 912 454 ἀνθρώπου

83 461 170 494 ἀνέϐη
189 469 196 476 ⁵
225 462 380 501 ἁῦφραί-.ετο
414 462 457 501 ,ἂρ
484 460 598 499 λογικῶς
627 461 640 488 ὂ
667 460 752 498 Ἀδίμ
770 468 776 475 ·
805 460 834 487 οὗ
862 460 911 499 γαρ

83 505 174 540 δήπου
201 506 326 540 τοιαύτην
368 506 492 544 ἐργατίαν
531 506 576 534 καὶ
604 505 766 545 εὒνρροσύνην
795 516 911 544 γεωργι-

84 551 138 584 κὴν
168 550 264 588 μετίει.
286 550 371 579 ’Ὥστε
386 549 471 587 οὐδὲν,
499 550 576 591 φησὶ,
591 549 706 578 ἐναντίον
721 551 734 578 ὖ
751 549 852 581 Παῦλος
866 549 913 577 λέ-

84 606 142 633 γει,
168 591 197 623 Ὀ
220 596 269 635 γὰρ
306 595 408 634 λῃστὴς
437 599 482 623 τοῦ
511 595 560 632 μὲν
588 593 743 634 παραδείσου
772 595 918 634 τετύχηκε,

84 642 137 673 τῆς
169 639 196 667 ὂὶ
223 639 358 677 βασιλείας
394 642 441 669 ούκ
467 639 568 679 ἔτυχε·
609 638 710 671 τεύξετε
741 637 780 675 δὲ,
808 638 852 666 ὅτε
874 637 918 667 καὶ

85 684 187 716 πάντες
207 689 252 716 οὖς
284 684 492 724 ἆπηριθμήσατο
525 685 539 712 ὁ
562 682 677 715 Παῦλος.
702 683 773 715 Τέως
795 681 822 710 δὲ
852 684 918 722 πρὸς

86 729 120 756 τὸ
148 729 232 768 παρὸν
258 729 302 757 τὸν
332 727 490 768 παράδεισον
506 728 578 768 ἔχει,
601 727 628 759 ὃς
652 728 707 755 ἔστι
723 727 823 767 χωρίον
838 739 918 755 πνευη

88 776 212 810 ματικῆς
243 773 428 805 ἀναπαύσεως.
456 776 543 801 Ταῦτα
564 772 613 810 μὲν
642 772 687 800 οὖν
702 771 796 800 πολλοὶ
812 771 918 800 πολλά-

86 829 130 849 κις
163 817 263 857 ἔφασαν
280 825 286 833 ·
319 816 374 846 ἔστι
399 817 427 845 δὲ
456 818 554 851 εἶπετν,
577 816 617 845 ὅτι
640 817 662 844 εί
682 817 725 845 καὶ
752 817 845 845 ταυτὸν
863 817 918 845 ἐστι

85 856 212 900 βασιλεία
241 863 356 901 οὒρανῶν
384 862 428 890 καὶ
456 861 625 901 παράδεισος,
657 859 730 889 οὒδέν
756 860 852 889 κωλύει
874 856 918 889 καὶ

87 907 136 934 τὸν
166 907 258 946 Κύριον
289 906 436 944 ἀληθεύειν,
465 907 509 934 καὶ
536 907 581 934 τὸν
610 904 725 936 Παῦλον.
746 901 774 934 Ὀ
796 906 846 944 γὰρ
869 905 917 943 λῃ-

88 952 158 985 στὴς
187 951 243 979 ἔστι
275 951 322 989 μὲν
345 951 372 979 ἐν
389 950 553 990 παραδείσῳ,
582 950 641 983 ἤτοι
666 952 700 988 τῇ
715 949 850 988 βασιλείᾳ,
874 956 918 983 καὶ

89 997 120 1024 οὔ
152 996 232 1024 -ιόνον
265 997 354 1033 αὐτὸς,
385 995 453 1023 ἀλλὰ
479 997 523 1024 καὶ
544 996 640 1027 πάντες
671 995 714 1026 οὒς
737 995 888 1034 ἀριθμεῖται
904 995 918 1023 ὃ

91 1040 196 1072 Παῦλος
210 1049 217 1055 ·
243 1040 271 1068 οὗ
287 1040 379 1078 μέντοι
396 1040 534 1075 ἀπήλαοσε
562 1042 611 1073 τῆς
627 1038 729 1071 τελείας
746 1042 798 1067 τῶν
814 1039 918 1078 ἀγαθῶν

87 1084 268 1125 κληρουχίας,
302 1079 413 1124 ’Ὠσπερ
441 1085 490 1124 γὰρ
516 1086 539 1113 οἱ
565 1084 718 1123 κατάκριτοι
734 1084 844 1112 ἐπὶτῶν
865 1084 916 1122 βα-

88 1129 197 1158 σιλείων
219 1129 266 1157 οὒκ
298 1130 370 1165 εἰσὶν,
396 1128 457 1157 ἀλλ’
479 1129 506 1157 ἐν
536 1135 663 1169 φρουραῖς
680 1128 918 1166 ἀποκεκλεισμένοι

91 1178 235 1206 τησοῦνται
260 1180 321 1205 ταῖς
349 1174 543 1213 ὰφωρισμέναις
566 1180 673 1204 ποιναῖς
691 1180 698 1188 '
725 1173 749 1201 οἱ
773 1171 800 1200 δὲ
815 1173 916 1202 ἔντιμοι

164 1229 191 1247 τε
220 1219 252 1246 τὰ
271 1217 391 1256 βασίλεια
413 1218 589 1258 εἰσέρχονται,
614 1218 656 1245 καὶ
677 1217 744 1249 τέως
760 1217 802 1246 ἐπὶ
816 1218 916 1246 τούτων

89 1262 253 1302 διάγουσιν·
278 1263 340 1290 εἶτα
361 1262 404 1290 ὅτε
435 1264 448 1290 ὁ
476 1263 567 1302 καιρὸς
593 1262 688 1300 ἐπιστῇ
708 1265 757 1296 τῆς
786 1261 915 1299 διανομῆς

93 1310 148 1335 τῶν
177 1307 323 1345 βασιλικῶν
361 1306 477 1346 δωρεῶν,
513 1307 645 1340 ἀξιοῦνται
673 1307 794 1335 τούτων’
833 1307 916 1338 οὕτως

91 1229 134 1249 εις

93 1353 139 1380 καὶ
169 1353 191 1380 οἱ
217 1352 300 1391 ἅγιοι,
327 1352 348 1379 εἰ
373 1353 416 1380 καὶ
444 1352 527 1388 μήπω
549 1355 594 1380 τοῦ
610 1350 711 1379 τελείου
726 1350 916 1391 ἀπολαύουσιν,

93 1396 164 1424 ἀλλά
178 1407 208 1435 γε
230 1397 296 1429 τέως
319 1395 346 1424 ὲν
367 1397 470 1428 τούτοις
495 1402 554 1429 τοῖς
570 1402 722 1437 φωτεινοϊς,
738 1396 782 1423 καὶ
797 1395 917 1432 εὐώδεσι,

95 1442 140 1469 καὶ
168 1440 332 1480 βασιλικοῖς,
363 1441 454 1470 ἁπλῶς
470 1441 567 1478 εἰπεῖν,
585 1441 743 1477 σκηνώμασι
772 1440 917 1479 διάγουσιν,

94 1487 116 1513 εἰ
146 1486 191 1514 καί
219 1487 303 1523 μήπω
328 1488 377 1519 τῆς
410 1485 538 1523 διανομῆς
576 1487 634 1513 τῶν
664 1484 808 1523 βασιλικῶν
829 1484 918 1525 δώρων

953 281 1059 322 Adam,
1071 282 1182 323 alioqui
1197 285 1308 314 tantam
1321 282 1526 322 operationem
1542 291 1610 313 cum
1632 282 1732 314 laetitia
1748 284 1779 314 in

954 326 1130 364 agricultura
1144 336 1204 357 non
1219 327 1362 358 obivisset
1384 327 1482 367 Atque
1498 326 1565 358 ideo
1574 336 1633 358 non
1650 332 1694 358 est
1709 337 1779 359 con-

954 370 1077 401 trarium
1095 371 1172 411 quod
1186 372 1292 402 Paulus
1304 371 1385 408 dicit.
1403 371 1490 402 Latro
1501 370 1599 412 itaque
1611 372 1779 412 paradisum

954 414 1074 446 sortitus
1085 419 1142 455 est,
1160 425 1219 446 non
1229 419 1326 446 autem
1342 419 1495 447 assecutus
1512 420 1556 447 est
1569 425 1713 456 regnum:
1729 426 1779 448 as-

953 464 1095 500 sequetur
1109 460 1342 501 autem,quando
1357 466 1386 492 et
1402 461 1492 492 etiam
1503 470 1607 492 omnes
1621 471 1694 502 quos
1705 462 1781 493 Pau-

952 504 999 535 lus
1014 506 1214 536 enumeravit:
1233 515 1312 536 nunc
1326 509 1424 536 autem
1456 507 1512 536 hoc
1545 510 1678 546 tempore
1690 517 1781 546 para-

953 549 1051 580 disum
1067 549 1166 587 habet,
1179 550 1230 590 qui
1246 554 1290 581 est
1307 559 1374 590 pars
1385 551 1547 590 spiritualis
1559 551 1679 591 quietis.
1696 552 1778 584 Haec.

960 594 1079 635 quidem
1092 595 1176 625 multi
1186 604 1391 635 saepenumero
1402 595 1552 626 dixerunt.
1564 595 1781 628 Dicendumau-

960 643 1018 670 tem
1035 643 1079 670 est
1093 639 1171 670 idem
1184 648 1250 670 esse
1265 648 1389 680 regnum
1407 640 1548 671 caelorum
1563 641 1780 680 etparadisum.

959 683 1037 715 Nihil
1052 684 1190 725 prohibet
1212 693 1283 724 ergo
1301 688 1330 715 et
1355 684 1512 715 Dominum
1535 693 1604 715 vera
1624 685 1736 723 dicere,
1754 690 1782 717 et

960 728 1172 760 Paulum.Nam
1187 728 1261 759 latro
1277 728 1395 769 quidem
1408 732 1454 760 est
1472 729 1503 759 in
1519 729 1728 769 paradiso,hoc
1738 733 1783 760 est

959 778 1097 813 regno,et
1108 783 1167 804 non
1176 772 1258 804 solus
1269 772 1403 813 ipse,sed
1416 774 1504 804 etiam
1516 783 1699 814 omnesquos
1710 783 1783 806 enu-

960 822 1054 849 merat
1070 817 1280 858 Paulus.Atqui
1291 827 1350 848 non
1367 818 1473 848 fruitur
1484 817 1615 859 perfecta
1636 818 1781 850 bonorum

929 880 949 906 Β
961 861 1270 902 participatione.Nam
1284 862 1361 893 sicut
1375 862 1563 894 condemnati
1578 863 1607 893 in
1621 863 1712 903 regiis
1724 873 1784 895 non

959 910 1039 944 sunt,
1051 906 1104 937 sed
1118 907 1148 938 in
1161 906 1303 938 custodiis
1318 906 1411 938 clausi
1434 910 1575 938 tenentur
1590 907 1620 938 in
1636 907 1784 948 deputatis

961 951 1070 991 pcenis,
1088 951 1278 982 honorabiles
1304 960 1372 982 vero
1385 955 1414 982 et
1438 951 1469 982 in
1493 951 1589 991 regias
1605 951 1783 991 ingrediun-

961 1000 1021 1034 tur,
1035 1000 1064 1027 et
1079 1006 1157 1027 nunc
1171 996 1203 1026 in
1218 996 1262 1027 eis
1277 1000 1433 1027 versantur
1448 1006 1455 1026 :
1475 996 1584 1027 deinde
1599 1006 1667 1027 cum
1689 1006 1783 1028 vene-

959 1040 997 1071 rit
1012 1044 1127 1081 tempus
1142 1040 1358 1072 distributionis
1384 1039 1529 1080 regalium
1557 1041 1716 1079 donorum,
1734 1041 1784 1072 illa

959 1089 1165 1126 assequuntur:
1178 1087 1217 1117 ita
1228 1089 1256 1117 et
1265 1086 1358 1116 sancti
1374 1085 1491 1116 tametsi
1513 1085 1645 1116 nondum
1662 1086 1782 1126 perfec-

960 1134 988 1161 te
1003 1129 1089 1161 bonis
1118 1130 1263 1165 fruantur,
1278 1131 1340 1170 jam
1366 1133 1466 1160 tamen
1489 1134 1643 1161 versantur
1658 1131 1689 1161 in
1709 1131 1783 1161 locis

958 1175 1064 1205 lucidis
1075 1179 1104 1205 et
1118 1174 1327 1214 fragrantibus,
1340 1178 1368 1206 et
1384 1174 1475 1214 regiis
1491 1175 1621 1215 denique
1643 1174 1783 1206 taberna-

958 1218 1160 1255 culis,etiamsi
1173 1219 1304 1250 nondum
1319 1218 1557 1250 distributionem
1569 1219 1718 1258 regiorum
1727 1219 1782 1250 bo-

957 1272 1065 1294 norum
1079 1264 1149 1294 488
1165 1264 1294 1304 perfecte
1320 1267 1526 1303 assequamur.
1542 1262 1585 1294 Ita
1611 1268 1639 1294 et
1665 1264 1738 1294 latro
1752 1264 1784 1294 in

959 1308 1094 1348 paradiso
1111 1309 1176 1344 fuit,
1191 1308 1309 1339 etiamsi
1325 1308 1458 1339 nondum
1473 1307 1551 1348 quod
1566 1308 1727 1348 perfectum
1740 1313 1785 1339 est

958 1354 1118 1393 acceperit,
1134 1356 1166 1384 ut
1177 1362 1216 1383 ne
1230 1353 1341 1393 absque
1355 1352 1441 1383 nobis
1456 1353 1606 1393 perfectus
1616 1353 1664 1384 sit.
1682 1353 1718 1384 Et
1728 1353 1785 1384 hoc

959 1396 1069 1437 opinor
1092 1397 1281 1428 verissimum
1313 1397 1458 1435 omnium,
1473 1400 1504 1427 ut
1527 1406 1565 1428 ne
1586 1397 1682 1428 dicam
1705 1397 1782 1438 quod

959 1446 1127 1472 sanctorum
1144 1443 1243 1482 gratiae
1256 1442 1285 1473 in
1301 1441 1483 1482 quotidianis
1496 1442 1702 1472 miraculorum
1715 1451 1785 1482 ope-

960 1486 1127 1518 rationibus
1144 1487 1299 1527 paradisus
1326 1487 1431 1518 merito
1447 1487 1543 1517 dictus
1559 1487 1597 1518 sit
1614 1496 1621 1518 '.
1636 1490 1665 1517 et
1680 1496 1784 1518 omnes

91 1530 225 1562 ἀξιοῦνται
254 1529 370 1563 τελείως.
398 1529 487 1561 Οὕτως
516 1531 559 1558 οὗν
587 1531 600 1558 ὁ
616 1529 718 1568 λῃστής
741 1530 785 1558 καὶ
811 1530 838 1558 ἐν

1010 1531 1057 1562 icti
1072 1523 1216 1572 quotquot
1232 1531 1391 1572 participes
1407 1531 1475 1562 facti
1491 1535 1560 1562 sunt
1586 1531 1783 1572 spiritualium

93 1573 204 1613 ραΞείσω
236 1574 351 1613 ἐγένετο,
375 1575 420 1602 καὶ
449 1574 523 1602 ίιῧπω
544 1577 590 1602 τοῦ
617 1573 718 1602 τελείου
754 1574 919 1615 ἀπήλαυσεν,

95 1620 142 1648 ’ἕνα
165 1620 204 1657 μὴ
232 1621 315 1659 χωρές
339 1621 416 1656 ἡμῶν
438 1619 578 1658 τελειωθῇ.
598 1620 646 1648 Καὶ
660 1622 738 1648 τοῦτο
761 1620 840 1657 οἶμαι
857 1621 921 1648 πάν-

963 1575 1122 1612 donorum,
1140 1579 1168 1607 et
1191 1576 1389 1607 arrhabonem
1403 1576 1514 1608 habent
1529 1575 1668 1616 Spiritus,
1683 1576 1714 1607 in
1731 1585 1784 1617 pa-

963 1620 1061 1651 radiso
1077 1620 1147 1660 sint,
1164 1620 1279 1652 etiamsi
1308 1621 1439 1652 nondum
1467 1621 1593 1661 perfecti
1619 1621 1739 1659 fuerint,
1757 1625 1786 1652 et

95 1676 149 1692 των
178 1663 365 1703 ἀληθέστερον,
394 1664 440 1692 ’ἕνα
462 1665 500 1698 μὴ
522 1663 594 1703 λέγω
615 1664 655 1692 ὅτι
687 1665 730 1693 καὶ
759 1665 784 1693 αἱ
813 1665 866 1705 χάρ

1011 1674 1088 1703 ζουσι
1109 1666 1288 1706 acceperint,
1303 1665 1380 1697 sicut
1391 1665 1461 1696 dicit
1485 1666 1591 1696 Paulus
1608 1665 1639 1697 iu
1655 1665 1784 1706 Epistola

94 1711 149 1736 τῶν
174 1708 255 1746 ἁγίων
277 1710 304 1736 ἑν
319 1714 380 1740 ταῖς
402 1708 458 1736 καθ’
487 1709 602 1742 ἑκάστην
627 1709 867 1748 θαιιμπιτουργίοιιςΔ

1014 1710 1168 1749 Hebraeos,
1183 1710 1301 1741 etiamsi
1325 1711 1457 1742 nondum
1483 1711 1710 1751 promissionem
1734 1720 1784 1741 ac-

95 1752 215 1792 ρίδεισος
245 1752 276 1781 ἂν
311 1753 420 1784 εἰκότως
455 1753 571 1791 ῥηθειεν.
610 1754 657 1782 Καὶ
679 1753 776 1791 πάντες
806 1752 833 1781 δὲ
862 1753 868 1781 ί

1009 1753 1141 1786 ierint“.
1158 1755 1388 1786 Promissionem
1404 1756 1483 1786 enim
1496 1755 1623 1786 dicendo
1639 1755 1782 1795 integram

93 1800 280 1834 πνευματικῶν
310 1797 486 1837 χαρισμάτων
523 1798 676 1830 ἀξιωθέντες
707 1799 752 1826 τὸν
783 1797 866 1837 ἀρῥαό

1009 1799 1131 1830 icitatem
1144 1799 1312 1830 declaravit.
1329 1801 1365 1831 At
1376 1799 1456 1830 illam
1480 1799 1612 1829 nondum
1637 1799 1782 1839 integram

93 1842 140 1870 τοῦ
171 1843 320 1879 Πνεύματος
351 1842 467 1870 ἐντεῦθεν
493 1841 544 1875 ἤδη
573 1841 680 1874 ἔλαϐον,
707 1844 735 1870 ὲν
762 1846 801 1879 τῷ
829 1854 866 1871 πα

1011 1847 1152 1884 ιερθι-υηι,
1165 1848 1194 1875 et
1209 1848 1276 1874 sunt
1290 1843 1321 1874 in
1334 1853 1425 1884 regno
1449 1852 1483 1875 ac
1508 1844 1655 1884 paradiso.
1675 1843 1717 1874 Tu
1730 1853 1784 1875 au-

93 1888 173 1924 ἧείσῳ
201 1887 260 1923 εἰσὶ,
286 1886 335 1915 κᾶἱν
358 1887 441 1924 μήπω
469 1886 673 1923 ἐτελειώθησαν,
703 1888 746 1915 καὶ
775 1888 866 1926 τὴν

1012 1898 1020 1918 l
1039 1887 1206 1924 admireris,
1229 1888 1377 1928 quomodo
1392 1888 1467 1919 sicut
1480 1898 1531 1920 rex
1542 1888 1660 1929 quidam
1676 1892 1785 1928 tropaea

92 1931 167 1959 λείαν
194 1929 345 1973 παρέλαϐον
363 1941 371 1948 ·
400 1931 517 1971 καθάπερ
546 1932 610 1971 φησί
625 1930 728 1964 Παῦλος
744 1931 770 1959 ὲν
792 1931 826 1966 τῆ
854 1944 865 1960 α

1007 1932 1127 1964 victoria
1142 1933 1287 1971 referens,
1303 1933 1398 1973 spolia
1409 1933 1520 1973 optima
1535 1941 1635 1964 secum
1651 1932 1780 1971 abducit,

94 1977 161 2014 πρὸς
193 1971 326 2015 Ἐϐραίους
357 1974 526 2013 Ἐπιστολῇ·
560 1987 572 2004 α
599 1975 651 2005 Κᾶν
679 1977 762 2013 μήπω
776 1976 825 2010 τὴν
840 1976 867 2004 ἔτι

1015 1977 1168 2014 Dominus,
1182 1971 1520 2018 quoniam-fortiorﬂasa
1534 1977 1644 2008 diaboli
1659 1977 1782 2017 dirupit,

91 2020 182 2060 γελίαν
212 2021 379 2058 ἐκομίσαντο.
401 2031 412 2048 ι
441 2023 484 2056 Τῷ
509 2021 558 2060 γὰρ
573 2021 622 2054 τὴν
637 2019 799 2060 ἐπαγγελίαν
814 2022 864 2049 εἰπε

1011 2031 1116 2062 umque
1130 2021 1264 2059 abstulit,
1288 2026 1318 2053 et
1339 2022 1428 2053 rediit
1452 2022 1488 2053 ad
1506 2023 1633 2063 primam
1654 2021 1784 2053 hominis

93 2066 124 2093 το
152 2064 297 2102 ὁλόκληρον
326 2064 462 2105 ἐνέφηνεν.
485 2065 565 2094 Οὕπω
587 2066 629 2093 οὗν
646 2066 694 2099 τὴν
710 2065 810 2094 τελείαν
826 2065 866 2094 ἐπί

1012 2067 1091 2102 fiam,
1110 2066 1278 2107 paradisum
1292 2067 1370 2099 dico.
1390 2067 1508 2098 Etenim
1519 2068 1653 2099 Christus
1669 2076 1729 2098 non
1738 2076 1785 2098 so-

93 2109 184 2147 γελίαν
212 2108 341 2149 ὲδέξαντο,
375 2110 423 2137 εἰσὶ
451 2109 542 2147 μέντοι
557 2111 600 2138 καὶ
617 2110 642 2138 ἐν
664 2111 697 2148 τῇ
726 2110 846 2148 βασιλεία

1010 2121 1019 2142 ι
1034 2111 1112 2142 sicut
1127 2110 1206 2142 Deus
1222 2111 1252 2141 in
1263 2111 1402 2151 paradiso
1418 2112 1483 2150 fuit,
1500 2111 1554 2143 sed
1569 2115 1598 2142 et
1615 2110 1783 2142 secundum

94 2155 122 2182 ἐν
144 2156 182 2191 τῷ
209 2153 371 2193 παραδείσῳ.
402 2155 437 2182 Σὺ
465 2154 492 2182 δέ
509 2166 553 2192 μοι
575 2158 652 2183 τοῦτο
674 2155 819 2192 θαύμασον,
843 2155 867 2183 81

1010 2155 1036 2186 id
1047 2157 1177 2187 animam
1197 2149 1370 2187 rationalem
1386 2160 1414 2187 et
1438 2149 1596 2187 mentalem
1614 2155 1725 2187 habuit.
1749 2154 1783 2186 Et

95 2199 185 2232 ὥσπερ
214 2209 253 2231 τις
282 2198 404 2236 βασιλεὺς
436 2199 626 2239 τροπαιοφόρος
667 2199 782 2227 ἐπανιὼν
810 2199 840 2228 ἐκ
867 2214 868 2217 η

1012 2200 1135 2231 paradiso
1152 2209 1218 2231 cum
1231 2205 1331 2232 mente
1342 2200 1440 2241 fuit,in
1454 2200 1603 2232 infernum
1614 2205 1712 2231 autem
1720 2199 1785 2231 des-

93 2244 182 2279 νῖκης,
203 2243 236 2270 τὰ
258 2243 385 2282 κράτιστα
414 2246 467 2271 τῶν
496 2243 617 2283 λαψύρων
645 2243 702 2280 μεθ’
732 2245 825 2272 ἑαυτοῦ
848 2244 866 2272 ἐ-

1009 2244 1060 2276 idit
1070 2254 1136 2275 cum
1142 2244 1253 2277 anima.
1266 2246 1412 2277 Caeterum
1421 2245 1536 2286 perhoo
1544 2245 1622 2286 quod
1636 2245 1782 2276 latronem

94 2299 184 2328 γεται,
202 2287 270 2315 οὕτω
285 2287 333 2315 καί
351 2289 364 2316 ὁ
395 2288 491 2328 Κύριος
518 2290 548 2316 τὸ
570 2294 691 2326 κρεῖττον
718 2292 771 2316 τῶν
786 2292 832 2317 τοῦ
860 2288 867 2316 ἱ

1010 2289 1129 2327 vaverit,
1147 2289 1276 2321 ostendit
1290 2289 1370 2330 quod
1386 2289 1503 2321 malitiae
1514 2299 1656 2328 organum
1670 2289 1783 2329 ligave-

93 2332 173 2361 δόλου
208 2331 329 2372 λαφύρων
370 2332 526 2372 σκυλεύσας,
556 2332 615 2370 μεθ’
644 2333 736 2362 ἑαυτοῦ
765 2332 835 2373 ἄγει,

1008 2362 1009 2367 η
1027 2335 1067 2365 uti
1083 2334 1271 2375 praedixerat,
1292 2334 1372 2375 quod
1394 2344 1462 2366 cum
1485 2334 1634 2374 alligasset
1663 2335 1781 2373 fortem,

94 2378 175 2406 ανιὼν
199 2378 235 2409 εἰς
265 2377 314 2411 τὴν
342 2377 455 2417 ἀρχαίαν
485 2377 596 2417 πατρίδα
622 2381 668 2406 τοῦ
696 2377 845 2416 ἀνθρώπου,

546 2377 596 2406 ala:
622 2381 668 2406 τοῦ
696 2377 845 2416 ἀνθρώπου.
874 2380 920 2407 τὸν
961 2389 1029 2410 vasa
1047 2380 1112 2419 ejus
1123 2379 1269 2419 diriperet
1281 2380 1319 2411 ιε.

95 2420 256 2460 παρίδεισόν
271 2433 353 2461 φημι.
373 2422 421 2450 Καὶ
436 2423 486 2462 γὰρ
500 2423 530 2451 οὐ
543 2422 623 2460 μόνον
638 2423 702 2450 καθὸ
713 2423 777 2454 Θεὸς
791 2422 824 2456 ἧν
838 2424 865 2451 ἓν
881 2427 919 2460 τῷ
933 2423 1093 2463 παραδείσῳ,
1111 2423 1179 2452 ἀλλὰ
1191 2426 1234 2452 καὶ
1247 2426 1311 2453 καθὸ
1326 2425 1492 2464 ἀνθρωπίνην
1508 2425 1600 2464 ψυχὴν
1625 2423 1788 2464 πρσελάϐετο

96 2466 206 2504 Λογικῆν
220 2466 263 2493 καὶ
279 2466 380 2505 γοερὰν,
399 2466 443 2494 καὶ
459 2467 486 2494 ἒν
501 2470 538 2503 τῷ
553 2465 702 2505 παραδείσῳ
716 2466 807 2506 γέγονε
836 2468 904 2505 μιτᾶ
933 2470 978 2496 τοῦ
1007 2470 1078 2506 νοὸς,
1094 2469 1138 2497 καὶ
1154 2469 1190 2501 εἷς
1206 2468 1267 2505 ᾅδου
1282 2469 1398 2503 κατῆλθε
1413 2470 1480 2508 μετὰ
1495 2471 1587 2509 ψυχῆς
1603 2479 1609 2486 ⁸
1627 2469 1669 2497 καὶ
1684 2467 1726 2496 διὰ
1738 2473 1785 2497 τοῦ

93 2514 178 2538 σῦσαι
192 2511 237 2538 τὸν
252 2509 367 2548 λῃστὴν,
390 2511 420 2538 τὸ
442 2511 490 2545 τῆς
517 2511 646 2550 πονηρίας
668 2510 778 2550 ὄργανον
803 2510 907 2549 ἔδησεν,
938 2513 952 2541 ὃ
973 2513 1113 2553 προέλεγεν
1130 2512 1168 2541 ὄττι
1200 2523 1214 2543 (
1240 2515 1329 2549 Δήσας
1351 2515 1397 2543 τὸν
1421 2515 1530 2554 ίσχδρὸν
1544 2514 1578 2542 τὰ
1603 2514 1684 2546 σκεύη
1707 2515 1785 2542 αὐτοῦ

95 2555 246 2595 διαρπάσει,
266 2567 278 2583 ιν

139 2609 153 2628 (
169 2593 217 2627 Ἠν
240 2599 266 2627 δὲ
295 2601 358 2628 ὡσεὶ
388 2600 444 2639 ὧρᾶ
472 2599 550 2635 ἕκτη,
575 2601 619 2629 καὶ
639 2600 734 2633 σκότος
760 2601 864 2640 ἐγένετο
879 2602 910 2642 ἐφ

1010 2601 1206 2633 Vens.44-49.
1214 2601 1299 2634 «Erat
1306 2607 1402 2634 autem
1411 2603 1484 2634 hora
1492 2604 1553 2635 fere
1562 2606 1687 2640 sexta,et
1697 2606 1783 2634 tene-

96 2644 162 2678 ῗίλην
177 2644 226 2678 τὴν
240 2647 291 2683 γῆν
307 2644 358 2676 ἕως
370 2645 441 2684 ὥρας
451 2645 548 2678 ἒνάτης
567 2652 573 2660 ’
591 2646 634 2674 καὶ
649 2645 787 2680 ἐσκοτίσθη
802 2647 816 2674 ὃ
832 2646 866 2680 ἤλ

1011 2656 1024 2678 e
1033 2647 1116 2678 facta;
1125 2651 1192 2677 sunt
1203 2657 1293 2688 super
1304 2652 1394 2679 totam
1410 2652 1518 2680 terram
1530 2658 1624 2689 usque
1634 2648 1670 2679 ad
1680 2648 1784 2679 horam

98 2690 139 2718 καὶ
161 2690 274 2729 ἐσχίσθη
310 2690 340 2718 τὸ
366 2689 559 2728 καταπέτασμα
589 2691 635 2718 τοῦ
663 2696 726 2720 ναοῦ
757 2690 847 2729 μέσον.

1011 2692 1263 2730 1am;obscuratus
1278 2697 1323 2724 est
1336 2694 1426 2731 sol,et
1439 2694 1535 2725 velum
1544 2693 1647 2734 templi
1658 2694 1784 2724 scissum

97 2734 222 2773 'gtovﬁaac
257 2735 332 2774 φωνῇ
356 2734 460 2774 μεγάλῃ
484 2733 598 2775 Ἰησοῦς,
637 2736 725 2764 εἶπεν·
757 2736 853 2776 Πάτερ,

1014 2735 1266 2768 medium.Etcum
1276 2737 1433 2769 clamasset
1443 2748 1513 2770 voce
1521 2733 1624 2779 magna
1631 2736 1782 2776 Jesus,ait:

135 2813 158 2835 υ
178 2814 270 2846 Hebr.
284 2822 331 2852 ιι,
345 2814 396 2846 39.
439 2813 466 2836 ι’
479 2813 580 2847 Matth.
596 2823 649 2854 xu,
666 2815 716 2847 29.
