1959 3069
52 156 136 190 1191

411 155 634 189 ΕΝΑΒΒᾹΤΙΟ
647 154 689 189 IN
711 156 868 188 EVANGE

992 152 1109 188 LUCxE.
1135 173 1171 178 —
1195 157 1277 189 CAP.
1302 156 1411 190 XXIV.

1685 156 1761 188 11‘2‘2

46 225 86 254 ιν
126 226 192 258 ταῖς
224 224 340 264 καρδιαις
370 224 443 262 ὑμῶν
469 234 508 262 ;»
533 223 638 255 παντως
654 222 681 251 δὲ
708 224 739 252 τὸ
754 233 871 262 γινωσκεπ

979 222 1214 263 n,palpationem
1223 232 1363 254 manuum
1371 228 1400 254 et
1409 223 1517 263 pedum
1524 223 1662 264 ejus.Vos
1669 224 1761 260 enim,

54 270 178 310 καρδίας
232 271 297 299 Θεοῦ
341 268 562 308 ὁμολογουμένως
592 268 657 298 ἐστί.
688 268 823 308 Ἐπιφέρει
852 267 896 296 καὶ

55 315 171 355 ἕτερον,
198 315 246 349 τὴν
276 314 435 354 ψηλάφησιν
463 317 516 342 τῶν
546 314 646 354 χειρῶν
667 314 711 341 καὶ
721 316 774 341 τῶν
795 311 895 343 ποδῶν,

55 354 168 399 ’Υμίεῐς
192 360 243 397 μὲν
270 361 331 399 γὰρ,
360 359 438 399 φησὶ,
476 358 510 396 μὲ
545 363 647 395 πνεῦμα
682 356 785 386 δοκεῖτε
814 359 896 396 εἶναι,

51 404 128 438 ἢτοι
157 405 309 444 φάντασμα,
341 410 388 432 οἵα
418 402 505 431 πολλᾶ
533 406 587 431 τῶν
610 403 762 431 τεθνεώτων
783 401 900 440 μάλιστα

119 450 126 459 ι
175 450 181 457 π
260 449 266 458 ι
454 448 460 457 ι
559 446 572 458 »1
642 455 650 462 ,
676 447 683 457 ν
725 446 732 457 υ
757 447 769 456 u

54 460 127 489 περι
155 460 188 477 τα
220 460 348 487 μνηματα
375 451 517 488 φανταζειν
545 449 639 476 ειωθεν
672 446 723 474 αλλ
762 458 829 485 ιστε,
857 447 897 475 ὃτι

54 494 95 522 τδ
127 494 176 532 μὲν
198 504 302 531 πνευμα
335 492 394 521 οὔτε
409 493 505 531 σάρκα,
523 491 582 520 οὔτε
607 490 686 519 ὀστέα
707 490 778 530 ἔχει’
802 491 856 530 ἐγὼ
870 490 897 518 δὲ

55 539 111 567 καὶ
137 538 222 578 σάρκα
251 539 297 567 καὶ
325 537 405 566 ὀστέα
434 536 505 577 ἔχω,
521 537 543 564 εἰ
564 537 609 564 καὶ
624 536 743 575 θειότερα
758 537 802 564 καί
815 546 898 565 πνευ-

57 583 183 619 ματικά.
213 584 249 612 τὸ
279 583 329 622 γὰρ
365 587 411 611 τοῦ
447 582 540 621 Κυρίου
567 583 646 619 σῶμα
665 585 768 619 πνεῦμα
784 581 833 618 μὲν
851 580 899 609 οὒκ

55 627 100 660 ἦν
134 628 314 665 πνευματικὸν
361 626 400 666 δὲ,
450 626 583 666 τουτέστι,
621 626 710 658 πάσης
740 626 898 665 παχύτητος

56 671 160 709 ἐκτὸς,
189 672 320 710 πνεύματι
349 665 546 708 διοικούμενον.
576 671 612 699 Τὸ
654 670 767 709 μὲνγὰρ
781 665 897 708 σῶμα,δ

56 719 112 744 νῦν
141 715 255 756 ἔχομεν,
287 716 405 756 ψυχικόν
434 715 501 753 ἐστι,
518 714 664 753 τουτέστιν,
688 718 765 755 ψυχῇ
781 714 896 744 διοικού-

56 772 159 799 μενον,
191 762 236 790 καὶ
270 759 483 799 ζωογονούμενον
511 766 575 793 ταῖς
611 766 736 800 φυσικαῖς
751 760 795 788 καὶ
810 762 895 800 ψυχι-

55 812 130 838 καῖς
160 806 286 839 ποιότησι
307 807 351 834 καί
367 804 503 843 δυνάμεσι,
527 806 562 834 Τὸ
577 803 603 833 δὲ
621 805 690 842 μετὰ
704 805 754 838 τὴν
779 805 896 833 ἀνάστα-

937 265 1183 308 inquit.spiritum
1197 267 1306 308 putatis
1320 277 1368 299 me
1381 268 1581 305 esse,406vel
1590 268 1753 308 plantasma

938 312 1035 351 qualia
1051 313 1142 343 multa
1156 313 1236 343 circa
1251 317 1436 343 mortuorum
1461 313 1600 353 sepulcra
1620 323 1763 353 apparere

939 355 1046 387 solent:
1060 357 1111 387 sed
1128 357 1210 388 scitis
1225 357 1304 397 quod
1317 357 1439 397 spiritus
1449 358 1572 398 quidem
1589 366 1685 398 neque
1695 367 1761 388 car-

940 410 1007 431 nem
1025 410 1122 441 neque
1138 410 1204 432 ossa
1222 401 1331 433 habet:
1350 411 1403 441 ego
1415 406 1513 433 autem
1525 412 1646 433 carnem
1658 405 1689 434 et
1697 411 1764 433 ossa

941 445 1170 486 habeo,tametsi
1182 445 1327 477 diviniora
1333 450 1365 478 et
1373 447 1673 487 spiritualia.Domini
1684 446 1763 478 enim

939 499 1048 531 corpus
1063 490 1186 531 spiritus
1201 491 1321 531 quidem
1346 500 1404 522 non
1431 496 1505 523 erat.
1523 492 1574 522 sed
1599 491 1762 532 spirituale,

939 535 995 565 hoc
1011 539 1067 570 est,
1084 533 1194 574 absque
1205 534 1287 565 omni
1299 535 1527 573 crassitudine,a
1538 536 1641 575 spiritu
1653 536 1764 575 suber.

939 579 1172 611 natum.Etenim
1189 589 1296 620 corpus
1307 580 1385 620 quod
1395 590 1474 611 nunc
1487 580 1765 612 habemusanimale

939 629 995 661 est,
1012 624 1068 655 hoc
1084 628 1142 664 est,
1158 624 1194 655 ab
1210 624 1309 655 anima
1325 624 1452 664 regitur,
1464 630 1494 656 et
1507 634 1524 656 a
1539 625 1724 656 naturalibus
1735 630 1765 656 et

938 668 1116 700 animalibus
1127 668 1316 709 qualitatibus
1323 678 1356 700 ac
1366 669 1480 700 viribus
1490 670 1665 701 viviﬁcatur.
1678 670 1760 706 Quod

938 718 1036 745 autem
1053 718 1116 753 post
1133 714 1383 745 resurrectionem
1405 714 1592 751 habebimus,
1609 715 1762 755 spirituale

938 758 1103 790 nominavit
1114 758 1222 789 Paulus
1231 758 1273 796 56,
1287 759 1344 790 hoc
1355 763 1410 799 est,
1422 759 1500 799 quod
1517 768 1534 790 a
1544 759 1642 790 divino
1652 758 1762 800 Spiritu

937 803 1097 834 viviﬁcetur
1105 806 1135 832 et
1144 802 1373 842 gubernetur,et
1384 813 1442 834 non
1454 804 1492 834 ab
1503 803 1600 834 anima
1615 803 1762 844 modoque

58 861 109 878 σιν
143 851 324 888 πνευματικὸν
353 850 492 888 ὠνόμασεν
532 850 546 878 ὃ
574 850 690 889 Παῦλος,
719 849 800 888 ἢγουν
815 860 871 878 πνει

979 847 1085 878 licibili
1095 851 1125 878 et
1140 847 1328 887 spiritualiatl
1343 847 1597 887 incorruptionem
1609 848 1762 879 alteratum

59 905 133 932 ματι
163 896 377 934 ζωογονούμενον
406 895 467 931 θείῳ
500 895 545 922 καί
573 893 764 931 διοικούμενον,
794 894 837 922 καὶ
866 906 871 921 ι

992 896 1020 923 et
1035 892 1064 922 in
1081 901 1117 923 ea
1127 896 1344 923 conservatum.
1361 891 1433 922 Tale
1444 892 1533 931 igitur
1543 897 1659 932 oporlet
1672 893 1762 923 intel-

58 941 157 979 ψυχῇ,
209 941 300 980 τρόπῳ
348 938 492 978 ὰποῤῥήτῳ
547 939 592 966 καὶ
634 941 803 976 πνευματικῷ
830 939 871 977 πρί

980 945 1030 967 ere
1044 936 1161 968 Domini
1178 945 1287 980 corpus
1303 940 1368 976 post
1390 936 1653 974 resurrectionem,
1670 936 1760 977 spiri-

56 984 210 1024 ἀφθαρσίαν
236 983 490 1024 μεταστοιχειωθέν,
529 983 573 1012 καὶ
608 983 635 1011 ἐν
684 983 767 1021 ταύτῃ
802 993 871 1012 συντι

979 981 1027 1018 ile,
1040 985 1069 1011 et
1083 980 1204 1017 subtile,
1216 986 1244 1011 et
1259 979 1390 1011 alienum
1402 980 1439 1011 ab
1455 982 1536 1012 omni
1552 981 1761 1019 crassitudine,

55 1028 203 1068 ρούμενον.
234 1032 357 1059 Τοιοῶον
372 1028 417 1057 οὖν
431 1028 487 1068 χρὴ
505 1034 575 1056 νοεῖν
597 1028 629 1055 τὸ
643 1030 689 1055 τοῦ
704 1027 796 1066 Κυρίου
817 1030 871 1066 σῶμ

979 1035 1033 1066 que
1060 1025 1118 1056 cibi
1146 1034 1244 1065 neque
1267 1025 1390 1056 alterius
1413 1026 1588 1066 cujusquam
1611 1025 1759 1066 indigens,

57 1074 135 1110 μετὰ
159 1073 209 1107 τὴν
237 1073 392 1110 ἀνάστασιν,
423 1073 615 1112 πνευματικὸν,
648 1072 692 1100 καὶ
714 1071 822 1112 λεπτὸν,
851 1084 871 1100 χι

979 1069 1069 1101 amvis
1092 1069 1129 1100 ad
1153 1070 1409 1100 conﬁrmationem
1437 1070 1555 1101 illorum
1582 1071 1758 1101 comederit.

57 1118 157 1151 πάσης
184 1118 343 1158 παχύτητος
359 1118 452 1152 ἐκτὸς,
468 1118 513 1145 καὶ
528 1116 585 1145 οὔτε
606 1119 722 1156 τροφῶς,
740 1116 799 1145 οὔτε
814 1116 871 1158 ἄλλ(

983 1114 1019 1144 od
1035 1114 1113 1145 enim
1126 1113 1331 1148 comedit.non
1342 1114 1506 1145 secundum
1517 1118 1650 1144 naturam
1662 1123 1760 1145 come-

58 1163 138 1194 τινὸς
165 1157 300 1201 δεόμενον¹
344 1163 366 1190 εἰ
407 1163 452 1191 καὶ
480 1163 546 1201 πρὸς
574 1161 701 1190 πίστωσιν
729 1161 838 1201 ἔφαγεν,
857 1157 871 1168 ’λ

982 1184 990 1195 ,
1005 1159 1056 1189 sed
1073 1159 1237 1189 secundum
1253 1159 1515 1199 dispensationem,
1532 1159 1568 1190 ad
1593 1158 1763 1190 docendum

58 1207 116 1246 γὰρ
146 1206 256 1247 ἔφαγεν,
292 1207 321 1235 οὗ
345 1207 413 1236 κατὰ
441 1207 517 1246 φύσιν
546 1205 657 1246 ἔφαγεν,
674 1205 741 1234 ἀλλὰ
775 1206 836 1234 κατ’
859 1218 871 1235 ο

979 1204 1014 1234 od
1028 1203 1099 1234 illud
1114 1203 1211 1243 ipsum
1225 1212 1334 1243 corpus
1342 1203 1418 1243 quod
1432 1212 1549 1243 passum
1562 1208 1763 1241 est,surrexe-

60 1253 208 1290 κονομίαν,
237 1252 284 1280 ἵνα
313 1251 383 1290 δείξῃ
411 1250 452 1279 ὅτι
470 1252 534 1280 αὐτὸ
548 1252 578 1280 τὸ
599 1252 681 1279 παθὸν
698 1254 774 1288 σῶμα
785 1251 871 1281 ἆνέστι

980 1274 986 1280 .
999 1248 1140 1279 Naturale
1154 1252 1251 1278 autem
1265 1248 1333 1278 huic
1345 1247 1461 1288 corpori
1474 1252 1536 1278 erat
1546 1248 1654 1280 clausis
1661 1248 1764 1288 januis

63 1297 145 1326 Κατὰ
168 1297 243 1337 φύσιν
271 1297 361 1335 μέντοι
395 1300 475 1325 τοῦτο
504 1299 543 1333 τῷ
573 1295 677 1326 σώματι
691 1295 736 1332 ἧν,
752 1296 783 1324 τὸ
796 1295 871 1325 κεκλε

979 1293 1067 1333 gredi,
1083 1292 1234 1333 etabsque
1247 1292 1349 1323 labore
1360 1292 1453 1324 eloco
1466 1294 1495 1324 in
1508 1293 1605 1324 locum
1622 1293 1761 1325 transire.

62 1341 176 1378 σμένων
202 1342 256 1369 τῶν
270 1343 353 1381 θυρῶν
368 1341 494 1379 εἰσιέναι,
512 1341 543 1369 τὸ
559 1340 669 1371 ἀκόπως
690 1340 743 1368 ἀπὸ
755 1341 837 1370 τόπου
863 1352 871 1369 ε

979 1347 1040 1378 ique
1057 1347 1122 1369 cum
1139 1337 1279 1378 discipuli
1295 1337 1393 1368 adhuc
1409 1347 1467 1368 non
1481 1337 1650 1374 crederent,
1665 1348 1764 1378 neque

62 1385 151 1413 τόπον
174 1384 353 1423 μεταϐαίνειν,
393 1385 593 1414 Ἀπιστούντων
623 1386 666 1413 οὖν
696 1387 749 1412 τῶν
773 1387 871 1422 μαθητὸ

979 1392 994 1413 r
1010 1382 1208 1423 palpationem
1235 1382 1495 1422 persuaderentur,
1523 1382 1604 1413 addit
1628 1388 1656 1413 et
1682 1383 1763 1414 aliud

60 1429 118 1468 ἴτι,
154 1431 199 1458 καὶ
228 1423 296 1468 μηδὲ
310 1429 363 1458 ἀπὸ
379 1431 428 1464 τῆς
453 1428 641 1469 ψηλαφὴσεως
676 1429 871 1458 ἀναπεισθέντω

979 1427 1095 1467 iicium,
1112 1426 1386 1471 comedensdivina
1394 1426 1519 1467 quadam
1533 1427 1637 1458 virtute
1652 1437 1763 1458 consu-

60 1475 110 1503 καὶ
138 1474 228 1514 ἕτερον
257 1476 427 1514 προστίθησι,
458 1475 490 1502 et;
527 1484 576 1508 της
602 1474 739 1514 βρωσεως,
769 1475 824 1511 θείᾳ
848 1481 899 1508 τινὶ

61 1519 175 1557 δυνάμει
233 1518 503 1557 καταναλισκομένων
556 1522 609 1547 τῶν
664 1517 897 1558 βιϐρωσκομένων.

63 1566 124 1592 Πᾶν
149 1564 199 1604 γὰρ
226 1565 258 1592 τὸ
292 1567 409 1604 φυσικῶς
439 1562 656 1603 βιϐρωσκομενον
671 1562 713 1592 διὰ
733 1567 778 1592 τοῦ
793 1565 897 1602 στόμα-

64 1620 114 1640 τος
145 1609 183 1640 εἰς
211 1607 347 1648 ἀφεδρῶνα
376 1615 476 1648 χωρεῖ·
504 1608 538 1636 τὰ
580 1607 607 1636 δὲ
636 1608 665 1636 ού
691 1611 819 1648 φυσικῶς,
860 1610 898 1642 ὡς

67 1653 198 1692 εἴπομεν,
227 1651 288 1681 ἀλλ’
316 1654 492 1691 οἰκονομικῶς
525 1651 713 1692 ὶϐιϐρώσκετο,
744 1652 850 1693 ’Ἔχειν
870 1654 897 1682 δὲ

63 1709 93 1726 τι
123 1699 169 1727 καὶ
196 1697 313 1738 αἴνιγμα
348 1697 419 1727 ἔοικε
442 1698 475 1726 τὸ.
499 1697 559 1726 τότε
581 1697 725 1737 βρωθέντα·
742 1699 833 1738 ἰχθύος
848 1700 898 1738 γὰρ

64 1744 150 1773 ὀπτοῦ
176 1743 257 1783 μέρος
299 1743 403 1783 φαγὼν,
433 1743 575 1771 αἰνίττεται
604 1741 644 1771 ὅτι
666 1743 716 1776 τὴν
730 1744 806 1783 φύσιν
820 1744 898 1782 ἡμῶν

63 1787 115 1821 τὴν
140 1787 168 1815 ἒν
197 1790 236 1824 τῷ
259 1786 372 1827 ἁλμυρῷ
400 1787 485 1824 τούτῳ
516 1787 565 1825 βίῳ
593 1786 750 1827 νηχομένην
782 1791 821 1825 τῷ
840 1789 900 1827 πυρὶ

62 1833 116 1866 τῆς
143 1831 240 1864 οἰκείας
271 1832 397 1865 θεότητος
432 1831 556 1868 ἔκτήξας,
586 1832 631 1860 καὶ
659 1835 746 1860 πᾶσαν
757 1831 791 1865 ἥν
820 1832 900 1873 εἶχεν

63 1877 97 1904 ἐκ
125 1875 185 1921 ,τῶν
199 1875 303 1921 βαθέων
314 1876 366 1904 τῶν
388 1874 502 1916 δδάτων,
520 1875 622 1914 μᾶλλον
643 1874 670 1903 δὲ
692 1877 746 1904 τῶν
761 1876 897 1921 κυμάτων,

63 1920 201 1960 ὑγρότητα
229 1920 384 1958 ἔξικμάσας,
415 1921 486 1949 θείαν
515 1921 612 1960 βρῶσιν
642 1921 772 1954 πεποίηκε
787 1920 897 1958 ταύτην,

63 1966 117 1999 τὴν
149 1965 242 2004 πρώην
270 1964 418 2004 βδελυκτὴν
465 1964 559 1999 ἢδεΐαν
598 1966 695 2004 βρῶσιν
719 1965 898 2005 ἐργασάμενος

64 2013 106 2046 τῷ
135 2012 206 2047 Θεῷ.
223 2013 307 2038 Τοῦτο
335 2010 398 2049 γὰρ,
423 2009 516 2049 φησὶν,
545 2009 686 2037 αἰνίττεται
702 2010 732 2038 τδ
762 2009 897 2048 μελίσσιον

940 1472 1048 1503 mendo
1065 1472 1142 1512 quod
1154 1471 1271 1502 edebat.
1289 1470 1395 1502 Omnis
1405 1471 1484 1501 enim
1497 1471 1581 1502 cibus
1595 1476 1698 1503 natura
1709 1481 1765 1513 per

940 1526 973 1547 os
987 1521 1134 1556 sumptus,
1146 1516 1183 1548 ad
1192 1525 1345 1547 secessum
1357 1515 1446 1546 vadit:
1457 1525 1558 1546 verum
1570 1516 1633 1547 hac
1644 1525 1703 1548 non
1715 1527 1766 1548 na.

940 1560 1189 1598 turaliter,setl,ut
1197 1559 1765 1600 diximus,secundumdispensationem

940 1606 1080 1637 comedit.
1108 1606 1204 1637 Habet
1228 1609 1326 1635 autem
1348 1604 1475 1644 aenigma
1493 1604 1656 1646 quoddam,
1684 1605 1764 1646 quod

940 1655 1053 1692 partem
1069 1651 1160 1690 piscis
1171 1649 1334 1681 comederit
1348 1660 1354 1678 :
1370 1648 1603 1688 signiﬁcatenim
1618 1649 1697 1690 quod
1708 1659 1765 1681 na-

939 1700 1034 1726 turam
1052 1699 1194 1732 nostram,
1203 1694 1308 1734 quaeiu
1319 1693 1504 1733 salsnginoso
1517 1693 1573 1724 hoc
1584 1694 1658 1725 mari
1670 1697 1764 1727 natat.

940 1740 999 1779 igni
1016 1749 1077 1771 sure
1086 1739 1202 1771 deitatis
1208 1739 1358 1775 assarit,et
1371 1739 1527 1769 exsiccarit
1537 1748 1656 1770 omnem
1664 1739 1766 1771 humo-

941 1794 1004 1815 rem
1022 1794 1110 1824 quem
1124 1792 1161 1815 ex
1178 1783 1332 1825 profundis
1343 1783 1481 1814 ﬂuctibus
1493 1783 1669 1823 habebat,ut
1680 1784 1766 1816 ﬁeret

941 1829 1057 1860 divinus
1071 1828 1200 1867 cibus,et
1216 1828 1267 1868 qui
1278 1828 1359 1868 prius
1375 1832 1440 1859 erat
1453 1827 1766 1866 abominabilisﬁeret

940 1883 1020 1904 nunc
1033 1873 1129 1905 dulcis
1139 1873 1212 1904 Deo:
1224 1873 1281 1904 hoc
1293 1873 1372 1903 enim
1385 1872 1552 1912 signiﬁcare
1563 1872 1765 1904 diciturfavus

940 1919 1051 1955 mellis,
1068 1917 1258 1949 dulcedinem
1271 1917 1337 1948 dico
1356 1921 1467 1949 naturae
1488 1921 1597 1948 nostrae
1611 1917 1694 1958 prius
1707 1917 1763 1949 ab-

935 1962 1091 2003 jectzeNel
1107 1963 1150 2003 (ut
1163 1963 1279 2003 opinor)
1289 1962 1433 2001 signiﬁcat
1443 1971 1497 2002 per
1508 1963 1618 2002 piscem
1635 1967 1762 1994 assatum

938 2007 1062 2040 activam
1078 2007 1180 2048 vitam,
1196 2016 1263 2048 quae
1278 2006 1353 2037 tollit
1365 2011 1495 2037 nostram
1511 2006 1716 2038 humiditatem
1733 2012 1763 2039 et

63 2054 170 2095 κηρίον,
199 2054 249 2089 τὴν
277 2055 328 2095 νῦν,
344 2054 498 2094 γλυκύτητα
513 2053 585 2093 λέγω
597 2056 647 2087 τῆς
662 2055 723 2094 πρὶν
746 2053 871 2090 ἁποϐλήτ‹

979 2053 1170 2085 ιεεὶῑυόίοεω
1186 2051 1296 2083 auxilio
1321 2051 1484 2082 carbonum
1505 2050 1721 2092 solitariorum,
1738 2056 1766 2084 et

64 2101 145 2138 ἡμῶν
175 2099 291 2140 φύσεως.
323 2094 368 2127 ’Ἠ
401 2099 444 2128 καὶ
475 2102 563 2136 τοῦτο,
580 2099 672 2137 οἶμαι,
690 2100 843 2138 αἰνίττεται,
859 2099 901 2130 διὰ

66 2145 117 2182 μὲν
146 2147 194 2172 τοῦ
223 2144 307 2173 όπτου
336 2144 428 2184 ἰχθύος
458 2144 508 2178 τὴν
553 2144 713 2183 πρακτικὴν,
742 2145 902 2184 ὑφαιροῦσαν

65 2191 146 2227 ἡμῶν
182 2189 233 2223 τὴν
269 2188 374 2222 πολλὴν
402 2189 537 2228 ὑγρότητα
558 2189 603 2217 καὶ
616 2189 763 2229 παχύτητα
795 2188 837 2219 διὰ
851 2192 901 2224 τῆς

64 2236 121 2263 τῶν
149 2233 286 2273 ἔρημικῶν
316 2234 361 2262 καὶ
386 2234 577 2273 ἡσυχαστικῶν
599 2233 734 2271 ἀνθράκων
763 2234 898 2272 βοηθείας·

66 2279 119 2312 τὴν
154 2277 182 2306 δὲ
209 2281 319 2318 γνῶσιν,
336 2278 396 2312 ἢτοι
420 2278 544 2318 θεωρίαν,
561 2277 603 2306 διὰ
631 2281 677 2306 τοῦ
691 2278 829 2316 μελισσίου
844 2290 900 2313 κη·-

64 2323 132 2363 ρίου,
163 2323 240 2362 εἴπερ
276 2322 376 2362 γλυκέα
403 2323 436 2351 τὰ
461 2326 509 2351 τοῦ
543 2326 608 2351 Θεοῦ
636 2321 726 2362 λόγια.
756 2322 844 2352 ’Ἔστι
873 2323 901 2352 δὲ

65 2369 173 2406 κηρίον,
204 2367 272 2396 ἀλλὰ
300 2366 470 2408 κηφηνῶδες,
496 2368 527 2396 τὸ
551 2366 599 2401 τῆς
617 2363 778 2402 Ἑλληνικῆς
795 2369 899 2408 σοφίας.

65 2412 122 2442 ἔστι
148 2412 174 2441 δὲ
202 2412 296 2452 κηρίον
326 2412 474 2452 μελίσσιον,
491 2413 521 2440 τὸ
536 2414 586 2446 τῆς
600 2413 672 2444 θείας
702 2413 806 2453 σοφίας·
825 2413 902 2454 εἴπερ

943 2098 1073 2139 quietem
1082 2095 1386 2138 amplexantium.Per
1394 2097 1490 2128 l'avum
1500 2100 1598 2126 autem
1609 2097 1766 2137 apiarium,

943 2143 1095 2174 scientiam
1113 2142 1157 2172 vel
1173 2141 1468 2181 contemplationem.
1488 2140 1641 2181 Siquidem
1667 2141 1766 2174 dulcia

943 2187 1062 2228 eloquia
1071 2186 1123 2218 Dei
1132 2187 1174 2217 57.
1192 2186 1243 2217 Est
1259 2189 1288 2216 et
1302 2185 1380 2217 alius
1395 2184 1475 2216 favus
1493 2185 1767 2227 agrestior,nempe

943 2233 1097 2272 gentilium
1114 2231 1269 2272 sapientia.
1286 2229 1444 2271 Siquidem
1456 2229 1589 2262 Cbsistus
1604 2239 1695 2271 parva
1703 2231 1768 2273 apis

943 2281 988 2309 est
1004 2276 1219 2316 magnitudine.
1236 2274 1446 2306 Abbreviatum
1464 2275 1544 2305 enim
1562 2281 1607 2306 est.
1629 2276 1766 2314 verbum,

944 2327 973 2353 et
987 2321 1137 2353 inﬁrmum
1153 2320 1275 2352 robore.
1287 2319 1351 2350 Non
1363 2320 1442 2350 enim
1453 2319 1482 2350 in
1498 2320 1606 2351 virtute
1620 2322 1769 2352 sermonis

944 2367 1052 2399 Paulus
1067 2366 1220 2407 praedicat,
1237 2369 1318 2396 utne
1334 2373 1454 2396 crucem
1470 2366 1642 2396 evacuet58:
1653 2375 1769 2397 verum-

944 2418 1044 2444 tamen
1059 2411 1178 2452 regibus
1194 2414 1222 2441 et
1237 2411 1338 2442 idiotis
1358 2414 1404 2441 est
1427 2409 1563 2441 amabilis
1576 2411 1770 2443 efferentibus

66 2458 179 2497 Χριστὸς
210 2457 229 2491 ἡ
254 2457 380 2497 μέλισσα,
410 2457 491 2497 μικρὰ
515 2457 564 2495 μὲν
597 2459 637 2494 τῷ
664 2457 770 2496 μεγέθει
791 2456 871 2497 (συντι

979 2466 1058 2489 iores
1073 2465 1142 2488 suos
1158 2456 1188 2487 in
1210 2455 1368 2488 sanitatem
1384 2454 1562 2488 animarum.

65 2501 206 2541 τμημένος
221 2503 272 2541 γὰο
287 2503 302 2531 ὁ
316 2501 410 2542 λόγος,
426 2502 470 2530 καὶ
494 2502 527 2540 τῇ
562 2502 640 2540 ῥώμῃ
656 2501 782 2537 ἀσθενής·
799 2502 848 2531 οὒκ
870 2503 897 2532 iv

71 2549 180 2588 δυνάμει
196 2549 248 2590 γὰρ
263 2549 345 2589 λόγου
361 2548 464 2581 Παῦλος
493 2549 626 2589 κηρύττει,
651 2548 698 2577 ἵνα
712 2549 751 2587 μὴ
767 2549 873 2588 κενώσῃ
887 2550 933 2578 τὸν
961 2548 1097 2589 σταυρὸν),
1114 2548 1185 2582 πλὴν
1212 2547 1348 2587 βασιλεῦσι
1365 2548 1408 2576 καὶ
1434 2546 1550 2580 ἰδιώταις
1572 2547 1709 2588 ἐράσμιος,
1731 2549 1768 2581 εἰς

70 2595 172 2634 ὑγίειαν
187 2595 309 2635 ψυχικὴν
331 2594 554 2635 προσφερομένοις
564 2595 625 2626 τοὺς
640 2594 736 2626 πόνους
752 2596 847 2628 αὐτῆς.

111 2653 123 2671 ι
142 2646 207 2672 Τότε
226 2641 356 2678 διήνοιξεν
386 2643 472 2672 αὐτῶν
496 2643 541 2671 τὸν
564 2645 624 2670 νοῦν
654 2645 700 2670 τοῦ
721 2641 836 2671 συνιέναι
848 2643 896 2675 τὰς

979 2643 1068 2673 Vens.
1081 2641 1192 2673 45-53.
1206 2653 1218 2669 α
1235 2640 1319 2672 Tunc
1329 2640 1587 2680 aperuitmentem
1604 2640 1770 2677 illorum,ut

67 2688 185 2728 Γραφὰς,
215 2688 259 2716 καὶ
289 2693 366 2716 εἶπεν
387 2686 493 2725 αὐτοῖς,
519 2687 560 2716 ὅτι
575 2687 645 2716 οὕτω
667 2687 827 2727 γέγραπται,
853 2699 871 2716 κ

979 2687 1140 2727 .elligerent
1153 2685 1340 2726 Scripturas:
1359 2688 1388 2716 et
1402 2683 1475 2715 dixit
1490 2685 1543 2716 eis.
1561 2684 1612 2716 Sic
1624 2685 1768 2726 scriptum

68 2732 150 2766 οὕτως
167 2731 219 2761 ἔδει
248 2733 344 2761 παθεῖν
373 2732 419 2760 τὸν
440 2732 565 2772 Χριστὸν,
584 2733 629 2761 καὶ
650 2734 684 2771 τῇ
709 2732 785 2772 τρίτῃ
809 2732 871 2773 ἡμέε

979 2735 1028 2771 L,et
1043 2731 1087 2763 sic
1102 2729 1258 2771 oportebat
1272 2729 1422 2762 Christum
1437 2728 1508 2769 pati,
1530 2733 1560 2760 et
1572 2738 1737 2771 resurgere
1752 2739 1769 2761 ι

110 2813 143 2838 ⁵ο
155 2812 168 2844 Ι
182 2811 251 2844 Cor.
263 2821 313 2853 xv,
329 2812 379 2845 44.
421 2812 453 2838 ⁸⁸1
471 2812 549 2844 Psal.
566 2820 648 2852 xvm,
664 2812 714 2843 46.
756 2811 991 2851 58100151,”.
