1959 3069
90 154 177 187 1149

86 223 273 251 πιστεύσωσιν
291 233 297 239 ν

86 266 186 299 αἴτιος
192 292 198 298 ,

142 321 154 338 ι
179 311 233 340 Οὔκ
253 313 288 345 ἧν
310 312 412 344 ἐκεῖνος
444 313 474 341 τὸ
503 316 572 354 φῶς,
611 313 670 342 ἀλλ’
692 314 738 342 ἵνα
769 314 923 353 μαρτυρήσῃ

88 356 157 394 περὶ
178 356 225 384 τοῦ
253 357 353 396 φωτός.
380 369 392 386 ι
419 357 528 392 Ἐπειδὴ
550 359 587 391 ὡς
625 359 667 387 ἐπὶ
695 357 762 386 πολὺ
790 358 925 396 συμϐαίνει

90 401 145 428 τὸν
164 405 347 440 μαρτυροῦντα
373 403 509 442 κρείττονα
540 403 611 431 εἶναι
632 408 678 435 τοῦ
700 403 922 442 μαρτυοουμένου,

90 445 146 473 ἵνα
161 446 199 483 μὴ
225 447 348 487 νομίσῃς,
379 447 419 475 ὅτι
450 448 493 476 καὶ
521 447 647 481 Ἰωάννης
677 451 814 487 μαρτυρῶν
839 447 925 487 [περὶ]

93 494 214 529 Χριστοῦ
249 491 373 526 κρείττων
409 493 488 520 αὐτοῦ
517 492 550 526 ἦν
567 503 574 509 ·
613 493 663 526 τὴν
689 493 808 532 πονηρὰν
828 493 926 525 ταύτην

90 535 213 572 ὑποψίαν
235 539 390 575 περιαιρῶν,
419 538 498 576 φησίν
515 545 522 551 ·
550 538 604 566 Οὔκ
633 537 666 571 ἦν
695 537 798 569 ἐκεῖνος
812 538 842 566 τὸ
857 540 924 577 φῶς.

90 578 174 608 Ἀλλ’
203 579 276 608 εἴποι
299 581 330 609 ἄν
360 592 400 613 τις
418 591 425 600 ·
456 576 521 614 Ἀρα
555 581 613 610 οὸδὲ
633 583 680 610 τὸν
703 581 841 621 Ἰωάννην,
868 582 925 610 οὔτε

91 624 158 652 τινὰ
182 623 262 653 ἄλλον
278 628 332 654 τῶν
354 626 436 665 ἁγίων
451 625 575 664 εἴποιμεν
597 629 671 667 φῶςς
687 630 748 659 Φῶς
764 627 813 664 μὲν
835 626 925 655 εἴποι-

87 680 144 706 μεν
159 669 272 698 ἕκαστον
292 673 346 699 τῶν
376 671 458 710 ἁγίων
477 679 483 685 ·
513 672 543 699 τὸ
571 674 627 710 φῶς
655 671 682 699 δὲ
697 673 743 700 οὐκ
757 672 788 699 ἂν
803 672 927 709 εἴποιμεν

88 714 164 750 μετὰ
188 717 235 742 τοῦ
265 714 369 754 ἄρθρου,
394 715 473 755 οἷον,
497 715 542 744 ἐσίν
564 726 593 743 σε
628 716 714 756 ἔροιτό
736 724 797 748 τις·
827 710 891 749 vAgat
912 717 926 744 ὁ

90 756 237 801 ἸωάννηςΔ
258 762 313 799 φῶς
335 761 390 788 ἔστι
408 769 416 796 ;
447 760 606 789 κατάνευσον
624 770 630 776 ·
656 761 678 789 εἰ
699 760 727 789 δὲ
751 761 834 793 οἵτως
856 760 925 801 ἔρω-

89 803 172 837 τήσει
191 811 198 818 ·
223 797 287 843 Ἀρι
306 805 320 832 ὁ
346 803 470 836 Ἰωάννης
499 806 529 833 τὸ
555 808 611 845 φῶς
627 805 697 834 ἐστιν
715 814 723 845 ;
740 806 808 845 εἰπὲ,
826 797 875 836 Οῧξ
890 801 926 834 Οὖ

92 847 148 886 γάρ
183 847 254 876 ὶστιν
283 849 361 880 αὑτὸς
389 849 419 876 τὸ
448 850 503 888 φῶς
529 849 633 888 κυρίως,
672 849 741 878 άλλὰ
769 850 824 890 ῳῶς
856 850 923 877 κατὰ

89 892 232 932 μετοχὴν,
248 891 313 932 ἕχον
328 893 378 927 τὴν
393 892 495 931 λαμψιν
508 893 538 922 ἐκ
553 898 599 923 τοῦ
613 893 743 927 ἀληθινοῦ
757 895 844 933 φωός.

139 933 186 965 Ἦν
200 937 231 965 τὸ
255 940 310 977 φῶς
334 938 365 965 τὸ
387 938 522 974 ἀληθινὸν,
546 939 560 966 ὃ
588 939 693 978 φωτίζει
718 940 803 967 πάντα
821 938 923 979 ἅνθρωο

88 991 145 1008 πον
168 980 314 1021 ἐρχόμενον
343 983 381 1014 εἰς
402 983 447 1010 τὸν
475 983 586 1020 κόσμον.
606 998 617 1010 ι
640 983 736 1012 Μέλλει
752 985 837 1012 είπεῖν
863 984 922 1023 περὶ

87 1025 144 1058 τῆς
166 1024 294 1065 ἑνσάρκου
315 1027 466 1064 οἰκονομίας
494 1032 541 1056 τοῦ
571 1031 744 1068 Μονογενοῦς,
768 1028 807 1056 ὅτι
843 1027 921 1061 ἦλθεν

87 1070 131 1101 εἷς
154 1070 188 1097 τὰ
217 1069 283 1107 ἴδια,
316 1070 356 1099 ὅτι
379 1070 440 1111 σὰρξ
455 1071 572 1110 ἑγένετο,
591 1069 657 1101 "tv:
671 1073 756 1101 telvm
771 1073 811 1110 μὴ
825 1074 920 1111 νομίσῃ

86 1125 145 1150 τις,
177 1115 217 1143 ὃτι
243 1116 294 1155 πρὸ
321 1119 369 1143 τοῦ
396 1118 564 1155 σαρκωθήναι
592 1119 640 1146 οὒκ
663 1117 707 1155 ἦν,
737 1119 829 1146 τούτου
845 1117 921 1146 ἕνεκα

87 1158 186 1196 ἀνάγει
215 1159 264 1193 τὴν
293 1158 407 1188 διάνοιαν
438 1160 482 1189 ἐπὶ
502 1161 561 1195 τήν.
580 1161 703 1190 ἐπέκεινα
724 1162 811 1196 πάσης
833 1163 920 1203 ἀρχῆς

88 1202 214 1243 ὕπαρξιν,
245 1206 289 1232 καί
315 1216 396 1245 φησιν
414 1215 421 1222 ·
453 1199 501 1234 Ἠν
525 1207 568 1234 καὶ
604 1207 654 1246 πρὸ
682 1207 728 1234 τοῦ
757 1199 922 1246 σαρκωθῆναι

91 1248 128 1275 τὸ
156 1251 210 1287 φῶς
238 1249 268 1276 τὸ
297 1248 433 1282 ἀληθινόν,
464 1250 511 1278 Διὰ
538 1250 632 1278 τούτου
659 1250 686 1278 δὲ
714 1251 762 1285 τὴν
790 1254 924 1281 Φωτεινοῦ

89 1291 139 1319 καὶ
168 1291 272 1320 Παύλου
300 1294 345 1321 τοῦ
366 1294 544 1332 Σαμοσατέως
560 1294 664 1334 αἵρεσιν
693 1295 841 1333 ἀνατρέπει,
868 1299 921 1324 τῶν

89 1334 315 1375 δογματισάντων
344 1337 402 1365 τότε
431 1337 541 1378 ὑπάρξαι
558 1339 603 1366 τὸν
627 1342 778 1378 Μονογενῆ,
795 1339 838 1368 ὅτε
868 1341 920 1368 ἀπὸ

86 1381 192 1420 Μαρίας
223 1380 351 1420 ἐγεννήθη
367 1392 374 1399 “
399 1393 449 1421 προ
470 1383 564 1411 τούτου
583 1382 610 1411 δὲ
632 1385 671 1421 μὴ
703 1385 785 1416 εἶναι,
815 1384 918 1413 "Auum:

85 1425 133 1453 καὶ
163 1426 206 1462 σὺ,
235 1427 248 1454 ὁ
271 1426 422 1465 ³Λρειανὸς,
445 1428 459 1455 ὁ
482 1427 520 1461 μὴ
543 1427 629 1467 λέγων
653 1427 777 1462 ἀληθινὸν
794 1430 858 1457 Θεὸν
873 1431 919 1458 τὸν

86 1470 151 1498 Υἱὸν
182 1474 228 1499 τοῦ
251 1475 328 1508 Θεοῦ,
358 1472 382 1500 τί
412 1483 491 1506 φησιν
522 1473 536 1501 ὁ
564 1472 766 1512 εὐαγγελιστάς
787 1486 799 1501 ι
817 1475 847 1502 τὸ
862 1478 917 1514 φῶς

83 1515 118 1542 τὸ
141 1514 265 1548 ἀληθινόν
283 1523 290 1530 ⁶
312 1527 326 1543 n
344 1516 388 1544 καὶ
404 1517 434 1544 σὺ
453 1515 492 1553 δὲ,
508 1517 530 1545 ὦ
559 1520 708 1557 Μαιιχαῖε,
726 1519 740 1546 ὁ
756 1517 853 1557 λέγων,
876 1518 916 1546 ὅτι

473 158 695 190 ENARRATIO
718 158 756 190 IN
779 155 1031 190 EVANGELIUM
1049 158 1220 189 JOANNIS.
1244 175 1283 180 —
1305 158 1390 189 CAP.
1414 158 1437 189 Ι.

335 225 357 251 εἰ
388 223 416 252 δὲ
448 224 487 261 μή
523 223 600 253 τοῦτο
632 224 731 262 ἀπέϐη,
753 225 801 253 οὒκ
821 225 894 253 ἐκεῖν

1002 223 1022 255 it
1036 223 1178 264 Joannes,
1194 227 1226 254 ut
1245 232 1349 255 omnes
1374 223 1517 254 credant:
1548 222 1682 263 quamvis
1696 225 1793 253 autem

1717 155 1795 187 “50

966 267 1099 298 evenerit
1113 267 1308 306 contrarium,
1325 268 1375 299 ille
1389 268 1417 298 in
1431 276 1520 298 causa
1535 277 1595 298 non
1609 270 1664 298 est.

1008 313 1097 344 VEns.
1114 313 1144 343 8.
1166 324 1176 341 α
1191 312 1254 344 Νοη
1267 313 1390 343 eratille
1403 312 1449 343 lux
1463 312 1581 353 illa,sed
1592 316 1625 342 ut
1635 316 1795 343 testaretur

967 356 1005 388 de
1020 357 1095 388 luce.
1111 369 1124 385 ιι
1139 357 1398 397 Quandoquidem,
1421 361 1453 388 ut
1468 366 1547 397 sape
1563 356 1626 387 ﬁeri
1643 356 1729 392 solet,
1742 356 1793 396 qui

968 405 1095 432 testatur
1111 402 1206 441 major
1217 406 1262 433 est
1278 411 1313 432 eo
1322 403 1370 432 cui
1382 401 1582 433 testimonium
1598 400 1794 440 perhibet,ne

968 445 1119 476 existimes
1136 446 1212 486 quod
1239 446 1368 477 Joannes
1392 446 1553 476 testiﬁcans
1568 445 1684 476 Christo
1700 445 1794 484 major

967 490 1018 521 illo
1026 490 1234 526 fuerit;malam
1242 490 1441 530 suspicionem
1449 489 1571 521 illamtSl
1579 489 1790 526 2interimens,

970 534 1144 574 inquit,Non
1153 534 1329 565 eratillelux
1342 535 1405 566 illa.
1421 535 1479 566 Sed
1496 535 1605 565 dixerit
1618 533 1763 575 quispiam
1783 545 1789 564 :

969 579 1064 619 Igitur
1072 589 1130 610 non
1142 579 1200 610 erit
1209 578 1254 610 vel
1266 579 1454 618 Joannes,vel
1465 579 1610 619 quispiam
1619 583 1788 610 sanctorum

968 623 1121 654 vocandus
1145 623 1216 654 lux?
1239 624 1347 655 Lucem
1369 624 1471 663 utique
1487 629 1566 654 recte
1577 623 1739 653 dixerimus
1752 633 1789 654 u-

968 677 1191 708 numquemque
1203 673 1384 704 sanctorum,
1400 669 1450 699 sed
1465 668 1561 698 lucem
1575 667 1653 698 illam
1670 677 1736 698 cum
1748 677 1789 699 ar-

970 712 1060 743 ticulo
1075 713 1246 753 neutiquam
1277 712 1423 744 dicemus.
1454 711 1537 744 Unde
1552 712 1576 742 si
1591 712 1657 752 quis
1672 712 1723 742 tibi
1740 713 1789 743 di-

969 757 1189 795 xerit,Joannes
1205 757 1253 788 lux
1270 761 1336 789 est?
1347 757 1492 788 annue.Si
1508 761 1606 787 autem
1621 757 1789 796 interroga—

967 802 1016 836 rit.
1034 801 1173 843 Nunquid
1188 802 1318 834 Joannes
1333 802 1379 833 lux
1398 802 1448 832 illa
1469 805 1530 832 est!
1548 801 1607 838 dic,
1631 802 1708 833 Non.
1725 801 1789 832 Non

966 847 1046 877 enim
1062 847 1127 887 ipse
1155 847 1276 887 proprie
1291 847 1340 878 lux
1356 849 1413 884 est,
1430 846 1481 877 sed
1494 846 1542 876 lux
1565 855 1618 886 per
1633 845 1789 886 participa-

964 892 1089 929 tionem,
1106 892 1219 923 habens
1231 892 1375 931 fulgorem
1391 901 1407 922 a
1422 900 1489 922 vera
1505 891 1582 922 luce.

1006 938 1094 968 Vens.
1109 937 1140 968 9.
1156 948 1167 964 ι
1183 936 1312 968 Eratlux
1339 936 1445 967 illalux
1462 945 1542 973 vera,
1560 945 1626 976 quas
1640 935 1789 967 illuminat

964 990 1084 1012 omnem
1095 981 1245 1012 hominem
1253 981 1422 1012 venientem
1433 981 1461 1010 in
1470 979 1788 1011 mundum-Dicturus

963 1030 1009 1057 est
1021 1026 1059 1057 de
1071 1025 1274 1057 incarnatione
1284 1024 1524 1065 Unigeniti,quod
1541 1025 1655 1055 venerit
1670 1025 1701 1056 in
1716 1035 1787 1065 pro-

963 1070 1122 1111 pria,quod
1131 1079 1201 1101 caro
1215 1070 1309 1101 factus
1321 1069 1417 1101 sit.Ne
1433 1069 1522 1109 igitur
1538 1069 1605 1109 quis
1620 1069 1787 1110 suspicetur

962 1115 1041 1155 quod
1055 1125 1113 1145 non
1122 1115 1210 1146 fuerit
1219 1119 1376 1154 antequam
1387 1114 1604 1154 incarnaretur,
1618 1114 1683 1153 ejus
1693 1114 1785 1153 gratia

964 1159 1098 1190 subvehit
1109 1163 1238 1190 mentem
1253 1163 1384 1189 nostram
1397 1158 1427 1189 in
1441 1157 1645 1193 substantiam,
1663 1168 1730 1198 quae
1743 1158 1786 1188 ul-

965 1209 1011 1236 tua
1025 1213 1113 1235 omne
1142 1203 1321 1245 principium
1344 1208 1401 1240 est,
1423 1203 1452 1234 et
1476 1203 1572 1243 inquit
1590 1213 1596 1233 :
1613 1201 1682 1234 Erat
1697 1203 1784 1234 etiam

966 1254 1122 1290 antequam
1138 1249 1343 1280 incarnaretur
1371 1248 1419 1279 lux
1446 1248 1497 1278 illa
1514 1257 1593 1278 vera.
1611 1250 1646 1279 Et
1664 1257 1717 1288 per
1729 1248 1785 1279 hoc

963 1294 1081 1326 Photini
1093 1298 1122 1325 et
1134 1294 1215 1326 Pauli
1226 1293 1411 1325 Samosateni
1421 1292 1566 1324 subvertit
1576 1293 1724 1330 haeresim,
1735 1292 1785 1333 qui

963 1339 1110 1370 doeentin
1117 1337 1562 1378 suisdogmatibusUnigenitum
1572 1338 1783 1378 tuucccepisse,

961 1384 1079 1425 quando
1092 1384 1128 1414 de
1139 1384 1231 1416 Maria
1242 1387 1328 1414 natus
1349 1387 1407 1420 est,
1424 1386 1454 1414 et
1463 1387 1531 1415 ante
1542 1382 1599 1413 hoc
1609 1391 1668 1413 non
1679 1382 1782 1414 fuisse.

960 1428 1036 1460 Audi
1050 1432 1080 1459 et
1093 1432 1135 1467 tu,
1153 1428 1274 1465 Ariane,
1291 1427 1340 1468 qui
1356 1436 1448 1466 negas
1462 1436 1563 1458 verum
1574 1426 1666 1457 Deum
1676 1427 1782 1457 Filium

961 1472 1101 1513 Dei,quid
1111 1473 1187 1505 dicat
1197 1473 1375 1512 evangelista
1389 1482 1395 1503 :
1415 1483 1425 1499 ι
1437 1471 1564 1503 Eratlux
1579 1471 1734 1502 illavera.n
1750 1472 1786 1502 Et

960 1523 989 1549 tu
1001 1517 1361 1558 quoque,Manich:ee,qui
1372 1516 1530 1557 dicusquod
1540 1516 1634 1546 simus
1643 1520 1785 1546 creatum

83 1563 134 1588 τοῦ
161 1563 280 1599 πονηροῦ
307 1559 469 1601 δημιουργοῦ
493 1563 573 1599 ἔσμεν
599 1563 742 1600 κτίσματα,
758 1561 847 1603 ἔκλυε,
872 1563 894 1592 ὅτ

1002 1562 1075 1593 iﬁcis
1099 1562 1222 1599 diaboli,
1237 1562 1317 1599 audi,
1335 1561 1404 1602 quia
1424 1562 1471 1592 lux
1491 1561 1541 1592 illa
1557 1570 1625 1592 vera
1638 1561 1785 1591 illuminat

85 1604 119 1632 τὸ
135 1606 190 1643 φῶς
207 1605 237 1632 τὸ
251 1603 380 1637 ἀληθινὸν
404 1605 509 1645 φωτίζει
538 1607 623 1634 πάντα
650 1605 798 1646 ἄνθρωπον.
816 1608 844 1636 Εἰ
873 1609 917 1636 οὖν

87 1649 107 1676 ὁ
134 1649 251 1688 πονηρός
277 1648 438 1689 δημιουργὸς
459 1650 553 1681 σκότος
577 1650 657 1690 ἐστὶν,
688 1652 735 1679 οὐκ
762 1651 794 1679 ἂν
814 1654 916 1692 φωτίσῃ

87 1693 150 1720 τινά
166 1701 173 1708 ⁸
200 1693 269 1721 ὥστε
303 1697 350 1722 τοῦ
386 1695 473 1734 φωτὸς
508 1699 555 1724 τοῦ
593 1695 719 1729 ἀληθινοῦ
746 1696 826 1734 ἐσμεν
860 1698 917 1725 κτί-

88 1748 191 1774 σματα.
225 1738 273 1766 Καὶ
302 1739 371 1774 πῶς,
405 1740 479 1778 φησὶ,
511 1740 617 1779 φωτίζει
655 1740 742 1768 πάντα
770 1740 917 1782 ἄνθρωπον,

87 1781 157 1810 ὅπου
183 1792 213 1820 γε
234 1781 367 1820 βλέπομεν
397 1794 470 1814 τινας
506 1783 706 1822 ἐσκοτισμένους
724 1805 734 1815 .
767 1779 852 1814 ιὈσον
885 1779 916 1818 τὶ,

83 1824 128 1866 ἐφ’
151 1827 249 1863 ἑαυτῷ,
279 1827 378 1859 πάντας
407 1828 524 1867 φωτίζει.
555 1829 619 1857 Εἰπὲ
643 1829 693 1868 γάρ
716 1841 769 1867 μοι,
795 1832 825 1859 οὐ
846 1831 916 1859 πάν-

83 1882 129 1902 τες
154 1871 282 1911 λογικοί;
313 1874 343 1901 οὒ
373 1873 470 1904 πάντες
498 1873 574 1913 φύσει
597 1874 773 1912 γινώσκοντες
789 1876 820 1903 τὸ
835 1875 916 1903 καλὸν

81 1916 127 1944 καὶ
156 1917 327 1956 τούναντίον;
359 1919 406 1947 οὒκ
434 1917 542 1958 ἔχοντες
576 1918 681 1956 δύναμιν
710 1920 834 1953 ἐννοῆσαι
861 1920 914 1948 ἀπὸ

81 1963 138 1988 τῶν
159 1962 314 1998 κτισμάτων
331 1961 376 1989 τὸν
398 1963 512 1996 κτίστην
529 1973 537 2000 ς
563 1958 652 1991 "uate
679 1965 693 1992 ὁ
709 1963 787 2003 λόγος
804 1966 818 1992 ὁ
833 1964 914 1996 δοθεὶς

79 2005 164 2044 ἡμῖν,
188 2007 231 2033 καὶ
252 2005 429 2045 παιδαγυηῶν
457 2007 529 2042 ἡμᾶς
554 2008 640 2047 φύσει,
674 2010 702 2040 ὃς
731 2009 775 2037 καὶ
805 2011 913 2050 φυσικὸς

80 2051 165 2087 νόμος
195 2049 329 2086 καλεῖται,
367 2051 441 2083 οὗτος
475 2051 504 2080 ἂν
535 2051 645 2087 κληθείη
687 2056 755 2093 φῶς,
785 2054 816 2082 τὸ
841 2053 913 2086 δοθὲν

81 2096 152 2132 ἡμῖν
181 2095 252 2134 παρᾶ
275 2096 341 2123 Θεώ
359 2105 365 2112 ”
390 2096 412 2123 εἰ
433 2095 460 2124 δε
489 2107 556 2129 τινες
584 2101 673 2130 κακῶς
694 2102 732 2136 τῷ
747 2098 819 2138 λόγῳ
829 2100 912 2139 ἒχρή-

82 2150 177 2173 σαντο,
206 2140 314 2172 ἑαυτοὺς
344 2140 494 2172 ἐσκότισκν,
523 2142 596 2174 Τινὲς
613 2142 640 2170 δὲ
662 2143 731 2172 οὕτω
754 2143 843 2172 λύουσι
864 2146 913 2177 την

82 2184 207 2212 ἔνστασιν
231 2185 330 2217 ταύτην
348 2194 355 2202 ·
390 2187 512 2225 Φωτζει,
546 2188 636 2226 φησὶν,
665 2189 678 2216 ὂ
709 2189 800 2228 Κύριος
829 2190 914 2216 πάντα

81 2229 222 2268 ἄνθρωπον
249 2230 295 2257 τὸν
330 2229 477 2269 ἐρχόμενον
513 2232 549 2263 εἰς
578 2233 623 2260 τὸν
646 2233 758 2270 κόσμον,
790 2232 849 2267 ἤτοι
879 2234 915 2268 εἰς

78 2274 154 2306 τάξιν
204 2273 336 2314 βελτίονα,
377 2277 419 2304 καὶ
460 2275 639 2312 σπουδάζοντα
689 2278 823 2315 κοσμῆσαι
865 2278 915 2312 τὴν

79 2319 182 2347 οἰκείαν
198 2319 302 2359 ψυχὰν,
319 2321 413 2357 καὶμὴ
428 2320 502 2348 ἐᾶσαι
519 2320 636 2360 ὰκοσμόν
652 2334 680 2350 τε
696 2324 738 2351 καὶ
754 2322 871 2357 ἀκαλλῆ.

125 2373 139 2393 ι
157 2362 202 2392 Ἐν
224 2367 263 2401 τῷ
289 2365 383 2402 κόσμῳ
403 2365 446 2402 ἦν,
472 2367 514 2394 καὶ
539 2367 552 2394 ὁ
579 2367 680 2405 κόσμος
708 2367 741 2395 δι’
757 2368 835 2396 αὑτοῦ
850 2368 909 2407 ὲγὲ-

77 2419 152 2445 νετο,
169 2410 213 2436 καὶ
228 2410 242 2437 ὁ
269 2409 370 2447 κόσμος
395 2410 472 2438 αὐτὸν
496 2411 542 2439 οὔκ
568 2411 648 2450 ἔγνω,
668 2424 679 2440 ο
709 2411 751 2441 Ἐν
767 2416 804 2450 τῷ
819 2413 913 2450 κόσμψ

77 2455 115 2486 ἦν
144 2454 181 2484 ὡς
204 2454 269 2486 Θεὸς
297 2458 437 2494 πανταχοῦ
473 2457 564 2494 παρών
583 2464 589 2470 ·
612 2456 682 2484 ἀλλὰ
710 2456 742 2491 δὴ
773 2458 817 2485 καὶ
845 2458 912 2485 κατὰ

80 2499 260 2537 προνοητικὸν
275 2500 319 2527 καὶ
335 2500 511 2540 συνεικ]τικὸν
538 2500 647 2538 λεγθείη
674 2501 705 2529 ἂν
725 2502 751 2529 ἐν
766 2505 804 2538 τῷ
820 2502 912 2539 κόσμῳ

78 2544 166 2574 εἶναι.
198 2544 287 2573 Καίτοι
309 2546 335 2573 τί
357 2551 444 2580 τοῦτο,
466 2547 542 2586 φησὶ,
569 2547 650 2585 λέγω,
666 2547 706 2575 ὅτι
722 2547 748 2575 ἐν
766 2551 804 2583 τῷ
818 2548 912 2585 κόσμῳ

78 2589 127 2628 ἦν,
159 2588 226 2617 ὅπου
247 2600 276 2627 γε
297 2588 355 2618 οὒδὲ
371 2591 384 2618 ὁ
405 2591 508 2628 κόσμος
533 2590 563 2618 ἂν
586 2591 629 2628 ἦν,
646 2592 722 2629 εἰμὴ
739 2593 816 2623 αὐτὸς
833 2593 910 2620 αὐτὸν

78 2634 190 2668 ἐποίησε
207 2644 215 2674 ;
233 2636 406 2674 Πανταχόθεν
431 2635 458 2664 δὲ
476 2637 643 2675 Δημιουργὸν
659 2638 736 2666 αὐτὸν
756 2636 882 2665 δείννυσιν
900 2648 906 2654 ι

75 2679 133 2717 ἅμα
161 2680 211 2717 μὲν
239 2681 282 2707 καὶ
304 2680 353 2713 τὴν
375 2685 421 2710 τοῦ
443 2682 573 2713 Μένεντος
604 2682 700 2711 λύσσαν
729 2681 907 2722 ἀναστέλλων,

76 2728 125 2753 τοῦ
146 2723 284 2764 λέγοντος,
326 2726 442 2765 πονηρὸν
479 2725 640 2766 δημιουργὸν
680 2733 846 2766 παραγαγεῖν
875 2728 908 2755 τὰ

74 2770 215 2808 σύμπαντα
233 2779 240 2787 '
258 2769 327 2798 ἀλλὰ
351 2769 384 2804 δὴ
404 2772 448 2799 καὶ
469 2772 519 2805 την
541 2775 587 2800 τοῦ
611 2771 723 2812 Ἀρείου,
741 2776 787 2801 τοῦ
802 2773 905 2812 φήσαν-

73 2825 119 2848 τος
141 2815 240 2853 κτίσμα
269 2815 340 2843 εἶναι
363 2816 408 2845 τὸν
439 2817 497 2845 run
539 2817 583 2846 τοῦ
612 2821 678 2848 θεοῦ
716 2817 772 2856 ἅμα
801 2817 828 2845 δὲ
864 2819 907 2846 καὶ

959 1617 1078 1638 omnem
1087 1607 1250 1638 hominem.
1269 1606 1299 1638 Si
1311 1606 1397 1646 igitur
1407 1605 1551 1643 malignus
1562 1605 1612 1636 ille
1626 1605 1724 1645 opifex
1738 1610 1782 1636 te-

961 1652 1061 1683 nebrae
1073 1651 1246 1692 est,nullum
1257 1651 1359 1691 utique
1373 1650 1523 1681 illuminat
1538 1661 1544 1679 :
1556 1654 1643 1690 atque
1653 1650 1692 1681 ita
1707 1659 1784 1681 verm

961 1697 1035 1729 lucis
1044 1702 1186 1728 creatum
1194 1706 1311 1727 sumus.
1330 1697 1363 1726 Et
1372 1696 1532 1736 quomodo,
1548 1695 1654 1736 inquit,
1670 1695 1781 1726 illumi-

959 1746 1009 1773 nat
1021 1751 1139 1773 omnem
1167 1742 1332 1777 hominem,
1351 1750 1417 1771 cum
1431 1740 1583 1771 videamus
1599 1744 1657 1770 tam
1673 1740 1782 1771 multos

961 1786 1186 1818 obtenebratos?
1196 1785 1341 1822 Quantum
1353 1785 1389 1815 ad
1400 1786 1496 1826 ipsum
1508 1785 1622 1822 attinet,
1636 1784 1782 1814 illuminat

961 1840 1077 1863 omnes.
1093 1831 1146 1862 Dic
1158 1830 1495 1870 enim,obsecro,nonne
1506 1838 1610 1859 omnes
1621 1829 1782 1860 rationales

959 1879 1049 1907 sunt?
1059 1885 1158 1907 nonne
1170 1885 1274 1906 omnes
1290 1879 1394 1905 natura
1409 1873 1536 1906 scientes
1552 1873 1661 1906 bonum
1674 1881 1705 1907 et
1716 1886 1780 1907 ma-

958 1920 1019 1951 lum
1033 1921 1046 1951 ?
1062 1930 1161 1951 nonne
1176 1929 1280 1951 omnes
1293 1919 1405 1951 habent
1427 1919 1565 1951 virtutem
1581 1929 1617 1950 ex
1633 1921 1781 1952 creaturis

956 1963 1154 2004 cognoscendi
1165 1967 1335 1995 Creatorem
1349 1968 1362 1995 ’ἰ
1382 1964 1417 1994 Ει
1428 1963 1469 1995 ita
1479 1963 1554 1994 ratio
1566 1963 1735 2002 datanobis,
1753 1970 1781 1996 et

956 2013 1061 2040 natura
1077 2019 1131 2040 nos
1142 2009 1304 2046 instruens,
1315 2018 1381 2049 quae
1392 2013 1421 2039 et
1431 2008 1574 2039 naturalis
1585 2009 1631 2040 lex
1647 2013 1778 2050 vocatur,

957 2055 1021 2085 hac
1033 2058 1133 2085 vocata
1149 2059 1193 2085 est
1210 2053 1258 2084 lux
1272 2053 1359 2085 nobis
1374 2063 1390 2084 a
1405 2053 1465 2086 Deo
1480 2053 1559 2085 data.
1576 2053 1659 2090 Quod
1676 2054 1701 2085 si
1715 2055 1780 2095 qui-

955 2099 1022 2130 dam
1030 2101 1144 2130 ratione
1156 2101 1201 2130 usi
1214 2109 1272 2130 non
1284 2099 1520 2139 sunt,liiseipsos
1532 2098 1776 2130 obtenebrarunt.

955 2143 1095 2175 Nonnulli
1107 2144 1183 2175 hanc
1196 2143 1409 2174 dubitationem
1421 2143 1461 2174 ita
1470 2144 1605 2175 solvunt:
1616 2143 1777 2180 llluminat.

956 2189 1104 2229 inquiunt,
1123 2188 1265 2219 Dominus
1280 2198 1399 2219 omnem
1411 2187 1560 2219 hominem
1575 2188 1779 2220 venientemin

927 2219 948 2244 θ
960 2219 1102 2264 mundum
1118 2243 1124 2264 ι
1138 2233 1194 2264 hoc
1206 2238 1316 2273 est,ens
1332 2232 1382 2273 qui
1393 2237 1461 2263 sunt
1476 2232 1506 2263 in
1518 2237 1592 2264 statu
1609 2233 1738 2272 meliori,
1751 2238 1780 2265 et

958 2278 1062 2308 dantes
1075 2287 1194 2318 operam
1211 2282 1244 2308 ut
1259 2282 1381 2308 ornetur
1392 2277 1491 2308 anima
1506 2287 1568 2313 sua,
1587 2287 1685 2318 neque
1698 2279 1777 2309 illam

955 2321 1119 2353 inornatam
1137 2328 1166 2353 et
1182 2328 1298 2362 turpem
1316 2331 1381 2353 esse
1397 2322 1540 2354 sinentes.

994 2368 1139 2398 Vsus-l0.
1150 2367 1197 2397 «In
1214 2367 1324 2397 mundo
1340 2371 1412 2404 erat,
1426 2371 1454 2398 et
1471 2367 1599 2398 mundus
1613 2378 1666 2409 per
1681 2369 1776 2409 ipsum

953 2413 1049 2444 factus
1060 2416 1151 2448 est,et
1161 2411 1290 2442 mundus
1303 2421 1370 2442 eum
1383 2421 1441 2442 non
1453 2413 1654 2452 cognovit.-In
1667 2414 1777 2445 mundo

955 2461 1029 2493 erat,
1048 2457 1124 2487 sicut
1138 2456 1216 2487 Deus
1231 2456 1343 2496 ubique
1360 2465 1490 2495 praesens
1519 2457 1595 2493 Quin
1613 2461 1641 2488 et
1657 2462 1778 2497 propter

953 2502 1217 2541 providentiam,et
1228 2501 1458 2532 conservativam
1468 2501 1524 2532 vim
1537 2502 1698 2542 quaomnia
1708 2512 1778 2533 con-

953 2545 1209 2586 servat,dicendus
1221 2550 1264 2576 est
1276 2546 1306 2576 in
1322 2546 1432 2576 mundo
1445 2555 1529 2577 esse:
1543 2546 1623 2586 atqui
1639 2555 1692 2577 cur
1707 2547 1774 2583 hoc,

952 2590 1060 2630 inquit,
1077 2590 1144 2620 dico
1161 2591 1238 2630 quod
1256 2590 1285 2620 in
1302 2590 1412 2620 mundo
1424 2590 1666 2631 fuerit,quoniam
1680 2600 1776 2631 neque

952 2635 1080 2666 mundus
1096 2635 1159 2675 ipse
1174 2634 1294 2673 fuisset,
1317 2634 1372 2665 nisi
1388 2635 1436 2666 ille
1460 2636 1554 2675 ipsum
1571 2636 1776 2667 condidisset?

950 2679 1066 2720 Ubique
1083 2680 1178 2720 ipsum
1195 2679 1326 2709 ostendit
1346 2679 1496 2720 opificem.
1515 2681 1620 2720 partim
1636 2685 1667 2712 ut
1682 2681 1773 2712 Mani-

949 2724 1021 2755 chaai
1034 2724 1178 2755 insaniam
1191 2724 1434 2764 reprimeret,qui
1447 2725 1519 2756 dicit
1536 2725 1695 2765 malignum
1711 2726 1773 2766 opi-

950 2771 1034 2801 licem
1052 2768 1226 2808 produxisse
1241 2768 1343 2799 omnia
1361 2773 1410 2799 :et
1424 2769 1527 2800 Arium
1544 2770 1773 2810 confutaret,qui

947 2816 1020 2847 dixit
1034 2813 1141 2846 Filium
1154 2813 1204 2845 Dei
1214 2818 1279 2845 eSse
1290 2818 1455 2847 creaturam
1472 2824 1478 2844 :
1493 2815 1599 2856 partim
1611 2820 1643 2847 ut
1653 2823 1772 2857 omnem
