1959 3069
49 145 132 176 £229

402 143 624 177 ENARRATIO
645 143 687 176 IN
710 143 962 177 EVANGELIUM
984 144 1156 178 JOANNIS.
1173 161 1209 168 —
1232 146 1314 178 CAP.
1339 147 1390 179 IV.

1669 151 1681 180 Ι
1688 147 1747 181 230

42 214 174 244 ἐκάλουν.
206 212 323 243 Ἐκεῖνοι
353 213 380 242 δὲ
407 217 454 243 τοῦ
476 212 596 253 Ἀϐραὰμ
619 214 663 242 καὶ
685 212 781 242 Ἰακὼϐ
813 215 815 238 ἐ

972 221 987 243 ι’
1001 213 1111 244 fontem
1126 223 1215 255 quem
1228 214 1290 245 illic
1306 214 1461 252 habuerat,
1471 217 1609 256 proprius
1625 217 1744 248 illornm

157 259 304 298 ἀπογόνους
347 259 496 297 ὠνόμαζον.
542 254 583 287 ’Ὂ
623 270 653 287 τε
682 259 732 297 γὰρ
757 257 879 298 Ἀϐραὰμ

45 302 187 336 Χαλδαῖος
215 303 261 341 ἦν,
291 303 304 331 ὅ
332 315 360 332 τε
391 302 486 332 Ἰακὼϐ
515 302 557 331 διὰ
599 305 649 337 τὴν
677 303 764 331 ἐκεῖσε
788 303 879 343 πηγὴν

38 349 146 380 οἰκεῖος
171 348 263 380 αὐτοῖς
301 347 443 388 ἐλογίζετο.
488 349 517 376 Οἱ
559 349 621 387 γοῦν
650 347 775 376 Ἰουδαῖοι
811 347 883 385 μετὰ

40 393 155 421 πάντων
198 396 251 421 τῶν
295 393 403 421 ἐθνικῶν
448 393 492 420 καὶ
541 393 632 424 αὖτοὺς
668 390 853 420 ἱϐδελύσσοντο
868 399 875 406 '

41 437 106 464 ὅθεν
134 438 178 465 καὶ
207 440 245 474 τῷ
275 438 359 477 Κυρίῳ
383 435 620 477 προσονειδίζοντες
648 436 759 476 ἔλεγον
793 448 805 465 ιι
822 440 876 464 Σα-

43 482 181 522 μαρείτης
210 482 250 513 εἴ,
276 494 289 509 ι
316 483 364 511 Καὶ
386 483 462 513 αὖτὸς
485 481 511 509 δὲ
534 489 592 514 τοῖς
615 483 750 519 μαθηταῖς
776 481 850 520 ἔλεγε
867 489 875 496 θ

48 538 65 553 «ι
87 528 131 559 Εἰς
161 526 237 555 πόλιν
267 527 440 565 Σαμαρειτῶν
470 527 509 564 μὴ
537 526 682 559 εἰσέλθητε.
711 538 725 553 ι
750 528 824 558 Τίνος
849 524 877 554 δὲ

43 572 140 599 ἕνεκεν
169 573 182 600 ὁ
212 571 401 610 εὒαγγελιστὴς
426 572 486 611 περὶ
511 575 558 600 τοῦ
584 571 684 611 χωρίιιυ
707 574 754 599 τοῦ
781 569 877 600 Ἰακὼϐ

43 619 92 645 καὶ
123 619 172 650 τῆς
202 617 294 655 πηγῆς
316 615 557 656 ἀκριϐολογεῖται;
602 618 709 654 Πρῶτον
740 616 802 653 μὲν,
831 615 876 644 ἵνα

42 664 111 690 δταν
141 662 257 701 ἀκούσῃς
286 664 335 696 τῆς
365 662 488 701 γυναικὸς
511 661 654 701 λεγούσης,
681 661 721 689 ὅτι
750 671 762 688 ι
780 660 877 689 Ἰακὼϐ

39 708 54 734 ὁ
87 707 177 746 πατὴρ
205 708 284 744 ἡμῶν
309 706 403 734 ἔδωκεν
432 707 500 744 ἡμῖν
529 707 576 740 τὴν
606 706 698 745 πηγὴν
725 706 836 744 ταύτην,
855 717 868 734 ι

39 752 83 789 μὴ
108 751 238 790 ξενισθῇς.
271 747 299 780 10
328 752 378 790 γὰρ
399 751 481 783 τόπος
503 751 607 783 ἐκεῖνος
635 752 669 784 ἦν
697 751 730 779 τὰ
755 750 868 788 Σύκιιαα,

39 796 105 824 ἔνθα
136 798 159 824 οἱ
187 797 236 824 υἱοὶ
265 795 361 824 Ἰακὼϐ
387 797 497 834 Σδμεὼν
525 796 569 825 καὶ
598 797 663 824 Λευ³ι
689 796 734 824 τὸν
750 794 870 835 χαλεπὸν

42 259 111 290 τεὺς

920 257 1130 298 putabatur.At
1144 257 1239 290 Judaei
1254 269 1321 291 cum
1338 260 1477 299 gentibus
1492 261 1557 292 aliis
1574 261 1662 293 etiam
1672 263 1745 294 istos

920 301 1262 335 abominabanturzunde
1276 308 1306 336 et
1321 304 1446 335 Domino
1461 306 1677 346 opprobrantes
1695 307 1743 338 di-

920 345 1038 391 cebant,
1053 360 1065 375 ι(
1083 346 1284 379 Samaritanus
1300 358 1331 380 es
1347 349 1390 380 96.
1410 362 1422 378 ι
1442 345 1486 381 Et
1499 345 1562 391 ipse
1590 351 1744 391 discipulis

920 390 981 421 suis
996 391 1125 430 dicebat,
1145 392 1193 424 «In
1211 393 1357 424 civitatem
1372 390 1627 426 Samaritanorum
1643 390 1682 427 ne
1693 396 1743 427 in—

920 435 1066 466 traveritis
1080 437 1122 468 97.
1139 450 1150 465 u
1167 437 1264 473 Quare
1291 442 1390 470 autem
1418 440 1600 479 evangelista
1625 441 1662 471 de
1677 441 1742 472 loco

918 480 1007 511 Jacob
1024 485 1054 511 et
1067 481 1148 512 fonte
1173 486 1231 513 tam
1259 482 1418 522 diligenter
1445 483 1580 516 disserit?
1611 485 1741 517 Primum

918 525 1052 565 quidem,
1071 530 1102 557 ut
1122 527 1239 567 quando
1252 527 1384 559 audieris
1408 528 1555 560 dicentem
1573 529 1740 568 mulierem,

921 569 1024 600 «Pater
1039 575 1139 603 noster
1153 571 1242 603 Jacob
1257 571 1340 603 dedit
1355 572 1441 604 nobis
1457 573 1566 605 fontem
1582 575 1742 613 illum,nne

918 613 1047 645 mireris.
1060 615 1155 647 Locus
1168 616 1247 647 enim
1265 617 1315 647 ille
1327 622 1389 648 erat
1397 617 1467 648 555
1477 619 1603 658 Sycima.
1621 619 1670 650 ubi
1688 620 1740 651 lilii

915 659 1005 690 Jacob
1016 659 1137 691 Simeon
1149 665 1178 692 et
1201 662 1266 692 Levi
1283 671 1399 701 gravem
1417 663 1496 693 illam
1520 664 1632 695 caedem
1656 674 1740 696 com-

918 703 1106 750 miserunt”,
1123 715 1158 736 eo
1175 706 1253 746 quod
1269 715 1403 737 Sororem
1418 707 1536 738 illorum
1565 709 1669 740 Dinam
1686 720 1739 750 op-

912 754 1058 789 presserat
1081 749 1265 791 Sycimorum
1289 751 1439 791 princeps.
1468 753 1593 792 Insuper
1620 759 1649 786 et
1682 749 1739 786 hoc

915 793 1070 834 discimus,
1089 804 1125 826 ex
1140 805 1176 826 eo
1192 795 1270 836 quod
1287 796 1468 835 evangelista
1480 797 1566 828 nobis
1590 803 1692 830 narrat
1705 808 1742 830 ea

41 841 151 870 ἐκεῖνον
178 841 333 880 εἰργάσαντο
355 840 446 880 φόνον,
473 839 515 870 διὰ
538 841 569 868 τὸ
585 841 633 874 τὴν
649 839 764 879 ἀδελφὴν
786 840 814 868 αὖ

964 848 982 869 ae
998 839 1035 870 de
1049 839 1130 871 fonte
1141 844 1171 872 et
1184 841 1260 878 loco,
1277 841 1356 888 quod
1371 841 1457 888 etiam
1470 842 1539 872 olim
1555 843 1662 883 rejecti
1672 844 1737 874 fue-

45 893 148 914 Δεῖναν
189 886 328 924 βιασθῆναι
373 886 425 914 ὑπὸ
455 889 502 914 τοῦ
540 888 692 923 Συκιμιτῶν
732 883 873 924 ἄρχοντος.

43 930 63 943 ’¹
72 935 172 959 Επειτα
187 929 214 958 δὲ
229 930 273 958 καὶ
289 931 366 958 τοῦτο
389 931 555 968 μανθανομεν
576 929 629 958 ἀπὸ
646 934 693 959 τοῦ
719 929 765 957 τὸν
794 931 875 968 εὸαγ-

44 975 175 1015 γελιστὴν
195 974 352 1014 καταλέγειν
392 976 460 1012 ἡμῖν
488 976 521 1003 τὰ
549 975 608 1014 περὶ
636 975 683 1002 τοῦ
706 973 807 1014 χωρίου
832 974 875 1002 καὶ

42 1024 96 1056 τῆς
125 1024 229 1063 πηγῆς³
260 1021 300 1049 ὅτι
328 1022 345 1055 ἡ
384 1024 437 1049 τῶν
475 1019 609 1051 Ἰουδαίων
637 1020 759 1054 ἀποϐολὴ
791 1020 873 1049 πάλαι

41 1067 153 1106 ὶγένετο
176 1066 217 1095 διὰ
243 1067 289 1097 τὰς
320 1067 449 1105 ἁμαρτίας
472 1068 558 1095 αὐτῶν
575 1075 582 1084 ·
615 1067 658 1094 καὶ
673 1065 874 1105 προσκρουσάν-

40 1123 99 1140 των
117 1113 202 1140 αὐτῶν
224 1115 263 1149 τῷ
280 1115 350 1151 Θεῷ,
366 1112 389 1139 οἰ
405 1112 501 1139 ἐθνικοὶ
523 1111 657 1151 κατέσχον
673 1111 733 1143 τοὺς
750 1110 846 1141 τόπους
864 1118 871 1125 ·

41 1158 91 1185 καὶ
121 1156 138 1184 ἃ
170 1157 193 1184 οἰ
233 1157 396 1196 πατριάρχαι
432 1155 474 1184 διὰ
505 1156 553 1190 τὴν
583 1157 618 1189 εἰς
648 1156 760 1195 Χριστὸν
787 1156 873 1183 πίστιν

41 1202 205 1238 ἐκτήσαντο,
236 1205 318 1229 ταῦτα
340 1201 413 1230 αὖτοί
440 1200 483 1229 διὰ
511 1201 560 1234 τὴν
585 1199 737 1229 δυσσέϐειαν
763 1199 873 1228 ἀπώλε-

42 1257 106 1276 σαν.
141 1241 229 1274 ’Ὥστε
258 1246 331 1274 οὒὲἒν
359 1246 460 1283 καινὸν,
489 1245 547 1274 οὑδὲ
572 1249 615 1274 νῦν
632 1246 653 1274 εἰ
668 1246 690 1273 οἱ
707 1245 803 1273 ἐθνικοὶ
817 1244 874 1273 ἀντὶ

42 1294 100 1318 τῶν
127 1291 259 1319 Ἰουδαίων
302 1291 467 1331 εἰσήχθησαν
511 1291 546 1323 είς
576 1291 625 1324 τὴν
656 1289 791 1329 βασιλείαν
819 1292 872 1318 τῶν

917 884 975 915 rint
990 889 1111 924 propter
1127 889 1247 925 peccata
1261 894 1315 916 sua
1324 885 1430 924 Judaei,
1454 891 1482 917 et
1509 897 1577 918 cum
1596 888 1740 919 oﬂ‘endis-

916 932 982 959 sent
998 931 1104 965 Deum.
1121 933 1224 969 gentes
1252 929 1370 960 illorum
1399 930 1462 962 loca
1484 932 1692 972 possederint:
1711 937 1742 964 et

915 983 980 1014 quae
992 973 1167 1014 patriarcha:
1182 978 1304 1015 propter
1317 983 1401 1005 suam
1416 974 1446 1006 in
1463 977 1556 1007 Deum
1569 977 1657 1008 ﬁdem
1675 987 1741 1018 pos-

915 1019 1066 1055 sederant,
1085 1028 1119 1050 ea
1133 1019 1174 1049 illi
1201 1024 1322 1060 propter
1350 1019 1533 1060 impietatem
1549 1022 1711 1053 amiserunt
1730 1033 1737 1054 :

916 1067 946 1094 et
961 1063 1000 1094 ita
1017 1063 1091 1094 nihil
1109 1071 1216 1094 novum
1230 1064 1253 1094 si
1269 1068 1298 1094 et
1318 1073 1397 1095 nunc
1411 1065 1535 1104 gentiles
1557 1075 1609 1105 pro
1627 1067 1739 1098 Judaais

916 1108 946 1138 in
961 1117 1085 1147 regnum
1098 1108 1240 1138 caelorum
1258 1109 1315 1139 sint
1331 1108 1502 1141 introducti.
1521 1110 1668 1142 Praedium
1684 1121 1737 1142 au-

916 1157 974 1184 tem
992 1153 1071 1193 quod
1090 1152 1172 1183 dedit
1185 1153 1275 1184 Jacob
1288 1153 1411 1193 Joseph,
1429 1154 1544 1194 Sycima
1571 1154 1739 1195 dicebatur.

915 1197 1058 1235 Quoniam
1072 1198 1149 1229 enim
1176 1198 1229 1228 ﬁlii
1255 1198 1347 1229 Jacob
1363 1199 1519 1238 Sycimitas
1535 1199 1734 1240 perdiderant,

915 1247 943 1274 et
957 1243 1104 1274 civitatem
1125 1242 1347 1274 desolaverant:
1365 1252 1429 1274 eam
1456 1248 1559 1284 utpote
1574 1244 1736 1277 desolatam

915 1291 997 1328 pater
1012 1288 1041 1318 in
1052 1286 1257 1319 hmreditatem
1273 1287 1333 1318 tilio
1347 1287 1457 1328 Joseph
1470 1288 1553 1319 dedit

46 1337 178 1375 039:1me
198 1336 233 1364 Τὸ
249 1335 275 1363 δὲ
291 1336 390 1376 χωρίον
420 1336 433 1363 ὃ
461 1334 558 1364 ἔδωκεν
588 1334 683 1364 Ἰακὼϐ
698 1338 736 1372 τῷ
762 1333 871 1374 Ἰωσὴφ,
898 1335 1005 1371 Σύκιμα
1034 1332 1150 1372 ἔλεγε-το.
1184 1333 1257 1362 Ἐπεὶ
1281 1334 1330 1372 γὰρ
1359 1333 1381 1361 οἱ
1398 1332 1492 1366 παῖδες
1508 1335 1552 1362 τοῦ
1567 1334 1663 1364 Ἰακὼϐ
1675 1337 1735 1368 τοὺς

44 1381 196 1418 Συκιμίτας
211 1379 400 1421 ἀπολέσαντες⁷
417 1381 466 1415 τὴν
482 1380 559 1409 πόλιν
588 1379 769 1417 ἐξερήμωσαν,
785 1380 885 1413 ταύτην
906 1379 939 1412 δὴ
952 1379 1000 1412 τὴν
1015 1377 1227 1416 ὲξερημωθεῖσαν
1243 1376 1353 1406 δέδωκεν
1368 1379 1404 1409 εἰς
1420 1377 1520 1416 κλῆρον
1534 1382 1572 1416 τῷ
1595 1378 1693 1421 Ἰωσὴφ
1722 1382 1735 1410 ὁ

41 1426 135 1464 πατήρ
140 1449 147 1457 ,

93 1482 105 1498 α
134 1466 162 1499 Ὀ
185 1475 228 1499 οὖν
254 1472 358 1504 Ἰησοῦς
387 1471 555 1503 κεκοπιακὼς
580 1470 610 1498 ἐκ
636 1471 685 1504 τῆς
715 1469 866 1509 ὁδοιπορίας

960 1468 1050 1498 Vens.
1066 1466 1244 1499 6-8.:Jesus
1260 1476 1331 1506 ergo
1346 1467 1482 1506 fatigatus
1497 1477 1530 1499 ex
1547 1468 1666 1508 itinere,
1683 1480 1733 1502 se-

41 1515 181 1550 ὲκαθέζετο
197 1516 278 1547 οὕτως
301 1515 344 1543 ἐπὶ
367 1519 401 1552 τῇ
423 1518 512 1554 πηγῇ.
538 1510 612 1554 υΩραι
638 1517 671 1549 ἦν
699 1515 761 1542 ὡσεὶ
789 1514 814 1542 ἓν

959 1517 1000 1543 iat
1013 1512 1056 1543 sic
1069 1521 1160 1552 super
1188 1512 1308 1542 fontem.
1338 1512 1418 1543 Hora
1443 1518 1506 1544 erat
1529 1513 1624 1545 ferme
1639 1520 1732 1557 sexta;

39 1559 181 1600 ’Ἔρχεται
211 1560 277 1599 γυνὴ
305 1560 332 1588 ἐγ
359 1562 409 1593 τῆς
439 1560 588 1597 Σαμαρείας
625 1559 754 1593 ἀντλῆσαι
786 1558 812 1586 ῧὲ

958 1558 990 1588 iit
1004 1557 1112 1588 mulier
1121 1557 1315 1595 Samaritana,
1329 1561 1360 1588 ut
1375 1557 1509 1588 hauriret
1520 1567 1637 1598 aquam,
1656 1561 1731 1592 Dicit

40 1604 121 1644 ,λέγει
151 1607 219 1643 αὖτῇ
248 1606 262 1633 ὁ
292 1604 395 1638 ’Ῐησοῦς
410 1613 416 1620 ·
443 1605 494 1637 Δός
517 1616 562 1642 μοι
587 1611 671 1634 πιεῖν.
689 1605 718 1633 Ol
740 1604 789 1644 γὰρ
811 1616 813 1640 ι

958 1602 1093 1633 Iesus-Da
1110 1601 1181 1632 mihi
1198 1602 1276 1642 quod
1292 1601 1404 1633 bibam.
1417 1602 1492 1633 Nam
1510 1602 1648 1644 discipuli
1664 1605 1731 1645 ejus

41 1650 123 1683 θηταὶ
152 1651 230 1678 αὐτοῦ
254 1649 465 1683 ἀπεληλύθεισαν
486 1650 523 1682 εἰς
544 1649 593 1683 τὴν
621 1649 711 1687 πόλιν,
731 1649 777 1677 ’ίνα
802 1660 814 1677 τ

959 1651 1043 1678 erant
1057 1646 1087 1677 in
1103 1646 1250 1677 civitatem
1266 1646 1388 1677 utcibos
1406 1652 1553 1678 emerent.
1570 1660 1581 1675 ι
1613 1648 1732 1690 Fatiga-

43 1696 97 1734 σρὰς
128 1695 304 1734 ἀγοράσωσιν.
343 1706 357 1722 »
402 1695 594 1724 Κεκοπιακέναι
631 1697 676 1722 τὸν
714 1694 811 1734 Κύριον
839 1694 870 1722 ἐκ

45 1739 96 1773 τῆς
128 1738 275 1779 ὁδοιπορίας
312 1740 419 1779 φάσκων
463 1741 476 1768 ὁ
512 1738 715 1779 εὖαγγελιστὴς,
745 1738 872 1770 δείκνυσιν

47 1785 118 1821 ἡμῖν
140 1783 196 1821 ἅμα
218 1783 266 1821 μὲν
292 1785 323 1812 τὸ
350 1783 447 1825 ἄτυφον
476 1786 555 1814 αὑτοῦ
579 1785 622 1812 καὶ
644 1783 783 1822 ἀπέριττον
807 1783 874 1819 (οὐδὲ

46 1830 99 1868 γὰρ
130 1829 278 1868 ὑποζυγίοις
307 1829 405 1869 ἐχρᾶτο
442 1830 507 1868 πρὸς
544 1829 591 1863 τὴν
617 1828 777 1869 ὁδοιπορίαν,
806 1828 875 1858 ἀλλὰ

47 1874 130 1908 πεζὸς
159 1872 250 1911 ὥδευε,
293 1872 423 1901 παιδεύων
469 1874 511 1902 καὶ
540 1873 612 1912 ἡμᾶς
645 1874 676 1901 τὸ
706 1873 745 1911 μὴ
767 1873 874 1902 πολλῶν

45 1918 178 1958 δεῖσθαι),
209 1918 264 1956 ἅμα
286 1917 313 1946 δὲ
337 1919 380 1946 καὶ
402 1919 432 1946 τὸ
451 1918 583 1950 συντόνως
607 1919 684 1948 αὐτὸν
706 1917 804 1946 ὁδεύειν
830 1919 873 1946 καὶ

45 1963 85 2001 μὴ
107 1963 239 2001 ῥᾳθύμως.
258 1962 302 1995 Ἐξ
324 1964 354 1991 οὗ
371 1963 538 2001 μανθάνομεν
567 1963 611 1991 καὶ
637 1963 720 2001 ἢμεῖς
749 1963 780 1991 τὸ
806 1964 873 2001 μετᾶ

43 2008 181 2040 συντονίας
210 2009 253 2036 καὶ
296 2007 448 2046 ἐπιμελείας
491 2008 615 2047 πράττειν
653 2009 683 2036 τὸ
725 2007 799 2048 ἔργον
828 2009 875 2036 τοῦ

45 2057 123 2082 Θεοῦ.
156 2053 191 2081 Τὸ
217 2051 256 2090 δὲ,
288 2068 299 2083 ι
317 2052 473 2088 Ἐκαθέζετο
502 2052 582 2093 οὕτω,
600 2065 613 2081 ι
637 2053 762 2091 σημαίνοι
791 2051 821 2081 ἂν
843 2054 874 2081 τὸ

911 1695 972 1722 tum
1010 1691 1166 1723 Dominum
1198 1701 1232 1722 ex
1256 1691 1363 1722 itinere
1393 1700 1516 1722 narrans
1541 1694 1730 1733 evangelista,

914 1736 1042 1767 ostendit
1058 1735 1142 1767 nobis
1159 1736 1315 1766 Dominum
1342 1745 1358 1766 a
1386 1736 1463 1768 fastu
1478 1741 1506 1768 et
1521 1746 1621 1768 rerum
1637 1738 1734 1769 abun-

916 1781 1016 1812 dantia
1031 1781 1163 1812 alienum
1180 1781 1354 1813 fuisse.Non
1370 1781 1449 1812 enim
1468 1782 1614 1821 jumentis
1629 1783 1735 1815 uteba-

916 1830 963 1857 tur
977 1826 1012 1856 ad
1030 1825 1153 1866 iter,sed
1170 1825 1498 1866 pedcsibat,instruens
1512 1826 1599 1857 etiam
1613 1837 1666 1858 nos
1677 1838 1736 1860 non

915 1870 1015 1901 multis
1031 1880 1104 1910 opus
1120 1870 1369 1910 habereJnsuper
1381 1870 1592 1910 dicitetipsum
1604 1872 1738 1904 incidere

915 1921 1081 1955 strenue,et
1096 1926 1153 1947 non
1172 1917 1325 1956 ignaviter.
1343 1916 1385 1947 Ex
1401 1925 1459 1957 quo
1474 1917 1618 1949 discimus
1641 1922 1671 1949 et
1683 1928 1738 1951 nos

914 1967 947 1994 ut
963 1971 1029 1993 cum
1043 1962 1208 1992 constantia
1223 1966 1252 1992 et
1265 1961 1416 2001 diligentia
1431 1961 1574 1993 faciamus
1584 1971 1658 2002 opus
1673 1962 1737 1994 Dei.

914 2006 998 2043 Quod
1013 2011 1110 2038 autem
1127 2006 1249 2037 sedebat
1264 2006 1318 2044 sic,
1335 2005 1483 2046 signiﬁcat
1507 2006 1693 2046 simpliciter,
1710 2013 1740 2040 et

915 2055 947 2082 ut
960 2052 1035 2082 forte
1049 2050 1270 2088 obveniebat,et
1285 2060 1344 2081 non
1359 2059 1452 2090 super
1462 2050 1544 2087 sede,
1558 2051 1609 2081 sed
1627 2051 1740 2093 simpli-

43 2098 138 2129 ἁπλῶς
153 2095 204 2126 ’καὶ
225 2099 262 2129 ὡς
284 2097 374 2138 ἔτυχε,
405 2098 450 2126 καὶ
478 2097 518 2127 ὅτι
541 2097 589 2126 οὒκ
614 2098 657 2126 ἰπὶ
685 2098 789 2135 θρόνου,
812 2111 816 2125 ι

965 2106 988 2127 :r
1007 2096 1144 2126 videlicet
1154 2105 1245 2135 super
1257 2094 1609 2136 pavimento,re!'ocillans
1618 2105 1738 2137 corpus,

45 2142 142 2180 οὕτως,
169 2142 274 2181 ἀφελῶς
303 2134 440 2183 δηλονότι,
470 2143 513 2171 ἐπι
542 2142 650 2184 ἐδάφους
673 2134 814 2172 ἀναπαύων

965 2141 1034 2181 ipud
1047 2140 1157 2171 fontem
1173 2134 1204 2170 se
1220 2134 1371 2171 recreans.
1390 2134 1506 2171 Deinde
1522 2144 1552 2171 et
1566 2140 1654 2170 aliam
1666 2134 1738 2172 caui

50 2190 141 2225 σῶμα,
158 2188 203 2216 καὶ
217 2188 289 2227 παρά
313 2188 346 2221 τῆ
366 2190 444 2226 πηγῇ
470 2187 615 2228 ἀναψύχων
638 2187 713 2216 αὐτό.
737 2190 805 2216 Εἶτα
831 2188 875 2216 καὶ

48 2233 141 2272 ἱτὲραν
172 2233 256 2261 αἰτίαν
293 2232 392 2272 εἰσοίγει
422 2236 469 2261 τοῦ
497 2234 625 2266 καθῆσθαι
654 2233 732 2262 αὐτὸν
751 2233 822 2272 παρὰ
844 2235 877 2271 τῇ

48 2280 138 2317 πηγῇ,
163 2278 193 2305 τὸ
224 2279 295 2305 εἶναι
311 2277 437 2315 σταθερὰν
465 2276 641 2316 μεσημϐρίαν,
672 2287 683 2305 ι
705 2273 784 2317 ”Ωρα
813 2277 874 2318 γὰρ,

47 2323 140 2363 φησὶν,
169 2322 202 2356 ἧι
224 2323 287 2351 ὡσεὶ
317 2323 393 2356 ἕκτη.
415 2334 426 2351 ι
454 2318 542 2350 ιὨςπίεε
567 2322 611 2350 καὶ
625 2320 666 2350 διὰ
684 2323 715 2350 τὸ
729 2322 779 2356 τῆς
805 2321 875 2362 ὥρας

45 2367 189 2395 θαλπεινὸν
205 2365 291 2395 ἐδεῖτο
317 2367 488 2399 ἀναπαύσεώς
505 2377 534 2395 τε
564 2367 608 2395 καὶ
632 2366 796 2405 ἀναψύξεως.
826 2368 875 2396 Καὶ

45 2411 137 2445 ἄλλως
159 2410 186 2439 δέ
203 2420 209 2427 ¹
240 2411 286 2440 ἵνα
315 2412 353 2450 μή
382 2424 422 2449 τις
452 2412 603 2446 αἰτιάσηται
627 2412 672 2440 τὸν
697 2413 802 2451 Κύριον,
818 2414 875 2444 πῶς

46 2463 109 2489 τοῖς
141 2458 275 2495 μαθηταῖς
297 2458 376 2485 absab
405 2456 611 2496 ἐγκελευόμενος
646 2457 683 2488 εἰς
708 2455 766 2484 ὁδὸν
792 2458 873 2485 εθνῶν

47 2503 88 2541 μὴ
116 2501 254 2539 ἀπελθεῖν,
300 2502 378 2535 αὖτὸς
421 2503 458 2534 εἰς
497 2502 662 2542 Σαμαρείτας
686 2501 806 2542 ἔρχεται⁷
832 2500 874 2529 δια

44 2547 126 2576 τοῦτό
149 2558 243 2587 φησιν⁷
272 2545 312 2575 ὅτι
340 2548 357 2581 ἠ
385 2547 427 2575 ἐπὶ
454 2550 500 2575 τοῦ
527 2548 609 2575 τόπου
631 2546 741 2586 καθέδρα
769 2546 811 2575 διὰ
832 2547 876 2574 τὸν

49 2593 133 2621 κόπον
161 2593 266 2632 γέγονε,
288 2593 332 2620 καὶ
354 2592 395 2620 ὅτι
416 2593 433 2626 ἡ
463 2593 530 2632 πρὸς
559 2592 608 2626 τὴν
634 2591 751 2631 γυναῖκα
766 2591 876 2625 διάλεξις

50 2637 157 2676 εὔλογον
187 2639 265 2677 εἶχεν
294 2637 428 2677 ἀφορμὴν,
456 2638 486 2665 τὸ
515 2636 603 2674 δίψος,
635 2637 708 2665 Ἐπεὶ
735 2637 784 2676 γὰρ
801 2635 876 2674 ἐδίψα

50 2681 200 2714 ἀκολούθως
222 2683 290 2710 κατὰ
318 2682 348 2710 τὸ
389 2681 563 2722 ἀνθρώπινον,
603 2680 689 2710 ἐδεῖτο
713 2681 759 2710 καὶ
781 2682 872 2711 ποτοῦ.

48 2730 174 2761 Ζητοῡντι
197 2725 224 2755 δί
247 2726 339 2765 ὁμιλεῖ
359 2726 390 2756 τὸ
415 2726 521 2767 γύναιον
551 2725 657 2765 ὁμιλίαν
678 2727 771 2767 ψυχῆς
796 2726 875 2767 φιλο-

917 2195 978 2217 sam
994 2185 1107 2216 inducit
1124 2194 1216 2225 quare
1231 2184 1344 2215 sederit
1358 2184 1435 2225 apud
1451 2184 1648 2216 fontem.Erat
1660 2186 1740 2216 enim

918 2235 1036 2271 tempus
1051 2229 1362 2261 meridianumzuﬂora
1378 2229 1646 2270 enim,inquit,erat
1657 2231 1743 2271 quasi

917 2281 1021 2307 sexta:
1042 2289 1053 2304 η
1072 2280 1160 2316 atque
1184 2274 1272 2306 etiam
1288 2279 1409 2315 propter
1424 2275 1505 2305 horae
1521 2274 1649 2306 calorem
1668 2285 1742 2316 opus

918 2320 1043 2352 habebat
1059 2319 1207 2359 rit'rigerio
1219 2323 1248 2350 et
1262 2319 1460 2350 recreatione.
1481 2320 1532 2350 Vel
1547 2319 1635 2351 aliter
1657 2320 1740 2358 dicit,

917 2370 948 2397 ut
963 2375 1000 2396 ne
1015 2365 1081 2406 quis
1090 2365 1320 2405 reprehenderit
1333 2364 1743 2405 Dominum,quomodo,cum

917 2410 1100 2451 praecipisset
1114 2409 1267 2449 discipulis
1283 2414 1314 2440 ut
1327 2419 1364 2440 ne
1371 2410 1446 2440 viam
1459 2413 1591 2449 gentium
1603 2409 1742 2448 ingrede-

915 2456 1099 2495 rentur,ipse
1115 2454 1151 2485 ad
1168 2455 1374 2485 Samaritanus
1389 2456 1505 2486 venerit
1522 2464 1529 2486 :
1548 2455 1657 2486 idcirco
1672 2455 1745 2485 dicit

915 2500 993 2540 quod
1010 2500 1117 2530 sedens
1132 2499 1163 2530 in
1179 2498 1243 2530 loco
1262 2504 1383 2540 propter
1393 2499 1596 2538 fatigationem
1611 2499 1745 2536 fuerit,et

918 2545 996 2585 quod
1009 2544 1188 2584 colloquium
1201 2553 1267 2575 cum
1281 2544 1406 2575 muliere
1414 2543 1621 2575 rationabilem
1633 2542 1745 2574 habue-

918 2589 1172 2624 ritcausam,sitiin
1180 2588 1296 2620 scilicet
1307 2589 1449 2625 Quoniam
1458 2589 1536 2619 enim
1544 2587 1744 2622 sitiebat,con-

918 2638 1079 2675 sequenter
1091 2634 1219 2664 humano
1233 2643 1315 2664 more
1331 2634 1481 2673 indigebat
1509 2639 1537 2665 el
1555 2637 1634 2674 potu.
1655 2632 1744 2669 Qum-

917 2679 995 2710 renti
1006 2683 1104 2710 autem
1113 2678 1243 2709 occurrit
1258 2679 1479 2714 mulier,anima
1494 2679 1630 2711 discendi
1645 2678 1742 2710 avida.

918 2724 994 2761 Quid
1007 2724 1098 2765 igitur
1111 2733 1186 2765 opus
1201 2729 1263 2756 erat
1274 2723 1366 2756 facto?
1375 2724 1577 2765 repelleretne
1587 2723 1743 2756 mulierem

84 2806 118 2833 ⁸ο
129 2808 217 2839 Joan.
234 2815 297 2848 vm,
313 2807 344 2840 6.
387 2807 419 2834 οτ
435 2807 538 2840 Matth.
555 2817 585 2846 χ,
602 2808 629 2839 5.
674 2807 707 2833 ⁸ο
721 2808 797 2840 Gen.
814 2815 857 2839 xx

210 2831 217 2839 .
234 2815 297 2848 vm,
313 2807 344 2840 6.
387 2807 419 2834 οτ
435 2807 538 2840 Matth.
555 2817 585 2846 χ,
602 2808 629 2839 5.
674 2807 707 2833 ⁸ο
721 2808 797 2840 Gen.
814 2814 914 2848 xxxiv,
931 2806 982 2838 27.
