1959 3069
69 181 166 214 1241

446 181 668 213 ENARRATIO
691 182 731 214 IN
755 177 1007 212 EVANGELIUM
1031 180 1202 213 JOANNIS.
1229 199 1264 204 —
1280 182 1361 214 CAP.
1388 183 1439 213 IV.

1715 181 1788 215 1242

68 248 93 282 ἠ
128 249 216 287 γυνή’
247 258 259 276 ι
297 247 368 277 Οἶδα
403 247 443 276 ὅτι
466 246 573 288 ἲρχεται
590 247 716 280 Μεσσίας.
750 252 770 277 0
785 246 812 275 δὲ
828 246 934 287 Κύριος·

1017 254 1046 276 ιιε
1069 246 1109 277 sit
1122 247 1319 280 Messias.»At
1335 257 1414 280 nunc
1430 257 1463 280 se
1478 248 1519 279 illi
1542 247 1710 280 manifestat
1725 249 1787 281 Do-

72 292 189 322 λοιπδν
219 292 377 322 ὶκκαλύπτει
409 293 476 331 αὖτῇ
505 293 609 333 ἑαυτὸν,
646 292 714 322 οὕτω
728 294 777 326 τῆς
807 291 921 321 ἀκολου-

71 338 145 371 θίας
177 341 224 367 τοῦ
253 337 335 377 λογου
350 337 551 372 ἀπαιτησάσης.
583 339 612 367 Ei
627 337 654 366 δὲ
680 337 752 370 εὒθῦς
778 336 804 371 ἐξ
832 337 921 377 ἀρχῆς

74 383 186 423 εἶπεν,
209 382 250 411 ὅτι
265 381 338 422 Ἐγώ
365 383 418 420 εἶμι
461 383 475 411 ὁ
506 383 629 422 Χριστὸς,
669 382 728 412 οὕτε
743 382 792 416 τὴν
808 388 923 422 γυναῖκα

73 428 201 457 ἔπεισεν
226 427 270 465 ἄν,
293 428 337 456 καὶ
359 426 429 461 ἔδοξε
445 428 567 468 φορτικός
589 439 630 460 τις
645 428 716 457 εἶναι
738 428 782 457 καὶ
805 426 922 463 ἀλαζών·

75 477 132 503 νῦν
170 472 197 500 δὲ
233 472 301 502 κατᾶ
338 473 431 512 μῖκρὸν
480 473 562 507 αὐτὴν
604 471 766 513 προϐιϐάσας
812 472 855 500 ἐπὶ
895 472 925 500 τὸ

78 518 298 556 ἀναμνησθῆναι
331 520 381 551 τῆς
411 517 470 557 περὶ
506 519 620 557 Χριστοῦ
655 516 824 558 προσδοκίας,
841 516 924 548 οὕτως

80 562 146 597 ἤδη
179 562 272 591 ἑαυτὸν
299 561 472 591 ἑκκαλύπτει.
509 563 584 595 Τίνος
614 561 641 591 δὲ
670 562 757 592 ἕνεκεν
790 568 848 594 τοῖς
877 561 925 599 μὲν

80 606 233 640 Ἰουδαίοις
258 610 381 648 συνεχῶς
411 607 555 648 ἐρωτῶσιν,
591 619 602 636 ε
628 608 692 637 Εἰπὲ
712 608 780 646 ἡμῖν
802 608 823 636 εὶ
843 607 874 634 σὺ
899 606 926 648 εί

81 651 99 680 ὂ
117 652 251 693 Χριστὸς,
286 663 299 680 ι
321 646 376 682 ὀὐκ
411 646 580 690 ἆπεκάλυψεν
603 653 708 689 ἑαυτὸν,
725 655 759 686 τῆ
781 651 809 680 δὲ
824 646 927 692 γυναικῖ

80 695 170 736 λέγει
194 706 203 737 ς
230 696 358 730 Ἐκείνοις
389 697 438 734 μὶν
481 696 555 725 οὖδὲν
570 697 655 737 λέγει,
677 695 743 726 διότι
760 697 807 726 οὒκ
820 697 865 725 επὶ
889 698 928 733 τῷ

84 743 196 779 μαθεῖν
225 741 349 782 ἠρώτων,
372 740 433 770 ἀλλ’
455 741 498 770 ἐπὶ
519 745 557 780 τῷ
586 741 689 780 μᾶλλον
717 744 925 783 ωκοφαντῆσαι·

81 786 179 824 ταύτῃ
205 785 244 824 δὲ,
280 785 323 814 διὰ
349 787 381 815 τὸ
408 787 564 826 εὒγνώμονα
579 789 666 824 εἶναι,
687 790 806 827 φανερῶς
836 786 928 815 ἑαυτὸν

84 830 293 862 ἀποκαλύπτει.
329 830 378 861 Καὶ
405 831 455 871 γάρ
491 831 517 864 ἐξ
539 831 628 866 ἁπλῆς
658 831 769 871 γνώμης
803 831 847 860 καὶ
867 830 928 859 δια-

84 877 183 917 νοίας,
208 877 252 905 καὶ
285 877 401 906 ποθοῦσα
439 878 535 914 μαθεῖν
560 878 591 905 τὸ
621 876 730 914 ἀληθὲς,
754 876 855 916 ἠρώτα,
884 877 928 905 καὶ

86 920 181 955 δῆλον
205 921 235 950 ἐκ
264 924 316 950 τῶν
346 921 414 960 μετὰ
448 926 542 954 ταῦτα,
572 922 622 951 Καὶ
648 923 698 962 γὰρ
722 922 868 962 ἀκούσασα,
897 923 927 950 οὗ

88 965 182 1004 μόνον
218 967 284 1000 αὒτὴ
319 966 481 1004 ἰπίστευσεν,
518 965 587 995 ἀλλὰ
609 967 653 995 καὶ
667 966 762 999 ἄλλους
788 967 825 999 εἷς
840 967 928 995 πίστιν

87 1011 287 1052 ἒσαγὴνευσιν,
331 1013 375 1041 καὶ
416 1012 556 1052 πανναχοῦ
598 1012 615 1046 ἡ
642 1012 708 1052 γυνῆ
737 1012 855 1052 φαίνεται
883 1011 927 1039 καὶ

88 1054 277 1095 ἂκριϐουμένη
306 1057 349 1085 ναὶ
381 1057 475 1092 πιστή.
523 1057 742 1097 Ἀπαρτισθείσης
779 1056 806 1084 δὲ
833 1055 926 1085 λοιπὸν

89 1100 146 1135 τῆς
185 1102 252 1140 πρὸς
282 1101 332 1136 τιὶν
361 1108 476 1142 γυναῖκα
515 1100 621 1139 ὁμιλίας
663 1102 707 1130 καὶ
745 1099 925 1140 διδασκαλίας,

91 1146 226 1185 εὐκαίρως
255 1146 412 1182 ἀπήντησαν
446 1148 470 1175 οἱ
500 1147 630 1183 μαθηταὶ,
644 1146 688 1175 καὶ
717 1146 862 1184 ἐθαύμαζον
896 1146 926 1173 τὸ

91 1190 199 1230 ἄτυφον
240 1192 330 1227 αὖτοῦ,
360 1191 400 1219 ὅτι
430 1190 514 1224 οὕτως
530 1190 568 1219 ὤν
589 1189 690 1224 ἔνδοξος
711 1191 754 1220 καὶ
769 1189 927 1231 περιϐόητος

93 1235 174 1275 παρᾶ
207 1238 298 1272 πᾶσιν,
329 1235 453 1276 ἠνείχετο
478 1236 546 1274 μετὰ
577 1236 710 1270 τοσαύτης
760 1234 927 1275 συγκαταϐά-

94 1291 170 1313 σεως
200 1280 304 1320 γυναικὶ
327 1279 492 1320 διαλέγεσθαι
533 1283 648 1321 πενιχρᾷ
673 1281 717 1310 καὶ
745 1279 927 1320 Σαμαρείτιδι.

97 1325 286 1362 Θαυμάζοντες
313 1324 352 1362 δὲ,
385 1324 459 1364 ὅμως
488 1327 518 1355 οὗ
546 1325 682 1365 θαῤῥοῦσιν
704 1325 853 1365 ἐρωτῆσαι,
870 1325 930 1365 περὶ

96 1370 173 1402 τίνος
199 1370 265 1408 αὐτῇ
295 1369 456 1410 διαλέγεται¹
484 1370 568 1402 οὕτως
601 1370 668 1404 ἦσαν
713 1370 928 1410 πεπαιδευμένοι,

97 1418 148 1443 καὶ
185 1415 235 1449 τὴν
283 1417 418 1453 μαθηταῖς
467 1415 620 1456 πρέπουσαν
656 1414 792 1445 εὐλάϐειαν
821 1415 929 1455 ἐτήρουν

97 1461 169 1501 πρὸς
196 1461 242 1490 τὸν
271 1460 438 1491 διδάσκαλον.
471 1463 499 1491 Ei
536 1461 563 1490 δὲ
584 1473 636 1491 που
651 1463 696 1491 xui.
711 1463 844 1503 φαίνοιντο
858 1461 931 1501 παῤ-

100 1506 305 1545 ῥησιαζόμενοι,
341 1506 430 1546 ὥσπερ
460 1506 586 1541 Ἰωάννης
616 1507 693 1541 ἡνίκα
721 1507 810 1536 πίπτει
831 1507 874 1535 ἰπὶ
900 1507 930 1535 τὸ

963 290 1072 327 minus,
1084 291 1124 322 ita
1138 293 1354 334 consequentia
1369 293 1515 324 sermonis
1545 293 1692 334 exigente.
1709 293 1788 325 Sane

963 334 989 366 si
1004 336 1102 368 statim
1117 337 1153 368 ab
1164 338 1249 369 initio
1264 338 1397 377 dixisset,
1409 338 1469 378 Ego
1485 347 1550 370 sum
1567 338 1712 377 Christus,
1730 348 1786 370 ne-

964 390 1022 420 que
1037 381 1152 413 mulieri
1170 384 1378 423 persuasisset,
1397 388 1426 415 et
1439 383 1518 414 visus
1529 383 1786 416 fuissetonerosus

965 425 1113 465 quispiam
1127 431 1156 458 et
1169 437 1312 468 arrogans
1328 438 1334 460 :
1348 438 1427 460 nunc
1447 429 1588 468 paulatim
1613 428 1649 460 ad
1666 429 1722 460 hoc
1736 429 1785 460 in-

967 469 1094 511 ducit,ut
1105 473 1217 504 mentio
1231 474 1280 504 ﬁat
1290 473 1518 514 exepectationis
1532 473 1654 506 Christi.
1673 473 1716 505 Ita
1727 474 1790 514 jam

967 524 1000 546 se
1014 515 1056 546 illi
1067 516 1189 557 detegit.
1201 518 1291 558 Cujus
1303 518 1398 559 gratia
1416 518 1526 550 Iudaeis
1548 518 1668 559 quidem
1692 519 1790 551 conti-

967 568 1027 591 nuo
1046 561 1117 593 559
1141 562 1391 603 interrogantibus
1409 573 1416 594 :
1434 576 1447 592 ι
1465 563 1517 596 Dic
1543 563 1642 604 nobis,
1671 573 1744 595 num
1759 568 1790 594 tu

969 614 1001 636 es
1022 606 1156 638 Christus
1173 608 1212 644 η,
1228 618 1241 638 ι
1259 618 1318 639 non
1338 608 1481 639 revelavit
1504 609 1647 649 seipsum,
1673 608 1790 640 mulieri

969 655 1067 682 autem
1081 651 1168 683 dicit?
1182 653 1244 685 lllis
1258 653 1378 694 quidem
1392 653 1466 684 nihil
1479 653 1561 692 dicit,
1574 662 1609 684 eo
1634 652 1712 693 quod
1731 663 1790 684 non

968 695 1189 737 interrogabant
1212 697 1345 729 discendi
1378 698 1482 738 gratia,
1509 700 1561 729 sed
1591 698 1790 729 calumniandi

969 741 1068 772 animo
1081 751 1089 773 :
1102 742 1172 774 huic
1186 746 1296 784 autem,
1313 743 1383 783 quia
1398 743 1531 774 studiosa
1546 746 1621 781 erat,
1634 743 1790 774 manileste

968 794 1001 817 se
1015 786 1214 819 revelat.Nam
1228 787 1307 828 quod
1322 787 1452 829 simplici
1467 792 1566 818 mente
1576 791 1604 818 et
1615 788 1792 827 cogitatione

969 830 1164 872 discendique
1173 832 1323 864 desiderio
1340 832 1693 873 rogaverit,manifestum
1704 841 1738 863 ex
1746 832 1792 863 his

969 884 1035 915 quae
1048 881 1224 917 sequuntur.
1239 877 1312 909 Nam
1330 882 1360 908 ut
1378 877 1502 914 audivit,
1529 887 1590 908 non
1614 877 1710 908 solum
1728 877 1793 918 ipsa

969 920 1106 959 credidit,
1123 921 1176 952 sed
1193 922 1280 953 etiam
1297 921 1371 952 alios
1392 922 1428 953 ad
1445 922 1534 953 ﬁdem
1560 922 1691 960 adduxit,
1708 931 1791 953 sem-

969 974 1081 1006 perque
1095 971 1219 1007 apparet
1233 971 1261 997 et
1276 967 1384 1005 fidelis,
1402 971 1431 998 et
1446 967 1609 1006 diligenter
1622 967 1790 1007 inquirens.

969 1011 992 1040 A
999 1010 1116 1042 bsoluto
1123 1015 1221 1042 autem
1229 1011 1376 1052 colloquio
1388 1021 1454 1044 curn
1469 1011 1595 1043 muliere
1604 1021 1638 1042 ac
1644 1011 1790 1049 doctrina,

969 1056 1140 1095 tempestive
1155 1061 1351 1088 occurrerunt
1365 1056 1515 1097 discipuli,
1533 1060 1562 1088 et
1573 1056 1710 1088 admirati
1722 1060 1793 1087 sunt

968 1099 1166 1132 humilitatem
1179 1102 1254 1141 ejus,
1268 1102 1344 1142 quod
1361 1111 1426 1133 cum
1450 1106 1508 1132 tam
1537 1101 1684 1142 gloriosus
1699 1105 1789 1140 esset,

969 1149 998 1175 et
1011 1145 1089 1185 apud
1102 1155 1206 1177 omnes
1230 1146 1369 1188 celebris,
1397 1156 1455 1177 non
1479 1147 1658 1185 dedignatus
1673 1147 1790 1178 sitcum

970 1191 1027 1220 tam
1056 1199 1186 1230 paupere
1215 1194 1244 1221 et
1271 1192 1456 1222 Samaritana
1484 1191 1608 1223 muliere
1625 1195 1704 1222 tanta
1722 1199 1791 1222 cum

971 1234 1115 1266 modestia
1131 1245 1300 1268 sermonem
1318 1237 1439 1269 habere.
1465 1237 1655 1268 Admirantes
1680 1241 1790 1275 autem,

971 1288 1030 1310 non
1054 1280 1163 1312 audent
1178 1291 1282 1322 rogare
1294 1282 1331 1313 de
1346 1292 1403 1323 quo
1420 1283 1560 1323 loquatur
1575 1281 1694 1322 ei;adeo
1710 1286 1794 1312 erant

971 1324 1049 1356 bene
1064 1327 1228 1367 compositi,
1239 1332 1391 1359 servantes
1406 1338 1488 1359 suam
1500 1337 1569 1368 erga
1581 1330 1793 1367 praeceptorem

970 1371 1179 1403 reverentiam.
1196 1371 1279 1408 Quod
1296 1372 1322 1403 si
1339 1373 1448 1404 alicubi
1463 1372 1655 1413 apparuerint
1670 1371 1796 1402 ﬁdenter

973 1415 1140 1455 loquentes,
1157 1417 1232 1448 sicut
1256 1418 1385 1449 Joannes
1411 1427 1478 1449 cum
1501 1417 1693 1448 recumberet
1705 1425 1795 1456 super

974 1464 1088 1501 pectus,
1103 1465 1131 1492 et
1144 1471 1211 1493 cum
1221 1463 1401 1495 accederent
1416 1467 1445 1495 et
1456 1462 1592 1494 dicereut
1607 1471 1614 1493 :
1635 1461 1724 1498 «Quis
1735 1469 1795 1491 ma-

969 1504 1033 1544 jor?
1051 1518 1061 1533 ι
1079 1510 1107 1537 et
1123 1516 1189 1537 cum
1206 1507 1259 1539 ﬁlii
1274 1507 1411 1539 Zebedaei
1428 1507 1621 1539 obsecrarent
1636 1511 1668 1538 ut
1682 1515 1759 1537 unus
1780 1515 1797 1536 a

99 1553 214 1590 στῆθος,
252 1552 296 1580 καὶ
319 1552 382 1580 ὃταν
410 1551 564 1591 προσιόντες
600 1551 724 1592 λέγωσιν.
755 1563 766 1580 α
794 1552 837 1584 Τίς
867 1552 928 1590 μείω

1017 1550 1095 1588 ttris,
1112 1556 1141 1582 et
1155 1552 1230 1583 alter
1239 1562 1256 1584 a
1267 1552 1395 1584 sinistris
1406 1553 1546 1584 sederent
1560 1563 1569 1583 :
1582 1552 1633 1583 illa
1644 1551 1798 1592 inquirunt

100 1600 183 1637 ζων,
217 1608 228 1625 ι
261 1597 303 1625 καὶ
333 1596 395 1625 δναν
425 1598 448 1626 οἱ
480 1601 526 1626 τσῦ
560 1597 696 1626 Ζεϐεδαίου
727 1596 931 1638 παρακαλῶσιν,

100 1640 152 1670 ἵνα
186 1641 229 1675 εἷς
268 1641 295 1675 ἐξ
323 1641 477 1682 εὖωνόμων,
506 1643 550 1670 καὶ
565 1642 607 1676 εἷς
622 1642 652 1671 ἐκ
670 1642 760 1676 δεξιῶν
775 1642 929 1671 καθίσωσιν

103 1686 168 1716 ἀλλ’
194 1687 285 1716 ἐκεῖνα
310 1687 348 1720 ὡς
361 1688 397 1720 εἰς
412 1687 505 1717 αὐτοὺς
521 1687 664 1724 ἀνήκοντα,
696 1688 739 1717 καὶ
759 1687 825 1719 τέως
847 1687 933 1726 ἀναγ-

104 1731 178 1760 καῖα
205 1731 296 1766 αὺτοῖς
345 1736 502 1773 φαινόμενα,
533 1731 706 1768 ὶξετάζουσιν.
735 1731 863 1762 Ἐνταῦθα
891 1731 930 1771 δὲ,

105 1775 166 1805 ἐπεὶ
194 1777 234 1815 μὴ
263 1782 387 1808 τοσοῦτον
429 1778 521 1810 αὒτοτς
556 1776 658 1818 διέφερε
684 1779 715 1806 τὸ
736 1781 840 1815 ζητεῖν,
865 1778 879 1806 ὃ
896 1777 935 1815 μὴ

106 1820 256 1861 αναγκαῖον
283 1823 319 1856 ἦν
353 1821 435 1861 ὃλως,
464 1821 507 1851 διὰ
534 1825 612 1852 τοῦτο
627 1824 658 1852 οὐ
682 1823 801 1863 χρῶνται
815 1826 850 1862 τῇ
864 1821 936 1862 παῤ-

106 1866 189 1905 ῥησίᾳ
204 1867 240 1900 ὡς
264 1867 304 1906 μὴ
315 1867 416 1908 ἐχούσῃ
431 1869 534 1906 καιρόν,

154 1922 167 1940 ε
202 1911 320 1953 ’Λφῆκεν
335 1912 380 1941 οὖν
395 1912 445 1947 riu
457 1911 545 1953 ὂδρίαν
567 1913 649 1947 αὸτῆς
665 1913 682 1947 ἡ
694 1913 761 1952 γυνὴ
775 1913 819 1942 καὶ
843 1912 934 1946 ἀπῆλ-

107 1957 152 1985 θεν
188 1957 225 1989 εἷς
254 1957 303 1992 τὴν
319 1957 409 1995 πόλιν,
425 1958 470 1987 καὶ
485 1957 557 1997 λέγει
579 1965 637 1990 τοῖς
662 1958 820 1998 ἀνθρώποις·
842 1962 932 1999 Δεῦτε,

109 2000 183 2030 ἴδετε
217 2001 367 2043 ἄνθρωπον,
396 2004 426 2037 ὃς
452 2002 514 2032 εἶπέ
549 2014 595 2041 μοι
623 2003 710 2032 πάντα
737 2003 787 2032 ὅσα
808 2003 934 2037 ἐποίησαο

110 2048 179 2085 μήτι
223 2048 300 2081 οὒτός
327 2048 397 2078 ἔστιν
427 2049 441 2078 ὁ
470 2049 581 2088 Χριστός
598 2058 607 2089 ς
624 2047 749 2082 Ἐξῆλθον
763 2048 808 2078 οὖν
836 2048 867 2077 ἐκ
887 2048 936 2083 τῆς

111 2092 230 2134 πόλεως,
260 2094 304 2122 καὶ
325 2093 443 2135 ἤρχοντο
457 2094 522 2134 πρὸς
537 2094 627 2126 αὖτόν,
647 2105 660 2122 ι
679 2097 809 2123 Τοσοῦτον
833 2094 938 2134 ἀνήφθη

110 2140 164 2173 τὴν
193 2138 300 2176 καρδίαν
327 2140 344 2174 ἡ
373 2139 441 2180 γυνὴ
476 2140 527 2167 ὑπὸ
551 2140 604 2167 τῶν
629 2139 785 2179 εἰρημένων,
807 2139 875 2168 ὣστε
895 2139 939 2168 καὶ

112 2184 163 2218 τὴν
199 2182 286 2220 ὑδρίαν
314 2184 433 2224 ἀφεῖναισ
463 2184 546 2217 οὕτως
576 2183 625 2224 ἄρα
645 2183 754 2224 ταχέως
777 2184 939 2222 προετίμησε

112 2229 144 2257 τὸ
181 2228 250 2269 ὕδωρ
279 2232 326 2258 τοῦ
354 2232 470 2269 Χριστοῦ
504 2230 553 2262 τῆς
582 2233 628 2258 τοῦ
659 2227 755 2258 Ἰακὼϐ
775 2229 879 2268 πηγῆς·
896 2230 940 2257 καὶ

113 2273 148 2308 δὴ
177 2273 325 2306 ἀπόστολος
354 2275 466 2314 γίνεται,
502 2274 552 2302 ὑπὸ
588 2276 637 2308 τῆς
652 2273 702 2308 τὴν
728 2272 836 2313 καρδίαν
858 2275 940 2308 αὐτῆς

114 2317 311 2359 περιλαϐούσης
358 2319 473 2351 πίστεως
509 2318 744 2359 χειροτονηθεῗσα,
789 2319 834 2348 καὶ
863 2318 940 2348 πόλιν

115 2363 265 2403 ὁλόκληρον
289 2363 418 2400 διδάσκει,
453 2364 497 2393 καὶ
531 2363 681 2404 ἐφέλκεται,
708 2375 722 2391 α
741 2366 833 2405 Δεῦτε,
848 2365 940 2405 φησὶν,

117 2409 188 2450 ἴδετε
214 2408 362 2450 ἄνθρωπον,
391 2408 421 2441 δς
454 2408 514 2437 εἶπέ
543 2420 589 2446 μοι
603 2409 690 2438 πάντα
710 2408 760 2437 ὃσα
781 2408 906 2444 ἐποίησα,
926 2420 938 2437 ι

116 2444 228 2486 θοντως
256 2444 362 2482 ἐπειδὰῦ
398 2454 520 2493 ἐπυρώθη
606 2453 684 2494 ψυχή
701 2454 763 2493 πυρὶ
787 2454 858 2495 θείῳ,
875 2455 941 2494 πρὸς

116 2498 189 2529 οὐδὲν
218 2500 272 2528 τῶν
303 2499 331 2527 ἒν
365 2502 401 2539 γῇ
429 2501 488 2540 δρᾷ,
525 2500 555 2528 οὗ
576 2500 641 2539 πρὸς
666 2498 809 2539 αἰσχύνην,
826 2501 856 2528 οὗ
877 2501 943 2539 πρὸς

116 2543 236 2582 ἀτιμίαν,
269 2543 334 2573 Ἰδοὺ
360 2545 404 2573 οὖν
434 2545 478 2573 καὶ
505 2544 571 2578 αὕτη
609 2546 656 2574 οὖκ
685 2544 838 2583 αἰσχύνεται
853 2545 944 2574 καὶτὰ

119 2589 208 2618 οἰκεῖα
236 2589 454 2628 ἐκπομπεύουσα,
490 2588 559 2617 ἀλλὰ
571 2597 663 2629 φησιν·
690 2600 704 2617 α
735 2585 790 2619 ”ος
819 2589 882 2618 εἶπέ
897 2601 943 2627 μοι

118 2635 206 2664 πάντα
235 2634 285 2663 ὅσα
319 2634 443 2668 ἐποίησα,
465 2645 477 2664 ο
523 2632 617 2664 Καίτοι
639 2644 669 2674 γε
690 2633 802 2668 ἠδύνατο
816 2635 860 2662 καὶ
882 2634 943 2663 ἑτέ-

119 2691 172 2720 ρως
199 2679 296 2708 εἰπεῖν·
329 2682 421 2720 Δεῦτε,
447 2678 518 2707 ἴδετε
561 2679 703 2720 προφήτην
731 2679 942 2720 προφητεύοντα·

119 2723 180 2754 ἀλλ’
205 2726 257 2765 οὐχ
279 2723 376 2762 οὕτως,
407 2723 476 2752 ἀλλὰ
505 2730 667 2765 καταφρονεῖ
676 2726 726 2758 τῆς
749 2724 844 2757 οἰκείας
866 2723 943 2758 δόξης

120 2770 165 2799 καὶ
199 2770 265 2809 πρὸς
307 2770 339 2798 τὸ
365 2769 475 2809 κηρύξαι
504 2770 553 2805 τὴν
581 2768 706 2805 ἀλήθειαν
721 2768 867 2799 ἀποϐλέπει
888 2769 943 2808 μό-

159 2850 186 2874 ¹¹
199 2851 306 2884 Matth.
321 2858 407 2892 xxvt,
422 2849 473 2883 63.

974 1596 1057 1635 quasi
1073 1596 1109 1626 ad
1125 1605 1157 1627 se
1171 1598 1338 1636 atlinentia,
1355 1603 1384 1629 et
1400 1602 1470 1630 tunc
1486 1598 1530 1629 eis
1545 1596 1713 1628 necessaria
1724 1596 1795 1626 visa.

974 1639 1037 1671 Hoc
1052 1645 1150 1672 autem
1168 1641 1233 1674 loco
1243 1643 1311 1683 quia
1326 1653 1384 1674 non
1400 1652 1494 1682 usque
1508 1642 1584 1674 adeo
1599 1642 1731 1683 ipsorum
1748 1640 1796 1671 in-

975 1690 1082 1716 tererat
1097 1696 1245 1728 quaerere,
1262 1697 1359 1729 neque
1368 1687 1571 1719 necessarium
1588 1686 1797 1726 omnino,pro-

975 1734 1077 1770 pterea
1092 1740 1151 1762 non
1164 1735 1287 1763 utuntur
1306 1732 1426 1773 fiducia,
1441 1741 1478 1763 eo
1494 1731 1572 1773 quod
1592 1741 1651 1762 non
1669 1729 1798 1762 habeant

976 1778 1093 1816 tempus
1104 1780 1314 1816 opportunum.

1017 1911 1108 1944 Vens.
1122 1912 1385 1954 98-30.citeliquit
1399 1924 1470 1956 ergo
1481 1914 1615 1955 hydriam
1631 1921 1713 1944 suam
1731 1921 1799 1943 mu-

976 1956 1078 1996 lier,et
1092 1957 1165 1988 abiit
1179 1958 1209 1989 in
1225 1959 1416 1999 civitatem,et
1430 1960 1502 1992 dicit
1521 1959 1582 1991 illis
1596 1957 1768 1990 hominibus
1790 1967 1797 1988 :

976 2001 1096 2043 Venite,
1114 2002 1208 2034 videte
1223 2004 1376 2036 hominem
1386 2006 1438 2046 qui
1449 2005 1523 2036 dixit
1536 2004 1610 2036 mihi
1625 2003 1723 2035 omnia
1735 2010 1802 2043 quas

979 2047 1037 2078 feci
1052 2057 1059 2079 :
1073 2057 1142 2078 num
1159 2048 1207 2080 hic
1226 2053 1271 2080 est
1299 2049 1350 2080 ille
1369 2050 1519 2082 Christus?
1534 2049 1677 2081 Exierunt
1698 2057 1768 2087 ergo
1785 2055 1801 2078 e

980 2092 1142 2130 civitate,et
1159 2094 1316 2128 veniebant
1330 2096 1366 2127 ad
1384 2105 1464 2127 eum.
1484 2108 1496 2124 ι
1515 2096 1548 2127 ln
1568 2098 1680 2126 tantum
1691 2101 1801 2124 accen-

982 2147 1047 2169 sum
1064 2142 1107 2169 est
1120 2148 1172 2170 cor
1186 2140 1318 2171 mulieris
1333 2141 1419 2172 dictis
1433 2140 1682 2178 Dominicis,utet
1696 2146 1802 2177 aquam

980 2182 1174 2224 relinqueret.
1192 2185 1241 2217 Sic
1252 2185 1341 2225 igitur
1354 2186 1451 2217 statim
1465 2185 1592 2227 praetulit
1607 2192 1712 2224 aquam
1721 2181 1803 2214 Chri-

950 2221 1017 2260 θειί
1034 2221 1103 2260 fonti
1118 2221 1306 2272 Jacob,et'tit
1324 2221 1607 2272 apostola'ordinata
1625 2221 1642 2260 a
1656 2228 1727 2269 ﬁde,
1739 2237 1806 2268 quae

982 2282 1036 2323 cor
1044 2275 1107 2314 ejus
1122 2280 1343 2323 occupaverat,
1357 2276 1551 2323 docetqueet
1570 2274 1689 2306 attrahit
1710 2276 1804 2323 totam

982 2316 1142 2352 ciiiitatem.
1163 2331 1174 2349 α
1193 2319 1310 2359 Venite,
1337 2321 1445 2362 inquit,
1455 2316 1568 2352 ‘videte
1583 2329 1652 2351 eum
1667 2318 1718 2360 qui
1735 2316 1807 2348 mihi

981 2364 1057 2396 dixit
1068 2365 1168 2398 omnia
1181 2375 1365 2407 quacunque
1381 2366 1450 2398 feci.
1464 2377 1478 2397 ν
1505 2366 1640 2398 Profecto
1666 2363 1805 2405 quoniam

982 2419 1109 2445 accensa
1120 2410 1174 2442 fuit
1186 2411 1287 2442 anima
1298 2411 1398 2443 divino
1411 2411 1524 2452 igni,ad
1538 2410 1611 2442 nihil
1626 2418 1729 2440 eorum
1741 2417 1808 2445 quae

984 2454 1110 2486 interra
1138 2456 1280 2496 respicit:
1298 2466 1357 2487 non
1387 2457 1424 2487 ad
1453 2456 1669 2490 confusionem,
1686 2463 1746 2484 non
1771 2453 1806 2484 ad

984 2499 1190 2539 ignominiam,
1208 2509 1263 2532 nec
1275 2510 1309 2532 ac
1319 2501 1399 2533 aliud
1411 2500 1576 2542 quippiam.
1587 2500 1666 2531 Ecce
1681 2497 1770 2537 igitur
1777 2501 1808 2542 et

985 2546 1039 2576 ista
1053 2555 1110 2576 non
1126 2550 1246 2577 veretur
1260 2555 1313 2577 sua
1327 2541 1442 2578 secreta
1453 2541 1595 2587 pandere,
1613 2543 1665 2575 sed
1675 2541 1807 2583 ait,«Qui

985 2589 1059 2621 dixit
1074 2590 1146 2622 mihi
1162 2591 1262 2622 omnia
1287 2600 1352 2632 quas
1376 2592 1444 2623 t’eci.
1462 2604 1473 2620 ι
1500 2590 1639 2627 Quamvis
1658 2593 1758 2630 posset
1780 2591 1809 2618 et

985 2635 1073 2666 aliter
1085 2635 1203 2667 dicere:
1219 2635 1337 2674 Venite,
1354 2636 1451 2667 videte
1479 2635 1653 2676 prophetam
1681 2632 1808 2674 prophe-

986 2683 1095 2711 tantem
1113 2690 1120 2711 :
1138 2685 1167 2711 at
1182 2690 1241 2712 non
1257 2681 1311 2712 sic.
1329 2681 1499 2713 Contemnit
1523 2685 1620 2711 autem
1652 2687 1734 2710 suam
1749 2677 1811 2716 glo-

985 2724 1070 2763 riam,
1084 2729 1113 2756 et
1126 2725 1162 2756 ad
1182 2725 1238 2756 hoc
1254 2725 1350 2756 solum
1374 2728 1485 2766 spectat
1503 2728 1535 2755 ut
1563 2724 1704 2765 praedicet
1731 2721 1810 2752 veri—

985 2773 1086 2802 tatem.
1100 2768 1163 2801 Non
1178 2769 1250 2801 dicit
1269 2773 1382 2808 autem,
1397 2769 1452 2802 Hic
1462 2773 1507 2801 est
1522 2769 1667 2810 Christus,
1683 2767 1812 2799 afﬁrma-
