1959 3069
107 128 205 160 1273

66 212 70 213 ν
122 200 156 225 0
192 197 241 237 γὰρ
266 197 393 237 πεισθεὶς,
421 196 462 225 ὅτι
489 197 533 225 καὶ
547 196 737 237 ἀναστήσεται,
750 197 795 225 καὶ
810 197 881 234 αὐτῷ
894 195 950 225 δώ-

106 251 168 270 σει
197 242 242 274 τὰς
279 242 386 274 εὐθύνας
422 244 477 270 τῶν
513 241 800 280 πιπλημμελημένων,
817 240 950 281 προσδρα-

106 293 218 322 μετται
246 286 352 319 πάντως
391 285 474 324 αὐτῷ,
515 285 692 324 ὲξῡιιούμινος
711 287 799 323 οὗτὸν,
831 288 867 319 ὡς
883 285 950 324 μὲλ-

106 329 208 359 λοντσ
241 332 321 360 αὑτοῦ
334 331 429 371 κριτὴν
450 330 567 362 ἔσεσθαι.
598 331 642 365 Μὴ
669 332 815 370 Θαυμαζετε
836 330 875 368 δὲ,
911 330 950 359 ὅτι

108 376 187 408 Υἱὸς
215 376 350 415 ἀνθρώπω
385 376 465 407 ὶστίν.
497 377 524 405 Εἰ
552 376 602 416 γὰρ
638 376 681 405 καὶ
720 377 779 408 Υἱὸς
813 376 950 416 ἀνθρώπου

107 419 208 457 ἆστὶν,
232 420 300 449 ἀλλὰ
328 421 373 449 καὶ
401 420 466 453 Θιός
495 419 578 449 ἔστιν·
595 420 663 449 ὥστε
699 421 749 454 τὴν
764 421 848 460 κρίσιν
876 421 949 449 εἱκόο

106 475 178 496 τως
210 464 282 504 ἔχει,
317 465 354 497 ὡς
383 465 444 497 Υἱὸς
460 466 536 494 Θεοῦ.
554 465 583 494 Εἰ
604 463 632 492 δὲ
646 465 689 493 καὶ
718 463 853 504 ἄνθρωπος
864 466 951 505 φαίνε-

107 520 181 549 ται,
197 509 239 547 μιὶ
259 511 417 548 θαυμάζετε.
433 510 491 548 Χρὴ
528 507 555 537 δὲ
582 510 733 548 γινώσκειν,
756 510 796 538 ὅτι
818 509 921 543 Παῦλος
936 511 950 538 ὀ

109 553 307 594 Σαμοσατιὺς,
337 553 416 592 ψιλὸν
451 553 588 594 ἄνθρωπον
615 553 779 593 δογματίζων
821 556 867 584 τὸν
895 555 950 584 Κύ-

108 609 190 637 ριον,
220 598 303 630 οὕτως
327 598 485 638 ἀνεγίνωσκε
530 603 606 628 τοῦτο
641 596 671 627 τδ
714 600 824 640 χωρίον’
856 611 870 627 α
901 600 950 629 Καὶ

107 640 240 676 ἐξουσίαν
269 641 365 671 Wet“
393 643 476 681 αὐτῷ,
506 643 550 672 καὶ
574 643 658 682 κρίσιν
691 651 793 684 ποιιῖν,
820 643 862 684 ὅτι
890 645 948 676 Υἱὸς

108 687 261 727 ἀνθρώπου
276 686 357 715 ἐστίν’
398 698 410 715 ι
442 687 553 716 ενταῦθα
589 681 616 715 δὲ
647 688 754 726 στίζων,
785 681 837 716 ἀπ’
864 687 948 722 ἂλλης

109 731 212 772 ἀρχῆς
228 731 387 771 ἀνεγίνωσκι
402 732 445 769 τὶ,
459 743 471 760 ε
490 732 534 766 Μὴ
549 732 694 770 θαυμάζετε
710 735 798 764 τοῦτο.
812 742 827 762 )
848 732 948 766 ’Ᾱνόη-

108 787 167 804 tm
182 775 209 804 δὲ
224 775 332 808 τελείως
348 776 403 804 ἐστὶ
417 777 448 805 τὸ
475 776 558 808 οὕτως
587 776 788 816 ἀναγινώσκειν.
815 777 870 811 Τὴν
898 777 948 817 γὰρ

109 822 206 860 κρίσιν
233 819 328 849 δέδωκε
344 822 382 858 τῷ
419 822 470 858 Υἷῷ
485 822 500 850 ὁ
516 821 619 860 Πατὴρ,
636 822 687 862 οὺχ
702 821 743 849 ὅτι
759 821 818 854 Υἱὸς
843 821 946 860 ἀνθρώ-

109 876 171 895 που
201 865 282 902 ἐστὶν,
308 864 366 894 ἀλλ’
391 864 431 894 ὅτι
448 866 525 898 Θεός,
542 865 662 898 Ἐκεῖνος
685 866 734 903 μὲν
749 867 793 895 οὖν
815 868 854 904 μὴ
869 865 947 907 δεχόο

111 921 200 949 μινυς
237 911 322 939 εἰπεῖν
353 911 399 939 τὸν
414 911 527 950 Χριστὸν
541 911 617 949 Θεὸν,
640 910 701 939 ἀλλ’
717 912 777 939 Υιὸν
796 911 943 951 ἀνθρώπου,

111 955 202 988 diu»:
232 955 302 984 ἐνόεε
328 955 421 995 κριτὴν
443 955 522 984 αὑτὸν
541 956 627 993 εἶναι,
650 957 702 996 οὐχ
723 957 760 989 ὡς
784 956 860 996 Θεὸν,
884 955 944 985 ἀλλ’

112 1001 156 1033 ὡς
185 1000 245 1028 Υἷὸν
260 1000 407 1040 ἀνθρώπου·
431 1001 513 1038 ἡμεῖς
529 1000 557 1028 δὲ
573 1000 642 1029 οὕτω
667 1001 787 1038 νοοῦμεν,
811 1002 848 1033 ὡς
864 999 944 1040 εἴρη-

111 1056 173 1076 ται.
199 1044 287 1074 Εἰπὼν
319 1043 347 1073 δὲ
374 1045 434 1084 περὶ
468 1045 519 1079 τῆς
549 1045 659 1085 μερικσῖκ
701 1044 882 1080 ἀναστάσεως,
897 1049 944 1074 τοῦ

114 1090 250 1128 Λαζάρου,
283 1090 352 1129 φημὶ
393 1090 437 1118 καὶ
465 1092 518 1118 τῶν
547 1089 648 1127 ἄλλων,
679 1089 706 1117 οἵ
735 1089 817 1118 πάλαι
841 1089 943 1124 δηλαδὴ

113 1133 221 1171 ἔθανον,
255 1139 297 1164 νῦν
326 1134 398 1173 λέγει
425 1136 548 1175 περὶτῆς
576 1134 699 1163 καθόλου·
727 1144 742 1164 (
756 1133 817 1163 Ὀτι
834 1136 943 1175 ὶρχεται

114 1179 186 1218 ὥρα,
213 1178 240 1207 ἐν
275 1180 293 1217 ᾗ
307 1180 330 1207 οἱ
345 1179 374 1207 ὲν
395 1186 454 1211 τοϊς
483 1180 622 1218 μνημείοις
638 1179 794 1208 ἀκούσονται
821 1179 868 1214 τῆς
883 1192 937 1220 φω-

115 1228 166 1260 νῆς
193 1228 240 1253 τοῦ
267 1227 342 1253 Θεοῦ·
376 1236 387 1252 ι
417 1225 475 1264 περὶ
504 1227 553 1259 τῆς
582 1224 726 1258 καθολικῆς
754 1225 804 1264 γὰρ
824 1224 941 1253 ἀναπά-

115 1280 187 1301 σεως
217 1269 326 1298 ἱκιταῦθά
351 1280 440 1309 φησιν,
467 1269 577 1304 Ἐπειδὴ
595 1269 622 1298 δὲ
643 1276 720 1298 εἶπεν
743 1269 879 1310 ἀνωτέρω,
905 1270 944 1299 ὅτι

120 1325 136 1341 α
155 1313 187 1342 ’0
216 1314 358 1351 πιστεύων,
389 1315 426 1347 εἰς
450 1314 532 1354 κρίσιν
543 1315 592 1343 οὐκ
605 1314 724 1355 ἔρχεται,
746 1326 758 1341 ι
782 1314 828 1342 ’ίνα
844 1315 883 1352 μὴ
895 1326 943 1343 νο-

118 1359 254 1396 μίσωμιν,
280 1358 320 1386 ὅτι
341 1359 359 1393 ἡ
381 1360 468 1392 πίστις
485 1359 556 1397 μόνη
572 1360 608 1392 είς
624 1361 757 1399 σωτηρίαν
779 1359 868 1399 ἀρκεῖ,
886 1371 942 1400 φη-

114 1403 170 1443 σὶν,
206 1402 247 1431 ὅτι
266 1415 278 1431 ιι
295 1401 517 1441 Ἀναστήσονται,
530 1405 554 1432 οἱ
570 1404 602 1433 τὰ
622 1403 709 1444 φαυλα
725 1403 867 1444 πράξαντες
904 1405 940 1437 εἰς

112 1447 258 1476 ἀνάστασιν
293 1448 416 1486 κρίσεως,
447 1449 471 1477 οἱ
511 1449 544 1477 τὰ
591 1448 687 1488 ἀγαθὰ,
730 1450 765 1482 εἷς
799 1449 941 1478 ἀνάστασιν

111 1495 196 1528 ζωῆς.
214 1505 225 1520 ι
245 1494 299 1522 Οὖκ
312 1491 362 1533 ἄρα
376 1494 393 1528 ἡ
416 1493 504 1526 πίστις
520 1494 590 1531 μόνη
607 1495 691 1534 χωρὶς
714 1494 798 1534 ἔργων
827 1494 939 1530 δικαιοῖ,

489 130 710 162 ENARRATIO
733 131 772 162 IN
799 129 1052 161 EVANGELIUM
1075 130 1248 163 JOANNIS.
1270 147 1307 152 —
1331 129 1412 161 CAP.
1427 131 1464 161 V.

1741 125 1817 159 1274

959 199 979 224 Α
991 195 1029 227 sit
1043 200 1218 237 recepturus
1227 196 1400 228 delictorum
1410 205 1524 237 poenas,
1537 196 1660 228 omnino
1675 195 1768 227 currit
1781 193 1818 224 ad

993 241 1088 281 ipsum
1116 241 1270 283 placatque
1298 247 1326 273 et
1350 251 1437 273 suum
1459 241 1588 273 futurum
1610 240 1742 281 judicem
1771 240 1817 272 Ne

992 285 1181 317 admiremini
1194 291 1293 318 autem
1309 286 1388 327 quod
1404 285 1496 318 Filius
1521 286 1650 317 hominis
1665 290 1731 323 est;
1749 291 1816 315 nam

993 331 1126 371 quamvis
1138 330 1231 363 Filius
1247 331 1390 372 hominis,
1407 336 1452 362 est
1468 335 1565 362 tamen
1582 334 1612 362 et
1623 330 1710 361 Deus.
1727 329 1763 361 Et
1778 329 1817 359 ita

989 374 1135 414 judicium
1150 376 1255 407 merito
1272 375 1361 408 habet
1386 376 1461 407 sicut
1475 375 1569 408 Filius
1585 374 1650 406 Dei.
1668 372 1698 406 Si
1714 377 1812 405 autem

992 419 1118 450 ethomo
1133 425 1325 460 appareat,ne
1337 419 1703 453 admiremini.Sciendum
1714 425 1813 450 autem

991 465 1070 504 quod
1082 463 1188 495 Paulus
1200 464 1410 496 Samosatenus
1422 465 1532 496 docens
1541 464 1698 496 Dominum
1708 471 1812 504 purum

993 517 1059 540 esse
1074 509 1284 545 hominem,sic
1300 509 1371 550 legit
1382 511 1461 541 hunc
1476 510 1574 541 locum
1594 520 1600 541 :
1637 508 1673 539 Et
1686 511 1814 548 potesta-

993 558 1051 584 tem
1064 552 1145 584 dedit
1157 554 1336 594 eijudicium
1349 554 1563 595 faciendi,quia
1577 553 1669 585 Filius
1684 552 1813 584 hominis

991 602 1043 629 est,
1061 609 1072 627 ιι
1091 597 1152 629 Hoc
1180 602 1277 629 autem
1300 599 1364 630 loco
1391 603 1531 639 punctum
1557 598 1680 637 faciens,
1697 597 1733 627 ab
1753 597 1810 627 alio

991 642 1140 683 principio
1154 642 1301 682 legit,«Ne
1313 643 1500 674 admiremini
1516 641 1697 675 hoc.nValde
1713 646 1809 673 autem

990 687 1110 718 stultum
1128 692 1171 718 est
1186 687 1228 718 sic
1244 688 1354 727 legere.
1371 686 1436 719 Non
1448 689 1527 718 enim
1540 687 1622 719 dedit
1638 688 1724 718 Pater
1738 685 1811 718 Filio

985 731 1134 771 judicium
1148 732 1228 773 quod
1245 733 1336 764 Filius
1356 732 1486 764 hominis
1501 733 1550 770 sit,
1567 731 1618 763 sed
1636 731 1702 772 quia
1720 730 1809 762 Deus.

988 775 1145 809 576Unde
1160 777 1210 808 ille
1222 786 1279 808 non
1293 777 1406 817 patiens
1415 782 1444 808 ut
1452 777 1586 809 Christus
1598 777 1713 807 dicatur
1721 775 1809 811 Deus,

958 821 1040 866 Bsed
1070 821 1161 853 Filius
1186 822 1327 862 hominis,
1345 823 1371 853 si
1397 823 1543 862 cogitabat
1568 821 1699 861 judicem
1726 820 1810 866 illum

988 875 1066 904 esse,
1083 876 1141 898 non
1158 871 1187 897 ut
1204 868 1310 904 Deum,
1331 867 1383 898 sed
1408 872 1439 898 ut
1460 867 1567 899 Filium
1595 866 1735 897 hominis.
1752 863 1811 895 Nos

987 915 1086 942 autem
1102 913 1145 942 sic
1161 911 1364 952 intelligimus,
1382 916 1414 943 ut
1440 912 1551 943 dictum
1568 915 1622 942 est.
1650 911 1808 950 Postquam

987 961 1085 986 aulem
1108 956 1183 987 dixit
1203 956 1240 987 de
1261 957 1430 996 particulari
1454 955 1688 995 resurrectione,
1711 953 1811 986 Lazari

987 1001 1125 1032 videlicet
1139 1005 1166 1032 et
1176 1001 1301 1032 aliorum
1327 1001 1376 1042 qui
1392 1003 1498 1032 iterum
1512 1001 1620 1032 mortui
1631 1003 1701 1031 sunt
1712 1009 1719 1031 :
1732 1008 1810 1030 nunc

986 1045 1109 1077 dicitde
1125 1046 1302 1077 universali:
1324 1059 1334 1074 ι
1351 1045 1424 1082 Quia
1453 1046 1532 1077 venit
1558 1046 1631 1076 hora
1658 1045 1688 1075 in
1709 1053 1765 1084 qua
1781 1043 1811 1074 hi

986 1090 1036 1131 qui
1051 1091 1081 1121 in
1098 1091 1299 1122 monumentis
1311 1091 1628 1128 sunt,audientvocem
1646 1087 1808 1121 DeiJNam

985 1134 1024 1165 de
1039 1135 1199 1166 universali
1216 1135 1435 1166 resurrectione
1447 1134 1494 1166 hic
1506 1134 1644 1175 loquitur.
1663 1132 1806 1169 Quoniam

985 1179 1102 1211 dixerat
1126 1180 1274 1220 superius,
1291 1192 1304 1209 ε
1321 1180 1374 1217 Qui
1399 1180 1504 1214 credit.
1528 1180 1557 1211 in
1584 1178 1727 1218 judicium
1749 1186 1808 1208 non

984 1225 1075 1263 venit,
1091 1236 1102 1252 ι
1119 1234 1156 1256 ne
1174 1229 1310 1265 putemus
1338 1224 1418 1266 quod
1444 1226 1515 1256 ﬁdes
1537 1223 1598 1255 sola
1623 1223 1658 1254 ad
1682 1223 1806 1253 salutem

987 1269 1127 1307 sufﬁciat,
1144 1269 1302 1310 dicitquod
1319 1283 1330 1298 α
1343 1270 1509 1309 Resurgent
1526 1269 1556 1301 hi
1572 1269 1619 1310 qui
1633 1268 1709 1299 mala
1724 1267 1805 1298 l'ece-

985 1315 1099 1352 runt,in
1114 1315 1363 1346 resurrectionem
1376 1313 1696 1353 condemnationis;qui
1707 1315 1804 1343 autem

985 1357 1073 1394 bona.
1096 1359 1126 1390 in
1151 1359 1398 1391 resurrectionem
1424 1361 1500 1396 vitae,
1519 1370 1533 1388 ι
1553 1357 1617 1389 Non
1640 1357 1729 1397 igitur
1743 1355 1805 1386 sola

984 1403 1058 1435 ﬁdes
1073 1403 1185 1445 absque
1196 1404 1337 1444 operibus
1350 1404 1504 1445 justiﬁcat,
1519 1403 1571 1434 sed
1584 1405 1700 1443 oportet
1717 1400 1804 1432 etiam

983 1458 1073 1489 opera
1088 1449 1206 1487 adesse,
1219 1453 1288 1480 tunc
1299 1449 1379 1480 enim
1392 1449 1511 1489 proprie
1526 1448 1598 1479 ﬁdes
1614 1446 1805 1479 est.Videau-

984 1498 1043 1524 tem
1059 1494 1206 1534 geminam
1223 1493 1388 1525 doctrinam
1409 1493 1472 1524 ﬁeri
1490 1502 1543 1534 per
1563 1496 1673 1523 metum
1687 1497 1716 1522 et
1730 1491 1806 1521 laeti-

110 1536 183 1566 ἆλλά
210 1538 254 1566 καὶ
283 1538 316 1566 τὰ
336 1537 407 1580 -ίργα
421 1546 560 1578 προσεῖναι
577 1538 630 1568 διῐ·
647 1540 707 1568 τότε
721 1540 771 1579 γὰρ
786 1540 830 1568 καὶ
846 1540 935 1580 κυρίως

1019 1548 1065 1570 πη.
1087 1537 1158 1569 Nam
1172 1548 1238 1569 cum
1256 1538 1328 1570 dicit
1342 1537 1533 1570 condemnari
1550 1536 1641 1577 impia
1651 1536 1806 1575 facientes,

111 1583 200 1615 πίστις
229 1582 309 1612 ἐστίν.
335 1578 407 1623 ’Ὅρα
421 1583 449 1612 δὲ
480 1582 578 1618 διπλῆν
607 1584 656 1618 τὴν
671 1578 841 1614 διδασκαλίαν
864 1578 935 1624 γινο-

1019 1587 1124 1615 ιιοτιυοι.
1138 1582 1211 1614 Cum
1227 1588 1325 1614 autem
1339 1583 1409 1614 dicit
1426 1592 1584 1622 resurgere
1598 1581 1634 1613 ad
1647 1581 1736 1612 vitam
1754 1587 1805 1611 eos

110 1627 211 1665 μένην,
241 1626 284 1656 διὰ
306 1627 388 1668 φόϐου
430 1629 475 1657 καὶ
502 1628 672 1669 ἱλαρότητος.
688 1630 723 1658 Τὸ
739 1629 787 1667 μὲν
801 1629 850 1669 γὰρ
861 1641 942 1658 κατα-

982 1629 1032 1670 qui
1045 1628 1122 1659 bona
1137 1628 1282 1666 fecerunt,
1300 1638 1352 1668 per
1366 1628 1496 1659 lmtitinm
1509 1628 1693 1658 exhortatur.

111 1674 237 1711 κριθῆναι
249 1673 311 1706 τοὺς
328 1674 360 1701 τὰ
381 1673 469 1714 φαῦλα
485 1674 645 1713 πράξαντας,
673 1673 782 1715 ἐκφοϐεῖ
799 1682 806 1689 ·
829 1675 859 1703 τὸ
876 1673 903 1703 δὲ
919 1675 956 1707 είς
985 1675 1056 1710 ζωὶκν
1071 1674 1217 1707 ἀναστῆναι
1234 1674 1293 1705 τοὺς
1307 1674 1340 1701 τὰ
1355 1674 1438 1713 ἀγαθὲ
1455 1671 1615 1713 πράξαντας,
1631 1671 1665 1699 δι’
1680 1671 1805 1710 ἱλαρότη.

113 1727 162 1749 τος
177 1717 365 1757 προτρέπεται.

155 1772 168 1790 α
186 1763 222 1792 Οὐ
250 1761 360 1801 δύναμαι
375 1763 429 1803 ἰγὼ
444 1769 533 1792 ποιεῖν
547 1762 594 1792 ἀπ’
610 1763 725 1801 ἐμαυτοῦ
740 1763 824 1794 οὐδέν’
850 1765 935 1796 καθὼς

106 1807 211 1844 ἀκούω,
237 1808 329 1847 κρίνω,
358 1809 402 1837 καὶ
437 1810 454 1843 ἡ
475 1809 559 1849 κρίσις
576 1810 594 1843 ἡ
609 1808 662 1846 ἐμὴ
675 1808 763 1837 δικαία
797 1809 878 1838 ἐστίν·
896 1809 936 1837 ὅτι

107 1852 140 1880 οὗ
167 1855 240 1887 ζητῶ
267 1853 298 1880 τὸ
325 1852 430 1892 θέλημα
461 1854 493 1882 τὸ
528 1853 606 1892 ἐμόν,
629 1853 698 1882 ἀλλά
724 1855 755 1882 τὺ
769 1853 873 1892 θέλημα
890 1858 936 1882 τοῦ

105 1896 264 1934 πέμψαντός
293 1908 327 1935 με
354 1898 468 1938 Πατρός,
497 1909 509 1927 ι
530 1899 602 1927 Καθὰ
623 1898 666 1926 καὶ
683 1898 782 1930 ἐντοῖς
811 1898 936 1938 ἀνωτέρω

105 1940 242 1979 λέλεκται,
273 1943 322 1976 τὴν
354 1942 551 1982 ἆπαραλλαξίαν
579 1947 626 1972 τοὸ
655 1945 714 1972 Υἱοῦ
734 1945 801 1983 πρὸς
816 1945 861 1972 τὸν
876 1947 936 1973 Πα-

104 1985 170 2025 τέρα
204 1986 376 2016 ἐνδείκνυνται
415 1987 497 2017 ταῦτα
512 1988 545 2016 τὰ
566 1989 683 2027 ῥήματα,
699 1989 741 2020 τὸ,
761 2000 771 2017 ι
791 1989 827 2018 Οὐ
855 1988 935 2017 δύνα-

105 2042 157 2069 μαι
172 2031 227 2071 ἐγὼ
243 2039 330 2061 ποιεῖν
344 2031 392 2061 ἀπ’
414 2033 529 2071 ἐμαυτοῦ
545 2032 630 2073 οὐδὲν,
647 2045 661 2061 ι
685 2035 729 2062 καὶ
749 2033 799 2062 ὅσα
814 2034 935 2063 τοιουτό-

104 2087 203 2115 τροπα.
233 2075 313 2106 Οὒδεν
341 2078 392 2117 γὰρ
420 2077 493 2110 ξένον
521 2079 565 2106 καὶ
591 2077 730 2118 ἀλλότριον
758 2079 805 2107 τοῦ
832 2079 935 2118 Πατρὸς

102 2119 218 2159 δύναμαι
254 2122 308 2161 ἐγὼ
334 2129 434 2151 ποιεῖν·
452 2122 510 2151 οὔτε
533 2124 582 2162 γὰρ
612 2123 716 2161 θέλημα
744 2123 802 2163 ἔχω
823 2122 933 2152 ἀλλοῖον

102 2166 178 2206 παρὰ
212 2167 243 2195 τὸ
271 2168 412 2208 πατρικὸν,
447 2167 504 2196 οὔτε
534 2167 652 2206 δύναμιν,
684 2169 776 2199 Καθὼς
790 2166 818 2196 δὲ
844 2167 934 2196 ἀκούω

103 2211 177 2250 παρὰ
206 2216 252 2241 τοῦ
280 2212 395 2252 Πατρὸς,
422 2212 490 2240 οὕτω
529 2213 619 2252 κρίνω⁹
657 2213 801 2251 τουτέστιν,
838 2213 875 2246 ὡς
902 2212 933 2240 ἂν

103 2255 184 2287 αὐτὸς
209 2257 223 2284 ὀ
265 2257 358 2297 Πατὴρ
393 2258 487 2297 κρίνει,
505 2256 573 2286 οὕτω
588 2257 675 2297 κάγὼ,
698 2260 785 2286 Ταῦτα
807 2256 834 2285 δὲ
859 2256 931 2297 λέγει

104 2299 149 2329 διὰ
176 2301 207 2329 τὸ
222 2299 318 2340 δεῖξαι,
334 2303 371 2334 ὡς
400 2301 529 2335 πολλάκις
549 2303 663 2342 ἒςρημεν,
681 2303 711 2331 τό
726 2301 932 2338 ἀπαράλλακτον

104 2345 150 2374 καὶ
177 2346 207 2373 ἓν
233 2345 330 2386 ἔργοις,
346 2348 392 2376 καὶ
406 2346 506 2386 λόγοις,
530 2348 574 2376 καὶ
588 2347 716 2387 κρίσεσιν.
742 2342 804 2376 Ἵνα
826 2347 876 2386 γὰρ
891 2348 930 2385 μὴ

104 2400 185 2427 τινες,
231 2390 367 2427 ἄνθρωπον
410 2393 521 2432 ὁρῶντες
562 2392 653 2432 αὐτὸν,
697 2391 929 2432 σκανδαλίζωνται,

103 2438 163 2467 πῶς
193 2435 207 2463 ὁ
242 2437 402 2476 φαινόμενος
444 2437 579 2476 ἄνθρωπος
607 2436 708 2465 δικαίαν
734 2437 817 2476 κρίσιν
845 2437 930 2471 ποιή-

102 2489 185 2519 σειεν,
216 2484 263 2509 τοῦ
295 2481 379 2509 Δαυΐδ
405 2482 536 2519 εἰπόντος,
571 2493 585 2509 ι
612 2484 665 2513 Πᾶς
696 2481 830 2521 ἅνθρωπος
862 2481 930 2518 ψεύ-

103 2534 182 2558 στης·
215 2536 227 2554 ι
260 2525 354 2564 ἔφθασε
377 2527 425 2565 μὲν
442 2527 533 2564 εἰπὼν,
551 2527 591 2554 ὃτι
618 2527 661 2560 Μὴ
682 2526 839 2564 Θαυμάζετε,
864 2525 930 2554 διότι

104 2569 164 2601 Υἱός
193 2570 330 2609 ἀνθρώπου
346 2571 410 2610 εἰμί’
427 2571 500 2611 λέγει
539 2570 625 2600 δὲκαὶ
640 2576 696 2611 νῦν,
723 2572 763 2599 ὁτι
791 2571 883 2599 Δικαία
910 2571 927 2605 ἡ

104 2615 186 2653 κρίσις
217 2615 268 2653 μού
299 2616 366 2655 ἐστι,
396 2617 461 2645 καθό
490 2617 580 2656 κρίνω,
597 2617 633 2648 ὡς
648 2616 734 2644 ἀκούω
755 2619 801 2644 τοῦ
825 2615 927 2655 Πατρός

103 2669 155 2696 μου
183 2660 327 2699 κρίνοντος.
365 2661 409 2696 Μὴ
437 2661 486 2701 γὰρ
518 2661 550 2689 τό
565 2661 629 2699 ἐμόν
644 2660 747 2698 θέλημα
759 2660 843 2697 ζητῶ,
861 2659 929 2688 ἀλλὰ

103 2703 134 2732 τό
157 2707 204 2733 τοῦ
231 2706 346 2746 Πατρός,
365 2701 394 2736 l0
415 2706 463 2745 μὲν
478 2705 562 2735 θέλων
583 2705 613 2735 τό
635 2706 728 2735 ἑαυτοῦ
741 2705 864 2745 βούλημα
879 2715 928 2733 κυη-

142 2787 189 2814 ²8¹⁸
205 2789 283 2823 Psal.
298 2798 366 2829 cxv,
384 2791 436 2822 tt.

1019 1762 1112 1794 Vens.
1129 1763 1180 1794 30.
1200 1775 1212 1791 α
1231 1764 1295 1795 Non
1311 1772 1430 1803 possum
1447 1773 1501 1803 ego
1517 1772 1551 1794 ex
1569 1761 1681 1802 meipso
1703 1760 1803 1791 facere

979 1808 1140 1848 quidquam
1160 1818 1166 1839 :
1184 1807 1261 1838 sicut
1273 1807 1486 1848 audio,judico,
1501 1806 1686 1848 etjndicium
1703 1814 1802 1836 meum

974 1854 1089 1894 justum
1114 1856 1168 1891 est;
1195 1853 1262 1894 quia
1289 1862 1347 1883 non
1363 1862 1464 1893 qumro
1482 1853 1660 1884 voluntatem
1692 1859 1800 1894 meam,

979 1893 1033 1929 sed
1045 1893 1226 1928 voluntatem
1248 1897 1324 1937 ejus,
1341 1897 1392 1937 qui
1408 1897 1487 1927 misit
1501 1907 1548 1928 me
1561 1896 1666 1928 Patris.
1687 1908 1699 1923 η
1718 1893 1803 1926 Sicut

978 1946 1007 1974 et
1022 1942 1052 1973 in
1069 1942 1275 1982 superioribus
1291 1941 1401 1972 dictum
1418 1945 1474 1977 est,
1488 1941 1592 1973 eadem
1605 1940 1698 1972 Patris
1714 1944 1742 1971 et
1752 1940 1802 1971 Fi—

978 1987 1009 2019 lii
1024 1991 1154 2028 potestas
1168 1986 1334 2017 ostenditur
1349 1986 1431 2018 hisce
1444 1986 1553 2024 verbis,
1573 1998 1584 2014 ο
1598 1985 1663 2017 Non
1680 1995 1801 2025 possum

978 2041 1032 2072 ego
1044 2032 1141 2062 facere
1157 2041 1190 2062 ex
1208 2031 1322 2071 meipso
1335 2031 1498 2072 quidquam
1513 2042 1520 2061 :
1543 2044 1554 2059 υ
1573 2036 1603 2062 et
1618 2039 1802 2072 quaecunque

978 2077 1066 2117 hujus
1078 2076 1197 2117 generis
1212 2076 1378 2108 sunt.i\'ihil
1392 2076 1472 2107 enim
1488 2076 1619 2107 alienum
1632 2079 1660 2106 et
1670 2074 1802 2115 peregri-

978 2131 1047 2152 num
1061 2132 1077 2152 a
1089 2121 1173 2152 Patre
1189 2131 1243 2161 ego
1254 2130 1372 2160 possum
1384 2121 1596 2162 faceremeque
1611 2120 1690 2151 enim
1701 2119 1802 2149 volun-

977 2170 1064 2197 tatem
1081 2166 1170 2197 aliam
1187 2165 1283 2196 habeo
1297 2170 1403 2205 prmter
1415 2170 1580 2206 paternam.
1598 2174 1694 2205 neque
1710 2163 1800 2194 aliam

977 2209 1278 2251 potestatemNerum
1292 2210 1368 2240 sicut
1383 2211 1469 2240 audio
1485 2220 1502 2241 a
1517 2211 1612 2246 Patre,
1623 2209 1663 2240 ita
1676 2208 1777 2249 judico
1791 2217 1798 2239 ξ

975 2256 1032 2287 Ι]οι
1046 2259 1099 2291 est,
1115 2255 1190 2286 sicut
1213 2255 1277 2295 ipse
1301 2254 1386 2286 Pater
1398 2255 1525 2294 judicat,
1543 2256 1582 2285 ita
1604 2258 1634 2285 et
1650 2263 1714 2293 ego.
1732 2252 1800 2284 Hzec

972 2305 1071 2331 autem
1085 2299 1159 2330 dicit
1170 2304 1202 2330 ut
1212 2299 1358 2336 ostendat,
1372 2300 1447 2330 sicut
1457 2308 1535 2340 saepe
1544 2299 1720 2340 diximus,in
1731 2298 1800 2329 nul-

974 2347 1001 2375 lo
1017 2344 1189 2375 sibideesse
1209 2345 1320 2386 aliquid
1334 2354 1350 2375 a
1366 2345 1462 2382 Patre,
1479 2346 1541 2375 sive
1554 2345 1582 2375 in
1594 2343 1798 2381 sermonibus,

974 2390 1035 2421 sive
1047 2390 1076 2420 in
1087 2389 1241 2430 operibus,
1254 2390 1314 2420 sive
1342 2389 1370 2420 in
1384 2389 1518 2429 judiciis.
1544 2388 1616 2420 Nam
1634 2392 1664 2419 ut
1680 2397 1717 2419 ne
1732 2388 1799 2428 qui-

973 2435 1039 2466 dam
1057 2434 1208 2465 hominem
1229 2433 1363 2465 videntes
1392 2443 1459 2465 eum
1477 2433 1708 2468 oﬁ‘enderentur,
1722 2442 1798 2472 quo-

974 2479 1062 2510 modo
1075 2489 1142 2510 cum
1153 2483 1295 2519 appareat
1305 2479 1523 2518 homo,justum
1537 2478 1625 2509 faciat
1636 2476 1797 2517 judicium,

972 2534 1041 2555 cum
1059 2523 1148 2555 David
1165 2524 1242 2555 dicat
1260 2533 1266 2555 :
1287 2535 1296 2549 σ
1313 2523 1417 2555 Omnis
1442 2524 1530 2554 homo
1559 2521 1682 2552 mendax
1693 2519 1734 2545 28·
1753 2531 1761 2560 ;
1781 2531 1794 2550 ι

972 2569 1115 2610 praevenit
1144 2569 1277 2609 quidem,
1302 2569 1406 2599 dicens
1424 2579 1429 2598 τ
1448 2567 1490 2599 Ne
1512 2565 1699 2598 admiremini
1713 2565 1750 2610 de
1761 2574 1797 2596 eo

970 2609 1048 2655 quod
1065 2613 1156 2644 Filius
1172 2613 1301 2644 hominis
1316 2621 1394 2650 sum;
1410 2622 1474 2644 nam
1492 2619 1521 2642 et
1538 2612 1616 2643 Deus
1631 2620 1708 2642 sum.
1722 2609 1798 2640 Dicit

970 2659 1139 2689 auteszt
1163 2668 1242 2689 nunc
1264 2658 1378 2697 justum
1400 2657 1547 2698 judicium
1575 2665 1672 2687 meum
1690 2660 1745 2695 est,
1762 2664 1797 2685 eo

971 2704 1049 2745 quod
1058 2702 1160 2743 judico
1176 2703 1254 2734 sicut
1265 2702 1353 2734 audio
1365 2703 1479 2734 Patrem
1491 2700 1794 2743 meumjudicantem.
