1959 3069
59 160 79 189 1
89 159 159 191 277

471 157 694 190 ENARRATIO
722 159 763 190 ΙΝ
787 158 1044 191 EVANGELIUM
1064 157 1234 190 JOANNIS.
1259 173 1295 178 —
1318 157 1400 188 CAP.
1424 157 1462 187 V.

1702 153 1776 185 1218

53 225 99 255 δὲ
135 227 279 266 καιόμενον
306 228 351 255 τὸν
380 225 509 261 Ἰωάννην
537 227 612 267 φησὶ,
645 226 732 258 καθὼς
747 227 790 255 καὶ
806 226 836 255 ἐκ
858 227 908 264 γῆς

991 223 1076 254 irian‘
1089 223 1200 255 reduco
1215 222 1338 255 Joannis
1355 221 1572 267 testimonium;
1585 219 1684 251 omnia
1698 219 1774 267 facio

56 274 144 312 εἶχε
159 272 209 306 τὴν
223 271 377 308 διάπλασιν,
398 271 442 299 καὶ
457 271 505 299 οὐκ
521 272 625 300 οἴκοθεν
642 271 673 298 τὸ
695 274 762 311 φῶς,
779 270 839 312 ᾀιλλ’
855 271 908 299 ἀπὸ

54 305 128 350 τῆἒ
164 305 212 345 τοῦ
230 305 382 354 Πνεύματος
398 315 508 356 χάριτος
524 316 567 344 καὶ
583 305 753 355 πρόσκαιρον.
779 305 858 353 "Ap:
880 326 907 343 τε

57 362 129 401 γὰρ
161 361 244 402 ἐφάνη
274 362 291 395 ἡ
317 364 364 389 τοῦ
402 361 496 400 Κυρίου
521 360 630 402 γὴμέρα,
653 359 713 394 ἢτοι
742 359 905 394 διδασκαλία,

58 407 122 434 καὶ
160 405 295 444 ἆπεχρύϐη
327 406 341 433 ὁ
376 404 487 445 λύχνος,
520 401 615 443 Τμεῖς
629 403 668 440 δὲ,
685 405 751 444 πρὸς
765 405 835 444 ὥραν
859 405 907 443 μὲν

61 448 238 483 ἀπεδέξασθε
273 451 307 478 τὰ
343 449 469 488 εἰρημένα
499 448 561 489 παρ’
588 449 677 486 αὐτοῦ,
701 450 745 478 καὶ
774 449 907 488 inultai-

60 497 162 529 σθητε
177 495 205 523 ἐν
246 496 328 532 αὐτῷ’
361 495 422 522 εἶτα
449 493 635 531 ἒπιλαθόμενοι
650 494 687 522 ὧν
702 495 759 533 περὶ
783 494 848 531 ἐμοῦ
863 496 907 522 εἷ-

64 550 144 576 πεν,
174 539 294 577 ἑμείνατε
323 539 365 568 ἐπὶ
392 541 442 572 τῆς
481 538 610 578 προτέρας
633 538 767 570 ἀπιστίας.
800 539 828 567 Et
858 539 907 577 γὰρ

66 584 177 620 ἐκείνῳ
204 584 273 617 ἅπαξ
307 583 420 622 βεϐαίως
436 583 620 623 ἐπιστεύσατε,
657 583 764 623 ταχέως
780 582 811 611 ἄν
839 584 906 620 ὑμᾶς

68 629 150 667 πρὸς
167 629 214 662 τὴν
231 628 298 666 ἐμὴν
312 628 514 668 ἐγειραγώγησε
526 628 624 659 πίστιν,

126 774 141 790 ε
165 762 237 802 Ἐγὼ
262 761 289 790 δὲ
319 761 377 802 ἔχω
405 762 454 795 τὴν
490 762 633 801 μαρτδρὶαν
655 766 739 800 μειζω
752 766 798 791 τοῦ
813 762 908 791 Ἰωαν-

72 818 139 838 νου.
178 807 216 836 Τὰ
245 807 295 846 γὰρ
325 806 389 846 ἔργα
424 805 440 834 ἄ
461 805 544 835 ἔδωκέ
573 818 619 844 μοι
646 807 660 835 ὂ
683 808 785 847 Πατήρ,
801 807 847 836 ἵνα
862 817 909 835 τε-

951 272 980 298 et
990 268 1101 307 recipio
1117 268 1206 299 etiam
1224 268 1343 307 indigna
1360 276 1426 298 mea
1441 266 1561 301 deitate,
1581 269 1612 296 ut
1635 274 1686 295 vos
1701 264 1773 295 salvi

951 311 1038 344 ﬁalis.
1056 312 1217 344 Lucernam
1241 317 1338 344 autem
1358 312 1512 343 ardentem
1526 310 1671 341 Joannem
1688 309 1770 347 dicit,

949 366 984 386 eo
1000 357 1078 397 quod
1095 358 1132 388 de
1146 362 1222 388 terra
1232 357 1320 388 habet
1336 356 1590 392 formationem,et
1605 364 1663 384 non
1677 363 1729 394 per
1739 363 1771 385 se

949 402 1045 442 ipsum
1061 408 1104 432 est
1122 402 1233 439 lumen,
1251 402 1328 432 seda
1339 401 1432 440 gratia
1452 399 1590 441 Spiritus,
1605 408 1639 429 ac
1652 403 1769 438 tempo-

949 446 1072 478 rarium.
1091 449 1127 478 At
1138 446 1186 477 ubi
1202 447 1336 487 apparuit
1351 445 1415 476 dies
1430 444 1560 484 Domini,
1576 444 1632 475 hoc
1648 447 1702 483 est,
1712 443 1769 474 do-

949 490 1056 529 ctrina,
1073 491 1188 522 occulta
1203 495 1248 521 est
1262 491 1393 522 lucerna.
1419 489 1488 520 578
1508 490 1653 521 Cmterum
1665 497 1717 519 vos
1732 488 1767 519 ad

950 535 1053 566 horam
1069 536 1188 576 quidem
1206 535 1360 576 recepistis
1375 544 1409 566 ea
1419 544 1485 576 quae
1496 534 1531 565 ab
1543 533 1593 564 illo
1605 532 1766 570 dictasunt,

949 588 977 610 et
995 580 1147 611 exsultatis
1163 581 1191 610 in
1209 581 1284 620 ipso,
1303 585 1333 610 et
1354 580 1463 610 deinde
1478 578 1562 609 obliti
1587 587 1689 609 eorum
1703 587 1769 618 quae

949 624 987 654 de
1012 633 1059 655 tne
1088 625 1171 662 dixit,
1200 624 1349 655 mansistis
1370 625 1399 654 in
1428 623 1519 664 priori
1545 622 1766 654 incredulitate.

950 668 1021 700 Nam
1039 670 1062 700 si
1079 669 1121 700 illi
1137 669 1229 700 semel
1246 670 1372 700 ﬁrmiter
1383 667 1598 704 credidissetis,
1615 666 1765 708 quampri—

952 723 1030 744 mum
1048 722 1102 745 vos
1112 714 1148 745 ad
1168 723 1261 744 meam
1277 713 1448 745 adduxisset
1464 712 1565 743 ﬁdem.

991 758 1081 790 Vens.
1096 759 1192 791 36-38
1220 759 1273 789 «At
1288 768 1341 797 ego
1351 757 1553 788 testimonium
1566 756 1662 788 habeo
1678 756 1772 796 majus

951 804 1121 834 testimonio
1145 804 1277 836 Joannis.
1295 803 1393 844 Opera
1418 803 1496 833 enim
1526 811 1592 842 quae
1606 801 1687 832 dedit
1702 801 1774 832 mihi

74 851 191 881 Αειώσω
221 851 298 889 αὐτὰ,
336 851 401 880 αὐτὰ
428 852 461 880 τὰ
490 852 553 890 ’ἔργα
567 851 585 879 ἅ
599 851 652 890 ἐγὼ
673 846 764 890 ποιῶ,
779 846 908 891 μαρτυρεῖ

991 853 1043 879 iter
1060 853 1097 895 ut
1107 848 1260 889 perﬁciam
1288 857 1333 885 ea,
1349 848 1415 895 ipsa
1438 855 1530 895 opera
1554 855 1619 887 qua
1646 856 1700 895 ego
1727 846 1774 877 l'a—

76 897 144 934 περὶ
173 897 251 934 ἒμοῦ.
282 895 323 925 ὅτι
358 897 373 924 ὁ
415 897 510 936 Πατήρ,
543 907 576 934 με
621 896 782 925 ἀπέσταλκε’
824 897 868 925 καὶ
898 897 912 924 ὁ

76 941 198 978 πέμψας
226 952 259 978 με
289 941 392 981 Πατὴρ,
416 941 494 973 αὖτὸς
536 941 723 980 μεμαρτύρηκε
752 942 811 981 περὶ
834 941 908 979 ὶμοῦ⁴

77 984 146 1014 οὔτε
173 985 265 1025 φωνὴν
296 986 374 1014 αὒτοῦ
412 985 546 1019 ἀκηκόατε
589 996 708 1023 πωποτε,
750 986 809 1014 οὔτε
839 985 913 1018 εἶδος

79 1030 167 1059 αὐτοῦ
201 1030 347 1070 ἑωρέκατε,
377 1031 421 1058 καὶ
457 1031 502 1058 τὸν
537 1029 618 1069 λόγον
652 1032 730 1059 αὐτοῦ
763 1032 810 1060 οὒκ
834 1031 911 1071 ἔχετε

80 1075 201 1113 μένοντα
230 1074 258 1103 ἒν
282 1075 357 1112 ὑμῖν·
395 1074 435 1103 ὅτι
464 1075 492 1103 ὃν
519 1074 656 1103 ἀπέστειλε
686 1075 800 1113 ἐκεῖνος,
825 1077 912 1112 τούτῳ

81 1121 167 1157 ὗμετς
204 1121 233 1148 οὗ
266 1119 412 1148 πιστεύετε.
445 1131 458 1147 ι
489 1119 672 1160 Ἐμαρτύρησε
718 1120 778 1157 μὲν,
819 1121 909 1160 φησὶν,

85 1165 216 1198 Ἰωάννης
251 1165 309 1204 περὶ
336 1164 413 1202 ἐμοῦ,
457 1164 584 1198 Ἰωάννης
632 1167 646 1193 ὃ
694 1166 800 1195 πάντων
827 1165 912 1194 δοκῶν

82 1211 154 1248 ὑμῖν
186 1209 414 1242 ἀξιοπιστότατος.
445 1207 519 1237 Ἐπεὶ
540 1208 567 1237 δὲ
581 1210 651 1242 εἶγὸς
676 1210 810 1249 εὑρεθῆναί
839 1221 912 1241 τινας

84 1254 265 1293 συκοφάντας,
296 1253 324 1282 οἵ
352 1255 435 1293 τυχὸν
465 1253 562 1293 ἐροῦσν
595 1254 644 1283 Καὶ
659 1254 684 1282 τί
717 1255 783 1294 πρὸς
806 1254 878 1292 ἡμᾶς
903 1266 910 1292 ;

86 1298 218 1332 Ἰωάννης
248 1299 386 1338 ἓχαρίζετό
414 1309 468 1338 σοι,
497 1299 540 1326 καὶ
570 1298 614 1327 διὰ
630 1303 706 1327 τοῦτο
734 1300 767 1327 τὰ
795 1300 917 1340 χρηστό-

85 1354 154 1384 τερα
181 1343 365 1383 ἐπεμαρτύρει·
412 1338 519 1381 Τμετς,
555 1345 646 1384 φησὶν,
685 1338 823 1382 ἐπέμψατε
852 1345 917 1382 πρὸς

86 1387 229 1425 Ἰωάννην,
260 1388 303 1416 καὶ
330 1388 499 1427 ἠρωτήσατε,
517 1388 606 1422 ἀληθῆ
631 1389 738 1421 πάντως
771 1390 848 1418 αὐτὸν
870 1401 917 1417 νο·-

89 1433 222 1470 μίζοντες.
268 1432 340 1466 Πλὴν
369 1432 428 1473 ἔχω
463 1434 507 1461 καὶ
547 1432 631 1467 ἄλλην
661 1435 802 1474 μαρτυρίαν
838 1434 918 1471 μεξζω

88 1478 138 1505 τοῦ
171 1477 302 1509 Ἰωάννου,
340 1477 378 1506 Τὰ
406 1477 471 1517 ἔργα
506 1479 550 1506 καὶ
578 1479 595 1506 ἃ
617 1477 697 1506 ἔδωκέ
713 1489 758 1516 μοι
783 1480 797 1507 ὁ
815 1480 917 1519 Πατήρ,

953 893 1012 933 cio,
1032 893 1234 924 testimonium
1262 892 1418 932 perhibent
1443 891 1480 922 de
1510 900 1568 927 me,
1596 891 1674 932 quod
1691 891 1777 922 Pater

955 947 1002 968 me
1032 938 1155 969 miserit.
1181 937 1217 968 Et
1246 937 1295 978 qui
1335 937 1415 967 misit
1440 944 1488 966 me
1516 935 1613 973 Pater,
1640 935 1702 975 ipse
1732 939 1778 965 te-

953 986 1046 1012 status
1063 989 1108 1012 est
1124 982 1162 1013 de
1178 991 1226 1012 me
1246 992 1252 1013 :
1269 990 1366 1022 neque
1382 989 1483 1011 vocem
1500 979 1564 1019 ejus
1580 989 1710 1020 unquam
1724 989 1779 1010 au-

954 1027 1052 1064 distis,
1072 1036 1168 1067 neque
1191 1028 1321 1066 speciem
1337 1027 1402 1065 ejus
1423 1024 1549 1064 vidistis,
1567 1028 1596 1054 et
1609 1033 1780 1055 sermonem

955 1073 1022 1112 ejus
1051 1081 1109 1102 non
1127 1071 1242 1102 habetis
1265 1072 1294 1102 in
1311 1070 1394 1101 vobis
1409 1074 1592 1105 manentem,
1608 1070 1677 1109 quia
1692 1078 1780 1109 quem

954 1117 1035 1147 misit
1054 1117 1115 1153 ille,
1134 1117 1162 1147 ei
1185 1126 1236 1147 vos
1261 1114 1461 1147 noncreditis.
1482 1126 1493 1143 ι
1512 1115 1647 1145 Testatus
1657 1113 1775 1153 quidem

954 1163 1137 1193 estloannes
1153 1162 1191 1192 de
1207 1170 1252 1192 me
1269 1161 1319 1201 qui
1337 1159 1417 1190 vobis
1433 1159 1566 1190 omnium
1578 1158 1705 1189 maxime
1718 1157 1776 1188 ﬁde

954 1206 1061 1246 dignus
1077 1206 1451 1238 videbaturwerumtamen
1469 1204 1537 1244 quia
1551 1203 1713 1234 verisimile
1731 1207 1777 1234 est

958 1251 1020 1281 fore
1036 1251 1177 1291 quosdam
1194 1251 1387 1291 sycophantas
1402 1249 1451 1290 qui
1468 1248 1600 1279 fortassis
1616 1247 1727 1284 dicent,
1745 1247 1778 1278 Et

959 1296 1030 1336 quid
1047 1296 1083 1326 ad
1101 1296 1170 1326 nos?
1185 1296 1209 1326 si
1222 1295 1353 1327 Joannes
1364 1293 1522 1334 gratiﬁcari
1536 1293 1589 1324 tibi
1605 1293 1778 1327 voluerat,et

960 1346 1103 1381 propteea
1121 1340 1281 1371 blandiora
1295 1339 1428 1380 quaedam
1445 1343 1600 1370 attestatus
1624 1338 1692 1368 est?
1708 1336 1778 1376 Vas,

959 1385 1066 1426 inquit,
1081 1385 1201 1416 misistis
1216 1385 1251 1415 ad
1267 1382 1684 1423 Joannem,etinterrogastis,
1700 1391 1780 1413 vera-

959 1439 1023 1460 cem
1041 1440 1094 1470 per
1104 1430 1204 1460 omnia
1215 1430 1297 1460 illuni
1308 1429 1744 1460 existimantes.Verumtamen
1754 1431 1782 1457 et

960 1484 1013 1514 ego
1028 1474 1107 1505 aliud
1124 1475 1326 1505 testimonium
1337 1473 1431 1504 habeo
1447 1473 1543 1512 majus
1553 1471 1782 1512 Joaune.Opera

92 1522 240 1553 τουτέστιν.
257 1522 378 1551 Ἀνέθετό
413 1533 459 1560 μοι
487 1523 501 1550 ὀ
532 1524 634 1563 Πατὴρ,
665 1523 711 1551 ἵνα
722 1523 856 1552 τελειώσω

991 1519 1043 1550 tim
1060 1529 1125 1560 quas
1140 1519 1222 1549 dedit
1236 1519 1307 1549 mihi
1329 1520 1427 1551 Pater.
1446 1518 1502 1548 hoc
1524 1520 1580 1553 est,
1602 1517 1783 1563 qttasstatuit

90 1567 138 1604 τὰ,
176 1572 334 1606 μαρτυροῦσι
372 1567 431 1606 περὶ
457 1568 533 1604 ὲμοῦ.
557 1568 634 1607 Λέγει
650 1567 677 1596 δὲ
694 1567 767 1607 ἔργα,
783 1569 816 1597 τὰ
851 1570 916 1597 θαύ-

90 1623 165 1650 ματα
186 1611 281 1648 δήπου,
309 1612 369 1640 οἷον
396 1612 446 1646 τὴν
473 1616 518 1641 τοῦ
533 1612 683 1652 παραλύτου
705 1612 859 1652 ὰνόρθωσιν,
874 1615 919 1642 καὶ

89 1657 126 1685 τὰ.
153 1656 245 1687 λοιπά,
274 1655 348 1685 Ἐπεὶ
377 1656 404 1684 δὲ
433 1657 571 1685 ὶνεκάλουν
587 1659 669 1695 αὖτῷ,
686 1657 726 1686 ὅτι
747 1658 774 1686 ἒν
790 1657 919 1695 Σαϐϐάτῳ

90 1705 176 1730 ταῦτα
217 1708 306 1738 ποιεῖ,
332 1700 465 1741 λέγοντες,
482 1701 523 1730 ὅτι
542 1711 556 1732 (
572 1704 626 1732 οὐκ
641 1702 686 1731 ἔστ
693 1714 715 1731 ιν
730 1703 760 1731 ἔκ
781 1706 827 1731 τοῦ
842 1707 917 1739 Θεοῦ,

91 1746 135 1775 ὅτι
163 1747 193 1774 τὸ
219 1745 354 1774 Σάϐϐατω
371 1748 401 1776 οὗ
414 1753 503 1786 τηρεῖ·
522 1758 536 1774 n
562 1745 688 1776 δείκνυσιν
704 1748 805 1786 αὐτοῖς,
824 1746 864 1775 ὅτι
888 1744 921 1775 τὰ

92 1794 132 1827 τῷ
146 1790 226 1830 Πατρὶ
247 1789 390 1829 δεδογμένα
405 1785 491 1826 ποιεῖ,
513 1790 560 1819 καί
577 1791 618 1820 ὅτι
635 1791 735 1829 μᾶλλον
751 1791 781 1820 ἐκ
795 1785 840 1819 τοῦ
856 1785 921 1820 Θεοδ

92 1836 162 1872 ἔστι,
178 1835 264 1866 καθὼς
278 1835 312 1863 τὰ
338 1836 410 1874 παρὰ
438 1839 483 1864 τοῦ
505 1840 571 1865 Θεοῦ
603 1835 729 1874 δεδομένα
758 1837 828 1872 αὒτῷ
857 1836 920 1875 ἔργα

92 1879 179 1911 τελεῖ.
212 1891 222 1907 ι
251 1880 289 1909 Τὰ
302 1880 351 1919 γὰρ
366 1879 441 1919 ἔργα,
464 1881 555 1920 φησὶν,
573 1880 589 1908 ἃ
606 1879 686 1909 ἔδωκέ
701 1892 747 1919 μοι
770 1881 784 1909 ὀ
815 1882 915 1919 Πατήρ,

92 1925 141 1953 ’ἱνα
157 1924 292 1953 τελειώσω
306 1925 382 1955 αὑτά.
407 1935 421 1954 )
441 1925 517 1954 Ἐπεὶ
539 1927 583 1954 οὗν
606 1926 619 1954 ὁ
635 1926 726 1964 Πατὴρ
741 1924 837 1954 δὲδωιε
852 1930 918 1954 ταῦ-

93 1981 139 2010 τα,
175 1973 254 2007 ὑμεῖς
270 1969 328 1998 ἐστε
343 1970 454 1998 ἀντίθεοι
476 1971 499 1999 οἱ
527 1970 720 1999 ἐναντιούμενοι
746 1977 804 2003 τοῖς
829 1971 918 1999 τοιού-

93 2027 151 2047 τοις
166 2014 263 2053 ἔργοις.
279 2027 292 2041 ιι
318 2015 365 2043 Καὶ
378 2015 391 2042 ό
407 2015 516 2052 πέμψας
533 2026 566 2053 με
585 2016 686 2055 Πατήρ,
716 2015 793 2047 αυτὸς
813 2026 919 2053 μεμαρ-

94 2060 192 2099 τύρηκε
221 2060 280 2099 περὶ
294 2059 370 2098 ἐμοῦ,
390 2071 403 2086 ι
421 2063 472 2089 Ποῦ
494 2059 521 2088 δὲ
537 2060 725 2099 μεμαρτὺρηκε
754 2060 813 2095 περὶ
842 2060 921 2088 αὐτυῦ

93 2106 108 2134 ὀ
125 2105 216 2144 Πατήρ
240 2114 249 2142 ;
264 2105 337 2136 Τινὲς
353 2105 401 2142 μὲν
416 2104 550 2144 λέγουσιν,
572 2106 608 2137 ὡς
624 2105 666 2133 ἐπὶ
697 2108 742 2133 τοῦ
764 2105 918 2143 βαπτίσμα-

93 2161 152 2187 τος,
179 2149 242 2178 ὅταν
269 2151 355 2178 εἶπεν·
384 2161 396 2177 ι
414 2150 494 2181 Οὗτός
515 2151 587 2178 ὲττιν
616 2150 630 2178 ὁ
646 2151 704 2181 Υἱὸς
732 2160 782 2188 μου
805 2150 820 2178 ὀ
848 2149 915 2188 ἁγα-

94 2194 194 2228 πητός.
225 2204 240 2223 )
271 2200 398 2234 Κρεϊττον
426 2193 453 2221 δὲ
482 2196 559 2232 οἶμαι
587 2201 671 2231 νοεῖν,
694 2194 736 2222 ὅτι
756 2193 797 2222 διὰ
826 2194 914 2227 πάσης

961 1564 1030 1594 mihi
1053 1565 1139 1595 Pater
1169 1568 1199 1594 ut
1229 1563 1392 1603 perﬁciam.
1424 1571 1457 1592 ea
1488 1564 1632 1592 testantur
1660 1560 1697 1591 de
1721 1570 1780 1591 me.

959 1609 1035 1640 Dicit
1062 1613 1159 1639 autem
1187 1618 1288 1649 opera,
1306 1607 1454 1638 mirabilia
1480 1607 1531 1637 illa
1553 1605 1679 1645 scilicet,
1695 1605 1781 1646 quale

961 1654 1014 1684 fuit
1040 1653 1189 1693 paralytici
1215 1653 1374 1687 restitutio,
1401 1656 1457 1682 etc.
1477 1651 1689 1682 Verumtamen
1713 1651 1782 1690 quia

962 1698 1127 1738 arguebant
1142 1707 1208 1729 eum
1221 1697 1300 1738 quod
1316 1697 1346 1728 in
1357 1696 1484 1728 Sabbato
1492 1697 1555 1727 haec
1566 1696 1674 1726 faceret
1684 1696 1782 1726 dicen-

963 1747 1006 1774 tes
1023 1752 1031 1774 :
1049 1753 1063 1773 ι
1081 1742 1134 1773 Hic
1151 1753 1209 1773 non
1225 1746 1270 1773 est
1285 1752 1320 1773 ex
1347 1743 1417 1778 Deo,
1441 1742 1510 1781 quia
1538 1740 1699 1771 Saltbatum
1723 1749 1781 1770 non

961 1788 1126 1823 servntw,»
1144 1787 1272 1818 ostendit
1285 1787 1328 1817 eis
1339 1787 1416 1827 quod
1434 1786 1520 1816 faciat
1535 1795 1570 1816 ea
1584 1795 1650 1825 quae
1664 1794 1681 1815 a
1697 1785 1782 1816 Patre

961 1833 1126 1872 decreta,et
1143 1832 1219 1872 quod
1238 1832 1332 1871 magis
1346 1841 1363 1862 a
1380 1832 1440 1863 Deo
1455 1831 1543 1867 sit,eo
1559 1830 1636 1870 quod
1651 1828 1783 1869 injuncta

959 1877 1017 1908 sibi
1032 1887 1049 1908 a
1063 1879 1124 1909 Deo
1138 1886 1228 1916 opera
1246 1876 1342 1907 faciat.
1356 1876 1472 1915 «Opera
1488 1875 1582 1911 enim,
1599 1874 1706 1914 inquit,
1718 1884 1783 1914 quae

961 1921 1044 1952 dedit
1060 1922 1129 1952 mihi
1145 1924 1229 1952 l‘ater
1240 1926 1269 1951 ut
1285 1920 1436 1961 perﬁciam
1453 1929 1518 1951 ea.»
1536 1919 1610 1956 Quia
1625 1919 1715 1959 igitur
1725 1919 1781 1951 Pa—

963 1970 1007 1997 ter
1021 1966 1103 1998 dedit
1119 1967 1190 1997 mihi
1211 1967 1272 2003 illa,
1290 1975 1339 1996 vos
1359 1966 1429 1997 estis
1457 1965 1519 1996 Deo
1540 1964 1714 2001 adversarii,
1732 1964 1782 2005 qui

964 2011 1022 2042 illis
1036 2011 1178 2051 operibus
1189 2010 1385 2041 adversamini
1396 2021 1403 2048 ;
1416 2015 1445 2040 et
1459 2009 1508 2051 qui
1526 2009 1605 2040 misit
1622 2019 1668 2040 tne
1685 2010 1782 2044 l’aler,

963 2057 1026 2096 ipse
1042 2060 1166 2086 testatur
1181 2056 1217 2086 de
1234 2065 1292 2086 me.
1310 2054 1367 2086 Ubi
1382 2059 1479 2097 autem
1497 2059 1619 2085 testatus
1635 2059 1681 2085 est
1696 2054 1732 2085 de
1749 2063 1783 2084 eo

962 2100 1060 2132 Pater?
1069 2101 1194 2137 Quidam
1206 2100 1309 2131 dicunt
1324 2100 1402 2141 quod
1415 2101 1444 2131 in
1461 2099 1647 2140 baptismate,
1665 2099 1783 2138 quando

958 2145 1032 2176 dixit
1049 2154 1056 2177 :
1073 2159 1083 2172 ι
1101 2144 1155 2176 Hic
1171 2150 1217 2176 est
1232 2145 1324 2176 Filius
1342 2154 1425 2175 meus
1441 2144 1566 2175 dilectus
1577 2144 1614 2174 3'.
1635 2156 1645 2173 η
1671 2143 1784 2184 Opinor

957 2194 1055 2221 autem
1071 2190 1149 2230 quod
1167 2190 1258 2230 magis
1273 2189 1502 2229 intelligatquod
1515 2198 1567 2229 per
1575 2198 1694 2220 onmem
1707 2189 1782 2220 Scri-

93 2240 146 2272 τῆς
189 2232 301 2279 Γραφῆς
323 2238 488 2277 ἐμαρτύρησε
524 2239 582 2278 περὶ
610 2238 688 2266 αὐτοῦ
703 2239 717 2267 ὀ
733 2239 809 2275 Θεὸς,
827 2237 867 2267 διά
886 2249 908 2266 τε

993 2245 1076 2266 uram
1105 2239 1228 2266 testttus
1254 2235 1292 2266 sit
1320 2235 1356 2265 de
1382 2244 1416 2266 eo
1433 2235 1593 2268 Deus,tam
1619 2243 1672 2274 per
1688 2234 1782 2274 legem

94 2288 143 2312 τοῦ
168 2283 250 2320 νόμου
276 2285 320 2312 καὶ
350 2287 402 2312 τῶν
438 2287 592 2323 προνρητῶν,
625 2279 701 2323 Ἀλλ’
721 2284 813 2321 ὑμεῖς,
829 2285 921 2324 φησὶν,

96 2327 156 2358 οὔτε
197 2329 288 2368 φωνὴν
331 2330 410 2357 αὖτοῦ
448 2328 596 2364 ἀκηκόατε,
628 2334 674 2358 τοῦ
703 2329 805 2368 Πατρὶς
841 2328 922 2367 λέγω,

98 2372 158 2402 οὔτε
201 2371 274 2405 εἶδος
324 2374 402 2402 αὐτοὺ
452 2373 597 2413 ἑωράκατε,

96 2417 234 2456 ἄγνωστος
260 2418 325 2455 ὑμῖν
360 2418 426 2446 ἐστι·
454 2417 519 2446 διότι
553 2419 656 2446 καὶτὸν
679 2417 759 2457 λόγον
787 2418 923 2446 who-3051.

96 2462 176 2502 ἔχετε
211 2462 324 2500 μένοντα
350 2463 378 2491 ἒν
406 2464 483 2502 ὑμῖν·
514 2463 646 2501 τουτέστι,
663 2463 714 2495 Τὰς
744 2463 847 2502 Γραφὰς
876 2462 922 2495 τας

99 2508 158 2546 περὶ
185 2507 251 2545 ἐμοῦ
278 2509 459 2548 μαρτυρούσας
499 2509 546 2537 οὒκ
574 2507 675 2544 οἴδατε,
706 2508 727 2535 εἰ
750 2508 793 2536 καὶ
820 2506 923 2535 δοκεῗτε

97 2551 138 2579 ὅτι
173 2551 278 2588 οἴδατε,
309 2553 351 2580 καὶ
379 2555 528 2593 καυχᾶσθε,
566 2553 602 2583 ὡς
638 2553 671 2580 τὰ
686 2552 770 2591 Λόγια
785 2555 831 2580 τοῦ
859 2555 924 2580 Θεοῦ

97 2597 325 2634 ἱμπιστευθέντες.
355 2597 436 2626 Πόθεν
463 2597 553 2635 δηλον,
591 2597 632 2626 ὅτι
671 2598 718 2626 οὐκ
746 2595 837 2625 οἴδατε
875 2597 922 2628 τας

98 2641 214 2680 Γραφάς⁴
253 2652 269 2671 ι
300 2636 365 2671 1Ὀτι
395 2642 423 2671 δν
438 2643 593 2671 ἀπέστειλεν
609 2641 723 2682 ἐκεῖνος,
746 2641 832 2678 τούτῳ
843 2641 922 2678 ὑμε⁴ς

98 2687 127 2715 οὗ
156 2687 303 2717 πιστεύετε.
343 2698 356 2715 υ
385 2683 497 2727 Ἶεισπερ
513 2688 556 2716 οὖν
572 2686 630 2716 οὔτε
652 2687 741 2726 φωνὴν
758 2689 824 2715 Θεοῦ
839 2686 917 2720 ἠκούι

96 2741 159 2759 σατε
194 2733 234 2769 (οὐ
262 2732 314 2771 γὰρ
339 2731 399 2773 ἔχει
424 2733 514 2773 φωνὴν
542 2733 556 2761 ὁ
585 2735 649 2764 Θεος
676 2731 829 2772 αἰσθητὴν),
860 2730 918 2759 οὔτε

136 2821 266 2854 301mm.
283 2831 326 2860 Ix.
343 2821 393 2855 16.
436 2821 462 2847 δί
479 2821 582 2855 Matth.
599 2829 671 2860 ml,
688 2819 722 2852 5.

643 2373 712 2401 ἀλλὰ
760 2373 925 2401 παντάπασιν

962 2290 1048 2321 quam
1066 2289 1119 2320 per
1136 2280 1295 2320 prophetas
1327 2279 1402 2311 «Sed
1421 2289 1483 2312 vos.
1501 2279 1608 2320 inquit,
1626 2289 1784 2320 nequevo—

963 2335 1026 2356 cem
1040 2326 1105 2364 ejus
1121 2325 1255 2360 audistis,
1272 2324 1379 2361 Patris,
1406 2325 1526 2365 inquam
1544 2333 1640 2364 neque
1655 2325 1784 2364 speciem

965 2371 1031 2410 ejus
1055 2369 1181 2400 vidistis.
1201 2381 1214 2400 ι
1235 2369 1305 2401 Ideo
1335 2369 1474 2400 omnibus
1495 2369 1592 2399 modis
1618 2369 1786 2408 incognitus

964 2414 1045 2445 vobis
1057 2422 1111 2445 est.
1133 2414 1201 2445 ldeo
1218 2419 1246 2444 et
1259 2423 1427 2445 sermonem
1443 2415 1508 2453 ejus
1523 2423 1580 2444 non
1597 2413 1712 2444 habetis
1720 2423 1785 2444 ma—

966 2464 1085 2491 nentem
1104 2459 1133 2489 in
1150 2459 1245 2500 vobis;
1276 2460 1330 2490 hoc
1347 2463 1402 2496 est,
1419 2458 1587 2498 Scripturas
1602 2467 1668 2498 quae
1684 2458 1722 2489 de
1739 2468 1786 2488 me

965 2509 1125 2541 testantur,
1139 2505 1259 2536 nescitis
1274 2513 1280 2536 :
1296 2503 1411 2535 tametsi
1425 2503 1582 2534 videamini
1597 2512 1628 2533 sc
1642 2512 1674 2533 re
1689 2502 1785 2542 etglo-

964 2549 1033 2580 riart
1061 2550 1089 2580 in
1115 2549 1241 2590 eloquiis
1258 2549 1311 2580 Dei
1327 2558 1393 2589 quae
1407 2548 1490 2579 vobis
1511 2547 1682 2578 concredita
1704 2552 1781 2578 sunt.

965 2594 1042 2626 Hinc
1057 2599 1154 2625 autem
1185 2593 1372 2624 manifestum
1398 2594 1475 2633 quod
1496 2591 1635 2623 nesciatis
1649 2591 1786 2631 Scriptu-

963 2639 1095 2680 ras,quia
1108 2652 1120 2666 α
1134 2639 1159 2669 ei
1175 2648 1262 2679 quem
1279 2638 1329 2669 ille
1346 2638 1499 2675 misit,non
1514 2636 1645 2668 creditis.
1665 2649 1678 2665 »
1696 2636 1787 2676 Igitur

962 2685 1039 2715 sicut
1051 2693 1147 2724 neque
1160 2691 1259 2714 vocem
1275 2683 1325 2713 Dei
1342 2682 1496 2714 audivistis
1512 2684 1580 2721 (non
1598 2682 1677 2712 enim
1699 2681 1787 2712 habet

962 2729 1040 2761 Deus
1056 2736 1159 2760 Vocem
1177 2725 1360 2764 sensibilem)
1379 2737 1477 2768 neque
1491 2727 1620 2767 speciem
1638 2727 1702 2766 ejus
1717 2725 1786 2756 vidi-
