1959 3069
88 176 172 210 1289
444 178 668 211 ENARRATIO
689 178 731 211 IN
753 177 1007 211 EVANGELIUM
1029 179 1201 212 JOANNIS.
1225 197 1262 204 —
1277 179 1360 215 CAP.
1384 183 1438 215 VI.
1718 184 1795 219 1290

90 245 216 281 ἔλαττον,
244 245 304 275 ἀλλ’
333 246 484 287 ἰσαρίθμους
512 249 565 275 τῶν
594 247 721 284 μαθητῶν
755 247 815 278 τοὺς
845 257 861 274 κ

1019 250 1066 277 ent
1091 245 1229 287 discipuli
1258 248 1378 288 cophini
1402 249 1609 290 reliquiarum,
1634 256 1667 283 ut
1687 263 1792 285 omnes

93 302 156 322 γους
178 295 232 320 τῶν
259 291 393 329 λειψάνων
415 291 538 325 ἐποίησαι
560 295 738 331 περιττεῦσαν
770 291 817 319 ἵνα
832 291 866 320 πά

1018 293 1100 339 stent,
1117 295 1146 321 et
1161 301 1258 339 neque
1272 291 1363 339 indas
1379 293 1451 339 ipse
1475 304 1581 335 expers
1594 297 1791 339 relinquatur,

94 336 266 377 βαστέσωσι,
289 340 334 365 καὶ
361 336 430 374 μηδὲ
445 338 460 364 6
483 335 582 368 Ἰούδας
599 335 708 375 ἄμοιρος
729 335 867 375 καταλειφε

1020 335 1145 367 habens
1167 336 1256 367 etiam
1273 337 1330 368 boc
1346 334 1520 370 miraculum
1542 341 1620 380 quod
1647 334 1793 375 monstret

93 381 156 410 ἀλλ’
193 381 247 422 ἔχη
274 383 318 410 καὶ
349 385 427 410 τοῦτο
456 382 486 410 τὸ
514 383 600 419 θαῦμα
624 380 754 410 δεικτικὸν
777 386 824 411 τοῦ
856 381 928 409 εἶναι

95 427 163 454 Θεὸν
183 427 231 455 τὸν
251 427 332 455 αὐτοῦ
353 425 521 466 διδάσκαλον,
547 425 594 455 καὶ
616 425 766 466 ὠφεληθείη
788 425 839 454 κᾶκ
867 425 928 453 τού-

93 482 153 511 του,
184 471 233 500 κᾶν
254 471 296 500 διὰ
318 472 368 505 τὴν
390 473 469 501 αὐτοῦ
487 471 582 500 καγίαν
607 471 644 503 εἷς
673 470 828 510 κατάκρισιν
855 469 928 508 μᾶλ-

93 514 143 544 λον
172 515 253 544 αὑτοῦ
278 519 357 544 τοῦτο
377 515 471 555 γέγονε
487 525 494 532 ·
521 516 567 544 τὸν
589 516 639 555 γὰρ
653 519 767 544 τοσαῦτα
789 515 928 551 περιττεύ-

96 571 168 598 ματα
197 561 359 601 ποιήσαντα,
384 560 410 594 ἐξ
430 561 469 588 ὧν
491 561 536 589 καὶ
557 561 634 593 αὐτὸς
657 561 765 600 κόφινον
787 558 926 596 ἐϐάστασε,

94 608 187 634 τοῦτον
211 604 385 645 προδέδωκεν.
416 607 452 635 Οὔ
480 606 530 645 γὰρ
558 604 591 639 δὴ
613 605 702 642 μάτην
724 611 782 637 τοῖς
807 603 928 632 ἀποστό-

97 649 156 682 λοις
185 649 329 690 προσέταξε
357 650 488 689 βαστάσαι
527 650 588 682 τοὺς
630 650 765 690 κοφίνους,
795 647 855 676 ἀλλ’
882 648 928 676 ἵνα

97 694 139 722 ἀεὶ
167 694 423 732 ἆναμιμνήσκωνται
459 695 506 722 τοῦ
533 693 678 733 θαύματος,
710 693 747 725 ὡς
784 691 927 730 μέλλοντες

97 738 201 767 ἔσεσθαι
230 737 382 768 διδάσκαλοι
424 739 474 772 τῆς
515 738 685 776 οἰκουμένης.
725 738 761 766 Τὸ
799 737 847 775 μὲν
878 737 928 781 γὰρ

98 783 215 818 πλῆθος,
245 782 318 812 οὐδὲν
354 782 424 821 μέγα
444 781 557 820 ἔμελλον
578 782 791 822 καρπώσασθαι·
825 792 929 820 παραυ-

97 829 157 856 τίκα
185 828 236 867 γὰρ
281 827 440 856 ιπελάθοντο
476 832 523 857 τοῦ
556 827 698 865 θαύματος,
740 825 823 858 οὕτως
860 826 929 859 ἦσαν

96 872 207 906 ἀνόητοι
221 881 228 888 ⁸
266 873 289 901 οἱ
317 872 345 901 δὲ
375 872 501 910 μαθηταὶ,
540 873 571 901 οὒ
605 872 638 899 τὰ
665 871 783 911 τυχόντα
817 870 929 908 ἔμελλον

94 916 250 956 κερδαίνειν.
292 917 464 955 Μανθάνομεν
493 915 520 944 δὲ
549 916 602 944 ἀπὸ
629 915 677 944 τοῦ
709 915 849 955 γεγονότος
889 915 928 953 μὴ

968 380 1026 411 sibi
1041 382 1135 429 Deum
1147 383 1418 429 essemagistrum,
1432 385 1502 415 inde
1512 385 1668 418 utilitatem
1684 389 1791 429 capiat:

969 426 1100 471 quamvis
1115 427 1203 458 etiam
1220 428 1277 459 hoc
1292 433 1415 469 propter
1429 429 1569 461 malitiam
1591 432 1656 471 ejus
1670 433 1701 464 in
1717 426 1792 465 con-

969 469 1188 518 demnationem
1202 472 1294 512 ipsius
1308 473 1517 510 cesserit;eum
1536 469 1615 506 enim
1631 477 1682 518 qui
1698 483 1794 510 tantas

969 515 1110 564 reliquias
1122 516 1284 564 ieceratﬁe
1295 518 1405 564 quibus
1416 524 1445 550 et
1459 519 1524 560 ipse
1539 515 1700 561 cophinum
1720 533 1793 564 por-

971 559 1053 609 tavit,
1067 560 1275 609 prodid_it.Non
1284 562 1364 593 enim
1376 572 1441 594 sme
1456 559 1545 596 causa
1559 559 1794 609 imperavit-apo-

970 604 1053 635 stolis
1070 609 1100 636 ut
1111 605 1490 652 cophinosrgestarent,sed
1507 613 1538 640 ut
1551 604 1672 652 semper
1682 604 1793 644 memo-

970 658 1019 680 res
1031 657 1132 681 essent
1147 651 1294 687 miraculi,
1312 656 1413 692 utpote
1437 653 1571 693 magistri
1592 651 1674 688 orbis
1688 657 1791 691 futuri.

969 693 1044 743 Nam
1052 694 1209 742 multitudo
1216 695 1335 743 quidem
1344 705 1405 743 non
1415 706 1552 743 magnam
1562 699 1716 732 utilitatem
1729 711 1795 743 per-

969 742 1091 785 ceptura
1107 738 1287 785 erat,statim
1303 740 1383 771 enim
1399 740 1629 775 obliviscebatur
1645 738 1793 785 miraculi;

969 787 998 814 at
1008 783 1147 824 discipuli
1155 794 1215 816 non
1224 785 1343 824 vulgare
1354 785 1469 816 lucrum
1478 786 1548 818 inde
1560 788 1690 820 habituri
1698 783 1792 824 erant.

969 827 1124 859 Discamus
1143 828 1213 860 item
1230 838 1266 860 ex
1282 829 1338 859 hoc
1355 829 1498 861 miraculo
1527 841 1564 862 ne
1588 833 1794 872 pusillanimes

969 872 1062 917 simus
1072 873 1103 903 in
1112 873 1256 913 angustiis
1262 877 1291 904 et
1301 878 1586 917 paupertate,neque
1596 877 1691 909 timidi
1702 879 1795 912 simus

969 915 1000 947 in
1027 917 1230 958 hospitalitate
1255 922 1285 948 et
1314 915 1545 959 communione,
1561 921 1613 952 sed
1638 924 1795 956 credamus

95 952 279 1002 μικροψυχεῖν
309 962 336 990 ἓν
365 952 426 993 ταῖς
443 960 634 1001 στενοχωρίαις
659 952 837 1008 τῆςπενίας,
860 971 868 998 ι.

1018 961 1048 993 )d
1066 952 1153 1008 etiam
1179 962 1208 1008 si
1236 971 1328 993 unum
1356 967 1471 1008 tantum
1497 952 1602 1006 panem

92 1005 194 1043 δειλιᾷν
231 1007 296 1046 πρὸς
338 1005 485 1046 φιλοξενίαν
524 1007 568 1034 καὶ
595 1004 751 1045 μετάδοσιν,
781 1004 850 1034 ἀλλὰ
879 1016 927 1033 πι-

91 1052 208 1089 στεύειν,
225 1051 265 1080 ὅτι
280 1051 330 1080 κᾶν
355 1050 401 1080 ἕνα
431 1050 508 1090 ἄρτον
538 1050 658 1090 ἔχωμεν,
684 1049 815 1084 πληθυνεῖ
835 1053 928 1078 τοῦτον

93 1097 109 1125 6
139 1096 173 1124 τά
194 1100 310 1125 τοσαῦτα
339 1099 504 1136 περιττεῦσαι
528 1095 643 1130 ποιήσας
663 1096 696 1123 Ex
720 1094 800 1123 πέντε
827 1093 926 1133 ἄρτων,

98 1142 164 1170 Κατ’
189 1141 351 1180 ἆλληγορίαν
378 1140 417 1181 δὲ,
448 1140 492 1168 ὅτε
520 1139 695 1180 ικπεφοίτηκε
722 1140 775 1167 τῶν
814 1135 923 1178 Ἰεροσοι

91 1185 184 1223 λῦμων
212 1187 226 1214 6
256 1186 360 1225 Κύριος,
389 1185 458 1213 κατὰ
478 1186 509 1214 τὸ
539 1184 566 1213 ἐν
595 1185 743 1224 προφήταις
775 1183 924 1223 εἰρημένον,

96 1241 113 1260 (
135 1229 367 1270 Ἐγκαταλέλοιπα
389 1231 435 1258 τὸν
464 1229 541 1258 οἶκόν
563 1240 625 1267 μου,
644 1229 735 1269 ἀφῆκα
756 1228 805 1262 τὴν
823 1227 925 1268 κληρο-

92 1275 187 1314 νομίαν
202 1286 264 1313 μου.
284 1285 298 1304 ι
316 1275 377 1303 τότε
407 1274 439 1308 δὴ
469 1275 506 1307 εἰς
529 1274 578 1308 τὴν
599 1272 743 1302 Γαλιλαίαν
764 1274 816 1302 τῶν
844 1273 924 1302 ἐθνῶν

94 1319 211 1357 ἔπεισιν,
249 1320 310 1352 τοὺς
365 1320 483 1352 ἒθνικοὺς
538 1317 812 1358 προσλαμϐανόμενος
830 1326 836 1332 ·
881 1320 925 1346 καὶ

95 1364 181 1405 ὄχλος
209 1365 281 1402 αὺτῷ
309 1364 390 1396 πολὺς
406 1363 559 1396 ἀκολουθεῖ.
583 1363 697 1392 ’¹Λνεισι
713 1361 740 1391 δὲ
756 1363 792 1394 εἰς
806 1363 837 1390 τὸ
852 1362 923 1402 ὅρος,

93 1409 153 1443 ἤτοι
197 1410 233 1439 εἰς
268 1410 314 1438 τὸν
353 1409 475 1449 σταυρὸν,
519 1408 566 1436 ἵνα
600 1409 700 1440 πάντας
730 1406 828 1446 ἐλκύσῃ
858 1408 924 1447 πρὸς

95 1455 200 1494 ἑαυτὸν,
228 1454 246 1488 ἢ
276 1455 312 1486 εἷς
342 1455 388 1482 τὸν
417 1454 537 1492 οὒρανὸν,
567 1454 603 1486 εἰς
640 1452 690 1486 τὴν
717 1452 850 1491 θεοπρεπῆ
879 1463 924 1480 τι-

95 1499 150 1537 μὴν
177 1499 221 1527 καὶ
250 1497 338 1531 δόξαν.
376 1497 549 1538 Ἀναληφθεὶς
589 1498 638 1536 γὰρ
667 1497 703 1529 εἰς
737 1497 857 1536 οὖριινὸν,
880 1497 924 1525 καὶ

93 1546 132 1576 ὡς
162 1544 226 1575 Θεὸς
251 1543 317 1583 παρ’
354 1544 432 1581 ἡμῶν
474 1541 662 1582 δοξαζόμενος,
698 1543 742 1570 καὶ
776 1542 815 1579 μὴ
846 1541 923 1579 ψιλὸς

968 1005 1052 1037 illum
1071 1006 1326 1053 multiplicaturus
1336 1007 1384 1046 sit,
1400 1009 1448 1048 qui
1462 1018 1495 1039 ex
1513 1009 1643 1051 quinque
1668 1005 1794 1053 panibus

969 1055 1081 1082 tantum
1098 1060 1256 1092 superesse
1272 1051 1353 1082 fecit.
1366 1053 1425 1084 Per
1434 1053 1604 1093 allegoriam
1617 1051 1716 1088 autem
1731 1059 1794 1090 Do-

968 1094 1067 1142 minus
1080 1096 1197 1142 quando
1209 1095 1296 1142 exivit
1309 1095 1523 1142 Hierosolyma,
1532 1099 1697 1131 secundum
1713 1103 1793 1142 quod

967 1139 999 1170 in
1019 1140 1172 1180 prophetis
1199 1140 1311 1171 dictum
1339 1140 1417 1172 est“
1435 1151 1443 1173 :
1463 1141 1640 1183 uDereliqui
1671 1139 1792 1178 domum

968 1193 1076 1225 meam,
1093 1185 1199 1225 reliqui
1208 1185 1411 1216 haereditatem
1427 1195 1524 1217 meam
1543 1197 1549 1219 :
1568 1200 1582 1216 ι
1597 1193 1668 1221 tunc
1681 1192 1791 1223 sanein

967 1229 1117 1275 Galilzeam
1143 1229 1274 1270 gentium
1300 1231 1389 1268 vadit,
1412 1233 1540 1270 gentiles
1566 1234 1744 1275 suscipiens,
1762 1241 1791 1267 et

967 1273 1052 1305 turba
1077 1274 1168 1305 illlum
1190 1283 1296 1314 magna
1309 1275 1454 1316 sequitur.
1472 1276 1615 1309 Ascendit
1643 1273 1742 1312 autem
1759 1281 1789 1312 in

967 1323 1110 1356 montem,
1127 1320 1181 1350 boc
1196 1324 1241 1350 est
1255 1329 1388 1358 crucem,
1406 1325 1437 1352 ut
1458 1323 1494 1353 ad
1524 1332 1556 1353 se
1572 1323 1667 1364 rapiat
1683 1335 1790 1359 omnes

965 1364 1011 1410 vel
1025 1363 1063 1410 in
1074 1364 1394 1410 cmlum,adrhonorem
1411 1369 1440 1396 et
1455 1363 1643 1406 gloriamDeo
1655 1369 1787 1410 dignam.

965 1409 1096 1456 Utenim
1106 1408 1262 1456 _ascendit
1282 1409 1312 1440 in
1327 1410 1464 1456 cmloset
1479 1411 1638 1451 gloriﬁcari
1666 1408 1755 1456 cépit
1773 1426 1791 1448 a

966 1454 1052 1485 nobis
1063 1457 1094 1484 ut
1105 1453 1196 1490 Deus,
1213 1457 1242 1484 et
1257 1463 1316 1484 non
1332 1459 1364 1485 ut
1375 1455 1472 1486 nudus
1492 1456 1594 1495 homo,
1612 1458 1641 1488 in
1658 1453 1790 1492 montem

965 1497 1278 1546 ascendisse_dicitur.
1296 1497 1440 1546 Sublimis
1455 1500 1536 1546 enim
1551 1501 1588 1532 de
1603 1502 1656 1533 illo
1674 1504 1790 1546 opinio,

965 1552 1051 1574 mons
1068 1548 1122 1574 est.
1141 1543 1196 1574 Dat
1210 1547 1310 1574 autem
1336 1543 1435 1580 nobis.
1452 1545 1622 1586 quicunque
1652 1543 1790 1582 sensibus

94 1587 245 1634 ἅνθρωπος,
267 1588 305 1634 εἷς
333 1587 400 1634 ὅρος.
423 1586 543 1634 ἀνελθεῖν
557 1586 670 1634 ’λέγεται
688 1594 695 1601 ·
725 1587 743 1621 ἡ
760 1587 808 1626 γὰρ
829 1587 864 1624 ὒψ

1018 1587 1092 1634 jeeti
1108 1596 1222 1625 sumus,
1239 1587 1399 1634 rationales
1414 1598 1506 1629 panes
1516 1585 1660 1631 quinque,
1676 1594 1745 1634 quia
1762 1599 1791 1626 et

91 1634 152 1673 περὶ
174 1632 252 1661 αὐτοῦ
267 1631 365 1669 ἔννοια,
382 1631 456 1671 ὄρος,
480 1631 619 1660 Διαπίόωσι
644 1630 671 1659 δὲ
692 1632 760 1669 ἡμῖν
782 1637 841 1663 τοῖς
862 1638 924 1664 ταῖς

90 1678 172 1707 πέντε
219 1678 371 1712 αισθήσεσιν
426 1676 643 1713 ὑποπεπτωκόσι,
699 1676 759 1708 τοὺς
800 1675 923 1715 λογικοίις

89 1723 184 1763 ἄρτους
206 1722 282 1750 πέντε
314 1722 358 1750 καὶ
388 1721 481 1753 αὖτοὺς
510 1720 600 1753 ὄντας.
628 1717 745 1759 Ἐκάστῃ
762 1720 812 1760 γὰρ
826 1721 921 1756 αἰσθή-

93 1779 134 1797 σει
149 1768 195 1796 τὸν
215 1767 366 1806 πρόσφορον
392 1765 469 1805 ἄρτον
493 1764 594 1803 δίδωσι,
617 1765 677 1799 ἦτοι
697 1766 743 1793 τὸν
757 1763 837 1804 λόγον
852 1773 859 1781 '
884 1766 921 1797 ὡς

91 1814 136 1842 καὶ
151 1808 252 1843 Παῦλος
268 1810 339 1850 λέγει
359 1821 365 1828 ·
398 1822 412 1838 ι
428 1809 503 1838 Θέλω
531 1809 610 1838 πέντε
623 1809 718 1848 λόγους
734 1808 761 1837 ἒν
775 1807 920 1846 Ἐκκλησία

90 1851 220 1896 λαλῆσαι,
249 1855 310 1887 τοὺς
338 1855 401 1888 ταῖς
423 1854 502 1884 πέντε
531 1853 634 1889 δηλαδὴ
656 1855 807 1889 αἰσθήσεσιν
832 1853 920 1894 ἁρμό-

89 1906 184 1938 ζοντας
199 1901 264 1940 πρὸς
280 1899 429 1939 διόρθωσιν.
448 1911 462 1927 ι
480 1901 517 1928 Οὐ
548 1899 638 1937 μέντοι
668 1897 801 1931 δυνάμεθα
815 1900 920 1931 τούτους

90 1947 153 1979 τοὺς
179 1946 258 1974 πέντε
287 1944 383 1984 λόγους
408 1943 486 1976 ὅλους
516 1950 692 1985 καταφαγεῖν,
722 1942 790 1972 ἀλλὰ
811 1944 854 1972 καὶ
869 1954 920 1972 πε-

89 1991 260 2032 ριττεύωσιν.
291 1991 327 2019 Οὒ
369 1989 419 2029 γὰρ
448 1999 487 2021 τις
526 1987 633 2017 δύναται
662 1990 740 2026 ἡμῶν
770 1987 847 2021 ὅλους
871 1992 917 2017 τοῦ

88 2036 233 2075 μυστηρίου
262 2035 322 2065 τοὺς
346 2033 441 2073 λόγους
470 2036 608 2074 χωρῆσαι,
638 2032 707 2062 ἄλλα
727 2033 761 2061 τὰ
775 2034 843 2071 ἡμῖν
857 2039 916 2066 τοῖς

86 2080 257 2120 ὑλικωτέροις
286 2078 413 2118 ἀνέφικτα
432 2079 476 2107 καὶ
504 2077 609 2118 ἄϐρωτα
640 2080 664 2106 οἱ
689 2077 834 2106 ἀπόστολοι
865 2078 916 2116 βα-

967 1632 1025 1673 ipsi
1040 1632 1171 1673 quinque
1186 1636 1275 1664 sunt:
1292 1632 1455 1674 unicuique
1471 1633 1550 1664 enim
1563 1637 1663 1667 sensui
1677 1632 1788 1670 conve-

966 1677 1098 1708 nientem
1116 1685 1222 1717 panem
1238 1676 1298 1714 dat,
1323 1677 1380 1708 hoc
1395 1682 1439 1708 est
1463 1687 1634 1711 sermonem
1649 1690 1656 1713 :
1669 1682 1746 1714 sicut
1760 1689 1790 1715 et

965 1722 1072 1753 Paulus
1087 1720 1195 1753 dicit”.
1203 1720 1296 1752 «νοιο
1304 1722 1437 1762 quinque
1447 1732 1604 1755 sermones
1616 1727 1645 1756 in
1656 1726 1788 1760 Ecclesia

962 1766 1044 1807 loqui
1066 1766 1116 1807 qui
1142 1767 1272 1806 quinque
1299 1776 1442 1798 sensuum
1460 1767 1649 1801 :ediﬁcationi
1674 1781 1786 1804 conve-

961 1810 1145 1843 nianl.nNon
1155 1820 1312 1851 possumus
1320 1816 1418 1842 autem
1430 1812 1561 1853 quinque
1574 1822 1728 1848 sermones
1738 1818 1787 1849 in-

961 1862 1061 1896 tegros
1076 1856 1252 1896 capere,sed
1267 1865 1301 1886 ex
1318 1855 1361 1886 eis
1368 1856 1521 1888 abundant
1531 1858 1787 1900 reliquiae.Nullus

961 1900 1041 1931 enim
1054 1904 1151 1947 potest
1163 1900 1295 1940 integros
1307 1901 1511 1947 mysteriorum
1528 1911 1683 1937 sermones
1699 1916 1788 1947 cape-

961 1945 1062 1985 re,sed
1075 1954 1140 1985 qua
1152 1953 1208 1977 nos
1217 1954 1323 1985 capere
1334 1949 1363 1976 et
1373 1946 1532 1978 comedere
1542 1952 1641 1989 utpote
1651 1945 1787 1984 carnales

962 1998 1022 2036 non
1033 1990 1552 2036 possumrus,apostoligestant,quasi
1561 1993 1590 2023 in
1597 1994 1729 2036 quinque
1738 2007 1786 2029 co-

963 2034 1140 2075 phinis,suis
1149 2034 1238 2082 justis
1248 2034 1549 2076 animabus.Cophini
1563 2047 1598 2069 ex
1614 2034 1704 2071 ramis
1718 2043 1783 2082 pal-

963 2088 1078 2111 marum
1094 2083 1174 2119 sunt;
1189 2090 1202 2109 ι
1218 2081 1319 2111 Justus
1333 2084 1432 2111 autem
1447 2086 1479 2112 ut
1495 2082 1591 2122 palma
1606 2084 1781 2119 timebit”.-

87 2125 239 2165 στάζουσιν,
266 2123 368 2163 ὥσπερ,
399 2122 425 2151 ἔν
444 2134 504 2169 ,τισι
532 2122 662 2163 κοφίνοις,
687 2129 750 2156 ταῖς
779 2123 878 2152 ἑαυτῶν
906 2123 1019 2157 δικαίαις
1049 2128 1165 2165 ψυχαῖς.
1192 2126 1222 2154 Οἱ
1254 2125 1304 2164 γὰρ
1319 2126 1435 2165 κόφινοι,
1452 2126 1482 2155 ἐκ
1502 2128 1589 2166 βαίων
1606 2132 1757 2169 φοινικίνων
1774 2143 1780 2150 ·

90 2182 104 2199 ιι
133 2170 239 2202 Δίκαιος
253 2168 292 2209 δὲ,
314 2169 350 2201 ὡς
365 2167 452 2208 φοῖνιξ
466 2168 586 2203 ἀνθήσει.
611 2179 626 2196 ι

132 2227 146 2242 α
162 2215 192 2243 Οἱ
207 2213 252 2242 οὖν
281 2212 425 2253 ἄνθρωποι,
440 2211 539 2245 ἰδόντες
569 2213 600 2241 τὺ
621 2219 739 2251 σημεῖον
755 2212 769 2240 ὃ
791 2211 905 2247 ἐποίησεε

1008 2213 1090 2246 Vens.
1108 2214 1212 2251 14,15.
1232 2226 1244 2243 ιι
1257 2213 1302 2246 Illi
1319 2223 1389 2254 ergo
1405 2215 1543 2247 homines
1558 2226 1625 2249 cum
1640 2219 1781 2254 vidissent

86 2263 101 2290 6
123 2259 240 2298 Ἰησοῦς,
267 2257 360 2297 ἔλεγον
388 2257 441 2293 ὅτι,
469 2257 551 2289 οὗτός
566 2257 637 2286 ἐστιν
659 2257 764 2291 ἀληθῶς
780 2259 793 2285 6
808 2259 915 2298 προφή-

83 2315 135 2338 της
156 2304 170 2331 δ
192 2302 338 2342 ἐρχόμενος
354 2302 391 2334 εἰς
416 2303 462 2330 τὸν
491 2301 605 2339 κόσμον.
627 2301 731 2335 ἰησοῦς
759 2301 817 2339 οὗν,
837 2303 914 2342 γνοὺς

84 2349 126 2378 ὅτι
149 2347 288 2386 μέλλουσιν
328 2345 463 2386 ἔρχεσθαι,
506 2347 550 2375 καὶ
586 2346 711 2387 ἁρπάζειν
741 2346 831 2384 αὐτὸν,
869 2347 914 2376 ἵνα

83 2393 234 2428 ποιήσωσιν
264 2391 342 2420 αὺτὸν
378 2390 502 2431 βασιλέα,
525 2391 684 2431 ἀνεχώρησε
713 2390 795 2419 πάλιν
825 2392 861 2424 εἷς
882 2399 913 2420 τὸ

82 2439 144 2473 ὅρος
171 2437 249 2469 αὖτὸς
271 2442 364 2473 μόνος.
381 2445 397 2465 )
431 2431 503 2475 ’Ὅρα
538 2436 586 2470 τὴν
625 2436 831 2475 γαστριμαργίαν
867 2436 912 2465 τοῦ

82 2483 200 2517 πλήθους
218 2491 225 2499 ·
269 2481 348 2520 μυρία
382 2480 503 2518 θαύματα
535 2481 700 2515 ποιήσαντος
736 2484 783 2508 τοῦ
811 2480 910 2522 Ἰησοῦ,

81 2529 128 2558 καὶ
153 2526 364 2566 θαυμασιώτερα,
403 2526 450 2555 οὐκ
491 2526 661 2564 ἐθαύμαζον¹
692 2527 737 2554 καὶ
781 2525 834 2554 ἰδοὺ
870 2525 911 2556 διὰ

81 2573 134 2607 τὴν
161 2573 271 2612 βρῶσιν,
296 2582 309 2598 ι
343 2571 437 2608 Οὗτος,
465 2571 554 2612 φασὶν,
586 2571 656 2600 ἔστιν
685 2572 700 2599 6
721 2571 873 2611 προφήτης,
894 2583 908 2600 ι

82 2618 138 2648 Οὐκ
166 2616 204 2645 ἔτι
230 2616 302 2653 αὑτῷ
330 2616 390 2655 περὶ
418 2615 468 2650 τῆς
495 2619 541 2644 τοῦ
568 2614 705 2644 ΣαϐϐάτΟυ
736 2613 910 2655 παραϐάσεως

79 2661 250 2703 ἰτκαλοῦσιν,
272 2662 320 2690 οὐκ
347 2659 385 2689 ἔτι
413 2662 459 2690 τὸν
481 2661 562 2698 νόμον
590 2659 736 2689 ἐκδικοῦσιν
754 2668 762 2675 ·
779 2659 848 2688 ἄλλᾶ
861 2671 910 2688 το-

81 2711 176 2738 σοῦτον
215 2705 257 2735 διὰ
290 2706 352 2738 τοὺς
386 2704 479 2746 ἄρτους
518 2706 596 2734 αὐτὸν
621 2708 746 2743 τιμιῖισιν,
781 2705 850 2734 ὥστε
879 2705 909 2734 οὖ

80 2753 164 2793 μόνον
192 2751 331 2791 προφήτην
361 2750 574 2790 ἀναγορεύουσιν,
604 2749 673 2779 ἀλλὰ
705 2751 749 2778 καὶ
773 2750 908 2789 βασιλείας

956 2258 1034 2299 quod
1049 2257 1136 2290 Jesns
1154 2260 1265 2290 fecerat
1281 2260 1410 2299 signum,
1427 2259 1576 2294 dicebant:
1587 2262 1642 2294 Hic
1653 2271 1698 2297 est
1713 2276 1782 2299 vere

956 2303 1100 2344 propheta
1113 2303 1162 2334 ille
1173 2303 1224 2344 qui
1237 2308 1380 2334 venturus
1406 2308 1450 2336 est
1473 2305 1503 2335 in
1521 2308 1675 2340 mundum.
1692 2311 1781 2343 Jesus

956 2357 1027 2388 ergo
1042 2357 1108 2379 cum
1127 2348 1313 2388 cognovisset
1325 2348 1404 2388 quod
1421 2350 1537 2381 venturi
1553 2359 1664 2389 essent.
1681 2363 1715 2386 ac
1729 2365 1781 2387 ra-

955 2393 1033 2433 pturi
1057 2393 1155 2433 ipsum
1184 2398 1215 2424 ut
1238 2393 1371 2425 facerent
1394 2394 1491 2434 ipsum
1516 2404 1631 2438 regem,
1657 2401 1779 2432 secessit

953 2438 1060 2483 iterum
1067 2438 1168 2478 ipsein
1176 2442 1306 2469 montem
1317 2437 1610 2479 solus.nVidegulam
1618 2437 1776 2483 vulgi,cum

953 2482 1073 2514 fecisset
1081 2483 1239 2514 innumera
1247 2483 1434 2523 miracula,et
1441 2483 1511 2514 585
1521 2486 1777 2526 mirabiliora,non

953 2527 1189 2565 admirabantur,
1197 2532 1226 2558 et
1239 2537 1310 2559 ecce
1326 2533 1449 2568 propter
1463 2529 1562 2561 cibum
1576 2530 1776 2570 dicunt,»Hoc

953 2576 999 2603 est
1012 2572 1062 2603 ille
1077 2572 1231 2612 propheta.
1249 2582 1263 2602 ι
1280 2571 1346 2603 Non
1361 2573 1489 2614 amplius
1513 2583 1581 2605 eum
1603 2575 1641 2606 de
1655 2575 1776 2610 Sabbati

952 2616 1111 2648 violatione
1123 2620 1262 2656 arguunt,
1279 2626 1339 2648 non
1351 2617 1428 2648 ultra
1439 2617 1535 2658 legem
1549 2619 1712 2661 vindicant,
1722 2624 1775 2655 sed

951 2661 1026 2693 adeo
1041 2661 1123 2692 illum
1151 2666 1273 2702 propter
1288 2671 1379 2702 panes
1404 2663 1516 2700 colunt,
1539 2669 1571 2695 ut
1587 2671 1617 2696 et
1632 2675 1699 2697 eum
1715 2677 1775 2699 non
1799 2692 1801 2694 -

950 2706 1049 2739 solum
1062 2708 1235 2752 prophetam
1248 2707 1422 2752 praedicent,
1440 2708 1491 2739 sed
1504 2712 1534 2739 et
1545 2708 1666 2749 dignum
1679 2721 1773 2752 regno

949 2752 1144 2783 censeant.At
1158 2751 1209 2782 ille
1218 2751 1445 2791 fugit.erudiens
1462 2762 1516 2784 nos
1528 2755 1692 2787 mundanas
1704 2751 1772 2788 con-

117 2831 144 2854 θτ
159 2832 273 2864 Jerem.
290 2838 343 2870 xu,
363 2831 378 2862 7
420 2828 473 2862 ⁸⁸1
487 2829 555 2863 Cor.
572 2838 635 2868 xw,
653 2830 702 2863 19.
745 2829 773 2852 ³⁸
785 2830 863 2865 Pnl.
879 2840 890 2864 (

232 2840 273 2862 ιιι.
290 2838 343 2870 xu,
363 2831 378 2862 7
420 2828 473 2862 ⁸⁸1
487 2829 555 2863 Cor.
572 2838 635 2868 xw,
653 2830 702 2863 19.
745 2829 773 2852 ³⁸
785 2830 863 2865 Pnl.
879 2840 940 2873 cn,
957 2831 1004 2864 t3.

243 2919 374 2950 ΡΑΤιιοι..
397 2919 454 2950 Gn.
477 2918 612 2950 ιιιωιιιι.

1559 2925 1612 2956 ll.
