1959 3069
58 150 135 184 i297

403 149 624 183 ENARRATIO
646 151 687 182 IN
710 145 891 182 EVANGEL

953 152 964 182 [
985 152 1156 184 JOANNIS.
1181 167 1218 175 -—
1240 152 1323 184 CAP.
1352 152 1407 184 VI.

1674 152 1684 184 l
1690 151 1749 184 298

57 228 138 255 σητι,
170 220 226 250 πῶς
265 218 381 257 σήμερον
424 217 612 257 ἐργασάμενοι,
650 217 737 256 αὔριον
762 216 882 245 ἀναπαύ-

953 218 1099 250 iotidiana
1115 219 1288 259 Operatione
1305 222 1499 259 parantes,ne
1511 219 1629 250 solliciti
1637 219 1702 250 sitis
1710 220 1748 251 de

56 265 133 292 σεσθε
151 271 158 278 ·
182 262 250 291 in"
272 263 388 295 ἑκάστης
414 262 516 302 ὴμέρας
550 262 649 302 τροφὴν
684 261 715 290 in
742 260 791 295 τῆς
826 261 886 290 καθ’

55 308 158 347 ἡμέραν
190 307 311 347 ἐργασίας
341 306 463 347 ἔχοντες,
496 307 535 345 μὴ
576 306 720 346 μεριμνᾶτε
748 307 809 344 περὶ
836 309 885 339 τῆς

55 352 158 392 αὔριον.
196 352 298 389 Βρῶσιν
327 350 355 380 δὲ
393 351 536 389 μένουσαν,
564 351 614 384 τὴν
655 351 782 388 μυστικὴν
813 350 886 388 λέγει

59 396 214 434 μετάληψιν
242 399 291 430 τῆς
322 398 418 433 σαρκὸς
443 397 490 425 τοῦ
507 396 611 435 Κυρίου,
628 395 662 429 ἣν
678 395 753 427 αὒτὸς
768 396 836 433 ἡμῖν
848 394 888 422 δί-

57 442 155 478 δωσιν,
188 442 245 473 Υἱὸς
275 441 414 480 ἀνθρώπου
435 440 589 479 γενόμενος,
607 440 635 467 ὃν
651 440 665 467 ὁ
682 439 773 478 Πατὴρ
788 439 886 479 ἐσφρά-

57 497 130 525 γισε,
174 485 321 525 τουτέστιν,
366 484 510 520 ἀπέδειξεν,
541 482 709 519 ἐϐεϐαίωσεν,
738 483 778 512 ὅτι
817 484 887 512 ἔστιν

60 532 120 562 Υἱὸς
152 530 241 560 αότού.
273 529 406 562 Ἀπέδειξε
435 531 484 567 μὲν
523 530 573 568 γὰρ
602 529 646 557 καὶ
686 528 764 560 αὒτὸς
795 529 888 556 ἑαυτὸν

57 576 72 603 ὁ
89 576 202 614 Χριστὸς
230 574 272 603 διὰ
286 578 339 603 τῶν
353 574 493 612 θαυμάτων
512 582 519 590 ⁸
537 574 594 602 ἐπεὶ
618 572 645 601 δὲ
667 574 732 611 πρὸς
749 572 886 603 Ἰουδαίους

59 619 225 658 διαλέγεται,
262 619 309 647 ἳνα
336 619 375 656 μὴ
409 620 590 658 ταραχθῶσιν,
625 617 669 645 ἰπὶ
702 618 748 645 τὸν
783 616 887 654 Πατέρα

59 664 215 704 ἀνατρέχει,
245 663 289 692 καί
319 674 396 703 φησι,
419 661 482 702 παρ’
506 663 585 690 αὑτοῦ
601 661 782 701 ἰσφραγίσθαι,
807 671 886 689 τουτ-

61 708 144 742 έστιν,
185 706 388 748 ἀποδεδεῖχθαι,
441 708 669 746 μεμαρτυρῆσθαι.
721 704 796 734 Ἐπεὶ
844 705 888 734 καὶ

59 753 138 780 εἰκών
167 753 222 780 tati
251 753 298 780 τοῦ
328 752 430 792 Πατρὸς
445 753 459 780 ὂ
476 751 549 788 Υἱὸς,
577 751 620 778 καὶ
649 750 814 789 σφράγισμα,
843 750 887 777 καὶ

62 797 218 837 χαρακτὴρ,
262 798 314 825 νόει
357 795 419 832 παρ’
449 796 528 825 αυτοῦ
563 795 754 835 σφραγισθῆναι
783 797 887 833 τοῦτον,

60 843 119 872 καθ’
150 844 164 871 ὂ
193 844 270 872 εἰκὼν
304 843 349 872 καὶ
371 842 522 883 σφρύγισμά
553 841 645 870 ἐστιν·
673 841 742 869 ὥστε
764 841 838 869 εἶναι
858 841 888 868 τὸ

61 887 209 927 λεγόμενον
239 891 358 917 τοιοῦτον
376 898 384 906 ⁸
428 891 525 916 Τοῦτον
563 887 612 925 γὰρ
650 887 696 914 τὸν
731 885 889 926 φαινόμενον

927 263 1067 295 crastino.
1083 263 1188 295 Cibum
1198 267 1297 294 autem
1312 267 1494 304 manentem,
1513 263 1664 303 mysticam
1677 263 1749 295 dicit

927 308 1126 347 sumptionem
1152 308 1249 339 carnis
1263 308 1392 344 Domini.
1410 318 1498 348 quam
1518 307 1604 338 nobis
1619 308 1683 347 ipse
1698 308 1748 339 dat

928 351 1019 383 Filius
1034 352 1164 383 hominis
1178 352 1285 388 factus,
1302 363 1391 393 quem
1407 354 1493 384 Pater
1506 352 1679 392 obsignavit,
1693 353 1750 384 hoc

929 400 974 427 est
988 396 1116 428 ostendit
1129 401 1158 427 et
1173 397 1358 428 conﬁrmavit
1373 397 1450 438 quod
1467 398 1504 428 sit
1514 396 1606 428 Filius
1621 407 1703 438 suus;
1721 402 1750 429 et

928 440 992 480 ipse
1006 441 1126 481 quidem
1140 441 1275 472 Christus
1290 442 1418 473 ostendit
1432 451 1466 473 se
1477 451 1529 482 per
1540 442 1750 480 miracula;sed

928 485 997 525 quia
1007 494 1074 516 cum
1088 485 1196 516 Judmis
1212 487 1353 526 loquitur,
1364 491 1396 517 ut
1412 496 1450 517 ne
1460 486 1627 524 turbentur,
1639 486 1675 517 ad
1694 488 1749 517 Pa-

928 534 1003 560 trem
1019 531 1156 570 recurrit,
1174 534 1203 561 et
1218 531 1291 561 dicit
1315 530 1351 562 ab
1374 530 1426 561 illo
1451 540 1484 562 se
1507 532 1654 571 signatum
1671 540 1748 569 esse,

929 574 985 604 hoc
1001 577 1054 609 est.
1074 579 1267 606 monstratum
1297 580 1327 605 et
1346 575 1523 606 testimoniis
1538 575 1748 606 conﬁrmatum

929 618 1079 658 esse;quia
1093 624 1124 649 et
1136 620 1230 658 imago
1246 624 1291 650 est
1306 621 1399 651 Patris
1415 619 1550 658 Filius,et
1565 620 1750 659 signaculum

930 667 959 694 et
973 662 1138 703 character,
1151 664 1285 703 intellige
1300 664 1338 695 ah
1353 663 1403 694 illo
1419 664 1500 695 hunc
1514 665 1750 704 signatum,qua-

931 711 1017 738 tenus
1034 706 1131 747 imago
1155 713 1183 738 et
1202 708 1331 747 sigillum
1348 712 1404 746 est;
1422 712 1450 739 et
1464 708 1504 739 ita
1519 718 1550 739 se
1565 709 1655 740 habet
1669 709 1751 748 quod

929 751 1098 791 dicit,Hunc
1112 752 1192 783 enim
1207 752 1259 792 qui
1274 752 1430 783 videbatur
1444 752 1536 784 Filius
1551 753 1690 789 hominis,
1708 754 1751 784 si-

929 796 1026 834 gnavit
1040 797 1138 837 Pater,
1157 797 1213 827 hoc
1237 801 1281 827 cst
1300 797 1486 836 signaculum
1503 807 1588 828 suum
1602 801 1631 828 et
1645 798 1750 836 imagi-

930 849 998 871 nem
1015 840 1125 880 genuit,
1143 850 1209 881 qnae
1234 841 1358 872 haberet
1374 842 1402 872 in
1418 850 1451 873 se
1476 851 1564 872 omne
1585 842 1662 881 quod
1688 842 1752 882 ipse

930 884 1070 925 habebat,
1085 889 1114 916 et
1128 886 1293 916 naturalem
1304 895 1373 917 cum
1389 886 1455 926 ipso
1470 886 1670 918 identitatem.

67 935 129 961 Υἱὸν
144 932 294 973 ἀνθρώπου,
310 932 468 972 ἐσφράγισεν
488 933 502 960 ὁ
519 931 622 970 Πατὴρ,
636 930 768 968 τουτέστι,
784 929 917 970 σφραγῖδα
946 931 1024 958 αὗτοῦ
1039 931 1081 958 καὶ
1110 931 1198 959 εἰκόνα
1221 931 1358 971 ἐγέννησε,
1381 931 1577 971 ἆπαραλλαξίαν
1599 935 1687 960 πᾶσαν
1709 933 1754 960 καὶ

59 978 211 1011 ταδτότητα
225 979 339 1017 φυσικὴν
354 978 419 1017 πρὸς
441 977 519 1005 αὒτὸν
540 976 740 1011 ἆποσώζουσαν.

107 1034 118 1050 α
146 1025 232 1052 Εἶπον
263 1024 307 1050 οὖν
329 1023 395 1063 πρὸς
422 1022 500 1051 αὒτόν
517 1030 526 1039 ³
549 1021 579 1050 Τί
599 1022 731 1058 ποιῶμεν,
752 1020 799 1049 ἵνα
814 1020 889 1059 ἔργα·

970 1020 1062 1052 Vnns.
1078 1019 1186 1052 28-30.
1201 1019 1361 1052 «Dixerunt
1375 1029 1444 1060 ergo
1459 1020 1496 1052 ad
1513 1029 1582 1052 eum
1595 1020 1688 1057 :Quid
1704 1021 1751 1052 fa-

59 1069 167 1106 ζωμεθα
202 1068 236 1095 τὰ
266 1067 330 1107 ἔργα
359 1071 407 1096 τοῦ
435 1070 526 1104 θιοῦς
559 1065 702 1105 Ἀπεκρίθη
734 1066 747 1094 ὁ
773 1064 887 1104 Ἰησοῦς,

61 1114 106 1142 καὶ
135 1112 214 1141 εἶπεν
237 1113 327 1144 αὐτοῖς
345 1121 350 1128 ·
376 1111 459 1142 Τοῦτό
487 1111 544 1140 ἐστι
558 1111 589 1139 τὸ
603 1110 680 1150 ἔργον
690 1114 736 1139 τοῦ
751 1114 827 1146 Θεοῦ,
843 1110 890 1137 ἵνα

62 1157 221 1190 πιστεύσητε
252 1158 288 1189 εἰς
317 1157 346 1185 ὃν
381 1155 536 1185 ἀπέστειλεν
578 1155 693 1186 ἐκεῖνος.
724 1156 810 1184 Εἶπον
846 1155 890 1183 οὗο

62 1202 134 1238 αὖτῷ
153 1210 160 1218 ⁸
190 1202 219 1231 Τί
247 1203 291 1230 οὖν
312 1207 401 1233 ποιεῖς
430 1202 461 1229 σὺ
490 1207 619 1240 σημεῖον,
645 1199 692 1228 ενα
718 1198 829 1237 ἴδωμεν,
846 1196 890 1228 καὶ

62 1246 245 1284 πιστεύσωμέν
274 1257 340 1282 σοι;
369 1246 399 1276 Τί
441 1245 539 1285 ἐργάζῃ
556 1253 565 1282 ;
585 1255 596 1273 ι
631 1245 758 1277 Ζτιτοῦσιν
782 1245 805 1272 οἱ
820 1243 890 1272 Ἰου-

62 1289 134 1320 δαῖοι
151 1292 246 1328 μαθεῖν
260 1292 290 1319 τὸ
319 1290 396 1330 ἔργον
425 1293 471 1318 τοῦ
487 1289 567 1329 θεοῦ,
584 1290 637 1329 οὺχ
656 1288 704 1316 ἵνα
720 1288 797 1317 τοῦτο
818 1289 889 1327 πρα-

64 1335 154 1372 Ξωσιν,
181 1334 240 1364 αλλ’
265 1335 312 1365 ἵνα
339 1334 482 1375 δράξωνται
507 1333 641 1374 ἀφορμάς.
666 1332 748 1365 Εἰδὼς
774 1332 819 1360 οὖν
841 1333 889 1360 αὒ-

63 1381 123 1412 τοὺς
149 1379 232 1417 μηδὲν
247 1379 519 1420 ὼφεληθτπομένους,
539 1378 613 1416 ὅμως
642 1377 684 1406 ’διὰ
704 1379 734 1406 τὸ
761 1388 888 1417 κοινωφε-

66 1425 111 1456 λὲς
139 1427 188 1458 τῆς
217 1423 386 1457 διδασκαλίας
420 1424 599 1462 ἀποκρίνεται,
638 1423 682 1451 καὶ
715 1421 894 1451 ὑποδείκνυσιν

66 1470 173 1509 αὐτοῖς,
197 1468 298 1506 μᾶλλον
320 1467 349 1497 δὲ
377 1471 458 1496 πᾶσιν
486 1467 645 1506 ἀνθρώποις,
669 1466 709 1495 ὅτι
737 1466 814 1494 τοῦτό
839 1466 894 1494 ἐστι

65 1515 95 1542 τὸ
112 1513 187 1553 ἔργον
217 1514 263 1542 τοῦ
290 1517 367 1548 Θεοῦ,
389 1514 420 1541 τὸ
448 1513 581 1541 πιστεύειν
606 1512 643 1543 εἷς
657 1512 686 1540 ὃν
702 1511 804 1543 ἐκεῖνος
825 1510 894 1538 ἀπέ-

64 1558 180 1589 σιειλεν,
214 1554 245 1586 Ἠ
267 1558 317 1597 γὰρ
349 1558 385 1590 εἰς
414 1557 494 1585 αὺτὸν
509 1558 611 1594 πίστις,
628 1555 703 1595 ἔργον
719 1555 802 1587 ὅντως
827 1556 895 1594 ἱερόν

61 1608 91 1631 τε
117 1603 161 1631 καὶ
189 1602 302 1639 τέλειον,
329 1603 388 1634 καὶ,
414 1601 521 1640 ἁγιάζον
551 1601 611 1633 τοὺς
640 1600 746 1633 *ταύτην
769 1599 893 1640 ἔχοντας.

64 1644 180 1685 ὀδηγὸς
209 1648 259 1686 γὰρ
288 1647 388 1686 γίνεται
409 1648 427 1680 ἦ
456 1645 566 1681 ἀκριϐὲς
595 1649 681 1678 πίστις
717 1646 782 1684 πρὸς
807 1647 895 1672 πᾶσαν

62 1692 167 1730 ἀγαθὴν
206 1691 339 1731 ἐργασίαν,

67 1737 117 1770 τὴν
147 1736 246 1773 πίστιν,
262 1747 274 1764 ι
300 1737 338 1765 Τά
365 1747 394 1764 τε
419 1736 469 1776 γὰρ
491 1735 555 1775 ἔργα
577 1734 646 1776 ,ἄτερ
672 1737 786 1766 πίστεως
802 1734 892 1773 νεκρὰ,

63 1782 110 1810 χαὶ
134 1782 151 1814 ἡ
173 1781 260 1813 πίστις
290 1782 373 1821 χωρὶς
399 1780 497 1821 ἔργων.
517 1791 529 1809 ι
563 1775 636 1820 ’Ὅρα
650 1779 677 1807 δὲ
704 1779 896 1818 ἀγνωμοσύνην

53 1827 110 1859 -καὶ
133 1825 305 1859 ἀναισθησίαν
322 1835 328 1842 '
355 1831 472 1864 σημεῖον
500 1824 581 1854 πάλιν
601 1828 723 1860 ζητοῦσιν
738 1824 762 1852 οἱ
782 1823 896 1852 τοσαῦτα

62 1873 107 1898 καὶ
136 1874 284 1903 thumum
314 1869 425 1908 ἰδόντες,
457 1870 501 1898 καὶ
535 1871 565 1898 τὸ
588 1873 641 1898 τῶν
670 1868 756 1908 ἄρτων
794 1867 896 1905 μᾶλλον

63 1915 111 1955 ἀφ’
132 1915 170 1943 ὧν
198 1915 389 1954 ὶκορέσθησαν.
419 1911 465 1947 Ὠς
495 1915 686 1954 γαστρίμαργοι
723 1914 779 1952 οὖν,
814 1911 893 1940 πάλιν

63 1963 186 1989 τοιοῦτον
216 1960 319 2000 αἱτουσι
350 1966 478 2000 σημεῖον,
508 1960 544 1992 εὶς
571 1959 686 1999 γαστέρα
716 1959 807 1990 αὐτοῖς
823 1968 894 1995 συμ-

62 2003 242 2042 ϐαλλόμενον.
275 1999 340 2032 ιὀτι
365 2004 392 2032 δὲ
436 1999 514 2032 τοῦτο
551 2002 660 2041 ἀληθὲς,
682 2001 763 2036 δῆλον
784 2001 815 2029 ἐκ
843 2004 895 2029 τῶν

63 2049 139 2083 ἑξῆς.

108 2105 120 2121 ι
139 2095 170 2122 0t
199 2093 311 2133 πατέρες
337 2094 416 2132 ἡμῶν
435 2096 466 2122 τὴ
480 2093 566 2131 μάννα
580 2092 679 2133 ἔφαγον
700 2091 727 2119 ιν
742 2093 775 2129 τῇ
790 2089 892 2130 ὲρήμῳ,

63 2138 151 2170 καθώς
179 2138 234 2167 tam
256 2139 441 2178 γεγραμμένον
458 2146 465 2154 ·
497 2137 600 2177 ’Ἄρτον
640 2138 672 2165 hx
706 2139 753 2165 τοῦ
787 2135 896 2175 οὐρανοῦ

65 2182 165 2211 ῐδωκεν
196 2184 287 2215 αὐτοῖς
317 2190 426 2223 φαγεῖν.
451 2185 534 2212 Εἶπεν
559 2186 604 2211 οὖν
619 2181 710 2213 αυτοῖς
733 2181 747 2209 ὁ
767 2180 870 2213 Ἰησοῦς
889 2196 894 2202 ·

63 2228 166 2266 Ἀμὴν,
183 2228 256 2266 ἀμὴν
283 2227 357 2267 λέγω
387 2229 464 2268 ὑμῖν,
487 2228 516 2256 οὗ
533 2229 632 2260 Μωσῆς
648 2225 759 2254 δέδωκεν
774 2225 839 2262 ὑμῖν
853 2225 898 2254 τὸν

63 2272 144 2312 ἄρτον
171 2273 202 2301 ἐκ
222 2274 268 2301 τοῦ
298 2274 409 2311 capue?)
424 2281 431 2288 '
463 2271 525 2301 ἀλλ’
553 2273 567 2300 ὁ
594 2271 686 2310 Πατήρ
715 2281 765 2308 μου
791 2268 898 2312 δίδωσιν

61 2309 131 2354 ὑμῖν
159 2318 205 2346 τὸν
222 2317 300 2351 ἄρτον
324 2309 354 2346 εκ
378 2321 426 2346 τοῦ
441 2317 550 2357 οὐρανοῦ
572 2316 617 2344 τὸν
633 2314 769 2348 ἀληθινόν,
790 2309 818 2343 ’0
848 2314 898 2353 γὰρ

64 2351 144 2401 ἄρτος
171 2362 218 2391 ταῦ
244 2366 309 2391 Θεοῦ
339 2362 413 2391 ἐστιν
435 2362 449 2391 ὁ
470 2351 634 2390 ίιαταϐαίνων
659 2359 689 2389 ἐκ
713 2351 894 2399 τοῦσοῦρανούν
909 2351 929 2376 D

63 2407 110 2434 καὶ
135 2407 207 2442 ζωὴν
235 2406 319 2439 διδοὺς
342 2411 382 2445 τῷ
401 2407 505 2445 κόσμῳ.
531 2407 614 2434 Εἶπον
636 2404 681 2432 οὖν
701 2405 767 2443 πρὸς
791 2403 870 2433 αὐτόν
888 2428 894 2436 ,

67 2463 80 2478 α
101 2451 188 2491 Κύριε,
226 2452 340 2482 πάντοτε
368 2451 411 2484 δὸς
435 2453 504 2489 ἡμῖν
533 2450 579 2478 τὸν
601 2448 679 2489 ἄρτον
708 2451 810 2479 τοῦτον,
830 2459 841 2476 ι
861 2449 897 2477 Οὖ

65 2496 156 2533 μάτην
187 2495 326 2536 ἐλέγομεν,
358 2497 399 2525 ὅτι
420 2498 458 2529 ὡς
482 2499 516 2533 τῇ
531 2494 618 2530 κοιλίᾳ
633 2493 808 2528 δουλεύοντες,
832 2493 896 2528 ἐζή-

67 2552 129 2569 τουν
160 2548 276 2579 σημεῖον
294 2551 302 2559 ο
321 2542 380 2571 οἷον
395 2543 429 2575 ἦν
451 2542 481 2570 τὸ
497 2541 549 2569 τῶν
571 2539 668 2578 ἄρτων.
683 2537 748 2567 Ἰδοὺ
770 2541 831 2577 γοῦν
853 2541 898 2566 του

66 2586 155 2622 μάννα
185 2586 346 2624 μέμνην-αι,
375 2588 418 2615 καὶ
454 2587 504 2626 οὺχ
535 2584 623 2624 ἐτέρου
649 2583 719 2614 τινὸς
752 2582 897 2621 θαύματος,

66 2630 124 2658 εἴτε
151 2633 206 2658 τῶν
236 2631 396 2670 Αἰγυπτίων,
435 2630 491 2659 εἴτε
522 2632 574 2658 τῶν
600 2628 669 2657 κατὰ
696 2627 745 2661 τὴν
775 2625 899 2666 Ἐρυθρὰν

64 2675 212 2704 θάλασσαν,
248 2669 407 2712 Βουλόμενοι
436 2676 486 2715 γὰρ
521 2673 631 2713 ἐρεθίσαι
661 2673 749 2710 αὐτὸν,
780 2671 825 2700 ’ίνα
857 2669 899 2700 ναὶ

70 2720 149 2751 αὐτὸς
171 2720 290 2749 τοιοῦτον
309 2727 423 2758 σημεῖον
455 2720 568 2757 ποιήσῃ,
585 2718 649 2755 ὅπερ
677 2716 787 2751 ἠδύνατο
805 2718 898 2748 αὖτοὺς

114 2799 145 2821 ⁵⁵
158 2799 218 2832 Jac.
239 2809 271 2841 ιι,
287 2801 338 2834 20.

384 1692 427 1720 καὶ
464 1692 481 1725 ἡ
511 1691 598 1729 ἀγαθὴ
635 1689 744 1730 ἒργασία
769 1694 924 1732 συντηρεῖα

930 1064 1042 1096 ciemus
1052 1070 1084 1096 ut
1097 1074 1258 1105 operemur
1272 1074 1363 1106 opera
1374 1065 1609 1105 Dei?Respondit
1621 1066 1709 1096 Jesus
1724 1070 1754 1098 et
1796 1072 1799 1075 '

931 1108 1003 1140 dixit
1014 1109 1057 1140 eis
1072 1119 1079 1140 :
1093 1109 1155 1141 Hoc
1175 1113 1220 1140 est
1241 1119 1316 1150 opus
1340 1110 1403 1148 Dei,
1420 1113 1452 1140 ut
1476 1109 1607 1140 credatis
1629 1110 1659 1140 in
1682 1119 1750 1141 eum

932 1162 1019 1193 quem
1036 1154 1119 1186 misit
1144 1154 1207 1185 ille.
1225 1154 1368 1186 Dixerunt
1381 1163 1451 1194 ergo
1464 1154 1510 1186 ei:
1528 1153 1610 1189 Quod
1638 1163 1708 1194 ergo
1725 1158 1755 1186 tu

931 1198 1002 1229 facis
1025 1199 1142 1238 signum
1160 1203 1191 1229 ut
1204 1198 1356 1230 videamus
1379 1203 1408 1229 et
1424 1198 1583 1230 credamus
1595 1198 1664 1229 tibi?
1682 1199 1753 1239 quid

932 1242 1080 1283 operaris?
1093 1256 1104 1272 ιο
1123 1243 1265 1279 Quaerunt
1286 1242 1382 1275 Judaei
1398 1243 1514 1274 discere
1524 1253 1598 1283 opus
1610 1243 1676 1283 Dei,
1694 1253 1754 1274 non

933 1291 964 1317 ut
979 1288 1036 1318 hoc
1051 1287 1170 1325 faciant,
1186 1287 1239 1318 sed
1261 1292 1292 1318 ut
1313 1288 1500 1319 occasionem
1516 1287 1752 1328 apprehendant.

931 1331 1074 1362 Dominus
1089 1337 1187 1363 autem
1201 1332 1335 1373 quamvis
1351 1333 1439 1363 sciret
1455 1341 1506 1364 eos
1521 1332 1630 1363 nullam
1642 1332 1754 1364 utilita-

933 1380 991 1407 tem
1009 1381 1213 1416 percepluros,
1232 1377 1384 1416 respondit
1400 1381 1496 1408 tamen
1519 1386 1571 1417 per
1588 1377 1753 1408 doctrinam

935 1420 1038 1451 utilem
1050 1421 1200 1461 omnibus,
1213 1426 1242 1452 et
1258 1421 1386 1452 ostendit
1400 1422 1454 1462 eis,
1470 1421 1530 1452 imo
1546 1422 1685 1453 omnibus
1697 1422 1754 1453 ho-

938 1464 1078 1502 minibus,
1094 1466 1172 1506 quod
1191 1466 1246 1497 hoc
1271 1466 1309 1497 sit
1330 1476 1405 1506 opus
1420 1465 1474 1497 Dei
1490 1466 1614 1498 credere
1643 1467 1672 1497 in
1688 1476 1756 1498 eum

937 1519 1024 1549 quem
1037 1509 1089 1540 ille
1107 1510 1194 1542 misit.
1212 1510 1286 1541 Nam
1303 1510 1377 1542 ﬁdes
1393 1520 1463 1550 erga
1482 1511 1578 1547 illum,
1596 1520 1670 1551 opus
1685 1521 1756 1552 pro-

938 1554 1015 1585 fecto
1032 1560 1078 1585 est
1092 1559 1226 1586 sanctum
1243 1559 1272 1586 et
1286 1555 1497 1595 perfectum,et
1507 1556 1696 1587 sanctiﬁcans
1707 1565 1759 1587 eos

937 1599 988 1639 qui
1002 1598 1083 1629 illam
1103 1599 1223 1631 habent.
1241 1601 1303 1631 Dux
1320 1600 1397 1630 enim
1423 1600 1454 1630 ﬁt
1477 1599 1603 1638 diligens
1626 1600 1700 1630 ﬁdes
1720 1600 1758 1631 ad

937 1652 1056 1673 omnem
1074 1643 1181 1674 bonam
1195 1643 1529 1684 operationem,etbona
1541 1644 1672 1684 operatio
1684 1653 1758 1675 con-

936 1691 1034 1718 servat
1049 1687 1151 1718 ﬁdem.
1172 1700 1183 1716 α
1200 1687 1273 1719 Nam
1300 1692 1329 1719 et
1352 1697 1442 1728 opera
1467 1688 1532 1719 sine
1560 1688 1619 1718 ﬁde
1644 1692 1759 1719 mortua

937 1734 1016 1768 sunt,
1036 1737 1064 1762 et
1079 1732 1153 1763 ﬁdes
1164 1732 1229 1764 sine
1243 1732 1385 1771 operibus
1397 1732 1534 1763 45.nVide
1548 1737 1646 1763 autem
1658 1732 1756 1772 ingra-

938 1775 1093 1806 titudinem
1109 1776 1326 1807 insensatorum
1340 1787 1346 1807 :
1360 1777 1477 1815 signum
1491 1776 1597 1807 iterum
1611 1779 1756 1817 quaerunt,

938 1820 1072 1861 quamvis
1087 1824 1167 1852 tanta
1183 1825 1212 1851 et
1227 1821 1296 1851 talia
1310 1821 1447 1858 viderint,
1463 1825 1492 1851 et
1507 1821 1634 1852 maxime
1650 1830 1758 1860 panum

939 1864 1046 1906 quibus
1061 1865 1182 1896 saturati
1196 1865 1324 1896 fuerant.
1334 1866 1411 1897 Vere
1426 1865 1620 1906 gastrimargi,
1638 1865 1689 1906 qui
1699 1866 1758 1897 ite-

935 1919 1001 1940 rum
1017 1910 1132 1948 signum
1151 1910 1208 1941 tale
1220 1915 1367 1950 quaerunt,
1385 1910 1463 1950 quod
1479 1910 1573 1941 ventri
1589 1911 1756 1950 prodesset:

935 1958 965 1986 et
980 1954 1057 1995 quod
1075 1954 1130 1986 hoc
1146 1955 1184 1985 sit
1200 1963 1314 1993 verum,
1329 1954 1400 1986 589
1414 1954 1599 1986 manifestum
1613 1959 1703 1986 estex
1713 1965 1760 1987 se-

936 1999 1106 2040 quentibus.

977 2089 1306 2123 Vxns.3t-34.«Patres
1316 2092 1410 2123 nostri
1420 2092 1671 2123 manducaverunt
1681 2101 1762 2124 man-

936 2145 974 2166 na
985 2135 1015 2166 in
1031 2136 1164 2176 deserto,
1178 2137 1254 2167 sicut
1269 2137 1413 2177 scriptum
1429 2141 1492 2168 est:
1511 2138 1624 2168 Panem
1636 2134 1672 2168 de
1685 2138 1760 2169 caelo

940 2180 1023 2211 dedit
1043 2181 1087 2212 eis
1112 2181 1148 2211 ad
1164 2181 1326 2214 edendum.
1353 2181 1429 2213 Dixit
1454 2181 1497 2212 eis
1523 2183 1610 2212 .lesus
1627 2192 1633 2213 :
1651 2181 1759 2222 Amen,

940 2234 1027 2256 amen
1042 2225 1108 2256 dico
1126 2225 1227 2257 vobis:
1246 2235 1305 2256 non
1333 2227 1431 2258 Moses
1456 2226 1537 2257 dedit
1564 2225 1648 2257 vobis
1677 2226 1762 2258 illum

941 2279 1046 2310 panem
1063 2270 1100 2301 de
1117 2270 1201 2311 caalo,
1218 2271 1272 2302 sed
1288 2272 1373 2302 Pater
1388 2281 1474 2302 meus
1488 2271 1537 2302 dat
1551 2271 1633 2302 vobis
1655 2281 1763 2312 panem

940 2315 978 2346 de
988 2315 1064 2346 ccelo
1075 2316 1279 2347 verum.Panis
1290 2316 1368 2347 enim
1383 2317 1434 2347 Dei
1444 2316 1553 2356 est,qui
1564 2316 1601 2347 de
1609 2316 1682 2348 cmlo
1694 2317 1764 2347 des-

939 2359 1081 2400 cendit,et
1096 2360 1144 2390 dat
1158 2360 1245 2391 vitam
1263 2360 1372 2391 mundo
1389 2360 1533 2391 Dixerunt
1548 2369 1618 2400 ergo
1632 2361 1668 2391 ad
1680 2371 1760 2393 eum:

940 2403 1244 2443 Domine,semperda
1260 2405 1346 2436 nobis
1361 2415 1468 2445 panem
1478 2405 1594 2437 istum»
1606 2406 1673 2437 Non
1682 2405 1763 2436 frus-

940 2453 984 2479 tra
993 2448 1122 2479 diximus
1138 2450 1215 2489 quod
1236 2450 1328 2480 ventri
1350 2449 1512 2480 servientes
1532 2449 1703 2488 quaerebant
1719 2450 1763 2480 si-

938 2502 1027 2532 gnum
1050 2493 1135 2533 quale
1155 2497 1218 2524 erat
1244 2495 1361 2534 signum
1393 2503 1513 2534 panum.
1537 2493 1613 2525 Ecce
1633 2498 1662 2524 et
1683 2503 1765 2524 man-

941 2547 985 2568 na;
997 2538 1180 2568 mentionem
1193 2538 1313 2576 faciunt,
1327 2545 1356 2570 et
1368 2549 1426 2570 non
1439 2538 1561 2569 alterius
1573 2538 1709 2569 miraculi
1719 2539 1765 2570 vel

940 2582 969 2612 in
981 2581 1169 2623 Egypto,vel
1179 2582 1208 2613 in
1221 2584 1294 2614 mari
1304 2583 1562 2615 Rubro.Volentes
1571 2583 1650 2613 enim
1660 2583 1767 2615 incita-

942 2635 973 2657 re
983 2635 1051 2657 eum
1064 2632 1094 2657 ut
1109 2632 1136 2658 et
1146 2628 1209 2668 ipse
1220 2628 1276 2659 tale
1287 2628 1402 2668 signum
1412 2628 1524 2659 faceret
1535 2637 1593 2668 quo
1604 2627 1767 2659 carnaliter

941 2677 1145 2712 pascerentur,
1160 2674 1356 2705 recordantur
1367 2683 1483 2705 manna;
1495 2678 1616 2714 propter
1626 2674 1767 2705 immodi-

940 2725 1004 2748 cam
1017 2717 1125 2757 gulam.
1144 2718 1217 2754 Quid
1229 2719 1317 2758 igitur
1332 2718 1477 2751 immensa
1485 2718 1537 2750 Dei
1547 2718 1692 2760 sapientia
1705 2719 1766 2751 Do-
