1959 3069
81 160 158 193 1305

421 160 646 194 ENARRATIO
669 162 710 194 IN
732 162 987 194 EVANGELIUM
1009 162 1181 196 JOANNIS.
1205 180 1244 186 —
1266 164 1348 196 CAP.
1372 165 1425 195 VI.

1701 161 1777 194 4306

77 229 229 260 πιστεῦσαι,
263 224 379 261 ’Ἄλλως
401 227 441 256 δέ·
465 228 598 261 Ἐκείιους
615 228 686 258 ἕλκει
701 231 715 258 6
732 229 834 269 Πατὴρ,
851 229 911 260 τοὺς

995 239 1068 260 ηυιυυε
1083 234 1140 262 est.
1162 230 1199 261 Et
1212 229 1299 262 aliter
1316 241 1322 259 :
1340 230 1410 261 Illos
1424 230 1514 261 trahit
1535 231 1635 272 Pater,
1652 230 1775 271 quilla-

79 274 149 301 κατὰ
186 273 338 313 προαίρεσιν
387 272 595 307 ἐπιτηδειότητα
637 273 762 314 ἔχοντας’
791 275 852 307 τοὺς
881 273 908 302 δὲ

77 320 242 361 ποιήσαντας
278 319 385 351 ἑαυτοὺς
431 318 640 357 ἀνεπιτηδείως,
684 321 736 361 οὐχ
771 320 842 349 ἕλκει
871 321 907 352 εἷς

77 363 180 394 πίστιν,
197 358 306 403 ιὨιιίιιερ
321 363 371 402 γὰρ
393 363 411 397 ἦ
433 364 578 403 μαγνῆτις,
595 365 625 393 οὗ
646 358 743 405 πάντα,
761 366 805 398 οἷς
821 376 907 405 προσ-

75 409 188 447 εγγίζει,
216 407 284 437 ἀλλὰ
312 407 393 446 μόνον
434 409 480 437 τὸν
517 408 623 447 σίδηρον
637 409 719 438 ἕλκεν
737 409 806 438 οὕτω
834 411 878 438 καὶ
893 411 907 437 ὁ

77 453 157 487 Θεὸς,
188 456 253 482 πᾶσι
286 453 334 491 μὲν
360 453 469 492 ὶγγίζει,
498 454 558 486 τοὺς
600 453 829 494 ἐπιτηδειοτέρους
866 454 907 491 δὲ,

75 499 123 526 καὶ
144 498 274 526 οῐχείωσίν
289 508 347 526 τινα
374 498 441 536 πρὸς
464 497 542 526 αὐτὸν
571 497 799 537 ἐπιδεικνυμένους
822 498 906 530 ἓλκει,

77 538 110 572 Ὀ
147 543 196 580 μὲν
224 542 268 571 οὖν
293 542 384 581 Πατὴρ
412 542 483 570 ἕλκει
505 544 549 571 καὶ
563 544 689 583 προσάγει
705 547 744 580 τῷ
766 545 830 581 Υἶῷ,
853 545 867 572 6
880 543 907 572 δὲ

951 273 1023 305 bent
1038 275 1195 306 voluntatis
1210 275 1419 314 aptitudinem.
1438 274 1495 306 Eos
1512 279 1610 306 autem
1627 275 1675 316 qui
1692 276 1774 315 seip-

950 327 998 348 sos
1013 328 1070 349 non
1087 319 1198 350 faciunt
1212 319 1349 356 idoneos,
1366 329 1425 350 non
1438 320 1527 351 trahit
1540 320 1577 351 ad
1595 319 1771 350 fidem.Nam

949 363 1024 394 sicut
1041 373 1160 404 magnes
1175 373 1234 395 non
1251 364 1351 395 omnia
1362 364 1398 395 ad
1415 374 1480 405 quae
1508 365 1630 405 propius
1640 364 1771 405 applica-

949 412 1008 448 tur,
1021 409 1072 439 sed
1090 408 1185 439 solum
1197 409 1307 439 ferrum
1323 409 1456 447 attrahit;
1475 409 1513 440 ita
1529 413 1558 441 et
1572 409 1649 441 Deus
1659 409 1695 440 ad
1711 418 1772 439 om.

951 461 1003 482 nes
1018 453 1136 492 quidem
1148 453 1328 493 appropriat,
1347 463 1398 484 eos
1421 459 1519 485 autem
1532 454 1582 495 qui
1598 454 1690 493 magis
1705 453 1771 484 ido-

951 497 1011 534 nei,
1027 501 1056 527 et
1070 497 1298 529 familiaritatem
1312 506 1379 538 erga
1394 498 1491 538 ipsum
1515 508 1576 539 prae
1605 508 1637 529 se
1662 498 1770 538 ferunt,

951 541 1051 572 trahit.
1066 541 1156 581 Igitur
1173 543 1260 573 l’ater
1271 542 1390 583 quidem
1402 544 1491 574 trahit
1505 549 1533 574 et
1548 542 1667 574 adducit
1680 544 1715 573 ad
1727 542 1772 573 Fi-

78 588 141 620 Υἱὸς
157 587 260 625 ἀνιστᾷ,
283 588 327 616 καὶ
340 591 479 627 ζωοποιεῖ,
495 589 538 616 καὶ
551 588 601 622 τὴν
620 589 648 617 ἓν
669 588 781 628 ἀγαθοῖς
803 589 899 628 πνοὴν,

995 596 1029 622 m,
1048 586 1141 618 Filius
1153 591 1250 618 autem
1267 588 1424 619 resuscitat
1440 592 1469 619 et
1485 589 1619 625 viviﬁcat,
1639 588 1668 618 in
1685 587 1771 619 bonis

77 633 125 674 sui.
149 633 232 672 ζωὴι,
262 632 280 666 ἧ
308 631 412 660 ἔστιτὸ
428 635 534 671 Πνεῦμα
548 633 579 661 τὸ
603 632 689 673 ἂγιον,
714 633 900 674 χαριζόμενος.

80 673 115 706 Ἠ
130 677 191 716 ἁγία
213 677 257 706 οὖν
273 677 352 717 Τριὰς
388 679 521 716 εὒεργετεῐ
555 678 616 710 τοὺς
642 679 828 714 πιστεύοντας,
858 678 902 705 καὶ

80 723 114 751 οὖ
136 722 208 762 παρὰ
244 722 322 762 μέρος
351 723 365 750 6
400 723 489 762 Πατὴρ
517 722 610 760 μόνος,
645 722 662 757 ἣ
678 724 692 751 6
717 724 776 755 Υἱὸς
809 730 899 761 μῦθος·

79 766 143 795 ἀλλ’
178 767 268 801 ὥσπερ
295 767 342 805 μία
373 767 460 807 φύσις,
497 766 566 795 οὕτω
588 767 662 801 καὶὴ
685 769 734 801 τῆς
759 768 907 807 εὐεργεσίας

80 812 201 852 ἐνέργεια
230 812 289 849 μία,
319 814 365 840 τοῦ
395 812 496 850 Πατρδς
526 811 717 850 προσάγοντος,
763 817 810 841 τοῦ
850 814 910 840 Υἱοῦ

81 856 289 893 ζωόποιοῦντος,
319 859 365 884 τοῦ
399 856 474 895 ἁγίου
503 855 655 893 Πνεύματος
681 856 737 884 ἀντὶ
758 857 842 891 πνοῆς
863 869 910 896 γι-

81 901 195 939 νομένου
222 906 282 934 τοῦς
317 900 552 938 ζωοποιουμένοις.
577 902 632 932 Πᾶς
669 901 719 940 γὰρ
745 903 759 930 ὁ
781 903 844 938 ζῶν,
867 903 911 931 καὶ

80 946 167 980 πνοὴν
202 945 272 986 ἔχει.
291 941 364 984 "Op:
379 944 406 973 δὲ
420 947 470 978 τὴν
485 945 618 974 αὒθεντίαν
631 946 679 974 τοῦ
695 947 768 977 Υἶοῦ·
787 958 800 974 α
827 946 909 986 Ἐγώ,

81 991 177 1031 φησὶν,
193 991 346 1025 ἀναστήσω.
378 1001 389 1017 ι
429 991 484 1019 οὐκ
509 990 571 1018 εἷπε
593 990 655 1030 γὰρ,
685 990 737 1029 ὅτι,
762 987 791 1021 Ὀ
820 993 911 1031 Πατήρ

83 1046 138 1073 μου
172 1035 328 1071 ἀναστήσει,
344 1032 419 1070 ἀλλ’,
440 1046 449 1062 ι
470 1033 552 1072 Ἐγὼ.
573 1045 584 1063 ι
601 1035 638 1064 οὗ
651 1035 702 1075 γὰρ
725 1035 759 1064 δι’
784 1035 847 1066 ὃλοο
861 1047 911 1064 τα-

83 1083 183 1112 πεινῶς
213 1079 363 1120 φθέγγεται,
398 1079 459 1108 ἀλλ’
502 1078 572 1107 ἔστιν
599 1079 629 1108 οὗ
652 1080 698 1109 καὶ
718 1082 749 1109 τὸ
777 1081 844 1119 ὕψος
860 1082 909 1114 τῆς

84 1125 184 1157 οἰκείας
200 1124 357 1153 ἱκκαλύπτει
371 1123 509 1158 θεότητος,

131 1182 146 1198 ι
163 1169 249 1199 ’Ἔστι
271 1168 454 1209 γεγραμμένον
465 1170 494 1197 ἓν
506 1170 569 1201 τοῖς
590 1171 751 1211 προφήταις·
771 1171 819 1200 Καὶ
833 1170 911 1199 ἔσον-

86 1226 131 1245 ται
159 1215 256 1243 πάντες
285 1212 398 1242 διδακτοὶ
426 1215 471 1241 τοῦ
499 1218 575 1243 Θεοῦ.
607 1218 662 1246 Πᾶς
691 1214 735 1243 οὖν
765 1215 778 1243 6
807 1215 911 1244 ἀκούων

80 1256 160 1300 παρὰ
183 1263 229 1288 τοῦ
244 1259 345 1298 Πατρδς
368 1258 412 1286 καὶ
433 1259 536 1296 μαθὼν,
566 1258 674 1299 ἔρχεται
701 1260 766 1298 πρὸς
788 1259 834 1297 μί’
863 1260 915 1300 οὔχ

87 1305 130 1334 ὅτι
166 1305 211 1332 τὸν
247 1302 350 1341 Πατέρα
364 1313 404 1335 τις
420 1303 548 1343 ἐώραγεν,
565 1305 587 1332 εἰ
603 1304 642 1342 μὴ
667 1304 681 1332 6
706 1303 743 1331 ὤν
771 1305 843 1343 παρὰ
869 1306 916 1333 τοῦ

89 1353 169 1386 Θεοῦ,
199 1349 274 1380 οὗτος
300 1347 401 1387 ἑώρακε
427 1348 472 1376 τὸν
496 1348 610 1384 Πατέρα.
636 1347 734 1386 Ἀμὴν,
750 1348 823 1387 ἀμὴν
844 1348 916 1389 λέγω

90 1396 167 1434 δμῐν,
185 1395 200 1423 6
213 1393 405 1434 πιστεύων-εἱς
420 1391 480 1430 ἐμὲ,
496 1392 556 1432 ἔχει
569 1393 641 1428 ζωὴν
657 1393 773 1424 αἰώνιον,
800 1405 812 1422 ι
832 1394 916 1423 Εἶπεν

89 1431 227 1478 ἀνωτέρω,
250 1436 290 1465 ὅτι
307 1448 321 1464 ε
340 1431 394 1465 ”¹)ν
409 1435 440 1464 ἅν
455 1431 552 1475 tanaim
568 1438 583 1465 6
595 1437 697 1477 Πατὴρ,
714 1438 817 1470 ἐκεῖνος
839 1437 917 1478 ’ἔρχε-

89 1494 136 1513 ται
171 1483 236 1522 πρὸς
265 1481 310 1519 μέ⁶
329 1492 343 1509 in
360 1480 443 1509 θέλων
472 1479 499 1508 δὲ
539 1482 616 1510 τοῦτο
643 1482 847 1518 κατασκευάσαι,
873 1481 916 1511 ἐπὶ

945 631 1032 662 vitam
1059 636 1087 661 et
1109 632 1317 672 spirationem,
1336 634 1391 664 hoc
1414 638 1457 664 est
1481 633 1620 673 Spiritum
1638 636 1770 663 sanctum

944 675 1090 707 tribuens.
1111 678 1213 717 Itaque
1239 681 1341 708 sancta
1366 677 1495 708 Trinitas
1510 678 1656 709 benefacit
1672 678 1707 707 iis
1722 674 1771 718 qui

949 720 1086 761 credunt,
1104 725 1133 752 et
1148 731 1207 752 non
1220 720 1306 752 Pater
1319 722 1411 763 solus,
1428 723 1473 753 vel
1496 722 1588 754 Filius
1612 723 1704 762 solus,
1720 722 1772 753 sed

951 765 1099 797 sicutuna
1121 773 1239 806 natura,
1257 767 1370 798 ita-una
1395 768 1527 807 operatio
1557 767 1773 802 beneﬁcentia,

953 811 1048 842 Patris
1063 811 1252 849 adducentis,
1269 812 1337 842 Filii
1346 812 1532 848 viviﬁcantis,
1544 811 1671 852 Spiritus
1683 811 1776 842 sancti

953 855 1004 895 qui
1021 856 1052 885 fit
1077 855 1114 886 iis
1143 856 1193 895 qui
1211 856 1407 897 viviﬁcanlur,
1421 865 1474 897 pro
1489 856 1661 897 spiratione.
1675 856 1779 888 Omnis

954 901 1032 931 enim
1050 900 1100 939 qui
1111 901 1191 941 vivit,
1207 902 1297 932 etiam
1314 902 1506 942 spirationem
1522 900 1619 932 habet.
1635 901 1708 931 Vide
1723 910 1780 932 au-

953 950 1011 976 tem
1027 945 1229 976 auctoritatem
1245 946 1310 977 Filii
1326 955 1333 978 :
1354 959 1365 974 α
1385 946 1456 986 Ego,
1474 946 1581 986 inquit,
1597 945 1780 977 suscitabo.»

954 991 1019 1022 Non
1041 989 1113 1020 dixit
1128 990 1220 1027 enim,
1233 989 1319 1022 Pater
1335 1000 1419 1022 meus
1431 990 1682 1028 suscitabit;sed,c
1692 990 1778 1029 Ego.-

954 1035 1019 1066 Non
1036 1035 1114 1066 enim
1132 1044 1185 1075 per
1204 1035 1305 1066 omnia
1319 1036 1442 1067 humilia
1459 1035 1600 1076 loquitur,
1626 1034 1678 1066 sed
1705 1044 1781 1065 non-

954 1089 1105 1120 nunquam
1121 1079 1259 1111 sublimia
1274 1090 1334 1111 διε-ιι
1349 1080 1467 1113 deitatis
1482 1080 1603 1119 detegit.

995 1172 1085 1203 Vens.
1102 1172 1151 1203 45.
1173 1184 1185 1200 α
1203 1171 1254 1202 Est
1269 1171 1411 1212 scriptum
1428 1171 1458 1202 in
1473 1171 1636 1212 prophetis.
1649 1171 1683 1202 Et
1691 1174 1780 1202 erunt

955 1224 1058 1246 omnes
1074 1216 1154 1247 docti
1168 1225 1186 1247 a
1200 1215 1273 1248 Deo.
1284 1216 1388 1247 Omnis
1398 1225 1467 1254 ergo
1483 1216 1534 1256 qui
1554 1215 1637 1247 audit
1652 1225 1668 1246 a
1681 1214 1779 1252 Patre,

957 1263 987 1290 et
1001 1259 1115 1297 didicit,
1132 1261 1210 1291 venit
1224 1261 1261 1291 ad
1278 1270 1345 1292 me:
1362 1270 1421 1292 non
1447 1261 1524 1301 quod
1543 1259 1660 1291 Patrem
1676 1259 1783 1290 viderit

957 1304 1125 1345 quisquam,
1154 1305 1210 1336 nisi
1237 1307 1288 1346 qui
1316 1309 1360 1336 est
1381 1314 1397 1336 a
1411 1306 1473 1337 Deo
1498 1305 1545 1336 hic
1559 1305 1632 1336 vidit
1652 1303 1779 1335 Patrem.

958 1349 1065 1385 Amen,
1083 1359 1169 1380 amen
1185 1349 1252 1380 dico
1263 1349 1346 1380 vobis
1363 1358 1370 1381 :
1388 1349 1438 1390 qui
1453 1349 1576 1380 confidit
1594 1348 1679 1386 mihi,
1692 1348 1783 1379 habet

959 1395 1044 1425 vitam
1059 1394 1316 1425 aeternam.»Dixit
1331 1395 1470 1435 superius
1484 1394 1612 1434 quodals
1627 1403 1713 1434 quem
1726 1393 1781 1424 Pa-

959 1444 1004 1470 ter
1016 1439 1188 1477 traxerit,ad
1201 1449 1247 1470 me
1257 1440 1368 1471 veniet.
1377 1440 1503 1470 nVolens
1518 1443 1616 1470 autem
1628 1439 1684 1469 hoc
1695 1438 1781 1469 doce-

958 1494 991 1515 re
1008 1488 1038 1515 et
1052 1485 1240 1521 conﬁrmare,
1257 1485 1287 1516 in
1315 1485 1459 1525 propheta
1486 1484 1576 1515 refert
1598 1492 1780 1519 sermonem.

88 1529 152 1560 τοὺς
179 1527 317 1567 προφήτας
346 1524 468 1565 ἀναφέρει
496 1527 542 1554 τὸν
577 1525 667 1565 λόγον.
703 1538 717 1554 ε
744 1521 826 1556 ’Ἐστι
853 1528 911 1566 γὰρ,

995 1528 1030 1560 lst
1041 1521 1386 1570 enim,inquit.scriptum
1398 1530 1426 1560 in
1444 1528 1703 1570 prophetis,Erunt
1712 1528 1782 1558 595

88 1573 166 1613 φησὶ,
192 1570 374 1611 γεγραμμένον
389 1570 416 1598 ἐν
437 1576 497 1603 τοῖς
513 1571 672 1611 προφήταις,
701 1571 754 1609 ὃτι,
780 1570 911 1600 ’Ἔσονται

995 1583 1062 1604 mes
1072 1573 1150 1605 docti
1166 1583 1183 1604 a
1200 1575 1271 1611 Deo,
1293 1587 1303 1601 ιι
1322 1583 1427 1604 omnes
1442 1577 1555 1611 autem,
1571 1574 1619 1613 qui
1636 1572 1782 1603 voluerint

90 1617 188 1648 πάντες
216 1615 331 1644 διδακτοὶ
358 1619 434 1644 Θεοῦ*
465 1627 476 1643 ι
520 1615 617 1647 πάντες
647 1615 674 1643 δὲ
707 1617 731 1644 οἱ
758 1616 911 1655 βουλόμενοι

995 1618 1282 1650 lelicel.Communis
1297 1618 1377 1649 enim
1393 1618 1496 1649 doctor
1511 1620 1600 1650 Pater
1610 1626 1664 1658 per
1672 1617 1783 1648 revela-

90 1661 226 1695 δηλονότι.
256 1661 348 1693 Κοινδς
362 1660 412 1699 γὰρ
442 1659 597 1692 διδάσιαλος
614 1661 628 1689 6
649 1661 752 1701 Πατὴρ,
780 1660 814 1689 δι’
844 1661 911 1690 ἆπο-

995 1672 1067 1693 ιηοιη
1095 1667 1196 1694 notum
1220 1662 1289 1694 facit
1303 1663 1398 1703 dignis
1426 1663 1530 1694 Filium
1548 1672 1632 1693 suum
1648 1661 1785 1700 Tangens

89 1705 230 1744 καλύψεως
259 1704 391 1745 γνωρίζων
428 1705 490 1736 τοῖς
524 1704 604 1738 ἀξίοις
631 1706 676 1733 τὸν
721 1706 781 1734 Υἱδν
823 1707 911 1737 αὗτοῡ.

998 1707 1038 1738 im
1054 1708 1143 1738 corda
1160 1707 1388 1748 simpliciumet
1403 1707 1471 1738 dolo
1488 1706 1653 1738 carentium
1669 1706 1784 1737 revelat

87 1749 257 1789 Ἀπτόμινος
272 1750 322 1789 γὰρ
335 1752 389 1778 τῶν
412 1749 524 1790 καρδιῶν
550 1753 604 1778 τῶν
628 1749 728 1778 ἂδόλων
755 1751 798 1779 καὶ
826 1751 911 1780 ἀπαν-

995 1752 1029 1782 sis
1044 1751 1278 1786 Filium,sicutet
1294 1751 1379 1783 Petro
1389 1752 1628 1792 revelavitipsum
1641 1751 1680 1781 ΑΒ.
1694 1751 1784 1791 Igitur

92 1797 206 1836 ούργων,
235 1793 416 1823 ἀποκαλύπτει
462 1796 552 1826 αὐτοῖς
581 1795 626 1836 τὸν
663 1796 734 1835 Υἱὸν,
759 1795 848 1836 ὥσπερ
872 1799 911 1824 καῖ

995 1796 1043 1833 Qui
1059 1796 1171 1827 audita
1189 1798 1282 1834 Patro,
1302 1808 1311 1824 I
1327 1797 1384 1827 hoc
1400 1802 1453 1828 est.
1479 1797 1527 1836 qui
1552 1795 1645 1826 Patris
1674 1796 1784 1826 revela-

91 1845 131 1879 τῷ
158 1835 249 1880 Πέτρῳ
278 1838 447 1876 ἀπεκάλυψεν
469 1839 558 1871 αὐτόν,
577 1849 592 1869 ι
610 1835 638 1868 ι0
654 1839 758 1868 ἁκούων
787 1835 911 1879 οὖννπαρᾶ

995 1851 1073 1872 mem
1089 1841 1208 1881 accipit,
1225 1845 1254 1872 et
1267 1841 1432 1881 discipulus
1458 1841 1535 1872 illius
1549 1850 1620 1871 veri-
1641 1840 1786 1878 efficitur,»

91 1890 138 1915 τοὺ
160 1886 275 1924 Πατρὺς,
295 1895 306 1912 ι
338 1884 482 1916 τουτέστιν,
514 1886 527 1913 6
553 1884 603 1919 τὴν
624 1889 670 1914 τοῦ
686 1886 788 1924 Πατρὸς
808 1885 911 1913 ἀποκέ-

995 1886 1044 1917 hic
1059 1885 1137 1916 venit
1151 1886 1186 1916 ad
1202 1895 1278 1916 me.»
1294 1886 1368 1916 Vide
1383 1890 1480 1916 autem
1498 1885 1646 1927 quomodo
1657 1895 1724 1916 cum
1742 1885 1784 1916 di-

91 1931 170 1969 λυψιν
199 1929 357 1969 δεχόμενος,
386 1929 431 1957 καὶ
464 1929 586 1967 μαθητὴς
602 1929 700 1970 ἑκείνου
713 1929 816 1964 ἀληθὴς
838 1930 911 1969 γινό-

995 1931 1082 1968 :entia
1096 1930 1226 1970 loquitur
1240 1930 1419 1962 omnia.Non
1436 1930 1515 1961 enim
1532 1930 1616 1966 dixit,
1633 1929 1687 1966 Qui
1703 1929 1786 1961 audit

94 1987 186 2015 μενος,
204 1985 216 2003 ε
233 1974 308 2006 οὗτος
323 1973 432 2014 ἔρχεται
454 1975 522 2013 πρὸς
537 1974 581 2012 μέ.
601 1986 615 2002 ι
641 1969 714 2014 ’Ὅρα
728 1973 767 2012 δὲ,
784 1977 841 2007 πῶς
857 1975 911 2012 μετ²

995 1977 1090 2014 Patre,
1105 1969 1154 2006 ille
1172 1975 1252 2007 venit
1267 1975 1303 2006 ad
1321 1984 1369 2006 me
1382 1986 1390 2006 :
1402 1976 1454 2006 sed
1467 1975 1590 2012 addidit,
1611 1978 1654 2005 aet
1669 1973 1785 2005 didice-

93 2019 225 2060 ἀκριϐείας
251 2019 355 2048 ἅπαντα
376 2018 531 2059 φθέγγεται.
547 2019 584 2048 Οὔ
612 2019 662 2058 γὰρ
690 2019 781 2060 εἶπεν,
807 2019 859 2059 ὅτι,
887 2015 911 2048 ’ρ

995 2028 1030 2050 ι.»
1046 2020 1109 2052 Non
1125 2020 1204 2052 enim
1222 2020 1331 2051 sufﬁcit
1345 2020 1460 2053 audire.
1478 2020 1530 2051 sed
1545 2021 1666 2059 oportet
1679 2018 1786 2049 adesse

93 2066 195 2094 ἀκούων
216 2065 288 2104 παρὰ
301 2067 346 2092 τοῦ
362 2065 475 2103 Πατρὸς,
501 2063 604 2096 ἐκεῖνος
635 2063 742 2104 ἔρχεται
771 2065 837 2104 πρὸς
872 2064 911 2102 μὲ.

1001 2065 1127 2097 discere.
1141 2065 1217 2101 Quid
1235 2065 1338 2104 igitur?
1350 2065 1480 2105 nunquid
1492 2065 1522 2095 in
1536 2064 1634 2095 Veteri
1650 2072 1708 2093 non
1721 2063 1785 2093 fue-

93 2110 162 2139 ἀλλὰ
203 2109 350 2148 προσέθηκε
372 2109 414 2148 τὸ,
449 2119 461 2137 ε
479 2110 524 2137 καὶ
546 2109 647 2146 μαθὼν,
675 2120 686 2137 ι
706 2109 742 2138 Οὔ
762 2109 812 2149 γὰρ
841 2108 911 2148 ἆρχε

998 2117 1028 2141 nt
1042 2110 1121 2141 docti
1138 2119 1154 2140 a
1172 2109 1381 2141 Deo?Fuerunt
1396 2108 1584 2149 qiiidem.sed
1602 2117 1659 2139 non
1676 2107 1786 2139 sic.Hic

93 2155 125 2183 τὸ
152 2154 274 2190 ἀκοῦσαι,
302 2152 371 2181 ἀλλὰ
411 2153 453 2182 δεῖ
489 2160 628 2192 προσεῖναι
677 2154 721 2182 καὶ
753 2155 860 2192 μαθεῖν.
889 2158 908 2182 Τ

995 2155 1039 2185 iim
1048 2154 1221 2185 excellentia
1229 2154 1319 2190 est,in
1328 2150 1784 2190 Novo.dico,Testamento.Nam

94 2199 158 2239 05v;
188 2199 242 2238 Πρὸ
270 2198 361 2227 τούτου
391 2198 418 2226 ἓν
453 2201 487 2236 τῇ
511 2198 615 2234 Παλαιᾷ
646 2199 692 2227 οὒκ
715 2199 783 2233 ἦσαν
803 2197 911 2226 διδακτά

997 2209 1033 2230 nc
1048 2199 1168 2240 quidem
1184 2186 1323 2229 dicebant
1345 2207 1398 2239 per
1410 2186 1546 2228 homines
1560 2197 1597 2228 de
1615 2197 1687 2228 Deo.
1700 2196 1786 2227 Nunc

95 2237 162 2273 Θιοῦ
177 2253 186 2284 ;
213 2237 312 2272 νἨσαν
341 2243 401 2281 μὲν,
425 2242 486 2271 ἀλλ’
502 2245 554 2284 οὐχ
571 2243 665 2276 οὕτως.
683 2243 811 2272 Ἐνταῦθα
825 2243 875 2283 γὰρ
890 2244 911 2271 τί

995 2237 1228 2282 ιιοηιύηὶςεηίιο
1242 2237 1448 2278 incarnato,ab
1462 2241 1526 2282 ipso
1542 2241 1628 2272 Patre
1643 2240 1674 2271 in
1682 2243 1785 2272 sancto

96 2287 225 2328 ἐξαίρετόν
240 2287 323 2325 ἰστιν,
340 2287 367 2315 ὲν
382 2291 415 2326 τῇ
445 2288 544 2326 Καινῇ,
570 2287 651 2328 λέγω,
689 2288 820 2326 Διαθήκῃ.
855 2288 911 2317 Τότι

995 2287 1074 2318 )iritu
1090 2287 1214 2319 scientia
1227 2287 1270 2324 fit,
1289 2292 1321 2318 ut
1337 2287 1376 2318 ita
1401 2286 1559 2327 impleatur
1581 2285 1786 2326 propheticum

96 2333 145 2370 μὲν
173 2333 223 2372 γὰρ
256 2331 292 2360 δι’
315 2332 458 2372 ἀνθρώπων
481 2331 577 2370 ἔμαθον
598 2332 631 2360 τὰ
646 2333 705 2371 περὶ
722 2335 798 2361 Θεοῦ·
822 2337 866 2362 νῦν
893 2331 911 2360 δέ

995 2336 1074 2363 ctum
1092 2343 1098 2361 :
1122 2343 1133 2360 α
1152 2333 1184 2363 ln
1197 2331 1308 2362 lumine
1321 2335 1370 2362 tuo
1385 2346 1396 2361 υ
1413 2330 1522 2370 (Patris
1533 2330 1735 2368 scilicet),hoc
1744 2336 1789 2360 est

95 2380 141 2406 τοῦ
164 2380 330 2416 Μονογενοῡς
356 2377 545 2415 σαρκωθὲντος,
577 2375 640 2412 παρ’
670 2376 749 2405 αὐτοῦ
786 2381 834 2405 τού
862 2380 919 2405 Πα-

95 2422 156 2454 τρὸς
184 2421 210 2449 ἐν
239 2421 307 2460 ἁγιῳ
350 2421 480 2458 Πνεύματι
522 2421 539 2454 ἡ
582 2421 679 2460 γνῶσις
706 2421 817 2460 γίνεται¹
853 2421 921 2449 ὥστε

93 2465 259 2505 πληροῦσθαι
294 2466 325 2493 τὸ
353 2466 529 2505 «pupum-46w
570 2476 584 2492 α
613 2463 657 2494 Ἐν
684 2467 723 2503 τῷ
744 2472 816 2505 φωτϊ
842 2476 888 2494 σου
906 2478 918 2494 1

93 2512 154 2550 (τοῦ
187 2510 318 2550 Πατρός),
346 2510 476 2546 τουτέστι,
519 2513 557 2547 τῷ
594 2510 739 2550 Πνεύματι,
759 2522 769 2537 ε
802 2510 920 2547 ὀψόμεθα

95 2556 164 2596 φῶς,
202 2566 214 2583 υ
246 2555 259 2583 ὃ
285 2554 356 2583 ἐστιν
384 2555 398 2583 6
434 2555 505 2587 Υἱὸς.
523 2555 634 2586 Εἰκότπς
650 2555 701 2591 ἄρα
716 2555 760 2582 νῦν
784 2554 863 2592 ἔσμεν
878 2554 920 2582 δι-

94 2599 185 2628 δακτοὶ
211 2602 277 2628 Θεοῦ
305 2599 415 2636 πάντες,
435 2601 458 2627 οἱ
473 2599 522 2633 τὴν
535 2600 571 2631 εἰς
594 2600 706 2638 Χριστὸν
729 2597 918 2637 ὑποδεξάμενοι

95 2644 195 2674 πίστιν.
225 2643 299 2673 Ἐπεὶ
321 2643 348 2671 δὲ
363 2646 451 2681 εἶπεν,
468 2643 508 2672 ὅτι
534 2655 547 2671 ε
578 2639 606 2672 Ὀ
633 2643 734 2672 ἀκούων
769 2644 839 2684 παρὰ
872 2649 918 2673 τοῦ

95 2689 210 2727 Πατρὸς,
227 2688 329 2722 ἐκεῖνος
361 2688 468 2729 ἔρχεται
490 2690 556 2728 πρὸς
572 2690 616 2726 μὲ,
634 2698 649 2719 ι
665 2688 711 2717 ἵνα
725 2689 764 2726 μή
784 2699 824 2721 τις
849 2689 916 2717 ὑπο-

96 2733 180 2772 λάϐῃ,
206 2733 246 2762 ὅτι
275 2733 334 2774 περῖ
369 2735 494 2768 αἰσθητοῦ
521 2734 620 2774 πατρὸς
643 2732 728 2774 λέγει,
759 2734 848 2774 φησίν·
880 2735 916 2764 Οὖ

137 2811 165 2835 ⁸⁸
179 2813 279 2846 Matth.
297 2821 355 2851 xw,
371 2813 422 2845 21.
466 2811 493 2836 ιο
506 2813 585 2845 Psal.
601 2821 693 2852 xxxv,
709 2813 760 2846 40.

964 2376 1086 2417 Spiritu,
1106 2389 1119 2404 (ι
1136 2376 1303 2407 videbimus
1329 2376 1429 2406 lumen
1439 2374 1497 2413 ιζ)
1518 2374 1595 2415 quod
1625 2379 1669 2405 est
1685 2373 1785 2405 Filius.

965 2422 1065 2452 Merito
1081 2431 1160 2452 nunc
1176 2430 1281 2452 omnes
1293 2420 1373 2452 docti
1392 2429 1494 2451 sumus
1509 2429 1525 2450 a
1540 2419 1611 2455 Deo,
1628 2418 1675 2459 qui
1698 2418 1786 2449 fidem

964 2466 994 2497 in
1007 2466 1156 2498 Christum
1173 2465 1373 2506 suscepimus.
1391 2463 1464 2500 Quia
1479 2468 1576 2494 autem
1599 2463 1682 2498 dixit,
1703 2474 1715 2489 ε
1731 2462 1786 2498 Qui

962 2510 1074 2542 audita
1090 2513 1186 2550 Patre,
1201 2510 1250 2540 ille
1263 2509 1343 2541 venit
1354 2509 1390 2539 ad
1407 2517 1466 2545 me,
1486 2520 1497 2536 ι
1513 2512 1544 2538 ut
1558 2517 1596 2538 ne
1607 2506 1670 2547 quis
1685 2506 1785 2550 suspi-

962 2559 1046 2586 cetur
1068 2556 1144 2596 quod
1172 2549 1209 2586 de
1239 2554 1350 2585 carnali
1376 2557 1458 2593 patre
1480 2552 1569 2587 dicat,
1587 2551 1700 2596 inquit:
1721 2549 1785 2596 Non

962 2600 1019 2631 hoc
1035 2594 1113 2638 dico,
1125 2600 1203 2640 quod
1223 2599 1319 2630 videat
1334 2599 1400 2638 quis
1413 2599 1538 2632 Patrem,
1555 2596 1611 2626 nisi
1630 2594 1785 2640 Filiusiqui

960 2653 1027 2675 vere
1045 2654 1079 2675 ex
1095 2639 1145 2676 illo
1160 2649 1215 2680 est,
1228 2649 1259 2675 et
1271 2648 1355 2674 natus
1371 2652 1405 2673 ex
1419 2641 1585 2672 substantia
1599 2639 1688 2670 illius.
1708 2639 1782 2670 Nam

958 2698 1062 2720 omnes
1096 2688 1215 2729 quidem
1253 2698 1287 2720 ex
1323 2689 1381 2717 Deo
1418 2695 1546 2722 sumus,
1571 2685 1623 2715 sed
1663 2683 1784 2724 proprie

958 2733 1062 2774 Filius,
1079 2743 1156 2765 unus
1172 2737 1227 2769 est,
1245 2732 1296 2774 qui
1312 2737 1341 2763 et
1357 2733 1474 2763 Patrem
1488 2730 1578 2762 novit.
