4006 6530
219 522 272 587 l3
999 513 1096 575 DE
1135 508 1720 572 THEOPHYLACTI
1759 507 2032 568 GESTIS
2073 505 2168 566 ET
2210 503 2583 566 SCRIPTIS.
3409 497 3478 561 14

215 635 491 717 marginis
541 650 676 696 ora.
733 634 854 693 Aut
889 631 1204 693 alterutro
1233 636 1405 692 certe
1446 627 1510 689 in
1557 627 1697 688 loco
1750 626 2057 688 mendum
2090 623 2280 686 cubat
2317 645 2331 682 :
2365 625 2474 684 aut
2526 638 2607 684 ex
2659 619 2824 698 ipsis
2871 616 3191 693 numeris,
3256 617 3482 679 unarit'

212 739 689 818 lransposilione
745 734 1006 806 vitiatis,
1049 731 1375 812 profectus
1409 745 1590 791 error
1623 736 1760 801 est;
1829 738 2106 786 numero
2165 719 2421 782 scilicet
2475 721 2550 780 61
2588 717 2802 799 posito
2860 733 2975 796 pro
3031 718 3132 791 16,
3177 725 3288 779 aut
3366 735 3477 776 ut

213 854 314 918 pro
341 816 465 896 le.
522 833 856 896 Prasdictas
913 828 1376 909 Theorihylacti
1414 826 1734 903 Epistolas
1763 843 1843 886 ex
1899 821 2031 883 alio
2068 837 2197 918 ms.
2216 819 2436 881 codice
2471 817 2882 880 bibliothecae
2913 816 3223 879 Mediceae
3259 824 3481 894 postea

211 913 591 1010 deprompsit
657 930 946 990 Andreas
993 925 1296 987 Schottus
1333 945 1348 984 :
1385 924 1466 984 ab
1501 938 1713 1000 eoque
1753 926 2048 998 acceptas
2105 916 2358 995 primus
2417 917 2640 978 Graece
2688 914 2865 994 typis
2931 913 3139 975 edidit
3191 915 3478 1010 Joannes

208 1009 513 1088 Meursius
559 1022 860 1102 Lugduni
893 1024 1276 1083 Batavorum
1318 1033 1490 1080 anno
1528 1018 1708 1088 1617,
1743 1015 1911 1086 in-h,
1957 1031 2120 1094 quas
2167 1014 2390 1075 Latine
2448 1027 2796 1074 conversas
2824 1028 2860 1073 a
2893 1011 3241 1072 Vincentio
3277 1009 3477 1070 Mari-

210 1124 373 1184 nerio
417 1121 762 1183 Valentino
797 1128 1050 1198 prastat
1109 1115 1524 1180 Coloniensis
1577 1112 1973 1176 Bibliotheca
2018 1114 2278 1173 Patrum
2337 1119 2512 1171 tomo
2543 1109 2662 1170 XV
2695 1113 2762 1171 et
2803 1107 3271 1184 Lugdunensis
3303 1112 3481 1167 tomo

209 1221 421 1281 XVIII.
460 1223 890 1282 Numerantur
918 1231 1068 1277 vero
1093 1213 1390 1294 quinque
1415 1229 1615 1290 supra
1647 1211 2056 1290 septuaginta
2092 1233 2107 1270 :
2140 1209 2206 1270 in
2241 1207 2486 1289 quibus
2518 1213 2798 1269 attamen
2831 1206 3068 1287 aliqua;
3099 1204 3484 1267 desideran-

206 1325 315 1385 tur,
348 1333 487 1396 quas
514 1316 828 1377 Vaticano
873 1330 953 1375 ex
987 1313 1210 1374 codice
1243 1310 1608 1373 aﬂ‘eruntur
1639 1327 1672 1371 a
1722 1307 2029 1370 Baronio.

273 1417 384 1475 I’ro
419 1431 534 1474 sua
605 1411 931 1476 sententia
990 1415 1448 1489 argumentum
1510 1409 1706 1469 variis
1741 1424 1818 1469 ex
1854 1404 2150 1482 epistolis
2190 1402 2544 1466 Annalium
2609 1419 2844 1481 parens
2917 1402 3189 1464 instruit
3233 1403 3310 1463 ad
3369 1418 3487 1462 an‘

208 1529 344 1573 num
376 1513 547 1572 1071.
586 1512 735 1571 Htec
774 1510 948 1571 enim
1009 1507 1330 1568 habentur
1366 1504 1556 1566 verba
1610 1505 1679 1566 in
1712 1502 1986 1583 epistola
2023 1519 2170 1581 quae
2204 1499 2455 1562 decima
2489 1501 2769 1579 septima
2801 1500 3116 1562 Vaticano
3146 1499 3214 1561 in
3257 1499 3484 1560 codice

205 1617 587 1682 numeratur,
614 1608 698 1668 ad
745 1605 950 1685 ﬁlium
987 1604 1532 1667 Sebauocratoris
1566 1605 1707 1664 data
1745 1626 1760 1663 :
1797 1622 1827 1656 α
1871 1601 2003 1663 Oro
2061 1598 2285 1678 igitur,
2321 1607 2382 1661 et
2423 1597 2525 1660 his
2561 1597 2797 1660 litteris
2846 1607 3152 1677 tauquam
3211 1613 3485 1676 corpore

201 1704 453 1783 supplex
503 1703 881 1783 procumbo,
919 1711 985 1764 ut
1049 1701 1415 1763 miserearis
1465 1699 1866 1762 felicissima)
1897 1699 2226 1778 quondam
2265 1695 2598 1768 Ecclesiae,
2630 1713 2825 1773 quam
2877 1695 3486 1764 Christianissimus

202 1801 299 1862 ille
330 1801 608 1874 Borises,
638 1799 1068 1877 Bulgarorum
1092 1815 1228 1870 rex,
1261 1814 1456 1860 unam
1488 1805 1550 1858 et
1581 1798 1785 1876 ipsam
1817 1816 1852 1859 e
1889 1804 2138 1874 septem
2167 1796 2502 1860 catholicis
2524 1795 2905 1859 aediﬁcavit:
2945 1803 3010 1859 tu
3041 1810 3308 1857 renova.
3352 1815 3382 1848 »
3406 1827 3486 1838 -

201 1918 229 1953 ι
260 1898 405 1959 Cum
441 1899 503 1957 in
539 1913 637 1970 ea,
674 1896 991 1958 Baronius
1022 1895 1137 1969 ait,
1170 1895 1416 1957 mentio
1448 1895 1550 1957 ﬂat
1584 1892 1831 1956 Borisis
1883 1893 2312 1973 Bulgarorum
2367 1894 2572 1971 regis,
2610 1893 2726 1972 qui
2765 1893 2950 1963 vixit,
2987 1901 3056 1955 ut
3087 1895 3368 1955 Zonaras
3421 1899 3489 1952 et

198 1993 296 2054 alii
328 1995 706 2066 ostendunt,
749 1999 895 2068 post
928 2000 1189 2054 centum
1245 1991 1304 2074 (a
1334 1991 1564 2054 Photio
1606 1999 1668 2054 et
1700 1988 1978 2070 Ignatio)
2010 2007 2240 2060 annos,
2286 2007 2519 2069 nempe
2571 1991 2696 2051 sub
2728 1989 3100 2070 Nicephoro
3153 1989 3366 2052 Phoca
3421 1999 3486 2052 et

197 2092 432 2152 Joanne
500 2093 780 2153 Zimisce
839 2089 1344 2166 imperatoribus
1395 2089 1519 2170 (vel
1580 2089 1659 2150 ab
1689 2105 1863 2151 anno
1895 2092 2007 2151 971
2043 2091 2120 2151 ad
2162 2107 2405 2152 annum
2450 2090 2594 2162 973,
2633 2098 2700 2151 ut
2737 2089 3135 2152 Dufresnius
3168 2085 3484 2172 adnotat).

200 2188 369 2261 plane
400 2198 688 2266 apparet,
728 2203 855 2249 non
890 2196 1047 2250 tunc
1077 2189 1289 2266 ipsum
1324 2188 1571 2248 vixisse
1602 2187 1725 2248 sub
1756 2187 2000 2249 Basilio
2031 2186 2461 2268 (Macedone),
2491 2187 2603 2250 sed
2640 2189 2834 2267 longe
2870 2194 3014 2266 post
3045 2187 3159 2250 illa
3191 2196 3486 2266 tempora

195 2279 728 2364 Theoinhylactum
764 2285 1193 2365 Bulgarorum
1237 2285 1578 2364 prmfuisse
1614 2284 1920 2346 Ecclesia:
1957 2283 2550 2362 archiepisc0pum,
2596 2285 2718 2347 Sed
2752 2293 2816 2347 et
2846 2302 2994 2348 cum
3027 2285 3207 2347 etibi
3245 2285 3488 2346 memi-

198 2381 386 2441 nitde
443 2381 745 2444 ecclesiis
785 2381 864 2443 ab
915 2383 1146 2443 eodem
1184 2399 1332 2459 rege
1369 2391 1556 2442 antea
1615 2381 1974 2458 aedificetis,
2017 2393 2079 2446 et
2109 2394 2252 2462 post
2283 2384 2560 2446 multum
2595 2384 2877 2463 spatium
2924 2383 3240 2465 temporis
3288 2400 3486 2447 unam

195 2497 266 2541 ex
318 2481 471 2542 illlis
531 2482 814 2544 dirutam
850 2481 1157 2560 preponit
1204 2480 1697 2555 restituendam,
1730 2484 1916 2560 plane
1975 2484 2399 2554 demonstrat,
2441 2485 2634 2560 longe
2670 2489 2889 2558 postea
2939 2479 3020 2542 ab
3075 2497 3155 2544 eo
3188 2489 3484 2560 tempore

196 2578 480 2639 eumdem
527 2577 1086 2657 TheOphylactum
1120 2577 1460 2640 claruisse.
1491 2601 1520 2634 α
1559 2579 1830 2658 Sapiens
1875 2596 2067 2641 nemo
2102 2579 2324 2653 fuerit,
2357 2579 2474 2659 qui
2516 2578 3076 2659 TheOphylactum
3112 2594 3242 2639 non
3273 2595 3486 2641 remo-

200 2682 324 2734 vcat
352 2675 430 2735 ab
451 2691 592 2738 aavo
629 2674 964 2738 I’hotiano.

265 2775 319 2834 5.
356 2775 569 2837 Vitam
604 2776 820 2853 ipsum
853 2775 1068 2855 egisse
1140 2776 1367 2840 statuit
1438 2779 1781 2856 Baronius,
1839 2777 1965 2839 sub
2028 2776 2342 2840 Michaele
2378 2777 2492 2840 VII
2529 2779 2730 2849 Duca,
2765 2783 2826 2838 et
2879 2776 3249 2855 Nicephoro
3290 2776 3484 2837 Boto-

200 2870 379 2946 niata,
415 2880 478 2933 et
511 2871 747 2935 Alexio
787 2874 1143 2936 Comneno.
1200 2875 1550 2954 Imperium
1589 2879 1837 2957 primus
1867 2879 2242 2956 auspicatus
2273 2885 2369 2940 est
2404 2892 2575 2940 anno
2619 2877 2797 2950 1071,
2831 2874 2994 2938 alter
3040 2877 3219 2951 1078,
3252 2875 3486 2936 tertius

200 2969 360 3044 1081,
394 2972 470 3030 ad
512 2987 758 3031 annum
785 2988 997 3049 usque
1031 2973 1209 3034 1118.
1244 2975 1521 3037 Primam
1561 2975 1758 3039 refert
1780 2975 2255 3056 'l‘heOphylacti
2305 2974 2645 3055 epistolam
2691 2975 2771 3036 ad
2816 2974 3082 3036 Mariam
3115 2973 3491 3053 imperatri-

187 3081 344 3157 ocem,
379 3066 723 3128 Michaelis
758 3069 972 3141 Ducas,
1007 3085 1079 3130 ac
1105 3079 1327 3149 postea
1363 3073 1717 3135 Botoniatas
1755 3091 2052 3138 uxorem.
2084 3075 2440 3153 Epistolam
2468 3073 2649 3134 addit
2677 3071 2995 3134 decimam
3027 3071 3310 3145 tertiam,
3339 3090 3490 3153 qua:

195 3163 323 3222 data
359 3163 602 3243 legitur
636 3162 719 3224 ad
770 3167 1082 3227 Joannem
1131 3169 1395 3242 Ducam,
1431 3172 1754 3233 sororium
1800 3173 2216 3251 imperatoris
2256 3194 2275 3232 :
2307 3172 2373 3232 in
2408 3187 2619 3251 eaque
2676 3169 2811 3232 1]ωο
2874 3168 3197 3230 habentur
3264 3171 3483 3241 verba,

198 3279 226 3314 α
249 3260 582 3333 (laterum,
625 3277 664 3324 ο
688 3262 1087 3326 fortunatum
1123 3268 1446 3329 Ducarum
1478 3286 1710 3348 genus,
1741 3279 1907 3332 recta
1954 3269 2175 3332 omnia
2197 3279 2259 3333 et
2290 3269 2558 3331 honesta
2591 3268 2659 3329 in
2696 3275 2754 3329 te
2784 3265 3340 3345 complectens,in
3369 3265 3489 3327 hac

199 3355 346 3417 mihi
399 3358 689 3420 bonitate
749 3361 1045 3439 persiste.
1114 3385 1144 3419 ι
1206 3364 1403 3425 Addit
1488 3366 1680 3427 etiam
1756 3369 2096 3444 epistolam
2165 3380 2454 3432 octavam
2494 3411 2512 3441 ,
2585 3367 2692 3428 ubi
2768 3367 2865 3427 sic
2926 3370 3009 3426 ait
3075 3363 3491 3443 Theophyla-

197 3460 330 3516 ctus
366 3477 435 3515 τι
474 3457 679 3519 Vides
710 3462 1042 3537 quomodo
1084 3472 1212 3524 tam
1249 3461 1435 3525 facile
1476 3465 1924 3527 colendissimi
1965 3466 2275 3529 Comueni
2313 3465 2608 3544 sigillum
2646 3462 3038 3525 subversum
3072 3472 3168 3524 est
3204 3463 3284 3523 ab
3341 3461 3491 3541 ipso

197 3549 546 3615 Comneno.
585 3577 614 3610 ι

266 3648 489 3730 itaque
515 3649 828 3715 afﬁrmare
860 3670 1128 3718 necesse
1161 3664 1281 3731 est,
1315 3665 1384 3719 ut
1416 3659 1736 3724 Baronius
1768 3663 1855 3726 ait
1887 3664 2132 3727 ibidem
2165 3679 2346 3725 num.
2379 3663 2616 3735 XVIII,
2653 3660 3210 3740 TbeOphylactum
3245 3659 3488 3740 ipsum,

196 3743 508 3824 Bulgaria;
592 3748 1196 3830 archiepiscopum,
1277 3772 1420 3816 eam
1467 3755 1873 3823 functionem
1945 3760 2444 3821 administrasse
2529 3757 2651 3821 hoc
2737 3767 3071 3836 tempore,
3137 3774 3270 3837 quo
3349 3757 3491 3820 sive

193 3837 398 3912 Docte,
463 3845 605 3905 sive
666 3846 979 3909 Comneni
1044 3851 1612 3935 Constantinoiioli
1675 3858 2106 3939 imperabant.
2167 3855 2327 3920 Viro
2386 3855 2770 3918 doctissimo
2827 3871 3022 3916 nemo
3074 3872 3206 3937 nop
3271 3855 3488 3934 porri-

194 3945 290 4011 gat
350 3957 613 4002 manus.

365 4037 662 4144 Eujusce
723 4049 940 4144 tamen
1009 4046 1320 4124 temporis
1359 4048 1558 4112 veluti
1619 4053 1951 4131 periodos,
1986 4053 2228 4134 quibus
2272 4058 2336 4114 et
2376 4052 2538 4114 vixit
2575 4059 2638 4114 et
2667 4052 2889 4114 ﬂoruit
2932 4050 3489 4130 Theophylactus,

193 4128 474 4242 tibi-visi
524 4143 682 4242 sunt
712 4137 986 4242 deﬁuice
1019 4146 1416 4242 accuratius
1469 4128 1659 4225 posse
1725 4128 2164 4232 bibliographi
2204 4151 2640 4229 scriptoresve
2688 4128 3491 4229 posteriores—Philippus

193 4225 483 4339 {fabheu‘s
517 4231 591 4293 in
627 4249 743 4295 sua
786 4237 865 4296 ad
927 4238 1390 4304 Bellarminum
1460 4225 2292 4310 Dissertatione'historica
2333 4225 2412 4310 έα
2450 4225 2727 4309 Circiter
2761 4264 3005 4309 annum
3042 4248 3195 4308 1071
3234 4225 3494 4308 vivebat

195 4323 485 4432 (inquit),
527 4339 818 4432 tempore
855 4338 1094 4396 summi
1135 4339 1456 4415 pontiﬁcis
1494 4343 1847 4408 Alexandri
1887 4349 1939 4407 II
1970 4355 2032 4408 et
2063 4347 2337 4408 Romani
2373 4346 2688 4425 Diogenis
2742 4346 2845 4426 (ab
2877 4362 3050 4407 anno
3087 4347 3246 4407 1068
3285 4346 3493 4424 impe-

443 4428 879 4531 temporibu‘s,
917 4432 1161 4531 utejus
1191 4451 1271 4496 ex
1317 4437 1635 4516 Epistolis
1688 4454 1965 4506 constat.
2004 4445 2309 4508 Pervenit
2341 4461 2608 4524 quoque
2644 4444 2720 4505 ad
2752 4424 3202 4524 pontificatum
3237 4446 3488 4524 Grego-

301 4520 407 4632 γη
462 4529 532 4632 et
592 4521 942 4632 imperium
1006 4529 1357 4610 Nicephori
1412 4536 1844 4602 Botoniata..
1889 4542 2034 4616 Quo
2077 4552 2296 4604 autem
2341 4520 2576 4604 obierit
2611 4520 2810 4616 anno,
2846 4559 3111 4618 prorsus
3152 4520 3406 4622 ignoro:
3460 4566 3490 4598 υ

191 4612 423 4731 Eadem
461 4622 931 4731 trapscripsere
999 4632 1194 4690 verba
1229 4632 1589 4711 Dupinius,
1623 4647 1686 4700 et
1722 4612 2081 4701 Casiuiirus
2113 4639 2449 4712 Oudinus,
2484 4646 2545 4700 et
2575 4612 2902 4718 Georgius
2935 4612 3236 4701 Matthias
3273 4641 3486 4703 Koui-

191 4715 332 4820 gius
397 4715 932 4820 inLBibliothcca
989 4736 1196 4787 vetere
1253 4741 1311 4791 et
1369 4749 1560 4805 nova,
1619 4756 1655 4802 αη
1713 4735 2274 4816 TheOphylactum
2328 4737 2629 4799 ﬂoruisse
2693 4715 2967 4810 aientes,
3030 4736 3154 4798 sub
3209 4737 3491 4814 impera-

191 4811 439 4920 toribus
473 4815 765 4920 Romano
791 4819 1113 4920 Diogene,
1155 4825 1471 4888 Michaele
1508 4831 1684 4892 Duca
1715 4841 1778 4892 et
1808 4811 2174 4912 Nicephoro
2207 4834 2568 4895 Botoniata.
2615 4855 2644 4890 ι
2678 4832 2838 4907 Quae
2891 4833 3118 4913 utique
3164 4811 3353 4894 verba
3385 4835 3487 4894 vi-

187 4913 308 4968 tam
339 4913 490 4989 ejus
527 4915 919 5009 concludere
958 4920 1267 4983 videntur
1304 4924 1472 4987 intra
1508 4927 1805 5007 ejusdem
1842 4929 2202 4994 Botoniataa
2232 4931 2569 5009 regnantis
2608 4938 2923 5008 tempora.

217 5009 400 5120 ulmo
431 5010 656 5120 potius
699 4997 1080 5120 sub—alexio
1113 5021 1442 5086 Comneno
1471 5043 1654 5087 suam
1689 5028 1905 5108 egisse
1939 5027 2158 5101 vitam,
2190 5025 2431 5089 infulas
2493 5037 2782 5106 gestasse
2822 5027 3220 5106 Bulgaricas,
3256 5045 3328 5090 ac
3357 5029 3492 5107 [IV]

188 5101 424 5204 litteris
463 5108 772 5173 ﬂoruisse
808 5114 1391 5195 TheOphylactum,
1427 5123 1692 5187 adnotat
1723 5101 1994 5188 Earclus
2028 5124 2429 5188 Dufresuius
2471 5101 2570 5187 [iu
2610 5126 2821 5204 Cange
2855 5125 2923 5185 in
2955 5101 3134 5187 notis
3162 5128 3241 5189 ad
3284 5101 3492 5190 Anna)-

186 5199 807 5302 Comnenaelibrum
850 5229 959 5272 VIII
992 5214 1341 5276 Alexiados
1383 5239 1401 5278 :
1436 5242 1466 5273 α
1506 5220 2323 5300 FloruitTheophylactus,
2360 5222 2700 5301 inquiens,
2738 5199 2969 5282 Alexio
3003 5222 3336 5285 Comneno
3373 5227 3491 5286 im-

190 5315 485 5412 perante,
511 5319 643 5412 non
674 5323 831 5412 vero
874 5311 998 5372 sub
1031 5307 1323 5376 Romano
1369 5317 1682 5396 DiOgene,
1717 5329 1828 5382 aut
1885 5321 2201 5384 Michaelc
2240 5323 2435 5392 Duco,
2477 5329 2543 5382 ut
2595 5319 2734 5380 vult
2782 5320 3103 5382 Barouius
3139 5343 3153 5381 :
3193 5324 3368 5401 quod
3407 5341 3487 5384 ex

190 5403 399 5476 ipsius
436 5403 752 5482 Epistolis
778 5423 812 5467 a
841 5409 1132 5472 Meursio
1173 5410 1370 5474 editis
1424 5419 1576 5475 satis
1621 5426 1896 5479 constat.
1929 5419 2218 5491 Quarum
2261 5419 2555 5497 quaedam
2593 5418 2670 5478 ad
2705 5418 3064 5479 Adrianum
3119 5421 3332 5481 Alexii
3367 5421 3493 5483 ira—

187 5500 854 5608 t‘remLNicephorum
887 5507 1315 5572 Melissenum
1371 5515 1709 5587 Caesarem,
1750 5517 2139 5595 Gregorium
2174 5518 2572 5586 Taronitam,
2609 5515 3046 5595 Nicephorum
3074 5517 3488 5592 Briennium,

183 5595 403 5657 Atexii
443 5615 897 5671 consocerum,
927 5612 987 5665 et
1018 5605 1184 5666 alios
1219 5625 1297 5669 ex
1351 5611 1664 5674 Alexiana
1707 5623 1766 5674 et
1800 5617 2128 5678 Comnena
2175 5615 2418 5676 familia
2457 5614 2785 5693 principes
2847 5615 3104 5692 scriptas
3143 5628 3314 5678 sunt.
3357 5617 3491 5680 Una

187 5700 379 5753 9mm
415 5696 497 5756 ad
545 5695 884 5760 ΝίσοῙθυω
917 5703 1341 5778 Patriarcham
1385 5729 1398 5764 :
1442 5732 1468 5762 »
1506 5708 1697 5786 hujus
1742 5713 2034 5775 nominis
2069 5715 2376 5786 Tertium,
2409 5715 2523 5793 qui
2561 5717 2785 5774 sedem
2825 5713 3494 5794 ConstantinOpolita-

187 5804 332 5900 nam
383 5794 796 5900 conscendit,
830 5798 1012 5860 Anna
1067 5801 1395 5865 Comnena
1458 5814 1620 5867 teste
1676 5807 1767 5868 lib

1907 5810 2312 5881 .Alexiodos,
2370 5813 2755 5883 ἔπινεμήσεως
2817 5815 3056 5884 ἑϐδόμης
3110 5814 3489 5884 ἔτουςος-ιῑπβσ

187 5882 546 5989 moitctt'onc
603 5895 896 5969 septima,
921 5913 1087 5955 anno
1144 5915 1259 5958 sea:
1285 5898 1616 5963 millesimo
1679 5904 2181 5986 quingentesimo
2237 5912 2641 5989 nonagesimo
2704 5913 3186 5986 secundo,wt'a:
3241 5911 3494 5974 scilicet
