  <div class='ocr_page' id='page_1' title='image "/cluster/home/n/w/nwhite01/storage/ocr_20150623/123/uva.x004884189/019.png"; bbox 0 0 4006 6550; ppageno 0'>
   <div class='ocr_carea' id='block_1_1' title="bbox 550 418 3819 546">
    <p class='ocr_par' dir='ltr' id='par_1_1' title="bbox 550 418 3819 546">
     <span class='ocr_line' id='line_1_1' title="bbox 550 418 3819 546; baseline 0.002 -16"><span class='ocrx_word' id='word_1_1' title='bbox 550 474 619 546; x_wconf 76' lang='grc'>15</span> <span class='ocrx_word' id='word_1_2' title='bbox 1361 418 1587 531; x_wconf 45' lang='lat' dir='ltr'>BERN.</span> <span class='ocrx_word' id='word_1_3' title='bbox 1631 466 1896 528; x_wconf 52' lang='lat' dir='ltr'>MABH‘I</span> <span class='ocrx_word' id='word_1_4' title='bbox 1937 465 2029 527; x_wconf 82' lang='lat' dir='ltr'>DE</span> <span class='ocrx_word' id='word_1_5' title='bbox 2070 464 2353 527; x_wconf 71' lang='lat' dir='ltr'>RUBEIS</span> <span class='ocrx_word' id='word_1_6' title='bbox 2390 466 2897 533; x_wconf 68' lang='lat' dir='ltr'>DISSERTATIO</span> <span class='ocrx_word' id='word_1_7' title='bbox 3757 476 3819 538; x_wconf 74' lang='lat'>16</span> 
     </span>
    </p>
   </div>
   <div class='ocr_carea' id='block_1_2' title="bbox 2138 609 2250 671">
    <p class='ocr_par' dir='ltr' id='par_1_2' title="bbox 2138 609 2250 671">
     <span class='ocr_line' id='line_1_2' title="bbox 2138 609 2250 671; baseline 0.027 -4"><span class='ocrx_word' id='word_1_8' title='bbox 2138 609 2250 671; x_wconf 80' lang='grc' dir='ltr'>ΙΙΙ.</span> 
     </span>
    </p>
   </div>
   <div class='ocr_carea' id='block_1_3' title="bbox 550 742 3815 827">
    <p class='ocr_par' dir='ltr' id='par_1_3' title="bbox 550 742 3815 827">
     <span class='ocr_line' id='line_1_3' title="bbox 550 742 3815 827; baseline -0.001 -12"><span class='ocrx_word' id='word_1_9' title='bbox 550 752 709 816; x_wconf 78' lang='lat' dir='ltr'>Cum</span> <span class='ocrx_word' id='word_1_10' title='bbox 766 748 1043 810; x_wconf 82' lang='lat' dir='ltr'>Baronio</span> <span class='ocrx_word' id='word_1_11' title='bbox 1078 746 1304 827; x_wconf 32' lang='lat' dir='ltr'>sentit“</span> <span class='ocrx_word' id='word_1_12' title='bbox 1330 742 1649 827; x_wconf 68' lang='lat' dir='ltr'>Antonius</span> <span class='ocrx_word' id='word_1_13' title='bbox 1692 742 1957 820; x_wconf 86' lang='lat' dir='ltr'>Pagius,</span> <span class='ocrx_word' id='word_1_14' title='bbox 2007 742 2548 827; x_wconf 71' lang='lat' dir='ltr'>Theophylactum</span> <span class='ocrx_word' id='word_1_15' title='bbox 2589 746 2772 827; x_wconf 77' lang='lat' dir='ltr'>etiam</span> <span class='ocrx_word' id='word_1_16' title='bbox 2804 746 2917 809; x_wconf 87' lang='lat' dir='ltr'>sub</span> <span class='ocrx_word' id='word_1_17' title='bbox 2964 748 3278 811; x_wconf 78' lang='lat' dir='ltr'>Michaele</span> <span class='ocrx_word' id='word_1_18' title='bbox 3312 751 3487 811; x_wconf 85' lang='lat' dir='ltr'>Duca</span> <span class='ocrx_word' id='word_1_19' title='bbox 3535 762 3591 812; x_wconf 83' lang='lat' dir='ltr'>et</span> <span class='ocrx_word' id='word_1_20' title='bbox 3624 752 3815 815; x_wconf 76' lang='lat' dir='ltr'>Nice-</span> 
     </span>
    </p>
   </div>
   <div class='ocr_carea' id='block_1_4' title="bbox 627 822 3818 914">
    <p class='ocr_par' dir='ltr' id='par_1_4' title="bbox 627 822 3818 914">
     <span class='ocr_line' id='line_1_4' title="bbox 627 822 3818 914; baseline 0.002 -24"><span class='ocrx_word' id='word_1_21' title='bbox 627 832 835 914; x_wconf 65' lang='lat' dir='ltr'>phoro</span> <span class='ocrx_word' id='word_1_22' title='bbox 866 826 1213 914; x_wconf 71' lang='lat' dir='ltr'>Batoniata</span> <span class='ocrx_word' id='word_1_23' title='bbox 1242 824 1517 914; x_wconf 52' lang='lat' dir='ltr'>vixisse.</span> <span class='ocrx_word' id='word_1_24' title='bbox 1540 822 1703 901; x_wconf 84' lang='lat' dir='ltr'>Ejus</span> <span class='ocrx_word' id='word_1_25' title='bbox 1740 822 2208 914; x_wconf 51' lang='lat' dir='ltr'>argumentatio</span> <span class='ocrx_word' id='word_1_26' title='bbox 2245 822 2649 914; x_wconf 61' lang='lat' dir='ltr'>empenditur,</span> <span class='ocrx_word' id='word_1_27' title='bbox 2686 822 2820 905; x_wconf 68' lang='lat' dir='ltr'>oua:</span> <span class='ocrx_word' id='word_1_28' title='bbox 2850 829 3126 914; x_wconf 68' lang='lat' dir='ltr'>sumitur</span> <span class='ocrx_word' id='word_1_29' title='bbox 3155 848 3238 914; x_wconf 69' lang='lat' dir='ltr'>ear</span> <span class='ocrx_word' id='word_1_30' title='bbox 3269 830 3431 914; x_wconf 82' lang='lat' dir='ltr'>libro</span> <span class='ocrx_word' id='word_1_31' title='bbox 3461 833 3677 911; x_wconf 67' lang='lat' dir='ltr'>Regia)</span> <span class='ocrx_word' id='word_1_32' title='bbox 3708 837 3818 895; x_wconf 79' lang='lat' dir='ltr'>lu-</span> 
     </span>
    </p>
   </div>
   <div class='ocr_carea' id='block_1_5' title="bbox 632 899 3821 994">
    <p class='ocr_par' dir='ltr' id='par_1_5' title="bbox 632 899 3821 994">
     <span class='ocr_line' id='line_1_5' title="bbox 632 899 3821 994; baseline 0.001 -24"><span class='ocrx_word' id='word_1_33' title='bbox 632 899 1017 994; x_wconf 53' lang='lat' dir='ltr'>Stitutionis.</span> <span class='ocrx_word' id='word_1_34' title='bbox 1060 906 1207 964; x_wconf 75' lang='lat' dir='ltr'>Haec</span> <span class='ocrx_word' id='word_1_35' title='bbox 1231 993 1234 994; x_wconf 12' lang='grc' dir='ltr'><em>ν</em></span> <span class='ocrx_word' id='word_1_36' title='bbox 1259 901 1467 994; x_wconf 78' lang='lat' dir='ltr'>eadem</span> <span class='ocrx_word' id='word_1_37' title='bbox 1497 899 1781 994; x_wconf 68' lang='lat' dir='ltr'>tempora</span> <span class='ocrx_word' id='word_1_38' title='bbox 1811 899 2050 994; x_wconf 52' lang='lat' dir='ltr'>indicat</span> <span class='ocrx_word' id='word_1_39' title='bbox 2102 899 2371 994; x_wconf 75' lang='lat' dir='ltr'>epistola</span> <span class='ocrx_word' id='word_1_40' title='bbox 2402 902 2483 962; x_wconf 88' lang='lat' dir='ltr'>ad</span> <span class='ocrx_word' id='word_1_41' title='bbox 2510 899 2820 994; x_wconf 72' lang='lat' dir='ltr'>Joannem</span> <span class='ocrx_word' id='word_1_42' title='bbox 2838 906 3073 994; x_wconf 41' lang='lat' dir='ltr'>Ita-lum</span> <span class='ocrx_word' id='word_1_43' title='bbox 3098 899 3600 994; x_wconf 35' lang='lat' dir='ltr'>philosophum&quot;:-</span> <span class='ocrx_word' id='word_1_44' title='bbox 3633 915 3821 994; x_wconf 79' lang='lat' dir='ltr'>cujus</span> 
     </span>
    </p>
   </div>
   <div class='ocr_carea' id='block_1_6' title="bbox 628 980 3366 1068">
    <p class='ocr_par' dir='ltr' id='par_1_6' title="bbox 628 980 3366 1068">
     <span class='ocr_line' id='line_1_6' title="bbox 628 980 3366 1068; baseline 0.002 -23"><span class='ocrx_word' id='word_1_45' title='bbox 628 990 809 1051; x_wconf 77' lang='lat' dir='ltr'>varia</span> <span class='ocrx_word' id='word_1_46' title='bbox 841 990 974 1068; x_wconf 83' lang='lat' dir='ltr'>fata</span> <span class='ocrx_word' id='word_1_47' title='bbox 1007 993 1237 1045; x_wconf 86' lang='lat' dir='ltr'>narrat</span> <span class='ocrx_word' id='word_1_48' title='bbox 1269 981 1455 1041; x_wconf 81' lang='lat' dir='ltr'>Anna</span> <span class='ocrx_word' id='word_1_49' title='bbox 1489 980 1826 1064; x_wconf 74' lang='lat' dir='ltr'>comnena.</span> <span class='ocrx_word' id='word_1_50' title='bbox 1864 980 2451 1060; x_wconf 78' lang='lat' dir='ltr'>Chronograpltiam</span> <span class='ocrx_word' id='word_1_51' title='bbox 2480 985 2852 1062; x_wconf 75' lang='lat' dir='ltr'>conﬁrmant</span> <span class='ocrx_word' id='word_1_52' title='bbox 2886 984 3029 1045; x_wconf 64' lang='lat' dir='ltr'>aliae</span> <span class='ocrx_word' id='word_1_53' title='bbox 3060 980 3366 1067; x_wconf 55' lang='lat' dir='ltr'>epistola:</span> 
     </span>
    </p>
   </div>
   <div class='ocr_carea' id='block_1_7' title="bbox 628 1104 3817 1192">
    <p class='ocr_par' dir='ltr' id='par_1_7' title="bbox 628 1104 3817 1192">
     <span class='ocr_line' id='line_1_7' title="bbox 628 1104 3817 1192; baseline 0 -15"><span class='ocrx_word' id='word_1_54' title='bbox 628 1120 687 1177; x_wconf 89' lang='grc'>’7.</span> <span class='ocrx_word' id='word_1_55' title='bbox 728 1118 899 1177; x_wconf 85' lang='lat' dir='ltr'>Hanc</span> <span class='ocrx_word' id='word_1_56' title='bbox 934 1112 1320 1185; x_wconf 88' lang='lat' dir='ltr'>scriptorum</span> <span class='ocrx_word' id='word_1_57' title='bbox 1353 1107 1768 1181; x_wconf 72' lang='lat' dir='ltr'>discordiam,</span> <span class='ocrx_word' id='word_1_58' title='bbox 1798 1107 2047 1169; x_wconf 91' lang='lat' dir='ltr'>tametsi</span> <span class='ocrx_word' id='word_1_59' title='bbox 2078 1104 2312 1178; x_wconf 89' lang='lat' dir='ltr'>levem,</span> <span class='ocrx_word' id='word_1_60' title='bbox 2355 1107 2703 1171; x_wconf 89' lang='lat' dir='ltr'>conciliare</span> <span class='ocrx_word' id='word_1_61' title='bbox 2735 1117 2847 1172; x_wconf 87' lang='lat' dir='ltr'>aut</span> <span class='ocrx_word' id='word_1_62' title='bbox 2882 1111 3152 1174; x_wconf 82' lang='lat' dir='ltr'>omnino</span> <span class='ocrx_word' id='word_1_63' title='bbox 3188 1112 3413 1175; x_wconf 89' lang='lat' dir='ltr'>tollere</span> <span class='ocrx_word' id='word_1_64' title='bbox 3446 1116 3817 1192; x_wconf 88' lang='lat' dir='ltr'>splendidis</span> 
     </span>
    </p>
   </div>
   <div class='ocr_carea' id='block_1_8' title="bbox 550 1201 3817 1292">
    <p class='ocr_par' dir='ltr' id='par_1_8' title="bbox 550 1201 3817 1292">
     <span class='ocr_line' id='line_1_8' title="bbox 550 1201 3817 1292; baseline 0 -18"><span class='ocrx_word' id='word_1_65' title='bbox 550 1212 825 1276; x_wconf 74' lang='lat' dir='ltr'>vetustis</span> <span class='ocrx_word' id='word_1_66' title='bbox 866 1210 1306 1272; x_wconf 80' lang='lat' dir='ltr'>monumentis</span> <span class='ocrx_word' id='word_1_67' title='bbox 1354 1223 1482 1269; x_wconf 88' lang='lat' dir='ltr'>non</span> <span class='ocrx_word' id='word_1_68' title='bbox 1535 1207 1704 1277; x_wconf 90' lang='lat' dir='ltr'>licet,</span> <span class='ocrx_word' id='word_1_69' title='bbox 1741 1219 1887 1283; x_wconf 72' lang='lat' dir='ltr'>qum</span> <span class='ocrx_word' id='word_1_70' title='bbox 1917 1203 2122 1264; x_wconf 86' lang='lat' dir='ltr'>lucem</span> <span class='ocrx_word' id='word_1_71' title='bbox 2165 1201 2431 1267; x_wconf 81' lang='lat' dir='ltr'>aﬁ‘erant</span> <span class='ocrx_word' id='word_1_72' title='bbox 2463 1205 2543 1267; x_wconf 91' lang='lat' dir='ltr'>ad</span> <span class='ocrx_word' id='word_1_73' title='bbox 2582 1206 2877 1287; x_wconf 82' lang='lat' dir='ltr'>ejusdem</span> <span class='ocrx_word' id='word_1_74' title='bbox 2919 1207 3379 1288; x_wconf 79' lang='lat' dir='ltr'>TheOphylacti</span> <span class='ocrx_word' id='word_1_75' title='bbox 3416 1210 3817 1292; x_wconf 85' lang='lat' dir='ltr'>chronogra-</span> 
     </span>
    </p>
   </div>
   <div class='ocr_carea' id='block_1_9' title="bbox 547 1297 3821 1387">
    <p class='ocr_par' dir='ltr' id='par_1_9' title="bbox 547 1297 3821 1387">
     <span class='ocr_line' id='line_1_9' title="bbox 547 1297 3821 1387; baseline 0.003 -23"><span class='ocrx_word' id='word_1_76' title='bbox 547 1308 763 1387; x_wconf 84' lang='lat' dir='ltr'>phiam</span> <span class='ocrx_word' id='word_1_77' title='bbox 814 1303 1296 1369; x_wconf 79' lang='lat' dir='ltr'>accuratissime</span> <span class='ocrx_word' id='word_1_78' title='bbox 1348 1299 1795 1382; x_wconf 86' lang='lat' dir='ltr'>digerendam.</span> <span class='ocrx_word' id='word_1_79' title='bbox 1829 1300 1951 1362; x_wconf 85' lang='lat' dir='ltr'>Pro</span> <span class='ocrx_word' id='word_1_80' title='bbox 1983 1297 2157 1362; x_wconf 87' lang='lat' dir='ltr'>virili</span> <span class='ocrx_word' id='word_1_81' title='bbox 2210 1304 2535 1381; x_wconf 87' lang='lat' dir='ltr'>agendum</span> <span class='ocrx_word' id='word_1_82' title='bbox 2570 1303 2732 1366; x_wconf 88' lang='lat' dir='ltr'>mihi</span> <span class='ocrx_word' id='word_1_83' title='bbox 2765 1311 2885 1381; x_wconf 89' lang='lat' dir='ltr'>est,</span> <span class='ocrx_word' id='word_1_84' title='bbox 2922 1313 2991 1369; x_wconf 92' lang='lat' dir='ltr'>ut</span> <span class='ocrx_word' id='word_1_85' title='bbox 3034 1305 3176 1386; x_wconf 84' lang='lat' dir='ltr'>ejus</span> <span class='ocrx_word' id='word_1_86' title='bbox 3211 1305 3401 1369; x_wconf 88' lang='lat' dir='ltr'>vitam</span> <span class='ocrx_word' id='word_1_87' title='bbox 3455 1311 3705 1386; x_wconf 75' lang='lat' dir='ltr'>agentis</span> <span class='ocrx_word' id='word_1_88' title='bbox 3741 1327 3821 1373; x_wconf 89' lang='lat' dir='ltr'>ae</span> 
     </span>
    </p>
   </div>
   <div class='ocr_carea' id='block_1_10' title="bbox 542 1397 3812 1483">
    <p class='ocr_par' dir='ltr' id='par_1_10' title="bbox 542 1397 3812 1483">
     <span class='ocr_line' id='line_1_10' title="bbox 542 1397 3812 1483; baseline -0 -14"><span class='ocrx_word' id='word_1_89' title='bbox 542 1404 831 1469; x_wconf 79' lang='lat' dir='ltr'>ﬂorentis</span> <span class='ocrx_word' id='word_1_90' title='bbox 891 1412 1200 1482; x_wconf 89' lang='lat' dir='ltr'>tempora,</span> <span class='ocrx_word' id='word_1_91' title='bbox 1241 1400 1451 1480; x_wconf 86' lang='lat' dir='ltr'>quoad</span> <span class='ocrx_word' id='word_1_92' title='bbox 1518 1398 1655 1461; x_wconf 84' lang='lat' dir='ltr'>ﬁeri</span> <span class='ocrx_word' id='word_1_93' title='bbox 1712 1397 2097 1478; x_wconf 88' lang='lat' dir='ltr'>diligentius</span> <span class='ocrx_word' id='word_1_94' title='bbox 2137 1398 2392 1478; x_wconf 90' lang='lat' dir='ltr'>poterit,</span> <span class='ocrx_word' id='word_1_95' title='bbox 2442 1398 2810 1478; x_wconf 80' lang='lat' dir='ltr'>proximius</span> <span class='ocrx_word' id='word_1_96' title='bbox 2841 1402 3180 1482; x_wconf 91' lang='lat' dir='ltr'>attingam,</span> <span class='ocrx_word' id='word_1_97' title='bbox 3216 1402 3359 1465; x_wconf 91' lang='lat' dir='ltr'>luce</span> <span class='ocrx_word' id='word_1_98' title='bbox 3394 1405 3812 1483; x_wconf 85' lang='lat' dir='ltr'>potissimum</span> 
     </span>
    </p>
   </div>
   <div class='ocr_carea' id='block_1_11' title="bbox 544 1495 3808 1586">
    <p class='ocr_par' dir='ltr' id='par_1_11' title="bbox 544 1495 3808 1586">
     <span class='ocr_line' id='line_1_11' title="bbox 544 1495 3808 1586; baseline -0.001 -21"><span class='ocrx_word' id='word_1_99' title='bbox 544 1507 935 1586; x_wconf 75' lang='lat' dir='ltr'>prtelucente</span> <span class='ocrx_word' id='word_1_100' title='bbox 966 1499 1427 1581; x_wconf 80' lang='lat' dir='ltr'>Epistolarum,</span> <span class='ocrx_word' id='word_1_101' title='bbox 1450 1499 1589 1561; x_wconf 83' lang='lat' dir='ltr'>sive</span> <span class='ocrx_word' id='word_1_102' title='bbox 1622 1516 1782 1579; x_wconf 89' lang='lat' dir='ltr'>quas</span> <span class='ocrx_word' id='word_1_103' title='bbox 1816 1497 2131 1561; x_wconf 77' lang='lat' dir='ltr'>Batonius</span> <span class='ocrx_word' id='word_1_104' title='bbox 2164 1495 2391 1571; x_wconf 88' lang='lat' dir='ltr'>edidit,</span> <span class='ocrx_word' id='word_1_105' title='bbox 2426 1496 2566 1559; x_wconf 85' lang='lat' dir='ltr'>sive</span> <span class='ocrx_word' id='word_1_106' title='bbox 2602 1514 2765 1578; x_wconf 90' lang='lat' dir='ltr'>quas</span> <span class='ocrx_word' id='word_1_107' title='bbox 2798 1499 2969 1579; x_wconf 80' lang='lat' dir='ltr'>typis</span> <span class='ocrx_word' id='word_1_108' title='bbox 3004 1497 3285 1578; x_wconf 79' lang='lat' dir='ltr'>vulgavit</span> <span class='ocrx_word' id='word_1_109' title='bbox 3323 1501 3671 1565; x_wconf 84' lang='lat' dir='ltr'>Meursius.</span> <span class='ocrx_word' id='word_1_110' title='bbox 3716 1503 3808 1565; x_wconf 89' lang='lat' dir='ltr'>ll-</span> 
     </span>
    </p>
   </div>
   <div class='ocr_carea' id='block_1_12' title="bbox 545 1594 3808 1681">
    <p class='ocr_par' dir='ltr' id='par_1_12' title="bbox 545 1594 3808 1681">
     <span class='ocr_line' id='line_1_12' title="bbox 545 1594 3808 1681; baseline -0.001 -17"><span class='ocrx_word' id='word_1_111' title='bbox 545 1604 657 1666; x_wconf 89' lang='lat' dir='ltr'>lud</span> <span class='ocrx_word' id='word_1_112' title='bbox 711 1610 925 1665; x_wconf 90' lang='lat' dir='ltr'>autem</span> <span class='ocrx_word' id='word_1_113' title='bbox 956 1600 1023 1661; x_wconf 89' lang='lat' dir='ltr'>in</span> <span class='ocrx_word' id='word_1_114' title='bbox 1058 1600 1241 1661; x_wconf 90' lang='lat' dir='ltr'>lucro</span> <span class='ocrx_word' id='word_1_115' title='bbox 1271 1597 1495 1673; x_wconf 85' lang='lat' dir='ltr'>fuerit,</span> <span class='ocrx_word' id='word_1_116' title='bbox 1528 1596 1702 1678; x_wconf 87' lang='lat' dir='ltr'>quod</span> <span class='ocrx_word' id='word_1_117' title='bbox 1735 1596 1993 1659; x_wconf 86' lang='lat' dir='ltr'>easdem</span> <span class='ocrx_word' id='word_1_118' title='bbox 2056 1610 2173 1657; x_wconf 91' lang='lat' dir='ltr'>nos</span> <span class='ocrx_word' id='word_1_119' title='bbox 2212 1594 2529 1674; x_wconf 85' lang='lat' dir='ltr'>Epistolas</span> <span class='ocrx_word' id='word_1_120' title='bbox 2562 1595 3010 1676; x_wconf 89' lang='lat' dir='ltr'>decerpentes,</span> <span class='ocrx_word' id='word_1_121' title='bbox 3046 1608 3180 1660; x_wconf 91' lang='lat' dir='ltr'>tum</span> <span class='ocrx_word' id='word_1_122' title='bbox 3214 1598 3425 1678; x_wconf 88' lang='lat' dir='ltr'>ipsius</span> <span class='ocrx_word' id='word_1_123' title='bbox 3454 1598 3808 1681; x_wconf 65' lang='lat' dir='ltr'>&#39;l‘heoiilty-</span> 
     </span>
    </p>
   </div>
   <div class='ocr_carea' id='block_1_13' title="bbox 548 1681 3815 1779">
    <p class='ocr_par' dir='ltr' id='par_1_13' title="bbox 548 1681 3815 1779">
     <span class='ocr_line' id='line_1_13' title="bbox 548 1681 3815 1779; baseline 0 -18"><span class='ocrx_word' id='word_1_124' title='bbox 548 1700 687 1766; x_wconf 73' lang='lat' dir='ltr'>laeti</span> <span class='ocrx_word' id='word_1_125' title='bbox 722 1706 899 1778; x_wconf 82' lang='lat' dir='ltr'>gesta</span> <span class='ocrx_word' id='word_1_126' title='bbox 939 1697 1123 1773; x_wconf 86' lang='lat' dir='ltr'>plura</span> <span class='ocrx_word' id='word_1_127' title='bbox 1156 1694 1323 1757; x_wconf 90' lang='lat' dir='ltr'>scitu</span> <span class='ocrx_word' id='word_1_128' title='bbox 1356 1681 1553 1773; x_wconf 81' lang='lat' dir='ltr'>digna</span> <span class='ocrx_word' id='word_1_129' title='bbox 1582 1692 2052 1770; x_wconf 88' lang='lat' dir='ltr'>enarrabimus,</span> <span class='ocrx_word' id='word_1_130' title='bbox 2085 1701 2220 1755; x_wconf 90' lang='lat' dir='ltr'>tum</span> <span class='ocrx_word' id='word_1_131' title='bbox 2256 1692 2448 1754; x_wconf 90' lang='lat' dir='ltr'>etiam</span> <span class='ocrx_word' id='word_1_132' title='bbox 2472 1692 2873 1756; x_wconf 86' lang='lat' dir='ltr'>adducemus</span> <span class='ocrx_word' id='word_1_133' title='bbox 2918 1710 3046 1757; x_wconf 89' lang='lat' dir='ltr'>non</span> <span class='ocrx_word' id='word_1_134' title='bbox 3092 1712 3320 1775; x_wconf 87' lang='lat' dir='ltr'>pauca,</span> <span class='ocrx_word' id='word_1_135' title='bbox 3349 1712 3495 1776; x_wconf 67' lang='lat' dir='ltr'>qua)</span> <span class='ocrx_word' id='word_1_136' title='bbox 3525 1714 3625 1759; x_wconf 91' lang='lat' dir='ltr'>res</span> <span class='ocrx_word' id='word_1_137' title='bbox 3663 1697 3815 1779; x_wconf 87' lang='lat' dir='ltr'>ejus</span> 
     </span>
    </p>
   </div>
   <div class='ocr_carea' id='block_1_14' title="bbox 541 1789 1819 1871">
    <p class='ocr_par' dir='ltr' id='par_1_14' title="bbox 541 1789 1819 1871">
     <span class='ocr_line' id='line_1_14' title="bbox 541 1789 1819 1871; baseline -0.009 -10"><span class='ocrx_word' id='word_1_138' title='bbox 541 1797 659 1861; x_wconf 79' lang='lat' dir='ltr'>tevi</span> <span class='ocrx_word' id='word_1_139' title='bbox 690 1791 1437 1871; x_wconf 89' lang='lat' dir='ltr'>Constantinopolitanas</span> <span class='ocrx_word' id='word_1_140' title='bbox 1472 1789 1819 1852; x_wconf 87' lang='lat' dir='ltr'>illustrant.</span> 
     </span>
    </p>
   </div>
   <div class='ocr_carea' id='block_1_15' title="bbox 620 1884 3817 1973">
    <p class='ocr_par' dir='ltr' id='par_1_15' title="bbox 620 1884 3817 1973">
     <span class='ocr_line' id='line_1_15' title="bbox 620 1884 3817 1973; baseline -0 -21"><span class='ocrx_word' id='word_1_141' title='bbox 620 1920 647 1952; x_wconf 82' lang='grc' dir='ltr'><strong><em>α</em></strong></span> <span class='ocrx_word' id='word_1_142' title='bbox 683 1895 798 1956; x_wconf 88' lang='lat' dir='ltr'>His</span> <span class='ocrx_word' id='word_1_143' title='bbox 832 1907 984 1973; x_wconf 89' lang='lat' dir='ltr'>ergo</span> <span class='ocrx_word' id='word_1_144' title='bbox 1020 1908 1097 1953; x_wconf 83' lang='lat' dir='ltr'>ex</span> <span class='ocrx_word' id='word_1_145' title='bbox 1127 1887 1438 1965; x_wconf 89' lang='lat' dir='ltr'>Epistolis</span> <span class='ocrx_word' id='word_1_146' title='bbox 1475 1887 1690 1971; x_wconf 87' lang='lat' dir='ltr'>(verba</span> <span class='ocrx_word' id='word_1_147' title='bbox 1726 1894 1879 1950; x_wconf 91' lang='lat' dir='ltr'>sunt</span> <span class='ocrx_word' id='word_1_148' title='bbox 1908 1884 2169 1949; x_wconf 84' lang='lat' dir='ltr'>Antonii</span> <span class='ocrx_word' id='word_1_149' title='bbox 2201 1884 2375 1964; x_wconf 88' lang='lat' dir='ltr'>Pagii</span> <span class='ocrx_word' id='word_1_150' title='bbox 2399 1889 2476 1947; x_wconf 92' lang='lat' dir='ltr'>ad</span> <span class='ocrx_word' id='word_1_151' title='bbox 2508 1902 2751 1949; x_wconf 89' lang='lat' dir='ltr'>annum</span> <span class='ocrx_word' id='word_1_152' title='bbox 2787 1888 2958 1963; x_wconf 82' lang='grc'>1071,</span> <span class='ocrx_word' id='word_1_153' title='bbox 3010 1905 3193 1950; x_wconf 90' lang='lat' dir='ltr'>num.</span> <span class='ocrx_word' id='word_1_154' title='bbox 3228 1886 3403 1966; x_wconf 84' lang='lat' dir='ltr'>Xlll)</span> <span class='ocrx_word' id='word_1_155' title='bbox 3438 1891 3817 1970; x_wconf 81' lang='lat' dir='ltr'>Ducangius</span> 
     </span>
    </p>
   </div>
   <div class='ocr_carea' id='block_1_16' title="bbox 538 1982 3815 2074">
    <p class='ocr_par' dir='ltr' id='par_1_16' title="bbox 538 1982 3815 2074">
     <span class='ocr_line' id='line_1_16' title="bbox 538 1982 3815 2074; baseline -0.002 -18"><span class='ocrx_word' id='word_1_156' title='bbox 538 2008 877 2074; x_wconf 86' lang='lat' dir='ltr'>pet-peram</span> <span class='ocrx_word' id='word_1_157' title='bbox 923 1987 1188 2051; x_wconf 88' lang='lat' dir='ltr'>deducit</span> <span class='ocrx_word' id='word_1_158' title='bbox 1229 1984 1784 2066; x_wconf 86' lang='lat' dir='ltr'>TheOphylactum</span> <span class='ocrx_word' id='word_1_159' title='bbox 1835 2001 1963 2047; x_wconf 91' lang='lat' dir='ltr'>non</span> <span class='ocrx_word' id='word_1_160' title='bbox 2021 1983 2145 2047; x_wconf 89' lang='lat' dir='ltr'>sub</span> <span class='ocrx_word' id='word_1_161' title='bbox 2174 1982 2487 2046; x_wconf 87' lang='lat' dir='ltr'>Michaele</span> <span class='ocrx_word' id='word_1_162' title='bbox 2525 1986 2721 2061; x_wconf 88' lang='lat' dir='ltr'>Duca,</span> <span class='ocrx_word' id='word_1_163' title='bbox 2750 1988 2862 2049; x_wconf 92' lang='lat' dir='ltr'>sed</span> <span class='ocrx_word' id='word_1_164' title='bbox 2896 1985 3020 2049; x_wconf 92' lang='lat' dir='ltr'>sub</span> <span class='ocrx_word' id='word_1_165' title='bbox 3051 1984 3284 2050; x_wconf 78' lang='lat' dir='ltr'>Alexio</span> <span class='ocrx_word' id='word_1_166' title='bbox 3323 1988 3653 2050; x_wconf 90' lang='lat' dir='ltr'>Comneno</span> <span class='ocrx_word' id='word_1_167' title='bbox 3685 1988 3815 2051; x_wconf 81' lang='lat' dir='ltr'>ﬂo-</span> 
     </span>
    </p>
   </div>
   <div class='ocr_carea' id='block_1_17' title="bbox 538 2080 3815 2163">
    <p class='ocr_par' dir='ltr' id='par_1_17' title="bbox 538 2080 3815 2163">
     <span class='ocr_line' id='line_1_17' title="bbox 538 2080 3815 2163; baseline -0.002 -6"><span class='ocrx_word' id='word_1_168' title='bbox 538 2094 749 2157; x_wconf 85' lang='lat' dir='ltr'>ruisse</span> <span class='ocrx_word' id='word_1_169' title='bbox 786 2112 805 2153; x_wconf 90' lang='lat'><strong>:</strong></span> <span class='ocrx_word' id='word_1_170' title='bbox 837 2105 983 2151; x_wconf 88' lang='lat' dir='ltr'>cum</span> <span class='ocrx_word' id='word_1_171' title='bbox 1023 2105 1101 2149; x_wconf 89' lang='lat' dir='ltr'>ex</span> <span class='ocrx_word' id='word_1_172' title='bbox 1162 2085 1326 2147; x_wconf 91' lang='lat' dir='ltr'>libro</span> <span class='ocrx_word' id='word_1_173' title='bbox 1359 2085 1447 2145; x_wconf 85' lang='lat' dir='ltr'>De</span> <span class='ocrx_word' id='word_1_174' title='bbox 1502 2081 1908 2145; x_wconf 72' lang='lat' dir='ltr'>institutione</span> <span class='ocrx_word' id='word_1_175' title='bbox 1968 2081 2145 2159; x_wconf 83' lang='lat' dir='ltr'>regia</span> <span class='ocrx_word' id='word_1_176' title='bbox 2184 2087 2432 2143; x_wconf 88' lang='lat' dir='ltr'>constet</span> <span class='ocrx_word' id='word_1_177' title='bbox 2475 2080 3032 2163; x_wconf 79' lang='lat' dir='ltr'>TheOphylactum</span> <span class='ocrx_word' id='word_1_178' title='bbox 3090 2085 3281 2147; x_wconf 90' lang='lat' dir='ltr'>etiam</span> <span class='ocrx_word' id='word_1_179' title='bbox 3332 2084 3457 2146; x_wconf 89' lang='lat' dir='ltr'>sub</span> <span class='ocrx_word' id='word_1_180' title='bbox 3491 2085 3815 2150; x_wconf 86' lang='lat' dir='ltr'>Michaele</span> 
     </span>
    </p>
   </div>
   <div class='ocr_carea' id='block_1_18' title="bbox 534 2179 3815 2264">
    <p class='ocr_par' dir='ltr' id='par_1_18' title="bbox 534 2179 3815 2264">
     <span class='ocr_line' id='line_1_18' title="bbox 534 2179 3815 2264; baseline -0.002 -11"><span class='ocrx_word' id='word_1_181' title='bbox 534 2192 710 2253; x_wconf 87' lang='lat' dir='ltr'>Duca</span> <span class='ocrx_word' id='word_1_182' title='bbox 746 2186 1019 2250; x_wconf 80' lang='lat' dir='ltr'>vixisse.</span> <span class='ocrx_word' id='word_1_183' title='bbox 1051 2185 1402 2257; x_wconf 65' lang='lat' dir='ltr'>sQuaanam</span> <span class='ocrx_word' id='word_1_184' title='bbox 1434 2179 1975 2261; x_wconf 88' lang='lat' dir='ltr'>argumentationi</span> <span class='ocrx_word' id='word_1_185' title='bbox 2009 2196 2087 2242; x_wconf 90' lang='lat' dir='ltr'>ex</span> <span class='ocrx_word' id='word_1_186' title='bbox 2118 2180 2530 2243; x_wconf 79' lang='lat' dir='ltr'>Institutione</span> <span class='ocrx_word' id='word_1_187' title='bbox 2566 2184 2745 2261; x_wconf 82' lang='lat' dir='ltr'>regia</span> <span class='ocrx_word' id='word_1_188' title='bbox 2773 2199 2808 2245; x_wconf 89' lang='lat' dir='ltr'>a</span> <span class='ocrx_word' id='word_1_189' title='bbox 2841 2183 3033 2264; x_wconf 81' lang='lat' dir='ltr'>Pagio</span> <span class='ocrx_word' id='word_1_190' title='bbox 3065 2184 3460 2263; x_wconf 69' lang='lat' dir='ltr'>depromptae</span> <span class='ocrx_word' id='word_1_191' title='bbox 3500 2184 3594 2246; x_wconf 91' lang='lat' dir='ltr'>vis</span> <span class='ocrx_word' id='word_1_192' title='bbox 3628 2185 3815 2263; x_wconf 88' lang='lat' dir='ltr'>insit,</span> 
     </span>
    </p>
   </div>
   <div class='ocr_carea' id='block_1_19' title="bbox 539 2278 1835 2362">
    <p class='ocr_par' dir='ltr' id='par_1_19' title="bbox 539 2278 1835 2362">
     <span class='ocr_line' id='line_1_19' title="bbox 539 2278 1835 2362; baseline -0.011 -12"><span class='ocrx_word' id='word_1_193' title='bbox 539 2284 923 2350; x_wconf 84' lang='lat' dir='ltr'>accuratiori</span> <span class='ocrx_word' id='word_1_194' title='bbox 959 2298 1153 2362; x_wconf 87' lang='lat' dir='ltr'>opera</span> <span class='ocrx_word' id='word_1_195' title='bbox 1183 2278 1680 2359; x_wconf 89' lang='lat' dir='ltr'>disquirendum</span> <span class='ocrx_word' id='word_1_196' title='bbox 1715 2284 1835 2338; x_wconf 89' lang='lat' dir='ltr'>est.</span> 
     </span>
    </p>
   </div>
   <div class='ocr_carea' id='block_1_20' title="bbox 610 2376 2192 2459">
    <p class='ocr_par' dir='ltr' id='par_1_20' title="bbox 610 2384 2192 2459">
     <span class='ocr_line' id='line_1_20' title="bbox 610 2384 2192 2459; baseline -0.004 -13"><span class='ocrx_word' id='word_1_197' title='bbox 610 2386 671 2446; x_wconf 83' lang='lat'>8.</span> <span class='ocrx_word' id='word_1_198' title='bbox 708 2384 899 2445; x_wconf 87' lang='lat' dir='ltr'>Liber</span> <span class='ocrx_word' id='word_1_199' title='bbox 947 2386 1357 2458; x_wconf 86' lang='lat' dir='ltr'>nuncupatus</span> <span class='ocrx_word' id='word_1_200' title='bbox 1389 2384 1484 2439; x_wconf 87' lang='lat' dir='ltr'>est</span> <span class='ocrx_word' id='word_1_201' title='bbox 1517 2386 1661 2459; x_wconf 82' lang='grc' dir='ltr'>Πρὸς</span> <span class='ocrx_word' id='word_1_202' title='bbox 1688 2386 2192 2458; x_wconf 78' lang='grc' dir='ltr'>Πορφυρογέννητω</span> 
     </span>
    </p>
   </div>
   <div class='ocr_carea' id='block_1_21' title="bbox 2224 2376 3806 2459">
    <p class='ocr_par' dir='ltr' id='par_1_21' title="bbox 2240 2376 3806 2459">
     <span class='ocr_line' id='line_1_21' title="bbox 2240 2376 3806 2459; baseline -0.001 -18"><span class='ocrx_word' id='word_1_203' title='bbox 2240 2387 2685 2453; x_wconf 78' lang='grc' dir='ltr'>Κωνστανττνον,</span> <span class='ocrx_word' id='word_1_204' title='bbox 2717 2376 2800 2439; x_wconf 87' lang='lat' dir='ltr'>ad</span> <span class='ocrx_word' id='word_1_205' title='bbox 2830 2376 3319 2440; x_wconf 86' lang='lat' dir='ltr'>Constantinum</span> <span class='ocrx_word' id='word_1_206' title='bbox 3354 2377 3806 2459; x_wconf 80' lang='lat' dir='ltr'>Porphyroge-</span> 
     </span>
    </p>
   </div>
   <div class='ocr_carea' id='block_1_22' title="bbox 530 2473 3819 2554">
    <p class='ocr_par' dir='ltr' id='par_1_22' title="bbox 530 2473 3819 2554">
     <span class='ocr_line' id='line_1_22' title="bbox 530 2473 3819 2554; baseline -0.001 -12"><span class='ocrx_word' id='word_1_207' title='bbox 530 2482 757 2543; x_wconf 85' lang='lat' dir='ltr'>nitum.</span> <span class='ocrx_word' id='word_1_208' title='bbox 792 2480 851 2539; x_wconf 89' lang='lat' dir='ltr'>ls</span> <span class='ocrx_word' id='word_1_209' title='bbox 876 2475 1209 2539; x_wconf 83' lang='lat' dir='ltr'>Michaelis</span> <span class='ocrx_word' id='word_1_210' title='bbox 1245 2478 1440 2536; x_wconf 62' lang='lat' dir='ltr'>Ducat</span> <span class='ocrx_word' id='word_1_211' title='bbox 1469 2482 1531 2536; x_wconf 91' lang='lat' dir='ltr'>et</span> <span class='ocrx_word' id='word_1_212' title='bbox 1562 2474 1801 2549; x_wconf 76' lang='lat' dir='ltr'>Marite,</span> <span class='ocrx_word' id='word_1_213' title='bbox 1834 2492 1913 2537; x_wconf 88' lang='lat' dir='ltr'>ex</span> <span class='ocrx_word' id='word_1_214' title='bbox 1952 2474 2195 2537; x_wconf 83' lang='lat' dir='ltr'>Alaniae</span> <span class='ocrx_word' id='word_1_215' title='bbox 2217 2492 2335 2538; x_wconf 87' lang='lat' dir='ltr'>seu</span> <span class='ocrx_word' id='word_1_216' title='bbox 2366 2476 2595 2538; x_wconf 61' lang='lat' dir='ltr'>Iberia;</span> <span class='ocrx_word' id='word_1_217' title='bbox 2624 2474 2887 2554; x_wconf 85' lang='lat' dir='ltr'>regibus</span> <span class='ocrx_word' id='word_1_218' title='bbox 2909 2483 3084 2550; x_wconf 70' lang='lat' dir='ltr'>sata),</span> <span class='ocrx_word' id='word_1_219' title='bbox 3115 2473 3288 2537; x_wconf 89' lang='lat' dir='ltr'>ﬁlius</span> <span class='ocrx_word' id='word_1_220' title='bbox 3314 2481 3469 2546; x_wconf 90' lang='lat' dir='ltr'>erat,</span> <span class='ocrx_word' id='word_1_221' title='bbox 3495 2492 3666 2538; x_wconf 91' lang='lat' dir='ltr'>anno</span> <span class='ocrx_word' id='word_1_222' title='bbox 3687 2477 3819 2539; x_wconf 87' lang='lat' dir='ltr'>cir-</span> 
     </span>
    </p>
   </div>
   <div class='ocr_carea' id='block_1_23' title="bbox 528 2571 3810 2651">
    <p class='ocr_par' dir='ltr' id='par_1_23' title="bbox 528 2571 3810 2651">
     <span class='ocr_line' id='line_1_23' title="bbox 528 2571 3810 2651; baseline -0.002 -10"><span class='ocrx_word' id='word_1_223' title='bbox 528 2578 689 2642; x_wconf 87' lang='lat' dir='ltr'>citer</span> <span class='ocrx_word' id='word_1_224' title='bbox 720 2574 872 2638; x_wconf 61' lang='lat' dir='ltr'>107&#39;s</span> <span class='ocrx_word' id='word_1_225' title='bbox 905 2580 1113 2635; x_wconf 82' lang='lat' dir='ltr'>natus.</span> <span class='ocrx_word' id='word_1_226' title='bbox 1148 2574 1609 2651; x_wconf 85' lang='lat' dir='ltr'>Despopsatam</span> <span class='ocrx_word' id='word_1_227' title='bbox 1640 2571 1851 2633; x_wconf 87' lang='lat' dir='ltr'>eidem</span> <span class='ocrx_word' id='word_1_228' title='bbox 1875 2573 2183 2635; x_wconf 88' lang='lat' dir='ltr'>Helenam</span> <span class='ocrx_word' id='word_1_229' title='bbox 2215 2571 2474 2635; x_wconf 86' lang='lat' dir='ltr'>Roberti</span> <span class='ocrx_word' id='word_1_230' title='bbox 2511 2571 2849 2633; x_wconf 88' lang='lat' dir='ltr'>Guiscardi</span> <span class='ocrx_word' id='word_1_231' title='bbox 2874 2571 3091 2645; x_wconf 90' lang='lat' dir='ltr'>ﬁliam,</span> <span class='ocrx_word' id='word_1_232' title='bbox 3126 2580 3385 2633; x_wconf 88' lang='lat' dir='ltr'>narrant</span> <span class='ocrx_word' id='word_1_233' title='bbox 3418 2571 3810 2651; x_wconf 87' lang='lat' dir='ltr'>scriptores:</span> 
     </span>
    </p>
   </div>
   <div class='ocr_carea' id='block_1_24' title="bbox 532 2667 3816 2748">
    <p class='ocr_par' dir='ltr' id='par_1_24' title="bbox 532 2667 3816 2748">
     <span class='ocr_line' id='line_1_24' title="bbox 532 2667 3816 2748; baseline -0.002 -13"><span class='ocrx_word' id='word_1_234' title='bbox 532 2684 593 2735; x_wconf 92' lang='lat' dir='ltr'>et</span> <span class='ocrx_word' id='word_1_235' title='bbox 626 2688 867 2735; x_wconf 89' lang='lat' dir='ltr'>annum</span> <span class='ocrx_word' id='word_1_236' title='bbox 923 2671 1076 2732; x_wconf 85' lang='lat' dir='ltr'><strong>t077</strong></span> <span class='ocrx_word' id='word_1_237' title='bbox 1106 2668 1327 2731; x_wconf 90' lang='lat' dir='ltr'>deﬁnit</span> <span class='ocrx_word' id='word_1_238' title='bbox 1364 2670 1577 2745; x_wconf 88' lang='lat' dir='ltr'>Lupus</span> <span class='ocrx_word' id='word_1_239' title='bbox 1623 2670 2062 2748; x_wconf 83' lang='lat' dir='ltr'>Protospatha.</span> <span class='ocrx_word' id='word_1_240' title='bbox 2097 2672 2245 2731; x_wconf 73' lang='lat' dir='ltr'>Beate</span> <span class='ocrx_word' id='word_1_241' title='bbox 2280 2669 2538 2747; x_wconf 87' lang='lat' dir='ltr'>abrupit</span> <span class='ocrx_word' id='word_1_242' title='bbox 2579 2667 2996 2730; x_wconf 91' lang='lat' dir='ltr'>connubialia</span> <span class='ocrx_word' id='word_1_243' title='bbox 3031 2675 3205 2746; x_wconf 86' lang='lat' dir='ltr'>pacta</span> <span class='ocrx_word' id='word_1_244' title='bbox 3248 2667 3654 2747; x_wconf 87' lang='lat' dir='ltr'>Nicephorus</span> <span class='ocrx_word' id='word_1_245' title='bbox 3687 2670 3816 2731; x_wconf 82' lang='lat' dir='ltr'>Bo-</span> 
     </span>
    </p>
   </div>
   <div class='ocr_carea' id='block_1_25' title="bbox 532 2765 3810 2848">
    <p class='ocr_par' dir='ltr' id='par_1_25' title="bbox 532 2765 3810 2848">
     <span class='ocr_line' id='line_1_25' title="bbox 532 2765 3810 2848; baseline -0.001 -17"><span class='ocrx_word' id='word_1_246' title='bbox 532 2770 796 2841; x_wconf 89' lang='lat' dir='ltr'>toniata,</span> <span class='ocrx_word' id='word_1_247' title='bbox 831 2767 941 2848; x_wconf 86' lang='lat' dir='ltr'>qui</span> <span class='ocrx_word' id='word_1_248' title='bbox 1004 2781 1173 2829; x_wconf 89' lang='lat' dir='ltr'>anno</span> <span class='ocrx_word' id='word_1_249' title='bbox 1236 2765 1390 2827; x_wconf 86' lang='lat'>1078</span> <span class='ocrx_word' id='word_1_250' title='bbox 1440 2766 1778 2843; x_wconf 87' lang='lat' dir='ltr'>usurpavit</span> <span class='ocrx_word' id='word_1_251' title='bbox 1816 2766 2190 2844; x_wconf 89' lang='lat' dir='ltr'>imperium,</span> <span class='ocrx_word' id='word_1_252' title='bbox 2225 2766 2541 2828; x_wconf 84' lang='lat' dir='ltr'>Michaele</span> <span class='ocrx_word' id='word_1_253' title='bbox 2580 2765 2944 2838; x_wconf 84' lang='lat' dir='ltr'>deturbate,</span> <span class='ocrx_word' id='word_1_254' title='bbox 2986 2765 3391 2845; x_wconf 89' lang='lat' dir='ltr'>remissaque</span> <span class='ocrx_word' id='word_1_255' title='bbox 3444 2768 3518 2827; x_wconf 89' lang='lat' dir='ltr'>ad</span> <span class='ocrx_word' id='word_1_256' title='bbox 3557 2777 3810 2844; x_wconf 81' lang='lat' dir='ltr'>patrem</span> 
     </span>
    </p>
   </div>
   <div class='ocr_carea' id='block_1_26' title="bbox 528 2860 3810 2943">
    <p class='ocr_par' dir='ltr' id='par_1_26' title="bbox 528 2860 3810 2943">
     <span class='ocr_line' id='line_1_26' title="bbox 528 2860 3810 2943; baseline 0 -14"><span class='ocrx_word' id='word_1_257' title='bbox 528 2867 803 2939; x_wconf 80' lang='lat' dir='ltr'>Helena,</span> <span class='ocrx_word' id='word_1_258' title='bbox 842 2881 986 2943; x_wconf 68' lang='lat' dir='ltr'>quae</span> <span class='ocrx_word' id='word_1_259' title='bbox 1041 2860 1696 2941; x_wconf 86' lang='lat' dir='ltr'>ConstantinOpolim,</span> <span class='ocrx_word' id='word_1_260' title='bbox 1752 2862 1862 2924; x_wconf 90' lang='lat' dir='ltr'>ubi</span> <span class='ocrx_word' id='word_1_261' title='bbox 1916 2864 2317 2925; x_wconf 88' lang='lat' dir='ltr'>adolesceret</span> <span class='ocrx_word' id='word_1_262' title='bbox 2360 2870 2420 2925; x_wconf 91' lang='lat' dir='ltr'>et</span> <span class='ocrx_word' id='word_1_263' title='bbox 2458 2861 2869 2925; x_wconf 86' lang='lat' dir='ltr'>excoleretur</span> <span class='ocrx_word' id='word_1_264' title='bbox 2921 2862 2988 2923; x_wconf 92' lang='lat' dir='ltr'>in</span> <span class='ocrx_word' id='word_1_265' title='bbox 3038 2863 3211 2936; x_wconf 90' lang='lat' dir='ltr'>aula,</span> <span class='ocrx_word' id='word_1_266' title='bbox 3252 2865 3521 2926; x_wconf 87' lang='lat' dir='ltr'>adducta</span> <span class='ocrx_word' id='word_1_267' title='bbox 3570 2862 3810 2930; x_wconf 85' lang='lat' dir='ltr'>fuerat.</span> 
     </span>
    </p>
   </div>
   <div class='ocr_carea' id='block_1_27' title="bbox 529 2957 3811 3040">
    <p class='ocr_par' dir='ltr' id='par_1_27' title="bbox 529 2957 3811 3040">
     <span class='ocr_line' id='line_1_27' title="bbox 529 2957 3811 3040; baseline -0.002 -12"><span class='ocrx_word' id='word_1_268' title='bbox 529 2967 602 3028; x_wconf 87' lang='lat' dir='ltr'>In</span> <span class='ocrx_word' id='word_1_269' title='bbox 633 2960 1026 3025; x_wconf 89' lang='lat' dir='ltr'>monasterio</span> <span class='ocrx_word' id='word_1_270' title='bbox 1074 2957 1376 3021; x_wconf 83' lang='lat' dir='ltr'>Studensi</span> <span class='ocrx_word' id='word_1_271' title='bbox 1438 2959 1673 3022; x_wconf 81' lang='lat' dir='ltr'>reclusi</span> <span class='ocrx_word' id='word_1_272' title='bbox 1712 2962 1982 3040; x_wconf 86' lang='lat' dir='ltr'>agebant</span> <span class='ocrx_word' id='word_1_273' title='bbox 2043 2959 2312 3022; x_wconf 80' lang='lat' dir='ltr'>Michael</span> <span class='ocrx_word' id='word_1_274' title='bbox 2368 2966 2430 3022; x_wconf 90' lang='lat' dir='ltr'>et</span> <span class='ocrx_word' id='word_1_275' title='bbox 2490 2975 2655 3022; x_wconf 91' lang='lat' dir='ltr'>uxor</span> <span class='ocrx_word' id='word_1_276' title='bbox 2701 2958 2928 3033; x_wconf 87' lang='lat' dir='ltr'>Maria,</span> <span class='ocrx_word' id='word_1_277' title='bbox 2964 2968 3027 3021; x_wconf 90' lang='lat' dir='ltr'>et</span> <span class='ocrx_word' id='word_1_278' title='bbox 3072 2960 3539 3023; x_wconf 86' lang='lat' dir='ltr'>Constantinus</span> <span class='ocrx_word' id='word_1_279' title='bbox 3578 2960 3756 3025; x_wconf 89' lang='lat' dir='ltr'>ﬁlius</span> <span class='ocrx_word' id='word_1_280' title='bbox 3793 2983 3811 3023; x_wconf 89' lang='lat'><strong>:</strong></span> 
     </span>
    </p>
   </div>
   <div class='ocr_carea' id='block_1_28' title="bbox 528 3055 3813 3139">
    <p class='ocr_par' dir='ltr' id='par_1_28' title="bbox 528 3055 3813 3139">
     <span class='ocr_line' id='line_1_28' title="bbox 528 3055 3813 3139; baseline -0.001 -14"><span class='ocrx_word' id='word_1_281' title='bbox 528 3060 881 3125; x_wconf 91' lang='lat' dir='ltr'>cumidem</span> <span class='ocrx_word' id='word_1_282' title='bbox 926 3057 1222 3132; x_wconf 83' lang='lat' dir='ltr'>Michael,</span> <span class='ocrx_word' id='word_1_283' title='bbox 1256 3056 1547 3120; x_wconf 90' lang='lat' dir='ltr'>detonsis</span> <span class='ocrx_word' id='word_1_284' title='bbox 1581 3059 1859 3138; x_wconf 81' lang='lat' dir='ltr'>capillis,</span> <span class='ocrx_word' id='word_1_285' title='bbox 1890 3059 2126 3139; x_wconf 83' lang='lat' dir='ltr'>Ephesi</span> <span class='ocrx_word' id='word_1_286' title='bbox 2180 3055 2589 3137; x_wconf 89' lang='lat' dir='ltr'>metropolita</span> <span class='ocrx_word' id='word_1_287' title='bbox 2621 3056 3077 3130; x_wconf 86' lang='lat' dir='ltr'>renuntiatur;</span> <span class='ocrx_word' id='word_1_288' title='bbox 3116 3074 3186 3119; x_wconf 90' lang='lat' dir='ltr'>ac</span> <span class='ocrx_word' id='word_1_289' title='bbox 3216 3058 3510 3131; x_wconf 85' lang='lat' dir='ltr'>Mariam,</span> <span class='ocrx_word' id='word_1_290' title='bbox 3545 3058 3813 3123; x_wconf 86' lang='lat' dir='ltr'>calcatis</span> 
     </span>
    </p>
   </div>
   <div class='ocr_carea' id='block_1_29' title="bbox 526 3151 3814 3239">
    <p class='ocr_par' dir='ltr' id='par_1_29' title="bbox 526 3151 3814 3239">
     <span class='ocr_line' id='line_1_29' title="bbox 526 3151 3814 3239; baseline -0.001 -17"><span class='ocrx_word' id='word_1_291' title='bbox 526 3159 833 3222; x_wconf 78' lang='lat' dir='ltr'>Ecclesim</span> <span class='ocrx_word' id='word_1_292' title='bbox 864 3157 1139 3235; x_wconf 89' lang='lat' dir='ltr'>legibus,</span> <span class='ocrx_word' id='word_1_293' title='bbox 1174 3171 1442 3217; x_wconf 88' lang='lat' dir='ltr'>uxorem</span> <span class='ocrx_word' id='word_1_294' title='bbox 1477 3157 1808 3218; x_wconf 87' lang='lat' dir='ltr'>Botoniata</span> <span class='ocrx_word' id='word_1_295' title='bbox 1839 3156 1966 3219; x_wconf 85' lang='lat' dir='ltr'>sibi</span> <span class='ocrx_word' id='word_1_296' title='bbox 2048 3154 2411 3236; x_wconf 86' lang='lat' dir='ltr'>cepulavit;</span> <span class='ocrx_word' id='word_1_297' title='bbox 2450 3152 2728 3233; x_wconf 88' lang='lat' dir='ltr'>ejusque</span> <span class='ocrx_word' id='word_1_298' title='bbox 2762 3151 2970 3216; x_wconf 88' lang='lat' dir='ltr'>ﬁlium</span> <span class='ocrx_word' id='word_1_299' title='bbox 3010 3154 3507 3217; x_wconf 87' lang='lat' dir='ltr'>Constantinum</span> <span class='ocrx_word' id='word_1_300' title='bbox 3544 3155 3814 3239; x_wconf 77' lang='lat' dir='ltr'>reduxit</span> 
     </span>
    </p>
   </div>
   <div class='ocr_carea' id='block_1_30' title="bbox 526 3248 3811 3338">
    <p class='ocr_par' dir='ltr' id='par_1_30' title="bbox 526 3248 3811 3338">
     <span class='ocr_line' id='line_1_30' title="bbox 526 3248 3811 3338; baseline -0.001 -22"><span class='ocrx_word' id='word_1_301' title='bbox 526 3255 595 3319; x_wconf 89' lang='lat' dir='ltr'>in</span> <span class='ocrx_word' id='word_1_302' title='bbox 657 3255 989 3335; x_wconf 87' lang='lat' dir='ltr'>palatium.</span> <span class='ocrx_word' id='word_1_303' title='bbox 1027 3252 1395 3338; x_wconf 37' lang='lat' dir='ltr'>&#39;lmpcrium</span> <span class='ocrx_word' id='word_1_304' title='bbox 1438 3261 1790 3332; x_wconf 86' lang='lat' dir='ltr'>occupante</span> <span class='ocrx_word' id='word_1_305' title='bbox 1842 3253 2071 3316; x_wconf 79' lang='lat' dir='ltr'>Alexio</span> <span class='ocrx_word' id='word_1_306' title='bbox 2127 3254 2459 3314; x_wconf 87' lang='lat' dir='ltr'>Comneno</span> <span class='ocrx_word' id='word_1_307' title='bbox 2518 3266 2688 3312; x_wconf 88' lang='lat' dir='ltr'>anno</span> <span class='ocrx_word' id='word_1_308' title='bbox 2724 3248 2876 3313; x_wconf 87' lang='grc'>1081</span> <span class='ocrx_word' id='word_1_309' title='bbox 2930 3250 3145 3314; x_wconf 90' lang='lat' dir='ltr'>dictus</span> <span class='ocrx_word' id='word_1_310' title='bbox 3180 3260 3275 3314; x_wconf 90' lang='lat' dir='ltr'>est</span> <span class='ocrx_word' id='word_1_311' title='bbox 3335 3252 3811 3314; x_wconf 89' lang='lat' dir='ltr'>Constantinus</span> 
     </span>
    </p>
   </div>
   <div class='ocr_carea' id='block_1_31' title="bbox 528 3348 3815 3432">
    <p class='ocr_par' dir='ltr' id='par_1_31' title="bbox 528 3348 3815 3432">
     <span class='ocr_line' id='line_1_31' title="bbox 528 3348 3815 3432; baseline 0 -22"><span class='ocrx_word' id='word_1_312' title='bbox 528 3374 558 3410; x_wconf 71' lang='grc' dir='ltr'><strong><em>α</em></strong></span> <span class='ocrx_word' id='word_1_313' title='bbox 594 3353 911 3432; x_wconf 89' lang='lat' dir='ltr'>particeps</span> <span class='ocrx_word' id='word_1_314' title='bbox 937 3351 1218 3429; x_wconf 88' lang='lat' dir='ltr'>imperii,</span> <span class='ocrx_word' id='word_1_315' title='bbox 1256 3372 1284 3405; x_wconf 81' lang='grc'>»</span> <span class='ocrx_word' id='word_1_316' title='bbox 1322 3357 1388 3410; x_wconf 92' lang='lat' dir='ltr'>ut</span> <span class='ocrx_word' id='word_1_317' title='bbox 1426 3349 1513 3410; x_wconf 88' lang='lat' dir='ltr'>ait</span> <span class='ocrx_word' id='word_1_318' title='bbox 1538 3353 1721 3412; x_wconf 86' lang='lat' dir='ltr'>Anna</span> <span class='ocrx_word' id='word_1_319' title='bbox 1753 3350 2077 3413; x_wconf 88' lang='lat' dir='ltr'>Comnena</span> <span class='ocrx_word' id='word_1_320' title='bbox 2115 3349 2277 3410; x_wconf 92' lang='lat' dir='ltr'>libro</span> <span class='ocrx_word' id='word_1_321' title='bbox 2333 3366 2404 3409; x_wconf 84' lang='lat' dir='ltr'>tu</span> <span class='ocrx_word' id='word_1_322' title='bbox 2434 3348 2801 3421; x_wconf 72' lang='lat' dir='ltr'>Alexiados,</span> <span class='ocrx_word' id='word_1_323' title='bbox 2832 3370 2861 3405; x_wconf 72' lang='grc' dir='ltr'><strong><em>σι</em></strong></span> <span class='ocrx_word' id='word_1_324' title='bbox 2892 3358 3087 3425; x_wconf 87' lang='lat' dir='ltr'>atque</span> <span class='ocrx_word' id='word_1_325' title='bbox 3119 3348 3281 3410; x_wconf 85' lang='lat' dir='ltr'>adeo</span> <span class='ocrx_word' id='word_1_326' title='bbox 3307 3348 3518 3409; x_wconf 88' lang='lat' dir='ltr'>rubris</span> <span class='ocrx_word' id='word_1_327' title='bbox 3538 3348 3815 3411; x_wconf 85' lang='lat' dir='ltr'>cothur-</span> 
     </span>
    </p>
   </div>
   <div class='ocr_carea' id='block_1_32' title="bbox 526 3444 3811 3526">
    <p class='ocr_par' dir='ltr' id='par_1_32' title="bbox 526 3444 3811 3526">
     <span class='ocr_line' id='line_1_32' title="bbox 526 3444 3811 3526; baseline -0.001 -15"><span class='ocrx_word' id='word_1_328' title='bbox 526 3450 627 3512; x_wconf 87' lang='lat' dir='ltr'>nis</span> <span class='ocrx_word' id='word_1_329' title='bbox 658 3458 971 3512; x_wconf 85' lang='lat' dir='ltr'>etcorona</span> <span class='ocrx_word' id='word_1_330' title='bbox 1004 3446 1345 3526; x_wconf 85' lang='lat' dir='ltr'>Augustali</span> <span class='ocrx_word' id='word_1_331' title='bbox 1368 3446 1686 3520; x_wconf 89' lang='lat' dir='ltr'>utebatur,</span> <span class='ocrx_word' id='word_1_332' title='bbox 1712 3457 1771 3509; x_wconf 91' lang='lat' dir='ltr'>et</span> <span class='ocrx_word' id='word_1_333' title='bbox 1801 3465 2034 3509; x_wconf 86' lang='lat' dir='ltr'>nomen</span> <span class='ocrx_word' id='word_1_334' title='bbox 2067 3446 2206 3525; x_wconf 86' lang='lat' dir='ltr'>ejus</span> <span class='ocrx_word' id='word_1_335' title='bbox 2237 3463 2381 3509; x_wconf 87' lang='lat' dir='ltr'>cum</span> <span class='ocrx_word' id='word_1_336' title='bbox 2404 3444 2612 3507; x_wconf 86' lang='lat' dir='ltr'>Alexii</span> <span class='ocrx_word' id='word_1_337' title='bbox 2646 3446 2905 3507; x_wconf 89' lang='lat' dir='ltr'>nomine</span> <span class='ocrx_word' id='word_1_338' title='bbox 2933 3444 3512 3526; x_wconf 65' lang='lat' dir='ltr'>proclamabatur.»</span> <span class='ocrx_word' id='word_1_339' title='bbox 3547 3446 3625 3507; x_wconf 86' lang='lat' dir='ltr'>At</span> <span class='ocrx_word' id='word_1_340' title='bbox 3650 3464 3811 3509; x_wconf 78' lang='lat' dir='ltr'>vero</span> 
     </span>
    </p>
   </div>
   <div class='ocr_carea' id='block_1_33' title="bbox 528 3542 3809 3624">
    <p class='ocr_par' dir='ltr' id='par_1_33' title="bbox 528 3542 3809 3624">
     <span class='ocr_line' id='line_1_33' title="bbox 528 3542 3809 3624; baseline 0.001 -21"><span class='ocrx_word' id='word_1_341' title='bbox 528 3569 556 3603; x_wconf 76' lang='grc' dir='ltr'><strong>ε</strong></span> <span class='ocrx_word' id='word_1_342' title='bbox 593 3546 793 3607; x_wconf 77' lang='lat' dir='ltr'>Maria</span> <span class='ocrx_word' id='word_1_343' title='bbox 828 3544 1106 3606; x_wconf 90' lang='lat' dir='ltr'>excessit</span> <span class='ocrx_word' id='word_1_344' title='bbox 1136 3544 1393 3621; x_wconf 87' lang='lat' dir='ltr'>palatio,</span> <span class='ocrx_word' id='word_1_345' title='bbox 1437 3544 1867 3624; x_wconf 82' lang='lat' dir='ltr'>migravit‘que</span> <span class='ocrx_word' id='word_1_346' title='bbox 1902 3543 1967 3605; x_wconf 91' lang='lat' dir='ltr'>in</span> <span class='ocrx_word' id='word_1_347' title='bbox 2002 3544 2172 3605; x_wconf 69' lang='lat' dir='ltr'>aedes</span> <span class='ocrx_word' id='word_1_348' title='bbox 2204 3561 2237 3604; x_wconf 88' lang='lat' dir='ltr'>a</span> <span class='ocrx_word' id='word_1_349' title='bbox 2280 3543 2701 3605; x_wconf 90' lang='lat' dir='ltr'>Constantino</span> <span class='ocrx_word' id='word_1_350' title='bbox 2730 3542 3161 3605; x_wconf 86' lang='lat' dir='ltr'>Monomacho</span> <span class='ocrx_word' id='word_1_351' title='bbox 3196 3543 3585 3623; x_wconf 82' lang='lat' dir='ltr'>imperatore</span> <span class='ocrx_word' id='word_1_352' title='bbox 3638 3562 3809 3607; x_wconf 91' lang='lat' dir='ltr'>con-</span> 
     </span>
    </p>
   </div>
   <div class='ocr_carea' id='block_1_34' title="bbox 525 3638 3807 3721">
    <p class='ocr_par' dir='ltr' id='par_1_34' title="bbox 525 3638 3807 3721">
     <span class='ocr_line' id='line_1_34' title="bbox 525 3638 3807 3721; baseline -0.003 -15"><span class='ocrx_word' id='word_1_353' title='bbox 525 3652 800 3705; x_wconf 88' lang='lat' dir='ltr'>structas</span> <span class='ocrx_word' id='word_1_354' title='bbox 823 3657 1020 3721; x_wconf 87' lang='lat' dir='ltr'>prOpe</span> <span class='ocrx_word' id='word_1_355' title='bbox 1051 3642 1365 3720; x_wconf 85' lang='lat' dir='ltr'>templum</span> <span class='ocrx_word' id='word_1_356' title='bbox 1398 3642 1611 3721; x_wconf 88' lang='lat' dir='ltr'>magni</span> <span class='ocrx_word' id='word_1_357' title='bbox 1650 3643 1950 3721; x_wconf 77' lang='lat' dir='ltr'>martyris</span> <span class='ocrx_word' id='word_1_358' title='bbox 1970 3639 2256 3719; x_wconf 87' lang='lat' dir='ltr'>Georgii,</span> <span class='ocrx_word' id='word_1_359' title='bbox 2282 3656 2427 3718; x_wconf 86' lang='lat' dir='ltr'>quae</span> <span class='ocrx_word' id='word_1_360' title='bbox 2462 3640 2685 3719; x_wconf 89' lang='lat' dir='ltr'>lingua</span> <span class='ocrx_word' id='word_1_361' title='bbox 2707 3638 2958 3719; x_wconf 89' lang='lat' dir='ltr'>vulgari</span> <span class='ocrx_word' id='word_1_362' title='bbox 2982 3640 3302 3720; x_wconf 87' lang='lat' dir='ltr'>Mangana</span> <span class='ocrx_word' id='word_1_363' title='bbox 3329 3638 3461 3702; x_wconf 90' lang='lat' dir='ltr'>dici</span> <span class='ocrx_word' id='word_1_364' title='bbox 3491 3639 3746 3703; x_wconf 88' lang='lat' dir='ltr'>solent:</span> <span class='ocrx_word' id='word_1_365' title='bbox 3775 3662 3807 3696; x_wconf 71' lang='grc' dir='ltr'><strong>ι</strong></span> 
     </span>
    </p>
   </div>
   <div class='ocr_carea' id='block_1_35' title="bbox 524 3734 3234 3818">
    <p class='ocr_par' dir='ltr' id='par_1_35' title="bbox 524 3734 3234 3818">
     <span class='ocr_line' id='line_1_35' title="bbox 524 3734 3234 3818; baseline -0.001 -17"><span class='ocrx_word' id='word_1_366' title='bbox 524 3741 635 3802; x_wconf 90' lang='lat' dir='ltr'>ubi</span> <span class='ocrx_word' id='word_1_367' title='bbox 672 3740 1001 3818; x_wconf 89' lang='lat' dir='ltr'>reliquum</span> <span class='ocrx_word' id='word_1_368' title='bbox 1031 3739 1175 3799; x_wconf 71' lang='lat' dir='ltr'>vitat</span> <span class='ocrx_word' id='word_1_369' title='bbox 1214 3738 1383 3799; x_wconf 90' lang='lat' dir='ltr'>inter</span> <span class='ocrx_word' id='word_1_370' title='bbox 1423 3738 1951 3800; x_wconf 85' lang='lat' dir='ltr'>sanetimoniales</span> <span class='ocrx_word' id='word_1_371' title='bbox 1984 3738 2225 3815; x_wconf 81' lang='lat' dir='ltr'>exegit,</span> <span class='ocrx_word' id='word_1_372' title='bbox 2266 3737 2527 3814; x_wconf 87' lang='lat' dir='ltr'>vitaque</span> <span class='ocrx_word' id='word_1_373' title='bbox 2568 3736 2823 3798; x_wconf 90' lang='lat' dir='ltr'>mortali</span> <span class='ocrx_word' id='word_1_374' title='bbox 2864 3734 3234 3799; x_wconf 85' lang='lat' dir='ltr'>functa&#39;est.</span> 
     </span>
    </p>
   </div>
   <div class='ocr_carea' id='block_1_36' title="bbox 603 3832 3807 3921">
    <p class='ocr_par' dir='ltr' id='par_1_36' title="bbox 603 3832 3807 3921">
     <span class='ocr_line' id='line_1_36' title="bbox 603 3832 3807 3921; baseline -0.001 -22"><span class='ocrx_word' id='word_1_375' title='bbox 603 3839 754 3899; x_wconf 65' lang='lat' dir='ltr'>Haec</span> <span class='ocrx_word' id='word_1_376' title='bbox 787 3836 1002 3898; x_wconf 64' lang='lat' dir='ltr'>Maria:</span> <span class='ocrx_word' id='word_1_377' title='bbox 1057 3834 1181 3896; x_wconf 81' lang='lat' dir='ltr'>fata</span> <span class='ocrx_word' id='word_1_378' title='bbox 1236 3835 1545 3897; x_wconf 84' lang='lat' dir='ltr'>describit</span> <span class='ocrx_word' id='word_1_379' title='bbox 1583 3836 1772 3921; x_wconf 78' lang='lat' dir='ltr'>Regia</span> <span class='ocrx_word' id='word_1_380' title='bbox 1804 3836 1866 3895; x_wconf 87' lang='lat' dir='ltr'>in</span> <span class='ocrx_word' id='word_1_381' title='bbox 1912 3834 2318 3894; x_wconf 83' lang='lat' dir='ltr'>Institutione</span> <span class='ocrx_word' id='word_1_382' title='bbox 2365 3832 2922 3912; x_wconf 72' lang='lat' dir='ltr'>TheOphylactus;</span> <span class='ocrx_word' id='word_1_383' title='bbox 2954 3834 3130 3896; x_wconf 89' lang='lat' dir='ltr'>unde</span> <span class='ocrx_word' id='word_1_384' title='bbox 3182 3832 3513 3911; x_wconf 85' lang='lat' dir='ltr'>colligitur</span> <span class='ocrx_word' id='word_1_385' title='bbox 3560 3833 3807 3911; x_wconf 87' lang='lat' dir='ltr'>primo,</span> 
     </span>
    </p>
   </div>
   <div class='ocr_carea' id='block_1_37' title="bbox 524 3929 3812 4014">
    <p class='ocr_par' dir='ltr' id='par_1_37' title="bbox 524 3929 3812 4014">
     <span class='ocr_line' id='line_1_37' title="bbox 524 3929 3812 4014; baseline -0.002 -16"><span class='ocrx_word' id='word_1_386' title='bbox 524 3953 689 4014; x_wconf 82' lang='lat' dir='ltr'>epos</span> <span class='ocrx_word' id='word_1_387' title='bbox 723 3934 895 3995; x_wconf 89' lang='lat' dir='ltr'>istud</span> <span class='ocrx_word' id='word_1_388' title='bbox 934 3933 1199 3995; x_wconf 87' lang='lat' dir='ltr'>nonnisi</span> <span class='ocrx_word' id='word_1_389' title='bbox 1226 3933 1348 3993; x_wconf 83' lang='lat' dir='ltr'>sub</span> <span class='ocrx_word' id='word_1_390' title='bbox 1393 3931 1620 3995; x_wconf 87' lang='lat' dir='ltr'>Alexio</span> <span class='ocrx_word' id='word_1_391' title='bbox 1653 3935 1983 3995; x_wconf 86' lang='lat' dir='ltr'>(‘omneno</span> <span class='ocrx_word' id='word_1_392' title='bbox 2036 3931 2395 4009; x_wconf 86' lang='lat' dir='ltr'>imperante</span> <span class='ocrx_word' id='word_1_393' title='bbox 2453 3930 2795 4013; x_wconf 16' lang='lat' dir='ltr'>vulgatum;</span> <span class='ocrx_word' id='word_1_394' title='bbox 2832 3946 2867 3991; x_wconf 92' lang='lat' dir='ltr'>a</span> <span class='ocrx_word' id='word_1_395' title='bbox 2915 3930 3402 4010; x_wconf 68' lang='lat' dir='ltr'>Theephylacto</span> <span class='ocrx_word' id='word_1_396' title='bbox 3435 3929 3645 3993; x_wconf 87' lang='lat' dir='ltr'>fuisse</span> <span class='ocrx_word' id='word_1_397' title='bbox 3680 3952 3695 3990; x_wconf 88' lang='lat'><strong>:</strong></span> <span class='ocrx_word' id='word_1_398' title='bbox 3731 3946 3812 3993; x_wconf 87' lang='lat' dir='ltr'>ac</span> 
     </span>
    </p>
   </div>
   <div class='ocr_carea' id='block_1_38' title="bbox 523 4025 3812 4107">
    <p class='ocr_par' dir='ltr' id='par_1_38' title="bbox 523 4025 3812 4107">
     <span class='ocr_line' id='line_1_38' title="bbox 523 4025 3812 4107; baseline -0.002 -14"><span class='ocrx_word' id='word_1_399' title='bbox 523 4033 757 4093; x_wconf 90' lang='lat' dir='ltr'>deinde</span> <span class='ocrx_word' id='word_1_400' title='bbox 801 4028 1069 4090; x_wconf 87' lang='lat' dir='ltr'>Antonii</span> <span class='ocrx_word' id='word_1_401' title='bbox 1108 4027 1280 4103; x_wconf 78' lang='lat' dir='ltr'>Pagii</span> <span class='ocrx_word' id='word_1_402' title='bbox 1338 4028 1967 4107; x_wconf 87' lang='lat' dir='ltr'>argumentationem</span> <span class='ocrx_word' id='word_1_403' title='bbox 2006 4026 2335 4098; x_wconf 84' lang='lat' dir='ltr'>inﬁrmari,</span> <span class='ocrx_word' id='word_1_404' title='bbox 2371 4027 2595 4089; x_wconf 90' lang='lat' dir='ltr'>eadem</span> <span class='ocrx_word' id='word_1_405' title='bbox 2634 4043 2713 4087; x_wconf 86' lang='lat' dir='ltr'>ex</span> <span class='ocrx_word' id='word_1_406' title='bbox 2749 4027 2949 4106; x_wconf 84' lang='lat' dir='ltr'>Regia</span> <span class='ocrx_word' id='word_1_407' title='bbox 2980 4028 3398 4089; x_wconf 78' lang='lat' dir='ltr'>Institutione</span> <span class='ocrx_word' id='word_1_408' title='bbox 3428 4025 3812 4106; x_wconf 60' lang='lat' dir='ltr'>conjectan-</span> 
     </span>
    </p>
   </div>
   <div class='ocr_carea' id='block_1_39' title="bbox 522 4121 3819 4203">
    <p class='ocr_par' dir='ltr' id='par_1_39' title="bbox 522 4121 3819 4203">
     <span class='ocr_line' id='line_1_39' title="bbox 522 4121 3819 4203; baseline -0.001 -15"><span class='ocrx_word' id='word_1_409' title='bbox 522 4128 629 4195; x_wconf 86' lang='lat' dir='ltr'>tis,</span> <span class='ocrx_word' id='word_1_410' title='bbox 659 4125 963 4187; x_wconf 80' lang='lat' dir='ltr'>ﬂoruisse</span> <span class='ocrx_word' id='word_1_411' title='bbox 996 4124 1547 4203; x_wconf 65' lang='lat' dir='ltr'>Theotibylactum</span> <span class='ocrx_word' id='word_1_412' title='bbox 1578 4125 1701 4185; x_wconf 90' lang='lat' dir='ltr'>sub</span> <span class='ocrx_word' id='word_1_413' title='bbox 1728 4121 2038 4186; x_wconf 84' lang='lat' dir='ltr'>Michaele</span> <span class='ocrx_word' id='word_1_414' title='bbox 2067 4123 2264 4185; x_wconf 89' lang='lat' dir='ltr'>Duca.</span> <span class='ocrx_word' id='word_1_415' title='bbox 2303 4123 2509 4184; x_wconf 82' lang='lat' dir='ltr'>\‘erba</span> <span class='ocrx_word' id='word_1_416' title='bbox 2538 4130 2689 4184; x_wconf 90' lang='lat' dir='ltr'>sunt</span> <span class='ocrx_word' id='word_1_417' title='bbox 2719 4124 2929 4202; x_wconf 89' lang='lat' dir='ltr'>capite</span> <span class='ocrx_word' id='word_1_418' title='bbox 2961 4127 2998 4184; x_wconf 87' lang='lat'><strong>7</strong></span> <span class='ocrx_word' id='word_1_419' title='bbox 3030 4124 3225 4201; x_wconf 80' lang='lat' dir='ltr'>partis</span> <span class='ocrx_word' id='word_1_420' title='bbox 3254 4125 3477 4203; x_wconf 75' lang='lat' dir='ltr'>primm</span> <span class='ocrx_word' id='word_1_421' title='bbox 3509 4144 3526 4185; x_wconf 88' lang='lat'><strong>:</strong></span> <span class='ocrx_word' id='word_1_422' title='bbox 3564 4146 3595 4180; x_wconf 74' lang='grc' dir='ltr'>ι</span> <span class='ocrx_word' id='word_1_423' title='bbox 3623 4125 3819 4199; x_wconf 75' lang='lat' dir='ltr'>Quid</span> 
     </span>
    </p>
   </div>
   <div class='ocr_carea' id='block_1_40' title="bbox 520 4218 3809 4304">
    <p class='ocr_par' dir='ltr' id='par_1_40' title="bbox 520 4218 3809 4304">
     <span class='ocr_line' id='line_1_40' title="bbox 520 4218 3809 4304; baseline -0.001 -20"><span class='ocrx_word' id='word_1_424' title='bbox 520 4224 648 4303; x_wconf 88' lang='lat' dir='ltr'>ipsi</span> <span class='ocrx_word' id='word_1_425' title='bbox 684 4222 954 4304; x_wconf 62' lang='lat' dir='ltr'>(Moriar)</span> <span class='ocrx_word' id='word_1_426' title='bbox 990 4218 1195 4300; x_wconf 89' lang='lat' dir='ltr'>gloria</span> <span class='ocrx_word' id='word_1_427' title='bbox 1228 4220 1434 4299; x_wconf 84' lang='lat' dir='ltr'>regni,</span> <span class='ocrx_word' id='word_1_428' title='bbox 1473 4238 1616 4300; x_wconf 63' lang='lat' dir='ltr'>quae</span> <span class='ocrx_word' id='word_1_429' title='bbox 1652 4238 1795 4283; x_wconf 89' lang='lat' dir='ltr'>cum</span> <span class='ocrx_word' id='word_1_430' title='bbox 1831 4222 2061 4295; x_wconf 87' lang='lat' dir='ltr'>omnia,</span> <span class='ocrx_word' id='word_1_431' title='bbox 2098 4228 2167 4282; x_wconf 88' lang='lat' dir='ltr'>ut</span> <span class='ocrx_word' id='word_1_432' title='bbox 2203 4221 2289 4283; x_wconf 90' lang='lat' dir='ltr'>ait</span> <span class='ocrx_word' id='word_1_433' title='bbox 2331 4220 2683 4300; x_wconf 84' lang='lat' dir='ltr'>Apostolus</span> <span class='ocrx_word' id='word_1_434' title='bbox 2716 4224 2760 4294; x_wconf 62' lang='grc' dir='ltr'>ὲ,</span> <span class='ocrx_word' id='word_1_435' title='bbox 2794 4221 3233 4283; x_wconf 75' lang='lat' dir='ltr'>arbitraretur</span> <span class='ocrx_word' id='word_1_436' title='bbox 3265 4232 3575 4294; x_wconf 79' lang='lat' dir='ltr'>stercora,</span> <span class='ocrx_word' id='word_1_437' title='bbox 3609 4222 3809 4284; x_wconf 89' lang='lat' dir='ltr'>Chri-</span> 
     </span>
    </p>
   </div>
   <div class='ocr_carea' id='block_1_41' title="bbox 522 4317 2104 4399">
    <p class='ocr_par' dir='ltr' id='par_1_41' title="bbox 522 4317 2104 4399">
     <span class='ocr_line' id='line_1_41' title="bbox 522 4317 2104 4399; baseline -0.001 -17"><span class='ocrx_word' id='word_1_438' title='bbox 522 4331 694 4383; x_wconf 88' lang='lat' dir='ltr'>stum</span> <span class='ocrx_word' id='word_1_439' title='bbox 730 4319 940 4380; x_wconf 87' lang='lat' dir='ltr'>solum</span> <span class='ocrx_word' id='word_1_440' title='bbox 976 4317 1346 4381; x_wconf 68' lang='lat' dir='ltr'>lucrifacere</span> <span class='ocrx_word' id='word_1_441' title='bbox 1376 4322 1611 4398; x_wconf 87' lang='lat' dir='ltr'>elegit;</span> <span class='ocrx_word' id='word_1_442' title='bbox 1644 4339 1674 4382; x_wconf 75' lang='lat'><strong>:1</strong></span> <span class='ocrx_word' id='word_1_443' title='bbox 1709 4335 1840 4399; x_wconf 90' lang='lat' dir='ltr'>quo</span> <span class='ocrx_word' id='word_1_444' title='bbox 1873 4327 1933 4381; x_wconf 88' lang='lat' dir='ltr'>et</span> <span class='ocrx_word' id='word_1_445' title='bbox 1956 4336 2104 4396; x_wconf 87' lang='lat' dir='ltr'>erep</span> 
     </span>
    </p>
   </div>
   <div class='ocr_carea' id='block_1_42' title="bbox 2227 4317 3809 4399">
    <p class='ocr_par' dir='ltr' id='par_1_42' title="bbox 2227 4318 3809 4399">
     <span class='ocr_line' id='line_1_42' title="bbox 2227 4318 3809 4399; baseline 0.001 -20"><span class='ocrx_word' id='word_1_446' title='bbox 2227 4320 2281 4379; x_wconf 89' lang='lat' dir='ltr'>le</span> <span class='ocrx_word' id='word_1_447' title='bbox 2320 4324 2522 4379; x_wconf 90' lang='lat' dir='ltr'>morte</span> <span class='ocrx_word' id='word_1_448' title='bbox 2559 4318 2797 4393; x_wconf 88' lang='lat' dir='ltr'>carnis,</span> <span class='ocrx_word' id='word_1_449' title='bbox 2821 4328 2919 4396; x_wconf 78' lang='grc' dir='ltr'>τὴν</span> <span class='ocrx_word' id='word_1_450' title='bbox 2941 4328 3000 4380; x_wconf 77' lang='grc' dir='ltr'>ὲν</span> <span class='ocrx_word' id='word_1_451' title='bbox 3031 4326 3183 4399; x_wconf 77' lang='grc' dir='ltr'><strong>αὐτῷ</strong></span> <span class='ocrx_word' id='word_1_452' title='bbox 3213 4327 3598 4399; x_wconf 81' lang='grc' dir='ltr'>κρυπτομένεν</span> <span class='ocrx_word' id='word_1_453' title='bbox 3622 4327 3809 4399; x_wconf 77' lang='grc' dir='ltr'>ζωὴν,</span> 
     </span>
    </p>
   </div>
   <div class='ocr_carea' id='block_1_43' title="bbox 519 4414 3815 4495">
    <p class='ocr_par' dir='ltr' id='par_1_43' title="bbox 519 4414 3815 4495">
     <span class='ocr_line' id='line_1_43' title="bbox 519 4414 3815 4495; baseline 0.001 -18"><span class='ocrx_word' id='word_1_454' title='bbox 519 4414 949 4478; x_wconf 82' lang='lat' dir='ltr'>absconditam</span> <span class='ocrx_word' id='word_1_455' title='bbox 982 4416 1047 4475; x_wconf 88' lang='lat' dir='ltr'>in</span> <span class='ocrx_word' id='word_1_456' title='bbox 1077 4414 1215 4493; x_wconf 84' lang='lat' dir='ltr'>ipso</span> <span class='ocrx_word' id='word_1_457' title='bbox 1249 4415 1441 4477; x_wconf 74' lang='lat' dir='ltr'>vitam</span> <span class='ocrx_word' id='word_1_458' title='bbox 1470 4415 1703 4477; x_wconf 88' lang='lat' dir='ltr'>amavit</span> <span class='ocrx_word' id='word_1_459' title='bbox 1742 4438 1757 4476; x_wconf 72' lang='grc' dir='ltr'>ι</span> <span class='ocrx_word' id='word_1_460' title='bbox 1799 4424 1860 4479; x_wconf 90' lang='lat' dir='ltr'>et</span> <span class='ocrx_word' id='word_1_461' title='bbox 1889 4416 1984 4478; x_wconf 89' lang='lat' dir='ltr'>sic</span> <span class='ocrx_word' id='word_1_462' title='bbox 2032 4432 2357 4475; x_wconf 87' lang='lat' dir='ltr'>summum</span> <span class='ocrx_word' id='word_1_463' title='bbox 2411 4414 2605 4493; x_wconf 71' lang='lat' dir='ltr'>regite</span> <span class='ocrx_word' id='word_1_464' title='bbox 2648 4416 2913 4495; x_wconf 87' lang='lat' dir='ltr'>quidem</span> <span class='ocrx_word' id='word_1_465' title='bbox 2947 4415 3288 4494; x_wconf 83' lang='lat' dir='ltr'>dignitatis</span> <span class='ocrx_word' id='word_1_466' title='bbox 3320 4416 3653 4494; x_wconf 79' lang='lat' dir='ltr'>fastigium</span> <span class='ocrx_word' id='word_1_467' title='bbox 3702 4435 3815 4480; x_wconf 88' lang='lat' dir='ltr'>re-</span> 
     </span>
    </p>
   </div>
   <div class='ocr_carea' id='block_1_44' title="bbox 521 4511 3813 4594">
    <p class='ocr_par' dir='ltr' id='par_1_44' title="bbox 521 4511 3813 4594">
     <span class='ocr_line' id='line_1_44' title="bbox 521 4511 3813 4594; baseline 0.002 -22"><span class='ocrx_word' id='word_1_468' title='bbox 521 4515 767 4592; x_wconf 85' lang='lat' dir='ltr'>putavit</span> <span class='ocrx_word' id='word_1_469' title='bbox 832 4514 1222 4587; x_wconf 88' lang='lat' dir='ltr'>barathrum,</span> <span class='ocrx_word' id='word_1_470' title='bbox 1260 4512 1647 4581; x_wconf 89' lang='lat' dir='ltr'>bumilitatis</span> <span class='ocrx_word' id='word_1_471' title='bbox 1708 4526 1921 4577; x_wconf 91' lang='lat' dir='ltr'>autem</span> <span class='ocrx_word' id='word_1_472' title='bbox 1978 4530 2125 4594; x_wconf 73' lang='lat' dir='ltr'>qum</span> <span class='ocrx_word' id='word_1_473' title='bbox 2182 4512 2542 4575; x_wconf 88' lang='lat' dir='ltr'>secundum</span> <span class='ocrx_word' id='word_1_474' title='bbox 2592 4511 2918 4576; x_wconf 89' lang='lat' dir='ltr'>Christum</span> <span class='ocrx_word' id='word_1_475' title='bbox 2976 4523 3095 4585; x_wconf 87' lang='lat' dir='ltr'>est,</span> <span class='ocrx_word' id='word_1_476' title='bbox 3128 4513 3589 4577; x_wconf 76' lang='lat' dir='ltr'>celsitudinem</span> <span class='ocrx_word' id='word_1_477' title='bbox 3643 4532 3813 4579; x_wconf 87' lang='lat' dir='ltr'>vere</span> 
     </span>
    </p>
   </div>
   <div class='ocr_carea' id='block_1_45' title="bbox 520 4608 3813 4691">
    <p class='ocr_par' dir='ltr' id='par_1_45' title="bbox 520 4608 3813 4691">
     <span class='ocr_line' id='line_1_45' title="bbox 520 4608 3813 4691; baseline 0 -19"><span class='ocrx_word' id='word_1_478' title='bbox 520 4608 867 4672; x_wconf 75' lang='lat' dir='ltr'>ccelestem.</span> <span class='ocrx_word' id='word_1_479' title='bbox 902 4609 1082 4672; x_wconf 87' lang='lat' dir='ltr'>Adeo</span> <span class='ocrx_word' id='word_1_480' title='bbox 1128 4618 1197 4671; x_wconf 91' lang='lat' dir='ltr'>ut</span> <span class='ocrx_word' id='word_1_481' title='bbox 1252 4610 1457 4689; x_wconf 89' lang='lat' dir='ltr'>magis</span> <span class='ocrx_word' id='word_1_482' title='bbox 1493 4627 1619 4673; x_wconf 90' lang='lat' dir='ltr'>una</span> <span class='ocrx_word' id='word_1_483' title='bbox 1656 4628 1734 4674; x_wconf 83' lang='lat' dir='ltr'>ex</span> <span class='ocrx_word' id='word_1_484' title='bbox 1771 4617 1943 4687; x_wconf 81' lang='lat' dir='ltr'>parte</span> <span class='ocrx_word' id='word_1_485' title='bbox 2004 4609 2317 4671; x_wconf 87' lang='lat' dir='ltr'>mirabilis</span> <span class='ocrx_word' id='word_1_486' title='bbox 2356 4610 2648 4672; x_wconf 82' lang='lat' dir='ltr'>videatur</span> <span class='ocrx_word' id='word_1_487' title='bbox 2681 4618 2851 4672; x_wconf 86' lang='lat' dir='ltr'>tanta</span> <span class='ocrx_word' id='word_1_488' title='bbox 2898 4611 3187 4680; x_wconf 88' lang='lat' dir='ltr'>mutatio,</span> <span class='ocrx_word' id='word_1_489' title='bbox 3224 4620 3286 4673; x_wconf 92' lang='lat' dir='ltr'>et</span> <span class='ocrx_word' id='word_1_490' title='bbox 3319 4628 3398 4673; x_wconf 89' lang='lat' dir='ltr'>ex</span> <span class='ocrx_word' id='word_1_491' title='bbox 3431 4610 3556 4674; x_wconf 87' lang='lat' dir='ltr'>alia</span> <span class='ocrx_word' id='word_1_492' title='bbox 3590 4615 3813 4691; x_wconf 86' lang='lat' dir='ltr'>magis</span> 
     </span>
    </p>
   </div>
   <div class='ocr_carea' id='block_1_46' title="bbox 521 4706 3817 4787">
    <p class='ocr_par' dir='ltr' id='par_1_46' title="bbox 521 4706 3817 4787">
     <span class='ocr_line' id='line_1_46' title="bbox 521 4706 3817 4787; baseline 0.001 -20"><span class='ocrx_word' id='word_1_493' title='bbox 521 4706 820 4787; x_wconf 80' lang='lat' dir='ltr'>perfectm</span> <span class='ocrx_word' id='word_1_494' title='bbox 862 4708 966 4784; x_wconf 61' lang='grc' dir='ltr'>ιν]</span> <span class='ocrx_word' id='word_1_495' title='bbox 1005 4706 1216 4785; x_wconf 88' lang='lat' dir='ltr'>ipsius</span> <span class='ocrx_word' id='word_1_496' title='bbox 1250 4708 1623 4769; x_wconf 87' lang='lat' dir='ltr'>mutationis</span> <span class='ocrx_word' id='word_1_497' title='bbox 1657 4724 1950 4769; x_wconf 89' lang='lat' dir='ltr'>summus</span> <span class='ocrx_word' id='word_1_498' title='bbox 1984 4709 2242 4785; x_wconf 87' lang='lat' dir='ltr'>gradus.</span> <span class='ocrx_word' id='word_1_499' title='bbox 2276 4706 2373 4768; x_wconf 80' lang='lat' dir='ltr'>Ad</span> <span class='ocrx_word' id='word_1_500' title='bbox 2410 4707 2764 4769; x_wconf 86' lang='lat' dir='ltr'>solitariam</span> <span class='ocrx_word' id='word_1_501' title='bbox 2808 4725 2871 4767; x_wconf 82' lang='lat' dir='ltr'>se</span> <span class='ocrx_word' id='word_1_502' title='bbox 2906 4709 3258 4787; x_wconf 75' lang='lat' dir='ltr'>transferre</span> <span class='ocrx_word' id='word_1_503' title='bbox 3299 4709 3516 4783; x_wconf 84' lang='lat' dir='ltr'>vitam,</span> <span class='ocrx_word' id='word_1_504' title='bbox 3560 4719 3655 4771; x_wconf 68' lang='grc' dir='ltr'>ἐπὶ.</span> <span class='ocrx_word' id='word_1_505' title='bbox 3709 4721 3817 4779; x_wconf 70' lang='grc' dir='ltr'>τὸν</span> 
     </span>
    </p>
   </div>
   <div class='ocr_carea' id='block_1_47' title="bbox 525 4802 2107 4887">
    <p class='ocr_par' dir='ltr' id='par_1_47' title="bbox 525 4804 2107 4887">
     <span class='ocr_line' id='line_1_47' title="bbox 525 4804 2107 4887; baseline -0.004 -18"><span class='ocrx_word' id='word_1_506' title='bbox 525 4817 741 4887; x_wconf 77' lang='grc' dir='ltr'>μονήρη</span> <span class='ocrx_word' id='word_1_507' title='bbox 779 4815 897 4886; x_wconf 75' lang='grc' dir='ltr'>βίον</span> <span class='ocrx_word' id='word_1_508' title='bbox 940 4814 1336 4884; x_wconf 72' lang='grc' dir='ltr'>μετενεχθῆναι</span> <span class='ocrx_word' id='word_1_509' title='bbox 1368 4804 1602 4883; x_wconf 81' lang='lat' dir='ltr'>puellis</span> <span class='ocrx_word' id='word_1_510' title='bbox 1637 4804 1855 4863; x_wconf 86' lang='lat' dir='ltr'>multis</span> <span class='ocrx_word' id='word_1_511' title='bbox 1881 4804 2107 4882; x_wconf 56' lang='lat' dir='ltr'>coutig‘</span> 
     </span>
    </p>
   </div>
   <div class='ocr_carea' id='block_1_48' title="bbox 2230 4802 3812 4887">
    <p class='ocr_par' dir='ltr' id='par_1_48' title="bbox 2234 4802 3812 4883">
     <span class='ocr_line' id='line_1_48' title="bbox 2234 4802 3812 4883; baseline 0.006 -18"><span class='ocrx_word' id='word_1_512' title='bbox 2234 4804 2348 4865; x_wconf 90' lang='lat' dir='ltr'>sed</span> <span class='ocrx_word' id='word_1_513' title='bbox 2385 4805 2586 4883; x_wconf 83' lang='lat' dir='ltr'>magis</span> <span class='ocrx_word' id='word_1_514' title='bbox 2622 4802 3057 4877; x_wconf 86' lang='lat' dir='ltr'>muliebriter,</span> <span class='ocrx_word' id='word_1_515' title='bbox 3092 4805 3202 4865; x_wconf 88' lang='lat' dir='ltr'>sed</span> <span class='ocrx_word' id='word_1_516' title='bbox 3242 4804 3526 4867; x_wconf 83' lang='lat' dir='ltr'>mollius.</span> <span class='ocrx_word' id='word_1_517' title='bbox 3552 4809 3812 4875; x_wconf 87' lang='lat' dir='ltr'>Verum</span> 
     </span>
    </p>
   </div>
   <div class='ocr_carea' id='block_1_49' title="bbox 522 4898 3813 4981">
    <p class='ocr_par' dir='ltr' id='par_1_49' title="bbox 522 4898 3813 4981">
     <span class='ocr_line' id='line_1_49' title="bbox 522 4898 3813 4981; baseline 0 -14"><span class='ocrx_word' id='word_1_518' title='bbox 522 4905 684 4967; x_wconf 89' lang='lat' dir='ltr'>adeo</span> <span class='ocrx_word' id='word_1_519' title='bbox 714 4903 1039 4966; x_wconf 76' lang='lat' dir='ltr'>ferventer</span> <span class='ocrx_word' id='word_1_520' title='bbox 1074 4919 1415 4981; x_wconf 88' lang='lat' dir='ltr'>pauperem</span> <span class='ocrx_word' id='word_1_521' title='bbox 1448 4902 1733 4963; x_wconf 87' lang='lat' dir='ltr'>evasisse</span> <span class='ocrx_word' id='word_1_522' title='bbox 1764 4901 2024 4979; x_wconf 83' lang='lat' dir='ltr'>Spiritu,</span> <span class='ocrx_word' id='word_1_523' title='bbox 2059 4901 2263 4962; x_wconf 86' lang='lat' dir='ltr'>solius</span> <span class='ocrx_word' id='word_1_524' title='bbox 2282 4898 2491 4961; x_wconf 81' lang='lat' dir='ltr'>felicis</span> <span class='ocrx_word' id='word_1_525' title='bbox 2526 4900 2738 4961; x_wconf 61' lang='lat' dir='ltr'>Maria;</span> <span class='ocrx_word' id='word_1_526' title='bbox 2765 4900 3058 4961; x_wconf 90' lang='lat' dir='ltr'>studium</span> <span class='ocrx_word' id='word_1_527' title='bbox 3089 4899 3212 4963; x_wconf 85' lang='lat' dir='ltr'>fuit</span> <span class='ocrx_word' id='word_1_528' title='bbox 3237 4910 3298 4963; x_wconf 92' lang='lat' dir='ltr'>et</span> <span class='ocrx_word' id='word_1_529' title='bbox 3331 4905 3749 4971; x_wconf 79' lang='lat' dir='ltr'>exercitatio.</span> <span class='ocrx_word' id='word_1_530' title='bbox 3785 4934 3813 4964; x_wconf 80' lang='lat'><strong>»</strong></span> 
     </span>
    </p>
   </div>
   <div class='ocr_carea' id='block_1_50' title="bbox 521 4986 3820 5080">
    <p class='ocr_par' dir='ltr' id='par_1_50' title="bbox 521 4986 3820 5080">
     <span class='ocr_line' id='line_1_50' title="bbox 521 4986 3820 5080; baseline 0.001 -17"><span class='ocrx_word' id='word_1_531' title='bbox 521 5002 735 5063; x_wconf 78' lang='lat' dir='ltr'>Alexii</span> <span class='ocrx_word' id='word_1_532' title='bbox 770 5000 1081 5063; x_wconf 88' lang='lat' dir='ltr'>Comneni</span> <span class='ocrx_word' id='word_1_533' title='bbox 1114 5007 1397 5077; x_wconf 87' lang='lat' dir='ltr'>tempora</span> <span class='ocrx_word' id='word_1_534' title='bbox 1428 5000 1569 5061; x_wconf 93' lang='lat' dir='ltr'>sine</span> <span class='ocrx_word' id='word_1_535' title='bbox 1603 4998 1805 5059; x_wconf 89' lang='lat' dir='ltr'>dubio</span> <span class='ocrx_word' id='word_1_536' title='bbox 1850 4998 2071 5060; x_wconf 84' lang='lat' dir='ltr'>deﬁnit</span> <span class='ocrx_word' id='word_1_537' title='bbox 2106 4998 2209 5059; x_wconf 86' lang='lat' dir='ltr'>hic</span> <span class='ocrx_word' id='word_1_538' title='bbox 2244 4995 2461 5058; x_wconf 68' lang='lat' dir='ltr'>Marire</span> <span class='ocrx_word' id='word_1_539' title='bbox 2492 5014 2524 5057; x_wconf 92' lang='lat' dir='ltr'>e</span> <span class='ocrx_word' id='word_1_540' title='bbox 2570 4996 2809 5075; x_wconf 87' lang='lat' dir='ltr'>palatio</span> <span class='ocrx_word' id='word_1_541' title='bbox 2849 5013 3174 5073; x_wconf 86' lang='lat' dir='ltr'>recessus,</span> <span class='ocrx_word' id='word_1_542' title='bbox 3206 4986 3311 5060; x_wconf 75' lang='lat' dir='ltr'>lfic</span> <span class='ocrx_word' id='word_1_543' title='bbox 3346 4999 3646 5080; x_wconf 85' lang='lat' dir='ltr'>ejusdem</span> <span class='ocrx_word' id='word_1_544' title='bbox 3698 5024 3820 5071; x_wconf 85' lang='lat' dir='ltr'>ac-</span> 
     </span>
    </p>
   </div>
   <div class='ocr_carea' id='block_1_51' title="bbox 522 5097 1369 5162">
    <p class='ocr_par' dir='ltr' id='par_1_51' title="bbox 522 5097 1369 5162">
     <span class='ocr_line' id='line_1_51' title="bbox 522 5097 1369 5162; baseline -0.004 -1"><span class='ocrx_word' id='word_1_545' title='bbox 522 5114 745 5162; x_wconf 87' lang='lat' dir='ltr'>cessus</span> <span class='ocrx_word' id='word_1_546' title='bbox 777 5097 853 5159; x_wconf 88' lang='lat' dir='ltr'>ad</span> <span class='ocrx_word' id='word_1_547' title='bbox 883 5097 1369 5158; x_wconf 89' lang='lat' dir='ltr'>monasterium.</span> 
     </span>
    </p>
   </div>
   <div class='ocr_carea' id='block_1_52' title="bbox 602 5193 3813 5273">
    <p class='ocr_par' dir='ltr' id='par_1_52' title="bbox 602 5193 3813 5273">
     <span class='ocr_line' id='line_1_52' title="bbox 602 5193 3813 5273; baseline 0.003 -18"><span class='ocrx_word' id='word_1_548' title='bbox 602 5194 906 5271; x_wconf 69' lang='lat' dir='ltr'>Attidem</span> <span class='ocrx_word' id='word_1_549' title='bbox 950 5201 1271 5272; x_wconf 80' lang='lat' dir='ltr'>pertinent</span> <span class='ocrx_word' id='word_1_550' title='bbox 1303 5193 1611 5255; x_wconf 85' lang='lat' dir='ltr'>Comneni</span> <span class='ocrx_word' id='word_1_551' title='bbox 1654 5194 2024 5272; x_wconf 89' lang='lat' dir='ltr'>imperium,</span> <span class='ocrx_word' id='word_1_552' title='bbox 2068 5211 2213 5273; x_wconf 68' lang='lat' dir='ltr'>quae</span> <span class='ocrx_word' id='word_1_553' title='bbox 2270 5212 2665 5273; x_wconf 80' lang='lat' dir='ltr'>sequuntur.</span> <span class='ocrx_word' id='word_1_554' title='bbox 2741 5196 3096 5273; x_wconf 87' lang='lat' dir='ltr'>Corporeas</span> <span class='ocrx_word' id='word_1_555' title='bbox 3150 5197 3559 5260; x_wconf 89' lang='lat' dir='ltr'>Constantini</span> <span class='ocrx_word' id='word_1_556' title='bbox 3606 5198 3813 5265; x_wconf 81' lang='lat' dir='ltr'>dotes</span> 
     </span>
    </p>
   </div>
   <div class='ocr_carea' id='block_1_53' title="bbox 523 5287 3812 5375">
    <p class='ocr_par' dir='ltr' id='par_1_53' title="bbox 523 5287 3812 5375">
     <span class='ocr_line' id='line_1_53' title="bbox 523 5287 3812 5375; baseline 0.002 -22"><span class='ocrx_word' id='word_1_557' title='bbox 523 5291 795 5354; x_wconf 81' lang='lat' dir='ltr'>eximias</span> <span class='ocrx_word' id='word_1_558' title='bbox 832 5287 1109 5354; x_wconf 81' lang='lat' dir='ltr'>celebrat</span> <span class='ocrx_word' id='word_1_559' title='bbox 1139 5289 1657 5368; x_wconf 73' lang='lat' dir='ltr'>Theophylactus</span> <span class='ocrx_word' id='word_1_560' title='bbox 1690 5289 1894 5367; x_wconf 79' lang='lat' dir='ltr'>capite</span> <span class='ocrx_word' id='word_1_561' title='bbox 1928 5291 1985 5361; x_wconf 73' lang='lat' dir='ltr'>li,</span> <span class='ocrx_word' id='word_1_562' title='bbox 2021 5292 2372 5372; x_wconf 78' lang='lat' dir='ltr'>ipsumque</span> <span class='ocrx_word' id='word_1_563' title='bbox 2400 5300 2812 5369; x_wconf 74' lang='lat' dir='ltr'>reprmsentat</span> <span class='ocrx_word' id='word_1_564' title='bbox 2846 5314 2874 5346; x_wconf 86' lang='grc'><strong>‹‹</strong></span> <span class='ocrx_word' id='word_1_565' title='bbox 2912 5292 3317 5355; x_wconf 86' lang='lat' dir='ltr'>insilientem</span> <span class='ocrx_word' id='word_1_566' title='bbox 3356 5294 3418 5355; x_wconf 93' lang='lat' dir='ltr'>in</span> <span class='ocrx_word' id='word_1_567' title='bbox 3463 5313 3739 5375; x_wconf 86' lang='lat' dir='ltr'>equum,</span> <span class='ocrx_word' id='word_1_568' title='bbox 3780 5327 3812 5357; x_wconf 73' lang='grc' dir='ltr'><strong><em>ιο</em></strong></span> 
     </span>
    </p>
   </div>
   <div class='ocr_carea' id='block_1_54' title="bbox 525 5388 3809 5461">
    <p class='ocr_par' dir='ltr' id='par_1_54' title="bbox 525 5388 3809 5461">
     <span class='ocr_line' id='line_1_54' title="bbox 525 5388 3809 5461; baseline 0.003 -12"><span class='ocrx_word' id='word_1_569' title='bbox 525 5399 584 5449; x_wconf 86' lang='lat' dir='ltr'>et</span> <span class='ocrx_word' id='word_1_570' title='bbox 619 5411 645 5441; x_wconf 86' lang='grc'>‹‹</span> <span class='ocrx_word' id='word_1_571' title='bbox 675 5389 919 5449; x_wconf 83' lang='lat' dir='ltr'>crebris</span> <span class='ocrx_word' id='word_1_572' title='bbox 961 5397 1373 5449; x_wconf 68' lang='lat' dir='ltr'>exercentem</span> <span class='ocrx_word' id='word_1_573' title='bbox 1410 5403 1551 5447; x_wconf 85' lang='lat' dir='ltr'>sese</span> <span class='ocrx_word' id='word_1_574' title='bbox 1594 5388 1918 5461; x_wconf 86' lang='lat' dir='ltr'>cursibus,</span> <span class='ocrx_word' id='word_1_575' title='bbox 1968 5414 1993 5443; x_wconf 86' lang='grc'>››</span> <span class='ocrx_word' id='word_1_576' title='bbox 2033 5402 2093 5448; x_wconf 82' lang='lat' dir='ltr'>et</span> <span class='ocrx_word' id='word_1_577' title='bbox 2145 5412 2172 5445; x_wconf 78' lang='grc' dir='ltr'><strong>α</strong></span> <span class='ocrx_word' id='word_1_578' title='bbox 2243 5392 2303 5450; x_wconf 85' lang='lat' dir='ltr'>in</span> <span class='ocrx_word' id='word_1_579' title='bbox 2344 5389 2800 5450; x_wconf 85' lang='lat' dir='ltr'>venationibus</span> <span class='ocrx_word' id='word_1_580' title='bbox 2854 5391 3335 5453; x_wconf 87' lang='lat' dir='ltr'>antevolanlem</span> <span class='ocrx_word' id='word_1_581' title='bbox 3397 5394 3697 5458; x_wconf 82' lang='lat' dir='ltr'>comites.</span> <span class='ocrx_word' id='word_1_582' title='bbox 3780 5428 3809 5457; x_wconf 78' lang='grc' dir='ltr'><strong>υ</strong></span> 
     </span>
    </p>
   </div>
   <div class='ocr_carea' id='block_1_55' title="bbox 521 5484 3815 5566">
    <p class='ocr_par' dir='ltr' id='par_1_55' title="bbox 521 5484 3815 5566">
     <span class='ocr_line' id='line_1_55' title="bbox 521 5484 3815 5566; baseline 0.002 -21"><span class='ocrx_word' id='word_1_583' title='bbox 521 5487 667 5546; x_wconf 80' lang='lat' dir='ltr'>Htec</span> <span class='ocrx_word' id='word_1_584' title='bbox 695 5484 1009 5546; x_wconf 80' lang='lat' dir='ltr'>eademin</span> <span class='ocrx_word' id='word_1_585' title='bbox 1047 5504 1246 5562; x_wconf 69' lang='lat' dir='ltr'>puero</span> <span class='ocrx_word' id='word_1_586' title='bbox 1282 5486 1406 5562; x_wconf 78' lang='lat' dir='ltr'>jam</span> <span class='ocrx_word' id='word_1_587' title='bbox 1440 5487 1751 5561; x_wconf 76' lang='lat' dir='ltr'>septenni,</span> <span class='ocrx_word' id='word_1_588' title='bbox 1787 5486 1919 5545; x_wconf 64' lang='lat' dir='ltr'>adet</span> <span class='ocrx_word' id='word_1_589' title='bbox 1953 5504 2077 5563; x_wconf 75' lang='lat' dir='ltr'>que</span> <span class='ocrx_word' id='word_1_590' title='bbox 2115 5489 2303 5547; x_wconf 86' lang='lat' dir='ltr'>vitam</span> <span class='ocrx_word' id='word_1_591' title='bbox 2339 5494 2566 5566; x_wconf 81' lang='lat' dir='ltr'>agente</span> <span class='ocrx_word' id='word_1_592' title='bbox 2602 5488 2767 5547; x_wconf 84' lang='lat' dir='ltr'>circa</span> <span class='ocrx_word' id='word_1_593' title='bbox 2799 5504 3039 5547; x_wconf 86' lang='lat' dir='ltr'>annum</span> <span class='ocrx_word' id='word_1_594' title='bbox 3094 5489 3271 5561; x_wconf 77' lang='lat'>1082,</span> <span class='ocrx_word' id='word_1_595' title='bbox 3335 5488 3550 5551; x_wconf 82' lang='lat' dir='ltr'>laudat</span> <span class='ocrx_word' id='word_1_596' title='bbox 3609 5496 3815 5560; x_wconf 74' lang='lat' dir='ltr'>Anna</span> 
     </span>
    </p>
   </div>
   <div class='ocr_carea' id='block_1_56' title="bbox 520 5580 3814 5670">
    <p class='ocr_par' dir='ltr' id='par_1_56' title="bbox 520 5580 3814 5670">
     <span class='ocr_line' id='line_1_56' title="bbox 520 5580 3814 5670; baseline 0.003 -31"><span class='ocrx_word' id='word_1_597' title='bbox 520 5585 846 5643; x_wconf 73' lang='lat' dir='ltr'>llnmnena</span> <span class='ocrx_word' id='word_1_598' title='bbox 885 5582 1007 5644; x_wconf 87' lang='lat' dir='ltr'>sub</span> <span class='ocrx_word' id='word_1_599' title='bbox 1051 5580 1315 5643; x_wconf 88' lang='lat' dir='ltr'>initium</span> <span class='ocrx_word' id='word_1_600' title='bbox 1354 5581 1498 5641; x_wconf 77' lang='lat' dir='ltr'>iibri</span> <span class='ocrx_word' id='word_1_601' title='bbox 1538 5580 2025 5642; x_wconf 57' lang='lat' dir='ltr'>Ill/116.1&#39;tﬂdos:</span> <span class='ocrx_word' id='word_1_602' title='bbox 2068 5608 2094 5639; x_wconf 77' lang='grc' dir='ltr'>(ι</span> <span class='ocrx_word' id='word_1_603' title='bbox 2133 5587 2373 5646; x_wconf 81' lang='lat' dir='ltr'>Eratea</span> <span class='ocrx_word' id='word_1_604' title='bbox 2409 5584 2771 5662; x_wconf 77' lang='lat' dir='ltr'>justissima</span> <span class='ocrx_word' id='word_1_605' title='bbox 2821 5586 3038 5646; x_wconf 83' lang='lat' dir='ltr'>matris</span> <span class='ocrx_word' id='word_1_606' title='bbox 3072 5604 3247 5659; x_wconf 84' lang='lat' dir='ltr'>cura,</span> <span class='ocrx_word' id='word_1_607' title='bbox 3294 5587 3631 5666; x_wconf 83' lang='lat' dir='ltr'>inquiens,</span> <span class='ocrx_word' id='word_1_608' title='bbox 3679 5610 3814 5670; x_wconf 85' lang='lat' dir='ltr'>pro</span> 
     </span>
    </p>
   </div>
   <div class='ocr_carea' id='block_1_57' title="bbox 524 5678 3817 5768">
    <p class='ocr_par' dir='ltr' id='par_1_57' title="bbox 524 5678 3817 5768">
     <span class='ocr_line' id='line_1_57' title="bbox 524 5678 3817 5768; baseline 0.004 -35"><span class='ocrx_word' id='word_1_609' title='bbox 524 5694 727 5757; x_wconf 80' lang='lat' dir='ltr'>puero</span> <span class='ocrx_word' id='word_1_610' title='bbox 760 5678 1129 5741; x_wconf 66' lang='lat' dir='ltr'>festivitatis</span> <span class='ocrx_word' id='word_1_611' title='bbox 1168 5688 1228 5738; x_wconf 93' lang='lat' dir='ltr'>et</span> <span class='ocrx_word' id='word_1_612' title='bbox 1264 5678 1597 5757; x_wconf 64' lang='lat' dir='ltr'>elegantiae</span> <span class='ocrx_word' id='word_1_613' title='bbox 1623 5679 2039 5745; x_wconf 79' lang='lat' dir='ltr'>admirabilis.</span> <span class='ocrx_word' id='word_1_614' title='bbox 2078 5682 2289 5743; x_wconf 75' lang='lat' dir='ltr'>adhuc</span> <span class='ocrx_word' id='word_1_615' title='bbox 2344 5683 2721 5759; x_wconf 80' lang='lat' dir='ltr'>septenni...</span> <span class='ocrx_word' id='word_1_616' title='bbox 2769 5682 2969 5761; x_wconf 80' lang='lat' dir='ltr'>Cujus</span> <span class='ocrx_word' id='word_1_617' title='bbox 3013 5686 3294 5744; x_wconf 85' lang='lat' dir='ltr'>suavitas</span> <span class='ocrx_word' id='word_1_618' title='bbox 3336 5685 3476 5744; x_wconf 84' lang='lat' dir='ltr'>sive</span> <span class='ocrx_word' id='word_1_619' title='bbox 3516 5684 3817 5768; x_wconf 83' lang='lat' dir='ltr'>loquen-</span> 
     </span>
    </p>
   </div>
   <div class='ocr_carea' id='block_1_58' title="bbox 524 5774 3814 5862">
    <p class='ocr_par' dir='ltr' id='par_1_58' title="bbox 524 5774 3814 5862">
     <span class='ocr_line' id='line_1_58' title="bbox 524 5774 3814 5862; baseline 0.004 -29"><span class='ocrx_word' id='word_1_620' title='bbox 524 5775 627 5841; x_wconf 84' lang='lat' dir='ltr'>tis,</span> <span class='ocrx_word' id='word_1_621' title='bbox 669 5775 808 5835; x_wconf 70' lang='lat' dir='ltr'>sive</span> <span class='ocrx_word' id='word_1_622' title='bbox 846 5774 1141 5835; x_wconf 78' lang='lat' dir='ltr'>ludorum</span> <span class='ocrx_word' id='word_1_623' title='bbox 1183 5791 1418 5854; x_wconf 84' lang='lat' dir='ltr'>genere</span> <span class='ocrx_word' id='word_1_624' title='bbox 1456 5776 1828 5853; x_wconf 72' lang='lat' dir='ltr'>varioquos</span> <span class='ocrx_word' id='word_1_625' title='bbox 1892 5776 2134 5839; x_wconf 76' lang='lat' dir='ltr'>ferebat</span> <span class='ocrx_word' id='word_1_626' title='bbox 2191 5790 2365 5841; x_wconf 69' lang='lat' dir='ltr'>tetas.</span> <span class='ocrx_word' id='word_1_627' title='bbox 2432 5795 2665 5856; x_wconf 61' lang='grc' dir='ltr'>ιιῡνίυς</span> <span class='ocrx_word' id='word_1_628' title='bbox 2726 5779 3076 5839; x_wconf 70' lang='lat' dir='ltr'>scitissime</span> <span class='ocrx_word' id='word_1_629' title='bbox 3137 5782 3482 5851; x_wconf 84' lang='lat' dir='ltr'>moventis,</span> <span class='ocrx_word' id='word_1_630' title='bbox 3536 5782 3814 5862; x_wconf 75' lang='lat' dir='ltr'>judicio</span> 
     </span>
    </p>
   </div>
   <div class='ocr_carea' id='block_1_59' title="bbox 523 5872 2293 5953">
    <p class='ocr_par' dir='ltr' id='par_1_59' title="bbox 523 5872 2293 5953">
     <span class='ocr_line' id='line_1_59' title="bbox 523 5872 2293 5953; baseline 0.003 -20"><span class='ocrx_word' id='word_1_631' title='bbox 523 5872 983 5948; x_wconf 69' lang='lat' dir='ltr'>spectantium,</span> <span class='ocrx_word' id='word_1_632' title='bbox 1019 5875 1495 5953; x_wconf 83' lang='lat' dir='ltr'>comparatione</span> <span class='ocrx_word' id='word_1_633' title='bbox 1533 5878 1706 5933; x_wconf 81' lang='lat' dir='ltr'>omni</span> <span class='ocrx_word' id='word_1_634' title='bbox 1738 5875 2029 5951; x_wconf 76' lang='lat' dir='ltr'>superior</span> <span class='ocrx_word' id='word_1_635' title='bbox 2071 5888 2222 5939; x_wconf 81' lang='lat' dir='ltr'>erat.</span> <span class='ocrx_word' id='word_1_636' title='bbox 2270 5905 2293 5930; x_wconf 70' lang='grc' dir='ltr'><em>η</em></span> 
     </span>
    </p>
   </div>
   <div class='ocr_carea' id='block_1_60' title="bbox 600 5999 1095 6069">
    <p class='ocr_par' dir='ltr' id='par_1_60' title="bbox 600 5999 1095 6069">
     <span class='ocr_line' id='line_1_60' title="bbox 600 5999 1095 6069; baseline 0.004 -16"><span class='ocrx_word' id='word_1_637' title='bbox 600 6001 610 6027; x_wconf 74' lang='grc'><strong>³</strong></span> <span class='ocrx_word' id='word_1_638' title='bbox 646 5999 886 6069; x_wconf 78' lang='lat' dir='ltr'>Philipp.</span> <span class='ocrx_word' id='word_1_639' title='bbox 919 6016 999 6067; x_wconf 86' lang='lat' dir='ltr'>Ill,</span> <span class='ocrx_word' id='word_1_640' title='bbox 1043 6001 1095 6055; x_wconf 79' lang='grc'>8.</span> 
     </span>
    </p>
   </div>
  </div>
