4006 6472
203 411 260 478 17
1027 413 1128 477 DE
1167 407 1751 474 THEOPIIYLACTI
1792 403 2064 466 GESTIS
2103 403 2199 462 ET
2234 402 2601 462 SCRIP'I‘IS.
3436 396 3504 460 18

269 536 532 617 Regiam
580 554 740 617 ergo
767 553 950 600 suam
984 535 1470 598 Institutionem
1522 523 1954 591 Constantino
2015 520 2326 583 obtulerit
2387 516 2938 596 'I‘heOpliylactus,
3000 515 3234 617 Alexio
3298 514 3504 617 impe-

197 610 417 696 rante':
453 637 631 715 quod
660 610 926 698 inficias
968 634 1160 696 iverit
1194 649 1410 694 nemo.
1448 632 1524 690 At
1549 627 1702 688 inde
1737 631 1806 685 nt
1832 621 2067 701 Pagius
2115 628 2572 699 argumentum
2608 623 2953 715 promeret,
2993 610 3509 715 quo'l’heOphy-

201 733 424 794 lactum
459 711 596 813 jam
637 743 824 797 antea
858 741 918 796 et
955 733 1079 795 sub
1110 731 1428 794 Michaele
1465 732 1636 789 Duca
1667 721 1970 786 ﬂoruisse
2019 722 2349 786 suaderet.
2391 718 2522 779 lima
2563 715 2660 776 illi
2700 714 2972 777 fortasse
3043 713 3292 775 indicia
3349 711 3499 813 fuc-

200 838 366 891 runt.
405 811 542 892 Sibi
586 849 868 911 namque
903 855 930 886 «
968 829 1311 892 notissima
1341 850 1369 881 π
1403 824 1612 886 fuisse
1637 823 1720 884 ait
1760 820 2082 898 Bulgarus
2120 819 2328 898 capite
2369 819 2428 879 6.
2478 841 2504 871 α
2539 820 2917 875 ornamenta
2953 813 3168 873 omnis
3211 811 3501 890 generis,

199 926 259 986 in
288 944 514 989 eorum
547 929 676 989 vita
707 930 1038 1006 rebusque
1077 927 1279 1007 gestis
1313 922 1662 993 elucentia,
1722 936 2005 998 quorum
2060 936 2090 979 e
2127 915 2447 995 sanguine
2509 921 2687 974 satus
2720 921 2857 974 erat
2916 934 2944 968 no
2981 911 3499 972 Constantinus:

197 1024 296 1084 avi
324 1025 581 1086 scilicet
635 1025 1042 1088 Constantini
1081 1026 1298 1095 Ducas,
1338 1021 1453 1102 qui
1479 1020 1557 1082 ab
1580 1035 1752 1081 anno
1786 1018 1941 1079 1059
1977 1015 2188 1078 tenuit
2240 1010 2597 1091 imperium
2644 1011 2722 1072 ad
2759 1027 3004 1071 annum
3042 1026 3257 1086 usque
3321 1008 3504 1081 1067,

197 1129 255 1181 et
316 1121 660 1185 Michaelis
697 1127 888 1186 Duc-te
927 1121 1154 1202 patris.
1184 1123 1374 1183 Hunc
1407 1134 1560 1180 vero
1595 1117 1871 1197 ejusque
1904 1123 2079 1193 gesta
2124 1111 2188 1172 in
2232 1109 2508 1187 imperio
2577 1108 2661 1169 ita
2694 1105 3105 1169 commendat
3145 1105 3504 1186 'I‘heophy-

198 1214 420 1292 lactus,
461 1227 533 1280 ut
564 1238 636 1282 se
670 1238 816 1282 cum
851 1237 928 1281 eo
963 1218 1116 1280 satis
1154 1219 1397 1280 indicet
1430 1225 1755 1278 versatum
1793 1230 1938 1276 esse
1978 1233 1991 1271 :
2031 1234 2056 1265 α
2099 1207 2532 1270 Divinissimo
2575 1205 2734 1284 patri
2769 1215 2907 1277 tuo,
2944 1204 3288 1285 inquiens,
3359 1221 3506 1283 QUID

197 1313 450 1378 virtutis
485 1317 746 1394 species
772 1317 1064 1380 animum
1101 1334 1230 1379 non
1267 1315 1690 1376 devinxerat?
1725 1314 1852 1372 Aut
1903 1311 2162 1372 cuinam
2195 1309 2250 1370 is
2292 1307 2482 1369 alteri
2511 1306 2610 1370 vel
2655 1305 2722 1367 in
2787 1305 3216 1366 humanitatis
3280 1305 3504 1366 studio

199 1410 452 1486 primas.
496 1413 597 1474 vel
637 1413 702 1474 in
735 1431 933 1476 sacrm
963 1413 1276 1475 doctrinm
1315 1419 1610 1472 accurata
1641 1407 2089 1486 exquisitione
2123 1405 2500 1468 concessit?
2548 1404 2664 1465 Cui
2705 1410 2908 1464 totum
2943 1402 3298 1480 imperium
3337 1401 3506 1463 nihil

195 1508 312 1568 fuit
351 1508 566 1583 aliud,
611 1511 736 1572 nisi
777 1511 922 1573 libri
957 1519 1020 1572 et
1051 1510 1551 1572 dissertationes
1576 1508 1915 1569 doctorum
1965 1506 2350 1579 hominum;
2383 1512 2444 1566 et
2478 1512 2588 1565 aut
2621 1502 2909 1582 proferre
2945 1502 3162 1582 ipsum
3214 1520 3292 1564 ex
3327 1519 3505 1574 sese,

197 1614 300 1665 aut
331 1605 410 1666 ab
443 1605 580 1668 alio
616 1609 840 1670 audire
877 1607 1190 1687 quiddam
1233 1624 1313 1668 ex
1360 1603 1747 1684 antiquitate
1777 1603 1945 1666 scitu
1988 1604 2284 1683 dignum.
2325 1625 2352 1659 ι
2383 1601 2674 1666 Celebrat
2743 1601 2936 1663 etiam
2977 1602 3506 1663 cumulatissime

195 1700 416 1764 laudes
453 1705 704 1774 Marim.
744 1707 883 1767 sive
910 1705 1212 1784 degentis
1241 1703 1308 1765 in
1347 1702 1774 1772 monasterio,
1815 1703 1955 1764 sive
1982 1703 2162 1781 prius
2190 1699 2651 1778 imperatricis,
2687 1708 2742 1761 et
2783 1703 3097 1775 Augusta)
3141 1700 3202 1760 in
3243 1699 3504 1770 throno,

197 1819 524 1882 suumque
562 1803 770 1865 tilium
807 1804 1308 1867 Constantinum
1347 1809 1470 1864 tam
1532 1800 1851 1863 laudabili
1886 1818 2040 1862 cura
2074 1799 2508 1867 instituentis,
2549 1807 2615 1859 nt
2650 1820 2679 1853 α
2721 1798 2943 1876 plures
2978 1807 3127 1859 nato
3163 1797 3508 1876 magistros

195 1898 924 1981 imposuerit,quorum
951 1901 1065 1963 alii
1100 1918 1172 1963 os
1215 1901 1564 1979 ﬁngerent,
1607 1899 2031 1977 linguamque
2079 1897 2435 1959 formarent
2470 1897 2613 1975 ejus
2651 1917 2666 1969 ;
2702 1894 2812 1957 alii
2871 1895 3258 1975 subigerent
3306 1895 3510 1956 disci-

201 1993 521 2070 plinarum
556 1999 900 2077 prmceptis
937 1999 1256 2071 animum,
1301 1998 1594 2060 historiae
1632 1997 1746 2058 alii
1784 1995 2077 2058 notitiam
2114 1995 2468 2065 traderent,
2510 2018 2536 2050 »
2564 2003 2635 2057 ut
2670 1993 2951 2074 legimus
2988 1995 3198 2072 capite
3234 1995 3332 2055 13.
3371 1996 3508 2056 Hos

195 2091 355 2153 inter
385 2104 688 2156 numerat
718 2115 787 2159 se
812 2097 1340 2177 Theophylactus
1377 2119 1390 2158 :
1429 2119 1456 2151 α
1493 2097 1698 2175 Regia:
1731 2095 2174 2156 lnstitutionis
2236 2095 2736 2163 munusculum,
2776 2091 3117 2171 inquiens,
3153 2094 3355 2155 affero
3387 2093 3505 2154 tibi

197 2186 621 2268 irrequisitus
657 2203 718 2254 et
756 2193 1167 2256 voluntarius
1208 2193 1514 2273 magister
1545 2202 1698 2254 tuus
1740 2209 1756 2266 ;

1927 2199 2192 2271 τεροῦμαι
2238 2200 2348 2272 γὰρ
2411 2197 2489 2270 τῷ
2529 2199 2828 2269 ὀνόματι...
2867 2199 3147 2264 Βασιλέως
3184 2199 3509 2271 καθηγητὴς

198 2297 711 2368 προσκαλούμενος,
751 2315 778 2345 κ
818 2291 1084 2352 exsulto
1117 2308 1401 2371 namque
1440 2297 1503 2353 et
1535 2289 1780 2369 glorior

1929 2290 2221 2361 nomine,
2284 2283 2460 2369 quod
2502 2287 2916 2366 imperatoris
2985 2300 3346 2368 prmceptor
3395 2307 3509 2369 ap-

199 2387 413 2460 peller.
457 2410 485 2444 ι)
526 2388 679 2449 Filii
711 2405 865 2469 ergo
899 2388 1312 2450 Constantini
1359 2396 1715 2468 praeceptor
1753 2405 1788 2449 a
1838 2386 2153 2449 Michacle
2188 2395 2249 2450 et
2291 2385 2490 2447 Maria
2548 2385 2933 2464 parentibus
2969 2385 3507 2466 'l‘heOphylactus

195 2481 480 2545 delectus
506 2485 1034 2566 designatusque
1071 2484 1354 2548 videtur.

269 2581 328 2640 9.
363 2582 516 2644 Haac
549 2587 778 2645 eadem
810 2591 1110 2662 tempora
1147 2583 1390 2645 indicat
1423 2583 1564 2663 ejus
1593 2582 1870 2663 epistola
1903 2599 2051 2661 quas
2081 2581 2252 2643 inter
2306 2581 2712 2643 MeurSianas
2749 2589 3132 2644 numeratur
3191 2581 3293 2656 ιι5,
3358 2583 3503 2646 data

195 2685 266 2755 τῷ
303 2688 588 2760 φιλοσόφῳ
629 2690 805 2762 κυρίῳ
842 2691 1104 2762 Ἰωάννῃ,
1159 2679 1413 2742 domino
1447 2683 1690 2743 Joanni
1742 2699 1777 2761 ι

1922 2680 2155 2758 ιεορὴο.
2213 2680 2271 2739 ls
2322 2687 2420 2740 est
2462 2679 2750 2741 Joannes
2789 2678 3018 2754 Italus,
3045 2679 3160 2759 qui
3202 2679 3282 2740 ab
3316 2682 3504 2743 Anna

199 2777 520 2840 Comnena
573 2780 740 2842 libro
778 2800 814 2843 v
851 2779 1207 2843 ‘Alexiados
1236 2789 1358 2842 κατ’
1393 2787 1588 2860 ἐξοχὴν
1621 2787 1889 2842 vocatur
1919 2777 2152 2851 Italus,
2185 2785 2410 2856 utpote
2452 2794 2531 2838 ex
2567 2777 2751 2839 Italia
2814 2777 3166 2840 oriundus.
3224 2780 3316 2840 De
3356 2777 3504 2857 ipso

198 2883 386 2955 agunt
430 2877 778 2939 Conradus
803 2879 1144 2940 Gesnerus
1181 2881 1246 2939 in
1275 2877 1676 2940 Bibliotheca
1725 2874 2100 2951 universali,
2139 2874 2500 2938 Casimirus
2563 2873 2874 2936 Oudinus
2927 2876 3016 2935 De
3066 2876 3506 2954 scriptoribus

196 2970 669 3049 ecclesiasticis,
721 2975 1047 3038 Antonius
1083 2975 1317 3055 Pagius
1352 2974 1428 3036 ad
1457 2992 1699 3036 annum
1733 2971 1911 3046 1083,
1943 2981 2013 3034 ut
2047 2981 2313 3034 creteros
2343 2972 2854 3050 praetermittam.
2913 2973 3255 3035 Michaelis
3304 2974 3504 3035 Pselli

199 3066 566 3147 discipulus
607 3071 888 3148 primum
929 3069 1078 3145 fuit,
1111 3070 1354 3134 deinde
1385 3070 1691 3144 mmulus,
1735 3070 2188 3150 philosophica
2219 3070 2594 3132 eruditione
2654 3069 3086 3133 clarissimus.
3153 3070 3508 3152 'I‘heOphy-

199 3160 333 3227 lacti
364 3168 441 3229 ad
479 3168 700 3246 ipsum
742 3171 934 3233 verba
957 3179 1110 3233 sunt
1138 3191 1154 3231 :
1183 3195 1213 3228 α
1251 3171 1527 3250 Nosjam
1563 3170 1768 3232 multo
1799 3168 2035 3231 abhinc
2059 3177 2377 3248 tempore,
2419 3185 2636 3246 neque
2670 3167 2917 3241 vidisti,
2958 3186 3173 3248 neque
3208 3169 3273 3232 in
3303 3169 3502 3232 rebus

198 3267 588 3328 necessariis
629 3266 874 3330 favisti.
915 3293 944 3327 »
980 3271 1147 3331 Tum
1182 3270 1328 3350 ejus
1369 3269 1876 3350 philosophiam,
1912 3292 1941 3324 α
1972 3267 2162 3347 cujus
2205 3266 2664 3346 ultimumjam
2700 3268 3042 3329 scanderat
3074 3265 3440 3348 fastigium,
3470 3293 3500 3327 ι)

200 3357 491 3438 impense
521 3363 768 3438 laudat.
813 3388 841 3422 α
877 3367 1084 3432 Nobis
1117 3374 1364 3441 autem,
1399 3369 1512 3438 ait,
1554 3384 1778 3447 puram
1813 3365 2020 3437 illam,
2056 3375 2118 3426 et
2155 3364 2466 3444 utrinque
2496 3370 2900 3427 constantem
2933 3363 3333 3428 invictorum
3371 3366 3502 3428 im-

201 3472 589 3536 peratornm,
639 3472 1005 3543 παραμῐλλων
1049 3471 1344 3544 βασιλέων,
1397 3466 1783 3527 benevolenl

1049 3471 1344 3544 βασιλέων,
1397 3464 1929 3527 benevolentiam
1962 3463 2229 3526 assidue
2270 3463 2533 3525 exhibe.
2578 3487 2605 3517 ιο

269 3554 495 3618 Varias
530 3560 673 3620 Itali
715 3561 889 3623 vices
912 3579 986 3624 ac
1018 3561 1142 3627 fata
1179 3564 1402 3641 paucis
1439 3579 1754 3637 memoro,
1785 3570 1854 3624 ut
1889 3561 2187 3641 epistolas
2212 3562 2286 3623 ad
2339 3562 2556 3640 ipsum
2592 3561 2755 3623 datm
2812 3571 3070 3639 tempus
3106 3563 3496 3630 innotescat.

200 3649 282 3712 Ex
313 3655 501 3715 Anna
528 3657 859 3720 Comnena
888 3659 1032 3722 loco
1055 3659 1248 3722 citato
1280 3661 1708 3734 addiscimus,
1739 3659 1957 3740 jurgia
1992 3659 2276 3722 movisse
2309 3658 2530 3737 ipsum
2590 3667 2814 3722 contra
2874 3659 3191 3736 Psellum,
3257 3682 3336 3725 ex
3400 3665 3501 3728 bis

197 3746 694 3814 admirationem
727 3755 854 3817 sibi
885 3765 948 3819 et
1000 3757 1302 3835 plausum
1363 3775 1774 3838 comparasse
1807 3775 1936 3820 non
1994 3757 2207 3821 solum
2260 3756 2492 3837 plebis,
2531 3775 2756 3818 verum
2791 3757 2985 3820 etiam
3053 3770 3426 3840 magnatum
3482 3782 3498 3821 :

194 3844 403 3910 favore
460 3851 744 3930 potitum
778 3869 926 3917 esse
964 3856 1301 3919 Michaelis
1337 3859 1529 3920 Ducm
1561 3856 1994 3936 imperatoris.
2032 3856 2304 3929 missum
2339 3853 2533 3941 etiam
2569 3853 2649 3916 ab
2680 3871 2759 3916 eo
2791 3872 2969 3918 anno
3015 3856 3276 3920 circiter
3345 3861 3503 3924 1073

193 3946 265 4010 ad
327 3948 558 4010 urbem
623 3953 1085 4029 Epidamnum,
1145 3956 1286 4016 sive
1348 3956 1805 4035 Dyrrachium,
1872 3961 1942 4016 ut
1990 3961 2217 4016 contra
2267 3951 2543 4014 bellicos
2597 3953 3130 4016 Normannornm
3184 3955 3252 4018 in
3315 3959 3502 4024 Italia

197 4045 812 4125 motusinvigilaret
839 4072 853 4110 :
882 4052 995 4113 sed
1029 4051 1230 4114 veluti
1271 4052 1352 4114 de
1389 4053 1763 4132 proditione
1815 4052 2211 4123 incusatum,
2275 4047 2530 4130 fugisse
2592 4050 2916 4114 Romam:
2953 4052 3149 4116 citius
3211 4063 3499 4121 attamen

195 4151 559 4204 revocatum
587 4144 1252 4228 ConstantinOpolim,
1280 4148 1508 4230 ibique
1535 4173 1564 4214 ι(
1595 4150 1800 4229 princi
1815 4157 2034 4229 patum
2051 4146 2480 4228 professionis
2517 4146 2990 4226 phil050phicm
3024 4175 3054 4209 ι
3082 4152 3494 4219 obtinuisse:

194 4235 342 4300 hanc
408 4241 601 4302 illum
664 4243 879 4321 egisse
922 4246 1212 4326 denique
1249 4265 1535 4321 scenam,
1567 4249 1776 4311 donec
1805 4249 2065 4322 Alexio,
2103 4245 2218 4327 qui
2275 4262 2448 4308 anno
2486 4246 2636 4308 1081
2714 4249 3067 4326 capessivit
3116 4251 3495 4330 imperium,

193 4341 264 4398 de
298 4339 495 4417 impia
538 4340 826 4403 doctrina
882 4354 1256 4424 suspectus,
1317 4347 1395 4408 ad
1462 4349 1768 4410 Ecclesim
1828 4345 2109 4407 tribunal
2173 4343 2430 4407 delatus
2471 4353 2592 4418 est,
2619 4391 2633 4402 .
2663 4362 3018 4424 percussus
3058 4351 3494 4427 anathemate,

193 4435 331 4530 acsi
368 4460 396 4492 ι(
434 4439 1060 4519 metempsychosim
1101 4465 1130 4500 ι
1164 4443 1520 4518 docuisset,
1555 4470 1583 4502 «
1645 4443 2055 4508 venerabiles
2089 4451 2541 4506 contemneret
2607 4452 2983 4508 sanctorum
3052 4449 3396 4530 imagines,
3465 4479 3493 4510 ιι

192 4529 478 4614 aliosque
525 4535 854 4614 vulgasset
890 4555 1172 4602 errores.

260 4626 394 4687 Jam
432 4628 680 4707 colligo
715 4631 1126 4707 superiorem
1161 4635 1632 4718 TheOphylacti
1667 4638 2008 4718 epistolam
2043 4640 2254 4702 datam
2283 4656 2413 4703 non
2446 4657 2594 4704 esse
2629 4640 2949 4705 Alexiano
2982 4651 3312 4724 tempore;
3350 4649 3486 4728 [VI]

192 4718 390 4822 datam
428 4741 596 4822 vero
620 4727 746 4789 dici
780 4728 1047 4804 debere,
1087 4751 1235 4796 cum
1270 4736 1471 4798 Italus
1499 4737 1712 4799 adhuc
1737 4746 1912 4800 esset
1948 4738 2451 4817 imperatoribus
2496 4747 2828 4818 acceptus,
2891 4748 2951 4802 et
3011 4718 3486 4822 in'iperatoruni

191 4814 706 4886 benevolentiam
745 4825 1092 4904 impetrare
1125 4830 1612 4912 Theophylacto
1645 4844 1884 4914 posset.
1909 4814 2089 4910 Quos
2115 4851 2236 4914 ego
2266 4814 2690 4914 imperatores
2728 4814 3170 4902 intellexerim
3204 4845 3494 4910 Michae-

194 4913 312 5016 lem
342 4920 610 4994 Ducam,
646 4932 706 4982 et
738 4923 1004 4986 Mariam
1035 4928 1405 5008 conjugem.
1442 4913 1664 4994 Fuerit
1710 4951 1866 4995 vero
1902 4935 2040 5012 ipsa
2073 4913 2276 4996 Maria
2311 4935 2718 5012 imperatrix,
2781 4945 2842 4996 et
2885 4937 3294 5016 Niceplmrus
3356 4946 3487 5007 Bo-

194 5013 420 5078 tuniata
447 5017 806 5118 imperator
846 5044 860 5082 :
903 5040 1060 5086 sane
1093 5043 1240 5088 cum
1276 5027 1964 5110 haec'l‘heOpbylactus
1999 5033 2338 5106 scriberet,
2375 5051 2443 5094 se
2496 5046 2524 5089 ιι
2563 5033 2693 5113 jam
2763 5035 2969 5097 multo
3023 5013 3263 5102 abhinc
3325 5049 3489 5118 tem-

194 5125 336 5215 pore
370 5134 398 5168 ν
423 5131 569 5215 non
597 5115 806 5215 visum
841 5120 922 5180 ab
958 5122 1116 5184 Italo
1140 5125 1390 5199 aiebat;
1423 5137 1490 5188 ut
1527 5126 1676 5190 hinc
1708 5146 1972 5192 sumere
2008 5130 2327 5192 indicium
2383 5131 2577 5193 liceat
2632 5131 2930 5210 imperii,
2992 5137 3170 5215 quod
3207 5115 3484 5205 Michael

194 5213 335 5270 tunc
359 5212 847 5278 administraret
878 5218 956 5278 ad
993 5236 1236 5282 annum
1277 5241 1485 5305 usque
1525 5227 1698 5299 1078,
1732 5243 1865 5305 quo
1915 5229 2251 5290 Botoniata
2287 5229 2627 5292 successit.

265 5305 357 5370 10.
393 5306 1000 5417 Chronographiam
1042 5321 1378 5381 conﬁrmat
1412 5321 1708 5400 ejusdem
1747 5324 1949 5400 prima
1986 5324 2263 5402 epistola
2290 5324 2371 5385 ad
2407 5328 2684 5388 Mariam
2730 5331 3234 5408 imperatricem,
3292 5337 3487 5417 cujus

193 5417 481 5514 excerpta
527 5409 850 5514 Itaronius
908 5413 1175 5514 exhibet
1219 5419 1297 5479 ad
1346 5437 1589 5481 annum
1637 5422 1814 5496 1071,
1877 5441 2058 5483 num.
2124 5425 2295 5484 XVI.
2341 5424 2546 5485 Verba
2607 5438 2813 5487 sunt:
2855 5449 2884 5482 α
2945 5430 3289 5494 Descendo
3354 5409 3491 5514 igi-

195 5507 289 5607 lUl'
315 5505 763 5607 fiflliulgaros,
801 5527 866 5568 re
920 5511 1703 5592 Constantinopolitanus,
1745 5520 2028 5595 hOSpitio
2089 5521 2687 5600 Bulgarus,cariem
2749 5524 3087 5605 situmque
3146 5505 3484 5607 redoleas,

196 5605 258 5656 ut
322 5600 417 5662 illi
480 5602 753 5703 pellium
810 5609 1152 5703 pedorem.
1225 5639 1252 5669 ››
1323 5615 1594 5678 [lenibat
1639 5617 1889 5680 scilicet
1949 5618 2025 5676 ad
2095 5633 2279 5678 suam
2345 5618 2698 5680 Ecclesium
2765 5621 2827 5681 in
2862 5600 3260 5703 Bul'gariam,
3309 5600 3485 5695 unde

193 5708 446 5760 venerat
479 5699 1150 5783 Constantinopolim.
1190 5712 1405 5792 Pergit
1471 5731 1622 5776 vero
1656 5737 1670 5776 :
1708 5738 1736 5771 α
1771 5716 1921 5778 Haec
1954 5717 2174 5796 itaque
2207 5714 2400 5777 senili
2434 5733 2545 5778 ore
2579 5727 2803 5782 sancto
2834 5699 3114 5801 imperio
3154 5699 3484 5809 tuojocati

190 5805 435 5857 sumus.
477 5820 506 5853 ι

270 5888 560 5956 Titulum
595 5893 1037 5974 imperalricis
1068 5907 1271 5970 tenuit
1313 5910 1517 5972 Maria
1562 5910 1686 5973 sub
1718 5912 2037 5978 Michaclo
2080 5915 2279 5992 Duca,
2315 5913 2528 5993 primo
2563 5915 2705 5996 ejus
2741 5916 2903 5994 viro,
2944 5920 3288 6003 tenuitque
3345 5932 3486 6002 pust
