4006 6534
545 409 614 474 19
901 367 909 382 ’
1350 414 1574 477 BERN.
1613 416 1879 479 manus
1919 419 2016 479 ns
2053 420 2340 482 RUBEIS
2386 423 2892 488 DISSERTA'I‘IO
3730 428 3800 492 ιο

539 541 787 586 annum
810 525 982 596 1078,
1027 526 1534 605 subNicephoro
1569 528 1927 602 Botoniata,
1960 533 2073 611 qui
2107 533 2232 594 sibi
2290 553 2430 597 eam
2475 537 2805 613 copulavit
2855 553 3124 598 uxorem
3187 561 3201 598 :
3255 537 3425 599 unde
3485 539 3610 600 sub
3670 538 3800 602 haec

537 629 826 697 tempora
861 620 1070 682 datam
1106 622 1266 684 banc
1295 640 1326 683 a
1361 623 1842 702 TheOphylacto
1867 628 2230 705 epistolam,
2257 641 2528 694 constat.
2557 634 2623 693 In
2655 650 2726 694 ea
2742 638 2875 711 jam
2905 649 3131 695 senem
3163 642 3341 694 vocat
3369 651 3538 703 sese,
3586 635 3648 695 id
3691 644 3787 697 est

535 717 740 777 (etatis
765 717 894 795 jam
932 727 1249 794 provectae
1278 741 1292 780 :
1325 729 1386 780 et
1416 719 1549 782 haec
1580 722 1721 800 ejus
1753 724 1994 796 senilis,
2032 734 2142 785 aut
2185 735 2336 787 mtas
2366 735 2659 806 provecta
2690 727 2904 806 ipsum
2947 729 3090 790 siue
3148 729 3348 790 dubio
3379 728 3641 790 exhibet
3673 732 3796 793 sub

536 813 874 876 Botnniata
910 824 973 875 et
1014 813 1325 876 Michael‘e
1385 819 1555 878 Duca
1587 818 1818 880 litteris
1848 836 1919 880 ac
1942 820 2253 898 dignitate
2290 824 2647 884 tlorentem.
2682 824 2857 895 Alias
2912 823 3227 886 Baronius
3259 825 3440 885 aﬂert
3501 827 3794 903 ejusdem

536 911 846 990 epistolas
873 911 949 973 ad
981 928 1222 973 annum
1255 914 1433 989 1073,
1473 932 1506 976 a
1535 933 1710 976 num.
1746 917 2100 990 LXXXIII,
2133 918 2372 995 quibus
2404 919 2676 981 indicari
2707 931 2880 998 putat
2923 921 3136 999 gentis
3163 923 3576 985 Crabatorum
3624 923 3792 984 irru-

536 1009 818 1084 ptioues,
847 1025 1014 1087 quin,
1053 1008 1324 1071 testibus
1354 1011 1715 1091 Nicephoro
1745 1011 2078 1082 Briennio,
2115 1023 2178 1077 et
2209 1015 2612 1094 Curopalata,
2641 1026 2703 1078 et
2742 1019 3009 1093 Zonara,
3045 1043 3072 1073 α
3107 1019 3296 1079 tertio
3322 1034 3493 1080 anno
3521 1019 3780 1095 imperii

535 1105 920 1186 (Michaelis)
944 1106 1308 1186 Bulgariam
1340 1124 1653 1186 occupare
1672 1125 1972 1189 aggressa
2013 1118 2134 1180 est,
2169 1129 2241 1175 ac
2273 1114 2562 1192 quaedam
2591 1113 2730 1175 loca
2758 1113 2952 1193 cepit.
2992 1138 3021 1170 n
3049 1115 3262 1176 Satius
3293 1113 3516 1190 fuerit,
3569 1116 3787 1178 virum

533 1204 986 1266 doctissimum
1021 1207 1099 1265 (lc
1133 1206 1232 1266 his
1263 1208 1629 1268 consulere.
3079 1234 3087 1246 -

2105 1382 2206 1443 ιν.

530 1533 831 1614 Florebat
887 1534 1021 1593 sine
1061 1533 1249 1614 dubio
1299 1533 1413 1593 sub
1457 1533 1684 1614 Alexio
1742 1534 2060 1614 Comnena
2098 1535 2500 1612 imperatore.
2563 1533 2862 1614 Ejusdem
2911 1535 3368 1614 Theophylacti
3400 1537 3673 1614 cpistola
3708 1534 3795 1598 ad
3869 1563 3871 1576 ι

609 1611 1032 1688 Nicephorum
1062 1612 1468 1692 Metisscnum
1499 1613 1826 1683 Caesarem,
1861 1613 1972 1674 ubi
2019 1612 2095 1673 de
2153 1611 2586 1692 imperatoris,
2610 1611 2746 1673 ἀυτ
2803 1611 3234 1686 Constantini,
3289 1624 3402 1675 aut
3432 1611 3794 1677 'Michaclis

606 1702 823 1751 morte.
858 1693 1014 1752 Item
1051 1691 1133 1751 ad
1155 1691 1534 1771 Gregorium
1563 1693 1985 1754 Cornutorum.

611 1835 708 1892 11.
749 1829 870 1891 Sed
907 1828 1112 1897 Alexii
1142 1830 1451 1891 Comneni
1485 1829 1864 1908 imperium,
1905 1820 2264 1892 anno'1081
2313 1831 2664 1907 inceptum,
2704 1830 2996 1908 attigisse
3031 1831 3616 1908 TheOphylactum,
3647 1833 3778 1911 jazn

524 1926 768 1988 evincit
799 1925 938 2006 ejus
966 1927 1162 2003 Regia
1190 1925 1550 1998 Institutio,
1583 1925 1973 1991 subveodem
2009 1930 2302 2007 Augusto
2332 1929 2409 1988 ad
2438 1927 2929 1988 Constantinum
2968 1922 3596 2004 Porphyrogenitum
3633 1947 3791 1990 nun-

526 2031 778 2101 cupata,
819 2021 1362 2083 utadnotavimus
1399 2039 1577 2084 num.
1602 2023 1663 2084 8.
1697 2025 1852 2086 Rem
1882 2021 2034 2085 facit
2058 2023 2390 2086 indubiam
2423 2024 2697 2100 epistola
2756 2024 2924 2084 inter
2963 2023 3368 2084 Meursianas
3403 2024 3613 2096 tertia,
3647 2025 3788 2086 data

523 2118 776 2180 domino
799 2117 1064 2183 Nicolao
1091 2120 1498 2196 patriarcha,
1523 2119 1635 2198 qui
1671 2119 1892 2181 sedem
1918 2119 2693 2195 Conslantiuopolitanam
2716 2135 2887 2180 anno
2924 2117 3080 2180 108’s
3107 2119 3512 2194 conscendit,
3537 2122 3786 2182 tenuit-

525 2231 656 2294 que
689 2216 766 2276 ad
802 2232 1044 2276 annum
1089 2217 1500 2279 undecimum
1536 2217 1754 2278 saeculi
1789 2217 2189 2279 duodecimi.
2225 2216 2460 2277 Recole
2501 2216 2668 2276 dicta
2714 2233 2892 2277 num.
2925 2219 2987 2276 6.

609 2313 706 2373 12.
745 2312 1030 2388 Epistula
1063 2313 1138 2373 12
1167 2311 1250 2372 ad
1280 2312 1582 2374 Cmarem
1612 2312 1751 2377 data
1785 2324 1904 2378 est.
1941 2312 2626 2390 Nicephorumuempe
2657 2309 3088 2399 Melissenum
3123 2332 3138 2368 :
3173 2333 3203 2366 ι
3238 2312 3350 2389 qui
3381 2311 3460 2372 ab
3491 2312 3789 2374 exercitu

525 2406 874 2487 imperator
900 2405 1324 2484 proclamatus
1349 2405 1587 2486 (verbis
1611 2415 1756 2469 utor
1785 2406 2202 2472 Dufresniiin
2231 2410 2573 2470 Stemmate
2606 2409 3084 2470 Comnenorum
3126 2425 3306 2471 num.
3334 2407 3440 2487 IV)
3476 2417 3789 2487 potestate

529 2494 768 2565 uxoris
791 2502 1097 2565 Eudocia)
1139 2502 1349 2575 fratri,
1391 2501 1616 2562 Alexio
1648 2503 2001 2572 Comnena,
2035 2504 2206 2568 ultro
2249 2505 2464 2576 cessit,
2493 2503 2761 2566 Caesaris
2795 2503 2982 2566 titulo
3019 2510 3390 2564 contentus.
3443 2528 3474 2561 ι
3502 2505 3786 2567 Caesarea

529 2599 844 2678 dignitate
876 2599 1152 2662 donatus
1187 2605 1280 2660 est
1315 2616 1427 2658 vm
1461 2597 1729 2677 Aprilis,
1761 2597 1917 2660 feria
1959 2618 1993 2661 v
2031 2599 2451 2664 hebdomadis
2483 2599 2810 2663 Paschalis
2836 2615 3006 2661 anno
3032 2599 3210 2669 1082,
3274 2601 3692 2679 excessitque
3751 2618 3786 2663 θ

527 2697 657 2756 vita
698 2697 804 2758 die
838 2715 972 2757 xvn
1007 2696 1408 2767 Novembris,
1437 2697 1796 2764 indictione
1825 2715 1963 2769 xm,
1995 2714 2166 2761 anno
2197 2698 2437 2764 Christi
2475 2695 2654 2763 11M.
2688 2697 2775 2757 Ea
2808 2694 3030 2774 itaque
3067 2695 3343 2774 epistola
3372 2707 3516 2773 post
3541 2714 3786 2759 annum

528 2792 684 2853 1082
712 2809 746 2853 a
778 2791 1258 2871 TheOphylacto
1292 2791 1551 2863 scripta.

609 2914 760 2976 Eme
793 2913 855 2973 in
890 2912 1110 2973 eadem
1151 2910 1470 2973 habentur
1499 2909 1688 2972 verba
1723 2931 1793 2971 τα
1832 2911 2055 2973 Amnis
2086 2913 2180 2974 tui
2214 2910 2631 2990 imperatoris
2683 2917 2981 2982 mortem,
3017 2907 3204 2986 cujus
3237 2908 3600 2970 sanctitatis
3651 2909 3784 2970 vir-

526 3019 699 3072 tutes
730 3024 955 3070 omnes
987 3014 1043 3068 et
1082 3007 1315 3087 gratias
1349 3023 1468 3087 ego
1499 3005 1641 3083 ipse
1673 3006 2010 3086 potissima
2070 3021 2216 3070 sum
2249 3015 2579 3084 expertus,
2610 3006 2783 3066 unde
2813 3005 3074 3084 planctu
3105 3005 3343 3082 dignus
3377 3011 3437 3065 et
3473 3015 3786 3082 perpetuo

525 3106 707 3168 luctu
750 3104 909 3168 mihi
937 3103 1048 3165 ille
1090 3105 1376 3178 videtur,
1413 3101 1469 3165 si
1500 3100 1694 3165 alicui
1740 3102 1925 3166 alteri
1959 3104 2197 3167 etiam:
2235 3105 2438 3176 illam,
2471 3106 2765 3183 inquam,
2821 3103 2889 3164 in
2924 3102 3289 3180 expeditam
3323 3102 3523 3166 animi
3573 3119 3788 3181 prom-

525 3203 914 3282 ptitudinem
952 3203 1258 3280 accipies.
1294 3223 1326 3261 ι
1357 3203 1652 3276 Quonam
1681 3201 1761 3263 de
1786 3201 2171 3280 imperatore
2207 3201 2327 3261 vita
2364 3201 2584 3261 functo
2617 3214 2832 3260 sermo
2863 3199 2989 3268 ﬁat,
3024 3214 3150 3260 non
3192 3196 3280 3259 ila
3335 3200 3780 3275 perspicuum.

524 3302 690 3362 Num
753 3299 949 3363 fuerit
1003 3299 1466 3362 Constantinus
1526 3297 2143 3380 Porphyrogenitus,
2197 3297 2536 3360 Michaelis
2596 3307 2657 3357 et
2705 3294 2922 3357 Marim
2987 3293 3186 3368 ﬁlius,
3258 3293 3374 3370 qui
3419 3296 3498 3356 ab
3539 3293 3785 3356 Alexio

526 3399 857 3464 Comnena
891 3396 1489 3476 particepsimperii
1521 3396 1732 3460 dictus
1763 3412 1887 3470 esu,
1928 3398 2110 3459 Anna
2152 3397 2479 3458 Comnena
2515 3402 2678 3457 teste
2709 3393 2874 3454 libro
2905 3412 2978 3454 ιιι
3029 3392 3402 3467 Alexiados,
3455 3415 3485 3450 α
3543 3410 3786 3458 corona

526 3493 868 3569 Augustali
921 3493 1244 3568 utebatur,
1279 3505 1341 3555 et
1392 3509 1626 3555 nomen
1660 3491 1979 3566 ejuscum
2038 3491 2253 3554 Alexii
2304 3491 2567 3556 nomine
2610 3490 3164 3569 proclamabatur?
3217 3513 3247 3546 ιο
3301 3490 3538 3551 Eadem
3594 3494 3783 3551 Anna

522 3586 692 3650 libro
733 3608 794 3658 vi
826 3605 980 3650 suos
1013 3603 1263 3650 enarrat
1327 3589 1570 3652 natales
1608 3605 1778 3650 anno
1834 3589 2092 3652 circiter
2152 3589 2333 3655 1083.
2400 3588 2662 3666 sibique
2721 3587 3015 3648 futurum
3050 3601 3362 3664 sponsum
3396 3585 3572 3648 addit
3601 3587 3781 3648 desi-

525 3696 790 3761 gnatum
823 3685 1027 3748 fuisse
1052 3687 1570 3761 Constantinum,
1603 3689 1908 3749 etambos
1937 3688 2214 3764 publicis
2257 3687 2322 3745 in
2381 3683 2958 3748 acclamationibus
3021 3683 3402 3761 conjunctos
3440 3705 3454 3743 :
3516 3703 3549 3740 tr
3586 3684 3780 3757 Quod

524 3783 680 3842 satis
718 3784 909 3862 longo
940 3793 1253 3862 tempore,
1286 3784 1398 3859 ait,
1433 3795 1512 3844 ita
1549 3801 1693 3844 esse
1725 3782 1986 3855 factum,
2021 3799 2056 3845 a
2097 3770 2472 3862 parentibus
2504 3781 2886 3859 caaterisque
2921 3781 3163 3859 smpius
3195 3779 3445 3841 audivi.
3482 3803 3510 3835 ι
3545 3783 3779 3842 Emor—

522 3878 721 3939 tualis
762 3879 903 3956 ejus
938 3897 1150 3940 annus
1189 3897 1318 3944 non
1356 3879 1753 3942 innotescit':
1785 3888 1845 3941 at
1876 3880 2090 3958 ipsum
2122 3879 2245 3940 vita
2279 3876 2572 3939 functum
2608 3885 2747 3955 post
2786 3894 3029 3938 annum
3074 3875 3229 3938 1081s
3263 3877 3548 3938 indicant
3583 3881 3784 3938 Anna)

522 3975 716 4036 verba
759 3997 774 4035 :
816 3993 1027 4056 neque
1067 3976 1271 4037 solida
1323 3993 1546 4039 eorum
1577 3977 1853 4039 narratio
1883 3985 2004 4048 est,
2037 3978 2146 4055 qui
2179 3986 2502 4037 mortuum
2535 3981 2832 4035 asserunt
2858 3989 3029 4032 anno
3069 3972 3245 4045 1081,
3280 3974 3343 4034 in
3378 3973 3782 4053 Dyrrachino

523 4071 775 4148 prtBliO,
803 4073 978 4149 quod
1016 4089 1047 4134 a
1079 4073 1359 4134 Roberto
1395 4073 1753 4135 Guiscardo
1782 4073 2199 4134 commissum
2235 4071 2384 4134 fuit.
2435 4073 2657 4149 Itaque
2694 4069 2856 4130 datm
2895 4085 2925 4126 ιι
2965 4069 3447 4148 Theophvlucto
3481 4069 3784 4132 epistola

523 4177 782 4246 tempus
813 4167 942 4246 jam
987 4168 1283 4235 sublucet
2212 4177 2214 4179 ’

608 4291 829 4350 Fuerit
859 4290 1204 4353 defunctus
1240 4292 1581 4368 imperator
1617 4294 1726 4357 ille
1757 4295 2024 4357 Michae.
2060 4295 2290 4368 Ducas,
2329 4302 2505 4372 pater
2530 4293 2961 4367 Constantini,
2998 4309 3032 4354 a
3091 4294 3424 4355 Botoniata
3465 4293 3780 4356 deturba-

526 4400 656 4455 tus.
695 4387 936 4466 Ephesi
974 4388 1377 4467 metrOpolita
1408 4393 1698 4453 detonsis
1730 4393 1980 4472 capillis
2013 4391 2282 4463 electus,
2346 4392 2409 4453 in
2444 4392 2905 4453 monasterium
2941 4398 3156 4468 postea
3217 4391 3551 4464 secedens,
3609 4393 3783 4469 [VII]

524 4484 663 4544 suis
701 4484 998 4546 manibus
1039 4483 1359 4559 laborans,
1397 4505 1784 4568 semperque
1815 4489 2167 4550 honorifice
2204 4488 2464 4550 habitus
2493 4487 2573 4549 ab
2602 4487 2850 4548 Alexio.
2885 4487 3172 4566 Hujusce
3207 4487 3588 4565 imperantis
3619 4497 3782 4550 tem-

526 4596 706 4657 pure,
733 4579 858 4640 vita
883 4581 1129 4641 mox-tali
1163 4583 1462 4659 migravit
1495 4600 1508 4642 ε
1541 4585 1710 4645 unde
1743 4584 1953 4646 adhuc
1989 4584 2284 4654 eﬂicitur,
2320 4602 2461 4646 eam
2494 4582 2956 4663 Theophylacti
2996 4583 3335 4662 epistolam
3368 4585 3446 4647 ad
3477 4584 3776 4650 Alexisni

524 4677 782 4753 imperii
822 4677 1226 4753 procedentis
1268 4685 1554 4755 tempora
1589 4681 1936 4757 pertinere.
3393 4679 3397 4683 ’

611 4797 710 4858 13.
744 4799 1008 4858 Domino
1042 4799 1349 4876 Gregorio
1387 4798 1712 4861 Camatero
1772 4801 2009 4878 scripta
2058 4801 2300 4880 legitur
2354 4799 2626 4878 epistola
2683 4809 2888 4862 sexta.
2944 4802 3094 4862 Haac
3155 4799 3524 4862 habentur:
3568 4823 3597 4856 α
3634 4803 3775 4863 Non

530 4894 700 4956 enim
772 4892 1301 4972 archiepiscOpus
1356 4895 1521 4974 (ipse
1580 4913 1810 4973 nempe
1864 4896 2412 4977 'I‘beOphylactus)
2482 4897 2622 4959 viro
2663 4896 2756 4957 illi
2801 4896 3179 4975 (Camatero)
3215 4897 3491 4976 ignovit,
3527 4899 3778 4960 circum

527 5007 720 5066 quem
759 4989 929 5050 varia
964 4989 1371 5066 imperatoris
1402 4991 1810 5069 negatiorum
1845 4993 2146 5054 examina
2169 4995 2296 5055 alto
2350 5011 2620 5055 susurro
2655 5011 2911 5072 semper
2969 4994 3469 5055 immurmurant
3510 5016 3524 5054 :
3563 4998 3661 5047 καὶ
3703 4995 3780 5048 τὰ

526 5092 658 5163 παρ’
699 5092 902 5161 ἑτέρων
932 5092 1240 5162 γράμματα
1266 5095 1660 5165 παρενόχλημα
1685 5096 1784 5165 οὐχ
1835 5091 2027 5167 ἦττον,
2058 5097 2090 5166 ἦ

2227 5098 2358 5150 αὐτὸ
2397 5098 2633 5170 γράφειν
2665 5100 2897 5168 ἑτέροις,
2930 5098 2992 5150 et
3053 5090 3160 5152 cui
3193 5092 3472 5153 aliorum
3541 5091 3781 5154 littera)

531 5198 657 5242 non
698 5180 1011 5241 minorem
1047 5179 1403 5240 molestiam
1435 5181 1734 5272 afferunt,
1761 5201 1952 5261 quam
1985 5185 2062 5247 ad
2095 5185 2254 5248 alios
2287 5188 2612 5249 scribendi
2652 5205 2913 5249 munus.
2954 5211 2982 5244 ιο
3014 5187 3382 5268 Injunctum
3439 5190 3779 5255 Camatero

531 5275 858 5337 secretarii
894 5291 1128 5337 munus
1162 5276 1570 5355 intelligitur.

612 5396 740 5455 Hac
770 5393 850 5455 de
884 5411 949 5454 re
983 5393 1113 5474 agit
1145 5398 1320 5458 Anna
1355 5396 1674 5457 Comnena
1711 5398 1873 5460 libro
1924 5417 1985 5459 IX
2038 5400 2410 5472 Alexiados,
2477 5410 2819 5480 antequam
2875 5419 3196 5464 sacrarum
3249 5411 3466 5464 contra
3512 5405 3774 5469 Sarace-

530 5507 650 5552 nos
676 5491 1166 5569 expeditionum
1201 5491 1538 5556 historiam
1567 5496 2004 5572 aggrediatur,
2035 5514 2181 5574 quae
2210 5513 2380 5558 anno
2419 5499 2576 5558 1096
2604 5499 2986 5576 inceperunt
3022 5517 3037 5554 :
3095 5522 3122 5553 α
3178 5499 3530 5578 Scribaque
3568 5503 3772 5566 advo-

528 5596 705 5649 catur
735 5605 882 5649 cum
921 5587 1181 5659 tabulis,
1218 5588 1551 5668 inquiens,
1589 5592 1944 5668 Gregorius
1978 5594 2373 5665 Camaterus,
2408 5594 2473 5653 in
2505 5594 2567 5654 id
2602 5592 2791 5655 oiIicii
2830 5611 3038 5672 nuper
3067 5595 3307 5657 ascitus
3355 5597 3525 5673 apud
3556 5598 3769 5678 impe-

529 5693 828 5746 ratorem.
867 5706 895 5737 η
928 5686 1064 5746 Hoc
1092 5685 1294 5763 igitur
1324 5695 1610 5765 tempore
1646 5697 1708 5752 et
1735 5689 1926 5752 vitam
1959 5688 2185 5767 agebat
2215 5698 2276 5749 et
2329 5691 2646 5752 scribebat
2677 5689 3220 5770 TheOphylactus.
3285 5695 3370 5754 Ad
3428 5693 3783 5773 lugothetm

530 5780 908 5934 piguitatem
947 5780 1130 5932 illium
1156 5789 1388 5934 1postea
1444 5784 1792 5863 imperator
1823 5787 2038 5849 evexit
2067 5808 2084 5861 ;
2121 5787 2386 5867 ipsique
2413 5787 2725 5866 Gregorio
2753 5790 3076 5850 Camattro
3104 5791 3430 5870 logothctw
3457 5792 3778 5877 inscripta

555 5875 766 5934 euitur
805 5875 1012 5934 ervisto
1041 5891 1075 5934 a
1108 5878 1143 5934 7
1193 5921 1203 5933 .

555 5875 766 5954 agitur
805 5875 1075 5954 epistola
1108 5876 1203 5935 71.
