4006 6482
523 416 595 483 23
1330 413 1552 472 BERN.
1597 409 1864 471 MARLE
1908 409 2003 469 DE
2044 406 2330 468 RUBEIS
2362 403 2781 465 DISSERTAT
2789 401 2866 460 10
3489 461 3494 465 ,
3709 392 3780 458 ει

526 531 891 611 petentibus
927 526 1485 588 uiauibusTurcus
1517 521 1978 582 constrictus...
2016 515 2417 594 pasciscitur,
2448 521 2512 573 ut
2548 513 2861 572 Fraucum
2889 518 3111 570 uestro
3141 508 3514 586 imperatori
3555 517 3780 588 poten-

526 629 779 692 tiSsimo
811 633 982 686 esset
1023 622 1398 684 traditurus.
1441 642 1470 675 ιι

605 726 872 801 Captqu
906 718 1202 782 aTurcis
1259 717 1706 777 Boemundum
1778 713 1906 773 bznc
1938 712 2092 772 satis
2157 709 2466 771 indicant.
2537 708 2754 768 Narrat
2805 711 3020 801 autem
3075 700 3630 801 TheOphylactus,
3677 704 3776 801 de

525 797 821 883 libertate
857 819 998 897 ejus
1033 813 1380 877 obtinenda
1411 819 1620 874 actum
1655 829 1822 882 esse,
1859 834 1886 865 α
1959 811 2416 886 imperatorum
2469 802 2667 882 gratia
2719 824 2733 862 :
2779 826 2805 856 υ
2856 800 2987 878 jam
3049 797 3223 859 enim
3283 800 3360 860 ab
3417 816 3588 860 anno
3625 798 3775 860 1091

526 933 792 980 consors
829 896 1087 988 imperii
1128 907 1491 971 declaratus
1527 906 1734 968 fuerat
1767 907 2044 966 Joannes
2078 904 2448 964 Comnenus
2508 919 2650 962 cum
2704 898 2936 960 Alexio
2978 905 3178 975 patre.
3255 896 3529 957 Videtur
3583 897 3777 958 etiam

527 1013 838 1084 indicare,
871 1010 952 1070 ob
998 1005 1204 1066 varias
1266 1005 1343 1065 de
1410 1003 1637 1063 Turcis
1697 1002 1923 1062 relatas
1951 999 2274 1072 victorias,
2305 997 2490 1059 facile
2525 999 2763 1056 'l‘urcas
2796 993 2972 1072 ipsos
3011 993 3073 1054 in
3113 991 3175 1052 id
3212 1009 3676 1063 consensuros,
3710 1002 3778 1054 ut

532 1109 759 1172 Alexio
791 1103 1162 1182 imperatori
1197 1101 1518 1162 traderent
1551 1097 2023 1170 Boemundum,
2055 1115 2246 1176 quem
2286 1097 2487 1174 capti»
2509 1111 2612 1154 um
2649 1093 2974 1154 tenebant.
3009 1090 3227 1153 Refert
3265 1093 3585 1154 lieinerus
3620 1093 3773 1154 Rei-

525 1205 788 1267 neccius
822 1203 885 1263 in
920 1199 1213 1262 Historia
1260 1193 1576 1266 orientali,
1643 1195 1805 1254 libro
1862 1211 1953 1267 ix,
1987 1195 2194 1270 capite
2250 1195 2350 1266 38,
2415 1217 2443 1249 α
2488 1191 2792 1253 Alexium
2855 1193 3338 1268 imperatorem.
3376 1189 3477 1252 cui
3515 1209 3779 1269 semper

524 1300 946 1363 Beemundus
970 1303 1310 1373 suspectus
1337 1301 1490 1363 erat,
1528 1308 1604 1353 ne
1661 1308 1809 1353 eum
1873 1309 1905 1353 e
1971 1308 2165 1369 regno
2209 1289 2588 1369 expelleret,
2623 1287 2961 1365 pecuniam
2995 1307 3153 1350 cccx
3198 1289 3480 1348 millium
3519 1289 3778 1367 Byzan-

523 1398 836 1468 tinorum,
873 1392 1281 1454 creberrimis
1336 1389 1773 1468 legationibus
1833 1389 2284 1468 epistolarum.
2347 1385 2663 1448 obtulisse
2708 1386 3074 1448 Donimano
3119 1384 3254 1463 (qui
3323 1386 3780 1450 Boemundum

523 1493 847 1570 captivum
904 1489 1135 1552 fecerat
1189 1484 1602 1565 tenebatque)
1654 1494 1976 1565 quatenus
2046 1485 2258 1562 ipsum
2321 1483 2766 1544 Boemundum
2830 1501 2969 1546 sua)
3032 1487 3434 1565 manciparet
3489 1487 3728 1549 ditioui
3763 1529 3778 1556 .

523 1587 752 1650 volens
790 1604 935 1647 eum
961 1595 1068 1646 aut
1099 1593 1339 1645 esterno
1372 1582 1634 1655 exsilio,
1701 1589 1811 1643 aut
1870 1588 2181 1659 perpetua
2248 1581 2658 1642 damnatione
2714 1581 2970 1658 punire.
3026 1607 3053 1638 ι
3112 1584 3234 1643 Res
3297 1599 3448 1644 vero
3508 1584 3781 1661 contigit

524 1685 738 1747 aliter.
773 1687 866 1744 Ad
897 1683 1030 1744 haec
1064 1682 1291 1760 utique
1329 1679 1622 1741 alludere
1656 1678 1917 1740 videtur
1943 1677 2490 1758 Theophylactus,
2543 1677 2658 1758 qui
2690 1686 2897 1740 tamen
2951 1697 3022 1741 ea
3074 1680 3218 1756 plus
3255 1679 3460 1744 uimio
3497 1682 3784 1760 amplifi-

525 1788 646 1849 cat,
677 1797 920 1857 proque
955 1776 1151 1858 genio
1179 1776 1477 1856 votisque
1510 1773 1861 1854 composita
1887 1782 2120 1837 narrat.
2157 1776 2374 1837 Datam
2402 1791 2554 1854 ergo
2587 1775 2744 1836 hanc
2778 1775 2920 1854 ejus
2957 1776 3298 1855 epistolam
3331 1795 3501 1840 anno
3526 1779 3784 1842 circiter

528 1879 683 1939 1100
706 1877 832 1954 jam
859 1875 1066 1937 vides.

547 2041 552 2048 ,
608 1974 894 2052 Cercyrw
926 1989 1042 2034 seu
1075 1970 1364 2049 Corcyra
1396 1972 1691 2051 episcopo
1724 1971 1958 2049 scripta
1992 1976 2086 2032 est
2116 1968 2387 2048 epistola
2422 1970 2526 2043 22,
2557 1969 2665 2030 ubi
2704 1969 2835 2032 ιιωο
2873 1969 3194 2033 habentur
3239 1994 3252 2032 :
3310 1996 3339 2028 (ι
3371 1975 3502 2036 Nos
3563 1981 3778 2035 autem

525 2080 768 2148 essent;
824 2055 1508 2150 Σεναχηρεὶμ¹Ᾰσσύριος.
1564 2067 2001 2130 Sennacherib
2061 2069 2107 2128 Α

2204 2065 2368 2136 Πὶιιε
2435 2065 2646 2140 elisit;
2709 2076 2769 2130 ὃν
2802 2080 2833 2148 ἠ
2881 2080 3021 2148 μέση
3047 2080 3156 2133 τῶν
3186 2079 3449 2148 ποταμῶν
3471 2081 3604 2149 ἡμῖν
3629 2081 3786 2151 apsi-

525 2177 710 2231 λικτον
740 2177 1159 2240 ὲπαπὲστει>.εν,
1204 2183 1398 2244 quem
1441 2165 1898 2243 Mesopotamia
1942 2164 2107 2226 nobi:

2205 2179 2464 2243 sperum
2498 2164 2736 2227 emisit.
2779 2190 2806 2222 ιο
2841 2167 3030 2230 Hunc
3068 2185 3102 2230 e
3156 2171 3623 2246 Mes0potamia
3680 2172 3787 2233 ad~

527 2265 893 2327 venientem
926 2271 1143 2326 contra
1214 2263 1550 2340 Bulgai-os.
1591 2259 1778 2322 facile
1840 2261 2289 2322 Boemundum
2349 2260 2810 2324 intellexerim.
2875 2265 3241 2327 Bernardus
3307 2265 3783 2329 Thesaurarius

526 2361 668 2424 loco
695 2360 1138 2435 citat0,capite
1171 2359 1310 2432 103,
1345 2359 1438 2419 sic
1471 2359 1558 2418 ait
1595 2379 1611 2417 :
1656 2381 1684 2414 σι
1719 2356 2159 2436 Bojamundus
2195 2363 2337 2435 post
2394 2357 2759 2437 base-gratia
2792 2361 2906 2420 Dei
2955 2377 2989 2422 a
3030 2361 3401 2424 carceribus
3470 2362 3783 2426 liberatus

529 2457 652 2536 (vel
702 2474 870 2520 anno
912 2457 1089 2529 1102,
1120 2455 1220 2518 vel
1255 2455 1445 2516 etiam
1480 2454 1655 2530 110b,
1685 2454 1921 2516 utaliis
1973 2455 2250 2533 aliisque
2288 2455 2544 2535 placet),
2576 2457 2935 2534 gaudenter
2982 2459 3062 2520 ab
3092 2460 3519 2523 Antiochenis
3553 2478 3781 2524 susce-

526 2565 674 2632 ptus
707 2563 821 2618 est.
857 2556 1004 2633 Ipse
1027 2553 1300 2632 aliique.
1335 2560 1722 2631 congregato
1759 2551 2072 2627 exercitu,
2103 2561 2512 2616 transeuntes
2549 2553 2964 2632 Euphratem,
3013 2555 3090 2617 ad
3136 2555 3548 2620 obsidionem
3582 2558 3786 2620 Carras

524 2651 708 2713 urbis
746 2648 1008 2729 profecti
1045 2659 1219 2714 sunt.
1249 2652 1358 2712 Est
1388 2659 1603 2711 autem
1658 2650 1872 2723 Carra,
1929 2650 2065 2711 sive
2112 2653 2360 2724 Carras,
2393 2651 2695 2714 civitas...
2739 2652 2804 2714 in
2838 2654 3384 2730 MeSOpotamia...
3427 2655 3780 2718 Christiani

527 2746 907 2828 fugerunt...
940 2748 1376 2827 Bojamundus
1405 2746 1703 2824 Apuliam
1742 2743 1998 2809 venit...
2035 2749 2279 2811 Interea
2307 2748 2746 2828 Bojamundus
2773 2748 2966 2828 (anno
3019 2750 3198 2829 1107)
3245 2759 3431 2814 nacto
3464 2752 3589 2812 sibi
3621 2766 3783 2814 tem-

524 2861 707 2924 pore,
740 2845 969 2907 ulcisci
1006 2843 1232 2907 volens
1264 2843 1542 2923 injurias
1571 2860 1731 2922 quas
1767 2861 1878 2922 per
1911 2843 2118 2906 varias
2167 2844 2440 2908 insidias
2478 2846 2617 2926 ipse
2643 2864 2787 2910 cum
2821 2847 2960 2908 suis
3018 2845 3264 2928 aliique
3303 2848 3656 2912 Christiani
3706 2847 3784 2910 ab

525 2942 759 3004 Alexio
829 2943 1240 3016 imperatore,
1305 2941 1512 3020 primo
1578 2939 2116 3020 peregrinationis
2171 2945 2530 3023 procinctu,
2595 2952 2888 3022 perpessi
2945 2941 3229 3014 fuerant.
3267 2964 3415 3009 cum
3455 2945 3780 3008 militibus

528 3054 696 3118 quos
727 3039 805 3100 de
834 3037 1032 3100 Gallis
1058 3038 1476 3110 conduxerat,
1511 3045 1574 3099 et
1605 3040 1780 3099 (ιιιιηί
1810 3036 2174 3116 Apulorum
2205 3040 2520 3112 exercitu,
2567 3048 2779 3119 parata
2841 3042 3038 3105 classe
3066 3045 3406 3113 maritima.
3469 3042 3786 3106 Constan-

531 3135 874 3213 tinopolim
905 3135 1154 3198 tendit:
1190 3142 1253 3198 et
1277 3153 1392 3214 per
1425 3134 1617 3199 urbes
1653 3135 1915 3223 imperii
1966 3135 2315 3202 maritimas
2369 3139 2720 3213 transiens,
2781 3149 3043 3202 cunctas
3097 3138 3271 3203 ferro
3335 3139 3690 3218 pepulatus
3723 3146 3785 3202 et

522 3233 701 3312 igne,
735 3232 981 3311 ingenti
1020 3233 1228 3310 prteda
1286 3232 1526 3295 ditatus
1580 3241 1749 3295 est...
1814 3234 2105 3312 Cumque
2161 3235 2512 3298 Duracium
2546 3237 2969 3316 perveuisset,
3006 3238 3354 3315 imperator
3393 3236 3780 3316 Bojamundi

525 3329 778 3392 viribus
811 3329 1099 3404 territus,
1142 3347 1357 3409 pacem
1395 3349 1540 3393 cum
1575 3348 1653 3394 eo
1687 3349 1796 3409 per
1829 3331 2071 3411 legatos
2133 3334 2520 3412 composuit.
2580 3356 2611 3392 ιο
2662 3336 2794 3396 Hac
2855 3333 2934 3396 de
2987 3353 3053 3396 re
3091 3334 3401 3396 latissime
3435 3335 3569 3412 agit
3596 3338 3786 3396 Anna

529 3427 855 3490 Comnena
884 3426 953 3488 in
985 3426 1331 3488 Alexiados
1369 3427 1552 3490 libris
1589 3443 1684 3494 xu
1716 3436 1777 3490 et
1811 3446 1954 3490 xui.
1995 3429 2109 3491 His
2140 3429 2298 3492 belli
2347 3429 2630 3492 motibus
2681 3431 2918 3493 elisum
2977 3450 3044 3493 se
3079 3431 3411 3508 elisosque
3446 3447 3604 3492 suos
3634 3430 3788 3493 Bul-

527 3541 712 3596 μαι-οδ
739 3526 826 3586 ait
852 3524 1372 3604 TheOpbylactus
1394 3525 1472 3586 ab
1505 3549 1532 3581 α
1564 3526 1831 3605 Assyrio
1853 3525 2355 3602 Sennacheribo,
2384 3549 2413 3585 ι
2434 3526 2679 3590 scilicet
2704 3528 3106 3599 Boemundo,
3146 3550 3173 3582 σι
3210 3544 3289 3588 ex
3319 3525 3784 3603 MeSOpotamia

528 3622 814 3695 emisso;
848 3645 877 3679 ι
916 3631 1254 3700 proriterea
1279 3626 1452 3701 quod
1493 3623 1556 3684 in
1583 3624 2047 3702 Mesopotamia
2076 3641 2112 3686 a
2141 3624 2370 3686 Turcis
2399 3634 2646 3703 captus,
2706 3625 2915 3687 victus
2949 3625 3140 3685 etiam
3202 3625 3281 3685 ab
3305 3623 3577 3696 eisdem,
3645 3628 3789 3700 post

529 3718 885 3782 libertatem
922 3721 988 3782 in
1029 3721 1513 3798 MeSOpotamia,
1550 3721 1700 3782 inde
1737 3720 1804 3781 in
1836 3719 2136 3798 Apuliam
2168 3735 2471 3781 reversus
2506 3726 2627 3792 est,
2678 3717 3081 3798 collectoque
3140 3720 3432 3781 exercitu
3465 3718 3531 3780 in
3564 3715 3787 3797 Illyri-

528 3832 674 3880 cum
711 3816 925 3887 rediit,
956 3823 1017 3878 et
1050 3817 1114 3878 in
1149 3817 1540 3894 Bulgariam,
1571 3817 1725 3906 igne
1752 3816 2055 3894 ferroque
2079 3815 2304 3879 omnia
2339 3815 2708 3893 populatus.

610 3913 703 3974 Ad
739 3913 869 3977 hinc
907 3922 1193 3992 tempora
1227 3923 1472 3993 spectat
1504 3915 1777 3993 epistola
1821 3917 1910 3984 11,
1942 3912 2025 3974 ad
2060 3913 2383 3975 dominum
2444 3910 2827 3974 Theoduium
2855 3911 3419 3991 metropolitanum
3456 3908 3792 3971 Thessalo-

527 4012 860 4072 nirmsem.
916 4009 1018 4074 Sic
1075 4012 1163 4072 ait
1221 4029 1374 4074 vero
1429 4010 2011 4090 TheOphylactus:
2080 4034 2109 4065 α

2207 4026 2283 4071 en
2309 4009 2571 4088 quidem
2604 4009 2884 4089 ignoras,
2931 4017 3014 4081 τίς
3054 4019 3203 4072 ἐστιν
3233 4011 3391 4079 οὗτος
3418 4019 3446 4070 ὁ
3478 4015 3574 4068 ἀπ’
3611 4016 3789 4085 ἀρχῆς

526 4115 865 4186 ἀποστάτης,
898 4119 995 4171 καὶ
1031 4116 1437 4188 τραχηλαστὴς,
1467 4120 1495 4170 ὀ
1532 4116 1628 4172 τοῦ
1654 4118 1860 4190 κόσμου
1898 4119 2108 4188 τύραννι

2233 4109 2381 4188 quis
2419 4109 2536 4170 iste
2575 4108 2681 4178 sit,
2747 4109 2860 4190 qui
2893 4125 2927 4170 a
2963 4108 3284 4186 ιλιηὶιιοὶμίο
3319 4107 3442 4168 fuit
3471 4115 3788 4182 apostata,

529 4206 916 4280 superbieus
948 4214 1008 4266 et
1032 4204 1236 4281 ferox,
1274 4207 1470 4269 totius
1505 4209 1730 4270 mundi
1767 4218 2104 4288 tyrannus.
2132 4208 2362 4270 Contra
2383 4206 2554 4267 hunc
2577 4206 2844 4285 quidem
2876 4214 2934 4266 te
2973 4221 3296 4273 vocamus,
3331 4220 3369 4266 o
3401 4202 3512 4265 Dei
3545 4201 3788 4264 homo:

530 4310 592 4363 et
627 4304 870 4364 utinam
892 4303 1021 4382 jam
1061 4303 1313 4366 eveniat
1353 4304 1563 4377 nobis,
1594 4313 1663 4367 ut
1696 4305 1998 4368 omnibus
2032 4305 2211 4367 illius
2250 4305 2391 4381 [IX]
2454 4303 2795 4381 tyrannide
2850 4305 3093 4382 pressis
3153 4310 3214 4363 et
3255 4300 3447 4373 fusis,
3495 4307 3608 4362 tua
3665 4316 3793 4379 ope

532 4398 836 4480 planctus
869 4409 930 4461 et
970 4401 1260 4463 mmroris
1294 4402 1482 4464 finem
1508 4403 1839 4482 possimus
1870 4401 2159 4481 aliquem
2209 4401 2534 4462 invenire.
2592 4422 2618 4453 υ
2659 4400 3105 4461 Boemundum
3147 4399 3386 4478 passim
3433 4397 3636 4459 (ΞΓωεὶ
3677 4413 3792 4458 vo-

531 4497 753 4559 cabant
789 4521 813 4554 ιι
850 4514 884 4559 a
917 4497 1384 4578 principiojam
1423 4508 1798 4580 apostatam.
1837 4523 1866 4555 υ
1899 4504 2078 4560 Anna
2111 4498 2432 4562 Comnena
2467 4495 2630 4557 libro
2668 4515 2732 4568 ι,
2766 4495 2875 4556 ubi
2907 4497 2985 4557 de
3017 4496 3390 4575 juramento
3423 4493 3789 4557 Boemundi

531 4595 662 4673 agit
698 4616 712 4655 :
752 4617 779 4650 ι
814 4595 930 4656 Vel
967 4596 1143 4674 quod
1178 4595 1394 4667 homo,
1430 4596 1672 4675 inquit,
1706 4597 1786 4658 ad
1823 4597 2162 4675 religionis
2223 4602 2662 4673 contemptum
2723 4593 3058 4666 educatus,
3094 4601 3159 4653 et
3205 4591 3403 4672 longo
3434 4610 3563 4654 usu
3599 4591 3792 4669 quasi

531 4690 809 4768 quadam
846 4698 1069 4759 natura
1109 4692 1434 4769 perjurus,
1471 4693 1822 4754 ridiculum
1858 4701 2113 4772 putaret
2159 4693 2612 4771 injuramento
2643 4691 3078 4769 tergiversari.
3113 4713 3142 4746 υ
3172 4690 3276 4751 Ait
3314 4689 3509 4752 etiam
3541 4688 3792 4752 ibidem

533 4786 838 4862 Sangeles
879 4786 952 4847 ad
998 4787 1362 4863 Augustum
1400 4808 1415 4846 :
1465 4808 1494 4842 α
1527 4788 1684 4848 Cum
1716 4804 1749 4848 a
1786 4789 2044 4867 proavis
2079 4787 2436 4867 perjurium
2479 4796 2539 4849 et
2571 4786 2816 4858 dolum,
2870 4787 3041 4848 velut
3080 4786 3519 4848 hmreditatem
3553 4803 3794 4865 quam-

533 4881 680 4943 dam
716 4883 1152 4960 Bojamundus
1185 4882 1526 4962 acceperit,
1565 4885 1799 4944 mirum
1828 4883 2007 4945 valde
2040 4884 2093 4944 si
2140 4893 2591 4964 permaneat.»
2627 4885 2753 4946 Cur
2785 4901 2937 4947 vero
2987 4885 3040 4946 is
3072 4885 3335 4954 dicitur.
3369 4884 3485 4962 qui
3517 4907 3546 4940 α
3583 4885 3799 4948 cervi-

533 4994 670 5039 cem
719 4977 1043 5051 extulerit,
1074 5003 1102 5038 »
1133 4987 1193 5040 et
1220 5000 1250 5037 ur
1289 4979 1510 5040 mundi
1551 4989 1864 5057 tyrannus
1899 4990 2148 5043 esset.»
2183 4983 2364 5043 Anna
2391 4982 2713 5042 Comnena
2741 4983 2968 5044 eodem
3003 4982 3144 5044 loco
3172 4983 3452 5044 declarat
3495 5005 3511 5044 :
3544 5003 3575 5040 ci
3620 4982 3797 5045 Reli-

535 5073 750 5151 gionis
778 5075 885 5137 ille
913 5076 1204 5154 quidem,
1232 5075 1562 5155 inquiens,
1588 5085 1649 5138 et
1669 5075 2038 5137 vindicandi
2081 5078 2338 5140 Domini
2367 5078 2650 5158 sepulcri
2687 5078 2923 5140 larvam
2949 5081 3289 5159 cupiditati
3319 5081 3748 5161 superposuit
3775 5083 3807 5138 ι’

535 5181 832 5232 caeterum
867 5191 981 5251 per
1012 5172 1196 5233 istam
1230 5173 1633 5235 occasionem
1666 5174 1842 5234 omni
1903 5174 2095 5236 modo
2159 5176 2551 5245 decreverat,
2590 5176 3018 5256 principatum
3067 5177 3194 5240 sibi
3226 5178 3510 5257 aliquem
3546 5176 3796 5242 alicubi

543 5283 784 5336 parare.
815 5269 944 5330 Nec
969 5268 1405 5342 dubitaturus,
1466 5269 1522 5330 si
1593 5272 1876 5333 secunda
1937 5273 2208 5351 spiraret
2261 5289 2414 5334 aura
2467 5272 2768 5344 fortunae,
2831 5275 3189 5336 Romanum
3249 5277 3466 5354 ipsum
3507 5275 3793 5354 cogitare

542 5363 801 5437 solium,
829 5372 890 5425 et
921 5363 1150 5429 Alexio
1182 5374 1446 5428 extruso
1502 5383 1571 5426 se
1631 5367 2083 5447 imperatorem
2134 5368 2366 5434 facere.
2416 5396 2442 5426 υ
2495 5373 2586 5432 Ita
2646 5373 3095 5435 Boemundum
3145 5374 3504 5454 pingebant
3557 5374 3794 5449 Graci,

539 5459 777 5536 quibus
807 5462 1182 5523 adhaerescit
1213 5462 1770 5542 TheOphylaCtus.

618 5558 711 5618 Ad
765 5559 984 5620 eadem
1044 5558 1251 5620 refero
1302 5560 1562 5622 dei‘num
1607 5569 1891 5638 tempora
1944 5565 2280 5641 epistolam
2334 5567 2430 5639 17,
2477 5566 2764 5642 Ccrcyrw
2825 5566 3143 5646 episcopo.
3212 5568 3360 5628 Hmc
3410 5566 3789 5632 habentur:

537 5671 569 5707 α
611 5653 822 5714 Gratia
883 5654 966 5714 sit
1030 5654 1620 5719 misericordiarum
1673 5659 1876 5727 Patri,
1946 5668 2006 5719 et
2063 5662 2191 5722 Dee
2261 5661 2458 5722 totius
2519 5660 3024 5735 consolationis;
3073 5686 3100 5719 ιο
3155 5663 3468 5741 quoniam
3521 5672 3801 5741 evetita;

536 5759 771 5828 ἡμέραις
798 5765 1082 5831 πονηραῖς,
1103 5761 1199 5816 καὶ
1223 5763 1283 5814 ὲν
1317 5766 1527 5831 καιροῖς
1554 5764 1790 5833 ἀφίλοις,
1825 5767 1920 5819 καὶ
1949 5763 2118 5836 Θηριώ

2213 5783 2260 5830 τι,
2307 5757 2406 5818 his
2451 5755 2686 5818 diebus
2741 5758 2947 5830 malis,
2991 5776 3062 5820 ac
3103 5762 3513 5839 temporibus
3558 5761 3795 5826 inimi-

539 5849 630 5908 cis
677 5856 738 5909 et
788 5849 965 5922 leris,
1018 5857 1188 5911 tuam
1236 5851 1633 5915 sanctitatem
1695 5853 1878 5914 nobis
1912 5863 2169 5933 paterna
2237 5855 2584 5920 dilectione
2635 5853 2980 5918 cinctam...
3047 5857 3398 5919 indulsit...
3457 5857 3528 5920 Ut
3578 5877 3796 5942 neque
