4006 6496
495 387 566 451 2⁸1
1309 382 1516 445 BERN
1575 380 1840 442 MAR”!
1881 382 1979 443 DE
2014 381 2299 443 PUBElS
2339 379 2843 442 DISSER'I‘ATIO
3693 367 3766 432 28

571 502 673 566 20.
712 501 1093 566 Litterarum
1129 498 1492 580 praestantia
1522 498 1788 562 ﬂorebat
1824 520 1840 559 :
1871 498 2134 578 egitque
2165 497 2492 559 rhetorem
2529 504 2677 558 ante
2733 494 3060 572 indeptam
3104 490 3511 570 dignitatem.
3555 483 3770 548 Sacris

495 597 713 674 ipsum
745 597 810 659 in
845 597 1215 676 disciplinis
1250 595 1603 673 plurimum
1646 593 1960 667 valuisse,
1999 593 2164 656 bene
2219 594 2444 667 multa,
2504 609 2653 671 quas
2696 589 2860 653 infra
2910 587 3310 652 recensenda
3354 591 3534 655 sunt,
3595 581 3776 644 aviti-

496 701 652 756 cunt
689 694 986 771 prmclara
1040 694 1183 776 ejus
1240 710 1459 772 opera.
1503 691 1626 754 Sed
1658 692 1854 754 etiam
1899 691 2276 754 liberalibus
2326 690 2615 768 apprime
2653 689 2981 750 excultum
3017 685 3254 746 litteris
3303 684 3589 761 produnt
3623 676 3770 758 ejus

503 791 831 868 Epistolm,
865 808 936 854 ac
977 791 1148 852 varia
1193 806 1319 870 qua
1365 788 1616 852 refertas
1661 794 1837 859 sunt,
1870 787 2178 850 eruditio.
2213 787 2545 849 Accedunt
2575 785 2914 846 Institutio
2941 783 3136 861 Regia
3159 779 3241 842 ad
3264 776 3774 873 Constantinum

498 886 1138 967 Porphyrogcnitum,
1187 896 1250 950 et
1287 887 1510 950 Oratio
1558 885 1641 946 ad
1673 882 1970 946 Alcxium
2000 883 2381 945 Comncnum
2406 881 2783 960 Augustum,
2817 897 2890 942 ac
2925 879 3216 957 denique
3250 871 3315 938 in
3355 871 3777 937 Carminibus

503 982 858 1062 pangendis
898 982 1152 1062 peritia,
1185 999 1465 1065 quorum
1499 983 1645 1063 ipse
1681 978 1975 1042 meminit
2010 978 2077 1041 in
2129 977 2405 1058 epistola
2433 979 2514 1039 20
2558 975 2642 1038 ad
2683 976 3202 1040 Mcrmentlarum
3235 973 3630 1053 episcopum,
3666 967 3775 1028 in-

499 1079 739 1160 quiens
785 1099 863 1138 :ci
899 1082 1037 1143 Hoc
1083 1080 1348 1161 quidem
1411 1081 1584 1161 quod
1649 1078 1864 1141 solum
1909 1073 2127 1147 habui,
2196 1072 2488 1136 iambicis
2545 1073 2846 1136 versibus
2905 1071 3159 1150 expuli,
3218 1068 3455 1132 multas
3509 1065 3777 1127 interim

496 1174 743 1254 θῙθείαε
793 1183 998 1246 lotum
1038 1195 1153 1257 per
1201 1194 1442 1241 annum
1488 1178 1833 1241 concinere
1885 1182 2166 1238 coactus.
2211 1195 2242 1226 ιι
2271 1171 2439 1232 Hinc
2486 1188 2638 1232 vero
2670 1171 2756 1233 ob
2796 1169 3258 1239 eruditionem,
3313 1181 3439 1246 qua
3479 1161 3777 1232 ﬂorebat,

487 1282 654 1334 nato
683 1272 1128 1347 Constantino,
1169 1273 1507 1336 Michaelis
1546 1275 1742 1335 Ducas
1770 1278 1832 1334 et
1866 1271 2084 1334 Maria)
2113 1267 2274 1340 tilio,
2311 1273 2668 1346 praaceptor
2705 1267 3090 1346 designatus
3123 1263 3479 1342 datusque.

585 1369 687 1430 21.
736 1370 913 1445 Saepe
946 1369 1318 1432 memoratis
1352 1387 1432 1431 ex
1476 1367 1783 1449 Epistolis
1815 1367 2238 1438 addiscimus,
2271 1364 2358 1427 ita
2389 1363 2662 1426 Achride
2696 1364 2762 1425 in
2823 1363 3125 1443 Bulgaria
3171 1360 3388 1441 egisse
3431 1352 3788 1434 'l‘heophy-

509 1463 776 1538 laetum,
818 1471 887 1526 ut
927 1465 1167 1544 regiam
1200 1466 1267 1526 in
1304 1465 1527 1528 urbem
1563 1464 1921 1527 identidem
1960 1463 2326 1538 ventitaret,
2361 1462 2502 1523 sive
2554 1461 2814 1540 negotia
2887 1476 3009 1522 sua
3061 1463 3591 1538 pertractaturus,
3644 1451 3786 1511 sive

512 1561 847 1624 invisurus
899 1563 1089 1624 etiam
1158 1563 1552 1641 discipulum
1645 1562 1999 1644 principem
2032 1604 2048 1634 ,
2093 1559 2368 1640 ejusque
2426 1565 2689 1620 matrem
2736 1556 3028 1628 Mariam,
3067 1562 3175 1617 aut
3217 1560 3593 1630 regnantem
3638 1562 3786 1608 cum

507 1657 1014 1736 imperatoribus
1059 1660 1375 1722 Michaele
1416 1668 1476 1722 et
1509 1659 2033 1728 Botoniata,-'aut
2074 1656 2142 1718 in
2185 1654 2576 1717 monasterio
2622 1654 2966 1734 degentem
2999 1653 3124 1715 sub
3151 1651 3385 1714 Alexio
3418 1650 3784 1711 Comneno.

509 1754 827 1831 Tempore
864 1755 1272 1833 procedente,
1315 1757 1723 1835 Bnlgan'cum
1760 1756 1976 1817 minus
2013 1749 2138 1832 ipsi
2174 1751 2494 1827 placuisse
2537 1751 2918 1823 incolatum,
2965 1749 3174 1829 prodit
3225 1747 3364 1827 ejus
3393 1741 3674 1825 epistola
3708 1737 3790 1800 ad

505 1850 818 1912 Joannem
864 1869 1154 1929 magnum
1203 1853 1624 1924 domesticum,
1685 1853 1854 1931 apud
1908 1850 2252 1912 Baronium
2310 1849 2390 1910 ad
2454 1863 2697 1910 annum
2754 1847 2934 1922 1071,
3004 1862 3183 1908 num.
3217 1845 3400 1914 XXI,
3483 1839 3616 1903 ubi'
3655 1839 3791 1900 hac

510 1944 838 2008 habentur
871 1969 886 2008 :
930 1970 957 2002 α
993 1950 1129 2009 Νοη
1167 1949 1381 2010 servio
1412 1949 1601 2012 diviti
1639 1949 1900 2030 regium,
1940 1949 2330 2026 mundaque
2363 1952 2424 2007 et
2457 1944 2763 2023 pulchras,
2808 1955 3002 2024 atque
3043 1943 3206 2006 adeo
3240 1939 3475 2002 Veneri
3519 1954 3741 2001 aurem
3773 1953 3788 1993 :

515 2044 629 2105 sed
659 2044 866 2105 servis
892 2043 1220 2120 barbaris,
1245 2045 1934 2129 impurisimtidasque
1975 2045 2173 2126 pelles
2195 2040 2606 2105 olentibus...
2656 2041 2898 2104 Solvite
2931 2058 3032 2103 me
3065 2041 3182 2102 hac
3224 2039 3398 2117 turpi
3451 2037 3787 2108 servitute,

516 2141 631 2218 qui
667 2142 962 2219 potestis.
996 2166 1026 2198 ι

600 2238 913 2300 Eumdem
953 2238 1163 2316 ipsius
1193 2240 1481 2302 animum
1515 2241 1757 2304 indicat
1789 2236 2064 2320 epistola
2109 2244 2277 2304 inter
2309 2240 2712 2306 Meursianas
2756 2239 2863 2313 21,
2914 2237 2992 2300 ad
3035 2236 3371 2297 Anenium.
3419 2232 3525 2294 Ait
3563 2231 3791 2294 enim:

521 2350 550 2383 α
585 2329 801 2390 Meum
839 2329 999 2391 mihi
1042 2332 1365 2393 somnium
1420 2351 1762 2396 enarras...
1820 2352 1918 2398 me
1958 2336 2023 2397 in
2063 2339 2274 2401 media
2311 2337 2612 2417 Bulgaria
2650 2335 2956 2398 barbaros
2996 2342 3058 2396 et
3091 2331 3373 2394 rusticos
3405 2347 3618 2392 mores
3645 2345 3794 2390 cre-

520 2425 682 2486 dens
721 2425 977 2487 imitari.
1015 2427 1266 2506 Inspice
1320 2431 1520 2502 enim,
1557 2441 1870 2510 quantum
1916 2449 2037 2511 ego
2095 2436 2479 2498 rusticitatis
2530 2444 2591 2497 et
2629 2432 2907 2496 feritatis
2948 2438 3262 2494 craterem
3305 2427 3649 2500 ebiberim,
3677 2423 3798 2504 qui

520 2531 790 2588 τοσούτων
821 2535 962 2590 ἐτῶν
981 2536 1090 2590 τῶν
1115 2536 1215 2608 τῆς
1233 2539 1427 2608 σοφίας
1460 2541 1683 2611 χωρίων
1704 2540 2036 2612 ἀποδημῶν,
2095 2541 2102 2592 l

2229 2533 2418 2596 adnis
2461 2529 2856 2610 asapientia
2887 2529 3047 2593 locis
3113 2527 3368 2590 absum.
3403 2548 3434 2584 ι
3467 2525 3622 2586 Vota
3653 2522 3798 2604 ejus

521 2623 703 2685 irrita
741 2621 947 2686 fuere.

2080 2798 2219 2865 VII.

523 2947 1189 3046 E°f.’§85¢?u19aricw
1210 2951 1321 3044 sub
1345 2951 1598 3046 regibus
1631 2955 1920 3046 propriis
1956 2954 2237 3046 initium.
2278 2954 2364 3046 ρο
2385 2955 2538 3034 jure
2564 2953 2630 3045 in
2659 2953 2862 3046 ipsa'm
2895 2950 3242 3046 contentio.
3267 2951 3584 3046 Romano!
3620 2963 3793 3046 pon-

608 3027 805 3111 tiﬁces
839 3027 1009 3092 inter
1034 3049 1108 3091 ac
1139 3027 1468 3109 episcopos
1498 3027 1910 3110 Byzantinos.
1980 3034 2232 3094 Throno
2269 3027 2990 3111 Constantinopolitano
3016 3049 3146 3111 non
3181 3029 3488 3091 obnoxia.
3519 3027 3802 3088 Subacta

602 3107 936 3190 {Gracia
1007 3107 1497 3189 imperatoribus
1551 3107 1909 3190 provincia,
1968 3111 2475 3190 autoccphaliam
2558 3107 2767 3190 servat
2837 3110 3161 3182 Ecclesia,
3244 3125 3493 3190 eamque
3548 3114 3804 3190 tutatur

610 3183 1112 3279 Theophyiactui
1175 3200 1400 3250 contra
1466 3183 1627 3270 jura
1690 3189 2126 3270 Stauropegii.
2185 3183 2483 3254 Marinus
2536 3189 2938 3263 emendatus,
3016 3191 3283 3267 itemque
3342 3183 3620 3249 Joannes
3680 3183 3804 3244 Lo-

605 3282 885 3328 918087⁵118.

607 3407 710 3469 ‘22.
735 3408 1088 3487 Bulgaricm
1112 3408 1417 3489 regionis,
1454 3409 1563 3472 ubi
1613 3409 2137 3489 Theorihylactus
2184 3406 2534 3472 Ecclesiam
2589 3407 3043 3470 moderabatur
3076 3403 3634 3483 archiepiscopus,
3678 3419 3804 3465 no-

530 3522 676 3567 men
712 3522 743 3566 a
779 3506 1036 3583 pOpulis
1072 3503 1422 3580 profectum
1464 3515 1582 3578 est,
1609 3509 1720 3587 qui
1755 3507 2017 3586 Bulgari
2051 3507 2442 3569 vocabantur
2487 3522 2519 3566 a
2564 3503 2768 3566 ﬂuvio
2798 3504 3026 3582 Bulga,
3063 3502 3204 3565 sive
3245 3502 3454 3581 Volgo.
3493 3500 3805 3563 Pluribus

531 3601 897 3668 remotioris
928 3600 1048 3663 mvi
1079 3601 1556 3680 irruptionibus
1575 3620 1797 3665 eorum
1831 3604 1895 3665 in
1920 3605 2075 3666 ﬁnes
2109 3601 2372 3680 imperii
2405 3601 2878 3679 praztermissis,
2899 3601 3042 3676 [XI]
3070 3598 3308 3661 iterum
3338 3611 3510 3659 anno
3539 3596 3806 3676 septimi

529 3698 747 3762 saaculi
783 3699 1261 3776 septuagesimo
1285 3708 1507 3761 octavo
1543 3701 1912 3761 Danubium
1945 3709 2432 3767 transmeantes,
2469 3696 2758 3759 Thracias
2787 3695 2921 3757 loca
2959 3701 3360 3771 occuparunt
3400 3714 3416 3754 :
3471 3691 3804 3772 bellisque

535 3804 753 3858 uostea
787 3793 1114 3864 coniectis,
1153 3797 1515 3858 institutum
1550 3814 1820 3876 regnum
1860 3797 2249 3876 ampliavere
2274 3795 2556 3858 subactis
2591 3793 2966 3872 provinciis,
2993 3809 3141 3873 qum
3182 3791 3458 3869 imperio
3499 3791 3813 3854 Constan-

537 3893 959 3972 tinopolitano
1006 3893 1332 3972 parebant,
1373 3895 1559 3958 Dacia
1642 3896 2105 3958 mediterranea
2141 3905 2203 3958 et
2233 3894 2522 3972 Ripensi,
2566 3893 2784 3956 Mmsia
2819 3891 3139 3968 ulteriori,
3190 3890 3507 3953 Dardania
3541 3896 3602 3951 et
3637 3891 3815 3952 Prm-

536 3990 685 4064 vali,
728 3991 1033 4052 secundm
1068 3992 1464 4056 Macedoniae
1497 4003 1694 4072 parte,
1727 4011 1798 4055 ac
1830 4001 2002 4069 parte
2047 3993 2413 4055 Pannonias.

619 4088 837 4149 Deleta
869 4089 932 4149 in
967 4089 1140 4150 hisce
1173 4089 1551 4169 regionibus
1583 4091 1942 4154 Christiana
1976 4093 2130 4153 ﬁdes
2156 4089 2389 4151 mansit
2424 4089 2562 4159 diu,
2601 4107 2809 4168 usque
2843 4089 3092 4151 scilicet
3127 4088 3204 4149 ad
3239 4086 3575 4166 Bogorim,
3615 4103 3803 4149 novre

542 4184 858 4263 Bulgariae
888 4203 1101 4264 regem
1129 4229 1146 4258 ,
1192 4188 1305 4264 qui
1357 4202 1526 4249 anno
1555 4189 1670 4250 861
1721 4205 1902 4251 sacro
1932 4187 2308 4265 baptismate
2349 4186 2910 4264 Constantinopoli
2961 4185 3223 4247 ablutus
3257 4194 3381 4257 est,
3419 4201 3800 4264 nomenque

540 4283 809 4342 mutavit
865 4281 930 4343 in
983 4281 1386 4353 Michaelem,
1436 4300 1567 4362 quo
1618 4284 1811 4346 etiam
1847 4289 2189 4347 vocabatur
2249 4284 2596 4364 imperator
2631 4285 3025 4356 Grmcorum,
3062 4281 3336 4344 Michael
3368 4280 3603 4348 tertius
3643 4283 3806 4343 Por-

544 4378 1036 4457 phyrogeuitus.
1093 4380 1446 4456 EplSCOpOS
1498 4387 1558 4441 et
1618 4381 2031 4460 presbyteros
2079 4382 2457 4444 catechistas
2516 4398 2823 4458 accepere
2881 4378 3146 4457 Bulgari
3197 4397 3232 4443 a
3282 4377 3590 4441 Romanis
3652 4384 3720 4440 et
3779 4376 3816 4439 a

542 4477 852 4538 Francis:
898 4475 972 4537 ad
1022 4491 1266 4554 eosque
1331 4484 1581 4539 exstant
1640 4477 1938 4540 Nicolail
1989 4478 2228 4540 summi
2263 4478 2585 4558 pontiﬁcis
2627 4478 2708 4539 de
2771 4475 2966 4540 rebus
3024 4477 3176 4540 ﬁdei
3225 4475 3652 4554 moribusque
3701 4476 3821 4540 Rc-

543 4590 798 4651 sponsa,
845 4589 1014 4633 anno
1057 4573 1323 4634 ‘circiter
1369 4574 1489 4634 866
1542 4577 1708 4636 data.
1767 4575 1911 4636 Haec
1956 4575 2044 4636 ibi
2086 4576 2402 4637 habentur
2440 4574 2520 4636 de
2577 4573 2957 4652 patriarcha,
3009 4591 3204 4653 quem
3243 4573 3370 4634 sibi
3413 4571 3700 4636 ordinari
3742 4589 3818 4636 ac

551 4671 777 4746 prmiici
862 4670 1163 4746 Optabam
1227 4687 1405 4731 num.
1465 4688 1669 4730 um.
1736 4694 1764 4727 α
1799 4672 2192 4750 Requisistis
2226 4715 2243 4739 ,
2299 4669 2352 4729 si
2420 4667 2608 4732 liceat
2654 4671 2720 4732 in
2768 4669 2953 4731 vobis
2996 4670 3432 4748 patriarcham‘
3469 4669 3765 4736 ordinari
3803 4693 3855 4732 :.

548 4768 662 4828 sed
693 4768 768 4827 de
800 4766 916 4828 hoc
962 4766 1122 4827 nihil
1157 4766 1489 4828 deﬁnitiva
1523 4770 1916 4845 respondere
1950 4785 2318 4845 possumus,
2357 4766 2737 4846 priusquam
2773 4766 2961 4846 legati
3001 4767 3230 4841 nostri,
3267 4780 3434 4846 quos
3470 4767 3814 4830 vobiscum

552 4862 886 4936 mittimus,
943 4863 1182 4923 reversi
1235 4861 1555 4924 fuerint...
1610 4866 1763 4925 Nam
1811 4865 2065 4925 interim
2117 4865 2498 4942 episcOpum
2559 4865 2905 4928 habetote:
2959 4872 3242 4940 etcum,
3285 4865 3528 4928 divinae
3586 4867 3819 4942 gratim

554 4961 974 5035 incremento,
1014 4960 1457 5023 Christianitas
1515 4961 1600 5022 ibi
1645 4960 1842 5023 fuerit
1895 4962 2177 5036 dilatata,
2210 4973 2271 5023 et
2317 4962 2608 5040 episcopi
2650 4979 2763 5041 per
2805 4961 3100 5039 singulas
3147 4961 3471 5024 Ecclesias
3506 4963 3819 5039 ordinati,

553 5057 1071 5136 tunceligenilus
1105 5066 1200 5119 est
1233 5059 1400 5119 inter
1430 5075 1542 5120 eos
1579 5076 1749 5120 unus
1774 5060 1912 5138 qui,
1951 5059 2003 5118 si
2029 5075 2155 5122 non
2189 5059 2572 5139 patriarcha,
2602 5067 2773 5122 certe
2820 5057 3353 5137 archiepiscopus
3383 5059 3824 5138 appellandus

555 5161 671 5225 est,
705 5157 781 5214 ad
827 5173 1019 5233 quem
1056 5172 1282 5215 omnes
1319 5166 1725 5218 concurrant.
1769 5179 1797 5213 ι»

631 5251 734 5312 23.
785 5253 870 5310 De
903 5251 1161 5327 juribus
1207 5251 1272 5311 in
1319 5250 1670 5313 Ecclesium
1709 5253 2016 5331 Bulgarite
2039 5261 2178 5316 orta
2232 5253 2312 5316 lis
2365 5261 2462 5316 est
2503 5255 2828 5316 Romanos
2880 5252 3052 5314 inter
3117 5260 3181 5315 et
3226 5251 3827 5332 ConstantinOpoii-

556 5356 761 5410 tauos.
806 5349 1022 5409 Soluta
1063 5357 1277 5409 Octava
1310 5347 1703 5410 mcutnenica
1749 5350 2024 5426 synodo,
2057 5359 2275 5414 contra
2316 5351 2612 5413 Photium
2647 5350 2992 5425 celebrata,
3046 5351 3126 5413 dc
3177 5350 3505 5430 praedictis
3552 5351 3820 5430 juribus

555 5462 722 5505 anno
769 5447 888 5506 869
931 5454 1138 5505 actum
1177 5454 1297 5507 est.
1344 5446 1544 5508 Graeci
1592 5447 1878 5524 judices,
1915 5448 2161 5510 tametsi
2213 5447 2514 5522 recusati,
2569 5447 2953 5515 sententiam
3011 5447 3221 5510 tulere
3254 5465 3269 5504 :
3307 5469 3338 5504 α
3385 5446 3816 5528 Bulgarorutn

562 5541 821 5614 patriam
894 5544 958 5602 in
1012 5543 1376 5604 Graecorum
1424 5551 1729 5620 potestate
1782 5544 2028 5606 dudum
2073 5544 2281 5607 fuisse
2345 5545 2482 5616 (eas
2541 5561 2773 5622 nempe
2813 5543 3208 5622 provincias,
3267 5544 3512 5623 quibus
3570 5561 3816 5608 novum

563 5639 872 5716 Bulgaria)
920 5657 1185 5717 regnum
1234 5641 1791 5716 constituebatur),
1839 5651 1900 5705 et
1945 5646 2197 5706 Grmcos
2237 5641 2607 5704 sacerdotes
2643 5641 2948 5704 habuisse
2998 5650 3235 5704 sanctae
3268 5639 3575 5703 Ecclesiae
3637 5643 3817 5706 Con.-

559 5735 1161 5813 stantinopolitanm,
1201 5763 1228 5794 ιο
1261 5739 1554 5818 adeoque
1586 5757 1732 5802 cum
1769 5765 1796 5797 α
1849 5743 1928 5804 ab
1970 5758 2044 5804 ea
2089 5740 2399 5820 (Ecclesia
2449 5737 3128 5817 ConstantinOpoleos)
3184 5753 3297 5814 per
3363 5736 3816 5816 paganismnm

559 5832 953 5907 recessisset,
991 5850 1158 5896 nunc
1195 5853 1304 5914 per
1335 5836 1894 5902 Christianismum
1934 5839 2146 5903 eidem
2189 5837 2440 5902 restitui
2470 5836 2732 5902 debere.
2765 5862 2791 5893 »
2833 5839 3061 5900 Cont:-a
3116 5835 3450 5898 decrctum
3490 5831 3814 5899 interces-
