2003 3258
114 211 151 244 2)
532 212 581 242 DE
600 208 893 241 THEOPIIYLACTI

973 210 1050 240 STlS
1070 210 1117 239 ET
1138 209 1326 240 SCRIl’TlS.
1727 207 1764 239 30

112 274 227 299 serunt
252 267 350 308 legati
373 267 507 299 Adriani
525 267 552 298 ll
579 266 714 298 Romani
743 265 915 305 pontiﬁcis.
946 266 1144 306 EpiscOpum
1178 265 1408 305 designaverat
1451 265 1610 305 Bulgaris,
1636 265 1770 297 nomine

111 317 322 354 Silvestrum,
354 316 440 348 idem
464 317 630 348 Adrianus
653 325 660 344 :
690 320 721 346 at
744 316 929 346 Graecorum
956 314 1052 345 donis
1078 313 1223 349 adducti,
1252 313 1536 354 archiepiscopum
1564 322 1720 353 accepere
1752 322 1770 344 a

109 365 236 396 Basilio
251 365 448 405 imperatore
465 371 497 396 et
511 363 686 404 patriarcha
701 363 838 403 lguatio.
855 363 921 394 Hac
936 362 975 393 de
992 371 1027 393 re
1044 362 1168 393 litteras
1185 362 1256 401 lege
1273 361 1452 397 Pontiﬁcis,
1471 361 1618 402 querelis
1643 361 1767 401 plenas,

109 412 147 443 ad
165 413 325 444 Basilinm
344 417 375 445 et
390 416 428 445 ad
451 412 625 453 Ignatium.
639 420 727 443 anno
746 412 803 443 87t
820 412 920 447 datas,
940 410 1025 450 apud
1052 411 1227 442 Baronium
1244 433 1253 446 .
1275 414 1309 440 et
1327 410 1545 450 conciliorum
1562 410 1768 442 collectores.

110 460 270 492 Photiano
287 461 462 492 schismate
477 460 628 492 eﬂectum
645 464 706 497 est,
725 463 760 490 ut
775 468 793 490 a
810 459 965 490 Romanis
980 458 1094 490 avulsa
1116 463 1260 490 maneret
1280 458 1421 490 Ecclesia
1440 459 1612 499 Bulgaria.

146 509 200 540 25.
225 509 358 541 Throno
377 507 738 548 Constantinopolitano
768 509 899 547 parebat
931 508 1199 548 archiepiscopus
1220 508 1292 548 ejus
1322 508 1481 547 regionis.
1512 509 1618 539 Etate
1648 506 1768 539 Leonis

109 558 288 597 Sapientis,
308 558 365 598 qui
392 566 480 589 anno
502 558 563 589 886
581 556 758 596 capessivit
780 556 970 596 imperium,
985 561 1174 596 αὑτοιέφαλος
1190 558 1304 592 evasit,
1334 557 1455 596 suique
1474 557 1576 597 juris,
1598 556 1745 588 utverisi
1759 571 1768 578 -

110 606 226 638 milius
250 608 415 639 existimat
439 606 625 647 Lequienus
645 606 678 637 in
703 605 832 637 Oriente
857 605 1053 642 Christiano,
1073 610 1160 637 tomo
1184 607 1223 642 Il,
1246 606 1278 636 in
1307 605 1455 636 Ecclesia
1473 604 1643 644 Lychnidi.
1661 604 1768 635 Verba

110 652 183 692 ejus
212 654 314 684 atl'ero
335 665 343 684 :
363 665 377 681 ι
399 653 459 684 Hic
489 662 567 685 vero
603 652 816 692 Bulgarorum
851 652 1026 691 primarius
1057 656 1194 685 antistes
1228 653 1614 693 Constantinopolitanze,
1630 653 1765 693 quidem

107 701 192 738 sedi,
212 702 367 732 Romanis
384 701 592 741 pontiﬁcibus
606 700 728 733 frustra
747 700 1014 739 reclamantibus,
1031 702 1195 734 obnoxius
1216 701 1435 741 primumt‘uit
1457 713 1464 733 :
1483 702 1627 733 subinde
1655 707 1765 733 autem

107 755 316 790 αῦτοκέφαλος,
333 750 426 781 suive
439 750 524 790 juris
543 750 665 784 evasit:
681 759 755 782 cum
777 749 994 789 Bulgarorum
1018 749 1234 790 principibus,
1251 750 1309 790 qui
1332 751 1499 789 perpetuis
1515 749 1609 781 bellis
1630 751 1762 781 Graacos

106 800 325 837 lacessebant,
337 808 402 831 non
422 799 582 831 arrideret
600 799 817 831 Ecclesiarum
836 807 972 830 suarum
991 799 1120 838 negotia
1135 799 1221 838 apud
1236 799 1432 839 Byzantinos
1452 798 1595 829 tractari.
1613 798 1648 829 1d
1675 799 1766 839 quod

105 849 219 880 Leone
238 848 403 887 Sapiente,
430 848 545 879 Basilii
571 847 761 879 Macedonis
792 847 873 883 tilio,
896 846 1093 887 imperatore
1112 847 1293 887 contigisse
1311 855 1397 879 reor.
1419 847 1482 885 Qui
1506 856 1581 879 cum
1595 849 1766 889 Turcas_et

105 898 261 930 infideles
278 897 360 929 alios
376 897 516 938 populos
540 897 573 929 in
593 896 808 937 Bulgarorum
830 901 961 936 gentem
986 895 1196 933 concitasset,
1213 895 1248 927 in
1268 904 1366 927 causa
1380 895 1444 926 fuit
1467 900 1502 927 ut
1519 896 1651 936 Bulgari
1680 895 1764 927 inito

105 946 251 978 consilio
268 948 307 977 ad
328 947 490 978 Romanos
508 945 674 985 pontiﬁces
691 945 927 981 concesserint,
943 943 1063 976 auxilii
1089 944 1166 976 inde
1192 944 1324 984 petendi
1353 945 1466 984 gratia.
1487 945 1570 975 Tum
1592 944 1764 985 Byzantini

106 994 311 1033 patriarcha),
339 999 373 1025 ut
398 1002 455 1025 eos
470 994 510 1025 ab
529 994 588 1025 hac
608 993 761 1024 afﬁnitate
787 993 1004 1028 deterrerent,
1027 992 1128 1024 satius
1154 993 1322 1024 duxerunt
1346 1001 1463 1025 eorum
1476 993 1763 1034 archiepiscopum

105 1042 284 1082 omnigena
307 1042 513 1073 immunitate
530 1042 664 1077 donare,
681 1041 828 1072 abdicata
843 1048 1046 1082 quacunque
1062 1040 1096 1072 in
1124 1040 1284 1082 Bulgariaa
1298 1042 1462 1084 Ecclesias
1475 1041 1726 1082 jurisdictione.
1747 1054 1762 1071 υ

104 1091 194 1122 Huic
219 1098 295 1127 vero
326 1090 572 1130 archiepiscopo
609 1089 825 1129 Bulgarorum
864 1089 1000 1122 obnoxii
1039 1090 1119 1121 olim
1148 1095 1242 1122 erant
1265 1100 1322 1122 sex
1345 1091 1563 1131 metropolitaa
1590 1099 1628 1123 ac
1650 1091 1764 1123 decem

105 1139 330 1179 episcopatus,
350 1144 459 1177 postea
483 1138 698 1178 metr0politaa
712 1141 851 1177 septem,
872 1138 1076 1180 totidemque
1107 1139 1268 1180 episcopi.
1288 1139 1494 1179 Lequienum
1522 1139 1660 1171 consule
1692 1139 1762 1171 loco

105 1194 222 1220 cttato.

147 1238 200 1268 25.
222 1237 282 1268 His
313 1239 422 1268 ornata
455 1236 639 1277 pnnlegiis
660 1236 802 1268 Ecclesia
833 1236 1004 1277 Bulgarica
1035 1236 1127 1268 stetit
1150 1235 1214 1267 sub
1243 1236 1375 1276 regibus
1402 1236 1544 1277 propriis
1572 1237 1612 1268 ad
1640 1244 1764 1268 annum

103 1295 216 1326 usque
233 1286 322 1328 101B,
341 1293 407 1326 quo
421 1285 563 1316 Basilius
580 1290 611 1317 et
634 1286 869 1317 Constantinus
896 1285 1037 1326 imperio
1062 1284 1427 1324 Constantinopolitano
1450 1284 1662 1325 subjecerunt
1685 1284 1764 1315 Bul-

105 1344 219 1375 garos,
236 1335 320 1366 hanc
345 1334 387 1366 ob
407 1342 537 1365 causam
559 1335 660 1374 prior,
681 1335 739 1375 qui
768 1343 877 1366 rerum
902 1337 1062 1366 summam
1085 1333 1230 1372 gerebat,
1257 1333 1368 1364 dictus
1388 1332 1662 1373 Bulgaroctonue.
1681 1333 1764 1365 Prte-

103 1383 198 1420 fecti,
224 1383 272 1414 rei
301 1383 583 1414 administratores
613 1382 765 1422 publica,
793 1383 827 1414 in
856 1382 1041 1423 Bulgariam
1073 1381 1306 1413 mittebantur:
1342 1390 1485 1422 quorum
1512 1381 1704 1419 improbitas
1729 1382 1764 1413 in

103 1441 206 1465 causa
220 1432 295 1469 fuit,
312 1435 348 1463 ut
363 1431 426 1463 sub
442 1431 565 1463 Isaacio
580 1431 608 1463 ll
623 1432 759 1471 Angelo,
776 1432 833 1472 qui
852 1431 1014 1464 moderari
1031 1431 1206 1470 imperium
1222 1439 1309 1462 anno
1323 1431 1402 1462 1185
1427 1431 1536 1469 erepit,
1554 1430 1764 1471 Bulgaricum

103 1490 248 1521 regnum
264 1481 509 1516 instauraretur,
536 1489 602 1512 rem
632 1480 902 1520 promoventibus
923 1481 1018 1512 Petro
1039 1483 1071 1510 et
1092 1479 1204 1511 Hasan
1226 1478 1398 1516 fratribus,
1422 1478 1513 1518 regio
1537 1487 1579 1510 ex
1601 1478 1765 1519 sanguine

105 1531 203 1562 satist
220 1529 398 1569 Utramque
429 1537 541 1569 regum
566 1528 727 1569 Bulgaria;
748 1529 868 1560 seriem
895 1528 1092 1560 Dul‘resnius
1119 1527 1253 1559 exhibet
1279 1531 1350 1567 post
1374 1527 1528 1559 Familias
1551 1528 1763 1568 Byzantinos.

105 1579 220 1611 Altera
247 1579 310 1610 sub
329 1578 387 1609 hac
409 1577 495 1608 serie
525 1586 650 1617 regum,
667 1577 701 1608 in
715 1577 910 1608 clientelam
927 1577 1080 1608 Romanas
1095 1577 1185 1608 sedis
1207 1576 1307 1608 rediit
1327 1576 1474 1608 Ecclesia
1504 1577 1675 1616 Bulgarica
1701 1577 1766 1608 sub

107 1627 305 1658 Innocentio
322 1626 378 1657 Ill.
390 1625 453 1657 Sed
470 1632 554 1656 nevo
571 1629 684 1656 exorto
700 1625 922 1665 ampliatoque
943 1625 1064 1656 Servis;
1086 1633 1200 1664 regno,
1223 1625 1440 1657 minutionem
1458 1626 1563 1665 primo
1587 1634 1680 1666 passa
1696 1631 1757 1664 est,

105 1684 147 1707 ac
161 1676 293 1707 demum
309 1673 615 1714 Turcarumjugun.
634 1673 746 1704 subiit.
1253 1703 1256 1706 ,

153 1726 291 1765 Eo,q'uo
309 1723 458 1764 Bulgaria
469 1722 658 1763 Byzantinis
683 1722 814 1762 parebat
843 1721 1108 1762 imperatoribus,
1127 1731 1267 1762 eamque
1295 1723 1567 1755 administrabant
1589 1724 1759 1764 Byzantini

106 1772 265 1812 prmfecti,
302 1776 446 1812 tempore
478 1771 611 1802 sedebat
639 1770 897 1810 'l‘heophylactu:

970 1770 1212 1811 chiepiscopus.
1235 1772 1332 1803 Suam
1359 1772 1432 1812 ipse
1455 1774 1761 1812 αὐτοκεφαλιαν[Χ.[Ι]

107 1824 243 1852 strenue
257 1824 382 1851 tutatus
410 1822 459 1850 est
474 1823 585 1850 contra
601 1818 692 1849 urbis
722 1818 822 1858 regiae
837 1818 1042 1857 patriarchas.
1066 1820 1145 1850 Rem
1171 1820 1305 1852 exhibet
1320 1828 1452 1852 omnem
1469 1821 1608 1860 epistola
1623 1821 1696 1862 ejus
1709 1823 1761 1860 2'1,

106 1865 349 1898 MMichaclem
375 1865 582 1898 Chalcedonis
606 1867 800 1905 episcopum.
823 1867 874 1897 Sic
896 1887 897 1894 η

971 1866 1021 1898 ille
1038 1876 1045 1895 :
1065 1878 1080 1896 αι
1098 1866 1188 1899 Solas
1213 1868 1351 1908 quidem
1372 1868 1587 1900 ecclesiarum
1614 1878 1694 1910 opes
1721 1870 1762 1902 ab

107 1917 271 1956 improbis
292 1916 498 1956 exactoribus
520 1919 658 1955 ereptas,
677 1924 763 1955 aegre
784 1923 861 1946 sane
886 1923 921 1945 se
943 1915 1059 1946 tulisse
1079 1926 1118 1946 ε»
1134 1919 1166 1947 at
1198 1916 1437 1955 permissurum
1464 1918 1615 1954 minime,
1639 1922 1675 1950 ut
1693 1928 1764 1951 suae

101 1967 179 2007 jura
209 1965 363 1997 Ecclesia)
385 1964 598 1996 violarentur.
625 1964 719 2002 Quod
741 1964 871 2001 accidit,
899 1963 951 1994 his
986 1963 1095 1995 verbis
1123 1969 1256 1996 narrat:
1278 1977 1293 1993 ι
1310 1965 1432 1997 Cittaba
1469 1966 1684 2006 (inquiens),
1713 1974 1763 2000 est

106 2014 244 2054 quidam
261 2012 321 2044 laci
339 2012 510 2050 terminus,
528 2016 669 2042 anastro
682 2011 962 2052 archiepiscopum
975 2012 1133 2044 diversus.
1149 2024 1163 2041 ν
1180 2013 1242 2053 (lta
1261 2013 1387 2045 scilicet
1406 2013 1441 2045 in
1457 2015 1568 2046 Latina
1595 2016 1760 2056 interpre-

106 2064 249 2099 talione;
283 2062 339 2093 sed
374 2062 504 2096 Graece,
533 2066 566 2100 τῇ
582 2064 736 2101 καθ’ήμεῶν
751 2065 897 2101 ἁρχιεπισι

984 2065 1170 2102 διαφέρουσι,
1203 2062 1246 2093 ad
1277 2067 1424 2094 nostrum
1450 2064 1762 2105 archiepiscopatum

105 2111 298 2153 pertinens).
318 2122 332 2138 ι
349 2110 385 2141 In
404 2117 471 2150 quo
491 2108 588 2149 (loco)
610 2118 684 2140 cum
706 2109 879 2140 monachus
895 2110 1053 2149 templum
1077 2115 1109 2142 et
1129 2111 1308 2142 sacrarium
1333 2116 1545 2151 construeret,
1562 2123 1582 2144 a
1595 2114 1686 2145 nobis
1703 2116 1763 2146 im-

103 2161 238 2202 peditus
254 2165 312 2192 est.
339 2165 372 2193 ὐ
390 2166 419 2193 δὶ
435 2165 641 2201 σταυροπήγιον
660 2166 864 2202 πατριαρχικὺν
884 2165 894 2192 l

968 2174 988 2197 ι,
1010 2159 1070 2199 qui
1102 2160 1324 2199 patr‘iarchico
1355 2161 1434 2201 jure
1476 2170 1602 2193 crucem
1636 2163 1671 2194 in
1702 2163 1759 2195 illo

105 2210 255 2251 nﬁigens,
279 2209 362 2240 dixit
377 2218 412 2241 se
435 2209 480 2240 ita
503 2218 586 2249 opus
613 2209 797 2242 inchoasse.
817 2209 875 2241 Ille
890 2214 998 2241 autem
1015 2217 1033 2240 a
1055 2208 1150 2240 nobis
1172 2208 1392 2241 nihilominus
1420 2212 1760 2244 excommunicationis

105 2257 248 2288 vinculi:
263 2261 314 2288 est
333 2257 493 2298 alligatus.
515 2258 669 2295 Quianam
685 2259 773 2289 enim
787 2258 874 2290 inter
891 2258 1048 2299 Bulgaros
1072 2257 1279 2297 participatio
1310 2261 1343 2290 et
1366 2260 1558 2291 communio
1583 2269 1653 2290 cum
1667 2261 1762 2292 Con-

106 2306 400 2346 stantinopolitano
433 2307 632 2346 patriarcha,
661 2312 897 2339 Κωνσταντινουπ

969 2321 981 2344 ς
1012 2311 1175 2348 πατριάρχῃ
1201 2311 1273 2347 μήτε
1295 2313 1466 2349 χιιροτονιας
1498 2313 1543 2340 ἐπ’
1568 2316 1639 2352 αὐτῇ
1664 2317 1760 2345 δίκαια

105 2354 210 2389 ιχοντι,
228 2354 353 2391 λαχούσῃ
375 2355 422 2382 τδν
446 2355 665 2390 ἀρχιιπισχοπον
681 2356 882 2391 αὐτοκέφαλον,
918 2356 982 2393 μήτ’
1009 2355 1074 2384 ἄλλο
1102 2364 1130 2382 τι
1159 2356 1350 2393 διαδιξαμένῳ
1370 2357 1444 2385 κατὰ
1463 2358 1568 2394 ταύτης
1587 2361 1758 2397 προνόμιον;

104 2399 163 2438 qui
177 2398 303 2429 nultum
310 2399 367 2439 jus
386 2398 600 2431 ordinationis
618 2401 654 2432 in
669 2410 704 2431 ea
717 2401 821 2436 habet,
837 2401 888 2432 sui
900 2401 990 2442 juris
1004 2400 1247 2441 archiepiscopo
1259 2401 1419 2442 subjecta;
1434 2408 1465 2433 et
1474 2402 1597 2435 nullam
1610 2407 1714 2446 super
1723 2416 1760 2437 ea

104 2449 334 2480 auctoritatem
348 2448 444 2479 aliam
460 2458 678 2490 quamcunque
694 2452 886 2492 acceperit.»
1236 2471 1239 2474 ν

152 2498 272 2529 Notum
283 2496 340 2536 jus
354 2496 451 2534 illud,
466 2500 705 2539 stauropegium
719 2500 857 2538 dictum,
873 2508 939 2539 quo
959 2497 1148 2538 patriarcha
1161 2497 1322 2536 Orientis,
1342 2501 1577 2542 unusquisque
1594 2502 1682 2536 intra
1704 2506 1758 2537 sui

108 2544 466 2594 patriarchatusﬁnes,
490 2548 611 2594 praevia
635 2557 698 2579 Im
720 2549 825 2579 crucis
849 2547 1019 2588 deﬁxione.
1048 2547 1206 2579 ecclesias
1234 2549 1414 2587 prasertim
1445 2552 1654 2590 monasticas,
1684 2562 1760 2594 quas

108 2592 377 2642 exstruebantur.
398 2601 459 2624 suo
476 2593 628 2634 regimini
650 2595 842 2636 subjiciunt,
870 2596 1028 2628 ordinarii
1054 2596 1200 2636 episcopi
1223 2600 1381 2633 potestate
1404 2602 1529 2631 semota
1547 2609 1555 2629 :
1572 2609 1681 2640 quove
1696 2592 1760 2642 By-

110 2641 233 2691 santini
247 2641 387 2691 aliorum
405 2642 500 2672 etiam
521 2643 771 2682 patriarcharum
787 2644 871 2677 infra
887 2645 1043 2677 diceaeses
1064 2644 1111 2675 uti
1131 2644 1306 2676 audebant.
1324 2647 1421 2678 Suam
1438 2650 1562 2680 tutatur
1581 2641 1759 2691 Theophj-

109 2689 215 2721 lactus
228 2690 500 2729 autocephaliam,
515 2691 589 2731 jure
609 2693 697 2724 omni
714 2694 913 2734 stauropegii
931 2693 1103 2734 Byzantini
1116 2693 1265 2725 excluso.

149 2739 200 2768 26.
223 2738 377 2777 Episton
393 2748 525 2769 sensum
540 2734 747 2782 mentemque
772 2742 1005 2783 Theophylacti
1031 2742 1167 2774 minime
1183 2747 1355 2774 assecutus
1381 2748 1430 2775 est
1450 2746 1593 2778 Joannes
1606 2748 1756 2781 Morinus

108 2788 155 2817 De
172 2787 275 2837 sacris
295 2786 569 2827 ordinationibus,
586 2793 673 2829 parte
689 2799 723 2828 ιι,
742 2791 828 2822 inter‘
842 2791 1085 2829 adnotationes,
1103 2800 1195 2823 num.
1214 2791 1283 2829 1&7,
1307 2793 1340 2823 in
1359 2794 1421 2825 tine
1436 2803 1445 2826 :
1458 2805 1474 2823 ι
1492 2795 1758 2837 Theopbylactus

106 2838 140 2868 in
160 2835 299 2874 epistola
316 2837 469 2876 quadam,
487 2837 656 2878 inquiens,
679 2838 788 2876 refert,
813 2842 986 2880 quemdam
1011 2841 1207 2872 monachum
1227 2841 1262 2872 in
1278 2842 1412 2875 όιωοθεὶ
1429 2852 1488 2875 sua
1504 2835 1690 2883 ecclesiam,
1713 2856 1750 2880 sa

107 2883 224 2933 inscio,
245 2883 469 2915 aediﬁcandam
490 2886 690 2926 suscepisse:
705 2888 762 2919 sed
785 2889 862 2928 quia
889 2889 950 2921 hoc
972 2894 1084 2921 contra
1100 2898 1243 2922 canones
1258 2891 1504 2932 aggrederetur,
1531 2894 1753 2933 prohibuisse,

105 2931 210 2967 donec
221 2933 474 2972 stauropogium
489 2933 733 2973 patriarchicum
746 2937 937 2976 accepisset.
954 2939 1051 2969 »1ωο
1067 2942 1177 2971 contra
1194 2939 1408 2980 patriarchale
1424 2931 1756 2983 ConstantinOpolita-
