4006 6498
219 458 285 521 33
1046 448 1147 510 DE
1178 440 1759 508 THEOPHYLALTI
1796 439 2067 504 GESTIS
2102 440 2199 501 ET
2242 437 2617 503 SCRIPTIS.
3459 437 3533 505 τις

221 576 379 637 libro
405 590 545 645 vni,
581 593 609 626 α
662 568 756 635 ibi
798 566 1042 630 litteras
1103 564 1348 643 accepit
1417 558 1902 638 archicpiscoiii
1969 556 2316 638 Bulgariaa,
2362 557 2478 638 qui
2546 562 2702 619 tunc
2750 561 2912 631 erat,
2953 578 2981 613 υ
3021 553 3275 618 scilicet
3324 556 3536 619 Theo-

223 668 529 752 phylacti.

288 750 387 829 30.
414 769 665 828 Damna
690 761 1075 844 gravissima
1112 755 1814 832 inferebantBulgariaa
1846 754 2111 835 populis
2147 762 2208 817 et
2236 752 2533 816 ecclesiis
2563 750 2939 833 imperiales
2978 758 3342 825 exactores,
3387 770 3536 830 quia

218 864 643 928 vehementer
667 864 847 922 dolet
875 859 1175 938 pluribus
1208 856 1271 917 in
1307 853 1602 934 epistolis
1632 853 1950 932 Bulgarus
1986 859 2208 915 noster
2244 848 2806 930 arChiepisc0pus.
2840 850 2909 910 In
2934 864 3200 929 ea,qua3
3224 848 3536 910 vicesima

220 960 400 1023 tertia
439 966 851 1031 numeratur,
872 954 954 1016 ad
975 955 1271 1033 Corcyra
1297 950 1797 1032 episcopum,sic
1825 950 1948 1012 ait:
1978 952 2123 1012 «Tu
2149 966 2301 1012 vero
2327 950 2414 1011 ibi
2451 951 2516 1010 in
2540 949 2691 1011 illos
2712 949 2825 1028 qui
2861 964 2980 1007 nos
3009 948 3245 1009 acerbo
3276 945 3539 1008 elidunt

222 1059 384 1129 irtu,
419 1072 709 1118 amaram
763 1053 986 1115 induis
1030 1051 1251 1113 bilem.
1293 1050 1366 1111 ln
1416 1048 1591 1121 illos,
1642 1049 1932 1127 inquam,
1967 1048 2084 1128 qui
2117 1046 2509 1109 insatiabilis
2560 1047 2939 1124 cupiditatis
2994 1044 3279 1105 ministri
3335 1050 3538 1116 sunt,

219 1156 326 1235 qui
356 1164 418 1215 et
453 1152 855 1232 evangelica:
888 1150 1320 1230 professionis
1358 1149 1573 1213 hostes
1618 1152 1772 1206 sunt
1813 1143 2274 1214 exsecrabiles,
2309 1152 2369 1205 et
2407 1141 2758 1206 Christiani
2793 1140 3073 1220 agminis
3110 1140 3436 1219 pernicies
3475 1152 3539 1200 et

224 1253 360 1329 ipsa
407 1247 803 1321 internecio.
839 1268 868 1303 ι
903 1248 1057 1307 Data
1114 1245 1353 1325 legitur
1386 1240 1877 1323 quadragesima
1914 1241 2118 1319 prima
2169 1239 2251 1301 ad
2287 1238 2935 1321 Panhyperscbaston
2966 1238 3373 1313 Bricnnium,
3423 1238 3538 1301 ubi

227 1350 351 1409 haec
399 1337 777 1411 habentur:
818 1366 846 1399 α
884 1342 1223 1404 Venenum
1278 1339 1579 1418 aspidem
1610 1336 1676 1397 in
1727 1352 1847 1398 nos
1892 1349 2356 1418 conspuentes,
2394 1336 2954 1416 praeclarissimam
3005 1343 3069 1395 et
3122 1336 3539 1397 mitissimam

222 1442 637 1519 imperatoris
700 1442 980 1500 animam
1050 1437 1346 1498 letbii‘era
1419 1432 1857 1495 amaritudine
1914 1429 2290 1494 iniecerunt
2353 1450 2370 1493 :
2433 1438 2497 1492 et
2579 1428 2908 1510 quidquid
2961 1428 3257 1492 Ecclesia
3319 1436 3541 1491 nostra

220 1538 619 1613 continebat,
680 1535 932 1616 ingenti
992 1536 1447 1598 internecione
1496 1530 1910 1593 deleverunt.
1954 1531 2026 1590 Et
2072 1528 2366 1592 omnium
2435 1528 2707 1608 quidem
2768 1526 3002 1590 harum
3054 1544 3275 1590 rerum
3318 1543 3540 1600 causa,

222 1636 627 1717 vectigalium
679 1642 1050 1695 exactorum
1106 1630 1501 1696 insatiabilis
1551 1627 1902 1710 cupiditas,
1956 1635 2021 1687 et
2069 1634 2377 1705 corrupta
2429 1627 2852 1691 consuetudo
2892 1626 3043 1690 fuit.
3088 1649 3117 1683 ι.
3169 1627 3337 1688 Tum
3383 1644 3542 1691 vero

223 1737 531 1798 scelerata
568 1735 858 1796 far-inore
896 1747 1108 1795 narrat
1142 1732 1485 1812 cujusdam
1524 1727 1764 1802 Lazari,
1803 1726 1916 1805 qui
1954 1748 1983 1782 α
2019 1724 2331 1788 Ecclesia
2371 1723 2651 1789 colonus
2678 1735 2815 1788 erat
2855 1745 2870 1784 :
2906 1743 3104 1808 quem
3138 1735 3360 1789 contra
3398 1743 3544 1803 nes,

224 1832 463 1913 inquit,
518 1830 755 1895 audaci
798 1836 1134 1893 armarunt
1188 1834 1473 1908 pectore.
1522 1848 1552 1883 ι

301 1932 369 1991 ln
408 1930 639 2009 ipsum
694 1945 963 2009 quoque
1016 1924 1580 2006 'l'heOphylactum
1636 1926 1933 2002 impacta)
1994 1922 2368 1997 calumniae,
2411 1939 2485 1986 ac
2516 1922 2571 1984 si
2607 1922 2875 1987 divitias
2900 1922 3291 1996 cumularet,
3346 1932 3407 1986 et
3456 1941 3539 1985 ex

225 2025 659 2106 Bulgarorum
722 2025 952 2103 spoliis
1012 2022 1383 2085 ditissimus
1422 2026 1620 2082 esset.
1675 2042 1704 2074 α
1770 2019 2132 2082 Consilium
2184 2021 2478 2083 inierunt
2538 2020 2782 2103 (inquit
2824 2020 2895 2083 in
2962 2021 3237 2101 epistola
3302 2020 3406 2097 1&3,
3461 2021 3546 2082 ad

222 2125 547 2187 dominum
577 2124 935 2185 Adrianum
970 2124 1241 2202 fratrem
1273 2118 1705 2199 imperatoris)
1746 2125 1816 2180 ut
1847 2135 1946 2179 me
1980 2119 2059 2179 de
2090 2116 2360 2181 honoris
2398 2123 2601 2198 gradu
2640 2119 3071 2182 detruderent
3111 2139 3126 2180 :
3174 2128 3235 2181 et
3279 2122 3533 2181 calum-

229 2220 346 2281 niae
408 2222 522 2281 siti
588 2222 862 2291 eﬂ‘erati,
910 2221 988 2281 ad
1043 2218 1577 2297 potentissimum
1641 2221 1937 2277 nostrum
2026 2215 2522 2295 imperatorem,
2600 2224 2663 2280 et
2720 2216 3210 2297 Optatissimum
3277 2218 3541 2279 fratrem

225 2326 433 2387 tuum,
477 2319 851 2388 evolarunt,
888 2324 951 2378 et
1009 2333 1109 2378 me
1146 2314 1340 2395 quasi
1385 2312 1609 2375 multis
1646 2310 2161 2389 insuperabilem
2209 2314 2464 2377 viribus
2495 2362 2510 2390 ,
2565 2322 2629 2377 et
2686 2330 2916 2394 magna
2964 2313 3205 2377 fretum
3260 2314 3549 2394 potentia

231 2416 583 2477 calumniis
616 2416 787 2492 apud
827 2414 1011 2474 illum
1058 2412 1446 2475 obruerunt.
1484 2412 1559 2471 Et
1597 2407 1816 2482 tantis,
1853 2410 2184 2490 tantisque
2237 2411 2401 2475 lucri
2439 2411 2867 2491 proventibus
2924 2413 2993 2474 in
3044 2412 3346 2491 pinguem
3383 2410 3549 2474 divi-

229 2514 460 2575 tiarum
500 2511 931 2573 substantiam
963 2528 1065 2573 me
1100 2510 1439 2572 dilatatum
1480 2506 2019 2571 criminabantur.
2058 2528 2087 2566 ιο
2125 2510 2199 2569 Et
2231 2508 2299 2571 in
2334 2508 2615 2587 epistola
2643 2509 2768 2570 73:
2808 2532 2833 2565 α
2877 2512 2945 2571 In
2982 2510 3188 2572 totius
3224 2509 3551 2590 Bulgaria)
3645 2585 3656 2599 ο

229 2609 879 2689 θιόῒιίεερίδοοιιυη)...
925 2610 1153 2672 oculos
1199 2612 1594 2670 convertunt
1636 2624 1652 2667 :
1689 2602 1805 2666 illu

1992 2623 2010 2668 Ξ
2064 2606 2254 2683 plane
2288 2606 2591 2677 audiunt,
2628 2607 2822 2669 etiam
2870 2616 3041 2669 totos
3103 2608 3247 2668 dies
3307 2626 3574 2670 nume»

230 2726 360 2770 rare
406 2724 652 2770 aureos
702 2724 1031 2782 nummos,
1078 2718 1140 2767 et
1190 2706 1375 2786 quasi
1421 2720 1750 2767 mensura)
1801 2704 2305 2783 complemeotis
2351 2703 2753 2766 arbitrantur
2789 2704 3154 2766 cumulare.
3199 2728 3226 2760 υ

302 2807 402 2867 31.
450 2805 736 2885 Vigilein
780 2808 991 2881 ipsum
1018 2804 1514 2882 sollicitumque
1554 2803 1657 2863 sui
1710 2801 2005 2864 muneris
2058 2802 2125 2864 in
2173 2802 2751 2865 administratione
2804 2803 2953 2865 alite
2991 2803 3543 2881 conspiciendum

234 2906 516 2980 prmbent
554 2902 873 2981 epistolae.
906 2904 998 2965 Ex
1033 2920 1105 2964 ea
1153 2919 1300 2982 quas
1357 2907 1740 2963 numeratur
1770 2900 2099 2963 tricesima
2123 2902 2438 2973 secunda,
2485 2900 2569 2962 ad
2608 2900 2986 2971 Triaditzoe,
3023 2902 3182 2963 olim
3237 2904 3543 2976 Sardicaa,

233 3004 621 3083 episcopum,
668 3000 1097 3077 addiscimus,
1136 3001 1449 3063 libentem
1494 3000 1710 3076 ipsum
1736 2998 2077 3070 annuisse,
2130 3011 2200 3060 ut
2250 3014 2287 3060 a
2331 2997 2594 3060 vinculo
2629 2996 3371 3071 excommunicationis,
3407 3015 3543 3078 quo

232 3101 397 3162 idem
432 3100 715 3161 antistes
762 3098 1119 3161 iunodatus
1151 3106 1311 3173 erat,
1349 3106 1688 3177 prepterea
1721 3099 1901 3177 quod
1942 3116 2071 3161 non
2108 3105 2502 3161 convenerat
2552 3098 2629 3159 ad
2675 3103 3031 3178 synodum,
3085 3097 3542 3160 absolveretur

230 3203 304 3260 ab
332 3199 673 3278 episcOpis
718 3196 1079 3278 Pelagionre
1119 3215 1235 3260 seu
1297 3198 1651 3271 Heracleae,
1719 3204 1779 3260 et
1840 3196 2250 3259 Strombitzre
2322 3213 2443 3257 seu
2503 3194 2944 3274 TiberiOpolis
2979 3240 2997 3269 ,
3041 3206 3114 3258 et
3168 3194 3543 3259 MelaSObm.

233 3294 952 3374 Constantiuopolim,«
989 3312 1280 3374 magnam
1332 3296 1397 3355 in
1443 3298 1709 3368 urbem,
1763 3318 1792 3351 »
1844 3293 2172 3372 profectus
2234 3293 2448 3357 fuerat
2499 3295 2850 3374 episc0pus
2906 3292 3050 3365 ille;
3109 3317 3137 3349 ut
3178 3299 3237 3355 et
3281 3294 3542 3356 nullum

232 3391 361 3457 fere
402 3392 510 3454 vel
566 3400 752 3454 astate
788 3394 1181 3463 maximum,
1236 3392 1338 3456 vel
1396 3394 1743 3454 minimum
1796 3392 2179 3472 reliquerat,
2212 3392 2326 3471 qui
2382 3392 2609 3454 acerba
2649 3400 2778 3455 tuae
2814 3391 3058 3472 lingua)
3090 3391 3156 3453 iu
3186 3407 3309 3453 nos
3345 3391 3548 3454 male-

233 3491 514 3553 dicentia
564 3489 661 3572 (ut
714 3489 803 3552 ait
850 3494 996 3569 ipse
1023 3490 1576 3570 Theophylactus)
1635 3508 1830 3553 aures
1890 3509 2023 3556 non
2072 3507 2226 3553 suas
2286 3490 2639 3554 occluserit
2676 3535 2691 3563 ,
2760 3492 3131 3568 surdasque
3168 3490 3545 3553 olfecerit...

232 3588 555 3662 Quocirca
590 3588 658 3648 in
696 3589 904 3649 Deum
950 3588 1191 3658 solum,
1237 3588 1352 3666 qui
1385 3588 1517 3649 hare
1559 3588 1781 3651 omnia
1814 3586 2078 3650 vincere
2118 3596 2353 3666 potest,
2398 3587 2625 3649 oculos
2662 3593 2919 3650 nostros
2952 3585 3316 3648 attollimus
3358 3594 3420 3647 et
3479 3587 3547 3649 in

234 3684 561 3746 sublimes
610 3684 755 3765 ejus
802 3683 1081 3765 justitiaa
1130 3694 1406 3758 montes,
1457 3686 1633 3747 unde
1674 3685 1865 3749 nobis
1896 3684 2221 3748 auxilium
2273 3686 2513 3747 veniet.
2547 3706 2576 3741 υ

308 3783 513 3859 [XIV]
557 3784 931 3861 De_synodo
976 3780 1363 3844 celebranda
1422 3782 1649 3845 scribit
1704 3782 2047 3862 epistolam
2076 3783 2177 3856 53,
2230 3783 2313 3843 ad
2358 3784 2908 3845 Macrembolitam
2967 3783 3227 3861 Prcspa'
3287 3784 3547 3863 princi-

228 3894 392 3957 pem.
462 3878 799 3956 Oppidum
859 3886 992 3939 erat
1061 3877 1128 3938 in
1178 3878 1558 3942 Macedonia
1612 3897 1809 3959 prepe
1858 3880 2234 3944 Achridem.
2286 3902 2315 3937 α
2358 3881 2665 3943 Nondum
2701 3898 2821 3944 nos
2883 3880 2999 3944 illo
3060 3883 3236 3961 gravi
3337 3879 3547 3943 morbi

234 3974 543 4036 decubitu
609 3975 889 4046 liberati,
932 3975 1175 4055 inquit,
1235 3984 1297 4037 et
1336 3975 1537 4039 soluti
1626 3995 1858 4040 sumus
1923 3996 1938 4034 :
1996 3986 2058 4039 et
2141 3986 2357 4039 tamen
2426 3995 2614 4037 sacra
2705 3996 3019 4039 canonum
3093 3997 3222 4039 vox
3305 3994 3550 4039 sacram

234 4074 417 4137 nobis
517 4073 829 4153 synodum
890 4075 1311 4154 imperavit...
1406 4078 1503 4139 I‘u
1591 4086 1809 4139 autem
1892 4094 2013 4140 nos
2084 4076 2430 4156 suscipe...
2506 4076 2628 4138 Hie
2689 4077 2870 4139 enim
2953 4086 3179 4139 noster
3262 4092 3554 4139 conven-

235 4177 332 4234 tus
369 4173 526 4233 erit.
581 4192 613 4228 ››

308 4269 674 4349 Epistolam
695 4270 984 4351 denique
1012 4272 1094 4332 F2
1122 4272 1316 4348 addo,
1348 4272 1430 4335 ad
1454 4274 1745 4354 Ccrcyrw
1791 4273 2183 4354 episcopum,
2221 4270 2354 4345 ubi,
2385 4280 2739 4335 memorata
2784 4271 3147 4335 Boemundi
3182 4271 3551 4350 irruptione

232 4364 292 4426 in
352 4367 1029 4445 Bulgariam,.bomir
1058 4387 1144 4431 2m
1202 4367 1404 4432 alium
1442 4396 1471 4427 ιι
1509 4370 1868 4451 ignobilem
1919 4391 1951 4428 »
1992 4368 2392 4449 insequitur,
2440 4391 2469 4426 α
2513 4377 2690 4432 tanto
2743 4370 3188 4433 molestiorem
3228 4376 3290 4431 et
3324 4369 3554 4432 durio-

232 4480 389 4536 rem,
449 4472 700 4543 quianto
764 4466 1007 4528 insanic
1062 4484 1163 4527 em
1224 4474 1285 4529 et
1341 4471 1797 4531 amentiOrem.
1853 4468 1976 4531 Hic
2026 4467 2228 4540 enim,
2265 4468 2507 4549 inquit,
2557 4467 2690 4529 sibi
2746 4466 3157 4531 venerationi
3206 4475 3270 4529 et
3313 4465 3551 4528 honori

230 4562 433 4633 ducit,
474 4564 596 4641 qui
666 4572 777 4624 aut
831 4564 999 4625 dixit
1039 4563 1292 4645 aliquid
1345 4575 1565 4629 contra
1614 4566 1812 4629 Eccle:

1980 4612 1995 4641 ,
2051 4572 2164 4627 aut
2202 4564 2435 4627 fecit...
2468 4567 2614 4645 ipse
2652 4566 2830 4627 enim
2868 4574 2991 4628 οὐδὲ
3030 4572 3124 4627 τοῦ
3160 4572 3552 4645 προσκυνῆσαι

234 4666 331 4737 τὴν
368 4666 708 4740 Θεομήτερα
744 4668 944 4741 ἑαυτὴν
974 4669 1250 4741 ἡξῖωσεν,
1295 4681 1415 4726 nec
1449 4664 1567 4725 Dei
1606 4667 1816 4725 Matre:

1959 4663 2287 4725 ioratione
2322 4663 2587 4742 dignam
2624 4662 3055 4726 existimavit.
3095 4685 3125 4720 ››
3154 4665 3320 4725 Num
3346 4662 3541 4723 fuerit

228 4756 635 4819 Manichaeus
691 4762 987 4839 quidam,
1028 4768 1139 4823 aut
1194 4778 1274 4823 ex
1328 4762 1815 4842 Bogomilorum
1861 4770 2059 4832 secta,
2108 4762 2188 4822 de
2225 4761 2471 4841 quibus
2532 4762 2765 4825 latiore
2828 4763 2960 4841 agit
3001 4778 3306 4824 sermone
3362 4763 3551 4823 Anna

229 4853 569 4916 Cumnena
612 4855 781 4927 libro
835 4875 916 4919 xv
948 4849 1299 4920 Alexiados
1328 4859 1358 4917 ?
1400 4860 1547 4920 Hiec
1593 4878 1746 4922 vero
1788 4860 1867 4921 de
1911 4859 2377 4939 TheOpbylacti
2424 4858 2973 4940 chronOgraphia,
3022 4869 3084 4922 et
3134 4858 3552 4934 muneribus,

190 4955 298 5011 'ac
329 4950 795 5028 dignitatibus,
831 4954 1169 5035 gestisque
1201 4955 1545 5035 praseipuis
1580 4954 1976 5018 disseruisse
2022 4958 2203 5018 satis.

1842 5130 1948 5191 IX.

223 5281 500 5367 Scripsit
560 5280 1069 5367 Theophylactus
1156 5281 1787 5367 Commentariosn’n
1866 5296 2146 5366 quatuor
2218 5285 2588 5367 Evangelia,
2676 5288 2903 5349 Mariae
2962 5288 3424 5367 imperatricis,
3473 5296 3549 5351 ut

300 5360 591 5448 videtur,
634 5360 859 5448 jussu.
906 5362 1166 5448 Qodicea
1212 5364 1822 5448 pracipui._E(litio
1855 5360 2068 5446 prima
2102 5367 2333 5429 Latina
2367 5360 2509 5448 cum
2542 5360 2833 5429 versione
2864 5360 3141 5428 Joannis
3199 5366 3548 5448 OEcoIam-

302 5439 487 5530 pudit'
516 5458 599 5500 ea:
641 5439 875 5530 codice
899 5440 1120 5530 Gnaeo
1171 5439 1429 5530 mutila;
1466 5444 1689 5506 li'ditio
1725 5439 1935 5530 Graeci
1969 5455 2184 5530 textus
2245 5467 2325 5509 ex
2355 5447 2570 5508 codice
2612 5450 2949 5530 Vaticano,
2974 5447 3535 5530 qaiexpenditur.

305 5518 536 5606 aliqua
564 5536 688 5606 ope
731 5518 962 5606 Latina
1003 5522 1462 5606 interpretatio
1503 5527 1831 5606 recognita
1893 5546 1930 5606 ᾳ
1994 5526 2296 5606 Philippo
2336 5530 2667 5588 Montano.
2735 5518 3002 5587 Latinii-
3041 5518 3539 5588 observationes.

303 5596 702 5658 Parisiensis
750 5599 949 5659 editio
988 5596 1504 5676 erco‘Latina,
1539 5596 1720 5685 εὶςῄῗιε
1767 5596 2049 5683 defectus
2102 5596 2506 5668 indicantur.
2544 5608 2889 5668 Fabricius
2922 5617 3213 5668 notatus.

308 5745 417 5807 32.
470 5745 875 5808 Litterarum
930 5747 1121 5825 queis
1150 5749 1446 5828 apprime
1485 5748 1778 5813 imbutus
1815 5763 1948 5815 erat
1982 5754 2538 5838 Theotihylactus,
2590 5766 2651 5822 et
2689 5778 2885 5822 sacra:
2926 5760 3285 5840 praesertim
3319 5764 3543 5825 erudi-

229 5843 458 5944 tionis,
492 5863 624 5927 qua
689 5845 1052 5925 prastabat,
1111 5858 1531 5911 monumenta
1601 5852 1783 5931 plura
1828 5855 2115 5936 reliquit.
2184 5859 2684 5922 Commentarios
2745 5864 2813 5923 in
2861 5873 3139 5940 quatuor
3192 5864 3544 5944 Evangelia

230 5940 512 6022 scripsit.
563 5944 754 6026 Apud
813 5945 1066 6004 Petrum
1136 5947 1543 6009 Lambecium
1591 5951 1752 6011 libro
1822 5972 1855 6012 ν
1917 5954 2344 6018 Bibliotheca;
2380 5959 2683 6020 Caesareae
2741 5960 3271 6021 \‘inilobonensis
3330 5940 3540 6023 enatat
