4006 6494
505 480 576 541 35
1330 467 1554 528 BERN.
1596 461 1862 525 MARL'E
1898 458 1996 520 DE
2039 451 2324 518 RUBEl-S
2365 439 2869 510 DlSSERTATlO
3706 421 3776 484 36

505 594 707 656 codex
776 591 895 653 2l9
962 587 1526 653 membranaceus,
1610 583 2058 659 pervctustus,
2126 566 2386 644 antiqua
2454 559 2807 642 majuscula
2880 557 3196 635 scriptura
3274 544 3767 627 elegantissime

504 701 822 761 exat-atus,
871 691 982 770 qui
1018 689 1171 749 olim
1209 685 1288 747 ad
1349 682 1744 744 cardinalem
1798 675 2241 740 Bessarionem
2313 665 2667 745 pertinuit,
2730 679 2766 722 tl
2837 662 3087 721 Joanne
3158 649 3480 714 δηωιηιοο
3543 655 3764 720 Imm"a

2197 768 2208 770 _
2246 765 2280 770 --
2317 765 2379 770 ---
2460 765 2473 770 -
2782 759 2819 770 ,-
3074 764 3086 770 -
3158 751 3196 770 νο
3253 768 3261 770 1
3319 742 3764 770 ητι---ι-.1--ι.

505 799 784 866 emptus,
828 742 1304 860 translatusque
1336 781 1601 843 demum
1659 778 1725 838 in
1781 776 2131 836 Caesaream
2197 742 2722 835 bibiliotbecam,
2771 751 3268 822 Commentarios
3316 742 3777 824 Thcophylacti

505 887 574 948 in
607 861 954 963 Evangelia
992 882 1116 940 duo
1153 880 1362 939 sancti
1405 876 1614 936 Marci
1663 883 1718 933 et
1748 869 1955 930 sancti
2004 865 2192 926 Lucae
2221 861 2678 941 complectens.

588 984 800 1042 Grmca
863 976 1272 1056 prmmittitur
1326 971 1660 1036 adnotatio
1710 966 2021 1030 metrica:

1430 1115 1547 1195 ’[ᾖς
1571 1111 1907 1195 pacipaci};
1933 1104 2194 1195 'twvo'npa.
2249 1102 2338 1154 Ma
2351 1102 2494 1195 pici,

1438 1175 1634 1252 Ψὺχῆς
1683 1175 1902 1248 ἀληθῶς
1932 1178 2092 1252 ἐργρν
2123 1175 2523 1252 convectari};
2550 1205 2564 1225 .

1458 1235 1518 1308 τό
1537 1235 1929 1320 ’δέ’τρυίῄσάς
1961 1235 2088 1320 ἒὸὺς
2127 1235 2527 1320 μελλφρᾖούί
2567 1235 2760 1302 λόγουξ

1427 1307 1821 1393 Θέοφυλάδιτόξ
1844 1307 2222 1387 πο-ιμενάρῂης
2255 1307 2619 1378 Βοὺλγαρίας.

514 1468 749 1530 Eadem
807 1464 988 1525 verba
1023 1458 1548 1524 Moutfauconius
1590 1451 1784 1516 refert
1836 1449 1900 1511 in
1955 1447 2180 1510 Diario
2230 1442 2481 1512 Italico,
2518 1439 2724 1517 capite
2761 1438 2822 1507 6,
2862 1452 3004 1515 pag.
3063 1434 3164 1503 78,
3227 1433 3289 1492 in
3336 1431 3548 1491 fronte
3602 1423 3782 1489 codi-

515 1566 608 1626 cis
665 1560 996 1640 praedictos
1057 1553 1522 1636 Theophylacti
1585 1550 1654 1612 in
1712 1554 1993 1628 quatuor
2053 1539 2400 1620 Evangelia
2449 1531 2960 1600 Commentarios
3020 1527 3535 1604 complectentis,
3585 1539 3783 1585 manu

517 1667 806 1721 exaratos
837 1657 1003 1733 apud
1042 1630 1459 1717 (‘assinenses
1493 1647 1834 1710 Patavinos
1878 1637 2226 1705 monachos
2267 1633 2824 1697 Sanctanustinaa.
2866 1630 3146 1692 Primum
3178 1641 3428 1689 carmen
3484 1633 3547 1685 et
3596 1637 3789 1702 quar-

520 1767 653 1815 tuui
717 1719 1062 1830 utrobique
1101 1751 1307 1812 locum
1363 1745 1664 1809 eumdem
1705 1745 1924 1803 tenent
1957 1761 1971 1799 :
2005 1736 2118 1800 sed
2151 1735 2327 1815 quod
2383 1740 2479 1794 est
2510 1731 2867 1792 secundum
2905 1729 2971 1788 in
3002 1725 3224 1790 codice
3261 1719 3781 1787 Vindobonensi,

520 1852 777 1912 tertium
820 1859 917 1910 est
953 1813 1014 1909 in
1048 1848 1374 1918 Patavino,
1409 1861 1478 1906 ac
1528 1839 1792 1904 tertium
1852 1834 2089 1916 legitur
2133 1813 2422 1895 secundo
2455 1829 2617 1890 loco.
2651 1827 2736 1888 Ea
2773 1839 2923 1886 vero
2953 1823 3047 1884 sic
3095 1822 3311 1884 Latine
3349 1819 3446 1880 vir
3477 1813 3789 1880 doctissi-

521 1966 667 2008 tnns
699 1945 1158 2021 interpretatur
1211 1963 1225 1999 :

1491 2063 1816 2130 Iniperatriz
1849 2057 2022 2113 Maria
2053 2059 2165 2112 haec
2194 2054 2312 2130 ﬁeri
2343 2059 2574 2130 curat-it.

1493 2126 1646 2200 Opas
1689 2148 1869 2186 revera
1904 2128 2220 2200 nobilissimi
2251 2126 2466 2200 ingenii,

1487 2193 1592 2271 Qui
1627 2218 1801 2256 autem
1838 2201 1932 2252 has
1984 2199 2265 2266 avelli/litos
2294 2193 2712 2271 Contaminari”
2744 2193 2936 2257 edidit,

1501 2263 1920 2342 ilieopliylactus
1952 2282 2026 2320 est
2061 2263 2334 2335 cpiscopus
2374 2263 2753 2334 Bulgarorum.

529 2420 720 2482 llisce
756 2435 834 2479 ex
878 2416 1112 2486 verbis,
1149 2417 1556 2489 maximeque
1607 2429 1680 2472 ex
1717 2407 1958 2472 codicis
1997 2403 2314 2483 elegantia
2374 2401 2600 2480 colligi
2663 2417 2853 2480 posse
2909 2397 3287 2462 Lambecius
3329 2396 3592 2459 adnotat
3620 2436 3637 2464 ,
3687 2406 3793 2454 c0-

528 2519 735 2579 dicem
777 2513 1375 2580 Vindobonensem,
1427 2508 1639 2586 ipsius
1686 2501 2150 2584 TheOphylacti
2183 2507 2362 2560 (etate
2395 2507 2750 2570 exaratum,
2783 2498 2967 2559 illum
2991 2497 3206 2575 ipsum
3241 2510 3380 2555 esse
3426 2506 3558 2570 quo
3592 2488 3794 2550 Maria

540 2608 912 2690 imperatrix
952 2607 1274 2668 utebatur.
1327 2607 1445 2665 Sed
1513 2606 1734 2665 eadem
1787 2601 2003 2672 verba,
2055 2601 2187 2658 hinc
2257 2598 2391 2658 sola
2425 2598 2476 2656 si
2538 2603 2932 2672 spectentur,
2969 2617 2997 2649 σι
3041 2609 3186 2655 cum
3215 2592 3292 2653 ab
3344 2589 3494 2651 aliis
3527 2589 3593 2648 in
3629 2586 3794 2647 alios

530 2708 784 2769 codices
842 2704 1294 2764 transmearint
1353 2699 1728 2776 (scitissime
1789 2700 2134 2758 adnotante
2200 2694 2710 2775 Montfauconio)
2779 2712 2906 2755 non
2978 2693 3191 2754 valent
3252 2691 3327 2752 ad
3364 2688 3794 2750 assereudum

532 2814 784 2881 tempus
841 2817 912 2861 ac
969 2797 1275 2859 smculum
1321 2813 1451 2874 quo
1519 2794 1677 2856 libet
1729 2803 2026 2854 exaratus
2068 2801 2186 2854 est.
2219 2815 2246 2845 ι
2285 2789 2583 2852 Codicem
2649 2789 3079 2850 nihilominus
3134 2787 3507 2848 Palavinum
3553 2781 3797 2843 smculo

531 2899 924 2961 duodecimo
975 2897 1311 2974 scriptum,
1349 2891 1510 2953 nihil
1547 2908 1783 2968 anceps
1835 2890 2076 2952 ibidem
2129 2888 2503 2967 pronuntiat
2546 2889 2715 2947 idem
2759 2885 3306 2949 Montfaucouius.

629 2995 956 3057 Caesareos
1015 2991 1270 3052 codices
1326 2996 1618 3050 recenset
1654 2985 2034 3048 Lambecius
2065 2986 2208 3058 217,
2271 2987 2411 3057 218,
2451 2987 2594 3057 219,
2636 2986 2776 3056 2-20,
2841 2987 2982 3056 221,
3047 2987 3158 3063 qui
3230 2981 3326 3044 vel
3388 2983 3454 3042 in
3517 2987 3798 3059 quatuor

537 3091 903 3169 Evangelia,
953 3088 1050 3148 vel
1089 3087 1152 3147 in
1199 3086 1347 3159 duo,
1382 3085 1480 3146 vel
1533 3101 1728 3144 unum
1759 3093 2032 3155 tantum,
2066 3084 2560 3145 Commentarios
2615 3082 3080 3160 TheOphylacti
3114 3088 3414 3160 praestant
3454 3096 3468 3139 :
3503 3078 3798 3153 itemque

543 3195 849 3255 inonet,«
889 3184 1068 3245 valde
1137 3181 1292 3243 utile
1355 3181 1680 3250 futurum,
1743 3197 1887 3239 cum
1947 3180 2190 3240 eisdem
2252 3179 2599 3258 diligenter
2650 3189 2711 3239 et
2778 3187 3070 3240 accurate
3155 3176 3433 3240 conferri
3482 3183 3800 3236 ncuratas

538 3285 847 3346 hactenus
904 3280 1249 3341 editiones.
1313 3278 1381 3337 lu
1417 3278 1728 3337 Marciana
1794 3276 2180 3341 bibliotheca
2227 3283 2465 3344 Veneta
2511 3285 2767 3344 codices
2804 3286 3098 3362 quinque
3143 3288 3558 3350 asservautur
3602 3301 3617 3338 :
3663 3295 3801 3337 ser-

545 3392 770 3460 vatque
809 3381 1025 3455 plures
1085 3377 1285 3454 Regia
1333 3374 1721 3435 Parisiensis
1761 3383 2164 3452 pervetustos
2213 3386 2273 3438 et
2330 3379 2587 3454 cptinim
2636 3391 2823 3450 uotm,
2906 3396 3183 3458 quorum
3240 3377 3496 3456 aliquas
3554 3391 3805 3436 memo-

543 3491 678 3542 rant
719 3475 1070 3538 liicbardus
1100 3473 1430 3535 Simonius
1483 3482 1655 3534 tomo
1693 3473 1764 3532 ιν
1798 3473 2105 3534 Historiae
2151 3473 2405 3535 Critica‘:
2459 3475 2526 3534 in
2567 3475 2810 3537 Novum
2871 3470 3362 3544 Testamentum",
3423 3473 3633 3550 capite
3695 3471 3800 3542 28,

545 3588 605 3637 ct
641 3574 910 3636 Michael
949 3571 1324 3651 Lequienus
1365 3569 1830 3630 Dissertatione
1873 3570 2324 3631 Damascenica
2364 3589 2445 3643 vt,
2480 3573 2568 3631 De
2613 3574 2885 3650 azymis,
2922 3589 3099 3633 num.
3132 3572 3364 3633 XLlll.
3423 3569 3606 3630 Alios
3648 3568 3806 3629 alia-

548 3692 686 3733 rum
724 3669 1263 3732 bibliothecarum
1323 3667 1579 3727 codices
1653 3664 1891 3727 indicat
1948 3667 2303 3728 Casimirus
2361 3669 2666 3728 Oudinus
2730 3671 2814 3727 De
2871 3666 3292 3745 scriptoribus
3350 3665 3806 3728 ecclesiastici:

548 3780 720 3829 tumo
774 3767 828 3826 II
861 3765 926 3826 in
983 3761 1473 3841 Theophylacto.

628 3867 727 3926 33.
770 3863 984 3926 Editio
1017 3861 1225 3940 prima
1287 3862 1507 3923 Latina
1555 3878 1726 3924 anno
1773 3862 1928 3924 152i
1967 3861 2230 3940 prodiit,
2287 3859 2636 3938 interprete
2668 3862 2917 3922 Joanne
2970 3858 3505 3937 OEcolampadio,
3545 3857 3809 3918 hetero-

547 3961 713 4023 doxo
771 3957 1059 4032 homine,
1109 3974 1254 4019 cum
1289 3957 1582 4036 ejusdem
1647 3957 1934 4034 Epistola
1970 3960 2047 4018 ad
2085 3958 2385 4019 lectorem
2440 3958 2667 4019 eodem
2714 3972 2883 4018 anno
2918 3957 3084 4018 data.
3131 3956 3361 4019 Codice
3412 3957 3635 4016 Graeco
3674 3956 3799 4016 im-

553 4057 831 4135 perfecto
892 4071 1052 4115 usus
1115 4062 1234 4126 est,
1290 4064 1358 4114 ut
1424 4053 1565 4132 ipse
1599 4052 1666 4113 in
1719 4053 2001 4130 Epistola
2057 4055 2353 4115 admonet
2385 4071 2400 4109 :
2435 4075 2464 4106 α
2511 4053 2740 4132 Adegit
2776 4050 3432 4132 exemplarmutilum,
3493 4053 3664 4128 [XV]
3703 4049 3808 4110 iu-

553 4152 807 4231 quieus,
846 4158 910 4210 ut
974 4167 1105 4211 uno
1147 4150 1209 4210 in
1245 4147 1384 4210 loco
1423 4150 1710 4227 qutedam
1765 4150 2153 4221 infarcirem,
2187 4151 2408 4213 deerat
2456 4152 2629 4214 enim
2683 4150 2894 4220 charta
2931 4175 2944 4213 ς
2976 4155 3054 4214 de
3087 4170 3218 4231 (μιο
3249 4160 3489 4222 tamen,
3526 4159 3594 4211 ιιι
3630 4151 3811 4210 vide-

557 4249 678 4321 bis,
716 4246 938 4308 monui
994 4263 1073 4308 ne
1138 4247 1289 4324 quis
1325 4247 1422 4306 vel
1472 4247 1533 4306 in
1570 4245 1686 4306 hoc
1729 4248 1912 4306 [idem
1953 4263 2156 4308 meam
2188 4259 2464 4309 accuset.
2509 4273 2537 4303 ιο
2577 4251 2780 4309 Locus
2814 4257 3021 4310 exsmt
3052 4249 3319 4311 Joannis
3350 4249 3560 4324 capite
3603 4264 3732 4315 xxx,
3766 4263 3806 4306 a

553 4353 865 4407 commate
901 4342 973 4402 15
1018 4358 1223 4420 usque
1276 4342 1349 4403 ad
1413 4360 1574 4402 vers.
1599 4342 1699 4412 2'2,
1735 4343 1842 4404 ub'i
1875 4343 2193 4421 interpres
2231 4344 2361 4404 hinc
2392 4346 2718 4405 adnotavit
2755 4365 2769 4402 :
2805 4368 2832 4399 α
2868 4345 3035 4418 Quia
3079 4344 3181 4404 hic
3215 4343 3553 4405 deﬁciebat
3590 4343 3813 4404 charta

555 4442 621 4500 in
657 4438 1032 4516 rxemplari,
1061 4454 1272 4515 operae
1306 4439 1582 4515 pretium
1621 4439 1829 4498 visum
1865 4448 1984 4508 est,
2021 4440 2332 4500 nonnulla
2360 4439 2688 4501 infercire.
2721 4442 2842 4512 Tu,
2878 4441 2960 4501 mi
3021 4442 3239 4513 lector,
3279 4441 3429 4502 boni
3464 4441 3809 4501 consulas:

559 4547 619 4597 et
652 4537 702 4594 si
749 4538 843 4596 vel
900 4535 965 4594 in
1019 4535 1348 4611 exemplar
1400 4551 1524 4596 non
1571 4534 1870 4595 mutilum
1913 4536 2247 4610 incideris,
2280 4538 2376 4598 vel
2435 4538 2763 4616 probatius
2820 4542 3129 4618 quiddam
3178 4539 3506 4609 habueris,
3542 4547 3609 4600 tu
3646 4557 3817 4618 quo-

557 4650 682 4710 que
719 4632 789 4692 in
833 4633 1115 4692 medium
1143 4632 1369 4691 aﬂerre
1419 4648 1543 4693 non
1585 4632 1982 4710 dedigneris.
2016 4656 2044 4688 ››
2071 4634 2525 4694 Commentarii
2555 4644 3082 4712 supplementum
3117 4637 3439 4713 sequitur,
3486 4639 3662 4715 quod
3710 4638 3815 4697 bis

567 4730 884 4806 interpres
916 4729 1155 4790 claudit
1196 4728 1408 4788 verbis
1447 4747 1461 4785 :
1499 4750 1528 4784 α
1571 4730 1717 4789 Hmc
1785 4729 2211 4800 inseruimus,
2276 4730 2470 4791 leCtor
2508 4752 2523 4789 :
2558 4740 2619 4791 et
2670 4733 2735 4792 in
2796 4731 2916 4794 hoc
2975 4733 3092 4794 tibi
3148 4734 3382 4811 opinor
3431 4735 3817 4812 gratiﬁcari;

567 4842 740 4886 nunc
782 4832 1170 4902 sequuntur,
1210 4841 1354 4902 qum
1420 4826 1485 4887 in
1544 4826 1899 4904 exemplari
1959 4826 2481 4888 continebantur.
2522 4849 2551 4882 ι
2589 4828 2967 4891 Lectoribus
3028 4831 3449 4909 gratiticatum
3481 4849 3611 4892 non
3664 4849 3815 4895 esse

564 4919 1130 4995 OEcolampadium
1159 4918 1322 4980 infra
1355 4920 1674 4995 dicemus,
1711 4931 1932 5000 utpote
1970 4922 2081 5000 qui
2118 4921 2720 5000 interpretationem
2785 4943 2817 4986 a
2873 4927 3337 5006 Theophylacti
3396 4939 3609 4990 mente
3671 4929 3815 4991 sino

566 5018 766 5174 dulbio
826 5015 1101 5077 alienam
1138 5016 1510 5078 inseruerit.
1554 5019 1702 5080 Baio
1729 5020 1871 5098 ejus
1917 5020 2135 5081 Latina
2193 5021 2429 5090 versio,
2495 5021 2692 5082 variis
2726 5024 2791 5084 in
2827 5024 2984 5087 locis
3017 5027 3329 5104 impressa
3367 5027 3560 5105 typis,
3603 5027 3816 5088 lucrm

571 5133 646 5172 γι(
681 5133 692 5173 ι
733 5159 748 5174 .
2481 5127 2526 5134 “’

571 5122 748 5174 Vidit.

650 5210 747 5269 3!».
789 5214 1074 5272 Grmcum
1123 5216 1387 5281 textum,
1423 5209 1568 5271 sine
1593 5210 1813 5271 Latina
1858 5219 2179 5287 versione,
2209 5215 2474 5276 Romani
2511 5219 2913 5279 excuderunt
2945 5236 3116 5281 anno
3142 5219 3313 5288 1542,
3354 5228 3421 5280 ut
3453 5221 3818 5290 Gesnerus,

571 5307 984 5377 Possit-vinus,
1013 5307 1300 5368 Labbeus
1334 5315 1396 5366 et
1428 5308 1672 5369 Caveus
1705 5309 2016 5371 scribunt.
2054 5321 2311 5372 Annum
2368 5314 2522 5374 1552
2555 5325 2843 5376 numerat
2876 5318 3058 5379 Joan.
3123 5317 3422 5377 Albertus
3472 5317 3818 5379 Fabricius

581 5403 701 5506 vol.
745 5403 823 5461 Vl
857 5402 1546 5506 Bibliothecthrwcw,
1607 5421 1745 5482 pag.
1799 5404 1935 5480 287,
1988 5416 2383 5487 testaturque
2419 5435 2445 5464 ’(
2509 5427 2577 5470 se
2613 5414 2773 5472 hanc
2806 5412 2868 5472 in
2925 5415 3220 5474 manibus
3283 5416 3639 5475 editionem
3708 5417 3820 5476 ha-

577 5500 753 5602 bere,
796 5515 1004 5603 neque
1035 5497 1539 5603 aliam‘Grmcam
1583 5517 1850 5578 usquam
1885 5504 2091 5564 oculis
2125 5509 2262 5565 suis
2304 5508 2686 5567 occurrisse.
2729 5531 2755 5561 υ
2794 5511 3134 5570 ﬂoruanani
3184 5512 3531 5572 editionem
3573 5512 3736 5574 hanc
3759 5527 3819 5574 et

577 5610 694 5671 ego
732 5611 789 5652 in
819 5593 1111 5653 manibus
1148 5595 1348 5655 habeo
1386 5618 1400 5656 :
1459 5598 1799 5676 oculisque
1866 5601 2102 5660 llObll‘iS
2158 5605 2392 5662 intente
2451 5604 2916 5679 Spectantibus,
2958 5606 3088 5667 haec
3124 5609 3182 5664 in
3221 5608 3425 5668 fronte
3464 5623 3820 5674 (ii-currunt

578 5693 783 5758 verba,
825 5689 1029 5747 Roma:
1056 5707 1303 5750 muxut.

662 5787 1236 5893 [trimi-timabrevis
1271 5789 1756 5854 Prmfatiuncula
1795 5797 2008 5856 Latina
2094 5798 2366 5873 incipit:
2426 5801 2747 5862 Studiosis
2808 5822 3130 5864 sacrarum
3201 5803 3612 5864 Litterarum.
3661 5808 3819 5870 Cum

578 5881 785 5940 "W1"?
821 5899 918 5941 ⁷⁸⁸³
960 5893 1112 5954 διπί,
1147 5902 1404 5961 quarum
1441 5908 1592 5947 usus
1625 5889 1900 5950 utilitati
1954 5903 2137 5970 att/ue
2172 5899 2348 5955 etiam
2381 5912 2739 5959 ογηιιηςρτιιο
2769 5903 2945 5961 nobis
2975 5921 3101 5960 esse
3124 5903 3299 5971 solet,
3322 5911 3443 5962 etc.
3485 5907 3551 5964 In
3586 5925 3661 5965 ea
3700 5908 3816 5967 ini-
