4006 6500
199 518 1237 579 m7
1246 524 2348 536 ———————-——————————o.
2359 526 3355 537 ————————-——-—_—.~—
3372 528 3447 537 4—-
3466 526 3493 537 ιθ

914 566 1265 577 -ι--ς-α-..ὼ
1396 568 2641 577 m-<—A_.——_-——_———~o——————o-
2676 570 3347 579 ———-.—-.——..__——-..._-_.-..
3386 572 3417 579 τ,

513 759 745 873 FB.
831 758 946 872 J.
1043 757 1173 869 Ρ.
1275 758 1699 870 BERN.
1797 755 2302 867 MABI/E
2393 756 3209 873 DE’BUBEIS‘

1242 1053 1629 1117 ORDINIB
1670 1056 2440 1120 PRAEDIOATORUM

706 1266 817 1329 DE
852 1264 1484 1329 THEOPHYLACTI
1532 1263 1966 1327 BULGARIIE
2014 1264 2640 1330 ARCHIEPISCOPI
2681 1268 2980 1340 GESTIS.

1435 1526 1717 1573 SCRIPTIS
1764 1530 1842 1573 AC
1888 1530 2242 1584 DOCTBINA,

1005 1748 1229 1815 DEQUE
1260 1751 1519 1805 vanam
1554 1712 1823 1806 omnium
1857 1754 2013 1805 ams
2045 1756 2304 1810 OMNIUM
2340 1758 2672 1820 EDITIOSE,

1332 1970 2318 2065 -DISSEIITAT-IO

1820 2338 1873 2399 Ι.

187 2492 562 2572 Scriptores
592 2490 708 2569 qui
754 2488 1757 2572 Theophylactumsa’culonono
1785 2488 2088 2570 ﬂoruisse
2117 2497 2437 2550 asserunt.
2463 2488 2973 2572 {inachronismi
2999 2504 3228 2572 causa,
3255 2495 3513 2566 sumpta

272 2565 360 2632 ei
386 2565 711 2651 episcopo,
745 2565 1208 2651 quem—gnomine
1241 2567 1707 2651 Thcophylacti
1754 2565 2045 2651 uocatum
2076 2577 2340 2649 putant,
2367 2567 2581 2630 eodem
2610 2570 2842 2627 sacuto
2889 2567 2973 2628 αλ
3004 2565 3323 2646 Bulgaros
3356 2565 3507 2628 cru-

273 2646 540 2713 dieridos
572 2646 798 2711 inissa.
828 2647 952 2711 Sed
984 2667 1052 2709 eo
1088 2651 1297 2729 ipsum
1332 2646 1589 2711 normae
1622 2646 2017 2729 appellatum
2045 2646 2248 2730 fuisse
2286 2665 2418 2708 non
2470 2656 2745 2709 constat.

276 2796 349 2875 [l]
388 2796 446 2857 1.
470 2795 781 2858 Praviam
818 2794 897 2857 ad
927 2810 1123 2875 opera
1160 2792 1631 2875 TheOphyIacti
1662 2792 1987 2874 Bulgaria
2014 2792 2521 2874 archiepiscopi,
2552 2810 2701 2874 qua
2725 2809 2866 2854 Sive
2891 2790 3207 2855 hactenus
3234 2807 3513 2867 excusa,

186 2895 332 2958 sive
363 2894 657 2957 nondum
684 2892 889 2977 edita,
918 2892 1093 2975 typis
1112 2892 1383 2955 Venetis
1408 2894 1626 2955 Grace
1659 2891 1965 2970 etﬁLatine
1992 2890 2062 2953 in
2093 2891 2303 2954 lucem
2342 2890 2672 2970 prodeunt
2702 2889 3509 2963 omnia,Dissertationem

197 3008 319 3071 pro
383 3008 661 3074 munere
720 2991 1058 3069 imposito,
1088 3006 1342 3072 proque
1376 3006 1521 3052 mea
1552 2989 1725 3051 virili
1759 2989 2251 3063 elucubraturo,
2285 2987 2677 3069 diligentius
2708 2988 2789 3051 de
2850 2995 3144 3067 tempore
3177 2988 3509 3067 agendum

128 3074 598 3245 βψω-4000
654 3087 816 3150 mihi
847 3095 968 3159 est,
1006 3104 1138 3168 quo
1185 3090 1379 3149 vitam
1419 3088 1651 3167 agebat
1680 3085 1820 3159 ille,
1850 3084 2213 3167 ﬂoruitque
2275 3103 2456 3149 sacra
2504 3085 2888 3150 eruditione
2935 3101 3008 3148 ac
3044 3083 3505 3165 dignitatibus.

257 3188 413 3245 aria
447 3186 777 3245 feruntur.
817 3187 1007 3245 lonee
1051 3186 1311 3245 lateuue
1344 3185 1793 3245 discrenanles
1821 3184 1993 3245 inter
2032 3201 2127 3245 se.
2166 3183 2776 3245 biblioeranhorum
2830 3180 3314 3245 scrintorumve
3356 3198 3505 3243 sen-

257 3188 413 3249 aria
447 3186 777 3262 feruntur,
817 3187 1007 3266 longe
1051 3186 1311 3266 lateque
1344 3185 1793 3266 discrepantes
1821 3184 1993 3248 inter
2032 3201 2127 3259 se,
2166 3183 2776 3266 bibliographorum
2830 3180 3314 3261 scriptorumve
3356 3198 3512 3243 sen-

186 3285 439 3347 tentia.
479 3286 688 3347 Fuere
739 3282 1275 3363 apudLabbeum
1313 3282 1382 3344 in
1420 3283 1896 3346 Dissertatione
1948 3282 2287 3358 historica,
2332 3282 2476 3363 qui,
2510 3282 2809 3361 Eutropii
2846 3283 3229 3344 auctoritate
3264 3288 3507 3343 temere

186 3383 524 3457 advocata,
561 3382 1124 3461 Theophylactum
1161 3380 1334 3444 circa
1357 3398 1603 3444 annum
1644 3380 1884 3445 Christi
1908 3380 2029 3442 760
2061 3379 2492 3443 collocarunt.
2526 3381 2707 3443 Hanc
2733 3378 3063 3442 indicasse
3089 3376 3505 3458 opinionem,

189 3478 405 3557 ipsam
440 3487 538 3539 est
570 3477 781 3540 solide
816 3478 1163 3541 refutasse.

278 3577 610 3639 Antonius
634 3578 1036 3639 Possevinus
1062 3576 1129 3638 in
1157 3578 1501 3657 Apparatu
1532 3595 1717 3639 sacro
1750 3584 1928 3640 tomo
1965 3576 2022 3637 Il
2060 3594 2075 3638 :
2109 3597 2138 3631 α
2184 3574 2385 3649 Vixit,
2416 3574 2660 3655 inquit,
2694 3574 2863 3638 circa
2896 3591 3141 3637 annum
3173 3573 3511 3653 octingen-

191 3674 507 3737 tesimum
541 3681 601 3733 et
633 3673 1143 3754 sexagesimum,
1180 3698 1206 3729 ι»
1233 3691 1369 3752 quo
1402 3674 2201 3753 Ccnstantinoiiolitanum
2240 3673 2593 3752 imperium
2623 3674 2880 3735 tenebat
2909 3671 3188 3735 Michael
3221 3672 3509 3753 Porphy-

194 3771 568 3850 rOgenitus,
591 3768 788 3849 hujus
812 3769 1102 3831 nominis
1133 3772 1397 3832 tertius.
1424 3771 1643 3848 Ipsum
1680 3780 1973 3833 recenset
2002 3771 2076 3832 ad
2098 3787 2343 3833 annum
2375 3770 2994 3850 octingentesimum
3026 3768 3507 3847 octogesimum

195 3867 493 3940 tertium,
525 3864 883 3943 imperante
914 3865 1156 3927 Basilio
1187 3866 1366 3929 dicto
1390 3865 1758 3943 Macedone,
1795 3869 2230 3947 Marquardus
2254 3867 2582 3930 Freherus
2606 3867 2674 3930 in
2712 3884 2831 3929 sua
2862 3866 3327 3946 Chronologia,
3358 3884 3509 3947 qua

198 3964 530 4042 [tramissa
597 3970 836 4041 prostat
902 3964 1045 4025 Juri
1108 3965 1663 4027 Graeco-Romano
1701 3982 1779 4027 ex
1831 3966 2136 4044 pluribus
2192 3965 2614 4028 bibliothecis
2683 3970 2898 4036 eruto,
2939 3961 3296 4042 Latineque
3346 3965 3501 4025 red-

192 4061 335 4123 dito
375 4077 405 4121 a
442 4060 697 4121 Joanne
740 4059 1142 4122 Leunclavio
1179 4083 1195 4122 :
1235 4069 1305 4122 et
1342 4065 1463 4123 hoc
1521 4062 1713 4123 etiam
1775 4068 2066 4141 tempore
2104 4064 2412 4126 ﬂoruisse
2471 4061 3060 4142 TheOphylactum,
3093 4060 3325 4141 Opinio
3378 4060 3508 4123 fuit

197 4157 483 4238 Philippi
551 4158 817 4219 Mornai
873 4160 937 4219 in
998 4159 1307 4221 Historia
1386 4169 1663 4239 papatus
1722 4176 1865 4241 pag.
1916 4162 2052 4224 187.
2102 4163 2412 4223 Numerat
2472 4160 2740 4222 demum
2802 4159 3026 4221 Sixtus
3068 4158 3381 4221 Senensis
3422 4160 3507 4223 iis

197 4258 312 4320 bro
345 4276 409 4320 tv
441 4258 855 4319 Bibliotheca
877 4267 1134 4335 sanctae,
1169 4282 1197 4315 α
1232 4276 1485 4321 annum
1522 4258 1788 4321 Domini
1820 4258 2396 4339 nongentesimum
2427 4260 2551 4321 sub
2590 4257 2930 4333 Michaele,
2962 4264 3035 4319 ut
3066 4257 3178 4330 ait,
3206 4266 3267 4319 et
3290 4258 3508 4320 Theo-

199 4355 354 4417 dora
392 4379 406 4416 :
448 4378 478 4411 »
525 4356 636 4415 ubi
673 4354 1055 4418 cbronicum
1116 4356 1420 4436 sphalma
1476 4356 1965 4435 apertissimum
2027 4365 2147 4430 est,
2182 4372 2331 4419 cum
2387 4354 2668 4419 Michael
2718 4356 2953 4418 tertius
2989 4370 3163 4418 anno
3200 4354 3325 4417 832
3354 4372 3504 4417 cum

194 4451 538 4515 Theodore
576 4462 776 4515 matre
810 4472 1038 4533 regere
1072 4454 1433 4534 imperium
1468 4456 1754 4531 coeperit,
1794 4454 2168 4534 rexeritque
2200 4456 2276 4516 ad
2314 4470 2560 4516 annum
2594 4470 2808 4530 usque
2832 4453 2977 4515 867.

274 4552 341 4611 2.
373 4551 445 4611 In
484 4550 660 4611 hunc
691 4550 1126 4613 dueentorum
1161 4560 1221 4614 et
1259 4552 1551 4631 amplius
1590 4567 1907 4613 annorum
1944 4551 2317 4613 inciderunt
2349 4550 2925 4613 anacbronismum
2960 4550 3313 4630 scriptores
3361 4550 3503 4620 alii,

195 4648 661 4712 immanissimi
696 4649 941 4711 erroris
985 4666 1244 4713 causam
1281 4651 1483 4713 stmul
1513 4651 1900 4712 indicantes.
1937 4649 2292 4711 Annalium
2340 4665 2573 4727 parens
2615 4649 2937 4711 Baronius
2978 4650 3055 4709 ad
3100 4665 3346 4710 annum
3383 4649 3507 4709 870

194 4769 378 4816 num.
419 4752 555 4822 Lll,
588 4750 801 4823 refert,
838 4751 1181 4831 Ignatium,
1223 4753 1407 4815 urbis
1443 4752 1639 4830 regiae
1682 4749 2337 4825 Constantinopoleos
2372 4746 2817 4826 patriarcbam,
2843 4746 3094 4808 auxilio
3120 4745 3345 4808 Basilii
3389 4748 3509 4809 imo

195 4850 546 4930 peratoris,
580 4849 646 4910 in
704 4848 1022 4927 Bulgaria
1059 4848 1317 4910 misisse
1372 4848 1803 4927 provinciam,
1845 4869 1875 4904 α
1910 4856 2219 4925 tanquam
2253 4846 2331 4908 ad
2384 4845 2691 4907 Ecclesia
2758 4845 3509 4925 Constantinopolitana

192 4947 530 5010 diacesiui
556 4946 1007 5023 pertinentem.
1032 4967 1059 5000 ιι
1094 4954 1374 5007 creatum
1398 4964 1430 5007 a
1461 4961 1541 5007 se
1575 4945 1981 5023 epiSCOpum,
2005 4961 2135 5006 una
2158 4960 2304 5005 cum
2336 4942 2485 5005 aliis
2515 4942 2794 5015 clericis,
2824 4960 3065 5022 «quem
3093 4944 3503 5008 nominatum

195 5043 412 5107 fuisse
444 5039 1006 5120 TheOphylactum
1041 5041 1378 5104 afﬁrmant.
1427 5067 1453 5099 υ
1496 5045 1591 5103 En
1637 5058 1788 5103 vero
1840 5041 2049 5103 datam
2090 5048 2551 5119 acceptamque.
2596 5042 2853 5100 errandi
2896 5041 3305 5103 occasionem
3345 5066 3359 5103 :
3405 5054 3501 5105 te-

194 5156 376 5203 mere
404 5139 657 5202 scilicet
703 5146 962 5217 sumpto
996 5138 1487 5219 Theophylacto
1538 5139 1872 5217 episcOpo,
1908 5140 1963 5199 si
2019 5136 2143 5199 fuit
2206 5138 2475 5215 quidem
2512 5152 2593 5198 eo
2633 5137 2740 5213 [ll]
2785 5152 3048 5199 nom.ne
3108 5140 3500 5216 appellatus,

192 5240 278 5302 ad
337 5252 567 5300 recens
627 5250 979 5298 conversos
1012 5236 1322 5312 Bulgaros
1379 5238 1797 5310 transmisso,
1836 5252 1947 5314 pro
1998 5232 2497 5313 archiepiscopo
2552 5242 2777 5296 nostro
2809 5234 3322 5315 Theophylacto,
3365 5254 3503 5317 quo

193 5337 276 5399 de
301 5333 582 5412 agimus.

276 5440 471 5498 Error
532 5434 638 5497 hic
685 5441 781 5497 est
831 5433 1096 5496 Roberti
1159 5436 1588 5518 Chreygtoni,
1650 5434 1766 5516 qui
1802 5435 1972 5513 apud
2032 5433 2340 5497 Allatinm
2392 5433 2458 5495 in
2498 5434 2985 5496 Exercitatione
3024 5452 3107 5497 xv
3162 5437 3229 5498 in
3280 5438 3500 5517 ipsum

194 5532 669 5595 heterodoxum
732 5530 1085 5607 hominem,
1153 5534 1314 5595 nihil
1379 5538 1689 5597 hasitans
1738 5533 1827 5595 ait
1871 5550 2013 5611 pag.
2071 5534 2187 5593 251
2257 5554 2346 5593 ει(
2388 5531 2657 5594 Photius
2726 5533 3042 5617 (Ignatius
3096 5536 3325 5597 habent
3359 5540 3501 5609 alii)

188 5628 834 5707 ...Theophylartum
895 5628 1701 5713 constantinOpolitamum
1735 5631 1803 5691 in
1844 5630 2025 5692 omni
2065 5629 2429 5694 litteratura
2467 5631 3033 5705 ﬂorentissimum,
3071 5642 3131 5695 et
3160 5651 3194 5695 a
3228 5641 3501 5712 perenni

197 5724 480 5789 lectione
523 5726 729 5786 sancti
776 5724 1250 5803 Chrysostomi,
1300 5744 1494 5805 quem
1557 5729 1630 5789 in
1670 5745 1938 5791 succum
1973 5736 2034 5790 et
2066 5730 2455 5809 sanguinem
2492 5738 2923 5798 converterat,
2956 5729 3503 5795 facundissimum

196 5823 495 5888 virum...
522 5839 604 5883 eo
637 5819 905 5893 direxit,
950 5843 978 5877 υ
1016 5822 1084 5882 in
1120 5823 1510 5904 Bulgariam.
1544 5825 1621 5888 In
1672 5828 1976 5889 eumdem
2009 5836 2195 5890 antea
2229 5832 2585 5907 impegerat
2618 5846 2903 5891 errorem
2942 5832 3167 5893 Petrus
3215 5834 3502 5895 Pithoeus

192 5921 267 5986 in
300 5919 591 5983 Historia
622 5920 1088 5981 controversia
1117 5921 1198 5982 de
1226 5925 1655 5999 processione
1707 5925 1993 6003 Spiritus
2026 5927 2231 5987 sancti
2266 5949 2281 5987 :
2324 5950 2352 5982 η
2386 5927 2521 5987 Etsi
2556 5926 2634 5987 de
2668 5926 3134 6007 'l‘heophylacti
3167 5939 3375 6006 atate,
3404 5932 3502 5992 in-

390 6018 678 6085 Ρλτιυι.
711 6020 838 6081 Gn.
885 6021 1154 6084 CXXIII.

3150 6042 3171 6097 ι
