4006 6544
219 535 273 599 l3
1003 525 1100 588 DE
1138 521 1722 586 THEOPHYIACTI
1762 520 2034 582 GESTIS
2075 519 2171 580 ET
2212 516 2585 579 SCRIPTIS.
3412 511 3480 575 14

216 648 497 728 marginis
545 663 677 709 ora.
736 647 856 707 Aut
893 644 1206 706 alterutro
1237 650 1408 705 certe
1449 641 1512 702 in
1559 641 1699 701 loco
1752 640 2059 701 mendum
2092 636 2282 699 cubat
2319 657 2333 695 :
2367 639 2476 698 aut
2529 652 2609 698 ex
2662 633 2826 712 ipsis
2875 630 3193 706 numeris,
3259 631 3484 692 tmarii

213 752 691 831 transposition
750 747 1009 820 vitiatis,
1053 744 1377 825 profectus
1412 758 1594 804 error
1627 749 1763 813 est;
1831 751 2108 799 numero
2168 732 2423 796 scilicet
2477 734 2552 793 61
2591 731 2804 812 posito
2862 747 2977 810 pro
3033 732 3134 805 16,
3179 739 3290 792 aut
3368 748 3480 790 ut

213 867 316 930 pro
345 829 470 908 le.
528 847 858 909 Prmdictas
917 842 1380 922 Tthphylacti
1417 839 1736 916 Epistolas
1766 855 1846 898 ex
1903 835 2033 896 alio
2070 851 2186 895 ms.
2217 831 2439 894 codice
2473 831 2885 894 bibliotheca;
2915 829 3226 893 Medicam
3262 837 3483 908 postea

211 927 594 1023 deprompsit
659 943 949 1002 Andreas
997 938 1299 1000 Schottus
1336 959 1350 998 :
1388 938 1468 997 ab
1504 951 1716 1012 eoque
1757 939 2050 1012 acceptas
2107 929 2360 1008 primus
2419 931 2642 991 Graece
2691 928 2868 1007 typis
2935 927 3142 989 edidit
3193 929 3481 988 Joannes

210 1040 519 1101 Meursius
563 1036 862 1115 Lugduni
897 1037 1280 1096 Batavorum
1321 1046 1494 1094 anno
1531 1032 1710 1102 1617,
1747 1028 1914 1099 in-h,
1959 1045 2122 1107 quas
2169 1027 2392 1088 Latine
2451 1041 2798 1088 conversas
2827 1042 2862 1086 a
2896 1024 3244 1086 Vincentio
3279 1023 3479 1084 Mari-

211 1137 376 1197 nerio
421 1134 765 1196 Valentino
801 1141 1054 1211 prmstat
1113 1129 1528 1193 Coloniensis
1579 1125 1974 1189 Bibliotheca
2022 1127 2280 1187 Patrum
2339 1132 2515 1185 tomo
2546 1123 2666 1184 XV
2697 1127 2766 1184 et
2805 1120 3274 1197 Lugdunensis
3307 1127 3483 1181 tomo

210 1234 424 1294 XVIII.
463 1235 894 1294 Numerantur
921 1244 1072 1290 vero
1097 1227 1393 1306 quinque
1418 1242 1618 1303 supra
1650 1224 2059 1304 septuaginta
2095 1246 2110 1284 :
2143 1222 2208 1284 in
2243 1221 2488 1302 quibus
2520 1226 2800 1283 attamen
2834 1220 3071 1300 aliqua:
3102 1219 3486 1280 desideran-

207 1338 318 1397 tur,
351 1345 492 1408 quae
519 1328 831 1389 Vaticano
877 1343 956 1387 ex
991 1325 1214 1387 codice
1246 1323 1612 1385 afferuntur
1641 1340 1675 1384 a
1726 1321 2032 1383 Baronio.
3047 1386 3050 1389 1

277 1429 387 1488 Pro
423 1443 538 1486 sua
609 1423 935 1488 sententia
993 1427 1452 1501 argumentum
1513 1421 1709 1482 variis
1744 1437 1822 1482 ex
1857 1417 2152 1495 epistolis
2193 1415 2548 1480 Annalium
2612 1433 2847 1494 parens
2920 1416 3192 1478 instruit
3236 1417 3313 1476 ad
3372 1431 3490 1475 an-

209 1542 347 1585 num
378 1525 550 1585 1071.
588 1524 739 1584 Htec
777 1522 953 1583 enim
1012 1519 1334 1581 habentur
1371 1517 1560 1579 verba
1613 1517 1682 1578 in
1715 1515 1990 1596 epistola
2025 1532 2174 1594 quae
2207 1513 2458 1576 decima
2492 1514 2771 1592 septima
2804 1513 3119 1576 Vaticano
3149 1512 3217 1574 in
3260 1512 3487 1574 codice

206 1629 588 1695 numeratur,
617 1621 702 1681 ad
749 1618 954 1698 ﬁlium
991 1617 1536 1681 Sebastocratoris
1570 1618 1711 1677 data
1748 1639 1763 1676 :
1800 1635 1830 1669 α
1874 1614 2007 1675 Oro
2064 1612 2288 1691 igitur,
2325 1620 2385 1674 et
2425 1611 2528 1672 his
2563 1609 2800 1674 litteris
2849 1620 3155 1690 tanquam
3213 1627 3488 1689 corpore

202 1717 456 1796 supplex
507 1716 884 1795 procumbo.
921 1724 989 1777 ut
1053 1714 1419 1776 miserearis
1469 1711 1868 1775 felicissimm
1900 1713 2229 1791 quondam
2268 1709 2600 1780 Ecclesiae,
2634 1726 2829 1786 quam
2881 1708 3489 1772 Christianissimus

204 1813 302 1875 ille
332 1814 611 1887 Borises,
643 1813 1072 1891 Bulgarorum
1095 1828 1232 1883 rex,
1265 1827 1460 1887 unam
1492 1818 1554 1872 et
1584 1811 1788 1889 ipsam
1820 1829 1854 1872 e
1893 1817 2141 1887 septem
2171 1809 2505 1873 catholicis
2527 1807 2909 1872 mditicavit:
2948 1816 3013 1870 tu
3046 1823 3312 1869 renova.
3355 1828 3385 1861 »
3409 1839 3489 1850 -

203 1931 229 1966 ε
262 1910 407 1972 Cum
443 1912 507 1970 in
541 1927 641 1983 ea,
678 1909 994 1971 Baronius
1026 1908 1141 1982 ait,
1175 1908 1420 1971 mentio
1452 1909 1554 1970 tiat
1588 1906 1834 1968 Borisis
1887 1906 2315 1986 Bulgarorum
2371 1907 2575 1984 regis,
2613 1905 2729 1985 qui
2767 1906 2953 1976 vixit,
2990 1913 3060 1968 ut
3089 1907 3371 1967 Zonaras
3424 1911 3492 1964 et

199 2006 299 2067 alii
331 2009 710 2079 ostendunt,
753 2013 899 2082 post
931 2013 1193 2068 centum
1248 2004 1308 2088 (a
1339 2004 1568 2067 Photio
1610 2012 1672 2067 et
1703 2001 1980 2082 Ignatio)
2013 2020 2243 2073 annos,
2289 2020 2522 2082 nempe
2574 2003 2700 2064 sub
2731 2002 3104 2082 Nicephoro
3157 2001 3369 2064 Phoca
3424 2011 3490 2063 et

198 2105 435 2165 Joanne
503 2106 783 2166 Zimisce
842 2102 1348 2180 imperatoribus
1399 2101 1524 2183 (vel
1584 2101 1663 2163 ab
1693 2118 1866 2164 anno
1897 2105 2010 2164 971
2046 2104 2123 2164 ad
2165 2119 2408 2164 annum
2453 2103 2597 2175 973,
2636 2110 2704 2163 ut
2740 2102 3138 2164 Dufresnius
3171 2098 3488 2184 adnotat).

202 2200 371 2274 plane
403 2211 692 2278 apparet,
731 2216 858 2261 non
895 2209 1050 2262 tunc
1081 2201 1293 2278 ipsum
1328 2200 1575 2260 vixisse
1606 2200 1729 2259 sub
1759 2200 2003 2262 Basilio
2033 2199 2464 2281 (Macedone),
2494 2201 2606 2264 sed
2643 2203 2838 2280 longe
2873 2207 3017 2280 post
3049 2199 3162 2262 illa
3195 2209 3489 2279 tempora

198 2292 732 2376 TheOphylactum
768 2297 1197 2377 Bulgarorum
1241 2297 1582 2376 prmfuisse
1619 2296 1923 2358 Ecclesia;
1961 2296 2554 2375 archiepiscoiium.
2600 2297 2722 2360 Sed
2755 2306 2998 2360 etcum
3031 2298 3210 2360 etibi
3249 2298 3492 2358 memi-

201 2394 388 2454 nitde
445 2394 748 2456 ecclesiis
788 2394 868 2456 ab
919 2395 1150 2456 eodem
1187 2411 1337 2472 rege
1373 2403 1562 2455 antea
1619 2393 1978 2470 mdiiicatis,
2021 2405 2082 2459 et
2112 2406 2255 2475 post
2286 2397 2564 2459 multum
2598 2397 2880 2475 spatium
2927 2396 3244 2478 temporis
3291 2413 3489 2459 unae-1

196 2510 267 2554 ex
319 2493 472 2555 illlis
531 2496 818 2557 dirutam
854 2494 1160 2574 pr0ponit
1208 2492 1702 2568 restituendam,
1734 2497 1920 2573 plane
1979 2497 2402 2568 demonstrat,
2444 2497 2637 2573 longe
2674 2502 2892 2571 postea
2943 2493 3023 2555 ab
3079 2510 3158 2556 eo
3192 2503 3488 2573 tempore

198 2590 482 2652 eumdem
528 2591 1090 2670 'l‘heOphylactum
1123 2589 1465 2652 claruisse.
1496 2613 1525 2647 α
1564 2591 1834 2671 Sapiens
1879 2609 2071 2653 nemo
2105 2592 2326 2666 fuerit,
2360 2591 2477 2672 qui
2519 2590 3079 2671 TheOphylactum
3115 2607 3246 2652 non
3276 2608 3490 2654 remo-

200 2694 325 2748 veat
353 2688 431 2748 ab
452 2705 594 2751 aavo
631 2688 968 2752 Photiano.

267 2787 321 2847 5.
358 2789 571 2851 Vitam
607 2791 822 2866 ipsum
856 2789 1072 2869 egisse
1143 2789 1370 2852 statuit
1443 2792 1786 2868 Baronius,
1844 2791 1970 2852 sub
2031 2789 2344 2852 Michaele
2381 2790 2496 2852 VII
2533 2791 2733 2862 Duca,
2768 2795 2830 2851 et
2882 2788 3253 2868 Nicephoro
3294 2790 3488 2850 Bolo-

201 2883 380 2958 niata,
416 2893 478 2946 et
512 2884 750 2948 Alexio
790 2887 1146 2950 Comneno.
1203 2888 1555 2967 Imperium
1593 2891 1841 2969 primus
1871 2891 2246 2968 auspicatus
2276 2898 2372 2952 est
2407 2904 2578 2952 anno
2622 2890 2800 2963 1071,
2835 2887 2998 2951 alter
3043 2891 3224 2963 1078,
3257 2889 3490 2950 tertius

201 2982 362 3056 1081,
395 2985 471 3043 ad
512 3001 762 3044 annum
788 3001 1000 3062 usque
1035 2986 1212 3048 1118.
1248 2987 1526 3049 Primam
1565 2987 1762 3050 refert
1785 2987 2258 3068 TheOphylacti
2307 2987 2649 3067 epistolam
2695 2988 2775 3049 ad
2820 2986 3086 3049 Mariam
3119 2985 3495 3066 imperatri-

188 3094 345 3170 cem,
380 3078 726 3141 Michaelis
760 3083 976 3154 Ducas,
1011 3099 1082 3143 ac
1109 3092 1330 3162 postea
1367 3085 1722 3147 Botonialm
1759 3103 2056 3149 uxorem.
2089 3086 2444 3165 Epistolam
2471 3085 2653 3147 addit
2680 3085 2999 3146 decimam
3031 3083 3314 3158 tertiam,
3343 3103 3494 3166 qua:

197 3176 324 3235 data
359 3175 606 3255 legitur
640 3175 722 3236 ad
773 3179 1086 3240 Joannem
1135 3182 1398 3254 Ducam,
1433 3184 1759 3245 sororium
1804 3185 2219 3263 imperatoris
2259 3206 2278 3244 :
2311 3183 2377 3244 in
2412 3199 2622 3262 eaque
2680 3181 2815 3244 hinc
2879 3181 3201 3243 habentur
3269 3183 3488 3254 verba,

199 3292 226 3328 α
249 3273 586 3346 Cmterum,
629 3290 668 3336 ο
692 3274 1091 3339 fortunatum
1127 3280 1450 3341 Ducarum
1482 3299 1715 3361 genus,
1746 3291 1912 3344 recta
1958 3282 2178 3344 omnia
2200 3290 2262 3344 et
2294 3281 2562 3342 honesta
2595 3280 2663 3341 in
2700 3287 2758 3341 te
2788 3278 3253 3357 complectens,
3275 3278 3344 3340 in
3373 3278 3493 3340 hac

201 3368 347 3431 mihi
399 3370 692 3434 bonitate
753 3373 1049 3451 persiste.
1118 3397 1148 3431 »
1209 3377 1407 3438 Addit
1491 3378 1684 3440 etiam
1760 3381 2101 3458 epistolam
2169 3391 2458 3444 octavam
2498 3423 2515 3453 ,
2588 3379 2696 3439 ubi
2773 3379 2869 3438 sic
2931 3381 3013 3438 ait
3079 3376 3496 3456 'l‘heophyla-

198 3474 331 3529 etus
366 3490 436 3529 τι
474 3470 682 3532 Vides
714 3475 1047 3550 quomodo
1087 3484 1216 3536 tam
1252 3475 1439 3539 facile
1480 3477 1928 3540 colendissimi
1969 3478 2279 3542 Comneni
2317 3477 2612 3557 sigillum
2649 3475 3043 3537 subversum
3076 3484 3173 3536 est
3209 3475 3289 3535 ab
3345 3474 3495 3553 ipso

199 3563 549 3628 Comneno.
589 3590 618 3624 ι

269 3661 490 3742 Itaque
516 3661 833 3728 aﬂirmare
864 3683 1131 3731 necesse
1165 3677 1285 3744 est,
1319 3678 1388 3732 ut
1420 3673 1741 3737 Baronius
1772 3677 1859 3739 ait
1890 3677 2135 3740 ibidem
2169 3691 2350 3738 num.
2384 3675 2620 3748 XVIII,
2657 3673 3214 3752 TheOphylactum
3249 3671 3492 3752 ipsum,

196 3757 508 3837 Bulgaria
595 3761 1200 3844 archiepiscopum,
1281 3785 1423 3829 eam
1471 3769 1877 3836 functionem
1949 3773 2448 3834 administrasse
2533 3770 2655 3834 hoc
2741 3779 3076 3849 tempore,
3141 3786 3276 3850 quo
3353 3769 3496 3832 sive

195 3851 398 3926 Docte,
463 3859 610 3919 sive
671 3859 983 3923 Comneni
1047 3865 1617 3948 ConstantinOpoli
1679 3871 2110 3952 imperabant.
2171 3869 2330 3933 Viro
2389 3868 2773 3932 doctissimo
2831 3884 3026 3929 nemo
3079 3884 3211 3949 non
3275 3867 3493 3946 porri-

196 3958 291 4026 gat
351 3971 617 4016 manus.
790 4005 812 4026 λ

365 4051 677 4160 Bujusce‘
728 4063 944 4160 tamen
1013 4059 1323 4138 temporis
1362 4061 1561 4125 veluti
1623 4066 1955 4144 periodos,
1990 4066 2232 4147 quibus
2276 4071 2340 4128 et
2380 4066 2542 4126 vixit
2578 4073 2642 4128 et
2670 4065 2892 4127 ﬂoruit
2936 4063 3494 4144 Theophylactus,

195 4143 476 4257 sibivisi
526 4157 686 4257 sunt
717 4151 990 4257 deﬁnite
1023 4160 1420 4257 accuratius
1473 4178 1663 4239 posse
1729 4143 2168 4245 bibliographi
2209 4163 2645 4242 scriptoresve
2692 4161 3496 4242 posteriores.Philippus

194 4241 484 4353 itabbeu‘s
520 4246 594 4308 in
631 4264 748 4310 sua
791 4251 868 4310 ad
929 4251 1394 4319 Bellarminum
1463 4241 2296 4324 Dissertatione‘historica
2337 4241 2353 4323 ὲ
2387 4285 2416 4318 α
2455 4241 2731 4323 Circiter
2765 4277 3010 4322 annum
3047 4261 3199 4320 1071
3239 4257 3499 4320 vivebat

197 4338 487 4451 (inquit),
530 4353 823 4451 tempore
859 4352 1097 4451 summi
1139 4353 1460 4430 pontiﬁcis
1498 4357 1851 4422 Alexandri
1890 4362 1942 4421 Il
1974 4368 2036 4422 et
2067 4361 2342 4421 Romani
2377 4359 2692 4438 Diogenis
2746 4359 2849 4440 (ab
2881 4375 3054 4420 anno
3091 4359 3250 4420 1068
3289 4357 3498 4437 impe-

445 4443 882 4549 ιθξηιξοτίὺυξ,
920 4447 1164 4549 utejus
1195 4466 1274 4549 ex
1321 4451 1638 4531 Epistolis
1691 4468 1968 4521 constat.
2007 4459 2313 4521 Pervenit
2345 4475 2611 4538 quoque
2648 4458 2723 4518 ad
2756 4438 3206 4537 pontificatum
3241 4459 3493 4536 Grego-

303 4535 411 4647 γη
464 4543 536 4647 et
596 4535 946 4647 imperium
1010 4544 1360 4624 Nicephuri
1415 4551 1847 4616 Botoniatm...
1893 4556 2038 4629 Quo
2081 4565 2300 4618 autem
2345 4535 2580 4618 obierit
2615 4535 2813 4629 anno,
2850 4571 3115 4631 prorsus
3157 4555 3410 4633 ignoro.
3464 4579 3494 4609 ι»

193 4627 425 4746 Eadem
463 4636 934 4746 "(inscripsere
1002 4646 1197 4704 verba
1234 4647 1593 4724 Dupinius,
1627 4661 1689 4713 et
1725 4627 2084 4715 Casiuiirus
2117 4654 2453 4726 Oudinus,
2488 4659 2549 4714 et
2579 4627 2905 4731 Georgius
2939 4627 3239 4712 Matthias
3277 4653 3490 4714 Κοιιὶ-

193 4729 333 4834 gius
399 4729 934 4834 inlBt'bliotheca
993 4749 1200 4800 vclcrc
1257 4755 1315 4804 et
1373 4763 1563 4820 nova,
1623 4771 1659 4815 «ν
1716 4749 2278 4831 Τὴροιι1])νιδεῑυῑῐι
2333 4750 2631 4812 ﬂoruisse
2696 4729 2969 4822 alentes,
3033 4747 3158 4809 sub
3212 4748 3496 4827 impera-

191 4825 442 4934 toribus
477 4829 768 4934 Romano
796 4832 1116 4934 ‘Diogene,
1158 4839 1475 4902 Michaele
1512 4845 1687 4905 Duca
1718 4855 1780 4906 et
1811 4825 2178 4926 Nicepbnro
2211 4847 2572 4908 Botoniata.
2618 4868 2648 4903 ι
2680 4845 2841 4919 Qum
2894 4845 3121 4925 utique
3167 4825 3358 4907 verba
3389 4847 3491 4906 vi-

190 4927 310 5044 tam
343 4927 495 5002 ejus
531 4929 922 5044 concludere
962 4933 1272 4997 videntur
1309 4939 1477 5000 intra
1512 4941 1809 5020 ejusdem
1846 4944 2206 5007 Botoniataa
2237 4943 2572 5022 regnantis
2611 4951 2926 5020 tempora.

219 5023 403 5133 ulmo
434 5025 660 5133 potius
702 5023 1084 5133 sub—alexio
1117 5035 1447 5099 Comneno
1474 5055 1658 5100 suam
1693 5041 1909 5121 egisse
1943 5041 2162 5114 vitam,
2193 5039 2435 5102 infulas
2496 5049 2784 5119 gestasse
2824 5039 3224 5118 Bulgaricas,
3260 5058 3332 5103 ac
3361 5041 3496 5120 [IV]

191 5115 428 5231 litteris
467 5121 775 5231 ﬂoruisse
811 5128 1396 5231 TheOpbylactum,
1431 5137 1696 5199 adnotat
1727 5115 1998 5201 Carolus
2031 5137 2432 5200 Dufresnius
2475 5115 2573 5199 lin
2613 5139 2824 5217 Cange
2858 5138 2926 5198 in
2960 5115 3136 5200 notis
3166 5141 3244 5201 ad
3287 5115 3497 5203 Anna;

188 5214 811 5315 Comnenmlibrum
853 5243 964 5285 vm
996 5227 1346 5289 Alemiados
1387 5252 1405 5290 :
1441 5255 1470 5285 α
1509 5232 2327 5314 FloruitTheophylactus,
2365 5236 2703 5314 inquiens,
2741 5214 2972 5297 Alexio
3006 5236 3340 5298 Comneno
3377 5239 3495 5299 im-

192 5328 490 5426 pel-ante,
515 5333 648 5426 non
677 5323 1002 5426 vero-sub
1036 5321 1327 5388 Romano
1373 5329 1687 5409 DiOgene,
1721 5342 1831 5395 aut
1889 5334 2205 5397 Michaele
2244 5336 2439 5405 Duco,
2480 5342 2546 5396 ut
2598 5333 2737 5394 vult
2784 5334 3106 5396 Barouius
3141 5356 3156 5395 :
3196 5337 3372 5414 quod
3411 5355 3491 5398 ex

189 5417 755 5524 ipsiusﬁpistplis
781 5437 814 5480 a
845 5423 1136 5485 Meursio
1177 5425 1374 5488 editis
1428 5432 1580 5489 satis
1625 5441 1900 5493 constat.
1933 5433 2222 5505 Quarum
2266 5433 2559 5511 quaedam
2596 5431 2672 5492 ad
2708 5431 3067 5493 Adrianum
3121 5435 3336 5495 Alexii
3371 5433 3496 5496 ira-

189 5514 858 5622 l.reni,.Nicephoruni
891 5521 1320 5585 Melissenum
1375 5528 1714 5601 Ctesarem,
1754 5531 2143 5608 Gregorium
2177 5531 2576 5599 Taronitam,
2613 5529 3049 5608 Nicephorum
3077 5531 3492 5605 Briennium,

185 5611 408 5720 Alexii
449 5628 901 5720 consocerum,
931 5626 991 5679 et
1023 5620 1186 5720 alios
1223 5638 1302 5682 ex
1357 5624 1669 5687 Alexiana
1711 5637 1770 5688 et
1805 5631 2130 5691 Comnena
2179 5627 2422 5688 familia
2462 5627 2789 5706 principes
2851 5630 3107 5706 scriptm
3146 5642 3318 5691 sunt.
3360 5631 3494 5692 Una

189 5714 386 5767 etiam
422 5711 502 5770 ad
550 5711 887 5773 Nicolaum
922 5715 1346 5790 patriarcham
1390 5741 1404 5777 :
1448 5743 1473 5775 »ι
1511 5722 1702 5799 hujus
1747 5726 2037 5787 nominis
2073 5728 2381 5798 Tertium,
2414 5728 2527 5806 qui
2566 5730 2788 5786 sedem
2829 5727 3498 5806 Constantiimpolita-

188 5819 338 5897 nam
389 5807 800 5883 conscendit,
833 5812 1016 5872 Anna
1070 5813 1400 5877 Comnena
1464 5827 1626 5880 teste
1681 5820 1770 5880 lib

1910 5823 2318 5894 ‘.Alexindos,
2375 5825 2758 5895 ἐπινεμήσεως
2821 5828 3059 5896 ἑϐδόμης
3113 5825 3267 5889 ἔτους
3295 5831 3492 5897 οςιιπξέι’

190 5896 552 5961 indictione
608 5908 900 5982 septima,
925 5925 1091 5968 anno
1148 5927 1262 5970 sex
1291 5911 1621 5975 millesimo
1683 5935 1761 5994 qu

190 5996 490 6062 vulgat-is
530 6002 710 6062 1085.

1918 5923 2186 5980 ntesimo
2242 5924 2646 6000 nonagesimo
2708 5925 3013 5998 secundo,
3046 5943 3189 5987 terea
3244 5923 3496 5985 scilicet

187 6009 490 6074 vulgat-ts
530 6009 710 6062 1083.
