4006 6548
219 545 281 610 l3
1043 536 1140 599 DE
1179 532 1761 596 THEOPHYLAC’I‘I
1801 531 2074 593 GESTIS
2114 530 2210 590 ET
2251 527 2625 589 SCRIPTIS.
3451 521 3520 585 14

217 658 532 740 marginis
585 674 718 719 ora.
776 657 896 717 Aut
933 653 1246 716 alterutro
1276 660 1448 715 certe
1489 651 1552 712 in
1599 651 1739 711 loco
1792 650 2098 711 mendum
2132 647 2322 710 cubat
2358 668 2372 706 :
2406 649 2516 709 aut
2569 662 2649 708 ex
2701 643 2866 723 ipsis
2914 641 3233 716 numeris,
3298 642 3524 703 ωιτη·ίί

216 763 731 841 ιναηςροείιίοηε
789 758 1050 830 vitiatis,
1093 755 1418 836 profectus
1452 768 1633 814 error
1667 759 1803 824 est;
1871 761 2148 809 numero
2207 743 2462 806 scilicet
2516 745 2592 804 61
2630 742 2844 823 posito
2902 757 3017 821 pro
3073 743 3174 816 16,
3219 749 3330 803 aut
3408 758 3519 800 ut

217 877 334 942 pro
368 840 505 920 Lix.
566 857 900 919 Prmdiclas
957 852 1419 933 Tthphylacti
1458 849 1776 926 Epistolas
1805 865 1885 909 ex
1942 845 2073 907 alio
2109 861 2226 905 ms.
2257 843 2478 905 codice
2513 841 2924 904 bibliothecae
2955 840 3265 904 Mediocre
3301 848 3522 918 postea

216 937 633 1033 deprompsit
697 953 990 1013 Andreas
1037 949 1339 1011 Schottus
1376 969 1390 1008 :
1428 948 1508 1007 ab
1543 961 1756 1023 eoque
1796 949 2090 1022 acceptas
2147 939 2399 1019 primus
2459 942 2682 1002 Graece
2731 939 2907 1018 typis
2974 937 3181 999 edidit
3233 939 3520 999 Joannes

213 1051 557 1113 Meursius
601 1046 902 1126 Lugduni
937 1047 1320 1107 Batavorum
1361 1057 1533 1104 anno
1570 1042 1750 1112 1617,
1786 1038 1954 1109 in-h.
2000 1055 2162 1117 quas
2208 1037 2432 1098 Latine
2490 1051 2838 1098 conversas
2866 1052 2902 1097 a
2935 1035 3283 1096 Vincentio
3319 1033 3518 1094 Mari-

216 1149 405 1209 nerio
453 1145 804 1207 Valentino
841 1152 1094 1222 praestat
1153 1139 1567 1204 Coloniensis
1619 1136 2015 1200 Bibliotheca
2060 1138 2320 1197 Patrum
2379 1143 2554 1196 tomo
2585 1133 2705 1194 XV
2737 1137 2804 1195 et
2845 1131 3312 1208 Lugdunensis
3345 1137 3522 1191 tomo

219 1246 460 1306 XVIII.
501 1246 934 1306 Numerantur
961 1255 1112 1300 vero
1137 1237 1433 1316 quinque
1458 1253 1657 1313 supra
1689 1235 2098 1314 septuaginta
2135 1257 2149 1294 :
2183 1233 2248 1294 in
2282 1231 2527 1314 quibus
2560 1237 2840 1294 attamen
2873 1230 3110 1311 aliqum
3141 1229 3525 1291 desideran-

213 1350 344 1409 tur.
381 1357 531 1420 qum
558 1339 871 1400 Vaticano
916 1353 995 1398 ex
1031 1336 1255 1397 codice
1287 1334 1652 1396 afferuntur
1681 1350 1715 1394 a
1765 1331 2072 1394 Baronio.
3087 1397 3090 1400 ,

297 1441 422 1500 Pro
459 1455 578 1498 sua
648 1434 974 1498 sententia
1033 1439 1492 1511 argumentum
1553 1432 1748 1492 variis
1783 1448 1862 1493 ex
1897 1428 2192 1506 epistolis
2233 1425 2587 1490 Annalium
2651 1443 2886 1505 parens
2960 1427 3231 1488 instruit
3275 1427 3352 1486 ad
3411 1441 3528 1486 an-

223 1554 378 1598 num
413 1537 590 1596 1071.
628 1535 777 1594 Haec
816 1533 992 1594 enim
1052 1530 1374 1591 habentur
1410 1527 1600 1590 verba
1655 1528 1722 1589 in
1755 1526 2029 1606 epistola
2065 1543 2213 1605 quas
2247 1523 2497 1586 decima
2532 1525 2810 1603 septima
2843 1524 3157 1586 Vaticano
3187 1523 3256 1585 in
3299 1523 3526 1584 codice

216 1640 628 1706 numeratur,
656 1631 740 1692 ad
788 1628 994 1708 ﬁlium
1030 1627 1576 1691 Sebastocratoris
1610 1629 1750 1687 data
1787 1649 1803 1686 :
1840 1645 1870 1680 α
1914 1625 2046 1686 Oro
2103 1623 2327 1702 igitur,
2364 1631 2425 1685 et
2465 1621 2567 1683 his
2603 1621 2839 1684 litteris
2889 1630 3194 1701 tanquam
3252 1637 3526 1699 corpore

215 1729 497 1808 supplex
547 1727 924 1806 procumbo,
961 1734 1028 1787 ut
1092 1724 1459 1786 miserearis
1509 1722 1910 1785 felicissimm
1940 1723 2269 1801 quondam
2307 1719 2640 1791 Ecclesia),
2673 1737 2868 1797 quam
2919 1719 3528 1802 Christianissimus

216 1826 331 1888 ille
364 1825 650 1897 Borises,
681 1823 1112 1902 Bulgarorum
1135 1838 1272 1893 rex,
1306 1837 1500 1883 unam
1532 1827 1593 1881 et
1624 1821 1828 1899 ipsam
1860 1839 1895 1882 e
1933 1827 2180 1898 septem
2211 1819 2544 1883 catholicis
2566 1819 2948 1882 mditieavit:
2987 1827 3052 1881 tu
3084 1833 3350 1880 renova.
3393 1838 3423 1872 »
3447 1849 3528 1862 -

218 1944 251 1978 ε
287 1923 447 1984 Cum
483 1923 548 1981 in
583 1937 680 1994 ea,
716 1920 1034 1981 Baronius
1066 1918 1180 1993 ait,
1214 1918 1460 1980 mentio
1492 1919 1594 1980 ﬁat
1627 1916 1874 1978 Borisis
1927 1916 2355 1996 Bulgarorum
2410 1917 2614 1994 regis,
2653 1915 2768 1996 qui
2806 1917 2992 1987 vixit,
3029 1925 3098 1979 ut
3128 1918 3410 1978 Zonaras
3462 1922 3530 1975 et

214 2018 330 2081 alii
366 2019 749 2090 ostendunt,
792 2024 938 2092 post
971 2023 1232 2078 centum
1288 2014 1347 2098 (a
1379 2014 1608 2077 Photio
1650 2021 1712 2076 et
1744 2011 2020 2092 lgnatio)
2053 2030 2283 2083 annos,
2329 2030 2562 2092 nempe
2614 2014 2739 2074 sub
2771 2012 3142 2093 Nicephoro
3195 2013 3408 2075 Phoca
3463 2023 3528 2074 et

215 2119 476 2176 Joanne
545 2117 822 2176 Zimisce
882 2113 1387 2190 imperatoribus
1439 2111 1563 2193 (vel
1624 2111 1703 2173 ab
1733 2128 1906 2173 anno
1938 2115 2050 2174 971
2086 2113 2163 2174 ad
2205 2129 2449 2175 annum
2493 2113 2637 2185 973,
2676 2121 2743 2173 ut
2780 2113 3176 2175 Dufresnius
3210 2110 3526 2196 adnotat).

220 2211 410 2288 plane
443 2221 730 2288 apparet,
770 2226 898 2272 non
934 2219 1089 2272 tunc
1120 2211 1332 2289 ipsum
1367 2210 1614 2271 vixisse
1646 2209 1769 2269 sub
1800 2210 2043 2272 Basilio
2073 2209 2504 2291 (Macedone),
2534 2211 2646 2274 sed
2683 2213 2877 2290 longe
2912 2218 3056 2290 post
3088 2210 3200 2273 illa
3233 2219 3528 2290 tempora

213 2306 771 2387 TheOphylactum
807 2308 1236 2387 Bulgarorum
1280 2307 1621 2386 prmiuisse
1658 2306 1963 2368 Ecclesim
2001 2306 2594 2385 archiepisc0pum,
2639 2308 2762 2370 Sed
2795 2316 2859 2370 et
2889 2325 3037 2370 cum
3070 2316 3132 2370 et
3156 2309 3248 2370 ibi
3287 2309 3530 2370 memi—

219 2406 317 2466 nit
348 2406 430 2465 de
488 2404 787 2467 ecclesiis
827 2404 907 2467 ab
958 2405 1189 2466 eodem
1226 2421 1376 2482 rege
1412 2414 1601 2465 antea
1658 2403 2018 2480 mditicatis,
2061 2415 2122 2469 et
2152 2416 2295 2484 post
2327 2407 2603 2469 multum
2637 2406 2920 2486 spatium
2967 2407 3282 2487 temporis
3329 2425 3527 2470 unam

217 2523 301 2566 ex
356 2505 517 2565 illlis
575 2506 856 2566 dirutam
893 2504 1200 2583 praponit
1247 2503 1741 2578 restituendam,
1774 2507 1960 2583 plane
2019 2507 2442 2577 demonstrat,
2485 2507 2677 2583 longe
2713 2512 2932 2580 postea
2982 2503 3062 2564 ab
3118 2520 3197 2566 eo
3231 2513 3526 2583 tempore

217 2601 526 2664 eumdem
572 2601 1129 2680 TheOphylactum
1162 2599 1504 2662 claruisse.
1535 2622 1564 2657 α
1602 2601 1874 2681 Sapiens
1918 2618 2111 2664 nemo
2145 2601 2367 2676 fuerit,
2400 2602 2518 2682 qui
2559 2601 3118 2682 Theophylactum
3155 2617 3284 2662 non
3315 2618 3528 2664 remo-

222 2707 366 2760 veat
396 2699 476 2759 ab
497 2715 636 2760 aevo
672 2698 1006 2762 Photiano.

300 2799 360 2859 5.
400 2799 612 2860 Vitam
648 2800 862 2876 ipsum
895 2799 1110 2879 egisse
1182 2799 1409 2863 statuit
1482 2802 1824 2878 Baronius,
1883 2800 2009 2862 sub
2071 2799 2385 2863 Michaele
2422 2799 2536 2862 VII
2573 2802 2773 2872 Duca,
2807 2805 2870 2861 et
2923 2798 3292 2878 Niceplioro
3332 2799 3527 2860 Boto-

223 2897 425 2969 niata,
462 2903 524 2957 et
557 2894 790 2958 Alexio
829 2897 1185 2960 Comneno.
1243 2899 1594 2977 Imperium
1632 2902 1880 2980 primus
1910 2900 2286 2978 auspicatus
2317 2907 2412 2961 est
2448 2915 2618 2962 anno
2662 2900 2840 2972 1071,
2875 2896 3037 2961 alter
3083 2900 3263 2972 1078,
3296 2899 3529 2959 tertius

222 2995 405 3068 1081,
441 2994 516 3054 ad
557 3010 801 3054 annum
827 3012 1040 3073 usque
1073 2996 1251 3058 1118.
1287 2998 1564 3060 Primam
1604 2998 1801 3061 refert
1823 2997 2298 3079 TheOphylacti
2347 2997 2688 3078 epistolam
2735 2998 2814 3058 ad
2859 2996 3125 3059 Marium
3158 2995 3532 3076 imperatri-

208 3107 389 3186 ραω,
427 3089 766 3151 Michaelis
800 3092 1015 3164 Ducte,
1050 3109 1121 3153 ac
1148 3103 1368 3172 postea
1407 3096 1760 3158 Botoniatm
1798 3114 2096 3160 uxorem.
2128 3097 2484 3176 Epistolam
2512 3096 2692 3157 addit
2719 3094 3039 3157 decimam
3070 3093 3353 3168 tertiam,
3382 3113 3532 3176 qua:

219 3189 366 3251 (lata
405 3186 645 3266 iogitur
679 3185 762 3246 ad
813 3189 1125 3250 Joannem
1174 3192 1438 3265 Ducam,
1473 3195 1798 3255 sororium
1843 3196 2259 3274 imperatoris
2300 3217 2318 3254 :
2351 3194 2417 3254 in
2452 3209 2662 3272 eaque
2720 3191 2854 3254 hmo
2918 3191 3240 3253 habentur
3309 3194 3526 3264 verba,

224 3306 256 3342 ι
283 3286 626 3356 (ἰωιθνυω,
668 3300 708 3347 o
732 3285 1130 3350 fortunatum
1165 3290 1489 3352 Ducarum
1521 3309 1754 3372 genus,
1785 3303 1950 3355 recta
1997 3293 2218 3355 omnia
2240 3301 2302 3355 et
2333 3292 2602 3353 honesta
2635 3290 2703 3351 in
2739 3297 2798 3352 te
2827 3289 3292 3368 complectens,
3315 3288 3383 3350 in
3412 3288 3531 3350 hac

224 3380 389 3444 mihi
445 3382 732 3444 bonitate
792 3383 1088 3462 persiste.
1157 3408 1187 3441 ι
1248 3388 1446 3449 Addit
1531 3389 1724 3451 etiam
1799 3393 2141 3468 epistolam
2209 3402 2498 3455 octavam
2538 3434 2555 3462 ,
2628 3389 2735 3450 ubi
2812 3390 2909 3449 sic
2970 3393 3052 3448 ait
3119 3386 3534 3466 'l‘heophyla-

225 3487 376 3543 ctus
412 3501 482 3540 τι
521 3480 722 3542 Vides
753 3485 1086 3560 quomodo
1127 3495 1254 3547 tam
1291 3485 1478 3550 facile
1519 3489 1968 3551 colendissimi
2009 3489 2319 3553 Comneni
2357 3488 2651 3567 sigillum
2689 3485 3082 3548 subversum
3115 3495 3212 3547 est
3248 3486 3327 3545 ab
3383 3484 3534 3563 ipso

226 3577 589 3638 Comneno.
628 3600 658 3634 ι

308 3675 535 3753 Itaque
560 3672 872 3739 afﬁrmare
903 3694 1171 3742 necesse
1205 3688 1324 3754 est,
1359 3689 1427 3743 ut
1459 3684 1780 3748 Baronius
1811 3687 1898 3749 ait
1930 3687 2174 3750 ibidem
2208 3702 2388 3749 num.
2423 3686 2660 3758 XVIII,
2697 3683 3253 3763 TheOphylactum
3288 3681 3531 3762 ipsum,

227 3770 553 3849 Bulgarim
635 3772 1239 3854 archiepiscopum,
1321 3796 1462 3840 eam
1510 3779 1916 3846 iunctionem
1989 3783 2486 3844 administrasse
2572 3780 2694 3844 hoc
2781 3789 3114 3859 tempore,
3179 3796 3314 3860 quo
3393 3779 3534 3842 sive

227 3866 445 3936 Duae,
510 3869 648 3929 sive
709 3870 1022 3933 Comneni
1087 3875 1656 3958 ConstantinOpoli
1719 3881 1806 3943 im

1948 3883 2148 3942 ibant.
2210 3878 2369 3943 Viro
2428 3878 2813 3942 doctissimo
2871 3894 3065 3939 nemo
3118 3895 3249 3961 non
3315 3878 3530 3956 porri-

223 3971 334 4041 gat
397 3981 656 4026 manus.
829 4027 840 4038 ,

413 4062 705 4167 Bujusce
767 4073 983 4167 tamen
1052 4070 1363 4148 temporis
1401 4071 1600 4135 veluti
1662 4076 1994 4154 periodos,
2029 4076 2271 4157 quibus
2315 4081 2379 4138 et
2419 4075 2581 4137 vixit
2617 4083 2681 4138 et
2709 4075 2932 4138 ﬂoruit
2975 4073 3532 4153 TheOphylactus,

222 4156 356 4218 sibi
395 4159 520 4218 visi
571 4167 725 4221 sunt
755 4161 1028 4225 deﬁnire
1089 4169 1460 4232 accuratius
1512 4189 1702 4249 posse
1767 4175 2207 4255 bibliographi
2247 4174 2684 4252 scriptoresve
2731 4173 3154 4252 posteriores.
3191 4171 3535 4251 Philippus

223 4255 529 4362 Eabbeu‘s
562 4255 634 4318 in
670 4273 786 4320 sua
829 4261 907 4320 ad
968 4261 1433 4328 Bellarminum
1503 4269 1973 4334 Dissertatione
2026 4272 2335 4334 historica
2377 4297 2391 4333 :
2427 4295 2455 4328 a
2494 4271 2769 4333 Circiter
2805 4287 3048 4332 annum
3085 4271 3238 4330 1071
3277 4268 3538 4331 vivebat

226 4351 530 4458 (inquit),
571 4363 861 4458 tempore
897 4362 1136 4458 summi
1179 4363 1498 4440 pontificis
1536 4368 1890 4432 Alexandri
1929 4373 1981 4431 II
2013 4379 2075 4431 et
2105 4370 2380 4431 Romani
2416 4369 2731 4449 Diogenis
2785 4370 2888 4450 (ab
2920 4385 3092 4430 anno
3130 4369 3289 4430 1068
3328 4368 3537 4447 impe-

490 4453 921 4555 temporibus,
959 4456 1204 4536 utejus
1235 4476 1314 4521 ex
1360 4461 1677 4540 Epistolis
1730 4478 2007 4530 constat.
2047 4469 2352 4531 Pervenit
2384 4485 2651 4548 quoque
2688 4468 2763 4529 ad
2796 4466 3245 4547 pontificatum
3280 4469 3532 4546 Grego-

227 4545 311 4644 r_ii
349 4545 456 4644 Vl]
512 4553 576 4606 et
634 4545 985 4626 imperium
1049 4554 1400 4634 Nieephori
1455 4560 1886 4626 Boloniatm...
1931 4566 2077 4639 Quo
2120 4576 2339 4628 autem
2384 4545 2619 4628 obierit
2654 4545 2852 4640 anno,
2889 4582 3153 4641 prorsus
3195 4565 3450 4644 ignoro.
3504 4589 3534 4620 υ

223 4641 472 4750 Eadem
508 4647 974 4754 transcripsere
1042 4656 1237 4714 verba
1274 4656 1632 4735 Dupinius,
1666 4671 1729 4724 et
1764 4663 2124 4725 Casimirus
2156 4664 2492 4736 Oudinus,
2527 4670 2588 4724 et
2619 4664 2944 4742 Georgius
2977 4641 3278 4724 Matthias
3317 4663 3530 4725 Koni-

224 4740 379 4846 gius
445 4740 974 4846 inlBibliotheca
1032 4759 1239 4810 valere
1296 4765 1354 4814 et
1412 4773 1602 4829 nova,
1662 4780 1698 4825 a,
1755 4759 2318 4840 'I‘heophylactum
2371 4761 2671 4822 ﬂoruisse
2736 4740 3008 4832 aientes,
3072 4759 3197 4820 sub
3251 4759 3535 4838 impera-

225 4837 487 4945 toribus
520 4839 808 4945 Romano
834 4844 1156 4945 Biogene,
1197 4849 1514 4912 Michaele
1551 4855 1726 4916 Duca
1757 4865 1819 4916 et
1850 4837 2218 4936 Nicephoro
2251 4857 2612 4918 Botoniata.
2657 4878 2687 4912 ι
2721 4855 2881 4930 Quae
2933 4855 3160 4936 utique
3206 4837 3396 4918 verba
3429 4858 3531 4918 vi-

223 4941 356 5052 tam
389 4940 537 5013 ejus
570 4940 961 5052 concludere
1001 4943 1311 5007 videntur
1348 4948 1516 5011 intra
1551 4951 1848 5030 ejusdem
1885 4955 2245 5017 Botoniatae
2276 4953 2612 5033 regnantis
2651 4962 2965 5030 tempora.

259 5034 448 5142 ulmo
479 5034 698 5142 potius
741 5034 1123 5142 siib_Alexio
1156 5045 1486 5110 Comneno
1514 5067 1697 5111 suam
1733 5051 1948 5131 egisse
1981 5052 2201 5124 vitam,
2232 5049 2474 5112 infulas
2535 5059 2825 5129 gestasse
2865 5049 3263 5128 Bulgaricas,
3299 5067 3371 5112 ac
3400 5052 3534 5130 [IV]

225 5129 472 5192 litteris
510 5131 814 5196 ﬂoruisse
850 5137 1435 5219 Theophylactum,
1470 5147 1735 5209 adnotat
1766 5129 2037 5211 Carolus
2071 5148 2472 5210 Dufresnius
2515 5150 2612 5210 Du
2652 5149 2864 5227 Cange
2897 5148 2966 5208 in
3003 5149 3176 5209 notis
3204 5150 3284 5211 ad
3327 5129 3536 5212 Annm

227 5227 850 5325 Comnenwlibrum
893 5252 1003 5294 vm
1036 5237 1385 5299 Alexiados
1426 5263 1444 5301 :
1480 5265 1508 5296 α
1549 5243 2366 5323 FloruitTheophylactus,
2403 5246 2742 5324 inquiens,
2781 5244 3011 5305 Alexio
3046 5246 3380 5307 Comneno
3416 5249 3535 5309 im-

229 5337 526 5402 perante,
555 5342 685 5389 non
720 5346 873 5391 vero
917 5334 1042 5394 sub
1075 5331 1366 5398 Romano
1413 5340 1726 5418 DiOgene,
1760 5352 1870 5405 aut
1928 5344 2244 5406 Michaele
2283 5347 2478 5415 Duco,
2519 5353 2585 5406 ut
2637 5343 2776 5404 vult
2824 5343 3144 5405 Baronius
3181 5365 3195 5404 :
3235 5347 3411 5423 quod
3450 5364 3530 5407 ex

229 5426 446 5502 ipsius
483 5427 794 5506 Epistolis
819 5447 852 5490 a
885 5432 1175 5494 Meursio
1217 5431 1414 5498 editis
1467 5442 1620 5498 satis
1664 5449 1939 5502 constat.
1972 5443 2261 5514 Quarum
2304 5442 2597 5521 qumdam
2634 5441 2711 5501 ad
2747 5441 3106 5502 Adrianum
3161 5443 3375 5504 Alexii
3409 5443 3536 5506 Ira-

226 5530 420 5591 trem.
456 5524 897 5604 Nicephorum
930 5531 1359 5595 Melissenum
1414 5537 1753 5609 Caesarem,
1793 5541 2182 5618 Gregorium
2216 5540 2614 5609 Taronitam,
2651 5538 3088 5617 Nicephorum
3117 5540 3531 5614 Briennium,

223 5623 448 5683 Alexii
486 5639 940 5695 consocerum,
971 5636 1030 5688 et
1063 5629 1227 5689 alios
1262 5648 1341 5691 ex
1395 5634 1708 5695 Alexiana
1751 5645 1810 5697 et
1844 5639 2170 5699 Comnena
2217 5637 2461 5698 familia
2500 5637 2827 5716 principes
2890 5639 3146 5715 scriptm
3185 5650 3357 5700 sunt.
3398 5640 3535 5702 Una

228 5728 424 5779 etiam
457 5721 538 5780 ad
586 5719 925 5784 Nicolaum
961 5725 1384 5801 patriarcham
1429 5751 1442 5788 :
1486 5752 1512 5784 ιο
1549 5731 1740 5808 hujus
1786 5735 2076 5796 nominis
2113 5738 2419 5807 Tertium,
2453 5737 2565 5815 qui
2604 5740 2827 5796 sedem
2867 5736 3537 5816 ConstantinOpnlita-

229 5831 377 5876 nam
426 5819 836 5893 conscendit,
871 5822 1056 5881 Anna
1111 5823 1439 5888 Comnena
1500 5837 1664 5889 teste
1719 5829 1810 5889 lib

1949 5832 2356 5902 .Alexindos,
2413 5835 2797 5904 ἐπινεμήσεως
2859 5837 3098 5905 ἑϐδόμης
3152 5835 3531 5906 ἓτους,ςιιπβ’

231 5908 586 6050 indictione
644 5918 938 6039 septima,
963 5934 1131 5977 anno
1188 5938 1302 5980 sex
1330 5921 1658 5985 millesimo
1721 5926 2224 6006 quingentesimo
2281 5933 2684 6008 nonagesimo
2747 5935 3052 6006 secundo,
3085 5952 3228 5996 (erae
3283 5932 3536 5995 scilicet

231 6023 317 6050 Vn
349 6011 519 6050 ano-iu
563 6015 715 6050 4110.

229 6011 522 6088 vulgaris
563 6013 744 6074 1085.
