4006 6534
546 469 615 541 15
1356 412 1582 527 BERN.
1627 462 1891 524 ΜΛΒΙΕ
1932 460 2023 523 DE
2065 460 2347 523 RUBEIS
2386 463 2892 529 DISSERTATIO
3752 473 3815 534 16

2133 605 2245 666 lll.

547 748 705 811 Cum
761 743 1037 806 Baronio
1074 742 1266 801 sentit
1326 738 1644 819 Antonius
1688 737 1951 816 Pagius,
2002 738 2127 801 The

2227 738 2543 819 hylactrtm
2584 742 2768 819 etiam
2799 742 2912 805 sub
2959 743 3273 807 Michaelis
3306 747 3482 808 Daca
3530 758 3586 809 et
3612 749 3809 811 Nice-

623 827 831 909 phoro
861 821 1209 909 Batoniata
1237 819 1512 909 vixisse.
1535 817 1699 897 Ejus
1736 817 2203 909 argumentatio
2240 817 2645 909 carpenditur,
2680 839 2814 901 quas
2844 824 3121 909 sumitur
3149 844 3232 909 etc
3264 826 3426 909 libro
3456 830 3673 907 Regia;
3703 834 3812 892 1"-

627 894 1013 990 'stitutionis.
1056 902 1202 959 Ilaec
1225 988 1230 990 Δ
1255 897 1462 990 eadem
1492 894 1776 990 tenipora
1806 894 2045 990 indicat
2096 894 2366 990 epistola
2397 899 2479 958 ad
2504 894 2815 990 Joannem
2833 902 3068 990 Italum
3093 894 3595 990 philosophum:-
3628 911 3813 990 cujus

624 987 805 1046 varia
837 986 969 1063 fata
1002 988 1232 1040 narrat
1264 978 1450 1037 Anna
1485 976 1821 1059 Comneno.
1859 976 2446 1055 Chronographiam
2474 982 2847 1058 conﬁrmant
2880 980 3023 1041 alim
3055 976 3360 1063 epistola:

623 1116 682 1172 7.
724 1112 895 1172 Hanc
929 1108 1315 1180 scriptorum
1348 1102 1763 1176 discordiam,
1793 1103 2041 1164 tametsi
2072 1100 2307 1173 levem,
2350 1103 2698 1167 conciliare
2730 1113 2841 1168 aut
2877 1108 3147 1170 omnino
3182 1108 3408 1171 tollere
3441 1112 3809 1188 Splendidis

547 1207 821 1271 vetustis
861 1204 1301 1267 monumentis
1349 1219 1477 1265 non
1530 1202 1699 1272 licet,
1736 1215 1882 1279 quas
1912 1199 2117 1260 lucem
2160 1197 2426 1262 afferant
2458 1201 2538 1263 ad
2577 1202 2871 1284 ejusdem
2914 1203 3375 1283 TbeOphylacti
3411 1205 3809 1289 chronOgra-

543 1304 759 1381 phiam
810 1300 1291 1365 accuratissime
1343 1295 1790 1377 digerendum.
1824 1296 1945 1357 Pro
1978 1292 2152 1357 virili
2206 1299 2530 1377 agendum
2564 1300 2727 1362 mihi
2760 1307 2880 1377 est,
2917 1309 2985 1364 ut
3029 1301 3171 1381 ejus
3206 1301 3395 1365 vitam
3450 1307 3701 1382 agentis
3737 1324 3813 1369 ac

538 1400 827 1464 ﬂorentis
886 1406 1195 1477 tempore,
1237 1396 1447 1475 quoad
1513 1393 1649 1457 fieri
1707 1393 2091 1474 diligentius
2131 1394 2387 1473 poterit,
2437 1394 2805 1474 proximius
2836 1399 3175 1477 attingam,
3210 1397 3354 1461 luce
3388 1401 3804 1479 potissimum

539 1502 930 1581 prmlucente
961 1494 1421 1576 Epistolarum,
1446 1495 1584 1557 sive
1617 1511 1776 1574 quas
1810 1492 2127 1556 Baronius
2158 1490 2386 1566 edidit,
2421 1492 2561 1555 sive
2597 1510 2759 1573 quas
2792 1495 2963 1575 typis
3000 1493 3279 1574 vulgavit
3317 1497 3666 1561 Meursius.
3712 1499 3799 1561 ll-

540 1598 653 1661 lud
706 1605 920 1660 autem
951 1595 1018 1656 in
1053 1595 1237 1656 lucro
1266 1592 1490 1668 fuerit,
1523 1592 1697 1673 quod
1730 1592 1987 1654 easdem
2050 1606 2168 1653 nos
2206 1590 2524 1670 Epistolas
2557 1591 3005 1672 decerpentes,
3040 1604 3175 1655 tum
3208 1594 3419 1674 ipsius
3449 1594 3800 1677 'l‘he0pliy-

543 1695 682 1761 lacti
717 1700 895 1773 gesta
934 1692 1118 1769 plura
1151 1689 1318 1752 scitu
1351 1677 1547 1769 digna
1576 1688 2047 1765 enarrabimus,
2080 1697 2215 1750 tum
2250 1687 2443 1750 etiam
2467 1688 2868 1752 adducemus
2912 1706 3041 1753 non
3086 1708 3315 1770 pauca,
3344 1709 3490 1772 qum
3519 1710 3620 1755 res
3658 1694 3807 1775 ejus

536 1792 655 1855 mvi
685 1786 1431 1865 Constantinopolitanas
1467 1784 1814 1847 illustrant.

614 1915 643 1947 α
679 1890 793 1951 His
827 1902 979 1968 ergo
1014 1903 1093 1947 ex
1122 1883 1433 1961 Epistolis
1469 1882 1685 1966 (verba
1721 1890 1873 1945 sunt
1903 1880 2164 1944 Antonii
2196 1880 2370 1960 Pagii
2394 1884 2471 1943 ad
2503 1898 2745 1945 annum
2782 1884 2953 1958 1071,
3005 1901 3187 1946 num.
3223 1883 3398 1962 Xlll)
3434 1887 3809 1967 Ducangius

534 2003 871 2069 perperam
918 1982 1183 2046 deducit
1224 1980 1779 2061 TbeOphylactum
1830 1996 1957 2042 non
2016 1978 2139 2042 sub
2168 1978 2482 2042 Michaele
2520 1982 2715 2056 Duca,
2744 1984 2857 2045 sed
2890 1981 3015 2044 sub
3046 1980 3279 2045 Alexio
3318 1984 3648 2046 Comneno
3680 1984 3806 2047 ﬂo-

533 2088 744 2152 ruisse
782 2107 800 2148 :
832 2100 978 2146 cum
1018 2099 1095 2144 ex
1156 2079 1321 2142 libro
1354 2080 1443 2140 De
1497 2076 1903 2140 institutione
1963 2076 2140 2155 regia
2179 2084 2426 2140 constet
2470 2076 3026 2159 TbeOphylactum
3085 2081 3276 2142 etiam
3326 2079 3452 2142 sub
3486 2080 3806 2145 Micliaele

529 2187 705 2248 Duca
741 2181 1014 2245 vixisse.
1045 2180 1397 2253 sQumnam
1428 2174 1970 2256 argumentationi
2004 2192 2082 2237 ex
2114 2175 2524 2239 Institutione
2562 2179 2739 2257 regia
2768 2195 2803 2240 a
2835 2179 3028 2259 Pugio
3060 2179 3455 2259 deprompta)
3494 2180 3589 2243 vis
3622 2181 3807 2257 insit,

535 2280 919 2345 accnratiori
954 2293 1147 2357 opera
1178 2274 1675 2354 disquirendum
1710 2279 1830 2333 est.

605 2381 665 2441 8.
702 2379 894 2439 Liber
942 2381 1351 2453 nuncupatus
1384 2380 1479 2435 est
1511 2381 1656 2454 Πρὸς
1683 2382 2187 2453 Πορφυρογέννητοι

2235 2383 2679 2447 Κωνσταντῐνον,
2711 2366 2794 2434 ad
2824 2371 3314 2436 Constantinum
3347 2373 3798 2455 Porphyroge-

524 2477 752 2538 nitum.
787 2475 845 2534 ls
870 2470 1204 2534 Michaelis
1240 2473 1435 2532 Ducas
1464 2478 1525 2532 et
1557 2470 1795 2544 Mariae,
1829 2488 1908 2532 ex
1948 2470 2190 2533 Alaniae
2212 2488 2329 2533 seu
2360 2472 2589 2534 lbet-ias
2620 2470 2882 2549 regibus
2904 2479 3079 2546 satis,
3110 2468 3282 2532 ﬁlius
3308 2478 3464 2541 erat,
3489 2488 3660 2534 anno
3682 2472 3813 2535 cir-

523 2573 683 2636 citer
715 2569 867 2633 107's
899 2576 1108 2630 natus.
1142 2570 1603 2646 Despopsatam
1635 2566 1846 2629 eidem
1869 2569 2178 2630 Helenam
2210 2567 2469 2630 Roberti
2506 2566 2843 2629 Guiseardi
2868 2567 3085 2641 ﬁliam,
3120 2576 3379 2629 narrant
3412 2568 3802 2647 scriptores:

526 2678 588 2730 et
620 2683 862 2730 annum
917 2666 1070 2728 1077
1101 2663 1322 2726 definit
1358 2665 1571 2741 Lupus
1618 2664 2057 2743 Protospatha.
2091 2668 2239 2727 Haec
2275 2664 2532 2743 abrupit
2574 2663 2991 2726 connubialia
3025 2671 3200 2742 pacta
3243 2664 3648 2744 Nicephorus
3682 2666 3831 2727 Βο-

525 2766 790 2837 toniata,
826 2763 936 2843 qui
998 2776 1168 2824 anno
1231 2760 1385 2822 1078
1435 2762 1772 2838 usurpavit
1810 2761 2185 2839 imperium,
2219 2762 2534 2823 Michaele
2574 2760 2939 2834 deturbato,
2980 2761 3386 2841 remissaque
3439 2764 3511 2823 ad
3552 2774 3801 2840 patrem

524 2862 797 2935 Helena,
836 2876 980 2939 qua:
1035 2856 1691 2936 Constantinopolim,
1747 2858 1857 2919 ubi
1910 2858 2311 2921 adolesceret
2355 2866 2414 2920 et
2452 2856 2864 2920 excoleretur
2915 2857 2982 2919 in
3032 2858 3205 2932 aula,
3246 2860 3516 2922 adducta
3564 2858 3801 2925 fuerat.

524 2962 596 3022 In
628 2956 1019 3021 monasterio
1068 2953 1370 3017 Studensi
1433 2954 1667 3016 reclusi
1706 2957 1977 3035 agebant
2038 2956 2306 3017 Michael
2364 2961 2425 3017 et
2485 2970 2650 3016 uxor
2695 2954 2923 3029 Maria,
2958 2964 3021 3017 et
3067 2956 3533 3018 Constantinus
3572 2956 3746 3020 ﬁlius
3784 2979 3802 3019 :

522 3055 875 3120 cumidem
920 3052 1217 3127 Michael,
1251 3052 1541 3115 detonsis
1576 3054 1854 3132 capillis,
1884 3054 2121 3134 Ephesi
2176 3051 2583 3131 metrOpolita
2615 3052 3072 3126 renuntiatur;
3110 3070 3180 3114 ac
3210 3053 3505 3127 Mariam,
3539 3053 3805 3119 calcatis

521 3154 827 3217 Ecclesim
858 3152 1133 3231 legibus,
1168 3166 1436 3212 uxorem
1472 3152 1803 3213 Botoniata
1834 3151 1960 3214 sibi
2043 3149 2406 3230 copulavit;
2445 3147 2721 3228 ejusque
2756 3147 2964 3211 tilium
3005 3150 3502 3212 ConStantinum
3538 3150 3806 3235 reduxit

520 3250 589 3314 in
652 3251 983 3329 palatium.
1021 3246 1389 3333 ‘lmperium
1432 3256 1784 3327 occupante
1836 3248 2066 3311 Alexio
2122 3249 2454 3309 Comneno
2511 3262 2682 3307 anno
2718 3244 2870 3308 1081
2924 3245 3139 3309 dictus
3174 3254 3270 3309 est
3329 3247 3803 3310 Constantinus

522 3368 553 3405 α
589 3348 904 3426 particeps
930 3346 1213 3424 imperii,
1250 3368 1278 3401 υ
1316 3352 1382 3405 ιιι
1421 3344 1507 3404 ait
1532 3348 1715 3408 Anna
1747 3345 2073 3408 Comnena
2108 3344 2272 3405 libro
2328 3361 2399 3405 ιιι
2429 3343 2795 3418 Alexiados,
2826 3366 2855 3400 ι(
2886 3353 3081 3421 atque
3113 3343 3275 3405 adeo
3301 3344 3513 3405 rubris
3532 3344 3806 3407 cothur-

520 3444 621 3507 nis
652 3453 965 3506 etcorona
999 3441 1339 3521 Augustali
1363 3441 1681 3515 utebatur,
1706 3453 1766 3505 et
1795 3460 2029 3505 nomen
2061 3442 2201 3521 ejus
2232 3458 2375 3503 cum
2398 3440 2606 3502 Alexii
2640 3441 2899 3503 nomine
2926 3439 3506 3521 proclamabatur.»
3542 3442 3619 3503 At
3643 3460 3803 3504 vero

523 3564 550 3599 α
588 3541 789 3603 Maria
822 3539 1099 3601 excessit
1130 3539 1387 3617 palatio,
1432 3539 1861 3619 migravit'que
1897 3539 1962 3600 in
1996 3540 2166 3600 aedes
2199 3556 2231 3599 a
2275 3538 2695 3600 Constantino
2725 3537 3155 3601 Monomacho
3190 3538 3580 3619 imperatore
3631 3556 3799 3603 con-

520 3648 795 3701 structas
817 3653 1014 3716 prOpe
1044 3637 1359 3715 templum
1392 3637 1606 3715 magni
1645 3638 1945 3716 martyris
1965 3634 2250 3714 Georgii,
2277 3651 2421 3713 quae
2457 3635 2678 3714 lingua
2701 3633 2952 3715 vulgari
2976 3636 3297 3715 Mangana
3323 3634 3455 3697 dici
3485 3635 3697 3698 solent
3724 3653 3739 3697 :
3767 3658 3798 3693 ι

518 3736 630 3797 ubi
666 3735 995 3813 reliquum
1024 3734 1169 3794 vitai
1208 3733 1377 3794 inter
1417 3733 1945 3795 sanctimoniales
1978 3734 2219 3810 exegit,
2261 3732 2522 3810 vitaque
2563 3730 2818 3794 mortali
2858 3730 3229 3795 functa'est.

598 3834 749 3894 Haac
781 3831 997 3893 Marias
1052 3829 1176 3891 fata
1230 3829 1539 3892 describit
1578 3831 1766 3909 Regia
1798 3831 1861 3889 in
1907 3829 2313 3890 Institutione
2359 3827 2916 3908 TheOphylactus;
2949 3830 3123 3891 unde
3175 3828 3507 3907 colligitur
3554 3829 3796 3907 primo,

518 3948 684 4009 opus
717 3929 889 3990 istud
927 3927 1193 3989 nonnisi
1220 3928 1342 3988 sub
1388 3926 1615 3990 Alexio
1648 3930 1978 3990 Comneno
2032 3927 2388 4005 imperante
2448 3926 2787 4009 vulgatum.
2827 3942 2863 3987 a
2909 3926 3395 4006 Theephylacto
3430 3925 3638 3988 fuisse
3674 3948 3687 3986 :
3723 3942 3801 3988 ac

517 4028 752 4088 deinde
796 4022 1063 4085 Antonii
1103 4022 1274 4098 Pagii
1332 4023 1962 4101 argumentationem
2000 4022 2330 4094 inﬁrmari,
2366 4023 2588 4085 eadem
2628 4039 2707 4084 ex
2744 4023 2943 4102 Regia
2974 4023 3392 4085 Institutione
3422 4021 3797 4102 conjectano

515 4124 623 4190 tis,
654 4120 958 4182 ﬂoruisse
991 4119 1541 4198 TheOpbylactum
1573 4120 1695 4180 sub
1723 4116 2032 4180 Michaele
2062 4118 2259 4180 Duca.
2298 4118 2503 4179 \‘erba
2532 4126 2683 4180 sunt
2713 4120 2923 4198 capite
2955 4123 2992 4180 7
3024 4120 3219 4197 partis
3249 4121 3471 4199 primm
3503 4141 3519 4181 :
3558 4142 3588 4176 α
3616 4121 3805 4195 ρυίάι

514 4219 642 4298 ipsi
679 4217 949 4299 (Maria)
984 4214 1189 4295 gloria
1222 4216 1429 4295 regni,
1468 4233 1611 4295 qum
1646 4233 1789 4278 cum
1825 4217 2055 4291 omnia,
2094 4223 2162 4277 ut
2198 4217 2284 4277 ait
2325 4216 2676 4295 Apostolus
2710 4219 2753 4290 ζ,
2788 4217 3227 4279 arbitraretur
3258 4228 3568 4291 stercora,
3602 4217 3793 4280 Chri-

516 4326 689 4377 stum
725 4314 935 4375 solum
969 4313 1341 4376 lucrifacere
1371 4316 1605 4393 elegit;
1639 4334 1668 4377 ο
1703 4330 1835 4394 quo
1868 4322 1928 4376 et
1950 4331 2098 4391 ercp

2211 4315 2275 4375 ie
2314 4320 2516 4375 morte
2552 4314 2790 4388 carnis,
2815 4323 2913 4392 τὴν
2935 4324 2994 4377 ἐν
3025 4322 3177 4395 αὐτῷ
3206 4323 3591 4395 κρυπτομένεν
3616 4323 3793 4394 ζωήν,

514 4409 943 4473 absconditam
976 4411 1041 4470 in
1071 4410 1210 4489 ipso
1244 4410 1436 4472 vitam
1465 4411 1697 4472 amavit
1736 4432 1751 4471 ;
1793 4419 1854 4474 et
1883 4412 1978 4473 sic
2026 4426 2351 4471 summum
2405 4409 2599 4489 regim
2642 4412 2908 4491 quidem
2940 4411 3281 4489 dignitatis
3313 4412 3646 4490 fastigium
3693 4431 3800 4475 re-

516 4510 761 4587 putavit
827 4509 1216 4582 barathrum,
1254 4507 1643 4571 humilitatis
1702 4521 1916 4572 autem
1973 4525 2120 4590 quae
2177 4508 2536 4571 secundum
2586 4507 2911 4571 Christum
2969 4519 3089 4581 est,
3122 4510 3582 4573 celsitudinem
3636 4528 3796 4573 vere

515 4604 862 4668 ccelestem.
896 4604 1076 4667 Adeo
1121 4613 1191 4666 ut
1247 4605 1451 4684 magis
1488 4622 1614 4667 una
1651 4623 1728 4669 ex
1766 4613 1937 4682 parte
1998 4605 2312 4667 mirabilis
2350 4606 2642 4668 videatur
2676 4614 2845 4668 tanta
2892 4607 3181 4675 mutatio,
3219 4616 3280 4669 et
3313 4625 3393 4669 ex
3424 4607 3551 4669 alia
3583 4610 3798 4687 magis

516 4701 815 4783 perfectio
856 4703 961 4779 ιν]
1000 4701 1210 4780 ipsius
1245 4703 1617 4763 mutationis
1652 4719 1944 4764 summus
1978 4704 2236 4781 gradus.
2270 4702 2367 4762 Ad
2404 4703 2758 4764 solitariam
2802 4721 2864 4762 se
2900 4705 3253 4783 transferre
3293 4705 3509 4779 vitam,
3554 4715 3649 4767 ἐπὶ
3699 4716 3801 4774 τὸν

520 4812 735 4881 μονήρη
774 4809 891 4881 βίον
934 4808 1331 4879 μετενεχθῆναι
1362 4798 1596 4877 puellis
1632 4798 1849 4859 multis
1875 4798 2102 4877 contig'

2229 4799 2342 4860 sed
2380 4800 2579 4878 magis
2616 4798 3051 4873 muliebriter,
3086 4800 3196 4860 sed
3236 4800 3519 4863 mollius.
3546 4806 3794 4870 Veruni

516 4900 679 4963 adeo
708 4898 1033 4961 ferventer
1068 4914 1409 4975 pauperem
1443 4896 1728 4958 evasisse
1758 4896 2019 4973 Spiritu,
2053 4896 2257 4957 solius
2276 4894 2485 4956 felicis
2520 4896 2732 4957 Mariae
2758 4896 3051 4956 studium
3083 4894 3206 4958 fuit
3231 4906 3292 4958 et
3324 4901 3736 4965 eXercitatio.
3767 4929 3795 4959 ι)

516 4997 731 5059 Alexii
765 4994 1075 5058 Comneni
1108 5002 1392 5073 tempora
1423 4995 1564 5055 sine
1598 4992 1799 5053 dubio
1844 4994 2066 5055 definit
2101 4993 2203 5054 hic
2238 4990 2455 5053 Marire
2486 5009 2518 5051 e
2564 4992 2803 5070 palatio
2843 5008 3167 5068 recessus,
3200 4982 3304 5055 llic
3340 4995 3639 5076 ejusdem
3689 5019 3801 5065 ac-

516 5110 740 5156 cessus
773 5092 847 5153 ad
878 5092 1363 5153 monasterium.

597 5191 699 5259 Ad
731 5188 901 5251 idem
945 5196 1265 5266 pertinent
1297 5187 1604 5249 Comneni
1648 5188 2019 5266 imperium,
2062 5206 2206 5268 quae
2264 5207 2659 5268 sequuntur.
2735 5190 3090 5269 Corporeas
3144 5193 3553 5255 Constantini
3601 5195 3793 5259 dotes

518 5286 790 5349 eximias
827 5281 1103 5348 celebrat
1133 5283 1651 5362 Theophylactus
1685 5284 1889 5362 capite
1922 5286 1979 5355 li,
2016 5287 2100 5364 ip:

2208 5306 2366 5366 ique
2394 5295 2805 5364 reprmsentat
2840 5309 2867 5341 ι(
2907 5287 3311 5351 insilientem
3350 5290 3411 5350 in
3456 5308 3725 5371 equum,
3760 5321 3790 5350 ll

521 5392 579 5443 et
614 5406 640 5436 (ι
670 5383 914 5443 crebris
957 5391 1367 5443 exercentem
1404 5398 1546 5441 sese
1589 5382 1912 5456 cursibus,
1960 5409 1987 5437 »
2027 5396 2087 5443 et
2140 5408 2166 5440 ‹‹
2237 5387 2299 5445 in
2338 5385 2794 5445 venationibus
2847 5387 3328 5449 antevolantem
3390 5390 3687 5453 comites.
3761 5421 3789 5450 ιο

516 5481 662 5539 Ηιθο
689 5478 1003 5539 eademin
1042 5498 1240 5556 [utero
1276 5480 1400 5557 iam
1434 5482 1746 5556 septenni,
1781 5481 1913 5540 ade.
1947 5500 2072 5558 que
2109 5484 2297 5542 vitam
2334 5489 2560 5561 agente
2596 5484 2761 5543 circa
2793 5500 3033 5543 annum
3088 5484 3263 5556 1082,
3328 5483 3543 5547 laudat
3603 5492 3794 5553 Anna

515 5579 841 5637 (lcumena
879 5577 1001 5638 sub
1047 5575 1310 5637 initium
1349 5575 1493 5635 libri
1532 5594 1599 5634 in
1630 5576 2019 5638 Alesia/103:
2062 5604 2087 5635 α
2128 5582 2367 5641 liratea
2403 5580 2763 5658 justissima
2814 5581 3031 5642 matris
3066 5600 3240 5653 cura,
3286 5582 3625 5661 inquiens,
3672 5605 3794 5666 pro

520 5688 721 5750 puero
756 5672 1123 5735 festivitatis
1162 5682 1222 5733 et
1258 5673 1591 5751 elegantiae
1618 5674 2033 5740 admirabilis.
2072 5678 2283 5738 adhuc
2339 5678 2715 5755 septenni...
2762 5677 2963 5757 Cujus
3005 5681 3287 5740 suavitas
3329 5681 3469 5741 sive
3509 5680 3797 5764 loquen-

518 5769 623 5833 tis,
664 5769 804 5829 sive
840 5768 1135 5829 ludorum
1176 5786 1411 5849 genere
1450 5769 1822 5848 varioquos
1886 5770 2127 5834 ferebat
2186 5785 2358 5835 mitts.
2426 5790 2659 5852 ι’ῡνί-ιις
2720 5775 3069 5835 scitissime
3130 5776 3476 5847 moventis,
3529 5777 3793 5858 judicio

518 5867 977 5941 spectantium,
1013 5868 1489 5947 comparatione
1527 5883 1701 5927 omni
1732 5870 2022 5947 superior
2065 5884 2216 5933 erat.
2262 5900 2287 5927 υ

594 5994 606 6020 ³
640 5991 880 6061 Philipp.
913 6009 992 6059 ιιι,
1037 5994 1088 6049 8.
