4006 6492
268 425 327 492 Π
1110 434 1210 496 DE
1250 432 1835 495 THEOPIIYLACTI
1876 430 2148 492 GESTIS
2186 431 2283 490 ET
2317 431 2684 491 SCIllP’i‘IS.
3519 433 3588 498 18

345 551 614 632 Regiam
661 572 824 635 ergo
851 572 1032 619 suam
1065 556 1551 618 Institutioncm
1605 549 2036 615 Constantino
2096 547 2409 611 obtulerit
2470 547 3021 626 'l‘heOphylactus,
3083 549 3316 611 Alexio
3379 551 3587 628 impe-

271 660 446 712 rante
483 674 498 712 :
533 654 713 732 quod
755 654 1008 716 inficias
1049 654 1240 716 iverit
1276 671 1492 716 nemo.
1529 650 1784 712 Atinde
1819 656 1887 710 ut
1915 648 2149 727 Pagius
2196 658 2654 727 argumentum
2689 656 3035 720 promeret,
3075 665 3207 727 quo
3241 647 3590 729 'I’heOpby-

277 747 506 810 iactum
543 751 677 829 jam
719 761 906 815 antea
941 759 1000 815 et
1035 753 1160 814 sub
1191 753 1508 814 Michaele
1547 755 1716 812 Duca
1747 747 2051 810 ﬂoruisse
2100 751 2430 817 suaderet,
2472 747 2603 808 lues
2643 747 2741 807 illi
2782 746 3054 810 fortasse
3125 748 3372 810 indicia
3429 747 3580 809 fue-

273 854 448 907 runt.
487 848 624 908 Sibi
667 866 949 930 namque
984 874 1010 906 «
1049 850 1391 912 notiSsima
1421 871 1449 903 ι)
1482 846 1692 909 fuisse
1717 848 1800 908 ait
1840 846 2162 924 Bulgarus
2201 847 2409 926 capite
2448 848 2508 909 6.
2558 852 2997 908 «ornamenta
3035 846 3249 907 omnis
3292 847 3582 926 generis,

272 940 338 1000 in
369 959 597 1006 eorum
629 946 756 1007 vita
787 948 1116 1025 rebusque
1156 949 1358 1027 gestis
1392 945 1741 1017 elucentia,
1801 962 2084 1022 quorum
2139 963 2170 1006 e
2207 944 2527 1024 sanguine
2588 951 2767 1005 satus
2799 951 2936 1004 erat
2996 967 3024 1000 »
3061 945 3528 1006 Constantinus
3564 966 3578 1006 :

268 1039 376 1100 avi
406 1041 661 1102 scilicet
714 1044 1121 1107 Constantini
1159 1046 1377 1117 Ducas,
1417 1043 1531 1125 qui
1557 1043 1636 1105 ab
1659 1060 1830 1105 anno
1865 1043 2020 1104 1059
2055 1042 2266 1104 tenuit
2319 1040 2676 1120 imperium
2723 1042 2801 1103 ad
2839 1059 3084 1103 annum
3121 1060 3336 1121 usque
3399 1045 3582 1119 1067,

269 1144 335 1196 et
398 1137 739 1201 Michaelis
775 1144 966 1204 Ductn
1004 1141 1231 1221 patris.
1261 1143 1452 1204 Hunc
1484 1158 1638 1203 vero
1673 1141 1949 1221 ejusque
1982 1149 2158 1219 gesta
2202 1139 2266 1200 in
2310 1138 2586 1216 imperio
2654 1138 2739 1200 ita
2772 1139 3184 1201 commendat
3224 1142 3582 1222 'I‘heOphy-

269 1228 503 1307 lactus,
545 1244 614 1298 ut
643 1255 714 1299 se
747 1255 893 1300 cum
928 1255 1006 1300 eo
1040 1238 1193 1300 satis
1231 1240 1473 1301 indicet
1507 1249 1832 1301 versatum
1871 1256 2016 1301 esse
2055 1259 2068 1298 :
2107 1261 2135 1292 α
2174 1236 2609 1298 Divinissimo
2651 1237 2811 1314 patri
2847 1247 2985 1311 tuo,
3022 1237 3366 1318 inquiens,
3436 1257 3584 1320 quae

266 1328 533 1394 virtutis
567 1333 822 1410 species
848 1336 1139 1399 animum
1177 1354 1306 1399 non
1343 1337 1767 1399 devinxerat?
1801 1339 1929 1397 Aut
1980 1338 2238 1399 cuinam
2271 1337 2327 1397 is
2369 1336 2558 1398 alteri
2587 1337 2686 1400 vel
2731 1336 2799 1398 in
2865 1337 3292 1400 humanitatis
3356 1342 3581 1403 studio

268 1425 534 1501 primas.
577 1429 674 1491 vel
713 1431 778 1492 in
810 1449 1008 1495 sacras
1039 1433 1352 1496 doctrinae
1391 1442 1686 1494 accurata
1717 1433 2165 1511 exquisitione
2199 1435 2576 1495 concessit?
2623 1435 2741 1496 Cui
2782 1441 2984 1496 totum
3018 1435 3375 1514 imperium
3414 1437 3583 1499 nihil

262 1523 391 1583 fuit
431 1524 644 1600 aliud,
687 1529 810 1590 nisi
851 1530 996 1592 libri
1032 1539 1094 1592 et
1126 1530 1626 1592 dissertationes
1651 1532 1990 1594 doctorum
2040 1533 2424 1608 hominum;
2457 1541 2518 1595 et
2553 1542 2663 1596 aut
2695 1533 2984 1612 proferre
3021 1535 3238 1615 ipsum
3290 1555 3368 1599 ex
3403 1555 3580 1610 sese,

263 1629 376 1680 aut
409 1621 490 1682 ab
523 1622 656 1684 alio
691 1626 914 1688 audire
952 1627 1264 1706 quiddam
1306 1646 1387 1689 ex
1433 1627 1821 1706 antiquitate
1852 1627 2019 1691 scitu
2062 1631 2358 1710 dignum.
2397 1654 2426 1688 ιο
2457 1631 2748 1695 Celebrat
2817 1633 3010 1695 etiam
3052 1637 3581 1699 cumulatissime

260 1715 496 1779 laudes
533 1721 778 1792 Mariae.
817 1724 956 1786 sive
984 1725 1284 1804 degentis
1313 1725 1381 1786 in
1420 1726 1847 1797 monasterio,
1889 1728 2028 1790 sive
2055 1730 2235 1807 prius
2264 1729 2724 1806 imperatricis,
2760 1739 2816 1793 et
2857 1736 3171 1807 Augustae
3216 1735 3278 1794 in
3317 1734 3577 1807 throno,

261 1833 602 1897 suumque
637 1820 844 1882 tilium
881 1824 1380 1887 Constantinum
1419 1832 1543 1886 tam
1605 1824 1923 1888 laudabili
1959 1844 2114 1888 cura
2146 1827 2580 1898 instituentis,
2622 1837 2688 1890 ut
2723 1851 2752 1884 α
2793 1830 3016 1907 plures
3051 1840 3201 1892 nato
3236 1833 3581 1912 magistros

257 1911 687 1991 imposuerit,
713 1936 997 1997 quorum
1023 1920 1137 1982 alii
1172 1938 1244 1983 os
1287 1922 1635 2001 ﬁngerent,
1679 1923 2103 2002 linguamque
2150 1924 2506 1986 formarent
2542 1927 2685 2005 ejus
2722 1949 2738 2001 ;
2774 1926 2883 1989 alii
2944 1928 3331 2008 subigerent
3379 1930 3582 1993 disci-

259 2007 597 2084 plinarum
630 2016 972 2094 praceptis
1009 2019 1327 2092 animum,
1371 2020 1666 2082 historiae
1703 2020 1817 2098 alii
1855 2021 2148 2084 notitiam
2185 2023 2539 2095 traderent,
2580 2048 2607 2081 »
2636 2034 2705 2088 ut
2741 2024 3023 2105 legimus
3060 2029 3271 2106 capite
3306 2030 3404 2091 13.
3443 2032 3580 2092 Hos

252 2105 431 2168 inter
461 2120 759 2173 numerat
789 2132 858 2176 se
883 2115 1411 2198 Theophylactus
1447 2142 1460 2180 :
1499 2143 1526 2174 α
1563 2120 1769 2199 Regia:
1802 2120 2245 2182 Institutionis
2307 2125 2806 2194 munusculum,
2846 2124 3188 2204 inquiens,
3224 2129 3426 2190 affero
3459 2129 3577 2191 tibi

253 2201 692 2283 irrequisitus
727 2219 788 2271 et
826 2211 1236 2276 voluntarius
1278 2216 1583 2295 magister
1615 2225 1768 2278 tuus
1810 2233 1826 2291 ;

1997 2227 2262 2298 τεροῦμαι
2308 2229 2418 2301 γὰρ
2480 2227 2559 2300 τῷ
2598 2229 2898 2301 ὀνόματι...
2936 2201 3218 2298 Βασιλέως
3255 2235 3579 2308 καθηγητὴς

256 2311 780 2382 προσκαλούμενος,
821 2332 848 2363 σι
887 2311 1153 2372 exsulto
1187 2329 1469 2392 namque
1509 2321 1571 2376 et
1603 2312 1838 2393 glorior

1999 2317 2290 2389 nomine,
2353 2312 2528 2398 quod
2571 2318 2986 2398 imperatoris
3055 2335 3416 2403 praeceptor
3465 2344 3578 2406 ap-

255 2401 488 2476 peller.
531 2426 559 2458 n
597 2403 748 2465 Filii
779 2423 935 2486 ergo
968 2407 1382 2470 Constantini
1428 2419 1784 2491 praeceptor
1821 2429 1856 2474 a
1907 2413 2222 2476 Michaele
2257 2424 2318 2477 et
2359 2415 2558 2477 Maria
2616 2417 3002 2495 parentibus
3038 2401 3576 2501 'I‘heOphylactus

250 2495 552 2560 delectus
578 2500 1103 2585 designatusque
1140 2505 1421 2570 videtur.

337 2595 400 2655 9.
437 2596 587 2659 Haec
618 2604 847 2661 eadem
878 2608 1178 2681 tempora
1215 2603 1457 2667 indicat
1489 2606 1631 2685 ejus
1659 2607 1938 2687 epistola
1970 2625 2118 2686 qum
2148 2609 2319 2671 inter
2372 2611 2779 2674 Meurs‘ianas
2817 2623 3201 2678 numeratur
3260 2616 3361 2691 1&5,
3425 2619 3571 2682 data

249 2699 334 2770 τῷ
374 2703 655 2776 φιλοσόφῳ
697 2708 873 2780 κυρίῳ
910 2709 1171 2782 Ἰωάννῃ,
1225 2699 1479 2764 domino
1513 2705 1756 2767 Joanm'
1809 2725 1831 2786 1

1990 2707 2220 2785 copho.
2279 2708 2338 2767 Is
2388 2716 2486 2769 est
2528 2709 2817 2772 Joannes
2855 2710 3084 2787 Italus,
3112 2713 3227 2794 qui
3269 2714 3350 2776 ab
3383 2717 3572 2780 Anna

253 2792 589 2856 Comnena
640 2795 807 2858 libro
845 2817 882 2861 v
918 2799 1274 2862 ‘Alext‘ados
1301 2811 1423 2863 κατ’
1458 2810 1653 2883 ἐξοχὴν
1687 2812 1954 2866 vocatur
1984 2804 2217 2879 Italus,
2251 2813 2475 2884 utpote
2518 2823 2596 2868 ex
2632 2809 2817 2871 Italia
2880 2792 3232 2875 oriundus.
3291 2815 3383 2875 De
3422 2813 3570 2893 ipso

251 2896 457 2966 agunt
502 2891 844 2955 Conradus
869 2897 1210 2959 Gesnerus
1246 2901 1310 2959 in
1340 2899 1740 2962 Bibliotheca
1790 2901 2164 2978 universali,
2203 2903 2564 2965 Casimirus
2627 2905 2939 2968 Oudinus
2991 2909 3082 2969 De
3131 2891 3572 2989 scriptoribus

247 2985 734 3066 ecclesiasticis,
786 2993 1112 3055 Antonius
1147 2996 1381 3075 Pagius
1416 2996 1492 3058 ad
1521 3015 1763 3060 annum
1797 2997 1975 3071 1083,
2008 3008 2077 3061 ut
2111 3008 2377 3062 caeteros
2407 3004 2919 3079 printer-mittam.
2977 2985 3320 3069 Michaelis
3369 3011 3569 3072 Pselli

250 3080 630 3162 discipulus
672 3088 952 3165 primum
993 3087 1142 3164 fuit,
1176 3090 1417 3156 deinde
1449 3094 1754 3169 mmulus,
1797 3095 2252 3176 philosophica
2281 3099 2658 3163 eruditione
2718 3101 3150 3167 clarissimus.
3216 3105 3574 3188 TheOphy-

249 3176 401 3242 iacti
433 3183 511 3244 ad
546 3183 764 3262 ipsum
805 3189 998 3251 verba
1021 3199 1173 3252 sunt
1201 3211 1217 3251 :
1247 3215 1276 3248 α
1315 3192 1590 3272 Nosjam
1626 3193 1831 3256 multo
1862 3193 2097 3257 abhinc
2122 3204 2440 3276 tempore,
2481 3215 2698 3276 neque
2733 3199 2980 3274 vidisti,
3021 3219 3236 3281 neque
3271 3203 3336 3267 in
3365 3176 3565 3269 rebus

248 3281 651 3344 necessariis
691 3282 937 3348 favisti.
978 3311 1008 3346 »
1043 3290 1209 3351 Tum
1245 3290 1390 3370 ejus
1431 3292 1938 3371 philosophiam,
1974 3318 2002 3350 α
2034 3294 2224 3374 cujus
2266 3293 2572 3360 ultimum
2594 3296 2726 3375 jam
2763 3300 3104 3363 scanderat
3136 3298 3502 3383 fastigium,
3532 3329 3564 3363 »

249 3373 556 3452 impense
585 3379 831 3446 laudat.
876 3405 905 3440 α
941 3386 1146 3450 Nobis
1179 3395 1424 3463 autem,
1460 3391 1574 3460 ait,
1616 3408 1840 3470 puram
1875 3391 2080 3464 illam,
2117 3373 2178 3453 et
2216 3393 2527 3473 utrinque
2558 3373 2961 3458 constantem
2994 3396 3394 3463 invictorum
3431 3402 3564 3464 im-

250 3486 650 3552 peratorum,
699 3491 1066 3560 παραμίλλων
1111 3491 1405 3562 βασιλέων,
1457 3487 1828 3550 benevolen

1111 3491 1405 3562 βασιλέων,
1457 3487 1990 3551 benevolentiam
2022 3490 2290 3554 assidue
2330 3492 2594 3555 exhibe.
2639 3517 2665 3549 ››

329 3568 558 3634 Varias
591 3576 733 3637 Itali
775 3579 950 3641 vices
974 3597 1047 3642 ac
1079 3580 1202 3645 fata
1239 3585 1463 3661 paucis
1499 3603 1813 3661 memoro,
1845 3595 1914 3648 ut
1949 3587 2246 3666 epistola)
2271 3590 2345 3651 ad
2398 3590 2615 3669 ipsum
2651 3591 2814 3654 datae
2872 3603 3130 3672 tempus
3165 3597 3556 3667 innotescat.

248 3665 342 3727 Ex
375 3668 562 3730 Anna
589 3672 920 3738 Comnena
947 3677 1092 3741 loco
1115 3679 1307 3743 citato
1339 3682 1767 3758 addiscimus,
1798 3684 2016 3765 jurgia
2051 3686 2589 3766 movisseipsum
2649 3697 2873 3754 contra
2933 3692 3250 3770 Psellum,
3316 3717 3396 3760 ex
3458 3702 3560 3764 his

242 3762 754 3830 admirationem
785 3772 914 3834 sibi
944 3783 1007 3837 et
1060 3776 1361 3854 plausum
1422 3762 1833 3860 comparasse
1865 3762 1994 3845 non
2053 3783 2266 3848 solum
2317 3784 2550 3865 plebis,
2589 3805 2813 3849 verum
2849 3789 3043 3853 etiam
3111 3805 3485 3874 magnatum
3540 3818 3557 3857 :

238 3860 466 3925 favore
522 3868 803 3945 potitum
837 3887 984 3935 esse
1021 3875 1359 3939 Michaelis
1395 3880 1587 3942 Ducas
1618 3880 2051 3959 imperatoris.
2091 3860 2363 3944 missum
2397 3882 2591 3970 etiam
2627 3883 2707 3946 ab
2737 3902 2817 3947 eo
2849 3904 3026 3951 anno
3073 3860 3334 3955 circiter
3402 3898 3561 3959 1073

236 3962 319 4027 ad
388 3962 616 4025 urbem
680 3969 1143 4048 Epidamnum,
1203 3975 1343 4036 sive
1405 3979 1863 4056 Dyrrachium,
1929 3987 1999 4042 ut
2048 3988 2274 4042 contra
2325 3963 2600 4043 bellicos
2654 3984 3188 4050 Normannorum
3241 3989 3309 4053 in
3372 3995 3560 4060 Italia

238 4060 869 4141 motusinvigiluret
896 4089 910 4128 :
939 4070 1052 4130 sed
1086 4071 1287 4134 veluti
1328 4073 1408 4136 de
1446 4076 1820 4153 proditione
1872 4077 2268 4149 incusatum,
2330 4076 2587 4158 fugisse
2648 4081 2917 4144 Romam
2957 4107 2972 4146 :
3010 4085 3205 4150 citius
3267 4099 3556 4157 attamen

234 4167 614 4219 revocatum
644 4160 1308 4246 ConstantinOpolim,
1336 4169 1564 4252 ibique
1591 4196 1620 4237 rx.
1651 4175 2088 4254 principatum
2107 4173 2535 4254 professionis
2573 4177 3046 4258 phil030phicaa
3080 4208 3110 4241 ν
3137 4186 3550 4255 obtinuisse:

230 4252 401 4316 hanc
467 4255 657 4317 illum
719 4259 935 4338 egisse
979 4265 1267 4346 denique
1304 4286 1590 4344 scenam,
1623 4272 1831 4335 donec
1860 4252 2122 4348 Alexio,
2158 4273 2272 4354 qui
2330 4291 2502 4336 anno
2541 4276 2690 4338 1081
2770 4282 3122 4357 capessivit
3171 4285 3550 4366 imperium,

228 4357 315 4414 de
353 4354 553 4431 impia
592 4356 882 4420 doctrina
937 4374 1310 4442 suspectus,
1372 4368 1449 4430 ad
1516 4372 1822 4434 Ecclesia)
1883 4370 2164 4433 tribunal
2227 4371 2484 4436 delatus
2525 4382 2646 4447 est,
2673 4421 2688 4431 .
2717 4354 3072 4454 percussus
3112 4354 3549 4464 anathemate,

228 4466 305 4511 ac
331 4449 388 4510 si
426 4475 455 4506 α
492 4456 1114 4537 metempsychosim
1155 4485 1184 4524 in,
1219 4463 1573 4540 docuisset,
1609 4492 1637 4525 «
1699 4469 2109 4533 venerabiles
2142 4479 2595 4535 contemneret
2661 4483 3037 4541 sanctorum
3105 4482 3449 4564 imagines,
3519 4515 3547 4547 η

225 4545 536 4628 aliosque
577 4551 908 4630 vulgasset
943 4573 1225 4622 errores.

309 4641 452 4702 Jam
489 4643 734 4764 colligo
768 4649 1178 4764 superiorem
1213 4655 1685 4740 TheOphylacti
1719 4661 2060 4741 epistolam
2095 4667 2306 4730 datam
2336 4684 2466 4732 non
2498 4687 2646 4733 esse
2681 4671 3001 4738 Alexiano
3034 4685 3364 4759 tempore;
3403 4685 3539 4764 [Vl]

224 4736 448 4856 datam
485 4743 800 4856 veredici
833 4746 1098 4824 debere,
1139 4771 1287 4816 cum
1321 4736 1522 4820 Italus
1550 4759 1764 4822 adhuc
1789 4771 1963 4824 esset
2000 4764 2502 4842 imperatoribus
2548 4779 2879 4849 acceptus.
2942 4781 3002 4835 et
3063 4736 3537 4856 imperatorum

223 4831 757 4946 benevolentiam
797 4841 1142 4921 impetrare
1175 4850 1663 4934 Theophylacto
1695 4868 1935 4938 posset.
1960 4861 2140 4934 Quos
2165 4878 2287 4940 ego
2317 4831 2741 4942 imperatores
2779 4831 3220 4937 intellexerilm
3254 4881 3545 4946 Michae-

225 4931 362 5039 letn
394 4934 660 5042 Ducam,
697 4949 758 4998 et
790 4941 1054 5004 Mariam
1084 4931 1454 5028 conjugem.
1492 4954 1714 5017 Fuerit
1761 4975 1916 5020 vero
1953 4960 2089 5038 ipsa
2123 4960 2327 5022 Maria
2361 4962 2769 5040 imperatrix,
2831 4977 2892 5029 et
2935 4970 3344 5051 Nicephorus
3405 4982 3536 5043 Bo-

224 5028 473 5092 toniata
501 5031 856 5142 imperator
897 5061 911 5100 :
954 5057 1110 5105 sane
1142 5062 1290 5108 cum
1325 5048 2014 5134 haec'l‘beOphylactus
2049 5059 2388 5135 scriberet,
2425 5079 2494 5123 se
2546 5075 2574 5118 ct
2613 5063 2743 5142 jam
2813 5067 3019 5131 multo
3073 5028 3312 5136 abhinc
3374 5085 3538 5155 tem-

222 5142 385 5207 pore
421 5146 620 5248 ano'n
644 5130 856 5238 visum
891 5138 972 5198 ab
1005 5141 1164 5204 Italo
1190 5145 1439 5221 aiebat;
1472 5158 1538 5210 ut
1574 5130 1725 5213 hinc
1757 5130 2021 5215 sumere
2055 5156 2377 5220 indicium
2433 5130 2636 5222 liceat
2681 5162 2980 5241 imperii,
3041 5170 3218 5248 quod
3254 5149 3533 5241 Michael

221 5232 383 5329 tunc
409 5226 896 5329 administraret
926 5236 1004 5296 ad
1041 5254 1284 5302 annum
1325 5261 1533 5326 usque
1571 5249 1746 5323 1078,
1780 5266 1913 5329 quo
1962 5253 2300 5317 Botoniata
2335 5259 2676 5322 successit.

308 5321 406 5386 1οο
442 5321 1047 5408 ChI‘ODOgraphiam
1090 5341 1425 5402 continuat
1459 5343 1756 5422 ejusdem
1794 5348 1997 5423 prima
2033 5351 2311 5428 epistola
2338 5352 2420 5414 ad
2454 5356 2732 5417 Mariam
2779 5361 3281 5440 imperatricem,
3339 5373 3534 5453 cujus

312 5433 526 5453 nnnnln
578 5424 894 5453 ῐ)..-Α..ε---
961 5432 1129 5453 --.1-·ι
1204 5445 1214 5453 .
1331 5441 1340 5453 1
1692 5445 1826 5453 .-__-
2185 5451 2312 5453 ,s,‘,

219 5433 529 5550 excerpta
573 5424 896 5550 lBeronius
955 5432 1221 5497 exhibet
1266 5441 1344 5500 ad
1392 5459 1636 5503 annum
1685 5445 1860 5520 1071,
1924 5424 2103 5510 nutu.
2170 5451 2342 5512 XVI.
2389 5453 2594 5514 Verba
2655 5469 2808 5517 sunt
2846 5424 2931 5518 τις(
2991 5424 3537 5550 Descendowigi:

220 5525 330 5578 tur
357 5521 435 5643 aid
470 5519 807 5643 Bulg‘aros,
846 5544 910 5587 re
966 5529 1749 5614 ConstantinOpotitanus,
1790 5545 2074 5619 hospitio
2135 5547 2734 5627 Bulgarus,cariem
2796 5556 3133 5638 situmque
3192 5519 3530 5643 redolezs,

220 5621 288 5643 --ι
363 5617 457 5643 :l:
526 5635 597 5643 ἢ-
663 5621 767 5643 _'_,,,
919 5642 922 5643 ,
971 5627 981 5643 ι
1367 5636 1402 5643 ._
1513 5636 1548 5643 .-

219 5621 294 5675 ut
362 5616 461 5678 illi
524 5618 795 5736 pellium
861 5627 1197 5703 pedorem.
1270 5658 1297 5689 ››
1367 5636 1640 5700 ῐὶοιιίὺθῑ
1684 5641 1934 5704 scilicet
1995 5644 2070 5702 ad
2140 5616 2324 5705 suam
2391 5646 2743 5710 Ecclesium
2811 5653 2874 5713 in
2907 5616 3305 5736 Bul‘gariam,
3354 5616 3531 5732 undve’

215 5724 488 5776 venerat
521 5715 1195 5802 Constantinopolim.
1233 5732 1450 5812 Pergit
1515 5753 1667 5800 vero
1701 5760 1715 5798 :
1753 5762 1780 5794 α
1815 5740 1966 5802 Haec
1998 5741 2219 5822 itaque
2251 5742 2446 5805 senili
2479 5761 2590 5807 ore
2624 5758 2848 5812 sancto
2879 5715 3160 5833 imperio
3198 5715 3528 5843 tuojocali

211 5825 475 5874 sumus.
517 5836 546 5870 ι

302 5907 599 5974 Titulum
633 5911 1081 5994 imperatricis
1113 5927 1314 5989 tenuit
1356 5931 1559 5994 Maria
1605 5933 1729 5996 sub
1761 5937 2080 6004 Michaclo
2123 5940 2323 6020 Duce,
2358 5942 2572 6021 primo
2606 5944 2748 6026 ejus
2785 5947 2946 6025 viro,
2987 5953 3332 6036 tenuitque
3388 5968 3530 6037 pOst
