4006 6516
503 370 573 434 19
860 328 868 342 ’
1309 375 1534 437 BERN.
1573 377 1837 440 unus
1878 379 1975 440 ns
2011 381 2299 443 RUBEIS
2345 383 2851 448 DISSERTATIO
3689 389 3761 453 ιο

497 501 746 546 annum
769 485 941 556 1078,
986 487 1492 565 subNicephoru
1527 489 1886 562 Botoniata,
1919 493 2032 572 qui
2067 494 2191 555 sibi
2249 513 2388 557 eam
2434 497 2764 574 capulavit
2812 514 3083 559 uxorem
3146 522 3160 558 :
3214 498 3384 559 unde
3444 501 3569 561 sub
3627 499 3760 563 haec

495 590 786 658 tempora
821 581 1028 642 datam
1065 582 1225 644 hanc
1254 601 1285 643 a
1319 583 1801 663 TheOphylacto
1826 588 2189 666 epistolam,
2216 601 2486 654 constat.
2516 595 2582 653 In
2613 610 2684 654 ea
2701 599 2834 671 jam
2864 610 3090 656 senem
3122 603 3300 655 vocat
3328 611 3497 665 sese,
3545 596 3606 656 id
3648 605 3747 658 est

495 678 699 737 aetatis
723 677 854 756 jam
891 688 1207 755 provectm
1237 702 1251 740 :
1283 689 1346 741 et
1375 679 1508 742 haec
1539 682 1680 760 ejus
1711 684 1953 757 smilis,
1991 695 2100 746 aut
2143 695 2295 748 mtas
2325 696 2618 766 provecta
2649 688 2863 766 ipsum
2906 690 3050 750 sine
3107 689 3307 752 dubio
3339 689 3599 751 exhibet
3630 693 3757 754 sub

495 773 833 836 Botoniata
869 786 932 836 et
973 775 1284 837 Michael'e
1345 779 1513 838 Duca
1545 778 1777 840 litteris
1807 797 1878 840 ac
1900 781 2211 859 dignitate
2249 785 2606 845 tlorentem.
2640 784 2816 856 Alias
2872 784 3186 847 Baronius
3218 786 3400 846 aiIert
3459 788 3754 864 ejusdem

495 871 805 951 epistolas
832 873 907 934 ad
940 889 1181 934 annum
1215 875 1392 950 1078,
1432 893 1464 937 a
1493 893 1669 937 num.
1705 878 2058 950 LXXXIII,
2092 879 2332 957 quibus
2364 881 2634 942 indicari
2666 891 2838 959 putat
2883 881 3095 960 gentis
3122 883 3534 946 Crabatorum
3580 884 3753 944 irru-

495 969 777 1046 ptiones,
806 987 973 1048 qum,
1012 969 1283 1032 testibus
1313 972 1673 1052 Nicephoro
1704 972 2036 1043 Briennio,
2074 984 2136 1038 et
2167 977 2570 1054 Curopalata.
2601 987 2662 1039 et
2701 980 2968 1054 Zonara,
3003 1003 3031 1034 α
3067 980 3255 1040 tertio
3281 995 3452 1041 anno
3479 980 3739 1056 imperii

493 1065 879 1147 (Michaelis)
903 1068 1267 1147 Bulgariam
1299 1085 1612 1147 occupare
1631 1085 1930 1150 aggressa
1972 1079 2094 1142 est,
2129 1089 2200 1136 ac
2231 1075 2520 1153 quaedam
2550 1074 2689 1136 loca
2717 1076 2910 1154 cepit.
2951 1098 2980 1131 »
3008 1076 3220 1137 Satius
3252 1073 3475 1150 fuerit,
3528 1077 3746 1139 virum

492 1164 945 1227 doctissimum
979 1168 1057 1226 (Ic
1091 1166 1190 1227 bis
1222 1169 1588 1229 consulere.
3038 1195 3046 1207 -

2064 1343 2165 1404 IV.

489 1494 788 1575 Florebat
845 1495 979 1554 sine
1020 1493 1208 1575 dubio
1258 1494 1372 1554 sub
1415 1493 1643 1555 Alexio
1701 1495 2020 1575 Comneno
2056 1496 2486 1575 imperatore.
2521 1494 2820 1575 Ejusdem
2868 1496 3326 1574 Theophylacti
3359 1497 3630 1574 epistola
3664 1494 3753 1559 ad
3836 1524 3839 1568 τ

568 1572 991 1650 Nicephorum
1021 1573 1426 1653 Melissenum
1457 1574 1784 1644 Casuram,
1820 1575 1930 1634 ubi
1979 1572 2054 1634 de
2111 1574 2545 1653 imperatoris,
2569 1572 2705 1633 'aut
2761 1572 3193 1646 Constantini,
3248 1585 3361 1636 aut
3391 1572 3753 1638 iMichaelis

564 1662 782 1711 morte.
817 1653 973 1713 Item
1009 1653 1090 1712 ad
1113 1652 1493 1732 Gregorium
1522 1653 1944 1715 Camaterum.

570 1796 666 1852 1|.
708 1790 830 1852 Sed
867 1789 1071 1857 Alexii
1101 1791 1410 1852 Cumueni
1443 1790 1824 1868 imperium,
1863 1781 2223 1853 anno'1081
2271 1791 2624 1868 inceptum,
2663 1791 2955 1869 attigisse
2990 1790 3573 1869 Theophylactum,
3603 1794 3735 1871 jaau

483 1887 726 1949 evincit
758 1886 897 1966 ejus
925 1887 1120 1964 Regia
1150 1887 1508 1958 Institutio,
1542 1886 1665 1952 sub
1699 1887 1932 1948 eodem
1967 1891 2261 1968 Augusto
2291 1890 2369 1948 ad
2397 1887 2888 1948 Constantinum
2925 1883 3553 1965 Porphyrogenitum
3589 1907 3748 1950 nun-

484 1992 737 2061 cupata,
779 1991 846 2042 ut
871 1982 1322 2044 adnotavimus
1358 2000 1536 2044 num.
1560 1983 1622 2044 8.
1655 1985 1810 2046 Rem
1841 1982 1992 2045 facit
2017 1984 2349 2046 indubiam
2381 1984 2656 2060 epistola
2714 1985 2882 2044 inter
2922 1984 3327 2044 Meursiauas
3361 1985 3570 2057 tertia,
3603 1985 3744 2046 data

482 2078 736 2139 domino
758 2077 1023 2143 Nicolao
1049 2080 1457 2156 patriarchae,
1482 2080 1595 2158 qui
1629 2080 1850 2142 sedem
1876 2081 2652 2156 Constantinopolitanam
2675 2095 2846 2140 anno
2883 2078 3038 2141 1081s
3065 2081 3469 2155 conscendit,
3495 2083 3742 2142 tenuit-

484 2191 615 2254 que
648 2176 725 2236 ad
761 2192 1003 2236 annum
1047 2178 1459 2240 undecimum
1495 2177 1713 2238 seaculi
1748 2178 2147 2240 duodecimi.
2184 2176 2419 2237 Recole
2460 2176 2626 2237 dicta
2673 2193 2850 2237 num.
2884 2179 2945 2237 6.

568 2273 665 2334 12.
705 2273 988 2347 Epistula
1023 2273 1098 2333 I2
1126 2271 1208 2332 ad
1239 2271 1540 2334 Umorem
1571 2272 1709 2337 data
1743 2283 1862 2340 est.
1899 2272 2332 2348 Nicephorum
2353 2287 2584 2350 nempe
2615 2270 3046 2358 Melissequm
3082 2293 3096 2328 :
3131 2293 3161 2327 α
3197 2273 3308 2350 qui
3340 2272 3418 2333 ab
3449 2273 3746 2334 exercitu

483 2367 832 2447 imperator
859 2365 1282 2444 proclamatus
1307 2366 1545 2446 (verbis
1569 2375 1714 2429 utor
1744 2366 2160 2431 Dufresniiin
2190 2370 2532 2431 Stemmate
2565 2369 3043 2430 Comnenorum
3085 2385 3265 2431 num.
3292 2367 3398 2449 IV)
3436 2378 3746 2447 potestate

488 2455 726 2525 uxoris
750 2462 1056 2525 Eudocim
1098 2462 1308 2534 fratri,
1349 2461 1574 2522 Alexio
1607 2464 1959 2532 Comueno.
1994 2464 2165 2529 ultro
2208 2465 2423 2536 cessit,
2452 2464 2719 2526 Caesaris
2754 2463 2940 2526 titulo
2978 2471 3349 2525 contentus.
3402 2488 3432 2522 ιι
3460 2466 3744 2528 Ctesarea

487 2559 803 2638 dignitate
835 2559 1112 2622 donatus
1145 2566 1238 2620 est
1273 2576 1385 2618 vui
1420 2558 1688 2636 Aprilis,
1721 2557 1874 2620 feria
1917 2578 1952 2621 v
1990 2560 2410 2624 hebdomadis
2442 2559 2768 2623 Paschalis
2795 2575 2965 2621 anno
2990 2560 3168 2630 1082,
3232 2562 3647 2639 excessitque
3707 2579 3744 2624 e

486 2658 616 2717 vita
657 2657 764 2718 die
797 2675 931 2717 xvu
966 2656 1367 2727 Novembris,
1395 2657 1754 2724 indictione
1783 2675 1922 2729 xui,
1954 2673 2125 2721 anno
2156 2658 2396 2726 Christi
2433 2655 2612 2724 1101i.
2646 2657 2735 2718 Ea
2767 2655 2988 2734 itaque
3027 2654 3302 2734 epistola
3332 2667 3473 2734 post
3498 2674 3744 2719 annum

486 2752 644 2814 1082
671 2769 705 2814 a
737 2751 1216 2831 'l‘lieOphylacto
1251 2751 1510 2824 scripta.
1945 2755 1949 2758 “

567 2874 718 2936 Haec
751 2873 814 2933 in
849 2872 1069 2933 eadem
1110 2870 1428 2932 habentur
1457 2869 1647 2932 verba
1681 2892 1751 2931 ζα
1791 2871 2014 2933 Amnis
2045 2873 2139 2934 tui
2173 2870 2589 2950 imperatoris
2642 2877 2940 2942 mortem,
2976 2867 3162 2947 cujus
3195 2869 3556 2930 sanctitatis
3606 2869 3742 2930 vir-

485 2979 658 3032 tutes
689 2984 914 3030 omnes
947 2975 1002 3028 et
1041 2967 1274 3046 gratias
1308 2984 1426 3047 ego
1457 2965 1600 3044 ipse
1631 2967 1970 3046 potissima
2029 2982 2174 3030 sum
2207 2975 2538 3044 expertus,
2568 2966 2741 3026 unde
2772 2966 3032 3044 planctu
3063 2965 3301 3042 dignus
3335 2971 3396 3026 et
3431 2975 3744 3042 perpetuo

485 3066 666 3128 luctu
709 3064 868 3128 mihi
895 3064 1007 3125 ille
1049 3065 1334 3138 videtur,
1371 3062 1428 3125 si
1458 3060 1654 3125 alicui
1699 3062 1884 3126 alteri
1917 3065 2156 3126 etiam:
2193 3065 2397 3136 illam,
2429 3066 2723 3143 inquam,
2781 3063 2847 3124 in
2882 3062 3247 3140 expeditam
3281 3062 3482 3126 animi
3531 3080 3746 3141 prom-

483 3163 872 3242 ptitudinem
910 3163 1216 3241 accipies.
1253 3183 1284 3221 »
1316 3162 1610 3236 Quonam
1640 3161 1720 3223 de
1745 3161 2130 3239 imperatore
2165 3161 2285 3221 vita
2323 3161 2543 3221 functo
2576 3174 2791 3221 sermo
2822 3159 2948 3229 ﬁat,
2982 3174 3109 3220 non
3151 3156 3238 3219 ila
3293 3160 3739 3236 perspicuum.

482 3261 649 3322 Num
711 3258 908 3322 fuerit
961 3258 1424 3322 Constantinus
1485 3257 2102 3340 Porphyrogenitus,
2157 3256 2495 3320 Michaelis
2555 3267 2616 3317 et
2663 3254 2880 3317 Maria;
2945 3254 3144 3328 ﬁlius,
3216 3253 3332 3330 qui
3377 3257 3456 3316 ab
3497 3253 3743 3316 Alexio

485 3360 816 3425 Cornueno
849 3357 1166 3436 particeps
1191 3355 1448 3434 imperii
1480 3355 1691 3419 dictus
1721 3372 1846 3430 eSt,
1886 3357 2068 3418 Anna
2111 3357 2438 3418 Comuena
2474 3363 2636 3417 teste
2667 3353 2833 3415 libro
2864 3372 2936 3414 III
2987 3352 3361 3428 Alexiados,
3415 3376 3443 3411 α
3501 3370 3743 3418 corona

484 3453 826 3529 Augustali
879 3453 1202 3528 utebatur,
1237 3465 1299 3514 et
1351 3469 1584 3514 nomen
1618 3451 1937 3526 eiuscum
1997 3452 2211 3514 Alexii
2263 3451 2525 3515 nomine
2569 3450 3122 3529 proclamabatur?
3175 3472 3205 3506 »
3260 3451 3497 3511 Eadem
3551 3455 3740 3511 Anna

481 3548 650 3609 libro
691 3568 752 3617 vi
784 3565 939 3610 suos
972 3562 1222 3611 enarrat
1285 3549 1529 3610 natales
1566 3565 1737 3610 anno
1792 3549 2052 3611 circiter
2112 3549 2292 3616 1083.
2359 3549 2621 3626 sibique
2680 3547 2973 3608 futurum
3008 3561 3320 3624 sponsum
3355 3545 3531 3608 addit
3558 3547 3737 3609 desi-

484 3655 748 3721 gnatum
781 3645 986 3708 fuisse
1010 3647 1529 3721 Constantinum,
1561 3656 1622 3708 et
1646 3649 1867 3708 ambos
1895 3647 2172 3724 publicis
2215 3646 2282 3705 in
2340 3643 2917 3708 acclamationibus
2979 3643 3361 3722 conjunctos
3398 3665 3412 3704 :
3475 3663 3509 3700 or
3545 3644 3736 3717 Quod

482 3743 639 3802 satis
676 3743 867 3822 longo
899 3753 1211 3822 tempore,
1244 3745 1356 3818 ait,
1391 3755 1471 3804 ita
1508 3761 1652 3804 esse
1684 3743 1945 3815 factum,
1980 3760 2015 3804 a
2056 3730 2430 3822 parentibus
2463 3741 2844 3821 caaterisque
2879 3741 3121 3819 smpius
3154 3739 3403 3802 audivi.
3441 3763 3468 3796 ι
3504 3743 3735 3801 Emor—

481 3838 679 3899 tualis
720 3839 862 3916 ejus
897 3857 1108 3900 annus
1147 3856 1277 3903 non
1314 3840 1710 3902 innotescit“.
1743 3848 1804 3901 at
1837 3840 2049 3918 ipsum
2081 3839 2203 3900 vita
2238 3837 2530 3899 functum
2565 3847 2706 3915 post
2745 3854 2988 3898 annum
3032 3834 3188 3901 10εῆ
3221 3838 3506 3898 indicant
3540 3841 3740 3898 Auum

375 3951 378 3955 '
480 3935 675 3996 verba
717 3956 733 3994 :
775 3953 985 4016 neque
1025 3936 1230 3997 solida
1281 3953 1505 3999 eorum
1535 3937 1811 3999 narratio
1842 3945 1963 4008 est,
1996 3938 2104 4015 qui
2138 3945 2461 3997 mortuum
2493 3942 2790 3995 asserunt
2817 3950 2988 3993 anno
3029 3932 3204 4006 1081,
3239 3935 3302 3995 in
3337 3933 3738 4013 Dyrrachino

481 4031 734 4108 praelia,
761 4033 936 4108 quod
974 4049 1005 4093 a
1037 4034 1317 4094 Roberto
1354 4033 1712 4094 Guiscardo
1740 4033 2158 4094 commissum
2193 4031 2343 4093 fuit.
2393 4033 2615 4108 ltaque
2653 4029 2814 4090 data:
2853 4046 2883 4086 a
2923 4029 3406 4108 'I‘lieophvlacto
3439 4029 3740 4093 epistula

481 4137 741 4206 tempus
771 4127 901 4206 jam
945 4129 1242 4191 sublucet
2171 4138 2173 4140 ’

566 4251 787 4310 Fuerit
817 4250 1162 4313 defunctus
1198 4253 1540 4328 imperator
1576 4254 1684 4317 ille
1716 4255 1983 4316 Michae.
2020 4255 2249 4328 Ducas,
2288 4262 2463 4333 pater
2488 4254 2919 4327 Constantini,
2956 4269 2990 4314 a
3050 4254 3382 4315 Botoniata
3423 4253 3735 4316 deturba-

484 4360 614 4416 tus.
653 4347 895 4426 Ephesi
933 4349 1335 4427 metrOpOIita
1367 4352 1656 4413 detonsis
1689 4353 1939 4431 capillis
1971 4351 2241 4423 electus,
2305 4353 2368 4412 in
2403 4352 2863 4413 monasterium
2898 4357 3114 4428 postea
3175 4351 3509 4424 secedens,
3565 4353 3738 4430 [VII]

483 4445 621 4504 suis
659 4444 956 4506 manibus
998 4443 1317 4519 laborans,
1356 4465 1742 4527 semperque
1774 4449 2126 4510 honorifice
2164 4448 2422 4510 habitus
2452 4447 2532 4509 ab
2560 4447 2808 4509 Alexio.
2843 4447 3130 4526 Hujusce
3165 4447 3544 4526 imperantis
3575 4457 3736 4510 tem-

484 4556 664 4617 pore,
691 4540 817 4600 vita
842 4541 1087 4601 mortali
1121 4543 1420 4619 migravit
1453 4559 1466 4602 :
1499 4545 1669 4605 unde
1701 4544 1912 4606 adhuc
1947 4543 2243 4614 eﬂicitur,
2279 4562 2419 4607 eam
2453 4543 2914 4622 Theophylacti
2955 4543 3294 4622 epistolam
3326 4545 3404 4607 ad
3436 4544 3732 4609 Alexiani

483 4637 740 4714 imperii
780 4637 1185 4714 procedentis
1227 4644 1514 4715 tempora
1549 4635 1895 4717 pertinere.
3351 4639 3355 4643 ’

569 4757 668 4819 13.
702 4759 967 4818 Domino
1000 4758 1308 4836 Gregorio
1345 4757 1671 4821 Camatero
1731 4762 1967 4838 scripta
2017 4760 2258 4840 legitur
2312 4759 2584 4838 epistola
2641 4769 2846 4822 sexta.
2902 4762 3051 4822 Haac
3113 4760 3482 4822 habentur:
3525 4783 3554 4817 α
3591 4762 3728 4824 Non

488 4855 659 4916 enim
731 4852 1260 4931 archiepisc0pus
1315 4855 1480 4933 (ipse
1539 4873 1768 4933 nempe
1823 4855 2371 4937 Theophylactus)
2440 4857 2580 4918 viro
2622 4856 2714 4916 illi
2759 4855 3138 4935 (Camatero)
3173 4857 3448 4936 ignovit,
3484 4858 3731 4920 circum

485 4967 679 5026 quem
717 4949 888 5010 varia
923 4949 1330 5025 imperatoris
1361 4951 1769 5028 negetiorum
1803 4952 2104 5013 examina
2127 4955 2254 5014 alto
2308 4970 2578 5015 susurro
2612 4971 2869 5032 semper
2927 4954 3427 5016 immurmurant
3468 4977 3482 5014 :
3520 4958 3618 5008 καὶ
3660 4955 3732 5008 τὰ

485 5051 617 5122 παρ’
658 5052 861 5121 ἑτέρων
890 5052 1199 5122 γράμματα
1225 5053 1619 5125 παρενόχλημα
1643 5056 1743 5124 οὐχ
1794 5050 1986 5126 ἦττον,
2017 5056 2048 5125 ἢ

2151 5083 2153 5103 ι
2185 5057 2317 5110 αὐτὸ
2355 5058 2592 5129 γράφειν
2622 5059 2855 5128 ἑτέροις,
2888 5057 2950 5111 et
3011 5050 3118 5112 cui
3151 5053 3430 5113 aliorum
3498 5051 3733 5114 litteras

490 5158 615 5202 non
655 5141 968 5201 minorem
1005 5138 1362 5200 molestiam
1394 5141 1693 5232 afferunt,
1719 5160 1910 5221 quam
1943 5145 2021 5205 ad
2054 5144 2212 5207 alios
2246 5147 2570 5208 scribendi
2610 5165 2872 5209 munus.
2912 5171 2941 5205 ιι
2971 5148 3339 5228 Injunctum
3397 5151 3735 5214 Camatero

489 5235 816 5296 secretarii
853 5251 1087 5296 munus
1119 5236 1529 5314 intelligitur.

570 5355 698 5415 Hac
729 5353 808 5414 de
842 5371 907 5414 re
942 5353 1071 5433 agit
1104 5357 1278 5416 Anna
1314 5355 1633 5416 Comnena
1669 5357 1831 5419 libro
1883 5377 1944 5418 ix
1997 5359 2368 5432 Alexiados,
2435 5370 2778 5440 antequam
2833 5378 3153 5424 sacrarum
3207 5372 3424 5424 contra
3471 5365 3730 5429 Sarace-

488 5467 608 5512 nos
634 5449 1124 5528 expeditionum
1160 5450 1497 5514 historiam
1526 5455 1962 5531 aggrediatur,
1995 5472 2139 5533 quze
2169 5472 2338 5517 anno
2377 5459 2534 5517 1096
2561 5458 2944 5535 inceperunt
2980 5477 2994 5513 :
3053 5481 3080 5513 ‹‹
3137 5459 3486 5538 Scribaque
3525 5462 3727 5526 advo-

487 5556 664 5608 catur
694 5565 840 5608 cum
880 5547 1140 5619 tabulis,
1177 5548 1510 5627 inquiens,
1548 5551 1902 5628 Gregorius
1936 5553 2331 5623 Camaterus,
2367 5553 2432 5613 iu
2463 5553 2526 5613 id
2560 5551 2750 5615 ofﬁcii
2787 5571 2996 5632 nuper
3025 5556 3265 5617 ascitus
3313 5557 3482 5633 apud
3512 5559 3722 5638 impe-

488 5653 786 5705 ratorem.
825 5665 854 5696 »
887 5645 1021 5706 Hoc
1051 5644 1252 5723 igitur
1282 5655 1569 5724 tempore
1605 5656 1667 5710 et
1693 5649 1885 5711 vitam
1918 5647 2144 5727 agebat
2173 5656 2235 5708 et
2288 5650 2605 5711 scribebat
2635 5649 3179 5730 TheOphylactus.
3243 5655 3328 5714 Ad
3387 5653 3735 5733 lugothetm

488 5738 867 5892 :iignitatem
905 5739 1088 5892 illium
1113 5749 1347 5893 lpostea
1403 5743 1751 5823 imperator
1781 5746 1996 5808 evexit
2026 5767 2043 5821 ;
2080 5746 2345 5827 ipsique
2371 5747 2683 5825 Gregorio
2711 5750 3034 5811 Camatrro
3061 5751 3389 5829 logothcta:
3415 5753 3730 5836 inscripta

513 5833 725 5893 exitur
763 5835 970 5893 eruisto
1001 5850 1033 5893 a
1067 5837 1101 5893 7
1151 5881 1162 5892 .
3355 5883 3359 5886 .

513 5833 725 5912 agitur
763 5833 1033 5913 epistola
1067 5835 1162 5894 71.
3355 5883 3359 5886 .
