4006 6494
225 410 282 475 ξι
1056 411 1153 472 DE
1191 407 1770 472 THEOPHYLAL'I'I
1817 406 2088 470 GESTIS
2128 408 2224 467 ET
2265 406 2632 468 SCSill’TlS.
3477 398 3552 462 22

229 735 463 808 Amqit
521 732 716 792 etiam
763 730 1058 792 sreculum
1088 728 1549 812 duodecimum.
1601 747 1674 812 nc
1712 729 2079 812 septimani
2107 721 2384 806 ejusdem
2416 719 3088 812 {9.cnlilannurn,.quo
3136 707 3549 812 paenitendus

303 798 724 876 Normannus
757 813 824 871 in
859 809 1232 885 Bulgariam
1276 809 1548 888 irrupit,
1594 798 1938 888 Dufresnio
1993 798 2371 888 adnotante‘.
2430 800 2572 888 Viri
2611 798 2960 888 clarissimi
2988 798 3338 888 sententia
3379 811 3547 888 con-

299 892 628 970 ﬁrmatur.
664 889 964 969 Ejusdem
983 877 1355 970 'Boemundi
1398 877 1798 970 captivitatis
1856 887 2092 970 mentio
2144 884 2214 944 in
2256 878 2530 962 epistola
2585 878 2668 940 ad
2718 877 3106 957 Gregorium
3145 877 3547 936 Taronitam.

305 965 614 1030 Eamdem
639 965 1208 1048 chronographiam
1228 967 1372 1028 alim
1411 965 1787 1046 conﬁrmant
1818 965 2129 1046 epistola.

308 1117 407 1179 iis.
469 1113 872 1194 Dignissima
935 1112 1504 1175 animadversione
1562 1112 1845 1174 occurrit
1899 1109 2177 1189 epistola
2212 1110 2313 1184 65,
2346 1109 2653 1189 mgistro
2700 1105 2956 1167 domino
3008 1104 3256 1163 Joanni
3309 1103 3548 1164 Ponte-

225 1218 424 1278 chme.
491 1210 964 1290 Theophylacti
1031 1209 1222 1272 verba
1285 1218 1437 1272 sunt
1481 1233 1496 1270 :
1539 1234 1568 1267 σι
1635 1212 1876 1274 Cuncta
1933 1217 2195 1284 autem,
2255 1209 2324 1271 in
2382 1208 2628 1288 quibus
2677 1205 2911 1269 Achris
2971 1210 3292 1275 versatur,
3360 1202 3552 1280 plena

229 1311 500 1372 horrent
551 1317 752 1380 metu,
793 1315 856 1369 et
921 1308 1120 1369 Mocri
1176 1306 1382 1387 regio.
1438 1309 1550 1369 Est
1583 1310 1759 1369 enim
1807 1310 1811 1369 ζ

1971 1325 2070 1368 ?us
2110 1307 2327 1385 portio
2364 1303 2696 1378 Acbridis,
2731 1321 2880 1382 qua)
2912 1309 3067 1382 παρὰ
3100 1307 3199 1362 τοῦ
3229 1307 3425 1362 δούλου
3456 1308 3553 1360 καὶ

228 1409 574 1470 ἀποστάτου.
615 1424 649 1468 a
689 1421 881 1467 servo
907 1415 969 1468 et
995 1413 1288 1485 apostata
1325 1406 1522 1468 variis
1561 1407 1622 1467 in
1659 1406 1937 1483 prmdam
1971 1404 2355 1468 incursibus
2387 1410 2682 1466 vexatur.
2715 1403 2790 1464 Et
2823 1403 3069 1480 Bagora
3104 1415 3292 1460 mons
3329 1405 3450 1467 est,
3485 1405 3550 1456 et

233 1504 374 1583 ipse
414 1503 811 1576 immensus,
853 1513 916 1566 et
950 1503 1121 1564 inter
1154 1503 1536 1582 Bulgaricos
1573 1512 1635 1564 et
1668 1501 2112 1582 Dyrrachinos
2165 1508 2420 1564 montes
2463 1500 2849 1579 interjectus
2888 1497 3204 1577 assurgit,
3239 1496 3355 1576 qui
3388 1504 3550 1575 παρᾶ

227 1613 324 1663 τοῦ
359 1612 667 1680 ἀντάρτου,
702 1617 735 1661 a
773 1606 1053 1678 tyranno
1085 1599 1535 1663 custoditur...
1573 1598 2038 1673 Pansebastus,
2073 1604 2140 1662 et
2170 1597 2428 1660 militiae
2469 1597 2774 1676 princeps
2813 1596 3125 1658 dominus
3159 1592 3432 1655 Michael
3469 1592 3552 1654 ab

225 1700 631 1777 imperatore
691 1695 934 1759 missus
995 1704 1115 1769 est,
1175 1697 1300 1758 sub
1349 1714 1483 1777 quo
1538 1697 1778 1775 selecta
1834 1697 2122 1759 virorum
2199 1713 2471 1774 corpora
2511 1712 2771 1775 cogere,
2809 1701 2870 1757 et
2920 1693 2988 1755 in
3052 1693 3228 1755 hunc
3257 1690 3550 1759 scelera-

223 1801 388 1868 tum,
438 1801 524 1872 τῷ
567 1803 913 1871 καθάρματι,
975 1809 1046 1854 se
1079 1793 1303 1870 praalio
1335 1809 1671 1872 Opponere
1712 1795 2015 1858 statuit...
2049 1797 2171 1857 Hic
2210 1803 2430 1856 autem
2470 1791 2826 1872 imperium
2870 1790 3155 1853 ambit...
3195 1807 3413 1870 neque
3443 1789 3552 1851 hic

225 1890 620 1969 imperatori
655 1890 935 1970 obsequi
970 1890 1292 1970 illiusque
1323 1907 1470 1953 esse
1509 1908 1738 1953 servus
1766 1890 2008 1972 dignus
2038 1892 2378 1954 videbitur
2402 1890 2593 1969 jugo.
2641 1913 2670 1945 ι
2718 1888 2991 1950 Michael
3029 1894 3436 1950 memoratus
3469 1905 3552 1948 ex

223 2007 466 2066 genere
506 1993 830 2052 Ducarum
863 1998 984 2065 est,
1046 1991 1112 2052 in
1151 2007 1378 2052 eorum
1405 1991 1766 2052 Stemmatis
1815 1997 1990 2069 parte
2040 1987 2238 2050 altera
2308 2005 2487 2049 num.
2536 1987 2679 2048 Vlll
2741 2003 2775 2046 a
2837 1984 3195 2047 Dufresnio
3251 1984 3546 2046 recensi-

223 2097 330 2150 tus
361 2111 375 2149 :
414 2089 535 2168 qui
576 2110 606 2144 ι
652 2088 716 2150 in
753 2104 986 2168 omnes,
1012 2087 1172 2163 fere,
1205 2105 1368 2168 quas
1394 2087 1661 2151 Alexius
1689 2088 1859 2161 iniit,
1897 2086 2214 2149 militares
2246 2083 2711 2170 expeditiones
2736 2091 3029 2156 secutus,
3075 2082 3142 2144 in
3174 2081 3260 2143 iis
3292 2080 3552 2144 fortiter

225 2204 291 2246 se
314 2186 557 2264 gessit.
597 2207 628 2243 io

300 2308 375 2368 in
411 2307 604 2371 Notis
646 2309 728 2371 ad
761 2307 1110 2372 Alexiados
1146 2310 1384 2373 librum
1417 2329 1513 2373 xu
1547 2311 1723 2372 hunc
1754 2306 2230 2388 TheOphylacti
2265 2305 2480 2371 locum
2515 2304 2901 2386 expendeus
2923 2303 3230 2367 laudatus
3263 2309 3494 2365 auctor
3527 2323 3546 2361 :

232 2425 256 2458 ι
291 2403 730 2472 Boemundus
762 2406 1183 2478 describitur,
1212 2407 1454 2486 inquit,
1497 2408 1612 2487 qui
1659 2407 1891 2469 Alexio
1923 2407 2113 2468 fidem
2149 2414 2212 2468 et
2257 2404 2631 2492 clientelam
2671 2421 2820 2468 cum
2856 2411 3262 2467 sacramento
3298 2402 3550 2480 profes-
3620 2413 3627 2420 '

225 2517 337 2562 sus
370 2509 513 2563 erat
546 2524 562 2562 :
598 2518 812 2579 eoque
851 2502 1239 2582 posthabito,
1277 2504 1346 2565 in
1379 2503 1790 2582 imperatoris
1823 2503 2011 2576 fines,
2048 2511 2349 2582 apostata
2371 2510 2431 2563 et
2456 2502 2841 2583 fadifragus
2877 2499 3112 2576 factus,
3139 2500 3486 2578 irruperat.
3516 2523 3544 2556 ι

229 2597 409 2660 Hanc
443 2599 819 2662 Boemundi
853 2600 1286 2677 irruptionem
1318 2601 1382 2662 in
1424 2601 1762 2679 Illyricum
1798 2611 1858 2663 et
1901 2599 1969 2661 in
2004 2601 2377 2681 Bulgariam
2415 2605 2678 2661 narrant
2709 2599 2920 2661 Latini
2955 2600 3335 2678 scriptores.
3372 2615 3550 2660 080l-

228 2713 357 2774 que
391 2713 550 2759 cum
582 2714 758 2760 anno
787 2699 943 2759 1107
969 2697 1247 2778 illigant.
1283 2698 1708 2761 Fulcherium
1752 2701 2221 2761 Carnotensem
2264 2695 2476 2759 refero
2513 2696 2582 2758 in
2619 2696 3051 2775 Expeditione
3074 2693 3549 2775 Hierosolymio

235 2801 407 2867 tona,
444 2812 598 2871 quas
639 2793 811 2856 inter
833 2794 1029 2857 Gesta
1066 2797 1178 2857 Dei
1204 2813 1324 2875 per
1354 2797 1642 2857 Francos
1674 2803 1908 2870 exstat,
1949 2818 1976 2851 σι
2007 2797 2059 2857 Α
2092 2793 2498 2868 Brundusio,
2563 2794 3006 2874 inquientem,
3078 2793 3416 2876 navigavit
3477 2793 3548 2856 iu

229 2890 612 2972 Bulgariam
644 2891 845 2974 (anno
881 2893 1059 2968 1107)
1092 2900 1154 2953 et
1185 2891 1494 2956 Avalonis
1524 2901 1778 2972 portum
1811 2891 2134 2973 applicuit
2177 2914 2193 2951 :
2245 2891 2610 2954 Avalonem
2640 2891 2771 2955 cito
2803 2892 3002 2971 cepit,
3041 2901 3103 2953 et
3133 2891 3390 2954 obsedit
3416 2894 3552 2954 Du-

228 2987 505 3050 racium.
551 3010 581 3045 n
623 2990 876 3050 Annam
913 2989 1309 3051 Comnenam
1341 2989 1618 3052 consule
1653 2993 1720 3052 in
1761 2989 2117 3053 Alexiados
2165 2989 2334 3054 libro
2365 3008 2488 3052 xu.

311 3112 411 3174 15.
451 3112 609 3175 Hasc
638 3111 698 3173 si
731 3129 880 3174 vera
912 3113 998 3173 sit
1030 3111 1364 3197 Dufresnii
1407 3113 1892 3194 interpretatio,
1935 3114 2134 3178 vitam
2171 3114 2390 3196 egisse
2424 3115 2987 3197 TheOphylactum
3022 3115 3268 3179 evincit
3299 3115 3542 3179 saeculo

234 3218 498 3289 meeth
531 3210 935 3272 duodecimo
970 3232 985 3270 :
1016 3194 1192 3290 quod
1227 3211 1393 3274 alios
1425 3229 1654 3276 omnes
1693 3211 1962 3276 latuisse
1995 3194 2257 3276 videtur
2286 3194 2667 3294 scriptores.
2704 3194 2937 3276 Veram
2974 3216 3117 3295 ejus
3152 3216 3545 3295 interpreta-

237 3315 490 3368 tionem
524 3305 858 3379 existimo,
886 3323 1163 3386 eamque
1200 3308 1498 3386 pluribus
1533 3310 1869 3373 conﬁrmo.
1908 3311 2149 3375 Servus
2177 3309 2437 3374 dicitur.
2460 3312 2910 3388 Boemundus,
2945 3313 3125 3392 quod
3181 3331 3354 3376 anno
3387 3315 3546 3376 1097

228 3418 375 3464 cum
409 3404 495 3466 ad
531 3401 777 3464 bellum
815 3420 1070 3466 sacrum
1102 3416 1364 3484 accepta
1393 3424 1583 3470 cruce
1629 3407 1957 3485 profectus
1990 3414 2113 3482 est,
2141 3432 2171 3466 α
2208 3407 2542 3474 Godefridi
2586 3409 2892 3481 consilio,
2953 3408 3103 3473 facit
3161 3409 3539 3492 homagiuiu

234 3497 470 3561 Alexio
504 3499 910 3576 imperatori,
970 3510 1035 3563 et
1099 3501 1430 3564 ﬁdelitatis
1489 3502 1786 3564 exhibuit
1835 3501 2309 3583 juramentum,
2351 3529 2380 3561 ν
2422 3513 2492 3567 ut
2545 3507 3542 3573 aitBernardusThesaurarius

229 3594 316 3656 De
345 3597 780 3675 (requisitions
817 3600 1030 3660 Terra:
1071 3609 1304 3660 sancta
1335 3600 1542 3677 capite
1577 3601 1673 3662 1⁷1.
1711 3593 1951 3662 Eadem
1988 3599 2227 3662 habent
2258 3603 2402 3682 ejus
2454 3603 2741 3667 historice
2788 3605 3167 3687 scriptores,
3231 3617 3292 3670 et
3352 3613 3538 3671 Anna

227 3691 568 3755 Comneaa
602 3692 773 3758 libro
799 3712 866 3758 ι.
903 3695 976 3757 In
1008 3696 1140 3767 alio
1203 3697 1562 3772 consimili,
1595 3698 1771 3778 quod
1824 3713 2000 3761 anno
2035 3699 2192 3762 1108
2227 3701 2447 3762 emisit
2485 3703 2934 3779 Boemundus,
2962 3705 3336 3786 juramento
3371 3708 3544 3788 apud

227 3787 637 3852 Comnenam
698 3789 766 3854 in
799 3791 925 3854 ﬂne
957 3792 1106 3853 libri
1142 3811 1263 3854 xm
1295 3793 1633 3872 proﬁtetur
1660 3811 1808 3859 sese
1841 3817 1872 3851 α
1902 3792 2130 3858 lizium
2158 3793 2494 3861 hominem
2525 3799 2764 3878 sceptri
2808 3803 2904 3864 tui
2938 3802 3078 3866 fore
3115 3827 3130 3866 :
3165 3803 3288 3867 hoc
3321 3787 3442 3877 est,
3477 3813 3546 3864 ut

233 3885 470 3965 loquar
515 3888 789 3962 clarius,
828 3905 1092 3950 servum
1117 3907 1188 3950 ac
1215 3890 1575 3953 subditum.
1617 3913 1646 3946 »

309 4006 486 4073 Hinc
517 4023 674 4068 vero
704 4014 990 4084 apostata
1022 4007 1260 4079 dictus,
1309 4026 1427 4072 seu
1453 4008 1813 4103 juramenti
1848 4014 2150 4092 violator,
2184 4035 2348 4081 cum»
2385 4020 2546 4083 fines
2580 4021 2840 4100 imperii
2881 4040 3053 4085 anno
3080 4025 3238 4088 11οἹ
3272 4026 3537 4090 invasit.

233 4103 452 4175 Ipsum
489 4104 689 4199 etiam
723 4104 803 4166 de
833 4103 1085 4165 ambitu
1145 4105 1855 4186 Constantinopolitani
1915 4111 2180 4192 imperii
2234 4127 2616 4195 suspectum
2677 4135 2849 4199 smpe
2915 4119 3176 4184 laudata
3212 4125 3546 4187 Comnena

228 4199 487 4263 incusat
559 4198 726 4300 libro
778 4218 824 4260 ι
879 4199 1099 4300 citato.
1163 4204 1250 4263 lta
1320 4203 1626 4266 videlicet
1686 4207 1793 4268 sui
1855 4209 2056 4286 patris
2117 4211 2435 4277 vindicias
2496 4215 2723 4294 agebat
2786 4217 2950 4297 ipsa,
2991 4221 3180 4300 cujus
3214 4221 3426 4297 dolos,
3481 4233 3546 4285 et

230 4299 529 4396 trandes,
566 4313 640 4360 ac
675 4295 1143 4377 impedimenta
1177 4300 1380 4361 sacris
1415 4309 1635 4364 contra
1665 4304 2017 4369 Saracenos
2051 4309 2594 4389 expeditionibus
2629 4295 2929 4396 apposita
2992 4295 3206 4380 Latini
3248 4295 3546 4384 referunt

229 4392 619 4472 scriptores.

305 4514 407 4578 16.
465 4513 841 4619 [V_Ill]_Jam
898 4516 1459 4619 anteaacciderat,
1500 4520 1976 4598 Boemundum,
2035 4536 2480 4599 renuntiatum
2505 4535 2871 4602 Antiochia)
2913 4538 3301 4619 principem,
3335 4562 3364 4597 α
3393 4560 3540 4603 cum

227 4607 1606 4716 ﬂumen.Euphratistransiens,jintrasset
1643 4621 2181 4700 MeSOpotamiam
2220 4631 2311 4709 (ut
2346 4633 2434 4696 ait
2469 4607 2953 4696 Thesaurariu's
3016 4607 3221 4715 capite
3276 4607 3442 4716 10-2),
3480 4649 3543 4700 et

227 4707 792 4814 appmpinquaret
830 4711 1230 4814 ueletinam,
1267 4713 1906 4796 insidiiscujusdam
1929 4707 2233 4790 admirati
2263 4732 2625 4794 Turcorum
2673 4707 3360 4814 Danismani,captum
3397 4707 3541 4798 esse

228 4803 376 4907 etin
417 4803 712 4907 vinculis
755 4808 1157 4907 conjectum.
1200 4833 1229 4866 ιι
1289 4811 1437 4873 Haec
1492 4829 1666 4876 anno
1727 4815 1990 4881 circiter
2022 4823 2180 4886 1100
2212 4829 2650 4907 contigerunt,
2715 4803 3076 4894 Romualdo
3131 4803 3542 4896 Salernitano

228 4906 412 5006 teste.
446 4902 974 5006 Int_er_epistolas
1008 4907 1415 4972 Meursianas
1464 4921 1672 4976 exstat
1704 4914 2012 4979 vicesima
2039 4929 2219 4984 sexta
2250 4902 2746 5004 Theophylacti,
2782 4926 3096 5006 Gregorio
3121 4929 3386 5006 praesidi
3413 4935 3544 4993 To-

225 4997 477 5108 ronitw;
521 4996 1047 5108 Eadeniprostat
1095 5007 1267 5108 apud
1298 5008 1648 5108 Beronium
1691 5013 1766 5073 ad
1799 5029 2044 5075 annum
2070 5019 2246 5093 1073,
2283 4996 2463 5082 Μαί.
2495 4996 2630 5094 XC,
2684 4996 2998 5103 inscripta
3025 4996 3290 5089 Sebasto
3318 5029 3537 5108 Pagn-

227 5091 408 5201 iinno
431 5091 698 5201 domino
729 5094 1020 5201 Nieolao,
1046 5102 1156 5162 sed
1212 5103 1445 5201 mutila
1480 5106 1548 5169 in
1613 5107 1739 5171 ﬁne
1774 5129 1790 5170 :
1825 5111 2002 5174 unde
2059 5091 2350 5179 eamdem
2396 5118 2554 5181 viris
2593 5091 2854 5184 duobus
2897 5091 3157 5186 dederit
3190 5091 3536 5201 epistolam

227 5187 1014 5296 Theopliylactus..Cave,
1047 5214 1129 5258 ne
1166 5198 1341 5261 viros
1373 5201 1660 5266 illustres
1697 5205 1916 5283 plures
1951 5212 2340 5290 confundas,
2391 5217 2509 5296 qui
2557 5221 2882 5281 Tarom’tw
2925 5232 2987 5281 et
3029 5187 3385 5286 Pacariani
3416 5187 3538 5288 hoc

227 5298 363 5394 (nvo
401 5287 1328 5394 cog-nominabantur.Primo
1362 5297 1503 5361 loco
1539 5301 1852 5364 militares
1911 5308 2263 5390 utriusque
2318 5287 2778 5392 expeditiones
2840 5319 3148 5394 prmdicat‘
3178 5323 3239 5381 in
3279 5323 3538 5384 Colchi-

227 5384 371 5446 dem
404 5393 471 5448 et
507 5387 788 5448 Pontum
820 5399 1039 5451 contra
1065 5393 1330 5456 Turcas.
1368 5398 1533 5458 Tum
1571 5417 1724 5462 vero
1759 5403 1809 5462 d1

1955 5384 2261 5471 *ancis-sic
2285 5411 2374 5472 ait
2459 5433 2489 5466 ς(
2522 5413 2602 5473 At
2635 5431 2790 5477 vero
2834 5384 3113 5495 ἐΙνράγγοςν
3146 5428 3174 5479 ὁ
3205 5427 3298 5479 τὸν
3328 5428 3537 5500 τράχη-

225 5485 318 5544 λθν
344 5491 492 5557 τέως
531 5493 821 5564 σιδήρεος.
865 5489 1151 5552 Francus
1185 5493 1437 5557 cervice
1472 5495 1750 5574 ferreus,
1789 5521 1807 5563 ι

1954 5524 1964 5565 :
2000 5504 2215 5582 tepida
2246 5524 2392 5571 cera
2455 5509 2717 5572 mollior
2756 5485 3037 5588 exsistit,
3074 5485 3154 5576 ﬁet
3207 5485 3414 5578 mulino
3437 5485 3536 5582 “tne

231 5589 490 5689 pectora
517 5584 773 5689 adorat,
797 5594 859 5646 et
893 5605 1005 5665 per
1039 5599 1097 5651 te
1127 5596 1653 5668 potentissimum
1686 5610 1982 5663 nostrum
2021 5602 2476 5681 imperatorem
2508 5625 2927 5689 summopere
2965 5584 3227 5675 veretur
3261 5622 3323 5675 et
3354 5616 3533 5684 colit.

226 5674 398 5790 Quid
430 5683 568 5790 no:
599 5689 701 5744 est
728 5679 1048 5790 iuturum,
1083 5703 1232 5790 cum
1261 5687 1449 5752 illum
1499 5692 1614 5754 tibi
1647 5695 1936 5776 supplici
1967 5674 2388 5767 veneratione
2427 5706 2648 5770 videas
2705 5674 2791 5770 ad
2841 5717 2948 5770 tua
2997 5728 3207 5790 genua
3259 5674 3538 5777 obvolu:

229 5779 439 5838 tum...
509 5777 970 5890 Toronitornm
1022 5782 1338 5890 voluntati
1387 5798 1448 5890 et
1506 5794 1766 5890 statutis
1829 5807 2124 5860 coactum
2187 5799 2490 5882 obsequi,
2529 5812 2723 5884 atque
2789 5808 2866 5869 ab
2909 5777 3381 5888 liisvtyrannica
3413 5827 3535 5890 Op-

231 5887 530 5946 pressum
578 5875 665 5952 vi,
713 5885 778 5939 ut
804 5879 1028 5943 saltem
1070 5899 1253 5946 suam
1291 5885 1501 5965 ipsius:
1567 5887 1956 5971 libertatem,
2021 5875 2484 5975 imperatorum
2541 5875 2743 5981 gratia
2800 5875 3293 5969 demereatur...
3368 5875 3531 5972 Tuis
