4006 6544
481 447 553 514 93
1289 443 1512 502 BERN.
1556 439 1824 502 MABHZ
1868 439 1962 499 DE
2004 435 2290 498 RUBEIS
2321 430 2826 495 DISSERTATIO
3447 490 3453 494 ,
3663 420 3734 487 94

483 561 850 642 potentibus
885 556 1444 618 utanibusancus
1476 550 1938 612 constrictus...
1976 544 2378 624 pasciscitur,
2408 549 2472 601 ut
2507 543 2821 601 Francum
2851 545 3072 602 nostro
3101 537 3474 614 imperatori
3513 546 3736 616 ιιοιρυ-

485 659 737 722 tissime
769 664 940 717 esset
981 652 1356 714 traditurus.
1401 673 1429 705 π

563 757 830 832 Captum
865 749 1160 813 aTurcis
1218 747 1666 807 Boemundum
1737 743 1866 803 inec
1899 742 2052 802 satis
2118 739 2427 800 indicant.
2498 737 2715 797 Narrat
2766 740 2981 832 autem
3037 729 3732 832 TheOphylactus,A-de

483 826 780 914 liberiate
815 850 957 928 ejus
991 843 1340 908 obtinenda
1370 850 1580 904 actum
1615 860 1782 911 esse,
1819 864 1845 895 α
1920 841 2376 916 imperaturum
2429 831 2628 912 gratia
2679 853 2693 890 :
2731 854 2766 928 in
2817 829 2948 907 jam
3010 826 3183 888 enim
3243 828 3331 928 ab
3378 844 3547 889 anno
3583 827 3732 928 1091

485 965 751 1012 consors
788 925 1045 1020 imperii
1087 938 1450 1001 declaratus
1487 936 1695 998 fuerat
1727 938 2004 996 Joannes
2039 935 2408 994 Comnenus
2469 947 2611 992 cum
2665 927 2897 988 Alexio
2939 933 3138 1003 patre.
3217 925 3489 986 Videtur
3542 925 3734 986 etiam

485 1045 797 1115 indicare,
830 1042 911 1102 ob
957 1037 1163 1098 varias
1225 1036 1303 1096 de
1371 1034 1597 1094 Turcis
1657 1033 1884 1092 relatas
1911 1028 2235 1101 victOrias,
2265 1026 2450 1089 facile
2485 1028 2724 1086 'l‘urcas
2756 1022 2934 1101 ipsos
2971 1021 3034 1082 in
3074 1021 3135 1080 id
3173 1037 3634 1091 consensuros,
3667 1031 3738 1082 ut

490 1141 718 1204 Alexio
750 1135 1121 1214 imperatori
1157 1133 1478 1193 traderent
1512 1128 1984 1199 Boemundum,
2016 1145 2208 1205 quem
2247 1126 2573 1203 captitum
2610 1122 2935 1183 tenebant.
2969 1119 3188 1181 Refert
3226 1121 3545 1182 lteinerus
3578 1121 3731 1182 Rei-

484 1237 747 1299 neccius
781 1234 844 1294 in
880 1231 1174 1293 Historia
1220 1223 1538 1296 orientali,
1603 1225 1766 1284 libro
1822 1241 1914 1297 ix,
1949 1225 2154 1300 capite
2211 1224 2310 1296 38,
2376 1248 2404 1278 α
2449 1221 2753 1282 Alexium
2816 1221 3300 1297 imperatorem,
3338 1218 3438 1280 cui
3476 1237 3740 1296 semper

483 1331 905 1394 Boemundus
929 1335 1270 1404 suspectus
1297 1332 1451 1393 erat,
1488 1339 1565 1384 ne
1622 1339 1769 1383 eum
1833 1339 1866 1383 e
1932 1338 2126 1399 regno
2169 1319 2549 1398 expelleret,
2585 1317 2922 1394 pecuniam
2957 1335 3114 1379 cccx
3159 1317 3442 1376 millium
3481 1317 3738 1395 Byzan-

483 1430 795 1499 tinorum,
832 1423 1242 1486 creberrimis
1296 1419 1734 1498 legationibus
1794 1418 2245 1498 epistolarum.
2307 1414 2624 1476 obtulisse
2670 1415 3036 1477 Donimano
3080 1413 3215 1492 (qui
3286 1414 3740 1478 Boemundum

483 1525 806 1601 captivum
864 1521 1096 1583 fecerat
1150 1515 1562 1596 tenebatque)
1615 1525 1938 1596 quatenus
2007 1515 2219 1592 ipsum
2281 1512 2728 1574 Boemundum
2791 1531 2930 1575 sua)
2993 1515 3395 1593 manciparet
3450 1515 3685 1577 ditioni
3723 1557 3740 1584 ,

482 1619 711 1682 volens
750 1635 896 1678 eum
921 1625 1028 1677 aut
1059 1624 1300 1676 aeterno
1332 1613 1595 1686 exsilio,
1662 1619 1772 1673 aut
1831 1618 2141 1689 perpetua
2210 1610 2620 1672 damnatione
2676 1610 2932 1687 punire.
2989 1635 3015 1667 ι
3073 1613 3196 1672 Res
3259 1627 3409 1672 vero
3469 1612 3744 1689 contigit

483 1718 697 1778 aliter.
735 1719 828 1776 Ad
858 1715 990 1776 haec
1024 1713 1252 1792 utique
1289 1709 1583 1772 alludere
1617 1709 1878 1770 videtur
1905 1707 2451 1788 TbeOphylactus,
2505 1706 2619 1787 qui
2652 1715 2859 1768 tamen
2912 1725 2984 1770 ea
3035 1709 3180 1785 plus
3217 1708 3421 1771 nimio
3458 1710 3748 1788 ampliﬁ-

485 1821 605 1880 cat,
637 1829 880 1888 proque
915 1808 1111 1889 genio
1141 1807 1438 1886 votisque
1471 1803 1822 1884 composita
1848 1812 2082 1867 narrat.
2120 1806 2336 1867 Dataru
2364 1821 2516 1883 ergo
2549 1804 2706 1865 lianc
2739 1804 2882 1884 ejus
2919 1805 3259 1884 epistolam
3293 1823 3462 1868 anno
3487 1807 3748 1870 circiter

488 1909 792 1986 1100jam
821 1907 1026 1968 vides.

509 2075 512 2078 ,
569 2006 854 2084 Cercyrw
887 2021 1003 2066 seu
1036 2001 1326 2080 Corcyra:
1358 2003 1653 2082 episcopo
1686 2001 1919 2080 scripta
1955 2007 2048 2063 est
2077 1999 2349 2079 epistola
2385 2000 2489 2073 22,
2520 1999 2628 2060 ubi
2667 1999 2798 2061 hmo
2836 1998 3156 2062 habentur
3201 2023 3214 2061 :
3273 2024 3301 2057 α
3332 2003 3463 2066 Nos
3524 2010 3742 2064 autem

487 2111 730 2180 ὲςεὲθλιψε
785 2087 1470 2182 Σεναχηρεὶμ¹Ᾰςσύριος,
1527 2098 1964 2162 Sennacherib
2023 2099 2069 2159 Α

2169 2097 2330 2157 rrius
2397 2095 2608 2170 elisit;
2671 2105 2732 2160 ὃν
2765 2109 2795 2177 ἠ
2843 2109 2984 2178 μέση
3010 2109 3118 2162 τῶν
3148 2108 3411 2176 ποταμῶν
3433 2111 3563 2178 ἡμῖν
3589 2109 3751 2179 ἀμείρ-

487 2209 672 2263 λικτον
701 2208 1121 2271 ὲπαπέστει).εν,
1165 2215 1360 2276 quem
1403 2195 1861 2274 Mesopotamia
1904 2194 2069 2257 nobi:

2170 2210 2427 2272 sperum
2461 2194 2698 2257 emisit.
2741 2219 2769 2251 ιθ
2803 2197 2992 2259 Hunc
3031 2215 3065 2259 e
3118 2200 3582 2275 MeSOpotamia
3639 2200 3752 2261 ads

487 2297 855 2358 venientem
887 2302 1104 2356 contra
1177 2294 1513 2371 Bulgaros,
1553 2291 1741 2353 facile
1803 2291 2252 2352 Boemundum
2313 2290 2772 2354 intellexerim.
2838 2295 3204 2356 Bernardus
3269 2295 3748 2357 'l‘hesaurarius

488 2392 630 2456 loco
657 2393 871 2466 citato,
895 2392 1099 2465 capite
1134 2391 1272 2464 103,
1307 2390 1400 2450 sic
1433 2390 1520 2450 ait
1558 2411 1573 2448 :
1618 2412 1647 2445 α
1682 2387 2121 2466 Bojamundus
2158 2395 2299 2465 post
2357 2386 2488 2449 haec
2519 2387 2722 2468 gratia
2756 2389 2869 2450 Dei
2918 2405 2952 2451 a
2993 2389 3364 2453 carceribus
3432 2391 3748 2454 liberatus

491 2489 614 2568 (vel
665 2506 832 2551 anno
874 2489 1051 2560 1102,
1084 2487 1182 2550 vel
1217 2487 1407 2548 etiam
1442 2485 1617 2560 110$,
1647 2495 1712 2546 ut
1736 2485 1884 2546 aliis
1936 2486 2214 2563 aliisque
2251 2486 2508 2564 placet),
2539 2487 2898 2564 gaudenter
2945 2487 3026 2549 ab
3056 2488 3481 2552 Antiochenis
3515 2506 3746 2551 susce-

488 2597 636 2663 ptus
670 2595 784 2649 est.
820 2587 967 2664 Ipse
990 2585 1262 2663 aliique.
1297 2591 1685 2662 congregato
1722 2581 2035 2657 exercitu,
2067 2591 2475 2646 transeuntes
2512 2583 2927 2662 Euphratem,
2977 2585 3054 2646 ad
3101 2584 3510 2648 obsidionem
3543 2586 3751 2649 Carre

487 2683 672 2745 urbis
709 2680 971 2761 profecti
1008 2690 1182 2745 sunt.
1212 2683 1322 2742 Est
1351 2691 1566 2742 autem
1621 2681 1835 2753 Carra,
1892 2681 2029 2742 sive
2074 2683 2324 2754 Carras,
2356 2681 2658 2744 civitas...
2702 2682 2767 2743 in
2802 2683 3347 2760 Mesopotamia...
3390 2683 3742 2746 Christiani

490 2779 870 2860 fugerunt...
905 2780 1339 2858 Bojamundus
1367 2777 1666 2855 Apuliam
1706 2775 1961 2840 venit...
1999 2779 2243 2842 Interea
2270 2778 2709 2858 Bojamundus
2735 2778 2930 2858 (anno
2983 2779 3161 2858 1107)
3208 2787 3394 2842 nacto
3426 2780 3551 2840 sibi
3581 2793 3747 2841 tem-

487 2893 670 2957 pore,
703 2876 932 2940 ulcisci
969 2875 1196 2938 volens
1228 2875 1506 2954 injurias
1533 2891 1694 2953 quas
1731 2891 1842 2952 per
1874 2874 2081 2937 varias
2131 2875 2403 2938 insidias
2441 2876 2581 2956 ipse
2607 2893 2750 2940 cum
2785 2877 2924 2937 suis
2982 2875 3228 2956 aliique
3267 2875 3616 2940 Christiani
3665 2874 3748 2937 ab

489 2975 722 3036 Alexio
792 2974 1203 3047 imperatore,
1269 2972 1475 3050 primo
1541 2971 2080 3051 peregrinationis
2135 2975 2494 3054 procinctu,
2559 2981 2852 3052 perpessi
2909 2971 3192 3042 fuerant,
3231 2992 3378 3038 cum
3418 2973 3744 3036 militibus

491 3087 658 3150 quos
691 3071 768 3132 de
797 3068 995 3131 Gallis
1021 3069 1440 3141 conduxerat,
1475 3077 1538 3131 et
1569 3071 1744 3130 omni
1774 3067 2137 3146 Apulorum
2168 3071 2484 3141 exercitu,
2530 3077 2744 3149 parata
2805 3071 3002 3134 classe
3030 3073 3370 3141 maritima,
3432 3071 3751 3133 Constan-

494 3167 838 3244 tinopolim
867 3165 1117 3228 tendit:
1153 3173 1217 3229 et
1242 3184 1356 3246 per
1389 3165 1580 3230 urbes
1618 3166 1879 3253 imperii
1929 3167 2278 3229 maritimas
2333 3169 2684 3242 transiens,
2745 3179 3007 3231 cunctas
3061 3167 3234 3231 ferro
3298 3167 3650 3246 pepulatus
3683 3175 3750 3230 et

485 3265 664 3344 igne,
699 3264 944 3343 ingenti
985 3263 1192 3341 praeda
1250 3263 1490 3326 ditatus
1544 3272 1713 3326 est...
1778 3265 2068 3343 Cumque
2125 3266 2476 3328 Duracium
2510 3266 2934 3346 pervenisset,
2971 3267 3317 3344 imperator
3357 3265 3744 3344 Bojamundi

488 3361 742 3424 viribus
775 3361 1063 3435 territus,
1106 3379 1322 3440 pacem
1359 3379 1504 3424 cum
1539 3379 1617 3425 eo
1652 3381 1760 3440 per
1794 3362 2035 3442 legatos
2097 3364 2484 3442 composuit.
2544 3386 2575 3422 »
2627 3365 2759 3426 Hac
2819 3362 2898 3425 de
2952 3383 3017 3425 re
3055 3363 3365 3425 latissime
3398 3364 3532 3440 agit
3558 3366 3752 3424 Anna

492 3459 818 3522 Comnena
849 3458 917 3520 in
948 3457 1295 3520 Alcxt‘adoa
1333 3459 1516 3521 libris
1554 3474 1649 3524 xu
1681 3467 1741 3521 et
1774 3477 1919 3521 xtn.
1959 3460 2072 3522 His
2103 3460 2262 3522 belli
2311 3461 2594 3522 motibus
2644 3461 2883 3523 elisum
2941 3479 3008 3523 se
3044 3460 3375 3537 elisosque
3410 3475 3566 3521 suos
3597 3458 3753 3520 Bul-

491 3573 677 3629 garos
703 3558 790 3618 ait
817 3556 1337 3635 'l‘heOpbylactus
1359 3557 1436 3618 ab
1470 3581 1497 3613 α
1529 3557 1795 3636 Assyrio
1819 3557 2320 3632 Sennacberibo,
2349 3580 2377 3618 ι
2399 3557 2644 3620 scilicet
2668 3559 3070 3628 Boemundo,
3110 3579 3137 3611 σι
3174 3573 3253 3617 ex
3285 3553 3749 3632 Mesopotamia

492 3655 780 3726 emisso;
813 3677 842 3711 ι
880 3662 1219 3732 prepterea
1244 3657 1416 3733 quod
1458 3654 1521 3714 in
1548 3655 2012 3732 Mesopotamia
2040 3672 2076 3717 a
2106 3655 2334 3717 Turcis
2364 3664 2610 3734 captus,
2670 3655 2880 3717 victus
2913 3655 3103 3715 etiam
3167 3653 3245 3714 ab
3269 3651 3540 3725 eisdem,
3606 3658 3754 3728 post

494 3751 849 3814 libertatein
887 3753 954 3813 in
993 3752 1477 3829 Me50potamia,
1514 3753 1664 3814 inde
1701 3751 1769 3812 in
1801 3751 2099 3830 Apuliam
2133 3766 2436 3812 reversus
2470 3757 2592 3823 est,
2643 3748 3045 3828 collectoque
3104 3749 3395 3810 exercitu
3429 3746 3495 3808 in
3528 3744 3753 3825 Illyri-

493 3864 639 3912 cum
676 3848 890 3919 rediit,
921 3854 982 3909 et
1015 3848 1079 3910 in
1113 3849 1504 3926 Bulgariam,
1535 3849 1690 3938 igne
1716 3847 2020 3926 ferroque
2043 3847 2268 3910 omnia
2305 3846 2673 3924 pepnlatus.

575 3944 668 4006 Ad
704 3945 834 4009 hac
872 3954 1158 4024 tempora
1192 3953 1436 4025 spectat
1469 3935 1742 4025 epistola
1786 3949 1874 4015 11.
1906 3944 1989 4006 ad
2025 3944 2346 4006 dominum
2409 3941 2792 4006 Thcodulum
2819 3940 3383 4020 metropolitanum
3420 3935 3758 4000 Thessalo-

492 4044 825 4103 nicensem.
881 4040 983 4105 Sic
1041 4043 1128 4104 ait
1185 4061 1338 4107 vero
1394 4043 1976 4122 TbeOphylactus:
2045 4066 2073 4096 α

2174 4057 2247 4103 9n
2274 4040 2537 4119 quidem
2569 4040 2849 4120 ignoras,
2895 4047 2979 4111 τίς
3019 4049 3168 4100 ἐστιν
3198 4040 3356 4108 οὗτος
3383 4047 3410 4099 ὁ
3443 4044 3538 4097 ἀπ’
3575 4044 3756 4113 ἀρχῆς

491 4147 831 4217 ἀποστάτης,
863 4150 960 4203 καὶ
996 4148 1402 4220 τραχηλαστὴς,
1431 4152 1460 4202 6
1497 4148 1592 4204 τοῦ
1619 4151 1824 4221 κόσμου
1862 4150 2073 4220 τύραννι

2198 4141 2346 4219 quis
2384 4140 2502 4201 iste
2540 4138 2647 4208 sit,
2711 4138 2824 4219 qui
2858 4155 2892 4199 a
2928 4137 3249 4215 |irincipio
3283 4135 3407 4197 fuit
3436 4142 3753 4211 apostata,

494 4238 882 4312 superbiens
913 4246 974 4298 et
997 4235 1201 4313 ferox,
1239 4239 1435 4301 totius
1470 4241 1694 4303 mundi
1731 4250 2068 4320 tyrannus.
2097 4240 2328 4302 Contra
2348 4237 2519 4298 hunc
2543 4236 2808 4315 quidem
2841 4244 2898 4296 te
2939 4250 3261 4303 vocamus,
3296 4249 3334 4295 o
3366 4231 3475 4293 Dei
3510 4230 3706 4291 homo
3737 4252 3752 4291 :

495 4343 557 4395 et
593 4336 836 4395 utinam
857 4335 986 4413 jam
1026 4336 1279 4398 eveniat
1318 4336 1528 4409 nobis,
1559 4346 1628 4400 ut
1660 4338 1962 4400 omnibus
1997 4336 2176 4399 illius
2215 4337 2356 4413 [IX]
2419 4333 2759 4412 tyrannide
2815 4333 3058 4412 pressis
3118 4339 3180 4392 et
3221 4329 3411 4402 fusis,
3460 4336 3571 4390 tua
3627 4343 3758 4406 ope

498 4430 802 4511 planctus
835 4440 896 4493 et
935 4433 1225 4495 mmroris
1259 4434 1447 4498 ﬁnem
1473 4435 1803 4514 possimus
1835 4433 2124 4513 aliquem
2173 4431 2499 4494 invenire.
2557 4453 2584 4482 ν
2624 4429 3070 4490 Boemundum
3112 4427 3351 4506 passim
3397 4425 3600 4487 Graeci
3640 4440 3756 4486 vo.

497 4529 719 4591 cabant
755 4553 779 4586 ι
816 4547 850 4591 a
883 4529 1350 4610 principiojam
1389 4540 1762 4612 apostatam.
1801 4555 1830 4586 υ
1865 4537 2043 4592 Anna
2077 4531 2397 4594 Comnena
2432 4526 2595 4588 libro
2633 4545 2697 4599 x,
2731 4525 2840 4587 ubi
2872 4526 2950 4586 de
2982 4525 3355 4604 juramento
3389 4521 3754 4585 Boemundi

497 4627 628 4705 agit
664 4649 678 4686 :
718 4648 745 4682 ι
781 4627 897 4688 Vel
932 4627 1108 4706 quod
1144 4627 1360 4700 homo,
1396 4628 1637 4708 inquit,
1671 4629 1749 4690 ad
1788 4629 2127 4707 religionis
2188 4634 2627 4704 contemptum
2688 4623 3022 4696 educatus,
3060 4631 3124 4683 et
3169 4621 3368 4702 longo
3400 4639 3527 4683 usu
3564 4620 3756 4696 quasi

498 4722 775 4800 quadam
811 4730 1035 4788 natura
1075 4723 1400 4802 perjurus,
1437 4725 1788 4785 ridiculum
1823 4733 2078 4803 putaret
2123 4725 2577 4802 injuramento
2609 4721 3045 4799 tergiversari.
3079 4743 3107 4775 ιο
3137 4720 3242 4782 Ait
3279 4719 3474 4781 etiam
3507 4717 3756 4780 ibidem

499 4818 805 4894 Sangeles
845 4819 918 4879 ad
963 4821 1328 4896 Augustum
1366 4841 1381 4878 :
1431 4841 1459 4875 α
1493 4820 1650 4880 Cum
1681 4836 1714 4879 a
1752 4821 2009 4899 proavis
2045 4819 2402 4898 perjurium
2444 4826 2504 4880 et
2536 4816 2782 4888 dolum,
2835 4817 3007 4878 velut
3046 4816 3484 4878 hmreditatem
3518 4831 3757 4894 quam-

499 4913 647 4975 dam
683 4915 1118 4992 Bojamundus
1151 4914 1491 4994 acceperit,
1530 4916 1764 4975 mirum
1793 4915 1972 4976 valde
2006 4915 2060 4976 si
2105 4924 2557 4996 permaneat.»
2592 4915 2719 4977 Cur
2751 4931 2903 4977 vero
2953 4916 3006 4977 is
3037 4915 3301 4984 dicitur,
3336 4913 3449 4991 qui
3482 4935 3511 4970 α
3548 4913 3762 4976 cervi-

500 5027 636 5070 cem
685 5009 1010 5083 extulerit,
1041 5035 1069 5070 »
1099 5019 1159 5072 et
1187 5032 1216 5068 α
1255 5011 1475 5072 mundi
1517 5020 1831 5089 tyrannus
1865 5021 2055 5074 esset.
2088 5037 2114 5068 »
2149 5015 2330 5074 Anna
2357 5013 2679 5073 Comnena
2707 5013 2935 5074 eodem
2969 5012 3110 5074 loco
3137 5013 3418 5074 declarat
3461 5033 3476 5073 :
3509 5033 3541 5068 «
3583 5010 3759 5073 Reli-

502 5105 716 5182 gionis
745 5105 852 5168 ille
880 5107 1170 5185 quidem,
1198 5107 1528 5187 inquiens,
1553 5107 2004 5169 etvindicandi
2047 5109 2303 5171 Domini
2334 5109 2616 5189 sepulcri
2654 5108 2890 5171 larvam
2915 5111 3255 5190 cupiditati
3285 5109 3754 5189 superposuit:

502 5213 800 5263 caeterum
835 5222 948 5282 per
979 5204 1164 5265 istam
1196 5204 1599 5266 occasionem
1632 5205 1808 5266 omni
1869 5205 2061 5267 modo
2125 5207 2517 5276 decreverat,
2556 5206 2985 5286 principatum
3033 5208 3159 5270 sibi
3192 5207 3476 5286 aliquem
3510 5205 3758 5270 alicubi

510 5314 751 5370 parare.
782 5301 911 5361 Nec
935 5300 1372 5373 dubitaturus,
1432 5301 1488 5362 si
1559 5303 1842 5364 secunda
1904 5304 2174 5382 spiraret
2227 5320 2380 5365 aura
2433 5303 2734 5374 fortuna},
2796 5305 3155 5366 Romanum
3215 5307 3432 5382 ipsum
3473 5303 3755 5383 cegitare

509 5394 768 5467 solium,
797 5403 857 5456 et
887 5395 1117 5461 Alexio
1149 5405 1413 5459 extruso
1469 5415 1538 5458 se
1597 5399 2050 5478 imperat'irem
2100 5399 2332 5465 facere.
2382 5426 2408 5457 υ
2462 5403 2553 5463 Ita
2613 5403 3062 5464 Boemundum
3112 5403 3472 5484 pingebant
3523 5403 3756 5478 (irasci,

506 5491 743 5568 quibus
775 5493 1149 5554 adhaerescit
1180 5493 1736 5572 TheOphylactus.

585 5590 678 5650 Ad
732 5590 951 5652 eadem
1011 5589 1218 5651 refero
1269 5591 1529 5652 demum
1574 5602 1857 5670 tempora
1911 5596 2247 5672 epistolam
2300 5598 2396 5670 17,
2443 5597 2731 5674 Cercyrw
2791 5596 3109 5675 episcopo.
3179 5598 3326 5658 Hmc
3377 5597 3751 5661 habentur.-

504 5703 536 5739 α
577 5685 789 5745 Gratia
851 5684 934 5745 sit
997 5685 1586 5749 misericordiarum
1641 5691 1844 5758 Patri,
1913 5699 1972 5749 et
2030 5693 2158 5752 Deo
2227 5692 2425 5753 totius
2486 5691 2991 5764 consolationis;
3039 5717 3067 5749 n
3122 5694 3435 5771 quoniam
3488 5702 3762 5771 ὲνρῦτως

503 5790 739 5861 ἡμέραις
766 5795 1050 5863 πονηραῖς,
1071 5792 1166 5847 καὶ
1190 5794 1250 5845 ὲν
1284 5797 1494 5862 καιροῖς
1521 5794 1757 5864 ἀφίλοις,
1793 5798 1887 5849 καὶ
1916 5794 2085 5865 Θηριώ

2175 5813 2228 5861 τι,
2274 5788 2373 5849 his
2418 5786 2652 5851 diebus
2707 5788 2914 5862 malis,
2957 5807 3028 5851 ac
3071 5792 3480 5870 temporibus
3524 5791 3757 5857 inimi-

506 5881 596 5940 cis
644 5888 705 5940 et
754 5880 932 5953 feris,
985 5888 1156 5942 tuam
1203 5882 1600 5946 sanctitatem
1662 5884 1844 5945 nobis
1879 5893 2136 5963 paterna
2205 5885 2552 5950 dilectione
2602 5884 2947 5949 cinctam...
3014 5887 3365 5949 indulsit...
3424 5888 3495 5950 Ut
3545 5907 3759 5971 neque
