4006 6484
482 398 553 463 27
1296 395 1502 457 BERN
1562 394 1827 456 ΗΑΒῐῶ
1868 395 1966 457 DE
2000 397 2064 456 Pl

2174 396 2286 456 [ξιὸ
2326 394 2831 456 DISSERTATIO
3675 384 3756 450 28

559 515 660 577 20.
699 513 1079 578 Litterarum
1116 511 1478 593 prmstantia
1509 512 1775 574 ﬂorebat
1811 533 1827 572 :
1858 512 2121 591 egitque
2153 512 2479 574 rhetorem
2516 519 2664 572 ante
2720 510 3047 587 indeptam
3091 506 3497 586 dignitatem.
3541 499 3760 565 Sacris

482 609 700 686 ipsum
733 609 796 672 in
833 609 1202 688 disciplinis
1237 607 1589 686 plurimum
1633 607 1946 680 valuisse,
1986 607 2151 670 bene
2206 608 2430 682 multa,
2491 624 2640 686 quae
2683 605 2846 668 inira
2897 603 3297 667 recensenda
3341 608 3519 672 sunt,
3578 598 3767 661 eviu-

483 713 638 768 cunt
677 707 972 783 proclara
1027 707 1169 788 ejus
1227 723 1445 785 opera.
1490 705 1612 767 Sed
1645 706 1840 766 etiam
1886 705 2262 767 liberalibus
2313 705 2601 783 apprime
2639 706 2968 765 excultum
3005 701 3240 762 litteris
3290 700 3572 777 produnt
3605 693 3759 774 ejus

489 804 818 880 Epistolm,
851 821 922 866 ac
963 804 1134 865 varia
1179 819 1306 883 qua
1351 801 1602 864 refertas
1647 809 1822 872 sunt,
1856 801 2164 864 eruditio.
2200 803 2532 863 Accedunt
2561 801 2900 861 Institutio
2927 799 3122 877 Regia
3145 795 3227 857 ad
3251 794 3764 889 Constantinum

484 898 1124 979 Porphyrogenitum,
1173 909 1236 964 et
1273 899 1496 963 Oratio
1543 898 1627 960 ad
1659 896 1956 959 Διοτίμα
1985 897 2367 959 Comnenum
2393 897 2769 975 Augustum,
2803 913 2876 958 ac
2911 895 3202 972 denique
3237 888 3302 953 iu
3341 888 3766 953 Carminibus

489 995 844 1074 pangendis
885 995 1138 1074 peritia,
1171 1012 1451 1078 quorum
1487 996 1631 1076 ipse
1667 992 1961 1056 meminit
1995 993 2063 1055 in
2116 992 2392 1072 epistola
2419 994 2501 1054 20
2544 990 2628 1053 ad
2669 992 3188 1055 Παταικίων-ατη
3221 990 3612 1068 episcopum,
3647 984 3764 1044 in—

485 1091 725 1172 quiens
771 1112 848 1150 :s
887 1094 1023 1156 Hoc
1069 1094 1334 1174 quidem
1397 1095 1569 1174 quod
1635 1092 1850 1154 solum
1894 1088 2113 1161 habui,
2181 1087 2474 1151 iambicis
2531 1089 2833 1152 versibus
2891 1087 3145 1166 expuli,
3205 1085 3441 1148 multas
3493 1083 3766 1144 interim

483 1186 729 1266 elegias
778 1196 984 1258 tctum
1023 1208 1139 1270 per
1187 1207 1428 1254 annum
1474 1192 1818 1254 concinere
1870 1197 2152 1252 coactus.
2197 1209 2228 1241 ιι
2257 1185 2426 1247 Binc
2472 1203 2623 1247 vero
2656 1186 2742 1248 ob
2781 1186 3245 1254 eruditionem,
3299 1197 3426 1261 qua
3465 1178 3765 1249 ﬂorebat,

488 1293 639 1345 nato
669 1285 1114 1359 Constantino,
1155 1286 1492 1348 Michaelis
1532 1288 1728 1349 Ducas
1756 1292 1818 1348 et
1851 1285 2070 1348 Maria)
2099 1282 2260 1354 tilio,
2297 1289 2654 1360 praeceptor
2691 1283 3076 1362 designatus
3109 1280 3464 1358 datusque.

570 1380 672 1442 21.
721 1382 898 1457 Saepe
931 1382 1303 1444 memoratis
1337 1400 1417 1444 ex
1461 1381 1769 1462 Epistolis
1801 1381 2223 1452 addiscimus,
2256 1379 2343 1442 ita
2375 1378 2648 1442 Achride
2682 1379 2748 1440 in
2809 1379 3111 1458 Bulgaria
3157 1377 3373 1457 egisse
3417 1369 3779 1450 'l‘heOphy-

495 1475 761 1550 lectum,
804 1483 872 1538 ut
913 1477 1152 1556 regiam
1187 1479 1252 1540 in
1289 1478 1513 1541 urbem
1548 1477 1906 1541 identidem
1945 1477 2312 1552 ventitaret,
2347 1476 2488 1538 sive
2540 1477 2799 1556 negotia
2874 1491 2994 1537 sua
3045 1479 3575 1554 pertractaturus,
3626 1467 3776 1528 sive

498 1573 832 1636 invisurus
885 1575 1074 1636 etiam
1143 1576 1537 1654 discipulum
1630 1576 1985 1657 principem
2017 1619 2034 1647 ,
2078 1573 2353 1654 ejusque
2412 1581 2674 1634 matrem
2722 1572 3014 1642 Mariam,
3052 1578 3160 1633 aut
3203 1577 3576 1647 regnantem
3619 1578 3776 1624 cum

492 1670 999 1749 imperatoribus
1045 1673 1360 1735 Michaele
1401 1681 1462 1734 et
1496 1673 2019 1743 Botoniata,-’aut
2059 1671 2128 1732 in
2169 1669 2562 1732 monasterio
2608 1670 2951 1750 degentem
2985 1669 3109 1730 sub
3137 1668 3370 1730 Alexio
3403 1666 3774 1727 Comneno.

493 1767 812 1843 Tempore
849 1769 1256 1846 procedente,
1299 1771 1708 1849 Bulgaricum
1745 1770 1961 1830 minus
1998 1765 2124 1847 ipsi
2159 1766 2479 1842 placuisse
2522 1765 2903 1838 incolatum,
2951 1765 3159 1844 prodit
3211 1764 3350 1843 ejus
3378 1758 3656 1841 epistola
3690 1754 3782 1816 ad

491 1862 802 1924 Joannem
849 1882 1138 1942 magnum
1188 1866 1609 1938 domesticum,
1669 1867 1839 1944 apud
1894 1865 2236 1926 Baronium
2295 1863 2374 1925 ad
2439 1879 2682 1924 annum
2740 1863 2920 1938 1071,
2990 1878 3168 1923 num.
3203 1861 3384 1929 XXI,
3467 1855 3598 1918 ubi'
3638 1855 3782 1917 hac

496 1956 822 2020 habentur
855 1981 871 2021 :
914 1983 941 2014 α
978 1963 1114 2022 Νοη
1151 1962 1365 2024 servio
1397 1963 1586 2025 diviti
1624 1963 1886 2043 regium,
1925 1963 2315 2040 mundaeque
2348 1967 2409 2022 ct
2442 1959 2748 2038 pulchra),
2793 1971 2987 2039 atque
3028 1959 3191 2021 adeo
3225 1955 3459 2018 Veneri
3503 1970 3726 2016 aurem
3762 1970 3779 2010 :

499 2056 614 2117 sed
643 2056 850 2118 servis
877 2057 1204 2132 barbaris,
1230 2059 1919 2142 inipuris-fmtidasque
1959 2060 2157 2140 pelles
2180 2056 2590 2120 olentibus...
2641 2057 2883 2120 Solvite
2917 2074 3017 2119 me
3050 2057 3166 2118 hac
3209 2055 3383 2133 turpi
3435 2053 3776 2124 servitute,

501 2153 614 2230 qui
651 2155 945 2232 potestis.
981 2179 1010 2211 ι

583 2251 896 2312 Eumdem
938 2252 1146 2329 ipsius
1177 2253 1466 2315 animum
1500 2255 1741 2318 iudicat
1773 2251 2047 2334 epiStola
2094 2258 2261 2319 inter
2294 2256 2697 2318 Meursianas
2741 2255 2848 2328 2i,
2899 2253 2975 2315 ad
3021 2251 3356 2313 Anenium.
3402 2249 3509 2310 Ait
3546 2247 3727 2310 enim
3763 2267 3781 2308 :

504 2363 534 2396 «
569 2342 784 2403 Meum
822 2342 982 2404 mihi
1025 2346 1349 2406 somnium
1405 2365 1747 2409 enarras...
1804 2366 1901 2412 me
1941 2350 2008 2411 in
2048 2354 2259 2415 media
2295 2352 2596 2432 Bulgaria
2636 2351 2940 2413 barbaros
2981 2357 3043 2412 et
3076 2347 3356 2410 rusticos
3389 2363 3600 2408 mores
3627 2361 3784 2406 cre-

504 2437 665 2498 dens
705 2437 961 2500 imitari.
999 2441 1250 2519 Inspice
1304 2444 1504 2514 enim,
1541 2455 1854 2523 quantum
1900 2464 2022 2525 ego
2079 2451 2463 2513 rusticitatis
2514 2460 2575 2512 et
2614 2448 2891 2511 feritatis
2932 2455 3246 2509 craterem
3289 2443 3632 2517 ebiberim,
3659 2441 3787 2520 qui

503 2545 774 2599 τοσούτων
805 2548 944 2603 ιτῶν
965 2549 1074 2602 τῶν
1099 2549 1199 2620 τῆς
1217 2552 1411 2621 σοφίας
1444 2555 1667 2624 χωρίων
1688 2555 2020 2626 ἀποδημῶν,
2080 2556 2085 2605 l

2213 2547 2402 2610 an‘nis
2445 2545 2840 2625 asapientia
2872 2545 3031 2608 locis
3097 2543 3352 2606 absum.
3386 2564 3418 2600 ι
3451 2541 3604 2602 Vota
3635 2538 3788 2620 ejus

505 2635 686 2697 irrita
724 2633 930 2699 fuere.

2064 2812 2202 2880 VII.

507 2959 803 3060 Ecclesia
822 2961 1173 3057 Bulgaria:
1193 2963 1305 3057 sub
1329 2964 1581 3060 regibus
1614 2969 1904 3060 propriis
1940 2968 2220 3060 initium.
2262 2969 2348 3060 ρο
2369 2970 2522 3049 jure
2548 2969 2613 3060 in
2643 2968 2845 3060 ipsam
2879 2966 3226 3060 contentio.
3251 2967 3567 3060 Romanas
3601 2979 3779 3060 pon-

592 3039 788 3126 tiﬁces
823 3039 1092 3126 interna
1123 3039 1452 3126 episcopos
1483 3039 1894 3123 Byzantinos.
1963 3048 2216 3108 Τῆνοπο
2253 3039 2969 3126 Constantinopolitano
2999 3064 3128 3105 non
3165 3045 3471 3107 obnoxia.
3502 3039 3787 3104 Subacta

586 3120 920 3206 tt_'_Gra.-_cis
990 3120 1487 3206 imperamribus
1535 3120 1892 3206 provincia,
1951 3127 2458 3206 autocephaliam
2541 3120 2750 3206 servat
2820 3126 3144 3197 Ecclesia,
3227 3141 3476 3206 eamque
3531 3130 3788 3206 tutatur

594 3199 1095 3290 Tneophylactus'
1159 3212 1384 3263 contra
1449 3199 1610 3284 jura
1673 3204 2110 3284 Stauropegii.
2168 3199 2466 3268 Marinus
2519 3204 2921 3279 emendatus,
2999 3207 3266 3283 itemque
3325 3199 3602 3265 Joannes
3662 3199 3787 3260 Lo-

589 3294 868 3340 ntcerus.

590 3419 692 3481 ~22.
720 3420 1071 3498 Bulgaricaa
1095 3421 1400 3501 regionis,
1438 3423 1546 3485 ubi
1596 3423 2120 3503 Theouhylactus
2167 3421 2517 3486 Ecclesiam
2573 3423 3025 3485 moderabatur
3059 3419 3616 3498 archiepiscOpus,
3659 3435 3787 3481 no-

513 3534 659 3579 men
695 3535 726 3578 a
763 3519 1020 3596 populis
1055 3517 1405 3592 profectum
1447 3528 1564 3591 est,
1591 3523 1702 3600 qui
1738 3521 2000 3600 Bulgari
2035 3522 2424 3583 vocabantur
2470 3537 2502 3580 a
2546 3519 2750 3582 ﬂuvio
2780 3520 3008 3598 Bulga,
3045 3518 3186 3581 sive
3227 3518 3437 3597 Volga.
3475 3517 3788 3579 Pluribus

514 3613 880 3681 remotioris
911 3613 1030 3675 ωνὶ
1062 3614 1538 3693 irruptionibus
1558 3633 1780 3678 eorum
1813 3618 1877 3679 in
1903 3619 2057 3680 tiues
2093 3615 2354 3694 imperii
2388 3617 2861 3694 prmtermissis,
2882 3616 3024 3692 [XI]
3053 3614 3290 3676 iterum
3320 3627 3492 3675 anno
3520 3612 3788 3692 septimi

512 3710 730 3773 saaculi
766 3711 1244 3788 septuagesimo
1267 3721 1490 3774 octavo
1526 3714 1894 3775 Danubium
1927 3723 2415 3781 transmeantes,
2452 3711 2740 3773 Thracias
2769 3710 2903 3772 loca
2942 3717 3343 3787 occuparunt
3383 3730 3398 3770 :
3453 3708 3787 3788 bellisque

518 3816 736 3870 postea
770 3806 1097 3877 coniectis,
1136 3809 1498 3871 institutum
1533 3828 1802 3889 regnum
1842 3811 2231 3890 ampliavere
2256 3810 2538 3872 subactis
2574 3808 2948 3887 provinciis,
2975 3825 3123 3888 qum
3164 3807 3440 3886 imperio
3481 3807 3796 3870 Constan-

520 3905 942 3984 tnmpolitano
989 3906 1315 3984 parebant.
1356 3909 1542 3971 Dacia
1625 3909 2086 3972 mediterranea
2123 3920 2185 3971 et
2216 3909 2504 3987 Ripensi,
2548 3908 2766 3971 Mmsia
2801 3907 3122 3984 ulteriori,
3172 3907 3488 3969 Dardania
3523 3913 3584 3967 et
3618 3907 3797 3968 Prm-

519 4001 668 4075 vali,
711 4004 1015 4064 secundm
1050 4005 1446 4068 Macedonim
1479 4017 1676 4085 parte,
1709 4023 1780 4068 ac
1812 4015 1984 4082 parte
2028 4007 2395 4069 Pannonia).

602 4100 819 4160 Deleta
853 4101 914 4160 in
949 4101 1123 4162 hisce
1156 4102 1533 4181 regionibus
1565 4105 1923 4166 Christiana
1957 4107 2111 4167 ﬁdes
2138 4104 2370 4165 mansit
2406 4105 2544 4173 diu,
2582 4123 2791 4183 usque
2825 4105 3074 4166 scilicet
3109 4104 3186 4165 ad
3221 4102 3557 4182 Bogorim,
3596 4118 3783 4166 novin

526 4195 840 4274 Bulgariaa
871 4215 1083 4276 regem
1111 4242 1128 4269 ,
1175 4201 1286 4276 qui
1339 4215 1507 4261 anno
1537 4202 1652 4263 881
1704 4219 1883 4264 sacro
1914 4201 2290 4278 baptismate
2331 4202 2893 4279 Constantinopoli
2943 4201 3204 4263 ablutus
3238 4211 3362 4273 est,
3401 4217 3779 4280 nomenque

522 4295 791 4353 mutavit
848 4293 913 4355 in
965 4294 1368 4366 Michaelem,
1418 4313 1549 4376 quo
1600 4297 1793 4360 etiam
1829 4303 2172 4360 vocabatur
2229 4298 2578 4378 imperator
2613 4300 3007 4371 Grmcorum,
3044 4297 3318 4360 Michael
3349 4297 3584 4364 tertius
3625 4299 3786 4360 Por-

526 4389 1018 4468 phyrogeuitus.
1076 4391 1429 4469 Episc0pos
1480 4401 1540 4454 et
1600 4395 2012 4473 presbyteros
2061 4395 2439 4458 catechistas
2498 4413 2804 4472 accepere
2864 4394 3127 4473 Bulgari
3178 4412 3213 4457 a
3264 4393 3572 4457 Romanis
3634 4401 3698 4456 et
3756 4392 3796 4456 a

524 4488 782 4550 Francis
820 4509 834 4547 :
879 4488 953 4549 ad
1004 4504 1247 4566 eosque
1313 4498 1563 4551 exstant
1622 4491 1919 4553 Nicolail
1970 4491 2210 4554 summi
2245 4493 2566 4572 pontificis
2609 4493 2690 4554 de
2752 4491 2948 4555 rebus
3006 4493 3158 4556 ﬁdei
3208 4492 3634 4570 moribusque
3681 4492 3802 4555 Re-

525 4601 780 4662 sponsa,
827 4601 996 4645 anno
1039 4585 1305 4646 circiter
1351 4586 1470 4648 866
1523 4589 1689 4648 data.
1749 4589 1892 4649 Hmc
1937 4589 2025 4649 ibi
2067 4589 2383 4650 habentur
2421 4589 2501 4650 de
2559 4589 2938 4666 patriarcha,
2991 4607 3186 4669 quem
3225 4589 3350 4651 sibi
3393 4588 3680 4652 ordinari
3719 4605 3798 4652 at:

532 4682 758 4758 ρι’ωοοἱ
843 4682 1144 4757 Optabam
1209 4699 1386 4744 num.
1447 4701 1650 4743 Lxxu.
1717 4686 2113 4763 «Requisist

2279 4684 2334 4744 si
2401 4682 2589 4747 liceat
2635 4686 2702 4746 in
2749 4685 2934 4747 vobis
2977 4686 3412 4763 patriarcham'
3449 4686 3741 4752 ordinari
3781 4709 3837 4749 :.

530 4779 643 4839 sed
674 4779 750 4839 de
781 4777 896 4839 hoc
943 4778 1104 4839 nihil
1139 4779 1470 4841 deﬁnitive
1504 4783 1896 4857 respondere
1931 4799 2298 4858 possumus,
2338 4781 2717 4861 priusquam
2754 4781 2942 4861 legati
2983 4783 3211 4856 nostri,
3248 4795 3415 4862 quos
3451 4783 3792 4846 vobiscum

533 4873 867 4947 mittimus,
924 4875 1163 4935 reversi
1218 4873 1536 4937 fuerint...
1591 4879 1742 4938 Nam
1792 4879 2046 4938 interim
2098 4879 2480 4958 episc0pum
2539 4880 2886 4942 habetote:
2941 4889 3222 4956 etcum,
3266 4881 3508 4944 divinae
3567 4882 3798 4959 gratim

535 4972 956 5046 incremento,
995 4972 1438 5035 Christianitas
1496 4974 1580 5034 ibi
1626 4973 1823 5035 fuerit
1876 4975 2158 5050 dilatata,
2191 4986 2252 5037 et
2297 4977 2587 5054 episcopi
2631 4995 2744 5057 per
2786 4977 3080 5055 singulas
3128 4977 3451 5040 Ecclesias
3486 4979 3798 5055 ordinati,

535 5069 1052 5148 tunceligenilus
1085 5079 1181 5130 est
1214 5071 1381 5132 inter
1411 5087 1523 5132 eos
1559 5088 1729 5132 unus
1755 5073 1893 5150 qui,
1931 5073 1984 5131 si
2009 5089 2137 5136 non
2169 5073 2552 5153 patriarcha,
2583 5082 2753 5137 certe
2801 5073 3333 5153 archiepiscopus
3363 5075 3802 5153 appellandus

535 5173 652 5237 est,
685 5168 761 5226 ad
808 5185 999 5244 quem
1037 5184 1262 5228 omnes
1300 5178 1706 5231 concurrant.
1749 5192 1778 5225 ι

612 5262 714 5324 23.
765 5265 850 5322 De
883 5263 1142 5339 juribus
1187 5263 1254 5322 in
1301 5263 1650 5324 Ecclesium
1689 5265 1996 5343 Bulgaria;
2020 5275 2159 5329 orta
2212 5267 2292 5329 lis
2345 5275 2442 5330 est
2485 5269 2808 5332 Romanos
2861 5268 3032 5330 inter
3099 5275 3161 5330 et
3206 5267 3806 5349 Constantinopoii-

537 5367 741 5421 tauos.
787 5360 1003 5420 Soluta
1044 5368 1257 5420 octava
1291 5360 1684 5422 mcumenica
1729 5363 2005 5439 synodo,
2038 5373 2256 5427 contra
2297 5366 2592 5428 Photium
2627 5365 2972 5440 celebrata,
3026 5367 3106 5428 de
3157 5366 3484 5446 prmdictis
3532 5367 3800 5446 jurihus

535 5473 703 5516 anno
750 5459 868 5517 869
911 5466 1118 5517 actum
1157 5465 1277 5518 est.
1325 5458 1525 5519 Graeci
1573 5459 1858 5536 judices,
1895 5462 2141 5523 tametsi
2193 5462 2494 5536 recusati,
2549 5463 2933 5524 sententiam
2991 5463 3249 5525 tulere:
3287 5485 3318 5520 α
3365 5462 3796 5544 Bulgarorum

543 5553 800 5626 patriam
875 5555 938 5614 in
992 5555 1356 5615 Grmcorum
1404 5563 1710 5631 potestate
1762 5557 2008 5619 dudum
2053 5557 2261 5621 fuisse
2325 5559 2462 5629 (eas
2520 5575 2753 5636 nempe
2793 5558 3187 5638 provincias,
3246 5559 3491 5639 quibus
3551 5577 3797 5625 novum

543 5650 852 5727 Bulgariaa
899 5669 1165 5729 regnum
1214 5652 1770 5728 constituebatur),
1819 5664 1879 5718 et
1924 5659 2177 5720 Graecos
2216 5655 2586 5719 sacerdotes
2623 5656 2927 5719 habuisse
2978 5666 3214 5719 sanctas
3248 5656 3554 5720 Ecclesia
3617 5660 3797 5722 Con-

539 5747 1140 5824 stantinopolitanm,
1181 5775 1207 5805 ιι
1241 5751 1534 5830 adeoque
1566 5770 1711 5814 cum
1749 5777 1775 5810 α
1829 5756 1907 5816 ab
1950 5771 2024 5817 ea
2069 5753 2379 5834 (Ecclesia
2429 5751 3108 5832 ConstantinopoleOs)
3164 5769 3276 5830 per
3341 5753 3799 5832 paganismum

539 5845 932 5918 recessisset,
970 5862 1137 5908 nunc
1175 5865 1282 5926 per
1315 5848 1874 5914 Christianismum
1914 5852 2124 5916 eidem
2169 5851 2419 5916 restitui
2449 5850 2712 5916 debere.
2744 5877 2770 5908 ι)
2812 5853 3041 5915 Contra
3095 5852 3429 5913 decretum
3469 5848 3798 5916 interces-
