2003 3253
111 210 144 243 23
517 210 565 240 DE
585 207 878 240 THEOPUYLACTI
897 207 1042 239 (ΞΕ-ΞΤιὸ
1055 209 1102 239 ΕΤ
1123 208 1311 239 SCRIl’TlS.
1712 206 1750 239 30

109 272 213 298 serunt
236 266 335 306 legati
359 266 491 298 Adriani
509 266 537 297 ll
564 265 699 296 Romani
728 264 901 304 pontiﬁcis.
931 265 1129 305 Episcopum
1163 265 1393 305 designaverat
1436 264 1595 305 Bulgaris,
1621 264 1755 296 nomine

108 316 307 354 Silvestrum,
339 315 425 347 idem
449 315 615 346 Adrianus
637 324 645 343 :
675 319 706 345 at.
729 315 914 345 Graarorum
941 313 1037 344 donis
1063 312 1208 348 adducti,
1237 313 1521 353 archiepiscopum
1549 321 1705 352 accepere
1736 321 1755 344 a

105 363 221 395 Basilio
235 364 433 403 imperatore
450 370 481 395 et
495 362 671 403 patriarcha
686 362 822 402 lguatio.
839 362 906 393 Hac
920 361 960 392 de
978 370 1013 392 re
1029 361 1153 392 litteras
1170 361 1241 401 lege
1258 361 1438 396 Pontiﬁcis,
1455 360 1603 401 querelis
1628 360 1752 400 plenas.

105 411 139 442 sd
155 412 310 443 Basilium
329 416 360 444 et
375 414 414 443 ad
436 411 610 452 Ignatium.
625 419 712 443 anno
730 411 787 442 871
805 411 905 446 datas,
925 409 1011 449 apud
1037 410 1212 440 Baronium
1229 433 1238 445 ,
1260 413 1294 440 et
1312 409 1530 449 conciliorum
1547 409 1753 441 collectores.

104 458 253 490 Photiano
271 460 447 491 schismate
462 459 613 491 effectum
630 463 691 496 est,
710 462 745 489 ut
760 467 778 489 a
795 458 950 489 Romanis
965 457 1080 489 avulsa
1101 462 1245 489 maneret
1266 458 1406 489 Ecclesia
1424 458 1597 499 Bulgaria).

138 508 186 539 25.
209 508 342 539 Throno
362 507 722 547 Constantinopolitano
753 508 884 546 parebat
916 507 1184 547 archiepiscopus
1205 507 1277 547 ejus
1307 507 1466 546 regionis.
1497 508 1603 538 .Etate
1633 506 1753 539 Leonis

102 556 272 596 Sapientis,
293 557 350 596 qui
378 565 465 588 anno
487 557 548 588 886
566 555 742 595 capessivit
765 555 955 595 imperium,
969 560 1159 595 αὑτοιιέφαλος
1175 557 1290 591 evasit,
1319 556 1440 596 suique
1459 556 1561 596 juris,
1582 556 1752 587 utverisi-

102 605 210 637 mitius
233 606 400 637 existimat
424 606 610 646 Lequienus
630 605 663 636 in
688 604 817 636 Oriente
841 604 1038 641 Christiano,
1059 609 1146 636 torno
1169 605 1209 641 Il,
1231 605 1263 635 in
1292 604 1440 635 Ecclesia
1458 604 1628 643 Lychnidi.
1646 603 1753 635 Verba

103 651 169 691 ejus
197 652 298 683 eﬁ‘ero
320 664 328 683 :
348 664 362 680 ι
384 652 444 683 Hic
474 661 552 684 vero
587 651 801 691 Bulgarorum
836 651 1011 690 primarius
1042 655 1179 684 antistes
1213 652 1598 693 Constantinopolilame,
1615 652 1750 692 quidem

100 700 177 737 sedi,
197 700 352 731 Romanis
370 700 577 740 pontiﬁcibus
591 699 712 732 frustra
732 699 998 738 reclamantibus,
1016 701 1180 733 obnoxius
1201 700 1420 740 primumfuit
1442 712 1449 732 :
1468 701 1611 732 subinde
1639 706 1750 732 autem

100 754 300 789 αὑτοκέφιιλος,
317 749 410 780 suive
423 749 509 789 juris
528 749 627 781 evasit
641 760 650 782 :
666 757 740 781 cum
761 748 979 788 Bulgarorum
1004 748 1219 789 principibus,
1236 749 1294 788 qui
1317 750 1484 789 perpetuis
1500 748 1594 780 bellis
1615 750 1747 781 Griecos

98 799 310 836 lacessebant,
322 807 387 830 non
407 798 567 830 arrideret
584 798 802 830 Ecclesiarum
821 806 957 829 suarum
975 798 1104 837 negotia
1120 798 1207 837 apud
1221 797 1417 838 Byzantinos
1437 797 1580 829 tractari.
1598 797 1633 828 ld
1660 798 1750 838 quod

96 847 202 879 Leone
220 847 387 886 Sapiente,
415 847 529 878 Basilii
555 845 746 878 Macedonis
777 846 858 882 ﬁlio,
881 845 1078 886 imperatore
1097 846 1278 886 contigisse
1296 854 1381 878 reor.
1403 846 1467 884 Qui
1490 855 1565 878 cum
1580 847 1751 888 Turcnset

97 897 243 929 inﬁdeles
261 896 345 928 alios
361 896 501 937 populos
525 896 558 927 in
577 895 792 936 Bulgarorum
814 899 945 935 gentem
971 895 1181 932 concitasset,
1198 894 1233 926 in
1253 903 1350 926 causa
1365 894 1429 925 fuit
1452 899 1487 926 ut
1504 895 1636 934 Bulgari
1665 893 1749 926 inito

97 945 233 976 consilio
250 946 292 976 ad
312 946 475 977 Romanos
493 944 659 984 pontiﬁces
675 944 911 981 concesserint,
928 942 1048 975 auxilii
1074 942 1151 975 inde
1177 943 1309 983 petendi
1338 943 1451 984 gratia.
1472 944 1555 974 Tum
1578 943 1748 984 Byzantini

98 993 297 1031 patriarchae,
324 998 358 1024 ut
383 1001 440 1024 eos
455 994 495 1024 ab
514 993 572 1024 hac
592 992 746 1024 afﬁnitate
772 992 988 1028 deterrerent,
1011 992 1113 1023 satius
1139 992 1307 1024 duxerunt
1330 1001 1447 1024 eorum
1461 993 1748 1033 archiepiscopum

96 1041 268 1081 omnigena
292 1041 497 1072 immunitate
515 1041 648 1076 donare,
665 1040 812 1072 abdicata
827 1048 1031 1081 quacunque
1047 1040 1081 1071 in
1109 1039 1269 1081 Bulgaria;
1283 1041 1447 1083 Ecclesias
1459 1041 1710 1081 jurisdictione.
1732 1053 1747 1070 υ

96 1090 175 1121 Huic
200 1097 279 1127 vero
311 1089 557 1129 archiepiscopo
594 1088 810 1129 Bulgarorum
848 1088 985 1121 obnoxii
1023 1089 1104 1121 olim
1132 1094 1227 1121 erant
1249 1098 1307 1121 sex
1330 1090 1548 1131 metropolitaa
1575 1099 1613 1122 ac
1635 1090 1748 1122 decem

96 1138 315 1178 episcopatus,
334 1143 445 1176 postea
467 1137 683 1177 metrOpolitte
697 1140 836 1177 septem,
856 1137 1061 1179 totidemque
1091 1138 1252 1179 episcopi.
1273 1138 1479 1179 Lequienum
1506 1138 1645 1170 consule
1676 1138 1747 1170 loco

96 1193 203 1218 cnlato.

130 1236 179 1267 25.
203 1236 265 1267 His
297 1239 407 1267 ornats
440 1235 623 1276 pnntegiis
644 1235 787 1268 Ecclesia
817 1235 989 1277 Bulgarica
1020 1235 1111 1267 stetit
1135 1235 1199 1266 sub
1227 1235 1359 1276 regibus
1386 1235 1529 1277 propriis
1557 1236 1596 1267 ad
1624 1243 1749 1267 annum

95 1293 196 1325 usque
213 1285 306 1326 1018,
325 1293 392 1325 quo
406 1284 548 1315 Basilius
565 1289 596 1316 et
618 1285 853 1317 Constantinus
880 1284 1022 1325 imperio
1047 1283 1412 1323 Constantinopolitano
1434 1283 1647 1324 subjecerunt
1669 1283 1748 1315 Bul-

96 1342 198 1373 garos,
216 1334 305 1365 hanc
329 1333 372 1365 ob
392 1341 522 1364 causam
543 1334 644 1373 prior,
665 1334 724 1374 qui
752 1342 862 1365 rerum
886 1336 1046 1365 summam
1070 1332 1215 1371 gerebat,
1242 1332 1353 1364 dictus
1373 1331 1647 1372 Bulgaroctonus.
1665 1332 1749 1364 Prte-

94 1381 178 1418 iecti,
204 1383 254 1413 rei
285 1381 568 1413 administratores
597 1381 749 1422 publica),
777 1382 811 1413 in
840 1381 1026 1422 Bulgariam
1058 1379 1291 1412 mittebantur:
1327 1389 1469 1421 quorum
1496 1381 1688 1419 improbitas
1714 1381 1748 1412 in

94 1440 185 1464 causa
199 1430 279 1468 fuit,
297 1435 333 1462 ut
347 1430 410 1462 sub
427 1430 549 1462 lsaacio
564 1430 593 1461 ll
608 1431 743 1470 Angelo,
760 1431 817 1471 qui
836 1429 999 1463 moderari
1015 1430 1190 1470 imperium
1207 1438 1294 1461 anno
1307 1430 1387 1461 1185
1412 1430 1521 1469 cmpit,
1538 1428 1748 1470 Bulgariéum

95 1488 229 1520 regnum
245 1480 494 1515 instauraretur,
521 1488 587 1510 rem
617 1480 886 1519 promoventibus
908 1480 1002 1511 Petro
1024 1482 1055 1509 et
1076 1478 1188 1510 Busan
1210 1477 1382 1515 fratribus,
1406 1478 1497 1517 regio
1522 1486 1563 1509 ex
1586 1477 1749 1518 sanguine

95 1529 181 1560 satis.
200 1528 383 1568 Utramque
413 1530 526 1567 regum
550 1527 711 1568 Bulgariie
732 1528 853 1560 seriem
878 1526 1077 1559 Dufresnius
1103 1526 1237 1558 exhibet
1263 1530 1334 1566 post
1358 1526 1512 1558 Familias
1536 1526 1747 1566 Byzantinus.

95 1577 199 1609 Altera
227 1578 293 1609 sub
313 1576 372 1608 hac
394 1576 479 1607 serie
510 1585 634 1615 regum,
651 1576 684 1607 in
709 1576 894 1607 clientelam
911 1576 1064 1606 Romanas
1079 1575 1169 1607 sedis
1191 1575 1292 1607 rediit
1311 1575 1458 1607 Ecclesia
1489 1576 1659 1615 Bulgarica
1686 1577 1750 1607 sub

95 1624 288 1657 lunocentio
306 1625 362 1656 Ill.
375 1623 438 1655 Sed
454 1631 538 1655 novo
555 1628 668 1655 exorto
684 1624 906 1664 ampliatoque
927 1624 1048 1655 Servius
1070 1632 1184 1664 regno,
1207 1624 1424 1657 minutionem
1442 1625 1547 1664 primo
1572 1634 1665 1665 passa
1680 1631 1742 1663 est,

94 1682 128 1705 ac
141 1675 276 1705 demum
293 1671 599 1713 Turcarumjugun.
618 1671 730 1703 subiit.
1237 1702 1241 1705 _

133 1724 190 1760 Eo,
203 1726 274 1763 q‘uo
293 1722 443 1762 Bulgaria
454 1721 642 1761 Byzantinis
667 1721 798 1761 parebat
827 1720 1093 1761 imperatoribus,
1112 1730 1251 1762 eamque
1279 1722 1552 1754 administrabant
1572 1723 1743 1763 Byzantini

95 1771 247 1809 prtel'ecti,
284 1775 431 1810 tempore
463 1769 595 1801 sedebat
624 1768 886 1809 'l‘heophylactus

954 1769 1196 1810 chiepiscopus.
1219 1771 1316 1802 Suam
1343 1771 1416 1811 ipse
1439 1773 1745 1812 αὑτηκεφαλιανῐΧΙΙ]

94 1822 224 1850 strenue
239 1823 366 1850 tutatus
395 1821 444 1849 est
459 1821 569 1848 contra
585 1816 677 1848 urbis
706 1817 806 1857 regias
821 1817 1027 1856 patriarchas.
1049 1819 1129 1849 Rem
1155 1819 1289 1851 exhibet
1304 1828 1436 1852 omnem
1453 1820 1593 1860 epistola
1608 1820 1680 1861 ejus
1693 1822 1745 1859 2'1,

94 1864 332 1897 adMichoelem
359 1864 566 1896 Chalcedonis
591 1865 784 1904 episcopum.
807 1866 858 1896 Sic
880 1865 925 1896 ait
947 1865 1029 1897 ille:
1049 1877 1064 1895 ι
1082 1866 1172 1898 Solas
1197 1867 1335 1908 quidem
1356 1867 1571 1900 ecclesiarum
1598 1877 1678 1909 opes
1705 1870 1747 1901 ab

94 1915 253 1955 improbis
275 1915 482 1946 exactoribus
504 1918 642 1953 ereptas,
661 1922 747 1954 aegre
768 1922 845 1945 sane
870 1922 905 1945 se
927 1914 1044 1945 tulisse
1063 1926 1070 1945 :
1087 1925 1102 1943 ι
1118 1918 1150 1946 at
1182 1916 1422 1955 permissurum
1448 1908 1659 1953 minime,mut
1677 1927 1747 1951 suae

90 1965 159 2004 jura
189 1964 347 1996 Ecclesia;
369 1963 583 1994 violarentur.
609 1963 703 2000 Quod
726 1963 855 2000 accidit,
884 1962 935 1993 his
970 1962 1079 1995 verbis
1107 1968 1240 1995 narrat:
1263 1976 1277 1993 α
1294 1964 1416 1996 Cittaba
1453 1965 1668 2006 (inquiens),
1697 1973 1747 1999 est

93 2013 223 2051 quidam
243 2011 305 2043 Icci
323 2010 494 2048 terminus,
512 2014 653 2041 anostro
667 2010 946 2050 archiepiscopum
960 2011 1117 2043 diversus.
1133 2024 1147 2041 »
1164 2013 1226 2052 (lta
1245 2012 1371 2045 scilicet
1390 2013 1425 2045 in
1441 2014 1552 2045 Latina
1579 2015 1744 2055 interpre-

94 2062 229 2098 latione;
264 2061 323 2092 sed
357 2060 466 2091 Graece
480 2081 488 2094 ,
517 2065 550 2099 τῇ
566 2063 629 2091 καθ’
640 2063 721 2099 ἡμῶν
735 2064 885 2099 ἀρχιεπισκ

968 2065 1154 2101 διαφέρουσα,
1187 2061 1230 2093 ad
1261 2067 1408 2093 nostrum
1434 2064 1746 2104 archiepiscopatum

92 2110 281 2150 pertinens).
301 2120 316 2137 α
333 2109 369 2139 1η
388 2115 456 2148 quo
476 2107 572 2148 (loco)
594 2116 668 2139 cum
690 2108 863 2139 monachus
879 2109 1037 2148 templum
1061 2114 1093 2141 et
1113 2111 1291 2142 sacrarium
1317 2116 1528 2150 construeret,
1546 2113 1670 2144 anobis
1687 2115 1747 2146 im—

90 2159 216 2199 peditus
234 2164 296 2191 est.
323 2164 357 2191 '0
373 2164 403 2191 δὲ
419 2164 626 2200 σταυροπήγιον
645 2164 848 2201 πατριαρχικὺν
869 2164 881 2191 λ

952 2173 972 2196 ν,
995 2158 1054 2199 qui
1086 2159 1308 2199 patriarchico
1339 2161 1418 2201 jure
1460 2169 1586 2192 cruccm
1619 2162 1655 2193 in
1686 2162 1743 2194 illo

92 2208 234 2249 a/ﬁgens,
260 2207 345 2238 dixit
361 2217 395 2239 se
421 2207 464 2239 ita
488 2217 570 2247 opus
598 2208 781 2240 inchoasse.
803 2208 859 2239 llic
876 2213 982 2239 autem
1000 2216 1017 2238 a
1040 2207 1134 2239 nobis
1156 2208 1375 2240 nihilominus
1404 2211 1745 2243 excommunicationis

92 2256 226 2286 vinculis
243 2259 297 2287 est
316 2255 477 2296 alligatus.
499 2257 653 2293 Quasnam
670 2258 757 2288 enim
773 2258 858 2288 inter
877 2257 1032 2296 Bulgaros
1057 2256 1263 2296 participatio
1294 2261 1326 2289 et
1350 2259 1542 2290 communio
1567 2260 1746 2292 cum-Con-

91 2305 383 2345 stantinopolitano
417 2306 616 2344 patriarcha,
646 2311 882 2337 Κωνσταντινουπι

953 2320 965 2342 ς
997 2310 1159 2347 πατριάρχῃ
1185 2310 1256 2346 μήτι
1279 2312 1449 2348 χειροτονίας
1481 2313 1526 2340 ἐπ’
1552 2315 1623 2351 αὐτῇ
1648 2316 1744 2345 δίκαια

91 2352 187 2386 ἔχοντι,
206 2353 337 2390 λαχούσῃ
359 2354 406 2381 τὸν
430 2354 649 2389 ἁρχιεπισχοπον
666 2355 866 2389 αὑτοκὲῳαλον,
904 2356 966 2390 μήτ’
994 2355 1058 2381 ἄλλο
1086 2363 1114 2381 τι
1143 2355 1333 2392 διαδεξαμένη)
1353 2356 1428 2384 κατὰ
1446 2357 1551 2394 ταύτης
1571 2360 1742 2396 προνόμιονε

90 2397 141 2435 qui
155 2398 286 2429 nullum
293 2398 351 2438 jus
370 2397 583 2429 ordinationis
604 2400 638 2430 in
654 2409 688 2429 ea
702 2400 804 2434 habet,
822 2401 872 2429 sui
885 2401 973 2440 juris
989 2399 1231 2440 archiepiscopo
1243 2401 1402 2441 subjecta,-
1418 2407 1448 2432 et
1457 2401 1581 2434 nullam
1594 2407 1698 2445 super
1707 2415 1744 2437 ea

90 2449 318 2479 auctoritatem
332 2447 427 2478 aliam
445 2457 661 2489 quamcunque
679 2451 870 2490 acceperit.»
1220 2471 1223 2477 ς

130 2495 324 2535 Notumjus
338 2495 435 2532 illud,
451 2499 689 2537 stauropegium
704 2500 840 2535 dictum,
858 2507 923 2537 quo
944 2496 1132 2535 patriarchas
1145 2496 1306 2536 Orientis,
1325 2500 1561 2541 unusquisque
1578 2501 1666 2535 intra
1688 2505 1742 2536 sui

92 2543 450 2593 patriarchatusﬁnes,
475 2547 595 2583 pra-via
619 2556 682 2576 sum
705 2548 809 2577 crucis
834 2546 1003 2586 deﬁxione.
1034 2546 1190 2577 ecclesias
1217 2548 1398 2587 praisertim
1428 2551 1637 2589 monasticas,
1668 2562 1744 2593 quas

91 2591 361 2642 exstruebantur,
382 2600 443 2642 suo
461 2593 611 2632 regimini
634 2595 826 2634 subjiciunt,
855 2596 1011 2626 ordinarii
1039 2595 1184 2634 episcopi
1207 2599 1364 2632 potestate
1388 2601 1512 2630 semota
1531 2609 1538 2629 :
1556 2608 1664 2640 quove
1680 2591 1744 2642 By-

92 2641 210 2691 taniini
227 2640 372 2691 aliorum
388 2641 483 2691 etiam
505 2642 754 2680 patriarcharum
771 2643 854 2675 infra
872 2645 1027 2675 dimceses
1050 2643 1096 2674 uti
1115 2643 1290 2675 audebant.
1307 2646 1404 2677 Suam
1421 2649 1545 2679 tutatur
1565 2640 1743 2691 Theophy-

91 2688 191 2720 lactus
206 2688 483 2728 autocephaliam,
498 2690 572 2730 jure
593 2692 680 2722 omni
698 2694 897 2733 staurepegii
917 2692 1088 2732 Byzantini
1101 2693 1249 2724 excluso.

125 2737 177 2768 26.
199 2737 362 2776 Epistolas
376 2746 509 2768 sensum
524 2734 731 2780 mentemque
757 2742 989 2781 Theophylacti
1016 2741 1151 2772 minime
1167 2746 1338 2774 assecutus
1364 2747 1414 2775 est
1434 2745 1578 2778 Joannes
1590 2747 1740 2780 Morinus

90 2786 133 2817 De
146 2786 256 2836 sueris
276 2785 552 2836 ordinationibus,
571 2793 657 2827 parte
673 2799 707 2826 ιι,
726 2790 811 2820 inter
828 2792 1068 2827 adnotationes,
1087 2799 1179 2822 num.
1198 2791 1267 2829 1&7,
1291 2792 1323 2823 in
1343 2794 1405 2824 ﬁne
1420 2803 1428 2826 :
1442 2805 1457 2823 α
1476 2795 1741 2836 Theophylactus

89 2836 120 2866 in
136 2834 453 2883 epistolarquadam,
469 2835 639 2877 inquiens,
664 2838 771 2875 refert,
798 2843 970 2879 quemdam
996 2840 1191 2872 monachum
1211 2840 1246 2872 in
1262 2841 1396 2874 dtmcesi
1412 2852 1472 2875 sua
1488 2834 1673 2883 ecclesiam,
1697 2856 1734 2879 se

88 2882 204 2933 inscio,
224 2882 452 2933 aediﬁcandam
474 2886 745 2925 suscepisse;st
770 2888 846 2926 quia
874 2889 934 2919 hoc
957 2894 1067 2920 contra
1084 2897 1227 2922 canones
1241 2890 1487 2932 aggrederetur,
1514 2893 1737 2933 prohibuisse.

87 2930 189 2966 donec
201 2932 456 2972 stauropegium
473 2932 716 2973 patriarchicurn
731 2936 921 2975 accepisset.
940 2950 953 2965 »
968 2939 1034 2968 imo
1052 2942 1162 2970 contra
1178 2930 1391 2979 patriarchale
1407 2930 1740 2982 Constantinopolita-

107 3178 123 3202 τί
135 3199 150 3200 η
271 3172 373 3202 iis;
390 3163 413 3202 -1
