  <div class='ocr_page' id='page_1' title='image "/cluster/home/n/w/nwhite01/storage/ocr_20150623/123/uva.x004884189/055.png"; bbox 0 0 4006 6484; ppageno 0'>
   <div class='ocr_carea' id='block_1_1' title="bbox 505 387 3774 472">
    <p class='ocr_par' dir='ltr' id='par_1_1' title="bbox 505 387 3774 472">
     <span class='ocr_line' id='line_1_1' title="bbox 505 387 3774 472; baseline -0.006 0"><span class='ocrx_word' id='word_1_1' title='bbox 505 408 576 472; x_wconf 65' lang='grc'><strong>17</strong></span> <span class='ocrx_word' id='word_1_2' title='bbox 1319 402 1524 464; x_wconf 78' lang='lat' dir='ltr'>BERN</span> <span class='ocrx_word' id='word_1_3' title='bbox 1583 401 1849 462; x_wconf 66' lang='lat' dir='ltr'>MAR”!</span> <span class='ocrx_word' id='word_1_4' title='bbox 1890 401 1987 463; x_wconf 82' lang='lat' dir='ltr'>DE</span> <span class='ocrx_word' id='word_1_5' title='bbox 2023 401 2308 462; x_wconf 77' lang='lat' dir='ltr'>PUBEIS</span> <span class='ocrx_word' id='word_1_6' title='bbox 2348 398 2852 461; x_wconf 77' lang='lat' dir='ltr'>DISSEHTATIO</span> <span class='ocrx_word' id='word_1_7' title='bbox 3700 387 3774 453; x_wconf 78' lang='grc'>28</span> 
     </span>
    </p>
   </div>
   <div class='ocr_carea' id='block_1_2' title="bbox 582 503 3776 600">
    <p class='ocr_par' dir='ltr' id='par_1_2' title="bbox 582 503 3776 600">
     <span class='ocr_line' id='line_1_2' title="bbox 582 503 3776 600; baseline -0.007 -15"><span class='ocrx_word' id='word_1_8' title='bbox 582 523 682 586; x_wconf 73' lang='lat'>20.</span> <span class='ocrx_word' id='word_1_9' title='bbox 722 521 1102 586; x_wconf 71' lang='lat' dir='ltr'>Litterarum</span> <span class='ocrx_word' id='word_1_10' title='bbox 1139 518 1501 600; x_wconf 65' lang='lat' dir='ltr'>praestantia</span> <span class='ocrx_word' id='word_1_11' title='bbox 1531 519 1797 581; x_wconf 81' lang='lat' dir='ltr'>ﬂorebat</span> <span class='ocrx_word' id='word_1_12' title='bbox 1833 539 1848 578; x_wconf 90' lang='lat'><strong>:</strong></span> <span class='ocrx_word' id='word_1_13' title='bbox 1880 519 2143 597; x_wconf 87' lang='lat' dir='ltr'>egitque</span> <span class='ocrx_word' id='word_1_14' title='bbox 2174 517 2500 578; x_wconf 77' lang='lat' dir='ltr'>rhetorem</span> <span class='ocrx_word' id='word_1_15' title='bbox 2537 523 2686 576; x_wconf 88' lang='lat' dir='ltr'>ante</span> <span class='ocrx_word' id='word_1_16' title='bbox 2741 514 3069 590; x_wconf 90' lang='lat' dir='ltr'>indeptam</span> <span class='ocrx_word' id='word_1_17' title='bbox 3113 509 3520 589; x_wconf 83' lang='lat' dir='ltr'>dignitatem.</span> <span class='ocrx_word' id='word_1_18' title='bbox 3565 503 3776 568; x_wconf 88' lang='lat' dir='ltr'>Sacris</span> 
     </span>
    </p>
   </div>
   <div class='ocr_carea' id='block_1_3' title="bbox 506 601 3782 696">
    <p class='ocr_par' dir='ltr' id='par_1_3' title="bbox 506 601 3782 696">
     <span class='ocr_line' id='line_1_3' title="bbox 506 601 3782 696; baseline -0.006 -15"><span class='ocrx_word' id='word_1_19' title='bbox 506 618 723 694; x_wconf 76' lang='lat' dir='ltr'>ipsum</span> <span class='ocrx_word' id='word_1_20' title='bbox 756 617 820 680; x_wconf 92' lang='lat' dir='ltr'>in</span> <span class='ocrx_word' id='word_1_21' title='bbox 855 616 1225 696; x_wconf 85' lang='lat' dir='ltr'>disciplinis</span> <span class='ocrx_word' id='word_1_22' title='bbox 1259 615 1612 693; x_wconf 88' lang='lat' dir='ltr'>plurimum</span> <span class='ocrx_word' id='word_1_23' title='bbox 1655 613 1968 686; x_wconf 89' lang='lat' dir='ltr'>valuisse,</span> <span class='ocrx_word' id='word_1_24' title='bbox 2009 613 2173 675; x_wconf 87' lang='lat' dir='ltr'>bene</span> <span class='ocrx_word' id='word_1_25' title='bbox 2228 613 2453 686; x_wconf 87' lang='lat' dir='ltr'>multa,</span> <span class='ocrx_word' id='word_1_26' title='bbox 2513 628 2661 690; x_wconf 70' lang='lat' dir='ltr'>quae</span> <span class='ocrx_word' id='word_1_27' title='bbox 2705 608 2868 672; x_wconf 82' lang='lat' dir='ltr'>infra</span> <span class='ocrx_word' id='word_1_28' title='bbox 2919 607 3318 670; x_wconf 85' lang='lat' dir='ltr'>recensenda</span> <span class='ocrx_word' id='word_1_29' title='bbox 3363 611 3543 674; x_wconf 88' lang='lat' dir='ltr'>sunt.</span> <span class='ocrx_word' id='word_1_30' title='bbox 3604 601 3782 664; x_wconf 85' lang='lat' dir='ltr'>evin-</span> 
     </span>
    </p>
   </div>
   <div class='ocr_carea' id='block_1_4' title="bbox 507 695 3776 795">
    <p class='ocr_par' dir='ltr' id='par_1_4' title="bbox 507 695 3776 795">
     <span class='ocr_line' id='line_1_4' title="bbox 507 695 3776 795; baseline -0.006 -19"><span class='ocrx_word' id='word_1_31' title='bbox 507 722 662 776; x_wconf 91' lang='lat' dir='ltr'>cunt</span> <span class='ocrx_word' id='word_1_32' title='bbox 699 715 996 792; x_wconf 58' lang='lat' dir='ltr'>praeclara</span> <span class='ocrx_word' id='word_1_33' title='bbox 1050 713 1192 795; x_wconf 84' lang='lat' dir='ltr'>ejus</span> <span class='ocrx_word' id='word_1_34' title='bbox 1249 730 1468 792; x_wconf 86' lang='lat' dir='ltr'>opera.</span> <span class='ocrx_word' id='word_1_35' title='bbox 1513 711 1636 774; x_wconf 89' lang='lat' dir='ltr'>Sed</span> <span class='ocrx_word' id='word_1_36' title='bbox 1667 712 1863 773; x_wconf 87' lang='lat' dir='ltr'>etiam</span> <span class='ocrx_word' id='word_1_37' title='bbox 1909 710 2285 773; x_wconf 80' lang='lat' dir='ltr'>liberalibus</span> <span class='ocrx_word' id='word_1_38' title='bbox 2335 709 2624 787; x_wconf 85' lang='lat' dir='ltr'>apprime</span> <span class='ocrx_word' id='word_1_39' title='bbox 2661 709 2990 769; x_wconf 80' lang='lat' dir='ltr'>excultum</span> <span class='ocrx_word' id='word_1_40' title='bbox 3025 704 3262 765; x_wconf 83' lang='lat' dir='ltr'>litteris</span> <span class='ocrx_word' id='word_1_41' title='bbox 3312 702 3598 780; x_wconf 85' lang='lat' dir='ltr'>produnt</span> <span class='ocrx_word' id='word_1_42' title='bbox 3632 695 3776 777; x_wconf 91' lang='lat' dir='ltr'>ejus</span> 
     </span>
    </p>
   </div>
   <div class='ocr_carea' id='block_1_5' title="bbox 513 796 3780 892">
    <p class='ocr_par' dir='ltr' id='par_1_5' title="bbox 513 796 3780 892">
     <span class='ocr_line' id='line_1_5' title="bbox 513 796 3780 892; baseline -0.006 -21"><span class='ocrx_word' id='word_1_43' title='bbox 513 811 841 888; x_wconf 75' lang='lat' dir='ltr'>Epistolm,</span> <span class='ocrx_word' id='word_1_44' title='bbox 875 828 946 874; x_wconf 85' lang='lat' dir='ltr'>ac</span> <span class='ocrx_word' id='word_1_45' title='bbox 987 811 1158 872; x_wconf 84' lang='lat' dir='ltr'>varia</span> <span class='ocrx_word' id='word_1_46' title='bbox 1203 826 1329 890; x_wconf 87' lang='lat' dir='ltr'>qua</span> <span class='ocrx_word' id='word_1_47' title='bbox 1375 808 1625 871; x_wconf 77' lang='lat' dir='ltr'>refertae</span> <span class='ocrx_word' id='word_1_48' title='bbox 1671 815 1845 878; x_wconf 89' lang='lat' dir='ltr'>sunt,</span> <span class='ocrx_word' id='word_1_49' title='bbox 1879 807 2187 869; x_wconf 86' lang='lat' dir='ltr'>eruditio.</span> <span class='ocrx_word' id='word_1_50' title='bbox 2223 807 2554 868; x_wconf 80' lang='lat' dir='ltr'>Accedunt</span> <span class='ocrx_word' id='word_1_51' title='bbox 2585 804 2922 865; x_wconf 73' lang='lat' dir='ltr'>Institutio</span> <span class='ocrx_word' id='word_1_52' title='bbox 2949 803 3144 880; x_wconf 85' lang='lat' dir='ltr'>Regia</span> <span class='ocrx_word' id='word_1_53' title='bbox 3168 799 3250 860; x_wconf 85' lang='lat' dir='ltr'>ad</span> <span class='ocrx_word' id='word_1_54' title='bbox 3273 796 3780 892; x_wconf 59' lang='lat' dir='ltr'>Constantinum</span> 
     </span>
    </p>
   </div>
   <div class='ocr_carea' id='block_1_6' title="bbox 509 891 3783 987">
    <p class='ocr_par' dir='ltr' id='par_1_6' title="bbox 509 891 3783 987">
     <span class='ocr_line' id='line_1_6' title="bbox 509 891 3783 987; baseline -0.006 -18"><span class='ocrx_word' id='word_1_55' title='bbox 509 907 1148 987; x_wconf 77' lang='lat' dir='ltr'>Porphyrogenitum,</span> <span class='ocrx_word' id='word_1_56' title='bbox 1196 916 1259 970; x_wconf 88' lang='lat' dir='ltr'>et</span> <span class='ocrx_word' id='word_1_57' title='bbox 1297 907 1519 970; x_wconf 77' lang='lat' dir='ltr'>Oratio</span> <span class='ocrx_word' id='word_1_58' title='bbox 1567 905 1650 966; x_wconf 84' lang='lat' dir='ltr'>ad</span> <span class='ocrx_word' id='word_1_59' title='bbox 1683 902 1978 966; x_wconf 77' lang='lat' dir='ltr'>Alexium</span> <span class='ocrx_word' id='word_1_60' title='bbox 2009 903 2390 964; x_wconf 83' lang='lat' dir='ltr'>Comnenum</span> <span class='ocrx_word' id='word_1_61' title='bbox 2415 902 2791 979; x_wconf 78' lang='lat' dir='ltr'>Augustum,</span> <span class='ocrx_word' id='word_1_62' title='bbox 2826 917 2898 961; x_wconf 90' lang='lat' dir='ltr'>ac</span> <span class='ocrx_word' id='word_1_63' title='bbox 2933 898 3224 976; x_wconf 88' lang='lat' dir='ltr'>denique</span> <span class='ocrx_word' id='word_1_64' title='bbox 3261 891 3324 956; x_wconf 89' lang='lat' dir='ltr'>in</span> <span class='ocrx_word' id='word_1_65' title='bbox 3364 891 3783 956; x_wconf 74' lang='lat' dir='ltr'>Carminibus</span> 
     </span>
    </p>
   </div>
   <div class='ocr_carea' id='block_1_7' title="bbox 514 987 3781 1084">
    <p class='ocr_par' dir='ltr' id='par_1_7' title="bbox 514 987 3781 1084">
     <span class='ocr_line' id='line_1_7' title="bbox 514 987 3781 1084; baseline -0.006 -20"><span class='ocrx_word' id='word_1_66' title='bbox 514 1002 868 1082; x_wconf 90' lang='lat' dir='ltr'>pangendis</span> <span class='ocrx_word' id='word_1_67' title='bbox 908 1003 1162 1082; x_wconf 87' lang='lat' dir='ltr'>peritia,</span> <span class='ocrx_word' id='word_1_68' title='bbox 1195 1019 1475 1084; x_wconf 90' lang='lat' dir='ltr'>quorum</span> <span class='ocrx_word' id='word_1_69' title='bbox 1510 1003 1655 1082; x_wconf 81' lang='lat' dir='ltr'>ipse</span> <span class='ocrx_word' id='word_1_70' title='bbox 1691 997 1984 1062; x_wconf 88' lang='lat' dir='ltr'>meminit</span> <span class='ocrx_word' id='word_1_71' title='bbox 2019 997 2086 1060; x_wconf 93' lang='lat' dir='ltr'>in</span> <span class='ocrx_word' id='word_1_72' title='bbox 2140 997 2414 1077; x_wconf 91' lang='lat' dir='ltr'>epistola</span> <span class='ocrx_word' id='word_1_73' title='bbox 2443 998 2524 1058; x_wconf 75' lang='lat'><strong>20</strong></span> <span class='ocrx_word' id='word_1_74' title='bbox 2567 994 2651 1057; x_wconf 84' lang='lat' dir='ltr'>ad</span> <span class='ocrx_word' id='word_1_75' title='bbox 2693 995 3210 1059; x_wconf 76' lang='lat' dir='ltr'>Hermentlorum</span> <span class='ocrx_word' id='word_1_76' title='bbox 3244 993 3639 1072; x_wconf 74' lang='lat' dir='ltr'>episcopum,</span> <span class='ocrx_word' id='word_1_77' title='bbox 3674 987 3781 1047; x_wconf 88' lang='lat' dir='ltr'>in-</span> 
     </span>
    </p>
   </div>
   <div class='ocr_carea' id='block_1_8' title="bbox 511 1085 3782 1181">
    <p class='ocr_par' dir='ltr' id='par_1_8' title="bbox 511 1085 3782 1181">
     <span class='ocr_line' id='line_1_8' title="bbox 511 1085 3782 1181; baseline -0.005 -21"><span class='ocrx_word' id='word_1_78' title='bbox 511 1099 749 1180; x_wconf 87' lang='lat' dir='ltr'>quiens</span> <span class='ocrx_word' id='word_1_79' title='bbox 795 1120 872 1158; x_wconf 70' lang='lat' dir='ltr'>:c</span> <span class='ocrx_word' id='word_1_80' title='bbox 910 1102 1047 1163; x_wconf 83' lang='lat' dir='ltr'>Hoc</span> <span class='ocrx_word' id='word_1_81' title='bbox 1093 1101 1358 1181; x_wconf 88' lang='lat' dir='ltr'>quidem</span> <span class='ocrx_word' id='word_1_82' title='bbox 1421 1101 1592 1180; x_wconf 90' lang='lat' dir='ltr'>quod</span> <span class='ocrx_word' id='word_1_83' title='bbox 1658 1098 1872 1160; x_wconf 92' lang='lat' dir='ltr'>solum</span> <span class='ocrx_word' id='word_1_84' title='bbox 1917 1094 2136 1166; x_wconf 80' lang='lat' dir='ltr'>habui,</span> <span class='ocrx_word' id='word_1_85' title='bbox 2205 1092 2497 1155; x_wconf 91' lang='lat' dir='ltr'>iambicis</span> <span class='ocrx_word' id='word_1_86' title='bbox 2553 1093 2855 1155; x_wconf 83' lang='lat' dir='ltr'>versibus</span> <span class='ocrx_word' id='word_1_87' title='bbox 2914 1090 3168 1169; x_wconf 79' lang='lat' dir='ltr'>expuli,</span> <span class='ocrx_word' id='word_1_88' title='bbox 3227 1088 3464 1151; x_wconf 91' lang='lat' dir='ltr'>multas</span> <span class='ocrx_word' id='word_1_89' title='bbox 3517 1085 3782 1146; x_wconf 88' lang='lat' dir='ltr'>interim</span> 
     </span>
    </p>
   </div>
   <div class='ocr_carea' id='block_1_9' title="bbox 508 1182 3782 1276">
    <p class='ocr_par' dir='ltr' id='par_1_9' title="bbox 508 1182 3782 1276">
     <span class='ocr_line' id='line_1_9' title="bbox 508 1182 3782 1276; baseline -0.009 -6"><span class='ocrx_word' id='word_1_90' title='bbox 508 1194 753 1274; x_wconf 61' lang='lat' dir='ltr'>0198i”</span> <span class='ocrx_word' id='word_1_91' title='bbox 803 1203 1008 1266; x_wconf 80' lang='lat' dir='ltr'>lotum</span> <span class='ocrx_word' id='word_1_92' title='bbox 1047 1215 1163 1276; x_wconf 90' lang='lat' dir='ltr'>per</span> <span class='ocrx_word' id='word_1_93' title='bbox 1211 1214 1452 1260; x_wconf 91' lang='lat' dir='ltr'>annum</span> <span class='ocrx_word' id='word_1_94' title='bbox 1497 1198 1841 1260; x_wconf 85' lang='lat' dir='ltr'>concinere</span> <span class='ocrx_word' id='word_1_95' title='bbox 1893 1202 2175 1258; x_wconf 88' lang='lat' dir='ltr'>coactus.</span> <span class='ocrx_word' id='word_1_96' title='bbox 2221 1214 2250 1245; x_wconf 77' lang='grc' dir='ltr'>ι-</span> <span class='ocrx_word' id='word_1_97' title='bbox 2281 1189 2448 1252; x_wconf 83' lang='lat' dir='ltr'>Hinc</span> <span class='ocrx_word' id='word_1_98' title='bbox 2495 1207 2646 1251; x_wconf 85' lang='lat' dir='ltr'>vero</span> <span class='ocrx_word' id='word_1_99' title='bbox 2679 1189 2765 1252; x_wconf 91' lang='lat' dir='ltr'>ob</span> <span class='ocrx_word' id='word_1_100' title='bbox 2805 1189 3268 1257; x_wconf 89' lang='lat' dir='ltr'>eruditionem,</span> <span class='ocrx_word' id='word_1_101' title='bbox 3322 1201 3449 1264; x_wconf 91' lang='lat' dir='ltr'>qua</span> <span class='ocrx_word' id='word_1_102' title='bbox 3489 1182 3782 1251; x_wconf 80' lang='lat' dir='ltr'>ﬂorebat,</span> 
     </span>
    </p>
   </div>
   <div class='ocr_carea' id='block_1_10' title="bbox 496 1283 3488 1366">
    <p class='ocr_par' dir='ltr' id='par_1_10' title="bbox 496 1283 3488 1366">
     <span class='ocr_line' id='line_1_10' title="bbox 496 1283 3488 1366; baseline -0.003 -17"><span class='ocrx_word' id='word_1_103' title='bbox 496 1301 664 1353; x_wconf 13' lang='lat' dir='ltr'>enato</span> <span class='ocrx_word' id='word_1_104' title='bbox 693 1292 1138 1366; x_wconf 87' lang='lat' dir='ltr'>Constantino,</span> <span class='ocrx_word' id='word_1_105' title='bbox 1179 1293 1516 1355; x_wconf 77' lang='lat' dir='ltr'>Michaelis</span> <span class='ocrx_word' id='word_1_106' title='bbox 1556 1294 1752 1354; x_wconf 63' lang='lat' dir='ltr'>Ducas</span> <span class='ocrx_word' id='word_1_107' title='bbox 1779 1298 1841 1354; x_wconf 91' lang='lat' dir='ltr'>et</span> <span class='ocrx_word' id='word_1_108' title='bbox 1875 1289 2093 1353; x_wconf 70' lang='lat' dir='ltr'>Maria)</span> <span class='ocrx_word' id='word_1_109' title='bbox 2123 1287 2282 1359; x_wconf 79' lang='lat' dir='ltr'>ﬁlio,</span> <span class='ocrx_word' id='word_1_110' title='bbox 2320 1294 2676 1365; x_wconf 71' lang='lat' dir='ltr'>prmceptnr</span> <span class='ocrx_word' id='word_1_111' title='bbox 2714 1286 3100 1365; x_wconf 89' lang='lat' dir='ltr'>designatus</span> <span class='ocrx_word' id='word_1_112' title='bbox 3132 1283 3488 1361; x_wconf 90' lang='lat' dir='ltr'>datusque.</span> 
     </span>
    </p>
   </div>
   <div class='ocr_carea' id='block_1_11' title="bbox 595 1372 3796 1468">
    <p class='ocr_par' dir='ltr' id='par_1_11' title="bbox 595 1372 3796 1468">
     <span class='ocr_line' id='line_1_11' title="bbox 595 1372 3796 1468; baseline -0.004 -20"><span class='ocrx_word' id='word_1_113' title='bbox 595 1388 697 1450; x_wconf 76' lang='lat'>21.</span> <span class='ocrx_word' id='word_1_114' title='bbox 746 1389 922 1465; x_wconf 60' lang='lat' dir='ltr'><strong>Saepe</strong></span> <span class='ocrx_word' id='word_1_115' title='bbox 956 1389 1327 1451; x_wconf 89' lang='lat' dir='ltr'>memoratis</span> <span class='ocrx_word' id='word_1_116' title='bbox 1361 1407 1441 1450; x_wconf 79' lang='lat' dir='ltr'>ex</span> <span class='ocrx_word' id='word_1_117' title='bbox 1485 1387 1793 1468; x_wconf 84' lang='lat' dir='ltr'>Epistolis</span> <span class='ocrx_word' id='word_1_118' title='bbox 1824 1386 2247 1456; x_wconf 86' lang='lat' dir='ltr'>addiscimus,</span> <span class='ocrx_word' id='word_1_119' title='bbox 2280 1384 2366 1446; x_wconf 92' lang='lat' dir='ltr'>ita</span> <span class='ocrx_word' id='word_1_120' title='bbox 2399 1382 2671 1445; x_wconf 79' lang='lat' dir='ltr'>Achride</span> <span class='ocrx_word' id='word_1_121' title='bbox 2705 1383 2771 1444; x_wconf 92' lang='lat' dir='ltr'>in</span> <span class='ocrx_word' id='word_1_122' title='bbox 2832 1382 3134 1462; x_wconf 88' lang='lat' dir='ltr'>Bulgaria</span> <span class='ocrx_word' id='word_1_123' title='bbox 3181 1379 3397 1460; x_wconf 89' lang='lat' dir='ltr'>egisse</span> <span class='ocrx_word' id='word_1_124' title='bbox 3441 1372 3796 1453; x_wconf 81' lang='lat' dir='ltr'>&#39;l‘heophy-</span> 
     </span>
    </p>
   </div>
   <div class='ocr_carea' id='block_1_12' title="bbox 521 1470 3795 1564">
    <p class='ocr_par' dir='ltr' id='par_1_12' title="bbox 521 1470 3795 1564">
     <span class='ocr_line' id='line_1_12' title="bbox 521 1470 3795 1564; baseline -0.004 -21"><span class='ocrx_word' id='word_1_125' title='bbox 521 1482 786 1558; x_wconf 77' lang='lat' dir='ltr'>lectum,</span> <span class='ocrx_word' id='word_1_126' title='bbox 828 1490 897 1546; x_wconf 94' lang='lat' dir='ltr'>ut</span> <span class='ocrx_word' id='word_1_127' title='bbox 937 1485 1176 1564; x_wconf 88' lang='lat' dir='ltr'>regiam</span> <span class='ocrx_word' id='word_1_128' title='bbox 1210 1487 1276 1546; x_wconf 92' lang='lat' dir='ltr'>in</span> <span class='ocrx_word' id='word_1_129' title='bbox 1313 1485 1536 1547; x_wconf 91' lang='lat' dir='ltr'>urbem</span> <span class='ocrx_word' id='word_1_130' title='bbox 1573 1483 1930 1547; x_wconf 92' lang='lat' dir='ltr'>identidem</span> <span class='ocrx_word' id='word_1_131' title='bbox 1969 1483 2335 1556; x_wconf 83' lang='lat' dir='ltr'>ventitaret,</span> <span class='ocrx_word' id='word_1_132' title='bbox 2371 1481 2511 1542; x_wconf 88' lang='lat' dir='ltr'>sive</span> <span class='ocrx_word' id='word_1_133' title='bbox 2564 1480 2822 1559; x_wconf 85' lang='lat' dir='ltr'>negotia</span> <span class='ocrx_word' id='word_1_134' title='bbox 2897 1495 3017 1540; x_wconf 90' lang='lat' dir='ltr'>sua</span> <span class='ocrx_word' id='word_1_135' title='bbox 3069 1482 3601 1557; x_wconf 89' lang='lat' dir='ltr'>pertractaturus,</span> <span class='ocrx_word' id='word_1_136' title='bbox 3653 1470 3795 1530; x_wconf 87' lang='lat' dir='ltr'>sive</span> 
     </span>
    </p>
   </div>
   <div class='ocr_carea' id='block_1_13' title="bbox 523 1575 3794 1663">
    <p class='ocr_par' dir='ltr' id='par_1_13' title="bbox 523 1575 3794 1663">
     <span class='ocr_line' id='line_1_13' title="bbox 523 1575 3794 1663; baseline -0.005 -21"><span class='ocrx_word' id='word_1_137' title='bbox 523 1581 856 1644; x_wconf 86' lang='lat' dir='ltr'>invisurus</span> <span class='ocrx_word' id='word_1_138' title='bbox 909 1582 1098 1644; x_wconf 90' lang='lat' dir='ltr'>etiam</span> <span class='ocrx_word' id='word_1_139' title='bbox 1167 1583 1562 1661; x_wconf 91' lang='lat' dir='ltr'>discipulum</span> <span class='ocrx_word' id='word_1_140' title='bbox 1654 1582 2008 1663; x_wconf 87' lang='lat' dir='ltr'>principem</span> <span class='ocrx_word' id='word_1_141' title='bbox 2041 1624 2058 1652; x_wconf 91' lang='lat'>,</span> <span class='ocrx_word' id='word_1_142' title='bbox 2102 1579 2377 1660; x_wconf 88' lang='lat' dir='ltr'>ejusque</span> <span class='ocrx_word' id='word_1_143' title='bbox 2435 1585 2697 1638; x_wconf 89' lang='lat' dir='ltr'>matrem</span> <span class='ocrx_word' id='word_1_144' title='bbox 2747 1575 3036 1646; x_wconf 80' lang='lat' dir='ltr'>Mariam,</span> <span class='ocrx_word' id='word_1_145' title='bbox 3076 1582 3184 1636; x_wconf 88' lang='lat' dir='ltr'>aut</span> <span class='ocrx_word' id='word_1_146' title='bbox 3227 1579 3603 1649; x_wconf 85' lang='lat' dir='ltr'>regnantem</span> <span class='ocrx_word' id='word_1_147' title='bbox 3647 1581 3794 1627; x_wconf 89' lang='lat' dir='ltr'>cum</span> 
     </span>
    </p>
   </div>
   <div class='ocr_carea' id='block_1_14' title="bbox 518 1669 3793 1756">
    <p class='ocr_par' dir='ltr' id='par_1_14' title="bbox 518 1669 3793 1756">
     <span class='ocr_line' id='line_1_14' title="bbox 518 1669 3793 1756; baseline -0.006 -17"><span class='ocrx_word' id='word_1_148' title='bbox 518 1678 1024 1756; x_wconf 87' lang='lat' dir='ltr'>imperatoribus</span> <span class='ocrx_word' id='word_1_149' title='bbox 1069 1680 1384 1742; x_wconf 84' lang='lat' dir='ltr'>Michaele</span> <span class='ocrx_word' id='word_1_150' title='bbox 1425 1688 1486 1741; x_wconf 92' lang='lat' dir='ltr'>et</span> <span class='ocrx_word' id='word_1_151' title='bbox 1519 1679 2042 1748; x_wconf 64' lang='lat' dir='ltr'>Botoniata,°&#39;aut</span> <span class='ocrx_word' id='word_1_152' title='bbox 2083 1675 2152 1736; x_wconf 93' lang='lat' dir='ltr'>in</span> <span class='ocrx_word' id='word_1_153' title='bbox 2194 1673 2586 1736; x_wconf 90' lang='lat' dir='ltr'>monasterio</span> <span class='ocrx_word' id='word_1_154' title='bbox 2632 1673 2976 1754; x_wconf 86' lang='lat' dir='ltr'>degentem</span> <span class='ocrx_word' id='word_1_155' title='bbox 3009 1672 3133 1733; x_wconf 87' lang='lat' dir='ltr'>sub</span> <span class='ocrx_word' id='word_1_156' title='bbox 3161 1670 3394 1733; x_wconf 79' lang='lat' dir='ltr'>Alexio</span> <span class='ocrx_word' id='word_1_157' title='bbox 3428 1669 3793 1730; x_wconf 85' lang='lat' dir='ltr'>Comneno.</span> 
     </span>
    </p>
   </div>
   <div class='ocr_carea' id='block_1_15' title="bbox 519 1757 3800 1854">
    <p class='ocr_par' dir='ltr' id='par_1_15' title="bbox 519 1757 3800 1854">
     <span class='ocr_line' id='line_1_15' title="bbox 519 1757 3800 1854; baseline -0.005 -20"><span class='ocrx_word' id='word_1_158' title='bbox 519 1774 836 1850; x_wconf 89' lang='lat' dir='ltr'>Tempore</span> <span class='ocrx_word' id='word_1_159' title='bbox 873 1776 1281 1852; x_wconf 84' lang='lat' dir='ltr'>procedente,</span> <span class='ocrx_word' id='word_1_160' title='bbox 1324 1777 1732 1854; x_wconf 87' lang='lat' dir='ltr'>Bulgaricum</span> <span class='ocrx_word' id='word_1_161' title='bbox 1770 1776 1985 1836; x_wconf 85' lang='lat' dir='ltr'>minus</span> <span class='ocrx_word' id='word_1_162' title='bbox 2022 1771 2147 1852; x_wconf 88' lang='lat' dir='ltr'>ipsi</span> <span class='ocrx_word' id='word_1_163' title='bbox 2183 1771 2504 1846; x_wconf 89' lang='lat' dir='ltr'>placuisse</span> <span class='ocrx_word' id='word_1_164' title='bbox 2547 1770 2927 1841; x_wconf 90' lang='lat' dir='ltr'>incolatum,</span> <span class='ocrx_word' id='word_1_165' title='bbox 2975 1768 3183 1848; x_wconf 87' lang='lat' dir='ltr'>prodit</span> <span class='ocrx_word' id='word_1_166' title='bbox 3235 1767 3374 1845; x_wconf 89' lang='lat' dir='ltr'>ejus</span> <span class='ocrx_word' id='word_1_167' title='bbox 3403 1761 3682 1843; x_wconf 91' lang='lat' dir='ltr'>epistola</span> <span class='ocrx_word' id='word_1_168' title='bbox 3717 1757 3800 1819; x_wconf 85' lang='lat' dir='ltr'>ad</span> 
     </span>
    </p>
   </div>
   <div class='ocr_carea' id='block_1_16' title="bbox 516 1857 3801 1950">
    <p class='ocr_par' dir='ltr' id='par_1_16' title="bbox 516 1857 3801 1950">
     <span class='ocr_line' id='line_1_16' title="bbox 516 1857 3801 1950; baseline -0.004 -19"><span class='ocrx_word' id='word_1_169' title='bbox 516 1869 826 1931; x_wconf 78' lang='lat' dir='ltr'>Joannem</span> <span class='ocrx_word' id='word_1_170' title='bbox 873 1889 1163 1950; x_wconf 82' lang='lat' dir='ltr'>magnum</span> <span class='ocrx_word' id='word_1_171' title='bbox 1213 1873 1634 1944; x_wconf 79' lang='lat' dir='ltr'>domesticum,</span> <span class='ocrx_word' id='word_1_172' title='bbox 1694 1872 1863 1950; x_wconf 93' lang='lat' dir='ltr'>apud</span> <span class='ocrx_word' id='word_1_173' title='bbox 1919 1870 2262 1931; x_wconf 88' lang='lat' dir='ltr'>Baronium</span> <span class='ocrx_word' id='word_1_174' title='bbox 2319 1868 2399 1930; x_wconf 88' lang='lat' dir='ltr'>ad</span> <span class='ocrx_word' id='word_1_175' title='bbox 2464 1883 2706 1928; x_wconf 89' lang='lat' dir='ltr'>annum</span> <span class='ocrx_word' id='word_1_176' title='bbox 2765 1868 2944 1940; x_wconf 86' lang='grc'>10⁸71,</span> <span class='ocrx_word' id='word_1_177' title='bbox 3013 1881 3192 1926; x_wconf 92' lang='lat' dir='ltr'>num.</span> <span class='ocrx_word' id='word_1_178' title='bbox 3227 1863 3410 1932; x_wconf 79' lang='lat' dir='ltr'>XXI,</span> <span class='ocrx_word' id='word_1_179' title='bbox 3492 1857 3626 1921; x_wconf 68' lang='lat' dir='ltr'>ubi&#39;</span> <span class='ocrx_word' id='word_1_180' title='bbox 3665 1859 3801 1919; x_wconf 70' lang='lat' dir='ltr'>hac</span> 
     </span>
    </p>
   </div>
   <div class='ocr_carea' id='block_1_17' title="bbox 522 1958 3798 2048">
    <p class='ocr_par' dir='ltr' id='par_1_17' title="bbox 522 1958 3798 2048">
     <span class='ocr_line' id='line_1_17' title="bbox 522 1958 3798 2048; baseline -0.005 -21"><span class='ocrx_word' id='word_1_181' title='bbox 522 1964 846 2028; x_wconf 86' lang='lat' dir='ltr'>habentur</span> <span class='ocrx_word' id='word_1_182' title='bbox 881 1989 896 2029; x_wconf 89' lang='lat'><strong>:</strong></span> <span class='ocrx_word' id='word_1_183' title='bbox 938 1990 966 2022; x_wconf 78' lang='grc' dir='ltr'>α</span> <span class='ocrx_word' id='word_1_184' title='bbox 1002 1969 1138 2029; x_wconf 84' lang='lat' dir='ltr'>Non</span> <span class='ocrx_word' id='word_1_185' title='bbox 1176 1969 1391 2031; x_wconf 89' lang='lat' dir='ltr'>servio</span> <span class='ocrx_word' id='word_1_186' title='bbox 1422 1969 1610 2030; x_wconf 88' lang='lat' dir='ltr'>diviti</span> <span class='ocrx_word' id='word_1_187' title='bbox 1649 1969 1910 2048; x_wconf 59' lang='lat' dir='ltr'>reginas,</span> <span class='ocrx_word' id='word_1_188' title='bbox 1950 1969 2340 2044; x_wconf 59' lang='lat' dir='ltr'>mundaque</span> <span class='ocrx_word' id='word_1_189' title='bbox 2373 1972 2434 2026; x_wconf 89' lang='lat' dir='ltr'><strong>et</strong></span> <span class='ocrx_word' id='word_1_190' title='bbox 2467 1963 2772 2042; x_wconf 76' lang='lat' dir='ltr'>pulchrm,</span> <span class='ocrx_word' id='word_1_191' title='bbox 2817 1975 3011 2042; x_wconf 77' lang='lat' dir='ltr'>atque</span> <span class='ocrx_word' id='word_1_192' title='bbox 3051 1963 3215 2024; x_wconf 85' lang='lat' dir='ltr'>adeo</span> <span class='ocrx_word' id='word_1_193' title='bbox 3250 1958 3485 2020; x_wconf 88' lang='lat' dir='ltr'>Veneri</span> <span class='ocrx_word' id='word_1_194' title='bbox 3529 1973 3749 2019; x_wconf 67' lang='lat' dir='ltr'>aureas</span> <span class='ocrx_word' id='word_1_195' title='bbox 3783 1972 3798 2012; x_wconf 91' lang='lat'><strong>:</strong></span> 
     </span>
    </p>
   </div>
   <div class='ocr_carea' id='block_1_18' title="bbox 525 2056 3796 2147">
    <p class='ocr_par' dir='ltr' id='par_1_18' title="bbox 525 2056 3796 2147">
     <span class='ocr_line' id='line_1_18' title="bbox 525 2056 3796 2147; baseline -0.003 -23"><span class='ocrx_word' id='word_1_196' title='bbox 525 2065 639 2125; x_wconf 89' lang='lat' dir='ltr'>sed</span> <span class='ocrx_word' id='word_1_197' title='bbox 669 2064 876 2126; x_wconf 88' lang='lat' dir='ltr'>servis</span> <span class='ocrx_word' id='word_1_198' title='bbox 902 2065 1229 2139; x_wconf 87' lang='lat' dir='ltr'>barbaris,</span> <span class='ocrx_word' id='word_1_199' title='bbox 1255 2065 1944 2147; x_wconf 68' lang='lat' dir='ltr'>iuipuris-foatidasque</span> <span class='ocrx_word' id='word_1_200' title='bbox 1984 2064 2183 2145; x_wconf 88' lang='lat' dir='ltr'>pelles</span> <span class='ocrx_word' id='word_1_201' title='bbox 2205 2059 2616 2124; x_wconf 90' lang='lat' dir='ltr'>olentibus...</span> <span class='ocrx_word' id='word_1_202' title='bbox 2665 2061 2908 2123; x_wconf 83' lang='lat' dir='ltr'>Solvite</span> <span class='ocrx_word' id='word_1_203' title='bbox 2941 2077 3041 2122; x_wconf 92' lang='lat' dir='ltr'>me</span> <span class='ocrx_word' id='word_1_204' title='bbox 3075 2060 3190 2121; x_wconf 85' lang='lat' dir='ltr'>hac</span> <span class='ocrx_word' id='word_1_205' title='bbox 3234 2058 3408 2136; x_wconf 88' lang='lat' dir='ltr'>turpi</span> <span class='ocrx_word' id='word_1_206' title='bbox 3460 2056 3796 2127; x_wconf 84' lang='lat' dir='ltr'>servitute,</span> 
     </span>
    </p>
   </div>
   <div class='ocr_carea' id='block_1_19' title="bbox 527 2161 1035 2240">
    <p class='ocr_par' dir='ltr' id='par_1_19' title="bbox 527 2161 1035 2240">
     <span class='ocr_line' id='line_1_19' title="bbox 527 2161 1035 2240; baseline -0.008 -18"><span class='ocrx_word' id='word_1_207' title='bbox 527 2161 640 2239; x_wconf 92' lang='lat' dir='ltr'>qui</span> <span class='ocrx_word' id='word_1_208' title='bbox 677 2162 971 2240; x_wconf 89' lang='lat' dir='ltr'>potestis.</span> <span class='ocrx_word' id='word_1_209' title='bbox 1006 2187 1035 2218; x_wconf 74' lang='grc' dir='ltr'><strong><em>ι</em></strong></span> 
     </span>
    </p>
   </div>
   <div class='ocr_carea' id='block_1_20' title="bbox 609 2249 3802 2339">
    <p class='ocr_par' dir='ltr' id='par_1_20' title="bbox 609 2249 3802 2339">
     <span class='ocr_line' id='line_1_20' title="bbox 609 2249 3802 2339; baseline -0.002 -21"><span class='ocrx_word' id='word_1_210' title='bbox 609 2258 922 2320; x_wconf 84' lang='lat' dir='ltr'>Eumdem</span> <span class='ocrx_word' id='word_1_211' title='bbox 963 2259 1172 2336; x_wconf 88' lang='lat' dir='ltr'>ipsius</span> <span class='ocrx_word' id='word_1_212' title='bbox 1201 2260 1490 2322; x_wconf 92' lang='lat' dir='ltr'>animum</span> <span class='ocrx_word' id='word_1_213' title='bbox 1525 2261 1767 2322; x_wconf 81' lang='lat' dir='ltr'>iudicat</span> <span class='ocrx_word' id='word_1_214' title='bbox 1799 2263 2073 2339; x_wconf 90' lang='lat' dir='ltr'>epistola</span> <span class='ocrx_word' id='word_1_215' title='bbox 2120 2263 2286 2324; x_wconf 91' lang='lat' dir='ltr'>inter</span> <span class='ocrx_word' id='word_1_216' title='bbox 2319 2260 2722 2322; x_wconf 85' lang='lat' dir='ltr'>Meursianas</span> <span class='ocrx_word' id='word_1_217' title='bbox 2766 2258 2874 2332; x_wconf 76' lang='lat'>21,</span> <span class='ocrx_word' id='word_1_218' title='bbox 2924 2257 3000 2318; x_wconf 92' lang='lat' dir='ltr'>ad</span> <span class='ocrx_word' id='word_1_219' title='bbox 3046 2254 3380 2316; x_wconf 78' lang='lat' dir='ltr'>Anenium.</span> <span class='ocrx_word' id='word_1_220' title='bbox 3428 2252 3536 2313; x_wconf 81' lang='lat' dir='ltr'>Ait</span> <span class='ocrx_word' id='word_1_221' title='bbox 3573 2249 3752 2312; x_wconf 92' lang='lat' dir='ltr'>enim</span> <span class='ocrx_word' id='word_1_222' title='bbox 3785 2270 3802 2310; x_wconf 91' lang='lat'><strong>:</strong></span> 
     </span>
    </p>
   </div>
   <div class='ocr_carea' id='block_1_21' title="bbox 531 2350 3804 2436">
    <p class='ocr_par' dir='ltr' id='par_1_21' title="bbox 531 2350 3804 2436">
     <span class='ocr_line' id='line_1_21' title="bbox 531 2350 3804 2436; baseline 0.002 -32"><span class='ocrx_word' id='word_1_223' title='bbox 531 2371 560 2404; x_wconf 72' lang='grc' dir='ltr'><strong>α</strong></span> <span class='ocrx_word' id='word_1_224' title='bbox 594 2350 809 2411; x_wconf 80' lang='lat' dir='ltr'>Meum</span> <span class='ocrx_word' id='word_1_225' title='bbox 848 2350 1008 2411; x_wconf 84' lang='lat' dir='ltr'>mihi</span> <span class='ocrx_word' id='word_1_226' title='bbox 1051 2352 1374 2412; x_wconf 85' lang='lat' dir='ltr'>somnium</span> <span class='ocrx_word' id='word_1_227' title='bbox 1431 2370 1772 2415; x_wconf 89' lang='lat' dir='ltr'>enarras...</span> <span class='ocrx_word' id='word_1_228' title='bbox 1830 2371 1927 2416; x_wconf 91' lang='lat' dir='ltr'>me</span> <span class='ocrx_word' id='word_1_229' title='bbox 1967 2356 2033 2416; x_wconf 91' lang='lat' dir='ltr'>in</span> <span class='ocrx_word' id='word_1_230' title='bbox 2073 2357 2284 2420; x_wconf 89' lang='lat' dir='ltr'>media</span> <span class='ocrx_word' id='word_1_231' title='bbox 2321 2356 2622 2436; x_wconf 89' lang='lat' dir='ltr'>Bulgaria</span> <span class='ocrx_word' id='word_1_232' title='bbox 2661 2355 2965 2416; x_wconf 89' lang='lat' dir='ltr'>barbaros</span> <span class='ocrx_word' id='word_1_233' title='bbox 3006 2361 3067 2415; x_wconf 89' lang='lat' dir='ltr'>et</span> <span class='ocrx_word' id='word_1_234' title='bbox 3101 2350 3382 2413; x_wconf 91' lang='lat' dir='ltr'>rusticos</span> <span class='ocrx_word' id='word_1_235' title='bbox 3415 2365 3629 2411; x_wconf 90' lang='lat' dir='ltr'>mores</span> <span class='ocrx_word' id='word_1_236' title='bbox 3655 2364 3804 2410; x_wconf 86' lang='lat' dir='ltr'>cre-</span> 
     </span>
    </p>
   </div>
   <div class='ocr_carea' id='block_1_22' title="bbox 530 2443 3808 2530">
    <p class='ocr_par' dir='ltr' id='par_1_22' title="bbox 530 2443 3808 2530">
     <span class='ocr_line' id='line_1_22' title="bbox 530 2443 3808 2530; baseline 0 -25"><span class='ocrx_word' id='word_1_237' title='bbox 530 2445 691 2506; x_wconf 88' lang='lat' dir='ltr'>dens</span> <span class='ocrx_word' id='word_1_238' title='bbox 730 2446 986 2508; x_wconf 89' lang='lat' dir='ltr'>imitari.</span> <span class='ocrx_word' id='word_1_239' title='bbox 1024 2448 1276 2526; x_wconf 85' lang='lat' dir='ltr'>Inspice</span> <span class='ocrx_word' id='word_1_240' title='bbox 1329 2450 1530 2520; x_wconf 87' lang='lat' dir='ltr'>enim,</span> <span class='ocrx_word' id='word_1_241' title='bbox 1567 2460 1880 2529; x_wconf 91' lang='lat' dir='ltr'>quantum</span> <span class='ocrx_word' id='word_1_242' title='bbox 1926 2469 2047 2530; x_wconf 87' lang='lat' dir='ltr'>ego</span> <span class='ocrx_word' id='word_1_243' title='bbox 2105 2455 2488 2517; x_wconf 88' lang='lat' dir='ltr'>rusticitatis</span> <span class='ocrx_word' id='word_1_244' title='bbox 2540 2464 2601 2515; x_wconf 90' lang='lat' dir='ltr'>et</span> <span class='ocrx_word' id='word_1_245' title='bbox 2639 2451 2916 2514; x_wconf 76' lang='lat' dir='ltr'>feritatis</span> <span class='ocrx_word' id='word_1_246' title='bbox 2957 2458 3271 2512; x_wconf 88' lang='lat' dir='ltr'>craterem</span> <span class='ocrx_word' id='word_1_247' title='bbox 3314 2446 3661 2519; x_wconf 88' lang='lat' dir='ltr'>ebiberim,</span> <span class='ocrx_word' id='word_1_248' title='bbox 3688 2443 3808 2524; x_wconf 90' lang='lat' dir='ltr'>qui</span> 
     </span>
    </p>
   </div>
   <div class='ocr_carea' id='block_1_23' title="bbox 529 2541 2111 2631">
    <p class='ocr_par' dir='ltr' id='par_1_23' title="bbox 529 2552 2111 2631">
     <span class='ocr_line' id='line_1_23' title="bbox 529 2552 2111 2631; baseline 0.001 -23"><span class='ocrx_word' id='word_1_249' title='bbox 529 2552 799 2608; x_wconf 80' lang='grc' dir='ltr'>τοσούτων</span> <span class='ocrx_word' id='word_1_250' title='bbox 831 2556 970 2611; x_wconf 68' lang='grc' dir='ltr'>ὶτῶν</span> <span class='ocrx_word' id='word_1_251' title='bbox 991 2556 1100 2610; x_wconf 83' lang='grc' dir='ltr'>τῶν</span> <span class='ocrx_word' id='word_1_252' title='bbox 1125 2556 1224 2628; x_wconf 80' lang='grc' dir='ltr'>τῆς</span> <span class='ocrx_word' id='word_1_253' title='bbox 1244 2558 1436 2627; x_wconf 82' lang='grc' dir='ltr'>σοφίας</span> <span class='ocrx_word' id='word_1_254' title='bbox 1470 2560 1693 2630; x_wconf 79' lang='grc' dir='ltr'>χωρίων</span> <span class='ocrx_word' id='word_1_255' title='bbox 1714 2559 2046 2631; x_wconf 74' lang='grc' dir='ltr'>ἀποδημῶν,</span> <span class='ocrx_word' id='word_1_256' title='bbox 2106 2561 2111 2610; x_wconf 95' lang='grc'><strong>1</strong></span> 
     </span>
    </p>
   </div>
   <div class='ocr_carea' id='block_1_24' title="bbox 2227 2541 3809 2631">
    <p class='ocr_par' dir='ltr' id='par_1_24' title="bbox 2239 2541 3809 2629">
     <span class='ocr_line' id='line_1_24' title="bbox 2239 2541 3809 2629; baseline -0.008 -14"><span class='ocrx_word' id='word_1_257' title='bbox 2239 2552 2428 2615; x_wconf 80' lang='lat' dir='ltr'>an‘nis</span> <span class='ocrx_word' id='word_1_258' title='bbox 2471 2568 2506 2612; x_wconf 93' lang='lat' dir='ltr'>a</span> <span class='ocrx_word' id='word_1_259' title='bbox 2528 2549 2865 2629; x_wconf 66' lang='lat' dir='ltr'>sapientiai</span> <span class='ocrx_word' id='word_1_260' title='bbox 2897 2549 3057 2612; x_wconf 87' lang='lat' dir='ltr'>locis</span> <span class='ocrx_word' id='word_1_261' title='bbox 3123 2545 3378 2608; x_wconf 90' lang='lat' dir='ltr'>absum.</span> <span class='ocrx_word' id='word_1_262' title='bbox 3412 2567 3444 2603; x_wconf 72' lang='grc' dir='ltr'><strong>ι</strong></span> <span class='ocrx_word' id='word_1_263' title='bbox 3478 2544 3634 2605; x_wconf 85' lang='lat' dir='ltr'>Vota</span> <span class='ocrx_word' id='word_1_264' title='bbox 3664 2541 3809 2623; x_wconf 85' lang='lat' dir='ltr'>ejus</span> 
     </span>
    </p>
   </div>
   <div class='ocr_carea' id='block_1_25' title="bbox 531 2641 956 2706">
    <p class='ocr_par' dir='ltr' id='par_1_25' title="bbox 531 2641 956 2706">
     <span class='ocr_line' id='line_1_25' title="bbox 531 2641 956 2706; baseline 0.002 -1"><span class='ocrx_word' id='word_1_265' title='bbox 531 2643 713 2705; x_wconf 88' lang='lat' dir='ltr'>irrita</span> <span class='ocrx_word' id='word_1_266' title='bbox 750 2641 956 2706; x_wconf 76' lang='lat' dir='ltr'>fuere.</span> 
     </span>
    </p>
   </div>
   <div class='ocr_carea' id='block_1_26' title="bbox 2090 2817 2229 2884">
    <p class='ocr_par' dir='ltr' id='par_1_26' title="bbox 2090 2817 2229 2884">
     <span class='ocr_line' id='line_1_26' title="bbox 2090 2817 2229 2884; baseline -0.036 0"><span class='ocrx_word' id='word_1_267' title='bbox 2090 2817 2229 2884; x_wconf 74' lang='lat' dir='ltr'>VII.</span> 
     </span>
    </p>
   </div>
   <div class='ocr_carea' id='block_1_27' title="bbox 534 2967 3803 3066">
    <p class='ocr_par' dir='ltr' id='par_1_27' title="bbox 534 2967 3803 3066">
     <span class='ocr_line' id='line_1_27' title="bbox 534 2967 3803 3066; baseline -0.001 -38"><span class='ocrx_word' id='word_1_268' title='bbox 534 2967 830 3066; x_wconf 51' lang='lat' dir='ltr'>Ecclesiae</span> <span class='ocrx_word' id='word_1_269' title='bbox 849 2969 1200 3065; x_wconf 52' lang='lat' dir='ltr'>Bulgarica</span> <span class='ocrx_word' id='word_1_270' title='bbox 1220 2971 1331 3064; x_wconf 61' lang='lat' dir='ltr'>sub</span> <span class='ocrx_word' id='word_1_271' title='bbox 1356 2971 1608 3066; x_wconf 53' lang='lat' dir='ltr'>regio-ua</span> <span class='ocrx_word' id='word_1_272' title='bbox 1641 2974 1931 3066; x_wconf 77' lang='lat' dir='ltr'>propriis</span> <span class='ocrx_word' id='word_1_273' title='bbox 1967 2973 2247 3066; x_wconf 52' lang='lat' dir='ltr'>initium.</span> <span class='ocrx_word' id='word_1_274' title='bbox 2288 2973 2374 3066; x_wconf 70' lang='grc' dir='ltr'><em>ρε</em></span> <span class='ocrx_word' id='word_1_275' title='bbox 2396 2974 2548 3053; x_wconf 82' lang='lat' dir='ltr'>jure</span> <span class='ocrx_word' id='word_1_276' title='bbox 2575 2972 2639 3064; x_wconf 76' lang='lat' dir='ltr'>in</span> <span class='ocrx_word' id='word_1_277' title='bbox 2670 2972 2872 3066; x_wconf 50' lang='lat' dir='ltr'>ipsa&#39;m</span> <span class='ocrx_word' id='word_1_278' title='bbox 2905 2969 3252 3066; x_wconf 48' lang='lat' dir='ltr'>contentio.</span> <span class='ocrx_word' id='word_1_279' title='bbox 3277 2969 3596 3066; x_wconf 44' lang='lat' dir='ltr'>Romanas</span> <span class='ocrx_word' id='word_1_280' title='bbox 3631 2983 3803 3066; x_wconf 62' lang='lat' dir='ltr'>Pon-</span> 
     </span>
    </p>
   </div>
   <div class='ocr_carea' id='block_1_28' title="bbox 619 3045 3812 3130">
    <p class='ocr_par' dir='ltr' id='par_1_28' title="bbox 619 3045 3812 3130">
     <span class='ocr_line' id='line_1_28' title="bbox 619 3045 3812 3130; baseline -0.001 -23"><span class='ocrx_word' id='word_1_281' title='bbox 619 3047 815 3130; x_wconf 62' lang='lat' dir='ltr'>tiﬁces</span> <span class='ocrx_word' id='word_1_282' title='bbox 850 3045 1020 3111; x_wconf 56' lang='lat' dir='ltr'>inter</span> <span class='ocrx_word' id='word_1_283' title='bbox 1045 3068 1118 3110; x_wconf 89' lang='lat' dir='ltr'>ac</span> <span class='ocrx_word' id='word_1_284' title='bbox 1149 3045 1479 3128; x_wconf 72' lang='lat' dir='ltr'>episcopos</span> <span class='ocrx_word' id='word_1_285' title='bbox 1509 3045 1922 3129; x_wconf 77' lang='lat' dir='ltr'>Byzantinos.</span> <span class='ocrx_word' id='word_1_286' title='bbox 1991 3053 2242 3112; x_wconf 83' lang='lat' dir='ltr'>Throno</span> <span class='ocrx_word' id='word_1_287' title='bbox 2279 3045 3000 3130; x_wconf 63' lang='lat' dir='ltr'>Constantinopolitano</span> <span class='ocrx_word' id='word_1_288' title='bbox 3026 3068 3154 3130; x_wconf 87' lang='lat' dir='ltr'>non</span> <span class='ocrx_word' id='word_1_289' title='bbox 3191 3049 3498 3110; x_wconf 75' lang='lat' dir='ltr'>obnoxia.</span> <span class='ocrx_word' id='word_1_290' title='bbox 3529 3045 3812 3106; x_wconf 81' lang='lat' dir='ltr'>Subacta</span> 
     </span>
    </p>
   </div>
   <div class='ocr_carea' id='block_1_29' title="bbox 613 3127 3815 3209">
    <p class='ocr_par' dir='ltr' id='par_1_29' title="bbox 613 3127 3815 3209">
     <span class='ocr_line' id='line_1_29' title="bbox 613 3127 3815 3209; baseline -0.002 -20"><span class='ocrx_word' id='word_1_291' title='bbox 613 3127 947 3209; x_wconf 41' lang='lat' dir='ltr'>{Graecis</span> <span class='ocrx_word' id='word_1_292' title='bbox 1017 3127 1507 3209; x_wconf 68' lang='lat' dir='ltr'>imperat‘uribus</span> <span class='ocrx_word' id='word_1_293' title='bbox 1561 3127 1919 3209; x_wconf 68' lang='lat' dir='ltr'>provincia,</span> <span class='ocrx_word' id='word_1_294' title='bbox 1979 3131 2485 3209; x_wconf 86' lang='lat' dir='ltr'>autocephaliam</span> <span class='ocrx_word' id='word_1_295' title='bbox 2569 3127 2777 3209; x_wconf 73' lang='lat' dir='ltr'>servat</span> <span class='ocrx_word' id='word_1_296' title='bbox 2847 3129 3170 3200; x_wconf 78' lang='lat' dir='ltr'>Ecclesia,</span> <span class='ocrx_word' id='word_1_297' title='bbox 3254 3144 3503 3209; x_wconf 75' lang='lat' dir='ltr'>eamque</span> <span class='ocrx_word' id='word_1_298' title='bbox 3559 3133 3815 3209; x_wconf 62' lang='lat' dir='ltr'>tutatur</span> 
     </span>
    </p>
   </div>
   <div class='ocr_carea' id='block_1_30' title="bbox 621 3201 3813 3298">
    <p class='ocr_par' dir='ltr' id='par_1_30' title="bbox 621 3201 3813 3298">
     <span class='ocr_line' id='line_1_30' title="bbox 621 3201 3813 3298; baseline -0.002 -30"><span class='ocrx_word' id='word_1_299' title='bbox 621 3201 1121 3298; x_wconf 59' lang='lat' dir='ltr'>Tneophylactui</span> <span class='ocrx_word' id='word_1_300' title='bbox 1186 3219 1411 3270; x_wconf 84' lang='lat' dir='ltr'>contra</span> <span class='ocrx_word' id='word_1_301' title='bbox 1476 3201 1637 3290; x_wconf 61' lang='lat' dir='ltr'>ju&#39;ra</span> <span class='ocrx_word' id='word_1_302' title='bbox 1701 3201 2136 3289; x_wconf 75' lang='lat' dir='ltr'>Staurbpegii.</span> <span class='ocrx_word' id='word_1_303' title='bbox 2196 3201 2492 3272; x_wconf 77' lang='lat' dir='ltr'>Marinus</span> <span class='ocrx_word' id='word_1_304' title='bbox 2546 3208 2948 3281; x_wconf 80' lang='lat' dir='ltr'>emendatus,</span> <span class='ocrx_word' id='word_1_305' title='bbox 3026 3211 3293 3286; x_wconf 85' lang='lat' dir='ltr'>itemque</span> <span class='ocrx_word' id='word_1_306' title='bbox 3352 3201 3632 3268; x_wconf 75' lang='lat' dir='ltr'>Joannes</span> <span class='ocrx_word' id='word_1_307' title='bbox 3691 3201 3813 3263; x_wconf 85' lang='lat' dir='ltr'>Lo-</span> 
     </span>
    </p>
   </div>
   <div class='ocr_carea' id='block_1_31' title="bbox 617 3302 896 3348">
    <p class='ocr_par' dir='ltr' id='par_1_31' title="bbox 617 3302 896 3348">
     <span class='ocr_line' id='line_1_31' title="bbox 617 3302 896 3348; baseline 0.011 -4"><span class='ocrx_word' id='word_1_308' title='bbox 617 3302 896 3348; x_wconf 65' lang='grc' dir='ltr'>πισοί-ω.</span> 
     </span>
    </p>
   </div>
   <div class='ocr_carea' id='block_1_32' title="bbox 618 3421 3813 3509">
    <p class='ocr_par' dir='ltr' id='par_1_32' title="bbox 618 3421 3813 3509">
     <span class='ocr_line' id='line_1_32' title="bbox 618 3421 3813 3509; baseline -0.001 -21"><span class='ocrx_word' id='word_1_309' title='bbox 618 3427 1099 3506; x_wconf 63' lang='lat' dir='ltr'>*22.Bulgaricte</span> <span class='ocrx_word' id='word_1_310' title='bbox 1122 3428 1428 3509; x_wconf 87' lang='lat' dir='ltr'>regionis,</span> <span class='ocrx_word' id='word_1_311' title='bbox 1465 3429 1573 3491; x_wconf 91' lang='lat' dir='ltr'>ubi</span> <span class='ocrx_word' id='word_1_312' title='bbox 1623 3429 2148 3508; x_wconf 81' lang='lat' dir='ltr'>Theonhylactus</span> <span class='ocrx_word' id='word_1_313' title='bbox 2195 3426 2544 3490; x_wconf 84' lang='lat' dir='ltr'>Ecclesiani</span> <span class='ocrx_word' id='word_1_314' title='bbox 2600 3427 3053 3488; x_wconf 87' lang='lat' dir='ltr'>moderabatur</span> <span class='ocrx_word' id='word_1_315' title='bbox 3086 3421 3646 3501; x_wconf 81' lang='lat' dir='ltr'>archiepiscOpus,</span> <span class='ocrx_word' id='word_1_316' title='bbox 3690 3437 3813 3484; x_wconf 85' lang='lat' dir='ltr'>no-</span> 
     </span>
    </p>
   </div>
   <div class='ocr_carea' id='block_1_33' title="bbox 541 3519 3815 3606">
    <p class='ocr_par' dir='ltr' id='par_1_33' title="bbox 541 3519 3815 3606">
     <span class='ocr_line' id='line_1_33' title="bbox 541 3519 3815 3606; baseline -0.002 -19"><span class='ocrx_word' id='word_1_317' title='bbox 541 3542 686 3587; x_wconf 91' lang='lat' dir='ltr'>men</span> <span class='ocrx_word' id='word_1_318' title='bbox 723 3542 754 3586; x_wconf 92' lang='lat' dir='ltr'>a</span> <span class='ocrx_word' id='word_1_319' title='bbox 791 3526 1047 3603; x_wconf 90' lang='lat' dir='ltr'>populis</span> <span class='ocrx_word' id='word_1_320' title='bbox 1084 3523 1432 3600; x_wconf 85' lang='lat' dir='ltr'>profectum</span> <span class='ocrx_word' id='word_1_321' title='bbox 1475 3535 1592 3598; x_wconf 89' lang='lat' dir='ltr'>est,</span> <span class='ocrx_word' id='word_1_322' title='bbox 1619 3529 1730 3606; x_wconf 92' lang='lat' dir='ltr'>qui</span> <span class='ocrx_word' id='word_1_323' title='bbox 1765 3527 2027 3605; x_wconf 85' lang='lat' dir='ltr'>Bulgari</span> <span class='ocrx_word' id='word_1_324' title='bbox 2062 3527 2451 3588; x_wconf 87' lang='lat' dir='ltr'>vocabantur</span> <span class='ocrx_word' id='word_1_325' title='bbox 2497 3541 2528 3584; x_wconf 94' lang='lat' dir='ltr'>a</span> <span class='ocrx_word' id='word_1_326' title='bbox 2574 3523 2778 3586; x_wconf 86' lang='lat' dir='ltr'>ﬂuvio</span> <span class='ocrx_word' id='word_1_327' title='bbox 2808 3523 3036 3601; x_wconf 80' lang='lat' dir='ltr'>Bulgo,</span> <span class='ocrx_word' id='word_1_328' title='bbox 3073 3520 3213 3584; x_wconf 91' lang='lat' dir='ltr'>sive</span> <span class='ocrx_word' id='word_1_329' title='bbox 3255 3520 3464 3599; x_wconf 76' lang='lat' dir='ltr'>Volgo.</span> <span class='ocrx_word' id='word_1_330' title='bbox 3503 3519 3815 3582; x_wconf 89' lang='lat' dir='ltr'>Pluribus</span> 
     </span>
    </p>
   </div>
   <div class='ocr_carea' id='block_1_34' title="bbox 542 3615 3815 3700">
    <p class='ocr_par' dir='ltr' id='par_1_34' title="bbox 542 3615 3815 3700">
     <span class='ocr_line' id='line_1_34' title="bbox 542 3615 3815 3700; baseline -0.002 -18"><span class='ocrx_word' id='word_1_331' title='bbox 542 3621 908 3689; x_wconf 76' lang='lat' dir='ltr'>remotioris</span> <span class='ocrx_word' id='word_1_332' title='bbox 939 3620 1059 3682; x_wconf 67' lang='lat' dir='ltr'>aevi</span> <span class='ocrx_word' id='word_1_333' title='bbox 1089 3621 1566 3700; x_wconf 92' lang='lat' dir='ltr'>irruptionibus</span> <span class='ocrx_word' id='word_1_334' title='bbox 1586 3639 1808 3684; x_wconf 91' lang='lat' dir='ltr'>eorum</span> <span class='ocrx_word' id='word_1_335' title='bbox 1842 3623 1905 3684; x_wconf 91' lang='lat' dir='ltr'>in</span> <span class='ocrx_word' id='word_1_336' title='bbox 1931 3625 2086 3685; x_wconf 83' lang='lat' dir='ltr'>ﬁnes</span> <span class='ocrx_word' id='word_1_337' title='bbox 2121 3620 2381 3699; x_wconf 86' lang='lat' dir='ltr'>imperii</span> <span class='ocrx_word' id='word_1_338' title='bbox 2415 3620 2888 3698; x_wconf 65' lang='lat' dir='ltr'>prmtermissis,</span> <span class='ocrx_word' id='word_1_339' title='bbox 2909 3619 3051 3694; x_wconf 80' lang='lat' dir='ltr'>[XI]</span> <span class='ocrx_word' id='word_1_340' title='bbox 3081 3617 3318 3679; x_wconf 91' lang='lat' dir='ltr'>iterum</span> <span class='ocrx_word' id='word_1_341' title='bbox 3348 3629 3520 3678; x_wconf 91' lang='lat' dir='ltr'>anno</span> <span class='ocrx_word' id='word_1_342' title='bbox 3549 3615 3815 3695; x_wconf 87' lang='lat' dir='ltr'>septimi</span> 
     </span>
    </p>
   </div>
   <div class='ocr_carea' id='block_1_35' title="bbox 541 3711 3815 3796">
    <p class='ocr_par' dir='ltr' id='par_1_35' title="bbox 541 3711 3815 3796">
     <span class='ocr_line' id='line_1_35' title="bbox 541 3711 3815 3796; baseline -0.002 -17"><span class='ocrx_word' id='word_1_343' title='bbox 541 3718 758 3781; x_wconf 71' lang='lat' dir='ltr'>seaculi</span> <span class='ocrx_word' id='word_1_344' title='bbox 794 3718 1271 3796; x_wconf 86' lang='lat' dir='ltr'>septuagesimo</span> <span class='ocrx_word' id='word_1_345' title='bbox 1295 3728 1518 3781; x_wconf 88' lang='lat' dir='ltr'>octavo</span> <span class='ocrx_word' id='word_1_346' title='bbox 1554 3720 1922 3781; x_wconf 86' lang='lat' dir='ltr'>Danubium</span> <span class='ocrx_word' id='word_1_347' title='bbox 1956 3727 2443 3786; x_wconf 83' lang='lat' dir='ltr'>transmeantes,</span> <span class='ocrx_word' id='word_1_348' title='bbox 2479 3715 2768 3777; x_wconf 63' lang='lat' dir='ltr'>Thracias</span> <span class='ocrx_word' id='word_1_349' title='bbox 2797 3714 2930 3775; x_wconf 88' lang='lat' dir='ltr'>loca</span> <span class='ocrx_word' id='word_1_350' title='bbox 2970 3720 3371 3789; x_wconf 90' lang='lat' dir='ltr'>occuparunt</span> <span class='ocrx_word' id='word_1_351' title='bbox 3411 3733 3426 3772; x_wconf 88' lang='lat'><strong>:</strong></span> <span class='ocrx_word' id='word_1_352' title='bbox 3481 3711 3815 3792; x_wconf 84' lang='lat' dir='ltr'>bellisque</span> 
     </span>
    </p>
   </div>
   <div class='ocr_carea' id='block_1_36' title="bbox 545 3809 3823 3896">
    <p class='ocr_par' dir='ltr' id='par_1_36' title="bbox 545 3809 3823 3896">
     <span class='ocr_line' id='line_1_36' title="bbox 545 3809 3823 3896; baseline -0.002 -20"><span class='ocrx_word' id='word_1_353' title='bbox 545 3824 764 3878; x_wconf 73' lang='lat' dir='ltr'>postea</span> <span class='ocrx_word' id='word_1_354' title='bbox 799 3813 1125 3884; x_wconf 78' lang='lat' dir='ltr'>confectis,</span> <span class='ocrx_word' id='word_1_355' title='bbox 1164 3816 1526 3878; x_wconf 90' lang='lat' dir='ltr'>institutum</span> <span class='ocrx_word' id='word_1_356' title='bbox 1561 3833 1830 3896; x_wconf 83' lang='lat' dir='ltr'>regnum</span> <span class='ocrx_word' id='word_1_357' title='bbox 1871 3816 2259 3895; x_wconf 89' lang='lat' dir='ltr'>ampliavere</span> <span class='ocrx_word' id='word_1_358' title='bbox 2285 3814 2566 3876; x_wconf 87' lang='lat' dir='ltr'>subactis</span> <span class='ocrx_word' id='word_1_359' title='bbox 2602 3812 2976 3890; x_wconf 89' lang='lat' dir='ltr'>provinciis,</span> <span class='ocrx_word' id='word_1_360' title='bbox 3003 3828 3151 3891; x_wconf 77' lang='lat' dir='ltr'>qum</span> <span class='ocrx_word' id='word_1_361' title='bbox 3192 3809 3468 3888; x_wconf 87' lang='lat' dir='ltr'>imperio</span> <span class='ocrx_word' id='word_1_362' title='bbox 3509 3811 3823 3872; x_wconf 85' lang='lat' dir='ltr'>Constan-</span> 
     </span>
    </p>
   </div>
   <div class='ocr_carea' id='block_1_37' title="bbox 549 3909 3825 3992">
    <p class='ocr_par' dir='ltr' id='par_1_37' title="bbox 549 3909 3825 3992">
     <span class='ocr_line' id='line_1_37' title="bbox 549 3909 3825 3992; baseline -0.002 -17"><span class='ocrx_word' id='word_1_363' title='bbox 549 3913 970 3992; x_wconf 81' lang='lat' dir='ltr'>tiunpolitano</span> <span class='ocrx_word' id='word_1_364' title='bbox 1017 3913 1344 3991; x_wconf 84' lang='lat' dir='ltr'>parebant,</span> <span class='ocrx_word' id='word_1_365' title='bbox 1385 3916 1570 3977; x_wconf 87' lang='lat' dir='ltr'>Dacia</span> <span class='ocrx_word' id='word_1_366' title='bbox 1653 3915 2114 3976; x_wconf 84' lang='lat' dir='ltr'>mediterranea</span> <span class='ocrx_word' id='word_1_367' title='bbox 2152 3924 2213 3976; x_wconf 93' lang='lat' dir='ltr'>et</span> <span class='ocrx_word' id='word_1_368' title='bbox 2245 3913 2532 3991; x_wconf 77' lang='lat' dir='ltr'>Ripensi,</span> <span class='ocrx_word' id='word_1_369' title='bbox 2577 3912 2794 3975; x_wconf 77' lang='lat' dir='ltr'>Mmsia</span> <span class='ocrx_word' id='word_1_370' title='bbox 2829 3909 3149 3986; x_wconf 90' lang='lat' dir='ltr'>ulteriori,</span> <span class='ocrx_word' id='word_1_371' title='bbox 3200 3909 3516 3972; x_wconf 85' lang='lat' dir='ltr'>Dardania</span> <span class='ocrx_word' id='word_1_372' title='bbox 3552 3915 3614 3970; x_wconf 91' lang='lat' dir='ltr'><strong>et</strong></span> <span class='ocrx_word' id='word_1_373' title='bbox 3649 3910 3825 3971; x_wconf 68' lang='lat' dir='ltr'>Prm-</span> 
     </span>
    </p>
   </div>
   <div class='ocr_carea' id='block_1_38' title="bbox 547 4011 2424 4092">
    <p class='ocr_par' dir='ltr' id='par_1_38' title="bbox 547 4011 2424 4092">
     <span class='ocr_line' id='line_1_38' title="bbox 547 4011 2424 4092; baseline 0.001 -20"><span class='ocrx_word' id='word_1_374' title='bbox 547 4011 698 4083; x_wconf 90' lang='lat' dir='ltr'>vali,</span> <span class='ocrx_word' id='word_1_375' title='bbox 740 4011 1044 4072; x_wconf 70' lang='lat' dir='ltr'>secundm</span> <span class='ocrx_word' id='word_1_376' title='bbox 1079 4012 1475 4074; x_wconf 77' lang='lat' dir='ltr'>Macedonim</span> <span class='ocrx_word' id='word_1_377' title='bbox 1507 4023 1704 4092; x_wconf 89' lang='lat' dir='ltr'>parte,</span> <span class='ocrx_word' id='word_1_378' title='bbox 1738 4029 1809 4073; x_wconf 91' lang='lat' dir='ltr'>ac</span> <span class='ocrx_word' id='word_1_379' title='bbox 1841 4020 2013 4087; x_wconf 84' lang='lat' dir='ltr'>parte</span> <span class='ocrx_word' id='word_1_380' title='bbox 2057 4012 2424 4074; x_wconf 56' lang='lat' dir='ltr'>Pannonias.</span> 
     </span>
    </p>
   </div>
   <div class='ocr_carea' id='block_1_39' title="bbox 631 4105 3812 4188">
    <p class='ocr_par' dir='ltr' id='par_1_39' title="bbox 631 4105 3812 4188">
     <span class='ocr_line' id='line_1_39' title="bbox 631 4105 3812 4188; baseline -0.001 -20"><span class='ocrx_word' id='word_1_381' title='bbox 631 4108 848 4169; x_wconf 89' lang='lat' dir='ltr'>Deleta</span> <span class='ocrx_word' id='word_1_382' title='bbox 882 4109 943 4168; x_wconf 93' lang='lat' dir='ltr'>in</span> <span class='ocrx_word' id='word_1_383' title='bbox 979 4108 1152 4169; x_wconf 88' lang='lat' dir='ltr'>hisce</span> <span class='ocrx_word' id='word_1_384' title='bbox 1185 4109 1562 4188; x_wconf 86' lang='lat' dir='ltr'>regionibus</span> <span class='ocrx_word' id='word_1_385' title='bbox 1594 4111 1952 4172; x_wconf 83' lang='lat' dir='ltr'>Christiana</span> <span class='ocrx_word' id='word_1_386' title='bbox 1986 4112 2140 4172; x_wconf 83' lang='lat' dir='ltr'>ﬁdes</span> <span class='ocrx_word' id='word_1_387' title='bbox 2167 4108 2399 4170; x_wconf 83' lang='lat' dir='ltr'>mansit</span> <span class='ocrx_word' id='word_1_388' title='bbox 2435 4109 2572 4178; x_wconf 87' lang='lat' dir='ltr'>diu,</span> <span class='ocrx_word' id='word_1_389' title='bbox 2611 4127 2820 4187; x_wconf 87' lang='lat' dir='ltr'>usque</span> <span class='ocrx_word' id='word_1_390' title='bbox 2854 4108 3101 4169; x_wconf 83' lang='lat' dir='ltr'>scilicet</span> <span class='ocrx_word' id='word_1_391' title='bbox 3138 4107 3214 4168; x_wconf 84' lang='lat' dir='ltr'>ad</span> <span class='ocrx_word' id='word_1_392' title='bbox 3249 4105 3586 4185; x_wconf 87' lang='lat' dir='ltr'>Bogorim,</span> <span class='ocrx_word' id='word_1_393' title='bbox 3627 4121 3812 4168; x_wconf 70' lang='lat' dir='ltr'>nov-3</span> 
     </span>
    </p>
   </div>
   <div class='ocr_carea' id='block_1_40' title="bbox 554 4203 3809 4284">
    <p class='ocr_par' dir='ltr' id='par_1_40' title="bbox 554 4203 3809 4284">
     <span class='ocr_line' id='line_1_40' title="bbox 554 4203 3809 4284; baseline -0.001 -18"><span class='ocrx_word' id='word_1_394' title='bbox 554 4203 869 4282; x_wconf 75' lang='lat' dir='ltr'>Bulgarire</span> <span class='ocrx_word' id='word_1_395' title='bbox 900 4222 1112 4283; x_wconf 85' lang='lat' dir='ltr'>regem</span> <span class='ocrx_word' id='word_1_396' title='bbox 1141 4249 1158 4277; x_wconf 95' lang='lat'>,</span> <span class='ocrx_word' id='word_1_397' title='bbox 1204 4207 1316 4283; x_wconf 92' lang='lat' dir='ltr'>qui</span> <span class='ocrx_word' id='word_1_398' title='bbox 1369 4221 1537 4268; x_wconf 88' lang='lat' dir='ltr'>anno</span> <span class='ocrx_word' id='word_1_399' title='bbox 1566 4208 1681 4270; x_wconf 83' lang='grc'><strong>861</strong></span> <span class='ocrx_word' id='word_1_400' title='bbox 1733 4224 1913 4270; x_wconf 83' lang='lat' dir='ltr'>sacro</span> <span class='ocrx_word' id='word_1_401' title='bbox 1943 4206 2318 4284; x_wconf 86' lang='lat' dir='ltr'>baptismate</span> <span class='ocrx_word' id='word_1_402' title='bbox 2360 4205 2921 4283; x_wconf 88' lang='lat' dir='ltr'>Constantinopoli</span> <span class='ocrx_word' id='word_1_403' title='bbox 2971 4205 3234 4266; x_wconf 87' lang='lat' dir='ltr'>ablutus</span> <span class='ocrx_word' id='word_1_404' title='bbox 3267 4213 3391 4275; x_wconf 88' lang='lat' dir='ltr'>est,</span> <span class='ocrx_word' id='word_1_405' title='bbox 3431 4219 3809 4282; x_wconf 88' lang='lat' dir='ltr'>nomenque</span> 
     </span>
    </p>
   </div>
   <div class='ocr_carea' id='block_1_41' title="bbox 551 4299 3816 4382">
    <p class='ocr_par' dir='ltr' id='par_1_41' title="bbox 551 4299 3816 4382">
     <span class='ocr_line' id='line_1_41' title="bbox 551 4299 3816 4382; baseline -0 -20"><span class='ocrx_word' id='word_1_406' title='bbox 551 4303 820 4362; x_wconf 86' lang='lat' dir='ltr'>mutavit</span> <span class='ocrx_word' id='word_1_407' title='bbox 876 4301 942 4363; x_wconf 92' lang='lat' dir='ltr'>in</span> <span class='ocrx_word' id='word_1_408' title='bbox 994 4301 1397 4372; x_wconf 83' lang='lat' dir='ltr'>Michaelem,</span> <span class='ocrx_word' id='word_1_409' title='bbox 1447 4319 1578 4382; x_wconf 93' lang='lat' dir='ltr'>quo</span> <span class='ocrx_word' id='word_1_410' title='bbox 1629 4303 1823 4365; x_wconf 89' lang='lat' dir='ltr'>etiam</span> <span class='ocrx_word' id='word_1_411' title='bbox 1860 4309 2200 4366; x_wconf 79' lang='lat' dir='ltr'>vocabatur</span> <span class='ocrx_word' id='word_1_412' title='bbox 2259 4303 2607 4382; x_wconf 83' lang='lat' dir='ltr'>imperator</span> <span class='ocrx_word' id='word_1_413' title='bbox 2642 4304 3035 4375; x_wconf 72' lang='lat' dir='ltr'>Grmcorum,</span> <span class='ocrx_word' id='word_1_414' title='bbox 3073 4300 3348 4363; x_wconf 81' lang='lat' dir='ltr'>Michael</span> <span class='ocrx_word' id='word_1_415' title='bbox 3378 4299 3614 4366; x_wconf 90' lang='lat' dir='ltr'>tertius</span> <span class='ocrx_word' id='word_1_416' title='bbox 3656 4301 3816 4362; x_wconf 82' lang='lat' dir='ltr'>Por-</span> 
     </span>
    </p>
   </div>
   <div class='ocr_carea' id='block_1_42' title="bbox 555 4395 3826 4478">
    <p class='ocr_par' dir='ltr' id='par_1_42' title="bbox 555 4395 3826 4478">
     <span class='ocr_line' id='line_1_42' title="bbox 555 4395 3826 4478; baseline 0 -21"><span class='ocrx_word' id='word_1_417' title='bbox 555 4398 1048 4476; x_wconf 79' lang='lat' dir='ltr'>phyrogeuitus.</span> <span class='ocrx_word' id='word_1_418' title='bbox 1105 4399 1458 4476; x_wconf 84' lang='lat' dir='ltr'>Episcopus</span> <span class='ocrx_word' id='word_1_419' title='bbox 1510 4407 1569 4460; x_wconf 89' lang='lat' dir='ltr'>et</span> <span class='ocrx_word' id='word_1_420' title='bbox 1629 4400 2040 4478; x_wconf 83' lang='lat' dir='ltr'>presbyteros</span> <span class='ocrx_word' id='word_1_421' title='bbox 2090 4401 2468 4463; x_wconf 87' lang='lat' dir='ltr'>catechistas</span> <span class='ocrx_word' id='word_1_422' title='bbox 2528 4417 2833 4476; x_wconf 82' lang='lat' dir='ltr'>accepere</span> <span class='ocrx_word' id='word_1_423' title='bbox 2892 4397 3156 4476; x_wconf 84' lang='lat' dir='ltr'>Bulgari</span> <span class='ocrx_word' id='word_1_424' title='bbox 3207 4415 3242 4460; x_wconf 91' lang='lat' dir='ltr'>a</span> <span class='ocrx_word' id='word_1_425' title='bbox 3293 4395 3602 4459; x_wconf 77' lang='lat' dir='ltr'>Romanis</span> <span class='ocrx_word' id='word_1_426' title='bbox 3665 4404 3729 4458; x_wconf 89' lang='lat' dir='ltr'>et</span> <span class='ocrx_word' id='word_1_427' title='bbox 3787 4413 3826 4458; x_wconf 89' lang='lat' dir='ltr'>a</span> 
     </span>
    </p>
   </div>
   <div class='ocr_carea' id='block_1_43' title="bbox 554 4494 3832 4577">
    <p class='ocr_par' dir='ltr' id='par_1_43' title="bbox 554 4494 3832 4577">
     <span class='ocr_line' id='line_1_43' title="bbox 554 4494 3832 4577; baseline -0 -21"><span class='ocrx_word' id='word_1_428' title='bbox 554 4497 864 4558; x_wconf 87' lang='lat' dir='ltr'>Francis:</span> <span class='ocrx_word' id='word_1_429' title='bbox 909 4495 982 4556; x_wconf 88' lang='lat' dir='ltr'>ad</span> <span class='ocrx_word' id='word_1_430' title='bbox 1034 4511 1277 4573; x_wconf 87' lang='lat' dir='ltr'>eosque</span> <span class='ocrx_word' id='word_1_431' title='bbox 1342 4504 1593 4557; x_wconf 79' lang='lat' dir='ltr'>exstant</span> <span class='ocrx_word' id='word_1_432' title='bbox 1651 4496 1949 4559; x_wconf 86' lang='lat' dir='ltr'>Nicolail</span> <span class='ocrx_word' id='word_1_433' title='bbox 2000 4497 2239 4560; x_wconf 89' lang='lat' dir='ltr'>summi</span> <span class='ocrx_word' id='word_1_434' title='bbox 2273 4497 2595 4577; x_wconf 84' lang='lat' dir='ltr'>pontiﬁcis</span> <span class='ocrx_word' id='word_1_435' title='bbox 2639 4497 2719 4558; x_wconf 89' lang='lat' dir='ltr'>de</span> <span class='ocrx_word' id='word_1_436' title='bbox 2782 4495 2976 4558; x_wconf 89' lang='lat' dir='ltr'>rebus</span> <span class='ocrx_word' id='word_1_437' title='bbox 3035 4495 3187 4558; x_wconf 81' lang='lat' dir='ltr'>ﬁdei</span> <span class='ocrx_word' id='word_1_438' title='bbox 3237 4494 3665 4572; x_wconf 85' lang='lat' dir='ltr'>moribusque</span> <span class='ocrx_word' id='word_1_439' title='bbox 3712 4495 3832 4557; x_wconf 73' lang='grc' dir='ltr'>ιε.</span> 
     </span>
    </p>
   </div>
   <div class='ocr_carea' id='block_1_44' title="bbox 555 4590 3828 4671">
    <p class='ocr_par' dir='ltr' id='par_1_44' title="bbox 555 4590 3828 4671">
     <span class='ocr_line' id='line_1_44' title="bbox 555 4590 3828 4671; baseline 0 -19"><span class='ocrx_word' id='word_1_440' title='bbox 555 4610 810 4670; x_wconf 72' lang='lat' dir='ltr'>sponso,</span> <span class='ocrx_word' id='word_1_441' title='bbox 857 4609 1026 4653; x_wconf 87' lang='lat' dir='ltr'>anno</span> <span class='ocrx_word' id='word_1_442' title='bbox 1069 4592 1336 4653; x_wconf 76' lang='lat' dir='ltr'>circiter</span> <span class='ocrx_word' id='word_1_443' title='bbox 1381 4592 1500 4654; x_wconf 83' lang='lat'><strong>866</strong></span> <span class='ocrx_word' id='word_1_444' title='bbox 1553 4596 1719 4654; x_wconf 88' lang='lat' dir='ltr'>data.</span> <span class='ocrx_word' id='word_1_445' title='bbox 1779 4594 1922 4654; x_wconf 73' lang='lat' dir='ltr'>Hmc</span> <span class='ocrx_word' id='word_1_446' title='bbox 1967 4594 2054 4654; x_wconf 90' lang='lat' dir='ltr'>ibi</span> <span class='ocrx_word' id='word_1_447' title='bbox 2097 4595 2412 4655; x_wconf 87' lang='lat' dir='ltr'>habentur</span> <span class='ocrx_word' id='word_1_448' title='bbox 2451 4594 2530 4654; x_wconf 86' lang='lat' dir='ltr'>de</span> <span class='ocrx_word' id='word_1_449' title='bbox 2588 4592 2968 4670; x_wconf 87' lang='lat' dir='ltr'>patriarcha,</span> <span class='ocrx_word' id='word_1_450' title='bbox 3021 4610 3215 4671; x_wconf 90' lang='lat' dir='ltr'>quem</span> <span class='ocrx_word' id='word_1_451' title='bbox 3254 4591 3380 4653; x_wconf 90' lang='lat' dir='ltr'>sibi</span> <span class='ocrx_word' id='word_1_452' title='bbox 3423 4590 3712 4654; x_wconf 85' lang='lat' dir='ltr'>ordinari</span> <span class='ocrx_word' id='word_1_453' title='bbox 3750 4607 3828 4653; x_wconf 82' lang='lat' dir='ltr'>ac</span> 
     </span>
    </p>
   </div>
   <div class='ocr_carea' id='block_1_45' title="bbox 563 4687 3862 4768">
    <p class='ocr_par' dir='ltr' id='par_1_45' title="bbox 563 4687 3862 4768">
     <span class='ocr_line' id='line_1_45' title="bbox 563 4687 3862 4768; baseline 0 -17"><span class='ocrx_word' id='word_1_454' title='bbox 563 4691 788 4767; x_wconf 77' lang='lat' dir='ltr'>prtefici</span> <span class='ocrx_word' id='word_1_455' title='bbox 873 4689 1174 4765; x_wconf 79' lang='lat' dir='ltr'>Optabant</span> <span class='ocrx_word' id='word_1_456' title='bbox 1239 4706 1416 4751; x_wconf 90' lang='lat' dir='ltr'>num.</span> <span class='ocrx_word' id='word_1_457' title='bbox 1477 4707 1680 4750; x_wconf 76' lang='lat' dir='ltr'>Lxxu.</span> <span class='ocrx_word' id='word_1_458' title='bbox 1747 4713 1775 4746; x_wconf 73' lang='grc' dir='ltr'><strong>α</strong></span> <span class='ocrx_word' id='word_1_459' title='bbox 1811 4691 2203 4768; x_wconf 71' lang='lat' dir='ltr'>Requisistis</span> <span class='ocrx_word' id='word_1_460' title='bbox 2237 4733 2254 4758; x_wconf 93' lang='lat'>,</span> <span class='ocrx_word' id='word_1_461' title='bbox 2309 4689 2363 4748; x_wconf 89' lang='lat' dir='ltr'>si</span> <span class='ocrx_word' id='word_1_462' title='bbox 2432 4687 2618 4751; x_wconf 89' lang='lat' dir='ltr'>liceat</span> <span class='ocrx_word' id='word_1_463' title='bbox 2666 4690 2731 4750; x_wconf 89' lang='lat' dir='ltr'>in</span> <span class='ocrx_word' id='word_1_464' title='bbox 2779 4689 2964 4749; x_wconf 89' lang='lat' dir='ltr'>vobis</span> <span class='ocrx_word' id='word_1_465' title='bbox 3007 4689 3442 4767; x_wconf 76' lang='lat' dir='ltr'>patriarcham‘</span> <span class='ocrx_word' id='word_1_466' title='bbox 3479 4688 3773 4753; x_wconf 81' lang='lat' dir='ltr'>ordinari</span> <span class='ocrx_word' id='word_1_467' title='bbox 3814 4712 3862 4751; x_wconf 89' lang='lat'>:.</span> 
     </span>
    </p>
   </div>
   <div class='ocr_carea' id='block_1_46' title="bbox 560 4785 3825 4865">
    <p class='ocr_par' dir='ltr' id='par_1_46' title="bbox 560 4785 3825 4865">
     <span class='ocr_line' id='line_1_46' title="bbox 560 4785 3825 4865; baseline 0 -17"><span class='ocrx_word' id='word_1_468' title='bbox 560 4788 674 4848; x_wconf 84' lang='lat' dir='ltr'>sed</span> <span class='ocrx_word' id='word_1_469' title='bbox 704 4788 780 4847; x_wconf 89' lang='lat' dir='ltr'>de</span> <span class='ocrx_word' id='word_1_470' title='bbox 812 4785 927 4847; x_wconf 92' lang='lat' dir='ltr'>hoc</span> <span class='ocrx_word' id='word_1_471' title='bbox 973 4785 1134 4846; x_wconf 90' lang='lat' dir='ltr'>nihil</span> <span class='ocrx_word' id='word_1_472' title='bbox 1169 4785 1500 4848; x_wconf 87' lang='lat' dir='ltr'>deﬁnitive</span> <span class='ocrx_word' id='word_1_473' title='bbox 1534 4789 1926 4863; x_wconf 87' lang='lat' dir='ltr'>respondere</span> <span class='ocrx_word' id='word_1_474' title='bbox 1961 4804 2328 4864; x_wconf 84' lang='lat' dir='ltr'>possumus,</span> <span class='ocrx_word' id='word_1_475' title='bbox 2368 4786 2748 4865; x_wconf 89' lang='lat' dir='ltr'>priusquam</span> <span class='ocrx_word' id='word_1_476' title='bbox 2784 4785 2970 4864; x_wconf 85' lang='lat' dir='ltr'>legati</span> <span class='ocrx_word' id='word_1_477' title='bbox 3013 4786 3240 4859; x_wconf 86' lang='lat' dir='ltr'>n0stri,</span> <span class='ocrx_word' id='word_1_478' title='bbox 3278 4798 3445 4864; x_wconf 90' lang='lat' dir='ltr'>quos</span> <span class='ocrx_word' id='word_1_479' title='bbox 3480 4785 3825 4849; x_wconf 86' lang='lat' dir='ltr'>vobiscum</span> 
     </span>
    </p>
   </div>
   <div class='ocr_carea' id='block_1_47' title="bbox 563 4880 3830 4962">
    <p class='ocr_par' dir='ltr' id='par_1_47' title="bbox 563 4880 3830 4962">
     <span class='ocr_line' id='line_1_47' title="bbox 563 4880 3830 4962; baseline 0.001 -19"><span class='ocrx_word' id='word_1_480' title='bbox 563 4882 897 4955; x_wconf 90' lang='lat' dir='ltr'>mittimus,</span> <span class='ocrx_word' id='word_1_481' title='bbox 955 4882 1194 4942; x_wconf 80' lang='lat' dir='ltr'>reversi</span> <span class='ocrx_word' id='word_1_482' title='bbox 1248 4880 1565 4943; x_wconf 83' lang='lat' dir='ltr'>fuerint...</span> <span class='ocrx_word' id='word_1_483' title='bbox 1621 4886 1773 4945; x_wconf 86' lang='lat' dir='ltr'>Nam</span> <span class='ocrx_word' id='word_1_484' title='bbox 1823 4884 2076 4944; x_wconf 89' lang='lat' dir='ltr'>interim</span> <span class='ocrx_word' id='word_1_485' title='bbox 2128 4885 2509 4962; x_wconf 79' lang='lat' dir='ltr'>episc0pum</span> <span class='ocrx_word' id='word_1_486' title='bbox 2571 4884 2916 4946; x_wconf 87' lang='lat' dir='ltr'>habetote:</span> <span class='ocrx_word' id='word_1_487' title='bbox 2970 4892 3252 4958; x_wconf 87' lang='lat' dir='ltr'>etcum,</span> <span class='ocrx_word' id='word_1_488' title='bbox 3295 4884 3538 4946; x_wconf 75' lang='lat' dir='ltr'>divinre</span> <span class='ocrx_word' id='word_1_489' title='bbox 3599 4885 3830 4962; x_wconf 74' lang='lat' dir='ltr'>gratiae</span> 
     </span>
    </p>
   </div>
   <div class='ocr_carea' id='block_1_48' title="bbox 566 4979 3830 5060">
    <p class='ocr_par' dir='ltr' id='par_1_48' title="bbox 566 4979 3830 5060">
     <span class='ocr_line' id='line_1_48' title="bbox 566 4979 3830 5060; baseline 0.001 -20"><span class='ocrx_word' id='word_1_490' title='bbox 566 4981 986 5054; x_wconf 90' lang='lat' dir='ltr'>incremento,</span> <span class='ocrx_word' id='word_1_491' title='bbox 1025 4979 1468 5042; x_wconf 81' lang='lat' dir='ltr'>Christianitas</span> <span class='ocrx_word' id='word_1_492' title='bbox 1527 4981 1612 5041; x_wconf 88' lang='lat' dir='ltr'>ibi</span> <span class='ocrx_word' id='word_1_493' title='bbox 1656 4979 1854 5042; x_wconf 85' lang='lat' dir='ltr'>fuerit</span> <span class='ocrx_word' id='word_1_494' title='bbox 1907 4981 2188 5055; x_wconf 89' lang='lat' dir='ltr'>dilatata,</span> <span class='ocrx_word' id='word_1_495' title='bbox 2221 4992 2282 5042; x_wconf 90' lang='lat' dir='ltr'><strong>et</strong></span> <span class='ocrx_word' id='word_1_496' title='bbox 2327 4982 2619 5059; x_wconf 87' lang='lat' dir='ltr'>episcopi</span> <span class='ocrx_word' id='word_1_497' title='bbox 2662 4999 2773 5060; x_wconf 92' lang='lat' dir='ltr'>per</span> <span class='ocrx_word' id='word_1_498' title='bbox 2817 4981 3110 5058; x_wconf 78' lang='lat' dir='ltr'>singulas</span> <span class='ocrx_word' id='word_1_499' title='bbox 3157 4980 3481 5043; x_wconf 89' lang='lat' dir='ltr'>Ecclesias</span> <span class='ocrx_word' id='word_1_500' title='bbox 3517 4983 3830 5057; x_wconf 85' lang='lat' dir='ltr'>ordinati,</span> 
     </span>
    </p>
   </div>
   <div class='ocr_carea' id='block_1_49' title="bbox 565 5076 3833 5158">
    <p class='ocr_par' dir='ltr' id='par_1_49' title="bbox 565 5076 3833 5158">
     <span class='ocr_line' id='line_1_49' title="bbox 565 5076 3833 5158; baseline 0 -20"><span class='ocrx_word' id='word_1_501' title='bbox 565 5083 715 5139; x_wconf 89' lang='lat' dir='ltr'>tunc</span> <span class='ocrx_word' id='word_1_502' title='bbox 745 5077 1082 5156; x_wconf 80' lang='lat' dir='ltr'>eligendus</span> <span class='ocrx_word' id='word_1_503' title='bbox 1116 5086 1212 5138; x_wconf 84' lang='lat' dir='ltr'>est</span> <span class='ocrx_word' id='word_1_504' title='bbox 1246 5078 1411 5139; x_wconf 86' lang='lat' dir='ltr'>inter</span> <span class='ocrx_word' id='word_1_505' title='bbox 1442 5095 1553 5140; x_wconf 88' lang='lat' dir='ltr'>eos</span> <span class='ocrx_word' id='word_1_506' title='bbox 1589 5095 1760 5139; x_wconf 90' lang='lat' dir='ltr'>unus</span> <span class='ocrx_word' id='word_1_507' title='bbox 1785 5079 1924 5157; x_wconf 91' lang='lat' dir='ltr'>qui,</span> <span class='ocrx_word' id='word_1_508' title='bbox 1963 5079 2015 5136; x_wconf 87' lang='lat' dir='ltr'>si</span> <span class='ocrx_word' id='word_1_509' title='bbox 2040 5095 2167 5142; x_wconf 93' lang='lat' dir='ltr'>non</span> <span class='ocrx_word' id='word_1_510' title='bbox 2200 5079 2583 5158; x_wconf 86' lang='lat' dir='ltr'>patriarcha,</span> <span class='ocrx_word' id='word_1_511' title='bbox 2614 5087 2784 5142; x_wconf 88' lang='lat' dir='ltr'>certe</span> <span class='ocrx_word' id='word_1_512' title='bbox 2832 5076 3364 5156; x_wconf 90' lang='lat' dir='ltr'>archiepiscopus</span> <span class='ocrx_word' id='word_1_513' title='bbox 3394 5077 3833 5156; x_wconf 78' lang='lat' dir='ltr'>appellandus</span> 
     </span>
    </p>
   </div>
   <div class='ocr_carea' id='block_1_50' title="bbox 567 5176 1808 5252">
    <p class='ocr_par' dir='ltr' id='par_1_50' title="bbox 567 5176 1808 5252">
     <span class='ocr_line' id='line_1_50' title="bbox 567 5176 1808 5252; baseline -0.002 -18"><span class='ocrx_word' id='word_1_514' title='bbox 567 5181 684 5245; x_wconf 91' lang='lat' dir='ltr'>est,</span> <span class='ocrx_word' id='word_1_515' title='bbox 717 5176 794 5234; x_wconf 88' lang='lat' dir='ltr'>ad</span> <span class='ocrx_word' id='word_1_516' title='bbox 839 5193 1030 5252; x_wconf 85' lang='lat' dir='ltr'>quem</span> <span class='ocrx_word' id='word_1_517' title='bbox 1068 5192 1293 5234; x_wconf 80' lang='lat' dir='ltr'>omnes</span> <span class='ocrx_word' id='word_1_518' title='bbox 1331 5185 1736 5237; x_wconf 86' lang='lat' dir='ltr'>concurrant.</span> <span class='ocrx_word' id='word_1_519' title='bbox 1780 5198 1808 5232; x_wconf 69' lang='grc' dir='ltr'><strong>ι</strong></span> 
     </span>
    </p>
   </div>
   <div class='ocr_carea' id='block_1_51' title="bbox 644 5270 3838 5353">
    <p class='ocr_par' dir='ltr' id='par_1_51' title="bbox 644 5270 3838 5353">
     <span class='ocr_line' id='line_1_51' title="bbox 644 5270 3838 5353; baseline 0.002 -22"><span class='ocrx_word' id='word_1_520' title='bbox 644 5271 745 5331; x_wconf 79' lang='lat'>23.</span> <span class='ocrx_word' id='word_1_521' title='bbox 796 5272 882 5329; x_wconf 79' lang='lat' dir='ltr'>De</span> <span class='ocrx_word' id='word_1_522' title='bbox 915 5270 1173 5346; x_wconf 88' lang='lat' dir='ltr'>juribus</span> <span class='ocrx_word' id='word_1_523' title='bbox 1219 5270 1284 5330; x_wconf 92' lang='lat' dir='ltr'>in</span> <span class='ocrx_word' id='word_1_524' title='bbox 1331 5270 1682 5332; x_wconf 72' lang='lat' dir='ltr'>Ecclesiam</span> <span class='ocrx_word' id='word_1_525' title='bbox 1719 5272 2027 5350; x_wconf 62' lang='lat' dir='ltr'>Bulgaria</span> <span class='ocrx_word' id='word_1_526' title='bbox 2051 5281 2190 5335; x_wconf 89' lang='lat' dir='ltr'>orta</span> <span class='ocrx_word' id='word_1_527' title='bbox 2245 5273 2324 5335; x_wconf 91' lang='lat' dir='ltr'>lis</span> <span class='ocrx_word' id='word_1_528' title='bbox 2376 5281 2473 5335; x_wconf 89' lang='lat' dir='ltr'>est</span> <span class='ocrx_word' id='word_1_529' title='bbox 2515 5274 2839 5335; x_wconf 77' lang='lat' dir='ltr'>Romanos</span> <span class='ocrx_word' id='word_1_530' title='bbox 2892 5271 3063 5333; x_wconf 91' lang='lat' dir='ltr'>inter</span> <span class='ocrx_word' id='word_1_531' title='bbox 3129 5279 3192 5334; x_wconf 88' lang='lat' dir='ltr'>et</span> <span class='ocrx_word' id='word_1_532' title='bbox 3237 5270 3838 5353; x_wconf 77' lang='lat' dir='ltr'>Constantinopoli-</span> 
     </span>
    </p>
   </div>
   <div class='ocr_carea' id='block_1_52' title="bbox 569 5367 3832 5450">
    <p class='ocr_par' dir='ltr' id='par_1_52' title="bbox 569 5367 3832 5450">
     <span class='ocr_line' id='line_1_52' title="bbox 569 5367 3832 5450; baseline 0.002 -23"><span class='ocrx_word' id='word_1_533' title='bbox 569 5375 773 5428; x_wconf 88' lang='lat' dir='ltr'>tauos.</span> <span class='ocrx_word' id='word_1_534' title='bbox 819 5368 1034 5428; x_wconf 90' lang='lat' dir='ltr'>Soluta</span> <span class='ocrx_word' id='word_1_535' title='bbox 1076 5376 1288 5428; x_wconf 75' lang='lat' dir='ltr'>Octava</span> <span class='ocrx_word' id='word_1_536' title='bbox 1322 5367 1714 5430; x_wconf 76' lang='lat' dir='ltr'>mcuinenica</span> <span class='ocrx_word' id='word_1_537' title='bbox 1760 5370 2036 5446; x_wconf 72' lang='lat' dir='ltr'>synodo,</span> <span class='ocrx_word' id='word_1_538' title='bbox 2069 5379 2287 5433; x_wconf 85' lang='lat' dir='ltr'>contra</span> <span class='ocrx_word' id='word_1_539' title='bbox 2328 5370 2624 5433; x_wconf 83' lang='lat' dir='ltr'>Photium</span> <span class='ocrx_word' id='word_1_540' title='bbox 2659 5369 3003 5444; x_wconf 90' lang='lat' dir='ltr'>celebrata,</span> <span class='ocrx_word' id='word_1_541' title='bbox 3057 5370 3136 5432; x_wconf 86' lang='lat' dir='ltr'>dc</span> <span class='ocrx_word' id='word_1_542' title='bbox 3188 5369 3516 5448; x_wconf 63' lang='lat' dir='ltr'>praedictis</span> <span class='ocrx_word' id='word_1_543' title='bbox 3565 5370 3832 5450; x_wconf 87' lang='lat' dir='ltr'>juribus</span> 
     </span>
    </p>
   </div>
   <div class='ocr_carea' id='block_1_53' title="bbox 566 5465 3828 5546">
    <p class='ocr_par' dir='ltr' id='par_1_53' title="bbox 566 5465 3828 5546">
     <span class='ocr_line' id='line_1_53' title="bbox 566 5465 3828 5546; baseline 0.003 -22"><span class='ocrx_word' id='word_1_544' title='bbox 566 5482 735 5524; x_wconf 87' lang='lat' dir='ltr'>anno</span> <span class='ocrx_word' id='word_1_545' title='bbox 782 5466 900 5525; x_wconf 82' lang='lat'>869</span> <span class='ocrx_word' id='word_1_546' title='bbox 943 5473 1150 5524; x_wconf 91' lang='lat' dir='ltr'>actum</span> <span class='ocrx_word' id='word_1_547' title='bbox 1189 5473 1309 5526; x_wconf 91' lang='lat' dir='ltr'>est.</span> <span class='ocrx_word' id='word_1_548' title='bbox 1356 5466 1557 5527; x_wconf 66' lang='lat' dir='ltr'>Graeci</span> <span class='ocrx_word' id='word_1_549' title='bbox 1603 5466 1890 5544; x_wconf 88' lang='lat' dir='ltr'>judices,</span> <span class='ocrx_word' id='word_1_550' title='bbox 1926 5468 2172 5529; x_wconf 88' lang='lat' dir='ltr'>tametsi</span> <span class='ocrx_word' id='word_1_551' title='bbox 2225 5467 2525 5541; x_wconf 87' lang='lat' dir='ltr'>recusati,</span> <span class='ocrx_word' id='word_1_552' title='bbox 2580 5467 2964 5528; x_wconf 88' lang='lat' dir='ltr'>sententiam</span> <span class='ocrx_word' id='word_1_553' title='bbox 3022 5466 3232 5528; x_wconf 89' lang='lat' dir='ltr'>tulere</span> <span class='ocrx_word' id='word_1_554' title='bbox 3265 5484 3280 5523; x_wconf 89' lang='lat'><strong>:</strong></span> <span class='ocrx_word' id='word_1_555' title='bbox 3319 5488 3349 5523; x_wconf 75' lang='grc' dir='ltr'><strong>α</strong></span> <span class='ocrx_word' id='word_1_556' title='bbox 3396 5465 3828 5546; x_wconf 83' lang='lat' dir='ltr'>Bulgarorum</span> 
     </span>
    </p>
   </div>
   <div class='ocr_carea' id='block_1_54' title="bbox 574 5561 3830 5642">
    <p class='ocr_par' dir='ltr' id='par_1_54' title="bbox 574 5561 3830 5642">
     <span class='ocr_line' id='line_1_54' title="bbox 574 5561 3830 5642; baseline 0.004 -27"><span class='ocrx_word' id='word_1_557' title='bbox 574 5561 833 5634; x_wconf 81' lang='lat' dir='ltr'>patriam</span> <span class='ocrx_word' id='word_1_558' title='bbox 906 5563 971 5621; x_wconf 90' lang='lat' dir='ltr'>in</span> <span class='ocrx_word' id='word_1_559' title='bbox 1024 5562 1388 5623; x_wconf 70' lang='lat' dir='ltr'>Graecorum</span> <span class='ocrx_word' id='word_1_560' title='bbox 1435 5571 1741 5639; x_wconf 88' lang='lat' dir='ltr'>potestate</span> <span class='ocrx_word' id='word_1_561' title='bbox 1794 5563 2039 5626; x_wconf 86' lang='lat' dir='ltr'>dudum</span> <span class='ocrx_word' id='word_1_562' title='bbox 2085 5563 2293 5626; x_wconf 83' lang='lat' dir='ltr'>fuisse</span> <span class='ocrx_word' id='word_1_563' title='bbox 2357 5564 2492 5635; x_wconf 85' lang='lat' dir='ltr'>(eas</span> <span class='ocrx_word' id='word_1_564' title='bbox 2552 5580 2784 5641; x_wconf 89' lang='lat' dir='ltr'>nempe</span> <span class='ocrx_word' id='word_1_565' title='bbox 2825 5562 3219 5641; x_wconf 85' lang='lat' dir='ltr'>provincias,</span> <span class='ocrx_word' id='word_1_566' title='bbox 3278 5562 3523 5642; x_wconf 85' lang='lat' dir='ltr'>quibus</span> <span class='ocrx_word' id='word_1_567' title='bbox 3585 5581 3830 5629; x_wconf 83' lang='lat' dir='ltr'>novum</span> 
     </span>
    </p>
   </div>
   <div class='ocr_carea' id='block_1_55' title="bbox 576 5659 3830 5737">
    <p class='ocr_par' dir='ltr' id='par_1_55' title="bbox 576 5659 3830 5737">
     <span class='ocr_line' id='line_1_55' title="bbox 576 5659 3830 5737; baseline 0.003 -20"><span class='ocrx_word' id='word_1_568' title='bbox 576 5659 884 5736; x_wconf 63' lang='lat' dir='ltr'>Bulgaria)</span> <span class='ocrx_word' id='word_1_569' title='bbox 932 5676 1197 5737; x_wconf 80' lang='lat' dir='ltr'>regnum</span> <span class='ocrx_word' id='word_1_570' title='bbox 1246 5661 1803 5735; x_wconf 80' lang='lat' dir='ltr'>constituebatur),</span> <span class='ocrx_word' id='word_1_571' title='bbox 1851 5671 1911 5724; x_wconf 90' lang='lat' dir='ltr'>et</span> <span class='ocrx_word' id='word_1_572' title='bbox 1956 5665 2208 5726; x_wconf 69' lang='lat' dir='ltr'>Graacos</span> <span class='ocrx_word' id='word_1_573' title='bbox 2249 5660 2618 5724; x_wconf 77' lang='lat' dir='ltr'>sacerdotes</span> <span class='ocrx_word' id='word_1_574' title='bbox 2654 5660 2959 5724; x_wconf 89' lang='lat' dir='ltr'>habuisse</span> <span class='ocrx_word' id='word_1_575' title='bbox 3010 5669 3246 5722; x_wconf 66' lang='lat' dir='ltr'>sanctaa</span> <span class='ocrx_word' id='word_1_576' title='bbox 3278 5659 3590 5723; x_wconf 61' lang='lat' dir='ltr'>Ecclesia)</span> <span class='ocrx_word' id='word_1_577' title='bbox 3653 5663 3830 5726; x_wconf 26' lang='lat' dir='ltr'>Con.-</span> 
     </span>
    </p>
   </div>
   <div class='ocr_carea' id='block_1_56' title="bbox 571 5755 3832 5840">
    <p class='ocr_par' dir='ltr' id='par_1_56' title="bbox 571 5755 3832 5840">
     <span class='ocr_line' id='line_1_56' title="bbox 571 5755 3832 5840; baseline 0.002 -26"><span class='ocrx_word' id='word_1_578' title='bbox 571 5755 1173 5832; x_wconf 68' lang='lat' dir='ltr'>stantinopolitanaa,</span> <span class='ocrx_word' id='word_1_579' title='bbox 1213 5783 1240 5813; x_wconf 72' lang='grc' dir='ltr'><strong>υ</strong></span> <span class='ocrx_word' id='word_1_580' title='bbox 1273 5758 1566 5838; x_wconf 85' lang='lat' dir='ltr'>adeoque</span> <span class='ocrx_word' id='word_1_581' title='bbox 1598 5777 1743 5821; x_wconf 91' lang='lat' dir='ltr'>cum</span> <span class='ocrx_word' id='word_1_582' title='bbox 1780 5784 1808 5816; x_wconf 77' lang='grc' dir='ltr'><strong><em>α</em></strong></span> <span class='ocrx_word' id='word_1_583' title='bbox 1862 5762 1939 5823; x_wconf 88' lang='lat' dir='ltr'>ab</span> <span class='ocrx_word' id='word_1_584' title='bbox 1982 5777 2056 5823; x_wconf 91' lang='lat' dir='ltr'>ea</span> <span class='ocrx_word' id='word_1_585' title='bbox 2101 5759 2410 5840; x_wconf 82' lang='lat' dir='ltr'>(Ecclesia</span> <span class='ocrx_word' id='word_1_586' title='bbox 2460 5756 3139 5836; x_wconf 78' lang='lat' dir='ltr'>ConstantinOpoleOs)</span> <span class='ocrx_word' id='word_1_587' title='bbox 3195 5772 3308 5833; x_wconf 89' lang='lat' dir='ltr'>per</span> <span class='ocrx_word' id='word_1_588' title='bbox 3374 5756 3832 5836; x_wconf 83' lang='lat' dir='ltr'>paganismum</span> 
     </span>
    </p>
   </div>
   <div class='ocr_carea' id='block_1_57' title="bbox 571 5851 3830 5934">
    <p class='ocr_par' dir='ltr' id='par_1_57' title="bbox 571 5851 3830 5934">
     <span class='ocr_line' id='line_1_57' title="bbox 571 5851 3830 5934; baseline 0.003 -23"><span class='ocrx_word' id='word_1_589' title='bbox 571 5852 965 5926; x_wconf 72' lang='lat' dir='ltr'>recessisset,</span> <span class='ocrx_word' id='word_1_590' title='bbox 1003 5870 1171 5916; x_wconf 90' lang='lat' dir='ltr'>nunc</span> <span class='ocrx_word' id='word_1_591' title='bbox 1208 5873 1315 5934; x_wconf 84' lang='lat' dir='ltr'>per</span> <span class='ocrx_word' id='word_1_592' title='bbox 1347 5855 1906 5921; x_wconf 86' lang='lat' dir='ltr'>Christianismum</span> <span class='ocrx_word' id='word_1_593' title='bbox 1946 5858 2157 5922; x_wconf 87' lang='lat' dir='ltr'>eidem</span> <span class='ocrx_word' id='word_1_594' title='bbox 2201 5857 2451 5921; x_wconf 86' lang='lat' dir='ltr'>restitui</span> <span class='ocrx_word' id='word_1_595' title='bbox 2481 5855 2744 5921; x_wconf 87' lang='lat' dir='ltr'>debere.</span> <span class='ocrx_word' id='word_1_596' title='bbox 2776 5881 2802 5912; x_wconf 75' lang='grc' dir='ltr'>ιι</span> <span class='ocrx_word' id='word_1_597' title='bbox 2844 5858 3073 5920; x_wconf 66' lang='lat' dir='ltr'>Contra</span> <span class='ocrx_word' id='word_1_598' title='bbox 3127 5855 3461 5917; x_wconf 68' lang='lat' dir='ltr'>decretum</span> <span class='ocrx_word' id='word_1_599' title='bbox 3502 5851 3830 5920; x_wconf 86' lang='lat' dir='ltr'>interces-</span> 
     </span>
    </p>
   </div>
  </div>
