2003 3269
115 255 146 288 2.]
525 255 574 285 DE
593 253 886 285 THEOPHYLACTI
905 253 1049 284 GESTIS‘
1064 254 1110 283 ET
1131 253 1319 284 SCRII’TIS.
1720 251 1758 283 30

113 318 220 343 serunt
245 311 342 352 legati
366 311 499 343 Adriani
518 311 545 342 11
572 310 707 342 Romani
736 309 909 349 pontificis.
939 310 1137 349 Episcopum
1171 310 1401 349 designaverat
1444 309 1603 349 Bulgaris,
1629 309 1763 341 nomine

112 361 315 399 Silvestrnm,
346 360 433 392 idem
458 360 623 391 Adrianus
646 369 653 388 :
683 364 714 390 at
737 360 923 390 Great-orum
949 358 1045 389 donis
1071 357 1217 393 adducti,
1245 358 1529 398 archiepiscopum
1557 366 1713 397 accepere
1745 366 1763 389 a

111 408 230 440 Basilio
245 409 441 448 imperatore
459 414 490 440 et
504 407 679 448 patriarcha
694 407 831 447 lgnatio.
848 408 914 438 Hac
929 407 968 438 de
986 415 1020 437 re
1037 406 1161 437 litteras
1178 405 1249 446 lege
1266 406 1445 441 Pontiﬁcis,
1463 405 1611 446 querelis
1636 405 1761 445 plenas,

111 456 145 487 ad
160 457 318 488 Basilium
337 461 369 489 et
383 459 422 488 ad
445 456 618 497 Ignatium.
633 464 721 488 anno
739 456 796 487 871
813 456 913 491 datas,
933 454 1018 494 apud
1045 455 1220 486 Baronium
1238 478 1246 489 .
1269 458 1302 484 et
1320 454 1538 494 conciliorum
1555 454 1761 486 collectores.

110 504 263 536 Photiano
281 505 456 536 schismate
470 504 622 536 eﬂ'ectum
639 508 700 541 est,
719 507 786 535 uta
803 503 958 534 Romanis
973 503 1087 534 avulsa
1109 507 1254 534 maneret
1274 503 1414 534 Ecclesia
1432 503 1606 544 Bulgaria).

143 553 196 584 2b.
220 553 351 585 Throno
370 552 731 592 Constantinopolitano
762 553 892 591 parebat
924 552 1192 592 archiepiscopus
1213 552 1285 592 ejus
1315 551 1473 591 regionis.
1505 552 1612 583 sEtate
1641 551 1761 583 Leonis

109 602 281 642 Sapientis,
301 602 359 642 qui
386 610 473 633 anno
495 602 557 634 886
575 601 751 640 capessivit
774 600 963 640 imperium,
977 606 1167 640 αὺτοκέφαλος
1183 602 1297 636 evasit,
1327 601 1448 641 suique
1467 600 1569 641 juris,
1591 601 1761 632 utverisi-

111 651 222 683 milius
244 652 409 683 existimat
432 651 619 691 Lequienus
638 651 672 682 in
697 649 825 681 Oriente
850 650 1046 686 Christiano,
1067 655 1153 681 tumo
1176 651 1217 686 ll,
1239 650 1272 680 in
1301 649 1447 680 Ecclesia
1466 649 1636 688 Lychnidi.
1655 648 1761 680 Verba

112 697 178 736 ejus
207 698 307 729 δαεῐο
329 709 336 728 :
357 710 371 726 ι
393 697 453 729 Hic
483 706 561 729 vero
596 696 809 736 Bulgarorum
844 696 1019 735 primarius
1050 700 1187 729 antistes
1221 697 1607 738 ConstantinOpolitame,
1623 697 1758 736 quidem

110 746 185 782 sedi,
207 746 361 777 Romanis
378 745 586 785 pontiﬁcibus
600 745 721 777 frustra
740 744 1007 784 reclamantibus,
1024 747 1189 778 obnoxius
1209 745 1428 785 primumfuit
1450 758 1457 777 :
1476 746 1620 778 subinde
1648 751 1758 777 autem

110 800 309 834 αὑτοκέφαλος,
326 795 419 825 snive
432 795 518 835 juris
537 794 658 828 evasit:
675 803 748 826 cum
770 793 987 833 Bulgarorum
1011 793 1227 834 principibus,
1244 794 1302 834 qui
1325 795 1493 834 perpetuis
1508 793 1603 825 bellis
1623 795 1755 826 Graecos

110 843 319 882 lacessebant,
331 853 395 875 non
416 844 575 875 arrideret
593 843 810 875 Ecclesiarum
829 851 965 874 suarum
984 843 1113 882 negotia
1128 843 1215 882 apud
1229 842 1425 883 Byzantinos
1445 843 1589 874 tractari.
1606 843 1641 873 ld
1669 843 1758 883 quod

108 892 213 924 Leone
232 893 396 931 Sapiente,
425 892 537 924 Basilii
564 891 754 923 Macedonis
786 890 866 927 ﬁlio,
889 890 1087 931 imperatore
1105 891 1286 931 contigisse
1304 899 1389 923 reor.
1411 891 1475 929 Qui
1499 900 1574 923 cum
1589 893 1759 933 Turcns‘et

108 941 255 974 inﬁdeles
271 942 353 973 alios
370 942 510 982 populos
534 942 566 973 in
586 941 801 981 Bulgarorum
823 944 954 980 gentem
979 939 1189 977 concitasset,
1206 939 1241 971 in
1261 948 1359 971 causa
1373 939 1437 970 fuit
1460 944 1495 971 ut
1511 940 1644 979 Bulgari
1673 939 1757 971 inito

108 990 245 1022 consilio
262 992 301 1021 ad
322 991 484 1022 Romanos
501 990 667 1030 pontiﬁces
684 989 920 1026 concesserint,
937 987 1056 1020 auxilii
1082 988 1159 1020 inde
1186 988 1317 1028 petendi
1346 989 1459 1028 gratia.
1481 989 1563 1020 Tum
1586 988 1756 1029 Byzantini

109 1038 305 1076 patriarcha),
333 1043 367 1069 ut
392 1047 448 1069 eos
464 1039 504 1069 ab
522 1038 581 1069 hac
601 1037 754 1069 afﬁnitate
780 1037 997 1073 deterrerent,
1020 1037 1122 1069 satius
1147 1037 1316 1069 duxerunt
1339 1045 1456 1069 eorum
1470 1037 1756 1078 archiepiscopum

108 1086 278 1127 omnigena
301 1086 506 1117 immunitate
524 1087 657 1121 donare,
674 1085 821 1117 abdicata
836 1093 1039 1126 quacunque
1055 1085 1090 1116 in
1117 1085 1277 1126 Bulgaria
1291 1086 1455 1129 Ecclesias
1468 1086 1719 1126 jurisdictione.
1740 1098 1755 1115 υ

108 1134 188 1166 Huic
212 1142 288 1172 vero
320 1135 565 1174 archiepiscopo
602 1134 818 1174 Bulgarorum
857 1134 993 1166 obnoxii
1032 1134 1112 1166 olim
1141 1139 1235 1166 erant
1258 1144 1316 1166 sex
1339 1135 1556 1175 metropolitaa
1583 1143 1621 1167 ac
1643 1135 1756 1167 decem

107 1183 324 1223 episcopatus,
343 1188 453 1222 postea
476 1183 691 1222 metr0po|itaa
706 1186 844 1222 septem,
865 1183 1069 1224 totidemque
1100 1183 1261 1224 episcopi.
1281 1183 1488 1224 Lequienum
1515 1183 1653 1215 consule
1685 1183 1755 1215 Ιουο

108 1238 215 1263 enato.

142 1281 192 1312 25.
216 1281 276 1312 His
307 1284 416 1312 ornata
449 1280 632 1321 prmlegiis
653 1281 795 1313 Ecclesia
826 1281 997 1322 Bulgarica
1029 1281 1120 1312 stetit
1143 1280 1207 1311 sub
1236 1280 1368 1320 regibus
1395 1280 1538 1321 propriis
1565 1281 1605 1312 ad
1633 1288 1757 1312 annum

106 1337 209 1369 usque
226 1331 316 1367 1018,
335 1338 401 1370 quo
415 1330 557 1361 Basilius
574 1334 605 1361 et
627 1330 862 1362 Constantinus
889 1330 1030 1371 imperio
1055 1328 1420 1368 Constantinopolitano
1443 1329 1655 1369 subjecerunt
1677 1328 1756 1359 Bul-

107 1386 211 1417 garos,
229 1380 314 1410 hanc
338 1378 381 1410 ob
401 1386 530 1409 causam
552 1379 653 1419 prior,
675 1379 733 1419 qui
761 1387 871 1410 rerum
895 1386 1055 1410 summam
1078 1377 1224 1417 gerebat,
1250 1377 1361 1409 dictus
1381 1376 1655 1417 Bulgaroctonus.
1674 1377 1758 1409 Prte-

105 1424 190 1464 fecti,
217 1427 266 1459 rei
295 1427 577 1458 administratores
605 1426 758 1467 publicas,
787 1427 820 1458 in
849 1426 1034 1467 Bulgariam
1066 1425 1300 1457 mittebantur:
1335 1434 1478 1466 quorum
1505 1425 1696 1463 improbitas
1722 1426 1757 1457 in

105 1484 198 1507 causa
212 1476 289 1514 fuit,
305 1480 342 1507 ut
356 1475 419 1507 sub
435 1475 558 1507 Isaacio
574 1476 602 1507 11
617 1476 752 1515 Angelo,
769 1476 826 1516 qni
846 1475 1008 1508 moderari
1024 1475 1199 1514 imperium
1215 1483 1302 1506 anno
1316 1475 1395 1506 1185
1420 1475 1529 1514 erepit,
1547 1473 1756 1514 Bulgariéum

105 1532 241 1564 regnum
258 1525 503 1560 instauraretur,
530 1533 596 1556 rem
626 1525 895 1564 promovenlibus
916 1525 1011 1556 Petro
1032 1527 1064 1554 et
1085 1523 1197 1555 Hasan
1219 1522 1390 1560 fratribus,
1415 1523 1506 1562 regio
1531 1531 1572 1554 ex
1594 1522 1757 1563 sanguine

105 1574 194 1605 satis.
212 1573 392 1613 Utramque
423 1576 535 1613 regum
560 1572 720 1613 Bulgarim
741 1573 861 1604 seriem
888 1571 1085 1604 Dufresnius
1112 1571 1246 1603 exhibet
1272 1575 1343 1611 post
1367 1571 1521 1603 Familias
1544 1571 1756 1611 Byzantinus.

105 1621 211 1654 Altera
240 1623 303 1654 sub
322 1622 381 1653 hac
403 1622 488 1652 serie
519 1630 643 1661 regum,
660 1622 694 1653 in
708 1621 903 1653 clientelam
920 1621 1073 1652 Romanae
1088 1621 1178 1652 sedis
1200 1620 1301 1652 rediit
1320 1620 1467 1652 Ecclesia
1497 1621 1668 1660 Bulgarica
1694 1621 1759 1652 sub

104 1668 299 1702 Innocentio
316 1671 371 1701 111.
384 1669 446 1701 Sed
464 1677 547 1700 nevo
564 1673 677 1700 exorto
693 1669 915 1709 ampliatoque
936 1669 1057 1701 Serviaa
1079 1677 1193 1709 regno,
1216 1669 1433 1702 minutionem
1451 1670 1556 1709 primo
1580 1678 1673 1710 passa
1689 1675 1750 1708 est,

104 1725 138 1748 ac
152 1719 287 1750 demum
303 1717 609 1758 Turcarumjugun.
627 1717 739 1748 subiit.
1246 1747 1250 1750 ,

145 1769 285 1808 Eo,q‘uo
303 1768 452 1808 Bulgaria
463 1767 651 1807 Byzantinis
676 1767 807 1807 parebat
836 1766 1101 1806 imperatoribus,
1120 1775 1260 1807 eamque
1288 1767 1560 1799 administrabant
1581 1768 1751 1808 Byzantini

104 1815 259 1853 prmfecti,
294 1821 440 1856 tempore
472 1815 604 1847 sedebat
633 1814 895 1855 Theophylactus

963 1814 1205 1855 chiepiscopus.
1228 1817 1326 1848 Suam
1352 1816 1425 1856 ipse
1447 1821 1655 1856 αὐτοκεφαλιαν
1669 1818 1754 1857 [XII]

103 1865 236 1895 strenue
250 1869 375 1895 tutatus
404 1867 453 1895 est
468 1867 578 1894 contra
594 1862 686 1894 urbis
715 1863 815 1903 regite
830 1863 1035 1901 patriarchas.
1058 1865 1137 1894 Rem
1163 1864 1298 1896 exhibet
1312 1873 1445 1896 omnem
1461 1865 1601 1904 epistola
1616 1865 1688 1906 ejus
1702 1867 1754 1904 2'1,

103 1908 342 1942 adMiehaelem
368 1910 575 1942 Chalcedonis
600 1911 793 1950 episcopum.
816 1912 867 1941 Sic
889 1911 934 1942 ait
956 1911 1038 1942 ille:
1058 1922 1073 1940 ι
1090 1911 1181 1943 Solas
1206 1912 1343 1952 quidem
1365 1912 1580 1944 ecclesiarum
1607 1922 1687 1954 opes
1714 1914 1756 1946 ab

103 1959 264 1999 improbis
286 1961 491 1992 exactoribus
513 1964 652 1999 ereptas,
671 1969 755 2000 aegre
777 1968 854 1991 sane
879 1968 914 1990 se
936 1960 1052 1991 tulisse
1072 1971 1110 1991 τι
1127 1964 1158 1991 at
1191 1960 1430 2000 permissurum
1457 1962 1608 1998 minime,
1632 1966 1668 1994 ut
1686 1972 1756 1995 sua)

98 2007 169 2047 jura
199 2010 356 2041 Ecclesia;
379 2009 592 2041 violarentur.
619 2010 713 2046 Quod
734 2009 864 2046 accidit,
892 2008 944 2039 his
979 2008 1088 2040 verbis
1115 2013 1249 2041 narrat:
1271 2021 1286 2038 ct
1303 2009 1425 2041 Cittaba
1462 2010 1677 2050 (inquiens),
1706 2018 1755 2044 est

102 2056 234 2094 quidam
253 2057 314 2088 l0ci
333 2056 503 2094 terminus,
522 2060 662 2087 anostro
677 2056 955 2097 archiepiscopum
968 2057 1126 2088 diversus.
1141 2069 1155 2085 υ
1172 2058 1234 2097 (Ita
1253 2057 1380 2089 scilicet
1398 2058 1434 2089 in
1450 2059 1560 2090 Latina
1587 2060 1752 2099 interpre-

103 2105 239 2143 latione;
275 2106 332 2137 sed
367 2106 475 2137 Graece
489 2127 497 2141 ,
527 2111 559 2145 τῇ
575 2109 638 2137 καθ’
649 2109 730 2145 ἡμῶν
745 2110 894 2145 ἀρχιεπισκ

976 2110 1163 2147 διαφέρουσα,
1195 2106 1238 2138 ad
1269 2112 1417 2138 nostrum
1443 2108 1755 2149 archiepiscopatum

101 2155 291 2195 pertinens).
311 2166 325 2182 α
342 2155 379 2185 1η
398 2162 465 2194 quo
485 2152 581 2194 (loco)
603 2162 678 2185 cum
699 2154 872 2185 monachus
888 2155 1045 2193 templum
1069 2160 1101 2187 et
1122 2156 1300 2187 sacrarium
1325 2161 1537 2195 construeret,
1555 2158 1679 2189 anubis
1695 2160 1755 2190 im-

100 2202 228 2241 peditus
244 2209 306 2236 est.
333 2209 366 2237 '0
383 2209 412 2237 δδ
429 2210 634 2246 σταυροπήγιον
654 2210 857 2246 πατριαρχικὸν
877 2210 891 2237 λ

960 2220 980 2242 ν,
1003 2204 1062 2244 qui
1094 2205 1317 2244 patriarchico
1348 2206 1426 2245 jure
1469 2214 1595 2237 crucrm
1628 2207 1663 2237 in
1694 2207 1751 2239 illo

101 2251 245 2292 afﬁgcna,
270 2253 356 2284 dixit
371 2262 406 2285 se
430 2254 474 2285 ita
496 2262 580 2294 opus
607 2254 791 2286 inchoasse.
811 2254 868 2285 Ille
884 2258 991 2285 autem
1007 2261 1026 2284 a
1048 2253 1142 2284 nobis
1164 2253 1384 2285 nihilominus
1412 2256 1752 2288 excommunicationis

102 2298 237 2330 vinculis
253 2304 307 2331 est
326 2301 487 2341 alligatus.
508 2302 663 2339 Quianam
679 2303 767 2334 enim
781 2303 868 2334 inter
885 2302 1041 2342 Bulgaros
1064 2302 1271 2342 participatio
1302 2306 1335 2334 et
1359 2303 1551 2335 communio
1576 2313 1645 2334 rum
1659 2305 1754 2336 -Οοη-

101 2349 394 2396 stantinopolitano
427 2351 625 2389 patriarcha,
654 2356 892 2384 Κωνσταντινουπι

961 2365 974 2387 ς
1005 2356 1167 2392 πατριάρχῃ
1193 2356 1265 2392 μήτε
1287 2357 1458 2394 χειροτονίας
1490 2357 1535 2384 ἔπ’
1560 2360 1632 2396 αὐτῇ
1657 2361 1752 2389 δίκαια

101 2393 198 2441 ιχογτι,
217 2398 348 2435 λαχούσῃ
370 2398 416 2426 τὸν
440 2399 659 2434 ἁρχιεπίσκοπον
675 2400 875 2435 αὐτοκὲφαλον,
911 2400 975 2437 μήτ’
1002 2399 1068 2427 ἄλλο
1095 2408 1123 2426 τι
1152 2401 1342 2438 διαδεξαμινῳ
1362 2401 1436 2429 κατὰ
1455 2402 1560 2439 ταύτης
1580 2393 1750 2441 πρόνόμιονε

100 2440 152 2477 qui
165 2442 294 2473 nullum
302 2443 362 2483 jus
380 2441 594 2475 ordinationis
612 2445 648 2475 in
663 2454 698 2475 ea
711 2445 814 2481 habet,
830 2445 881 2476 sui
893 2445 983 2486 juris
997 2444 1239 2485 archiepiscopo
1251 2447 1411 2487 subjecta;
1426 2452 1457 2477 et
1466 2446 1589 2479 nullam
1603 2440 1706 2490 super
1716 2460 1752 2481 ea

101 2492 327 2523 auctoritatem
343 2492 438 2523 aliam
455 2502 671 2534 quamcunque
687 2496 879 2536 acceperit.»

142 2539 261 2570 Notum
272 2540 333 2580 jus
348 2540 445 2578 illud,
461 2544 699 2583 stauropegium
713 2544 850 2582 dictum,
865 2552 932 2583 quo
952 2541 1140 2582 patriarcha
1154 2541 1314 2580 Orientis,
1334 2545 1570 2586 unusquisque
1587 2547 1675 2579 intra
1696 2550 1750 2580 sui

103 2586 460 2625 patriarchatus-ﬁnes,
484 2592 604 2629 prmia
628 2600 692 2622 sua
714 2592 818 2623 crucis
842 2591 1012 2632 deﬁziona,
1041 2591 1198 2623 ecclesias
1226 2593 1406 2631 prtesertim
1437 2596 1646 2634 monasticae,
1677 2606 1752 2637 quae

103 2636 371 2686 exstruebantur,
392 2645 453 2668 suo
470 2637 622 2677 regimini
643 2639 835 2680 subjiciunt,
863 2641 1021 2672 ordinarii
1047 2640 1192 2680 episcOpi
1215 2644 1373 2678 potestate
1396 2646 1521 2674 semota
1539 2653 1547 2673 :
1565 2653 1673 2684 quove
1688 2636 1752 2686 By-

103 2684 221 2735 zantini
236 2686 381 2735 alim-um
399 2687 492 2716 etiam
515 2687 765 2725 patriarcharum
780 2687 864 2720 infra
880 2689 1036 2721 dimeeses
1057 2689 1104 2720 uti
1123 2688 1299 2720 audebant.
1316 2691 1412 2721 Suam
1430 2693 1554 2723 tutatur
1573 2684 1751 2735 Theophi-

104 2730 202 2764 lartus
217 2734 493 2773 autocephaliam,
509 2735 583 2774 jure
602 2737 691 2768 omni
707 2738 907 2778 stauropegii
924 2737 1096 2777 Byzantini
1109 2737 1257 2769 excluso.

138 2781 188 2812 26.
211 2783 370 2821 Episton
385 2792 518 2813 sensum
534 2778 741 2825 mentemque
766 2785 999 2826 TheOphylacti
1024 2786 1160 2817 minime
1176 2791 1347 2819 assecutus
1373 2792 1422 2819 est
1442 2790 1586 2822 Joannes
1599 2791 1749 2825 Morinus

103 2829 145 2881 ρε
160 2831 264 2881 sacris
285 2830 561 2869 ordinationibus,
580 2837 667 2872 parte
682 2843 717 2871 ιι,
735 2834 822 2865 inter
836 2835 1078 2873 adnotationes,
1096 2844 1188 2867 num.
1206 2836 1276 2873 11η.
1300 2837 1332 2868 in
1351 2838 1413 2869 ﬁne
1428 2847 1437 2870 :
1450 2850 1465 2868 α
1484 2839 1750 2881 TheOphylactus

102 2879 133 2910 in
150 2879 289 2919 epistola
306 2881 461 2921 quadam,
480 2880 648 2921 inquiens,
674 2882 782 2920 refert,
807 2886 980 2923 quemdam
1004 2885 1199 2916 monachum
1220 2885 1255 2917 in
1270 2886 1405 2919 dtmcesi
1421 2897 1480 2920 sua
1496 2879 1682 2927 ecclesiam,
1705 2900 1742 2923 se

102 2927 214 2977 inscio,
235 2928 460 2959 aediﬁcandam
483 2930 683 2970 suscepisse:
699 2932 755 2962 sed
779 2932 856 2972 quia
883 2933 944 2964 hoc
966 2938 1077 2965 contra
1093 2942 1235 2966 canones
1250 2935 1496 2976 aggrederetur,
1523 2937 1745 2977 prohibuisse,

102 2974 201 3012 donec
212 2979 465 3018 stauropcgium
482 2977 726 3018 patriarchicnm
740 2981 930 3020 accepisset.
948 2994 963 3011 »ι
976 2982 1044 3013 lmn
1060 2986 1170 3014 contra
1187 2974 1400 3023 patriarchale
1416 2974 1747 3026 Constantinopolita-
