4006 6488
519 473 591 534 85
1345 461 1570 523 BERN.
1612 457 1878 520 ΜΑΠΙᾸΞ
1914 453 2012 516 DE
2055 447 2341 514 RUDEIS
2381 438 2884 506 DlSSERTATlO
3726 423 3792 485 ττῦ

519 586 723 648 codex
792 585 910 646 219
976 581 1541 648 membranaceus,
1625 579 2073 654 pervctustus.
2141 564 2401 640 antiqua
2469 557 2822 640 majuscula
2895 555 3212 633 scriptura
3290 546 3783 627 elegantissime

518 694 837 754 exaratus,
885 685 995 763 qui
1033 682 1185 743 olim
1224 680 1302 740 ad
1363 650 1759 739 cardinalem
1813 671 2256 736 Bessarionem
2329 663 2682 742 pertinuit,
2746 677 2781 720 a
2852 660 3102 718 Joanne
3173 650 3500 763 Sambpco
3559 657 3778 763 postea

519 792 799 858 emptus,
825 744 1319 855 'translatusque
1351 775 1616 836 demum
1675 774 1739 833 in
1796 772 2146 832 Cmsaream
2212 762 2736 833 hibiliothecam,
2786 751 3283 819 Commentarios
3334 744 3791 824 Theophylacti

520 879 588 940 in
621 877 968 956 Evangelia
1006 875 1130 934 duo
1167 875 1377 932 sancti
1419 871 1628 930 Marci
1678 878 1732 928 et
1763 865 1968 925 sancti
2017 861 2206 922 Luctz
2236 858 2692 938 complectens.

603 977 814 1035 Grmca
877 969 1285 1049 prmmittitur
1340 965 1674 1029 adnotatio
1725 962 2035 1026 metrica:

1444 1110 1561 1190 ’[ᾗε
1585 1106 1921 1190 Ρασξέίσξῖλε
1947 1101 2208 1190 ,δ”ννῗῖηιξὲ
2226 1099 2508 1190 --λῖἶέἷῖῗ

1452 1174 1648 1246 Tuli};
1697 1175 1914 1244 ἀληθῶς
1947 1174 2106 1240 ἔργον
2138 1174 2536 1246 conventam;
2564 1203 2578 1222 .

1472 1232 1530 1302 '70
1551 1232 1943 1314 ’δέ’τρυίῂσὰς
1975 1232 2101 1314 iob;
2141 1232 2540 1314 psilippotoui
2581 1232 2772 1299 λόγους

1441 1305 1835 1388 Θιοφυλὰἆιτὸξ
1859 1305 2236 1383 ποίιμενάρῂης
2269 1305 2632 1375 Βο-υλγαρίας.

528 1461 762 1522 Eadem
821 1458 1001 1518 verba
1036 1452 1561 1517 Montfauconius
1604 1446 1798 1511 refert
1850 1446 1914 1506 in
1969 1443 2194 1505 Diario
2244 1439 2494 1507 Italico,
2531 1437 2738 1514 capite
2775 1436 2836 1503 6,
2876 1451 3017 1513 pag.
3077 1433 3178 1501 78,
3241 1432 3304 1491 in
3352 1431 3564 1490 fronte
3617 1425 3796 1490 codi-

527 1559 620 1618 cis
677 1553 1010 1632 praedictos
1069 1548 1534 1630 TheOphylacti
1599 1545 1667 1606 in
1725 1550 2006 1623 quatuor
2066 1535 2412 1616 Evangelia
2462 1529 2974 1597 Commentarios
3034 1528 3550 1601 complectentis,
3600 1534 3796 1586 manu

529 1628 818 1714 exaratos
849 1650 1015 1727 apud
1054 1628 1472 1711 Cassinenses
1505 1643 1847 1705 Patavinos
1892 1633 2238 1700 monachos
2280 1630 2836 1694 Sanctmlustinae.
2879 1628 3159 1690 Primum
3191 1641 3442 1687 carmen
3499 1634 3562 1685 et
3610 1639 3801 1703 quar-

532 1759 664 1807 tum
729 1720 1074 1824 utrobique
1113 1744 1320 1806 locum
1376 1741 1676 1804 eumdem
1718 1742 1936 1799 tenent
1969 1756 1984 1794 :
2017 1732 2130 1794 sed
2164 1731 2339 1812 quod
2395 1738 2490 1791 est
2523 1730 2880 1790 secundum
2919 1727 2983 1787 in
3015 1723 3237 1788 codice
3273 1720 3794 1788 Vindobonensi,

532 1845 788 1904 tertium
833 1852 929 1904 est
966 1815 1027 1902 in
1061 1842 1386 1912 Patavino,
1423 1856 1491 1900 ac
1540 1835 1803 1898 tertium
1865 1831 2101 1911 legitur
2145 1827 2434 1891 secundo
2467 1825 2628 1887 l0co.
2665 1825 2748 1885 Ea
2785 1838 2935 1883 vero
2966 1822 3059 1882 sic
3107 1821 3324 1882 Latine
3362 1820 3460 1880 vir
3491 1815 3801 1881 doctissi-

533 1958 678 2000 tnus
711 1938 1170 2013 interpretatur
1224 1958 1238 1993 :

1502 2058 1827 2125 lmperatrix
1862 2053 2033 2109 Maria
2065 2055 2176 2107 haec
2205 2050 2323 2125 ﬁeri
2355 2056 2586 2125 curarit.

1505 2123 1656 2194 Opas
1702 2143 1880 2180 ret-era
1916 2124 2231 2176 nobilissimi
2263 2123 2478 2194 ingenii,

1498 2190 1602 2264 Qui
1638 2213 1812 2251 autem
1849 2197 1942 2247 Icos
1996 2195 2276 2262 melli/litos
2306 2190 2723 2264 Commentarios
2756 2191 2948 2252 edidit,

1512 2260 1931 2336 iliceti/iulium:
1963 2279 2037 2316 cst
2072 2260 2344 2330 cpiscopus
2385 2260 2764 2330 Bulgararum.

541 2413 730 2475 llisce
767 2428 845 2472 ex
889 2409 1123 2480 verbis,
1161 2411 1566 2484 maximeque
1617 2424 1691 2466 ex
1728 2403 1970 2467 codicis
2008 2400 2324 2480 elegantia
2385 2398 2610 2478 colligi
2673 2415 2864 2477 posse
2921 2395 3298 2460 Lambecius
3339 2395 3603 2458 adnotat
3632 2437 3649 2464 ,
3698 2407 3802 2454 co-

539 2511 745 2570 dicem
789 2506 1386 2574 Vindobonensem,
1438 2503 1650 2581 ipsius
1697 2498 2160 2579 TheOpliylacti
2194 2503 2372 2556 (etate
2405 2505 2761 2566 exaratum,
2795 2495 2978 2556 illum
3002 2495 3216 2573 ipsum
3252 2509 3392 2554 esse
3437 2507 3570 2570 quo
3603 2490 3804 2551 Maria

550 2601 924 2682 imperatrix
962 2601 1284 2662 utebatur.
1338 2601 1454 2659 Sed
1523 2601 1745 2660 eadem
1798 2597 2013 2667 verba,
2066 2597 2196 2654 ι]ωο
2267 2595 2401 2654 sola
2436 2596 2486 2652 si
2549 2601 2942 2669 spectentur,
2979 2616 3007 2647 σι
3052 2609 3196 2653 eum
3225 2591 3302 2651 ab
3355 2590 3504 2650 aliis
3539 2589 3604 2649 in
3640 2588 3802 2648 alios

541 2701 793 2762 codices
852 2697 1304 2758 transmearint
1363 2693 1737 2769 (scitissime
1798 2695 2144 2752 adnotante
2212 2692 2721 2772 Montfauconio)
2789 2710 2916 2753 non
2989 2692 3201 2753 valent
3262 2692 3337 2751 ad
3375 2689 3803 2749 asserendum

543 2806 794 2874 tempus
851 2811 922 2854 ac
979 2791 1284 2853 saeculum
1331 2808 1460 2868 quo
1529 2789 1687 2850 libet
1739 2799 2036 2850 exaratus
2079 2798 2196 2850 est.
2230 2811 2256 2840 ιι
2295 2786 2593 2848 Codicem
2661 2787 3089 2848 nihilominus
3145 2787 3517 2847 Patavinnm
3564 2782 3805 2844 sreculo

542 2892 934 2952 duodecimo
984 2890 1320 2967 scriptum,
1359 2885 1519 2947 nihil
1557 2903 1793 2962 anceps
1847 2886 2086 2947 ibidem
2139 2886 2511 2963 pronuntiat
2557 2886 2724 2944 idem
2769 2884 3315 2947 Montiuueonius.

637 2988 966 3049 Caesareos
1024 2986 1279 3045 codices
1335 2991 1628 3044 recenset
1665 2981 2043 3043 Lambecius
2075 2982 2217 3054 217,

2281 2984 2421 3053 218,
2461 2984 2603 3054 219,
2646 2984 2785 3053 220,
2850 2985 2991 3054 221,
3056 2985 3168 3062 qui
3240 2981 3335 3042 vel
3397 2983 3464 3042 in
3527 2988 3801 3058 quatuor

544 3084 911 3162 Evangelia,
962 3082 1059 3142 vel
1098 3081 1160 3141 in
1208 3081 1356 3153 duo,
1391 3079 1489 3140 vel
1542 3097 1738 3139 unum
1769 3088 2041 3150 tantum,
2075 3080 2570 3141 Commentarios
2625 3080 3088 3158 TheOphylacti
3125 3087 3423 3159 praestant
3465 3096 3478 3138 :
3513 3079 3802 3152 itemque

553 3190 792 3248 monet,
829 3201 857 3234 α
898 3178 1076 3239 valde
1145 3176 1300 3237 utile
1363 3175 1690 3244 futurum,
1752 3192 1896 3234 cum
1957 3176 2199 3235 eisdem
2261 3177 2608 3255 diligenter
2659 3187 2720 3237 et
2787 3186 3078 3238 accurate
3164 3175 3442 3238 conferri
3491 3185 3805 3235 ncuratas

548 3277 855 3338 hactenus
912 3273 1257 3334 editiones.
1322 3273 1388 3331 In
1425 3273 1738 3332 Marciana
1804 3272 2189 3337 bibliotheca
2237 3280 2474 3341 Veneta
2521 3283 2775 3342 t'OdiL'eS
2813 3285 3106 3360 quinque
3151 3288 3566 3350 asset-ventur
3611 3301 3626 3338 :
3671 3295 3806 3338 ser-

553 3385 778 3452 vatque
816 3375 1034 3447 plures
1093 3371 1293 3447 Regia
1341 3369 1730 3429 Parisiensis
1769 3379 2173 3447 pervetustos
2222 3383 2282 3436 et
2339 3377 2595 3451 Optimm
2645 3388 2832 3448 notte,
2915 3395 3191 3456 quorum
3248 3376 3504 3456 aliquos
3563 3391 3810 3436 memo-

551 3484 686 3534 rant
726 3469 1077 3530 ltichardus
1109 3467 1438 3528 Simonius
1490 3476 1663 3528 tomo
1702 3468 1771 3526 ιν
1807 3469 2113 3529 Historia:
2159 3470 2413 3531 Critiae
2468 3472 2532 3531 in
2575 3473 2817 3534 Νιιυιιηι
2880 3470 3370 3543 Testamentum",
3432 3472 3642 3549 capite
3702 3472 3804 3540 28.

553 3580 613 3629 et
649 3568 917 3628 Michael
957 3564 1331 3643 Lequienus
1373 3564 1838 3625 Dissertationo
1881 3567 2332 3626 Damascenica
2372 3586 2453 3639 νι,
2488 3570 2576 3627 De
2621 3572 2893 3647 azymis,
2930 3587 3106 3631 num.
3141 3572 3372 3631 XLIII.
3431 3570 3615 3630 Alios
3656 3569 3811 3628 alia-

556 3684 694 3725 rum
733 3661 1270 3724 bibliothecarum
1331 3661 1586 3721 codices
1661 3660 1898 3722 indicat
1956 3663 2311 3724 Casimirus
2369 3667 2674 3725 Ontlinus
2739 3669 2821 3724 De
2879 3665 3299 3744 scriptoribus
3357 3665 3811 3727 ecclesiasticis

556 3772 727 3820 tumo
783 3760 835 3818 II
869 3757 933 3817 in
991 3755 1480 3834 Theophylacto.

635 3859 734 3918 33.
778 3855 990 3918 Editio
1025 3855 1231 3933 prima
1296 3857 1514 3917 Latina
1563 3874 1732 3919 anno
1781 3858 1934 3919 152's
1973 3857 2238 3936 prodiit,
2295 3857 2644 3935 interprete
2675 3859 2924 3918 Joanne
2977 3857 3512 3936 OECOIﬂmPﬂliiO,
3552 3857 3813 3918 hetero-

554 3952 719 4015 ιιι)ςο
778 3950 1066 4025 homine,
1117 3968 1261 4012 cum
1296 3951 1589 4030 ejusdem
1654 3953 1940 4030 Epistola
1977 3956 2052 4014 ad
2093 3954 2391 4015 lectorem
2447 3956 2674 4015 eodem
2721 3970 2890 4014 anno
2925 3955 3090 4015 data.
3137 3955 3368 4017 Codice
3418 3956 3642 4015 Graeco
3679 3957 3806 4015 im-

560 4049 838 4126 perfecto
899 4064 1058 4108 usus
1121 4056 1240 4120 est,
1296 4059 1364 4108 ut
1431 4048 1571 4126 ipse
1606 4047 1672 4108 in
1726 4049 2008 4125 Epistola
2063 4052 2470 4111 admonetur
2518 4050 2746 4129 Adegit
2783 4049 3438 4130 exemplarmutilum,
3500 4053 3670 4128 [XV]
3709 4049 3812 4110 in-

560 4145 814 4223 quiens,
853 4151 917 4203 ut
980 4160 1111 4204 uno
1153 4145 1216 4204 in
1252 4142 1390 4204 loco
1430 4146 1716 4222 qntedam
1772 4146 2159 4216 infarcirem,
2193 4148 2413 4209 deerat
2462 4149 2635 4210 enim
2689 4147 2900 4218 charta
2937 4174 2950 4211 :
2983 4153 3060 4211 (le
3093 4169 3223 4230 quo
3254 4159 3495 4222 tamen,
3533 4159 3601 4210 ut
3637 4151 3814 4210 vide-

564 4242 685 4313 bis,
722 4239 944 4300 nionui
1000 4257 1079 4302 ne
1144 4242 1294 4318 quis
1331 4241 1428 4301 vel
1478 4241 1539 4301 in
1576 4241 1692 4301 hoc
1735 4243 1918 4302 [idem
1960 4259 2162 4303 meam
2194 4257 2470 4306 accuset.
2515 4270 2542 4300 ιι
2583 4247 2786 4306 Locus
2820 4255 3026 4307 exsmt
3058 4248 3325 4308 Joannis
3355 4248 3566 4322 capite
3609 4264 3738 4315 ut,
3773 4263 3809 4306 a

560 4347 871 4399 commate
907 4336 979 4395 15
1024 4353 1228 4414 usque
1282 4337 1354 4396 ad
1418 4355 1579 4396 vers.
1605 4338 1705 4408 22,
1741 4339 1846 4399 ubi
1881 4340 2198 4417 interpres
2237 4341 2367 4401 huic
2398 4343 2723 4402 aantavit
2760 4362 2774 4399 :
2811 4365 2838 4396 α
2874 4343 3040 4416 Quia
3084 4342 3186 4402 hic
3220 4343 3558 4404 deﬁciebat
3597 4344 3815 4404 charta

561 4435 626 4494 in
663 4431 1037 4509 i-xetnplari,
1067 4448 1276 4508 operte
1311 4434 1586 4508 pretium
1627 4435 1834 4493 visum
1871 4445 1988 4503 est,
2027 4436 2336 4497 nonnulla
2365 4436 2694 4498 infercire.
2727 4439 2847 4510 Tu,
2884 4440 2967 4498 mi
3027 4440 3244 4511 lector,
3285 4439 3434 4500 boni
3469 4441 3812 4500 consulas:

564 4539 624 4590 et
658 4530 707 4587 si
755 4532 848 4589 vel
905 4529 970 4586 in
1025 4529 1353 4605 exemplar
1405 4546 1529 4590 non
1576 4529 1876 4590 mutilum
1919 4533 2252 4607 incideris,
2285 4535 2382 4594 vel
2441 4535 2768 4612 prohatius
2826 4539 3134 4616 quiddam
3183 4537 3512 4608 habueris,
3547 4547 3615 4599 tu
3651 4556 3818 4617 quo-

562 4643 688 4702 que
724 4625 793 4685 in
839 4626 1120 4685 medium
1148 4627 1374 4685 all'erre
1424 4644 1548 4687 non
1590 4628 1986 4705 dedigneris.
2020 4653 2048 4683 ››
2077 4631 2529 4691 Commentarii
2560 4642 3086 4709 supplementum
3121 4635 3444 4712 sequitur,
3492 4638 3667 4715 quod
3714 4639 3816 4698 his

572 4723 889 4798 interpres
921 4723 1159 4782 claudit
1201 4723 1412 4783 verbis
1453 4742 1465 4779 :
1504 4745 1532 4778 α
1576 4726 1722 4783 Hmc
1791 4725 2216 4796 inseruimus,
2280 4727 2475 4787 lector
2513 4749 2527 4786 :
2563 4737 2624 4788 et
2674 4731 2739 4789 in
2801 4729 2920 4791 hoc
2981 4731 3094 4792 tibi
3153 4733 3387 4809 opinor
3437 4734 3817 4811 gratiﬁcmi;

572 4835 744 4878 nunc
786 4825 1174 4894 sequuntur,
1215 4835 1359 4896 qum
1425 4819 1489 4881 in
1549 4822 1903 4898 exemplari
1963 4822 2485 4884 continebantur.
2527 4846 2556 4879 ιι
2593 4826 2972 4889 Lectoribus
3033 4830 3454 4907 gratiiicatum
3487 4848 3617 4893 non
3668 4850 3816 4894 esse

569 4912 1326 4988 OEcolampadiuininfra
1359 4914 1678 4989 dicemus,
1716 4927 1936 4994 utpote
1974 4918 2084 4995 qui
2123 4918 2723 4996 interpretationem
2789 4940 2820 4984 a
2877 4925 3341 5004 Theophylacti
3401 4940 3614 4989 mente
3675 4931 3815 4991 sine

571 5010 770 5071 dubio
830 5008 1105 5070 alienam
1141 5008 1514 5072 inseruerit.
1559 5014 1706 5075 Huic
1733 5015 1875 5092 ejus
1920 5017 2140 5077 Latina
2197 5019 2433 5086 versio,
2500 5019 2696 5080 variis
2729 5022 2795 5082 in
2832 5021 2987 5084 locis
3021 5024 3333 5102 impressa
3371 5026 3565 5104 typis,
3609 5028 3725 5087 luci
3757 5046 3815 5088 in

575 5108 751 5166 Vidit.

654 5203 750 5261 3h.
792 5207 1076 5265 Grmcum
1126 5211 1390 5274 textum,
1428 5204 1571 5265 sine
1596 5205 1816 5266 Latina
1861 5215 2183 5282 versione,
2213 5212 2478 5272 Romani
2514 5217 2916 5277 excuderunt
2947 5217 3317 5285 8111101542,
3357 5226 3424 5279 ιιι
3457 5221 3816 5290 Gesnerus.

575 5301 987 5371 l’ossevinus,
1016 5302 1304 5361 Labbeus
1338 5308 1399 5360 et
1431 5302 1675 5363 Caveus
1709 5305 2019 5367 scribunt.
2057 5317 2314 5368 Annum
2371 5310 2525 5370 1552
2557 5323 2846 5372 numerat
2879 5315 3061 5376 Joan.
3126 5316 3425 5376 Albertus
3477 5318 3816 5379 Fabricius

583 5396 704 5455 vol.
748 5396 826 5454 Vl
861 5395 1258 5455 Bibliotheca:
1295 5396 1549 5471 Graecae,
1611 5416 1748 5477 pag.
1802 5400 1938 5474 287,
1991 5412 2386 5482 testaturque
2423 5431 2448 5460 νε
2513 5424 2580 5466 se
2616 5411 2775 5469 hanc
2811 5410 2871 5470 in
2928 5413 3223 5473 manibus
3287 5414 3642 5474 editionem
3707 5417 3816 5475 ha-

579 5493 756 5560 bere,
798 5508 1004 5565 neque
1037 5491 1223 5551 aliam
1263 5493 1542 5554 Grmcam
1585 5512 1852 5572 nsquam
1889 5500 2094 5559 oculis
2128 5503 2265 5561 suis
2307 5505 2689 5563 occurrisse.
2732 5528 2757 5558 ν
2797 5509 3137 5569 Romanam
3187 5510 3534 5570 editionem
3576 5512 3734 5572 hanc
3759 5527 3816 5574 ut

579 5603 696 5664 ego
735 5590 791 5645 in
821 5587 1112 5646 manibus
1150 5589 1350 5649 habeo
1389 5612 1402 5650 :
1463 5593 1802 5670 oculisque
1869 5596 2105 5655 nostiis
2159 5601 2393 5658 intente
2455 5601 2919 5676 Spei-tantibus,
2963 5603 3091 5665 haec
3127 5607 3184 5663 in
3223 5607 3426 5666 fronte
3467 5621 3818 5672 oi-rurruut

580 5686 786 5751 verba,
827 5682 1031 5740 Roma:
1059 5701 1306 5743 unxut.

665 5780 988 5840 Pi'éetiiiSsa
1029 5779 1238 5841 brevis
1274 5784 1758 5849 Prtrfatiuncula
1797 5791 2009 5851 Latina
2097 5794 2316 5869 incipit
2356 5820 2368 5850 :
2428 5798 2749 5858 Studiosis
2810 5819 3132 5861 sacrarum
3201 5800 3612 5862 Litterarum.
3660 5805 3816 5868 Cum

580 5874 788 5932 multte
823 5892 920 5933 res
962 5877 1113 5948 sint,
1148 5895 1406 5955 quorum
1444 5902 1593 5942 usus
1627 5884 1902 5944 utilitati
1956 5899 2138 5966 atque
2174 5896 2349 5951 etiam
2383 5907 2741 5955 crmmrnto
2772 5899 2946 5957 nobis
2978 5918 3102 5957 esse
3126 5901 3300 5968 solet,
3323 5907 3443 5957 etc.
3486 5905 3553 5961 lu
3586 5922 3658 5963 ea
3694 5905 3813 5964 ini-
