4006 6474
521 432 595 497 39
1342 410 1568 475 BERN.
1614 408 1881 472 M.\RI.E
1924 407 2020 468 DE
2061 400 2348 466 RUBEIS
2388 393 2895 460 DISSERTATIO
3711 389 3785 462 ιο

519 559 659 604 nem
690 540 965 606 servant,
998 531 1279 593 excitant
1311 527 1503 590 bonas
1528 532 1723 596 artes,
1782 520 1999 601 quovis
2041 524 2322 593 sumptu,
2358 511 2578 592 quatis
2614 508 2869 606 premio
2916 507 3185 587 faciunt,
3242 516 3315 569 ut
3346 525 3480 589 quia
3506 521 3788 572 veterum

523 636 779 702 Gracia:
815 604 1077 690 Patrum
1100 632 1501 685 monumenta
1531 618 1955 688 celebrantur,
1996 624 2051 675 et
2076 614 2190 674 hac
2215 621 2395 671 (etate
2427 608 2677 669 minime
2695 604 3137 667 desideremus.
3184 628 3211 661 ι

609 734 658 793 Ε
688 729 952 809 regione
987 722 1187 786 Graeci
1224 726 1437 781 textus
1474 724 1712 793 prostat
1742 713 1960 776 Latina
1994 710 2227 778 versio,
2261 722 2453 785 quam
2503 708 2848 768 Montanus
2916 702 3315 781 recognovit,
3392 700 3793 765 lectionibus

530 799 940 904 vnriisiquas
972 822 1092 881 iste
1118 817 1480 896 conjecerat
1520 814 1586 876 in
1619 811 2003 889 marginem,
2030 808 2095 869 in
2145 804 2367 867 Latina
2404 801 2710 863 versione
2742 800 3117 876 assumptis.
3158 799 3548 862 Parisiensis
3582 799 3794 862 editor

530 895 872 999 siglisillis
903 895 1307 974 iudicaturi].
1336 911 1403 970 P.
1438 924 1581 986 qua:
1614 905 1677 966 in
1708 902 1925 983 aperis
1950 903 2157 961 fronte
2192 898 2657 978 inspiciuntur.
2709 895 2867 976 Ejus
2904 895 3261 959 oscitantias
3296 897 3554 976 insigne
3607 896 3795 959 aﬂ'ert

533 992 900 1091 ex'emplum
954 1007 1287 1070 Simouius
1346 1022 1422 1066 ex
1487 1002 1709 1064 Latina
1768 996 2299 1077 interpretatione
2359 994 2477 1055 loci
2538 994 2876 1071 cujusdam
2946 992 3008 1052 in
3050 992 3277 1071 Elegio
3328 992 3531 1054 sancti
3565 992 3791 1054 Marci.

532 1110 730 1175 Grieci
763 1114 1001 1178 textus,
1033 1103 1143 1182 qui
1188 1099 1625 1180 SOphronium
1648 1104 1973 1159 auctorem
2010 1092 2114 1155 bal

2215 1138 2221 1159 ,
2255 1091 2445 1154 verba
2475 1098 2625 1152 sunt
2661 1112 2676 1151 :
2711 1099 2823 1153 Kal.
2853 1101 2921 1170 τῇ
2954 1097 3257 1169 Ἐκκλησίᾳ
3286 1097 3797 1167 ἀναγνωσοησόμε-

532 1232 621 1271 νον
651 1214 976 1274 αὑθεντίσας
1008 1209 1239 1274 ἐξέδωκε
1281 1222 1296 1236 ·
1336 1213 1483 1276 quae
1526 1195 1611 1256 ita
1645 1194 1870 1257 Latine
1904 1199 2267 1262 vertuntur,
2292 1199 2474 1268 atque
2504 1188 2802 1249 Ecclesiae
2831 1206 2968 1248 cum
2995 1186 3248 1247 lectoris
3278 1185 3589 1265 dignitate
3620 1187 3794 1247 Mar-

530 1300 674 1368 cum
703 1301 994 1384 profecit
1037 1301 1290 1359 Petrus.
1328 1295 1672 1373 lgnorasse
1706 1291 1917 1353 editor
1948 1289 2060 1351 ille
2099 1288 2375 1355 videtur,
2405 1283 2647 1364 pra‘fati
2707 1284 2902 1362 elogii
2933 1282 3132 1346 Graeci
3160 1290 3487 1345 auctorem
3515 1282 3800 1361 Sophro-

533 1377 942 1463 niumunam
977 1392 1373 1472 impendisse
1424 1405 1711 1468 operam,
1770 1397 1838 1449 ut
1866 1386 2079 1447 Greece
2130 1381 2505 1445 transferret
2534 1380 2733 1442 sancti
2764 1379 3146 1458 Hieronymi
3222 1377 3456 1440 librum
3498 1378 3587 1438 De
3635 1379 3800 1439 ciris

534 1495 922 1559 illustribus.
958 1493 1154 1552 Porro
1180 1487 1625 1565 Hieronymus
1653 1486 1718 1546 in
1755 1484 1981 1546 Latino
2012 1497 2135 1544 suo
2170 1480 2359 1541 Marci
2432 1478 2663 1557 Elogio
2693 1478 2787 1539 sic
2839 1476 2929 1537 ait
2966 1494 2979 1537 :
3044 1473 3214 1555 quod
3254 1473 3711 1556 (Evangelium
3765 1493 3799 1536 a

535 1594 747 1654 Marco
814 1585 1151 1666 scriptum)
1206 1603 1347 1646 cum
1392 1583 1621 1646 Petrus
1676 1580 1985 1654 audisset,
2039 1577 2387 1659 probavit:
2444 1575 2831 1637 etEeclesiis
2865 1571 3191 1653 legendum
3247 1592 3365 1633 sua
3413 1575 3801 1633 auctoritate

536 1690 731 1751 dedit.
762 1690 952 1750 Hunc
976 1687 1164 1747 etiam
1195 1698 1462 1745 sensum
1506 1679 1850 1758 Saphrouii
1892 1689 2106 1741 textus
2136 1673 2439 1752 exprimit
2470 1695 2484 1734 :
2523 1677 2779 1735 Petrum
2815 1689 3072 1749 nempe,
3100 1690 3220 1732 sua
3252 1680 3529 1733 utentem
3564 1678 3798 1731 aucto-

533 1788 749 1857 ritate,
780 1782 1082 1847 Ecclesia:
1105 1780 1431 1859 legendum
1460 1777 1653 1840 Marci
1692 1776 2116 1855 Evangelium
2147 1771 2392 1832 dedisse
2431 1792 2450 1829 .-
2497 1770 2764 1833 minime
2803 1785 2977 1843 vero,
3006 1770 3291 1831 Marcum
3324 1767 3625 1828 Ecclesiae
3660 1784 3799 1827 cum

536 1881 791 1941 lectoris
853 1877 1164 1956 dignitate
1224 1892 1257 1936 a
1316 1875 1499 1936 Petro
1554 1872 1919 1952 prterectum
1978 1887 2130 1930 esse.
2188 1864 2489 1943 Sphalma
2540 1874 2636 1927 est
2689 1864 2863 1927 nulla
2900 1865 3085 1926 venia
3130 1864 3426 1943 dignum;
3494 1861 3798 1940 Sphalma

538 1976 808 2038 alterum
842 1977 1008 2036 addo
1038 1989 1181 2052 ego,
1208 1969 1379 2050 quod
1417 1968 1483 2029 in
1516 1968 1741 2048 Elogio
1772 1967 1969 2029 sancti
2034 1963 2301 2027 Joannis
2353 1961 2627 2041 apostoli
2677 1970 2739 2023 et
2793 1961 3210 2041 evangelistte
3267 1960 3570 2023 occurrit.
3634 1958 3801 2021 Scri-

543 2080 753 2153 pserat
805 2072 1243 2150 Hieronymus
1303 2066 1390 2126 De
1460 2065 1618 2126 ciris
1683 2062 2044 2125 illustribus
2111 2059 2318 2139 capite
2373 2062 2437 2131 9,
2492 2058 2818 2138 Epistolas
2883 2057 3040 2122 duas
3096 2059 3370 2120 Joannis
3441 2054 3800 2134 presbyteri

535 2168 839 2230 asseri....
870 2168 987 2227 etsi
1013 2163 1309 2226 nonnulli
1351 2168 1581 2240 putent
1639 2176 1747 2221 eas
1804 2177 1948 2221 esse
1987 2158 2260 2219 Joannis
2296 2154 2708 2236 evangelium.
2744 2156 3116 2219 Discrimen
3155 2155 3421 2217 alterius
3478 2155 3555 2217 ab
3593 2154 3799 2215 altero

535 2270 783 2329 Joanne
849 2264 1133 2325 retinens
1196 2259 1624 2338 Sephronius,
1685 2258 1899 2318 Graece
1954 2264 2117 2316 verte

2217 2273 2247 2324 :,
2290 2262 2538 2315 Ἰωάννου
2590 2260 2988 2332 πρεσϐυτέρου,
3024 2261 3087 2313 et
3146 2260 3397 2313 Ἰωάννου
3430 2256 3525 2311 τοῦ
3563 2257 3799 2327 εὐαγγε-

535 2371 719 2426 λιστου
749 2386 764 2401 ·
800 2362 913 2423 sed
942 2359 1112 2420 hunc
1142 2358 1427 2417 Gttecum
1458 2361 1700 2415 textum
1738 2370 2069 2431 perperam
2103 2354 2487 2415 Parisiensis
2515 2354 2723 2415 editor
2753 2355 2970 2415 Latine
3004 2352 3312 2425 reddidit,
3343 2352 3617 2413 Joannis
3647 2369 3799 2431 apo-

537 2460 688 2521 stoli
719 2469 776 2519 et
807 2456 1074 2519 Joannis
1114 2450 1527 2531 evangelista,
1576 2466 1646 2510 ac
1680 2451 1733 2509 si
1767 2450 2093 2527 apostolus
2133 2458 2196 2509 et
2226 2452 2603 2529 erangelista
2636 2451 2767 2512 duo
2805 2448 3015 2511 forent
3060 2450 3329 2511 Joannis
3387 2448 3654 2511 nomine
3682 2464 3794 2528 ap-

545 2555 785 2635 pellati.
829 2554 899 2613 1n
934 2551 1220 2612 editione
1259 2550 1499 2607 Veneta
1535 2545 1858 2606 sublatum
1884 2550 2189 2607 mendum
2215 2557 2335 2609 est.

618 2678 802 2737 Joan.
836 2672 1139 2733 Alliertus
1174 2668 1509 2731 Fabricius
1537 2674 1721 2729 sexto
1757 2667 2090 2728 volumine
2118 2665 2521 2728 Bibliotheca:
2584 2666 2837 2737 Grecae,
2878 2683 3018 2746 pag.
3050 2665 3194 2733 288,
3246 2664 3333 2726 ait
3369 2686 3385 2726 :
3424 2688 3452 2720 ιι
3490 2662 3801 2727 Combeli-

544 2773 682 2834 sius
745 2771 1043 2844 miratur,
1088 2767 1640 2846 Theophylactum
1699 2764 1766 2824 in
1824 2764 2207 2824 Parisiensis
2271 2765 2581 2827 editionis
2643 2766 2832 2827 titulo
2868 2765 3226 2833 vorarinbv
3256 2774 3314 2825 tv
3344 2772 3524 2840 ἁγίοις
3580 2769 3802 2840 Πατέρα

540 2870 718 2941 ἡμῶν.
782 2870 964 2931 Certe
1023 2867 1088 2927 in
1124 2867 1406 2927 Romana
1442 2863 1605 2925 nihil
1648 2862 1827 2925 aliud
1861 2873 1955 2925 est
2000 2880 2121 2943 qua

2219 2870 2600 2939 Θεοφυὶάκτου
2668 2872 3107 2942 ἀρχιεπισκόπου
3166 2869 3504 2941 Βουλγαριας
3536 2869 3801 2941 ἑρμηνεία

542 2979 625 3041 sl;
681 2979 751 3033 τὰ
811 2980 1057 3047 τέσσαρα
1131 2975 1461 3041 [εὐαγγέλια.
1522 2988 1540 3019 ι
1603 2963 1725 3024 Sed
1790 2963 1917 3022 ltuit:
1970 2964 2121 3023 unde

2252 2962 2464 3037 verba,
2533 2973 2968 3043 prtetereaque
3041 2962 3230 3037 nihil,
3292 2968 3543 3039 praestat
3597 2960 3799 3023 editio

546 3068 955 3131 Parisiensis.
1020 3065 1404 3129 Combetisio
1463 3077 1617 3125 vero
1676 3059 2037 3137 imponitur
2098 3062 2267 3135 quod
2320 3077 2531 3137 neque
2586 3062 2961 3129 somniavit,
3020 3060 3080 3119 id
3120 3075 3321 3121 unum
3381 3060 3521 3119 suis
3574 3057 3643 3119 in
3694 3074 3803 3120 re-

543 3166 814 3227 censitis
884 3162 1259 3224 auctoribus
1318 3159 1722 3245 Bibliotheca;
1780 3156 2045 3217 Patrum
2108 3154 2599 3216 coneionatoria:
2654 3155 2983 3234 inquienti
3038 3176 3054 3217 :
3105 3178 3131 3209 ‹‹
3177 3154 3376 3217 Miror
3434 3154 3549 3232 qui
3606 3171 3805 3233 agno-

528 3263 784 3335 overint,
821 3278 945 3322 non
980 3259 1222 3321 veritos
1279 3266 1630 3328 praenotare
1662 3254 1805 3333 ejus
1864 3268 2109 3330 opuscu

2225 3267 2256 3309 n
2315 3251 2603 3330 aliquod,
2650 3260 2758 3314 Τοῦ
2800 3263 2857 3313 ἐν
2899 3260 3076 3328 ἁγίοις
3134 3261 3350 3330 Πατρὸς
3404 3258 3563 3331 ἡμῶν
3603 3261 3807 3330 Θεοφο-

547 3370 775 3433 λὰκτου,
818 3356 1261 3418 ςαπτιίΡαίνίε
1281 3353 1486 3413 nostri
1514 3348 1983 3430 Theophylacti.
2008 3372 2034 3402 η
2062 3349 2129 3408 Pr

2223 3350 2592 3411 notationem
2630 3350 3042 3428 reprehendit
3066 3348 3485 3411 Combeﬁsius
3512 3349 3805 3429 opusculi

547 3457 846 3538 alicujus,
880 3473 1008 3517 non
1049 3454 1431 3515 l'arisiensis
1462 3450 2087 3511 Commentariorum
2133 3448 2196 3507 in
2232 3447 2575 3526 Evangelia
2607 3447 2966 3509 editionis:
3002 3447 3329 3527 OptlSCUii,
3372 3447 3665 3525 inquam,
3719 3447 3803 3507 De

551 3557 726 3631 regia
756 3554 897 3614 sine
924 3551 1123 3612 dubio
1156 3548 1598 3619 Institutione,
1630 3547 1880 3626 pridem
1941 3545 2114 3624 typis
2171 3544 2325 3604 editi
2384 3562 2415 3605 a
2458 3547 2640 3606 Petro
2674 3548 2945 3609 Possino
2986 3544 3321 3607 sublitulo
3366 3554 3474 3608 Τοῦ
3510 3555 3566 3606 ὲν
3627 3553 3801 3621 ἁγίοις

549 3660 764 3729 ιιατρὸς
790 3659 945 3729 ἡμῶν
976 3655 1383 3725 Θεοφυὶάκτου,
1418 3656 1536 3707 etc.
1578 3647 1685 3706 Ail
1724 3645 1835 3707 ille
1861 3648 2052 3707 etiam
2094 3645 2131 3704 il

2219 3640 2533 3721 unrginali
2569 3643 2981 3705 adnotatione
3014 3646 3087 3704 ad
3118 3644 3413 3722 ejusdem
3450 3643 3801 3720 TlleOphy-

548 3746 694 3809 lacti
722 3747 1050 3808 homiliam
1085 3746 1151 3805 in
1182 3743 1733 3804 Pra’sentationem
1762 3743 2049 3819 Deiparae
2086 3740 2388 3818 Virginis,
2424 3737 2492 3799 in
2531 3740 2835 3800 mantissa
2866 3738 3019 3799 tomi
3060 3741 3196 3801 Vlll
3233 3738 3633 3801 Bibliotheca?
3652 3756 3801 3807 con-

549 3844 915 3903 cionatoriw
944 3862 965 3903 :
999 3864 1026 3898 ιι
1064 3839 1620 3919 Sapientissimum
1679 3838 2278 3918 (TheOphv'actum)
2331 3844 2391 3896 et
2448 3834 2578 3896 hasc
2632 3836 2841 3913 prodit
2876 3836 3083 3897 oratio
3120 3858 3136 3898 :
3170 3835 3415 3899 utinam
3454 3851 3570 3897 nec
3600 3835 3804 3897 sant-ti

549 3938 674 3999 alia
708 3940 1087 4019 abrogarent
1118 3936 1416 3997 titulum!
1456 3956 1483 3989 η

2138 4120 2210 4181 Χ.

554 4274 786 4350 [ΧῊῙ]
820 4269 1152 4332 Methodus
1202 4288 1239 4329 a
1304 4268 1758 4349 Theophylacto
1812 4280 2059 4330 servata
2090 4272 2158 4331 in
2189 4271 2664 4333 Commentariis
2705 4292 2722 4330 :
2765 4269 2944 4331 breve
2993 4267 3231 4332 scilicet
3272 4272 3337 4331 in
3383 4273 3811 4349 compendium

636 4355 867 4430 passim
907 4349 1223 4426 redigente
1250 4358 1532 4430 sanctum
1560 4353 1865 4430 Joannem
1905 4352 2436 4426 Chrysostomum.
2496 4352 2791 4410 Parciore
2838 4368 3025 4410 manu
3067 4354 3336 4411 aliorum
3392 4353 3638 4429 colligit
3688 4356 3808 4414 ali-

641 4427 888 4508 quando
920 4429 1367 4505 expositiones.
1398 4427 2052 4506 Allegoriisabundat,
2082 4447 2213 4505 quia
2249 4447 2329 4486 an
2366 4447 2571 4487 omnes
2609 4430 2683 4488 ab
2722 4432 2859 4505 ipso
2888 4432 3183 4507 pro/ectw
3210 4432 3361 4503 sint,
3394 4449 3475 4508 an
3500 4427 3806 4505 insitititr,

635 4503 1018 4589 inquiritur:
1041 4509 1271 4585 Aliqua
1314 4518 1459 4567 sunt
1495 4503 1763 4585 proprio
1796 4520 1989 4567 marte
2027 4503 2267 4585 scripta
2300 4527 2318 4565 :
2350 4508 2397 4567 (1'
2408 4525 2707 4567 raeorum
2740 4503 3667 4588 ejus'a’eitheologiam'tradit.

645 4673 747 4732 37.
796 4667 1351 4746 Theophylactum
1387 4667 1524 4726 suis
1556 4667 1621 4726 in
1658 4667 2149 4727 Commentariis
2182 4668 2249 4728 in
2280 4668 2625 4747 Evangelia
2659 4669 2992 4748 redegisse
3026 4669 3089 4729 in
3126 4670 3582 4747 compendium
3616 4670 3817 4735 lusio-

569 4786 673 4831 res
735 4763 1007 4827 Joannis
1064 4762 1503 4840 Chrysostomi
1554 4778 1780 4822 aureas
1829 4764 2290 4837 enarrationes,
2346 4783 2470 4827 una
2525 4778 2585 4827 et
2644 4766 3058 4827 consentiens
3091 4776 3185 4827 est
3217 4765 3812 4847 bibliograpborum

557 4860 1068 4927 animadversio.
1126 4859 1343 4920 Sixtus
1394 4858 1699 4919 Senensis
1753 4859 1817 4919 in
1872 4858 2263 4920 Bibliotheca
2292 4871 2533 4933 saneta,
2573 4862 2736 4925 libro
2765 4881 2851 4936 1v,
2893 4862 2987 4924 sic
3026 4862 3113 4921 ait
3149 4883 3163 4922 :
3198 4884 3225 4919 α
3258 4864 3326 4923 In
3368 4864 3505 4924 divi
3539 4864 3815 4945 Chryso-

560 4961 754 5024 stomi
806 4958 1086 5019 lectione
1145 4957 1259 5017 diu
1299 4955 1707 5032 multumque
1739 4964 2025 5014 versatus
2078 4971 2147 5015 ac
2176 4959 2475 5034 detritus,
2505 4960 2742 5038 redegit
2784 4961 2849 5021 in
2885 4959 3063 5020 breve
3102 4968 3161 5018 et
3206 4969 3495 5039 apertum
3528 4981 3813 5042 compen-

559 5056 752 5127 dium,
781 5057 963 5134 juxta
1019 5053 1385 5113 historieam
1448 5050 1961 5129 intelligentiam,
2005 5052 2323 5130 quidquid
2363 5056 2760 5117 admirabilis
2801 5056 2907 5117 ille
2950 5060 3130 5117 Pater
3180 5074 3257 5117 ex
3292 5072 3493 5117 aureo
3524 5075 3647 5119 suo
3681 5078 3811 5130 ore,

564 5154 760 5214 veluti
818 5169 901 5211 ex
956 5147 1520 5210 abundantissimo
1554 5151 1758 5219 fonte,
1796 5147 1858 5206 in
1892 5150 2297 5225 exponendis
2329 5152 2679 5229 Scripturis
2716 5155 2951 5215 sanctis
2983 5153 3322 5225 effuderat,
3373 5158 3817 5231 pratermissis

570 5250 725 5310 locis
768 5246 1221 5317 communibus,
1258 5246 1322 5305 in
1362 5247 1599 5323 quibus
1635 5245 1736 5305 ille
1774 5245 1979 5322 plenis
2013 5245 2402 5324 eloquentia)
2433 5248 2591 5308 velis
2624 5265 2970 5310 excurrere
3004 5249 3365 5311 consuevit.
3406 5274 3434 5306 »

648 5365 815 5425 Hinc
853 5380 998 5425 vero
1033 5366 1099 5425 in
1136 5362 1467 5424 codicibus
1505 5360 1959 5439 manuscriptis
1992 5362 2230 5439 inscrip

2241 5362 2449 5422 tiones
2474 5361 2853 5440 hujusmodi
2893 5372 3118 5439 pra)le
3149 5371 3303 5426 sunt
3329 5389 3341 5426 :
3363 5375 3817 5445 Θεοφυλᾶκτου...

563 5466 834 5537 Ἐπιτομὴ
860 5468 966 5521 τῶν
1003 5469 1090 5521 τοῦ
1111 5468 1505 5538 Χρυσοστὸμου
1557 5464 1933 5537 Ἐξηγητικῶν
1970 5469 2047 5530 εἰς
2076 5471 2136 5521 τὸ

2242 5471 2302 5521 τὰ
2333 5469 2547 5521 Λουκᾶν
2586 5469 2936 5536 Εὖαγγέὶιον,
2978 5462 3499 5539 Theophylacti...
3525 5466 3824 5544 Compen-

566 5556 737 5617 dium
770 5558 1367 5618 Commentariorum
1404 5556 1835 5631 Chrysostomi
1871 5556 1935 5615 in
1967 5557 2375 5634 Ecangelium
2408 5556 2747 5616 secundum
2792 5555 3043 5618 Lucam.
3093 5560 3205 5619 Vel
3256 5566 3530 5638 Ἐπιτομὴ
3551 5572 3664 5626 τῶν
3704 5573 3821 5639 Ἐξ-

566 5664 853 5733 ηγητικῶν
894 5666 975 5728 εἰς
1004 5664 1066 5717 τὸ
1102 5663 1244 5716 κατὰ
1274 5662 1555 5715 Ματθσῖον
1582 5660 1946 5729 Εὑαγγέλιον,
1985 5652 2148 5731 Ερὶμ

2245 5672 2272 5711 e
2322 5654 2925 5714 Commentariorum
2993 5653 3493 5735 (subintellige,
3552 5663 3822 5722 Joannis

566 5753 1018 5831 Chrysostomi)
1050 5752 1118 5813 in
1157 5748 1563 5827 Ecangclium
1592 5749 1902 5811 Matthwi.

645 5850 742 5910 38.
794 5850 911 5907 Sed
950 5849 1106 5909 alios
1142 5846 1358 5916 etiam,
1403 5847 1689 5925 parciore
1723 5847 1987 5924 quidem
2024 5864 2239 5923 manu,
2290 5847 2637 5927 scriptores
2684 5847 3203 5926 interpretesque
3234 5856 3527 5911 vetustos
3572 5852 3652 5913 ab
3686 5851 3821 5930 ipso
