4006 6542
211 576 266 639 tl
1014 565 1111 626 DE
1150 559 1736 625 THEOPIIYLACTI
1780 558 2057 621 GESTIS
2097 557 2193 619 ET
2235 557 2603 621 SCRIPTIS.
3411 563 3480 626 42

207 688 527 763 decerptos
564 678 914 761 aliquando
976 676 1208 746 fuisse,
1268 673 1542 734 dubium
1604 667 1861 730 nullum
1897 683 2040 727 esse
2099 667 2290 729 debet
2328 688 2342 727 :
2376 684 2520 728 eum
2567 664 2974 746 perantiquis
3023 667 3085 728 in
3141 666 3474 749 aliquibus

207 781 470 853 Catenis,
504 780 847 841 adnotante
883 773 1173 836 Simonio
1216 787 1356 848 pag.
1391 768 1530 835 liOO,
1588 765 1772 844 plura
1805 763 2243 834 otl‘endantur,
2298 784 2445 842 quas
2484 764 2792 825 similiter
2847 765 3018 842 apud
3059 765 3478 847 TheOphyla-

205 887 360 941 ctum
395 883 762 940 occurrunt.
807 869 1430 934 Commentariorum
1475 865 1618 943 ejus
1652 864 1720 923 in
1768 861 2181 939 Evangelium
2232 862 2504 921 Joannis
2563 861 2751 922 affert
2805 860 3105 923 laudatus
3146 863 3481 928 Simonius

203 976 500 1046 codicem,
534 974 633 1034 his
673 969 1056 1047 inscriptum
1082 965 1298 1026 verbis
1335 981 1347 1023 :
1393 970 1699 1041 Ἐρμηνεία
1752 986 1780 1021 τ

1897 965 2043 1033 Ξιγίου
2104 983 2208 1036 μου
2251 966 2522 1020 δεσπότου
2582 968 2678 1020 καὶ
2726 966 2994 1022 αὐθέντου
3046 973 3479 1042 μακαριωτάτου

200 1070 622 1142 ἁρχιεπισκόπου
681 1065 852 1136 κυροῦ
905 1062 1316 1130 Θεοφυλὰκτου,
1349 1058 1670 1111 συντεθεῖσα
1723 1060 1787 1109 ὲκ
1828 1055 2105 1125 διαφόριιιν
2151 1055 2327 1122 ἁγίων
2381 1058 2462 1120 εἰς
2508 1058 2569 1109 τὸ
2610 1057 2757 1110 κατὰ
2810 1057 3074 1129 Ἰωάννην
3120 1059 3480 1129 Εὐαγγέλιον,

203 1158 640 1237 lnterpretatio
676 1153 880 1214 sancti
909 1151 1150 1211 domini
1192 1149 1310 1207 mei
1341 1158 1397 1206 et
1430 1146 1713 1205 auctoris
1752 1143 1919 1206 beati
1953 1146 2426 1225 archiepiscopi
2466 1147 2710 1208 domini
2747 1149 3225 1227 Theophylacti,
3260 1153 3480 1232 confe-

199 1265 290 1314 cta
320 1272 396 1313 ex
426 1251 695 1313 diversis
736 1258 1102 1309 sanctorum
1133 1243 1456 1323 operibus,
1494 1244 1561 1303 in
1593 1241 2009 1319 Evangelium
2052 1244 2260 1303 sancti
2286 1245 2582 1305 Joannis.
2621 1244 2914 1307 Titulum
2963 1248 3173 1306 sancti
3216 1254 3277 1308 et
3315 1247 3484 1310 beati

200 1358 607 1424 prmnolatum
642 1367 675 1411 a
718 1350 937 1410 Grmco
984 1343 1247 1404 librario
1281 1342 1720 1402 animadverte
1757 1360 1772 1400 :
1807 1354 1879 1400 ac
1919 1340 2125 1415 disce,
2167 1341 2623 1421 hujuscemodi
2659 1343 2884 1405 titulos
2921 1344 2987 1406 in
3028 1345 3255 1407 oculos
3289 1347 3481 1408 etiam

199 1446 508 1508 Francisci
566 1442 964 1514 Combeﬁsii,
1023 1439 1140 1520 qui
1196 1438 1455 1501 codices
1506 1435 1837 1508 lustrabat,
1893 1437 2185 1500 incidere
2239 1439 2558 1518 potuisse,
2594 1456 2664 1502 ac
2706 1456 2814 1502 eas
2851 1449 3159 1520 praeterea
3197 1458 3389 1506 voces
3425 1449 3484 1501 ὲν

191 1549 376 1620 ἁγίοις.
417 1545 579 1606 Vide
613 1561 678 1604 n.
708 1543 813 1604 36.

260 1641 354 1702 39.
405 1639 759 1720 Allegoriis
793 1635 1320 1716 TheOphylactus
1358 1632 1665 1694 abundat.
1696 1631 2032 1694 Iudicium
2066 1631 2188 1695 fert
2223 1633 2773 1710 OEcolampadius
2802 1651 2916 1698 sua
2956 1637 3017 1697 in
3052 1635 3480 1699 Prmfatione:

191 1761 214 1791 «
248 1739 316 1799 In
350 1738 710 1818 allegoriis,
775 1735 1116 1815 inquiens,
1169 1733 1289 1796 etsi
1343 1748 1473 1793 non
1526 1730 1775 1810 ubique
1813 1729 2092 1804 solidus,
2127 1731 2465 1809 jucundus
2515 1741 2728 1795 tamen
2771 1740 2891 1796 est.
2939 1757 2968 1791 υ
3018 1732 3118 1796 Sic
3159 1733 3354 1796 etiam
3394 1736 3484 1797 ait

187 1833 392 1897 Sixtus
425 1833 744 1898 Senensis
781 1835 920 1896 loco
952 1832 1146 1892 citato
1199 1850 1243 1890 ε·
1269 1851 1298 1885 κ
1359 1827 1723 1906 Allegorias
1758 1843 2049 1908 quoque,
2086 1845 2234 1891 cum
2273 1837 2384 1891 aut
2431 1829 2673 1904 nullas,
2726 1838 2837 1893 aut
2872 1848 3045 1893 raras
3078 1831 3251 1908 apud
3286 1833 3483 1910 Chry-

185 1938 539 1995 sostomum
572 1931 959 2004 invenisset,
1007 1945 1087 1990 ex
1123 1925 1396 1989 aliorum
1431 1923 1918 1987 commentariis
1966 1924 2324 2004 supplevit,
2369 1935 2432 1990 et
2465 1927 2604 1990 suis
2648 1927 2809 1990 locis
2843 1927 3181 2006 aptissime
3233 1945 3486 1991 accom-

187 2027 487 2091 modavit.
535 2053 565 2086 ι)

255 2122 348 2184 Ex
380 2124 478 2186 his
523 2123 873 2202 irrepsisse
912 2121 1259 2201 plerasque
1300 2116 1368 2180 in
1418 2123 1663 2179 textum
1699 2135 1778 2179 ex
1813 2121 2083 2184 scholiis
2119 2121 2610 2202 marginalibus,
2660 2121 2922 2200 putabat
2959 2121 3300 2184 Simonius
3336 2119 3481 2182 loco
3536 2154 3539 2156 -

191 2220 420 2298 sapius
457 2221 676 2294 citato,
715 2237 853 2300 pag.
889 2219 1031 2279 392.
1063 2217 1140 2276 V.
1176 2232 1236 2294 g.
1271 2215 1393 2276 sub
1427 2213 1690 2275 initium
1725 2216 2178 2283 Commentarii
2212 2237 2407 2300 super
2445 2219 2836 2292 Matthwum,
2872 2227 3159 2300 quatuor
3199 2217 3482 2294 legimus

188 2313 530 2396 Evangelia
569 2317 808 2396 scripta
862 2331 1032 2389 esse,
1073 2336 1100 2368 α
1142 2310 1242 2373 vel
1302 2309 1453 2372 ideo
1503 2312 1658 2390 quia
1711 2323 1992 2392 quatuor
2043 2318 2316 2379 virtutes
2353 2316 2766 2379 universales
2816 2333 2896 2377 ex
2938 2316 3036 2378 eis
3078 2316 3479 2378 discimus...

185 2411 382 2492 Atque
416 2416 614 2477 etiam
649 2415 774 2476 alia
811 2415 1082 2485 ratione,
1114 2415 1456 2488 propterea
1490 2408 1665 2487 quod
1700 2410 1821 2473 ista
1854 2415 2081 2476 mundi
2118 2420 2272 2476 sunt
2305 2413 2705 2477 columnae...
2746 2415 2817 2475 Et
2841 2413 2967 2475 alia
3003 2413 3152 2474 item
3203 2412 3482 2480 ratione,

181 2510 483 2586 quoniam
537 2519 824 2592 quatuor
880 2510 1012 2572 haec
1065 2504 1612 2582 complectuntur,
1670 2506 1995 2586 dogmata,
2054 2520 2394 2592 praecepta,
2459 2511 2672 2571 minas
2728 2516 2792 2571 et
2878 2508 3479 2587 pollicitationes.»

181 2608 366 2686 Atqui
412 2627 598 2682 vero,
660 2609 954 2672 Simonio
988 2611 1174 2679 teste,
1236 2603 1440 2665 codex
1498 2603 1680 2667 adest
1734 2607 1801 2668 in
1846 2607 2200 2670 Parisiensi
2237 2607 2440 2687 Regia
2480 2605 2912 2682 Bibliotheca,
2970 2606 3082 2668 ubi
3132 2605 3481 2685 allegorica

179 2703 331 2765 ratio
362 2705 570 2769 altera
618 2723 689 2770 ac
723 2706 912 2768 tertia
945 2703 1405 2766 desiderantur
1443 2722 1459 2760 :
1501 2708 1562 2762 et
1593 2702 1774 2764 adest
1807 2704 2000 2778 alius,
2039 2703 2105 2765 in
2146 2721 2278 2782 quo
2323 2722 2445 2766 nec
2481 2704 2682 2783 prima
2715 2721 2836 2766 nec
2873 2704 3057 2766 tertia
3103 2716 3480 2773 occurrunt,

179 2802 546 2886 legiturque
588 2806 785 2868 altera
824 2812 1102 2866 tantum.
1153 2803 1673 2881 Manuscriptum
1738 2801 1805 2862 in
1877 2799 2311 2879 evangelistas
2366 2799 2823 2882 Theophyla-cli
2875 2801 3225 2878 Prologum
3259 2800 3386 2860 vidi
3425 2809 3485 2859 et

177 2919 311 2979 ego,
353 2922 434 2967 ex
479 2905 777 2967 Cmsareo
810 2901 1304 2963 Vindobonensi
1361 2899 1586 2962 codice
1636 2897 2063 2975 descriptum,
2125 2897 2192 2959 in
2249 2916 2382 2978 quo
2436 2898 2749 2977 allegoria
2793 2916 2876 2960 ex
2928 2907 3213 2978 quatuor
3253 2898 3485 2958 mundi

180 2999 459 3074 partibus
505 3003 856 3076 desumpta
891 3014 1022 3058 non
1058 2996 1352 3059 habetur.
1395 2997 1585 3059 Hunc
1620 3000 1931 3056 memorat
1977 2996 2266 3058 codicem
2326 2995 2663 3058 Nesselius
2697 2996 2763 3056 in
2807 2993 3139 3072 Catalogo,
3179 3002 3358 3072 parte
3396 3013 3483 3065 IV,

176 3111 234 3157 u.
268 3096 408 3159 271.
451 3098 637 3158 Hanc
689 3095 982 3157 eamdem
1035 3092 1542 3172 prtetermittuut
1572 3091 1950 3170 allegoriam
1990 3092 2220 3154 Veneti
2260 3092 2523 3154 codices
2557 3091 2873 3154 Marciani
2916 3091 3072 3164 duo,
3111 3089 3485 3154 tricesimus

174 3206 242 3255 ac
273 3195 649 3258 tricesimus
703 3194 952 3273 primus
996 3210 1010 3252 :
1054 3193 1352 3270 adeoque
1394 3189 1773 3261 huiusmodi
1834 3185 2162 3268 allegorias
2207 3188 2606 3268 multiplices
2644 3189 2714 3250 in
2769 3189 2892 3252 hoc
2925 3187 3068 3251 loco
3107 3197 3172 3252 et
3217 3189 3286 3251 in
3333 3189 3486 3252 aliis

172 3299 486 3368 suspectas
520 3291 842 3354 evadunt.
873 3287 1121 3362 Quidni
1151 3302 1306 3349 vero
1345 3286 1424 3348 de
1455 3285 1754 3348 codicum
1807 3288 2025 3363 potius
2058 3287 2561 3368 imperfectione
2594 3295 2706 3351 aut
2740 3289 3157 3351 mutilatione
3196 3307 3283 3375 ei:
3316 3291 3489 3353 osci-

176 3389 366 3451 tantia
428 3390 800 3452 scribarum
859 3386 1328 3465 suspicandum
1388 3383 1629 3446 fuerit?
1675 3385 1944 3448 Rectum
2009 3386 2364 3464 pendet-ex
2403 3396 2699 3449 accurata
2734 3395 3143 3452 vetustorum
3195 3386 3484 3465 plurium

172 3485 493 3564 codicum,
531 3495 598 3549 et
633 3488 818 3549 bonas
854 3493 1045 3555 notas,
1070 3483 1422 3564 judicium.

248 3582 346 3646 1ιο.
396 3585 473 3648 In
515 3584 700 3647 hisce
733 3582 1233 3646 Commentariis
1287 3579 1428 3642 suis
1481 3595 1612 3641 non
1647 3595 1847 3659 pauca
1901 3583 2230 3638 auctorem
2283 3577 2552 3656 prOprio
2590 3585 2788 3640 marte
2823 3578 3213 3652 inseruisse,
3253 3587 3365 3641 aut
3417 3580 3483 3639 in

175 3677 460 3756 ipsarum
524 3683 1064 3760 interpretatione
1127 3677 1638 3749 Scripturarum,
1695 3683 1805 3737 aut
1859 3675 1924 3735 in
1969 3674 2275 3736 vindiciis
2335 3683 2522 3737 rectae
2574 3666 2724 3735 iidei
2776 3676 3122 3737 adversum
3179 3677 3482 3746 haereses,

173 3793 326 3853 quas
358 3779 858 3858 Opportunitate
893 3779 1034 3838 data
1081 3781 1394 3839 memorat
1432 3791 1505 3836 ac
1541 3771 1802 3848 refellit,
1830 3771 2267 3834 dubitandum
2303 3787 2432 3835 non
2459 3780 2576 3834 est.
2618 3772 2786 3834 Hinc
2820 3772 3014 3834 etiam
3050 3773 3484 3836 Combelisius

169 3872 232 3934 in
269 3891 407 3938 suae
443 3873 862 3937 Bibliotheca:
889 3873 1386 3935 concionatoriw
1416 3869 1797 3934 auctoribus
1833 3867 2180 3931 recensitis
2213 3867 2518 3930 admonet
2549 3868 2816 3945 [XVIII]
2845 3869 3028 3947 plura
3060 3887 3130 3930 se
3161 3887 3238 3930 ex
3275 3870 3486 3931 Theo-

173 3969 472 4050 phylacto
505 3972 875 4034 inseruisse
907 3972 1122 4033 eidem
1159 3967 1602 4042 Bibliothecie',
1658 3988 1686 4022 ‹‹
1730 3966 1840 4028 ubi
1881 3967 2236 4045 praesertim
2278 3967 2374 4030 vel
2413 3967 2861 4048 Chrysostomi
2901 3970 3232 4049 expositio
3271 3971 3481 4042 deest,

171 4069 264 4131 vel
314 4071 460 4150 ipse
514 4071 806 4134 abundat
848 4093 874 4126 ι)
907 4069 1440 4147 archiepiscopus
1481 4064 1826 4145 Bulgaria.
1882 4063 2249 4131 Peculiarés
2292 4064 2558 4127 demum
2592 4065 2875 4144 aliquas,
2916 4085 3063 4147 qum
3095 4069 3268 4147 apud
3309 4070 3487 4131 Gree-

167 4180 273 4227 cos
306 4169 755 4238 invaluerant,
793 4167 1016 4228 minus
1055 4166 1121 4228 in
1162 4165 1491 4244 theologia
1535 4163 1856 4241 probatas,
1921 4160 2337 4238 amplectitur
2380 4161 2714 4222 doctrinas
2753 4185 2766 4222 :
2803 4174 3153 4245 movetque
3214 4175 3481 4228 contro-

166 4265 411 4328 versias
445 4270 640 4328 astate
679 4279 795 4324 sua
837 4263 1150 4343 vigentes.
1186 4261 1557 4340 Specimina
1593 4259 1892 4321 dabimus
1932 4256 2120 4318 infra.

1770 4453 1876 4513 XI.

163 4599 708 4688 Commentarium
756 4605 824 4665 in
874 4605 1032 4688 Acta
1079 4604 1768 4688 apostolorumAGra'ce
1804 4617 1880 4688 _et
1921 4605 2142 4688 Latine
2173 4608 2459 4685 vulgavit
2493 4605 2885 4688 Laurentius
2921 4609 3208 4688 Sifanius
3243 4633 3261 4670 :
3302 4612 3486 4674 codi-

242 4702 374 4765 ces,
394 4683 724 4765 editiones
754 4702 826 4744 ac
863 4683 1175 4765 specimen
1214 4689 1450 4765 operis.
1493 4684 1955 4765 Christophoro
1984 4686 2263 4747 Porsena
2285 4683 2659 4765 interprete,
2696 4685 2945 4764 prodiit
2975 4683 3482 4753 Commentarius

243 4762 311 4821 in
351 4761 701 4842 Epistolas
732 4761 938 4842 sancti
967 4761 1158 4826 Pauli
1205 4761 1318 4824 sub
1370 4764 1622 4823 nomine
1656 4761 2013 4837 Athanasii,
2037 4766 2281 4826 scilicet
2314 4761 2765 4827 Aleriandrini.
2803 4765 3095 4826 Latinam
3130 4771 3483 4830 versionem

241 4841 725 4924 recognoscant
752 4841 1101 4924 [ionicerus
1136 4853 1192 4924 et
1239 4843 1586 4904 Montanus
1615 4861 1687 4902 ac
1714 4844 2188 4924 Theophylacto
2229 4862 2388 4924 opus
2417 4843 2816 4924 adjudicant.
2868 4846 3122 4906 Tribuit
3158 4847 3326 4909 illud
3363 4849 3481 4909 La-

243 4921 451 5000 tinius
489 4921 843 5000 Athanasio
876 4922 1188 5000 Byzantio
1233 4942 1252 4980 :
1283 4939 1416 5000 quae
1447 4922 1763 4982 sententia
1801 4921 2130 5000 refutatur
2163 4921 2450 4984 codicum
2487 4921 2762 4984 maxime
2792 4927 3202 4986 auctoritate.
3252 4928 3478 4990 Editio

237 4998 736 5061 GreecocLatina
767 4986 1188 5062 Londinensis
1221 5022 1239 5068 ;
1280 4986 1472 5080 deque
1512 5003 1650 5078 ipso
1695 4986 2161 5062 Commentario
2194 5001 2542 5081 judicium.

242 5147 343 5210 lit.
396 5153 496 5212 Ex
535 5150 761 5212 codice
792 5149 950 5213 olim
999 5148 1270 5210 Joannis
1319 5147 1642 5219 Sambuci,
1688 5155 1908 5226 postea
1950 5150 2241 5212 σωθείς-ρο
2287 5151 2810 5226 Vindobonensi,
2848 5154 2960 5230 qui
2998 5156 3171 5234 apud
3211 5159 3479 5220 Lambe-

164 5243 339 5306 cium
407 5247 590 5309 libro
624 5265 658 5307 v
693 5252 1072 5308 numeratur
1126 5245 1270 5317 222,
1321 5244 1563 5322 prodiit
1636 5244 2115 5322 Theophylacti,
2175 5245 2467 5308 Achrida:
2501 5247 2570 5308 in
2613 5246 2926 5327 Bulgaria
2981 5252 3478 5336 archiepiscopi,

172 5339 529 5422 Expositio
568 5346 638 5405 in
671 5343 827 5404 Acta
859 5340 1319 5421 apostolorum,
1355 5342 1572 5404 Greece
1605 5350 1665 5402 et
1711 5342 1962 5413 Latine,
2006 5343 2228 5404 studio
2263 5351 2324 5404 et
2370 5360 2563 5422 Opera
2599 5345 2932 5406 Laurentii
2972 5347 3200 5410 Sifanii
3242 5352 3484 5413 Pruns-

167 5434 353 5513 feldi,
390 5442 453 5501 Ι.
512 5441 585 5502 U.
626 5442 726 5514 D.,
761 5441 1042 5503 Colonia
1065 5439 1238 5518 apud
1265 5437 1534 5499 lueredes
1571 5438 1843 5500 Arnoldi
1888 5439 2298 5502 Birckmanni
2328 5459 2495 5501 anno
2549 5440 2722 5516 1567,
2764 5443 2876 5504 fol.
2922 5445 3216 5508 Prmfatio
3247 5447 3483 5528 legitur

169 5531 262 5592 Ad
297 5535 560 5597 nobiles
596 5548 652 5596 et
695 5555 1032 5616 generosos
1081 5536 1446 5615 magniﬁcos
1504 5537 1699 5610 viros,
1756 5537 2041 5598 dominos
2093 5539 2383 5599 Marcum
2422 5546 2477 5598 et
2510 5539 2822 5599 Joannem
2856 5542 3184 5619 Fuggeros
3214 5547 3480 5623 fratres,

165 5629 440 5694 Antonii
461 5632 659 5710 ﬁlios,
697 5634 1107 5712 Kirchbergw
1136 5643 1193 5694 et
1245 5633 1712 5697 Weissenborni
1743 5635 2045 5696 barones.

242 5728 494 5792 Prmter
545 5729 720 5793 hunc
751 5729 1354 5804 Vindobonensem,
1411 5739 1722 5793 memorat
1776 5734 2145 5797 Bernardus
2203 5734 2736 5798 Montfauconius
2785 5739 3156 5803 Mediceum
3199 5743 3484 5804 Lauren-

165 5825 779 5914 tianumocodicem,
825 5831 889 5891 in
946 5829 1337 5891 Bibliotheca
1387 5828 1913 5892 bibliothecarum
1967 5850 2114 5892 mss.
2172 5831 2404 5894 Nullus
2440 5833 2610 5910 apud
2673 5833 3165 5915 bibliographos
3197 5820 3480 5904 occurrit

167 5919 325 5985 mihi
359 5924 571 5997 alius,
609 5927 722 6006 qui
756 5926 1060 5988 eumdem
1101 5933 1352 6003 praestet
1389 5928 1923 5990 Commentarium
1961 5952 1977 5988 :
2021 5947 2137 5991 nec
2175 5930 2382 5993 ullum
2423 5931 2710 6010 reperire
2744 5949 2813 5994 se
2850 5935 3144 6012 potuisse
3177 5936 3241 5998 in
3277 5937 3478 6018 Regia

169 6017 538 6085 Parisiensi
569 6023 991 6092 Bibliotheca.
1030 6023 1363 6084 Simouius
1408 6033 1697 6087 testatur.

555 6129 821 6193 PATROL.
868 6131 982 6190 (In.
1032 6128 1319 6190 CXXIII.
3065 6142 3104 6198 2
