4006 6496
592 447 666 516 η
1407 451 1636 514 BERN.
1680 449 1951 512 ΗΑΒῐῶ
1991 449 2088 512 DE
2131 449 2174 510 Il

2274 448 2366 512 ιει
2377 448 2417 510 S
2461 445 2971 511 DlSSERTATlO
3792 436 3856 504 ιι

683 559 969 624 Latinam
1008 564 1250 623 tantum
1286 559 1636 623 editionem
1668 559 1769 621 his
1799 557 2197 619 Possevinus
2235 556 2446 619 verbis
2478 564 2784 620 memorat
2818 573 2884 619 in
2916 555 3253 640 Apparatu
3285 569 3496 626 sacro,
3539 557 3720 614 tomo
3751 549 3806 613 ll
3839 569 3855 608 :

601 680 631 713 α
664 656 1118 720 Enarrationes
1165 671 1317 720 vero
1349 655 1412 718 in
1445 658 1598 718 Acta
1635 653 2154 731 apostolorum...
2193 653 2414 715 Latine
2449 651 2750 733 Philippo
2790 654 3096 715 Montano
3129 659 3188 712 et
3224 649 3576 712 Laurentio
3612 645 3857 711 Sifanio

599 746 1090 838 interpretibus,
1120 770 1289 816 anno
1316 753 1492 827 1570,
1533 752 1823 816 Basileaa.
1866 775 1892 808 ι
1925 751 2195 813 Fallitur
2237 751 2334 811 vir
2363 752 2617 815 doctus.
2672 747 3066 815 Basileensis
3101 747 3231 810 haec
3260 747 3412 808 anni
3454 747 3612 808 1570
3659 745 3858 808 editio

599 848 883 923 in-folio,
917 867 1062 931 quae
1092 849 1327 929 prodiit
1359 869 1439 912 ex
1471 850 1728 930 ofﬁcina
1769 849 2174 927 Heroagiana
2218 867 2340 927 per
2374 847 2715 910 Eusebium
2759 845 3193 925 Episcopium,
3246 860 3373 906 non
3407 841 3861 921 complectitur

599 948 811 1010 solum
863 947 1322 1010 Enarrationes
1377 947 1830 1028 Theophylacti
1869 946 1936 1009 in
1994 945 2154 1007 Acta
2197 945 2658 1025 apostolorum,
2701 961 2926 1007 verum
2987 942 3177 1003 etiam
3221 939 3740 1003 Commentarios
3797 941 3863 1003 iss

601 1042 945 1124 Evangelia
975 1051 1036 1106 et
1081 1046 1149 1106 in
1197 1043 1525 1124 Epistolas
1580 1044 1794 1115 Pauli,
1853 1051 1915 1106 et
1973 1044 2041 1105 in
2091 1052 2363 1122 quatuor
2396 1042 2744 1122 prophetas
2775 1041 3070 1112 minores,
3107 1056 3179 1100 ac
3231 1038 3371 1100 loco
3435 1045 3767 1116 postremo
3799 1037 3860 1098 in

599 1143 755 1204 Acta
809 1137 1268 1221 apostolorum.
1308 1141 1401 1203 Ad
1447 1137 1729 1220 Philippi
1764 1137 2056 1203 Montani
2104 1155 2318 1202 curam
2359 1155 2752 1218 aperamque
2812 1155 2939 1200 una
2973 1142 3216 1217 spectat
3253 1134 3760 1197 Enarrationum
3796 1133 3857 1195 in

599 1238 946 1318 Evangelia
978 1239 1134 1301 etin
1169 1238 1488 1317 Epistolas
1528 1236 1712 1300 Pauli
1767 1233 2131 1316 recognitio
2173 1245 2235 1298 et
2267 1238 2636 1301 emendatio
2672 1259 2686 1297 :
2728 1236 2841 1297 sed
2877 1254 3047 1299 unus
3095 1243 3190 1298 est
3231 1231 3860 1297 Commentariorum

599 1356 663 1400 in
699 1337 1043 1419 prophetas
1078 1337 1396 1416 interpres
1425 1339 1706 1402 Joannes
1737 1336 2092 1400 Lonicerus
2129 1359 2142 1396 :
2177 1354 2248 1399 ac
2278 1336 2474 1398 unius
2507 1335 2699 1396 etiam
2743 1333 3072 1395 Laurentii
3109 1330 3331 1394 Sifanii
3367 1331 3592 1392 Latina
3646 1328 3862 1392 versio

602 1435 1094 1516 Espositiouum
1126 1435 1194 1496 in
1223 1435 1446 1497 eadem
1475 1434 1914 1514 apostolorum
1949 1439 2124 1497 Acta.
2157 1435 2320 1496 Hinc
2346 1433 2588 1494 ibidem
2621 1430 2848 1493 titulus
2882 1439 2977 1493 est
3013 1455 3025 1490 :
3068 1424 3863 1510 TheophylacliBulgart'a

597 1530 1066 1612 archiepiscopi
1100 1531 1582 1612 Explicationes
1613 1534 1681 1594 in
1716 1531 1874 1595 Acta
1904 1531 2362 1611 apostolorum,
2399 1530 2642 1590 concise
2686 1547 2757 1588 ac
2796 1526 3070 1588 breviter
3107 1545 3186 1588 ex
3221 1527 3523 1588 Patribus
3558 1522 3860 1598 collecta,

596 1628 944 1693 Laurentio
985 1628 1234 1709 Sifanio
1278 1627 1686 1710 Prunsfeldio
1722 1631 1785 1691 J.
1827 1630 1896 1691 Π.
1932 1617 2006 1689 D.
2045 1631 2415 1709 interprete.

677 1727 1003 1790 Collectus
1035 1745 1115 1787 ex
1146 1726 1447 1789 Patribus
1479 1726 1995 1790 Commentarius
2026 1725 2268 1788 dicitur
2302 1751 2314 1788 :
2351 1728 2609 1807 ipsique
2639 1725 2900 1805 proprio
2923 1723 3335 1813 appellantur
3360 1722 3625 1785 nomine
3651 1720 3858 1801 Chry-

596 1833 930 1896 sostomus,
971 1823 1304 1901 Didymus,
1336 1821 1624 1898 Severus,
1658 1824 2056 1896 Severianus,
2096 1823 2397 1902 Cyrillus.
2439 1823 2775 1901 Prologus,
2817 1824 2928 1901 qui
2973 1821 3345 1900 prmmissus
3376 1821 3558 1900 operi
3595 1826 3860 1894 prostat,

597 1921 771 1984 idem
807 1927 904 1983 est
934 1937 1004 1982 ac
1033 1921 1302 1983 Joannis
1333 1919 1780 1999 Chrysostomi
1842 1921 2150 2000 prologus
2186 1941 2201 1980 :
2241 1921 2410 1983 unde
2465 1935 2630 1998 Opus
2669 1917 3146 1996 hujuscemodi,
3183 1917 3356 1997 quod
3406 1915 3484 1978 ab
3528 1916 3679 1996 ipso
3710 1933 3859 1979 san-

598 2017 888 2080 ctissimo
951 2018 1086 2079 viro
1145 2016 1539 2098 abjudicavit
1600 2018 1932 2091 Erasmus,
1990 2018 2350 2097 genuinum
2409 2016 2631 2096 probat
2685 2015 2894 2094 ipsius
2954 2013 3418 2094 'l‘heOphylacti
3481 2015 3858 2079 auctoritas.

598 2113 1040 2178 Praefationem
1074 2112 1343 2177 consule
1380 2112 1602 2176 Savilii
1657 2122 1718 2177 et
1765 2107 2258 2177 Montfauconii.
2286 2115 2609 2179 Minorem
2665 2114 3045 2176 adhibuisse
3082 2113 3604 2193 'l‘heOphylactus
3637 2115 3706 2178 in
3751 2113 3863 2179 hac

599 2207 1088 2274 elucubratione
1119 2211 1548 2289 diligentiam,
1576 2225 1645 2272 ac
1675 2211 1920 2272 caneris
1952 2210 2014 2271 in
2036 2211 2548 2283 Commentariis,
2579 2210 2756 2272 visus
2790 2219 2879 2270 est
2906 2210 3221 2273 Richardo
3240 2211 3534 2276 Simonio
3564 2234 3579 2271 :
3606 2227 3680 2275 ac
3709 2227 3860 2275 sane

599 2300 768 2371 inter
800 2310 1066 2372 Catenas
1102 2306 1316 2386 potius
1370 2307 1742 2369 collocanda
1776 2307 2050 2382 videtur,
2094 2308 2156 2369 in
2189 2307 2426 2388 quibus
2453 2307 2862 2369 diversorum
2897 2305 3140 2369 scholia
3164 2307 3590 2388 colliguntur.
3626 2310 3861 2372 Codice

601 2406 818 2468 Graeco
852 2422 1012 2468 usus
1045 2413 1138 2469 est
1194 2403 1480 2468 Sifanius
1531 2403 1787 2479 mutilo,
1835 2405 2198 2484 orratisque
2229 2413 2514 2467 scatente
2554 2425 2568 2464 :
2605 2403 2877 2483 ipsaque
2909 2403 3052 2466 loca
3098 2402 3324 2466 mutila
3355 2411 3416 2468 et
3448 2416 3756 2484 corrupta
3793 2422 3861 2468 ac

599 2501 794 2564 dubia
837 2501 1077 2564 indicat
1125 2499 1234 2564 ille
1270 2502 1334 2563 in
1370 2501 1683 2580 margine,
1718 2517 1866 2580 qum
1914 2503 2219 2580 supplere
2271 2509 2379 2564 aut
2422 2501 2746 2581 corrigere
2809 2501 3060 2571 studet,
3111 2499 3422 2563 lectorum
3477 2500 3745 2563 utilitati
3798 2507 3861 2563 ut

598 2600 992 2663 consuleret.
1041 2601 1279 2662 Novam
1325 2600 1487 2662 sacri
1541 2607 1754 2661 textus
1795 2600 2162 2661 versionem
2197 2597 2489 2660 adhibuit
2525 2619 2538 2658 :
2578 2598 2974 2677 adhibetque
3028 2598 3092 2657 in
3129 2613 3236 2659 ora
3285 2596 3594 2675 marginis
3634 2597 3860 2662 lectio-

602 2716 720 2762 nes
752 2695 1094 2770 variantes,
1131 2712 1293 2774 quas
1330 2713 1407 2758 ex
1443 2696 1745 2758 versione
1780 2695 2028 2774 vulgata
2061 2695 2282 2767 sumit,
2323 2695 2611 2774 itemque
2646 2695 2915 2766 Erasmi,
2952 2702 3013 2756 et
3045 2694 3404 2757 Sebastiani
3446 2694 3856 2766 Castalionis,

599 2813 670 2858 ac
712 2792 1037 2856 Theodori
1072 2794 1271 2854 Bezaa.
1311 2791 1476 2852 Hinc
1512 2807 1662 2852 vero
1694 2791 1818 2853 sub
1874 2791 2126 2852 initium
2161 2794 2376 2868 Operis
2427 2791 2559 2853 haec
2594 2791 2676 2852 ad
2717 2791 3041 2853 Lectorem
3076 2790 3642 2854 Admonitiuncula
3695 2793 3861 2873 legi-

601 2903 702 2953 tur
736 2913 750 2952 :
785 2911 814 2946 α
844 2885 1311 2950 Admonendus
1343 2887 1594 2962 Lector,
1631 2885 1744 2949 ubi
1777 2887 2031 2949 diversa
2065 2888 2130 2948 in
2167 2893 2455 2970 margine
2483 2891 2810 2954 translatio
2847 2891 3139 2972 apposita
3173 2899 3308 2965 est;
3351 2909 3464 2970 per
3515 2893 3584 2953 γ.
3627 2892 3862 2974 Vulga-

599 2999 751 3063 tam,
790 3006 901 3068 per
931 2988 1012 3049 E.
1046 2985 1322 3079 Erasmi,
1357 3001 1470 3064 per
1501 2983 1570 3046 C.
1623 2983 2028 3059 Castalionis,
2065 3004 2177 3063 per
2213 2987 2290 3047 Β.
2328 2988 2509 3049 Βθῖω
2554 2988 2921 3052 versionem
2967 2988 3316 3068 signiﬁcari
3355 3006 3369 3049 :
3403 2989 3729 3051 diversam
3780 2987 3860 3052 ab

603 3085 704 3146 his
740 3082 1069 3148 Laurentii
1102 3071 1326 3144 Sifa'nii
1361 3080 1737 3158 interpretis
1771 3096 1938 3142 esse.
1979 3103 2008 3137 ι»
2048 3081 2184 3144 Jam
2237 3082 2428 3147 habet
2459 3085 2814 3148 catholicus
2869 3087 3114 3158 Lector,
3152 3092 3220 3146 ut
3272 3087 3326 3147 si
3367 3086 3526 3165 quid
3580 3083 3860 3148 furiuris

603 3179 962 3258 irrepserit,
1001 3193 1192 3240 nosse
1221 3175 1386 3240 illud
1427 3184 1622 3257 queat
1653 3175 1911 3256 sibique
1942 3186 2180 3239 caveat.

681 3280 781 3340 A2.
831 3277 1325 3339 Commentarios
1383 3275 1449 3337 in
1513 3272 1840 3354 Epistolas
1889 3277 2097 3337 sancti
2156 3276 2348 3338 Pauli
2406 3275 2626 3339 Graeco
2659 3295 2737 3339 ex
2788 3277 3007 3341 codice
3051 3278 3274 3341 Latine
3329 3277 3452 3340 sub
3487 3280 3860 3358 pontiﬁcatu

604 3375 783 3438 Pauli
813 3375 899 3444 ll,
928 3390 1099 3436 anno
1136 3371 1310 3445 τινες),
1359 3371 1688 3433 transtulit
1729 3372 1796 3433 F.
1837 3371 2342 3451 Christophorus
2375 3376 2682 3449 Porsena,
2735 3378 3091 3449 Romanus,
3128 3378 3310 3440 Prior
3359 3379 3606 3443 Sanctae
3656 3379 3862 3458 [XIX]

606 3473 905 3539 Baibinm,
943 3488 1013 3534 ac
1044 3469 1214 3550 typis
1251 3469 1470 3530 Roma;
1500 3469 1778 3548 vulgavit
1809 3484 1978 3533 anno
2023 3469 2199 3547 W17,
2250 3472 2617 3553 dicavitque
2657 3473 2834 3536 Sixto
2873 3474 2954 3534 IV
2991 3473 3278 3552 pontiﬁci
3320 3475 3623 3549 maximo,
3672 3476 3864 3540 titulo

603 3573 935 3636 Athanasii
990 3571 1187 3634 veluti
1227 3571 1536 3645 auctoris,
1574 3571 1832 3649 prmﬂxo
1867 3570 2377 3634 Commentariis.

681 3670 783 3731 1ι3.
820 3671 1117 3732 Porsenaa
1172 3667 1769 3745 interpretationem
1818 3668 2191 3746 recognovit
2238 3668 2520 3728 Joannes
2580 3667 2958 3741 Lonicerus,
3005 3667 3528 3748 recognitamque
3577 3669 3863 3752 vulgavit

606 3766 728 3828 sub
757 3765 1015 3828 nomine
1063 3764 1528 3846 Theophylacti.
1567 3766 1777 3845 Hujus
1809 3783 1976 3839 esse,
2011 3781 2138 3827 non
2169 3763 2502 3826 Athanasii
2531 3761 2954 3826 Alexandrini
2989 3763 3209 3834 fetum,
3248 3767 3574 3828 confirmat
3614 3769 3861 3832 Erasmi

602 3862 1001 3930 auctoritate,
1039 3871 1098 3922 et
1147 3860 1413 3923 Joannis
1445 3860 1656 3936 Fabri,
1712 3869 1775 3924 et
1801 3862 2087 3924 Joannis
2136 3858 2410 3922 Beraldi.
2453 3881 2482 3913 α
2521 3859 2728 3920 Hosce
2787 3858 3232 3938 Theophylacti
3263 3861 3330 3921 in
3373 3861 3647 3923 Paulum
3681 3862 3864 3925 Com-

604 3961 944 4044 mentarios
978 3960 1210 4038 (inquit
1260 3960 1325 4020 in
1371 3958 1752 4021 Prmfatione
1784 3961 1858 4022 ad
1912 3962 2204 4024 Amicum
2243 3959 2590 4037 Lectorem)
2640 3956 2799 4021 falso
2853 3961 3162 4022 hactenus
3215 3961 3569 4025 Athanasio
3628 3963 3865 4026 inscri-

605 4065 773 4135 ptos,
815 4057 1117 4119 Erasmus
1153 4057 1215 4117 in
1243 4057 1379 4118 suis
1412 4058 1956 4121 Annotationibus
1989 4077 2187 4137 super
2215 4058 2324 4123 illo
2365 4061 2542 4122 Pauli
2575 4061 2649 4123 ad
2683 4063 3025 4136 Romanos,
3073 4063 3199 4138 Qui
3226 4063 3714 4143 prcedestinatus
3743 4080 3859 4140 est,

612 4161 754 4218 luce
810 4155 1122 4228 lucidius,
1155 4173 1224 4217 ac
1265 4173 1412 4217 vero
1465 4157 1684 4242 verius
1717 4167 2074 4221 attestatur.
2112 4182 2138 4213 ιι
2185 4158 2429 4218 Erasmi
2462 4156 2712 4220 scilicet
2766 4158 2898 4220 ba'c
2943 4168 3038 4220 est
3071 4163 3391 4222 sententia
3434 4163 3576 4224 loco
3609 4165 3806 4229 citato
3845 4187 3858 4225 :

613 4276 639 4306 α
681 4253 792 4314 His
830 4253 1040 4315 verbis
1068 4253 1329 4330 (cogniti
1354 4271 1475 4331 pro
1515 4253 1685 4314 Filio
1726 4255 1865 4334 Dei)
1905 4257 2104 4316 utitur
2139 4258 2453 4332 interpres
2485 4255 2728 4334 operis,
2763 4253 2928 4315 falso
2962 4256 3253 4333 inscripti
3285 4259 3636 4323 Athanasio
3668 4283 3684 4321 :
3715 4280 3860 4324 cum

611 4351 671 4410 id
726 4350 896 4430 quod
953 4357 1136 4415 antea
1178 4349 1688 4429 suspicabamur,
1725 4367 1868 4413 mox
1920 4351 2150 4414 collato
2189 4353 2409 4415 Graeco
2454 4351 2833 4430 Latinoque,
2870 4353 3308 4431 comperimus
3341 4371 3490 4419 esse
3510 4355 3860 4438 Theophy-

609 4448 777 4509 lacti.
817 4470 845 4504 ι

692 4546 898 4608 Verba
931 4548 1301 4624 sequuntur
1355 4543 1620 4605 JOannis
1674 4541 1858 4606 Fabri
1897 4567 1920 4606 :v
1949 4566 1977 4601 α
2024 4546 2142 4608 Hic
2171 4546 2361 4610 etiam
2406 4545 2976 4628 (TheOphylactus)
3004 4548 3070 4607 in
3094 4547 3280 4613 Pauli
3316 4551 3647 4630 Epistolas
3681 4555 3862 4620 Com-

618 4639 922 4701 mentaria
957 4637 1404 4716 scripsit,quae
1428 4639 2644 4717 transtulitChristOphorusPorsena...
2674 4645 2796 4706 sub
2826 4644 2987 4708 falso
3022 4648 3240 4722 titulo,
3268 4650 3458 4729 quasi
3500 4652 3634 4714 sint
3664 4656 3862 4717 Atha-

614 4735 776 4798 nasii
805 4734 1255 4799 Alexandrini.
1287 4735 1428 4810 Qua
1453 4752 1518 4796 re
1546 4735 1730 4798 multi
1767 4738 2020 4814 decepti
2055 4735 2346 4812 fuerunt,
2393 4741 2567 4818 quod
2621 4747 2681 4801 et
2725 4740 2882 4802 mihi
2915 4743 3263 4823 contigisse
3297 4746 3583 4825 ingenue
3606 4748 3813 4815 fateor
3845 4771 3859 4810 :

616 4845 732 4889 nec
767 4846 977 4892 meum
1010 4827 1200 4890 etiam
1236 4829 1678 4891 emendassem
1724 4843 2032 4903 errorem,
2068 4829 2190 4890 nisi
2222 4833 2372 4894 dum
2403 4851 2483 4895 ex
2527 4835 2764 4897 Graecis
2797 4843 2859 4899 et
2886 4838 3124 4900 Latinis
3154 4841 3485 4904 codicibus
3517 4843 3675 4908 hinc
3711 4847 3863 4911 inde

614 4925 972 4988 collectis...
1030 4926 1208 4989 aliud
1241 4927 1677 5002 invenissem,-
1705 4926 1851 4990 licet
1889 4943 2143 5007 semper
2165 4928 2509 4992 dubitarim
2533 4975 2550 5007 ,
2583 4940 2914 5010 pr0pterea
2948 4937 3121 5015 quod
3167 4938 3471 5013 Basilius,
3506 4940 3863 5024 Gregorius

614 5040 875 5105 quoque
922 5027 1260 5103 Nyssenus
1311 5026 1377 5087 in
1427 5025 1530 5089 his
1564 5026 1740 5089 citati
1772 5025 2041 5089 iuerint.
2083 5050 2111 5083 ι
2147 5027 2328 5088 Paria
2373 5026 2634 5088 demum
2674 5026 2864 5090 habet
2900 5031 3212 5094 Beraldus
3252 5055 3268 5096 :
3320 5057 3350 5092 α
3390 5036 3861 5102 Commentaria

605 5111 749 5181 hinc
780 5122 848 5180 in
876 5119 1062 5180 Pauli
1091 5119 1441 5198 Epistolas,
1476 5121 1808 5200 inquiens,
1848 5140 1993 5202 quae
2028 5125 2276 5204 aliquot
2306 5122 2436 5200 jam
2482 5139 2685 5185 annos
2724 5125 2846 5187 sub
2873 5128 3205 5192 Athanasii
3259 5133 3522 5197 numine
3571 5151 3646 5198 ac
3677 5136 3864 5201 titulo

617 5225 767 5278 sunt
803 5215 1194 5312 circumlata,
1247 5215 1508 5295 quidam
1557 5217 2036 5298 Theophylacto
2087 5220 2413 5282 vindicant
2441 5228 2506 5282 et
2547 5231 2864 5285 asserunt.
2908 5227 3036 5288 Nec
3068 5227 3318 5303 dubito,
3375 5232 3536 5309 quin
3597 5236 3862 5312 Optimis

619 5310 972 5373 rationibus
1006 5321 1407 5386 moveantur,
1448 5312 1856 5390 potissimum
1881 5316 1995 5392 qui
2028 5317 2241 5378 Graeca
2283 5314 2597 5394 legerunt.
2630 5339 2658 5373 ι)
2692 5319 2857 5380 Hinc
2888 5321 3110 5384 Latina
3137 5326 3355 5402 Operis
3387 5310 3861 5406 interpretatio.

618 5405 756 5466 sive
786 5421 971 5483 quam
1000 5409 1371 5484 recognovit
1407 5409 1784 5483 Lonicerus,
1823 5412 1959 5473 sive
1991 5429 2180 5490 quam
2215 5413 2460 5490 primus
2489 5412 2852 5478 confecerat
2884 5419 3184 5488 Porsena.
3217 5419 3340 5482 sub
3367 5405 3631 5487 nomine
3654 5426 3864 5492 Theo-

617 5499 896 5584 phylacti
931 5502 1099 5579 typis
1131 5505 1641 5584 excusafprodiit
1685 5507 1980 5585 pluribus
2019 5509 2084 5569 in
2120 5508 2274 5570 locis

699 5591 918 5660 Latina
953 5598 1248 5661 Loniceri
1275 5600 1475 5663 editio
1518 5609 1630 5663 aut
1681 5603 2037 5683 recognitio
2089 5607 2295 5666 lucem
2350 5606 2593 5670 vidisse
2646 5609 2884 5673 dicitur
2923 5612 3198 5675 Parisiis
3244 5633 3408 5676 anno
3459 5618 3642 5694 1542.
3698 5621 3862 5689 iit-8.

614 5687 1017 5790 Posteriores
1048 5697 1178 5757 vidi
1230 5696 1471 5772 plures.
1507 5699 1684 5762 Hanc
1719 5701 1909 5763 novis
1959 5702 2130 5763 curis
2164 5703 2239 5764 ad
2285 5706 2571 5769 codicem
2617 5710 2931 5785 Graacum,
2972 5711 3084 5790 qui
3136 5714 3289 5774 olim
3331 5715 3578 5778 Erasmi
3623 5687 3861 5789 iuerat.

617 5788 894 5901 pontulit
931 5807 1099 5900 anno
1342 5793 1680 5901 Philippus
1722 5798 2100 5901 Montanus;
2140 5816 2410 5901 eamque
2445 5804 2731 5883 vulgavit
2772 5817 2833 5869 et
2890 5788 3027 5886 ipse
3061 5811 3182 5872 sub
3216 5813 3480 5876 nomine
3509 5789 3862 5901 Theopby;

607 5884 763 5949 lacti
795 5888 1096 5967 plurimis
1134 5889 1202 5952 in
1235 5889 1394 5954 locis
1427 5893 1847 5957 emendatam.
1887 5898 2368 5978 Nuncupatoria
2429 5901 2570 5975 ejus
2602 5902 2882 5980 Epistola
2913 5884 3010 5966 Ad
3065 5907 3472 5971 reverendam
3497 5913 3564 5973 in
3610 5884 3862 5980 Cklris'to
