  <div class='ocr_page' id='page_1' title='image "/cluster/home/n/w/nwhite01/storage/ocr_20150623/123/uva.x004884189/064.png"; bbox 0 0 2003 3275; ppageno 0'>
   <div class='ocr_carea' id='block_1_1' title="bbox 19 3196 68 3275">
    <p class='ocr_par' dir='ltr' id='par_1_1' title="bbox 19 3196 68 3275">
     <span class='ocr_line' id='line_1_1' title="bbox 19 3196 68 3275; baseline 0 0"><span class='ocrx_word' id='word_1_1' title='bbox 19 3196 68 3275; x_wconf 57' lang='lat' dir='ltr'><strong>is.</strong></span> 
     </span>
    </p>
   </div>
   <div class='ocr_carea' id='block_1_2' title="bbox 77 304 1730 345">
    <p class='ocr_par' dir='ltr' id='par_1_2' title="bbox 77 304 1730 345">
     <span class='ocr_line' id='line_1_2' title="bbox 77 304 1730 345; baseline -0.002 -2"><span class='ocrx_word' id='word_1_2' title='bbox 77 311 117 345; x_wconf 63' lang='lat' dir='ltr'><strong>t5</strong></span> <span class='ocrx_word' id='word_1_3' title='bbox 481 310 532 342; x_wconf 84' lang='lat' dir='ltr'><strong>DE</strong></span> <span class='ocrx_word' id='word_1_4' title='bbox 550 306 846 342; x_wconf 79' lang='lat' dir='ltr'><strong>THEOPHYLACTI</strong></span> <span class='ocrx_word' id='word_1_5' title='bbox 864 304 1002 339; x_wconf 68' lang='lat' dir='ltr'><strong>GBS&#39;I&#39;IS</strong></span> <span class='ocrx_word' id='word_1_6' title='bbox 1021 306 1071 338; x_wconf 79' lang='grc' dir='ltr'>ΕΤ</span> <span class='ocrx_word' id='word_1_7' title='bbox 1089 304 1273 338; x_wconf 74' lang='lat' dir='ltr'><strong>SCRIPTIS.</strong></span> <span class='ocrx_word' id='word_1_8' title='bbox 1693 305 1730 339; x_wconf 72' lang='grc' dir='ltr'><strong>ιο</strong></span> 
     </span>
    </p>
   </div>
   <div class='ocr_carea' id='block_1_3' title="bbox 77 361 1724 406">
    <p class='ocr_par' dir='ltr' id='par_1_3' title="bbox 77 361 1724 406">
     <span class='ocr_line' id='line_1_3' title="bbox 77 361 1724 406; baseline -0.004 -6"><span class='ocrx_word' id='word_1_9' title='bbox 77 368 209 400; x_wconf 80' lang='lat' dir='ltr'><strong>Patrem</strong></span> <span class='ocrx_word' id='word_1_10' title='bbox 220 368 259 400; x_wconf 89' lang='lat' dir='ltr'><strong>D.</strong></span> <span class='ocrx_word' id='word_1_11' title='bbox 280 363 431 400; x_wconf 71' lang='lat' dir='ltr'><strong>Ceratum</strong></span> <span class='ocrx_word' id='word_1_12' title='bbox 442 377 460 398; x_wconf 93' lang='lat' dir='ltr'><strong>a</strong></span> <span class='ocrx_word' id='word_1_13' title='bbox 495 366 580 406; x_wconf 83' lang='lat' dir='ltr'><strong>Croy</strong></span> <span class='ocrx_word' id='word_1_14' title='bbox 604 364 853 396; x_wconf 80' lang='lat' dir='ltr'><strong>Tornacensium</strong></span> <span class='ocrx_word' id='word_1_15' title='bbox 864 364 1059 404; x_wconf 69' lang='lat' dir='ltr'><strong>episcopatu,</strong></span> <span class='ocrx_word' id='word_1_16' title='bbox 1077 364 1148 395; x_wconf 89' lang='lat' dir='ltr'><strong>data</strong></span> <span class='ocrx_word' id='word_1_17' title='bbox 1165 367 1214 395; x_wconf 92' lang='lat' dir='ltr'><strong>est</strong></span> <span class='ocrx_word' id='word_1_18' title='bbox 1238 362 1372 394; x_wconf 70' lang='lat' dir='ltr'><strong>Lutetia</strong></span> <span class='ocrx_word' id='word_1_19' title='bbox 1387 372 1401 393; x_wconf 86' lang='lat' dir='ltr'><strong>e</strong></span> <span class='ocrx_word' id='word_1_20' title='bbox 1416 361 1508 394; x_wconf 85' lang='lat' dir='ltr'><strong>domo</strong></span> <span class='ocrx_word' id='word_1_21' title='bbox 1523 366 1579 394; x_wconf 85' lang='lat' dir='ltr'><strong>tua</strong></span> <span class='ocrx_word' id='word_1_22' title='bbox 1598 362 1724 399; x_wconf 77' lang='lat' dir='ltr'><strong>Torna-</strong></span> 
     </span>
    </p>
   </div>
   <div class='ocr_carea' id='block_1_4' title="bbox 76 411 1729 454">
    <p class='ocr_par' dir='ltr' id='par_1_4' title="bbox 76 411 1729 454">
     <span class='ocr_line' id='line_1_4' title="bbox 76 411 1729 454; baseline -0.004 -4"><span class='ocrx_word' id='word_1_23' title='bbox 76 418 169 451; x_wconf 79' lang='lat' dir='ltr'><strong>eensi</strong></span> <span class='ocrx_word' id='word_1_24' title='bbox 186 417 254 450; x_wconf 80' lang='lat' dir='ltr'><strong><em>XII</em></strong></span> <span class='ocrx_word' id='word_1_25' title='bbox 283 417 443 454; x_wconf 78' lang='lat' dir='ltr'><strong>Octobris,</strong></span> <span class='ocrx_word' id='word_1_26' title='bbox 467 423 550 446; x_wconf 85' lang='lat' dir='ltr'><strong>anno</strong></span> <span class='ocrx_word' id='word_1_27' title='bbox 576 413 705 446; x_wconf 84' lang='lat' dir='ltr'><strong>Domini</strong></span> <span class='ocrx_word' id='word_1_28' title='bbox 722 421 823 454; x_wconf 85' lang='lat' dir='ltr'><strong>supra</strong></span> <span class='ocrx_word' id='word_1_29' title='bbox 836 412 1035 444; x_wconf 76' lang='lat' dir='ltr'><strong>millesimum</strong></span> <span class='ocrx_word' id='word_1_30' title='bbox 1050 412 1310 453; x_wconf 82' lang='lat' dir='ltr'><strong>quinquagesimo</strong></span> <span class='ocrx_word' id='word_1_31' title='bbox 1334 411 1471 446; x_wconf 74' lang='lat' dir='ltr'><strong>secundo</strong></span> <span class='ocrx_word' id='word_1_32' title='bbox 1500 421 1510 442; x_wconf 90' lang='lat'><strong><em>:</em></strong></span> <span class='ocrx_word' id='word_1_33' title='bbox 1540 411 1597 443; x_wconf 89' lang='lat' dir='ltr'><strong>u‘bi</strong></span> <span class='ocrx_word' id='word_1_34' title='bbox 1609 412 1729 453; x_wconf 86' lang='lat' dir='ltr'><strong>supple</strong></span> 
     </span>
    </p>
   </div>
   <div class='ocr_carea' id='block_1_5' title="bbox 73 459 1727 507">
    <p class='ocr_par' dir='ltr' id='par_1_5' title="bbox 73 459 1727 507">
     <span class='ocr_line' id='line_1_5' title="bbox 73 459 1727 507; baseline -0.004 -9"><span class='ocrx_word' id='word_1_35' title='bbox 73 466 367 507; x_wconf 74' lang='lat' dir='ltr'><strong>quingentesimum.</strong></span> <span class='ocrx_word' id='word_1_36' title='bbox 386 465 458 496; x_wconf 69' lang='lat' dir='ltr'><strong>Hec</strong></span> <span class='ocrx_word' id='word_1_37' title='bbox 474 463 520 494; x_wconf 87' lang='lat' dir='ltr'><strong>ibi</strong></span> <span class='ocrx_word' id='word_1_38' title='bbox 536 462 699 494; x_wconf 87' lang='lat' dir='ltr'><strong>habentur</strong></span> <span class='ocrx_word' id='word_1_39' title='bbox 718 472 725 493; x_wconf 89' lang='lat'><strong>:</strong></span> <span class='ocrx_word' id='word_1_40' title='bbox 750 472 766 490; x_wconf 72' lang='grc' dir='ltr'>ι</span> <span class='ocrx_word' id='word_1_41' title='bbox 787 462 846 493; x_wconf 87' lang='lat' dir='ltr'><strong>Per</strong></span> <span class='ocrx_word' id='word_1_42' title='bbox 857 461 979 493; x_wconf 90' lang='lat' dir='ltr'><strong>amicos</strong></span> <span class='ocrx_word' id='word_1_43' title='bbox 995 461 1164 501; x_wconf 81' lang='lat' dir='ltr'><strong>exemplar</strong></span> <span class='ocrx_word' id='word_1_44' title='bbox 1178 460 1438 493; x_wconf 88' lang='lat' dir='ltr'><strong>vetustissimum</strong></span> <span class='ocrx_word' id='word_1_45' title='bbox 1454 459 1642 502; x_wconf 64' lang='lat' dir='ltr'><strong>(Graecum),</strong></span> <span class='ocrx_word' id='word_1_46' title='bbox 1659 469 1727 502; x_wconf 91' lang='lat' dir='ltr'><strong>quo</strong></span> 
     </span>
    </p>
   </div>
   <div class='ocr_carea' id='block_1_6' title="bbox 75 508 1729 552">
    <p class='ocr_par' dir='ltr' id='par_1_6' title="bbox 75 508 1729 552">
     <span class='ocr_line' id='line_1_6' title="bbox 75 508 1729 552; baseline -0.003 -5"><span class='ocrx_word' id='word_1_47' title='bbox 75 524 160 548; x_wconf 81' lang='lat' dir='ltr'><strong>usus</strong></span> <span class='ocrx_word' id='word_1_48' title='bbox 173 515 328 547; x_wconf 79' lang='lat' dir='ltr'><strong>fueratD.</strong></span> <span class='ocrx_word' id='word_1_49' title='bbox 347 511 593 552; x_wconf 65' lang='lat' dir='ltr'><strong>Erasmus,,jnm</strong></span> <span class='ocrx_word' id='word_1_50' title='bbox 611 511 741 542; x_wconf 78' lang='lat' dir='ltr'><strong>tandem</strong></span> <span class='ocrx_word' id='word_1_51' title='bbox 755 519 828 543; x_wconf 89' lang='lat' dir='ltr'><strong>sum</strong></span> <span class='ocrx_word' id='word_1_52' title='bbox 844 513 960 542; x_wconf 85' lang='lat' dir='ltr'><strong>nactus</strong></span> <span class='ocrx_word' id='word_1_53' title='bbox 977 520 984 540; x_wconf 72' lang='grc' dir='ltr'>ε</span> <span class='ocrx_word' id='word_1_54' title='bbox 1001 509 1038 540; x_wconf 87' lang='lat' dir='ltr'><strong>ad</strong></span> <span class='ocrx_word' id='word_1_55' title='bbox 1057 510 1144 549; x_wconf 87' lang='lat' dir='ltr'><strong>quod</strong></span> <span class='ocrx_word' id='word_1_56' title='bbox 1162 516 1226 541; x_wconf 91' lang='lat' dir='ltr'><strong>non</strong></span> <span class='ocrx_word' id='word_1_57' title='bbox 1243 509 1317 541; x_wconf 87' lang='lat' dir='ltr'><strong>sine</strong></span> <span class='ocrx_word' id='word_1_58' title='bbox 1332 508 1460 549; x_wconf 85' lang='lat' dir='ltr'><strong>magnis</strong></span> <span class='ocrx_word' id='word_1_59' title='bbox 1485 509 1653 542; x_wconf 81' lang='lat' dir='ltr'><strong>laboribus</strong></span> <span class='ocrx_word' id='word_1_60' title='bbox 1667 510 1729 542; x_wconf 81' lang='lat' dir='ltr'><strong>La-</strong></span> 
     </span>
    </p>
   </div>
   <div class='ocr_carea' id='block_1_7' title="bbox 74 559 1507 601">
    <p class='ocr_par' dir='ltr' id='par_1_7' title="bbox 74 559 1507 601">
     <span class='ocr_line' id='line_1_7' title="bbox 74 559 1507 601; baseline -0.006 -5"><span class='ocrx_word' id='word_1_61' title='bbox 74 563 146 596; x_wconf 83' lang='lat' dir='ltr'><strong>tina</strong></span> <span class='ocrx_word' id='word_1_62' title='bbox 169 566 292 601; x_wconf 85' lang='lat' dir='ltr'><strong>nostra,</strong></span> <span class='ocrx_word' id='word_1_63' title='bbox 309 562 447 595; x_wconf 83' lang='lat' dir='ltr'><strong>inﬁnitis</strong></span> <span class='ocrx_word' id='word_1_64' title='bbox 466 568 548 601; x_wconf 90' lang='lat' dir='ltr'><strong>pene</strong></span> <span class='ocrx_word' id='word_1_65' title='bbox 566 560 660 595; x_wconf 86' lang='lat' dir='ltr'><strong>locis,</strong></span> <span class='ocrx_word' id='word_1_66' title='bbox 678 563 728 591; x_wconf 78' lang='grc' dir='ltr'><strong>σὺν</strong></span> <span class='ocrx_word' id='word_1_67' title='bbox 740 562 801 600; x_wconf 81' lang='grc' dir='ltr'><strong>Θιῷ</strong></span> <span class='ocrx_word' id='word_1_68' title='bbox 814 562 851 591; x_wconf 87' lang='lat' dir='ltr'><strong>ut</strong></span> <span class='ocrx_word' id='word_1_69' title='bbox 868 559 1052 599; x_wconf 80' lang='lat' dir='ltr'><strong>potuimus,</strong></span> <span class='ocrx_word' id='word_1_70' title='bbox 1074 559 1192 591; x_wconf 87' lang='lat' dir='ltr'><strong>sedulo</strong></span> <span class='ocrx_word' id='word_1_71' title='bbox 1207 559 1469 591; x_wconf 80' lang='lat' dir='ltr'><strong>emendavimus.</strong></span> <span class='ocrx_word' id='word_1_72' title='bbox 1492 570 1507 587; x_wconf 70' lang='grc' dir='ltr'><strong><em>ι</em></strong></span> 
     </span>
    </p>
   </div>
   <div class='ocr_carea' id='block_1_8' title="bbox 120 607 1729 647">
    <p class='ocr_par' dir='ltr' id='par_1_8' title="bbox 120 607 1729 647">
     <span class='ocr_line' id='line_1_8' title="bbox 120 607 1729 647; baseline -0.003 -3"><span class='ocrx_word' id='word_1_73' title='bbox 120 610 302 644; x_wconf 86' lang='lat' dir='ltr'><strong>Basileensi</strong></span> <span class='ocrx_word' id='word_1_74' title='bbox 328 615 401 643; x_wconf 92' lang='lat' dir='ltr'><strong>utor</strong></span> <span class='ocrx_word' id='word_1_75' title='bbox 425 611 572 644; x_wconf 77' lang='lat' dir='ltr'><strong>editione</strong></span> <span class='ocrx_word' id='word_1_76' title='bbox 594 611 670 644; x_wconf 92' lang='lat' dir='ltr'><strong>anni</strong></span> <span class='ocrx_word' id='word_1_77' title='bbox 693 609 782 647; x_wconf 67' lang='lat' dir='ltr'><strong>155b,</strong></span> <span class='ocrx_word' id='word_1_78' title='bbox 802 607 944 640; x_wconf 81' lang='lat' dir='ltr'><strong>in-folio.</strong></span> <span class='ocrx_word' id='word_1_79' title='bbox 971 609 1007 640; x_wconf 82' lang='lat' dir='ltr'><strong>In</strong></span> <span class='ocrx_word' id='word_1_80' title='bbox 1032 607 1273 640; x_wconf 63' lang='lat' dir='ltr'><strong>Praefationem</strong></span> <span class='ocrx_word' id='word_1_81' title='bbox 1294 608 1461 640; x_wconf 85' lang='lat' dir='ltr'><strong>Lectorem</strong></span> <span class='ocrx_word' id='word_1_82' title='bbox 1487 607 1531 639; x_wconf 89' lang='lat' dir='ltr'><strong>ita</strong></span> <span class='ocrx_word' id='word_1_83' title='bbox 1550 607 1656 639; x_wconf 86' lang='lat' dir='ltr'><strong>fertur</strong></span> <span class='ocrx_word' id='word_1_84' title='bbox 1687 607 1729 639; x_wconf 83' lang='lat' dir='ltr'><strong>de</strong></span> 
     </span>
    </p>
   </div>
   <div class='ocr_carea' id='block_1_9' title="bbox 72 656 1726 701">
    <p class='ocr_par' dir='ltr' id='par_1_9' title="bbox 72 656 1726 701">
     <span class='ocr_line' id='line_1_9' title="bbox 72 656 1726 701; baseline -0.002 -9"><span class='ocrx_word' id='word_1_85' title='bbox 72 660 244 700; x_wconf 80' lang='lat' dir='ltr'><strong>prioribus</strong></span> <span class='ocrx_word' id='word_1_86' title='bbox 259 659 468 692; x_wconf 85' lang='lat' dir='ltr'><strong>versionibus</strong></span> <span class='ocrx_word' id='word_1_87' title='bbox 479 660 642 701; x_wconf 87' lang='lat' dir='ltr'><strong>judicium</strong></span> <span class='ocrx_word' id='word_1_88' title='bbox 658 671 665 691; x_wconf 84' lang='lat'><strong>:</strong></span> <span class='ocrx_word' id='word_1_89' title='bbox 683 671 698 689; x_wconf 76' lang='grc' dir='ltr'>ι</span> <span class='ocrx_word' id='word_1_90' title='bbox 712 660 876 695; x_wconf 67' lang='lat' dir='ltr'><strong>Porsena),</strong></span> <span class='ocrx_word' id='word_1_91' title='bbox 889 657 951 688; x_wconf 88' lang='lat' dir='ltr'><strong>viri</strong></span> <span class='ocrx_word' id='word_1_92' title='bbox 970 657 1105 694; x_wconf 89' lang='lat' dir='ltr'><strong>eruditi,</strong></span> <span class='ocrx_word' id='word_1_93' title='bbox 1117 661 1151 689; x_wconf 91' lang='lat' dir='ltr'><strong>ut</strong></span> <span class='ocrx_word' id='word_1_94' title='bbox 1167 657 1296 697; x_wconf 83' lang='lat' dir='ltr'><strong>Opinor,</strong></span> <span class='ocrx_word' id='word_1_95' title='bbox 1310 662 1342 688; x_wconf 92' lang='lat' dir='ltr'><strong>et</strong></span> <span class='ocrx_word' id='word_1_96' title='bbox 1359 656 1547 696; x_wconf 72' lang='lat' dir='ltr'><strong>eloquentis</strong></span> <span class='ocrx_word' id='word_1_97' title='bbox 1560 656 1726 692; x_wconf 85' lang='lat' dir='ltr'><strong>versione.</strong></span> 
     </span>
    </p>
   </div>
   <div class='ocr_carea' id='block_1_10' title="bbox 71 704 1728 746">
    <p class='ocr_par' dir='ltr' id='par_1_10' title="bbox 71 704 1728 746">
     <span class='ocr_line' id='line_1_10' title="bbox 71 704 1728 746; baseline -0.002 -5"><span class='ocrx_word' id='word_1_98' title='bbox 71 714 109 742; x_wconf 87' lang='lat' dir='ltr'><strong>ut</strong></span> <span class='ocrx_word' id='word_1_99' title='bbox 129 708 266 740; x_wconf 76' lang='lat' dir='ltr'><strong>multum</strong></span> <span class='ocrx_word' id='word_1_100' title='bbox 280 718 299 739; x_wconf 84' lang='grc' dir='ltr'>α</span> <span class='ocrx_word' id='word_1_101' title='bbox 314 707 434 740; x_wconf 68' lang='lat' dir='ltr'><strong>Grecis</strong></span> <span class='ocrx_word' id='word_1_102' title='bbox 454 708 644 746; x_wconf 82' lang='lat' dir='ltr'><strong>discedente,</strong></span> <span class='ocrx_word' id='word_1_103' title='bbox 668 716 709 740; x_wconf 91' lang='lat' dir='ltr'><strong>ne</strong></span> <span class='ocrx_word' id='word_1_104' title='bbox 731 707 835 739; x_wconf 87' lang='lat' dir='ltr'><strong>dicam</strong></span> <span class='ocrx_word' id='word_1_105' title='bbox 858 704 1051 746; x_wconf 87' lang='lat' dir='ltr'><strong>plerumque</strong></span> <span class='ocrx_word' id='word_1_106' title='bbox 1075 705 1258 744; x_wconf 73' lang='lat' dir='ltr'><strong>dissidmte,</strong></span> <span class='ocrx_word' id='word_1_107' title='bbox 1276 709 1311 738; x_wconf 89' lang='lat' dir='ltr'><strong>ut</strong></span> <span class='ocrx_word' id='word_1_108' title='bbox 1328 714 1403 746; x_wconf 66' lang='lat' dir='ltr'><strong>quas</strong></span> <span class='ocrx_word' id='word_1_109' title='bbox 1416 706 1459 738; x_wconf 89' lang='lat' dir='ltr'><strong>sit</strong></span> <span class='ocrx_word' id='word_1_110' title='bbox 1486 704 1728 746; x_wconf 86' lang='lat' dir='ltr'><strong>paraphrastica</strong></span> 
     </span>
    </p>
   </div>
   <div class='ocr_carea' id='block_1_11' title="bbox 73 753 1727 798">
    <p class='ocr_par' dir='ltr' id='par_1_11' title="bbox 73 753 1727 798">
     <span class='ocr_line' id='line_1_11' title="bbox 73 753 1727 798; baseline -0.003 -8"><span class='ocrx_word' id='word_1_111' title='bbox 73 760 187 798; x_wconf 91' lang='lat' dir='ltr'><strong>potius</strong></span> <span class='ocrx_word' id='word_1_112' title='bbox 202 762 300 798; x_wconf 89' lang='lat' dir='ltr'><strong>atque</strong></span> <span class='ocrx_word' id='word_1_113' title='bbox 317 759 412 790; x_wconf 89' lang='lat' dir='ltr'><strong>etiam</strong></span> <span class='ocrx_word' id='word_1_114' title='bbox 431 758 570 791; x_wconf 86' lang='lat' dir='ltr'><strong>nimium</strong></span> <span class='ocrx_word' id='word_1_115' title='bbox 585 758 699 795; x_wconf 90' lang='lat' dir='ltr'><strong>libera,</strong></span> <span class='ocrx_word' id='word_1_116' title='bbox 714 760 827 797; x_wconf 85' lang='lat' dir='ltr'><strong>utpote</strong></span> <span class='ocrx_word' id='word_1_117' title='bbox 850 763 924 796; x_wconf 67' lang='lat' dir='ltr'><strong>qua)</strong></span> <span class='ocrx_word' id='word_1_118' title='bbox 945 755 1138 795; x_wconf 84' lang='lat' dir='ltr'><strong>plerumque</strong></span> <span class='ocrx_word' id='word_1_119' title='bbox 1168 755 1279 796; x_wconf 78' lang='lat' dir='ltr'><strong>adjicit</strong></span> <span class='ocrx_word' id='word_1_120' title='bbox 1302 763 1376 796; x_wconf 66' lang='lat' dir='ltr'><strong>quas</strong></span> <span class='ocrx_word' id='word_1_121' title='bbox 1393 754 1428 786; x_wconf 89' lang='lat' dir='ltr'><strong>in</strong></span> <span class='ocrx_word' id='word_1_122' title='bbox 1451 753 1574 786; x_wconf 59' lang='lat' dir='ltr'><strong>Graecis</strong></span> <span class='ocrx_word' id='word_1_123' title='bbox 1590 762 1657 785; x_wconf 91' lang='lat' dir='ltr'><strong>non</strong></span> <span class='ocrx_word' id='word_1_124' title='bbox 1671 753 1727 786; x_wconf 80' lang='lat' dir='ltr'><strong>ha~</strong></span> 
     </span>
    </p>
   </div>
   <div class='ocr_carea' id='block_1_12' title="bbox 70 804 1726 847">
    <p class='ocr_par' dir='ltr' id='par_1_12' title="bbox 70 804 1726 847">
     <span class='ocr_line' id='line_1_12' title="bbox 70 804 1726 847; baseline -0.001 -9"><span class='ocrx_word' id='word_1_125' title='bbox 70 808 205 845; x_wconf 84' lang='lat' dir='ltr'><strong>bentur,</strong></span> <span class='ocrx_word' id='word_1_126' title='bbox 220 810 251 838; x_wconf 90' lang='lat' dir='ltr'><strong>et</strong></span> <span class='ocrx_word' id='word_1_127' title='bbox 268 810 378 838; x_wconf 86' lang='lat' dir='ltr'><strong>contra</strong></span> <span class='ocrx_word' id='word_1_128' title='bbox 403 806 572 847; x_wconf 81' lang='lat' dir='ltr'><strong>plerisque</strong></span> <span class='ocrx_word' id='word_1_129' title='bbox 598 807 630 838; x_wconf 89' lang='lat' dir='ltr'><strong>in</strong></span> <span class='ocrx_word' id='word_1_130' title='bbox 645 805 726 837; x_wconf 86' lang='lat' dir='ltr'><strong>locis</strong></span> <span class='ocrx_word' id='word_1_131' title='bbox 742 804 929 845; x_wconf 85' lang='lat' dir='ltr'><strong>complures</strong></span> <span class='ocrx_word' id='word_1_132' title='bbox 947 813 1060 837; x_wconf 89' lang='lat' dir='ltr'><strong>versus</strong></span> <span class='ocrx_word' id='word_1_133' title='bbox 1077 814 1213 846; x_wconf 81' lang='lat' dir='ltr'><strong>prorsus</strong></span> <span class='ocrx_word' id='word_1_134' title='bbox 1226 805 1365 843; x_wconf 91' lang='lat' dir='ltr'><strong>omittat,</strong></span> <span class='ocrx_word' id='word_1_135' title='bbox 1383 813 1458 846; x_wconf 65' lang='lat' dir='ltr'><strong>quas</strong></span> <span class='ocrx_word' id='word_1_136' title='bbox 1474 808 1581 837; x_wconf 85' lang='lat' dir='ltr'><strong>tamen</strong></span> <span class='ocrx_word' id='word_1_137' title='bbox 1605 805 1639 837; x_wconf 89' lang='lat' dir='ltr'><strong>in</strong></span> <span class='ocrx_word' id='word_1_138' title='bbox 1663 812 1726 836; x_wconf 91' lang='lat' dir='ltr'><strong>no-</strong></span> 
     </span>
    </p>
   </div>
   <div class='ocr_carea' id='block_1_13' title="bbox 71 853 1724 895">
    <p class='ocr_par' dir='ltr' id='par_1_13' title="bbox 71 853 1724 895">
     <span class='ocr_line' id='line_1_13' title="bbox 71 853 1724 895; baseline -0.001 -8"><span class='ocrx_word' id='word_1_139' title='bbox 71 859 143 887; x_wconf 86' lang='lat' dir='ltr'><strong>stro</strong></span> <span class='ocrx_word' id='word_1_140' title='bbox 157 864 219 887; x_wconf 89' lang='lat' dir='ltr'><strong>ms.</strong></span> <span class='ocrx_word' id='word_1_141' title='bbox 241 855 352 888; x_wconf 86' lang='lat' dir='ltr'><strong>codice</strong></span> <span class='ocrx_word' id='word_1_142' title='bbox 376 857 500 893; x_wconf 75' lang='lat' dir='ltr'><strong>Grteco,</strong></span> <span class='ocrx_word' id='word_1_143' title='bbox 512 864 618 895; x_wconf 81' lang='lat' dir='ltr'><strong>eoque</strong></span> <span class='ocrx_word' id='word_1_144' title='bbox 634 857 820 894; x_wconf 86' lang='lat' dir='ltr'><strong>pervetusto</strong></span> <span class='ocrx_word' id='word_1_145' title='bbox 833 857 944 893; x_wconf 89' lang='lat' dir='ltr'><strong>aperte</strong></span> <span class='ocrx_word' id='word_1_146' title='bbox 955 854 1164 886; x_wconf 82' lang='lat' dir='ltr'><strong>continentur</strong></span> <span class='ocrx_word' id='word_1_147' title='bbox 1180 863 1187 886; x_wconf 88' lang='lat'>:</span> <span class='ocrx_word' id='word_1_148' title='bbox 1204 854 1308 893; x_wconf 87' lang='lat' dir='ltr'><strong>illius,</strong></span> <span class='ocrx_word' id='word_1_149' title='bbox 1335 854 1482 894; x_wconf 86' lang='lat' dir='ltr'><strong>inquam,</strong></span> <span class='ocrx_word' id='word_1_150' title='bbox 1511 853 1634 886; x_wconf 87' lang='lat' dir='ltr'><strong>omissa</strong></span> <span class='ocrx_word' id='word_1_151' title='bbox 1651 862 1724 885; x_wconf 86' lang='lat' dir='ltr'><strong>ver-</strong></span> 
     </span>
    </p>
   </div>
   <div class='ocr_carea' id='block_1_14' title="bbox 70 901 1722 944">
    <p class='ocr_par' dir='ltr' id='par_1_14' title="bbox 70 901 1722 944">
     <span class='ocr_line' id='line_1_14' title="bbox 70 901 1722 944; baseline -0.002 -9"><span class='ocrx_word' id='word_1_152' title='bbox 70 904 181 941; x_wconf 83' lang='lat' dir='ltr'><strong>sione,</strong></span> <span class='ocrx_word' id='word_1_153' title='bbox 198 903 349 936; x_wconf 88' lang='lat' dir='ltr'><strong>Loniceri</strong></span> <span class='ocrx_word' id='word_1_154' title='bbox 369 904 478 944; x_wconf 88' lang='lat' dir='ltr'><strong>potius</strong></span> <span class='ocrx_word' id='word_1_155' title='bbox 499 903 800 943; x_wconf 83' lang='lat' dir='ltr'><strong>interpretationem</strong></span> <span class='ocrx_word' id='word_1_156' title='bbox 822 901 1036 942; x_wconf 86' lang='lat' dir='ltr'><strong>arripuimus,</strong></span> <span class='ocrx_word' id='word_1_157' title='bbox 1054 911 1192 944; x_wconf 84' lang='lat' dir='ltr'><strong>eamque</strong></span> <span class='ocrx_word' id='word_1_158' title='bbox 1207 902 1326 942; x_wconf 84' lang='lat' dir='ltr'><strong>passim</strong></span> <span class='ocrx_word' id='word_1_159' title='bbox 1344 902 1399 934; x_wconf 90' lang='lat' dir='ltr'><strong>ubi</strong></span> <span class='ocrx_word' id='word_1_160' title='bbox 1420 902 1603 934; x_wconf 79' lang='lat' dir='ltr'><strong>tolerabilis</strong></span> <span class='ocrx_word' id='word_1_161' title='bbox 1623 907 1722 939; x_wconf 80' lang='lat' dir='ltr'><strong>esset,</strong></span> 
     </span>
    </p>
   </div>
   <div class='ocr_carea' id='block_1_15' title="bbox 70 949 1726 992">
    <p class='ocr_par' dir='ltr' id='par_1_15' title="bbox 70 949 1726 992">
     <span class='ocr_line' id='line_1_15' title="bbox 70 949 1726 992; baseline 0 -9"><span class='ocrx_word' id='word_1_162' title='bbox 70 951 283 984; x_wconf 87' lang='lat' dir='ltr'><strong>retinuimus.</strong></span> <span class='ocrx_word' id='word_1_163' title='bbox 302 964 316 981; x_wconf 69' lang='grc' dir='ltr'><strong>ι</strong></span> <span class='ocrx_word' id='word_1_164' title='bbox 336 953 409 984; x_wconf 67' lang='lat' dir='ltr'><strong>Haec</strong></span> <span class='ocrx_word' id='word_1_165' title='bbox 427 951 501 989; x_wconf 89' lang='lat' dir='ltr'><strong>alia,</strong></span> <span class='ocrx_word' id='word_1_166' title='bbox 515 960 589 992; x_wconf 74' lang='lat' dir='ltr'><strong>quae</strong></span> <span class='ocrx_word' id='word_1_167' title='bbox 607 950 783 991; x_wconf 66' lang='lat' dir='ltr'><strong>praemittit.</strong></span> <span class='ocrx_word' id='word_1_168' title='bbox 803 949 905 982; x_wconf 72' lang='lat' dir='ltr'><strong>affero</strong></span> <span class='ocrx_word' id='word_1_169' title='bbox 928 950 998 990; x_wconf 84' lang='lat' dir='ltr'><strong>ejus</strong></span> <span class='ocrx_word' id='word_1_170' title='bbox 1016 951 1111 983; x_wconf 89' lang='lat' dir='ltr'><strong>verba</strong></span> <span class='ocrx_word' id='word_1_171' title='bbox 1129 961 1137 982; x_wconf 88' lang='lat'><strong>:</strong></span> <span class='ocrx_word' id='word_1_172' title='bbox 1152 963 1166 980; x_wconf 77' lang='grc' dir='ltr'>α</span> <span class='ocrx_word' id='word_1_173' title='bbox 1184 953 1249 983; x_wconf 89' lang='lat' dir='ltr'><strong>Nos</strong></span> <span class='ocrx_word' id='word_1_174' title='bbox 1264 951 1368 983; x_wconf 77' lang='lat' dir='ltr'><strong>Graeci</strong></span> <span class='ocrx_word' id='word_1_175' title='bbox 1398 951 1535 986; x_wconf 91' lang='lat' dir='ltr'><strong>codicis,</strong></span> <span class='ocrx_word' id='word_1_176' title='bbox 1558 958 1625 991; x_wconf 90' lang='lat' dir='ltr'><strong>quo</strong></span> <span class='ocrx_word' id='word_1_177' title='bbox 1641 959 1726 983; x_wconf 90' lang='lat' dir='ltr'><strong>usus</strong></span> 
     </span>
    </p>
   </div>
   <div class='ocr_carea' id='block_1_16' title="bbox 68 999 1722 1041">
    <p class='ocr_par' dir='ltr' id='par_1_16' title="bbox 68 999 1722 1041">
     <span class='ocr_line' id='line_1_16' title="bbox 68 999 1722 1041; baseline -0.001 -9"><span class='ocrx_word' id='word_1_178' title='bbox 68 1003 140 1036; x_wconf 85' lang='lat' dir='ltr'><strong>erat</strong></span> <span class='ocrx_word' id='word_1_179' title='bbox 168 1000 347 1040; x_wconf 80' lang='lat' dir='ltr'><strong>aliquando</strong></span> <span class='ocrx_word' id='word_1_180' title='bbox 370 1001 408 1031; x_wconf 89' lang='lat' dir='ltr'><strong>D.</strong></span> <span class='ocrx_word' id='word_1_181' title='bbox 437 1001 603 1038; x_wconf 86' lang='lat' dir='ltr'><strong>Erasmus,</strong></span> <span class='ocrx_word' id='word_1_182' title='bbox 634 999 730 1031; x_wconf 83' lang='lat' dir='ltr'><strong>tidem</strong></span> <span class='ocrx_word' id='word_1_183' title='bbox 759 1007 856 1038; x_wconf 90' lang='lat' dir='ltr'><strong>quam</strong></span> <span class='ocrx_word' id='word_1_184' title='bbox 887 999 1057 1037; x_wconf 88' lang='lat' dir='ltr'><strong>potuimus</strong></span> <span class='ocrx_word' id='word_1_185' title='bbox 1083 1000 1353 1041; x_wconf 80' lang='lat' dir='ltr'><strong>diligentissime,</strong></span> <span class='ocrx_word' id='word_1_186' title='bbox 1388 1008 1445 1040; x_wconf 91' lang='lat' dir='ltr'><strong>pro</strong></span> <span class='ocrx_word' id='word_1_187' title='bbox 1473 1005 1583 1032; x_wconf 91' lang='lat' dir='ltr'><strong>nostra</strong></span> <span class='ocrx_word' id='word_1_188' title='bbox 1610 1000 1722 1040; x_wconf 85' lang='lat' dir='ltr'><strong>quali-</strong></span> 
     </span>
    </p>
   </div>
   <div class='ocr_carea' id='block_1_17' title="bbox 68 1046 1724 1090">
    <p class='ocr_par' dir='ltr' id='par_1_17' title="bbox 68 1046 1724 1090">
     <span class='ocr_line' id='line_1_17' title="bbox 68 1046 1724 1090; baseline 0 -10"><span class='ocrx_word' id='word_1_189' title='bbox 68 1057 205 1090; x_wconf 84' lang='lat' dir='ltr'><strong>cunque</strong></span> <span class='ocrx_word' id='word_1_190' title='bbox 221 1048 442 1080; x_wconf 77' lang='lat' dir='ltr'><strong>mediocritate</strong></span> <span class='ocrx_word' id='word_1_191' title='bbox 478 1048 583 1080; x_wconf 87' lang='lat' dir='ltr'><strong>secuti</strong></span> <span class='ocrx_word' id='word_1_192' title='bbox 600 1056 729 1086; x_wconf 90' lang='lat' dir='ltr'><strong>sumus,</strong></span> <span class='ocrx_word' id='word_1_193' title='bbox 745 1047 809 1079; x_wconf 87' lang='lat' dir='ltr'><strong>nisi</strong></span> <span class='ocrx_word' id='word_1_194' title='bbox 824 1046 929 1079; x_wconf 90' lang='lat' dir='ltr'><strong>sicubi</strong></span> <span class='ocrx_word' id='word_1_195' title='bbox 946 1048 1053 1080; x_wconf 85' lang='lat' dir='ltr'><strong>scriba</strong></span> <span class='ocrx_word' id='word_1_196' title='bbox 1066 1049 1262 1081; x_wconf 88' lang='lat' dir='ltr'><strong>dormitasse</strong></span> <span class='ocrx_word' id='word_1_197' title='bbox 1280 1048 1458 1080; x_wconf 87' lang='lat' dir='ltr'><strong>videretur.</strong></span> <span class='ocrx_word' id='word_1_198' title='bbox 1481 1048 1724 1081; x_wconf 85' lang='lat' dir='ltr'><strong>Perabsurdum</strong></span> 
     </span>
    </p>
   </div>
   <div class='ocr_carea' id='block_1_18' title="bbox 70 1095 1721 1138">
    <p class='ocr_par' dir='ltr' id='par_1_18' title="bbox 70 1095 1721 1138">
     <span class='ocr_line' id='line_1_18' title="bbox 70 1095 1721 1138; baseline 0 -10"><span class='ocrx_word' id='word_1_199' title='bbox 70 1097 160 1128; x_wconf 89' lang='lat' dir='ltr'><strong>enim</strong></span> <span class='ocrx_word' id='word_1_200' title='bbox 192 1095 306 1133; x_wconf 86' lang='lat' dir='ltr'><strong>fuerit,</strong></span> <span class='ocrx_word' id='word_1_201' title='bbox 332 1098 374 1128; x_wconf 84' lang='lat' dir='ltr'><strong>ub</strong></span> <span class='ocrx_word' id='word_1_202' title='bbox 398 1105 456 1136; x_wconf 58' lang='lat' dir='ltr'><strong>que</strong></span> <span class='ocrx_word' id='word_1_203' title='bbox 471 1096 609 1128; x_wconf 89' lang='lat' dir='ltr'><strong>scribam</strong></span> <span class='ocrx_word' id='word_1_204' title='bbox 626 1095 764 1128; x_wconf 89' lang='lat' dir='ltr'><strong>nimium</strong></span> <span class='ocrx_word' id='word_1_205' title='bbox 778 1095 862 1127; x_wconf 88' lang='lat' dir='ltr'><strong>bona</strong></span> <span class='ocrx_word' id='word_1_206' title='bbox 881 1095 942 1127; x_wconf 80' lang='lat' dir='ltr'><strong>ﬁde</strong></span> <span class='ocrx_word' id='word_1_207' title='bbox 957 1097 1122 1138; x_wconf 83' lang='lat' dir='ltr'><strong>amplecti,</strong></span> <span class='ocrx_word' id='word_1_208' title='bbox 1136 1098 1198 1130; x_wconf 93' lang='lat' dir='ltr'><strong>hoc</strong></span> <span class='ocrx_word' id='word_1_209' title='bbox 1218 1101 1278 1135; x_wconf 90' lang='lat' dir='ltr'><strong>est,</strong></span> <span class='ocrx_word' id='word_1_210' title='bbox 1301 1106 1367 1129; x_wconf 90' lang='lat' dir='ltr'><strong>una</strong></span> <span class='ocrx_word' id='word_1_211' title='bbox 1385 1104 1458 1129; x_wconf 88' lang='lat' dir='ltr'><strong>cum</strong></span> <span class='ocrx_word' id='word_1_212' title='bbox 1479 1097 1560 1137; x_wconf 89' lang='lat' dir='ltr'><strong>ipsis</strong></span> <span class='ocrx_word' id='word_1_213' title='bbox 1576 1098 1692 1129; x_wconf 87' lang='lat' dir='ltr'><strong>erratis</strong></span> <span class='ocrx_word' id='word_1_214' title='bbox 1713 1108 1721 1128; x_wconf 88' lang='lat'><strong>:</strong></span> 
     </span>
    </p>
   </div>
   <div class='ocr_carea' id='block_1_19' title="bbox 69 1144 1723 1187">
    <p class='ocr_par' dir='ltr' id='par_1_19' title="bbox 69 1144 1723 1187">
     <span class='ocr_line' id='line_1_19' title="bbox 69 1144 1723 1187; baseline -0.001 -9"><span class='ocrx_word' id='word_1_215' title='bbox 69 1146 158 1187; x_wconf 92' lang='lat' dir='ltr'><strong>quod</strong></span> <span class='ocrx_word' id='word_1_216' title='bbox 179 1145 359 1177; x_wconf 82' lang='lat' dir='ltr'><strong>Lonicerus</strong></span> <span class='ocrx_word' id='word_1_217' title='bbox 377 1145 498 1186; x_wconf 61' lang='lat' dir='ltr'><strong>saepius</strong></span> <span class='ocrx_word' id='word_1_218' title='bbox 516 1145 680 1177; x_wconf 80' lang='lat' dir='ltr'><strong>factitasse</strong></span> <span class='ocrx_word' id='word_1_219' title='bbox 693 1144 961 1184; x_wconf 87' lang='lat' dir='ltr'><strong>deprehenditur.</strong></span> <span class='ocrx_word' id='word_1_220' title='bbox 981 1157 996 1174; x_wconf 70' lang='grc' dir='ltr'><strong>ι</strong></span> <span class='ocrx_word' id='word_1_221' title='bbox 1017 1147 1099 1178; x_wconf 91' lang='lat' dir='ltr'><strong>Tum</strong></span> <span class='ocrx_word' id='word_1_222' title='bbox 1115 1155 1194 1178; x_wconf 92' lang='lat' dir='ltr'><strong>vero</strong></span> <span class='ocrx_word' id='word_1_223' title='bbox 1210 1145 1429 1186; x_wconf 88' lang='lat' dir='ltr'><strong>sphalmatum</strong></span> <span class='ocrx_word' id='word_1_224' title='bbox 1445 1155 1520 1186; x_wconf 65' lang='lat' dir='ltr'><strong>quas</strong></span> <span class='ocrx_word' id='word_1_225' title='bbox 1534 1146 1723 1179; x_wconf 76' lang='lat' dir='ltr'><strong>emendavit</strong></span> 
     </span>
    </p>
   </div>
   <div class='ocr_carea' id='block_1_20' title="bbox 68 1193 1722 1236">
    <p class='ocr_par' dir='ltr' id='par_1_20' title="bbox 68 1193 1722 1236">
     <span class='ocr_line' id='line_1_20' title="bbox 68 1193 1722 1236; baseline -0.001 -10"><span class='ocrx_word' id='word_1_226' title='bbox 68 1194 253 1233; x_wconf 82' lang='lat' dir='ltr'><strong>specimina</strong></span> <span class='ocrx_word' id='word_1_227' title='bbox 274 1193 406 1225; x_wconf 82' lang='lat' dir='ltr'><strong>exhibet</strong></span> <span class='ocrx_word' id='word_1_228' title='bbox 428 1205 436 1225; x_wconf 90' lang='lat'><strong>:</strong></span> <span class='ocrx_word' id='word_1_229' title='bbox 457 1202 571 1235; x_wconf 76' lang='lat' dir='ltr'><strong>qmeve</strong></span> <span class='ocrx_word' id='word_1_230' title='bbox 595 1197 763 1234; x_wconf 66' lang='lat' dir='ltr'><strong>praeterea,</strong></span> <span class='ocrx_word' id='word_1_231' title='bbox 786 1198 821 1224; x_wconf 87' lang='lat' dir='ltr'><strong>ut</strong></span> <span class='ocrx_word' id='word_1_232' title='bbox 847 1193 949 1226; x_wconf 90' lang='lat' dir='ltr'><strong>nitida</strong></span> <span class='ocrx_word' id='word_1_233' title='bbox 969 1203 1005 1227; x_wconf 89' lang='lat' dir='ltr'><strong>ac</strong></span> <span class='ocrx_word' id='word_1_234' title='bbox 1023 1195 1114 1226; x_wconf 87' lang='lat' dir='ltr'><strong>utilis</strong></span> <span class='ocrx_word' id='word_1_235' title='bbox 1131 1195 1233 1227; x_wconf 84' lang='lat' dir='ltr'><strong>editio</strong></span> <span class='ocrx_word' id='word_1_236' title='bbox 1255 1194 1351 1233; x_wconf 85' lang='lat' dir='ltr'><strong>foret,</strong></span> <span class='ocrx_word' id='word_1_237' title='bbox 1376 1195 1555 1236; x_wconf 65' lang='lat' dir='ltr'><strong>prmstanda</strong></span> <span class='ocrx_word' id='word_1_238' title='bbox 1581 1195 1722 1232; x_wconf 83' lang='lat' dir='ltr'><strong>censuit,</strong></span> 
     </span>
    </p>
   </div>
   <div class='ocr_carea' id='block_1_21' title="bbox 67 1237 1721 1285">
    <p class='ocr_par' dir='ltr' id='par_1_21' title="bbox 67 1237 1721 1285">
     <span class='ocr_line' id='line_1_21' title="bbox 67 1237 1721 1285; baseline 0 -10"><span class='ocrx_word' id='word_1_239' title='bbox 67 1244 246 1284; x_wconf 80' lang='lat' dir='ltr'><strong>diligenter</strong></span> <span class='ocrx_word' id='word_1_240' title='bbox 262 1248 398 1275; x_wconf 85' lang='lat' dir='ltr'><strong>enarrat.</strong></span> <span class='ocrx_word' id='word_1_241' title='bbox 417 1243 501 1274; x_wconf 86' lang='lat' dir='ltr'><strong>illud</strong></span> <span class='ocrx_word' id='word_1_242' title='bbox 520 1237 629 1283; x_wconf 77' lang='lat' dir='ltr'><strong>operas</strong></span> <span class='ocrx_word' id='word_1_243' title='bbox 645 1243 788 1283; x_wconf 87' lang='lat' dir='ltr'><strong>pretium</strong></span> <span class='ocrx_word' id='word_1_244' title='bbox 814 1242 914 1275; x_wconf 82' lang='lat' dir='ltr'><strong>fuerit</strong></span> <span class='ocrx_word' id='word_1_245' title='bbox 931 1252 1031 1276; x_wconf 92' lang='lat' dir='ltr'><strong>unum</strong></span> <span class='ocrx_word' id='word_1_246' title='bbox 1055 1244 1326 1281; x_wconf 83' lang='lat' dir='ltr'><strong>animadvertere.</strong></span> <span class='ocrx_word' id='word_1_247' title='bbox 1350 1244 1515 1285; x_wconf 77' lang='lat' dir='ltr'><strong>Vulgarcm</strong></span> <span class='ocrx_word' id='word_1_248' title='bbox 1532 1245 1567 1276; x_wconf 87' lang='lat' dir='ltr'><strong>in</strong></span> <span class='ocrx_word' id='word_1_249' title='bbox 1583 1244 1721 1276; x_wconf 85' lang='lat' dir='ltr'><strong>Paulino</strong></span> 
     </span>
    </p>
   </div>
   <div class='ocr_carea' id='block_1_22' title="bbox 67 1293 1724 1334">
    <p class='ocr_par' dir='ltr' id='par_1_22' title="bbox 67 1293 1724 1334">
     <span class='ocr_line' id='line_1_22' title="bbox 67 1293 1724 1334; baseline 0 -10"><span class='ocrx_word' id='word_1_250' title='bbox 67 1298 162 1325; x_wconf 65' lang='lat' dir='ltr'><strong>textu</strong></span> <span class='ocrx_word' id='word_1_251' title='bbox 172 1293 359 1331; x_wconf 77' lang='lat' dir='ltr'><strong>versionem,</strong></span> <span class='ocrx_word' id='word_1_252' title='bbox 383 1303 445 1334; x_wconf 85' lang='lat' dir='ltr'><strong>qua</strong></span> <span class='ocrx_word' id='word_1_253' title='bbox 458 1294 582 1334; x_wconf 84' lang='lat' dir='ltr'><strong>passim</strong></span> <span class='ocrx_word' id='word_1_254' title='bbox 598 1294 705 1326; x_wconf 83' lang='lat' dir='ltr'><strong>utitur</strong></span> <span class='ocrx_word' id='word_1_255' title='bbox 727 1293 888 1331; x_wconf 76' lang='lat' dir='ltr'><strong>Ecclesia,</strong></span> <span class='ocrx_word' id='word_1_256' title='bbox 905 1294 972 1334; x_wconf 82' lang='lat' dir='ltr'><strong>fere</strong></span> <span class='ocrx_word' id='word_1_257' title='bbox 1000 1293 1040 1325; x_wconf 91' lang='lat' dir='ltr'><strong>ab</strong></span> <span class='ocrx_word' id='word_1_258' title='bbox 1059 1293 1130 1333; x_wconf 90' lang='lat' dir='ltr'><strong>ipso</strong></span> <span class='ocrx_word' id='word_1_259' title='bbox 1158 1294 1313 1325; x_wconf 82' lang='lat' dir='ltr'><strong>Montano</strong></span> <span class='ocrx_word' id='word_1_260' title='bbox 1344 1298 1511 1331; x_wconf 82' lang='lat' dir='ltr'><strong>retentam,</strong></span> <span class='ocrx_word' id='word_1_261' title='bbox 1542 1294 1609 1325; x_wconf 83' lang='lat' dir='ltr'><strong>nisi</strong></span> <span class='ocrx_word' id='word_1_262' title='bbox 1620 1293 1724 1325; x_wconf 82' lang='lat' dir='ltr'><strong>sicubi</strong></span> 
     </span>
    </p>
   </div>
   <div class='ocr_carea' id='block_1_23' title="bbox 68 1341 1720 1385">
    <p class='ocr_par' dir='ltr' id='par_1_23' title="bbox 68 1341 1720 1385">
     <span class='ocr_line' id='line_1_23' title="bbox 68 1341 1720 1385; baseline -0.001 -10"><span class='ocrx_word' id='word_1_263' title='bbox 68 1344 299 1385; x_wconf 82' lang='lat' dir='ltr'><strong>Thcophylacti</strong></span> <span class='ocrx_word' id='word_1_264' title='bbox 311 1344 538 1385; x_wconf 76' lang='lat' dir='ltr'><strong>interpretatio</strong></span> <span class='ocrx_word' id='word_1_265' title='bbox 549 1344 638 1376; x_wconf 83' lang='lat' dir='ltr'><strong>illam</strong></span> <span class='ocrx_word' id='word_1_266' title='bbox 651 1345 817 1377; x_wconf 80' lang='lat' dir='ltr'><strong>immutare</strong></span> <span class='ocrx_word' id='word_1_267' title='bbox 832 1342 968 1384; x_wconf 82' lang='lat' dir='ltr'><strong>coegerit</strong></span> <span class='ocrx_word' id='word_1_268' title='bbox 979 1352 988 1376; x_wconf 84' lang='lat'><strong><em>;</em></strong></span> <span class='ocrx_word' id='word_1_269' title='bbox 1001 1342 1088 1382; x_wconf 90' lang='lat' dir='ltr'><strong>quod</strong></span> <span class='ocrx_word' id='word_1_270' title='bbox 1101 1345 1240 1376; x_wconf 80' lang='lat' dir='ltr'><strong>attamen</strong></span> <span class='ocrx_word' id='word_1_271' title='bbox 1260 1341 1346 1373; x_wconf 90' lang='lat' dir='ltr'><strong>haud</strong></span> <span class='ocrx_word' id='word_1_272' title='bbox 1365 1341 1488 1382; x_wconf 84' lang='lat' dir='ltr'><strong>ubique</strong></span> <span class='ocrx_word' id='word_1_273' title='bbox 1500 1342 1720 1374; x_wconf 86' lang='lat' dir='ltr'><strong>observatum.</strong></span> 
     </span>
    </p>
   </div>
   <div class='ocr_carea' id='block_1_24' title="bbox 66 1390 1113 1433">
    <p class='ocr_par' dir='ltr' id='par_1_24' title="bbox 66 1390 1113 1433">
     <span class='ocr_line' id='line_1_24' title="bbox 66 1390 1113 1433; baseline -0.002 -10"><span class='ocrx_word' id='word_1_274' title='bbox 66 1392 103 1423; x_wconf 85' lang='lat' dir='ltr'><strong>In</strong></span> <span class='ocrx_word' id='word_1_275' title='bbox 122 1392 207 1425; x_wconf 90' lang='lat' dir='ltr'><strong>hanc</strong></span> <span class='ocrx_word' id='word_1_276' title='bbox 227 1393 405 1425; x_wconf 85' lang='lat' dir='ltr'><strong>editionem</strong></span> <span class='ocrx_word' id='word_1_277' title='bbox 425 1397 569 1433; x_wconf 84' lang='lat' dir='ltr'><strong>prostant</strong></span> <span class='ocrx_word' id='word_1_278' title='bbox 591 1393 696 1425; x_wconf 89' lang='lat' dir='ltr'><strong>Latini</strong></span> <span class='ocrx_word' id='word_1_279' title='bbox 714 1393 830 1425; x_wconf 89' lang='lat' dir='ltr'><strong>Latinii</strong></span> <span class='ocrx_word' id='word_1_280' title='bbox 849 1390 1113 1424; x_wconf 84' lang='lat' dir='ltr'><strong>Observationes.</strong></span> 
     </span>
    </p>
   </div>
   <div class='ocr_carea' id='block_1_25' title="bbox 106 1439 1722 1484">
    <p class='ocr_par' dir='ltr' id='par_1_25' title="bbox 106 1439 1722 1484">
     <span class='ocr_line' id='line_1_25' title="bbox 106 1439 1722 1484; baseline -0.002 -11"><span class='ocrx_word' id='word_1_281' title='bbox 106 1442 158 1475; x_wconf 76' lang='grc' dir='ltr'><strong>ιιιι.</strong></span> <span class='ocrx_word' id='word_1_282' title='bbox 178 1443 266 1474; x_wconf 80' lang='lat' dir='ltr'><strong>Idem</strong></span> <span class='ocrx_word' id='word_1_283' title='bbox 285 1442 433 1475; x_wconf 83' lang='lat' dir='ltr'><strong>Latinius</strong></span> <span class='ocrx_word' id='word_1_284' title='bbox 450 1451 537 1475; x_wconf 88' lang='lat' dir='ltr'><strong>anno</strong></span> <span class='ocrx_word' id='word_1_285' title='bbox 554 1443 643 1482; x_wconf 76' lang='grc'><strong>1557,</strong></span> <span class='ocrx_word' id='word_1_286' title='bbox 664 1451 730 1484; x_wconf 92' lang='lat' dir='ltr'><strong>quo</strong></span> <span class='ocrx_word' id='word_1_287' title='bbox 755 1454 769 1472; x_wconf 73' lang='grc' dir='ltr'><strong><em>α</em></strong></span> <span class='ocrx_word' id='word_1_288' title='bbox 786 1443 909 1478; x_wconf 63' lang='lat' dir='ltr'><strong>Romus,</strong></span> <span class='ocrx_word' id='word_1_289' title='bbox 926 1440 943 1472; x_wconf 90' lang='lat'>3</span> <span class='ocrx_word' id='word_1_290' title='bbox 960 1441 1066 1472; x_wconf 82' lang='lat' dir='ltr'><strong>Nonas</strong></span> <span class='ocrx_word' id='word_1_291' title='bbox 1095 1439 1244 1471; x_wconf 79' lang='lat' dir='ltr'><strong>Octobris</strong></span> <span class='ocrx_word' id='word_1_292' title='bbox 1262 1452 1275 1469; x_wconf 73' lang='grc' dir='ltr'><strong><em>ι</em></strong></span> <span class='ocrx_word' id='word_1_293' title='bbox 1293 1440 1474 1479; x_wconf 86' lang='lat' dir='ltr'><strong>Epistolam</strong></span> <span class='ocrx_word' id='word_1_294' title='bbox 1490 1440 1584 1472; x_wconf 89' lang='lat' dir='ltr'><strong>dabat</strong></span> <span class='ocrx_word' id='word_1_295' title='bbox 1601 1440 1643 1471; x_wconf 87' lang='lat' dir='ltr'><strong>ad</strong></span> <span class='ocrx_word' id='word_1_296' title='bbox 1655 1440 1722 1471; x_wconf 81' lang='lat' dir='ltr'><strong>An-</strong></span> 
     </span>
    </p>
   </div>
   <div class='ocr_carea' id='block_1_26' title="bbox 65 1489 1721 1533">
    <p class='ocr_par' dir='ltr' id='par_1_26' title="bbox 65 1489 1721 1533">
     <span class='ocr_line' id='line_1_26' title="bbox 65 1489 1721 1533; baseline -0.001 -11"><span class='ocrx_word' id='word_1_297' title='bbox 65 1491 179 1522; x_wconf 84' lang='lat' dir='ltr'><strong>dream</strong></span> <span class='ocrx_word' id='word_1_298' title='bbox 201 1492 363 1523; x_wconf 66' lang='lat' dir='ltr'><strong>Mecium:</strong></span> <span class='ocrx_word' id='word_1_299' title='bbox 389 1503 403 1520; x_wconf 77' lang='grc' dir='ltr'>ι</span> <span class='ocrx_word' id='word_1_300' title='bbox 429 1493 484 1529; x_wconf 88' lang='lat' dir='ltr'><strong>Ea,</strong></span> <span class='ocrx_word' id='word_1_301' title='bbox 517 1493 638 1533; x_wconf 84' lang='lat' dir='ltr'><strong>inquit,</strong></span> <span class='ocrx_word' id='word_1_302' title='bbox 659 1501 733 1531; x_wconf 79' lang='lat' dir='ltr'><strong>quae</strong></span> <span class='ocrx_word' id='word_1_303' title='bbox 753 1490 986 1532; x_wconf 86' lang='lat' dir='ltr'><strong>Theophylacti</strong></span> <span class='ocrx_word' id='word_1_304' title='bbox 1007 1489 1140 1520; x_wconf 87' lang='lat' dir='ltr'><strong>nomine</strong></span> <span class='ocrx_word' id='word_1_305' title='bbox 1162 1489 1196 1520; x_wconf 85' lang='lat' dir='ltr'><strong>in</strong></span> <span class='ocrx_word' id='word_1_306' title='bbox 1220 1489 1316 1520; x_wconf 84' lang='lat' dir='ltr'><strong>Pauli</strong></span> <span class='ocrx_word' id='word_1_307' title='bbox 1330 1489 1498 1529; x_wconf 75' lang='lat' dir='ltr'><strong>Epistolas</strong></span> <span class='ocrx_word' id='word_1_308' title='bbox 1514 1490 1602 1521; x_wconf 89' lang='lat' dir='ltr'><strong>edita</strong></span> <span class='ocrx_word' id='word_1_309' title='bbox 1621 1493 1698 1522; x_wconf 87' lang='lat' dir='ltr'><strong>sunt</strong></span> <span class='ocrx_word' id='word_1_310' title='bbox 1713 1511 1721 1525; x_wconf 89' lang='lat'><em>.</em></span> 
     </span>
    </p>
   </div>
   <div class='ocr_carea' id='block_1_27' title="bbox 66 1538 1723 1581">
    <p class='ocr_par' dir='ltr' id='par_1_27' title="bbox 66 1538 1723 1581">
     <span class='ocr_line' id='line_1_27' title="bbox 66 1538 1723 1581; baseline -0.001 -10"><span class='ocrx_word' id='word_1_311' title='bbox 66 1548 134 1572; x_wconf 89' lang='lat' dir='ltr'><strong>non</strong></span> <span class='ocrx_word' id='word_1_312' title='bbox 150 1539 235 1580; x_wconf 85' lang='lat' dir='ltr'><strong>ejus,</strong></span> <span class='ocrx_word' id='word_1_313' title='bbox 256 1539 314 1571; x_wconf 87' lang='lat' dir='ltr'><strong>sed</strong></span> <span class='ocrx_word' id='word_1_314' title='bbox 339 1538 509 1572; x_wconf 72' lang='lat' dir='ltr'><strong>Athanasii</strong></span> <span class='ocrx_word' id='word_1_315' title='bbox 533 1540 700 1581; x_wconf 76' lang='lat' dir='ltr'><strong>cujusdam</strong></span> <span class='ocrx_word' id='word_1_316' title='bbox 720 1539 874 1580; x_wconf 73' lang='lat' dir='ltr'><strong>Byzantii</strong></span> <span class='ocrx_word' id='word_1_317' title='bbox 899 1538 1056 1576; x_wconf 79' lang='lat' dir='ltr'><strong>monachi,</strong></span> <span class='ocrx_word' id='word_1_318' title='bbox 1084 1538 1140 1578; x_wconf 89' lang='lat' dir='ltr'><strong>qui</strong></span> <span class='ocrx_word' id='word_1_319' title='bbox 1161 1538 1310 1569; x_wconf 79' lang='lat' dir='ltr'><strong>trecentis</strong></span> <span class='ocrx_word' id='word_1_320' title='bbox 1335 1543 1408 1570; x_wconf 84' lang='lat' dir='ltr'><strong>ante</strong></span> <span class='ocrx_word' id='word_1_321' title='bbox 1432 1545 1577 1578; x_wconf 73' lang='grc' dir='ltr'><strong>ποιεναρι</strong></span> <span class='ocrx_word' id='word_1_322' title='bbox 1600 1544 1723 1571; x_wconf 78' lang='lat' dir='ltr'><strong>atatem</strong></span> 
     </span>
    </p>
   </div>
   <div class='ocr_carea' id='block_1_28' title="bbox 65 1587 1720 1630">
    <p class='ocr_par' dir='ltr' id='par_1_28' title="bbox 65 1587 1720 1630">
     <span class='ocr_line' id='line_1_28' title="bbox 65 1587 1720 1630; baseline 0 -11"><span class='ocrx_word' id='word_1_323' title='bbox 65 1589 161 1621; x_wconf 83' lang='lat' dir='ltr'><strong>annis</strong></span> <span class='ocrx_word' id='word_1_324' title='bbox 190 1588 314 1625; x_wconf 79' lang='lat' dir='ltr'><strong>ﬂoruit,</strong></span> <span class='ocrx_word' id='word_1_325' title='bbox 340 1588 433 1628; x_wconf 82' lang='lat' dir='ltr'><strong>plane</strong></span> <span class='ocrx_word' id='word_1_326' title='bbox 448 1597 520 1621; x_wconf 86' lang='lat' dir='ltr'><strong>esse</strong></span> <span class='ocrx_word' id='word_1_327' title='bbox 548 1588 701 1630; x_wconf 88' lang='lat' dir='ltr'><strong>(Sirletus</strong></span> <span class='ocrx_word' id='word_1_328' title='bbox 717 1588 945 1629; x_wconf 84' lang='lat' dir='ltr'><strong>conﬁrmavit),</strong></span> <span class='ocrx_word' id='word_1_329' title='bbox 971 1587 1114 1628; x_wconf 87' lang='lat' dir='ltr'><strong>atquein</strong></span> <span class='ocrx_word' id='word_1_330' title='bbox 1133 1594 1171 1618; x_wconf 87' lang='lat' dir='ltr'><strong>ea</strong></span> <span class='ocrx_word' id='word_1_331' title='bbox 1193 1595 1227 1619; x_wconf 88' lang='lat' dir='ltr'><strong>re</strong></span> <span class='ocrx_word' id='word_1_332' title='bbox 1258 1595 1323 1619; x_wconf 89' lang='lat' dir='ltr'><strong>non</strong></span> <span class='ocrx_word' id='word_1_333' title='bbox 1343 1588 1441 1620; x_wconf 89' lang='lat' dir='ltr'><strong>modo</strong></span> <span class='ocrx_word' id='word_1_334' title='bbox 1458 1592 1565 1620; x_wconf 88' lang='lat' dir='ltr'><strong>tecum</strong></span> <span class='ocrx_word' id='word_1_335' title='bbox 1585 1588 1720 1624; x_wconf 85' lang='lat' dir='ltr'><strong>sentire,</strong></span> 
     </span>
    </p>
   </div>
   <div class='ocr_carea' id='block_1_29' title="bbox 66 1636 1723 1679">
    <p class='ocr_par' dir='ltr' id='par_1_29' title="bbox 66 1636 1723 1679">
     <span class='ocr_line' id='line_1_29' title="bbox 66 1636 1723 1679; baseline 0.001 -10"><span class='ocrx_word' id='word_1_336' title='bbox 66 1638 127 1679; x_wconf 86' lang='lat' dir='ltr'><strong>qui</strong></span> <span class='ocrx_word' id='word_1_337' title='bbox 148 1637 319 1670; x_wconf 82' lang='lat' dir='ltr'><strong>Athanasii</strong></span> <span class='ocrx_word' id='word_1_338' title='bbox 343 1638 477 1670; x_wconf 89' lang='lat' dir='ltr'><strong>nomine</strong></span> <span class='ocrx_word' id='word_1_339' title='bbox 493 1646 550 1670; x_wconf 88' lang='lat' dir='ltr'><strong>eos</strong></span> <span class='ocrx_word' id='word_1_340' title='bbox 567 1637 822 1670; x_wconf 89' lang='lat' dir='ltr'><strong>Commentarios</strong></span> <span class='ocrx_word' id='word_1_341' title='bbox 842 1637 921 1669; x_wconf 86' lang='lat' dir='ltr'><strong>citas</strong></span> <span class='ocrx_word' id='word_1_342' title='bbox 945 1645 951 1667; x_wconf 88' lang='lat'>:</span> <span class='ocrx_word' id='word_1_343' title='bbox 981 1638 1037 1668; x_wconf 88' lang='lat' dir='ltr'><strong>sed</strong></span> <span class='ocrx_word' id='word_1_344' title='bbox 1055 1645 1128 1668; x_wconf 89' lang='lat' dir='ltr'><strong>cum</strong></span> <span class='ocrx_word' id='word_1_345' title='bbox 1151 1636 1193 1668; x_wconf 84' lang='lat' dir='ltr'><strong>iis</strong></span> <span class='ocrx_word' id='word_1_346' title='bbox 1218 1637 1330 1673; x_wconf 83' lang='lat' dir='ltr'><strong>etiam,</strong></span> <span class='ocrx_word' id='word_1_347' title='bbox 1347 1637 1405 1678; x_wconf 89' lang='lat' dir='ltr'><strong>qui</strong></span> <span class='ocrx_word' id='word_1_348' title='bbox 1428 1636 1582 1678; x_wconf 88' lang='lat' dir='ltr'><strong>plurimis</strong></span> <span class='ocrx_word' id='word_1_349' title='bbox 1603 1638 1723 1670; x_wconf 89' lang='lat' dir='ltr'><strong>abhinc</strong></span> 
     </span>
    </p>
   </div>
   <div class='ocr_carea' id='block_1_30' title="bbox 65 1685 1721 1730">
    <p class='ocr_par' dir='ltr' id='par_1_30' title="bbox 65 1685 1721 1730">
     <span class='ocr_line' id='line_1_30' title="bbox 65 1685 1721 1730; baseline 0.001 -12"><span class='ocrx_word' id='word_1_350' title='bbox 65 1687 164 1719; x_wconf 87' lang='lat' dir='ltr'><strong>annis</strong></span> <span class='ocrx_word' id='word_1_351' title='bbox 194 1686 457 1719; x_wconf 70' lang='lat' dir='ltr'><strong>constantissime</strong></span> <span class='ocrx_word' id='word_1_352' title='bbox 474 1695 592 1719; x_wconf 86' lang='lat' dir='ltr'><strong>nomen</strong></span> <span class='ocrx_word' id='word_1_353' title='bbox 616 1686 701 1718; x_wconf 92' lang='lat' dir='ltr'><strong>illud</strong></span> <span class='ocrx_word' id='word_1_354' title='bbox 723 1689 927 1727; x_wconf 79' lang='lat' dir='ltr'><strong>agnoverunt</strong></span> <span class='ocrx_word' id='word_1_355' title='bbox 942 1694 1081 1725; x_wconf 88' lang='lat' dir='ltr'><strong>semper,</strong></span> <span class='ocrx_word' id='word_1_356' title='bbox 1098 1690 1129 1717; x_wconf 92' lang='lat' dir='ltr'><strong>et</strong></span> <span class='ocrx_word' id='word_1_357' title='bbox 1143 1685 1236 1717; x_wconf 85' lang='lat' dir='ltr'><strong>libris</strong></span> <span class='ocrx_word' id='word_1_358' title='bbox 1255 1685 1482 1719; x_wconf 85' lang='lat' dir='ltr'><strong>describendis</strong></span> <span class='ocrx_word' id='word_1_359' title='bbox 1499 1688 1645 1730; x_wconf 62' lang='lat' dir='ltr'><strong>prsponi</strong></span> <span class='ocrx_word' id='word_1_360' title='bbox 1665 1696 1721 1720; x_wconf 87' lang='lat' dir='ltr'><strong>cu-</strong></span> 
     </span>
    </p>
   </div>
   <div class='ocr_carea' id='block_1_31' title="bbox 67 1739 228 1769">
    <p class='ocr_par' dir='ltr' id='par_1_31' title="bbox 67 1739 228 1769">
     <span class='ocr_line' id='line_1_31' title="bbox 67 1739 228 1769; baseline -0.019 -1"><span class='ocrx_word' id='word_1_361' title='bbox 67 1739 193 1769; x_wconf 84' lang='lat' dir='ltr'><strong>rarunt.</strong></span> <span class='ocrx_word' id='word_1_362' title='bbox 213 1747 228 1765; x_wconf 70' lang='grc' dir='ltr'><strong>ι</strong></span> 
     </span>
    </p>
   </div>
   <div class='ocr_carea' id='block_1_32' title="bbox 107 1783 1721 1825">
    <p class='ocr_par' dir='ltr' id='par_1_32' title="bbox 107 1783 1721 1825">
     <span class='ocr_line' id='line_1_32' title="bbox 107 1783 1721 1825; baseline 0.002 -8"><span class='ocrx_word' id='word_1_363' title='bbox 107 1785 197 1825; x_wconf 80' lang='lat' dir='ltr'><strong>[XX]</strong></span> <span class='ocrx_word' id='word_1_364' title='bbox 214 1783 322 1817; x_wconf 82' lang='lat' dir='ltr'><strong>Novus</strong></span> <span class='ocrx_word' id='word_1_365' title='bbox 337 1787 451 1817; x_wconf 87' lang='lat' dir='ltr'><strong>auctor</strong></span> <span class='ocrx_word' id='word_1_366' title='bbox 466 1784 730 1824; x_wconf 84' lang='lat' dir='ltr'><strong>Expositionum,</strong></span> <span class='ocrx_word' id='word_1_367' title='bbox 747 1783 788 1815; x_wconf 90' lang='lat' dir='ltr'><strong>de</strong></span> <span class='ocrx_word' id='word_1_368' title='bbox 803 1783 926 1824; x_wconf 88' lang='lat' dir='ltr'><strong>quibus</strong></span> <span class='ocrx_word' id='word_1_369' title='bbox 945 1784 1085 1825; x_wconf 76' lang='lat' dir='ltr'><strong>agimus,</strong></span> <span class='ocrx_word' id='word_1_370' title='bbox 1109 1783 1297 1816; x_wconf 90' lang='lat' dir='ltr'><strong>obtruditur</strong></span> <span class='ocrx_word' id='word_1_371' title='bbox 1321 1784 1519 1818; x_wconf 83' lang='lat' dir='ltr'><strong>Athanasius</strong></span> <span class='ocrx_word' id='word_1_372' title='bbox 1540 1787 1721 1820; x_wconf 85' lang='lat' dir='ltr'><strong>monachus</strong></span> 
     </span>
    </p>
   </div>
   <div class='ocr_carea' id='block_1_33' title="bbox 67 1832 1720 1875">
    <p class='ocr_par' dir='ltr' id='par_1_33' title="bbox 67 1832 1720 1875">
     <span class='ocr_line' id='line_1_33' title="bbox 67 1832 1720 1875; baseline 0.002 -9"><span class='ocrx_word' id='word_1_373' title='bbox 67 1834 257 1875; x_wconf 83' lang='lat' dir='ltr'><strong>Byzantius,</strong></span> <span class='ocrx_word' id='word_1_374' title='bbox 274 1834 332 1874; x_wconf 89' lang='lat' dir='ltr'><strong>qui</strong></span> <span class='ocrx_word' id='word_1_375' title='bbox 348 1833 500 1865; x_wconf 89' lang='lat' dir='ltr'><strong>trecentis</strong></span> <span class='ocrx_word' id='word_1_376' title='bbox 515 1837 589 1865; x_wconf 89' lang='lat' dir='ltr'><strong>ante</strong></span> <span class='ocrx_word' id='word_1_377' title='bbox 610 1832 728 1864; x_wconf 86' lang='lat' dir='ltr'><strong>Latinii</strong></span> <span class='ocrx_word' id='word_1_378' title='bbox 742 1836 866 1864; x_wconf 63' lang='lat' dir='ltr'><strong>nitatem</strong></span> <span class='ocrx_word' id='word_1_379' title='bbox 883 1833 979 1865; x_wconf 88' lang='lat' dir='ltr'><strong>annis</strong></span> <span class='ocrx_word' id='word_1_380' title='bbox 1000 1832 1160 1869; x_wconf 83' lang='lat' dir='ltr'><strong>ﬂoruerit,</strong></span> <span class='ocrx_word' id='word_1_381' title='bbox 1177 1832 1298 1865; x_wconf 65' lang='lat' dir='ltr'><strong>saeculo</strong></span> <span class='ocrx_word' id='word_1_382' title='bbox 1316 1833 1443 1866; x_wconf 90' lang='lat' dir='ltr'><strong>scilicet</strong></span> <span class='ocrx_word' id='word_1_383' title='bbox 1463 1835 1559 1866; x_wconf 84' lang='lat' dir='ltr'><strong>tertio</strong></span> <span class='ocrx_word' id='word_1_384' title='bbox 1580 1835 1720 1869; x_wconf 81' lang='lat' dir='ltr'><strong>decimo.</strong></span> 
     </span>
    </p>
   </div>
   <div class='ocr_carea' id='block_1_34' title="bbox 64 1880 1721 1924">
    <p class='ocr_par' dir='ltr' id='par_1_34' title="bbox 64 1880 1721 1924">
     <span class='ocr_line' id='line_1_34' title="bbox 64 1880 1721 1924; baseline 0.001 -9"><span class='ocrx_word' id='word_1_385' title='bbox 64 1884 142 1922; x_wconf 82' lang='lat' dir='ltr'><strong>Quo</strong></span> <span class='ocrx_word' id='word_1_386' title='bbox 163 1883 212 1915; x_wconf 88' lang='lat' dir='ltr'><strong>vir</strong></span> <span class='ocrx_word' id='word_1_387' title='bbox 237 1882 448 1914; x_wconf 86' lang='lat' dir='ltr'><strong>doctissimus</strong></span> <span class='ocrx_word' id='word_1_388' title='bbox 466 1881 627 1913; x_wconf 89' lang='lat' dir='ltr'><strong>adductus</strong></span> <span class='ocrx_word' id='word_1_389' title='bbox 657 1885 821 1914; x_wconf 88' lang='lat' dir='ltr'><strong>momento</strong></span> <span class='ocrx_word' id='word_1_390' title='bbox 836 1880 947 1919; x_wconf 87' lang='lat' dir='ltr'><strong>fuerit,</strong></span> <span class='ocrx_word' id='word_1_391' title='bbox 966 1884 1001 1912; x_wconf 91' lang='lat' dir='ltr'><strong>ut</strong></span> <span class='ocrx_word' id='word_1_392' title='bbox 1017 1880 1183 1922; x_wconf 83' lang='lat' dir='ltr'><strong>sequioris</strong></span> <span class='ocrx_word' id='word_1_393' title='bbox 1199 1881 1301 1913; x_wconf 72' lang='lat' dir='ltr'><strong>astatis</strong></span> <span class='ocrx_word' id='word_1_394' title='bbox 1324 1881 1504 1915; x_wconf 79' lang='lat' dir='ltr'><strong>Athanasio</strong></span> <span class='ocrx_word' id='word_1_395' title='bbox 1518 1883 1721 1924; x_wconf 87' lang='lat' dir='ltr'><strong>adjudicaret</strong></span> 
     </span>
    </p>
   </div>
   <div class='ocr_carea' id='block_1_35' title="bbox 66 1929 1721 1975">
    <p class='ocr_par' dir='ltr' id='par_1_35' title="bbox 66 1929 1721 1975">
     <span class='ocr_line' id='line_1_35' title="bbox 66 1929 1721 1975; baseline 0.001 -11"><span class='ocrx_word' id='word_1_396' title='bbox 66 1939 166 1972; x_wconf 88' lang='lat' dir='ltr'><strong>opus,</strong></span> <span class='ocrx_word' id='word_1_397' title='bbox 189 1940 254 1963; x_wconf 92' lang='lat' dir='ltr'><strong>non</strong></span> <span class='ocrx_word' id='word_1_398' title='bbox 280 1931 468 1963; x_wconf 89' lang='lat' dir='ltr'><strong>innotescit.</strong></span> <span class='ocrx_word' id='word_1_399' title='bbox 486 1931 569 1969; x_wconf 74' lang='lat' dir='ltr'><strong>Quis</strong></span> <span class='ocrx_word' id='word_1_400' title='bbox 596 1938 673 1963; x_wconf 89' lang='lat' dir='ltr'><strong>vero</strong></span> <span class='ocrx_word' id='word_1_401' title='bbox 694 1930 752 1962; x_wconf 90' lang='lat' dir='ltr'><strong>ille</strong></span> <span class='ocrx_word' id='word_1_402' title='bbox 773 1929 871 1962; x_wconf 83' lang='lat' dir='ltr'><strong>fuerit</strong></span> <span class='ocrx_word' id='word_1_403' title='bbox 883 1930 1077 1963; x_wconf 87' lang='lat' dir='ltr'><strong>Athanasius</strong></span> <span class='ocrx_word' id='word_1_404' title='bbox 1096 1929 1274 1963; x_wconf 88' lang='lat' dir='ltr'><strong>monachus</strong></span> <span class='ocrx_word' id='word_1_405' title='bbox 1300 1931 1500 1972; x_wconf 75' lang='lat' dir='ltr'><strong>Byzantius?</strong></span> <span class='ocrx_word' id='word_1_406' title='bbox 1519 1933 1606 1964; x_wconf 82' lang='lat' dir='ltr'><strong>Varii</strong></span> <span class='ocrx_word' id='word_1_407' title='bbox 1633 1934 1721 1975; x_wconf 86' lang='lat' dir='ltr'><strong>apud</strong></span> 
     </span>
    </p>
   </div>
   <div class='ocr_carea' id='block_1_36' title="bbox 67 1979 1720 2023">
    <p class='ocr_par' dir='ltr' id='par_1_36' title="bbox 67 1979 1720 2023">
     <span class='ocr_line' id='line_1_36' title="bbox 67 1979 1720 2023; baseline 0.002 -11"><span class='ocrx_word' id='word_1_408' title='bbox 67 1980 254 2012; x_wconf 86' lang='lat' dir='ltr'><strong>Fabricium</strong></span> <span class='ocrx_word' id='word_1_409' title='bbox 273 1980 307 2012; x_wconf 89' lang='lat' dir='ltr'><strong>iu</strong></span> <span class='ocrx_word' id='word_1_410' title='bbox 323 1979 523 2012; x_wconf 70' lang='lat' dir='ltr'><strong>Bibliotheca</strong></span> <span class='ocrx_word' id='word_1_411' title='bbox 540 1979 654 2012; x_wconf 73' lang='lat' dir='ltr'><strong>Graca</strong></span> <span class='ocrx_word' id='word_1_412' title='bbox 670 1987 710 2011; x_wconf 89' lang='lat' dir='ltr'><strong>eo</strong></span> <span class='ocrx_word' id='word_1_413' title='bbox 724 1979 857 2012; x_wconf 85' lang='lat' dir='ltr'><strong>nomine</strong></span> <span class='ocrx_word' id='word_1_414' title='bbox 881 1979 1033 2020; x_wconf 85' lang='lat' dir='ltr'><strong>appellati</strong></span> <span class='ocrx_word' id='word_1_415' title='bbox 1064 1980 1241 2012; x_wconf 82' lang='lat' dir='ltr'><strong>occurrunt</strong></span> <span class='ocrx_word' id='word_1_416' title='bbox 1259 1981 1437 2020; x_wconf 88' lang='lat' dir='ltr'><strong>scriptores</strong></span> <span class='ocrx_word' id='word_1_417' title='bbox 1465 1981 1569 2014; x_wconf 65' lang='lat' dir='ltr'><strong>Grasci</strong></span> <span class='ocrx_word' id='word_1_418' title='bbox 1587 1993 1595 2013; x_wconf 88' lang='lat'>:</span> <span class='ocrx_word' id='word_1_419' title='bbox 1612 1991 1720 2023; x_wconf 89' lang='lat' dir='ltr'><strong>neque</strong></span> 
     </span>
    </p>
   </div>
   <div class='ocr_carea' id='block_1_37' title="bbox 69 2027 1722 2070">
    <p class='ocr_par' dir='ltr' id='par_1_37' title="bbox 69 2027 1722 2070">
     <span class='ocr_line' id='line_1_37' title="bbox 69 2027 1722 2070; baseline 0.001 -10"><span class='ocrx_word' id='word_1_420' title='bbox 69 2030 161 2062; x_wconf 86' lang='lat' dir='ltr'><strong>nllus</strong></span> <span class='ocrx_word' id='word_1_421' title='bbox 186 2033 302 2070; x_wconf 75' lang='lat' dir='ltr'><strong>prtesto</strong></span> <span class='ocrx_word' id='word_1_422' title='bbox 321 2032 382 2067; x_wconf 90' lang='lat' dir='ltr'><strong>est,</strong></span> <span class='ocrx_word' id='word_1_423' title='bbox 399 2029 453 2060; x_wconf 90' lang='lat' dir='ltr'><strong>cui</strong></span> <span class='ocrx_word' id='word_1_424' title='bbox 472 2028 640 2068; x_wconf 64' lang='lat' dir='ltr'><strong>praedictos</strong></span> <span class='ocrx_word' id='word_1_425' title='bbox 658 2028 913 2060; x_wconf 84' lang='lat' dir='ltr'><strong>Commentarios</strong></span> <span class='ocrx_word' id='word_1_426' title='bbox 933 2027 1088 2060; x_wconf 89' lang='lat' dir='ltr'><strong>ascribas.</strong></span> <span class='ocrx_word' id='word_1_427' title='bbox 1119 2027 1244 2060; x_wconf 75' lang='lat' dir='ltr'><strong>Steculo</strong></span> <span class='ocrx_word' id='word_1_428' title='bbox 1279 2029 1355 2060; x_wconf 80' lang='lat' dir='ltr'>XIII</span> <span class='ocrx_word' id='word_1_429' title='bbox 1388 2029 1558 2062; x_wconf 88' lang='lat' dir='ltr'><strong>desinente</strong></span> <span class='ocrx_word' id='word_1_430' title='bbox 1587 2030 1722 2064; x_wconf 84' lang='lat' dir='ltr'><strong>ﬂorebat</strong></span> 
     </span>
    </p>
   </div>
   <div class='ocr_carea' id='block_1_38' title="bbox 68 2076 1719 2121">
    <p class='ocr_par' dir='ltr' id='par_1_38' title="bbox 68 2076 1719 2121">
     <span class='ocr_line' id='line_1_38' title="bbox 68 2076 1719 2121; baseline 0.002 -11"><span class='ocrx_word' id='word_1_431' title='bbox 68 2077 279 2116; x_wconf 79' lang='lat' dir='ltr'><strong>Athanasius,</strong></span> <span class='ocrx_word' id='word_1_432' title='bbox 296 2077 377 2110; x_wconf 82' lang='lat' dir='ltr'><strong>Geni</strong></span> <span class='ocrx_word' id='word_1_433' title='bbox 397 2076 587 2114; x_wconf 83' lang='lat' dir='ltr'><strong>monachus,</strong></span> <span class='ocrx_word' id='word_1_434' title='bbox 604 2081 720 2118; x_wconf 85' lang='lat' dir='ltr'><strong>etpost</strong></span> <span class='ocrx_word' id='word_1_435' title='bbox 751 2078 946 2117; x_wconf 80' lang='lat' dir='ltr'><strong>Gregorium</strong></span> <span class='ocrx_word' id='word_1_436' title='bbox 978 2076 1133 2117; x_wconf 79' lang='lat' dir='ltr'><strong>Cyprium</strong></span> <span class='ocrx_word' id='word_1_437' title='bbox 1149 2076 1241 2109; x_wconf 92' lang='lat' dir='ltr'><strong>urbis</strong></span> <span class='ocrx_word' id='word_1_438' title='bbox 1270 2078 1375 2121; x_wconf 76' lang='lat' dir='ltr'><strong>regite</strong></span> <span class='ocrx_word' id='word_1_439' title='bbox 1398 2079 1587 2117; x_wconf 87' lang='lat' dir='ltr'><strong>patriarcha.</strong></span> <span class='ocrx_word' id='word_1_440' title='bbox 1625 2080 1719 2121; x_wconf 91' lang='lat' dir='ltr'><strong>Opu-</strong></span> 
     </span>
    </p>
   </div>
   <div class='ocr_carea' id='block_1_39' title="bbox 71 2125 1720 2171">
    <p class='ocr_par' dir='ltr' id='par_1_39' title="bbox 71 2125 1720 2171">
     <span class='ocr_line' id='line_1_39' title="bbox 71 2125 1720 2171; baseline 0.002 -12"><span class='ocrx_word' id='word_1_441' title='bbox 71 2126 241 2159; x_wconf 84' lang='lat' dir='ltr'><strong>sculorum</strong></span> <span class='ocrx_word' id='word_1_442' title='bbox 258 2126 343 2167; x_wconf 84' lang='lat' dir='ltr'><strong>ejus,</strong></span> <span class='ocrx_word' id='word_1_443' title='bbox 359 2133 435 2167; x_wconf 67' lang='lat' dir='ltr'><strong>quia</strong></span> <span class='ocrx_word' id='word_1_444' title='bbox 449 2126 532 2158; x_wconf 84' lang='lat' dir='ltr'><strong>bene</strong></span> <span class='ocrx_word' id='word_1_445' title='bbox 553 2125 755 2165; x_wconf 45' lang='lat' dir='ltr'><strong>multazsunt,</strong></span> <span class='ocrx_word' id='word_1_446' title='bbox 771 2127 952 2167; x_wconf 81' lang='lat' dir='ltr'><strong>catalogum</strong></span> <span class='ocrx_word' id='word_1_447' title='bbox 968 2125 1302 2158; x_wconf 86' lang='lat' dir='ltr'><strong>exhibentFabricius</strong></span> <span class='ocrx_word' id='word_1_448' title='bbox 1318 2130 1350 2158; x_wconf 86' lang='lat' dir='ltr'><strong>et</strong></span> <span class='ocrx_word' id='word_1_449' title='bbox 1368 2127 1522 2160; x_wconf 85' lang='lat' dir='ltr'><strong>0ndinus</strong></span> <span class='ocrx_word' id='word_1_450' title='bbox 1541 2138 1548 2159; x_wconf 90' lang='lat'>:</span> <span class='ocrx_word' id='word_1_451' title='bbox 1563 2129 1596 2161; x_wconf 92' lang='lat' dir='ltr'><strong>in</strong></span> <span class='ocrx_word' id='word_1_452' title='bbox 1612 2138 1720 2171; x_wconf 88' lang='lat' dir='ltr'><strong>eoque</strong></span> 
     </span>
    </p>
   </div>
   <div class='ocr_carea' id='block_1_40' title="bbox 68 2173 1720 2218">
    <p class='ocr_par' dir='ltr' id='par_1_40' title="bbox 68 2173 1720 2218">
     <span class='ocr_line' id='line_1_40' title="bbox 68 2173 1720 2218; baseline 0.002 -10"><span class='ocrx_word' id='word_1_453' title='bbox 68 2176 192 2216; x_wconf 87' lang='lat' dir='ltr'><strong>operis,</strong></span> <span class='ocrx_word' id='word_1_454' title='bbox 208 2176 248 2208; x_wconf 90' lang='lat' dir='ltr'><strong>de</strong></span> <span class='ocrx_word' id='word_1_455' title='bbox 265 2184 332 2217; x_wconf 90' lang='lat' dir='ltr'><strong>quo</strong></span> <span class='ocrx_word' id='word_1_456' title='bbox 346 2177 487 2217; x_wconf 85' lang='lat' dir='ltr'><strong>agimus,</strong></span> <span class='ocrx_word' id='word_1_457' title='bbox 516 2175 641 2207; x_wconf 86' lang='lat' dir='ltr'><strong>mentio</strong></span> <span class='ocrx_word' id='word_1_458' title='bbox 670 2175 771 2207; x_wconf 89' lang='lat' dir='ltr'><strong>nulla.</strong></span> <span class='ocrx_word' id='word_1_459' title='bbox 792 2175 947 2217; x_wconf 84' lang='lat' dir='ltr'><strong>Ejusdem</strong></span> <span class='ocrx_word' id='word_1_460' title='bbox 971 2173 1058 2206; x_wconf 82' lang='lat' dir='ltr'><strong>fetus</strong></span> <span class='ocrx_word' id='word_1_461' title='bbox 1074 2183 1148 2206; x_wconf 90' lang='lat' dir='ltr'><strong>esse</strong></span> <span class='ocrx_word' id='word_1_462' title='bbox 1174 2174 1322 2207; x_wconf 88' lang='lat' dir='ltr'><strong>laudatus</strong></span> <span class='ocrx_word' id='word_1_463' title='bbox 1338 2176 1491 2208; x_wconf 89' lang='lat' dir='ltr'><strong>Oudinus</strong></span> <span class='ocrx_word' id='word_1_464' title='bbox 1507 2181 1597 2218; x_wconf 91' lang='lat' dir='ltr'><strong>putat</strong></span> <span class='ocrx_word' id='word_1_465' title='bbox 1629 2179 1720 2211; x_wconf 83' lang='lat' dir='ltr'><strong>Com-</strong></span> 
     </span>
    </p>
   </div>
   <div class='ocr_carea' id='block_1_41' title="bbox 67 2223 1644 2265">
    <p class='ocr_par' dir='ltr' id='par_1_41' title="bbox 67 2223 1644 2265">
     <span class='ocr_line' id='line_1_41' title="bbox 67 2223 1644 2265; baseline 0.002 -8"><span class='ocrx_word' id='word_1_466' title='bbox 67 2226 240 2257; x_wconf 78' lang='lat' dir='ltr'><strong>mentarios</strong></span> <span class='ocrx_word' id='word_1_467' title='bbox 250 2225 285 2256; x_wconf 87' lang='lat' dir='ltr'><strong>in</strong></span> <span class='ocrx_word' id='word_1_468' title='bbox 299 2225 451 2263; x_wconf 83' lang='lat' dir='ltr'><strong>Psalmos,</strong></span> <span class='ocrx_word' id='word_1_469' title='bbox 463 2233 546 2265; x_wconf 86' lang='lat' dir='ltr'><strong>quos</strong></span> <span class='ocrx_word' id='word_1_470' title='bbox 561 2223 624 2255; x_wconf 88' lang='lat' dir='ltr'><strong>sub</strong></span> <span class='ocrx_word' id='word_1_471' title='bbox 643 2225 775 2257; x_wconf 87' lang='lat' dir='ltr'><strong>nomine</strong></span> <span class='ocrx_word' id='word_1_472' title='bbox 787 2223 958 2257; x_wconf 83' lang='lat' dir='ltr'><strong>Athanasii</strong></span> <span class='ocrx_word' id='word_1_473' title='bbox 973 2223 1188 2257; x_wconf 83' lang='lat' dir='ltr'><strong>Alexandrini</strong></span> <span class='ocrx_word' id='word_1_474' title='bbox 1203 2224 1346 2265; x_wconf 80' lang='lat' dir='ltr'><strong>vulgavit</strong></span> <span class='ocrx_word' id='word_1_475' title='bbox 1367 2225 1644 2260; x_wconf 81' lang='lat' dir='ltr'><strong>Montfauconius.</strong></span> 
     </span>
    </p>
   </div>
   <div class='ocr_carea' id='block_1_42' title="bbox 108 2272 1720 2316">
    <p class='ocr_par' dir='ltr' id='par_1_42' title="bbox 108 2272 1720 2316">
     <span class='ocr_line' id='line_1_42' title="bbox 108 2272 1720 2316; baseline 0.002 -11"><span class='ocrx_word' id='word_1_476' title='bbox 108 2273 196 2311; x_wconf 84' lang='lat' dir='ltr'><strong>Quid</strong></span> <span class='ocrx_word' id='word_1_477' title='bbox 213 2273 301 2314; x_wconf 92' lang='lat' dir='ltr'><strong>quod</strong></span> <span class='ocrx_word' id='word_1_478' title='bbox 316 2273 558 2316; x_wconf 79' lang='lat' dir='ltr'><strong>Theophylact’o</strong></span> <span class='ocrx_word' id='word_1_479' title='bbox 571 2272 730 2313; x_wconf 74' lang='lat' dir='ltr'><strong>Bulgariaa</strong></span> <span class='ocrx_word' id='word_1_480' title='bbox 744 2272 989 2314; x_wconf 89' lang='lat' dir='ltr'><strong>archiepiscopo</strong></span> <span class='ocrx_word' id='word_1_481' title='bbox 1001 2280 1085 2311; x_wconf 91' lang='lat' dir='ltr'><strong>opus</strong></span> <span class='ocrx_word' id='word_1_482' title='bbox 1097 2272 1184 2313; x_wconf 91' lang='lat' dir='ltr'><strong>quod</strong></span> <span class='ocrx_word' id='word_1_483' title='bbox 1202 2272 1235 2304; x_wconf 92' lang='lat' dir='ltr'><strong>in</strong></span> <span class='ocrx_word' id='word_1_484' title='bbox 1252 2272 1389 2305; x_wconf 90' lang='lat' dir='ltr'><strong>dubium</strong></span> <span class='ocrx_word' id='word_1_485' title='bbox 1406 2279 1551 2314; x_wconf 87' lang='lat' dir='ltr'><strong>vocatur,</strong></span> <span class='ocrx_word' id='word_1_486' title='bbox 1568 2280 1720 2308; x_wconf 89' lang='lat' dir='ltr'><strong>constan-</strong></span> 
     </span>
    </p>
   </div>
   <div class='ocr_carea' id='block_1_43' title="bbox 69 2321 1721 2363">
    <p class='ocr_par' dir='ltr' id='par_1_43' title="bbox 69 2321 1721 2363">
     <span class='ocr_line' id='line_1_43' title="bbox 69 2321 1721 2363; baseline 0.004 -10"><span class='ocrx_word' id='word_1_487' title='bbox 69 2323 198 2357; x_wconf 82' lang='lat' dir='ltr'><strong>tissime</strong></span> <span class='ocrx_word' id='word_1_488' title='bbox 212 2321 395 2359; x_wconf 87' lang='lat' dir='ltr'><strong>attribuunt</strong></span> <span class='ocrx_word' id='word_1_489' title='bbox 410 2330 487 2353; x_wconf 91' lang='lat' dir='ltr'><strong>mss.</strong></span> <span class='ocrx_word' id='word_1_490' title='bbox 505 2323 634 2354; x_wconf 86' lang='lat' dir='ltr'><strong>codices</strong></span> <span class='ocrx_word' id='word_1_491' title='bbox 656 2322 843 2363; x_wconf 87' lang='lat' dir='ltr'><strong>perantiqui</strong></span> <span class='ocrx_word' id='word_1_492' title='bbox 859 2326 890 2354; x_wconf 91' lang='lat' dir='ltr'><strong>et</strong></span> <span class='ocrx_word' id='word_1_493' title='bbox 906 2323 999 2355; x_wconf 77' lang='lat' dir='ltr'><strong>bonae</strong></span> <span class='ocrx_word' id='word_1_494' title='bbox 1023 2328 1118 2355; x_wconf 63' lang='lat' dir='ltr'><strong>notas.</strong></span> <span class='ocrx_word' id='word_1_495' title='bbox 1134 2323 1287 2356; x_wconf 88' lang='lat' dir='ltr'><strong>Codicem</strong></span> <span class='ocrx_word' id='word_1_496' title='bbox 1305 2326 1430 2357; x_wconf 87' lang='lat' dir='ltr'><strong>Erasmi</strong></span> <span class='ocrx_word' id='word_1_497' title='bbox 1455 2335 1601 2360; x_wconf 88' lang='lat' dir='ltr'><strong>memoro</strong></span> <span class='ocrx_word' id='word_1_498' title='bbox 1622 2329 1721 2360; x_wconf 87' lang='lat' dir='ltr'><strong>alios-</strong></span> 
     </span>
    </p>
   </div>
   <div class='ocr_carea' id='block_1_44' title="bbox 68 2372 1718 2415">
    <p class='ocr_par' dir='ltr' id='par_1_44' title="bbox 68 2372 1718 2415">
     <span class='ocr_line' id='line_1_44' title="bbox 68 2372 1718 2415; baseline 0.003 -11"><span class='ocrx_word' id='word_1_499' title='bbox 68 2382 135 2414; x_wconf 87' lang='lat' dir='ltr'><strong>que</strong></span> <span class='ocrx_word' id='word_1_500' title='bbox 168 2380 186 2404; x_wconf 90' lang='lat' dir='ltr'><strong>a</strong></span> <span class='ocrx_word' id='word_1_501' title='bbox 220 2373 346 2405; x_wconf 79' lang='lat' dir='ltr'><strong>Joanne</strong></span> <span class='ocrx_word' id='word_1_502' title='bbox 371 2372 473 2405; x_wconf 89' lang='lat' dir='ltr'><strong>Fabro</strong></span> <span class='ocrx_word' id='word_1_503' title='bbox 501 2381 674 2413; x_wconf 83' lang='lat' dir='ltr'><strong>expansos.</strong></span> <span class='ocrx_word' id='word_1_504' title='bbox 694 2373 788 2413; x_wconf 88' lang='lat' dir='ltr'><strong>Apud</strong></span> <span class='ocrx_word' id='word_1_505' title='bbox 816 2372 1024 2404; x_wconf 82' lang='lat' dir='ltr'><strong>Lambecium</strong></span> <span class='ocrx_word' id='word_1_506' title='bbox 1056 2372 1139 2404; x_wconf 89' lang='lat' dir='ltr'><strong>libro</strong></span> <span class='ocrx_word' id='word_1_507' title='bbox 1166 2374 1191 2403; x_wconf 92' lang='lat' dir='ltr'><strong>V</strong></span> <span class='ocrx_word' id='word_1_508' title='bbox 1223 2378 1288 2405; x_wconf 91' lang='lat' dir='ltr'><strong>tres</strong></span> <span class='ocrx_word' id='word_1_509' title='bbox 1301 2379 1514 2408; x_wconf 86' lang='lat' dir='ltr'><strong>numerantur</strong></span> <span class='ocrx_word' id='word_1_510' title='bbox 1542 2377 1614 2415; x_wconf 79' lang='lat'><strong>22],</strong></span> <span class='ocrx_word' id='word_1_511' title='bbox 1645 2378 1718 2414; x_wconf 77' lang='lat'><strong>222,</strong></span> 
     </span>
    </p>
   </div>
   <div class='ocr_carea' id='block_1_45' title="bbox 67 2420 1715 2463">
    <p class='ocr_par' dir='ltr' id='par_1_45' title="bbox 67 2420 1715 2463">
     <span class='ocr_line' id='line_1_45' title="bbox 67 2420 1715 2463; baseline 0.002 -8"><span class='ocrx_word' id='word_1_512' title='bbox 67 2422 141 2460; x_wconf 72' lang='lat'><strong>2&#39;23,</strong></span> <span class='ocrx_word' id='word_1_513' title='bbox 157 2422 192 2455; x_wconf 91' lang='lat' dir='ltr'><strong>in</strong></span> <span class='ocrx_word' id='word_1_514' title='bbox 216 2422 337 2463; x_wconf 86' lang='lat' dir='ltr'><strong>quibus</strong></span> <span class='ocrx_word' id='word_1_515' title='bbox 352 2421 629 2454; x_wconf 87' lang='lat' dir='ltr'><strong>Commentariiin</strong></span> <span class='ocrx_word' id='word_1_516' title='bbox 646 2420 806 2461; x_wconf 83' lang='lat' dir='ltr'><strong>Epistolas</strong></span> <span class='ocrx_word' id='word_1_517' title='bbox 826 2429 939 2452; x_wconf 86' lang='lat' dir='ltr'><strong>omnes</strong></span> <span class='ocrx_word' id='word_1_518' title='bbox 964 2421 1054 2452; x_wconf 85' lang='lat' dir='ltr'><strong>Pauli</strong></span> <span class='ocrx_word' id='word_1_519' title='bbox 1078 2422 1321 2462; x_wconf 72' lang='lat' dir='ltr'><strong>Theonhylacto</strong></span> <span class='ocrx_word' id='word_1_520' title='bbox 1353 2429 1463 2455; x_wconf 91' lang='lat' dir='ltr'><strong>nostro</strong></span> <span class='ocrx_word' id='word_1_521' title='bbox 1493 2427 1715 2458; x_wconf 88' lang='lat' dir='ltr'><strong>ascribuntur.</strong></span> 
     </span>
    </p>
   </div>
   <div class='ocr_carea' id='block_1_46' title="bbox 68 2469 1718 2512">
    <p class='ocr_par' dir='ltr' id='par_1_46' title="bbox 68 2469 1718 2512">
     <span class='ocr_line' id='line_1_46' title="bbox 68 2469 1718 2512; baseline 0.002 -9"><span class='ocrx_word' id='word_1_522' title='bbox 68 2471 177 2503; x_wconf 86' lang='lat' dir='ltr'><strong>Codex</strong></span> <span class='ocrx_word' id='word_1_523' title='bbox 192 2479 269 2502; x_wconf 86' lang='lat' dir='ltr'><strong>vero</strong></span> <span class='ocrx_word' id='word_1_524' title='bbox 283 2470 342 2501; x_wconf 77' lang='grc'><strong>221</strong></span> <span class='ocrx_word' id='word_1_525' title='bbox 357 2478 451 2500; x_wconf 85' lang='lat' dir='ltr'><strong>manu</strong></span> <span class='ocrx_word' id='word_1_526' title='bbox 468 2469 582 2500; x_wconf 81' lang='lat' dir='ltr'><strong>Leonis</strong></span> <span class='ocrx_word' id='word_1_527' title='bbox 599 2469 637 2501; x_wconf 87' lang='lat' dir='ltr'><strong>de</strong></span> <span class='ocrx_word' id='word_1_528' title='bbox 662 2469 766 2501; x_wconf 84' lang='lat' dir='ltr'><strong>Rhaul</strong></span> <span class='ocrx_word' id='word_1_529' title='bbox 781 2472 932 2502; x_wconf 88' lang='lat' dir='ltr'><strong>exaratus</strong></span> <span class='ocrx_word' id='word_1_530' title='bbox 948 2469 1011 2501; x_wconf 81' lang='lat' dir='ltr'><strong>fuit</strong></span> <span class='ocrx_word' id='word_1_531' title='bbox 1030 2479 1133 2501; x_wconf 80' lang='lat' dir='ltr'><strong>mense</strong></span> <span class='ocrx_word' id='word_1_532' title='bbox 1157 2471 1315 2511; x_wconf 80' lang='lat' dir='ltr'><strong>Augusto,</strong></span> <span class='ocrx_word' id='word_1_533' title='bbox 1336 2471 1511 2504; x_wconf 84' lang='lat' dir='ltr'><strong>indictione</strong></span> <span class='ocrx_word' id='word_1_534' title='bbox 1529 2474 1578 2512; x_wconf 87' lang='grc'><strong>11,</strong></span> <span class='ocrx_word' id='word_1_535' title='bbox 1596 2474 1718 2507; x_wconf 78' lang='lat' dir='ltr'><strong>Christi</strong></span> 
     </span>
    </p>
   </div>
   <div class='ocr_carea' id='block_1_47' title="bbox 68 2518 1719 2563">
    <p class='ocr_par' dir='ltr' id='par_1_47' title="bbox 68 2518 1719 2563">
     <span class='ocr_line' id='line_1_47' title="bbox 68 2518 1719 2563; baseline 0.003 -12"><span class='ocrx_word' id='word_1_536' title='bbox 68 2528 154 2552; x_wconf 80' lang='lat' dir='ltr'><strong>anno</strong></span> <span class='ocrx_word' id='word_1_537' title='bbox 176 2519 267 2551; x_wconf 82' lang='grc'><strong>1139.</strong></span> <span class='ocrx_word' id='word_1_538' title='bbox 285 2520 373 2550; x_wconf 86' lang='lat' dir='ltr'><strong>Inter</strong></span> <span class='ocrx_word' id='word_1_539' title='bbox 400 2519 530 2550; x_wconf 77' lang='lat' dir='ltr'><strong>codices</strong></span> <span class='ocrx_word' id='word_1_540' title='bbox 558 2527 636 2551; x_wconf 90' lang='lat' dir='ltr'><strong>mss.</strong></span> <span class='ocrx_word' id='word_1_541' title='bbox 657 2518 862 2550; x_wconf 66' lang='lat' dir='ltr'><strong>bibliothecae</strong></span> <span class='ocrx_word' id='word_1_542' title='bbox 884 2519 977 2558; x_wconf 84' lang='lat' dir='ltr'><strong>Regii</strong></span> <span class='ocrx_word' id='word_1_543' title='bbox 996 2519 1211 2550; x_wconf 77' lang='lat' dir='ltr'><strong>Taurinensis</strong></span> <span class='ocrx_word' id='word_1_544' title='bbox 1240 2519 1402 2558; x_wconf 81' lang='lat' dir='ltr'><strong>Athemei,</strong></span> <span class='ocrx_word' id='word_1_545' title='bbox 1419 2524 1507 2553; x_wconf 90' lang='lat' dir='ltr'><strong>tomo</strong></span> <span class='ocrx_word' id='word_1_546' title='bbox 1524 2523 1547 2560; x_wconf 85' lang='grc' dir='ltr'><strong>Ι,</strong></span> <span class='ocrx_word' id='word_1_547' title='bbox 1573 2528 1719 2563; x_wconf 86' lang='lat' dir='ltr'><strong>prostant</strong></span> 
     </span>
    </p>
   </div>
   <div class='ocr_carea' id='block_1_48' title="bbox 70 2566 1719 2608">
    <p class='ocr_par' dir='ltr' id='par_1_48' title="bbox 70 2566 1719 2608">
     <span class='ocr_line' id='line_1_48' title="bbox 70 2566 1719 2608; baseline 0.002 -7"><span class='ocrx_word' id='word_1_548' title='bbox 70 2578 164 2601; x_wconf 88' lang='lat' dir='ltr'><strong>num.</strong></span> <span class='ocrx_word' id='word_1_549' title='bbox 178 2568 240 2600; x_wconf 78' lang='lat'><strong>273</strong></span> <span class='ocrx_word' id='word_1_550' title='bbox 248 2567 311 2600; x_wconf 90' lang='lat' dir='ltr'><strong>sub</strong></span> <span class='ocrx_word' id='word_1_551' title='bbox 326 2568 440 2599; x_wconf 90' lang='lat' dir='ltr'><strong>eodem</strong></span> <span class='ocrx_word' id='word_1_552' title='bbox 459 2566 686 2608; x_wconf 77' lang='lat' dir='ltr'><strong>Thcophylacti</strong></span> <span class='ocrx_word' id='word_1_553' title='bbox 702 2566 848 2598; x_wconf 74' lang='lat' dir='ltr'><strong>Achrida:</strong></span> <span class='ocrx_word' id='word_1_554' title='bbox 869 2568 903 2597; x_wconf 83' lang='lat' dir='ltr'><strong>in</strong></span> <span class='ocrx_word' id='word_1_555' title='bbox 922 2567 1075 2606; x_wconf 79' lang='lat' dir='ltr'><strong>Bulgaria</strong></span> <span class='ocrx_word' id='word_1_556' title='bbox 1089 2567 1323 2608; x_wconf 80' lang='lat' dir='ltr'><strong>archiepiscopi</strong></span> <span class='ocrx_word' id='word_1_557' title='bbox 1340 2569 1472 2601; x_wconf 90' lang='lat' dir='ltr'><strong>nomine</strong></span> <span class='ocrx_word' id='word_1_558' title='bbox 1486 2570 1719 2604; x_wconf 82' lang='lat' dir='ltr'><strong>commentaria</strong></span> 
     </span>
    </p>
   </div>
   <div class='ocr_carea' id='block_1_49' title="bbox 65 2615 1717 2660">
    <p class='ocr_par' dir='ltr' id='par_1_49' title="bbox 65 2615 1717 2660">
     <span class='ocr_line' id='line_1_49' title="bbox 65 2615 1717 2660; baseline 0.002 -10"><span class='ocrx_word' id='word_1_559' title='bbox 65 2619 105 2650; x_wconf 78' lang='lat' dir='ltr'><strong>in</strong></span> <span class='ocrx_word' id='word_1_560' title='bbox 116 2617 241 2658; x_wconf 82' lang='lat' dir='ltr'><strong>aliquot</strong></span> <span class='ocrx_word' id='word_1_561' title='bbox 255 2615 324 2647; x_wconf 78' lang='lat' dir='ltr'><strong>divi</strong></span> <span class='ocrx_word' id='word_1_562' title='bbox 346 2616 440 2647; x_wconf 83' lang='lat' dir='ltr'><strong>Pauli</strong></span> <span class='ocrx_word' id='word_1_563' title='bbox 463 2615 650 2656; x_wconf 81' lang='lat' dir='ltr'><strong>Epistolas:</strong></span> <span class='ocrx_word' id='word_1_564' title='bbox 667 2615 888 2656; x_wconf 85' lang='lat' dir='ltr'><strong>adnotantque</strong></span> <span class='ocrx_word' id='word_1_565' title='bbox 912 2616 1032 2647; x_wconf 87' lang='lat' dir='ltr'><strong>indicis</strong></span> <span class='ocrx_word' id='word_1_566' title='bbox 1047 2621 1210 2652; x_wconf 88' lang='lat' dir='ltr'><strong>auctores,</strong></span> <span class='ocrx_word' id='word_1_567' title='bbox 1230 2628 1244 2644; x_wconf 72' lang='grc' dir='ltr'>α</span> <span class='ocrx_word' id='word_1_568' title='bbox 1264 2617 1459 2650; x_wconf 66' lang='lat' dir='ltr'><strong>Prooemium</strong></span> <span class='ocrx_word' id='word_1_569' title='bbox 1492 2620 1524 2650; x_wconf 91' lang='lat' dir='ltr'><strong>in</strong></span> <span class='ocrx_word' id='word_1_570' title='bbox 1539 2621 1717 2660; x_wconf 89' lang='lat' dir='ltr'><strong>Epistolam</strong></span> 
     </span>
    </p>
   </div>
   <div class='ocr_carea' id='block_1_50' title="bbox 71 2664 1717 2708">
    <p class='ocr_par' dir='ltr' id='par_1_50' title="bbox 71 2664 1717 2708">
     <span class='ocr_line' id='line_1_50' title="bbox 71 2664 1717 2708; baseline 0.002 -10"><span class='ocrx_word' id='word_1_571' title='bbox 71 2666 207 2708; x_wconf 84' lang='lat' dir='ltr'><strong>primam</strong></span> <span class='ocrx_word' id='word_1_572' title='bbox 224 2665 264 2696; x_wconf 89' lang='lat' dir='ltr'><strong>ad</strong></span> <span class='ocrx_word' id='word_1_573' title='bbox 280 2665 468 2697; x_wconf 83' lang='lat' dir='ltr'><strong>Corinthios</strong></span> <span class='ocrx_word' id='word_1_574' title='bbox 483 2664 522 2695; x_wconf 85' lang='lat' dir='ltr'><strong>ab</strong></span> <span class='ocrx_word' id='word_1_575' title='bbox 534 2672 573 2696; x_wconf 91' lang='lat' dir='ltr'><strong>eo</strong></span> <span class='ocrx_word' id='word_1_576' title='bbox 588 2664 674 2705; x_wconf 91' lang='lat' dir='ltr'><strong>quod</strong></span> <span class='ocrx_word' id='word_1_577' title='bbox 692 2668 741 2696; x_wconf 87' lang='lat' dir='ltr'><strong>est</strong></span> <span class='ocrx_word' id='word_1_578' title='bbox 758 2664 790 2695; x_wconf 86' lang='lat' dir='ltr'><strong>in</strong></span> <span class='ocrx_word' id='word_1_579' title='bbox 807 2664 923 2701; x_wconf 82' lang='lat' dir='ltr'><strong>Editis,</strong></span> <span class='ocrx_word' id='word_1_580' title='bbox 943 2665 1035 2697; x_wconf 89' lang='lat' dir='ltr'><strong>valde</strong></span> <span class='ocrx_word' id='word_1_581' title='bbox 1054 2665 1221 2697; x_wconf 86' lang='lat' dir='ltr'><strong>diversum</strong></span> <span class='ocrx_word' id='word_1_582' title='bbox 1239 2674 1312 2697; x_wconf 91' lang='lat' dir='ltr'><strong>esse</strong></span> <span class='ocrx_word' id='word_1_583' title='bbox 1331 2677 1338 2697; x_wconf 91' lang='lat'><strong>:</strong></span> <span class='ocrx_word' id='word_1_584' title='bbox 1356 2679 1370 2695; x_wconf 76' lang='grc' dir='ltr'><em>ιι</em></span> <span class='ocrx_word' id='word_1_585' title='bbox 1391 2668 1479 2707; x_wconf 92' lang='lat' dir='ltr'><strong>quod</strong></span> <span class='ocrx_word' id='word_1_586' title='bbox 1498 2669 1619 2701; x_wconf 87' lang='lat' dir='ltr'><strong>ibidem</strong></span> <span class='ocrx_word' id='word_1_587' title='bbox 1632 2670 1717 2703; x_wconf 84' lang='lat' dir='ltr'><strong>inte-</strong></span> 
     </span>
    </p>
   </div>
   <div class='ocr_carea' id='block_1_51' title="bbox 69 2713 1715 2760">
    <p class='ocr_par' dir='ltr' id='par_1_51' title="bbox 69 2713 1715 2760">
     <span class='ocr_line' id='line_1_51' title="bbox 69 2713 1715 2760; baseline 0.003 -14"><span class='ocrx_word' id='word_1_588' title='bbox 69 2724 164 2757; x_wconf 79' lang='lat' dir='ltr'><strong>grum</strong></span> <span class='ocrx_word' id='word_1_589' title='bbox 181 2713 362 2755; x_wconf 84' lang='lat' dir='ltr'><strong>proferunt.</strong></span> <span class='ocrx_word' id='word_1_590' title='bbox 376 2713 505 2745; x_wconf 88' lang='lat' dir='ltr'><strong>Similes</strong></span> <span class='ocrx_word' id='word_1_591' title='bbox 519 2713 731 2745; x_wconf 83' lang='lat' dir='ltr'><strong>adnumerant</strong></span> <span class='ocrx_word' id='word_1_592' title='bbox 747 2713 875 2744; x_wconf 82' lang='lat' dir='ltr'><strong>codices</strong></span> <span class='ocrx_word' id='word_1_593' title='bbox 889 2713 999 2753; x_wconf 89' lang='lat' dir='ltr'><strong>plures</strong></span> <span class='ocrx_word' id='word_1_594' title='bbox 1016 2714 1195 2752; x_wconf 87' lang='lat' dir='ltr'><strong>Simonius,</strong></span> <span class='ocrx_word' id='word_1_595' title='bbox 1214 2715 1394 2747; x_wconf 70' lang='lat' dir='ltr'><strong>Casimirus</strong></span> <span class='ocrx_word' id='word_1_596' title='bbox 1410 2716 1562 2749; x_wconf 88' lang='lat' dir='ltr'><strong>Oudinus</strong></span> <span class='ocrx_word' id='word_1_597' title='bbox 1577 2718 1715 2760; x_wconf 88' lang='lat' dir='ltr'><strong>aliique,</strong></span> 
     </span>
    </p>
   </div>
   <div class='ocr_carea' id='block_1_52' title="bbox 70 2762 1716 2806">
    <p class='ocr_par' dir='ltr' id='par_1_52' title="bbox 70 2762 1716 2806">
     <span class='ocr_line' id='line_1_52' title="bbox 70 2762 1716 2806; baseline 0.002 -10"><span class='ocrx_word' id='word_1_598' title='bbox 70 2764 209 2806; x_wconf 74' lang='lat' dir='ltr'><strong>Regium</strong></span> <span class='ocrx_word' id='word_1_599' title='bbox 227 2763 455 2800; x_wconf 81' lang='lat' dir='ltr'><strong>Parisiensem,</strong></span> <span class='ocrx_word' id='word_1_600' title='bbox 476 2765 717 2803; x_wconf 77' lang='lat' dir='ltr'><strong>Augustanum,</strong></span> <span class='ocrx_word' id='word_1_601' title='bbox 735 2762 1186 2800; x_wconf 86' lang='lat' dir='ltr'><strong>Bavarico-Monachiensem,</strong></span> <span class='ocrx_word' id='word_1_602' title='bbox 1205 2764 1415 2804; x_wconf 84' lang='lat' dir='ltr'><strong>Anglicanos,</strong></span> <span class='ocrx_word' id='word_1_603' title='bbox 1433 2774 1469 2797; x_wconf 90' lang='lat' dir='ltr'><strong>ac</strong></span> <span class='ocrx_word' id='word_1_604' title='bbox 1492 2766 1716 2800; x_wconf 86' lang='lat' dir='ltr'><strong>Florentinum</strong></span> 
     </span>
    </p>
   </div>
   <div class='ocr_carea' id='block_1_53' title="bbox 70 2810 1450 2855">
    <p class='ocr_par' dir='ltr' id='par_1_53' title="bbox 70 2810 1450 2855">
     <span class='ocr_line' id='line_1_53' title="bbox 70 2810 1450 2855; baseline 0 -10"><span class='ocrx_word' id='word_1_605' title='bbox 70 2813 266 2845; x_wconf 69' lang='lat' dir='ltr'><strong>Medieeum.</strong></span> <span class='ocrx_word' id='word_1_606' title='bbox 279 2812 363 2844; x_wconf 87' lang='lat' dir='ltr'><strong>Satis</strong></span> <span class='ocrx_word' id='word_1_607' title='bbox 383 2812 449 2843; x_wconf 80' lang='lat' dir='ltr'><strong>haec</strong></span> <span class='ocrx_word' id='word_1_608' title='bbox 462 2815 546 2846; x_wconf 88' lang='lat' dir='ltr'><strong>sunt,</strong></span> <span class='ocrx_word' id='word_1_609' title='bbox 566 2811 750 2843; x_wconf 89' lang='lat' dir='ltr'><strong>utdubium</strong></span> <span class='ocrx_word' id='word_1_610' title='bbox 766 2819 862 2842; x_wconf 90' lang='lat' dir='ltr'><strong>omne</strong></span> <span class='ocrx_word' id='word_1_611' title='bbox 878 2810 919 2842; x_wconf 88' lang='lat' dir='ltr'><strong>de</strong></span> <span class='ocrx_word' id='word_1_612' title='bbox 935 2819 1088 2851; x_wconf 87' lang='lat' dir='ltr'><strong>germano</strong></span> <span class='ocrx_word' id='word_1_613' title='bbox 1103 2815 1236 2843; x_wconf 88' lang='lat' dir='ltr'><strong>auctore</strong></span> <span class='ocrx_word' id='word_1_614' title='bbox 1253 2813 1450 2855; x_wconf 81' lang='lat' dir='ltr'><strong>excutiatur.</strong></span> 
     </span>
    </p>
   </div>
   <div class='ocr_carea' id='block_1_54' title="bbox 109 2859 1715 2900">
    <p class='ocr_par' dir='ltr' id='par_1_54' title="bbox 109 2859 1715 2900">
     <span class='ocr_line' id='line_1_54' title="bbox 109 2859 1715 2900; baseline 0.002 -6"><span class='ocrx_word' id='word_1_615' title='bbox 109 2862 160 2894; x_wconf 59' lang='lat'><strong>55.</strong></span> <span class='ocrx_word' id='word_1_616' title='bbox 180 2862 329 2894; x_wconf 83' lang='lat' dir='ltr'><strong>Nondum</strong></span> <span class='ocrx_word' id='word_1_617' title='bbox 356 2861 442 2900; x_wconf 84' lang='lat' dir='ltr'><strong>typis</strong></span> <span class='ocrx_word' id='word_1_618' title='bbox 473 2861 602 2891; x_wconf 62' lang='lat' dir='ltr'><strong>Griecus</strong></span> <span class='ocrx_word' id='word_1_619' title='bbox 624 2862 731 2892; x_wconf 88' lang='lat' dir='ltr'><strong>textus</strong></span> <span class='ocrx_word' id='word_1_620' title='bbox 751 2859 925 2899; x_wconf 87' lang='lat' dir='ltr'><strong>prodierat.</strong></span> <span class='ocrx_word' id='word_1_621' title='bbox 955 2860 1073 2891; x_wconf 85' lang='lat' dir='ltr'><strong>Lucem</strong></span> <span class='ocrx_word' id='word_1_622' title='bbox 1107 2859 1158 2891; x_wconf 86' lang='lat' dir='ltr'><strong>hic</strong></span> <span class='ocrx_word' id='word_1_623' title='bbox 1181 2869 1220 2891; x_wconf 82' lang='lat' dir='ltr'><strong>ex</strong></span> <span class='ocrx_word' id='word_1_624' title='bbox 1246 2860 1358 2892; x_wconf 86' lang='lat' dir='ltr'><strong>codice</strong></span> <span class='ocrx_word' id='word_1_625' title='bbox 1386 2870 1445 2893; x_wconf 87' lang='lat' dir='ltr'><strong>ms.</strong></span> <span class='ocrx_word' id='word_1_626' title='bbox 1476 2864 1715 2898; x_wconf 88' lang='lat' dir='ltr'><strong>Arundelliano</strong></span> 
     </span>
    </p>
   </div>
   <div class='ocr_carea' id='block_1_55' title="bbox 70 2908 1713 2950">
    <p class='ocr_par' dir='ltr' id='par_1_55' title="bbox 70 2908 1713 2950">
     <span class='ocr_line' id='line_1_55' title="bbox 70 2908 1713 2950; baseline 0.002 -7"><span class='ocrx_word' id='word_1_627' title='bbox 70 2911 210 2950; x_wconf 87' lang='lat' dir='ltr'><strong>aliisque</strong></span> <span class='ocrx_word' id='word_1_628' title='bbox 235 2911 363 2942; x_wconf 90' lang='lat' dir='ltr'><strong>duobus</strong></span> <span class='ocrx_word' id='word_1_629' title='bbox 393 2909 639 2941; x_wconf 70' lang='lat' dir='ltr'><strong>Oxoniensibus</strong></span> <span class='ocrx_word' id='word_1_630' title='bbox 669 2908 750 2940; x_wconf 89' lang='lat' dir='ltr'><strong>vidit</strong></span> <span class='ocrx_word' id='word_1_631' title='bbox 777 2908 917 2941; x_wconf 89' lang='lat' dir='ltr'><strong>Londini</strong></span> <span class='ocrx_word' id='word_1_632' title='bbox 950 2916 1035 2940; x_wconf 91' lang='lat' dir='ltr'><strong>anno</strong></span> <span class='ocrx_word' id='word_1_633' title='bbox 1054 2909 1144 2946; x_wconf 81' lang='lat'><strong>1636,</strong></span> <span class='ocrx_word' id='word_1_634' title='bbox 1178 2909 1357 2949; x_wconf 80' lang='lat' dir='ltr'><strong>fol.,juxta</strong></span> <span class='ocrx_word' id='word_1_635' title='bbox 1374 2920 1469 2943; x_wconf 85' lang='lat' dir='ltr'><strong>curas</strong></span> <span class='ocrx_word' id='word_1_636' title='bbox 1501 2921 1536 2944; x_wconf 86' lang='lat' dir='ltr'><strong>ac</strong></span> <span class='ocrx_word' id='word_1_637' title='bbox 1565 2914 1713 2946; x_wconf 87' lang='lat' dir='ltr'><strong>studium</strong></span> 
     </span>
    </p>
   </div>
   <div class='ocr_carea' id='block_1_56' title="bbox 73 2958 1714 3002">
    <p class='ocr_par' dir='ltr' id='par_1_56' title="bbox 73 2958 1714 3002">
     <span class='ocr_line' id='line_1_56' title="bbox 73 2958 1714 3002; baseline 0.002 -10"><span class='ocrx_word' id='word_1_638' title='bbox 73 2960 247 3002; x_wconf 82' lang='lat' dir='ltr'><strong>Augustini</strong></span> <span class='ocrx_word' id='word_1_639' title='bbox 267 2959 595 2998; x_wconf 63' lang='lat' dir='ltr'><strong>Lindselii,episcot-i</strong></span> <span class='ocrx_word' id='word_1_640' title='bbox 611 2958 873 2995; x_wconf 85' lang='lat' dir='ltr'><strong>Herefordensis,</strong></span> <span class='ocrx_word' id='word_1_641' title='bbox 901 2967 999 2999; x_wconf 88' lang='lat' dir='ltr'><strong>quem</strong></span> <span class='ocrx_word' id='word_1_642' title='bbox 1026 2959 1161 2990; x_wconf 89' lang='lat' dir='ltr'><strong>sustulit</strong></span> <span class='ocrx_word' id='word_1_643' title='bbox 1184 2967 1270 2991; x_wconf 89' lang='lat' dir='ltr'><strong>mors</strong></span> <span class='ocrx_word' id='word_1_644' title='bbox 1286 2964 1360 2992; x_wconf 85' lang='lat' dir='ltr'><strong>ante</strong></span> <span class='ocrx_word' id='word_1_645' title='bbox 1389 2960 1580 2993; x_wconf 84' lang='lat' dir='ltr'><strong>editionem.</strong></span> <span class='ocrx_word' id='word_1_646' title='bbox 1597 2964 1714 2996; x_wconf 87' lang='lat' dir='ltr'><strong>Addita</strong></span> 
     </span>
    </p>
   </div>
   <div class='ocr_carea' id='block_1_57' title="bbox 71 3005 1712 3051">
    <p class='ocr_par' dir='ltr' id='par_1_57' title="bbox 71 3005 1712 3051">
     <span class='ocr_line' id='line_1_57' title="bbox 71 3005 1712 3051; baseline 0.002 -10"><span class='ocrx_word' id='word_1_647' title='bbox 71 3014 119 3041; x_wconf 86' lang='lat' dir='ltr'><strong>est</strong></span> <span class='ocrx_word' id='word_1_648' title='bbox 135 3020 154 3041; x_wconf 84' lang='lat' dir='ltr'><strong>e</strong></span> <span class='ocrx_word' id='word_1_649' title='bbox 169 3008 301 3050; x_wconf 83' lang='lat' dir='ltr'><strong>regione</strong></span> <span class='ocrx_word' id='word_1_650' title='bbox 314 3009 426 3041; x_wconf 83' lang='lat' dir='ltr'><strong>Latina</strong></span> <span class='ocrx_word' id='word_1_651' title='bbox 448 3008 568 3046; x_wconf 89' lang='lat' dir='ltr'><strong>versio,</strong></span> <span class='ocrx_word' id='word_1_652' title='bbox 585 3017 670 3048; x_wconf 67' lang='lat' dir='ltr'><strong>quas,</strong></span> <span class='ocrx_word' id='word_1_653' title='bbox 687 3012 721 3040; x_wconf 93' lang='lat' dir='ltr'><strong>ut</strong></span> <span class='ocrx_word' id='word_1_654' title='bbox 749 3008 893 3043; x_wconf 85' lang='lat' dir='ltr'><strong>editores</strong></span> <span class='ocrx_word' id='word_1_655' title='bbox 914 3008 1116 3048; x_wconf 82' lang='lat' dir='ltr'><strong>proﬁtentur,</strong></span> <span class='ocrx_word' id='word_1_656' title='bbox 1139 3020 1153 3037; x_wconf 78' lang='grc'><strong>«‹</strong></span> <span class='ocrx_word' id='word_1_657' title='bbox 1172 3013 1219 3040; x_wconf 88' lang='lat' dir='ltr'><strong>est</strong></span> <span class='ocrx_word' id='word_1_658' title='bbox 1243 3009 1378 3048; x_wconf 87' lang='lat' dir='ltr'><strong>quidem</strong></span> <span class='ocrx_word' id='word_1_659' title='bbox 1396 3009 1537 3051; x_wconf 86' lang='lat' dir='ltr'><strong>Philippi</strong></span> <span class='ocrx_word' id='word_1_660' title='bbox 1554 3005 1712 3049; x_wconf 84' lang='lat' dir='ltr'><strong>Montani,</strong></span> 
     </span>
    </p>
   </div>
   <div class='ocr_carea' id='block_1_58' title="bbox 72 3056 1715 3101">
    <p class='ocr_par' dir='ltr' id='par_1_58' title="bbox 72 3056 1715 3101">
     <span class='ocr_line' id='line_1_58' title="bbox 72 3056 1715 3101; baseline 0.001 -10"><span class='ocrx_word' id='word_1_661' title='bbox 72 3065 184 3091; x_wconf 79' lang='lat' dir='ltr'><strong>verum</strong></span> <span class='ocrx_word' id='word_1_662' title='bbox 197 3056 317 3099; x_wconf 80' lang='lat' dir='ltr'><strong>ubique</strong></span> <span class='ocrx_word' id='word_1_663' title='bbox 331 3056 417 3091; x_wconf 78' lang='lat' dir='ltr'><strong>adeo</strong></span> <span class='ocrx_word' id='word_1_664' title='bbox 435 3064 451 3088; x_wconf 88' lang='lat' dir='ltr'><strong>a</strong></span> <span class='ocrx_word' id='word_1_665' title='bbox 469 3056 564 3089; x_wconf 90' lang='lat' dir='ltr'><strong>nobis</strong></span> <span class='ocrx_word' id='word_1_666' title='bbox 586 3056 792 3096; x_wconf 82' lang='lat' dir='ltr'><strong>interpolata,</strong></span> <span class='ocrx_word' id='word_1_667' title='bbox 809 3060 906 3096; x_wconf 86' lang='lat' dir='ltr'><strong>atque</strong></span> <span class='ocrx_word' id='word_1_668' title='bbox 926 3057 962 3087; x_wconf 87' lang='lat' dir='ltr'><strong>ad</strong></span> <span class='ocrx_word' id='word_1_669' title='bbox 980 3057 1166 3088; x_wconf 60' lang='lat' dir='ltr'><strong>Graecorum</strong></span> <span class='ocrx_word' id='word_1_670' title='bbox 1189 3057 1356 3089; x_wconf 80' lang='lat' dir='ltr'><strong>veritatem</strong></span> <span class='ocrx_word' id='word_1_671' title='bbox 1374 3063 1532 3095; x_wconf 82' lang='lat' dir='ltr'><strong>revocata,</strong></span> <span class='ocrx_word' id='word_1_672' title='bbox 1559 3065 1592 3091; x_wconf 90' lang='lat' dir='ltr'><strong>ut</strong></span> <span class='ocrx_word' id='word_1_673' title='bbox 1609 3061 1635 3092; x_wconf 78' lang='lat' dir='ltr'><strong>si</strong></span> <span class='ocrx_word' id='word_1_674' title='bbox 1659 3070 1715 3101; x_wconf 76' lang='lat' dir='ltr'><strong>per</strong></span> 
     </span>
    </p>
   </div>
  </div>
