4006 6506
627 481 692 545 47
1442 470 1663 530 BERN.
1705 465 2103 532 ΜΛΙΠΑΞΦΕ
2138 465 2209 523 'it‘

2295 462 2430 523 tElS
2470 459 2978 522 DISSERTATIO
3820 455 3877 519 ιδ

626 610 852 670 cperas
919 587 1410 670 typogramticas
1453 581 1765 654 licuisset,
1801 580 2170 658 importune
2239 575 2747 645 t‘estinabunilas,
2779 573 2995 634 minus
3042 569 3301 670 tmdium
3335 567 3523 642 foret,
3561 584 3743 670 nova)
3774 585 3876 670 po-

622 667 750 753 tius
789 667 1172 759 condendae;
1205 683 1266 744 id
1301 680 1472 758 quod
1505 677 2052 741 committentibus
2079 674 2378 752 liquebit.
2428 697 2457 728 ι
2505 675 2648 734 Ηδθε
2689 688 2875 750 porro
2917 685 3129 742 causa,
3177 668 3524 729 adnotante
3572 667 3872 740 Simonio,

621 785 794 867 quod
825 785 891 846 in
912 783 1028 845 hac
1063 789 1345 844 veterum
1396 775 1996 856 interpretationum
2038 770 2500 850 recognitione,
2535 770 2765 830 menda
2807 768 2991 846 plura
3025 764 3245 829 relicta
3274 764 3428 838 sint,
3464 764 3708 844 quibus
3760 764 3876 825 illis

622 887 967 952 scatebant.

702 983 1183 1045 Accuratiorem
1239 975 1702 1056 TheOphylacti
1751 975 1816 1036 in
1889 972 1989 1033 his
2048 969 2566 1040 Commentariis,
2603 985 2792 1048 quam
2828 969 2893 1030 in
2926 965 3204 1037 ueteris,
3261 965 3673 1041 diligentiam
3715 978 3874 1023 com-

626 1080 880 1142 mendat
912 1076 1212 1140 laudatus
1245 1075 1597 1137 Simonius.
1631 1076 1899 1150 Parerga
1922 1069 2180 1143 desunt,
2220 1084 2433 1144 neque
2490 1065 2866 1143 frequentes
2920 1069 3266 1125 occurrunt
3317 1060 3672 1140 allegoriae.
3727 1063 3870 1122 Pas-

622 1178 744 1237 sim
767 1175 1266 1255 Chrysostomus
1300 1171 1692 1234 deﬂoratur:
1728 1168 2004 1248 ejusque
2064 1183 2204 1227 nom

2294 1185 2300 1224 t
2371 1165 2764 1241 quandoque
2799 1161 3103 1234 occurrit,
3143 1169 3172 1222 ὁ
3206 1168 3497 1238 Μακάριος
3544 1168 3822 1238 Ἰωάννης,
3854 1170 3876 1220 ὁ

623 1282 923 1351 πάμμεγας
957 1280 1228 1348 Ἰωάννης,
1255 1279 1282 1330 ὁ
1318 1280 1375 1328 ἐν
1403 1275 1578 1342 ἁγίοις
1615 1275 1890 1343 Ἰωάννης.
1922 1264 2042 1325 Sed
2071 1262 2198 1323 alio

2295 1261 2461 1322 etiam
2492 1261 2839 1337 scriptores
2877 1265 3161 1320 vetustos
3200 1257 3540 1334 decerptos
3575 1273 3740 1326 esse,
3778 1261 3877 1318 do-

625 1378 722 1432 cet
752 1369 1094 1448 inscriptio
1127 1368 1368 1428 codicis
1408 1363 1523 1424 222
1553 1363 1721 1442 apud
1747 1361 2155 1425 Lambecium
2208 1378 2222 1416 :
2256 1356 2681 1434 Expositio...
2721 1354 2980 1415 collecta
3013 1373 3093 1414 ex
3123 1353 3325 1413 sancti
3365 1353 3639 1414 Joannis
3682 1353 3873 1432 σὴν-νο

623 1465 878 1526 sostomi
905 1463 1291 1540 aliorumque
1323 1469 1600 1520 ueterum
1631 1459 1893 1520 Patrum
1925 1455 2247 1536 operibus.
2292 1453 2638 1515 Haareticos
2678 1451 3008 1530 passimjn
3047 1451 3148 1512 his
3173 1449 3670 1513 Commentariis
3704 1451 3872 1514 inse-

622 1563 840 1642 quitur
870 1557 1408 1638 TheOphylactus,
1445 1574 1512 1619 ac
1544 1556 1935 1636 theologicae
1980 1554 2347 1615 Graecorum
2379 1549 2702 1610 doctrinas
2735 1547 2944 1609 tradit.

2163 1723 2302 1784 XII.

622 1889 1142 1954 Commentarium
1170 1885 1234 1946 in
1269 1882 1588 1962 Epistolas
1627 1883 1982 1962 canonicos,
2023 1882 2128 1962 qui
2155 1898 2268 1941 nec
2293 1879 2537 1962 Latine,
2565 1898 2676 1943 nec
2698 1881 2920 1962 Graece
2944 1881 3101 1944 vidit
3133 1881 3436 1944 hactenus
3488 1880 3710 1962 lucem,
3741 1897 3875 1962 con-

699 1974 900 2032 tinent
932 1966 1171 2028 codices
1205 1959 1699 2049 Vindobonenses
1734 1979 1805 2019 ac
1839 1961 2254 2049 Ifarisienses.
2288 1960 2520 2049 Mutila
2547 1961 2819 2049 pro_diit_.
2862 1961 3178 2049 ῥοφήσενο
3217 1963 3502 2049 curante,
3524 1959 3870 2049 Expositio

699 2053 768 2111 in
827 2056 1099 2122 quatuor
1155 2043 1497 2121 prophetas
1527 2041 1821 2112 minores,
1855 2039 2066 2098 Latine
2129 2039 2437 2099 translata
2482 2062 2500 2099 :
2561 2043 2743 2118 cuius
2769 2041 3077 2180 delectum
3115 2041 3433 2119 supplevit
3513 2038 3868 2116 Christoph.

706 2128 1016 2180 Henricus
1077 2122 1474 2180 Ritmeierus.
1505 2118 1761 2178 Codices
1805 2120 2057 2178 Venetus
2103 2119 2468 2179 Marcianus
2501 2127 2555 2178 et
2630 2107 2824 2179 Vindo
2875 2120 3123 2180 onensis
3175 2120 3640 2180 expositionem
3670 2119 3868 2177 conti-

703 2107 1016 2188 Hen'ricus
1077 2107 1474 2184 Ri‘tmeierus.
1505 2118 1761 2198 Codices
1805 2107 2057 2178 Venetus
2103 2119 2468 2179 Marcianus
2501 2127 2555 2178 et
2630 2107 3123 2198 Vindobonensis
3175 2107 3640 2198 impositionem
3670 2107 3868 2198 conti-

698 2215 848 2266 nent
880 2207 946 2266 in
975 2204 1243 2281 quinque
1277 2200 1544 2281 minores
1575 2197 1916 2281 prophetas
1952 2217 1970 2255 :
2019 2215 2178 2281 opus
2216 2199 2555 2281 integrum,
2613 2197 2814 2259 codex
2857 2196 3710 2272 Bavarico-Monachicnsis,
3743 2196 3874 2258 Ma-

698 2288 812 2347 ria:
840 2275 1468 2361 impératr'icisjussu
1500 2275 1945 2336 concinnatum
1980 2293 2016 2332 α
2052 2275 2536 2353 Theophylacto.

700 2432 798 2491 lio.
845 2425 1114 2489 Codices
1161 2419 2042 2492 Ctesareo-Vindobonenses,
2102 2434 2267 2498 quos
2300 2436 2467 2496 saepe
2516 2419 3039 2492 memoravimus,
3090 2417 3234 2490 220,
3295 2416 3411 2477 221
3483 2420 3545 2478 et
3576 2415 3724 2490 222,
3758 2415 3874 2476 sub

623 2520 1089 2602 TheOphylacti
1127 2519 1386 2581 nomine
1433 2518 1926 2579 Commentarios
1974 2523 2270 2594 praestant
2331 2518 2396 2575 in
2437 2515 2762 2595 Epistolas
2821 2516 3181 2576 canonicos.
3221 2511 3609 2574 Parisiensis
3640 2510 3876 2574 codicis

627 2621 1021 2684 mentionem
1056 2616 1291 2694 ingerit
1327 2614 1617 2674 Labbeus
1670 2612 1736 2673 in
1786 2611 1962 2674 Nora
2023 2611 2420 2673 Bibliotheca
2489 2631 2632 2674 mss.
2704 2613 3016 2674 librorum
3063 2618 3240 2686 parte
3282 2628 3355 2684 lt,
3398 2613 3425 2686 §
3491 2613 3715 2688 1,pag.
3777 2609 3874 2672 80.

628 2719 809 2780 Alius
846 2714 1120 2776 occurrit
1171 2713 1234 2772 in
1269 2710 1724 2788 Supplemento
1755 2726 1814 2782 x,
1845 2727 1979 2786 pag.
2007 2711 2141 2770 386.
2167 2710 2460 2770 Nondum
2489 2716 2812 2785 premente
2847 2708 3026 2786 prelo
3062 2705 3202 2768 sive
3241 2707 3463 2768 Latine
3495 2706 3636 2768 sive
3662 2705 3874 2767 Graece

624 2825 931 2876 excusum
980 2823 1140 2885 Opus
1173 2812 1291 2867 est.

698 2909 796 2968 ιιἿ.
831 2908 1075 2966 Joanne
1107 2901 1412 2962 Lonicero
1450 2901 1799 2978 interprete
1833 2907 1891 2961 et
1926 2906 2208 2973 curante,
2237 2901 2459 2963 Latina
2493 2902 2838 2980 Expositio
2867 2903 2933 2962 in
2988 2909 3268 2982 quatuor
3301 2899 3645 2980 prophetas
3677 2898 3879 2976 [XXI]

629 3006 927 3070 minores,
955 2997 1534 3068 IIabacuc,Jonam,
1558 2996 1800 3058 Nahum
1821 3004 1876 3055 et
1910 2993 2148 3070 Oscam,
2173 2998 2343 3076 typis
2360 2998 3008 3061 Francofurtcnsibus
3042 2997 3282 3078 prodiit
3306 3013 3477 3059 anno
3497 2997 3676 3070 1535,
3703 2996 3875 3058 in-8.

629 3097 1018 3160 Posteriores
1055 3092 1196 3154 alia)
1243 3090 1543 3153 confectaa
1569 3100 1716 3152 sunt
1750 3091 2073 3153 editiones
2125 3094 2366 3171 plures.
2405 3095 2474 3156 In
2513 3094 2887 3157 Prmfatione
2943 3096 3020 3157 ad
3072 3097 3429 3169 Lectorem,
3474 3112 3620 3174 quae
3651 3093 3877 3155 eodem

625 3212 792 3257 anno
819 3191 968 3254 1532i
999 3198 1202 3251 notata
1237 3197 1352 3259 est,
1390 3189 1736 3248 Lonicerus
1775 3195 1982 3249 narrat
2013 3204 2030 3249 ξ
2065 3210 2094 3244 α
2135 3191 2238 3250 Fr.
2266 3192 2587 3269 Angelum
2627 3195 3019 3266 Lucensem,
3054 3191 3200 3252 Divi
3237 3192 3501 3252 Antonii
3539 3189 3875 3263 vicarium,

627 3293 1096 3368 ἢβιϐλιοψυλάκα,
1131 3285 1194 3344 in
1259 3281 1743 3361 praeclarissima
1781 3284 2018 3346 Veneta
2063 3283 2469 3363 bibliotheca,
2514 3288 2979 3368 TheOphylacti
3033 3291 3099 3350 in
3152 3296 3430 3367 quatuor
3459 3287 3655 3350 hosce
3687 3292 3879 3360 paulo

626 3395 770 3446 ante
807 3389 1328 3445 commemoratos
1367 3379 1703 3457 prOphetas
1738 3389 2028 3458 ἐξηγήσεις
2057 3383 2515 3447 describendas
2554 3386 2841 3458 dedisse,
2881 3385 3366 3464 descriptasque
3401 3401 3545 3446 cum
3579 3393 3883 3465 autogra-

627 3482 752 3558 ptio
785 3478 1210 3541 contulisse...
1249 3475 1517 3536 Proinde
1551 3476 1709 3553 grati
1759 3484 1975 3552 erunt,
2003 3477 2241 3558 inquit,
2298 3480 2528 3558 Angeli
2559 3480 2753 3560 hujus
2799 3481 3108 3559 angelica;
3174 3480 3397 3555 menti,
3429 3481 3540 3560 qui
3594 3480 3876 3561 aliquam

631 3575 852 3637 saltem
887 3575 986 3634 his
1013 3591 1089 3634 ex
1128 3571 1684 3634 lucubrationibus
1722 3574 2086 3636 animorum
2134 3591 2402 3638 suorum
2449 3577 2840 3656 voluptatem
2891 3579 3168 3656 capient.
3222 3600 3250 3633 ιι
3286 3578 3537 3640 Veneto
3600 3577 3882 3640 Canoni—

627 3689 844 3736 eorum
878 3671 1286 3750 Regularium
1319 3670 1608 3732 cmnobio
1641 3670 1763 3732 sub
1810 3672 2003 3734 titulo
2035 3673 2245 3736 Sancti
2280 3671 2546 3735 Antonii
2583 3672 2963 3750 prmsidebat
3003 3674 3294 3752 Angelus
3326 3675 3668 3737 Lucensis.
3713 3676 3881 3738 Insi-

629 3787 814 3848 gnem
845 3784 1023 3830 suam
1072 3767 1159 3828 ibi
1219 3767 1673 3829 bibliothecam
1725 3768 2043 3831 locaverat
2095 3770 2468 3831 Dominicus
2502 3769 2868 3842 Grimanns,
2928 3769 3284 3847 patriarcha
3336 3770 3787 3849 Aquileiensis
3814 3789 3885 3834 ac

628 3869 690 3929 S.
717 3868 787 3926 lt.
823 3868 889 3926 Ε.
923 3865 1282 3939 cardinalis,
1325 3864 1625 3927 incendio
1659 3874 1875 3943 postea
1905 3874 2373 3946 consumptam.

707 3965 796 4023 De
828 3962 1065 4023 codicis
1123 3960 1373 4024 defectu
1407 3962 1701 4039 queritur
1735 3963 2085 4026 Lonicerus
2124 3987 2139 4026 :
2185 3963 2286 4038 «ρ

2296 3962 2418 4023 nod
2455 3964 2621 4023 Osee
2657 3969 2830 4024 vates
2859 3971 3153 4041 ἀκέφαλος,
3184 3972 3426 4044 λάγαρος
3463 3971 3560 4026 καὶ
3615 3972 3876 4047 μείουρος

630 4059 734 4120 sit.
775 4058 905 4120 Sub
957 4059 1216 4120 initium
1269 4058 1524 4138 igiture
1553 4058 1786 4120 Grcecis
1813 4059 2042 4121 Bibliis
2073 4077 2220 4139 qum
2244 4060 2530 4131 deerant,
2581 4058 2940 4138 adjecimus
2971 4060 3245 4139 (scilicet
3279 4068 3475 4139 caput
3500 4062 3787 4138 primum
3821 4070 3884 4124 et

632 4155 846 4232 priora
878 4157 1097 4216 decem
1151 4163 1460 4217 commata
1509 4155 1778 4216 secundi
1819 4154 2094 4234 capitis.)
2129 4155 2196 4215 In
2235 4157 2450 4217 medio
2491 4155 2545 4216 si
2579 4173 2703 4232 qua
2731 4155 3057 4231 deessent,
3093 4155 3267 4218 idem
3290 4156 3593 4232 fecimus,
3627 4167 3688 4220 et
3714 4169 3886 4223 aste-

635 4254 781 4314 risci
812 4253 844 4285 "
875 4253 904 4288 “
938 4252 1336 4314 indicabunt.
1375 4253 1470 4314 Ab
1507 4252 1852 4314 undecimo
1889 4253 2096 4332 capite
2130 4253 2194 4314 in
2221 4252 2409 4314 ﬁnem
2446 4270 2679 4331 usque,
2715 4251 2928 4312 blattis
2957 4252 3291 4332 tinetsque
3323 4270 3628 4318 corrosus
3657 4257 3887 4334 periit:

632 4365 832 4428 quare
901 4355 1269 4410 contextum
1328 4347 1675 4427 pr0phetm,
1715 4348 1828 4426 qui
1861 4349 2069 4411 cuivis
2110 4366 2190 4411 ex
2217 4349 2442 4411 Bibliis
2507 4348 2740 4410 obvius
2800 4363 2944 4408 esse
3003 4356 3238 4426 potest,
3271 4354 3406 4411 tum
3441 4350 3887 4431 etiam,inter-

635 4447 882 4508 mittere
921 4446 1124 4507 visum
1160 4454 1278 4507 est.
1307 4469 1335 4502 υ

711 4541 1040 4605 Deiectum
1069 4544 1236 4604 hunc
1268 4543 1454 4606 bonis
1500 4543 1729 4605 avibus
1767 4543 1985 4624 aliqua
2018 4561 2097 4605 ex
2129 4551 2302 4621 parte
2330 4542 2658 4622 supplevit
2692 4542 3060 4624 Christopb.
3095 4545 3421 4608 Henricus
3458 4545 3888 4622 Ritmeierus,

635 4639 744 4716 qui
786 4640 1328 4702 Commentarium
1371 4640 1448 4701 ad
1483 4641 1743 4701 initium
1776 4643 2002 4718 capitis
2038 4643 2308 4702 secundi
2348 4643 2531 4713 Osee,
2561 4642 2777 4703 Graece
2803 4658 2887 4702 ex
2919 4641 3289 4722 apographo
3319 4644 3418 4705 Jo.
3454 4643 3737 4706 Andreas
3773 4645 3892 4708 Bo-

639 4736 718 4794 sii
755 4753 828 4795 ex
865 4736 1084 4797 codice
1141 4737 1595 4814 Argentinensi
1632 4737 2056 4814 descriptum,
2088 4755 2231 4797 cum
2277 4737 2573 4798 versione
2605 4753 2720 4797 sua
2743 4745 2802 4798 et
2835 4739 3006 4799 notis
3049 4738 3253 4799 edidit
3286 4737 3674 4802 Helmstadii
3706 4739 3889 4812 1702,

636 4833 694 4893 ἡ.
728 4833 816 4893 Ita
848 4832 1156 4895 disuimus
1194 4835 1272 4894 ab
1301 4835 1547 4894 Joanne
1575 4831 1835 4895 Alberto
1861 4833 2175 4895 Fabricio.

727 4928 827 4990 58.
875 4930 1190 5006 Integram
1225 4931 1288 4990 in
1317 4929 1581 4991 eosdem
1627 4937 1905 5007 quatuor
1940 4928 2280 5006 prOphetas
2304 4927 2640 5006 Exegesim
2666 4926 2956 4987 continet
2986 4927 3320 4990 Marciana:
3346 4929 3612 4992 Venetae
3643 4931 3892 4996 biblio-

637 5024 836 5086 theca)
884 5027 1109 5100 codex,
1136 5043 1206 5088 ac
1243 5027 1511 5104 insuper
1556 5027 1624 5086 in
1659 5026 2009 5088 Michwam.
2065 5025 2319 5085 Folium
2359 5025 2636 5098 primum
2674 5022 2900 5098 partim
2957 5022 3238 5085 lacerum
3285 5038 3421 5096 est;
3451 5029 3628 5106 quod
3659 5030 3893 5109 utique

638 5120 1010 5183 dolendum.
1048 5122 1291 5183 Similis
1321 5119 2300 5184 estCaesareo-Vindobonensis
2364 5120 2566 5182 codex
2598 5120 2716 5179 216
2767 5122 2938 5197 apud
3018 5121 3455 5196 Lambecium,
3516 5141 3652 5203 quo
3703 5127 3896 5190 Com-

643 5219 935 5280 mentarii
967 5219 1381 5280 continentur
1412 5220 1474 5280 in
1502 5219 1748 5288 Oscam,
1780 5217 2103 5291 Habacuc,
2142 5219 2392 5290 Jonam,
2425 5217 2669 5278 Nahum
2701 5228 2757 5277 et
2788 5219 3134 5280 Michteam.
3173 5219 3427 5282 Codicis
3455 5223 3691 5285 titulus
3737 5231 3839 5287 est
3878 5242 3888 5284 :

656 5324 941 5408 ‘Eﬁﬂmmg
963 5328 1040 5389 εἰς
1067 5325 1191 5389 τοῦς
1227 5325 1291 5394 ιβ’
1317 5325 1628 5395 προφήτας,
1670 5317 1736 5376 in
1773 5315 2096 5376 duodecim
2141 5333 2238 5394 pri

2396 5323 2480 5374 tas
2539 5334 2560 5371 .-
2617 5331 2696 5375 ex
2740 5330 2871 5392 quo
2909 5337 2937 5369 at
2979 5323 3240 5393 apparet
3283 5316 3695 5394 (Lambecius
3748 5321 3892 5398 ait),

641 5413 1186 5492 'l‘heOphylactum
1218 5430 1443 5474 omnes
1477 5412 1819 5473 duodecim
1857 5413 2195 5490 prophetas
2229 5413 2513 5474 minores
2538 5409 3031 5473 Commentariis
3063 5412 3205 5473 suis
3237 5413 3629 5478 illustrasse.
3659 5440 3688 5474 ι
3978 5419 3979 5430 ‘

719 5512 1044 5588 [ntegrum
1103 5526 1267 5587 opus
1325 5507 1775 5570 comolectitur
1812 5506 2627 5571 Bavarico-Monachiensis
2661 5506 2892 5569 codex.
2931 5507 3408 5572 Commentaria
3441 5511 3513 5572 in
3546 5512 3690 5589 ipso
3735 5530 3894 5592 pro~
3978 5506 3979 5576 ἔ

642 5607 1124 5685 stantsequenti
1151 5607 1380 5667 ordine
1414 5629 1426 5666 :
1461 5607 1538 5666 In
1567 5605 1808 5683 Oscam,
1833 5605 2152 5680 Habacuc,
2182 5607 2430 5677 Jonam,
2452 5604 2720 5674 Nahum,
2753 5603 3103 5680 Michceam,
3132 5605 3540 5685 Sophoniam,
3573 5610 3902 5690 Aggtzum,

638 5702 1038 5768 Zachariam,
1105 5700 1500 5766 Matnchiam.
1532 5702 2023 5775 Joelem,Amos,
2062 5702 2344 5766 Abdiam.
2387 5704 2590 5781 Caput
2635 5703 2915 5781 primum
2948 5704 3116 5765 Osee
3167 5715 3341 5768 caret
3401 5709 3895 5780 commentario,

641 5797 927 5875 itemque
990 5798 1255 5859 secundi
1286 5793 1515 5876 capitis
1557 5813 1798 5860 comma
1858 5799 2156 5874 primum.
2194 5801 2265 5862 lu
2290 5801 2705 5878 expositione
2762 5802 2992 5878 capitis
3031 5820 3091 5862 IV
3145 5802 3370 5865 lacuna
3417 5814 3592 5884 patet
3630 5814 3720 5885 ay
3753 5807 3898 5870 3nd

633 5909 888 5954 .comma
949 5900 1223 5956 sextum.
1282 5894 1559 5957 Perfecta
1606 5904 1752 5957 sunt
1801 5912 1871 5958 ac
1921 5896 2168 5976 integra
2228 5905 2552 5977 postrema
2611 5897 2732 5961 tria
2782 5899 2988 5978 capita
3021 5918 3139 5976 xu,
3175 5918 3295 5962 xm
3320 5910 3381 5966 et
3412 5921 3723 5982 x1v,cum
3749 5905 3896 5970 suis
