4006 6544
120 583 184 648 49
929 581 1026 642 DE
1066 578 1648 643 THEOPHYLACTI
1689 578 1965 640 GESTlS
2004 576 2101 638 ET
2143 578 2515 644 SCRIPTIS.‘
3332 571 3404 636 50

125 693 627 766 commentariis,
703 695 938 775 qurein
971 695 1262 758 editione
1322 693 1623 756 Loniceri
1668 693 2155 757 desiderantur.
2189 692 2330 755 Alia
2365 694 2432 754 in
2474 689 2696 755 codice
2749 685 3020 760 vacuola
3073 703 3265 767 parva
3296 704 3402 752 oc-

117 798 401 854 currunt.
439 790 787 854 Codicibus
850 798 1090 868 autem,
1134 809 1302 874 quos
1338 794 1872 867 memoravimus,
1908 791 2191 854 invicem
2238 788 2521 862 collatis,
2558 789 2873 851 damnum
2901 801 3099 849 omne
3165 785 3394 850 sarciri

116 887 366 966 poterit.
2501 920 2504 922 ·

187 983 534 1064 Prologum
563 984 843 1063 primum
878 984 943 1047 in
977 1000 1204 1048 omnes
1244 985 1587 1066 pmphetas
1626 985 1914 1048 minores
1955 990 2208 1063 prmstat
2245 989 2640 1048 memoratus
2666 984 2961 1046 Venetus
2987 981 3197 1046 codex
3228 981 3400 1045 Mar-

113 1083 354 1155 cianus,
415 1098 496 1144 ex
556 1097 688 1160 quo
744 1082 1078 1156 discimus,
1107 1083 1290 1161 iussu
1321 1082 1537 1146 Mariae
1568 1083 1996 1163 imperatricis
2030 1083 2483 1147 elucubratum
2517 1098 2682 1161 opus
2705 1078 2915 1144 fuisse
2945 1097 2982 1142 a
3019 1078 3382 1159 TheOphyo

113 1179 292 1241 iacto.
327 1179 543 1240 Graece
607 1179 1063 1260 transcriptum
1111 1183 1479 1259 accepimus
1509 1179 1588 1243 ab
1631 1181 2109 1244 humanissimo
2141 1179 2676 1260 peritissimoque
2709 1177 2850 1242 viro
2887 1179 3171 1240 Antonio
3225 1177 3412 1260 Zan-\

111 1278 286 1348 netti,
326 1273 682 1337 Alexandri
707 1275 868 1349 ﬁlio,
891 1277 1160 1339 custode
1191 1276 1620 1341 bibliotheca).
1665 1279 1690 1340 Ι

1830 1297 1936 1342 um
1975 1288 2074 1342 est
2108 1303 2123 1342 :
2154 1287 2411 1342 Φιλοθέου
2443 1286 2718 1357 βασιλίδος
2771 1284 2865 1340 καὶ
2897 1283 3187 1355 φιλολόγου
3257 1282 3401 1354 πλη-

110 1369 216 1439 ρῶν
269 1370 577 1442 ἐπίταγμα,
603 1372 663 1426 τὸ
690 1373 749 1426 δὲ
779 1371 844 1443 ἢν
873 1375 938 1427 ὲκ
959 1373 1069 1428 τῶν
1117 1375 1198 1438 εἰς
1245 1375 1370 1438 τοὺς
1429 1378 1718 1447 προφήτας
1742 1379 1912 1435 πάλαι
1932 1376 2383 1450 καταὸληθεισῶν
2414 1375 2586 1448 ὲξηγή
2599 1392 2735 1430 σεων
2797 1373 3130 1444 συντάγμιτι
3201 1370 3395 1426 θέσθαι

111 1469 583 1542 ωνοπτικὼτερον
611 1472 748 1542 ὁμοῦ
782 1473 878 1526 καὶ
910 1473 1268 1547 σαφέστερον,
1289 1477 1670 1547 παραιτοῦμαι

1803 1468 1858 1529 ei
1886 1475 1944 1527 et
1974 1465 2340 1527 litterarum
2393 1462 2665 1524 amantis
2723 1459 3162 1541 imperatricis
3209 1476 3382 1519 man-

109 1558 704 1639 datumadimplens,
734 1573 802 1625 ut
817 1563 1062 1626 scilicet
1098 1585 1179 1626 ex
1209 1565 1697 1629 Commentariis
1730 1566 1800 1627 in
1827 1563 2178 1644 prophetas
2209 1562 2348 1641 jam
2380 1560 2571 1641 factis
2602 1559 3025 1620 brevioremet
3058 1555 3397 1617 clariorem

108 1657 492 1746 conﬁcerem,
527 1678 666 1733 oro,
708 1668 829 1722 etc.
865 1663 940 1724 Et
974 1661 1140 1725 infra
1176 1674 1277 1727 :El
1308 1676 1407 1746 μὲν
1435 1675 1528 1728 οὖν
1551 1675 1690 1745 ῆνυσ

1810 1690 1858 1726 τι
1890 1671 2026 1742 πρὸς
2052 1669 2113 1724 τὸ
2145 1668 2396 1740 βούλημα
2442 1671 2542 1739 τῆς
2571 1666 2740 1736 καλῆς
2780 1665 2984 1735 ταύτης
3024 1666 3080 1718 ὲν
3119 1663 3392 1733 γυναιξὶν,

106 1745 166 1824 ᾖς
192 1753 240 1805 οἱ
274 1753 554 1825 ὀφθαλμοὶ
606 1757 701 1810 καὶ
735 1759 767 1826 ή
799 1759 962 1829 νοερὰ
991 1759 1068 1824 ὡς
1093 1745 1451 1834 περιστέρὰς,
1513 1767 1608 1818 καὶ
1659 1762 1754 1817 τοῦ
1805 1761 2123 1831 πνεύματος
2175 1757 2367 1828 σαφῶς
2397 1756 2612 1820 ὲνθὲου,
2641 1756 2851 1826 ταύτης
2885 1755 3114 1820 σκόπου,
3155 1755 3250 1807 καὶ
3293 1756 3394 1822 τῆς

107 1849 333 1916 πίστεως
363 1853 425 1906 τὸ
457 1855 794 1926 κατόρθωμα
819 1872 833 1888 ο
860 1847 934 1910 Si
976 1847 1128 1928 quid
1155 1851 1358 1929 igitur
1373 1853 1689 1932 perfectus

1811 1850 1960 1910 terit
1991 1849 2194 1929 juxta
2235 1845 2628 1907 voluntatem
2659 1845 2849 1926 hujus
2908 1842 3250 1905 mulierum
3283 1859 3393 1919 op-

106 1938 485 2022 timw(cujus
523 1943 690 2004 oculi
726 1953 964 2005 etmens
994 1947 1161 2006 sicut
1188 1947 1614 2030 columba),id
1643 1948 1764 2010 erit
1784 1947 2056 2026 spiritus
2077 1945 2216 2026 ejus
2235 1945 2426 2024 plane
2458 1942 2688 2017 divini,
2733 1942 3137 2013 intentionis,
3161 1946 3218 2000 et
3248 1937 3396 2017 ﬁdei

105 2051 275 2113 opus-
309 2037 614 2117 lntegros
667 2039 1185 2105 Commentarios
1209 2043 1396 2118 istos,
1433 2063 1511 2106 ex
1543 2043 1992 2125 antiquiorum
2034 2044 2296 2104 Patrum
2351 2040 2801 2104 monumentis
2838 2039 3209 2116 decerptos,
3247 2052 3395 2115 spe-

107 2133 272 2194 rabat
300 2136 490 2198 Joan.
550 2135 857 2200 Albertus
914 2139 1342 2203 Fabriciusin
1377 2141 1772 2205 Bibliotheca
1825 2141 2069 2217 Grceca,
2113 2139 2241 2202 vol.
2305 2141 2443 2213 VIl,
2494 2156 2635 2220 pag.
2676 2139 2819 2212 765,
2856 2135 3037 2200 brevi
3075 2137 3139 2197 in
3181 2134 3392 2197 lucem

104 2228 382 2294 edendos
419 2248 453 2294 a
494 2232 565 2294 C.
594 2233 666 2296 V.
703 2236 955 2298 Joanne
1010 2237 1292 2301 Henrico
1329 2240 1697 2316 Lederlino,
1726 2241 2098 2320 linguarum
2134 2237 2578 2301 Orientalium
2613 2238 2680 2298 in
2710 2235 3041 2298 academia
3077 2236 3399 2312 Argento-

104 2327 330 2389 ratensi
365 2328 764 2406 professore,
799 2331 915 2410 qui
947 2332 1099 2396 illos
1131 2352 1214 2397 ex
1245 2337 1466 2400 Graeco
1491 2337 1713 2400 codice
1747 2337 2160 2400 bibliothecae
2193 2335 2472 2415 publiCtB
2496 2333 2682 2397 illius
2717 2332 2900 2396 urbis
2930 2331 3391 2407 descripserat,

103 2430 157 2481 et
190 2431 463 2504 utraque
512 2424 736 2505 lingua
764 2428 1179 2508 vulgaturum
1218 2442 1572 2512 receperat.
1607 2438 1760 2499 Data
1792 2435 1952 2498 ﬁdes
1990 2435 2057 2497 in
2092 2435 2353 2497 irritum
2405 2433 2563 2496 abiit
2600 2455 2614 2495 :
2653 2430 3121 2513 prmstabitque
3145 2430 3394 2490 Veneta

103 2518 293 2583 editio
341 2523 520 2602 quod
565 2521 876 2586 hactenus
907 2527 1183 2593 obtineri
1224 2547 1350 2593 non
1386 2531 1616 2609 potuit.

1500 2700 1721 2773 [xxui
1755 2708 1924 2768 xm.

107 2848 390 2945 δτι-ἀίὲρίνη
450 2856 747 2945 "omum
771 2857 1132 2945 intotidem
1195 2860 1519 2945 evangelia
1538 2864 1869 2945 matutina
1910 2860 2763 2945 ResurrectionispominiL
2792 2852 3258 2945 Theopliylacto
3290 2860 3397 2914 at-

173 2930 556 3022 tribuuntur
589 2936 658 2995 in
686 2937 1049 3022 codicibus.
1083 2940 1245 3022 Sunt
1277 2930 1423 3022 vero
1461 2939 1649 3022 iidem
1685 2943 1937 3022 omnino
1973 2941 2177 3018 ipsius
2215 2930 3172 3022 Theoph_ylacti_Comlue—ntarii
3203 2949 3398 3022 super

175 3009 398 3104 eisdem
435 3015 807 3092 evangeliis,
829 3028 1155 3104 postre_ma
1201 3018 1472 3104 homilile
1504 3018 1848 3081 undecimce
1884 3009 2067 3098 parte
2100 3009 2400 3096 excepta:
2438 3009 2813 3104 Postirion
2842 3013 3102 3104 (ἥντινα-αξ
3159 3009 3396 3104 aliquis

171 3087 440 3179 videtur,
469 3087 1009 3179 turripostremam
1041 3097 1200 3158 hanc
1232 3097 1531 3179 adjecisse
1552 3111 1826 3178 partem,
1872 3087 2001 3159 lum
2037 3087 2519 3160 commentarios
2573 3093 3031 3173 Theophylacti
3067 3093 3134 3152 in
3162 3087 3395 3165 pardi-

175 3178 301 3229 ctas
323 3172 650 3234 Homilias
686 3173 1019 3253 redegisse.

170 3308 266 3372 1ι9.
299 3313 445 3376 Alia
473 3321 632 3376 sunt
688 3317 854 3378 sacri
904 3320 1271 3398 argumenti
1333 3334 1553 3398 Opera,
1587 3337 1621 3381 a
1674 3317 2162 3399 TbeOphylacto
2212 3319 2560 3382 elaborata.
2621 3315 2936 3380 IIomilias
2995 3312 3292 3374 undecim
3328 3311 3396 3379 in

102 3408 344 3471 totidem
384 3413 719 3493 evangelia
752 3415 965 3498 Ofﬁcii
995 3419 1296 3481 matutini
1321 3417 1835 3482 Resurrectiom's
1869 3404 2130 3479 Domini
2160 3415 2426 3480 exhibet
2475 3416 2679 3479 codex
2716 3407 3397 3477 Cmsareo-Viudobo-

102 3506 334 3582 nensis,
399 3527 606 3591 quem
653 3514 1036 3578 Lambecius
1081 3516 1247 3579 libro
1282 3537 1314 3578 v
1356 3524 1656 3581 recenset
1716 3533 1895 3580 num.
1959 3517 2102 3579 263.
2137 3515 2366 3579 Vocari
2402 3514 2618 3577 solent
2661 3513 2973 3575 undecim
3042 3506 3391 3588 evangelia

99 3613 456 3687 ἀναστάσιμα,
515 3610 764 3689 quibus
833 3615 1147 3676 memoria
1218 3614 1752 3679 Resurrectionis
1822 3614 2089 3677 Domini
2154 3613 2521 3676 celebratur
2581 3635 2594 3673 :
2652 3629 2723 3674 ac
2799 3609 3396 3688 etiamldicuntur

100 3701 304 3770 ἑωθινὰ,
333 3708 491 3783 quia
529 3705 597 3767 in
632 3705 860 3770 Ofﬁcio
913 3711 1248 3775 matutino
1275 3729 1352 3774 ea
1382 3712 1606 3791 legunt
1661 3710 1892 3775 Grmci.
1928 3713 2089 3774 Sunt
2140 3727 2294 3774 vero
2350 3711 2690 3787 desumpta
2727 3726 2739 3769 :
2781 3707 3066 3787 primum
3104 3723 3184 3768 ex
3228 3706 3391 3766 Mat-

103 3791 276 3874 theeo,
335 3803 712 3865 secundum
756 3810 817 3867 et
849 3807 1114 3869 tertium
1149 3825 1233 3871 ex
1261 3811 1500 3883 Marco,
1536 3827 1616 3872 ex
1649 3811 1820 3873 Luca
1859 3815 2192 3889 quartum,
2228 3808 2567 3888 quintum,
2636 3814 2940 3880 sextum;
2976 3812 3038 3867 et
3088 3803 3391 3884 quinque

103 3889 336 3975 reliqua
388 3917 472 3963 ex
511 3902 788 3965 Joanne.

170 3990 441 4058 Initium
489 4013 724 4060 eorum
748 4007 810 4062 et
841 3999 1033 4063 ﬁnem
1065 4018 1145 4064 ex
1179 4000 1365 4065 libris
1397 4003 1771 4065 Grmcorum
1831 4003 2015 4067 affert
2082 4003 2359 4067 Goarius
2386 4004 2453 4066 in
2482 4002 2884 4083 EucholOgio
2920 4017 3062 4082 pag.
3102 3999 3394 4064 722~edi-

100 4085 284 4154 tionis
317 4095 618 4160 Venetm.
644 4099 968 4163 Nimirum
996 4102 1280 4181 primum
1311 4103 1518 4182 capite
1542 4123 1756 4167 xxviii
1807 4101 2092 4166 Mattliaei
2118 4101 2352 4180 incipit
2385 4105 2416 4176 ᾗ
2456 4102 2531 4162 16
2563 4123 2576 4162 :
2615 4098 2913 4162 Undecim
2941 4107 3150 4160 autem
3197 4097 3397 4160 disci-

100 4186 228 4261 puli
255 4192 561 4256 abierunt
593 4196 661 4256 in
684 4196 1051 4267 Gulilwam:
1083 4215 1157 4262 ac
1186 4199 1426 4262 desinit
1459 4204 1517 4274 ii.
1551 4203 1655 4273 20,
1679 4219 1875 4282 usque
1911 4199 1994 4262 ad
2025 4200 2629 4262 consummationem
2661 4195 2903 4259 saeculi.

169 4284 545 4353 Secundum
590 4294 799 4371 capite
843 4313 956 4356 xvx
992 4296 1189 4359 Marci
1221 4313 1256 4359 a
1290 4303 1322 4369 9
1361 4299 1390 4360 1
1434 4298 1632 4362 :Eum
1663 4300 1998 4360 transisset
2033 4294 2398 4368 Sabbatum,
2432 4295 2506 4357 ad
2543 4300 2599 4367 Ῡ.
2638 4293 2695 4367 8,
2733 4293 3058 4355 Timebant
3103 4311 3264 4352 eum.

172 4382 366 4448 Tertii
418 4389 656 4451 eodem
717 4391 926 4471 capite
982 4392 1246 4456 initium
1281 4399 1334 4458 ῢ.
1369 4395 1448 4457 9:
1482 4395 1767 4475 Surgens
1798 4405 2011 4457 autem
2042 4411 2220 4453 mane
2280 4394 2490 4471 prima
2527 4391 2986 4458 Sabbatorum;
3021 4390 3167 4451 ﬁnis
3197 4395 3255 4461 ᾗ.
3290 4390 3392 4460 20,

99 4483 492 4560 sequentibus
515 4485 745 4565 signis.

173 4579 402 4660 Incipit
440 4591 750 4664 quartum
780 4585 988 4665 capite
1022 4605 1178 4652 XXIV
1204 4589 1392 4651 Lucae
1423 4595 1478 4662 il.
1516 4593 1544 4651 1
1589 4615 1602 4652 :
1645 4592 1780 4654 Una
1809 4601 2014 4652 autem
2050 4590 2312 4653 Sabbati
2346 4588 2522 4650 valde
2555 4585 2882 4655 diluculo;
2916 4584 3163 4648 desinit
3197 4590 3254 4658 ᾗ.
3295 4586 3392 4656 1'2,

99 4673 262 4740 Abiit
289 4697 501 4742 secum
533 4682 779 4743 mirans
819 4682 987 4763 quod
1033 4685 1271 4765 factum
1305 4688 1542 4765 fuerat.

169 4773 483 4848 Quintum
507 4779 756 4842 ibidem
803 4783 1108 4845 %.13:Et
1140 4803 1278 4847 ecce
1308 4784 1431 4846 duo
1468 4805 1546 4848 ea:
1581 4785 1713 4849 illis
1747 4783 1946 4858 ibant,
1977 4784 2053 4846 ad
2083 4790 2138 4858 ir.
2165 4783 2266 4854 35,
2305 4783 2389 4844 Et
2424 4781 2734 4861 quomodo
2791 4790 3226 4859 cognoverunt
3253 4800 3392 4843 eum

101 4871 160 4930 in
182 4872 496 4949 fractione
526 4878 742 4957 panis.

171 4969 428 5034 Sextum
468 4973 720 5038 ibidem
753 4990 786 5035 a
826 4978 877 5051 §.
914 4975 1034 5036 36:
1063 4976 1226 5039 Dum
1255 4988 1461 5039 autem
1483 4979 1606 5040 haec
1640 4980 2017 5057 loquuntur,
2049 4980 2228 5042 stetit
2267 4979 2451 5042 Iesus
2478 4982 2544 5042 in
2577 4976 2782 5042 medio
2809 4995 3050 5056 eorum,
3080 4979 3159 5042 ad
3201 4984 3259 5052 il.
3286 4979 3389 5048 53,

102 5061 446 5131 Laudantes
478 5081 534 5132 et
561 5069 996 5134 benedicentes
1034 5073 1251 5134 Deum.

169 5162 431 5228 Initium
475 5167 745 5246 septimi
777 5169 985 5243 capite
1012 5187 1095 5232 xx
1133 5171 1406 5234 Joannis
1440 5178 1497 5241 ᾖ.
1537 5176 1566 5234 1
1609 5192 1620 5234 :
1653 5176 1789 5239 Una
1845 5174 2268 5238 Sabbatorum
2301 5176 2514 5238 Maria
2540 5174 2953 5254 Magdalene;
2988 5174 3139 5237 ﬁnis
3190 5179 3246 5248 in
3286 5177 3384 5246 10,

101 5256 394 5327 Abierant
439 5283 597 5344 ergp
630 5266 861 5328 iterum
892 5265 1199 5347 discipuli
1229 5267 1310 5330 ad
1333 5273 1727 5352 semetipsos.
2223 5282 2241 5300 '

172 5358 477 5424 Octavum
529 5361 776 5424 ibidem
813 5380 846 5425 a
882 5371 938 5437 ᾗ.
974 5365 1043 5424 11
1072 5387 1086 5424 :
1114 5365 1329 5427 Maria
1359 5377 1566 5429 autem
1596 5371 1804 5433 stabat
1839 5370 1920 5431 ad
1951 5379 2438 5447 monumentum,
2473 5372 2550 5434 ad
2583 5377 2636 5444 it.
2675 5373 2770 5443 18,
2810 5371 2978 5448 Quia
3008 5372 3142 5435 vidi
3177 5373 3390 5433 Domi-

101 5471 260 5530 num,
294 5468 352 5519 et
385 5461 516 5522 haec
557 5459 930 5526 dixitmihi.

174 5555 421 5617 Nonum
447 5555 688 5634 incipit
720 5557 964 5622 ibidem
1003 5565 1058 5634 Ῡ.
1098 5563 1214 5625 19:
1253 5565 1410 5626 Cum
1448 5583 1594 5644 ergo
1637 5584 1777 5629 sero
1815 5577 1974 5627 esset
2019 5567 2120 5628 die
2173 5565 2321 5638 illo;
2379 5569 2626 5631 desinit
2656 5576 2716 5646 9.
2748 5571 2852 5646 31,
2911 5571 2986 5633 Ut
3035 5570 3388 5641 credentes,

103 5649 281 5711 vitam
321 5653 616 5715 habeatis
634 5653 702 5714 in
730 5655 983 5716 nomine
1017 5659 1175 5739 ejus.

175 5753 419 5816 Decimi
445 5755 718 5818 initium
743 5757 951 5835 capite
987 5776 1122 5832 xxr,
1161 5763 1214 5834 il.
1247 5763 1274 5822 1
1305 5781 1318 5822 :
1347 5761 1571 5823 Postea
1603 5762 2031 5842 manifestavit
2055 5781 2116 5822 se
2154 5763 2417 5830 iterum:
2447 5764 2594 5824 linis
2625 5770 2677 5837 ᾗ.
2719 5766 2818 5844 1’s,
2857 5767 2988 5827 Hoc
3021 5768 3160 5846 jam
3194 5769 3384 5827 tertio

105 5851 538 5931 manifestatus
570 5861 660 5913 est
695 5854 908 5934 Jesus.

175 5945 605 6014 Undecimum
660 5952 906 6015 ibidem
955 5971 988 6016 a
1024 5961 1077 6014 ἓν.
1120 5957 1236 6017 15:
1283 5955 1435 6016 Cum
1483 5973 1628 6035 ergo
1686 5958 2123 6036 prandissent,
2157 5959 2312 6022 dicit
2351 5961 2597 6024 Simoni
2632 5961 2845 6039 Petro,
2891 5963 2968 6026 ad
3020 5970 3073 6037 ir.
3110 5965 3211 6036 '25,
3263 5967 3387 6029 Nec

110 6041 297 6113 lillum
329 6047 622 6112 arbitror
681 6048 983 6113 mundum
1010 6070 1232 6125 capere
1261 6071 1442 6126 posse
1478 6073 1598 6129 eos,
1629 6055 1738 6133 qui
1783 6056 2106 6118 srribcndi
2139 6069 2308 6134 sunt,
2347 6058 2567 6121 libros.
