4006 6470
625 387 687 452 51
1447 378 1665 442 BERN.
1709 376 1976 438 MAR”!
2017 375 2115 436 DE
2151 371 2437 436 RUBEIS
2479 368 2979 432 DISSERTATIO
3823 361 3885 425 5!

703 494 958 572 Quibus
1025 496 1156 554 hac
1215 490 1637 553 hebdomadis
1665 501 1740 549 ac
1771 487 2003 550 diebus
2036 485 2331 566 legantur
2356 481 2715 560 evangelia,
2757 479 2989 542 docent
3022 477 3266 572 Typica
3301 481 3361 536 et
3398 474 3716 572 Canonia.
3757 471 3880 533 De-

627 570 943 657 irosnium
975 587 1244 654 consule
1274 585 1703 653 in'Glossars'o
1738 584 1978 646 Greco.
2022 583 2092 643 In
2126 583 2351 644 eadem
2388 577 2693 642 undecim
2730 573 3091 655 evangelia,
3115 571 3381 636 tetidem
3415 570 3611 634 etiam
3636 576 3881 632 exstant

631 687 917 752 homilim
945 684 1359 763 Theophanis
1418 683 1706 746 Ceramei
1745 681 1913 760 apud
1952 676 2466 758 bibliographos.

704 785 807 849 ω.
841 787 988 848 Haec
1018 761 1399 853 scribebam.
1433 797 1579 842 cum
1607 780 1834 842 incidit
1867 779 1931 841 in
1971 794 2200 840 manus
2240 767 3122 838 Casareo-Vindobonensis
3148 761 3879 844 codiciaapographum,

623 884 803 960 quod
843 880 1141 943 undecim
1165 877 1453 958 praefatae
1481 878 1768 942 continet
1801 878 1925 941 sub
1963 873 2427 955 Theophylacti
2463 871 2729 935 nomine
2753 867 3080 932 homilias.
3120 865 3411 943 Scriptus
3435 862 3678 941 legitur
3701 870 3880 923 ινιτιι

629 985 1126 1056 ἑπτακισχιλιαστῷ
1155 985 1373 1054 eadem
1397 986 1657 1056 πέμπτῳ,
1685 1001 1812 1054 μην.
1832 980 2035 1052 Ἰουνίῳ
2064 988 2211 1052 κη’,ι

2296 988 2361 1031 ιο
2434 969 2614 1041 7015,
2665 982 2869 1027 mense
2899 964 3126 1037 Iunio,
3181 961 3282 1024 die
3326 962 3430 1029 28.
3470 961 3533 1022 id
3566 967 3670 1021 est
3710 974 3878 1030 anno

634 1074 867 1137 Christi
902 1075 1081 1138 1507.
1115 1073 1294 1138 Illico
1324 1074 1484 1138 facta
1535 1073 1834 1151 diligenti
1875 1089 2019 1134 cum
2071 1067 2534 1148 TheOphylacti
2589 1062 3071 1128 Commentariis
3104 1062 3173 1124 in
3199 1068 3476 1140 quatuor
3547 1056 3882 1137 Evangelia

626 1169 998 1246 collatione,
1060 1171 1401 1249 perspicue
1446 1177 1757 1248 certoque
1789 1166 2077 1230 innotuit
2122 1181 2201 1227 ex
2243 1164 2345 1226 his
2383 1164 2464 1226 de
2500 1161 2698 1225 verbo
2733 1162 2810 1222 ad
2846 1161 3115 1224 verbum
3149 1173 3258 1220 eas
3289 1155 3712 1234 transcriptas
3743 1169 3878 1216 esse

627 1266 930 1330 homilias
976 1283 1224 1341 omnes,
1260 1276 1578 1346 postrema
1605 1274 1778 1344 parte
1816 1265 2102 1328 homilim
2123 1263 2483 1326 undecima;
2512 1267 2800 1336 excepta.

704 1365 828 1427 Bos
870 1365 957 1426 ita
990 1380 1060 1428 se
1084 1365 1294 1427 habet.
1348 1365 1698 1427 Undecima
1755 1363 1866 1425 illa
1937 1360 2206 1428 humilia
2238 1360 2465 1441 incipit
2499 1374 2534 1421 a
2581 1363 2638 1432 7.
2677 1359 2752 1419 15
2810 1354 3043 1434 capitis
3074 1369 3192 1414 ιιι
3223 1347 3706 1422 Joannis,Cssm
3739 1363 3878 1429 ergo

620 1460 1056 1540 prandissent,
1113 1460 1267 1523 dicit
1313 1462 1558 1523 Simoni
1591 1460 1779 1522 Petro
1837 1462 2042 1523 Iesus.
2086 1459 2391 1539 Sequitur
2449 1452 2916 1534 TheOpbylacti
2954 1448 3320 1529 Expositio,
3356 1447 3580 1509 eadem
3617 1463 3877 1522 prorsus

623 1576 770 1638 qua
794 1559 857 1620 in
892 1561 1371 1622 Commentario
1419 1561 1502 1621 ad
1548 1577 1758 1640 usque
1785 1565 1838 1632 ἃ.
1876 1560 1977 1631 83,
2022 1559 2126 1620 Sic
2156 1573 2292 1617 eum
2319 1555 2460 1622 volo
2491 1570 2740 1613 manere
2763 1550 2959 1612 donec
2989 1547 3258 1618 ueniam,
3303 1545 3456 1625 quid
3483 1541 3566 1604 ad
3595 1546 3706 1640 te?
3741 1545 3877 1605 Hec

625 1671 775 1718 vero
800 1657 867 1717 in
901 1657 1378 1719 Commentario
1410 1656 1504 1719 sic
1555 1639 1797 1718 desinit
1829 1655 2154 1735 expositio
2206 1677 2220 1715 :
2269 1676 2298 1709 ε
2324 1652 2453 1714 Alii
2485 1657 2698 1711 autem
2727 1646 3068 1718 afﬁrmant,
3128 1643 3303 1723 quod
3341 1650 3640 1704 mortuus
3677 1639 3875 1704 fuerit

619 1755 929 1834 (Joannes
965 1754 1083 1828 :)et
1115 1754 1286 1834 quod
1313 1754 1497 1828 dicit,
1523 1754 1629 1816 Sic
1660 1772 1797 1814 sum
1824 1753 1963 1814 oolo
1998 1769 2269 1823 manere,
2326 1747 2698 1826 intelligunt
2729 1746 2896 1808 sicut
2927 1742 3325 1821 interpretati
3360 1756 3610 1802 sumus.
3649 1741 3878 1801 Omnes

621 1849 974 1926 opiniones
1015 1850 1327 1922 diximus,
1360 1868 1442 1913 ne
1474 1867 1671 1930 quam
1698 1851 1998 1931 ignorent
2031 1849 2331 1912 studiosi.
2369 1844 2569 1907 Nobis
2601 1850 2815 1906 autem
2867 1840 3097 1920 placet,
3138 1846 3210 1901 ut
3243 1839 3451 1898 Donec
3496 1836 3749 1896 veniam
3785 1834 3878 1897 in-

621 1945 976 2025 telligatur,
1015 1947 1183 2009 sicut
1220 1947 1701 2028 Cbrysostomo,
1737 1948 1960 2010 divino
1991 1955 2052 2009 et
2078 1961 2276 2008 aureo
2310 1943 2405 2005 illi
2439 1941 2561 2015 ori,
2597 1939 2880 2013 videtur,
2914 1953 3042 1999 non
3067 1936 3146 1997 de
3190 1935 3314 1995 vita
3355 1932 3506 1994 :sed
3541 1931 3722 2012 quod
3758 1945 3877 1994 non

620 2043 705 2102 sit
729 2042 1106 2121 jungendus
1142 2045 1399 2106 Petro.»
1428 2046 1576 2106 Post
1601 2043 1732 2106 hinc
1755 2051 2118 2123 sequuntur
2144 2048 2451 2105 commata
2491 2035 2822 2116 Evangelii
2862 2042 3181 2114 postrema
3213 2033 3367 2105 duo,
3405 2031 3527 2091 Hic
3565 2039 3660 2090 est
3697 2028 3880 2092 disci-

617 2135 814 2217 pulus
845 2139 1113 2216 [XXIII]
1143 2141 1275 2211 ille,
1301 2147 1447 2212 etc.,
1501 2156 1571 2202 ac
1600 2140 1780 2203 hisce
1833 2139 2045 2202 verbis
2104 2138 2332 2217 incipit
2374 2132 2839 2213 TheOphylacti
2911 2129 3389 2209 interpretatio,
3426 2127 3698 2202 «Quare
3733 2143 3878 2190 cum

623 2233 846 2296 nullus
876 2235 1413 2314 evangelistarutn
1430 2236 1600 2298 alius
1630 2236 1711 2298 de
1736 2254 1805 2297 se
1838 2237 1978 2316 ipso
2003 2235 2361 2313 perhiberet
2386 2231 2854 2302 testimonium,
2887 2227 2993 2290 hic
3012 2229 3090 2288 de
3123 2243 3192 2288 se
3224 2225 3371 2305 ipso
3399 2231 3695 2294 testatur.
3724 2234 3876 2286 etc.-

701 2333 853 2394 Htec
893 2348 1044 2394 vero
1077 2343 1394 2412 postrema
1427 2333 1871 2408 Expositionis
1888 2350 2032 2412 pars
2055 2335 2243 2412 longe
2275 2330 2491 2393 didert
2525 2328 2589 2389 in
2626 2325 2925 2398 homilia;
2960 2340 3235 2404 eamque
3265 2322 3638 2400 praecedunt
3672 2321 3879 2403 plura,

622 2444 765 2504 qum
798 2429 862 2490 in
894 2429 1368 2492 Commentario
1399 2430 1874 2493 desiderantur.
1910 2431 2006 2491 Ab
2030 2429 2161 2490 illis
2192 2427 2428 2500 verbis,
2465 2425 2597 2485 Alii
2629 2433 2836 2482 autem
2866 2421 3211 2500 affirmant,
3245 2418 3474 2496 incipit
3509 2419 3883 2498 discrepan-

625 2526 1221 2603 tia.Nempe,«Alii
1252 2535 1466 2588 autem
1498 2525 1810 2588 afﬁrmant
1839 2551 1865 2582 ι
1898 2526 2136 2605 (Latina
2170 2525 2466 2586 versione
2501 2529 2668 2591 utor,
2705 2535 2898 2599 quam
2930 2518 3158 2578 doctus
3196 2516 3581 2590 peritusque
3618 2514 3878 2594 lingua-

623 2637 764 2682 rum
795 2621 1238 2696 orientalium,
1267 2623 1632 2686 consodalis
1670 2640 1881 2698 meus,
1911 2622 2277 2684 Bonifacius
2314 2621 2607 2683 Finettus
2629 2615 2988 2693 adornavit)
3033 2638 3060 2670 ιι
3089 2631 3237 2677 eum
3275 2614 3531 2692 prOprie
3561 2613 3884 2677 obdormi-

621 2721 792 2781 visse
818 2761 835 2790 ,
873 2735 992 2780 seu
1026 2727 1348 2782 mortuum
1399 2736 1568 2781 esse.
1610 2720 1859 2781 Etenim
1888 2729 2028 2798 post
2074 2716 2510 2782 Domitianum
2549 2713 2889 2792 imperavit
2947 2713 3153 2773 Nerva
3211 2726 3455 2772 annum
3495 2726 3731 2784 unum,
3773 2713 3882 2792 qui

620 2811 933 2872 Joannem
966 2825 1046 2871 ex
1080 2810 1290 2874 insula
1321 2811 1535 2874 Patmo
1579 2821 1968 2885 revocatum,
2000 2814 2292 2892 permisit
2326 2812 2612 2875 habitare
2646 2809 3045 2889 Ephesi.Hic
3076 2824 3223 2870 cum
3253 2805 3434 2869 solus
3461 2823 3543 2869 ex
3577 2809 3882 2870 omnibus

622 2904 968 2983 discipulis
1003 2912 1334 2982 superstes
1368 2908 1802 2981 remansisset,
1837 2926 2113 2988 cumque
2162 2911 2528 2990 scripsisset
2588 2906 3040 2986 Evangelium,
3071 2906 3137 2967 in
3176 2921 3326 2984 pace
3357 2904 3636 2984 quievit.
3680 2928 3711 2960 ι
3745 2906 3880 2982 Qua

623 3008 704 3067 de
743 3022 809 3067 re
847 3005 1109 3066 Eusebii
1160 3005 1599 3067 testimonium
1629 3006 1973 3069 adducitur
2005 3009 2068 3070 in
2101 3010 2405 3070 Historia.-
2441 3005 2680 3068 Eccles.
2711 3003 2880 3066 libro
2917 3021 3006 3077 ιιι,
3045 3002 3252 3081 capite
3287 3003 3316 3062 1
3354 3011 3416 3063 et
3447 3003 3550 3076 31,
3595 3002 3882 3084 itemque

621 3099 977 3179 Polycratis
1007 3100 1436 3179 Ephesiorum
1470 3103 1756 3180 episcopi
1797 3101 1965 3180 apud
1991 3103 2203 3181 ipsum
2237 3104 2596 3167 Eusebium
2637 3101 2803 3164 libro
2839 3119 2900 3176 v,
2936 3101 3144 3179 capite
3172 3098 3273 3172 ΩΒ,
3311 3113 3384 3161 sc
3413 3098 3679 3162 demum
3717 3101 3878 3181 Hip-

625 3197 829 3275 polyti
870 3199 1167 3269 Romani,
1228 3215 1344 3260 seu
1381 3199 1778 3271 Portuensis,
1813 3199 1880 3260 in
1909 3199 2223 3278 opusculo
2255 3199 2340 3262 De
2367 3199 2826 3281 pmdicatione
2872 3207 2931 3260 et
2985 3197 3164 3260 obitu
3195 3196 3662 3276 apostolorum,
3708 3196 3880 3277 quod

625 3295 913 3374 vulgavit
947 3296 1254 3375 notisque
1281 3297 1631 3358 illustravit
1654 3297 2034 3360 Franciscus
2069 3299 2510 3362 Combetisius.
2558 3298 2633 3358 Ili
2675 3313 2900 3359 omnes
2935 3295 3054 3356 vita
3082 3293 3317 3371 Ephesi
3357 3293 3672 3375 migrasse
3695 3297 3882 3359 Joan-

627 3407 772 3452 nem
805 3398 1145 3453 testantur.

703 3487 849 3549 Haec
911 3487 1103 3548 trium
1140 3488 1422 3548 testium.
1455 3489 1622 3550 dicta
1677 3489 1921 3551 ibidem
1955 3489 2019 3551 in
2055 3489 2319 3551 humilia
2382 3489 2623 3569 excipit
2665 3487 3121 3567 interpretatio
3149 3488 3214 3549 in
3265 3487 3605 3567 Evangelii
3639 3487 3877 3561 locum,

624 3581 807 3658 Quod
837 3584 892 3643 si
911 3601 1044 3642 eum
1073 3583 1212 3643 oolo
1242 3601 1508 3656 manere,
1541 3599 1686 3662 qum
1726 3585 2035 3646 tribuitur
2067 3586 2363 3657 Cmsario,
2387 3586 2682 3665 Gregorii
2721 3585 3109 3648 Nazianzeni
3161 3583 3363 3658 fratri,
3396 3587 3456 3644 in
3489 3583 3877 3660 Questioui-

624 3680 738 3740 bus
770 3679 905 3739 sive
937 3678 1214 3758 Dialogis
1247 3699 1307 3742 iv
1328 3679 1592 3741 dercbus
1623 3683 1946 3759 gravibus.
1978 3683 2268 3743 Prostaut
2302 3683 2364 3744 lii
2413 3684 2479 3744 in
2517 3684 2937 3763 Lugdunensi
2969 3682 3362 3744 Bibliotheca
3400 3683 3682 3758 Patrum,
3719 3690 3765 3743 t.
3801 3683 3874 3742 V.

624 3779 692 3839 in
747 3778 872 3838 ﬁne
931 3777 1168 3854 dialogi
1223 3795 1290 3838 ιιι
1338 3779 1464 3840 ιιωο
1521 3780 1837 3842 habentur
1871 3821 1887 3853 ,
1945 3796 2090 3858 qum
2138 3788 2286 3840 sunt
2335 3781 2559 3842 eadem
2627 3778 2690 3840 in
2751 3780 3018 3841 homilia
3056 3804 3067 3840 :
3109 3803 3134 3834 α
3177 3780 3517 3853 Quomodo
3574 3781 3760 3841 Petro
3800 3780 3878 3842 de

623 3877 870 3934 Joanne
933 3873 1324 3952 evangelista
1356 3876 1508 3938 dicit
1546 3877 1888 3949 Dominus,
1946 3874 2130 3952 Quod
2169 3878 2226 3937 si
2253 3877 2510 3937 voluero
2539 3878 2742 3956 ipsum
2777 3895 3046 3951 manere,
3095 3875 3290 3936 donec
3323 3877 3590 3948 veniam,
3616 3876 3774 3956 quid
3799 3876 3882 3937 ad

623 3971 808 4034 te7id
849 3973 1017 4050 quod
1046 3973 1302 4048 indicat,
1333 3976 1542 4052 ipsum
1579 3976 1792 4038 vivere
1822 3991 2030 4054 usque
2054 3976 2128 4036 ad
2168 3972 2382 4036 seaculi
2409 3972 3054 4034 consummationem.
3089 3972 3277 4031 Resp.
3325 3971 3463 4047 Ipse
3494 3972 3779 4034 Joannes
3809 3972 3878 4036 in

631 4069 982 4146 Evangelio
1019 4087 1137 4129 suo
1173 4071 1232 4131 id
1272 4073 1434 4133 circa
1471 4073 1660 4134 finem
1690 4072 2060 4142 declaravit,
2120 4071 2343 4132 dicens
2378 4089 2391 4131 :
2427 4071 2667 4130 Etcum
2705 4068 3081 4142 dixissetei,
3116 4067 3235 4130 hoc
3258 4076 3349 4130 est
3379 4069 3589 4139 Petro,
3626 4089 3879 4151 sequere

623 4184 714 4224 me
750 4187 767 4223 .-
801 4183 1134 4226 conversus
1163 4177 1368 4227 autem
1399 4169 1647 4242 Petrus,
1683 4177 1839 4229 etc.:
1881 4169 2409 4247 quandoquidem
2438 4168 2611 4228 enim
2641 4168 2816 4245 ipsos
2849 4167 3166 4244 piscantes
3203 4166 3583 4240 offenderat,
3625 4170 3877 4230 Petrqu

622 4263 956 4322 admonuit
1022 4270 1088 4323 ut
1127 4280 1194 4324 sc
1234 4273 1634 4343 sequeretur.
1687 4266 2184 4326 Volebatautem
2219 4266 2330 4325 ille
2369 4273 2429 4325 et
2463 4262 2985 4342 condiscipulum
3021 4279 3147 4324 una
3172 4263 3498 4339 cumipsis
3531 4264 3876 4340 proﬁcisci,

623 4358 908 4436 dicitque
942 4359 1017 4419 ad
1052 4362 1272 4422 Jesum
1320 4385 1332 4422 :
1374 4364 1662 4436 Domine,
1727 4361 1826 4422 hic
1858 4373 2065 4422 autem
2119 4360 2312 4440 quid?
2340 4362 2545 4433 Quem
2595 4357 2886 4420 indicare
2950 4357 3171 4419 volens
3195 4359 3412 4430 Jesus,
3447 4359 3689 4423 debere
3709 4364 3876 4439 apud

625 4471 792 4516 mare
828 4471 1083 4518 manere
1119 4457 1202 4536 (in
1242 4458 1615 4538 piscatione)
1646 4458 1856 4536 inquit
1905 4461 2011 4520 :Si
2042 4458 2298 4520 voluero
2324 4460 2530 4538 ipsum
2553 4473 2801 4518 manere
2837 4457 2934 4536 (ad
2971 4456 3379 4536 piscandum)
3407 4455 3603 4520 donec
3636 4461 3880 4523 vestiant

623 4554 783 4614 (sive
813 4557 934 4615 huc
982 4556 1309 4635 revertar),
1341 4558 1490 4636 quid
1518 4559 1599 4618 ad
1634 4561 1776 4618 te?»

706 4676 951 4755 Dialogi
989 4682 1124 4740 loco
1187 4680 1375 4740 citato
1412 4680 1474 4740 in
1519 4681 1910 4742 Bibliotheca
1949 4685 2196 4741 Patrum
2231 4678 2506 4741 Cmsario
2540 4679 2943 4745 tribuuntur,
3001 4693 3181 4757 «quo
3221 4688 3508 4759 tempore
3541 4699 3572 4743 a
3610 4681 3878 4745 secretis

625 4783 780 4848 erat,
814 4782 875 4836 et
899 4775 1454 4852 Constantinopoli
1492 4778 1729 4838 docens
1773 4777 2001 4856 viginti
2030 4790 2233 4836 annos
2266 4772 2800 4845 commorabatur.
2831 4795 2856 4823 »
2887 4771 2952 4829 In
3000 4768 3272 4832 bomilia
3297 4774 3389 4834 sic
3423 4771 3664 4852 legitur
3694 4797 3709 4835 :
3737 4787 3874 4840 Km-

627 4884 809 4949 σάριος
843 4881 1136 4952 ἐρωτηθεὶς
1160 4883 1215 4933 ἐν
1246 4882 1818 4940 Κωνσταντινουπόλει
1859 4884 1948 4935 ἐπὶ
1989 4881 2209 4949 σ·.›κρὲτ‹

2295 4877 2601 4943 (σεκρέτου)
2643 4877 2772 4945 περὶ
2801 4877 3014 4942 τούτου,
3051 4872 3366 4933 Casarius
3440 4874 3877 4951 interrogatus

623 4970 692 5031 de
717 4973 827 5032 hoc
857 4972 1156 5047 privatim
1189 4981 1245 5028 et
1275 4971 1703 5048 familiariter,
1726 4969 2075 5048 respondit.
2103 4971 2205 5028 Vm

2295 4987 2304 5026 5
2341 4965 2466 5031 illa}
2503 4977 2870 5045 ὲπισικρξτου,
2904 4987 3019 5036 seu
3059 4981 3446 5049 ἑπισεκρέτου,
3478 4972 3877 5050 conjunctiin

624 5076 917 5144 sumptae,
943 5067 1490 5139 secretarium,vel
1527 5087 1562 5126 a
1607 5069 1860 5127 secretis
1899 5067 2259 5143 signiﬁcant
2301 5075 2403 5127 :at
2433 5078 2651 5130 nostro
2686 5072 2745 5130 ii
2799 5069 3021 5134 codice
3048 5071 3426 5150 disjunctim
3475 5069 3875 5138 scribuntur,

623 5182 691 5224 ac
727 5163 1087 5240 signiﬁcant
1137 5172 1401 5235 secreto,
1437 5181 1548 5223 seu
1574 5163 1902 5241 privatim,
1937 5173 1996 5222 et
2036 5165 2462 5241 familiariter,
2491 5166 2834 5228 scitissime
2888 5169 3234 5229 adnotante
3297 5169 3486 5228 Petro
3542 5165 3878 5228 Lambecio

627 5260 789 5320 libro
824 5278 910 5330 tv,
949 5279 1088 5337 pag.
1122 5261 1221 5328 37,
1260 5260 1367 5319 ubi
1406 5269 1651 5326 uetera,
1687 5278 1828 5335 quae
1867 5271 2254 5338 sequuntur,
2311 5261 2498 5321 verba
2530 5264 2836 5341 corrigit:
2871 5281 2940 5324 ac
2968 5281 3134 5340 Opus
3184 5263 3374 5335 illud,
3411 5261 3608 5324 veluti
3648 5259 3881 5342 ganni-

625 5375 775 5418 num
818 5358 1068 5418 Ctesarii
1100 5357 1322 5426 fetum,
1352 5355 1546 5416 multa
1573 5356 2257 5417 vindicateruditione.

700 5458 797 5517 51.
834 5460 928 5516 An
975 5471 1124 5516 vero
1189 5457 1317 5515 haec
1352 5456 1874 5532 'I‘heOphylactus
1915 5456 2371 5516 Commentario
2415 5472 2536 5517 suo
2565 5458 2628 5517 in
2659 5459 2964 5517 Joannem
2995 5458 3276 5518 secunda
3304 5473 3495 5517 manu
3530 5456 3875 5528 addiderit,

623 5566 1022 5630 suorumque
1045 5553 1660 5614 Commentariorum
1705 5553 1768 5613 in
1813 5554 2150 5632 Evangelia
2194 5567 2401 5632 partes
2436 5557 2600 5629 illas,
2647 5556 2707 5616 in
2745 5558 2985 5636 quibus
3015 5558 3223 5634 agitur
3262 5557 3340 5617 de
3399 5557 3875 5619 resurrectione

622 5647 906 5714 Domini,
938 5650 1003 5708 in
1040 5651 1338 5709 undecim
1391 5650 1721 5724 praedictas
1784 5649 2082 5712 homilias
2120 5653 2479 5731 redegerit?
2507 5655 2752 5712 Pronus
2787 5652 2957 5712 feror
2991 5661 3055 5713 ut
3083 5653 3401 5730 judicem,
3449 5652 3874 5729 posteriorem

619 5743 990 5824 quempiam
1024 5746 1313 5808 Graecum
1371 5754 1503 5807 tum
1540 5749 1850 5808 ﬂomilias
1886 5749 1949 5808 in
1971 5748 2256 5810 undecim
2295 5751 2611 5829 evangelia
2648 5752 2958 5810 matutina
2995 5751 3504 5812 Resurrectionis
3545 5767 3627 5820 ex
3661 5751 3876 5814 ’Πιθορ

620 5837 900 5921 phylacti
959 5841 1453 5905 Commentariis
1510 5846 2018 5924 transcripsisse,
2069 5858 2199 5909 tum
2253 5861 2634 5927 postremam
2674 5849 3010 5912 invectain
3049 5850 3340 5927 ejusdem
3393 5848 3861 5928 Theophvlacti
