  <div class='ocr_page' id='page_1' title='image "/cluster/home/n/w/nwhite01/storage/ocr_20150623/123/uva.x004884189/069.png"; bbox 0 0 4006 6478; ppageno 0'>
   <div class='ocr_carea' id='block_1_1' title="bbox 598 408 3856 484">
    <p class='ocr_par' dir='ltr' id='par_1_1' title="bbox 598 408 3856 484">
     <span class='ocr_line' id='line_1_1' title="bbox 598 408 3856 484; baseline -0.004 0"><span class='ocrx_word' id='word_1_1' title='bbox 598 420 671 484; x_wconf 72' lang='lat'><strong>5&#39;5</strong></span> <span class='ocrx_word' id='word_1_2' title='bbox 1426 414 1647 475; x_wconf 79' lang='lat' dir='ltr'><strong>BERN.</strong></span> <span class='ocrx_word' id='word_1_3' title='bbox 1692 412 1959 476; x_wconf 66' lang='lat' dir='ltr'><strong>MARI/E</strong></span> <span class='ocrx_word' id='word_1_4' title='bbox 2003 412 2100 474; x_wconf 81' lang='lat' dir='ltr'><strong>DE</strong></span> <span class='ocrx_word' id='word_1_5' title='bbox 2145 411 2428 474; x_wconf 82' lang='lat' dir='ltr'><strong>RUBEIS</strong></span> <span class='ocrx_word' id='word_1_6' title='bbox 2472 410 2981 473; x_wconf 78' lang='lat' dir='ltr'><strong>DISSERTATIO</strong></span> <span class='ocrx_word' id='word_1_7' title='bbox 3791 408 3856 471; x_wconf 79' lang='lat'><strong>56</strong></span> 
     </span>
    </p>
   </div>
   <div class='ocr_carea' id='block_1_2' title="bbox 598 514 3853 603">
    <p class='ocr_par' dir='ltr' id='par_1_2' title="bbox 598 514 3853 603">
     <span class='ocr_line' id='line_1_2' title="bbox 598 514 3853 603; baseline -0.004 -12"><span class='ocrx_word' id='word_1_8' title='bbox 598 540 705 594; x_wconf 89' lang='lat' dir='ltr'><strong>tus</strong></span> <span class='ocrx_word' id='word_1_9' title='bbox 741 528 895 592; x_wconf 89' lang='lat' dir='ltr'><strong>satis</strong></span> <span class='ocrx_word' id='word_1_10' title='bbox 922 524 1274 603; x_wconf 76' lang='lat' dir='ltr'><strong>multisque</strong></span> <span class='ocrx_word' id='word_1_11' title='bbox 1306 537 1383 584; x_wconf 91' lang='lat' dir='ltr'><strong>eo</strong></span> <span class='ocrx_word' id='word_1_12' title='bbox 1413 526 1795 601; x_wconf 84' lang='lat' dir='ltr'><strong>argumento</strong></span> <span class='ocrx_word' id='word_1_13' title='bbox 1823 519 2151 598; x_wconf 85' lang='lat' dir='ltr'><strong>productis</strong></span> <span class='ocrx_word' id='word_1_14' title='bbox 2192 519 2450 599; x_wconf 78' lang='lat' dir='ltr'><strong>gravior</strong></span> <span class='ocrx_word' id='word_1_15' title='bbox 2490 524 2926 599; x_wconf 77' lang='lat' dir='ltr'><strong>undequaque</strong></span> <span class='ocrx_word' id='word_1_16' title='bbox 2955 520 3256 578; x_wconf 87' lang='lat' dir='ltr'><strong>tractatus</strong></span> <span class='ocrx_word' id='word_1_17' title='bbox 3290 514 3380 597; x_wconf 88' lang='lat' dir='ltr'><strong>(in</strong></span> <span class='ocrx_word' id='word_1_18' title='bbox 3399 517 3853 579; x_wconf 78' lang='lat' dir='ltr'><strong>Prcesentatio-</strong></span> 
     </span>
    </p>
   </div>
   <div class='ocr_carea' id='block_1_3' title="bbox 596 612 3848 702">
    <p class='ocr_par' dir='ltr' id='par_1_3' title="bbox 596 612 3848 702">
     <span class='ocr_line' id='line_1_3' title="bbox 596 612 3848 702; baseline -0.005 -13"><span class='ocrx_word' id='word_1_19' title='bbox 596 646 733 689; x_wconf 85' lang='lat' dir='ltr'><strong>nem</strong></span> <span class='ocrx_word' id='word_1_20' title='bbox 768 624 1044 701; x_wconf 68' lang='lat' dir='ltr'><strong>Virginis</strong></span> <span class='ocrx_word' id='word_1_21' title='bbox 1075 623 1361 702; x_wconf 81' lang='lat' dir='ltr'><strong>Deiparce</strong></span> <span class='ocrx_word' id='word_1_22' title='bbox 1382 620 1451 681; x_wconf 89' lang='lat' dir='ltr'><strong>in</strong></span> <span class='ocrx_word' id='word_1_23' title='bbox 1469 618 1744 697; x_wconf 84' lang='lat' dir='ltr'><strong>templo),</strong></span> <span class='ocrx_word' id='word_1_24' title='bbox 1781 617 2100 695; x_wconf 90' lang='lat' dir='ltr'><strong>libuitque</strong></span> <span class='ocrx_word' id='word_1_25' title='bbox 2161 617 2257 677; x_wconf 91' lang='lat' dir='ltr'><strong>vel</strong></span> <span class='ocrx_word' id='word_1_26' title='bbox 2298 634 2410 694; x_wconf 88' lang='lat' dir='ltr'><strong>per</strong></span> <span class='ocrx_word' id='word_1_27' title='bbox 2454 615 2856 688; x_wconf 79' lang='lat' dir='ltr'><strong>mantissam,</strong></span> <span class='ocrx_word' id='word_1_28' title='bbox 2891 612 3184 675; x_wconf 90' lang='lat' dir='ltr'><strong>omnium</strong></span> <span class='ocrx_word' id='word_1_29' title='bbox 3235 613 3531 690; x_wconf 81' lang='lat' dir='ltr'><strong>cumulo,</strong></span> <span class='ocrx_word' id='word_1_30' title='bbox 3579 612 3848 694; x_wconf 79' lang='lat' dir='ltr'><strong>jamque</strong></span> 
     </span>
    </p>
   </div>
   <div class='ocr_carea' id='block_1_4' title="bbox 596 709 3075 795">
    <p class='ocr_par' dir='ltr' id='par_1_4' title="bbox 596 709 3075 795">
     <span class='ocr_line' id='line_1_4' title="bbox 596 709 3075 795; baseline -0.006 -10"><span class='ocrx_word' id='word_1_31' title='bbox 596 722 673 785; x_wconf 90' lang='lat' dir='ltr'><strong>ad</strong></span> <span class='ocrx_word' id='word_1_32' title='bbox 706 720 1087 783; x_wconf 83' lang='lat' dir='ltr'><strong>umbilicum</strong></span> <span class='ocrx_word' id='word_1_33' title='bbox 1122 717 1423 795; x_wconf 87' lang='lat' dir='ltr'><strong>perducta</strong></span> <span class='ocrx_word' id='word_1_34' title='bbox 1453 714 1848 777; x_wconf 75' lang='lat' dir='ltr'><strong>Bibliotheca</strong></span> <span class='ocrx_word' id='word_1_35' title='bbox 1880 729 2015 774; x_wconf 90' lang='lat' dir='ltr'><strong>mea</strong></span> <span class='ocrx_word' id='word_1_36' title='bbox 2047 710 2555 789; x_wconf 58' lang='lat' dir='ltr'><strong>concionatorial,</strong></span> <span class='ocrx_word' id='word_1_37' title='bbox 2589 709 2695 771; x_wconf 88' lang='lat' dir='ltr'><strong>hic</strong></span> <span class='ocrx_word' id='word_1_38' title='bbox 2728 709 3023 771; x_wconf 81' lang='lat' dir='ltr'><strong>reddere.</strong></span> <span class='ocrx_word' id='word_1_39' title='bbox 3048 732 3075 763; x_wconf 75' lang='grc' dir='ltr'><strong><em>ι</em></strong></span> 
     </span>
    </p>
   </div>
   <div class='ocr_carea' id='block_1_5' title="bbox 675 804 3847 890">
    <p class='ocr_par' dir='ltr' id='par_1_5' title="bbox 675 804 3847 890">
     <span class='ocr_line' id='line_1_5' title="bbox 675 804 3847 890; baseline -0.005 -9"><span class='ocrx_word' id='word_1_40' title='bbox 675 818 777 881; x_wconf 82' lang='grc'><strong>53.</strong></span> <span class='ocrx_word' id='word_1_41' title='bbox 813 816 945 879; x_wconf 91' lang='lat' dir='ltr'><strong>Sub</strong></span> <span class='ocrx_word' id='word_1_42' title='bbox 990 811 1453 890; x_wconf 82' lang='lat' dir='ltr'><strong>archiepiscOpi</strong></span> <span class='ocrx_word' id='word_1_43' title='bbox 1523 809 1967 890; x_wconf 76' lang='lat' dir='ltr'><strong>Theophylacti</strong></span> <span class='ocrx_word' id='word_1_44' title='bbox 2026 805 2290 870; x_wconf 86' lang='lat' dir='ltr'><strong>nomine</strong></span> <span class='ocrx_word' id='word_1_45' title='bbox 2338 814 2544 869; x_wconf 88' lang='lat' dir='ltr'><strong>exstat</strong></span> <span class='ocrx_word' id='word_1_46' title='bbox 2584 808 2650 869; x_wconf 93' lang='lat' dir='ltr'><strong>in</strong></span> <span class='ocrx_word' id='word_1_47' title='bbox 2710 806 3104 870; x_wconf 76' lang='lat' dir='ltr'><strong>bibliotheca</strong></span> <span class='ocrx_word' id='word_1_48' title='bbox 3171 804 3847 870; x_wconf 62' lang='lat' dir='ltr'><strong>Caesareo-Vindobo-</strong></span> 
     </span>
    </p>
   </div>
   <div class='ocr_carea' id='block_1_6' title="bbox 602 901 2184 988">
    <p class='ocr_par' dir='ltr' id='par_1_6' title="bbox 602 904 2184 988">
     <span class='ocr_line' id='line_1_6' title="bbox 602 904 2184 988; baseline -0.009 -12"><span class='ocrx_word' id='word_1_49' title='bbox 602 913 788 976; x_wconf 90' lang='lat' dir='ltr'><strong>nensi</strong></span> <span class='ocrx_word' id='word_1_50' title='bbox 824 910 993 988; x_wconf 86' lang='lat' dir='ltr'><strong>apud</strong></span> <span class='ocrx_word' id='word_1_51' title='bbox 1024 908 1431 971; x_wconf 90' lang='lat' dir='ltr'><strong>Lambecium</strong></span> <span class='ocrx_word' id='word_1_52' title='bbox 1467 906 1633 969; x_wconf 94' lang='lat' dir='ltr'><strong>libro</strong></span> <span class='ocrx_word' id='word_1_53' title='bbox 1663 907 1804 980; x_wconf 89' lang='lat' dir='ltr'><strong>v,in</strong></span> <span class='ocrx_word' id='word_1_54' title='bbox 1836 905 2056 967; x_wconf 88' lang='lat' dir='ltr'><strong>codice</strong></span> <span class='ocrx_word' id='word_1_55' title='bbox 2083 904 2184 965; x_wconf 68' lang='lat'><strong>2-24</strong></span> 
     </span>
    </p>
   </div>
   <div class='ocr_carea' id='block_1_7' title="bbox 2267 901 3849 988">
    <p class='ocr_par' dir='ltr' id='par_1_7' title="bbox 2267 906 3849 984">
     <span class='ocr_line' id='line_1_7' title="bbox 2267 906 3849 984; baseline 0.001 -21"><span class='ocrx_word' id='word_1_56' title='bbox 2267 911 2571 984; x_wconf 65' lang='grc' dir='ltr'><strong>[Ιροσλαλιᾶ</strong></span> <span class='ocrx_word' id='word_1_57' title='bbox 2599 911 2709 965; x_wconf 77' lang='grc' dir='ltr'><strong>τινὶ</strong></span> <span class='ocrx_word' id='word_1_58' title='bbox 2730 910 2838 965; x_wconf 79' lang='grc' dir='ltr'><strong>τῶν</strong></span> <span class='ocrx_word' id='word_1_59' title='bbox 2865 910 3032 966; x_wconf 76' lang='grc' dir='ltr'>αὑτοῦ</span> <span class='ocrx_word' id='word_1_60' title='bbox 3084 911 3350 982; x_wconf 70' lang='grc' dir='ltr'><strong>ὀμιλιτῶν</strong></span> <span class='ocrx_word' id='word_1_61' title='bbox 3404 911 3535 983; x_wconf 75' lang='grc' dir='ltr'><strong>περὶ</strong></span> <span class='ocrx_word' id='word_1_62' title='bbox 3564 906 3647 966; x_wconf 81' lang='grc' dir='ltr'>ὧν</span> <span class='ocrx_word' id='word_1_63' title='bbox 3684 914 3849 979; x_wconf 67' lang='grc' dir='ltr'><strong>ἔγκει-</strong></span> 
     </span>
    </p>
   </div>
   <div class='ocr_carea' id='block_1_8' title="bbox 595 997 3849 1083">
    <p class='ocr_par' dir='ltr' id='par_1_8' title="bbox 595 997 3849 1083">
     <span class='ocr_line' id='line_1_8' title="bbox 595 997 3849 1083; baseline -0.004 -12"><span class='ocrx_word' id='word_1_64' title='bbox 595 1018 813 1071; x_wconf 74' lang='grc' dir='ltr'>λουνται</span> <span class='ocrx_word' id='word_1_65' title='bbox 835 1014 1079 1075; x_wconf 78' lang='grc' dir='ltr'><strong>Λατίνοι,</strong></span> <span class='ocrx_word' id='word_1_66' title='bbox 1116 1005 1491 1067; x_wconf 68' lang='lat' dir='ltr'><strong>Dissertatio</strong></span> <span class='ocrx_word' id='word_1_67' title='bbox 1536 1003 1676 1083; x_wconf 85' lang='lat' dir='ltr'><strong>(seu</strong></span> <span class='ocrx_word' id='word_1_68' title='bbox 1709 999 2113 1082; x_wconf 80' lang='lat' dir='ltr'><strong>Alloquium)</strong></span> <span class='ocrx_word' id='word_1_69' title='bbox 2155 999 2238 1059; x_wconf 87' lang='lat' dir='ltr'><strong>ad</strong></span> <span class='ocrx_word' id='word_1_70' title='bbox 2267 998 2589 1080; x_wconf 79' lang='lat' dir='ltr'><strong>quemdam</strong></span> <span class='ocrx_word' id='word_1_71' title='bbox 2619 1016 2882 1060; x_wconf 87' lang='lat' dir='ltr'><strong>suorum</strong></span> <span class='ocrx_word' id='word_1_72' title='bbox 2916 1000 3341 1078; x_wconf 72' lang='lat' dir='ltr'><strong>familiarium</strong></span> <span class='ocrx_word' id='word_1_73' title='bbox 3373 1000 3447 1061; x_wconf 90' lang='lat' dir='ltr'><strong>de</strong></span> <span class='ocrx_word' id='word_1_74' title='bbox 3466 1001 3549 1062; x_wconf 89' lang='lat' dir='ltr'><strong>iis</strong></span> <span class='ocrx_word' id='word_1_75' title='bbox 3574 997 3849 1061; x_wconf 85' lang='lat' dir='ltr'><strong>rebusob</strong></span> 
     </span>
    </p>
   </div>
   <div class='ocr_carea' id='block_1_9' title="bbox 594 1093 3848 1183">
    <p class='ocr_par' dir='ltr' id='par_1_9' title="bbox 594 1093 3848 1183">
     <span class='ocr_line' id='line_1_9' title="bbox 594 1093 3848 1183; baseline -0.004 -18"><span class='ocrx_word' id='word_1_76' title='bbox 594 1122 745 1183; x_wconf 86' lang='lat' dir='ltr'><strong>quas</strong></span> <span class='ocrx_word' id='word_1_77' title='bbox 776 1102 990 1163; x_wconf 79' lang='lat' dir='ltr'><strong>Latini</strong></span> <span class='ocrx_word' id='word_1_78' title='bbox 1018 1101 1316 1162; x_wconf 79' lang='lat' dir='ltr'><strong>aGmcis</strong></span> <span class='ocrx_word' id='word_1_79' title='bbox 1372 1096 1941 1178; x_wconf 80' lang='lat' dir='ltr'><strong>reprehendantur.</strong></span> <span class='ocrx_word' id='word_1_80' title='bbox 1988 1118 2017 1151; x_wconf 75' lang='grc' dir='ltr'>ι</span> <span class='ocrx_word' id='word_1_81' title='bbox 2052 1094 2376 1168; x_wconf 85' lang='lat' dir='ltr'><strong>Meminit,</strong></span> <span class='ocrx_word' id='word_1_82' title='bbox 2422 1094 2637 1172; x_wconf 90' lang='lat' dir='ltr'><strong>inquit</strong></span> <span class='ocrx_word' id='word_1_83' title='bbox 2678 1093 3085 1168; x_wconf 76' lang='lat' dir='ltr'><strong>Lambecius,</strong></span> <span class='ocrx_word' id='word_1_84' title='bbox 3116 1094 3314 1175; x_wconf 86' lang='lat' dir='ltr'><strong>hujus</strong></span> <span class='ocrx_word' id='word_1_85' title='bbox 3351 1095 3848 1157; x_wconf 86' lang='lat' dir='ltr'><strong>Dissertationis</strong></span> 
     </span>
    </p>
   </div>
   <div class='ocr_carea' id='block_1_10' title="bbox 599 1189 3848 1269">
    <p class='ocr_par' dir='ltr' id='par_1_10' title="bbox 599 1189 3848 1269">
     <span class='ocr_line' id='line_1_10' title="bbox 599 1189 3848 1269; baseline -0.003 -8"><span class='ocrx_word' id='word_1_86' title='bbox 599 1202 725 1263; x_wconf 89' lang='lat' dir='ltr'><strong>Leo</strong></span> <span class='ocrx_word' id='word_1_87' title='bbox 744 1198 1018 1261; x_wconf 84' lang='lat' dir='ltr'><strong>Allatius</strong></span> <span class='ocrx_word' id='word_1_88' title='bbox 1040 1197 1205 1258; x_wconf 94' lang='lat' dir='ltr'><strong>libro</strong></span> <span class='ocrx_word' id='word_1_89' title='bbox 1228 1215 1273 1256; x_wconf 84' lang='grc' dir='ltr'><strong>ιι</strong></span> <span class='ocrx_word' id='word_1_90' title='bbox 1290 1196 1371 1255; x_wconf 90' lang='lat' dir='ltr'><strong>De</strong></span> <span class='ocrx_word' id='word_1_91' title='bbox 1396 1194 1694 1256; x_wconf 72' lang='lat' dir='ltr'><strong>Ecclesia:</strong></span> <span class='ocrx_word' id='word_1_92' title='bbox 1711 1189 2135 1255; x_wconf 86' lang='lat' dir='ltr'><strong>Occidentalis</strong></span> <span class='ocrx_word' id='word_1_93' title='bbox 2152 1200 2208 1252; x_wconf 91' lang='lat' dir='ltr'><strong>et</strong></span> <span class='ocrx_word' id='word_1_94' title='bbox 2223 1190 2572 1252; x_wconf 75' lang='lat' dir='ltr'><strong>Orientalis</strong></span> <span class='ocrx_word' id='word_1_95' title='bbox 2592 1200 2923 1269; x_wconf 85' lang='lat' dir='ltr'><strong>perpetua</strong></span> <span class='ocrx_word' id='word_1_96' title='bbox 2945 1191 3383 1262; x_wconf 74' lang='lat' dir='ltr'><strong>consensione,</strong></span> <span class='ocrx_word' id='word_1_97' title='bbox 3402 1191 3613 1269; x_wconf 77' lang='lat' dir='ltr'><strong>capite</strong></span> <span class='ocrx_word' id='word_1_98' title='bbox 3632 1194 3729 1264; x_wconf 80' lang='lat'><strong>10,</strong></span> <span class='ocrx_word' id='word_1_99' title='bbox 3748 1192 3848 1267; x_wconf 62' lang='grc' dir='ltr'><strong>εἰ.</strong></span> 
     </span>
    </p>
   </div>
   <div class='ocr_carea' id='block_1_11' title="bbox 594 1285 3850 1369">
    <p class='ocr_par' dir='ltr' id='par_1_11' title="bbox 594 1285 3850 1369">
     <span class='ocr_line' id='line_1_11' title="bbox 594 1285 3850 1369; baseline -0.003 -12"><span class='ocrx_word' id='word_1_100' title='bbox 594 1295 695 1357; x_wconf 91' lang='lat' dir='ltr'><strong>his</strong></span> <span class='ocrx_word' id='word_1_101' title='bbox 742 1294 955 1355; x_wconf 80' lang='lat' dir='ltr'><strong>verbis</strong></span> <span class='ocrx_word' id='word_1_102' title='bbox 990 1310 1005 1353; x_wconf 89' lang='lat'><strong>:</strong></span> <span class='ocrx_word' id='word_1_103' title='bbox 1044 1289 1542 1369; x_wconf 80' lang='lat' dir='ltr'><strong>Theophylactus</strong></span> <span class='ocrx_word' id='word_1_104' title='bbox 1586 1289 1903 1366; x_wconf 76' lang='lat' dir='ltr'><strong>Bulgarim</strong></span> <span class='ocrx_word' id='word_1_105' title='bbox 1941 1287 2467 1366; x_wconf 84' lang='lat' dir='ltr'><strong>archiepisc0pus</strong></span> <span class='ocrx_word' id='word_1_106' title='bbox 2621 1286 2882 1364; x_wconf 89' lang='lat' dir='ltr'><strong>scripsit</strong></span> <span class='ocrx_word' id='word_1_107' title='bbox 2908 1285 2991 1346; x_wconf 90' lang='lat' dir='ltr'><strong>ad</strong></span> <span class='ocrx_word' id='word_1_108' title='bbox 3026 1286 3359 1347; x_wconf 78' lang='lat' dir='ltr'><strong>Nicolaum</strong></span> <span class='ocrx_word' id='word_1_109' title='bbox 3416 1285 3755 1346; x_wconf 85' lang='lat' dir='ltr'><strong>diaconum</strong></span> <span class='ocrx_word' id='word_1_110' title='bbox 3793 1300 3850 1347; x_wconf 88' lang='lat' dir='ltr'><strong>et</strong></span> 
     </span>
    </p>
   </div>
   <div class='ocr_carea' id='block_1_12' title="bbox 592 1380 3839 1467">
    <p class='ocr_par' dir='ltr' id='par_1_12' title="bbox 592 1380 3839 1467">
     <span class='ocr_line' id='line_1_12' title="bbox 592 1380 3839 1467; baseline -0.002 -16"><span class='ocrx_word' id='word_1_111' title='bbox 592 1400 1007 1456; x_wconf 84' lang='lat' dir='ltr'><strong>castrensem.</strong></span> <span class='ocrx_word' id='word_1_112' title='bbox 1067 1387 1179 1467; x_wconf 92' lang='lat' dir='ltr'><strong>qui</strong></span> <span class='ocrx_word' id='word_1_113' title='bbox 1239 1393 1457 1465; x_wconf 90' lang='lat' dir='ltr'><strong>postea</strong></span> <span class='ocrx_word' id='word_1_114' title='bbox 1504 1383 1628 1447; x_wconf 78' lang='lat' dir='ltr'><strong>fuit</strong></span> <span class='ocrx_word' id='word_1_115' title='bbox 1683 1385 2032 1447; x_wconf 69' lang='lat' dir='ltr'><strong>Melesobaa</strong></span> <span class='ocrx_word' id='word_1_116' title='bbox 2074 1383 2444 1460; x_wconf 90' lang='lat' dir='ltr'><strong>episcopus,</strong></span> <span class='ocrx_word' id='word_1_117' title='bbox 2506 1383 2872 1443; x_wconf 86' lang='lat' dir='ltr'><strong>Tractatum</strong></span> <span class='ocrx_word' id='word_1_118' title='bbox 2933 1381 3007 1443; x_wconf 90' lang='lat' dir='ltr'><strong>de</strong></span> <span class='ocrx_word' id='word_1_119' title='bbox 3069 1380 3395 1443; x_wconf 78' lang='lat' dir='ltr'><strong>erroribus</strong></span> <span class='ocrx_word' id='word_1_120' title='bbox 3436 1381 3839 1443; x_wconf 83' lang='lat' dir='ltr'><strong>Latinorum.</strong></span> 
     </span>
    </p>
   </div>
   <div class='ocr_carea' id='block_1_13' title="bbox 594 1476 3843 1564">
    <p class='ocr_par' dir='ltr' id='par_1_13' title="bbox 594 1476 3843 1564">
     <span class='ocr_line' id='line_1_13' title="bbox 594 1476 3843 1564; baseline -0.002 -17"><span class='ocrx_word' id='word_1_121' title='bbox 594 1486 898 1564; x_wconf 82' lang='lat' dir='ltr'><strong>Ejusdem</strong></span> <span class='ocrx_word' id='word_1_122' title='bbox 931 1481 1575 1562; x_wconf 77' lang='lat' dir='ltr'><strong>Colloquium[XXV]</strong></span> <span class='ocrx_word' id='word_1_123' title='bbox 1600 1487 1804 1541; x_wconf 86' lang='lat' dir='ltr'><strong>exstat</strong></span> <span class='ocrx_word' id='word_1_124' title='bbox 1836 1479 1909 1540; x_wconf 91' lang='lat' dir='ltr'><strong>de</strong></span> <span class='ocrx_word' id='word_1_125' title='bbox 1940 1476 2449 1540; x_wconf 82' lang='lat' dir='ltr'><strong>accusationibus</strong></span> <span class='ocrx_word' id='word_1_126' title='bbox 2478 1476 2848 1538; x_wconf 83' lang='lat' dir='ltr'><strong>Latinorum</strong></span> <span class='ocrx_word' id='word_1_127' title='bbox 2874 1477 2939 1539; x_wconf 89' lang='lat' dir='ltr'><strong>in</strong></span> <span class='ocrx_word' id='word_1_128' title='bbox 2970 1477 3361 1540; x_wconf 89' lang='lat' dir='ltr'><strong>bibliotheca</strong></span> <span class='ocrx_word' id='word_1_129' title='bbox 3385 1478 3687 1540; x_wconf 82' lang='lat' dir='ltr'><strong>Bavarica</strong></span> <span class='ocrx_word' id='word_1_130' title='bbox 3714 1525 3728 1538; x_wconf 95' lang='lat'><strong>.</strong></span> <span class='ocrx_word' id='word_1_131' title='bbox 3770 1525 3784 1539; x_wconf 94' lang='lat'><strong>.</strong></span> <span class='ocrx_word' id='word_1_132' title='bbox 3827 1524 3843 1540; x_wconf 94' lang='lat'><strong>.</strong></span> 
     </span>
    </p>
   </div>
   <div class='ocr_carea' id='block_1_14' title="bbox 593 1573 3845 1665">
    <p class='ocr_par' dir='ltr' id='par_1_14' title="bbox 593 1573 3845 1665">
     <span class='ocr_line' id='line_1_14' title="bbox 593 1573 3845 1665; baseline -0.002 -22"><span class='ocrx_word' id='word_1_133' title='bbox 593 1584 689 1643; x_wconf 82' lang='lat' dir='ltr'><strong>An</strong></span> <span class='ocrx_word' id='word_1_134' title='bbox 746 1579 924 1642; x_wconf 87' lang='lat' dir='ltr'><strong>aliud</strong></span> <span class='ocrx_word' id='word_1_135' title='bbox 968 1578 1053 1641; x_wconf 90' lang='lat' dir='ltr'><strong>sit</strong></span> <span class='ocrx_word' id='word_1_136' title='bbox 1080 1577 1159 1641; x_wconf 89' lang='lat' dir='ltr'><strong>ab</strong></span> <span class='ocrx_word' id='word_1_137' title='bbox 1199 1595 1301 1651; x_wconf 91' lang='lat' dir='ltr'><strong>eo,</strong></span> <span class='ocrx_word' id='word_1_138' title='bbox 1342 1594 1537 1657; x_wconf 87' lang='lat' dir='ltr'><strong>quem</strong></span> <span class='ocrx_word' id='word_1_139' title='bbox 1567 1574 1649 1637; x_wconf 88' lang='lat' dir='ltr'><strong>ad</strong></span> <span class='ocrx_word' id='word_1_140' title='bbox 1692 1574 2027 1639; x_wconf 72' lang='lat' dir='ltr'><strong>Nicolaum</strong></span> <span class='ocrx_word' id='word_1_141' title='bbox 2078 1573 2339 1652; x_wconf 85' lang='lat' dir='ltr'><strong>scripsit</strong></span> <span class='ocrx_word' id='word_1_142' title='bbox 2393 1580 2731 1665; x_wconf 79' lang='lat' dir='ltr'><strong>tractatum</strong></span> <span class='ocrx_word' id='word_1_143' title='bbox 2791 1574 3141 1653; x_wconf 82' lang='lat' dir='ltr'><strong>expedient</strong></span> <span class='ocrx_word' id='word_1_144' title='bbox 3174 1573 3361 1637; x_wconf 84' lang='lat' dir='ltr'><strong>illius</strong></span> <span class='ocrx_word' id='word_1_145' title='bbox 3425 1574 3845 1637; x_wconf 60' lang='lat' dir='ltr'><strong>bibliothecas</strong></span> 
     </span>
    </p>
   </div>
   <div class='ocr_carea' id='block_1_15' title="bbox 590 1689 1001 1739">
    <p class='ocr_par' dir='ltr' id='par_1_15' title="bbox 590 1689 1001 1739">
     <span class='ocr_line' id='line_1_15' title="bbox 590 1689 1001 1739; baseline -0.022 0"><span class='ocrx_word' id='word_1_146' title='bbox 590 1689 943 1739; x_wconf 68' lang='lat' dir='ltr'><strong>CIIFMOI‘CS.</strong></span> <span class='ocrx_word' id='word_1_147' title='bbox 973 1698 1001 1730; x_wconf 71' lang='grc' dir='ltr'><strong><em>ι</em></strong></span> 
     </span>
    </p>
   </div>
   <div class='ocr_carea' id='block_1_16' title="bbox 670 1769 3836 1853">
    <p class='ocr_par' dir='ltr' id='par_1_16' title="bbox 670 1769 3836 1853">
     <span class='ocr_line' id='line_1_16' title="bbox 670 1769 3836 1853; baseline -0.001 -18"><span class='ocrx_word' id='word_1_148' title='bbox 670 1774 976 1853; x_wconf 74' lang='grc' dir='ltr'><strong>Ερὶειοῑω</strong></span> <span class='ocrx_word' id='word_1_149' title='bbox 1003 1772 1085 1834; x_wconf 91' lang='lat' dir='ltr'><strong>ad</strong></span> <span class='ocrx_word' id='word_1_150' title='bbox 1115 1771 1446 1835; x_wconf 85' lang='lat' dir='ltr'><strong>Nicolaum</strong></span> <span class='ocrx_word' id='word_1_151' title='bbox 1476 1770 1810 1833; x_wconf 84' lang='lat' dir='ltr'><strong>diaconum</strong></span> <span class='ocrx_word' id='word_1_152' title='bbox 1844 1769 2195 1850; x_wconf 82' lang='lat' dir='ltr'><strong>fragmenta</strong></span> <span class='ocrx_word' id='word_1_153' title='bbox 2230 1769 2543 1831; x_wconf 91' lang='lat' dir='ltr'><strong>nonnulla</strong></span> <span class='ocrx_word' id='word_1_154' title='bbox 2596 1770 2788 1832; x_wconf 83' lang='lat' dir='ltr'><strong>refert</strong></span> <span class='ocrx_word' id='word_1_155' title='bbox 2820 1770 3185 1833; x_wconf 88' lang='lat' dir='ltr'><strong>Demetrius</strong></span> <span class='ocrx_word' id='word_1_156' title='bbox 3244 1776 3709 1846; x_wconf 77' lang='lat' dir='ltr'><strong>L&#39;homatenus,</strong></span> <span class='ocrx_word' id='word_1_157' title='bbox 3741 1787 3836 1834; x_wconf 51' lang='lat' dir='ltr'><strong>ar-</strong></span> 
     </span>
    </p>
   </div>
   <div class='ocr_carea' id='block_1_17' title="bbox 593 1865 3849 1947">
    <p class='ocr_par' dir='ltr' id='par_1_17' title="bbox 593 1865 3849 1947">
     <span class='ocr_line' id='line_1_17' title="bbox 593 1865 3849 1947; baseline -0.001 -16"><span class='ocrx_word' id='word_1_158' title='bbox 593 1868 1045 1947; x_wconf 60' lang='lat' dir='ltr'><strong>chiepiscotius</strong></span> <span class='ocrx_word' id='word_1_159' title='bbox 1081 1866 1415 1945; x_wconf 66' lang='lat' dir='ltr'><strong>Bulgariaa,</strong></span> <span class='ocrx_word' id='word_1_160' title='bbox 1441 1867 1504 1927; x_wconf 91' lang='lat' dir='ltr'><strong>in</strong></span> <span class='ocrx_word' id='word_1_161' title='bbox 1532 1865 1670 1928; x_wconf 87' lang='lat' dir='ltr'><strong>suis</strong></span> <span class='ocrx_word' id='word_1_162' title='bbox 1700 1866 2240 1946; x_wconf 85' lang='lat' dir='ltr'><strong>Responsionibus</strong></span> <span class='ocrx_word' id='word_1_163' title='bbox 2271 1865 2352 1927; x_wconf 88' lang='lat' dir='ltr'><strong>ad</strong></span> <span class='ocrx_word' id='word_1_164' title='bbox 2381 1867 2866 1929; x_wconf 85' lang='lat' dir='ltr'><strong>Constantinum</strong></span> <span class='ocrx_word' id='word_1_165' title='bbox 2890 1867 3269 1944; x_wconf 88' lang='lat' dir='ltr'><strong>Cabasilam,</strong></span> <span class='ocrx_word' id='word_1_166' title='bbox 3302 1867 3849 1947; x_wconf 79' lang='lat' dir='ltr'><strong>archiepiscon</strong></span> 
     </span>
    </p>
   </div>
   <div class='ocr_carea' id='block_1_18' title="bbox 591 1961 3841 2045">
    <p class='ocr_par' dir='ltr' id='par_1_18' title="bbox 591 1961 3841 2045">
     <span class='ocr_line' id='line_1_18' title="bbox 591 1961 3841 2045; baseline 0.001 -22"><span class='ocrx_word' id='word_1_167' title='bbox 591 1964 959 2041; x_wconf 84' lang='lat' dir='ltr'><strong>Dyrrachii,</strong></span> <span class='ocrx_word' id='word_1_168' title='bbox 994 1964 1163 2043; x_wconf 91' lang='lat' dir='ltr'><strong>apud</strong></span> <span class='ocrx_word' id='word_1_169' title='bbox 1200 1961 1659 2024; x_wconf 91' lang='lat' dir='ltr'><strong>Leunclavium</strong></span> <span class='ocrx_word' id='word_1_170' title='bbox 1708 1963 1774 2023; x_wconf 92' lang='lat' dir='ltr'><strong>in</strong></span> <span class='ocrx_word' id='word_1_171' title='bbox 1814 1964 1974 2023; x_wconf 79' lang='lat' dir='ltr'><strong>Iure</strong></span> <span class='ocrx_word' id='word_1_172' title='bbox 1998 1962 2213 2024; x_wconf 71' lang='grc' dir='ltr'><strong>σητσο</strong></span> <span class='ocrx_word' id='word_1_173' title='bbox 2242 1964 2545 2036; x_wconf 87' lang='lat' dir='ltr'><strong>Romano,</strong></span> <span class='ocrx_word' id='word_1_174' title='bbox 2616 1963 2781 2025; x_wconf 92' lang='lat' dir='ltr'><strong>libro</strong></span> <span class='ocrx_word' id='word_1_175' title='bbox 2842 1981 2902 2037; x_wconf 89' lang='lat' dir='ltr'><strong>v,</strong></span> <span class='ocrx_word' id='word_1_176' title='bbox 2935 1981 3076 2045; x_wconf 90' lang='lat' dir='ltr'><strong>pag.</strong></span> <span class='ocrx_word' id='word_1_177' title='bbox 3120 1962 3261 2025; x_wconf 89' lang='grc'><strong>318.</strong></span> <span class='ocrx_word' id='word_1_178' title='bbox 3304 1965 3455 2027; x_wconf 70' lang='grc' dir='ltr'><strong>Ηωο</strong></span> <span class='ocrx_word' id='word_1_179' title='bbox 3516 1980 3669 2028; x_wconf 89' lang='lat' dir='ltr'><strong>vero</strong></span> <span class='ocrx_word' id='word_1_180' title='bbox 3722 1964 3841 2028; x_wconf 79' lang='lat' dir='ltr'><strong>fra-</strong></span> 
     </span>
    </p>
   </div>
   <div class='ocr_carea' id='block_1_19' title="bbox 592 2057 3838 2140">
    <p class='ocr_par' dir='ltr' id='par_1_19' title="bbox 592 2057 3838 2140">
     <span class='ocr_line' id='line_1_19' title="bbox 592 2057 3838 2140; baseline 0.002 -21"><span class='ocrx_word' id='word_1_181' title='bbox 592 2070 850 2138; x_wconf 82' lang='lat' dir='ltr'><strong>gmenta</strong></span> <span class='ocrx_word' id='word_1_182' title='bbox 883 2060 1112 2119; x_wconf 89' lang='lat' dir='ltr'><strong>iisdem</strong></span> <span class='ocrx_word' id='word_1_183' title='bbox 1147 2075 1216 2118; x_wconf 88' lang='lat' dir='ltr'><strong>ac</strong></span> <span class='ocrx_word' id='word_1_184' title='bbox 1237 2057 1502 2118; x_wconf 89' lang='lat' dir='ltr'><strong>totidem</strong></span> <span class='ocrx_word' id='word_1_185' title='bbox 1529 2058 1739 2118; x_wconf 86' lang='lat' dir='ltr'><strong>verbis</strong></span> <span class='ocrx_word' id='word_1_186' title='bbox 1765 2058 1829 2118; x_wconf 92' lang='lat' dir='ltr'><strong>in</strong></span> <span class='ocrx_word' id='word_1_187' title='bbox 1864 2057 2159 2134; x_wconf 70' lang='lat' dir='ltr'><strong>prmdicta</strong></span> <span class='ocrx_word' id='word_1_188' title='bbox 2184 2060 2651 2122; x_wconf 88' lang='lat' dir='ltr'><strong>Dissertatione</strong></span> <span class='ocrx_word' id='word_1_189' title='bbox 2678 2060 3019 2122; x_wconf 87' lang='lat' dir='ltr'><strong>habentur.</strong></span> <span class='ocrx_word' id='word_1_190' title='bbox 3042 2064 3260 2124; x_wconf 72' lang='lat' dir='ltr'><strong>Grmce</strong></span> <span class='ocrx_word' id='word_1_191' title='bbox 3289 2061 3838 2140; x_wconf 74' lang='lat' dir='ltr'><strong>inscribiturnpos-</strong></span> 
     </span>
    </p>
   </div>
   <div class='ocr_carea' id='block_1_20' title="bbox 594 2152 3833 2235">
    <p class='ocr_par' dir='ltr' id='par_1_20' title="bbox 594 2152 3833 2235">
     <span class='ocr_line' id='line_1_20' title="bbox 594 2152 3833 2235; baseline 0.001 -20"><span class='ocrx_word' id='word_1_192' title='bbox 594 2162 775 2229; x_wconf 79' lang='grc' dir='ltr'><strong>λαλιὰ,</strong></span> <span class='ocrx_word' id='word_1_193' title='bbox 803 2154 1189 2234; x_wconf 82' lang='lat' dir='ltr'><strong>Alloquium,</strong></span> <span class='ocrx_word' id='word_1_194' title='bbox 1224 2170 1342 2215; x_wconf 85' lang='lat' dir='ltr'><strong>seu</strong></span> <span class='ocrx_word' id='word_1_195' title='bbox 1367 2152 1755 2232; x_wconf 85' lang='lat' dir='ltr'><strong>Colloquium</strong></span> <span class='ocrx_word' id='word_1_196' title='bbox 1792 2174 1813 2213; x_wconf 92' lang='lat'><strong><em>:</em></strong></span> <span class='ocrx_word' id='word_1_197' title='bbox 1860 2153 2030 2215; x_wconf 86' lang='lat' dir='ltr'><strong>unde</strong></span> <span class='ocrx_word' id='word_1_198' title='bbox 2060 2154 2140 2216; x_wconf 90' lang='lat' dir='ltr'><strong>ab</strong></span> <span class='ocrx_word' id='word_1_199' title='bbox 2179 2170 2256 2216; x_wconf 87' lang='lat' dir='ltr'><strong>eo</strong></span> <span class='ocrx_word' id='word_1_200' title='bbox 2295 2171 2423 2217; x_wconf 88' lang='lat' dir='ltr'><strong>non</strong></span> <span class='ocrx_word' id='word_1_201' title='bbox 2461 2155 2700 2228; x_wconf 80' lang='lat' dir='ltr'><strong>diﬂ&#39;ert,</strong></span> <span class='ocrx_word' id='word_1_202' title='bbox 2725 2157 2900 2235; x_wconf 88' lang='lat' dir='ltr'><strong>quod</strong></span> <span class='ocrx_word' id='word_1_203' title='bbox 2934 2157 3229 2219; x_wconf 80' lang='lat' dir='ltr'><strong>Bavarica</strong></span> <span class='ocrx_word' id='word_1_204' title='bbox 3264 2156 3659 2221; x_wconf 84' lang='lat' dir='ltr'><strong>bibliotheca</strong></span> <span class='ocrx_word' id='word_1_205' title='bbox 3695 2156 3833 2221; x_wconf 80' lang='lat' dir='ltr'><strong>Cd—</strong></span> 
     </span>
    </p>
   </div>
   <div class='ocr_carea' id='block_1_21' title="bbox 595 2247 3837 2335">
    <p class='ocr_par' dir='ltr' id='par_1_21' title="bbox 595 2247 3837 2335">
     <span class='ocr_line' id='line_1_21' title="bbox 595 2247 3837 2335; baseline 0.002 -26"><span class='ocrx_word' id='word_1_206' title='bbox 595 2249 874 2329; x_wconf 85' lang='lat' dir='ltr'><strong>loquium</strong></span> <span class='ocrx_word' id='word_1_207' title='bbox 906 2256 1146 2311; x_wconf 77' lang='lat' dir='ltr'><strong>servat.</strong></span> <span class='ocrx_word' id='word_1_208' title='bbox 1189 2250 1333 2310; x_wconf 62' lang='lat' dir='ltr'><strong>Hinc</strong></span> <span class='ocrx_word' id='word_1_209' title='bbox 1364 2247 1676 2309; x_wconf 90' lang='lat' dir='ltr'><strong>discimus</strong></span> <span class='ocrx_word' id='word_1_210' title='bbox 1708 2248 1925 2309; x_wconf 87' lang='lat' dir='ltr'><strong>omnia</strong></span> <span class='ocrx_word' id='word_1_211' title='bbox 1957 2266 2036 2310; x_wconf 85' lang='lat' dir='ltr'><strong>ex</strong></span> <span class='ocrx_word' id='word_1_212' title='bbox 2074 2252 2440 2331; x_wconf 82' lang='lat' dir='ltr'><strong>apagrapho</strong></span> <span class='ocrx_word' id='word_1_213' title='bbox 2474 2259 2836 2330; x_wconf 61' lang='lat' dir='ltr'><strong>praenotata:</strong></span> <span class='ocrx_word' id='word_1_214' title='bbox 2867 2253 3373 2329; x_wconf 87' lang='lat' dir='ltr'><strong>Dissertationis,</strong></span> <span class='ocrx_word' id='word_1_215' title='bbox 3414 2254 3590 2335; x_wconf 93' lang='lat' dir='ltr'><strong>quod</strong></span> <span class='ocrx_word' id='word_1_216' title='bbox 3626 2272 3710 2316; x_wconf 80' lang='lat' dir='ltr'><strong>ex</strong></span> <span class='ocrx_word' id='word_1_217' title='bbox 3742 2267 3837 2315; x_wconf 65' lang='grc' dir='ltr'><strong>τοο</strong></span> 
     </span>
    </p>
   </div>
   <div class='ocr_carea' id='block_1_22' title="bbox 595 2345 3613 2429">
    <p class='ocr_par' dir='ltr' id='par_1_22' title="bbox 595 2345 3613 2429">
     <span class='ocr_line' id='line_1_22' title="bbox 595 2345 3613 2429; baseline 0.001 -22"><span class='ocrx_word' id='word_1_218' title='bbox 595 2348 735 2409; x_wconf 89' lang='lat' dir='ltr'><strong>dice</strong></span> <span class='ocrx_word' id='word_1_219' title='bbox 774 2346 1268 2408; x_wconf 69' lang='lat' dir='ltr'><strong>V’indobonensi</strong></span> <span class='ocrx_word' id='word_1_220' title='bbox 1308 2345 1731 2423; x_wconf 76' lang='lat' dir='ltr'><strong>descriptum,</strong></span> <span class='ocrx_word' id='word_1_221' title='bbox 1762 2346 2341 2429; x_wconf 88' lang='lat' dir='ltr'><strong>transmissumque</strong></span> <span class='ocrx_word' id='word_1_222' title='bbox 2376 2348 2705 2420; x_wconf 82' lang='lat' dir='ltr'><strong>Venetias,</strong></span> <span class='ocrx_word' id='word_1_223' title='bbox 2752 2348 3031 2411; x_wconf 87' lang='lat' dir='ltr'><strong>vidimus</strong></span> <span class='ocrx_word' id='word_1_224' title='bbox 3066 2357 3127 2410; x_wconf 85' lang='lat' dir='ltr'><strong>et</strong></span> <span class='ocrx_word' id='word_1_225' title='bbox 3156 2349 3613 2428; x_wconf 78' lang='lat' dir='ltr'><strong>expendimus.</strong></span> 
     </span>
    </p>
   </div>
   <div class='ocr_carea' id='block_1_23' title="bbox 674 2442 2256 2523">
    <p class='ocr_par' dir='ltr' id='par_1_23' title="bbox 674 2442 2256 2523">
     <span class='ocr_line' id='line_1_23' title="bbox 674 2442 2256 2523; baseline -0.001 -16"><span class='ocrx_word' id='word_1_226' title='bbox 674 2446 773 2507; x_wconf 68' lang='lat' dir='ltr'><strong>51s.</strong></span> <span class='ocrx_word' id='word_1_227' title='bbox 807 2448 1021 2507; x_wconf 75' lang='lat' dir='ltr'><strong>Grteca</strong></span> <span class='ocrx_word' id='word_1_228' title='bbox 1053 2444 1271 2523; x_wconf 85' lang='lat' dir='ltr'><strong>Operis</strong></span> <span class='ocrx_word' id='word_1_229' title='bbox 1301 2442 1639 2522; x_wconf 80' lang='lat' dir='ltr'><strong>inscriptio</strong></span> <span class='ocrx_word' id='word_1_230' title='bbox 1674 2444 1843 2521; x_wconf 84' lang='lat' dir='ltr'><strong>apud</strong></span> <span class='ocrx_word' id='word_1_231' title='bbox 1909 2445 2256 2507; x_wconf 87' lang='lat' dir='ltr'><strong>Chomaten</strong></span> 
     </span>
    </p>
   </div>
   <div class='ocr_carea' id='block_1_24' title="bbox 2252 2442 3834 2523">
    <p class='ocr_par' dir='ltr' id='par_1_24' title="bbox 2252 2442 3834 2522">
     <span class='ocr_line' id='line_1_24' title="bbox 2252 2442 3834 2522; baseline 0 -17"><span class='ocrx_word' id='word_1_232' title='bbox 2252 2461 2401 2516; x_wconf 75' lang='lat' dir='ltr'><strong>tum,</strong></span> <span class='ocrx_word' id='word_1_233' title='bbox 2450 2442 2585 2506; x_wconf 66' lang='lat' dir='ltr'><strong>hmo</strong></span> <span class='ocrx_word' id='word_1_234' title='bbox 2614 2452 2711 2505; x_wconf 84' lang='lat' dir='ltr'><strong>est</strong></span> <span class='ocrx_word' id='word_1_235' title='bbox 2750 2465 2765 2505; x_wconf 89' lang='lat'><strong>:</strong></span> <span class='ocrx_word' id='word_1_236' title='bbox 2816 2451 2960 2522; x_wconf 77' lang='grc' dir='ltr'><strong>Πρὸς</strong></span> <span class='ocrx_word' id='word_1_237' title='bbox 2994 2450 3262 2505; x_wconf 75' lang='grc' dir='ltr'><strong>Νικόλαον</strong></span> <span class='ocrx_word' id='word_1_238' title='bbox 3282 2450 3557 2517; x_wconf 64' lang='grc' dir='ltr'><strong>δεάκονον,</strong></span> <span class='ocrx_word' id='word_1_239' title='bbox 3592 2451 3691 2507; x_wconf 74' lang='grc' dir='ltr'><strong>καὶ</strong></span> <span class='ocrx_word' id='word_1_240' title='bbox 3718 2468 3834 2505; x_wconf 69' lang='grc' dir='ltr'>διαν-</span> 
     </span>
    </p>
   </div>
   <div class='ocr_carea' id='block_1_25' title="bbox 598 2539 3833 2621">
    <p class='ocr_par' dir='ltr' id='par_1_25' title="bbox 598 2539 3833 2621">
     <span class='ocr_line' id='line_1_25' title="bbox 598 2539 3833 2621; baseline -0.002 -16"><span class='ocrx_word' id='word_1_241' title='bbox 598 2552 858 2621; x_wconf 76' lang='grc' dir='ltr'><strong>στρίσιον.</strong></span> <span class='ocrx_word' id='word_1_242' title='bbox 901 2540 1164 2602; x_wconf 88' lang='lat' dir='ltr'><strong>Latinus</strong></span> <span class='ocrx_word' id='word_1_243' title='bbox 1199 2540 1515 2618; x_wconf 88' lang='lat' dir='ltr'><strong>interpres</strong></span> <span class='ocrx_word' id='word_1_244' title='bbox 1561 2540 1776 2615; x_wconf 86' lang='lat' dir='ltr'><strong>vertit,</strong></span> <span class='ocrx_word' id='word_1_245' title='bbox 1808 2539 1889 2601; x_wconf 92' lang='lat' dir='ltr'><strong>ad</strong></span> <span class='ocrx_word' id='word_1_246' title='bbox 1921 2540 2249 2603; x_wconf 85' lang='lat' dir='ltr'><strong>Nicolaum</strong></span> <span class='ocrx_word' id='word_1_247' title='bbox 2283 2540 2615 2600; x_wconf 86' lang='lat' dir='ltr'><strong>diaconum</strong></span> <span class='ocrx_word' id='word_1_248' title='bbox 2664 2549 2722 2599; x_wconf 88' lang='lat' dir='ltr'><strong>et</strong></span> <span class='ocrx_word' id='word_1_249' title='bbox 2753 2550 3157 2612; x_wconf 82' lang='lat' dir='ltr'><strong>castrensem,</strong></span> <span class='ocrx_word' id='word_1_250' title='bbox 3193 2546 3515 2617; x_wconf 87' lang='lat' dir='ltr'><strong>postrema</strong></span> <span class='ocrx_word' id='word_1_251' title='bbox 3541 2539 3661 2602; x_wconf 88' lang='lat' dir='ltr'><strong>hac</strong></span> <span class='ocrx_word' id='word_1_252' title='bbox 3698 2554 3833 2600; x_wconf 82' lang='lat' dir='ltr'><strong>roce</strong></span> 
     </span>
    </p>
   </div>
   <div class='ocr_carea' id='block_1_26' title="bbox 598 2635 3833 2716">
    <p class='ocr_par' dir='ltr' id='par_1_26' title="bbox 598 2635 3833 2716">
     <span class='ocr_line' id='line_1_26' title="bbox 598 2635 3833 2716; baseline -0.001 -17"><span class='ocrx_word' id='word_1_253' title='bbox 598 2639 758 2700; x_wconf 87' lang='lat' dir='ltr'><strong>male</strong></span> <span class='ocrx_word' id='word_1_254' title='bbox 775 2647 833 2699; x_wconf 92' lang='lat' dir='ltr'><strong>et</strong></span> <span class='ocrx_word' id='word_1_255' title='bbox 850 2638 1067 2716; x_wconf 89' lang='lat' dir='ltr'><strong>inepte</strong></span> <span class='ocrx_word' id='word_1_256' title='bbox 1091 2636 1411 2698; x_wconf 88' lang='lat' dir='ltr'><strong>translata.</strong></span> <span class='ocrx_word' id='word_1_257' title='bbox 1439 2638 1665 2699; x_wconf 88' lang='lat' dir='ltr'><strong>Petrus</strong></span> <span class='ocrx_word' id='word_1_258' title='bbox 1679 2637 1962 2699; x_wconf 68' lang='lat' dir='ltr'><strong>Pithoeus</strong></span> <span class='ocrx_word' id='word_1_259' title='bbox 1999 2638 2060 2699; x_wconf 91' lang='lat' dir='ltr'><strong>in</strong></span> <span class='ocrx_word' id='word_1_260' title='bbox 2091 2638 2553 2699; x_wconf 85' lang='lat' dir='ltr'><strong>Dissertatione</strong></span> <span class='ocrx_word' id='word_1_261' title='bbox 2572 2635 2646 2696; x_wconf 87' lang='lat' dir='ltr'><strong>de</strong></span> <span class='ocrx_word' id='word_1_262' title='bbox 2671 2636 2941 2697; x_wconf 82' lang='lat' dir='ltr'><strong>historia</strong></span> <span class='ocrx_word' id='word_1_263' title='bbox 2958 2636 3403 2698; x_wconf 78' lang='lat' dir='ltr'><strong>controversia:</strong></span> <span class='ocrx_word' id='word_1_264' title='bbox 3418 2636 3833 2715; x_wconf 71' lang='lat' dir='ltr'><strong>processionis</strong></span> 
     </span>
    </p>
   </div>
   <div class='ocr_carea' id='block_1_27' title="bbox 592 2732 3832 2815">
    <p class='ocr_par' dir='ltr' id='par_1_27' title="bbox 592 2732 3832 2815">
     <span class='ocr_line' id='line_1_27' title="bbox 592 2732 3832 2815; baseline -0.001 -20"><span class='ocrx_word' id='word_1_265' title='bbox 592 2735 875 2815; x_wconf 85' lang='lat' dir='ltr'><strong>Spiritus</strong></span> <span class='ocrx_word' id='word_1_266' title='bbox 898 2734 1128 2807; x_wconf 89' lang='lat' dir='ltr'><strong>sancti,</strong></span> <span class='ocrx_word' id='word_1_267' title='bbox 1158 2732 1537 2793; x_wconf 82' lang='lat' dir='ltr'><strong>vertendum</strong></span> <span class='ocrx_word' id='word_1_268' title='bbox 1568 2732 1867 2794; x_wconf 88' lang='lat' dir='ltr'><strong>admonet</strong></span> <span class='ocrx_word' id='word_1_269' title='bbox 1892 2776 1907 2807; x_wconf 94' lang='lat'><strong>,</strong></span> <span class='ocrx_word' id='word_1_270' title='bbox 1945 2734 2417 2794; x_wconf 84' lang='lat' dir='ltr'><strong>canistrarium.</strong></span> <span class='ocrx_word' id='word_1_271' title='bbox 2450 2732 2626 2794; x_wconf 87' lang='lat' dir='ltr'><strong>Verti</strong></span> <span class='ocrx_word' id='word_1_272' title='bbox 2685 2732 2875 2793; x_wconf 91' lang='lat' dir='ltr'><strong>etiam</strong></span> <span class='ocrx_word' id='word_1_273' title='bbox 2930 2739 3159 2811; x_wconf 87' lang='lat' dir='ltr'><strong>potest,</strong></span> <span class='ocrx_word' id='word_1_274' title='bbox 3201 2733 3639 2808; x_wconf 85' lang='lat' dir='ltr'><strong>canstrisium,</strong></span> <span class='ocrx_word' id='word_1_275' title='bbox 3668 2738 3832 2793; x_wconf 87' lang='lat' dir='ltr'><strong>recte</strong></span> 
     </span>
    </p>
   </div>
   <div class='ocr_carea' id='block_1_28' title="bbox 598 2826 3832 2909">
    <p class='ocr_par' dir='ltr' id='par_1_28' title="bbox 598 2826 3832 2909">
     <span class='ocr_line' id='line_1_28' title="bbox 598 2826 3832 2909; baseline -0.001 -19"><span class='ocrx_word' id='word_1_276' title='bbox 598 2841 867 2909; x_wconf 87' lang='lat' dir='ltr'><strong>utroque</strong></span> <span class='ocrx_word' id='word_1_277' title='bbox 891 2828 1101 2890; x_wconf 90' lang='lat' dir='ltr'><strong>modo.</strong></span> <span class='ocrx_word' id='word_1_278' title='bbox 1136 2828 1318 2906; x_wconf 85' lang='lat' dir='ltr'><strong>Apud</strong></span> <span class='ocrx_word' id='word_1_279' title='bbox 1358 2827 1673 2890; x_wconf 88' lang='lat' dir='ltr'><strong>Codinum</strong></span> <span class='ocrx_word' id='word_1_280' title='bbox 1696 2828 1863 2891; x_wconf 89' lang='lat' dir='ltr'><strong>inter</strong></span> <span class='ocrx_word' id='word_1_281' title='bbox 1889 2829 2315 2892; x_wconf 82' lang='lat' dir='ltr'><strong>ecclesiastica</strong></span> <span class='ocrx_word' id='word_1_282' title='bbox 2335 2826 2563 2899; x_wconf 83' lang='lat' dir='ltr'><strong>oﬂicia,</strong></span> <span class='ocrx_word' id='word_1_283' title='bbox 2593 2830 2657 2889; x_wconf 88' lang='lat' dir='ltr'><strong>in</strong></span> <span class='ocrx_word' id='word_1_284' title='bbox 2683 2828 2970 2890; x_wconf 89' lang='lat' dir='ltr'><strong>secundo</strong></span> <span class='ocrx_word' id='word_1_285' title='bbox 2988 2828 3289 2907; x_wconf 87' lang='lat' dir='ltr'><strong>quinario</strong></span> <span class='ocrx_word' id='word_1_286' title='bbox 3314 2828 3583 2890; x_wconf 89' lang='lat' dir='ltr'><strong>habetur</strong></span> <span class='ocrx_word' id='word_1_287' title='bbox 3621 2839 3651 2891; x_wconf 80' lang='lat'><strong>6</strong></span> <span class='ocrx_word' id='word_1_288' title='bbox 3702 2852 3832 2889; x_wconf 79' lang='grc' dir='ltr'><strong>καν-</strong></span> 
     </span>
    </p>
   </div>
   <div class='ocr_carea' id='block_1_29' title="bbox 597 2923 2179 3006">
    <p class='ocr_par' dir='ltr' id='par_1_29' title="bbox 597 2932 2166 3006">
     <span class='ocr_line' id='line_1_29' title="bbox 597 2932 2166 3006; baseline -0.001 -18"><span class='ocrx_word' id='word_1_289' title='bbox 597 2936 861 3006; x_wconf 74' lang='grc' dir='ltr'><strong>στρίσιος,</strong></span> <span class='ocrx_word' id='word_1_290' title='bbox 887 2937 967 2997; x_wconf 77' lang='grc' dir='ltr'><strong>εἰς</strong></span> <span class='ocrx_word' id='word_1_291' title='bbox 998 2935 1059 2987; x_wconf 74' lang='grc' dir='ltr'>τὸ</span> <span class='ocrx_word' id='word_1_292' title='bbox 1090 2932 1405 3003; x_wconf 73' lang='grc' dir='ltr'><strong>κεινστρῖον,</strong></span> <span class='ocrx_word' id='word_1_293' title='bbox 1435 2933 1530 2986; x_wconf 62' lang='grc' dir='ltr'><strong>καὶ</strong></span> <span class='ocrx_word' id='word_1_294' title='bbox 1555 2934 1634 2997; x_wconf 75' lang='grc' dir='ltr'><strong>εἰς</strong></span> <span class='ocrx_word' id='word_1_295' title='bbox 1659 2933 1720 2985; x_wconf 82' lang='grc' dir='ltr'>τὸ</span> <span class='ocrx_word' id='word_1_296' title='bbox 1757 2933 2047 2987; x_wconf 73' lang='grc' dir='ltr'><strong>ἀλλάσσειν</strong></span> <span class='ocrx_word' id='word_1_297' title='bbox 2073 2934 2166 2986; x_wconf 83' lang='grc' dir='ltr'>τὸν</span> 
     </span>
    </p>
   </div>
   <div class='ocr_carea' id='block_1_30' title="bbox 2248 2923 3830 3006">
    <p class='ocr_par' dir='ltr' id='par_1_30' title="bbox 2248 2923 3830 3004">
     <span class='ocr_line' id='line_1_30' title="bbox 2248 2923 3830 3004; baseline -0.001 -19"><span class='ocrx_word' id='word_1_298' title='bbox 2248 2933 2491 3003; x_wconf 72' lang='grc' dir='ltr'><strong>ρχιερέα,</strong></span> <span class='ocrx_word' id='word_1_299' title='bbox 2528 2923 2918 2986; x_wconf 83' lang='lat' dir='ltr'><strong>Canstrisius</strong></span> <span class='ocrx_word' id='word_1_300' title='bbox 2955 2926 3234 2985; x_wconf 89' lang='lat' dir='ltr'><strong>canistro</strong></span> <span class='ocrx_word' id='word_1_301' title='bbox 3258 2926 3605 3004; x_wconf 77' lang='lat' dir='ltr'><strong>prcefectus</strong></span> <span class='ocrx_word' id='word_1_302' title='bbox 3638 2931 3743 2997; x_wconf 68' lang='lat' dir='ltr'><strong>est,</strong></span> <span class='ocrx_word' id='word_1_303' title='bbox 3775 2931 3830 2983; x_wconf 88' lang='lat' dir='ltr'><strong>et</strong></span> 
     </span>
    </p>
   </div>
   <div class='ocr_carea' id='block_1_31' title="bbox 596 3020 3818 3101">
    <p class='ocr_par' dir='ltr' id='par_1_31' title="bbox 596 3020 3818 3101">
     <span class='ocr_line' id='line_1_31' title="bbox 596 3020 3818 3101; baseline -0.001 -20"><span class='ocrx_word' id='word_1_304' title='bbox 596 3021 976 3101; x_wconf 64' lang='lat' dir='ltr'><strong>patriarcha</strong></span> <span class='ocrx_word' id='word_1_305' title='bbox 1000 3020 1144 3081; x_wconf 86' lang='lat' dir='ltr'><strong>dum</strong></span> <span class='ocrx_word' id='word_1_306' title='bbox 1182 3031 1378 3081; x_wconf 75' lang='lat' dir='ltr'><strong>vestes</strong></span> <span class='ocrx_word' id='word_1_307' title='bbox 1408 3029 1630 3096; x_wconf 85' lang='lat' dir='ltr'><strong>mutat,</strong></span> <span class='ocrx_word' id='word_1_308' title='bbox 1663 3023 1878 3083; x_wconf 76' lang='lat' dir='ltr'><strong>servit.</strong></span> <span class='ocrx_word' id='word_1_309' title='bbox 1914 3024 1983 3084; x_wconf 88' lang='lat' dir='ltr'><strong>In</strong></span> <span class='ocrx_word' id='word_1_310' title='bbox 2017 3022 2185 3083; x_wconf 89' lang='lat' dir='ltr'><strong>notis</strong></span> <span class='ocrx_word' id='word_1_311' title='bbox 2224 3021 2409 3083; x_wconf 88' lang='lat' dir='ltr'><strong>docet</strong></span> <span class='ocrx_word' id='word_1_312' title='bbox 2444 3021 2622 3099; x_wconf 87' lang='lat' dir='ltr'><strong>plura</strong></span> <span class='ocrx_word' id='word_1_313' title='bbox 2689 3022 2964 3083; x_wconf 86' lang='lat' dir='ltr'><strong>Goarius</strong></span> <span class='ocrx_word' id='word_1_314' title='bbox 3001 3044 3015 3083; x_wconf 93' lang='lat'><strong>:</strong></span> <span class='ocrx_word' id='word_1_315' title='bbox 3054 3046 3081 3078; x_wconf 78' lang='grc' dir='ltr'><strong><em>α</em></strong></span> <span class='ocrx_word' id='word_1_316' title='bbox 3118 3031 3503 3101; x_wconf 79' lang='grc' dir='ltr'><strong>Κανστρήσιος</strong></span> <span class='ocrx_word' id='word_1_317' title='bbox 3540 3035 3818 3100; x_wconf 79' lang='lat' dir='ltr'><strong>qmque,</strong></span> 
     </span>
    </p>
   </div>
   <div class='ocr_carea' id='block_1_32' title="bbox 598 3115 2180 3197">
    <p class='ocr_par' dir='ltr' id='par_1_32' title="bbox 598 3118 2180 3197">
     <span class='ocr_line' id='line_1_32' title="bbox 598 3118 2180 3197; baseline -0.002 -17"><span class='ocrx_word' id='word_1_318' title='bbox 598 3134 848 3181; x_wconf 79' lang='lat' dir='ltr'><strong>necnon</strong></span> <span class='ocrx_word' id='word_1_319' title='bbox 885 3126 1256 3195; x_wconf 80' lang='grc' dir='ltr'><strong>καστρίνσιος,</strong></span> <span class='ocrx_word' id='word_1_320' title='bbox 1289 3126 1349 3179; x_wconf 90' lang='lat' dir='ltr'><strong>et</strong></span> <span class='ocrx_word' id='word_1_321' title='bbox 1384 3126 1747 3197; x_wconf 75' lang='grc' dir='ltr'><strong>καστρήνσιος</strong></span> <span class='ocrx_word' id='word_1_322' title='bbox 1776 3118 2086 3196; x_wconf 89' lang='lat' dir='ltr'><strong>scriptum</strong></span> <span class='ocrx_word' id='word_1_323' title='bbox 2121 3134 2180 3179; x_wconf 88' lang='lat' dir='ltr'><strong>re</strong></span> 
     </span>
    </p>
   </div>
   <div class='ocr_carea' id='block_1_33' title="bbox 2248 3115 3830 3197">
    <p class='ocr_par' dir='ltr' id='par_1_33' title="bbox 2248 3115 3830 3194">
     <span class='ocr_line' id='line_1_33' title="bbox 2248 3115 3830 3194; baseline -0.002 -17"><span class='ocrx_word' id='word_1_324' title='bbox 2248 3116 2425 3189; x_wconf 75' lang='lat' dir='ltr'><strong>aries,</strong></span> <span class='ocrx_word' id='word_1_325' title='bbox 2460 3125 2522 3177; x_wconf 93' lang='lat' dir='ltr'><strong>et</strong></span> <span class='ocrx_word' id='word_1_326' title='bbox 2559 3132 2673 3194; x_wconf 86' lang='lat' dir='ltr'><strong>pro</strong></span> <span class='ocrx_word' id='word_1_327' title='bbox 2708 3116 2900 3177; x_wconf 89' lang='lat' dir='ltr'><strong>variis</strong></span> <span class='ocrx_word' id='word_1_328' title='bbox 2932 3118 3170 3181; x_wconf 73' lang='lat' dir='ltr'><strong>Grmcis</strong></span> <span class='ocrx_word' id='word_1_329' title='bbox 3203 3115 3698 3188; x_wconf 80' lang='lat' dir='ltr'><strong>cbaracteribas,</strong></span> <span class='ocrx_word' id='word_1_330' title='bbox 3732 3133 3830 3176; x_wconf 81' lang='lat' dir='ltr'><strong>va-</strong></span> 
     </span>
    </p>
   </div>
   <div class='ocr_carea' id='block_1_34' title="bbox 598 3210 3827 3294">
    <p class='ocr_par' dir='ltr' id='par_1_34' title="bbox 598 3210 3827 3294">
     <span class='ocr_line' id='line_1_34' title="bbox 598 3210 3827 3294; baseline -0.001 -19"><span class='ocrx_word' id='word_1_331' title='bbox 598 3214 689 3275; x_wconf 90' lang='lat' dir='ltr'><strong>rie</strong></span> <span class='ocrx_word' id='word_1_332' title='bbox 721 3230 984 3294; x_wconf 79' lang='lat' dir='ltr'><strong>quoque</strong></span> <span class='ocrx_word' id='word_1_333' title='bbox 1018 3213 1238 3274; x_wconf 83' lang='lat' dir='ltr'><strong>Latine</strong></span> <span class='ocrx_word' id='word_1_334' title='bbox 1274 3213 1591 3275; x_wconf 86' lang='lat' dir='ltr'><strong>redditum</strong></span> <span class='ocrx_word' id='word_1_335' title='bbox 1622 3214 2054 3293; x_wconf 85' lang='lat' dir='ltr'><strong>(canstresius,</strong></span> <span class='ocrx_word' id='word_1_336' title='bbox 2084 3214 2487 3287; x_wconf 88' lang='lat' dir='ltr'><strong>castrinsius,</strong></span> <span class='ocrx_word' id='word_1_337' title='bbox 2547 3214 2985 3293; x_wconf 77' lang='lat' dir='ltr'><strong>castrensius).</strong></span> <span class='ocrx_word' id='word_1_338' title='bbox 3021 3214 3263 3276; x_wconf 88' lang='lat' dir='ltr'><strong>Sensus</strong></span> <span class='ocrx_word' id='word_1_339' title='bbox 3298 3213 3684 3291; x_wconf 86' lang='lat' dir='ltr'><strong>requiratur,</strong></span> <span class='ocrx_word' id='word_1_340' title='bbox 3722 3210 3827 3272; x_wconf 92' lang='lat' dir='ltr'><strong>ubi</strong></span> 
     </span>
    </p>
   </div>
   <div class='ocr_carea' id='block_1_35' title="bbox 597 3307 2179 3389">
    <p class='ocr_par' dir='ltr' id='par_1_35' title="bbox 597 3308 2179 3389">
     <span class='ocr_line' id='line_1_35' title="bbox 597 3308 2179 3389; baseline -0.001 -20"><span class='ocrx_word' id='word_1_341' title='bbox 597 3310 699 3370; x_wconf 84' lang='lat' dir='ltr'><strong>vix</strong></span> <span class='ocrx_word' id='word_1_342' title='bbox 730 3310 911 3389; x_wconf 87' lang='lat' dir='ltr'><strong>juvat</strong></span> <span class='ocrx_word' id='word_1_343' title='bbox 936 3308 1279 3370; x_wconf 81' lang='lat' dir='ltr'><strong>character.</strong></span> <span class='ocrx_word' id='word_1_344' title='bbox 1307 3318 1670 3387; x_wconf 78' lang='grc' dir='ltr'><strong>Κανστρίσιον</strong></span> <span class='ocrx_word' id='word_1_345' title='bbox 1700 3318 1807 3372; x_wconf 68' lang='grc' dir='ltr'><strong>ἀπὸ</strong></span> <span class='ocrx_word' id='word_1_346' title='bbox 1825 3317 1918 3371; x_wconf 81' lang='grc' dir='ltr'><strong>τοῦ</strong></span> <span class='ocrx_word' id='word_1_347' title='bbox 1951 3317 2179 3385; x_wconf 61' lang='grc' dir='ltr'><strong>κανστρίη</strong></span> 
     </span>
    </p>
   </div>
   <div class='ocr_carea' id='block_1_36' title="bbox 2250 3307 3832 3389">
    <p class='ocr_par' dir='ltr' id='par_1_36' title="bbox 2271 3307 3832 3389">
     <span class='ocr_line' id='line_1_36' title="bbox 2271 3307 3832 3389; baseline -0.002 -20"><span class='ocrx_word' id='word_1_348' title='bbox 2271 3308 2511 3369; x_wconf 89' lang='lat' dir='ltr'><strong>dictum</strong></span> <span class='ocrx_word' id='word_1_349' title='bbox 2553 3307 2745 3369; x_wconf 86' lang='lat' dir='ltr'><strong>video</strong></span> <span class='ocrx_word' id='word_1_350' title='bbox 2782 3307 3048 3388; x_wconf 85' lang='lat' dir='ltr'><strong>:(quod)</strong></span> <span class='ocrx_word' id='word_1_351' title='bbox 3085 3311 3278 3389; x_wconf 85' lang='lat' dir='ltr'><strong>panis</strong></span> <span class='ocrx_word' id='word_1_352' title='bbox 3330 3308 3640 3371; x_wconf 75' lang='lat' dir='ltr'><strong>benedicti</strong></span> <span class='ocrx_word' id='word_1_353' title='bbox 3704 3308 3832 3368; x_wconf 84' lang='lat' dir='ltr'><strong>lan-</strong></span> 
     </span>
    </p>
   </div>
   <div class='ocr_carea' id='block_1_37' title="bbox 597 3404 3835 3486">
    <p class='ocr_par' dir='ltr' id='par_1_37' title="bbox 597 3404 3835 3486">
     <span class='ocr_line' id='line_1_37' title="bbox 597 3404 3835 3486; baseline 0.001 -21"><span class='ocrx_word' id='word_1_354' title='bbox 597 3425 746 3480; x_wconf 87' lang='lat' dir='ltr'><strong>cem,</strong></span> <span class='ocrx_word' id='word_1_355' title='bbox 798 3406 895 3468; x_wconf 88' lang='lat' dir='ltr'><strong>vel</strong></span> <span class='ocrx_word' id='word_1_356' title='bbox 935 3405 1149 3483; x_wconf 86' lang='lat' dir='ltr'><strong>potius</strong></span> <span class='ocrx_word' id='word_1_357' title='bbox 1172 3408 1375 3468; x_wconf 83' lang='lat' dir='ltr'><strong>thuris</strong></span> <span class='ocrx_word' id='word_1_358' title='bbox 1397 3407 1700 3479; x_wconf 83' lang='lat' dir='ltr'><strong>arculam,</strong></span> <span class='ocrx_word' id='word_1_359' title='bbox 1732 3408 1827 3469; x_wconf 86' lang='lat' dir='ltr'><strong>vel</strong></span> <span class='ocrx_word' id='word_1_360' title='bbox 1862 3406 2144 3486; x_wconf 89' lang='lat' dir='ltr'><strong>denique</strong></span> <span class='ocrx_word' id='word_1_361' title='bbox 2172 3405 2520 3466; x_wconf 81' lang='lat' dir='ltr'><strong>canistrum</strong></span> <span class='ocrx_word' id='word_1_362' title='bbox 2554 3405 2945 3483; x_wconf 86' lang='lat' dir='ltr'><strong>recipiendis</strong></span> <span class='ocrx_word' id='word_1_363' title='bbox 2974 3406 3345 3483; x_wconf 61' lang='lat' dir='ltr'><strong>patriarcha;</strong></span> <span class='ocrx_word' id='word_1_364' title='bbox 3378 3406 3665 3468; x_wconf 71' lang='lat' dir='ltr'><strong>vestibus</strong></span> <span class='ocrx_word' id='word_1_365' title='bbox 3696 3404 3835 3466; x_wconf 89' lang='lat' dir='ltr'><strong>ido-</strong></span> 
     </span>
    </p>
   </div>
   <div class='ocr_carea' id='block_1_38' title="bbox 599 3503 1696 3581">
    <p class='ocr_par' dir='ltr' id='par_1_38' title="bbox 599 3503 1696 3581">
     <span class='ocr_line' id='line_1_38' title="bbox 599 3503 1696 3581; baseline -0.005 -17"><span class='ocrx_word' id='word_1_366' title='bbox 599 3520 795 3564; x_wconf 84' lang='lat' dir='ltr'><strong>neum</strong></span> <span class='ocrx_word' id='word_1_367' title='bbox 836 3503 1239 3581; x_wconf 82' lang='lat' dir='ltr'><strong>interpretor.</strong></span> <span class='ocrx_word' id='word_1_368' title='bbox 1282 3528 1309 3559; x_wconf 86' lang='grc'><strong>››</strong></span> <span class='ocrx_word' id='word_1_369' title='bbox 1690 3548 1696 3559; x_wconf 88' lang='grc'>.</span> 
     </span>
    </p>
   </div>
   <div class='ocr_carea' id='block_1_39' title="bbox 678 3598 3834 3664">
    <p class='ocr_par' dir='ltr' id='par_1_39' title="bbox 678 3598 3834 3664">
     <span class='ocr_line' id='line_1_39' title="bbox 678 3598 3834 3664; baseline -0.001 -3"><span class='ocrx_word' id='word_1_370' title='bbox 678 3598 907 3661; x_wconf 90' lang='lat' dir='ltr'><strong>Utilem</strong></span> <span class='ocrx_word' id='word_1_371' title='bbox 960 3600 1125 3661; x_wconf 87' lang='lat' dir='ltr'><strong>addo</strong></span> <span class='ocrx_word' id='word_1_372' title='bbox 1164 3600 1381 3662; x_wconf 86' lang='lat' dir='ltr'><strong>Jacobi</strong></span> <span class='ocrx_word' id='word_1_373' title='bbox 1436 3600 1717 3662; x_wconf 88' lang='lat' dir='ltr'><strong>Gretseri</strong></span> <span class='ocrx_word' id='word_1_374' title='bbox 1764 3600 2279 3662; x_wconf 83' lang='lat' dir='ltr'><strong>observationem</strong></span> <span class='ocrx_word' id='word_1_375' title='bbox 2324 3623 2403 3661; x_wconf 70' lang='grc' dir='ltr'><strong>τε</strong></span> <span class='ocrx_word' id='word_1_376' title='bbox 2442 3602 2813 3663; x_wconf 86' lang='lat' dir='ltr'><strong>Bonelidius</strong></span> <span class='ocrx_word' id='word_1_377' title='bbox 2870 3620 2933 3663; x_wconf 85' lang='lat' dir='ltr'><strong>in</strong></span> <span class='ocrx_word' id='word_1_378' title='bbox 2971 3604 3121 3664; x_wconf 84' lang='lat' dir='ltr'><strong>Jure</strong></span> <span class='ocrx_word' id='word_1_379' title='bbox 3198 3618 3320 3663; x_wconf 93' lang='lat' dir='ltr'><strong>suo</strong></span> <span class='ocrx_word' id='word_1_380' title='bbox 3372 3600 3684 3664; x_wconf 81' lang='lat' dir='ltr'><strong>Orientali</strong></span> <span class='ocrx_word' id='word_1_381' title='bbox 3738 3617 3834 3661; x_wconf 80' lang='lat' dir='ltr'><strong>ro-</strong></span> 
     </span>
    </p>
   </div>
   <div class='ocr_carea' id='block_1_40' title="bbox 598 3696 3831 3771">
    <p class='ocr_par' dir='ltr' id='par_1_40' title="bbox 598 3696 3831 3771">
     <span class='ocr_line' id='line_1_40' title="bbox 598 3696 3831 3771; baseline -0 -12"><span class='ocrx_word' id='word_1_382' title='bbox 598 3707 695 3759; x_wconf 87' lang='lat' dir='ltr'><strong>cat</strong></span> <span class='ocrx_word' id='word_1_383' title='bbox 733 3706 1131 3771; x_wconf 78' lang='lat' dir='ltr'><strong>castrensem,</strong></span> <span class='ocrx_word' id='word_1_384' title='bbox 1161 3697 1346 3759; x_wconf 87' lang='lat' dir='ltr'><strong>male.</strong></span> <span class='ocrx_word' id='word_1_385' title='bbox 1382 3698 1548 3759; x_wconf 81' lang='lat' dir='ltr'><strong>Nihil</strong></span> <span class='ocrx_word' id='word_1_386' title='bbox 1591 3697 1761 3761; x_wconf 92' lang='lat' dir='ltr'><strong>enim</strong></span> <span class='ocrx_word' id='word_1_387' title='bbox 1798 3696 1918 3758; x_wconf 90' lang='lat' dir='ltr'><strong>loci</strong></span> <span class='ocrx_word' id='word_1_388' title='bbox 1952 3701 2293 3759; x_wconf 84' lang='lat' dir='ltr'><strong>castrensis</strong></span> <span class='ocrx_word' id='word_1_389' title='bbox 2330 3700 2391 3759; x_wconf 92' lang='lat' dir='ltr'><strong>in</strong></span> <span class='ocrx_word' id='word_1_390' title='bbox 2433 3699 2717 3761; x_wconf 81' lang='lat' dir='ltr'><strong>Ecclesia</strong></span> <span class='ocrx_word' id='word_1_391' title='bbox 2760 3707 2821 3761; x_wconf 90' lang='lat' dir='ltr'><strong>et</strong></span> <span class='ocrx_word' id='word_1_392' title='bbox 2872 3699 3335 3762; x_wconf 85' lang='lat' dir='ltr'><strong>ecclesiasticis</strong></span> <span class='ocrx_word' id='word_1_393' title='bbox 3367 3698 3618 3761; x_wconf 74' lang='lat' dir='ltr'><strong>ofﬁciis.</strong></span> <span class='ocrx_word' id='word_1_394' title='bbox 3658 3698 3831 3760; x_wconf 85' lang='lat' dir='ltr'><strong>Dici-</strong></span> 
     </span>
    </p>
   </div>
   <div class='ocr_carea' id='block_1_41' title="bbox 599 3793 2181 3875">
    <p class='ocr_par' dir='ltr' id='par_1_41' title="bbox 599 3794 2181 3873">
     <span class='ocr_line' id='line_1_41' title="bbox 599 3794 2181 3873; baseline 0 -21"><span class='ocrx_word' id='word_1_395' title='bbox 599 3804 706 3853; x_wconf 90' lang='lat' dir='ltr'><strong>tur</strong></span> <span class='ocrx_word' id='word_1_396' title='bbox 740 3808 894 3871; x_wconf 86' lang='lat' dir='ltr'><strong>ergo</strong></span> <span class='ocrx_word' id='word_1_397' title='bbox 931 3794 1331 3867; x_wconf 85' lang='lat' dir='ltr'><strong>canstrisius,</strong></span> <span class='ocrx_word' id='word_1_398' title='bbox 1367 3794 1551 3873; x_wconf 85' lang='lat' dir='ltr'><strong>quasi</strong></span> <span class='ocrx_word' id='word_1_399' title='bbox 1585 3794 1927 3865; x_wconf 76' lang='lat' dir='ltr'><strong>canistrius</strong></span> <span class='ocrx_word' id='word_1_400' title='bbox 1958 3809 1990 3853; x_wconf 90' lang='lat' dir='ltr'><strong>a</strong></span> <span class='ocrx_word' id='word_1_401' title='bbox 2022 3794 2181 3854; x_wconf 68' lang='lat' dir='ltr'><strong>canit</strong></span> 
     </span>
    </p>
   </div>
   <div class='ocr_carea' id='block_1_42' title="bbox 2247 3793 3829 3875">
    <p class='ocr_par' dir='ltr' id='par_1_42' title="bbox 2247 3793 3829 3875">
     <span class='ocr_line' id='line_1_42' title="bbox 2247 3793 3829 3875; baseline 0 -22"><span class='ocrx_word' id='word_1_402' title='bbox 2247 3811 2323 3854; x_wconf 68' lang='lat' dir='ltr'><strong>&#39;o.</strong></span> <span class='ocrx_word' id='word_1_403' title='bbox 2366 3795 2484 3853; x_wconf 82' lang='lat' dir='ltr'><strong>Jus</strong></span> <span class='ocrx_word' id='word_1_404' title='bbox 2537 3795 2594 3855; x_wconf 89' lang='lat' dir='ltr'><strong>ei</strong></span> <span class='ocrx_word' id='word_1_405' title='bbox 2627 3806 2758 3857; x_wconf 90' lang='lat' dir='ltr'><strong>erat</strong></span> <span class='ocrx_word' id='word_1_406' title='bbox 2819 3806 2899 3869; x_wconf 78' lang='grc' dir='ltr'><strong>εἰς</strong></span> <span class='ocrx_word' id='word_1_407' title='bbox 2937 3803 2998 3856; x_wconf 78' lang='grc' dir='ltr'><strong>τὸ</strong></span> <span class='ocrx_word' id='word_1_408' title='bbox 3026 3794 3598 3875; x_wconf 66' lang='grc' dir='ltr'><strong>κὰνστριονγίηαιιὶι</strong></span> <span class='ocrx_word' id='word_1_409' title='bbox 3646 3793 3829 3857; x_wconf 74' lang='lat' dir='ltr'><strong>Cedi-</strong></span> 
     </span>
    </p>
   </div>
   <div class='ocr_carea' id='block_1_43' title="bbox 599 3888 2181 3969">
    <p class='ocr_par' dir='ltr' id='par_1_43' title="bbox 599 3890 2181 3969">
     <span class='ocr_line' id='line_1_43' title="bbox 599 3890 2181 3969; baseline -0.001 -19"><span class='ocrx_word' id='word_1_410' title='bbox 599 3906 747 3958; x_wconf 84' lang='lat' dir='ltr'><strong>nus.</strong></span> <span class='ocrx_word' id='word_1_411' title='bbox 784 3890 850 3951; x_wconf 77' lang='lat' dir='ltr'><strong>in</strong></span> <span class='ocrx_word' id='word_1_412' title='bbox 882 3891 1226 3953; x_wconf 78' lang='lat' dir='ltr'><strong>canistrum</strong></span> <span class='ocrx_word' id='word_1_413' title='bbox 1258 3900 1351 3953; x_wconf 70' lang='grc' dir='ltr'><strong>καὶ</strong></span> <span class='ocrx_word' id='word_1_414' title='bbox 1386 3900 1465 3962; x_wconf 75' lang='grc' dir='ltr'><strong>εις</strong></span> <span class='ocrx_word' id='word_1_415' title='bbox 1492 3898 1550 3952; x_wconf 77' lang='grc' dir='ltr'>τὸ</span> <span class='ocrx_word' id='word_1_416' title='bbox 1577 3899 1867 3954; x_wconf 73' lang='grc' dir='ltr'><strong>ἀλλάσσειν</strong></span> <span class='ocrx_word' id='word_1_417' title='bbox 1890 3897 1979 3950; x_wconf 71' lang='grc' dir='ltr'><strong>τὸν</strong></span> <span class='ocrx_word' id='word_1_418' title='bbox 2009 3899 2181 3969; x_wconf 65' lang='grc' dir='ltr'><strong>ἀρχιει</strong></span> 
     </span>
    </p>
   </div>
   <div class='ocr_carea' id='block_1_44' title="bbox 2248 3888 3830 3969">
    <p class='ocr_par' dir='ltr' id='par_1_44' title="bbox 2248 3888 3830 3969">
     <span class='ocr_line' id='line_1_44' title="bbox 2248 3888 3830 3969; baseline -0.002 -18"><span class='ocrx_word' id='word_1_419' title='bbox 2248 3907 2313 3951; x_wconf 78' lang='grc' dir='ltr'><strong>ι·</strong></span> <span class='ocrx_word' id='word_1_420' title='bbox 2352 3890 2543 3950; x_wconf 86' lang='lat' dir='ltr'><strong>etiam</strong></span> <span class='ocrx_word' id='word_1_421' title='bbox 2579 3907 2818 3952; x_wconf 91' lang='lat' dir='ltr'><strong>munus</strong></span> <span class='ocrx_word' id='word_1_422' title='bbox 2853 3896 3009 3964; x_wconf 91' lang='lat' dir='ltr'><strong>erat,</strong></span> <span class='ocrx_word' id='word_1_423' title='bbox 3040 3890 3484 3969; x_wconf 85' lang='lat' dir='ltr'><strong>patriarcham,</strong></span> <span class='ocrx_word' id='word_1_424' title='bbox 3533 3906 3649 3951; x_wconf 90' lang='lat' dir='ltr'><strong>seu</strong></span> <span class='ocrx_word' id='word_1_425' title='bbox 3701 3888 3830 3967; x_wconf 84' lang='lat' dir='ltr'><strong>epi-</strong></span> 
     </span>
    </p>
   </div>
   <div class='ocr_carea' id='block_1_45' title="bbox 598 3985 3831 4067">
    <p class='ocr_par' dir='ltr' id='par_1_45' title="bbox 598 3985 3831 4067">
     <span class='ocr_line' id='line_1_45' title="bbox 598 3985 3831 4067; baseline 0 -22"><span class='ocrx_word' id='word_1_426' title='bbox 598 4002 887 4061; x_wconf 65' lang='lat' dir='ltr'><strong>scotium,</strong></span> <span class='ocrx_word' id='word_1_427' title='bbox 923 3987 1180 4065; x_wconf 90' lang='lat' dir='ltr'><strong>quando</strong></span> <span class='ocrx_word' id='word_1_428' title='bbox 1208 3994 1419 4049; x_wconf 90' lang='lat' dir='ltr'><strong>vestes</strong></span> <span class='ocrx_word' id='word_1_429' title='bbox 1452 3987 1514 4047; x_wconf 91' lang='lat' dir='ltr'><strong>in</strong></span> <span class='ocrx_word' id='word_1_430' title='bbox 1561 4006 1626 4048; x_wconf 92' lang='lat' dir='ltr'><strong>re</strong></span> <span class='ocrx_word' id='word_1_431' title='bbox 1663 3986 1881 4047; x_wconf 86' lang='lat' dir='ltr'><strong>divina</strong></span> <span class='ocrx_word' id='word_1_432' title='bbox 1916 3985 2276 4063; x_wconf 81' lang='lat' dir='ltr'><strong>peragenda</strong></span> <span class='ocrx_word' id='word_1_433' title='bbox 2334 3985 2659 4047; x_wconf 61' lang='lat' dir='ltr'><strong>mutandas</strong></span> <span class='ocrx_word' id='word_1_434' title='bbox 2695 3999 2899 4062; x_wconf 89' lang='lat' dir='ltr'><strong>erant,</strong></span> <span class='ocrx_word' id='word_1_435' title='bbox 2930 3988 3232 4067; x_wconf 86' lang='lat' dir='ltr'><strong>adjuvare</strong></span> <span class='ocrx_word' id='word_1_436' title='bbox 3266 3996 3326 4049; x_wconf 92' lang='lat' dir='ltr'><strong>et</strong></span> <span class='ocrx_word' id='word_1_437' title='bbox 3384 3985 3679 4055; x_wconf 82' lang='lat' dir='ltr'><strong>induere.</strong></span> <span class='ocrx_word' id='word_1_438' title='bbox 3717 4001 3831 4047; x_wconf 87' lang='lat' dir='ltr'><strong>una</strong></span> 
     </span>
    </p>
   </div>
   <div class='ocr_carea' id='block_1_46' title="bbox 598 4082 3833 4163">
    <p class='ocr_par' dir='ltr' id='par_1_46' title="bbox 598 4082 3833 4163">
     <span class='ocr_line' id='line_1_46' title="bbox 598 4082 3833 4163; baseline 0.001 -22"><span class='ocrx_word' id='word_1_439' title='bbox 598 4097 740 4141; x_wconf 89' lang='lat' dir='ltr'><strong>cum</strong></span> <span class='ocrx_word' id='word_1_440' title='bbox 772 4082 1261 4143; x_wconf 86' lang='lat' dir='ltr'><strong>hieromemnone</strong></span> <span class='ocrx_word' id='word_1_441' title='bbox 1298 4083 1449 4159; x_wconf 91' lang='lat' dir='ltr'><strong>[alio</strong></span> <span class='ocrx_word' id='word_1_442' title='bbox 1486 4082 1763 4155; x_wconf 75' lang='lat' dir='ltr'><strong>ofﬁciali,</strong></span> <span class='ocrx_word' id='word_1_443' title='bbox 1800 4082 2125 4142; x_wconf 86' lang='lat' dir='ltr'><strong>canstrisii</strong></span> <span class='ocrx_word' id='word_1_444' title='bbox 2151 4083 2489 4161; x_wconf 85' lang='lat' dir='ltr'><strong>adjutore].</strong></span> <span class='ocrx_word' id='word_1_445' title='bbox 2532 4086 2752 4163; x_wconf 85' lang='lat' dir='ltr'><strong>Itaque</strong></span> <span class='ocrx_word' id='word_1_446' title='bbox 2788 4086 3114 4147; x_wconf 86' lang='lat' dir='ltr'><strong>canstrion</strong></span> <span class='ocrx_word' id='word_1_447' title='bbox 3148 4084 3309 4146; x_wconf 89' lang='lat' dir='ltr'><strong>nihil</strong></span> <span class='ocrx_word' id='word_1_448' title='bbox 3354 4083 3534 4146; x_wconf 92' lang='lat' dir='ltr'><strong>aliud</strong></span> <span class='ocrx_word' id='word_1_449' title='bbox 3594 4083 3833 4145; x_wconf 88' lang='lat' dir='ltr'><strong>videtur</strong></span> 
     </span>
    </p>
   </div>
   <div class='ocr_carea' id='block_1_47' title="bbox 600 4174 3827 4259">
    <p class='ocr_par' dir='ltr' id='par_1_47' title="bbox 600 4174 3827 4259">
     <span class='ocr_line' id='line_1_47' title="bbox 600 4174 3827 4259; baseline 0.001 -24"><span class='ocrx_word' id='word_1_450' title='bbox 600 4174 704 4237; x_wconf 86' lang='lat' dir='ltr'><strong>hic</strong></span> <span class='ocrx_word' id='word_1_451' title='bbox 736 4193 907 4252; x_wconf 88' lang='lat' dir='ltr'><strong>esse,</strong></span> <span class='ocrx_word' id='word_1_452' title='bbox 941 4194 1129 4257; x_wconf 89' lang='lat' dir='ltr'><strong>quam</strong></span> <span class='ocrx_word' id='word_1_453' title='bbox 1187 4178 1579 4250; x_wconf 82' lang='lat' dir='ltr'><strong>vestiarium,</strong></span> <span class='ocrx_word' id='word_1_454' title='bbox 1616 4195 1732 4239; x_wconf 90' lang='lat' dir='ltr'><strong>seu</strong></span> <span class='ocrx_word' id='word_1_455' title='bbox 1769 4179 1946 4238; x_wconf 91' lang='lat' dir='ltr'><strong>locus</strong></span> <span class='ocrx_word' id='word_1_456' title='bbox 2001 4177 2276 4240; x_wconf 90' lang='lat' dir='ltr'><strong>vestium</strong></span> <span class='ocrx_word' id='word_1_457' title='bbox 2323 4196 2646 4241; x_wconf 87' lang='lat' dir='ltr'><strong>sacrarum</strong></span> <span class='ocrx_word' id='word_1_458' title='bbox 2683 4201 2698 4239; x_wconf 89' lang='lat'>:</span> <span class='ocrx_word' id='word_1_459' title='bbox 2735 4188 2797 4243; x_wconf 87' lang='lat' dir='ltr'><strong>et</strong></span> <span class='ocrx_word' id='word_1_460' title='bbox 2834 4180 2975 4259; x_wconf 87' lang='lat' dir='ltr'><strong>ipse</strong></span> <span class='ocrx_word' id='word_1_461' title='bbox 3029 4180 3406 4241; x_wconf 82' lang='lat' dir='ltr'><strong>canstrisius</strong></span> <span class='ocrx_word' id='word_1_462' title='bbox 3450 4179 3612 4241; x_wconf 87' lang='lat' dir='ltr'><strong>nihil</strong></span> <span class='ocrx_word' id='word_1_463' title='bbox 3665 4177 3827 4240; x_wconf 87' lang='lat' dir='ltr'><strong>aliud</strong></span> 
     </span>
    </p>
   </div>
   <div class='ocr_carea' id='block_1_48' title="bbox 598 4272 2746 4352">
    <p class='ocr_par' dir='ltr' id='par_1_48' title="bbox 598 4272 2746 4352">
     <span class='ocr_line' id='line_1_48' title="bbox 598 4272 2746 4352; baseline 0 -17"><span class='ocrx_word' id='word_1_464' title='bbox 598 4290 791 4352; x_wconf 87' lang='lat' dir='ltr'><strong>quam</strong></span> <span class='ocrx_word' id='word_1_465' title='bbox 835 4273 889 4335; x_wconf 88' lang='lat' dir='ltr'><strong>is</strong></span> <span class='ocrx_word' id='word_1_466' title='bbox 922 4274 1035 4351; x_wconf 89' lang='lat' dir='ltr'><strong>qui</strong></span> <span class='ocrx_word' id='word_1_467' title='bbox 1071 4274 1238 4335; x_wconf 90' lang='lat' dir='ltr'><strong>inter</strong></span> <span class='ocrx_word' id='word_1_468' title='bbox 1279 4274 1588 4352; x_wconf 88' lang='lat' dir='ltr'><strong>palatinas</strong></span> <span class='ocrx_word' id='word_1_469' title='bbox 1619 4273 1964 4352; x_wconf 84' lang='lat' dir='ltr'><strong>dignitates</strong></span> <span class='ocrx_word' id='word_1_470' title='bbox 1997 4272 2354 4350; x_wconf 88' lang='lat' dir='ltr'><strong>appellatur</strong></span> <span class='ocrx_word' id='word_1_471' title='bbox 2383 4277 2746 4337; x_wconf 80' lang='lat' dir='ltr'><strong>vestiarius.</strong></span> 
     </span>
    </p>
   </div>
   <div class='ocr_carea' id='block_1_49' title="bbox 671 4366 3827 4451">
    <p class='ocr_par' dir='ltr' id='par_1_49' title="bbox 671 4366 3827 4451">
     <span class='ocr_line' id='line_1_49' title="bbox 671 4366 3827 4451; baseline -0.001 -19"><span class='ocrx_word' id='word_1_472' title='bbox 671 4371 770 4432; x_wconf 80' lang='lat'><strong>55.</strong></span> <span class='ocrx_word' id='word_1_473' title='bbox 808 4372 875 4431; x_wconf 89' lang='lat' dir='ltr'><strong>In</strong></span> <span class='ocrx_word' id='word_1_474' title='bbox 910 4372 1131 4433; x_wconf 84' lang='lat' dir='ltr'><strong>eadem</strong></span> <span class='ocrx_word' id='word_1_475' title='bbox 1164 4371 1245 4432; x_wconf 90' lang='lat' dir='ltr'><strong>ad</strong></span> <span class='ocrx_word' id='word_1_476' title='bbox 1266 4370 1597 4433; x_wconf 87' lang='lat' dir='ltr'><strong>Nicolaum</strong></span> <span class='ocrx_word' id='word_1_477' title='bbox 1621 4369 1952 4431; x_wconf 85' lang='lat' dir='ltr'><strong>diaconum</strong></span> <span class='ocrx_word' id='word_1_478' title='bbox 1984 4380 2040 4431; x_wconf 91' lang='lat' dir='ltr'><strong>et</strong></span> <span class='ocrx_word' id='word_1_479' title='bbox 2078 4373 2483 4433; x_wconf 85' lang='lat' dir='ltr'><strong>canstrisium</strong></span> <span class='ocrx_word' id='word_1_480' title='bbox 2520 4371 2839 4451; x_wconf 80' lang='lat' dir='ltr'><strong>Epistola,</strong></span> <span class='ocrx_word' id='word_1_481' title='bbox 2865 4373 3002 4434; x_wconf 86' lang='lat' dir='ltr'><strong>sive</strong></span> <span class='ocrx_word' id='word_1_482' title='bbox 3034 4373 3519 4446; x_wconf 81' lang='lat' dir='ltr'><strong>Dissertatione,</strong></span> <span class='ocrx_word' id='word_1_483' title='bbox 3553 4372 3690 4432; x_wconf 81' lang='lat' dir='ltr'><strong>sive</strong></span> <span class='ocrx_word' id='word_1_484' title='bbox 3721 4366 3827 4430; x_wconf 78' lang='grc' dir='ltr'><strong>Αι-</strong></span> 
     </span>
    </p>
   </div>
   <div class='ocr_carea' id='block_1_50' title="bbox 598 4466 3829 4547">
    <p class='ocr_par' dir='ltr' id='par_1_50' title="bbox 598 4466 3829 4547">
     <span class='ocr_line' id='line_1_50' title="bbox 598 4466 3829 4547; baseline -0.001 -22"><span class='ocrx_word' id='word_1_485' title='bbox 598 4467 931 4539; x_wconf 85' lang='lat' dir='ltr'><strong>locutione,</strong></span> <span class='ocrx_word' id='word_1_486' title='bbox 963 4468 1099 4530; x_wconf 84' lang='lat' dir='ltr'><strong>sive</strong></span> <span class='ocrx_word' id='word_1_487' title='bbox 1134 4467 1481 4546; x_wconf 85' lang='lat' dir='ltr'><strong>Colloquio,</strong></span> <span class='ocrx_word' id='word_1_488' title='bbox 1516 4468 1599 4528; x_wconf 80' lang='lat' dir='ltr'><strong>iis</strong></span> <span class='ocrx_word' id='word_1_489' title='bbox 1623 4468 1888 4529; x_wconf 89' lang='lat' dir='ltr'><strong>omnino</strong></span> <span class='ocrx_word' id='word_1_490' title='bbox 1921 4485 2229 4545; x_wconf 81' lang='lat' dir='ltr'><strong>expressa</strong></span> <span class='ocrx_word' id='word_1_491' title='bbox 2268 4466 2481 4530; x_wconf 88' lang='lat' dir='ltr'><strong>verbis</strong></span> <span class='ocrx_word' id='word_1_492' title='bbox 2530 4466 2838 4546; x_wconf 84' lang='lat' dir='ltr'><strong>leguntur</strong></span> <span class='ocrx_word' id='word_1_493' title='bbox 2867 4467 3253 4547; x_wconf 82' lang='lat' dir='ltr'><strong>Argumenta</strong></span> <span class='ocrx_word' id='word_1_494' title='bbox 3285 4466 3503 4528; x_wconf 79' lang='lat' dir='ltr'><strong>omnia</strong></span> <span class='ocrx_word' id='word_1_495' title='bbox 3542 4466 3829 4526; x_wconf 71' lang='lat' dir='ltr'><strong>adversus</strong></span> 
     </span>
    </p>
   </div>
   <div class='ocr_carea' id='block_1_51' title="bbox 596 4561 3825 4641">
    <p class='ocr_par' dir='ltr' id='par_1_51' title="bbox 596 4561 3825 4641">
     <span class='ocr_line' id='line_1_51' title="bbox 596 4561 3825 4641; baseline -0.001 -21"><span class='ocrx_word' id='word_1_496' title='bbox 596 4564 1054 4639; x_wconf 76' lang='lat' dir='ltr'><strong>processionem</strong></span> <span class='ocrx_word' id='word_1_497' title='bbox 1082 4564 1361 4641; x_wconf 84' lang='lat' dir='ltr'><strong>Spiritus</strong></span> <span class='ocrx_word' id='word_1_498' title='bbox 1392 4564 1594 4623; x_wconf 88' lang='lat' dir='ltr'><strong>sancti</strong></span> <span class='ocrx_word' id='word_1_499' title='bbox 1634 4581 1711 4624; x_wconf 77' lang='lat' dir='ltr'><strong>ea:</strong></span> <span class='ocrx_word' id='word_1_500' title='bbox 1742 4563 1929 4623; x_wconf 85' lang='lat' dir='ltr'><strong>Patre</strong></span> <span class='ocrx_word' id='word_1_501' title='bbox 1958 4562 2273 4641; x_wconf 85' lang='lat' dir='ltr'><strong>Filioque,</strong></span> <span class='ocrx_word' id='word_1_502' title='bbox 2298 4582 2442 4641; x_wconf 66' lang='lat' dir='ltr'><strong>qua:</strong></span> <span class='ocrx_word' id='word_1_503' title='bbox 2473 4562 2653 4623; x_wconf 79' lang='lat' dir='ltr'><strong>aﬂ‘ert</strong></span> <span class='ocrx_word' id='word_1_504' title='bbox 2685 4580 2829 4624; x_wconf 88' lang='lat' dir='ltr'><strong>cum</strong></span> <span class='ocrx_word' id='word_1_505' title='bbox 2852 4564 2990 4624; x_wconf 89' lang='lat' dir='ltr'><strong>suis</strong></span> <span class='ocrx_word' id='word_1_506' title='bbox 3010 4561 3532 4626; x_wconf 82' lang='lat' dir='ltr'><strong>Refutationi‘bus</strong></span> <span class='ocrx_word' id='word_1_507' title='bbox 3555 4563 3825 4624; x_wconf 85' lang='lat' dir='ltr'><strong>Joannes</strong></span> 
     </span>
    </p>
   </div>
   <div class='ocr_carea' id='block_1_52' title="bbox 604 4653 3824 4737">
    <p class='ocr_par' dir='ltr' id='par_1_52' title="bbox 604 4653 3824 4737">
     <span class='ocr_line' id='line_1_52' title="bbox 604 4653 3824 4737; baseline -0.002 -18"><span class='ocrx_word' id='word_1_508' title='bbox 604 4662 862 4732; x_wconf 79' lang='lat' dir='ltr'><strong>Beccus,</strong></span> <span class='ocrx_word' id='word_1_509' title='bbox 900 4660 1247 4737; x_wconf 82' lang='lat' dir='ltr'><strong>patriarcha</strong></span> <span class='ocrx_word' id='word_1_510' title='bbox 1281 4658 2054 4737; x_wconf 83' lang='lat' dir='ltr'><strong>ConstantinOpolitanus,</strong></span> <span class='ocrx_word' id='word_1_511' title='bbox 2086 4661 2153 4720; x_wconf 90' lang='lat' dir='ltr'><strong>in</strong></span> <span class='ocrx_word' id='word_1_512' title='bbox 2206 4658 2505 4719; x_wconf 86' lang='lat' dir='ltr'><strong>Oratione</strong></span> <span class='ocrx_word' id='word_1_513' title='bbox 2544 4660 2571 4717; x_wconf 83' lang='lat'><strong>1</strong></span> <span class='ocrx_word' id='word_1_514' title='bbox 2612 4658 2683 4718; x_wconf 86' lang='lat' dir='ltr'><strong>de</strong></span> <span class='ocrx_word' id='word_1_515' title='bbox 2710 4660 2940 4720; x_wconf 87' lang='lat' dir='ltr'><strong>unione</strong></span> <span class='ocrx_word' id='word_1_516' title='bbox 2966 4657 3418 4731; x_wconf 74' lang='lat' dir='ltr'><strong>Erclesiarum,</strong></span> <span class='ocrx_word' id='word_1_517' title='bbox 3460 4660 3635 4737; x_wconf 76' lang='lat' dir='ltr'><strong>apud</strong></span> <span class='ocrx_word' id='word_1_518' title='bbox 3669 4653 3824 4717; x_wconf 79' lang='lat' dir='ltr'><strong>Alla-</strong></span> 
     </span>
    </p>
   </div>
   <div class='ocr_carea' id='block_1_53' title="bbox 603 4752 3823 4833">
    <p class='ocr_par' dir='ltr' id='par_1_53' title="bbox 603 4752 3823 4833">
     <span class='ocr_line' id='line_1_53' title="bbox 603 4752 3823 4833; baseline -0.001 -20"><span class='ocrx_word' id='word_1_519' title='bbox 603 4754 761 4816; x_wconf 93' lang='lat' dir='ltr'><strong>tium</strong></span> <span class='ocrx_word' id='word_1_520' title='bbox 798 4764 966 4817; x_wconf 89' lang='lat' dir='ltr'><strong>tomo</strong></span> <span class='ocrx_word' id='word_1_521' title='bbox 1000 4758 1022 4817; x_wconf 83' lang='grc' dir='ltr'>Ι</span> <span class='ocrx_word' id='word_1_522' title='bbox 1062 4756 1313 4817; x_wconf 66' lang='lat' dir='ltr'><strong>Gracia:</strong></span> <span class='ocrx_word' id='word_1_523' title='bbox 1344 4754 1729 4829; x_wconf 71' lang='lat' dir='ltr'><strong>orthodoxw,</strong></span> <span class='ocrx_word' id='word_1_524' title='bbox 1776 4774 1808 4816; x_wconf 91' lang='lat' dir='ltr'><strong>a</strong></span> <span class='ocrx_word' id='word_1_525' title='bbox 1842 4772 1981 4833; x_wconf 81' lang='lat' dir='ltr'><strong>pag.</strong></span> <span class='ocrx_word' id='word_1_526' title='bbox 2022 4757 2160 4816; x_wconf 77' lang='lat'><strong>215.</strong></span> <span class='ocrx_word' id='word_1_527' title='bbox 2203 4754 2368 4815; x_wconf 84' lang='lat' dir='ltr'><strong>Hinc</strong></span> <span class='ocrx_word' id='word_1_528' title='bbox 2411 4752 2676 4815; x_wconf 88' lang='lat' dir='ltr'><strong>minime</strong></span> <span class='ocrx_word' id='word_1_529' title='bbox 2722 4754 3148 4817; x_wconf 87' lang='lat' dir='ltr'><strong>dubitandum</strong></span> <span class='ocrx_word' id='word_1_530' title='bbox 3208 4762 3317 4817; x_wconf 89' lang='lat' dir='ltr'><strong>aut</strong></span> <span class='ocrx_word' id='word_1_531' title='bbox 3373 4753 3823 4832; x_wconf 85' lang='lat' dir='ltr'><strong>suspicandum</strong></span> 
     </span>
    </p>
   </div>
   <div class='ocr_carea' id='block_1_54' title="bbox 601 4849 3823 4929">
    <p class='ocr_par' dir='ltr' id='par_1_54' title="bbox 601 4849 3823 4929">
     <span class='ocr_line' id='line_1_54' title="bbox 601 4849 3823 4929; baseline 0 -20"><span class='ocrx_word' id='word_1_532' title='bbox 601 4854 1023 4928; x_wconf 71' lang='lat' dir='ltr'><strong>imposterum</strong></span> <span class='ocrx_word' id='word_1_533' title='bbox 1074 4851 1150 4912; x_wconf 84' lang='lat' dir='ltr'><strong>de</strong></span> <span class='ocrx_word' id='word_1_534' title='bbox 1186 4851 1428 4913; x_wconf 88' lang='lat' dir='ltr'><strong>unitate</strong></span> <span class='ocrx_word' id='word_1_535' title='bbox 1458 4849 1699 4928; x_wconf 84' lang='lat' dir='ltr'><strong>Operis,</strong></span> <span class='ocrx_word' id='word_1_536' title='bbox 1739 4852 1909 4929; x_wconf 89' lang='lat' dir='ltr'><strong>quod</strong></span> <span class='ocrx_word' id='word_1_537' title='bbox 1942 4850 2251 4911; x_wconf 85' lang='lat' dir='ltr'><strong>hactenus</strong></span> <span class='ocrx_word' id='word_1_538' title='bbox 2292 4851 2372 4910; x_wconf 84' lang='lat' dir='ltr'><strong>oli</strong></span> <span class='ocrx_word' id='word_1_539' title='bbox 2411 4850 2618 4911; x_wconf 90' lang='lat' dir='ltr'><strong>varios</strong></span> <span class='ocrx_word' id='word_1_540' title='bbox 2653 4851 2990 4929; x_wconf 64' lang='lat' dir='ltr'><strong>praadictos</strong></span> <span class='ocrx_word' id='word_1_541' title='bbox 3037 4851 3285 4925; x_wconf 87' lang='lat' dir='ltr'><strong>titulos,</strong></span> <span class='ocrx_word' id='word_1_542' title='bbox 3321 4850 3655 4929; x_wconf 66' lang='lat' dir='ltr'><strong>Epistolis,</strong></span> <span class='ocrx_word' id='word_1_543' title='bbox 3690 4849 3823 4909; x_wconf 84' lang='lat' dir='ltr'><strong>Dis-</strong></span> 
     </span>
    </p>
   </div>
   <div class='ocr_carea' id='block_1_55' title="bbox 598 4936 3311 5027">
    <p class='ocr_par' dir='ltr' id='par_1_55' title="bbox 598 4936 3311 5027">
     <span class='ocr_line' id='line_1_55' title="bbox 598 4936 3311 5027; baseline 0 -22"><span class='ocrx_word' id='word_1_544' title='bbox 598 4949 983 5022; x_wconf 87' lang='lat' dir='ltr'><strong>sertationis,</strong></span> <span class='ocrx_word' id='word_1_545' title='bbox 1028 4956 1081 5008; x_wconf 89' lang='lat' dir='ltr'><strong>et</strong></span> <span class='ocrx_word' id='word_1_546' title='bbox 1121 4947 1436 5027; x_wconf 83' lang='lat' dir='ltr'><strong>Colloquii</strong></span> <span class='ocrx_word' id='word_1_547' title='bbox 1467 4947 1531 5009; x_wconf 92' lang='lat' dir='ltr'><strong>in</strong></span> <span class='ocrx_word' id='word_1_548' title='bbox 1567 4946 1747 5025; x_wconf 90' lang='lat' dir='ltr'><strong>plura</strong></span> <span class='ocrx_word' id='word_1_549' title='bbox 1786 4950 2103 5025; x_wconf 82' lang='lat' dir='ltr'><strong>Opuscula</strong></span> <span class='ocrx_word' id='word_1_550' title='bbox 2150 4946 2680 5009; x_wconf 81' lang='lat' dir='ltr'><strong>distribuebatur.</strong></span> <span class='ocrx_word' id='word_1_551' title='bbox 3306 4936 3311 4941; x_wconf 57' lang='grc'><strong>”</strong></span> 
     </span>
    </p>
   </div>
   <div class='ocr_carea' id='block_1_56' title="bbox 2149 5121 2259 5181">
    <p class='ocr_par' dir='ltr' id='par_1_56' title="bbox 2149 5121 2259 5181">
     <span class='ocr_line' id='line_1_56' title="bbox 2149 5121 2259 5181; baseline 0.018 -2"><span class='ocrx_word' id='word_1_552' title='bbox 2149 5121 2259 5181; x_wconf 80' lang='lat' dir='ltr'><strong>XV-</strong></span> 
     </span>
    </p>
   </div>
   <div class='ocr_carea' id='block_1_57' title="bbox 602 5260 3818 5346">
    <p class='ocr_par' dir='ltr' id='par_1_57' title="bbox 602 5260 3818 5346">
     <span class='ocr_line' id='line_1_57' title="bbox 602 5260 3818 5346; baseline 0.003 -29"><span class='ocrx_word' id='word_1_553' title='bbox 602 5286 624 5309; x_wconf 75' lang='grc' dir='ltr'><strong>σι</strong></span> <span class='ocrx_word' id='word_1_554' title='bbox 666 5260 855 5346; x_wconf 73' lang='lat' dir='ltr'><strong>Regia</strong></span> <span class='ocrx_word' id='word_1_555' title='bbox 886 5260 1213 5346; x_wconf 72' lang='lat' dir='ltr'><strong>Institutio</strong></span> <span class='ocrx_word' id='word_1_556' title='bbox 1259 5283 1294 5346; x_wconf 76' lang='lat'><strong>»_</strong></span> <span class='ocrx_word' id='word_1_557' title='bbox 1316 5260 1401 5346; x_wconf 65' lang='lat' dir='ltr'><strong>ad</strong></span> <span class='ocrx_word' id='word_1_558' title='bbox 1428 5264 1905 5346; x_wconf 67' lang='lat' dir='ltr'><strong>constantinum</strong></span> <span class='ocrx_word' id='word_1_559' title='bbox 1940 5267 2554 5346; x_wconf 81' lang='lat' dir='ltr'><strong>Porphyrogenitum</strong></span> <span class='ocrx_word' id='word_1_560' title='bbox 2592 5269 2804 5329; x_wconf 71' lang='lat' dir='ltr'><strong>erce</strong></span> <span class='ocrx_word' id='word_1_561' title='bbox 2840 5280 2896 5327; x_wconf 87' lang='lat' dir='ltr'><strong>et</strong></span> <span class='ocrx_word' id='word_1_562' title='bbox 2928 5267 3147 5328; x_wconf 82' lang='lat' dir='ltr'><strong>Latine</strong></span> <span class='ocrx_word' id='word_1_563' title='bbox 3179 5267 3343 5327; x_wconf 86' lang='lat' dir='ltr'><strong>edita</strong></span> <span class='ocrx_word' id='word_1_564' title='bbox 3378 5287 3415 5327; x_wconf 81' lang='grc' dir='ltr'><strong>(ι</strong></span> <span class='ocrx_word' id='word_1_565' title='bbox 3448 5268 3642 5328; x_wconf 85' lang='lat' dir='ltr'><strong>Petro</strong></span> <span class='ocrx_word' id='word_1_566' title='bbox 3676 5268 3818 5327; x_wconf 71' lang='lat' dir='ltr'><strong>Pos-</strong></span> 
     </span>
    </p>
   </div>
   <div class='ocr_carea' id='block_1_58' title="bbox 674 5337 3819 5423">
    <p class='ocr_par' dir='ltr' id='par_1_58' title="bbox 674 5337 3819 5423">
     <span class='ocr_line' id='line_1_58' title="bbox 674 5337 3819 5423; baseline 0.003 -28"><span class='ocrx_word' id='word_1_567' title='bbox 674 5340 835 5423; x_wconf 79' lang='lat' dir='ltr'><strong>sino.</strong></span> <span class='ocrx_word' id='word_1_568' title='bbox 877 5348 928 5423; x_wconf 73' lang='lat' dir='ltr'><strong>et</strong></span> <span class='ocrx_word' id='word_1_569' title='bbox 964 5338 1181 5423; x_wconf 67' lang='lat' dir='ltr'><strong>Qi&#39;atio</strong></span> <span class='ocrx_word' id='word_1_570' title='bbox 1212 5337 1294 5423; x_wconf 64' lang='lat' dir='ltr'><strong>ad</strong></span> <span class='ocrx_word' id='word_1_571' title='bbox 1322 5340 1616 5423; x_wconf 63' lang='lat' dir='ltr'><strong>Alexium</strong></span> <span class='ocrx_word' id='word_1_572' title='bbox 1655 5341 2031 5423; x_wconf 62' lang='lat' dir='ltr'><strong>Qomnenum</strong></span> <span class='ocrx_word' id='word_1_573' title='bbox 2063 5337 2503 5423; x_wconf 63' lang='lat' dir='ltr'><strong>imperatorem</strong></span> <span class='ocrx_word' id='word_1_574' title='bbox 2530 5348 2595 5407; x_wconf 86' lang='lat' dir='ltr'><strong>in</strong></span> <span class='ocrx_word' id='word_1_575' title='bbox 2618 5349 2826 5408; x_wconf 82' lang='lat' dir='ltr'><strong>codice</strong></span> <span class='ocrx_word' id='word_1_576' title='bbox 2850 5348 3652 5408; x_wconf 78' lang='lat' dir='ltr'><strong>Bavarico-Monachiensi.</strong></span> <span class='ocrx_word' id='word_1_577' title='bbox 3680 5349 3819 5408; x_wconf 52' lang='lat' dir='ltr'><strong>Car»</strong></span> 
     </span>
    </p>
   </div>
   <div class='ocr_carea' id='block_1_59' title="bbox 674 5416 3677 5505">
    <p class='ocr_par' dir='ltr' id='par_1_59' title="bbox 674 5416 3677 5505">
     <span class='ocr_line' id='line_1_59' title="bbox 674 5416 3677 5505; baseline 0.004 -32"><span class='ocrx_word' id='word_1_578' title='bbox 674 5418 841 5475; x_wconf 85' lang='lat' dir='ltr'><strong>mina</strong></span> <span class='ocrx_word' id='word_1_579' title='bbox 877 5416 1110 5476; x_wconf 82' lang='lat' dir='ltr'><strong>inedita</strong></span> <span class='ocrx_word' id='word_1_580' title='bbox 1143 5427 1196 5475; x_wconf 84' lang='lat' dir='ltr'><strong>et</strong></span> <span class='ocrx_word' id='word_1_581' title='bbox 1235 5416 1538 5496; x_wconf 79' lang='lat' dir='ltr'><strong>Epistolce</strong></span> <span class='ocrx_word' id='word_1_582' title='bbox 1578 5420 1925 5482; x_wconf 73' lang='lat' dir='ltr'><strong>a-Baronio</strong></span> <span class='ocrx_word' id='word_1_583' title='bbox 1961 5434 2015 5482; x_wconf 87' lang='lat' dir='ltr'><strong>et</strong></span> <span class='ocrx_word' id='word_1_584' title='bbox 2048 5416 2327 5486; x_wconf 69' lang='lat' dir='ltr'><strong>Meursio</strong></span> <span class='ocrx_word' id='word_1_585' title='bbox 2368 5426 2654 5505; x_wconf 61' lang='lat' dir='ltr'><strong>vulgata.</strong></span> <span class='ocrx_word' id='word_1_586' title='bbox 2696 5426 2899 5503; x_wconf 85' lang='lat' dir='ltr'><strong>Opera</strong></span> <span class='ocrx_word' id='word_1_587' title='bbox 2931 5426 3124 5487; x_wconf 80' lang='lat' dir='ltr'><strong>dubia</strong></span> <span class='ocrx_word' id='word_1_588' title='bbox 3153 5437 3210 5485; x_wconf 90' lang='lat' dir='ltr'><strong>et</strong></span> <span class='ocrx_word' id='word_1_589' title='bbox 3233 5427 3677 5504; x_wconf 80' lang='lat' dir='ltr'><strong>supposititia.</strong></span> 
     </span>
    </p>
   </div>
   <div class='ocr_carea' id='block_1_60' title="bbox 677 5566 3816 5658">
    <p class='ocr_par' dir='ltr' id='par_1_60' title="bbox 677 5566 3816 5658">
     <span class='ocr_line' id='line_1_60' title="bbox 677 5566 3816 5658; baseline 0.004 -33"><span class='ocrx_word' id='word_1_590' title='bbox 677 5566 774 5625; x_wconf 74' lang='lat'><strong>£36.</strong></span> <span class='ocrx_word' id='word_1_591' title='bbox 828 5569 915 5626; x_wconf 77' lang='lat' dir='ltr'><strong>Ad</strong></span> <span class='ocrx_word' id='word_1_592' title='bbox 952 5567 1352 5628; x_wconf 83' lang='lat' dir='ltr'><strong>humanioris</strong></span> <span class='ocrx_word' id='word_1_593' title='bbox 1392 5571 1761 5645; x_wconf 62' lang='lat' dir='ltr'><strong>litteraturae</strong></span> <span class='ocrx_word' id='word_1_594' title='bbox 1790 5574 2053 5637; x_wconf 65' lang='lat' dir='ltr'><strong>classem</strong></span> <span class='ocrx_word' id='word_1_595' title='bbox 2087 5585 2395 5656; x_wconf 78' lang='lat' dir='ltr'><strong>spectant,</strong></span> <span class='ocrx_word' id='word_1_596' title='bbox 2428 5597 2572 5657; x_wconf 83' lang='lat' dir='ltr'><strong>quae</strong></span> <span class='ocrx_word' id='word_1_597' title='bbox 2601 5588 2987 5658; x_wconf 75' lang='lat' dir='ltr'><strong>sequuntur,</strong></span> <span class='ocrx_word' id='word_1_598' title='bbox 3024 5579 3488 5657; x_wconf 67' lang='lat' dir='ltr'><strong>&#39;I‘heOpliylacti</strong></span> <span class='ocrx_word' id='word_1_599' title='bbox 3531 5580 3816 5641; x_wconf 79' lang='lat' dir='ltr'><strong>lucubra-</strong></span> 
     </span>
    </p>
   </div>
   <div class='ocr_carea' id='block_1_61' title="bbox 596 5660 3821 5754">
    <p class='ocr_par' dir='ltr' id='par_1_61' title="bbox 596 5660 3821 5754">
     <span class='ocr_line' id='line_1_61' title="bbox 596 5660 3821 5754; baseline 0.006 -39"><span class='ocrx_word' id='word_1_600' title='bbox 596 5662 829 5754; x_wconf 69' lang='lat' dir='ltr'><strong>tiones.</strong></span> <span class='ocrx_word' id='word_1_601' title='bbox 866 5660 1073 5720; x_wconf 84' lang='lat' dir='ltr'><strong>Primo</strong></span> <span class='ocrx_word' id='word_1_602' title='bbox 1107 5661 1244 5721; x_wconf 84' lang='lat' dir='ltr'><strong>loco</strong></span> <span class='ocrx_word' id='word_1_603' title='bbox 1274 5663 1529 5739; x_wconf 78' lang='lat' dir='ltr'><strong>Regiam</strong></span> <span class='ocrx_word' id='word_1_604' title='bbox 1559 5666 2027 5729; x_wconf 75' lang='lat' dir='ltr'><strong>lnstitulionem</strong></span> <span class='ocrx_word' id='word_1_605' title='bbox 2062 5688 2367 5737; x_wconf 80' lang='lat' dir='ltr'><strong>recenseo</strong></span> <span class='ocrx_word' id='word_1_606' title='bbox 2398 5675 2479 5735; x_wconf 79' lang='lat' dir='ltr'><strong>ad</strong></span> <span class='ocrx_word' id='word_1_607' title='bbox 2514 5677 2997 5737; x_wconf 83' lang='lat' dir='ltr'><strong>Constantinum</strong></span> <span class='ocrx_word' id='word_1_608' title='bbox 3032 5675 3680 5754; x_wconf 80' lang='lat' dir='ltr'><strong>Porphyrogenitum,</strong></span> <span class='ocrx_word' id='word_1_609' title='bbox 3720 5676 3821 5735; x_wconf 80' lang='lat' dir='ltr'><strong>Mi-</strong></span> 
     </span>
    </p>
   </div>
   <div class='ocr_carea' id='block_1_62' title="bbox 594 5752 3821 5851">
    <p class='ocr_par' dir='ltr' id='par_1_62' title="bbox 594 5752 3821 5851">
     <span class='ocr_line' id='line_1_62' title="bbox 594 5752 3821 5851; baseline 0.005 -36"><span class='ocrx_word' id='word_1_610' title='bbox 594 5752 833 5816; x_wconf 76' lang='lat' dir='ltr'><strong>chaelis</strong></span> <span class='ocrx_word' id='word_1_611' title='bbox 864 5757 944 5817; x_wconf 76' lang='grc' dir='ltr'><strong>ιν</strong></span> <span class='ocrx_word' id='word_1_612' title='bbox 989 5759 1174 5820; x_wconf 72' lang='lat' dir='ltr'><strong>Ducae</strong></span> <span class='ocrx_word' id='word_1_613' title='bbox 1209 5760 1948 5839; x_wconf 72' lang='lat' dir='ltr'><strong>imperatoris,et)lariae</strong></span> <span class='ocrx_word' id='word_1_614' title='bbox 1980 5788 2054 5830; x_wconf 86' lang='lat' dir='ltr'><strong>ex</strong></span> <span class='ocrx_word' id='word_1_615' title='bbox 2088 5770 2411 5833; x_wconf 79' lang='lat' dir='ltr'><strong>[berorum</strong></span> <span class='ocrx_word' id='word_1_616' title='bbox 2448 5773 2765 5848; x_wconf 73' lang='lat' dir='ltr'><strong>sanguine</strong></span> <span class='ocrx_word' id='word_1_617' title='bbox 2815 5774 2995 5851; x_wconf 74' lang='lat' dir='ltr'><strong>regio</strong></span> <span class='ocrx_word' id='word_1_618' title='bbox 3028 5752 3179 5834; x_wconf 62' lang='lat' dir='ltr'><strong>satio</strong></span> <span class='ocrx_word' id='word_1_619' title='bbox 3218 5752 3445 5833; x_wconf 86' lang='lat' dir='ltr'><strong>ﬁlium.</strong></span> <span class='ocrx_word' id='word_1_620' title='bbox 3485 5773 3821 5833; x_wconf 67' lang='lat' dir='ltr'><strong>Praeclaris-</strong></span> 
     </span>
    </p>
   </div>
   <div class='ocr_carea' id='block_1_63' title="bbox 602 5852 3815 5943">
    <p class='ocr_par' dir='ltr' id='par_1_63' title="bbox 602 5852 3815 5943">
     <span class='ocr_line' id='line_1_63' title="bbox 602 5852 3815 5943; baseline 0.004 -28"><span class='ocrx_word' id='word_1_621' title='bbox 602 5852 839 5915; x_wconf 67' lang='lat' dir='ltr'><strong>Sittium</strong></span> <span class='ocrx_word' id='word_1_622' title='bbox 873 5869 1033 5934; x_wconf 71' lang='lat' dir='ltr'><strong>Opus</strong></span> <span class='ocrx_word' id='word_1_623' title='bbox 1068 5858 1309 5933; x_wconf 69' lang='lat' dir='ltr'><strong>primus</strong></span> <span class='ocrx_word' id='word_1_624' title='bbox 1347 5863 1412 5921; x_wconf 87' lang='lat' dir='ltr'><strong>in</strong></span> <span class='ocrx_word' id='word_1_625' title='bbox 1458 5858 1664 5924; x_wconf 75' lang='lat' dir='ltr'><strong>lucem</strong></span> <span class='ocrx_word' id='word_1_626' title='bbox 1694 5866 1904 5925; x_wconf 72' lang='lat' dir='ltr'><strong>emisit</strong></span> <span class='ocrx_word' id='word_1_627' title='bbox 1949 5868 2074 5927; x_wconf 71' lang='lat' dir='ltr'><strong>Pet:</strong></span> <span class='ocrx_word' id='word_1_628' title='bbox 2100 5887 2169 5929; x_wconf 73' lang='lat' dir='ltr'><strong>us</strong></span> <span class='ocrx_word' id='word_1_629' title='bbox 2203 5870 2511 5933; x_wconf 67' lang='lat' dir='ltr'><strong>I&#39;ossmus</strong></span> <span class='ocrx_word' id='word_1_630' title='bbox 2543 5889 2618 5933; x_wconf 84' lang='lat' dir='ltr'><strong>ex</strong></span> <span class='ocrx_word' id='word_1_631' title='bbox 2654 5870 3036 5935; x_wconf 70' lang='lat' dir='ltr'><strong>bibliotheca</strong></span> <span class='ocrx_word' id='word_1_632' title='bbox 3085 5871 3463 5933; x_wconf 76' lang='lat' dir='ltr'><strong>l’ioi&#39;entina</strong></span> <span class='ocrx_word' id='word_1_633' title='bbox 3522 5873 3815 5943; x_wconf 62' lang='lat' dir='ltr'><strong>Mediizea,</strong></span> 
     </span>
    </p>
   </div>
  </div>
