4006 6548
204 599 269 662 57
1037 600 1137 663 DE
1174 596 1766 663 THEOPHYLACTI
1799 596 2073 659 GESTIS
2104 597 2202 659 ΕΤ
2242 595 2615 661 SCRIPTIS.
3429 588 3504 652 58

207 722 274 775 ut
305 712 615 775 admonet
652 711 719 773 in
753 711 1042 791 Epistola
1072 710 1550 789 nuncupatoria
1580 709 1660 772 ad
1723 705 2127 769 Ludovicum
2160 708 2304 769 XIV
2342 704 2567 769 Gallia
2589 709 2654 765 et
2720 704 3024 766 Navarraa
3068 716 3288 779 regem
3332 696 3517 762 Chri'

208 809 711 882 stianissimum,
745 806 920 889 typis
948 806 1174 888 Regiis
1205 807 1691 870 Parisiensibus
1725 804 1907 875 1651,
1944 803 2108 865 in-Ie.
2146 805 2369 865 Latina
2397 802 2618 865 versio
2649 800 2897 881 prodiit
2936 800 3006 862 in
3042 795 3513 879 Lugdunensis

221 904 643 968 Bibliothecm
671 907 929 967 Patrum
965 912 1139 967 tomo
1171 904 1416 979 XVIII,
1449 918 1720 982 eamque
1759 900 1993 963 iterum
2029 917 2175 963 cum
2215 899 2437 961 Graeco
2470 904 2655 961 textu
2690 896 2982 978 vulgavit
3038 893 3411 959 Bandurius
3443 893 3514 955 in

204 1003 489 1083 Imperio
527 1000 868 1065 Orientali.
905 1002 1079 1064 Duas
1111 1000 1181 1063 in
1215 1008 1426 1082 partes
1458 998 1768 1063 tribuitur
1800 1014 1989 1077 Opus,
2014 998 2476 1076 Panegyricum
2506 997 2816 1075 priorem,
2848 994 3113 1058 alteram
3146 990 3506 1053 Parameti-

206 1118 367 1161 eam.
413 1099 559 1173 Quo
592 1106 887 1178 tempore
920 1115 1061 1160 eam
1089 1097 1621 1179 Theophylactus
1660 1094 2029 1175 scripserit,
2055 1094 2347 1156 diximus
2395 1109 2577 1155 num.
2614 1092 2677 1154 8.

287 1196 555 1273 [XXVI]
581 1194 912 1256 Orationis
940 1193 1023 1255 ad
1048 1194 1343 1257 Alexium
1370 1194 1751 1257 Comnenum
1783 1194 2221 1271 imperatorem
2243 1190 2535 1253 meminit
2556 1188 2822 1251 Latinus
2844 1186 3143 1249 Latinius
3168 1186 3234 1247 in
3260 1182 3512 1246 Biblio-

202 1293 387 1357 theca
432 1310 620 1354 sacra
682 1296 983 1374 profana,
1022 1293 1133 1355 ubi
1168 1293 1249 1355 de
1284 1292 1769 1373 TheOphylacto
1803 1292 1959 1371 agit,
2000 1289 2101 1350 his
2139 1287 2355 1349 verbis
2390 1310 2405 1349 :
2452 1310 2483 1345 α
2520 1288 2741 1349 Exstat
2775 1284 2918 1365 ejus
2953 1283 3175 1346 Oratio
3206 1282 3285 1344 ad
3322 1297 3513 1343 eum-

198 1390 352 1452 dem
395 1388 699 1452 Alexium
738 1407 751 1450 :
786 1399 987 1469 atque
1049 1390 1136 1451 ita
1195 1389 1591 1452 Laurentius
1652 1386 1941 1451 Sifanius
1980 1402 2060 1447 ex
2090 1385 2341 1446 Joanne
2376 1384 2697 1445 Sambuco
2730 1380 2995 1459 scripsit
3030 1381 3094 1441 in
3131 1376 3509 1458 praefatione

201 1486 815 1550 Commentariorum
844 1484 1309 1565 Theopbylacti
1346 1486 1416 1547 in
1446 1484 1606 1546 Acta
1634 1483 2096 1566 apostolorum.
2125 1504 2154 1537 ι
2181 1481 2645 1560 Apographum
2684 1484 2816 1557 prae
2854 1473 3154 1537 manibus
3180 1473 3411 1547 habeo,
3432 1489 3514 1534 ex

200 1583 430 1646 codice
464 1580 1260 1646 Bavarico-Monachiensi
1301 1582 1724 1661 descriptum,
1758 1579 1933 1662 quod
1979 1578 2205 1642 Latine
2227 1578 2420 1640 vertit
2454 1574 2754 1638 laudatus
2807 1570 3204 1646 consodalis,
3246 1569 3509 1633 Bonifa-

202 1678 350 1740 cius
383 1677 706 1739 Finettus.

286 1773 670 1852 Composuit
704 1772 1156 1853 panegyricam
1192 1770 1356 1834 banc
1388 1769 1765 1834 Orationem
1792 1777 2016 1833 auctor
2045 1776 2186 1849 post
2224 1769 2468 1832 bellum
2506 1768 2911 1849 Scythicum,
2941 1766 3299 1847 pluresque
3325 1763 3394 1825 in
3430 1778 3515 1852 eo,

199 1876 560 1949 reportatas
592 1868 672 1930 ab
704 1868 934 1931 Alexio
961 1868 1353 1947 imperatore
1384 1866 1715 1930 victorias.
1756 1867 1907 1929 Late
1954 1867 2265 1929 describit
2313 1866 2481 1928 illud
2544 1870 2730 1927 Anna
2780 1866 3117 1927 Comnena
3160 1869 3297 1925 toto
3340 1860 3511 1922 libro

200 1986 295 2032 vn
325 1964 697 2037 Alexiados,
737 1981 809 2028 ac
836 1965 960 2028 sub
1001 1965 1266 2027 initium
1300 1963 1712 2043 insequentis
1749 1963 1891 2025 libri
1925 1982 2061 2038 vm,
2113 1964 2222 2026 ubi
2249 1964 2530 2043 Augusti
2581 1963 2959 2040 ingressum
2994 1960 3261 2039 Regiam
3298 1957 3367 2019 in
3402 1974 3512 2019 ur-

198 2067 350 2130 bem
380 2064 601 2140 refert,
639 2088 667 2120 α
715 2063 891 2126 omni
949 2062 1169 2124 laetitia
1205 2070 1265 2124 et
1323 2060 1760 2141 gratulatione
1796 2081 1826 2117 ››
1860 2062 2280 2124 celebratum.
2317 2062 2563 2123 Eodem
2614 2059 2682 2121 in
2733 2057 2904 2120 libro
2956 2076 3045 2119 vu
3078 2056 3389 2135 legimus,
3428 2053 3510 2115 ad

200 2162 542 2236 Alexinm,
576 2160 687 2240 qui
724 2158 1024 2240 augendo
1058 2166 1278 2221 contra
1305 2156 1573 2237 Scythas
1599 2157 1917 2220 exercitui
1953 2174 2215 2236 Operam
2249 2156 2462 2232 dabat,
2498 2156 2761 2219 venisse
2789 2179 2818 2214 α
2849 2156 3173 2218 Flandriaa
3201 2151 3507 2215 comitem

199 2261 589 2334 Robertum,
621 2267 681 2334 ἐξ
724 2264 1121 2337 Ἱεροσολύμων
1146 2264 1613 2336 ἐπανερχόμενον,
1642 2256 1781 2317 Jerc

1926 2253 2077 2323 nnis
2105 2260 2564 2315 revertentem.
2605 2275 2637 2311 ιο
2680 2251 2993 2315 Hancille
3028 2247 3508 2328 peregrinatio-

200 2372 355 2417 nem
394 2354 768 2434 susceperat
799 2353 1123 2416 decennio
1158 2361 1304 2415 ante
1346 2368 1558 2414 sacras
1587 2350 2069 2429 expeditiones,
2101 2364 2274 2409 anno
2305 2346 2558 2423 scilicet
2593 2349 2774 2423 1085,
2817 2365 2851 2409 a
2883 2364 3011 2428 qua
3053 2345 3348 2408 nondum
3401 2361 3505 2405 re-

198 2449 438 2511 ducem
470 2446 678 2511 fuisse
706 2463 877 2510 anno
906 2448 1061 2511 1089
1091 2456 1316 2510 auctor
1344 2453 1440 2509 est
1476 2445 1760 2525 Majerus
1792 2443 1957 2507 libro
1985 2463 2083 2519 ιιι,
2117 2446 2290 2524 apud
2326 2443 2755 2508 Dufresnium
2798 2443 2870 2507 in
2919 2445 3090 2508 notis
3148 2443 3226 2506 ad
3269 2441 3512 2502 librum

200 2562 296 2610 vu
326 2542 697 2607 Aleziados.
734 2545 959 2622 Itaque
992 2551 1136 2622 post
1180 2558 1425 2605 annum
1465 2542 1623 2606 1089
1674 2542 1868 2605 tinem
1929 2542 2157 2605 habuit
2222 2542 2466 2604 bellum
2524 2540 2927 2622 Scythicum,
2964 2559 3176 2622 eoque
3212 2547 3508 2618 tempore

199 2640 450 2720 scripta
481 2639 837 2720 Panegyris
875 2655 910 2702 a
942 2639 1456 2719 TheOphylacto.
1944 2661 1955 2673 -
2936 2674 2937 2677 η

286 2740 363 2800 In
429 2755 504 2802 ea
555 2739 689 2801 haec
737 2739 879 2818 ejus
926 2736 1116 2800 verba
1156 2747 1310 2798 sunt
1346 2759 1360 2797 :
1392 2746 1457 2801 Tt
1486 2746 1562 2818 μὴ
1585 2746 1676 2802 τὸν
1713 2747 1868 2818 βασιλ

1933 2747 2086 2801 ιυὶὸν
2111 2746 2207 2802 καὶ
2236 2745 2468 2817 βασιλέα
2505 2747 2822 2818 γνωρίζεις,
2860 2754 2978 2798 cur
3044 2752 3255 2814 regem
3312 2732 3515 2813 ﬁlium

198 2855 338 2899 non
373 2837 707 2898 renuntias
730 2852 960 2914 regem,
1002 2842 1148 2898 ἀλλὰ
1178 2842 1389 2914 ἀναδύη
1423 2842 1524 2911 τὴν
1556 2845 1780 2915 ποθουμι

1936 2844 2284 2916 ἀνάρῤησιν;
2330 2834 2442 2897 sed
2468 2834 2892 2898 desideratam
2931 2833 3245 2896 detractas
3284 2848 3518 2891 renun—

201 2935 537 2998 tiationem
559 2935 627 2997 in
659 2950 874 3014 regem
900 2936 929 2993 ‘I
959 2932 1125 2994 Satis
1160 2932 1293 2996 haec
1324 2932 1610 2994 indicant
1642 2933 1961 2995 Joannem
2017 2932 2309 2993 nondum
2341 2949 2377 2993 a
2403 2939 2579 3011 patre
2602 2932 2831 2994 Alexio
2862 2940 3274 3009 assumptum
3305 2928 3516 2993 fuisse

199 3029 274 3091 in
310 3026 714 3091 consortium
754 3025 1039 3101 imperii.
1072 3026 1144 3087 Id
1179 3041 1331 3087 vero
1362 3023 1598 3085 factum
1630 3040 1804 3087 anno
1844 3028 2025 3101 1091,
2057 3035 2127 3090 ut
2160 3026 2353 3090 habet
2387 3028 2646 3108 Pagius,
2679 3044 2825 3090 cum
2857 3036 3139 3104 quatuor
3174 3026 3282 3089 ille
3310 3043 3518 3089 annos

204 3134 401 3188 natus
435 3130 607 3187 esset
646 3148 662 3186 :
696 3122 872 3187 unde
900 3139 1072 3187 anno
1102 3121 1364 3187 circiter
1398 3122 1555 3186 1090
1585 3124 1891 3189 encomio
1928 3141 2053 3190 suo
2077 3123 2379 3188 Alexium
2405 3123 2866 3205 imperatorem
2913 3124 3268 3187 celebravit
3296 3122 3520 3185 Theo-

206 3222 581 3302 phylactus.
2306 3226 2311 3231 ’

283 3321 388 3382 57.
429 3322 617 3396 Apud
652 3318 979 3381 Labbeum
1012 3317 1080 3381 in
1112 3318 1292 3383 Nova
1324 3319 1721 3386 Bibliotheca
1748 3340 1898 3384 mss.
1935 3331 2113 3402 parte
2148 3339 2235 3395 tv,
2274 3336 2419 3401 pag.
2447 3321 2589 3395 137,
2626 3320 2833 3383 codex
2858 3320 3107 3398 Regius
3136 3324 3520 3380 recensetur

199 3433 357 3481 cum
398 3414 847 3497 The‘ophylacti
873 3415 1197 3496 Bulgaria:
1229 3418 1706 3501 archiepiscopi
1733 3420 2022 3482 versibus
2073 3418 2528 3480 consolatoriis
2562 3418 2633 3478 in
2683 3416 3073 3479 calamitate.
3140 3414 3519 3477 Carminum

199 3514 467 3595 utique,
501 3531 647 3595 qnee
694 3514 834 3592 ipse
895 3514 1229 3588 cecinerit,
1300 3518 1602 3579 meminit
1668 3518 1735 3579 in

1942 3518 2072 3578 tola
2135 3516 2309 3577 inter
2358 3514 2766 3578 Meursianas
2798 3515 3272 3593 20;Ἠμυνάμην
3314 3520 3520 3590 στίχοις

204 3622 485 3694 ιαμόιίοις
515 3619 714 3684 πολλὰς
744 3620 994 3688 ἐλεγείας
1024 3618 1157 3694 ᾆσαι
1187 3621 1256 3674 δι’
1283 3621 1409 3675 ὅλου
1445 3623 1694 3676 ἐναντίου
1731 3640 1786 3694 με

1933 3626 2377 3696 ταναγκάσαντος,
2413 3616 2792 3696 propulsaoi
2819 3614 3206 3677 carminibus
3234 3613 3515 3675 iambicis

198 3712 442 3771 multas
476 3710 705 3789 elegiae
729 3727 853 3789 per
895 3727 1133 3770 annum
1166 3728 1391 3771 canere
1422 3720 1704 3773 coactus.

283 3805 729 3887 Epistolarum
776 3808 1066 3885 denique
1098 3806 1359 3869 codices
1386 3806 1519 3868 duo
1546 3806 1685 3869 noti
1717 3814 1895 3884 sunt,
1927 3808 2278 3871 Vaticanus
2314 3816 2378 3871 et
2412 3809 2843 3871 Florentinus
2874 3808 3237 3871 Mediceus.
3260 3808 3358 3867 Ex
3394 3807 3517 3868 isto

200 3902 678 3982 TheOpbyIacti
718 3901 1029 3980 Epistolas
1059 3903 1140 3964 75
1207 3904 1425 3966 Greece
1454 3904 1865 3983 prodierunt,
1897 3914 2165 3967 curante
2225 3908 2479 3969 Joanne
2514 3906 2831 3981 Meursio,
2866 3904 3175 3985 Lugduni
3241 3905 3512 3967 Batavo-

197 4016 352 4061 rum
384 3998 564 4072 1617,
603 3997 763 4071 ith,
793 4015 863 4060 ac
894 3998 1122 4061 Latine
1154 4000 1225 4061 in
1249 3999 1634 4063 Coloniensi
1672 4008 1735 4063 et
1763 4003 2189 4081 Lugtlunensi
2215 4006 2472 4066 Patrum
2496 4002 2951 4077 Bibliothecis,
2977 4005 3333 4083 interprete
3364 4002 3521 4065 Vin-

197 4096 428 4160 centio
462 4095 842 4165 Marinerio,
885 4095 1261 4158 Valentino.
1301 4098 1609 4160 Vaticano
1646 4100 1712 4160 in
1741 4099 1963 4161 codice
1997 4108 2277 4174 exstant,
2302 4102 2581 4163 Baronio
2613 4108 2802 4174 teste,
2837 4101 3147 4179 Epistolas
3178 4101 3513 4179 quinqua-

195 4198 385 4280 ginta
422 4210 678 4266 novem,
709 4212 855 4273 quae
880 4194 1214 4258 Latinitate
1250 4212 1286 4257 a
1308 4196 1545 4259 Jacobo
1577 4196 1923 4259 Sirmondo
1953 4199 2207 4260 donata;
2236 4200 2530 4261 nondum
2568 4199 2782 4262 lucem
2810 4200 3144 4271 viderunt,
3168 4197 3510 4276 aliquibus

197 4302 269 4357 et
300 4293 677 4373 aliquarum
708 4289 1086 4371 fragmentis
1118 4291 1432 4371 exceptis,
1478 4310 1627 4374 qum
1651 4293 1967 4357 Baronius
2006 4293 2191 4358 affert
2238 4295 2316 4358 ad
2346 4312 2593 4359 annum
2630 4297 2781 4359 1071
2804 4304 2864 4360 et
2894 4297 3074 4359 1073.
3098 4295 3333 4358 Recole
3366 4312 3514 4375 quae

198 4389 520 4468 superius
548 4388 718 4451 dicta
747 4396 897 4450 sunt
931 4405 1113 4452 num.
1151 4387 1190 4449 Ie
3270 4406 3275 4409 .

285 4484 630 4549 Pollicitus
660 4484 873 4547 fuerat
904 4484 1201 4548 Labbeus
1236 4486 1304 4548 in
1334 4486 1515 4551 Nova
1560 4487 1958 4551 Bibliotheca
2010 4506 2159 4552 mss.
2207 4488 2520 4554 librorum
2562 4494 2739 4569 parte
2774 4508 2873 4566 ιιι,
2904 4506 3049 4569 pag.
3088 4490 3230 4562 102,
3264 4514 3292 4545 «
3328 4504 3496 4550 com-

201 4591 587 4664 paraturum
615 4598 685 4644 se
718 4582 1000 4643 Graecam
1032 4581 1397 4650 editionem
1424 4585 2078 4663 Lugdune-Batavam
2111 4589 2385 4651 Joannis
2413 4588 2691 4651 Meursii
2749 4606 2898 4651 cum
2958 4605 3080 4651 ms.
3119 4587 3369 4660 codice,
3412 4595 3508 4647 at-

200 4696 336 4761 que
365 4677 969 4756 interpretationem
998 4678 1329 4742 editurum
1360 4697 1395 4743 a
1420 4683 1495 4743 lt.
1530 4684 1600 4744 P.
1634 4683 1874 4748 Jacobo
1918 4685 2264 4747 Sirmondo
2316 4686 2448 4765 jam
2512 4685 2670 4747 olim
2730 4685 3182 4749 concinnatam
3216 4709 3232 4757 ;
3274 4707 3302 4740 υ
3338 4684 3513 4763 quod

201 4780 351 4857 ipse
380 4781 490 4837 aut
521 4781 723 4836 morte
755 4781 1145 4853 praeventus,
1188 4781 1299 4839 aut
1328 4778 1736 4858 gravioribus
1774 4782 2057 4861 negotiis
2094 4780 2460 4861 implicitus
2494 4783 2768 4846 minime
2801 4781 3128 4863 praestitit.
3162 4780 3419 4842 Utinam
3446 4779 3512 4841 id

204 4872 432 4955 perﬁci
466 4870 818 4952 aliquando
856 4878 1076 4950 queat.

288 4993 395 5057 58.
426 4994 500 5053 In
541 4996 842 5053 veterum
875 4991 1132 5054 Patrum
1166 4990 1586 5056 Bibliothecis
1616 4993 2052 5074 fragmentum
2089 5002 2331 5075 prostat
2364 4996 2489 5059 sub
2529 4995 2797 5059 nomine
2860 4995 3357 5075 Theophylacti,
3415 4994 3516 5058 in-

199 5092 523 5171 scriptum
565 5090 654 5149 De
684 5090 826 5150 risu
849 5097 905 5147 et
942 5089 1529 5166 vociferationibus.
1562 5094 1817 5154 Praestat
1867 5094 2031 5155 illud
2098 5094 2560 5173 Lugdunensis
2593 5092 2995 5156 Bibliotheca
3048 5093 3306 5155 Patrum
3348 5102 3392 5155 t.
3433 5094 3509 5163 V,

202 5206 356 5272 pag.
409 5186 587 5247 1211i.
621 5188 889 5264 Nempe,
923 5206 953 5241 α
985 5184 1162 5259 Quin
1212 5194 1276 5246 et
1328 5185 1501 5271 hunc
1552 5204 1796 5250 morem
1854 5191 2247 5266 introduxit,
2278 5192 2393 5272 qui
2460 5192 2655 5254 hodie
2690 5191 2967 5263 obtinet,
2995 5188 3171 5269 quod
3209 5190 3275 5251 in
3299 5188 3515 5267 splen-

201 5288 385 5351 didis
416 5296 609 5365 atque
638 5282 1046 5347 solemnibus
1088 5282 1552 5347 festivitatibus
1586 5288 1718 5349 Deo
1755 5295 1818 5349 et
1848 5296 2220 5350 sanctorum
2252 5289 2685 5351 recordationi
2714 5289 2779 5350 ﬁt
2818 5288 3215 5351 contumelia
3248 5303 3361 5364 per
3388 5284 3506 5349 fm-

201 5386 322 5448 das
350 5382 735 5457 cantilenas,
760 5388 822 5444 et
848 5380 1044 5456 risus,
1074 5389 1135 5442 et
1161 5381 1424 5443 insanos
1458 5381 1792 5455 clamores,
1829 5385 2071 5464 quibus
2108 5386 2421 5447 adhibitis
2450 5385 2657 5448 sancti
2707 5385 2935 5465 hymni
2969 5390 3334 5446 cantantur.
3361 5382 3513 5445 Plii-

205 5484 435 5561 lippus
478 5478 773 5541 Labbeus
822 5479 889 5539 in
924 5494 1041 5541 sua
1072 5478 1148 5540 ad
1182 5478 1649 5540 Bellarminum
1678 5480 1759 5542 de
1791 5481 2223 5560 scriptoribus
2279 5481 2748 5544 ecclesiasticis
2810 5481 3121 5543 historica
3188 5480 3512 5542 Disserta-

205 5580 391 5641 tione
423 5576 521 5639 sic
556 5575 645 5638 ait
681 5597 694 5636 :
743 5599 770 5632 α
810 5576 969 5655 Ejus
998 5575 1827 5653 [TheophylactiBulgarice
1872 5580 2369 5658 archiepiscopi]
2422 5578 2777 5640 alteriusve
2810 5576 3311 5656 'l‘heOphylacti,
3344 5574 3511 5639 forte

204 5678 604 5745 Simocattw,
660 5672 1015 5734 dicendurm
1049 5672 1133 5733 sit
1172 5669 1603 5750 fragmentum
1638 5674 1724 5734 Dc
1756 5676 1895 5735 risu
1923 5685 1980 5735 et
2010 5674 2584 5755 vociferationibus
2618 5676 2685 5737 in
2712 5672 2902 5736 festis
2938 5680 3342 5741 sanctorum,
3374 5690 3512 5731 ain-

204 5773 385 5852 bigo.
428 5794 457 5827 κ
491 5773 582 5833 De
616 5767 1103 5847 TheOphylacto
1138 5767 1473 5830 Simocatta
1543 5771 1928 5849 diligentius
1982 5772 2110 5851 agit
2152 5774 2343 5833 Joan.
2380 5772 2687 5833 Albertus
2744 5769 3083 5846 Fabricius
3145 5767 3209 5826 in
3274 5766 3514 5829 Biblio-

206 5874 383 5933 theca
412 5867 635 5932 erca
669 5865 1008 5929 volumine
1036 5866 1146 5940 Vl,
1183 5871 1492 5943 notatque
1560 5865 1863 5929 ﬂoruisse
1922 5869 2141 5946 ipsum
2196 5871 2498 5930 extremis
2557 5868 2849 5931 Heraclii
2896 5864 3309 5945 imperatoris
3361 5872 3512 5923 tem-

205 5967 475 6048 poribus
496 5985 572 6029 ac
605 5964 924 6044 deinceps.
981 5964 1102 6024 Pro
1138 5961 1633 6042 archiepiscmio
1667 5964 1931 6026 demum
1956 5964 2630 6044 Bulgariaejudicium
2686 5968 2811 6030 fert
2861 5964 3169 6027 laudatus
3218 5959 3511 6022 Labbcus

208 6070 274 6129 in
304 6065 667 6142 Addendis,
689 6088 715 6120 ει
742 6061 1257 6147 Archiepiseopo
1280 6059 1646 6126 Arhridauo
1683 6062 1919 6142 pultm,
1960 6060 2294 6142 inquiens,
2330 6082 2525 6145 quam
2555 6066 2804 6131 caeteris
2825 6059 3353 6144 'l'hcopbyldclisl
3382 6057 3511 6120 1Τᾶ-
