4006 6498
543 406 619 474 δ’
1391 396 1619 461 BERN.
1658 393 1927 458 MARIB
1967 393 2065 459 DE
2103 390 2394 455 RUBEIS
2432 384 2944 455 DISSIRTATIO
3731 378 3809 449 η

544 523 874 599 gmentum
906 512 1070 578 illud
1118 511 1623 593 adjudicandutu
1669 528 1937 583 censeo,
1970 509 2147 589 quod
2200 508 2267 569 in
2321 505 2738 570 Bibliothecis
2795 504 3117 575 Veterum
3162 501 3418 564 Pstrum
3470 497 3805 566 occurrit:

543 614 718 692 Quin
746 618 829 673 et'
849 613 1011 674 hunc
1044 629 1278 673 morem
1312 608 1683 672 introduxit
1722 632 1752 667 ι
1785 616 1904 671 etc.
1936 609 1966 670 ,Ι
1979 605 2271 668 udicium
2300 620 2421 684 ego
2448 603 2871 682 suspendam.

626 709 934 771 Memorat
965 706 1135 770 idem
1163 704 1453 773 Lebbeus
1484 704 1913 786 fragmentum
1942 700 2121 764 aliud
2155 699 2621 781 Theopbylacti
2675 699 2750 761 de
2780 697 3134 777 Nicephoro
3187 696 3567 791 confusura,
3604 694 3805 757 veluti

545 804 962 868 Bibliothecis
998 806 1249 869 Patrum
1276 803 1600 865 insertum
1634 824 1651 864 ι
1681 799 1850 881 quod
1911 798 2021 880 (ait
2056 796 2393 861 Fabricius
2442 798 2509 860 in
2568 794 3052 875 TheOphylacto
3097 792 3462 863 Simocstta)
3496 807 3809 871 nusqua-

548 902 819 980 reperio.
861 903 1159 962 Sanctum
1193 899 1629 979 Nicephorum
1658 895 2075 977 patriarcbam
2115 893 2899 971 Constantinopolitanum
2951 890 3267 967 intellige,
3310 890 3429 969 qui
3460 888 3545 951 ob
3583 905 3790 950 sacra-

547 1017 685 1062 rum
720 998 1075 1077 imaginum
1110 997 1353 1063 cultum
1388 998 1456 1062 in
1497 996 1801 1063 exsilium
1831 992 2087 1074 pulsus,
2117 991 2240 1055 vita
2270 990 2569 1069 migravit
2600 987 2897 1066 [XXVII]
2931 1003 3103 1055 anno
3132 983 3280 1049 828.
3306 987 3399 1048 De
3428 985 3573 1063 ipso
3601 990 3809 1062 agunt

545 1094 831 1157 Bollandi
861 1094 1342 1158 continuatores
1380 1095 1458 1157 ad
1499 1094 1674 1156 diem
1710 1109 1827 1155 ιιιι
1851 1090 2059 1154 Martii
2091 1110 2109 1163 ;
2142 1103 2357 1167 neque
2387 1083 2676 1148 indit-ant
2700 1084 3039 1164 quidpiam
3072 1081 3248 1163 quod
3279 1078 3807 1159 Theopbylactus

539 1186 619 1246 de
642 1202 720 1247 eo
757 1187 1114 1263 scripserit.

623 1282 1015 1343 Possevinus
1063 1281 1207 1360 ejus
1241 1281 1452 1359 Opera
1490 1281 1555 1344 in
1583 1278 1920 1361 Apparatu
1946 1294 2130 1339 sacro
2162 1292 2514 1339 recensens
2546 1283 2723 1338 tumo
2753 1276 2838 1348 II,
2885 1274 2984 1338 sic
3032 1275 3123 1337 ait
3157 1291 3171 1336 :
3208 1297 3236 1331 ι
3265 1272 3723 1335 Commentarii
3740 1286 3806 1332 et

543 1377 997 1441 Euarrationes
1024 1378 1092 1439 in
1120 1378 1485 1457 prophetas,
1513 1377 1733 1457 juncta
1766 1373 2199 1455 explicatione
2232 1373 2299 1434 in
2329 1372 2710 1435 Psalterium
2744 1369 3034 1448 Doridis,
3062 1376 3242 1434 erant
3279 1385 3433 1431 mss.
3469 1367 3537 1429 in
3574 1365 3813 1430 biblio-

545 1476 722 1538 theca
754 1472 1352 1553 imperidliViennaa
1370 1474 1707 1539 Austria.»
1728 1476 1817 1537 Ne
1844 1473 2145 1550 cuiquam
2177 1466 2397 1531 fucum
2432 1469 2563 1531 haec
2586 1467 2817 1531 faciant
2842 1467 3033 1530 verba
3058 1511 3075 1541 ,
3108 1466 3622 1531 animadvertere
3642 1479 3807 1541 Opus

541 1576 661 1643 cst,
709 1569 981 1632 indicari
1006 1568 1292 1632 codicem
1317 1570 1435 1631 216
1461 1570 1633 1648 apud
1672 1566 2080 1632 Lambecium
2114 1562 2282 1628 libro
2317 1583 2373 1636 v,
2418 1566 2486 1629 in
2525 1579 2659 1643 quo
2718 1563 2929 1644 primo
2963 1571 3314 1627 occurrunt
3361 1559 3684 1640 Bulgaria:
3708 1574 3813 1620 ar-

540 1664 937 1743 chiepiscopi
969 1664 1433 1743 TbeOphylacti
1470 1666 1932 1745 Expositiones
1970 1664 2040 1724 in
2068 1661 2341 1741 quinque
2364 1663 2735 1743 prophetas,
2776 1661 3009 1741 utique
3068 1661 3365 1733 minores,
3394 1655 3641 1727 Oscam.
3673 1655 3808 1718 Ha-

535 1760 755 1835 bacuc,
788 1760 1036 1834 Ionam,
1071 1760 1317 1823 Nahum
1355 1770 1411 1822 et
1444 1762 1789 1824 Michxam.
1823 1764 2068 1825 Proslat
2127 1754 2365 1821 deinde
2406 1776 2439 1821 a
2468 1758 2587 1822 iul.
2620 1756 2765 1832 218,
2814 1756 3163 1836 Nicephori
3207 1751 3567 1816 Blemidx
3609 1769 3809 1832 expo-

536 1857 687 1918 sitio
719 1858 788 1943 in
814 1857 1197 1921 Psalterium
1220 1857 1520 1927 Davidis;
1548 1866 1611 1921 et
1632 1875 1667 1921 a
1685 1858 1799 1922 fol.
1828 1859 1970 1935 356,
1998 1856 2291 1942 ejusdem
2314 1855 2671 1918 Blemmidx
2715 1855 3032 1935 expositio
3068 1855 3139 1916 in
3165 1849 3595 1943 Appendicem
3622 1846 3812 1910 Psal-

540 1954 690 2014 terii
707 1939 1020 2026 Davidici,
1057 1970 1287 2031 nempe
1327 1956 1395 2016 in
1432 1956 1716 2019 Cantica.
1750 1957 1983 2021 Caveat
2020 1936 2201 2038 ergo,
2243 1954 2359 2040 qui
2415 1951 2749 2015 Possevini
2797 1951 2987 2013 verba
3032 1949 3285 2030 legerit,
3327 1936 3420 2011 'ne
3461 1944 3811 2024 TheOphy-

541 2049 704 2112 iacto
736 2058 959 2112 nostro
991 2050 1186 2111 ullam
1215 2052 1283 2112 in
1305 2051 1585 2113 Psalmos
1618 2055 1699 2134 (a)
1734 2066 1797 2117 et
1820 2056 2084 2119 Cantica
2120 2050 2593 2133 expositionem
2630 2047 2929 2110 ascribat.

624 2142 693 2208 In
723 2148 965 2209 Veneta
998 2148 1207 2208 Sancti
1240 2148 1435 2211 Marci
1492 2150 1885 2216 Bibliotheca
1924 2155 2136 2216 codex
2191 2155 2401 2213 exstat
2431 2161 2611 2209 num.
2660 2144 2741 2205 26
2804 2142 2870 2205 in
2931 2158 3063 2222 quo
3096 2148 3239 2220 post
3284 2138 3804 2204 Commentarios

545 2241 1008 2322 TheOphylacti
1046 2244 1113 2303 in
1150 2245 1424 2324 quinque
1460 2249 1808 2327 prophetas
1846 2251 2127 2318 minores,

2222 2242 2449 2315 >rostat,
2477 2251 2725 2321 Νικήτου
2752 2248 3058 2303 ἐπισκόπου
3091 2246 3190 2315 τῆς
3219 2242 3617 2315 μητροπόλεως
3651 2240 3804 2293 Nau-

543 2348 752 2403 πάκτου
775 2351 1085 2421 σύνταγμα,
1145 2343 1379 2405 Nicetw
1458 2346 1741 2424 episcopi
1806 2347 2125 2425 metropol

2280 2340 2604 2420 Naupacti
2651 2338 2994 2415 Syntagma
3041 2334 3111 2395 in
3176 2330 3592 2411 Ecangelium
3638 2328 3807 2391 Hat-

546 2442 711 2514 thtci,
748 2441 1078 2505 collectum
1142 2446 1459 2524 pra-cipue
1487 2464 1567 2507 ex
1601 2446 2234 2525 interpretationibus
2296 2439 2728 2520 Chrysostomi
2776 2436 3171 2514 aliorumque
3216 2433 3638 2494 diuersorum.
3675 2430 3796 2493 Sed

544 2554 755 2616 neque
810 2543 1277 2618 Chrysostotni,
1339 2559 1551 2620 neque
1606 2548 1899 2606 veterum
1962 2543 2239 2606 aliorum
2296 2541 2719 2617 interpretum
2765 2532 3030 2596 nomina
3082 2530 3565 2609 exprimuntur,
3614 2535 3687 2591 ut
3738 2527 3807 2590 in

542 2633 798 2697 Catenis
868 2635 1004 2698 ﬁeri
1029 2638 1215 2699 solet.
1284 2638 1664 2701 Prommium
1737 2639 2124 2718 incipit:'Et

2229 2647 2326 2718 μιν
2364 2645 2512 2715 ἡμᾶς
2550 2643 2626 2714 μὴ
2652 2638 2863 2695 δεῖσθαι
2890 2636 2994 2709 τῆς
3020 2635 3131 2692 ἀπὸ
3155 2633 3269 2689 τῶν
3291 2634 3653 2706 γραμμάτων
3664 2633 3803 2706 μη-

541 2735 713 2801 θείας.
760 2731 938 2793 Idem
997 2740 1090 2794 est
1148 2748 1291 2794 cum
1334 2749 1411 2794 eo
1449 2734 1621 2813 quod
1656 2734 1908 2797 Catena
1961 2743 2326 2797 sanctorum
2359 2733 2614 2794 Patrum
2653 2729 2720 2791 in
2762 2723 3190 2806 Evangelium
3241 2724 3605 2786 secundum
3650 2726 3809 2791 Iat-

540 2826 776 2890 thaaum
818 2830 1214 2906 prmmissum
1252 2830 1485 2909 legitur
1519 2830 1581 2891 in
1606 2832 1929 2911 Symbolis
1969 2833 2335 2895 Greecorum
2368 2834 2621 2892 Patrum
2647 2843 2680 2889 a
2712 2829 2898 2889 Petro
2932 2821 3207 2887 Possino
3241 2819 3523 2901 vulgatis
3557 2829 3735 2888 tomo
3753 2825 3805 2891 ι.

554 2924 675 2986 Sed
723 2940 868 3004 qum
930 2926 1163 2987 Catena
1211 2925 1330 2987 hoc
1368 2925 1506 2988 loco
1543 2928 1879 3006 sequitur,
1909 2928 2176 2991 omnino
2198 2928 2407 2989 ditl’ert
2437 2943 2472 2988 a
2509 2928 2948 3005 Syntagmate.
2990 2922 3060 2984 In
3089 2918 3368 3000 hujusce
3417 2918 3616 2983 initio
3646 2918 3810 2987 uo.-

545 3018 723 3081 nulla
753 3028 1123 3094 occurrunt,
1156 3038 1298 3101 quae
1326 3030 1476 3082 sunt
1506 3037 1770 3099 prorsus
1796 3023 2021 3087 eadem
2060 3041 2203 3086 cum
2233 3022 2715 3103 'I‘heophylacti
2750 3018 3257 3083 Commentario.
3290 3017 3439 3091 Quo
3460 3032 3533 3083 se
3566 3037 3673 3084 res
3698 3020 3811 3087 ba-

542 3114 687 3179 beat
716 3120 928 3187 modo,
967 3116 1255 3193 patefacit
1282 3124 1424 3179 nota
1457 3119 1672 3180 Grece
1702 3119 1937 3198 scripta
1969 3119 2035 3182 in
2076 3120 2371 3199 ejusdem
2406 3119 2657 3183 codicis
2692 3116 2857 3183 folio
2885 3116 2988 3189 6b,
3015 3131 3239 3197 quam,
3272 3116 3477 3179 veluti
3505 3118 3679 3183 scitu
3709 3118 3809 3183 dl-

541 3216 938 3292 gnissimam,
968 3215 1185 3277 Grasce
1221 3220 1281 3276 et
1314 3215 1532 3276 Latine
1558 3214 1726 3296 juris
1753 3215 1992 3293 publici
2023 3214 2234 3281 fecere
2258 3218 2504 3281 clariss.
2538 3214 2823 3280 editores
2857 3213 3090 3278 Gracia
3138 3213 3287 3276 Divi
3316 3214 3523 3278 Marci
3552 3214 3804 3284 Biblio-

541 3312 728 3373 thecx
756 3312 819 3372 in
869 3310 1011 3389 ejus
1041 3310 1282 3372 codicis
1316 3312 1717 3373 recensione.
1748 3312 1966 3375 Latina
1996 3313 2445 3393 interpretatio
2474 3322 2614 3376 est:
2655 3314 2732 3376 In
2776 3310 2917 3377 alio
2951 3309 3115 3373 libro
3171 3310 3384 3374 inueni
3434 3322 3806 3389 prxsentclt

542 3408 1001 3485 expositionem
1030 3407 1142 3468 sub
1163 3409 1410 3470 nomine
1434 3407 1749 3487 Bulgaria:
1786 3410 2087 3489 episcopi,
2120 3408 2360 3472 scilicet
2412 3409 2654 3471 domini
2701 3406 3152 3487 Theophylacti
3184 3427 3204 3467 :
3236 3424 3370 3486 qua
3392 3402 3610 3469 autem
3669 3418 3806 3472 erat

542 3504 612 3565 in
642 3503 751 3564 illo
784 3503 969 3576 libro,
1004 3522 1138 3563 cum
1168 3504 1280 3565 hac
1304 3505 1702 3568 conveniebat
1734 3508 1920 3567 initio
1950 3508 2276 3586 prxcipue
2306 3527 2326 3567 :
2355 3522 2707 3584 progressu
2761 3522 2913 3566 vero
2958 3502 3389 3584 discrepabat.
3452 3503 3669 3581 Quare
3701 3522 3806 3568 ar-

541 3598 773 3671 bitror,
805 3600 963 3660 hanc
995 3602 1310 3677 Naupacti
1362 3603 1652 3681 episcopo
1678 3602 2126 3683 adjudicatam,
2173 3604 2281 3681 qui
2328 3603 2522 3681 plura
2552 3610 2875 3662 mutuatus
2906 3600 3033 3680 fuit
3076 3620 3116 3661 a
3154 3602 3205 3663 Τ
3205 3599 3648 3681 heophylacto,
3680 3603 3805 3664 sies

544 3694 989 3773 Chrysostamo
1029 3718 1049 3757 :
1080 3696 1575 3776 quandoquidem
1614 3708 1672 3759 et
1707 3700 2031 3777 posterior
2064 3707 2339 3776 tempore
2367 3697 2498 3775 [uit
2532 3694 3021 3774 Thcophylacto.
3057 3697 3197 3756 Jam
3235 3703 3429 3774 patet,
3465 3698 3802 3778 aliquibus

547 3790 631 3859 in.
652 3794 987 3857 codicibus
1026 3798 1105 3855 Ex
1119 3795 1476 3874 positiones
1506 3804 1793 3873 prostare
1827 3796 1950 3858 sub
1981 3794 2241 3858 nomine
2268 3790 2759 3871 Theophylacti,
2785 3807 3115 3870 perperam
3143 3790 3394 3855 scilicet
3413 3791 3631 3857 eidem
3655 3811 3808 3872 snp-

543 3890 807 3967 positas.

627 3990 869 4049 Auctor
897 3989 1327 4068 Syntagmatis
1362 3991 1425 4051 in
1467 3997 1613 4052 nota
1646 3990 1881 4053 dicitur
1918 3990 2173 4053 Nicetas
2206 3988 2537 4065 episcopus
2563 3982 2980 4062 metropoleos
3002 3982 3347 4064 Naupacti.
3376 3986 3569 4063 Apud
3596 3988 3803 4052 Mont-

542 4081 913 4146 fauconium
956 4087 1017 4147 in
1062 4085 1453 4149 Bibliotheca
1480 4088 2015 4149 Bibliotheearum
2045 4104 2191 4147 mss.
2239 4090 2411 4147 tumo
2447 4086 2495 4157 I,
2531 4099 2676 4161 pag.
2704 4084 2805 4154 2'1,
2845 4084 2966 4143 col.
3010 4082 3071 4154 2,
3106 4099 3396 4163 sequens
3427 4083 3672 4166 legitur
3704 4088 3801 4151 in-

544 4180 808 4256 scriptio
844 4182 1009 4241 inter
1052 4183 1307 4244 codices
1338 4184 1575 4260 regines
1604 4184 1847 4245 Suecias
1882 4186 1944 4243 in
1992 4184 2289 4245 Vaticana
2324 4205 2336 4241 :
2379 4181 2615 4243 Nicetx
2678 4180 2958 4258 episcopi
2995 4182 3352 4257 nuncupati
3385 4185 3708 4261 expositio
3738 4186 3805 4248 in

537 4285 815 4354 quatuor
842 4277 1242 4356 Evangelia;
1292 4280 1399 4341 ubi
1446 4296 1662 4342 vocem
1696 4281 2049 4359 nuncupati
2080 4280 2350 4357 positam
2383 4292 2496 4355 pro
2528 4276 2873 4354 Naupacti,
2920 4275 3258 4337 verisimili
3291 4279 3671 4357 conjectura
3689 4282 3802 4343 ad-

544 4382 761 4435 notant
797 4373 1030 4436 laudati
1078 4376 1419 4436 Marciana
1452 4376 1688 4437 Veneta
1723 4375 2124 4438 Bibliotheca:
2157 4376 2469 4437 editores.
2520 4373 2809 4452 Hujusce
2864 4371 3102 4434 Nicatte
3145 4375 3584 4451 metrOpoleos
3639 4381 3805 4441 Nau-

542 4473 701 4550 pacti
736 4472 1020 4551 episc0pi
1058 4474 1294 4534 mentio
1329 4473 1500 4535 nulla
1530 4473 1701 4551 apud
1734 4474 2108 4537 Michaelem
2145 4473 2543 4553 Lequienum
2604 4471 2671 4531 in
2731 4469 2986 4529 Oriente
3045 4468 3437 4547 Christiano,
3486 4481 3662 4537 tomo
3720 4474 3800 4549 II,

543 4570 806 4631 col.198
836 4577 895 4631 et
924 4588 1104 4648 seqq.
1139 4569 1205 4631 in
1231 4571 1451 4632 eadem
1483 4574 1784 4649 Naupacti
1816 4574 2097 4635 Ecclesia
2131 4590 2143 4632 :
2181 4587 2391 4648 neque
2430 4568 2686 4638 mirum,
2732 4583 2879 4628 cum
2932 4567 3139 4628 series
3174 4585 3403 4631 eorum
3461 4573 3800 4652 episcopo-

551 4682 689 4724 rum
723 4666 967 4741 intcgra
1003 4666 1434 4727 desideretur.
1469 4667 1949 4744 Tthphylat-tn
1975 4667 2382 4746 synchronus
2424 4666 2689 4726 ﬂorebat
2724 4665 2975 4725 Nicetas
3016 4666 3376 4741 Serrarum,
3418 4680 3645 4746 postea
3676 4672 3800 4735 Ha-

552 4760 791 4833 raclem,
830 4761 1198 4839 episcotius.
1234 4763 1325 4823 Ad
1361 4761 1531 4823 hunc
1561 4763 1701 4825 data
1728 4773 1820 4824 est
1848 4762 2619 4842 ejusdemeeonylacti
2657 4778 2822 4823 nona
2860 4760 3031 4822 inter
3060 4763 3467 4828 Meursianas
3494 4768 3795 4847 epistola,

548 4857 816 4930 scilicet,
852 4867 942 4936 Τῷ
971 4868 1276 4940 διδασκάλῳ
1306 4870 1479 4939 κυρίῳ
1503 4870 1735 4940 Νικήτᾳ,
1758 4870 1834 4939 τῷ
1862 4870 1968 4923 τῶν
1988 4871 2127 4940 Σερῤ

2217 4861 2323 4923 .ls
2383 4868 2478 4921 est
2546 4859 2655 4939 qui
2710 4857 2955 4919 scholia
3014 4860 3272 4939 scripsit
3333 4864 3397 4925 in
3458 4864 3796 4930 Orationes

545 4951 1065 5031 sanctiGregorii
1112 4955 1518 5017 Nazianzeni.
1572 4960 1865 5020 Laudatm
1909 4959 2115 5035 episto

2260 4957 2462 5036 prima
2526 4957 2713 5018 verba
2758 4964 2913 5019 sunt
2949 4979 2961 5021 :
2997 4970 3155 5023 Καὶὸ
3199 4967 3294 5021 τοῦ
3326 4968 3675 5037 Εὑαγγελξου
3705 4972 3799 5041 τῆς

549 5057 805 5127 ἀληθείας
840 5059 1141 5129 ἐξηγητὴς,
1173 5053 1383 5114 Etiam
1420 5067 1508 5127 tu,
1544 5057 1653 5134 qui
1680 5056 2007 5134 Evangelii
2081 5075 2131 5115 vi

2213 5055 2367 5114 tatis
2420 5056 2733 5131 interpres
2791 5057 3029 5135 fueras,
3081 5055 3407 5118 mendacio
3469 5062 3795 5122 conuictus

552 5163 637 5213 es,
675 5154 794 5206 etc.
836 5149 926 5207 An
963 5165 1114 5225 ergo
1161 5151 1701 5212 Commentarium
1733 5150 1827 5212 vel
1864 5152 2158 5212 Catenam
2192 5151 2255 5211 in
2293 5150 2640 5227 Evangelia
2692 5153 3079 5228 scripserit?
3112 5153 3415 5214 Catenam
3484 5156 3795 5217 Pessinus

550 5238 607 5297 ei
643 5240 945 5312 attribuit,
980 5258 1168 5319 quam
1196 5243 1261 5303 in
1300 5245 1616 5323 Symbolis
1651 5247 1930 5324 vulgavit
1963 5254 2136 5307 torno
2174 5249 2249 5306 II.
2280 5250 2357 5307 At
2401 5246 2643 5324 primus
2680 5250 2881 5323 enim,
2914 5250 3029 5328 qui
3060 5249 3120 5309 in
3158 5248 3389 5310 eodem
3443 5264 3644 5326 Opere
3704 5268 3797 5314 re-

550 5346 848 5397 censetur
891 5339 1056 5399 inter
1078 5347 1371 5401 auctores
1402 5354 1675 5421 Quorum
1700 5344 2037 5405 sententia)
2061 5344 2478 5418 deﬂorantur,
2532 5345 2783 5406 Nicetes
2810 5354 2926 5406 est.
2959 5345 3351 5424 Hujusmodi
3412 5345 3794 5410 Catenarum

550 5432 993 5509 compilalores
1026 5435 1432 5513 frequentius
1468 5440 1721 5501 obscuri
1760 5449 1932 5502 sunt.

628 5531 860 5590 Mirum
894 5548 1017 5593 non
1052 5532 1269 5603 fuerit,
1312 5539 1372 5593 in
1408 5538 1813 5612 Syntagmate
1850 5536 2155 5612 superius
2186 5538 2376 5602 citato
2437 5556 2779 5603 occurrere
2844 5558 2971 5604 non
3032 5558 3255 5621 pauca,
3306 5558 3454 5621 qum
3494 5560 3640 5606 cum
3688 5559 3797 5625 ge-

554 5627 753 5687 nuino
793 5628 1252 5708 'l‘thphylacti
1290 5632 1759 5693 Commentario
1790 5636 2183 5696 conveniunt
2216 5654 2228 5696 :
2274 5637 2373 5699 vel
2408 5638 3158 5718 enimTheOphylactum
3204 5640 3587 5719 decerpebat
3619 5642 3796 5705 Nice-

618 5780 1073 5856 (0).:lili30phylacli
1115 5787 1526 5856 Corprnemasiugii
1572 5789 1937 5856 i_neditu[u__in
1976 5791 2204 5856 Psalsz
2247 5799 2491 5844 memorat
2522 5793 2573 5845 C.
2622 5793 2676 5844 Β.
2715 5792 2894 5847 Hasius
2942 5795 3000 5846 ad
3044 5791 3256 5845 Paulum
3298 5788 3573 5843 Namnam
3618 5804 3668 5856 ι).
3708 5790 3794 5845 ων

555 5842 634 5905 (in
656 5842 873 5896 editione
897 5842 1058 5899 nostra
1085 5851 1298 5909 col.88‘.v),
1330 5857 1429 5899 not.
1468 5852 1541 5901 55.
1571 5852 1708 5902 Tum.
1736 5852 1945 5915 CXVII).
1972 5854 2109 5906 Eutr.
2148 5854 2297 5905 Pnn.

3594 6396 3599 6397 ,
3666 6276 3959 6397 ...μ..,Α

3952 6196 3959 6271 i
