4006 6478
507 437 576 503 63
1357 425 1579 516 BERN.
1625 422 1890 485 MARLE
1935 419 2030 480 DE
2073 414 2358 478 RUBEIS
2402 401 2909 474 DISSERTATIO
3373 508 3384 516 ‘
3475 502 3490 516 Ι
3687 383 3759 448 64

506 547 845 612 ferendum
875 550 1093 608 censet
1125 543 1315 604 ritum
1340 509 1826 599 consecrationis
1858 534 1922 593 in
1943 534 2331 612 fermentata.
2369 527 2443 585 At
2469 522 2724 583 demum
2753 540 2778 572 α
2812 513 3139 612 reliquum
3175 517 3292 612 est,
3323 508 3391 566 ut
3415 502 3764 612 admonea-

507 662 677 717 mus,
703 642 939 721 inquit,
972 641 1264 718 vulgares
1287 644 1537 698 nostros
1567 632 1886 702 homines,
1907 631 2222 721 quotquot
2255 615 2770 721 zelum-qu_id_em
2801 606 3360 721 habent,lsed_no‘rt

507 698 881 811 scientiam;
918 698 1132 814 quive,
1165 732 1334 812 quod
1370 729 1630 808 gravius
1663 733 1782 800 est,
1806 698 1883 786 ex
1913 698 2439 783 emco'suiamore
2462 711 2960 814 Christi-corpus
2993 704 3361 814 dilacerant.
3393 719 3420 751 ι
3449 698 3762 814 Ait-etiam

866 785 891 888 ί
919 785 1839 906 Raetivigilturhejque—propter
1879 832 2124 896 azyma,
2159 831 2368 893 neque
2412 815 2668 890 propter
2688 803 3045 884 jejunium,
3073 795 3307 861 durius
3345 807 3462 853 nos
3503 785 3764 850 habebi-

509 945 649 988 mus
684 943 828 1004 erga
871 918 1298 984 inﬂexibilem‘
1321 920 1530 997 gentis
1563 917 1997 993 pertinaciam.
2025 935 2050 966 ››
2804 1000 2833 1004 _
3212 989 3249 1004 __
3351 986 3364 1004 ι
3397 982 3641 1004 ΑΗΔ-Δ
3681 980 3692 1004 ε

594 986 959 1082 Ρρτνῖοδοθε
1021 1019 1160 1078 suis
1208 1019 1270 1077 in
1315 986 1838 1076 ritibus'Latinos
1893 1006 2220 1085 appellat:
2269 1022 2481 1083 neque
2531 1011 2741 1064 tamen
2793 1000 3030 1061 Graacm
3079 989 3288 1086 gentis
3330 986 3645 1047 duritiem
3681 986 3746 1086 in

512 1134 622 1179 eos
657 1115 987 1194 approbat.
1019 1115 1165 1174 Haec
1203 1111 1321 1172 alia
1363 1111 1505 1189 ejus
1543 1108 1729 1169 verba
1767 1083 1990 1166 refero
2024 1127 2036 1164 :
2081 1125 2108 1157 α
2139 1105 2358 1179 Neque
2395 1098 2667 1160 multum
2707 1094 2924 1194 refert,
2959 1089 3037 1151 de
3076 1083 3324 1148 caneris
3357 1083 3760 1194 enumeratis

514 1173 1232 1293 quosipsi
1273 1206 1290 1284 (
1336 1173 1564 1282 Latini)
1598 1221 1666 1263 se
1717 1204 2054 1262 observare
2109 1173 2414 1293 fatentes,
2478 1173 3764 1293 (prwtcasuﬂ‘ocatorunt.

512 1271 685 1368 enim
723 1271 1060 1367 ne'no‘men
1098 1271 1367 1380 quidem
1428 1271 1959 1378 prudentioribus
1995 1293 2242 1355 Latinis
2277 1271 2621 1354 ferendum
2659 1286 3024 1352 videtur...)
3070 1275 3291 1340 multis
3323 1271 3763 1380 irremissibi-

514 1403 663 1462 liter
699 1415 955 1479 peccare
990 1364 1315 1458 videntur.
1340 1364 1630 1470 Quorum
1663 1391 2075 1453 sermonibus
2111 1405 2237 1452 non
2270 1387 2611 1452 assentire,
2647 1380 2931 1444 hominis
2964 1380 3185 1479 est,_ut
3231 1377 3412 1479 puto,
3449 1367 3526 1479 in
3561 1364 3768 1479 eccle-

515 1462 768 1558 siastica
819 1492 1088 1554 historia
1137 1462 1502 1561 exercitati;
1554 1489 1664 1567 qui
1731 1487 1925 1564 probe
1965 1486 2166 1560 novit,
2236 1501 2364 1548 non
2429 1497 2666 1544 omnen
2731 1472 3283 1567 consuetudinem
3334 1467 3411 1528 ad
3445 1462 3767 1567 Ecclesias

514 1592 897 1654 scindendas
933 1591 1140 1652 valere
1199 1589 1360 1650 :sod
1416 1558 1496 1648 id.
1541 1558 1808 1658 tantum,
1852 1583 2024 1663 quod
2087 1558 2402 1660 dogmatis
2461 1576 2907 1639 diversitatem
2983 1567 3200 1630 infert.
3243 1558 3767 1667 consuetudines

514 1697 728 1749 autem
764 1688 1074 1757 diversas,
1119 1692 1225 1746 aut
1282 1684 1470 1744 etiam
1521 1699 1666 1759 quae
1695 1651 2235 1757 apud.prmclaro's
2289 1676 2404 1738 hos
2432 1673 2686 1753 judices
2753 1670 3026 1748 (Grtecos
3088 1657 3484 1762 morosiores
3532 1651 3767 1762 carpit)

519 1791 720 1844 errata
763 1789 929 1853 sunt,
968 1750 1136 1842 ortas
1176 1797 1319 1842 esse
1372 1750 1638 1839 alias'ex
1689 1750 1924 1854 pietate
1959 1782 2020 1834 et
2075 1750 2533 1852 religioneput
2569 1783 2745 1829 sacra
2789 1763 3152 1856 pavimenta
3205 1751 3486 1856 osculari
3525 1750 3767 1829 (neque

519 1879 690 1940 enim
729 1877 1079 1938 Satanicam
1126 1875 1298 1936 illam
1358 1872 1743 1934 calumniam
1777 1868 2209 1942 admittimus,
2257 1863 2430 1944 quod
2489 1860 2693 1923 Latini
2732 1855 3091 1934 imaginum
3145 1855 3633 1948 venerationem
3672 1860 3771 1948 re-

519 1973 822 2049 spuant);
883 1971 1039 2032 alias
1095 1987 1245 2032 vero
1289 1987 1368 2031 ex
1429 1968 1692 2046 provida
1757 1965 2033 2047 quadam
2101 1941 2583 2041 dispensatione
2650 1954 2731 2016 ob
2789 1949 3252 2049 inﬁrmitatem,
3287 1941 3565 2004 fortasse
3616 1941 3771 2018 qui-

519 2042 665 2127 dem
724 2042 975 2142 animai,
1035 2067 1149 2128 sed
1205 2074 1376 2127 certe
1429 2042 1725 2142 corporis
1753 2042 1798 2136 ;’
1845 2070 1913 2124 ut
1970 2060 2144 2140 quod
2212 2053 2507 2119 monachi
2570 2053 2635 2112 in
2708 2042 3191 2110 inﬁrmitatibus
3261 2052 3487 2100 carnes
3552 2049 3769 2097 come-

520 2161 692 2223 danL
746 2183 775 2216 n

600 2273 700 2334 61.
751 2273 1148 2335 Calumniam
1197 2272 1399 2346 illam,
1455 2289 1645 2350 quam
1705 2271 2078 2331 Satam‘cam
2116 2272 2314 2335 vocat,
2350 2259 2736 2338 excogitavit
2785 2254 3171 2350 invexitque
3241 2250 3636 2350 (ierularius.

522 2370 978 2432 suffocatorum
1002 2387 1182 2435 esum
1205 2334 1653 2449 quod'attinet,
1687 2366 2108 2436 Humbertus,
2133 2334 2324 2423 Silvae
2376 2334 2677 2420 Candida:
2705 2355 2765 2415 S.
2789 2354 2862 2412 Β.
2898 2352 2969 2412 Ε.
3005 2344 3377 2449 cardinalis,
3409 2340 3646 2449 Leonis
3674 2334 3765 2398 IX

528 2483 703 2543 papae
755 2440 1380 2542 Constantinopolim
1441 2465 1735 2542 legatus,
1795 2462 2085 2538 ejusdem
2137 2455 2450 2520 Cerularii
2495 2462 2808 2527 tempore,
2844 2445 3194 2543 testabatur
3241 2443 3428 2521 juxta
3467 2440 3770 2498 Romanae

529 2540 832 2622 Ecclesiae
913 2540 1349 2638 disciplinam,
1413 2583 1441 2614 α
1513 2540 1776 2639 gravem
1844 2555 2280 2635 pmnitentiam
2363 2547 2607 2628 imponi
2675 2546 2756 2605 iis
2833 2543 2944 2622 qui
3000 2540 3777 2639 absque_extremo"pe-

526 2657 734 2717 riculo
790 2658 953 2729 vitae,
1007 2627 1321 2734 sanguine
1392 2627 1857 2725 vescebantur;
1902 2651 1998 2712 vel
2059 2664 2455 2728 quocunque
2516 2640 2879 2711 morticino,
2946 2645 3071 2734 aut
3121 2631 3478 2734 prmt:oca_to..
3521 2651 3581 2734 ι),
3611 2627 3774 2687 Hinc

525 2723 1046 2829 ThCOphylactus
1104 2723 1336 2824 aviebat,
1386 2723 1846 2811 suﬂ‘ocatorum
1910 2764 1987 2808 ne
2043 2723 2307 2824 quidem
2351 2723 2618 2803 Vnomen
2669 2731 3204 2814 prudentioribus
3258 2724 3510 2790 Latinis
3552 2723 3773 2785 feren-

525 2845 680 2908 dum
745 2847 972 2908 videri.

605 2946 654 3004 Α
688 2942 960 3019 pristino
1010 2943 1221 3020 rigore
1262 2959 1586 3004 recessum
1640 2949 1734 3002 est
1776 2963 1789 3001 :
1829 2940 2134 3019 quoniam
2178 2959 2207 2992 ι
2252 2933 2359 2996 ubi
2401 2930 2682 2993 Ecclesia
2734 2925 3021 3006 gentium
3073 2924 3169 3004 (ut
3229 2922 3316 2985 ait
3350 2916 3762 3020 Augustinus

525 3014 704 3096 libro-
732 3054 918 3096 χχχιι
948 3014 1182 3097 Con—Ira
1215 3038 1519 3096 Faustum
1555 3014 1994 3107 Manicheum,
2031 3035 2237 3110 capite
2275 3032 2369 3105 13)
2411 3028 2556 3089 talis
2588 3026 2809 3086 effecta
2846 3031 2964 3094 est,
3005 3021 3165 3082 utin
3210 3036 3281 3080 ea
3318 3016 3542 3079 nullus
3567 3014 3775 3075 Israe-

529 3129 635 3192 litz.
669 3132 941 3193 carnalis
971 3132 1450 3209 appareat;jam
1487 3133 1605 3192 hoc
1639 3131 2044 3192 Christianus
2087 3144 2212 3190 non
2249 3126 2542 3186 observat
2582 3121 2779 3201 (quod
2819 3119 3046 3197 utique
3103 3115 3178 3177 ad
3223 3124 3480 3209 tempus
3511 3110 3772 3189 jussum

523 3225 780 3305 fuerat),
819 3237 887 3288 ut
919 3207 1162 3299 turdos,
1207 3229 1300 3288 vel
1326 3207 1717 3288 minutiores
1771 3226 2052 3288 aviculas
2086 3240 2210 3286 non
2235 3222 2521 3299 attingat,
2556 3218 2684 3278 nisi
2743 3230 3016 3294 quarum
3041 3209 3312 3290 sanguis
3347 3207 3601 3269 effusus
3633 3214 3770 3266 est:

525 3327 634 3382 aut
670 3319 948 3396 leporem
991 3335 1115 3380 non
1151 3320 1319 3393 edat,
1354 3321 1407 3380 si
1445 3337 1634 3380 manu
1664 3336 1699 3380 a
1723 3320 1970 3381 cervice
2010 3335 2380 3396 percussus,
2419 3315 2598 3378 nullo
2631 3318 2898 3374 cruento
2940 3310 3209 3370 vulnere
3259 3305 3516 3368 occisus
3545 3312 3644 3364 est
3692 3321 3707 3360 :
3742 3323 3770 3356 ι

528 3414 883 3491 Scriptores
921 3414 1269 3491 polemicos
1302 3414 1416 3476 hac
1447 3415 1524 3476 de
1551 3433 1615 3475 re
1641 3414 2044 3477 luculentius
2079 3422 2420 3476 tractantes
2448 3411 2742 3474 consule.

605 3511 706 3571 62.
751 3510 1035 3570 Gentiles
1097 3526 1247 3570 suos
1308 3511 1514 3588 pergit
1573 3511 1815 3572 ibidem
1871 3511 2402 3590 TheOphylactus
2467 3508 2677 3569 latiori
2743 3520 3046 3566 sermone
3099 3498 3455 3573 adhortari,
3497 3504 3570 3560 ut
3626 3497 3777 3559 odia

529 3607 854 3684 deponant
896 3623 965 3666 ac
1014 3605 1275 3667 nimiam
1329 3607 1659 3682 duritiem,
1697 3609 2007 3668 unitatem
2071 3608 2348 3683 diligant
2381 3604 2710 3666 catholicae
2744 3600 3070 3666 Ecclesiae.
3119 3612 3390 3674 eamque
3424 3609 3553 3655 non
3615 3593 3776 3655 dila-

530 3709 748 3762 cerent
793 3702 874 3762 ob
907 3701 1201 3763 innoxias
1229 3703 1666 3779 discrepantes
1699 3703 2239 3775 consuetudines,
2278 3704 2374 3764 vel
2411 3703 2598 3762 etiam
2643 3700 2726 3761 ob
2766 3714 3040 3767 errores,
3075 3696 3130 3755 si
3163 3693 3276 3772 qui
3309 3701 3563 3762 essent,
3612 3707 3776 3770 quos

533 3796 880 3858 condonari
929 3804 1126 3857 satius
1183 3809 1300 3859 est.
1339 3801 1522 3860 Mens
1554 3799 1776 3860 eadem
1832 3799 1989 3860 olim
2022 3798 2230 3860 fuerat
2288 3797 2452 3858 Petri
2511 3793 2897 3857 Antiocheni
2941 3788 3334 3869 patriarchae,
3374 3787 3444 3848 in
3499 3786 3776 3864 epistola

535 3893 612 3953 ad
669 3891 1044 3952 Michaelem
1111 3891 1716 3974 Cerularium,qum
1772 3896 1988 3956 Graece
2020 3910 2090 3954 ac
2149 3896 2372 3956 Latine
2425 3900 2628 3954 exstat
2683 3890 2853 3968 apud
2892 3886 3289 3950 Cotelerium
3352 3883 3417 3944 in
3468 3882 3773 3946 Ecclesia

533 3986 764 4050 Graeca:
797 3987 1244 4062 Monumentis,
1279 3996 1429 4051 tom.
1473 3991 1553 4050 Il.
1589 3991 1922 4052 lncusatos
1963 3991 2326 4050 Latinorum
2364 3990 2523 4051 ritus
2551 3985 2881 4066 expendit,
2919 3993 2980 4044 et
3022 3983 3110 4043 ait
3142 3998 3320 4043 num.
3361 3978 3442 4039 VI
3483 4001 3498 4039 :
3542 4003 3568 4034 α
3605 3979 3776 4054 Quid

532 4083 704 4144 enim
737 4083 812 4143 ad
849 4099 986 4155 nos,
1022 4084 1076 4144 si
1125 4084 1453 4162 pontiﬁces
1491 4087 1744 4148 barbam
1782 4086 2031 4160 radant,
2089 4093 2150 4147 et
2199 4087 2263 4147 in
2320 4086 2579 4163 signum
2642 4078 3168 4158 desponsationis
3201 4092 3346 4138 cum
3404 4082 3627 4136 sancta
3663 4074 3774 4135 Dei

535 4179 820 4239 Ecclesia
856 4189 1075 4256 gerant
1118 4183 1484 4242 annulum?
1517 4185 1642 4244 Nos
1683 4199 1944 4262 quoque
1998 4200 2191 4260 supra
2243 4191 2431 4259 caput
2492 4181 2796 4242 Gcraram
2859 4173 3208 4254 (coronam)
3265 4171 3620 4234 facimus...
3657 4172 3778 4234 Sed

533 4282 594 4334 et
653 4275 776 4350 ipsi
841 4291 1072 4335 aurum
1130 4285 1476 4354 gestamus,
1541 4279 1652 4357 qui
1709 4277 1921 4340 amicti
1978 4278 2183 4340 simus
2238 4276 2652 4346 chirothecis,
2725 4270 3076 4351 manipulis
3116 4277 3181 4332 et
3238 4267 3426 4331 stolis
3463 4284 3629 4330 auro
3687 4268 3782 4330 in-

535 4369 850 4431 tertextis.
916 4393 946 4425 ι)

613 4485 760 4562 Agit
799 4501 973 4546 num.
1009 4486 1116 4547 νη
1147 4486 1224 4548 de
1259 4488 1544 4551 carnium
1584 4508 1700 4553 esu
1741 4491 1911 4571 apud
1940 4488 2195 4553 monach

2196 4504 2282 4550 IOS
2320 4506 2333 4544 :
2373 4508 2399 4540 α
2435 4481 2622 4558 Quod
2654 4486 2894 4550 autem,
2927 4476 3182 4556 inquit,
3215 4475 3465 4556 polluta
3505 4477 3778 4540 mandu-

535 4590 678 4641 cent
711 4580 1224 4660 ipsi,eorumqne
1255 4585 1546 4645 monachi
1578 4587 1768 4648 edant
1800 4605 2078 4658 carnem,
2112 4606 2117 4644 ἑ

2198 4586 2362 4661 ipem
2393 4581 2728 4660 porcinum
2763 4594 2779 4652 ;
2810 4575 2920 4637 illa
2945 4590 3208 4654 quoque
3242 4571 3562 4648 invenias,
3593 4575 3780 4637 modo

537 4673 968 4751 indagaveris,
996 4679 1162 4752 apud
1196 4679 1505 4756 quosdam
1544 4697 1576 4741 e
1603 4683 1836 4742 nostris
1873 4683 2033 4744 ﬁeri.
2083 4703 2111 4735 υ

618 4770 735 4830 Pro
785 4769 1162 4840 fermentato
1212 4789 1371 4852 pane
1417 4775 1724 4837 acerrime
1769 4782 2162 4855 pugnaverat
2194 4792 2262 4835 ιη
2303 4776 2578 4852 epistola
2628 4770 2706 4832 ad
2776 4767 3188 4831 Dominicum
3226 4766 3628 4830 Gradensem
3672 4783 3780 4847 pa-

537 4865 896 4939 triarcham,
933 4884 1074 4946 qum
1115 4868 1254 4930 loco
1286 4869 1474 4930 citato
1525 4873 1692 4948 apud
1735 4872 2128 4935 Cotelerium
2168 4879 2432 4950 prostat.
2492 4868 2562 4929 In
2626 4867 2740 4929 hac
2769 4881 2918 4926 vero
2975 4864 3052 4925 ad
3088 4863 3500 4926 Cerularium
3558 4864 3654 4926 sic
3696 4864 3782 4926 ait

540 4977 717 5021 num.
751 4963 865 5021 XV
906 4985 921 5024 :
981 4985 1009 5018 «
1058 4965 1342 5036 Qumstio
1375 4966 1453 5026 de
1502 4967 1824 5046 azymis...
1868 4987 2090 5031 eversa
2127 4977 2248 5043 est,
2285 4968 2410 5030 nisi
2449 4965 2759 5028 canonico
2812 4962 2963 5024 huic
3013 4960 3204 5022 effeto
3242 4959 3504 5039 (Latini)
3541 4960 3779 5035 innixi,

545 5059 756 5119 Visum
796 5069 882 5119 est
936 5061 1216 5121 omnibus
1261 5063 1555 5124 utendum
1610 5084 1736 5126 esse
1787 5067 2066 5147 antiquis
2115 5062 2716 5133 consuetudinibus,
2754 5059 3088 5138 antiquam
3151 5057 3325 5134 apud
3380 5073 3450 5116 se
3490 5065 3782 5120 asserant

537 5171 910 5232 azymorum
947 5156 1378 5219 traditionem.
1416 5182 1443 5215 η
1483 5159 1684 5232 Quam
1724 5163 1945 5242 utique
1993 5173 2308 5226 vetustam
2362 5179 2504 5223 esse
2559 5157 2764 5220 Latini
2815 5156 3109 5235 probant,
3168 5171 3236 5214 ac
3272 5153 3480 5230 ipsius
3519 5151 3782 5216 Domini

540 5252 735 5310 nostri
769 5252 922 5312 Jesu
960 5252 1191 5312 Christi
1218 5253 1514 5333 exemplo
1540 5256 1870 5320 ﬁrmatam.
1907 5262 1974 5321 Id
2009 5261 2409 5322 inﬁciabatur
2444 5253 2885 5316 Antiochenus
2924 5271 2940 5323 ;
2989 5266 3211 5312 verum
3249 5249 3311 5308 id
3350 5248 3586 5310 lubens
3633 5249 3785 5312 fate-

541 5354 643 5406 tur
683 5345 1218 5425 'l‘he0phj'lactus,
1261 5357 1330 5410 ut
1390 5351 1556 5412 infra
1610 5353 1982 5418 dicendum.
2042 5360 2147 5420 Ait
2206 5358 2314 5417 ille
2369 5355 2633 5416 domum
2692 5366 2868 5411 num.
2927 5348 3090 5408 XVII
3134 5371 3146 5407 :
3186 5369 3214 5402 ‹‹
3255 5347 3448 5417 Vide,
3509 5346 3779 5409 honora-

541 5441 784 5501 tissime
824 5441 1102 5515 domine,
1137 5446 1463 5521 quomodo
1507 5463 1758 5522 eorum,
1795 5467 1940 5529 quae
1971 5469 2005 5514 a
2062 5453 2303 5515 nostris
2368 5457 2732 5530 peccantur,
2779 5462 2907 5507 non
2958 5445 3388 5515 attendentes,
3447 5453 3559 5504 aut
3589 5446 3777 5507 etiam

537 5536 993 5608 conniventes;
1033 5540 1251 5618 majori
1285 5559 1435 5606 cura
1465 5559 1796 5606 sermones
1844 5564 2037 5608 vanos
2067 5550 2444 5619 serinms,et
2475 5547 2680 5606 aliena
2716 5543 2968 5604 curiose
3003 5547 3480 5620 perscrutamur
3520 5562 3534 5598 :
3576 5565 3606 5596 ι)
3639 5559 3782 5621 qua

540 5631 634 5692 vel
672 5632 950 5693 innoxiae
976 5643 1122 5693 sunt
1159 5644 1420 5697 vetusta}
1445 5642 1956 5703 consuetudines
1993 5648 2139 5726 :lvel
2178 5648 2227 5708 si
2265 5647 2419 5726 quid
2461 5644 2597 5706 vitii
2627 5639 3086 5710 contraxerint,
3124 5655 3248 5698 non
3289 5635 3449 5696 illud
3490 5654 3775 5717 unquam

536 5727 795 5885 admlisit
829 5729 1102 5789 Romana
1135 5738 1240 5790 aut
1277 5732 1709 5800 ()«,~.r.identalis
1763 5741 2066 5804 Ecclesia.
2110 5742 2701 5807 Pruilentissimum
2739 5736 2902 5799 Petri
2959 5732 3311 5798 consilium
3369 5732 3619 5797 utinam
3662 5754 3783 5814 prae

536 5839 660 5885 ocu
695 5823 746 5885 is
778 5826 974 5885 Graeci
1016 5826 1283 5885 habeant
1312 5829 1324 5885 ε

535 5823 746 5890 oculis
778 5826 974 5887 Graeci
1016 5826 1283 5888 habeant
1312 5829 1324 5886 l
