4006 6540
325 573 401 636 65
1186 569 1285 631 DE
1324 565 1907 630 THEOPHYLACTI
1948 566 2221 629 GESTIS
2261 569 2356 630 ET
2399 569 2768 636 SCRIPTIS.
3563 579 3634 641 66

406 679 645 744 Eadem
676 679 801 742 fuit
840 678 1155 742 Demetrii
1213 678 1619 751 Chomatcni,
1657 675 2084 738 Achridensis
2150 677 2216 739 in
2257 678 2560 758 Bulgaria
2595 680 3105 762 archiepiscopi,
3173 681 3503 745 sententia
3556 683 3625 747 in

269 813 272 816 ~
324 778 606 859 epistola
637 780 714 840 ad
759 778 1256 842 Constantinum
1307 775 1668 838 Cabasilam
1718 773 2290 852 archiepiscopum
2335 776 2719 855 metr0polis
2777 778 3142 855 Dyrrachii,
3180 781 3412 856 [XXX]
3449 779 3623 858 apud

321 875 792 938 Leunclavium
831 875 893 938 in
933 877 1092 936 Jure
1143 873 1362 936 Grteco
1401 873 1703 946 Romano,
1745 871 1911 931 libro
1945 890 2006 932 v.
2040 871 2394 933 Ecclesiam
2429 890 2612 934 suam
2645 874 3145 936 administrabat
3181 875 3629 938 Chomatenus

319 972 514 1034 tertio
565 973 820 1035 decimo
870 971 1132 1034 saiculo.
1178 972 1238 1032 ls
1282 978 1378 1032 est
1409 971 1524 1048 qui
1571 967 1917 1030 Theodoro
1971 968 2030 1028 ΙΙ
2065 967 2338 1046 Angelo,
2392 969 2807 1047 imperatoria
2853 970 3142 1050 insignia
3196 980 3340 1051 post
3373 982 3626 1052 captam

313 1086 348 1131 a
393 1072 640 1133 Latinis
677 1070 1204 1133 Thessalonicam
1236 1067 1600 1146 arripienti,
1635 1080 1805 1128 anno
1836 1065 2015 1139 1222,
2049 1065 2348 1127 diadema
2387 1067 2731 1145 imposuit,
2774 1085 2889 1146 pro
2919 1087 3054 1131 suae
3088 1069 3397 1132 Ecclesia)
3433 1080 3627 1134 auto-

313 1169 613 1247 cephalia
655 1169 779 1230 sibi
821 1170 930 1248 jus
985 1168 1309 1230 asciscens
1360 1164 1716 1245 quoslibet,
1777 1161 2184 1242 ubicunque,
2229 1163 2325 1224 vel
2373 1167 2904 1253 quandocunque
2968 1183 3156 1246 reges
3213 1168 3308 1229 vel
3348 1167 3628 1247 impera-

316 1274 499 1329 tores
533 1267 848 1343 ungendi.
901 1265 1305 1345 Lequienum
1361 1261 1630 1324 consule
1697 1260 1759 1320 in
1811 1257 2340 1337 Archiepisc0pis
2406 1259 2946 1324 Achridensihus.
2987 1264 3625 1342 Interrogationibus

311 1363 627 1426 Cabasilae
655 1363 818 1425 circa
855 1363 1229 1423 Latinorum
1264 1366 1465 1421 errata
1505 1356 1857 1433 respondet
1892 1355 2002 1414 ille
2032 1356 2218 1432 juxta
2281 1366 2565 1419 mentem
2628 1358 3131 1439 TheOphylacti.
3166 1361 3380 1423 Verba
3414 1371 3619 1426 sunt:

311 1484 339 1516 α
382 1463 477 1521 Ex
513 1461 832 1522 sententia
864 1461 1052 1540 hujus
1105 1458 1567 1537 sapientissimi
1630 1455 1862 1532 scripti
1893 1449 2091 1530 (quod
2147 1460 2247 1514 est
2301 1453 2773 1533 TheOpliylacti
2821 1455 3099 1533 epistola
3150 1455 3228 1517 ad
3274 1457 3614 1518 Nicolaum

308 1555 662 1617 diaconum
712 1565 773 1616 et
805 1555 1246 1628 canstrisium,
1280 1553 1464 1630 cujus
1506 1551 1722 1630 aliqua
1775 1548 2140 1610 afferuntur
2173 1549 2554 1630 fragmenta)
2590 1551 2813 1612 videre
2861 1560 2957 1612 est
2994 1573 3008 1613 :
3047 1553 3114 1613 in
3171 1553 3350 1614 omni
3393 1561 3615 1633 gente,

307 1671 462 1731 qute
518 1652 751 1715 Christi
817 1652 1340 1726 prmdicationem
1398 1650 1782 1727 susceperit,
1813 1657 1888 1721 ὡς
1942 1655 2225 1726 ἐλάχιστα,
2273 1665 2466 1727 quam
2509 1648 2777 1710 minime
2832 1667 3083 1711 morum
3143 1648 3442 1727 ipsorum
3497 1655 3618 1712 de-

306 1752 523 1813 fectus
560 1751 630 1832 (si
668 1751 780 1830 qui
814 1748 1058 1830 essent)
1091 1749 1534 1812 observandas
1575 1766 1798 1810 esse...
1834 1745 2373 1826 quandoquidem
2406 1761 2608 1804 mores
2645 1763 2774 1805 non
2815 1763 2945 1805 eam
2981 1747 3106 1807 vim
3145 1745 3374 1807 habent
3415 1746 3491 1807 ab
3526 1748 3610 1808 iis

307 1846 658 1910 divellendi
689 1865 872 1926 quam
895 1847 1191 1926 dogmata
1240 1863 1567 1924 perversa.
1611 1844 1793 1906 Unde
1846 1859 2061 1922 neque
2110 1850 2480 1904 consecrata
2546 1858 2579 1903 a
2642 1843 2889 1903 Latinis
2929 1858 3180 1920 azyma,
3218 1859 3434 1921 neque
3473 1842 3609 1905 haec

307 1943 747 2022 suscipientia
791 1948 854 2004 et
884 1941 1201 2004 sacrificio
1253 1939 1603 2001 servientis
1665 1955 1891 2001 eorum
1946 1955 2117 2013 vasa,
2182 1944 2244 1999 et
2308 1945 2802 2017 consequenter
2849 1955 3065 2018 neque
3122 1955 3336 2001 sacras
3378 1955 3610 2002 eorum

306 2037 537 2115 stolas,
571 2055 786 2119 neque
810 2037 1192 2118 hujusmodi
1227 2036 1593 2117 quidpiam,
1627 2039 2039 2099 immundum
2076 2035 2536 2116 pollutamque
2571 2034 3122 2098 existimabimus.
3172 2059 3203 2094 ιο

1843 2220 2034 2287 XVII.

301 2379 567 2442 Sacram
601 2377 1080 2457 Eucharistiam
1111 2376 1429 2457 iniazymo
1463 2393 1630 2457 pane
1664 2373 2111 2457 institutam_a
2146 2372 2402 2436 Christo
2431 2375 2735 2457 Domino,
2785 2385 2962 2457 docet
2996 2377 3504 2457 Theophylactus
3538 2381 3606 2442 in

389 2455 666 2537 epistola
695 2456 776 2516 ad
811 2455 1143 2537 Nicolaum
1175 2451 1540 2537 diaconum.
1573 2455 1854 2537 ﬂentque
1890 2453 1988 2537 in_
2015 2451 2502 2537 Commentariis
2548 2455 2631 2516 ad
2658 2456 3029 2516 Matthceum
3063 2468 3123 2519 et
3158 2451 3432 2537 'Lucams
3459 2460 3607 2522 Non

385 2529 770 2598 a'dversatur
815 2537 883 2596 in
914 2533 1377 2613 Commentario
1424 2534 1513 2613 ad_
1552 2529 1887 2613 Joannem,
1918 2529 2046 2613 ubi
2092 2531 2418 2594 Christum
2473 2553 2655 2595 suum
2679 2537 3057 2613 pracenisse
3120 2537 3365 2600 Pascha
3393 2536 3601 2604 docet.

383 2614 596 2697 Locus
633 2614 944 2697 M_attha*i_
960 2623 1311 2697 corruptus
1348 2612 1418 2673 in
1450 2609 1774 2697 aliquibus
1817 2609 2140 2671 codicibus
2185 2631 2205 2669 :
2254 2609 2698 2693 corruptionis
2741 2617 2949 2693 origo.
2993 2616 3359 2697 Corruptus
3416 2620 3605 2681 etiam

380 2696 662 2774 fortasse
696 2693 872 2754 locus
907 2693 1115 2756 Marci
1148 2689 1175 2752 Ξ
1199 2693 1308 2771 qui
1341 2689 1969 2752 tamen'vindicatur.

388 2843 495 2907 63.
545 2845 618 2906 In
655 2860 726 2905 ea
767 2841 1152 2924 quaestione,
1187 2858 1336 2922 qua)
1364 2843 1620 2904 Griecos
1668 2840 1837 2903 inter
1868 2855 1940 2903 ac
1979 2840 2244 2902 Latinos
2292 2838 2528 2920 agitur,
2554 2857 2704 2899 num
2753 2857 2986 2900 canam
3023 2838 3284 2919 legalem
3317 2841 3601 2920 legitimo

302 2950 588 3019 tempore
641 2939 937 3003 Christus
994 2938 1303 2998 Dominus
1356 2938 1702 3018 peregerit,
1761 2957 1834 2998 ac
1883 2937 2255 3015 mysterium
2317 2935 2812 2997 eucharisticum
2849 2937 3203 3015 confecerit
3252 2938 3322 3000 in
3381 2956 3602 3016 azyma

297 3056 496 3119 pane,
536 3036 773 3098 Grmcis
823 3036 963 3098 suis
1026 3035 1406 3097 adversatur
1477 3034 2028 3114 TheOphylactus,
2078 3030 2382 3110 favetque
2439 3030 2710 3091 Latinis.
2767 3032 2927 3092 Jesu
2980 3031 3245 3106 Christi,
3293 3050 3600 3111 azymum

298 3134 368 3197 in
403 3149 640 3212 corpus
690 3147 885 3194 suum
933 3130 1446 3204 transmutantis,
1511 3130 1906 3209 exemplum,
1957 3145 2090 3209 quo
2138 3147 2336 3192 suum
2390 3127 2600 3190 Latini
2650 3127 2846 3189 ritum
2909 3128 3271 3204 vindicant,
3334 3130 3417 3192 iis
3469 3132 3600 3194 eri-

301 3245 460 3308 pere
518 3227 718 3291 Graaci
797 3228 1197 3290 conabantur
1270 3226 1468 3300 olim,
1535 3225 1865 3306 hodieque
1939 3233 2305 3300 conantur,
2366 3225 2568 3286 variis
2644 3239 2761 3300 pro
2831 3224 3028 3301 genio
3103 3226 3600 3304 Opinationibus

297 3326 609 3389 invectis.

385 3421 696 3485 Meletius
732 3419 1001 3500 quidam
1037 3418 1102 3481 in
1150 3433 1453 3481 sermone
1492 3419 1580 3479 De
1610 3437 1880 3499 azymis,
1917 3419 2029 3499 qui
2064 3418 2187 3481 sub
2220 3419 2489 3480 nomine
2525 3417 2798 3480 Joannis
2849 3419 3231 3483 Damasceni
3264 3421 3438 3500 apud
3475 3424 3596 3484 Le-

297 3520 621 3602 quienum
640 3524 900 3596 prostat,
935 3524 1111 3579 tomo
1134 3518 1185 3591 l,
1212 3518 1568 3589 contendit,
1605 3539 1635 3574 α
1666 3521 1920 3596 Agnum
1948 3515 2688 3596 paschalemcomedere
2712 3515 2958 3596 absque
2986 3517 3263 3594 panibus
3285 3517 3594 3582 fermenti

297 3616 684 3691 expertibus
716 3615 974 3677 Iudaeos
1024 3615 1473 3689 consuevisse,
1513 3637 1541 3669 »
1577 3629 1975 3695 azymosqae
2037 3613 2440 3693 ejuscemodi
2486 3629 2684 3690 panes
2747 3629 2879 3674 non
2938 3614 3270 3676 adhibitos
3322 3632 3470 3677 esse
3503 3617 3585 3678 ad

301 3730 596 3776 mensam
633 3736 662 3770 α
700 3720 847 3775 ante
880 3712 1197 3774 decimam
1230 3711 1524 3790 quintam
1563 3712 1760 3784 diem,
1801 3734 1829 3767 ιο
1874 3729 1928 3770 v.
1963 3729 2024 3789 g.
2058 3727 2091 3771 a
2121 3709 2331 3771 media
2368 3717 2554 3770 nocte
2587 3716 3046 3787 computatam,
3081 3710 3330 3772 mensis
3365 3712 3599 3791 primi.

296 3811 368 3872 In
404 3811 581 3873 hunc
613 3809 882 3889 impegit
915 3825 1223 3880 errorem,
1262 3810 1561 3871 Mosaicae
1609 3809 1772 3888 legis
1822 3807 2196 3885 praescripto
2229 3804 2374 3865 sine
2424 3805 2629 3866 dubio
2671 3807 3046 3882 adversum,
3092 3807 3321 3869 Petrus
3358 3809 3590 3870 Antio-

297 3907 552 3969 chenus
589 3906 948 3986 patriarcha
983 3907 1048 3968 in
1077 3905 1349 3984 epistola
1380 3906 1455 3968 ad
1493 3904 1909 3967 Dominicum
1961 3902 2361 3965 Gradensem
2410 3900 2583 3979 apud
2620 3900 3016 3964 Cotelerium
3060 3904 3124 3964 in
3162 3905 3594 3968 Monumentis

296 4003 610 4065 Ecclesiae
637 4003 892 4074 Gracia,
933 4012 1104 4064 temo
1135 4004 1214 4064 ll.
1251 4002 1393 4063 Alia
1423 4001 1580 4063 inita
1621 4001 1745 4077 via,
1775 4001 1913 4063 bini
1935 4007 2234 4062 auctores
2266 3998 2602 4077 anonymi,
2636 4015 2803 4077 quos
2835 3997 2902 4060 in
2934 3999 3335 4062 Bibliotheca
3372 4019 3596 4063 recen-

296 4109 397 4165 set
431 4100 702 4162 Photius
743 4099 885 4161 cod.
921 4100 1087 4162 CXV
1121 4107 1183 4161 et
1213 4099 1430 4172 CXVI,
1467 4097 1796 4176 putabant,
1834 4120 1862 4153 α
1897 4096 2228 4160 Christum
2263 4095 2617 4157 Dominum
2659 4095 2729 4156 in
2760 4102 3049 4158 extrema
3098 4096 3211 4157 illa
3244 4114 3423 4159 caena
3458 4115 3590 4160 non

298 4195 669 4259 comedisse
719 4194 962 4257 Pascha
1021 4193 1410 4272 legitimum.
1465 4216 1495 4250 η
1531 4193 1696 4254 Hinc
1727 4193 1865 4254 sive
1899 4191 2038 4267 ille,
2071 4192 2212 4253 sive
2269 4192 2377 4253 isti
2434 4191 2557 4252 sibi
2595 4192 2902 4253 videntur
2949 4192 3344 4254 concludere
3394 4209 3592 4272 posse

299 4307 537 4372 panem
569 4289 780 4364 illum,
814 4306 1011 4369 quem
1052 4289 1118 4351 in
1143 4306 1318 4351 coena
1357 4289 1628 4368 mystica
1663 4287 1962 4352 Christus
2009 4289 2333 4365 adhibuit,
2368 4307 2672 4370 azymum
2707 4306 2836 4351 non
2867 4288 3104 4352 fuisse.
3142 4291 3440 4352 Fuerunt
3473 4291 3589 4354 alii

296 4392 590 4462 demum,
625 4404 791 4467 quos
827 4385 1217 4466 Euthymius
1251 4386 1615 4466 Zigabenus
1652 4394 1916 4448 secutus
1949 4395 2048 4469 est
2080 4411 2095 4449 :
2131 4389 2487 4462 Christum,
2523 4387 2924 4467 inquientes,
2980 4409 3008 4443 ς(
3045 4403 3178 4449 uno
3211 4388 3317 4448 die
3350 4387 3592 4452 Pascha

297 4484 649 4545 Iudaicum
689 4484 1141 4554 antevertisse,
1189 4502 1218 4536 »
1282 4481 1522 4561 dieque
1588 4483 1782 4544 tertia
1830 4481 2094 4560 decima,
2142 4503 2272 4546 non
2336 4496 2566 4565 quarta
2621 4483 2886 4557 decima,
2922 4483 3290 4562 paschalem
3343 4499 3586 4561 agnum

299 4596 576 4658 vespere
612 4578 1040 4641 manducasse
1095 4595 1244 4640 cum
1301 4577 1570 4640 lactucis
1603 4580 1995 4658 agrestibus,
2032 4590 2094 4643 et
2153 4583 2429 4662 azymis,
2465 4599 2535 4643 ac
2581 4582 2836 4653 stando,
2883 4587 2945 4642 et
3000 4580 3265 4642 baculos
3300 4581 3588 4643 tenendo

296 4692 432 4753 prae
475 4675 812 4749 manibus;
857 4691 983 4755 qua
1018 4691 1195 4737 cmna
1247 4683 1521 4753 peracta,
1578 4692 1996 4739 communem
2045 4696 2306 4757 panem,
2364 4698 2482 4741 seu
2529 4681 2981 4760 fermentatum
3033 4678 3258 4740 denuo
3307 4677 3580 4742 allatum

298 4789 494 4846 esse;
534 4794 562 4828 α
599 4771 666 4832 in
702 4788 912 4852 eoque
947 4771 1450 4833 eucharisticum
1487 4772 1874 4851 mysterium
1918 4774 2317 4838 instituisse.
2370 4799 2399 4832 ν

378 4871 531 4930 Ηεθο
560 4868 768 4947 rejicit
802 4871 1018 4931 omnia
1059 4868 1584 4949 TheOphylactus
1617 4869 1683 4930 in
1723 4868 1978 4932 laudata
2004 4874 2080 4933 ad
2127 4871 2466 4934 Nicolaum
2498 4873 2846 4934 diaconum
2895 4875 2955 4932 et
2986 4868 3405 4932 canstrisium
3446 4871 3589 4952 epi-

297 4967 487 5029 stola.
522 4965 1068 5028 Luculentissima
1130 4967 1274 5046 ejus
1336 4969 1525 5029 verba
1558 4976 1750 5029 sunt:
1789 4991 1818 5025 α
1870 4969 2056 5041 Quod
2102 4968 2332 5030 attinet
2388 4969 2467 5030 ad
2530 4969 2835 5041 Latinos;
2871 4981 2999 5028 non
3053 4981 3171 5027 nos
3217 4966 3350 5030 illis
3391 4986 3585 5047 prave

296 5062 877 5142 interpretabimur
927 5063 1212 5141 primum
1255 5063 1428 5125 diem
1471 5065 1867 5142 Azymorum
1907 5087 1920 5125 :
1970 5064 2263 5127 dicentes
2318 5083 2458 5127 eam
2492 5082 2639 5128 esse
2689 5065 3008 5127 decimam
3047 5064 3318 5139 mensis,
3355 5066 3421 5127 in
3456 5083 3587 5146 qua

297 5159 678 5222 sumebatur
700 5160 1263 5240 agnus.Novimus
1289 5161 1464 5222 enim
1503 5177 1536 5223 a
1575 5160 1717 5240 lege
1746 5161 2016 5239 primam
2044 5162 2445 5239 Azymorum
2480 5162 2680 5234 diem,
2707 5171 2808 5244 τὴν
2848 5167 2910 5223 ιε’
2947 5169 3161 5240 ἡμέραν
3185 5214 3201 5239 ,
3239 5162 3413 5224 diem
3454 5163 3584 5225 diri

299 5255 585 5334 quintam
636 5255 977 5332 decimam,-
1028 5255 1092 5317 in
1130 5274 1250 5334 qua
1289 5254 1540 5318 scilicet
1585 5256 1912 5320 illucescit
1952 5268 2080 5315 nox
2114 5255 2535 5316 comestionis
2577 5256 2918 5335 paschalis,
2955 5267 3051 5334 νὺξ
3094 5267 3410 5337 ὲπιφὼσκει
3470 5265 3574 5336 τῆς

298 5357 396 5411 τοῦ
433 5358 622 5429 πάσχα
652 5357 931 5430 βρώσεως.
970 5375 999 5408 ιι
1030 5352 1348 5414 Nimirum
1400 5369 1694 5432 vespera,
1727 5360 1836 5416 aut
1870 5371 1880 5414 1

1997 5405 2000 5413 .
2046 5359 2166 5426 est,
2203 5370 2350 5432 quas
2382 5355 2554 5417 diem
2589 5366 2882 5436 quartam
2925 5361 3242 5423 decimam
3274 5358 3579 5436 complet,

299 5453 361 5506 et
392 5445 984 5509 inchoatdecimam
1016 5448 1536 5529 quintam,juxta
1563 5466 1813 5512 morem
1846 5447 1988 5510 dies
2020 5452 2442 5530 computandi
2477 5470 2511 5514 a
2539 5471 2805 5532 vespera
2835 5457 2912 5519 ad
2948 5471 3305 5536 vesperam.
3340 5476 3370 5511 α
3397 5453 3581 5516 Unde

297 5542 654 5622 etquidem
704 5559 784 5605 ex
817 5543 1019 5605 sacris
1082 5545 1322 5606 nostris
1385 5545 1769 5608 doctoribus
1805 5543 1939 5625 (qui
1989 5546 2068 5608 ab
2121 5546 2266 5626 ipso
2310 5549 2502 5611 etiam
2541 5550 3000 5630 Chrysostomo
3032 5553 3099 5614 in
3157 5568 3278 5614 suo
3307 5550 3383 5612 ad
3417 5551 3582 5612 Mat-

298 5638 534 5702 theum
589 5640 1073 5702 Commentario
1109 5641 1467 5718 laudatur),
1503 5658 1842 5721 exponens
1869 5659 2032 5716 eam,
2074 5660 2220 5723 quae
2251 5647 2331 5709 ab
2381 5649 2781 5727 evangelista
2815 5650 3056 5712 dicitur
3079 5650 3296 5729 prima
3325 5666 3580 5726 azymo-
3643 5711 3650 5716 ,

296 5753 461 5809 rum,
494 5735 608 5814 ait,
644 5737 911 5816 primam
945 5754 1319 5818 azymorum
1343 5757 1378 5802 a
1409 5739 1708 5802 Matthaeo
1739 5739 2051 5820 appellari
2114 5741 2312 5817 diem,
2349 5760 2496 5822 qua)
2538 5746 2777 5823 Azyma
2825 5746 3148 5823 praecedit,
3179 5747 3445 5823 [XXXI]
3473 5755 3581 5823 πρὸ

297 5839 686 5912 τῶνἈξὺμων
711 5882 729 5907 ,
788 5835 1003 5896 sciens
1051 5836 1316 5914 quidem
1345 5835 1453 5896 cui
1484 5834 1619 5897 diei
1653 5852 1891 5899 nomen
1946 5841 2120 5902 istud
2179 5839 2280 5902 lex
2314 5840 2706 5919 imponeret,
2743 5851 2803 5906 at
2842 5844 3184 5906 insinuans
3215 5861 3386 5908 novo
3415 5862 3579 5925 quo-

298 5931 444 5991 dem
485 5945 688 5992 sensu
729 5929 851 5993 hoc
886 5930 966 5993 ab
995 5931 1396 6011 evangelista
1433 5933 1677 5995 dictum
1710 5950 1880 5997 esse.

377 6045 410 6084 ι
458 6027 688 6108 Neque
745 6043 898 6100 vero
932 6044 1050 6091 nos
1103 6027 1566 6092 atlirmabimus
1603 6047 1616 6090 :
1654 6030 1982 6098 Christum
2033 6039 2140 6096 aut
2177 6035 2382 6113 legale
2417 6035 2652 6114 pascha
2694 6052 2822 6100 non
2880 6036 3256 6116 perfecisse,
3312 6051 3376 6100 ut
3422 6039 3575 6102 inde
