  <div class='ocr_page' id='page_1' title='image "/cluster/home/n/w/nwhite01/storage/ocr_20150623/123/uva.x004884189/075.png"; bbox 0 0 4006 6548; ppageno 0'>
   <div class='ocr_carea' id='block_1_1' title="bbox 528 351 3703 470">
    <p class='ocr_par' dir='ltr' id='par_1_1' title="bbox 528 351 3703 470">
     <span class='ocr_line' id='line_1_1' title="bbox 528 351 3703 470; baseline -0.011 -18"><span class='ocrx_word' id='word_1_1' title='bbox 528 386 598 452; x_wconf 82' lang='lat'><strong>63</strong></span> <span class='ocrx_word' id='word_1_2' title='bbox 1379 381 1599 470; x_wconf 65' lang='lat' dir='ltr'><strong>BERN.</strong></span> <span class='ocrx_word' id='word_1_3' title='bbox 1647 379 1911 440; x_wconf 70' lang='grc' dir='ltr'><strong>ΜᾹΒΗΞ</strong></span> <span class='ocrx_word' id='word_1_4' title='bbox 1957 378 2050 438; x_wconf 87' lang='lat' dir='ltr'><strong>DE</strong></span> <span class='ocrx_word' id='word_1_5' title='bbox 2095 374 2379 436; x_wconf 81' lang='lat' dir='ltr'><strong>RUBEIS</strong></span> <span class='ocrx_word' id='word_1_6' title='bbox 2423 365 2929 434; x_wconf 78' lang='lat' dir='ltr'><strong>DISSERTATIO</strong></span> <span class='ocrx_word' id='word_1_7' title='bbox 3489 468 3498 470; x_wconf 9' lang='grc' dir='ltr'><em>ᾗ</em></span> <span class='ocrx_word' id='word_1_8' title='bbox 3656 351 3703 416; x_wconf 56' lang='grc'><strong>68</strong></span> 
     </span>
    </p>
   </div>
   <div class='ocr_carea' id='block_1_2' title="bbox 527 468 3706 569">
    <p class='ocr_par' dir='ltr' id='par_1_2' title="bbox 527 468 3706 569">
     <span class='ocr_line' id='line_1_2' title="bbox 527 468 3706 569; baseline -0.011 -9"><span class='ocrx_word' id='word_1_9' title='bbox 527 496 866 561; x_wconf 83' lang='lat' dir='ltr'><strong>ferendum</strong></span> <span class='ocrx_word' id='word_1_10' title='bbox 897 503 1113 559; x_wconf 79' lang='lat' dir='ltr'><strong>censet</strong></span> <span class='ocrx_word' id='word_1_11' title='bbox 1145 496 1335 557; x_wconf 89' lang='lat' dir='ltr'><strong>ritum</strong></span> <span class='ocrx_word' id='word_1_12' title='bbox 1360 468 1846 554; x_wconf 64' lang='lat' dir='ltr'><strong>consecrationis</strong></span> <span class='ocrx_word' id='word_1_13' title='bbox 1879 491 1942 550; x_wconf 80' lang='lat' dir='ltr'><strong>in</strong></span> <span class='ocrx_word' id='word_1_14' title='bbox 1963 491 2352 569; x_wconf 79' lang='lat' dir='ltr'><strong>fermentata.</strong></span> <span class='ocrx_word' id='word_1_15' title='bbox 2390 489 2463 544; x_wconf 79' lang='lat' dir='ltr'><strong>At</strong></span> <span class='ocrx_word' id='word_1_16' title='bbox 2490 483 2745 544; x_wconf 88' lang='lat' dir='ltr'><strong>demum</strong></span> <span class='ocrx_word' id='word_1_17' title='bbox 2773 504 2799 534; x_wconf 74' lang='grc' dir='ltr'>α</span> <span class='ocrx_word' id='word_1_18' title='bbox 2833 476 3155 553; x_wconf 91' lang='lat' dir='ltr'><strong>reliquum</strong></span> <span class='ocrx_word' id='word_1_19' title='bbox 3192 483 3306 545; x_wconf 88' lang='lat' dir='ltr'><strong>est,</strong></span> <span class='ocrx_word' id='word_1_20' title='bbox 3337 475 3406 532; x_wconf 93' lang='lat' dir='ltr'><strong>ut</strong></span> <span class='ocrx_word' id='word_1_21' title='bbox 3430 468 3706 569; x_wconf 80' lang='lat' dir='ltr'><strong>admonea-</strong></span> 
     </span>
    </p>
   </div>
   <div class='ocr_carea' id='block_1_3' title="bbox 528 565 3708 670">
    <p class='ocr_par' dir='ltr' id='par_1_3' title="bbox 528 565 3708 670">
     <span class='ocr_line' id='line_1_3' title="bbox 528 565 3708 670; baseline -0.011 -15"><span class='ocrx_word' id='word_1_22' title='bbox 528 611 698 666; x_wconf 89' lang='lat' dir='ltr'><strong>mus,</strong></span> <span class='ocrx_word' id='word_1_23' title='bbox 724 593 960 670; x_wconf 88' lang='lat' dir='ltr'><strong>inquit,</strong></span> <span class='ocrx_word' id='word_1_24' title='bbox 993 593 1284 670; x_wconf 86' lang='lat' dir='ltr'><strong>vulgares</strong></span> <span class='ocrx_word' id='word_1_25' title='bbox 1307 599 1556 652; x_wconf 91' lang='lat' dir='ltr'><strong>nostros</strong></span> <span class='ocrx_word' id='word_1_26' title='bbox 1587 565 2242 664; x_wconf 78' lang='lat' dir='ltr'><strong>homines,quotquot</strong></span> <span class='ocrx_word' id='word_1_27' title='bbox 2275 581 2483 644; x_wconf 86' lang='lat' dir='ltr'><strong>zelum</strong></span> <span class='ocrx_word' id='word_1_28' title='bbox 2528 578 2789 657; x_wconf 92' lang='lat' dir='ltr'><strong>quidem</strong></span> <span class='ocrx_word' id='word_1_29' title='bbox 2821 571 3220 642; x_wconf 90' lang='lat' dir='ltr'><strong>habent,sed</strong></span> <span class='ocrx_word' id='word_1_30' title='bbox 3254 584 3375 629; x_wconf 91' lang='lat' dir='ltr'><strong>non</strong></span> <span class='ocrx_word' id='word_1_31' title='bbox 3413 565 3708 670; x_wconf 74' lang='lat' dir='ltr'><strong>secundum</strong></span> 
     </span>
    </p>
   </div>
   <div class='ocr_carea' id='block_1_4' title="bbox 527 665 3706 766">
    <p class='ocr_par' dir='ltr' id='par_1_4' title="bbox 527 665 3706 766">
     <span class='ocr_line' id='line_1_4' title="bbox 527 665 3706 766; baseline -0.008 -18"><span class='ocrx_word' id='word_1_32' title='bbox 527 665 902 762; x_wconf 82' lang='lat' dir='ltr'><strong>scientiam;</strong></span> <span class='ocrx_word' id='word_1_33' title='bbox 938 665 1152 766; x_wconf 74' lang='lat' dir='ltr'><strong>quive,</strong></span> <span class='ocrx_word' id='word_1_34' title='bbox 1185 686 1353 764; x_wconf 91' lang='lat' dir='ltr'><strong>quod</strong></span> <span class='ocrx_word' id='word_1_35' title='bbox 1389 684 1648 761; x_wconf 79' lang='lat' dir='ltr'><strong>gravius</strong></span> <span class='ocrx_word' id='word_1_36' title='bbox 1681 691 1801 756; x_wconf 87' lang='lat' dir='ltr'><strong>est,</strong></span> <span class='ocrx_word' id='word_1_37' title='bbox 1825 699 1901 742; x_wconf 92' lang='lat' dir='ltr'><strong>ex</strong></span> <span class='ocrx_word' id='word_1_38' title='bbox 1932 697 2096 741; x_wconf 80' lang='lat' dir='ltr'><strong>caeco</strong></span> <span class='ocrx_word' id='word_1_39' title='bbox 2127 678 2458 739; x_wconf 88' lang='lat' dir='ltr'><strong>suiamore</strong></span> <span class='ocrx_word' id='word_1_40' title='bbox 2482 673 2714 736; x_wconf 89' lang='lat' dir='ltr'><strong>Christi</strong></span> <span class='ocrx_word' id='word_1_41' title='bbox 2748 687 2978 766; x_wconf 88' lang='lat' dir='ltr'><strong>corpus</strong></span> <span class='ocrx_word' id='word_1_42' title='bbox 3011 669 3377 766; x_wconf 76' lang='lat' dir='ltr'><strong>dilacerant.</strong></span> <span class='ocrx_word' id='word_1_43' title='bbox 3408 685 3436 717; x_wconf 74' lang='grc' dir='ltr'><strong>ι</strong></span> <span class='ocrx_word' id='word_1_44' title='bbox 3465 665 3706 766; x_wconf 64' lang='lat' dir='ltr'><strong>Aitetittnt</strong></span> 
     </span>
    </p>
   </div>
   <div class='ocr_carea' id='block_1_5' title="bbox 527 751 3709 858">
    <p class='ocr_par' dir='ltr' id='par_1_5' title="bbox 527 751 3709 858">
     <span class='ocr_line' id='line_1_5' title="bbox 527 751 3709 858; baseline -0.01 -15"><span class='ocrx_word' id='word_1_45' title='bbox 527 784 792 858; x_wconf 84' lang='lat' dir='ltr'><strong>[XXIX]</strong></span> <span class='ocrx_word' id='word_1_46' title='bbox 837 801 850 842; x_wconf 90' lang='lat'>:</span> <span class='ocrx_word' id='word_1_47' title='bbox 888 751 910 838; x_wconf 52' lang='grc' dir='ltr'>λ</span> <span class='ocrx_word' id='word_1_48' title='bbox 955 751 1085 842; x_wconf 53' lang='lat' dir='ltr'><strong>Non</strong></span> <span class='ocrx_word' id='word_1_49' title='bbox 1119 751 1310 857; x_wconf 57' lang='lat' dir='ltr'><strong>igitur</strong></span> <span class='ocrx_word' id='word_1_50' title='bbox 1343 751 1554 858; x_wconf 63' lang='lat' dir='ltr'><strong>neque</strong></span> <span class='ocrx_word' id='word_1_51' title='bbox 1605 751 1858 856; x_wconf 83' lang='lat' dir='ltr'><strong>prepter</strong></span> <span class='ocrx_word' id='word_1_52' title='bbox 1898 791 2143 854; x_wconf 82' lang='lat' dir='ltr'><strong>azyma,</strong></span> <span class='ocrx_word' id='word_1_53' title='bbox 2178 791 2386 852; x_wconf 90' lang='lat' dir='ltr'><strong>neque</strong></span> <span class='ocrx_word' id='word_1_54' title='bbox 2431 777 2687 850; x_wconf 84' lang='lat' dir='ltr'><strong>prOpter</strong></span> <span class='ocrx_word' id='word_1_55' title='bbox 2707 765 3063 846; x_wconf 85' lang='lat' dir='ltr'><strong>jejunium,</strong></span> <span class='ocrx_word' id='word_1_56' title='bbox 3091 760 3320 825; x_wconf 89' lang='lat' dir='ltr'><strong>durius</strong></span> <span class='ocrx_word' id='word_1_57' title='bbox 3360 774 3476 820; x_wconf 92' lang='lat' dir='ltr'><strong>nos</strong></span> <span class='ocrx_word' id='word_1_58' title='bbox 3513 751 3709 816; x_wconf 85' lang='lat' dir='ltr'><strong>habebi-</strong></span> 
     </span>
    </p>
   </div>
   <div class='ocr_carea' id='block_1_6' title="bbox 528 871 3663 959">
    <p class='ocr_par' dir='ltr' id='par_1_6' title="bbox 528 871 3663 959">
     <span class='ocr_line' id='line_1_6' title="bbox 528 871 3663 959; baseline -0.007 -22"><span class='ocrx_word' id='word_1_59' title='bbox 528 894 668 936; x_wconf 78' lang='lat' dir='ltr'><strong>mus</strong></span> <span class='ocrx_word' id='word_1_60' title='bbox 703 894 846 954; x_wconf 84' lang='lat' dir='ltr'><strong>erga</strong></span> <span class='ocrx_word' id='word_1_61' title='bbox 890 871 1316 935; x_wconf 80' lang='lat' dir='ltr'><strong>inflexibilem&#39;</strong></span> <span class='ocrx_word' id='word_1_62' title='bbox 1339 876 1548 951; x_wconf 80' lang='lat' dir='ltr'><strong>gentis</strong></span> <span class='ocrx_word' id='word_1_63' title='bbox 1581 873 2015 948; x_wconf 85' lang='lat' dir='ltr'><strong>pertinaciam.</strong></span> <span class='ocrx_word' id='word_1_64' title='bbox 2043 894 2069 923; x_wconf 74' lang='grc' dir='ltr'><strong>ιο</strong></span> <span class='ocrx_word' id='word_1_65' title='bbox 3255 954 3264 959; x_wconf 60' lang='lat'>_</span> <span class='ocrx_word' id='word_1_66' title='bbox 3369 951 3380 959; x_wconf 65' lang='lat'>_</span> <span class='ocrx_word' id='word_1_67' title='bbox 3477 949 3536 959; x_wconf 44' lang='grc' dir='ltr'>Η</span> <span class='ocrx_word' id='word_1_68' title='bbox 3655 946 3663 954; x_wconf 32' lang='grc'><strong><em>⁸</em></strong></span> 
     </span>
    </p>
   </div>
   <div class='ocr_carea' id='block_1_7' title="bbox 613 951 3699 1049">
    <p class='ocr_par' dir='ltr' id='par_1_7' title="bbox 613 951 3699 1049">
     <span class='ocr_line' id='line_1_7' title="bbox 613 951 3699 1049; baseline -0.009 -18"><span class='ocrx_word' id='word_1_69' title='bbox 613 951 977 1032; x_wconf 43' lang='lat' dir='ltr'><strong>Parvi—cacas</strong></span> <span class='ocrx_word' id='word_1_70' title='bbox 1039 971 1177 1030; x_wconf 83' lang='lat' dir='ltr'><strong>suis</strong></span> <span class='ocrx_word' id='word_1_71' title='bbox 1225 971 1286 1030; x_wconf 92' lang='lat' dir='ltr'><strong>in</strong></span> <span class='ocrx_word' id='word_1_72' title='bbox 1332 971 1564 1030; x_wconf 91' lang='lat' dir='ltr'><strong>ritibus</strong></span> <span class='ocrx_word' id='word_1_73' title='bbox 1597 969 1855 1028; x_wconf 90' lang='lat' dir='ltr'><strong>Latinos</strong></span> <span class='ocrx_word' id='word_1_74' title='bbox 1910 965 2238 1043; x_wconf 79' lang='lat' dir='ltr'><strong>appellat:</strong></span> <span class='ocrx_word' id='word_1_75' title='bbox 2287 982 2499 1043; x_wconf 89' lang='lat' dir='ltr'><strong>neque</strong></span> <span class='ocrx_word' id='word_1_76' title='bbox 2549 973 2758 1026; x_wconf 89' lang='lat' dir='ltr'><strong>tamen</strong></span> <span class='ocrx_word' id='word_1_77' title='bbox 2810 963 3047 1023; x_wconf 68' lang='lat' dir='ltr'><strong>Grmcm</strong></span> <span class='ocrx_word' id='word_1_78' title='bbox 3095 954 3303 1036; x_wconf 89' lang='lat' dir='ltr'><strong>gentis</strong></span> <span class='ocrx_word' id='word_1_79' title='bbox 3345 951 3628 1012; x_wconf 86' lang='lat' dir='ltr'><strong>duritiem</strong></span> <span class='ocrx_word' id='word_1_80' title='bbox 3655 951 3699 1049; x_wconf 68' lang='lat' dir='ltr'><strong>in</strong></span> 
     </span>
    </p>
   </div>
   <div class='ocr_carea' id='block_1_8' title="bbox 530 1049 3708 1146">
    <p class='ocr_par' dir='ltr' id='par_1_8' title="bbox 530 1049 3708 1146">
     <span class='ocr_line' id='line_1_8' title="bbox 530 1049 3708 1146; baseline -0.007 -19"><span class='ocrx_word' id='word_1_81' title='bbox 530 1083 638 1128; x_wconf 88' lang='lat' dir='ltr'><strong>eos</strong></span> <span class='ocrx_word' id='word_1_82' title='bbox 673 1065 1004 1144; x_wconf 74' lang='lat' dir='ltr'><strong>approbat.</strong></span> <span class='ocrx_word' id='word_1_83' title='bbox 1038 1067 1182 1127; x_wconf 61' lang='lat' dir='ltr'><strong>Haec</strong></span> <span class='ocrx_word' id='word_1_84' title='bbox 1220 1065 1338 1125; x_wconf 90' lang='lat' dir='ltr'><strong>alia</strong></span> <span class='ocrx_word' id='word_1_85' title='bbox 1380 1065 1523 1142; x_wconf 83' lang='lat' dir='ltr'><strong>ejus</strong></span> <span class='ocrx_word' id='word_1_86' title='bbox 1560 1064 1745 1124; x_wconf 90' lang='lat' dir='ltr'><strong>verba</strong></span> <span class='ocrx_word' id='word_1_87' title='bbox 1784 1062 1990 1123; x_wconf 80' lang='lat' dir='ltr'><strong>refero</strong></span> <span class='ocrx_word' id='word_1_88' title='bbox 2041 1086 2053 1121; x_wconf 92' lang='lat'><strong>:</strong></span> <span class='ocrx_word' id='word_1_89' title='bbox 2098 1085 2124 1115; x_wconf 77' lang='grc' dir='ltr'>ι</span> <span class='ocrx_word' id='word_1_90' title='bbox 2156 1063 2376 1139; x_wconf 82' lang='lat' dir='ltr'><strong>Neque</strong></span> <span class='ocrx_word' id='word_1_91' title='bbox 2413 1059 2684 1121; x_wconf 88' lang='lat' dir='ltr'><strong>multum</strong></span> <span class='ocrx_word' id='word_1_92' title='bbox 2724 1056 2940 1126; x_wconf 89' lang='lat' dir='ltr'><strong>refert,</strong></span> <span class='ocrx_word' id='word_1_93' title='bbox 2976 1053 3054 1114; x_wconf 92' lang='lat' dir='ltr'><strong>de</strong></span> <span class='ocrx_word' id='word_1_94' title='bbox 3093 1049 3339 1112; x_wconf 70' lang='lat' dir='ltr'><strong>caneris</strong></span> <span class='ocrx_word' id='word_1_95' title='bbox 3374 1050 3708 1146; x_wconf 70' lang='lat' dir='ltr'><strong>enumeratis</strong></span> 
     </span>
    </p>
   </div>
   <div class='ocr_carea' id='block_1_9' title="bbox 531 1140 3711 1242">
    <p class='ocr_par' dir='ltr' id='par_1_9' title="bbox 531 1140 3711 1242">
     <span class='ocr_line' id='line_1_9' title="bbox 531 1140 3711 1242; baseline -0.007 -22"><span class='ocrx_word' id='word_1_96' title='bbox 531 1140 838 1241; x_wconf 80' lang='lat' dir='ltr'><strong>(ritibus),</strong></span> <span class='ocrx_word' id='word_1_97' title='bbox 894 1177 1058 1238; x_wconf 91' lang='lat' dir='ltr'><strong>quos</strong></span> <span class='ocrx_word' id='word_1_98' title='bbox 1130 1159 1306 1237; x_wconf 86' lang='lat' dir='ltr'><strong>ipsi(</strong></span> <span class='ocrx_word' id='word_1_99' title='bbox 1353 1140 1580 1236; x_wconf 83' lang='lat' dir='ltr'><strong>Latini)</strong></span> <span class='ocrx_word' id='word_1_100' title='bbox 1615 1176 1682 1219; x_wconf 93' lang='lat' dir='ltr'><strong>se</strong></span> <span class='ocrx_word' id='word_1_101' title='bbox 1733 1160 2070 1219; x_wconf 86' lang='lat' dir='ltr'><strong>observare</strong></span> <span class='ocrx_word' id='word_1_102' title='bbox 2126 1156 2430 1225; x_wconf 88' lang='lat' dir='ltr'><strong>fatentes,</strong></span> <span class='ocrx_word' id='word_1_103' title='bbox 2494 1156 2755 1233; x_wconf 69' lang='lat' dir='ltr'><strong>(prater</strong></span> <span class='ocrx_word' id='word_1_104' title='bbox 2797 1150 3262 1242; x_wconf 14' lang='lat' dir='ltr'><strong>suffocatorumr</strong></span> <span class='ocrx_word' id='word_1_105' title='bbox 3299 1161 3467 1242; x_wconf 63' lang='lat' dir='ltr'><strong>esum</strong></span> <span class='ocrx_word' id='word_1_106' title='bbox 3511 1140 3711 1242; x_wconf 54' lang='lat' dir='ltr'><strong>:_bujus</strong></span> 
     </span>
    </p>
   </div>
   <div class='ocr_carea' id='block_1_10' title="bbox 530 1237 3710 1333">
    <p class='ocr_par' dir='ltr' id='par_1_10' title="bbox 530 1237 3710 1333">
     <span class='ocr_line' id='line_1_10' title="bbox 530 1237 3710 1333; baseline -0.008 -16"><span class='ocrx_word' id='word_1_107' title='bbox 530 1237 702 1317; x_wconf 83' lang='lat' dir='ltr'><strong>enim</strong></span> <span class='ocrx_word' id='word_1_108' title='bbox 739 1237 815 1318; x_wconf 85' lang='lat' dir='ltr'><strong>ne</strong></span> <span class='ocrx_word' id='word_1_109' title='bbox 845 1237 1076 1316; x_wconf 85' lang='lat' dir='ltr'><strong>nomen</strong></span> <span class='ocrx_word' id='word_1_110' title='bbox 1113 1256 1383 1332; x_wconf 80' lang='lat' dir='ltr'><strong>quidem</strong></span> <span class='ocrx_word' id='word_1_111' title='bbox 1443 1253 1975 1333; x_wconf 83' lang='lat' dir='ltr'><strong>prudentioribus</strong></span> <span class='ocrx_word' id='word_1_112' title='bbox 2011 1252 2258 1314; x_wconf 83' lang='lat' dir='ltr'><strong>Latinis</strong></span> <span class='ocrx_word' id='word_1_113' title='bbox 2293 1251 2636 1314; x_wconf 84' lang='lat' dir='ltr'><strong>ferendum</strong></span> <span class='ocrx_word' id='word_1_114' title='bbox 2675 1249 3040 1316; x_wconf 79' lang='lat' dir='ltr'><strong>videtur...)</strong></span> <span class='ocrx_word' id='word_1_115' title='bbox 3086 1241 3306 1304; x_wconf 89' lang='lat' dir='ltr'><strong>multis</strong></span> <span class='ocrx_word' id='word_1_116' title='bbox 3339 1237 3710 1333; x_wconf 75' lang='lat' dir='ltr'><strong>irremissibi-</strong></span> 
     </span>
    </p>
   </div>
   <div class='ocr_carea' id='block_1_11' title="bbox 532 1328 3714 1428">
    <p class='ocr_par' dir='ltr' id='par_1_11' title="bbox 532 1328 3714 1428">
     <span class='ocr_line' id='line_1_11' title="bbox 532 1328 3714 1428; baseline -0.005 -18"><span class='ocrx_word' id='word_1_117' title='bbox 532 1351 680 1412; x_wconf 82' lang='lat' dir='ltr'><strong>liter</strong></span> <span class='ocrx_word' id='word_1_118' title='bbox 715 1367 971 1428; x_wconf 83' lang='lat' dir='ltr'><strong>peccare</strong></span> <span class='ocrx_word' id='word_1_119' title='bbox 1007 1328 1330 1411; x_wconf 84' lang='lat' dir='ltr'><strong>videntur.</strong></span> <span class='ocrx_word' id='word_1_120' title='bbox 1355 1328 1645 1424; x_wconf 80' lang='lat' dir='ltr'><strong>Quorum</strong></span> <span class='ocrx_word' id='word_1_121' title='bbox 1679 1349 2090 1409; x_wconf 85' lang='lat' dir='ltr'><strong>sermonibus</strong></span> <span class='ocrx_word' id='word_1_122' title='bbox 2127 1365 2252 1410; x_wconf 92' lang='lat' dir='ltr'><strong>non</strong></span> <span class='ocrx_word' id='word_1_123' title='bbox 2285 1347 2626 1413; x_wconf 86' lang='lat' dir='ltr'><strong>assentire.</strong></span> <span class='ocrx_word' id='word_1_124' title='bbox 2662 1343 2946 1405; x_wconf 83' lang='lat' dir='ltr'><strong>hominis</strong></span> <span class='ocrx_word' id='word_1_125' title='bbox 2980 1347 3096 1412; x_wconf 91' lang='lat' dir='ltr'><strong>est,</strong></span> <span class='ocrx_word' id='word_1_126' title='bbox 3132 1346 3201 1400; x_wconf 91' lang='lat' dir='ltr'><strong>ut</strong></span> <span class='ocrx_word' id='word_1_127' title='bbox 3247 1344 3429 1415; x_wconf 91' lang='lat' dir='ltr'><strong>puto,</strong></span> <span class='ocrx_word' id='word_1_128' title='bbox 3475 1333 3534 1393; x_wconf 93' lang='lat' dir='ltr'><strong>in</strong></span> <span class='ocrx_word' id='word_1_129' title='bbox 3563 1328 3714 1428; x_wconf 49' lang='lat' dir='ltr'><strong>eccle‘</strong></span> 
     </span>
    </p>
   </div>
   <div class='ocr_carea' id='block_1_12' title="bbox 532 1426 3713 1523">
    <p class='ocr_par' dir='ltr' id='par_1_12' title="bbox 532 1426 3713 1523">
     <span class='ocr_line' id='line_1_12' title="bbox 532 1426 3713 1523; baseline -0.006 -17"><span class='ocrx_word' id='word_1_130' title='bbox 532 1426 783 1507; x_wconf 81' lang='lat' dir='ltr'><strong>siastica</strong></span> <span class='ocrx_word' id='word_1_131' title='bbox 833 1445 1102 1506; x_wconf 85' lang='lat' dir='ltr'><strong>historia</strong></span> <span class='ocrx_word' id='word_1_132' title='bbox 1152 1446 1517 1517; x_wconf 76' lang='lat' dir='ltr'><strong>exercitati;</strong></span> <span class='ocrx_word' id='word_1_133' title='bbox 1569 1445 1679 1523; x_wconf 87' lang='lat' dir='ltr'><strong>qui</strong></span> <span class='ocrx_word' id='word_1_134' title='bbox 1745 1445 1940 1521; x_wconf 86' lang='lat' dir='ltr'><strong>probe</strong></span> <span class='ocrx_word' id='word_1_135' title='bbox 1979 1445 2180 1518; x_wconf 91' lang='lat' dir='ltr'><strong>novit,</strong></span> <span class='ocrx_word' id='word_1_136' title='bbox 2251 1461 2378 1507; x_wconf 92' lang='lat' dir='ltr'><strong>non</strong></span> <span class='ocrx_word' id='word_1_137' title='bbox 2444 1459 2680 1505; x_wconf 92' lang='lat' dir='ltr'><strong>omnen</strong></span> <span class='ocrx_word' id='word_1_138' title='bbox 2746 1437 3288 1502; x_wconf 88' lang='lat' dir='ltr'><strong>consuetudinem</strong></span> <span class='ocrx_word' id='word_1_139' title='bbox 3350 1433 3428 1494; x_wconf 90' lang='lat' dir='ltr'><strong>ad</strong></span> <span class='ocrx_word' id='word_1_140' title='bbox 3461 1426 3713 1492; x_wconf 84' lang='lat' dir='ltr'><strong>Ecclesias</strong></span> 
     </span>
    </p>
   </div>
   <div class='ocr_carea' id='block_1_13' title="bbox 530 1524 3714 1627">
    <p class='ocr_par' dir='ltr' id='par_1_13' title="bbox 530 1524 3714 1627">
     <span class='ocr_line' id='line_1_13' title="bbox 530 1524 3714 1627; baseline -0.006 -25"><span class='ocrx_word' id='word_1_141' title='bbox 530 1542 911 1604; x_wconf 89' lang='lat' dir='ltr'><strong>scindendas</strong></span> <span class='ocrx_word' id='word_1_142' title='bbox 946 1543 1155 1604; x_wconf 89' lang='lat' dir='ltr'><strong>valere</strong></span> <span class='ocrx_word' id='word_1_143' title='bbox 1213 1544 1374 1604; x_wconf 89' lang='lat' dir='ltr'><strong>:sed</strong></span> <span class='ocrx_word' id='word_1_144' title='bbox 1431 1544 1490 1602; x_wconf 88' lang='lat' dir='ltr'><strong>id</strong></span> <span class='ocrx_word' id='word_1_145' title='bbox 1557 1551 1821 1615; x_wconf 89' lang='lat' dir='ltr'><strong>tantum,</strong></span> <span class='ocrx_word' id='word_1_146' title='bbox 1866 1542 2038 1621; x_wconf 86' lang='lat' dir='ltr'><strong>quod</strong></span> <span class='ocrx_word' id='word_1_147' title='bbox 2101 1541 2416 1620; x_wconf 78' lang='lat' dir='ltr'><strong>dogmatis</strong></span> <span class='ocrx_word' id='word_1_148' title='bbox 2475 1538 2921 1600; x_wconf 82' lang='lat' dir='ltr'><strong>diversitatem</strong></span> <span class='ocrx_word' id='word_1_149' title='bbox 2997 1531 3215 1594; x_wconf 86' lang='lat' dir='ltr'><strong>infert.</strong></span> <span class='ocrx_word' id='word_1_150' title='bbox 3257 1524 3714 1627; x_wconf 71' lang='lat' dir='ltr'><strong>consuetudines</strong></span> 
     </span>
    </p>
   </div>
   <div class='ocr_carea' id='block_1_14' title="bbox 531 1616 3714 1715">
    <p class='ocr_par' dir='ltr' id='par_1_14' title="bbox 531 1616 3714 1715">
     <span class='ocr_line' id='line_1_14' title="bbox 531 1616 3714 1715; baseline -0.006 -17"><span class='ocrx_word' id='word_1_151' title='bbox 531 1645 742 1698; x_wconf 87' lang='lat' dir='ltr'><strong>autem</strong></span> <span class='ocrx_word' id='word_1_152' title='bbox 777 1639 1088 1710; x_wconf 90' lang='lat' dir='ltr'><strong>diversas,</strong></span> <span class='ocrx_word' id='word_1_153' title='bbox 1133 1646 1239 1699; x_wconf 88' lang='lat' dir='ltr'><strong>aut</strong></span> <span class='ocrx_word' id='word_1_154' title='bbox 1296 1638 1484 1698; x_wconf 90' lang='lat' dir='ltr'><strong>etiam</strong></span> <span class='ocrx_word' id='word_1_155' title='bbox 1535 1654 1679 1715; x_wconf 68' lang='lat' dir='ltr'><strong>quae</strong></span> <span class='ocrx_word' id='word_1_156' title='bbox 1708 1616 2248 1714; x_wconf 35' lang='lat' dir='ltr'><strong>apud&#39;prmclaros</strong></span> <span class='ocrx_word' id='word_1_157' title='bbox 2303 1636 2417 1697; x_wconf 88' lang='lat' dir='ltr'><strong>hos</strong></span> <span class='ocrx_word' id='word_1_158' title='bbox 2445 1634 2700 1713; x_wconf 88' lang='lat' dir='ltr'><strong>judices</strong></span> <span class='ocrx_word' id='word_1_159' title='bbox 2766 1632 3040 1710; x_wconf 57' lang='lat' dir='ltr'><strong>(Graecos</strong></span> <span class='ocrx_word' id='word_1_160' title='bbox 3102 1623 3494 1688; x_wconf 88' lang='lat' dir='ltr'><strong>morosiores</strong></span> <span class='ocrx_word' id='word_1_161' title='bbox 3544 1616 3714 1697; x_wconf 80' lang='lat' dir='ltr'><strong>carpit)</strong></span> 
     </span>
    </p>
   </div>
   <div class='ocr_carea' id='block_1_15' title="bbox 535 1718 3715 1812">
    <p class='ocr_par' dir='ltr' id='par_1_15' title="bbox 535 1718 3715 1812">
     <span class='ocr_line' id='line_1_15' title="bbox 535 1718 3715 1812; baseline -0.006 -20"><span class='ocrx_word' id='word_1_162' title='bbox 535 1740 733 1794; x_wconf 89' lang='lat' dir='ltr'><strong>errata</strong></span> <span class='ocrx_word' id='word_1_163' title='bbox 776 1741 942 1805; x_wconf 77' lang='lat' dir='ltr'><strong>sunt,</strong></span> <span class='ocrx_word' id='word_1_164' title='bbox 981 1742 1150 1794; x_wconf 89' lang='lat' dir='ltr'><strong>ortas</strong></span> <span class='ocrx_word' id='word_1_165' title='bbox 1190 1751 1333 1796; x_wconf 89' lang='lat' dir='ltr'><strong>esse</strong></span> <span class='ocrx_word' id='word_1_166' title='bbox 1385 1733 1542 1794; x_wconf 90' lang='lat' dir='ltr'><strong>alias</strong></span> <span class='ocrx_word' id='word_1_167' title='bbox 1575 1750 1650 1793; x_wconf 88' lang='lat' dir='ltr'><strong>ex</strong></span> <span class='ocrx_word' id='word_1_168' title='bbox 1702 1733 1935 1810; x_wconf 83' lang='lat' dir='ltr'><strong>pietate</strong></span> <span class='ocrx_word' id='word_1_169' title='bbox 1970 1741 2032 1792; x_wconf 92' lang='lat' dir='ltr'><strong>et</strong></span> <span class='ocrx_word' id='word_1_170' title='bbox 2088 1732 2432 1812; x_wconf 80' lang='lat' dir='ltr'><strong>religione.</strong></span> <span class='ocrx_word' id='word_1_171' title='bbox 2477 1739 2546 1791; x_wconf 90' lang='lat' dir='ltr'><strong>ut</strong></span> <span class='ocrx_word' id='word_1_172' title='bbox 2582 1745 2758 1790; x_wconf 90' lang='lat' dir='ltr'><strong>sacra</strong></span> <span class='ocrx_word' id='word_1_173' title='bbox 2802 1726 3166 1806; x_wconf 91' lang='lat' dir='ltr'><strong>pavimenta</strong></span> <span class='ocrx_word' id='word_1_174' title='bbox 3217 1718 3498 1784; x_wconf 86' lang='lat' dir='ltr'><strong>osculari</strong></span> <span class='ocrx_word' id='word_1_175' title='bbox 3534 1719 3715 1796; x_wconf 76' lang='lat' dir='ltr'><strong>(neque</strong></span> 
     </span>
    </p>
   </div>
   <div class='ocr_carea' id='block_1_16' title="bbox 534 1813 3717 1910">
    <p class='ocr_par' dir='ltr' id='par_1_16' title="bbox 534 1813 3717 1910">
     <span class='ocr_line' id='line_1_16' title="bbox 534 1813 3717 1910; baseline -0.006 -23"><span class='ocrx_word' id='word_1_176' title='bbox 534 1828 704 1888; x_wconf 91' lang='lat' dir='ltr'><strong>enim</strong></span> <span class='ocrx_word' id='word_1_177' title='bbox 742 1829 1092 1889; x_wconf 84' lang='lat' dir='ltr'><strong>Satanicam</strong></span> <span class='ocrx_word' id='word_1_178' title='bbox 1139 1828 1311 1889; x_wconf 87' lang='lat' dir='ltr'><strong>illam</strong></span> <span class='ocrx_word' id='word_1_179' title='bbox 1371 1828 1755 1889; x_wconf 85' lang='lat' dir='ltr'><strong>calumniam</strong></span> <span class='ocrx_word' id='word_1_180' title='bbox 1789 1827 2221 1902; x_wconf 85' lang='lat' dir='ltr'><strong>admittimus,</strong></span> <span class='ocrx_word' id='word_1_181' title='bbox 2269 1824 2442 1904; x_wconf 92' lang='lat' dir='ltr'><strong>quod</strong></span> <span class='ocrx_word' id='word_1_182' title='bbox 2501 1822 2706 1884; x_wconf 84' lang='lat' dir='ltr'><strong>Latini</strong></span> <span class='ocrx_word' id='word_1_183' title='bbox 2745 1820 3103 1897; x_wconf 79' lang='lat' dir='ltr'><strong>imaginum</strong></span> <span class='ocrx_word' id='word_1_184' title='bbox 3158 1813 3621 1910; x_wconf 81' lang='lat' dir='ltr'><strong>venerationem</strong></span> <span class='ocrx_word' id='word_1_185' title='bbox 3649 1824 3717 1910; x_wconf 73' lang='lat' dir='ltr'><strong>re-</strong></span> 
     </span>
    </p>
   </div>
   <div class='ocr_carea' id='block_1_17' title="bbox 533 1907 3717 2004">
    <p class='ocr_par' dir='ltr' id='par_1_17' title="bbox 533 1907 3717 2004">
     <span class='ocr_line' id='line_1_17' title="bbox 533 1907 3717 2004; baseline -0.006 -23"><span class='ocrx_word' id='word_1_186' title='bbox 533 1923 835 1998; x_wconf 85' lang='lat' dir='ltr'><strong>spuant);</strong></span> <span class='ocrx_word' id='word_1_187' title='bbox 895 1923 1051 1984; x_wconf 89' lang='lat' dir='ltr'><strong>alias</strong></span> <span class='ocrx_word' id='word_1_188' title='bbox 1107 1941 1257 1985; x_wconf 89' lang='lat' dir='ltr'><strong>vero</strong></span> <span class='ocrx_word' id='word_1_189' title='bbox 1301 1941 1380 1984; x_wconf 92' lang='lat' dir='ltr'><strong>ex</strong></span> <span class='ocrx_word' id='word_1_190' title='bbox 1441 1925 1704 2000; x_wconf 90' lang='lat' dir='ltr'><strong>provida</strong></span> <span class='ocrx_word' id='word_1_191' title='bbox 1768 1923 2043 2004; x_wconf 90' lang='lat' dir='ltr'><strong>quadam</strong></span> <span class='ocrx_word' id='word_1_192' title='bbox 2112 1919 2595 2000; x_wconf 85' lang='lat' dir='ltr'><strong>dispensatione</strong></span> <span class='ocrx_word' id='word_1_193' title='bbox 2662 1917 2743 1978; x_wconf 92' lang='lat' dir='ltr'><strong>ob</strong></span> <span class='ocrx_word' id='word_1_194' title='bbox 2803 1913 3267 1981; x_wconf 82' lang='lat' dir='ltr'><strong>infirmitatem,</strong></span> <span class='ocrx_word' id='word_1_195' title='bbox 3304 1907 3566 1970; x_wconf 87' lang='lat' dir='ltr'><strong>fortasse</strong></span> <span class='ocrx_word' id='word_1_196' title='bbox 3608 1907 3717 1982; x_wconf 84' lang='lat' dir='ltr'><strong>qui-</strong></span> 
     </span>
    </p>
   </div>
   <div class='ocr_carea' id='block_1_18' title="bbox 533 2007 3716 2098">
    <p class='ocr_par' dir='ltr' id='par_1_18' title="bbox 533 2007 3716 2098">
     <span class='ocr_line' id='line_1_18' title="bbox 533 2007 3716 2098; baseline -0.005 -22"><span class='ocrx_word' id='word_1_197' title='bbox 533 2016 678 2076; x_wconf 88' lang='lat' dir='ltr'><strong>dem</strong></span> <span class='ocrx_word' id='word_1_198' title='bbox 736 2017 987 2092; x_wconf 64' lang='lat' dir='ltr'><strong>animaz,</strong></span> <span class='ocrx_word' id='word_1_199' title='bbox 1046 2019 1160 2081; x_wconf 91' lang='lat' dir='ltr'><strong>sed</strong></span> <span class='ocrx_word' id='word_1_200' title='bbox 1217 2028 1388 2081; x_wconf 89' lang='lat' dir='ltr'><strong>certe</strong></span> <span class='ocrx_word' id='word_1_201' title='bbox 1448 2020 1779 2098; x_wconf 90' lang='lat' dir='ltr'><strong>corporis;</strong></span> <span class='ocrx_word' id='word_1_202' title='bbox 1856 2028 1924 2081; x_wconf 95' lang='lat' dir='ltr'><strong>ut</strong></span> <span class='ocrx_word' id='word_1_203' title='bbox 1981 2019 2154 2098; x_wconf 90' lang='lat' dir='ltr'><strong>quod</strong></span> <span class='ocrx_word' id='word_1_204' title='bbox 2223 2014 2517 2078; x_wconf 85' lang='lat' dir='ltr'><strong>monachi</strong></span> <span class='ocrx_word' id='word_1_205' title='bbox 2582 2015 2647 2074; x_wconf 92' lang='lat' dir='ltr'><strong>in</strong></span> <span class='ocrx_word' id='word_1_206' title='bbox 2721 2007 3203 2073; x_wconf 85' lang='lat' dir='ltr'><strong>infirmitatibus</strong></span> <span class='ocrx_word' id='word_1_207' title='bbox 3277 2019 3500 2067; x_wconf 90' lang='lat' dir='ltr'><strong>carnes</strong></span> <span class='ocrx_word' id='word_1_208' title='bbox 3556 2013 3716 2063; x_wconf 81' lang='lat' dir='ltr'><strong>come-</strong></span> 
     </span>
    </p>
   </div>
   <div class='ocr_carea' id='block_1_19' title="bbox 533 2110 787 2171">
    <p class='ocr_par' dir='ltr' id='par_1_19' title="bbox 533 2110 787 2171">
     <span class='ocr_line' id='line_1_19' title="bbox 533 2110 787 2171; baseline -0.02 0"><span class='ocrx_word' id='word_1_209' title='bbox 533 2110 704 2171; x_wconf 77' lang='lat' dir='ltr'><strong>dunL</strong></span> <span class='ocrx_word' id='word_1_210' title='bbox 758 2133 787 2166; x_wconf 68' lang='grc' dir='ltr'><strong><em>ι</em></strong></span> 
     </span>
    </p>
   </div>
   <div class='ocr_carea' id='block_1_20' title="bbox 613 2200 3712 2305">
    <p class='ocr_par' dir='ltr' id='par_1_20' title="bbox 613 2200 3712 2305">
     <span class='ocr_line' id='line_1_20' title="bbox 613 2200 3712 2305; baseline -0.004 -22"><span class='ocrx_word' id='word_1_211' title='bbox 613 2223 712 2283; x_wconf 87' lang='lat'><strong>61.</strong></span> <span class='ocrx_word' id='word_1_212' title='bbox 762 2224 1156 2288; x_wconf 89' lang='lat' dir='ltr'><strong>Calumniam</strong></span> <span class='ocrx_word' id='word_1_213' title='bbox 1207 2226 1410 2301; x_wconf 91' lang='lat' dir='ltr'><strong>illam,</strong></span> <span class='ocrx_word' id='word_1_214' title='bbox 1464 2245 1653 2305; x_wconf 90' lang='lat' dir='ltr'><strong>quam</strong></span> <span class='ocrx_word' id='word_1_215' title='bbox 1715 2227 2088 2287; x_wconf 79' lang='lat' dir='ltr'><strong>Satam‘cam</strong></span> <span class='ocrx_word' id='word_1_216' title='bbox 2125 2233 2323 2296; x_wconf 88' lang='lat' dir='ltr'><strong>vocat,</strong></span> <span class='ocrx_word' id='word_1_217' title='bbox 2360 2221 2746 2299; x_wconf 79' lang='lat' dir='ltr'><strong>excogitavit</strong></span> <span class='ocrx_word' id='word_1_218' title='bbox 2796 2219 3174 2297; x_wconf 89' lang='lat' dir='ltr'><strong>invexitque</strong></span> <span class='ocrx_word' id='word_1_219' title='bbox 3258 2200 3712 2305; x_wconf 85' lang='lat' dir='ltr'><strong>Cerutarius.</strong></span> 
     </span>
    </p>
   </div>
   <div class='ocr_carea' id='block_1_21' title="bbox 533 2297 3713 2402">
    <p class='ocr_par' dir='ltr' id='par_1_21' title="bbox 533 2297 3713 2402">
     <span class='ocr_line' id='line_1_21' title="bbox 533 2297 3713 2402; baseline -0.007 -22"><span class='ocrx_word' id='word_1_220' title='bbox 533 2319 988 2382; x_wconf 81' lang='lat' dir='ltr'><strong>suffocatorum</strong></span> <span class='ocrx_word' id='word_1_221' title='bbox 1012 2339 1191 2388; x_wconf 87' lang='lat' dir='ltr'><strong>esum</strong></span> <span class='ocrx_word' id='word_1_222' title='bbox 1214 2297 1661 2402; x_wconf 27' lang='lat' dir='ltr'><strong>quod&#39;attinet,</strong></span> <span class='ocrx_word' id='word_1_223' title='bbox 1697 2324 2116 2395; x_wconf 84' lang='lat' dir='ltr'><strong>Humbertus,</strong></span> <span class='ocrx_word' id='word_1_224' title='bbox 2142 2323 2333 2383; x_wconf 69' lang='lat' dir='ltr'><strong>Silva)</strong></span> <span class='ocrx_word' id='word_1_225' title='bbox 2386 2297 2686 2380; x_wconf 78' lang='lat' dir='ltr'><strong>Candidm</strong></span> <span class='ocrx_word' id='word_1_226' title='bbox 2715 2318 2774 2377; x_wconf 91' lang='lat' dir='ltr'><strong>S.</strong></span> <span class='ocrx_word' id='word_1_227' title='bbox 2799 2317 2872 2376; x_wconf 74' lang='grc' dir='ltr'><strong>Β.</strong></span> <span class='ocrx_word' id='word_1_228' title='bbox 2908 2316 2979 2375; x_wconf 76' lang='grc' dir='ltr'><strong>Ε.</strong></span> <span class='ocrx_word' id='word_1_229' title='bbox 3015 2312 3398 2385; x_wconf 83' lang='lat' dir='ltr'><strong>cardinalis,</strong></span> <span class='ocrx_word' id='word_1_230' title='bbox 3429 2297 3713 2372; x_wconf 66' lang='lat' dir='ltr'><strong>Leonislx</strong></span> 
     </span>
    </p>
   </div>
   <div class='ocr_carea' id='block_1_22' title="bbox 539 2409 3715 2497">
    <p class='ocr_par' dir='ltr' id='par_1_22' title="bbox 539 2409 3715 2497">
     <span class='ocr_line' id='line_1_22' title="bbox 539 2409 3715 2497; baseline -0.006 -22"><span class='ocrx_word' id='word_1_231' title='bbox 539 2432 714 2492; x_wconf 72' lang='lat' dir='ltr'><strong>papaa</strong></span> <span class='ocrx_word' id='word_1_232' title='bbox 764 2417 1389 2495; x_wconf 89' lang='lat' dir='ltr'><strong>Constantinopolim</strong></span> <span class='ocrx_word' id='word_1_233' title='bbox 1450 2420 1697 2497; x_wconf 84' lang='lat' dir='ltr'><strong>legatus</strong></span> <span class='ocrx_word' id='word_1_234' title='bbox 1728 2464 1743 2491; x_wconf 94' lang='lat'><strong>,</strong></span> <span class='ocrx_word' id='word_1_235' title='bbox 1803 2420 2092 2496; x_wconf 89' lang='lat' dir='ltr'><strong>ejusdem</strong></span> <span class='ocrx_word' id='word_1_236' title='bbox 2145 2416 2459 2479; x_wconf 87' lang='lat' dir='ltr'><strong>Cerularii</strong></span> <span class='ocrx_word' id='word_1_237' title='bbox 2504 2423 2818 2489; x_wconf 83' lang='lat' dir='ltr'><strong>tempore,</strong></span> <span class='ocrx_word' id='word_1_238' title='bbox 2853 2409 3207 2470; x_wconf 88' lang='lat' dir='ltr'><strong>testabatur</strong></span> <span class='ocrx_word' id='word_1_239' title='bbox 3259 2411 3448 2489; x_wconf 90' lang='lat' dir='ltr'><strong>juxta</strong></span> <span class='ocrx_word' id='word_1_240' title='bbox 3483 2409 3715 2466; x_wconf 74' lang='lat' dir='ltr'><strong>Romane</strong></span> 
     </span>
    </p>
   </div>
   <div class='ocr_carea' id='block_1_23' title="bbox 539 2505 3719 2593">
    <p class='ocr_par' dir='ltr' id='par_1_23' title="bbox 539 2505 3719 2593">
     <span class='ocr_line' id='line_1_23' title="bbox 539 2505 3719 2593; baseline -0.003 -23"><span class='ocrx_word' id='word_1_241' title='bbox 539 2511 841 2572; x_wconf 79' lang='lat' dir='ltr'><strong>Ecclesiae</strong></span> <span class='ocrx_word' id='word_1_242' title='bbox 921 2513 1357 2591; x_wconf 84' lang='lat' dir='ltr'><strong>disciplinam,</strong></span> <span class='ocrx_word' id='word_1_243' title='bbox 1423 2537 1450 2569; x_wconf 75' lang='grc' dir='ltr'>α</span> <span class='ocrx_word' id='word_1_244' title='bbox 1530 2533 1783 2593; x_wconf 78' lang='lat' dir='ltr'><strong>gravem</strong></span> <span class='ocrx_word' id='word_1_245' title='bbox 1853 2514 2288 2592; x_wconf 76' lang='lat' dir='ltr'><strong>pmnitentiam</strong></span> <span class='ocrx_word' id='word_1_246' title='bbox 2373 2509 2615 2589; x_wconf 91' lang='lat' dir='ltr'><strong>imponi</strong></span> <span class='ocrx_word' id='word_1_247' title='bbox 2682 2508 2764 2567; x_wconf 91' lang='lat' dir='ltr'><strong>iis</strong></span> <span class='ocrx_word' id='word_1_248' title='bbox 2841 2507 2952 2586; x_wconf 90' lang='lat' dir='ltr'><strong>qui</strong></span> <span class='ocrx_word' id='word_1_249' title='bbox 3009 2505 3264 2583; x_wconf 86' lang='lat' dir='ltr'><strong>absque</strong></span> <span class='ocrx_word' id='word_1_250' title='bbox 3329 2514 3598 2565; x_wconf 89' lang='lat' dir='ltr'><strong>extremo</strong></span> <span class='ocrx_word' id='word_1_251' title='bbox 3648 2510 3719 2593; x_wconf 58' lang='grc' dir='ltr'><strong>νε·</strong></span> 
     </span>
    </p>
   </div>
   <div class='ocr_carea' id='block_1_24' title="bbox 536 2591 3716 2687">
    <p class='ocr_par' dir='ltr' id='par_1_24' title="bbox 536 2591 3716 2687">
     <span class='ocr_line' id='line_1_24' title="bbox 536 2591 3716 2687; baseline -0.002 -23"><span class='ocrx_word' id='word_1_252' title='bbox 536 2606 742 2667; x_wconf 90' lang='lat' dir='ltr'><strong>riculo</strong></span> <span class='ocrx_word' id='word_1_253' title='bbox 799 2609 961 2681; x_wconf 64' lang='lat' dir='ltr'><strong>vita),</strong></span> <span class='ocrx_word' id='word_1_254' title='bbox 1015 2609 1329 2686; x_wconf 88' lang='lat' dir='ltr'><strong>sanguine</strong></span> <span class='ocrx_word' id='word_1_255' title='bbox 1400 2591 1863 2682; x_wconf 73' lang='lat' dir='ltr'><strong>vescebantur,</strong></span> <span class='ocrx_word' id='word_1_256' title='bbox 1910 2609 2004 2669; x_wconf 88' lang='lat' dir='ltr'><strong>vel</strong></span> <span class='ocrx_word' id='word_1_257' title='bbox 2067 2625 2462 2687; x_wconf 86' lang='lat' dir='ltr'><strong>quocunque</strong></span> <span class='ocrx_word' id='word_1_258' title='bbox 2523 2603 2887 2674; x_wconf 89' lang='lat' dir='ltr'><strong>morticino,</strong></span> <span class='ocrx_word' id='word_1_259' title='bbox 2954 2610 3062 2661; x_wconf 91' lang='lat' dir='ltr'><strong>aut</strong></span> <span class='ocrx_word' id='word_1_260' title='bbox 3129 2599 3494 2678; x_wconf 72' lang='lat' dir='ltr'><strong>prtefocato.</strong></span> <span class='ocrx_word' id='word_1_261' title='bbox 3531 2620 3554 2648; x_wconf 72' lang='grc' dir='ltr'><strong>υ</strong></span> <span class='ocrx_word' id='word_1_262' title='bbox 3603 2591 3716 2653; x_wconf 69' lang='lat' dir='ltr'><strong>Hinc</strong></span> 
     </span>
    </p>
   </div>
   <div class='ocr_carea' id='block_1_25' title="bbox 535 2691 3717 2783">
    <p class='ocr_par' dir='ltr' id='par_1_25' title="bbox 535 2691 3717 2783">
     <span class='ocr_line' id='line_1_25' title="bbox 535 2691 3717 2783; baseline -0.004 -23"><span class='ocrx_word' id='word_1_263' title='bbox 535 2700 1053 2780; x_wconf 71' lang='lat' dir='ltr'><strong>Tthphylactus</strong></span> <span class='ocrx_word' id='word_1_264' title='bbox 1111 2703 1344 2777; x_wconf 87' lang='lat' dir='ltr'><strong>aiebat,</strong></span> <span class='ocrx_word' id='word_1_265' title='bbox 1393 2703 1852 2766; x_wconf 77' lang='lat' dir='ltr'><strong>suﬂ‘ocatorum</strong></span> <span class='ocrx_word' id='word_1_266' title='bbox 1917 2721 1994 2766; x_wconf 89' lang='lat' dir='ltr'><strong>ne</strong></span> <span class='ocrx_word' id='word_1_267' title='bbox 2051 2703 2314 2783; x_wconf 90' lang='lat' dir='ltr'><strong>quidem</strong></span> <span class='ocrx_word' id='word_1_268' title='bbox 2392 2717 2625 2764; x_wconf 89' lang='lat' dir='ltr'><strong>nomen</strong></span> <span class='ocrx_word' id='word_1_269' title='bbox 2676 2695 3221 2777; x_wconf 84' lang='lat' dir='ltr'><strong>prudentioribus</strong></span> <span class='ocrx_word' id='word_1_270' title='bbox 3278 2695 3522 2759; x_wconf 84' lang='lat' dir='ltr'><strong>Latinis</strong></span> <span class='ocrx_word' id='word_1_271' title='bbox 3558 2691 3717 2752; x_wconf 87' lang='lat' dir='ltr'><strong>feren-</strong></span> 
     </span>
    </p>
   </div>
   <div class='ocr_carea' id='block_1_26' title="bbox 534 2794 978 2858">
    <p class='ocr_par' dir='ltr' id='par_1_26' title="bbox 534 2794 978 2858">
     <span class='ocr_line' id='line_1_26' title="bbox 534 2794 978 2858; baseline 0.002 -2"><span class='ocrx_word' id='word_1_272' title='bbox 534 2794 689 2857; x_wconf 90' lang='lat' dir='ltr'><strong>dum</strong></span> <span class='ocrx_word' id='word_1_273' title='bbox 753 2797 978 2858; x_wconf 88' lang='lat' dir='ltr'><strong>videri.</strong></span> 
     </span>
    </p>
   </div>
   <div class='ocr_carea' id='block_1_27' title="bbox 613 2883 3708 2976">
    <p class='ocr_par' dir='ltr' id='par_1_27' title="bbox 613 2883 3708 2976">
     <span class='ocr_line' id='line_1_27' title="bbox 613 2883 3708 2976; baseline -0.004 -24"><span class='ocrx_word' id='word_1_274' title='bbox 613 2896 663 2953; x_wconf 75' lang='grc' dir='ltr'>Α</span> <span class='ocrx_word' id='word_1_275' title='bbox 697 2893 966 2969; x_wconf 90' lang='lat' dir='ltr'><strong>pristino</strong></span> <span class='ocrx_word' id='word_1_276' title='bbox 1016 2895 1227 2973; x_wconf 86' lang='lat' dir='ltr'><strong>rigore</strong></span> <span class='ocrx_word' id='word_1_277' title='bbox 1269 2914 1592 2959; x_wconf 88' lang='lat' dir='ltr'><strong>recessum</strong></span> <span class='ocrx_word' id='word_1_278' title='bbox 1646 2906 1740 2958; x_wconf 91' lang='lat' dir='ltr'><strong>est</strong></span> <span class='ocrx_word' id='word_1_279' title='bbox 1781 2920 1795 2958; x_wconf 90' lang='lat'><strong>:</strong></span> <span class='ocrx_word' id='word_1_280' title='bbox 1835 2898 2140 2976; x_wconf 88' lang='lat' dir='ltr'><strong>quoniam</strong></span> <span class='ocrx_word' id='word_1_281' title='bbox 2184 2919 2212 2952; x_wconf 77' lang='grc' dir='ltr'>ι</span> <span class='ocrx_word' id='word_1_282' title='bbox 2259 2893 2364 2955; x_wconf 92' lang='lat' dir='ltr'><strong>ubi</strong></span> <span class='ocrx_word' id='word_1_283' title='bbox 2408 2892 2687 2953; x_wconf 85' lang='lat' dir='ltr'><strong>Ecclesia</strong></span> <span class='ocrx_word' id='word_1_284' title='bbox 2740 2889 3028 2970; x_wconf 89' lang='lat' dir='ltr'><strong>gentium</strong></span> <span class='ocrx_word' id='word_1_285' title='bbox 3079 2890 3183 2968; x_wconf 82' lang='lat' dir='ltr'><strong>(ut</strong></span> <span class='ocrx_word' id='word_1_286' title='bbox 3245 2892 3337 2954; x_wconf 78' lang='lat' dir='ltr'><strong>ait</strong></span> <span class='ocrx_word' id='word_1_287' title='bbox 3371 2883 3708 2967; x_wconf 79' lang='lat' dir='ltr'><strong>Augustinus</strong></span> 
     </span>
    </p>
   </div>
   <div class='ocr_carea' id='block_1_28' title="bbox 532 2982 2114 3069">
    <p class='ocr_par' dir='ltr' id='par_1_28' title="bbox 532 2982 2102 3065">
     <span class='ocr_line' id='line_1_28' title="bbox 532 2982 2102 3065; baseline 0.004 -20"><span class='ocrx_word' id='word_1_288' title='bbox 532 2982 695 3046; x_wconf 85' lang='lat' dir='ltr'><strong>libro</strong></span> <span class='ocrx_word' id='word_1_289' title='bbox 739 3005 925 3046; x_wconf 85' lang='lat' dir='ltr'><strong>xxxu</strong></span> <span class='ocrx_word' id='word_1_290' title='bbox 954 2988 1188 3049; x_wconf 83' lang='lat' dir='ltr'><strong>Contra</strong></span> <span class='ocrx_word' id='word_1_291' title='bbox 1220 2991 1524 3050; x_wconf 75' lang='lat' dir='ltr'><strong>Faustum</strong></span> <span class='ocrx_word' id='word_1_292' title='bbox 1561 2993 2000 3065; x_wconf 73' lang='lat' dir='ltr'><strong>Monichmun,</strong></span> <span class='ocrx_word' id='word_1_293' title='bbox 2037 3010 2102 3052; x_wconf 88' lang='lat' dir='ltr'><strong>ca</strong></span> 
     </span>
    </p>
   </div>
   <div class='ocr_carea' id='block_1_29' title="bbox 2133 2982 3715 3069">
    <p class='ocr_par' dir='ltr' id='par_1_29' title="bbox 2133 2982 3715 3064">
     <span class='ocr_line' id='line_1_29' title="bbox 2133 2982 3715 3064; baseline -0.009 -14"><span class='ocrx_word' id='word_1_294' title='bbox 2133 2994 2242 3052; x_wconf 75' lang='lat' dir='ltr'><strong>iite</strong></span> <span class='ocrx_word' id='word_1_295' title='bbox 2283 2992 2374 3064; x_wconf 85' lang='grc'><strong>13)</strong></span> <span class='ocrx_word' id='word_1_296' title='bbox 2417 2989 2561 3050; x_wconf 91' lang='lat' dir='ltr'><strong>talis</strong></span> <span class='ocrx_word' id='word_1_297' title='bbox 2594 2989 2815 3049; x_wconf 79' lang='lat' dir='ltr'><strong>effecta</strong></span> <span class='ocrx_word' id='word_1_298' title='bbox 2852 2994 2970 3058; x_wconf 90' lang='lat' dir='ltr'><strong>est,</strong></span> <span class='ocrx_word' id='word_1_299' title='bbox 3011 2994 3078 3047; x_wconf 88' lang='lat' dir='ltr'><strong>ut</strong></span> <span class='ocrx_word' id='word_1_300' title='bbox 3107 2986 3178 3047; x_wconf 92' lang='lat' dir='ltr'><strong>in</strong></span> <span class='ocrx_word' id='word_1_301' title='bbox 3227 3005 3301 3050; x_wconf 86' lang='lat' dir='ltr'><strong>ea</strong></span> <span class='ocrx_word' id='word_1_302' title='bbox 3339 2982 3715 3050; x_wconf 84' lang='lat' dir='ltr'><strong>nulluslsrae-</strong></span> 
     </span>
    </p>
   </div>
   <div class='ocr_carea' id='block_1_30' title="bbox 534 3078 3714 3162">
    <p class='ocr_par' dir='ltr' id='par_1_30' title="bbox 534 3078 3714 3162">
     <span class='ocr_line' id='line_1_30' title="bbox 534 3078 3714 3162; baseline -0.002 -23"><span class='ocrx_word' id='word_1_303' title='bbox 534 3078 641 3141; x_wconf 67' lang='lat' dir='ltr'><strong>lita</strong></span> <span class='ocrx_word' id='word_1_304' title='bbox 675 3083 946 3146; x_wconf 89' lang='lat' dir='ltr'><strong>carnalis</strong></span> <span class='ocrx_word' id='word_1_305' title='bbox 977 3087 1455 3162; x_wconf 81' lang='lat' dir='ltr'><strong>appareat;jam</strong></span> <span class='ocrx_word' id='word_1_306' title='bbox 1491 3087 1610 3148; x_wconf 90' lang='lat' dir='ltr'><strong>hoc</strong></span> <span class='ocrx_word' id='word_1_307' title='bbox 1644 3089 2048 3149; x_wconf 88' lang='lat' dir='ltr'><strong>Christianus</strong></span> <span class='ocrx_word' id='word_1_308' title='bbox 2092 3103 2216 3149; x_wconf 90' lang='lat' dir='ltr'><strong>non</strong></span> <span class='ocrx_word' id='word_1_309' title='bbox 2254 3086 2547 3148; x_wconf 86' lang='lat' dir='ltr'><strong>observat</strong></span> <span class='ocrx_word' id='word_1_310' title='bbox 2587 3084 2783 3162; x_wconf 92' lang='lat' dir='ltr'><strong>(quod</strong></span> <span class='ocrx_word' id='word_1_311' title='bbox 2825 3083 3051 3161; x_wconf 90' lang='lat' dir='ltr'><strong>utique</strong></span> <span class='ocrx_word' id='word_1_312' title='bbox 3109 3083 3193 3144; x_wconf 81' lang='lat' dir='ltr'><strong>ad</strong></span> <span class='ocrx_word' id='word_1_313' title='bbox 3240 3095 3494 3161; x_wconf 88' lang='lat' dir='ltr'><strong>tempus</strong></span> <span class='ocrx_word' id='word_1_314' title='bbox 3520 3079 3714 3157; x_wconf 76' lang='lat' dir='ltr'><strong>jussum</strong></span> 
     </span>
    </p>
   </div>
   <div class='ocr_carea' id='block_1_31' title="bbox 528 3174 3714 3260">
    <p class='ocr_par' dir='ltr' id='par_1_31' title="bbox 528 3174 3714 3260">
     <span class='ocr_line' id='line_1_31' title="bbox 528 3174 3714 3260; baseline -0.002 -23"><span class='ocrx_word' id='word_1_315' title='bbox 528 3174 784 3257; x_wconf 82' lang='lat' dir='ltr'><strong>fuerat),</strong></span> <span class='ocrx_word' id='word_1_316' title='bbox 822 3189 891 3239; x_wconf 91' lang='lat' dir='ltr'><strong>ut</strong></span> <span class='ocrx_word' id='word_1_317' title='bbox 924 3182 1166 3252; x_wconf 91' lang='lat' dir='ltr'><strong>turdos,</strong></span> <span class='ocrx_word' id='word_1_318' title='bbox 1211 3182 1304 3241; x_wconf 91' lang='lat' dir='ltr'><strong>vel</strong></span> <span class='ocrx_word' id='word_1_319' title='bbox 1343 3181 1722 3244; x_wconf 87' lang='lat' dir='ltr'><strong>minutiores</strong></span> <span class='ocrx_word' id='word_1_320' title='bbox 1776 3184 2057 3246; x_wconf 88' lang='lat' dir='ltr'><strong>aviculas</strong></span> <span class='ocrx_word' id='word_1_321' title='bbox 2091 3200 2214 3244; x_wconf 92' lang='lat' dir='ltr'><strong>non</strong></span> <span class='ocrx_word' id='word_1_322' title='bbox 2239 3183 2525 3260; x_wconf 86' lang='lat' dir='ltr'><strong>attingat,</strong></span> <span class='ocrx_word' id='word_1_323' title='bbox 2561 3181 2689 3240; x_wconf 88' lang='lat' dir='ltr'><strong>nisi</strong></span> <span class='ocrx_word' id='word_1_324' title='bbox 2747 3195 3020 3257; x_wconf 87' lang='lat' dir='ltr'><strong>quarum</strong></span> <span class='ocrx_word' id='word_1_325' title='bbox 3047 3180 3333 3260; x_wconf 81' lang='lat' dir='ltr'><strong>sanguis</strong></span> <span class='ocrx_word' id='word_1_326' title='bbox 3368 3179 3593 3240; x_wconf 81' lang='lat' dir='ltr'><strong>etl‘usus</strong></span> <span class='ocrx_word' id='word_1_327' title='bbox 3618 3176 3714 3232; x_wconf 74' lang='lat' dir='ltr'><strong>est:</strong></span> 
     </span>
    </p>
   </div>
   <div class='ocr_carea' id='block_1_32' title="bbox 529 3269 3714 3354">
    <p class='ocr_par' dir='ltr' id='par_1_32' title="bbox 529 3269 3714 3354">
     <span class='ocr_line' id='line_1_32' title="bbox 529 3269 3714 3354; baseline 0 -22"><span class='ocrx_word' id='word_1_328' title='bbox 529 3276 638 3332; x_wconf 87' lang='lat' dir='ltr'><strong>aut</strong></span> <span class='ocrx_word' id='word_1_329' title='bbox 673 3269 952 3347; x_wconf 88' lang='lat' dir='ltr'><strong>leporem</strong></span> <span class='ocrx_word' id='word_1_330' title='bbox 995 3288 1118 3332; x_wconf 91' lang='lat' dir='ltr'><strong>non</strong></span> <span class='ocrx_word' id='word_1_331' title='bbox 1154 3273 1323 3346; x_wconf 90' lang='lat' dir='ltr'><strong>edat,</strong></span> <span class='ocrx_word' id='word_1_332' title='bbox 1357 3275 1410 3334; x_wconf 90' lang='lat' dir='ltr'><strong>si</strong></span> <span class='ocrx_word' id='word_1_333' title='bbox 1449 3291 1637 3336; x_wconf 91' lang='lat' dir='ltr'><strong>manu</strong></span> <span class='ocrx_word' id='word_1_334' title='bbox 1669 3293 1702 3337; x_wconf 89' lang='lat' dir='ltr'><strong>a</strong></span> <span class='ocrx_word' id='word_1_335' title='bbox 1727 3278 1975 3338; x_wconf 87' lang='lat' dir='ltr'><strong>cervice</strong></span> <span class='ocrx_word' id='word_1_336' title='bbox 2014 3294 2384 3354; x_wconf 89' lang='lat' dir='ltr'><strong>percussus,</strong></span> <span class='ocrx_word' id='word_1_337' title='bbox 2423 3276 2602 3339; x_wconf 85' lang='lat' dir='ltr'><strong>nullo</strong></span> <span class='ocrx_word' id='word_1_338' title='bbox 2635 3283 2902 3336; x_wconf 91' lang='lat' dir='ltr'><strong>cruento</strong></span> <span class='ocrx_word' id='word_1_339' title='bbox 2945 3274 3226 3338; x_wconf 87' lang='lat' dir='ltr'><strong>vulnere</strong></span> <span class='ocrx_word' id='word_1_340' title='bbox 3278 3277 3524 3339; x_wconf 88' lang='lat' dir='ltr'><strong>occisus</strong></span> <span class='ocrx_word' id='word_1_341' title='bbox 3550 3279 3626 3333; x_wconf 82' lang='lat' dir='ltr'><strong>est</strong></span> <span class='ocrx_word' id='word_1_342' title='bbox 3660 3283 3714 3322; x_wconf 70' lang='grc' dir='ltr'><strong>τι</strong></span> 
     </span>
    </p>
   </div>
   <div class='ocr_carea' id='block_1_33' title="bbox 532 3363 2745 3443">
    <p class='ocr_par' dir='ltr' id='par_1_33' title="bbox 532 3363 2745 3443">
     <span class='ocr_line' id='line_1_33' title="bbox 532 3363 2745 3443; baseline 0.003 -17"><span class='ocrx_word' id='word_1_343' title='bbox 532 3363 886 3442; x_wconf 81' lang='lat' dir='ltr'><strong>Scriptores</strong></span> <span class='ocrx_word' id='word_1_344' title='bbox 923 3366 1272 3443; x_wconf 85' lang='lat' dir='ltr'><strong>polemicos</strong></span> <span class='ocrx_word' id='word_1_345' title='bbox 1304 3368 1419 3430; x_wconf 90' lang='lat' dir='ltr'><strong>hac</strong></span> <span class='ocrx_word' id='word_1_346' title='bbox 1450 3370 1527 3431; x_wconf 91' lang='lat' dir='ltr'><strong>de</strong></span> <span class='ocrx_word' id='word_1_347' title='bbox 1555 3389 1619 3431; x_wconf 91' lang='lat' dir='ltr'><strong>re</strong></span> <span class='ocrx_word' id='word_1_348' title='bbox 1644 3370 2048 3434; x_wconf 88' lang='lat' dir='ltr'><strong>luculentins</strong></span> <span class='ocrx_word' id='word_1_349' title='bbox 2083 3383 2423 3436; x_wconf 88' lang='lat' dir='ltr'><strong>tractantes</strong></span> <span class='ocrx_word' id='word_1_350' title='bbox 2451 3374 2745 3436; x_wconf 88' lang='lat' dir='ltr'><strong>consule.</strong></span> 
     </span>
    </p>
   </div>
   <div class='ocr_carea' id='block_1_34' title="bbox 607 3459 3718 3549">
    <p class='ocr_par' dir='ltr' id='par_1_34' title="bbox 607 3459 3718 3549">
     <span class='ocr_line' id='line_1_34' title="bbox 607 3459 3718 3549; baseline 0.001 -27"><span class='ocrx_word' id='word_1_351' title='bbox 607 3461 709 3522; x_wconf 79' lang='lat'><strong>62.</strong></span> <span class='ocrx_word' id='word_1_352' title='bbox 752 3461 1036 3521; x_wconf 87' lang='lat' dir='ltr'><strong>Gentiles</strong></span> <span class='ocrx_word' id='word_1_353' title='bbox 1098 3479 1249 3523; x_wconf 77' lang='lat' dir='ltr'><strong>suos</strong></span> <span class='ocrx_word' id='word_1_354' title='bbox 1309 3466 1516 3544; x_wconf 84' lang='lat' dir='ltr'><strong>pergit</strong></span> <span class='ocrx_word' id='word_1_355' title='bbox 1575 3466 1818 3529; x_wconf 90' lang='lat' dir='ltr'><strong>ibidem</strong></span> <span class='ocrx_word' id='word_1_356' title='bbox 1875 3469 2405 3549; x_wconf 82' lang='lat' dir='ltr'><strong>TheOphylactus</strong></span> <span class='ocrx_word' id='word_1_357' title='bbox 2470 3471 2680 3530; x_wconf 90' lang='lat' dir='ltr'><strong>latiori</strong></span> <span class='ocrx_word' id='word_1_358' title='bbox 2746 3485 3049 3530; x_wconf 90' lang='lat' dir='ltr'><strong>sermone</strong></span> <span class='ocrx_word' id='word_1_359' title='bbox 3103 3470 3471 3543; x_wconf 90' lang='lat' dir='ltr'><strong>adhortari,</strong></span> <span class='ocrx_word' id='word_1_360' title='bbox 3508 3475 3568 3530; x_wconf 93' lang='lat' dir='ltr'><strong>ut</strong></span> <span class='ocrx_word' id='word_1_361' title='bbox 3613 3459 3718 3526; x_wconf 78' lang='lat' dir='ltr'><strong>odia</strong></span> 
     </span>
    </p>
   </div>
   <div class='ocr_carea' id='block_1_35' title="bbox 531 3557 3720 3646">
    <p class='ocr_par' dir='ltr' id='par_1_35' title="bbox 531 3557 3720 3646">
     <span class='ocr_line' id='line_1_35' title="bbox 531 3557 3720 3646; baseline 0.002 -31"><span class='ocrx_word' id='word_1_362' title='bbox 531 3557 854 3632; x_wconf 90' lang='lat' dir='ltr'><strong>deponant</strong></span> <span class='ocrx_word' id='word_1_363' title='bbox 897 3574 966 3618; x_wconf 92' lang='lat' dir='ltr'><strong>ac</strong></span> <span class='ocrx_word' id='word_1_364' title='bbox 1015 3558 1274 3622; x_wconf 87' lang='lat' dir='ltr'><strong>nimiam</strong></span> <span class='ocrx_word' id='word_1_365' title='bbox 1328 3564 1660 3639; x_wconf 90' lang='lat' dir='ltr'><strong>duritiem,</strong></span> <span class='ocrx_word' id='word_1_366' title='bbox 1698 3566 2010 3626; x_wconf 90' lang='lat' dir='ltr'><strong>unitatem</strong></span> <span class='ocrx_word' id='word_1_367' title='bbox 2074 3567 2348 3642; x_wconf 82' lang='lat' dir='ltr'><strong>diligant</strong></span> <span class='ocrx_word' id='word_1_368' title='bbox 2383 3566 2711 3626; x_wconf 61' lang='lat' dir='ltr'><strong>catholicas</strong></span> <span class='ocrx_word' id='word_1_369' title='bbox 2748 3565 3074 3632; x_wconf 59' lang='lat' dir='ltr'><strong>Ecclesiae,</strong></span> <span class='ocrx_word' id='word_1_370' title='bbox 3127 3584 3411 3646; x_wconf 88' lang='lat' dir='ltr'><strong>eamque</strong></span> <span class='ocrx_word' id='word_1_371' title='bbox 3443 3581 3556 3627; x_wconf 90' lang='lat' dir='ltr'><strong>non</strong></span> <span class='ocrx_word' id='word_1_372' title='bbox 3603 3558 3720 3620; x_wconf 67' lang='lat' dir='ltr'><strong>dila-</strong></span> 
     </span>
    </p>
   </div>
   <div class='ocr_carea' id='block_1_36' title="bbox 530 3653 3719 3742">
    <p class='ocr_par' dir='ltr' id='par_1_36' title="bbox 530 3653 3719 3742">
     <span class='ocr_line' id='line_1_36' title="bbox 530 3653 3719 3742; baseline 0.003 -32"><span class='ocrx_word' id='word_1_373' title='bbox 530 3658 748 3711; x_wconf 91' lang='lat' dir='ltr'><strong>cerent</strong></span> <span class='ocrx_word' id='word_1_374' title='bbox 793 3653 875 3712; x_wconf 94' lang='lat' dir='ltr'><strong>ob</strong></span> <span class='ocrx_word' id='word_1_375' title='bbox 908 3653 1199 3716; x_wconf 88' lang='lat' dir='ltr'><strong>innoxias</strong></span> <span class='ocrx_word' id='word_1_376' title='bbox 1228 3658 1666 3736; x_wconf 86' lang='lat' dir='ltr'><strong>discrepantes</strong></span> <span class='ocrx_word' id='word_1_377' title='bbox 1700 3662 2240 3734; x_wconf 83' lang='lat' dir='ltr'><strong>consuetudines,</strong></span> <span class='ocrx_word' id='word_1_378' title='bbox 2280 3665 2376 3724; x_wconf 91' lang='lat' dir='ltr'><strong>vel</strong></span> <span class='ocrx_word' id='word_1_379' title='bbox 2412 3664 2599 3724; x_wconf 90' lang='lat' dir='ltr'><strong>etiam</strong></span> <span class='ocrx_word' id='word_1_380' title='bbox 2645 3663 2727 3723; x_wconf 93' lang='lat' dir='ltr'><strong>ob</strong></span> <span class='ocrx_word' id='word_1_381' title='bbox 2768 3678 3043 3733; x_wconf 89' lang='lat' dir='ltr'><strong>errores,</strong></span> <span class='ocrx_word' id='word_1_382' title='bbox 3079 3663 3140 3722; x_wconf 88' lang='lat' dir='ltr'><strong>si</strong></span> <span class='ocrx_word' id='word_1_383' title='bbox 3179 3666 3297 3742; x_wconf 92' lang='lat' dir='ltr'><strong>qui</strong></span> <span class='ocrx_word' id='word_1_384' title='bbox 3331 3672 3564 3732; x_wconf 89' lang='lat' dir='ltr'><strong>essent,</strong></span> <span class='ocrx_word' id='word_1_385' title='bbox 3601 3668 3719 3737; x_wconf 73' lang='lat' dir='ltr'><strong>quos</strong></span> 
     </span>
    </p>
   </div>
   <div class='ocr_carea' id='block_1_37' title="bbox 533 3747 3719 3834">
    <p class='ocr_par' dir='ltr' id='par_1_37' title="bbox 533 3747 3719 3834">
     <span class='ocr_line' id='line_1_37' title="bbox 533 3747 3719 3834; baseline 0.002 -29"><span class='ocrx_word' id='word_1_386' title='bbox 533 3747 880 3807; x_wconf 81' lang='lat' dir='ltr'><strong>condonari</strong></span> <span class='ocrx_word' id='word_1_387' title='bbox 928 3757 1125 3810; x_wconf 85' lang='lat' dir='ltr'><strong>satius</strong></span> <span class='ocrx_word' id='word_1_388' title='bbox 1181 3764 1298 3813; x_wconf 91' lang='lat' dir='ltr'><strong>est.</strong></span> <span class='ocrx_word' id='word_1_389' title='bbox 1337 3757 1520 3816; x_wconf 82' lang='lat' dir='ltr'><strong>Mens</strong></span> <span class='ocrx_word' id='word_1_390' title='bbox 1551 3756 1777 3817; x_wconf 87' lang='lat' dir='ltr'><strong>eadem</strong></span> <span class='ocrx_word' id='word_1_391' title='bbox 1833 3757 1990 3818; x_wconf 88' lang='lat' dir='ltr'><strong>olim</strong></span> <span class='ocrx_word' id='word_1_392' title='bbox 2024 3757 2231 3819; x_wconf 83' lang='lat' dir='ltr'><strong>fuerat</strong></span> <span class='ocrx_word' id='word_1_393' title='bbox 2289 3759 2452 3819; x_wconf 88' lang='lat' dir='ltr'><strong>Petri</strong></span> <span class='ocrx_word' id='word_1_394' title='bbox 2512 3757 2897 3818; x_wconf 83' lang='lat' dir='ltr'><strong>Antiocheni</strong></span> <span class='ocrx_word' id='word_1_395' title='bbox 2943 3756 3357 3833; x_wconf 65' lang='lat' dir='ltr'><strong>patriarchas,</strong></span> <span class='ocrx_word' id='word_1_396' title='bbox 3397 3761 3462 3821; x_wconf 91' lang='lat' dir='ltr'><strong>in</strong></span> <span class='ocrx_word' id='word_1_397' title='bbox 3510 3748 3719 3834; x_wconf 77' lang='lat' dir='ltr'><strong>epistola</strong></span> 
     </span>
    </p>
   </div>
   <div class='ocr_carea' id='block_1_38' title="bbox 534 3842 3719 3931">
    <p class='ocr_par' dir='ltr' id='par_1_38' title="bbox 534 3842 3719 3931">
     <span class='ocr_line' id='line_1_38' title="bbox 534 3842 3719 3931; baseline 0.003 -30"><span class='ocrx_word' id='word_1_398' title='bbox 534 3842 611 3902; x_wconf 86' lang='lat' dir='ltr'><strong>ad</strong></span> <span class='ocrx_word' id='word_1_399' title='bbox 667 3842 1043 3904; x_wconf 85' lang='lat' dir='ltr'><strong>Michaelem</strong></span> <span class='ocrx_word' id='word_1_400' title='bbox 1108 3847 1716 3929; x_wconf 71' lang='lat' dir='ltr'><strong>Cerularium,quaa</strong></span> <span class='ocrx_word' id='word_1_401' title='bbox 1773 3853 1988 3913; x_wconf 65' lang='lat' dir='ltr'><strong>Graece</strong></span> <span class='ocrx_word' id='word_1_402' title='bbox 2021 3869 2091 3912; x_wconf 91' lang='lat' dir='ltr'><strong>ac</strong></span> <span class='ocrx_word' id='word_1_403' title='bbox 2151 3855 2372 3915; x_wconf 91' lang='lat' dir='ltr'><strong>Latine</strong></span> <span class='ocrx_word' id='word_1_404' title='bbox 2425 3862 2628 3916; x_wconf 84' lang='lat' dir='ltr'><strong>exstat</strong></span> <span class='ocrx_word' id='word_1_405' title='bbox 2683 3854 2854 3931; x_wconf 86' lang='lat' dir='ltr'><strong>apud</strong></span> <span class='ocrx_word' id='word_1_406' title='bbox 2893 3853 3312 3918; x_wconf 88' lang='lat' dir='ltr'><strong>Cotelerium</strong></span> <span class='ocrx_word' id='word_1_407' title='bbox 3377 3857 3438 3919; x_wconf 92' lang='lat' dir='ltr'><strong>in</strong></span> <span class='ocrx_word' id='word_1_408' title='bbox 3486 3847 3719 3918; x_wconf 67' lang='lat' dir='ltr'><strong>Ecclesia</strong></span> 
     </span>
    </p>
   </div>
   <div class='ocr_carea' id='block_1_39' title="bbox 532 3935 3722 4029">
    <p class='ocr_par' dir='ltr' id='par_1_39' title="bbox 532 3935 3722 4029">
     <span class='ocr_line' id='line_1_39' title="bbox 532 3935 3722 4029; baseline 0.007 -30"><span class='ocrx_word' id='word_1_409' title='bbox 532 3935 762 3999; x_wconf 74' lang='lat' dir='ltr'><strong>ercw</strong></span> <span class='ocrx_word' id='word_1_410' title='bbox 795 3939 1240 4015; x_wconf 78' lang='lat' dir='ltr'><strong>Monumentis,</strong></span> <span class='ocrx_word' id='word_1_411' title='bbox 1277 3950 1427 4006; x_wconf 91' lang='lat' dir='ltr'><strong>tom.</strong></span> <span class='ocrx_word' id='word_1_412' title='bbox 1473 3946 1552 4006; x_wconf 92' lang='lat' dir='ltr'><strong>Il.</strong></span> <span class='ocrx_word' id='word_1_413' title='bbox 1589 3947 1922 4007; x_wconf 91' lang='lat' dir='ltr'><strong>lncusatos</strong></span> <span class='ocrx_word' id='word_1_414' title='bbox 1964 3949 2325 4010; x_wconf 88' lang='lat' dir='ltr'><strong>Latinorum</strong></span> <span class='ocrx_word' id='word_1_415' title='bbox 2364 3952 2523 4012; x_wconf 81' lang='lat' dir='ltr'><strong>ritus</strong></span> <span class='ocrx_word' id='word_1_416' title='bbox 2550 3949 2880 4029; x_wconf 89' lang='lat' dir='ltr'><strong>expendit,</strong></span> <span class='ocrx_word' id='word_1_417' title='bbox 2920 3957 2981 4010; x_wconf 91' lang='lat' dir='ltr'><strong>et</strong></span> <span class='ocrx_word' id='word_1_418' title='bbox 3023 3948 3114 4010; x_wconf 89' lang='lat' dir='ltr'><strong>ait</strong></span> <span class='ocrx_word' id='word_1_419' title='bbox 3160 3971 3345 4015; x_wconf 90' lang='lat' dir='ltr'><strong>num.</strong></span> <span class='ocrx_word' id='word_1_420' title='bbox 3384 3951 3462 4015; x_wconf 85' lang='lat' dir='ltr'><strong>Vl</strong></span> <span class='ocrx_word' id='word_1_421' title='bbox 3497 3973 3512 4012; x_wconf 88' lang='lat'><strong>:</strong></span> <span class='ocrx_word' id='word_1_422' title='bbox 3548 3973 3570 4004; x_wconf 81' lang='grc' dir='ltr'>ι</span> <span class='ocrx_word' id='word_1_423' title='bbox 3597 3939 3722 4020; x_wconf 69' lang='lat' dir='ltr'><strong>Quid</strong></span> 
     </span>
    </p>
   </div>
   <div class='ocr_carea' id='block_1_40' title="bbox 531 4032 3724 4124">
    <p class='ocr_par' dir='ltr' id='par_1_40' title="bbox 531 4032 3724 4124">
     <span class='ocr_line' id='line_1_40' title="bbox 531 4032 3724 4124; baseline 0.003 -32"><span class='ocrx_word' id='word_1_424' title='bbox 531 4032 702 4093; x_wconf 88' lang='lat' dir='ltr'><strong>enim</strong></span> <span class='ocrx_word' id='word_1_425' title='bbox 734 4034 810 4094; x_wconf 90' lang='lat' dir='ltr'><strong>ad</strong></span> <span class='ocrx_word' id='word_1_426' title='bbox 846 4051 984 4106; x_wconf 91' lang='lat' dir='ltr'><strong>nos,</strong></span> <span class='ocrx_word' id='word_1_427' title='bbox 1019 4036 1073 4096; x_wconf 92' lang='lat' dir='ltr'><strong>si</strong></span> <span class='ocrx_word' id='word_1_428' title='bbox 1122 4039 1452 4115; x_wconf 79' lang='lat' dir='ltr'><strong>pontifices</strong></span> <span class='ocrx_word' id='word_1_429' title='bbox 1491 4041 1744 4102; x_wconf 90' lang='lat' dir='ltr'><strong>barbam</strong></span> <span class='ocrx_word' id='word_1_430' title='bbox 1783 4043 2031 4116; x_wconf 88' lang='lat' dir='ltr'><strong>radant,</strong></span> <span class='ocrx_word' id='word_1_431' title='bbox 2089 4052 2149 4105; x_wconf 91' lang='lat' dir='ltr'><strong>et</strong></span> <span class='ocrx_word' id='word_1_432' title='bbox 2199 4047 2262 4107; x_wconf 92' lang='lat' dir='ltr'><strong>in</strong></span> <span class='ocrx_word' id='word_1_433' title='bbox 2319 4048 2577 4124; x_wconf 88' lang='lat' dir='ltr'><strong>signum</strong></span> <span class='ocrx_word' id='word_1_434' title='bbox 2641 4045 3188 4123; x_wconf 83' lang='lat' dir='ltr'><strong>desponsationis</strong></span> <span class='ocrx_word' id='word_1_435' title='bbox 3224 4066 3372 4112; x_wconf 92' lang='lat' dir='ltr'><strong>cum</strong></span> <span class='ocrx_word' id='word_1_436' title='bbox 3426 4049 3617 4111; x_wconf 84' lang='lat' dir='ltr'><strong>sancta</strong></span> <span class='ocrx_word' id='word_1_437' title='bbox 3643 4034 3724 4102; x_wconf 80' lang='lat' dir='ltr'><strong>Dei</strong></span> 
     </span>
    </p>
   </div>
   <div class='ocr_carea' id='block_1_41' title="bbox 533 4128 3726 4227">
    <p class='ocr_par' dir='ltr' id='par_1_41' title="bbox 533 4128 3726 4227">
     <span class='ocr_line' id='line_1_41' title="bbox 533 4128 3726 4227; baseline 0.004 -39"><span class='ocrx_word' id='word_1_438' title='bbox 533 4128 816 4190; x_wconf 85' lang='lat' dir='ltr'><strong>Ecclesia</strong></span> <span class='ocrx_word' id='word_1_439' title='bbox 853 4142 1072 4207; x_wconf 85' lang='lat' dir='ltr'><strong>gerant</strong></span> <span class='ocrx_word' id='word_1_440' title='bbox 1114 4137 1427 4197; x_wconf 90' lang='lat' dir='ltr'><strong>annulum</strong></span> <span class='ocrx_word' id='word_1_441' title='bbox 1455 4140 1483 4196; x_wconf 76' lang='grc' dir='ltr'><strong><em>τ</em></strong></span> <span class='ocrx_word' id='word_1_442' title='bbox 1516 4140 1641 4199; x_wconf 85' lang='lat' dir='ltr'><strong>Nos</strong></span> <span class='ocrx_word' id='word_1_443' title='bbox 1682 4155 1944 4218; x_wconf 90' lang='lat' dir='ltr'><strong>quoque</strong></span> <span class='ocrx_word' id='word_1_444' title='bbox 1997 4157 2189 4219; x_wconf 91' lang='lat' dir='ltr'><strong>supra</strong></span> <span class='ocrx_word' id='word_1_445' title='bbox 2242 4153 2430 4220; x_wconf 87' lang='lat' dir='ltr'><strong>caput</strong></span> <span class='ocrx_word' id='word_1_446' title='bbox 2490 4144 2794 4203; x_wconf 80' lang='lat' dir='ltr'><strong>Geraram</strong></span> <span class='ocrx_word' id='word_1_447' title='bbox 2856 4141 3233 4227; x_wconf 70' lang='lat' dir='ltr'><strong>(coronam)</strong></span> <span class='ocrx_word' id='word_1_448' title='bbox 3292 4131 3726 4210; x_wconf 78' lang='lat' dir='ltr'><strong>facimus...Sod</strong></span> 
     </span>
    </p>
   </div>
   <div class='ocr_carea' id='block_1_42' title="bbox 531 4224 3731 4316">
    <p class='ocr_par' dir='ltr' id='par_1_42' title="bbox 531 4224 3731 4316">
     <span class='ocr_line' id='line_1_42' title="bbox 531 4224 3731 4316; baseline 0.006 -33"><span class='ocrx_word' id='word_1_449' title='bbox 531 4232 591 4284; x_wconf 93' lang='lat' dir='ltr'><strong>et</strong></span> <span class='ocrx_word' id='word_1_450' title='bbox 650 4224 772 4300; x_wconf 90' lang='lat' dir='ltr'><strong>ipsi</strong></span> <span class='ocrx_word' id='word_1_451' title='bbox 838 4241 1069 4287; x_wconf 90' lang='lat' dir='ltr'><strong>aurum</strong></span> <span class='ocrx_word' id='word_1_452' title='bbox 1126 4239 1474 4307; x_wconf 90' lang='lat' dir='ltr'><strong>gestamus,</strong></span> <span class='ocrx_word' id='word_1_453' title='bbox 1539 4234 1652 4312; x_wconf 89' lang='lat' dir='ltr'><strong>qui</strong></span> <span class='ocrx_word' id='word_1_454' title='bbox 1707 4233 1920 4297; x_wconf 89' lang='lat' dir='ltr'><strong>amicti</strong></span> <span class='ocrx_word' id='word_1_455' title='bbox 1977 4236 2181 4298; x_wconf 89' lang='lat' dir='ltr'><strong>simus</strong></span> <span class='ocrx_word' id='word_1_456' title='bbox 2236 4239 2650 4309; x_wconf 87' lang='lat' dir='ltr'><strong>cliirothecis,</strong></span> <span class='ocrx_word' id='word_1_457' title='bbox 2723 4236 3077 4316; x_wconf 88' lang='lat' dir='ltr'><strong>manipulis</strong></span> <span class='ocrx_word' id='word_1_458' title='bbox 3135 4224 3223 4306; x_wconf 78' lang='lat' dir='ltr'><strong>et</strong></span> <span class='ocrx_word' id='word_1_459' title='bbox 3263 4242 3450 4308; x_wconf 88' lang='lat' dir='ltr'><strong>stolis</strong></span> <span class='ocrx_word' id='word_1_460' title='bbox 3483 4252 3621 4307; x_wconf 84' lang='lat' dir='ltr'><strong>auro</strong></span> <span class='ocrx_word' id='word_1_461' title='bbox 3661 4231 3731 4297; x_wconf 75' lang='lat' dir='ltr'><strong>ill-</strong></span> 
     </span>
    </p>
   </div>
   <div class='ocr_carea' id='block_1_43' title="bbox 532 4320 942 4382">
    <p class='ocr_par' dir='ltr' id='par_1_43' title="bbox 532 4320 942 4382">
     <span class='ocr_line' id='line_1_43' title="bbox 532 4320 942 4382; baseline -0.005 -4"><span class='ocrx_word' id='word_1_462' title='bbox 532 4320 847 4382; x_wconf 86' lang='lat' dir='ltr'><strong>tertextis.</strong></span> <span class='ocrx_word' id='word_1_463' title='bbox 913 4345 942 4376; x_wconf 69' lang='grc' dir='ltr'><strong>η</strong></span> 
     </span>
    </p>
   </div>
   <div class='ocr_carea' id='block_1_44' title="bbox 610 4436 3724 4532">
    <p class='ocr_par' dir='ltr' id='par_1_44' title="bbox 610 4436 3724 4532">
     <span class='ocr_line' id='line_1_44' title="bbox 610 4436 3724 4532; baseline 0.005 -39"><span class='ocrx_word' id='word_1_464' title='bbox 610 4436 756 4512; x_wconf 76' lang='lat' dir='ltr'><strong>Agit</strong></span> <span class='ocrx_word' id='word_1_465' title='bbox 794 4453 969 4496; x_wconf 90' lang='lat' dir='ltr'><strong>num.</strong></span> <span class='ocrx_word' id='word_1_466' title='bbox 1005 4439 1112 4500; x_wconf 86' lang='lat' dir='ltr'><strong>VII</strong></span> <span class='ocrx_word' id='word_1_467' title='bbox 1143 4440 1220 4502; x_wconf 89' lang='lat' dir='ltr'><strong>de</strong></span> <span class='ocrx_word' id='word_1_468' title='bbox 1255 4443 1542 4506; x_wconf 87' lang='lat' dir='ltr'><strong>carnium</strong></span> <span class='ocrx_word' id='word_1_469' title='bbox 1581 4463 1697 4509; x_wconf 91' lang='lat' dir='ltr'><strong>esu</strong></span> <span class='ocrx_word' id='word_1_470' title='bbox 1739 4449 1908 4527; x_wconf 84' lang='lat' dir='ltr'><strong>apud</strong></span> <span class='ocrx_word' id='word_1_471' title='bbox 1937 4447 2279 4512; x_wconf 89' lang='lat' dir='ltr'><strong>monachos</strong></span> <span class='ocrx_word' id='word_1_472' title='bbox 2317 4466 2330 4504; x_wconf 91' lang='lat'><strong>:</strong></span> <span class='ocrx_word' id='word_1_473' title='bbox 2370 4468 2396 4500; x_wconf 80' lang='grc' dir='ltr'><strong><em>α</em></strong></span> <span class='ocrx_word' id='word_1_474' title='bbox 2432 4444 2618 4519; x_wconf 90' lang='lat' dir='ltr'><strong>Quod</strong></span> <span class='ocrx_word' id='word_1_475' title='bbox 2651 4450 2891 4516; x_wconf 90' lang='lat' dir='ltr'><strong>autem,</strong></span> <span class='ocrx_word' id='word_1_476' title='bbox 2925 4443 3199 4528; x_wconf 77' lang='lat' dir='ltr'><strong>inquit,</strong></span> <span class='ocrx_word' id='word_1_477' title='bbox 3233 4452 3482 4532; x_wconf 82' lang='lat' dir='ltr'><strong>polluta</strong></span> <span class='ocrx_word' id='word_1_478' title='bbox 3511 4441 3724 4514; x_wconf 80' lang='lat' dir='ltr'><strong>manda-</strong></span> 
     </span>
    </p>
   </div>
   <div class='ocr_carea' id='block_1_45' title="bbox 532 4531 3820 4627">
    <p class='ocr_par' dir='ltr' id='par_1_45' title="bbox 532 4531 3820 4627">
     <span class='ocr_line' id='line_1_45' title="bbox 532 4531 3820 4627; baseline 0.008 -37"><span class='ocrx_word' id='word_1_479' title='bbox 532 4540 673 4627; x_wconf 81' lang='lat' dir='ltr'><strong>ceut</strong></span> <span class='ocrx_word' id='word_1_480' title='bbox 705 4531 1219 4612; x_wconf 86' lang='lat' dir='ltr'><strong>ipsi,eorumque</strong></span> <span class='ocrx_word' id='word_1_481' title='bbox 1251 4540 1542 4601; x_wconf 89' lang='lat' dir='ltr'><strong>monachi</strong></span> <span class='ocrx_word' id='word_1_482' title='bbox 1575 4543 1764 4604; x_wconf 89' lang='lat' dir='ltr'><strong>edant</strong></span> <span class='ocrx_word' id='word_1_483' title='bbox 1796 4562 2074 4616; x_wconf 84' lang='lat' dir='ltr'><strong>carnem,</strong></span> <span class='ocrx_word' id='word_1_484' title='bbox 2109 4545 2358 4620; x_wconf 86' lang='lat' dir='ltr'><strong>adipem</strong></span> <span class='ocrx_word' id='word_1_485' title='bbox 2390 4543 2724 4620; x_wconf 90' lang='lat' dir='ltr'><strong>porcinum</strong></span> <span class='ocrx_word' id='word_1_486' title='bbox 2759 4558 2776 4615; x_wconf 89' lang='lat'><strong>;</strong></span> <span class='ocrx_word' id='word_1_487' title='bbox 2806 4541 2918 4602; x_wconf 86' lang='lat' dir='ltr'><strong>illa</strong></span> <span class='ocrx_word' id='word_1_488' title='bbox 2943 4537 3726 4627; x_wconf 62' lang='lat' dir='ltr'><strong>quoqueinveniu.m</strong></span> <span class='ocrx_word' id='word_1_489' title='bbox 3817 4587 3820 4592; x_wconf 95' lang='lat'><strong><em>-</em></strong></span> 
     </span>
    </p>
   </div>
   <div class='ocr_carea' id='block_1_46' title="bbox 487 4622 3821 4717">
    <p class='ocr_par' dir='ltr' id='par_1_46' title="bbox 487 4622 3821 4717">
     <span class='ocr_line' id='line_1_46' title="bbox 487 4622 3821 4717; baseline 0.01 -34"><span class='ocrx_word' id='word_1_490' title='bbox 487 4715 490 4717; x_wconf 72' lang='lat'><em>_</em></span> <span class='ocrx_word' id='word_1_491' title='bbox 533 4622 964 4702; x_wconf 86' lang='lat' dir='ltr'><strong>indagaveris,</strong></span> <span class='ocrx_word' id='word_1_492' title='bbox 992 4633 1157 4705; x_wconf 84' lang='lat' dir='ltr'><strong>apud</strong></span> <span class='ocrx_word' id='word_1_493' title='bbox 1190 4634 1502 4710; x_wconf 90' lang='lat' dir='ltr'><strong>quosdam</strong></span> <span class='ocrx_word' id='word_1_494' title='bbox 1540 4653 1572 4696; x_wconf 91' lang='lat' dir='ltr'><strong>e</strong></span> <span class='ocrx_word' id='word_1_495' title='bbox 1600 4641 1832 4698; x_wconf 89' lang='lat' dir='ltr'><strong>nostris</strong></span> <span class='ocrx_word' id='word_1_496' title='bbox 1869 4641 2029 4701; x_wconf 82' lang='lat' dir='ltr'><strong>fieri.</strong></span> <span class='ocrx_word' id='word_1_497' title='bbox 2080 4662 2107 4694; x_wconf 73' lang='grc' dir='ltr'><strong><em>ιο</em></strong></span> <span class='ocrx_word' id='word_1_498' title='bbox 3112 4622 3132 4627; x_wconf 46' lang='grc'><strong><em>-</em></strong></span> <span class='ocrx_word' id='word_1_499' title='bbox 3547 4622 3556 4624; x_wconf 33' lang='lat'>_</span> <span class='ocrx_word' id='word_1_500' title='bbox 3809 4633 3821 4717; x_wconf 70' lang='grc' dir='ltr'><strong><em>Ἰ</em></strong></span> 
     </span>
    </p>
   </div>
   <div class='ocr_carea' id='block_1_47' title="bbox 614 4720 3792 4822">
    <p class='ocr_par' dir='ltr' id='par_1_47' title="bbox 614 4720 3792 4822">
     <span class='ocr_line' id='line_1_47' title="bbox 614 4720 3792 4822; baseline 0.01 -43"><span class='ocrx_word' id='word_1_501' title='bbox 614 4720 738 4822; x_wconf 80' lang='lat' dir='ltr'><strong>Pro</strong></span> <span class='ocrx_word' id='word_1_502' title='bbox 779 4720 1157 4822; x_wconf 71' lang='lat' dir='ltr'><strong>fermentata</strong></span> <span class='ocrx_word' id='word_1_503' title='bbox 1207 4744 1366 4806; x_wconf 90' lang='lat' dir='ltr'><strong>pane</strong></span> <span class='ocrx_word' id='word_1_504' title='bbox 1411 4731 1719 4794; x_wconf 89' lang='lat' dir='ltr'><strong>acerrime</strong></span> <span class='ocrx_word' id='word_1_505' title='bbox 1765 4741 2156 4812; x_wconf 88' lang='lat' dir='ltr'><strong>pugnaverat</strong></span> <span class='ocrx_word' id='word_1_506' title='bbox 2190 4751 2258 4795; x_wconf 85' lang='lat' dir='ltr'><strong>in</strong></span> <span class='ocrx_word' id='word_1_507' title='bbox 2297 4737 2573 4812; x_wconf 83' lang='lat' dir='ltr'><strong>epistola</strong></span> <span class='ocrx_word' id='word_1_508' title='bbox 2624 4733 2701 4794; x_wconf 87' lang='lat' dir='ltr'><strong>ad</strong></span> <span class='ocrx_word' id='word_1_509' title='bbox 2771 4734 3206 4804; x_wconf 88' lang='lat' dir='ltr'><strong>Dominicum</strong></span> <span class='ocrx_word' id='word_1_510' title='bbox 3243 4723 3728 4822; x_wconf 55' lang='lat' dir='ltr'><strong>Gratim</strong></span> <span class='ocrx_word' id='word_1_511' title='bbox 3781 4803 3792 4822; x_wconf 82' lang='grc'>.,</span> 
     </span>
    </p>
   </div>
   <div class='ocr_carea' id='block_1_48' title="bbox 533 4815 3797 4917">
    <p class='ocr_par' dir='ltr' id='par_1_48' title="bbox 533 4815 3797 4917">
     <span class='ocr_line' id='line_1_48' title="bbox 533 4815 3797 4917; baseline 0.011 -44"><span class='ocrx_word' id='word_1_512' title='bbox 533 4815 891 4917; x_wconf 72' lang='lat' dir='ltr'><strong>triarcham,</strong></span> <span class='ocrx_word' id='word_1_513' title='bbox 927 4836 1069 4898; x_wconf 61' lang='lat' dir='ltr'><strong>quae</strong></span> <span class='ocrx_word' id='word_1_514' title='bbox 1109 4820 1248 4883; x_wconf 89' lang='lat' dir='ltr'><strong>loco</strong></span> <span class='ocrx_word' id='word_1_515' title='bbox 1280 4824 1470 4885; x_wconf 90' lang='lat' dir='ltr'><strong>citato</strong></span> <span class='ocrx_word' id='word_1_516' title='bbox 1520 4829 1686 4903; x_wconf 87' lang='lat' dir='ltr'><strong>apud</strong></span> <span class='ocrx_word' id='word_1_517' title='bbox 1730 4829 2122 4893; x_wconf 88' lang='lat' dir='ltr'><strong>Cotelerium</strong></span> <span class='ocrx_word' id='word_1_518' title='bbox 2162 4839 2427 4910; x_wconf 90' lang='lat' dir='ltr'><strong>prostat.</strong></span> <span class='ocrx_word' id='word_1_519' title='bbox 2486 4830 2556 4891; x_wconf 89' lang='lat' dir='ltr'><strong>In</strong></span> <span class='ocrx_word' id='word_1_520' title='bbox 2620 4829 2735 4892; x_wconf 88' lang='lat' dir='ltr'><strong>hac</strong></span> <span class='ocrx_word' id='word_1_521' title='bbox 2765 4847 2915 4892; x_wconf 89' lang='lat' dir='ltr'><strong>vero</strong></span> <span class='ocrx_word' id='word_1_522' title='bbox 2973 4833 3057 4898; x_wconf 86' lang='lat' dir='ltr'><strong>ad</strong></span> <span class='ocrx_word' id='word_1_523' title='bbox 3096 4815 3746 4917; x_wconf 54' lang='lat' dir='ltr'><strong>Cerullﬁcﬁgﬂl</strong></span> 
     </span>
    </p>
   </div>
   <div class='ocr_carea' id='block_1_49' title="bbox 535 4914 3741 5024">
    <p class='ocr_par' dir='ltr' id='par_1_49' title="bbox 535 4914 3741 5024">
     <span class='ocr_line' id='line_1_49' title="bbox 535 4914 3741 5024; baseline 0.014 -58"><span class='ocrx_word' id='word_1_524' title='bbox 535 4926 711 5024; x_wconf 61' lang='lat' dir='ltr'><strong>num.</strong></span> <span class='ocrx_word' id='word_1_525' title='bbox 743 4914 859 4972; x_wconf 87' lang='lat' dir='ltr'><strong>XV</strong></span> <span class='ocrx_word' id='word_1_526' title='bbox 900 4937 914 4975; x_wconf 87' lang='lat'><strong>:</strong></span> <span class='ocrx_word' id='word_1_527' title='bbox 974 4938 1002 4971; x_wconf 81' lang='grc' dir='ltr'><strong><em>α</em></strong></span> <span class='ocrx_word' id='word_1_528' title='bbox 1052 4917 1336 5024; x_wconf 73' lang='lat' dir='ltr'><strong>Qumstio</strong></span> <span class='ocrx_word' id='word_1_529' title='bbox 1369 4921 1447 4981; x_wconf 92' lang='lat' dir='ltr'><strong>de</strong></span> <span class='ocrx_word' id='word_1_530' title='bbox 1497 4924 1819 5002; x_wconf 78' lang='lat' dir='ltr'><strong>azymis...</strong></span> <span class='ocrx_word' id='word_1_531' title='bbox 1862 4945 2084 4990; x_wconf 87' lang='lat' dir='ltr'><strong>eversa</strong></span> <span class='ocrx_word' id='word_1_532' title='bbox 2120 4937 2242 5003; x_wconf 88' lang='lat' dir='ltr'><strong>est,</strong></span> <span class='ocrx_word' id='word_1_533' title='bbox 2280 4928 2404 4990; x_wconf 91' lang='lat' dir='ltr'><strong>nisi</strong></span> <span class='ocrx_word' id='word_1_534' title='bbox 2443 4929 2754 4990; x_wconf 87' lang='lat' dir='ltr'><strong>canonico</strong></span> <span class='ocrx_word' id='word_1_535' title='bbox 2807 4927 2962 4991; x_wconf 90' lang='lat' dir='ltr'><strong>huic</strong></span> <span class='ocrx_word' id='word_1_536' title='bbox 3012 4933 3224 5002; x_wconf 79' lang='lat' dir='ltr'><strong>eﬂ’ato</strong></span> 
     </span>
    </p>
   </div>
   <div class='ocr_carea' id='block_1_50' title="bbox 541 5009 3519 5118">
    <p class='ocr_par' dir='ltr' id='par_1_50' title="bbox 541 5009 3519 5118">
     <span class='ocr_line' id='line_1_50' title="bbox 541 5009 3519 5118; baseline 0.013 -51"><span class='ocrx_word' id='word_1_537' title='bbox 541 5009 749 5068; x_wconf 73' lang='lat' dir='ltr'><strong>Visum</strong></span> <span class='ocrx_word' id='word_1_538' title='bbox 789 5021 875 5070; x_wconf 83' lang='lat' dir='ltr'><strong>est</strong></span> <span class='ocrx_word' id='word_1_539' title='bbox 929 5013 1210 5118; x_wconf 48' lang='lat' dir='ltr'><strong>omnibus</strong></span> <span class='ocrx_word' id='word_1_540' title='bbox 1255 5018 1549 5078; x_wconf 84' lang='lat' dir='ltr'><strong>utendum</strong></span> <span class='ocrx_word' id='word_1_541' title='bbox 1604 5039 1729 5082; x_wconf 81' lang='lat' dir='ltr'><strong>esse</strong></span> <span class='ocrx_word' id='word_1_542' title='bbox 1780 5026 2058 5105; x_wconf 76' lang='lat' dir='ltr'><strong>antiquis</strong></span> <span class='ocrx_word' id='word_1_543' title='bbox 2109 5024 2709 5097; x_wconf 76' lang='lat' dir='ltr'><strong>consuetudinibus,</strong></span> <span class='ocrx_word' id='word_1_544' title='bbox 2747 5026 3100 5107; x_wconf 86' lang='lat' dir='ltr'><strong>antiquam</strong></span> 
     </span>
    </p>
   </div>
   <div class='ocr_carea' id='block_1_51' title="bbox 531 5107 2113 5206">
    <p class='ocr_par' dir='ltr' id='par_1_51' title="bbox 531 5108 2113 5200">
     <span class='ocr_line' id='line_1_51' title="bbox 531 5108 2113 5200; baseline 0.013 -36"><span class='ocrx_word' id='word_1_545' title='bbox 531 5120 902 5183; x_wconf 84' lang='lat' dir='ltr'><strong>azymorum</strong></span> <span class='ocrx_word' id='word_1_546' title='bbox 939 5108 1371 5172; x_wconf 86' lang='lat' dir='ltr'><strong>traditionem.</strong></span> <span class='ocrx_word' id='word_1_547' title='bbox 1409 5136 1437 5168; x_wconf 81' lang='grc'><strong>››</strong></span> <span class='ocrx_word' id='word_1_548' title='bbox 1477 5114 1677 5186; x_wconf 89' lang='lat' dir='ltr'><strong>Quam</strong></span> <span class='ocrx_word' id='word_1_549' title='bbox 1717 5120 1938 5200; x_wconf 91' lang='lat' dir='ltr'><strong>utique</strong></span> <span class='ocrx_word' id='word_1_550' title='bbox 1984 5132 2113 5185; x_wconf 80' lang='lat' dir='ltr'><strong>vett</strong></span> 
     </span>
    </p>
   </div>
   <div class='ocr_carea' id='block_1_52' title="bbox 1822 5107 3404 5206">
    <p class='ocr_par' dir='ltr' id='par_1_52' title="bbox 1822 5107 3404 5206">
     <span class='ocr_line' id='line_1_52' title="bbox 1822 5107 3404 5206; baseline -0.021 -22"><span class='ocrx_word' id='word_1_551' title='bbox 1822 5139 1938 5200; x_wconf 73' lang='lat' dir='ltr'><strong>que</strong></span> <span class='ocrx_word' id='word_1_552' title='bbox 1984 5132 2301 5185; x_wconf 90' lang='lat' dir='ltr'><strong>vetustam</strong></span> <span class='ocrx_word' id='word_1_553' title='bbox 2355 5140 2498 5184; x_wconf 86' lang='lat' dir='ltr'><strong>esse</strong></span> <span class='ocrx_word' id='word_1_554' title='bbox 2551 5123 2759 5184; x_wconf 88' lang='lat' dir='ltr'><strong>Latini</strong></span> <span class='ocrx_word' id='word_1_555' title='bbox 2809 5124 3122 5206; x_wconf 58' lang='lat' dir='ltr'><strong>probam.</strong></span> 
     </span>
    </p>
   </div>
   <div class='ocr_carea' id='block_1_53' title="bbox 535 5201 3265 5300">
    <p class='ocr_par' dir='ltr' id='par_1_53' title="bbox 535 5201 3265 5300">
     <span class='ocr_line' id='line_1_53' title="bbox 535 5201 3265 5300; baseline 0.002 -33"><span class='ocrx_word' id='word_1_556' title='bbox 535 5201 915 5300; x_wconf 32' lang='lat' dir='ltr'><strong>nostri-Jesu</strong></span> <span class='ocrx_word' id='word_1_557' title='bbox 952 5204 1185 5265; x_wconf 86' lang='lat' dir='ltr'><strong>Christi</strong></span> <span class='ocrx_word' id='word_1_558' title='bbox 1211 5207 1506 5287; x_wconf 88' lang='lat' dir='ltr'><strong>exemplo</strong></span> <span class='ocrx_word' id='word_1_559' title='bbox 1533 5211 1862 5277; x_wconf 84' lang='lat' dir='ltr'><strong>firmatam.</strong></span> <span class='ocrx_word' id='word_1_560' title='bbox 1900 5221 1966 5279; x_wconf 91' lang='lat' dir='ltr'><strong>ld</strong></span> <span class='ocrx_word' id='word_1_561' title='bbox 2002 5221 2402 5281; x_wconf 84' lang='lat' dir='ltr'><strong>inﬁciabatur</strong></span> <span class='ocrx_word' id='word_1_562' title='bbox 2437 5201 2882 5282; x_wconf 73' lang='lat' dir='ltr'><strong>Antiochenns</strong></span> <span class='ocrx_word' id='word_1_563' title='bbox 2917 5239 2942 5298; x_wconf 66' lang='grc' dir='ltr'><strong>ε</strong></span> 
     </span>
    </p>
   </div>
   <div class='ocr_carea' id='block_1_54' title="bbox 534 5290 3131 5395">
    <p class='ocr_par' dir='ltr' id='par_1_54' title="bbox 534 5290 3131 5395">
     <span class='ocr_line' id='line_1_54' title="bbox 534 5290 3131 5395; baseline 0.012 -42"><span class='ocrx_word' id='word_1_564' title='bbox 534 5295 1211 5395; x_wconf 59' lang='lat' dir='ltr'><strong>tur_Theo;_ihylactus,</strong></span> <span class='ocrx_word' id='word_1_565' title='bbox 1254 5310 1322 5363; x_wconf 90' lang='lat' dir='ltr'><strong>ut</strong></span> <span class='ocrx_word' id='word_1_566' title='bbox 1383 5305 1549 5367; x_wconf 87' lang='lat' dir='ltr'><strong>infra</strong></span> <span class='ocrx_word' id='word_1_567' title='bbox 1601 5309 1973 5376; x_wconf 90' lang='lat' dir='ltr'><strong>dicendum.</strong></span> <span class='ocrx_word' id='word_1_568' title='bbox 2033 5319 2138 5378; x_wconf 83' lang='lat' dir='ltr'><strong>Ait</strong></span> <span class='ocrx_word' id='word_1_569' title='bbox 2198 5317 2306 5378; x_wconf 87' lang='lat' dir='ltr'><strong>ille</strong></span> <span class='ocrx_word' id='word_1_570' title='bbox 2361 5315 2625 5376; x_wconf 83' lang='lat' dir='ltr'><strong>demum</strong></span> <span class='ocrx_word' id='word_1_571' title='bbox 2683 5331 2868 5380; x_wconf 84' lang='lat' dir='ltr'><strong>num.</strong></span> 
     </span>
    </p>
   </div>
   <div class='ocr_carea' id='block_1_55' title="bbox 535 5389 3075 5496">
    <p class='ocr_par' dir='ltr' id='par_1_55' title="bbox 535 5389 3075 5496">
     <span class='ocr_line' id='line_1_55' title="bbox 535 5389 3075 5496; baseline 0.013 -48"><span class='ocrx_word' id='word_1_572' title='bbox 535 5389 775 5496; x_wconf 83' lang='lat' dir='ltr'><strong>tissime</strong></span> <span class='ocrx_word' id='word_1_573' title='bbox 815 5392 1094 5466; x_wconf 90' lang='lat' dir='ltr'><strong>domine,</strong></span> <span class='ocrx_word' id='word_1_574' title='bbox 1129 5401 1455 5473; x_wconf 89' lang='lat' dir='ltr'><strong>quomodo</strong></span> <span class='ocrx_word' id='word_1_575' title='bbox 1499 5418 1748 5478; x_wconf 91' lang='lat' dir='ltr'><strong>eorum,</strong></span> <span class='ocrx_word' id='word_1_576' title='bbox 1786 5426 1930 5486; x_wconf 87' lang='lat' dir='ltr'><strong>quae</strong></span> <span class='ocrx_word' id='word_1_577' title='bbox 1963 5427 1996 5472; x_wconf 89' lang='lat' dir='ltr'><strong>a</strong></span> <span class='ocrx_word' id='word_1_578' title='bbox 2053 5414 2294 5474; x_wconf 86' lang='lat' dir='ltr'><strong>nostris</strong></span> <span class='ocrx_word' id='word_1_579' title='bbox 2359 5421 2726 5491; x_wconf 83' lang='lat' dir='ltr'><strong>peccantur,</strong></span> 
     </span>
    </p>
   </div>
   <div class='ocr_carea' id='block_1_56' title="bbox 531 5485 3037 5584">
    <p class='ocr_par' dir='ltr' id='par_1_56' title="bbox 531 5485 3037 5584">
     <span class='ocr_line' id='line_1_56' title="bbox 531 5485 3037 5584; baseline 0.014 -40"><span class='ocrx_word' id='word_1_580' title='bbox 531 5485 984 5584; x_wconf 82' lang='lat' dir='ltr'><strong>conniventes;</strong></span> <span class='ocrx_word' id='word_1_581' title='bbox 1024 5492 1242 5570; x_wconf 83' lang='lat' dir='ltr'><strong>majori</strong></span> <span class='ocrx_word' id='word_1_582' title='bbox 1277 5513 1426 5560; x_wconf 86' lang='lat' dir='ltr'><strong>cura</strong></span> <span class='ocrx_word' id='word_1_583' title='bbox 1457 5513 1786 5563; x_wconf 89' lang='lat' dir='ltr'><strong>sermones</strong></span> <span class='ocrx_word' id='word_1_584' title='bbox 1811 5485 2028 5566; x_wconf 15' lang='lat' dir='ltr'><strong>ivanos</strong></span> <span class='ocrx_word' id='word_1_585' title='bbox 2058 5485 2435 5580; x_wconf 52' lang='grc' dir='ltr'><strong>δρτὶηιιιςξρι</strong></span> <span class='ocrx_word' id='word_1_586' title='bbox 2466 5510 2672 5572; x_wconf 81' lang='lat' dir='ltr'><strong>aliena</strong></span> 
     </span>
    </p>
   </div>
   <div class='ocr_carea' id='block_1_57' title="bbox 534 5579 3033 5686">
    <p class='ocr_par' dir='ltr' id='par_1_57' title="bbox 534 5579 3033 5686">
     <span class='ocr_line' id='line_1_57' title="bbox 534 5579 3033 5686; baseline -0.009 2"><span class='ocrx_word' id='word_1_587' title='bbox 534 5579 628 5686; x_wconf 53' lang='lat' dir='ltr'><strong>&quot;il</strong></span> <span class='ocrx_word' id='word_1_588' title='bbox 665 5582 940 5686; x_wconf 30' lang='lat' dir='ltr'><strong>{mium</strong></span> <span class='ocrx_word' id='word_1_589' title='bbox 966 5594 1113 5645; x_wconf 72' lang='lat' dir='ltr'><strong>sum</strong></span> <span class='ocrx_word' id='word_1_590' title='bbox 1150 5598 1410 5651; x_wconf 55' lang='lat' dir='ltr'><strong>vetusta?</strong></span> <span class='ocrx_word' id='word_1_591' title='bbox 1436 5599 1946 5660; x_wconf 77' lang='lat' dir='ltr'><strong>COHSuctudines</strong></span> <span class='ocrx_word' id='word_1_592' title='bbox 1983 5607 2130 5685; x_wconf 49' lang='lat' dir='ltr'><strong>:lvcl</strong></span> <span class='ocrx_word' id='word_1_593' title='bbox 2169 5608 2216 5667; x_wconf 82' lang='lat' dir='ltr'><strong>si</strong></span> <span class='ocrx_word' id='word_1_594' title='bbox 2254 5609 2409 5686; x_wconf 62' lang='lat' dir='ltr'><strong>Quid</strong></span> <span class='ocrx_word' id='word_1_595' title='bbox 2451 5607 2588 5668; x_wconf 84' lang='lat' dir='ltr'><strong>vitii</strong></span> <span class='ocrx_word' id='word_1_596' title='bbox 2616 5579 3033 5686; x_wconf 24' lang='lat' dir='ltr'><strong>contra&quot;?</strong></span> 
     </span>
    </p>
   </div>
   <div class='ocr_carea' id='block_1_58' title="bbox 528 5676 2675 5772">
    <p class='ocr_par' dir='ltr' id='par_1_58' title="bbox 528 5676 2675 5772">
     <span class='ocr_line' id='line_1_58' title="bbox 528 5676 2675 5772; baseline 0.016 -33"><span class='ocrx_word' id='word_1_597' title='bbox 528 5676 785 5739; x_wconf 87' lang='lat' dir='ltr'><strong>admisit</strong></span> <span class='ocrx_word' id='word_1_598' title='bbox 818 5680 1092 5741; x_wconf 78' lang='lat' dir='ltr'><strong>Romana</strong></span> <span class='ocrx_word' id='word_1_599' title='bbox 1125 5691 1231 5743; x_wconf 85' lang='lat' dir='ltr'><strong>aut</strong></span> <span class='ocrx_word' id='word_1_600' title='bbox 1267 5685 1699 5756; x_wconf 75' lang='lat' dir='ltr'><strong>Occidentalis</strong></span> <span class='ocrx_word' id='word_1_601' title='bbox 1753 5676 2056 5761; x_wconf 73' lang='lat' dir='ltr'><strong>Ecclesia.</strong></span> <span class='ocrx_word' id='word_1_602' title='bbox 2099 5676 2675 5772; x_wconf 60' lang='lat' dir='ltr'><strong>Pi-Lin.tenti5simull</strong></span> 
     </span>
    </p>
   </div>
   <div class='ocr_carea' id='block_1_59' title="bbox 525 5772 2608 5841">
    <p class='ocr_par' dir='ltr' id='par_1_59' title="bbox 525 5772 2608 5841">
     <span class='ocr_line' id='line_1_59' title="bbox 525 5772 2608 5841; baseline 0.001 -2"><span class='ocrx_word' id='word_1_603' title='bbox 525 5772 736 5839; x_wconf 81' lang='lat' dir='ltr'><strong>Oculis</strong></span> <span class='ocrx_word' id='word_1_604' title='bbox 768 5776 964 5838; x_wconf 62' lang='lat' dir='ltr'><strong>erci</strong></span> <span class='ocrx_word' id='word_1_605' title='bbox 1006 5778 1314 5841; x_wconf 75' lang='lat' dir='ltr'><strong>habeant!</strong></span> <span class='ocrx_word' id='word_1_606' title='bbox 2565 5777 2608 5841; x_wconf 68' lang='grc' dir='ltr'><strong>Ι</strong></span> 
     </span>
    </p>
   </div>
   <div class='ocr_carea' id='block_1_60' title="bbox 3134 5539 3192 5576">
    <p class='ocr_par' dir='ltr' id='par_1_60' title="bbox 3134 5539 3192 5576">
     <span class='ocr_line' id='line_1_60' title="bbox 3134 5539 3192 5576; baseline 0 0"><span class='ocrx_word' id='word_1_607' title='bbox 3134 5539 3192 5576; x_wconf 74' lang='lat' dir='ltr'><strong>lt&quot;</strong></span> 
     </span>
    </p>
   </div>
   <div class='ocr_carea' id='block_1_61' title="bbox 3192 4957 3866 5330">
    <p class='ocr_par' dir='ltr' id='par_1_61' title="bbox 3192 4957 3781 5201">
     <span class='ocr_line' id='line_1_61' title="bbox 3192 4957 3781 5024; baseline -0.02 -22"><span class='ocrx_word' id='word_1_608' title='bbox 3192 4957 3224 5002; x_wconf 71' lang='lat' dir='ltr'><strong>D</strong></span> <span class='ocrx_word' id='word_1_609' title='bbox 3257 4957 3282 5024; x_wconf 69' lang='grc' dir='ltr'>ι</span> <span class='ocrx_word' id='word_1_610' title='bbox 3424 4972 3429 4989; x_wconf 78' lang='lat' dir='ltr'><strong>r</strong></span> <span class='ocrx_word' id='word_1_611' title='bbox 3468 4962 3473 4981; x_wconf 54' lang='grc' dir='ltr'><strong>λ</strong></span> <span class='ocrx_word' id='word_1_612' title='bbox 3520 4966 3531 4979; x_wconf 92' lang='lat'><strong>&quot;</strong></span> <span class='ocrx_word' id='word_1_613' title='bbox 3564 4978 3565 4983; x_wconf 60' lang='grc' dir='ltr'><strong>η</strong></span> <span class='ocrx_word' id='word_1_614' title='bbox 3636 4994 3639 4995; x_wconf 24' lang='grc' dir='ltr'><em>ν</em></span> <span class='ocrx_word' id='word_1_615' title='bbox 3736 4957 3781 4985; x_wconf 19' lang='grc' dir='ltr'><strong>’ν</strong></span> 
     </span>
     <span class='ocr_line' id='line_1_62' title="bbox 3349 5000 3565 5023; baseline 0 -15"><span class='ocrx_word' id='word_1_616' title='bbox 3349 5005 3354 5008; x_wconf 96' lang='grc'>.</span> <span class='ocrx_word' id='word_1_617' title='bbox 3428 5004 3519 5023; x_wconf 34' lang='lat' dir='ltr'><strong>fa”,</strong></span> <span class='ocrx_word' id='word_1_618' title='bbox 3562 5000 3565 5003; x_wconf 60' lang='grc' dir='ltr'><em>ι</em></span> 
     </span>
     <span class='ocr_line' id='line_1_63' title="bbox 3299 5030 3517 5051; baseline 0.005 -1"><span class='ocrx_word' id='word_1_619' title='bbox 3299 5033 3320 5050; x_wconf 83' lang='grc' dir='ltr'>Ι.</span> <span class='ocrx_word' id='word_1_620' title='bbox 3416 5044 3421 5047; x_wconf 86' lang='grc'><strong><em>¹</em></strong></span> <span class='ocrx_word' id='word_1_621' title='bbox 3446 5032 3465 5051; x_wconf 54' lang='lat'><strong>‘1</strong></span> <span class='ocrx_word' id='word_1_622' title='bbox 3516 5030 3517 5035; x_wconf 48' lang='lat'>‘</span> 
     </span>
     <span class='ocr_line' id='line_1_64' title="bbox 3192 5041 3479 5118; baseline 0.003 -35"><span class='ocrx_word' id='word_1_623' title='bbox 3192 5049 3325 5118; x_wconf 70' lang='lat' dir='ltr'><strong>tu</strong></span> <span class='ocrx_word' id='word_1_624' title='bbox 3355 5041 3397 5081; x_wconf 50' lang='lat' dir='ltr'><strong>rh</strong></span> <span class='ocrx_word' id='word_1_625' title='bbox 3476 5074 3479 5077; x_wconf 56' lang='grc' dir='ltr'>λ</span> 
     </span>
     <span class='ocr_line' id='line_1_65' title="bbox 3197 5137 3327 5157; baseline -0.008 -5"><span class='ocrx_word' id='word_1_626' title='bbox 3197 5139 3200 5142; x_wconf 93' lang='grc'><strong><em>“</em></strong></span> <span class='ocrx_word' id='word_1_627' title='bbox 3243 5137 3327 5157; x_wconf 72' lang='grc' dir='ltr'><strong>’ρ</strong></span> 
     </span>
     <span class='ocr_line' id='line_1_66' title="bbox 3216 5170 3287 5201; baseline 0 -20"><span class='ocrx_word' id='word_1_628' title='bbox 3216 5170 3245 5193; x_wconf 55' lang='lat' dir='ltr'><strong>t&quot;</strong></span> 
     </span>
    </p>
   </div>
   <div class='ocr_carea' id='block_1_62' title="bbox 2740 5369 3866 5739">
    <p class='ocr_par' dir='ltr' id='par_1_62' title="bbox 2743 5507 3192 5612">
     <span class='ocr_line' id='line_1_67' title="bbox 2743 5507 3192 5612; baseline 0.002 -37"><span class='ocrx_word' id='word_1_629' title='bbox 2743 5507 2964 5612; x_wconf 36' lang='grc' dir='ltr'><strong>ιιι-ἰςξζρ</strong></span> <span class='ocrx_word' id='word_1_630' title='bbox 3163 5539 3192 5576; x_wconf 86' lang='lat' dir='ltr'><strong>r</strong></span> 
     </span>
    </p>
   </div>
   <div class='ocr_carea' id='block_1_63' title="bbox 2252 5739 3862 6456">
    <p class='ocr_par' dir='ltr' id='par_1_63' title="bbox 2252 5739 3861 6451">
     <span class='ocr_line' id='line_1_68' title="bbox 2252 5739 3861 6090; baseline 0.016 -326"><span class='ocrx_word' id='word_1_631' title='bbox 2252 5739 2630 5782; x_wconf 61' lang='grc' dir='ltr'><strong>ιυιιιιδδιωιῤ</strong></span> <span class='ocrx_word' id='word_1_632' title='bbox 3799 5739 3861 6090; x_wconf 49' lang='grc' dir='ltr'>ι</span> 
     </span>
     <span class='ocr_line' id='line_1_69' title="bbox 2503 5739 3798 6451; baseline 0.002 -502"><span class='ocrx_word' id='word_1_633' title='bbox 2508 5739 2996 6451; x_wconf 83' lang='lat'><strong><em>&#39;</em></strong></span> <span class='ocrx_word' id='word_1_634' title='bbox 3795 5935 3798 5952; x_wconf 88' lang='grc' dir='ltr'>ι</span> 
     </span>
    </p>
   </div>
  </div>
