4006 6472
544 438 617 512 ﬂ
1400 431 1624 506 ﬁlim.
1665 436 1942 504 MAR”!
1975 432 2075 503 DE
2119 434 2406 504 RUBEIS
2443 438 2949 507 υῐεεειιτΑπο
3731 440 3799 508 σε

545 567 922 638 azymorum
959 570 1154 617 nsum
1207 541 1588 618 ncn'iuisse
1646 547 1997 617 inferamus
2036 576 2051 616 :
2087 554 2187 617 vel
2232 549 2584 634 perfecisse
2641 557 2932 638 quidem,
2979 554 3094 620 sed
3143 562 3292 621 ante
3357 559 3641 641 tempus,
3669 580 3796 646 quo

549 651 941 718 fat-mentum
980 650 1550 724 exterminabatur,
1587 657 1655 711 ut
1683 656 1837 713 tunc
1871 651 2060 713 etiam
2096 651 2279 730 panis
2311 652 2730 715 fermentatus
2759 652 3193 716 inveniretur.
3235 655 3382 718 Hinc
3415 656 3589 720 enim
3633 673 3796 724 non-

547 745 713 814 nulii
747 749 941 810 nimis
973 749 1273 810 audacter
1303 748 1633 810 dixerunt.
1668 750 1804 811 Non
1839 747 2040 828 igitur
2083 748 2333 832 aliquid
2381 765 2632 820 eorum,
2662 765 2807 830 qua
2859 750 2946 812 ita
2998 748 3167 812 dicta
3225 757 3402 821 sunt,
3434 769 3672 818 rursus
3727 755 3796 820 in

528 845 836 908 .r’nedium
865 843 1123 908 atteram
1154 863 1190 902 τι
1209 860 1421 923 neque
1449 843 1623 905 enim
1649 843 1798 906 licet
1833 845 2135 923 mysteria
2170 846 2454 907 veritatis
2489 847 2824 908 mendacio
2854 846 3366 911 conﬂrmare.....
3394 849 3560 924 Qum
3597 850 3799 932 igitur

541 943 861 1008 Sententia
913 953 1051 1002 mea
1084 943 1228 1002 est?
1257 942 1404 1004 meo
1441 940 1688 1003 scilicet
1722 961 1737 1000 :
1773 939 2118 1002 Dominum
2174 943 2400 1005 Iesum
2432 943 2758 1005 Christum
2796 946 3159 1008 comedisse
3214 945 3470 1021 pascha,
3505 957 3566 1011 sv
3618 955 3799 1029 ιιιρῦ

543 1049 763 1104 mihi
801 1049 838 1118 ἡ
887 1045 1004 1118 ὥρα
1073 1044 1312 1111 ἐγένετο,
1342 1053 1466 1099 suo
1497 1043 1805 1114 tempore,
1839 1039 2074 1100 etcum
2124 1037 2278 1103 hora
2309 1039 2458 1116 fuit,
2492 1047 2912 1121 prmparatum
2941 1056 2976 1104 a
3019 1040 3360 1120 discipulis
3409 1051 3473 1106 et
3531 1043 3798 1111 domino

538 1130 791 1210 domus,
829 1147 974 1201 κατὰ
1001 1147 1062 1200 τὺ
1089 1145 1216 1209 ἔθος
1237 1141 1461 1214 δηλαδὴ,
1481 1145 1585 1194 καὶ
1613 1139 1714 1194 οὐκ
1739 1139 1938 1204 ἄλλως,
1977 1130 2120 1192 vide

2210 1145 2278 1198 εει
2301 1137 2486 1216 juxta
2544 1145 2957 1213 consuetum,
2989 1146 3051 1200 et
3084 1153 3211 1200 non
3236 1139 3447 1202 aliter.
3479 1141 3792 1222 Alioquin

538 1234 886 1296 novitatem
942 1235 1118 1297 illam
1171 1233 1535 1294 adnotasset
1578 1228 2105 1308 Evangelium....
2139 1234 2518 1298 Comedisse
2551 1244 2765 1297 autem
2808 1233 3039 1314 pascha
3073 1233 3274 1314 legale
3311 1237 3517 1315 prius,
3555 1239 3795 1304 deinde

535 1337 597 1390 et
630 1332 1005 1410 mysterium
1039 1331 1140 1392 sui
1179 1326 1494 1407 paschatis
1527 1325 1867 1388 tradidisse
1900 1323 2243 1404 discipulis
2274 1339 2354 1386 ex
2393 1337 2582 1402 pane,
2619 1323 2733 1404 qui
2781 1334 2933 1385 tunc
2966 1325 3267 1385 inventus
3307 1333 3429 1387 est.
3493 1332 3715 1407 Εὕρητο
3739 1337 3795 1392 ιι

532 1427 838 1495 τηνικαῦτα
895 1429 1122 1500 erepat.
1159 1425 1458 1486 inventus
1491 1430 1586 1485 est
1606 1430 1827 1485 autem
1860 1421 2043 1502 panis
2090 1436 2383 1504 azymus.
2421 1442 2451 1479 ι
2477 1417 3032 1502 ThOOphylactum
3064 1421 3190 1483 sibi
3221 1439 3298 1484 ex
3331 1423 3650 1489 diametro
3679 1428 3792 1490 ad-

535 1520 898 1577 Versantem
929 1520 1131 1582 Graeci
1169 1519 1424 1582 habent.

613 1611 712 1676 δι.
758 1613 904 1676 Hinc
951 1617 1174 1678 eadem
1221 1633 1400 1678 mens
1438 1623 1534 1679 est
1573 1615 1866 1696 ejusdem
1915 1633 1988 1679 ac
2031 1615 2352 1680 sententia
2405 1614 2467 1678 in
2505 1616 2996 1679 Commentariis
3045 1617 3120 1680 ad
3159 1619 3527 1682 Matthcum
3567 1628 3631 1685 et
3662 1621 3789 1684 Lu-

533 1727 688 1798 cam.
725 1711 936 1774 Aﬂero
966 1714 1267 1789 primum,
1311 1729 1455 1792 quas
1477 1712 1615 1792 ejus
1649 1711 1966 1776 habentur
2001 1711 2190 1778 verba
2219 1712 2297 1776 ad
2329 1720 2518 1794 caput
2542 1730 2697 1776 xx"
2723 1713 3026 1787 Matthmi,
3059 1733 3115 1784 ν,
3153 1717 3254 1778 20.
3292 1739 3322 1774 ι
3368 1719 3630 1798 Vespere
3667 1740 3786 1784 ass-

532 1797 848 1884 tem‘facto
883 1808 1326 1879 discumbebat,
1361 1816 1479 1871 etc.
1520 1812 1607 1870 Ex
1639 1807 1758 1871 hoc
1805 1817 2027 1888 putant
2067 1809 2352 1890 quidam,
2385 1810 2560 1892 quod
2597 1809 2717 1874 hoc
2745 1828 2914 1874 anno
2951 1828 3078 1874 non
3112 1797 3786 1882 comederitichristus

537 1902 792 1981 pascha.
833 1906 1066 1966 Dicunt
1141 1906 1337 1977 enim,
1395 1906 1566 1984 quod
1610 1905 1850 1968 stantes
1905 1905 2321 1968 comedebant
2377 1922 2669 1986 agnum:
2722 1905 3012 1969 Christus
3066 1918 3279 1972 autem
3337 1915 3786 1990 recumbebat;

532 1998 728 2078 igitur
783 2001 1014 2078 pascha
1048 2017 1170 2061 non
1206 2001 1507 2062 comedit.
1552 2000 1837 2062 Dicimus
1879 2001 2120 2080 itaque,
2162 2002 2336 2083 quod
2379 2004 2557 2081 prius
2592 2001 2820 2080 pascha
2859 2003 3113 2084 (legale)
3148 2011 3728 2088 stans.comederit
3768 2034 3784 2074 :

531 2094 768 2159 deinde
791 2096 1170 2159 recumbens
1213 2096 1473 2158 tradidit
1509 2113 1699 2158 suum
1741 2104 2230 2161 sacramentum.
2270 2123 2298 2156 ι
2333 2101 2611 2162 Mentem
2654 2101 2781 2179 jam
2820 2118 2999 2162 suam
3037 2105 3240 2182 aperit
3279 2124 3291 2165 :
3329 2107 3544 2170 minus
3577 2118 3784 2173 tamen

529 2207 601 2253 se
637 2190 913 2270 peritum
945 2192 1180 2270 prabet
1205 2194 1269 2254 in
1310 2193 1681 2255 Iudaeorum
1717 2192 2028 2256 moribus.
2066 2195 2350 2276 Magistri
2413 2213 2636 2258 eorum
2671 2199 2922 2270 docent,
2959 2216 3194 2277 agnum
3233 2219 3390 2265 suos
3422 2206 3782 2270 comedisse

527 2292 793 2357 stantes,
826 2293 886 2348 et
917 2304 1062 2348 cum
1099 2287 1342 2351 baculis
1380 2301 1509 2366 pras
1554 2290 1852 2352 manibus
1885 2306 1960 2352 ea
2003 2298 2186 2352 nocte
2241 2308 2367 2369 qua
2413 2308 2490 2352 ex
2537 2293 2814 2372 Egypto
2872 2294 3218 2369 protecturi
3259 2307 3477 2373 erant;
3513 2302 3781 2366 minime

530 2397 683 2443 vero
740 2381 1104 2444 suhsecutis
1135 2385 1536 2464 temporibus
1589 2385 1750 2446 ritus
1783 2400 1894 2448 eos
1943 2386 2270 2449 observari
2312 2387 2642 2463 debuisse,
2677 2407 2892 2469 neque
2948 2394 3166 2472 peragi
3228 2393 3578 2476 hodieque.
3618 2399 3779 2463 Vide

529 2477 803 2540 Leonem
845 2477 1275 2542 Mutinensem
1329 2490 1503 2571 parte
1547 2499 1614 2543 nt
1669 2482 1757 2542 De
1788 2484 2020 2546 ritibus
2080 2481 2515 2558 Hebraeorum,
2567 2485 2964 2548 antortium
3005 2489 3072 2550 in
3120 2489 3454 2571 Synagoga
3502 2491 3781 2557 Iudaica

528 2575 730 2653 capite
762 2575 859 2649 18,
902 2577 1261 2638 Simonium
1301 2578 1364 2639 in
1398 2570 1691 2640 Historia
1719 2581 1946 2642 critica
1984 2582 2064 2643 N.
2102 2582 2167 2641 1'.
2207 2590 2380 2644 tomo
2416 2583 2521 2656 IV,
2557 2584 2758 2661 capite
2791 2583 2892 2659 ea,
2925 2600 3064 2666 pag.
3097 2586 3242 2660 398,
3279 2596 3340 2649 et
3377 2590 3779 2670 Lequienum

529 2673 988 2738 Dissertatione
1017 2693 1080 2734 vi
1108 2677 1578 2746 Damascenica,
1611 2694 1792 2746 num.
1827 2677 2189 2740 XXXVIII.

605 2771 699 2832 Ad
730 2787 977 2833 comma
1036 2775 1108 2833 t7
1151 2774 1523 2850 praecedens
1563 2773 1696 2836 hac
1754 2780 1908 2839 sunt
1945 2773 2460 2838 luculentissima
2506 2775 2974 2857 TheOphylacti
3013 2779 3206 2844 verba
3257 2780 3327 2845 in
3360 2781 3590 2850 Latina
3638 2804 3779 2851 ver-

524 2865 733 2939 sione,
770 2885 960 2948 quam
1003 2885 1124 2931 suo
1159 2886 1239 2932 ex
1269 2869 1488 2933 codice
1558 2872 1778 2934 Grmco
1821 2870 2241 2934 concinnabat
2279 2871 2827 2951 OEcolampadius
2865 2896 2880 2936 :
2916 2900 2944 2933 α
2979 2877 3196 2938 Prima
3235 2886 3442 2942 autem
3472 2880 3579 2944 dis
3622 2884 3781 2966 Asy-

521 2980 763 3023 morum
806 2975 1198 3026 accesserunt
1228 2963 1558 3046 discipuli.
1598 2967 1870 3030 Primam
1914 2971 2305 3047 Azymorum
2338 2967 2512 3029 diem
2550 2978 2748 3044 vocat,
2781 2987 2927 3051 quas
2975 2973 3142 3036 diem
3193 2977 3586 3055 Azymorum
3623 2963 3772 3063 prte-

521 3059 706 3122 Cedit.
741 3061 816 3123 Ut
846 3062 939 3124 sic
967 3063 1173 3125 dicam
1204 3085 1220 3124 :
1251 3064 1490 3154 Quinta
1515 3064 2145 3130 feria'manducaturi
2178 3071 2356 3128 erant
2389 3065 2644 3144 pascha,
2677 3077 2816 3145 post
2845 3087 3034 3150 quam
3069 3073 3380 3154 sequitur”
3398 3059 3770 3146 Parasceve.

518 3157 724 3218 Prima
755 3160 1143 3236 Azymorum
1178 3152 1521 3223 vocabatur
1551 3162 1617 3222 in
1651 3162 1815 3242 lege,
1848 3177 1926 3224 eo
1954 3162 2126 3241 quod
2155 3160 2390 3222 festum
2422 3161 2770 3241 incipiebat
2803 3181 2836 3226 a
2872 3152 3314 3250 vespera,vqua
3347 3177 3776 3243 vescebantur

517 3254 785 3332 azymis.
850 3256 1166 3318 Dominus
1221 3258 1421 3337 igitur
1487 3259 1681 3320 mittit
1737 3258 2099 3337 discipulos
2142 3257 2393 3338 quinta,
2432 3275 2625 3338 quam
2681 3263 2968 3324 nominat
3025 3268 3443 3346 evangelista,
3499 3276 3774 3354 primam

511 3348 890 3428 Axymorum
920 3355 1117 3432 :quia
1158 3354 1358 3432 prima
1393 3370 1656 3434 vespera
1685 3363 1815 3418 erat
1857 3354 1961 3433 (al.
1998 3361 2142 3417 ante
2175 3356 2442 3434 primam
2480 3373 2810 3434 veSperam
2847 3365 3000 3439 erat)
3033 3379 3160 3441 qua
3203 3348 3521 3448 (vespera)
3553 3387 3772 3435 come-

515 3446 747 3507 dehant
796 3463 1120 3525 azyma....
1186 3451 1406 3513 Voluit
1458 3460 1673 3514 autem
1734 3452 1966 3530 pascha
2012 3451 2339 3530 perﬁcere,
2399 3469 2478 3515 ne
2533 3452 2654 3532 legi
2731 3458 3098 3520 contrarius
3141 3478 3286 3523 esse
3345 3446 3705 3534 videretur.
3739 3492 3768 3527 ι

514 3543 696 3604 Paria
759 3553 910 3606 sunt
950 3563 1095 3624 quae
1154 3549 1340 3611 docet
1398 3549 1474 3611 ad
1537 3558 1726 3628 caput
1783 3569 1926 3612 un
1984 3552 2192 3621 Lucae,
2261 3567 2320 3609 v.
2392 3552 2431 3609 7
2513 3572 2526 3610 :
2591 3572 2619 3605 α
2700 3552 2872 3612 Venit
2921 3562 3129 3614 autem
3176 3553 3308 3617 dies
3354 3556 3762 3638 Azymorusn.

512 3638 694 3700 Nunc
732 3645 943 3702 autem
996 3659 1190 3722 quem
1227 3644 1409 3707 nobis
1444 3645 1611 3708 dicat
1660 3646 1823 3708 diem
1852 3646 2253 3725 Azymorum,
2291 3645 2665 3707 dicendum.
2726 3648 2906 3710 Diem
2947 3651 3144 3728 igitur
3177 3654 3571 3734 Azymorum
3613 3659 3766 3724 dicit

512 3733 809 3811 Quintum
855 3758 871 3798 :
922 3739 1000 3799 ad
1060 3740 1248 3818 cujus
1305 3756 1634 3818 vesperam
1687 3742 1919 3821 pascha
1985 3739 2451 3803 immolandum
2501 3752 2620 3802 est.
2681 3743 2887 3823 Igitur
2946 3749 3262 3812 Dominus
3313 3749 3479 3818 forte
3536 3757 3767 3836 quinto

513 3827 669 3907 (die)
716 3846 900 3894 mane
932 3831 1128 3894 mittit
1181 3833 1568 3915 discipulos.
1626 3860 1658 3896 ι
1709 3839 2169 3902 Luculentiora
2224 3835 2358 3899 btec
2411 3845 2586 3912 sunt,
2621 3857 2812 3919 quam
2849 3845 3022 3922 quod
3073 3827 3769 3918 commentario-indi-

511 3931 717 4002 geant.

586 4022 686 4083 65.
735 4025 870 4086 Νοιι
911 4025 1098 4088 aliam
1132 4029 1452 4092 insedisse
1482 4038 1759 4093 mentem
1793 4031 2302 4110 archiepisc0po,
2344 4037 2559 4093 contra
2600 4039 2792 4113 atque
2823 4035 3024 4100 Graeci
3063 4047 3310 4117 putant,
3354 4045 3568 4124 capite
3601 4067 3763 4116 xvm

509 4117 797 4190 Joannis,
833 4139 890 4184 v.
933 4121 1033 4196 28,
1075 4141 1189 4198 pro
1241 4134 1414 4187 certo
1452 4137 1911 4206 compertoque
1955 4127 2183 4190 habeo.
2219 4126 2423 4189 Verba
2479 4137 2630 4191 sunt
2664 4147 2678 4191 :
2719 4154 2746 4186 ι
2787 4131 2873 4192 Et
2910 4136 3038 4213 ipsi
3090 4154 3219 4198 non
3269 4117 3666 4209 introierunt
3696 4149 3763 4212 iss

508 4218 899 4293 prwtorium,
941 4227 1014 4278 ut
1065 4235 1196 4280 non
1255 4224 1864 4299 contaminarentur,
1911 4225 2020 4286 sed
2063 4233 2134 4286 ut
2188 4226 2644 4289 manducarsnt
2697 4230 2954 4306 pascha.
3015 4234 3185 4307 Quid
3237 4245 3453 4302 autem
3509 4250 3634 4315 est,
3689 4255 3761 4307 ut

511 4309 895 4373 comederent
931 4316 1217 4393 pascha?
1250 4317 1413 4381 Sane
1452 4317 1769 4383 Dominus
1813 4320 1977 4384 illud
2025 4320 2175 4383 fecit
2210 4322 2413 4400 prima
2456 4327 2871 4403 Azymorum.
2926 4327 3042 4390 Vel
3084 4330 3285 4411 igitur
3315 4309 3759 4420 intelligamus

507 4423 622 4485 per
658 4409 909 4483 Pascha,
948 4409 1183 4473 festum
1227 4422 1474 4492 septem
1519 4415 1772 4479 dierum
1809 4441 1822 4479 :
1861 4419 1956 4481 vel
2002 4421 2172 4498 quod
2225 4420 2344 4498 ipsi
2401 4420 2671 4500 quidem
2709 4409 3158 4490 manducaturi
3213 4441 3397 4494 erant
3450 4409 3759 4502 in'Para-

505 4518 692 4566 sceve
730 4506 956 4583 pascha
986 4522 1000 4565 :
1040 4507 1180 4586 ipse
1207 4516 1423 4572 autem
1457 4512 1771 4575 Dominus
1802 4531 1936 4578 uno
1970 4516 2078 4578 die
2113 4519 2444 4594 prmvenit,
2481 4518 2603 4597 (vel
2642 4537 2771 4584 uno
2807 4522 2912 4616 die
2948 4533 3094 4588 ante
3129 4529 3390 4593 tradidit
3430 4531 3620 4612 illud,
3656 4545 3761 4616 πρὸ

509 4609 638 4677 μιᾶς
684 4609 818 4663 αὐτό
869 4605 1176 4682 παρέδωκε)
1211 4623 1544 4671 reservans
1573 4611 1674 4671 sui
1715 4613 2091 4674 occisionem

2176 4632 2207 4674 ιι
2235 4616 2602 4691 Parasceve,
2634 4615 2893 4696 quando
2925 4630 2987 4684 et
3018 4623 3173 4687 olim
3224 4625 3346 4690 fuit
3378 4605 3615 4709 pascha
3642 4605 3758 4714 (est

507 4696 767 4772 quando
799 4704 859 4758 et
896 4708 1079 4760 vetus
1111 4701 1294 4762 ﬁebat
1322 4703 1574 4780 pascha,
1606 4715 1696 4768 ὅτι
1724 4717 1821 4770 καὶ
1851 4718 1912 4770 τὸ
1941 4719 2089 4774 scala

1133 4701 1294 4762 iebat
1322 4703 1574 4780 pascha,
1606 4715 1696 4768 ὅτε
1724 4717 1821 4770 καὶ
1851 4718 1912 4770 τὸ
1941 4719 2173 4774 παλαιὸν
2190 4722 2407 4789 ἐγένετο
2428 4726 2660 4796 πάσχα).
2699 4745 2715 4778 s

587 4813 1136 4928 VocisJPaschatt's
1166 4818 1309 4880 dum
1347 4828 1523 4928 sunt,
1557 4838 1720 4903 quas
1772 4828 2006 4903 promit
2055 4828 2600 4912 TheOphytartus,
2655 4838 3255 4919 interpretationes.
3294 4851 3382 4910 Ar.
3417 4851 3660 4928 primo,
3697 4856 3748 4918 si

506 4922 650 4968 cum
693 4909 933 5028 {adesis
968 4925 1202 5028 agnJum
1237 4915 1596 4993 paschalem
1637 4919 1934 4985 Christus
1976 4909 2288 4989 Dominus
2329 4909 2724 5007 comederit;
2766 4909 3092 5002 Ρᾶεσὴαιιέ
3136 4909 3434 5022 nomine:
3461 4909 3660 5028 quod,
3685 4959 3751 5016 ut

504 5005 936 5084 comederent,
983 5007 1192 5070 Judmi
1256 5012 1559 5074 cavebant
1584 5032 1667 5078 ne
1725 5020 2337 5100 contaminarentur,
2394 5028 2663 5090 victimae
2707 5005 3035 5110 paschales
3095 5005 3539 5121 intelligendas
3571 5059 3746 5125 sunt,

503 5110 942 5228 sua‘fept‘en‘i
986 5104 1220 5228 diebus
1250 5107 1685 5228 offerebantur
1742 5116 2106 5228 in‘templo.
2150 5122 2214 5184 Si
2256 5126 2487 5202 pascha
2522 5104 2778 5205 propr-ie
2838 5132 3106 5210 dictum,
3141 5136 3205 5198 id
3267 5104 3366 5203 est
3415 5104 3743 5228 ὲὲἰᾶεἶεῖίέ

505 5194 791 5314 intelligi
817 5197 1068 5314 debeat,
1108 5200 1458 5267 dicendum
1486 5215 1603 5282 est,
1643 5227 1770 5273 una
1801 5212 1907 5274 die
1948 5194 2230 5290 Judmos,
2256 5194 2366 5282 ’νει
2429 5194 2763 5295 pontifices
2816 5236 2877 5290 et
2917 5194 3232 5308 primores

505 5288 661 5415 lisse
709 5291 791 5353 ad
817 5293 1235 5415 'Par’mcevsn
1275 5308 1394 5415 iet
1426 5320 1556 5365 uno
1590 5305 1694 5370 die
1726 5317 1900 5385 ante,
1944 5311 2106 5376 illud
2138 5288 2446 5396 [XXXlli
2473 5288 3211 5406 comedisse
3247 5288 3509 5412 quando
3533 5288 3739 5415 eis}...

501 5385 623 5503 hoc
679 5396 774 5503 est
811 5386 1157 5503 legitimum
1194 5394 1406 5503 (iebat,
1440 5410 1517 5503 ac
1571 5403 1704 5466 ﬁeri
1758 5408 1989 5503 utique
2039 5385 2333 5475 debebat.
2405 5385 2574 5478 hinc
2633 5385 3522 5503 TheOpiivlacti—‘ve:bawh\o‘c
3549 5385 3741 5501 $335

406 5549 414 5556 η
501 5481 772 5596 legenda
826 5493 978 5605 sun}
1018 5507 1032 5547 :
1066 5489 1212 5605 lnpsc
1267 5493 1572 5605 Dominus
1630 5518 1756 5561 uno
1804 5481 1904 5564 dic
1956 5515 2099 5566 ants
2169 5509 2457 5587 tradidit,
2513 5523 2569 5574 et
2610 5481 2870 5579 comedit
2905 5481 3174 5600 ipascha
3243 5481 3742 5605 (νεεενξᾶηἷυσΐέ

500 5581 874 5736 ῗοίὲεξοηθηι
932 5584 1000 5645 in
1065 5585 1433 5672 Parasceoc)
1505 5597 1754 5674 quando
1809 5609 1865 5660 et
1923 5613 2100 5665 vetus
2161 5606 2340 5685 ﬁebat
2396 5581 2658 5690 pascha,
2714 5630 2784 5675 ac
2860 5581 3737 5695 ιιιῖιά’ἐέιὲοὲὲηάὲίὧῖξεέιῖξ

543 5693 577 5735 u
629 5693 726 5736 an.

543 5693 726 5738 ιιαωι.
