2003 3271
130 300 164 331 69
553 294 604 326 DE
622 290 920 325 THEOPEYLACTI
937 289 1075 322 GESTIS
1096 290 1146 321 ET
1163 271 1351 324 SCRIPTIS.
1731 291 1765 324 70

127 354 164 387 ab
183 362 218 386 ea
232 350 417 385 Graeciam
433 349 626 391 opinatione
648 349 689 380 de
712 347 840 380 Christo
864 346 1045 387 legitimum
1069 345 1186 385 pascha
1211 345 1444 386 prmveniente.
1460 353 1496 377 ac
1511 346 1552 377 ad
1578 353 1679 385 panes
1702 345 1754 378 fer

127 405 279 436 mentatos
300 405 373 442 post
398 400 469 440 ejus
493 398 749 432 celebrationem
777 396 952 428 redeunte.
983 394 1051 425 lmo
1077 394 1224 434 legitimo
1250 399 1396 434 tempore
1417 394 1536 434 pascha
1556 403 1654 426 suum
1681 394 1759 427 cele-

127 451 225 484 bravit
236 450 293 482 ille
309 453 457 489 tempore
487 447 575 488 quod
590 446 697 478 Judaei
711 445 762 478 vel
775 453 890 477 eorum
908 442 1074 484 pontiﬁces
1090 451 1126 474 ac
1142 443 1302 488 primores
1319 451 1383 475 non
1401 447 1574 475 servarunt
1590 454 1598 474 :
1614 444 1764 483 adeoque

127 500 214 532 locus
242 506 308 530 non
327 502 395 536 erat
422 501 456 528 ut
475 496 515 528 ad
539 493 752 526 fermentatos
779 501 879 533 panes
909 492 1031 524 rediret
1062 491 1225 524 Christus.
1254 492 1421 524 Posterior
1442 492 1511 523 haec
1530 492 1765 531 interpretatio

128 547 223 589 magis
238 547 400 587 placuisse
415 543 659 583 Theophylacto
676 541 817 574 videtur.
835 542 911 572 Eam
924 541 987 581 jam
1013 540 1186 572 tradiderat
1200 540 1235 573 iu
1251 540 1495 572 Commentario
1510 541 1552 572 ad
1567 541 1764 579 Matthaum,

126 597 224 636 capite
245 604 337 633 xxvi,
362 605 392 627 v.
412 595 462 626 39.
476 605 497 628 Vs
521 593 570 625 Ad
598 591 755 632 Caipham
770 591 895 623 ducunt
914 591 1041 627 Jesum,
1060 591 1228 631 inquiens,
1245 599 1318 622 nam
1346 590 1402 622 ille
1430 594 1497 622 erat
1515 590 1662 629 pontifex
1686 591 1766 622 anni

126 646 214 678 illius
231 653 239 675 τ
256 645 311 677 ubi
327 648 360 677 et
384 643 505 684 reliqui
531 640 771 682 pernoctabant,
786 643 825 680 μὴ
836 645 917 679 φάγοι

987 643 1050 670 τότε
1063 643 1095 671 τὸ
1111 644 1216 680 πάσχα,
1232 648 1297 670 non
1313 638 1509 670 comedentes
1532 644 1609 670 tunc
1620 640 1766 680 pascha;

126 695 181 725 sed
210 696 434 734 exspectantes
468 694 504 723 ut
527 690 712 722 occiderent
744 689 917 720 Dominum

978 693 1015 719 ιαὶ
1045 692 1225 728 παραϐάντες
1248 693 1297 720 τὸν
1326 693 1423 730 νόμον,
1453 694 1484 720 et
1513 690 1769 729 prmars'cantes-

125 742 215 783 legem
239 768 246 775 .
269 748 284 774 ὸ
300 747 350 783 μὲν
365 746 421 781 γὰρ
437 744 541 781 Κύριος
555 743 627 770 κατὰ
641 742 688 770 τὸν
704 741 903 778 νενομισμένον
922 741 1021 777 καιρὸν
1041 740 1158 776 ἔφαγεη
1178 742 1279 769 ἐκεῖνοι
1293 742 1333 775 δι,
1357 742 1402 770 ῐνα
1421 742 1504 778 μόνον
1517 742 1703 770 ἀποκτείνωσι
1717 742 1770 769 τὸν

128 795 238 831 Κύριον,
254 793 458 831 καταφρονοῦσι
485 792 534 820 καὶ
554 791 603 819 τοῦ
620 791 721 826 νόμου,
738 785 898 817 Dominus

978 785 1017 816 im
1044 784 1118 825 ipso
1139 785 1278 826 legitimo
1305 791 1445 826 tempore
1471 785 1648 817 comederat
1675 796 1685 816 :
1713 786 1769 817 illi‘

129 847 201 871 vero
216 841 424 870 contemnunt
440 837 549 876 legem,
572 836 668 867 modo
688 834 837 866 Occidunt
853 833 1030 866 Christum.
1050 845 1065 863 »
1082 835 1178 866 Suam
1207 834 1357 874 patefacit
1384 838 1525 866 mentem
1550 834 1675 874 absque
1698 834 1765 866 ulla

127 888 268 920 ambage.

162 896 214 919 una
239 897 268 919 e.

162 896 271 967 66.81n
289 943 342 971 eo.
362 942 460 975 quem
475 932 708 973 expendimus,
728 930 800 962 loco
819 931 1052 962 Commentarii
1076 931 1112 962 in
1128 931 1312 962 Matlhwum
1328 931 1473 963 enermis
1488 931 1630 964 occurrit
1647 930 1765 968 depra-

121 985 205 1016 vatio
228 985 260 1015 in
288 983 457 1023 aliquibus
480 981 663 1018 codicibus,
683 984 715 1012 et
740 980 775 1011 in
794 984 882 1011 textu
912 980 1021 1010 Romae
1048 987 1084 1011 ac
1101 979 1236 1011 Parisiis
1264 980 1365 1011 edito.
1384 991 1399 1009 α
1414 980 1556 1011 Primam
1575 979 1771 1019 Azymorum

124 1032 209 1064 diem
232 1035 334 1069 vocat,
357 1039 432 1072 quae
455 1031 544 1062 diem
569 1031 769 1069 Azymorum
784 1028 948 1068 praecedit.
969 1028 1165 1068 Utexeinpli
1185 1029 1286 1069 gratia
1313 1029 1418 1061 dicam
1436 1040 1444 1061 :
1460 1034 1500 1071 τῇ
1528 1033 1696 1070 παρασκιυῆ
1720 1033 1767 1060 ta-

124 1086 208 1122 πέρας
228 1085 346 1122 εμελλόν
358 1085 459 1112 ἑκιῐνοι
477 1083 576 1119 φαγεῖν
597 1081 628 1110 τὸ
642 1081 747 1117 πάσχα,
763 1077 915 1108 Ραναςσει

980 1085 1088 1117 capere
1102 1076 1331 1108 manducatun'
1359 1083 1451 1110 erant
1477 1079 1609 1119 pascha,
1627 1082 1676 1110 καὶ
1696 1082 1767 1119 αὕτη

125 1135 246 1163 halare
263 1134 320 1161 τῶν
335 1133 475 1169 ’Δζὺμων,
493 1133 521 1159 et
540 1127 610 1167 ipsa
624 1125 850 1166 appellabatur
872 1125 1074 1165 Azymorum.
1093 1125 1254 1156 Dominus
1276 1126 1375 1165 igitur
1400 1127 1498 1157 mittit
1520 1126 1701 1166 discipulos
1718 1125 1770 1157 die

123 1180 243 1219 quinto,
267 1186 367 1219 quem
394 1176 540 1209 nominat
561 1174 763 1217 evangelista
786 1174 914 1213 primum

975 1174 1163 1214 lzymorum,
1186 1178 1221 1206 ut
1236 1175 1294 1215 qui
1314 1180 1369 1215 πρὸ
1388 1179 1440 1215 ’ἰῆς
1463 1180 1660 1215 Παμσκευῆς,
1692 1179 1766 1206 ante

123 1226 319 1259 Parasceveu
335 1230 414 1258 esset
434 1236 445 1257 :
463 1229 533 1258 καθ’
547 1228 583 1265 ἢν
602 1227 785 1264 Παρασκευῆν
802 1226 836 1263 τῆ
853 1227 914 1254 lem

986 1233 1048 1264 qua
1061 1223 1234 1254 Parasceoe
1250 1232 1378 1264 vespere
1392 1224 1594 1256 comedebant
1607 1233 1729 1264 azyma.
1752 1235 1766 1252 ι

121 1274 268 1307 lmmaue
289 1274 407 1306 vitium
426 1273 503 1314 quis
518 1280 584 1305 non
609 1272 736 1304 videat?
753 1270 961 1310 lneptissima
982 1281 1059 1302 sane
1081 1270 1137 1303 illa
1165 1272 1260 1309 ratio,
1284 1271 1367 1304 diem
1387 1272 1534 1313 quintum
1553 1273 1629 1304 ideo
1647 1272 1768 1312 appel-

124 1322 220 1356 latum
246 1323 390 1365 primum
416 1322 620 1362 Axymarum,
636 1321 714 1360 quia
738 1319 789 1351 die
815 1323 906 1350 sexto
920 1341 929 1357 ,
945 1329 1005 1351 seu
1027 1321 1213 1355 Parasceve,
1228 1329 1356 1361 vespere
1381 1329 1491 1361 azyma
1514 1320 1768 1352 comedebantur.

122 1371 240 1405 Vocem
255 1373 448 1404 Parasceces
462 1370 539 1411 quis
554 1377 618 1402 non
636 1367 858 1409 deprehendat
880 1373 1002 1401 temere
1017 1369 1201 1401 invectam?

160 1432 246 1464 Huic
261 1432 454 1465 adversatur
468 1428 602 1462 lectioni
617 1429 709 1461 locus
719 1428 954 1469 Theophylacti
969 1429 1002 1459 in
1016 1428 1231 1468 Evangelium
1248 1428 1343 1459 Lucae
1354 1430 1457 1469 capite
1472 1438 1556 1467 χιιι.
1574 1439 1603 1461 v.
1620 1431 1639 1461 7
1656 1441 1663 1461 :
1683 1432 1770 1469 Ἡμέ-

123 1494 173 1525 ραν
187 1485 237 1514 οὖν
257 1486 386 1522 ’Δζῡμων
400 1485 476 1520 λέγει
496 1483 546 1520 τὴν
559 1483 700 1519 πέμπτην,
711 1479 747 1519 ἧς
759 1482 794 1518 τῇ
811 1482 914 1518 ἑσπέρᾳ

981 1480 1045 1509 ιλλον
1060 1481 1136 1510 θύειν
1151 1483 1182 1510 τὺ
1211 1484 1306 1520 πάσχα
1325 1489 1333 1497 ·
1349 1478 1432 1511 diem
1450 1479 1555 1518 igitur
1580 1479 1772 1519 Azymorum

123 1529 200 1562 dicit
219 1531 381 1571 quintum,
400 1528 443 1559 ad
475 1528 567 1569 cujus
593 1536 757 1567 vesperam
780 1527 899 1567 pascha
922 1525 1148 1558 immolandum
1164 1532 1245 1559 erat.
1277 1528 1393 1560 Eidem
1415 1526 1548 1558 lectioni
1579 1528 1772 1559 adversatur

123 1578 255 1611 Graecus
282 1579 407 1614 codex,
435 1584 507 1617 quo.
529 1584 610 1608 usus
633 1579 682 1607 est
713 1574 1001 1615 OEcolampadius.
1024 1575 1247 1609 Adversantur
1264 1576 1362 1609 etiam
1391 1576 1531 1608 Romani
1563 1575 1603 1608 ab
1628 1576 1773 1607 Arcudio

123 1628 204 1658 libro
220 1628 248 1659 ll
268 1628 314 1658 De
339 1629 536 1657 sacramento
560 1624 786 1660 Eucherium,
804 1619 956 1663 capite'5,
974 1626 1006 1654 et
1023 1624 1224 1657 Parisienses
1253 1630 1272 1657 a
1298 1624 1468 1666 Lequieno
1485 1624 1722 1657 Dissertatione
1740 1633 1773 1655 vr

122 1676 371 1714 Damascenica},
385 1683 475 1706 num.
507 1673 622 1710 XLlll,
647 1671 842 1712 diligentius
861 1671 1011 1710 inspecti,
1029 1672 1062 1703 in
1084 1673 1206 1713 quibus
1233 1674 1277 1705 ita
1296 1673 1416 1715 legitur
1435 1684 1444 1705 :
1462 1674 1502 1705 Ut
1521 1674 1569 1704 sic
1591 1673 1706 1711 dicam,
1736 1678 1771 1714 τῇ

62 1757 63 1760 η
122 1724 240 1760 autumn
253 1725 377 1760 ἑσπέρας
389 1722 505 1759 ἔμελλον
519 1721 624 1749 ἑκιῖνοι
638 1722 737 1757 φαγεῖν
748 1720 780 1748 τὸ
796 1720 890 1756 πάσχα
902 1727 909 1735 ”
927 1719 979 1755 μεθ
988 1720 994 1731 '
1006 1721 1040 1755 ῆν
1050 1721 1206 1757 ἑπιφώσκει
1219 1723 1237 1758 ἡ
1250 1721 1419 1758 Παρασκευῆ
1437 1742 1444 1750 .
1465 1722 1566 1758 Πρώτη
1585 1721 1641 1749 τῶν
1656 1721 1773 1756 ἀζύμων

121 1768 245 1796 ἑκαλεῐτο
270 1769 350 1804 παρὰ.
376 1768 417 1803 τῷ
446 1768 535 1803 νόμῳ,
558 1763 605 1793 οἷα
638 1765 672 1802 δὴ
691 1764 743 1800 τῆς
770 1765 868 1801 ἑορτῆς
893 1764 1050 1800 ἀρχομένης
1081 1765 1136 1793 ἀπὸ
1164 1766 1216 1802 τῆς
1249 1766 1391 1802 ἑσπέρας,
1423 1765 1491 1793 καθ’
1524 1765 1558 1801 ἢν
1580 1765 1709 1801 ὴσθίοντο
1738 1766 1774 1793 τὰ

121 1817 239 1854 ἄζυμα·
258 1813 382 1852 Quinta
402 1812 486 1853 feria
513 1819 642 1851 vespere
669 1810 894 1841 manducaturt'
927 1814 1018 1840 erant
1042 1811 1174 1850 pascha,
1200 1817 1273 1851 post
1302 1821 1395 1852 quam
1422 1811 1557 1843 lucescit
1584 1811 1772 1844 Parasceve.

121 1859 233 1892 Prima
262 1861 455 1901 Azymorum
483 1859 662 1891 vocabatur
684 1859 720 1890 in
740 1858 818 1898 lege,
845 1867 880 1889 eo
905 1857 991 1898 quod
1013 1858 1129 1899 festum
1155 1859 1346 1900 inciepiebat
1368 1869 1387 1890 a
1407 1868 1552 1900 vespera,
1576 1868 1639 1900 qua
1660 1869 1774 1899 azyma

121 1910 379 1942 comedebcmtur.
415 1909 555 1949 Egregie
584 1911 765 1940 consonant
800 1908 922 1939 omnia.
952 1908 1117 1938 Laudatus
1148 1908 1339 1949 Lequienus
1372 1909 1442 1940 loco
1473 1909 1570 1939 citato
1603 1908 1771 1945 observat,

121 1958 264 1999 Regium
287 1957 507 1990 Parisiensem
534 1956 680 1989 codicem
702 1963 801 1997 quem
826 1955 976 1993 coutulit,
1001 1966 1017 1983 α
1039 1956 1078 1987 ad
1094 1957 1237 1988 auctoris
1258 1961 1383 1989 atatem
1415 1957 1667 1998 quamproxime
1681 1965 1773 1988 acce-

120 2006 210 2038 tlere.
233 2019 249 2036 ι»
267 2007 358 2038 inter
374 2006 502 2040 codices
519 2005 653 2037 Veneta;
666 2003 838 2036 Marcianas
849 2003 1055 2037 bibliothecas
1071 2012 1180 2037 veram
1196 2004 1372 2038 lectionem
1388 2005 1506 2037 habent
1522 2006 1601 2043 duo,
1619 2006 1659 2046 29
1676 2009 1707 2037 et
1720 2005 1771 2043 30,

121 2052 339 2096 vitiatamque
354 2057 478 2085 textum
498 2056 624 2093 praestat
639 2052 742 2084 codex
757 2052 808 2084 31.

158 2116 296 2149 Similes
313 2115 448 2148 fortasse
472 2117 581 2146 textus
604 2114 828 2154 iuterpolatori
846 2123 956 2146 ansam
978 2115 1140 2153 dederint,
1157 2124 1241 2157 quos
1268 2116 1301 2147 in
1325 2115 1400 2147 alﬁs
1428 2115 1568 2147 Matthaei
1592 2113 1772 2155 expositio-

118 2164 234 2203 nibus,
263 2167 322 2197 aut
347 2162 477 2196 Catenis
503 2162 635 2203 legeret,
656 2166 690 2194 ut
723 2163 957 2204 Theophylacti
991 2164 1098 2196 locum
1123 2165 1326 2205 depravaret.
1353 2166 1389 2196 ln
1408 2173 1446 2196 ea
1475 2165 1592 2204 utique
1624 2164 1771 2204 ejusdem

121 2214 335 2254 evangelista)
359 2212 577 2252 expositione,
606 2220 679 2250 quae
711 2212 743 2243 in
772 2213 883 2243 codice
913 2214 952 2243 96
985 2214 1118 2245 Venetae
1138 2214 1246 2246 Sancti
1272 2214 1370 2246 Marci
1387 2213 1594 2245 bibliothecae
1615 2213 1773 2245 tribuitur

120 2261 239 2295 Niceta:
270 2262 420 2302 episcopo
451 2259 659 2299 metropoleos
691 2260 863 2300 Naupacti,
892 2271 927 2292 ac
956 2262 1053 2293 ctiam
1074 2262 1322 2304 Theophylacto
1350 2262 1518 2303 aliquibus
1538 2261 1571 2293 in
1601 2261 1771 2293 codicibus

121 2310 242 2342 tributa
274 2310 408 2346 dicitur,
440 2313 476 2339 ut
505 2309 732 2339 adnotavimus
759 2319 848 2339 nuin.
874 2310 912 2340 58

984 2311 1057 2342 dem
1084 2311 1153 2343 fere
1170 2313 1268 2344 verba
1295 2312 1448 2352 leguntur
1469 2322 1477 2345 :
1502 2317 1621 2353 Πρώτην
1646 2315 1694 2344 οὖν
1716 2316 1771 2343 τῶν

125 2359 255 2395 ’Δζύμων
274 2357 395 2386 ἐνταῦθα
418 2358 486 2392 φησὶ
499 2359 512 2384 ό
529 2357 671 2389 Mareotin;
686 2358 735 2392 τὴν
759 2359 812 2393 πρὸ
830 2359 884 2385 τῶν
918 2358 1046 2393 ’Λζὺμων
1071 2359 1181 2396 ἡμέραν
1199 2361 1260 2396 (τὴν
1277 2362 1510 2398 τρισκαιδεκάτην
1527 2363 1577 2398 μὲν
1600 2362 1648 2388 τοῦ
1674 2360 1771 2397 μηνὸς,

121 2403 253 2439 πίμπτην
278 2404 330 2438 τῆς
353 2402 523 2437 ἑϐδομάδος).
540 2399 603 2428 Οἶον
616 2411 641 2428 τι
664 2402 746 2435 λέγω,
761 2404 793 2437 τῇ
813 2404 979 2439 Παρασκευῇ
998 2404 1121 2438 ἑσπέρας
1132 2404 1245 2440 ἔμελλον
1256 2405 1281 2431 οἱ
1310 2406 1433 2433 Ἰουδαῖοι
1445 2407 1543 2441 φαγεῖν
1557 2406 1588 2433 τὺ
1601 2406 1705 2442 πάσχα,
1724 2405 1771 2432 καὶ

120 2453 191 2491 αὕτη
214 2453 346 2481 nam“:
363 2451 417 2479 τῶν
438 2451 573 2486 ’Δζύμων.
592 2447 731 2476 Primam
743 2447 911 2485 Azymoriu

979 2458 1007 2478 )c
1028 2448 1097 2478 loco
1121 2448 1200 2480 dicit
1217 2449 1397 2487 Mattheus,
1415 2459 1483 2491 qua:
1495 2449 1647 2490 praecedit
1661 2458 1770 2489 azyma

120 2498 262 2539 (tertiam
290 2497 442 2528 decimam
460 2496 588 2531 mensis,
615 2496 758 2534 quintam
783 2496 982 2527 hebdomadw
1011 2496 1118 2537 diem).
1149 2497 1186 2528 Ut
1202 2498 1250 2528 ita
1278 2498 1382 2530 dicam
1401 2499 1610 2536 :Parasceve,
1629 2506 1768 2538 vespere,

117 2546 223 2578 ludat
241 2544 471 2577 manducaturt'
495 2548 586 2574 erant
608 2546 742 2583 pascha,
765 2550 792 2575 et
818 2546 889 2584 ipsa
914 2545 1138 2585 appellabatur
1162 2547 1368 2585 Azymorum.
1394 2547 1471 2579 Sine
1489 2547 1591 2578 dubio
1607 2546 1771 2579 sententia

119 2603 234 2628 eorum
252 2595 323 2626 hanc
339 2599 398 2630 est,
417 2593 473 2633 qui
487 2593 650 2624 Christum
669 2602 731 2624 una
756 2594 807 2624 die
826 2594 1007 2633 legitimum
1026 2595 1223 2634 praevenisse
1242 2595 1373 2631 Pascha,
1391 2596 1567 2635 ipsumque
1587 2594 1772 2627 celebrasse.

119 2643 171 2676 die
189 2643 289 2675 tertia
305 2642 431 2674 decima
453 2641 616 2672 tenebant.
638 2642 758 2672 Eadem
778 2650 872 2681 porro
897 2643 956 2673 hoc
973 2643 1009 2674 in
1026 2643 1097 2674 loco
1112 2643 1208 2675 verba
1225 2647 1313 2680 sunt,
1328 2653 1401 2683 qua;
1415 2644 1580 2683 [XXXIII]
1595 2647 1771 2675 occurrunt

119 2690 151 2723 in
169 2692 287 2724 vitiato
299 2695 390 2722 textu
407 2689 653 2730 'l‘heophylacti.
672 2690 765 2721 Haud
783 2690 947 2721 absimilis
962 2692 1102 2732 legimus
1117 2692 1150 2723 in
1174 2693 1279 2732 prima
1297 2693 1383 2732 apud
1411 2692 1583 2724 Possinum
1600 2693 1718 2724 Catena
1734 2692 1769 2723 in

118 2740 310 2772 Matthmum
330 2749 338 2770 :
356 2750 371 2767 α
395 2739 533 2770 Primam
549 2740 747 2778 Azymorum
762 2739 851 2775 dicit,
869 2747 941 2778 qum
963 2739 1115 2778 praecedit
1131 2744 1325 2779 Azymorum
1345 2739 1430 2770 diem
1449 2740 1598 2779 primam.
1615 2740 1765 2779 Consue-

119 2793 238 2821 Verunt
259 2788 351 2821 enim
366 2787 485 2825 Judaei,
510 2797 527 2818 a
548 2797 683 2827 vespera
712 2797 885 2819 numerare
902 2789 973 2819 dies
993 2798 1001 2818 :
1019 2791 1052 2819 et
1068 2788 1139 2828 ejus
1155 2787 1235 2826 diei,
1251 2788 1285 2819 in
1309 2787 1394 2820 festo
1409 2788 1538 2820 Pascha;
1553 2788 1767 2824 recensendo,

118 2837 238 2870 habere
273 2837 448 2874 rationem,
482 2845 548 2876 qua
574 2837 637 2868 sub
667 2845 836 2877 veSperam
870 2838 989 2876 paratis
1013 2836 1137 2876 azymis
1168 2845 1272 2876 agnus
1299 2837 1549 2869 sacrificabatur.
1570 2849 1585 2866 ι
1602 2837 1768 2869 Hactenus

116 2886 322 2920 conveniunt
337 2886 459 2918 omnia.
477 2885 632 2926 Sequitur
647 2888 754 2916 textus
773 2898 781 2918 :
809 2891 854 2917 Ἑν
877 2891 907 2925 γὲ

978 2920 979 2923 η
1003 2891 1175 2927 Παρασκευῇ
1202 2890 1327 2926 ἑσπέρας
1353 2890 1469 2927 ἔμελλον
1493 2890 1593 2917 ἑκείνοι
1613 2891 1713 2926 φαγεῖν
1737 2889 1769 2917 τδ

117 2940 223 2977 πάσχα,
243 2935 422 2967 Parascece
446 2934 526 2965 enim
541 2943 670 2974 vespera
684 2935 914 2967 manducaturi
939 2939 1029 2966 erant
1058 2935 1193 2967 Pascha.
1210 2936 1257 2967 En
1284 2937 1404 2967 iterum
1422 2934 1521 2968 verba
1536 2935 1570 2966 in
1587 2934 1766 2975 Theophy-

119 2982 194 3016 lactt
223 2982 337 3016 locum
365 2982 504 3015 invecta.
527 2982 668 3014 Audacis
691 2984 933 3023 interpolatoris
965 2984 1142 3016 consilium
1166 2984 1271 3016 fuisse
1298 2985 1472 3024 perspicue
1496 2987 1594 3024 patet,
1609 2987 1646 3016 ut
1671 2983 1769 3016 verba

119 3030 363 3072 Tbeophylacti
382 3031 416 3063 in
429 3040 500 3064 eam
519 3031 705 3063 Grecorum
723 3034 931 3071 sententiam,
953 3033 1163 3073 corruptione
1188 3032 1329 3071 invecta,
1347 3032 1548 3071 deﬂecteret,
1565 3041 1639 3074 quas
1653 3034 1767 3065 Iesum
