  <div class='ocr_page' id='page_1' title='image "/cluster/home/n/w/nwhite01/storage/ocr_20150623/123/uva.x004884189/079.png"; bbox 0 0 4006 6474; ppageno 0'>
   <div class='ocr_carea' id='block_1_1' title="bbox 535 432 2117 512">
    <p class='ocr_par' dir='ltr' id='par_1_1' title="bbox 535 432 2117 512">
     <span class='ocr_line' id='line_1_1' title="bbox 535 432 2117 512; baseline -0.005 0"><span class='ocrx_word' id='word_1_1' title='bbox 535 439 608 512; x_wconf 72' lang='grc' dir='ltr'><strong>ιτ</strong></span> <span class='ocrx_word' id='word_1_2' title='bbox 1391 432 1615 507; x_wconf 65' lang='lat' dir='ltr'><strong>ﬁlRN.</strong></span> <span class='ocrx_word' id='word_1_3' title='bbox 1657 440 1926 505; x_wconf 62' lang='grc' dir='ltr'><strong>ΒΑΗῐῶ</strong></span> <span class='ocrx_word' id='word_1_4' title='bbox 1966 433 2066 504; x_wconf 75' lang='lat' dir='ltr'><strong>DE</strong></span> <span class='ocrx_word' id='word_1_5' title='bbox 2110 441 2117 504; x_wconf 80' lang='lat' dir='ltr'><strong>l</strong></span> 
     </span>
    </p>
   </div>
   <div class='ocr_carea' id='block_1_2' title="bbox 2208 432 3790 512">
    <p class='ocr_par' dir='ltr' id='par_1_2' title="bbox 2208 436 3790 509">
     <span class='ocr_line' id='line_1_2' title="bbox 2208 436 3790 509; baseline 0.004 -6"><span class='ocrx_word' id='word_1_6' title='bbox 2208 436 2397 505; x_wconf 65' lang='grc' dir='ltr'><strong>ωειε</strong></span> <span class='ocrx_word' id='word_1_7' title='bbox 2434 439 2940 508; x_wconf 69' lang='grc' dir='ltr'><strong>οῐεδΕΜΑτιο</strong></span> <span class='ocrx_word' id='word_1_8' title='bbox 3721 442 3790 509; x_wconf 72' lang='grc' dir='ltr'><strong>σε</strong></span> 
     </span>
    </p>
   </div>
   <div class='ocr_carea' id='block_1_3' title="bbox 536 541 3787 647">
    <p class='ocr_par' dir='ltr' id='par_1_3' title="bbox 536 541 3787 647">
     <span class='ocr_line' id='line_1_3' title="bbox 536 541 3787 647; baseline 0.002 -27"><span class='ocrx_word' id='word_1_9' title='bbox 536 568 912 638; x_wconf 78' lang='lat' dir='ltr'><strong>azymorum</strong></span> <span class='ocrx_word' id='word_1_10' title='bbox 950 570 1145 617; x_wconf 79' lang='lat' dir='ltr'><strong>usam</strong></span> <span class='ocrx_word' id='word_1_11' title='bbox 1197 541 1579 618; x_wconf 69' lang='lat' dir='ltr'><strong>non‘iuisse</strong></span> <span class='ocrx_word' id='word_1_12' title='bbox 1637 548 1988 618; x_wconf 71' lang='lat' dir='ltr'><strong>inferamus</strong></span> <span class='ocrx_word' id='word_1_13' title='bbox 2027 577 2042 617; x_wconf 89' lang='lat'><strong>:</strong></span> <span class='ocrx_word' id='word_1_14' title='bbox 2077 555 2178 618; x_wconf 88' lang='lat' dir='ltr'><strong>vel</strong></span> <span class='ocrx_word' id='word_1_15' title='bbox 2223 550 2575 634; x_wconf 72' lang='lat' dir='ltr'><strong>perfecisse</strong></span> <span class='ocrx_word' id='word_1_16' title='bbox 2632 557 2923 639; x_wconf 83' lang='lat' dir='ltr'><strong>quidem,</strong></span> <span class='ocrx_word' id='word_1_17' title='bbox 2971 556 3085 622; x_wconf 87' lang='lat' dir='ltr'><strong>sed</strong></span> <span class='ocrx_word' id='word_1_18' title='bbox 3134 564 3284 622; x_wconf 87' lang='lat' dir='ltr'><strong>ante</strong></span> <span class='ocrx_word' id='word_1_19' title='bbox 3348 561 3787 647; x_wconf 84' lang='lat' dir='ltr'><strong>tempus,quo</strong></span> 
     </span>
    </p>
   </div>
   <div class='ocr_carea' id='block_1_4' title="bbox 541 651 3787 731">
    <p class='ocr_par' dir='ltr' id='par_1_4' title="bbox 541 651 3787 731">
     <span class='ocr_line' id='line_1_4' title="bbox 541 651 3787 731; baseline 0.002 -13"><span class='ocrx_word' id='word_1_20' title='bbox 541 651 932 718; x_wconf 74' lang='lat' dir='ltr'><strong>fermentum</strong></span> <span class='ocrx_word' id='word_1_21' title='bbox 971 651 1540 725; x_wconf 81' lang='lat' dir='ltr'><strong>exterminabatur,</strong></span> <span class='ocrx_word' id='word_1_22' title='bbox 1577 657 1646 712; x_wconf 87' lang='lat' dir='ltr'><strong>ut</strong></span> <span class='ocrx_word' id='word_1_23' title='bbox 1674 657 1828 713; x_wconf 91' lang='lat' dir='ltr'><strong>tunc</strong></span> <span class='ocrx_word' id='word_1_24' title='bbox 1862 651 2051 714; x_wconf 89' lang='lat' dir='ltr'><strong>etiam</strong></span> <span class='ocrx_word' id='word_1_25' title='bbox 2087 651 2270 731; x_wconf 87' lang='lat' dir='ltr'><strong>panis</strong></span> <span class='ocrx_word' id='word_1_26' title='bbox 2302 652 2722 716; x_wconf 75' lang='lat' dir='ltr'><strong>fermentatus</strong></span> <span class='ocrx_word' id='word_1_27' title='bbox 2751 653 3183 718; x_wconf 76' lang='lat' dir='ltr'><strong>inveniretur.</strong></span> <span class='ocrx_word' id='word_1_28' title='bbox 3225 656 3374 720; x_wconf 69' lang='lat' dir='ltr'><strong>Hinc</strong></span> <span class='ocrx_word' id='word_1_29' title='bbox 3406 658 3580 721; x_wconf 90' lang='lat' dir='ltr'><strong>enim</strong></span> <span class='ocrx_word' id='word_1_30' title='bbox 3623 673 3787 726; x_wconf 85' lang='lat' dir='ltr'><strong>non-</strong></span> 
     </span>
    </p>
   </div>
   <div class='ocr_carea' id='block_1_5' title="bbox 539 745 3786 834">
    <p class='ocr_par' dir='ltr' id='par_1_5' title="bbox 539 745 3786 834">
     <span class='ocr_line' id='line_1_5' title="bbox 539 745 3786 834; baseline 0.002 -20"><span class='ocrx_word' id='word_1_31' title='bbox 539 745 704 814; x_wconf 64' lang='grc' dir='ltr'><strong>ηυΗὶ</strong></span> <span class='ocrx_word' id='word_1_32' title='bbox 739 749 932 811; x_wconf 86' lang='lat' dir='ltr'><strong>nimis</strong></span> <span class='ocrx_word' id='word_1_33' title='bbox 965 749 1264 812; x_wconf 77' lang='lat' dir='ltr'><strong>audacter</strong></span> <span class='ocrx_word' id='word_1_34' title='bbox 1294 748 1624 810; x_wconf 81' lang='lat' dir='ltr'><strong>dixerunt.</strong></span> <span class='ocrx_word' id='word_1_35' title='bbox 1659 750 1795 811; x_wconf 81' lang='lat' dir='ltr'><strong>Non</strong></span> <span class='ocrx_word' id='word_1_36' title='bbox 1829 748 2031 829; x_wconf 88' lang='lat' dir='ltr'><strong>igitur</strong></span> <span class='ocrx_word' id='word_1_37' title='bbox 2074 748 2324 834; x_wconf 87' lang='lat' dir='ltr'><strong>aliquid</strong></span> <span class='ocrx_word' id='word_1_38' title='bbox 2372 757 2623 821; x_wconf 87' lang='lat' dir='ltr'><strong>eorum,</strong></span> <span class='ocrx_word' id='word_1_39' title='bbox 2653 765 2798 832; x_wconf 69' lang='lat' dir='ltr'><strong>qua</strong></span> <span class='ocrx_word' id='word_1_40' title='bbox 2851 751 2937 812; x_wconf 91' lang='lat' dir='ltr'><strong>ita</strong></span> <span class='ocrx_word' id='word_1_41' title='bbox 2989 750 3158 814; x_wconf 78' lang='lat' dir='ltr'><strong>dicta</strong></span> <span class='ocrx_word' id='word_1_42' title='bbox 3216 759 3392 822; x_wconf 90' lang='lat' dir='ltr'><strong>sunt,</strong></span> <span class='ocrx_word' id='word_1_43' title='bbox 3425 770 3662 819; x_wconf 78' lang='lat' dir='ltr'><strong>rursus</strong></span> <span class='ocrx_word' id='word_1_44' title='bbox 3717 756 3786 822; x_wconf 85' lang='lat' dir='ltr'><strong>in</strong></span> 
     </span>
    </p>
   </div>
   <div class='ocr_carea' id='block_1_6' title="bbox 518 843 3789 933">
    <p class='ocr_par' dir='ltr' id='par_1_6' title="bbox 518 843 3789 933">
     <span class='ocr_line' id='line_1_6' title="bbox 518 843 3789 933; baseline 0 -25"><span class='ocrx_word' id='word_1_45' title='bbox 518 846 826 909; x_wconf 84' lang='lat' dir='ltr'><strong>.r&#39;nedinm</strong></span> <span class='ocrx_word' id='word_1_46' title='bbox 856 843 1113 908; x_wconf 73' lang='lat' dir='ltr'><strong>aﬂ‘eram</strong></span> <span class='ocrx_word' id='word_1_47' title='bbox 1144 864 1180 902; x_wconf 61' lang='grc' dir='ltr'><em>τι</em></span> <span class='ocrx_word' id='word_1_48' title='bbox 1199 860 1412 924; x_wconf 88' lang='lat' dir='ltr'><strong>neque</strong></span> <span class='ocrx_word' id='word_1_49' title='bbox 1440 844 1614 906; x_wconf 79' lang='lat' dir='ltr'><strong>enim</strong></span> <span class='ocrx_word' id='word_1_50' title='bbox 1640 843 1789 906; x_wconf 87' lang='lat' dir='ltr'><strong>licet</strong></span> <span class='ocrx_word' id='word_1_51' title='bbox 1824 847 2126 924; x_wconf 81' lang='lat' dir='ltr'><strong>mysteria</strong></span> <span class='ocrx_word' id='word_1_52' title='bbox 2161 846 2445 909; x_wconf 81' lang='lat' dir='ltr'><strong>veritatis</strong></span> <span class='ocrx_word' id='word_1_53' title='bbox 2480 848 2814 909; x_wconf 87' lang='lat' dir='ltr'><strong>mendacio</strong></span> <span class='ocrx_word' id='word_1_54' title='bbox 2845 847 3358 912; x_wconf 55' lang='lat' dir='ltr'><strong>conﬁrmare“...</strong></span> <span class='ocrx_word' id='word_1_55' title='bbox 3385 850 3550 925; x_wconf 65' lang='lat' dir='ltr'><strong>Qua</strong></span> <span class='ocrx_word' id='word_1_56' title='bbox 3588 852 3789 933; x_wconf 68' lang='lat' dir='ltr'><strong>igitur</strong></span> 
     </span>
    </p>
   </div>
   <div class='ocr_carea' id='block_1_7' title="bbox 531 941 3789 1031">
    <p class='ocr_par' dir='ltr' id='par_1_7' title="bbox 531 941 3789 1031">
     <span class='ocr_line' id='line_1_7' title="bbox 531 941 3789 1031; baseline 0.002 -23"><span class='ocrx_word' id='word_1_57' title='bbox 531 943 852 1008; x_wconf 82' lang='lat' dir='ltr'><strong>sententia</strong></span> <span class='ocrx_word' id='word_1_58' title='bbox 904 955 1041 1003; x_wconf 87' lang='lat' dir='ltr'><strong>mea</strong></span> <span class='ocrx_word' id='word_1_59' title='bbox 1075 943 1218 1003; x_wconf 75' lang='lat' dir='ltr'><strong>est?</strong></span> <span class='ocrx_word' id='word_1_60' title='bbox 1247 943 1395 1005; x_wconf 74' lang='grc' dir='ltr'><strong>Ηωο</strong></span> <span class='ocrx_word' id='word_1_61' title='bbox 1432 941 1678 1004; x_wconf 82' lang='lat' dir='ltr'><strong>scilicet</strong></span> <span class='ocrx_word' id='word_1_62' title='bbox 1713 962 1727 1000; x_wconf 89' lang='lat'><strong>:</strong></span> <span class='ocrx_word' id='word_1_63' title='bbox 1764 941 2109 1003; x_wconf 80' lang='lat' dir='ltr'><strong>Dominum</strong></span> <span class='ocrx_word' id='word_1_64' title='bbox 2165 944 2390 1006; x_wconf 82' lang='lat' dir='ltr'><strong>Jesum</strong></span> <span class='ocrx_word' id='word_1_65' title='bbox 2423 944 2748 1006; x_wconf 89' lang='lat' dir='ltr'><strong>Christum</strong></span> <span class='ocrx_word' id='word_1_66' title='bbox 2787 946 3150 1009; x_wconf 83' lang='lat' dir='ltr'><strong>comedisse</strong></span> <span class='ocrx_word' id='word_1_67' title='bbox 3204 947 3461 1022; x_wconf 84' lang='lat' dir='ltr'><strong>pascha,</strong></span> <span class='ocrx_word' id='word_1_68' title='bbox 3497 958 3557 1012; x_wconf 76' lang='lat' dir='ltr'><strong>tv</strong></span> <span class='ocrx_word' id='word_1_69' title='bbox 3609 955 3789 1031; x_wconf 72' lang='grc' dir='ltr'><strong>ιιῳῦ</strong></span> 
     </span>
    </p>
   </div>
   <div class='ocr_carea' id='block_1_8' title="bbox 533 1038 2115 1122">
    <p class='ocr_par' dir='ltr' id='par_1_8' title="bbox 533 1041 2065 1118">
     <span class='ocr_line' id='line_1_8' title="bbox 533 1041 2065 1118; baseline -0.004 -13"><span class='ocrx_word' id='word_1_70' title='bbox 533 1051 630 1105; x_wconf 80' lang='grc' dir='ltr'><strong>καὶ</strong></span> <span class='ocrx_word' id='word_1_71' title='bbox 657 1049 753 1104; x_wconf 69' lang='lat' dir='ltr'><strong>Du&quot;</strong></span> <span class='ocrx_word' id='word_1_72' title='bbox 792 1050 828 1118; x_wconf 76' lang='grc' dir='ltr'><strong>ἡ</strong></span> <span class='ocrx_word' id='word_1_73' title='bbox 878 1046 994 1118; x_wconf 68' lang='grc' dir='ltr'><strong>ὥρα</strong></span> <span class='ocrx_word' id='word_1_74' title='bbox 1063 1044 1303 1112; x_wconf 68' lang='grc' dir='ltr'><strong>ιγὲνιτο,</strong></span> <span class='ocrx_word' id='word_1_75' title='bbox 1333 1053 1456 1099; x_wconf 90' lang='lat' dir='ltr'><strong>suo</strong></span> <span class='ocrx_word' id='word_1_76' title='bbox 1488 1044 1796 1114; x_wconf 86' lang='lat' dir='ltr'><strong>tempore,</strong></span> <span class='ocrx_word' id='word_1_77' title='bbox 1831 1041 1892 1098; x_wconf 90' lang='lat' dir='ltr'><strong>et</strong></span> <span class='ocrx_word' id='word_1_78' title='bbox 1918 1052 2065 1100; x_wconf 88' lang='lat' dir='ltr'><strong>cum</strong></span> 
     </span>
    </p>
   </div>
   <div class='ocr_carea' id='block_1_9' title="bbox 2205 1038 3787 1122">
    <p class='ocr_par' dir='ltr' id='par_1_9' title="bbox 2206 1040 3787 1122">
     <span class='ocr_line' id='line_1_9' title="bbox 2206 1040 3787 1122; baseline 0.006 -20"><span class='ocrx_word' id='word_1_79' title='bbox 2206 1057 2269 1104; x_wconf 93' lang='lat' dir='ltr'><strong>ra</strong></span> <span class='ocrx_word' id='word_1_80' title='bbox 2300 1040 2448 1117; x_wconf 83' lang='lat' dir='ltr'><strong>fuit,</strong></span> <span class='ocrx_word' id='word_1_81' title='bbox 2483 1048 2903 1122; x_wconf 55' lang='lat' dir='ltr'><strong>praeparatum</strong></span> <span class='ocrx_word' id='word_1_82' title='bbox 2932 1057 2966 1104; x_wconf 93' lang='lat' dir='ltr'><strong>a</strong></span> <span class='ocrx_word' id='word_1_83' title='bbox 3010 1041 3351 1121; x_wconf 83' lang='lat' dir='ltr'><strong>discipulis</strong></span> <span class='ocrx_word' id='word_1_84' title='bbox 3400 1052 3463 1107; x_wconf 92' lang='lat' dir='ltr'><strong>et</strong></span> <span class='ocrx_word' id='word_1_85' title='bbox 3521 1044 3787 1112; x_wconf 86' lang='lat' dir='ltr'><strong>domino</strong></span> 
     </span>
    </p>
   </div>
   <div class='ocr_carea' id='block_1_10' title="bbox 529 1131 2111 1223">
    <p class='ocr_par' dir='ltr' id='par_1_10' title="bbox 529 1131 2111 1215">
     <span class='ocr_line' id='line_1_10' title="bbox 529 1131 2111 1215; baseline -0.003 -17"><span class='ocrx_word' id='word_1_86' title='bbox 529 1131 782 1210; x_wconf 79' lang='lat' dir='ltr'><strong>domus,</strong></span> <span class='ocrx_word' id='word_1_87' title='bbox 819 1147 965 1200; x_wconf 75' lang='grc' dir='ltr'><strong>κατὰ</strong></span> <span class='ocrx_word' id='word_1_88' title='bbox 991 1147 1053 1200; x_wconf 75' lang='grc' dir='ltr'>τὸ</span> <span class='ocrx_word' id='word_1_89' title='bbox 1079 1147 1205 1209; x_wconf 63' lang='lat' dir='ltr'><strong>the;</strong></span> <span class='ocrx_word' id='word_1_90' title='bbox 1228 1141 1452 1215; x_wconf 74' lang='grc' dir='ltr'><strong>δηλαδὴ,</strong></span> <span class='ocrx_word' id='word_1_91' title='bbox 1481 1145 1576 1194; x_wconf 72' lang='grc' dir='ltr'><strong>καὶ</strong></span> <span class='ocrx_word' id='word_1_92' title='bbox 1603 1140 1704 1194; x_wconf 72' lang='grc' dir='ltr'><strong>οὐκ</strong></span> <span class='ocrx_word' id='word_1_93' title='bbox 1730 1139 1929 1204; x_wconf 77' lang='grc' dir='ltr'><strong>ἄλλως,</strong></span> <span class='ocrx_word' id='word_1_94' title='bbox 1967 1131 2111 1194; x_wconf 83' lang='lat' dir='ltr'><strong>vide</strong></span> 
     </span>
    </p>
   </div>
   <div class='ocr_carea' id='block_1_11' title="bbox 2200 1131 3782 1223">
    <p class='ocr_par' dir='ltr' id='par_1_11' title="bbox 2200 1138 3782 1223">
     <span class='ocr_line' id='line_1_11' title="bbox 2200 1138 3782 1223; baseline 0.008 -29"><span class='ocrx_word' id='word_1_95' title='bbox 2200 1145 2269 1199; x_wconf 80' lang='lat' dir='ltr'><strong>:et</strong></span> <span class='ocrx_word' id='word_1_96' title='bbox 2292 1138 2477 1217; x_wconf 81' lang='lat' dir='ltr'><strong>juxta</strong></span> <span class='ocrx_word' id='word_1_97' title='bbox 2535 1146 2947 1214; x_wconf 87' lang='lat' dir='ltr'><strong>consuetum,</strong></span> <span class='ocrx_word' id='word_1_98' title='bbox 2979 1147 3041 1202; x_wconf 91' lang='lat' dir='ltr'><strong>et</strong></span> <span class='ocrx_word' id='word_1_99' title='bbox 3075 1155 3202 1201; x_wconf 92' lang='lat' dir='ltr'><strong>non</strong></span> <span class='ocrx_word' id='word_1_100' title='bbox 3227 1140 3438 1203; x_wconf 81' lang='lat' dir='ltr'><strong>aliter.</strong></span> <span class='ocrx_word' id='word_1_101' title='bbox 3470 1142 3782 1223; x_wconf 71' lang='lat' dir='ltr'><strong>Alioquin</strong></span> 
     </span>
    </p>
   </div>
   <div class='ocr_carea' id='block_1_12' title="bbox 528 1229 3785 1316">
    <p class='ocr_par' dir='ltr' id='par_1_12' title="bbox 528 1229 3785 1316">
     <span class='ocr_line' id='line_1_12' title="bbox 528 1229 3785 1316; baseline 0.003 -22"><span class='ocrx_word' id='word_1_102' title='bbox 528 1234 876 1297; x_wconf 88' lang='lat' dir='ltr'><strong>novitatem</strong></span> <span class='ocrx_word' id='word_1_103' title='bbox 933 1235 1108 1297; x_wconf 91' lang='lat' dir='ltr'><strong>illam</strong></span> <span class='ocrx_word' id='word_1_104' title='bbox 1161 1234 1526 1294; x_wconf 85' lang='lat' dir='ltr'><strong>adnotasset</strong></span> <span class='ocrx_word' id='word_1_105' title='bbox 1568 1229 2096 1309; x_wconf 84' lang='lat' dir='ltr'><strong>Evangelium....</strong></span> <span class='ocrx_word' id='word_1_106' title='bbox 2130 1234 2509 1299; x_wconf 85' lang='lat' dir='ltr'><strong>Comedisse</strong></span> <span class='ocrx_word' id='word_1_107' title='bbox 2541 1245 2756 1298; x_wconf 86' lang='lat' dir='ltr'><strong>autem</strong></span> <span class='ocrx_word' id='word_1_108' title='bbox 2799 1235 3029 1315; x_wconf 85' lang='lat' dir='ltr'><strong>pascha</strong></span> <span class='ocrx_word' id='word_1_109' title='bbox 3063 1235 3264 1316; x_wconf 90' lang='lat' dir='ltr'><strong>legale</strong></span> <span class='ocrx_word' id='word_1_110' title='bbox 3302 1239 3508 1316; x_wconf 91' lang='lat' dir='ltr'><strong>prius,</strong></span> <span class='ocrx_word' id='word_1_111' title='bbox 3545 1241 3785 1305; x_wconf 87' lang='lat' dir='ltr'><strong>deinde</strong></span> 
     </span>
    </p>
   </div>
   <div class='ocr_carea' id='block_1_13' title="bbox 527 1323 3785 1410">
    <p class='ocr_par' dir='ltr' id='par_1_13' title="bbox 527 1323 3785 1410">
     <span class='ocr_line' id='line_1_13' title="bbox 527 1323 3785 1410; baseline 0.001 -20"><span class='ocrx_word' id='word_1_112' title='bbox 527 1337 588 1390; x_wconf 88' lang='lat' dir='ltr'><strong>et</strong></span> <span class='ocrx_word' id='word_1_113' title='bbox 621 1332 995 1410; x_wconf 75' lang='lat' dir='ltr'><strong>mysterium</strong></span> <span class='ocrx_word' id='word_1_114' title='bbox 1029 1330 1130 1392; x_wconf 89' lang='lat' dir='ltr'><strong>sui</strong></span> <span class='ocrx_word' id='word_1_115' title='bbox 1169 1326 1484 1407; x_wconf 88' lang='lat' dir='ltr'><strong>paschatis</strong></span> <span class='ocrx_word' id='word_1_116' title='bbox 1517 1326 1858 1388; x_wconf 68' lang='lat' dir='ltr'><strong>tradidisse</strong></span> <span class='ocrx_word' id='word_1_117' title='bbox 1891 1324 2234 1405; x_wconf 90' lang='lat' dir='ltr'><strong>discipulis</strong></span> <span class='ocrx_word' id='word_1_118' title='bbox 2265 1339 2345 1388; x_wconf 79' lang='lat' dir='ltr'><strong>ex</strong></span> <span class='ocrx_word' id='word_1_119' title='bbox 2383 1338 2573 1403; x_wconf 79' lang='lat' dir='ltr'><strong>pene,</strong></span> <span class='ocrx_word' id='word_1_120' title='bbox 2609 1323 2723 1405; x_wconf 89' lang='lat' dir='ltr'><strong>qui</strong></span> <span class='ocrx_word' id='word_1_121' title='bbox 2771 1334 2923 1386; x_wconf 90' lang='lat' dir='ltr'><strong>tunc</strong></span> <span class='ocrx_word' id='word_1_122' title='bbox 2956 1325 3257 1386; x_wconf 88' lang='lat' dir='ltr'><strong>inventus</strong></span> <span class='ocrx_word' id='word_1_123' title='bbox 3297 1335 3419 1388; x_wconf 88' lang='lat' dir='ltr'><strong>est.</strong></span> <span class='ocrx_word' id='word_1_124' title='bbox 3484 1333 3706 1408; x_wconf 69' lang='grc' dir='ltr'><strong>Εὕρητο</strong></span> <span class='ocrx_word' id='word_1_125' title='bbox 3730 1338 3785 1394; x_wconf 74' lang='grc' dir='ltr'><strong>ει</strong></span> 
     </span>
    </p>
   </div>
   <div class='ocr_carea' id='block_1_14' title="bbox 523 1419 2105 1504">
    <p class='ocr_par' dir='ltr' id='par_1_14' title="bbox 523 1423 2105 1504">
     <span class='ocr_line' id='line_1_14' title="bbox 523 1423 2105 1504; baseline 0.005 -27"><span class='ocrx_word' id='word_1_126' title='bbox 523 1427 828 1495; x_wconf 63' lang='grc' dir='ltr'><strong>τηνικαῦτα</strong></span> <span class='ocrx_word' id='word_1_127' title='bbox 887 1429 1112 1500; x_wconf 73' lang='grc' dir='ltr'><strong>ᾶζυμος,</strong></span> <span class='ocrx_word' id='word_1_128' title='bbox 1150 1426 1448 1486; x_wconf 87' lang='lat' dir='ltr'><strong>inventus</strong></span> <span class='ocrx_word' id='word_1_129' title='bbox 1481 1431 1576 1485; x_wconf 91' lang='lat' dir='ltr'><strong>est</strong></span> <span class='ocrx_word' id='word_1_130' title='bbox 1597 1430 1817 1486; x_wconf 79' lang='lat' dir='ltr'><strong>autem</strong></span> <span class='ocrx_word' id='word_1_131' title='bbox 1851 1423 2034 1504; x_wconf 90' lang='lat' dir='ltr'><strong>panis</strong></span> <span class='ocrx_word' id='word_1_132' title='bbox 2081 1437 2105 1485; x_wconf 75' lang='grc' dir='ltr'><em>ε</em></span> 
     </span>
    </p>
   </div>
   <div class='ocr_carea' id='block_1_15' title="bbox 2199 1419 3781 1504">
    <p class='ocr_par' dir='ltr' id='par_1_15' title="bbox 2205 1419 3781 1503">
     <span class='ocr_line' id='line_1_15' title="bbox 2205 1419 3781 1503; baseline 0.003 -18"><span class='ocrx_word' id='word_1_133' title='bbox 2205 1437 2373 1487; x_wconf 91' lang='lat' dir='ltr'><strong>mus.</strong></span> <span class='ocrx_word' id='word_1_134' title='bbox 2411 1443 2442 1479; x_wconf 78' lang='grc' dir='ltr'><strong><em>ι</em></strong></span> <span class='ocrx_word' id='word_1_135' title='bbox 2468 1419 3023 1503; x_wconf 73' lang='lat' dir='ltr'><strong>TheOphylactum</strong></span> <span class='ocrx_word' id='word_1_136' title='bbox 3055 1422 3181 1484; x_wconf 86' lang='lat' dir='ltr'><strong>sibi</strong></span> <span class='ocrx_word' id='word_1_137' title='bbox 3212 1440 3288 1485; x_wconf 81' lang='lat' dir='ltr'><strong>ex</strong></span> <span class='ocrx_word' id='word_1_138' title='bbox 3321 1424 3640 1490; x_wconf 79' lang='lat' dir='ltr'><strong>diametro</strong></span> <span class='ocrx_word' id='word_1_139' title='bbox 3671 1429 3781 1491; x_wconf 85' lang='lat' dir='ltr'><strong>ad-</strong></span> 
     </span>
    </p>
   </div>
   <div class='ocr_carea' id='block_1_16' title="bbox 526 1519 1414 1583">
    <p class='ocr_par' dir='ltr' id='par_1_16' title="bbox 526 1519 1414 1583">
     <span class='ocr_line' id='line_1_16' title="bbox 526 1519 1414 1583; baseline 0.008 -8"><span class='ocrx_word' id='word_1_140' title='bbox 526 1520 889 1577; x_wconf 62' lang='lat' dir='ltr'><strong>Versantem</strong></span> <span class='ocrx_word' id='word_1_141' title='bbox 920 1519 1122 1582; x_wconf 65' lang='lat' dir='ltr'><strong>Graeci</strong></span> <span class='ocrx_word' id='word_1_142' title='bbox 1159 1519 1414 1583; x_wconf 88' lang='lat' dir='ltr'><strong>habent.</strong></span> 
     </span>
    </p>
   </div>
   <div class='ocr_carea' id='block_1_17' title="bbox 604 1611 3779 1697">
    <p class='ocr_par' dir='ltr' id='par_1_17' title="bbox 604 1611 3779 1697">
     <span class='ocr_line' id='line_1_17' title="bbox 604 1611 3779 1697; baseline 0.003 -23"><span class='ocrx_word' id='word_1_143' title='bbox 604 1611 703 1677; x_wconf 72' lang='grc' dir='ltr'><strong>δι.</strong></span> <span class='ocrx_word' id='word_1_144' title='bbox 749 1614 894 1676; x_wconf 64' lang='lat' dir='ltr'><strong>Haec</strong></span> <span class='ocrx_word' id='word_1_145' title='bbox 943 1617 1164 1678; x_wconf 85' lang='lat' dir='ltr'><strong>eadem</strong></span> <span class='ocrx_word' id='word_1_146' title='bbox 1212 1633 1390 1678; x_wconf 83' lang='lat' dir='ltr'><strong>mens</strong></span> <span class='ocrx_word' id='word_1_147' title='bbox 1429 1624 1526 1679; x_wconf 79' lang='lat' dir='ltr'><strong>est</strong></span> <span class='ocrx_word' id='word_1_148' title='bbox 1564 1616 1857 1697; x_wconf 88' lang='lat' dir='ltr'><strong>ejusdem</strong></span> <span class='ocrx_word' id='word_1_149' title='bbox 1906 1633 1978 1680; x_wconf 94' lang='lat' dir='ltr'><strong>ac</strong></span> <span class='ocrx_word' id='word_1_150' title='bbox 2021 1616 2342 1680; x_wconf 85' lang='lat' dir='ltr'><strong>sententia</strong></span> <span class='ocrx_word' id='word_1_151' title='bbox 2395 1615 2458 1678; x_wconf 91' lang='lat' dir='ltr'><strong>in</strong></span> <span class='ocrx_word' id='word_1_152' title='bbox 2496 1617 2986 1680; x_wconf 87' lang='lat' dir='ltr'><strong>Commentariis</strong></span> <span class='ocrx_word' id='word_1_153' title='bbox 3035 1618 3110 1681; x_wconf 92' lang='lat' dir='ltr'><strong>ad</strong></span> <span class='ocrx_word' id='word_1_154' title='bbox 3150 1620 3517 1683; x_wconf 73' lang='lat' dir='ltr'><strong>Matthcum</strong></span> <span class='ocrx_word' id='word_1_155' title='bbox 3557 1630 3620 1686; x_wconf 91' lang='lat' dir='ltr'><strong>et</strong></span> <span class='ocrx_word' id='word_1_156' title='bbox 3653 1623 3779 1685; x_wconf 83' lang='lat' dir='ltr'><strong>Lu-</strong></span> 
     </span>
    </p>
   </div>
   <div class='ocr_carea' id='block_1_18' title="bbox 524 1711 3776 1799">
    <p class='ocr_par' dir='ltr' id='par_1_18' title="bbox 524 1711 3776 1799">
     <span class='ocr_line' id='line_1_18' title="bbox 524 1711 3776 1799; baseline 0.005 -30"><span class='ocrx_word' id='word_1_157' title='bbox 524 1727 678 1799; x_wconf 81' lang='lat' dir='ltr'><strong>cam.</strong></span> <span class='ocrx_word' id='word_1_158' title='bbox 716 1711 927 1774; x_wconf 62' lang='lat' dir='ltr'><strong>Adero</strong></span> <span class='ocrx_word' id='word_1_159' title='bbox 957 1714 1257 1788; x_wconf 89' lang='lat' dir='ltr'><strong>primum,</strong></span> <span class='ocrx_word' id='word_1_160' title='bbox 1302 1729 1445 1792; x_wconf 68' lang='lat' dir='ltr'><strong>quas</strong></span> <span class='ocrx_word' id='word_1_161' title='bbox 1467 1712 1606 1793; x_wconf 83' lang='lat' dir='ltr'><strong>ejus</strong></span> <span class='ocrx_word' id='word_1_162' title='bbox 1640 1711 1957 1776; x_wconf 81' lang='lat' dir='ltr'><strong>habentur</strong></span> <span class='ocrx_word' id='word_1_163' title='bbox 1992 1712 2181 1778; x_wconf 88' lang='lat' dir='ltr'><strong>verba</strong></span> <span class='ocrx_word' id='word_1_164' title='bbox 2211 1713 2288 1776; x_wconf 89' lang='lat' dir='ltr'><strong>ad</strong></span> <span class='ocrx_word' id='word_1_165' title='bbox 2319 1721 2508 1794; x_wconf 88' lang='lat' dir='ltr'><strong>caput</strong></span> <span class='ocrx_word' id='word_1_166' title='bbox 2532 1731 2687 1777; x_wconf 79' lang='lat' dir='ltr'><strong>xxvi</strong></span> <span class='ocrx_word' id='word_1_167' title='bbox 2714 1715 3016 1788; x_wconf 71' lang='lat' dir='ltr'><strong>Matthtei,</strong></span> <span class='ocrx_word' id='word_1_168' title='bbox 3049 1734 3106 1784; x_wconf 86' lang='lat' dir='ltr'><strong>v.</strong></span> <span class='ocrx_word' id='word_1_169' title='bbox 3144 1719 3244 1778; x_wconf 78' lang='lat'><strong>20.</strong></span> <span class='ocrx_word' id='word_1_170' title='bbox 3282 1739 3312 1775; x_wconf 76' lang='grc' dir='ltr'>ι</span> <span class='ocrx_word' id='word_1_171' title='bbox 3358 1720 3620 1799; x_wconf 73' lang='lat' dir='ltr'><strong>Vespere</strong></span> <span class='ocrx_word' id='word_1_172' title='bbox 3657 1741 3776 1785; x_wconf 77' lang='lat' dir='ltr'><strong>ast-</strong></span> 
     </span>
    </p>
   </div>
   <div class='ocr_carea' id='block_1_19' title="bbox 523 1796 3777 1893">
    <p class='ocr_par' dir='ltr' id='par_1_19' title="bbox 523 1796 3777 1893">
     <span class='ocr_line' id='line_1_19' title="bbox 523 1796 3777 1893; baseline 0.005 -26"><span class='ocrx_word' id='word_1_173' title='bbox 523 1796 838 1884; x_wconf 76' lang='lat' dir='ltr'><strong>tem&#39;racto</strong></span> <span class='ocrx_word' id='word_1_174' title='bbox 873 1807 1316 1879; x_wconf 77' lang='lat' dir='ltr'><strong>discumbebat,</strong></span> <span class='ocrx_word' id='word_1_175' title='bbox 1351 1817 1469 1872; x_wconf 85' lang='lat' dir='ltr'><strong>etc.</strong></span> <span class='ocrx_word' id='word_1_176' title='bbox 1510 1812 1597 1870; x_wconf 81' lang='lat' dir='ltr'><strong>Ex</strong></span> <span class='ocrx_word' id='word_1_177' title='bbox 1630 1808 1748 1872; x_wconf 89' lang='lat' dir='ltr'><strong>hoc</strong></span> <span class='ocrx_word' id='word_1_178' title='bbox 1797 1817 2017 1888; x_wconf 89' lang='lat' dir='ltr'><strong>putant</strong></span> <span class='ocrx_word' id='word_1_179' title='bbox 2057 1810 2342 1890; x_wconf 90' lang='lat' dir='ltr'><strong>quidam,</strong></span> <span class='ocrx_word' id='word_1_180' title='bbox 2375 1810 2551 1893; x_wconf 88' lang='lat' dir='ltr'><strong>quod</strong></span> <span class='ocrx_word' id='word_1_181' title='bbox 2587 1810 2707 1874; x_wconf 85' lang='lat' dir='ltr'><strong>hoc</strong></span> <span class='ocrx_word' id='word_1_182' title='bbox 2735 1829 2904 1874; x_wconf 93' lang='lat' dir='ltr'><strong>anno</strong></span> <span class='ocrx_word' id='word_1_183' title='bbox 2941 1829 3069 1875; x_wconf 93' lang='lat' dir='ltr'><strong>non</strong></span> <span class='ocrx_word' id='word_1_184' title='bbox 3101 1796 3777 1883; x_wconf 44' lang='lat' dir='ltr'><strong>comederit—Christus</strong></span> 
     </span>
    </p>
   </div>
   <div class='ocr_carea' id='block_1_20' title="bbox 528 1902 3776 1992">
    <p class='ocr_par' dir='ltr' id='par_1_20' title="bbox 528 1902 3776 1992">
     <span class='ocr_line' id='line_1_20' title="bbox 528 1902 3776 1992; baseline 0.005 -30"><span class='ocrx_word' id='word_1_185' title='bbox 528 1902 782 1980; x_wconf 81' lang='lat' dir='ltr'><strong>pascha.</strong></span> <span class='ocrx_word' id='word_1_186' title='bbox 823 1905 1057 1966; x_wconf 86' lang='lat' dir='ltr'><strong>Dicunt</strong></span> <span class='ocrx_word' id='word_1_187' title='bbox 1131 1906 1328 1977; x_wconf 87' lang='lat' dir='ltr'><strong>enim,</strong></span> <span class='ocrx_word' id='word_1_188' title='bbox 1382 1906 1556 1984; x_wconf 87' lang='lat' dir='ltr'><strong>quod</strong></span> <span class='ocrx_word' id='word_1_189' title='bbox 1601 1906 1840 1968; x_wconf 85' lang='lat' dir='ltr'><strong>stantes</strong></span> <span class='ocrx_word' id='word_1_190' title='bbox 1883 1906 2312 1969; x_wconf 87' lang='lat' dir='ltr'><strong>comedebant</strong></span> <span class='ocrx_word' id='word_1_191' title='bbox 2367 1923 2659 1987; x_wconf 87' lang='lat' dir='ltr'><strong>agnum:</strong></span> <span class='ocrx_word' id='word_1_192' title='bbox 2712 1906 3002 1970; x_wconf 89' lang='lat' dir='ltr'><strong>Christus</strong></span> <span class='ocrx_word' id='word_1_193' title='bbox 3056 1919 3270 1973; x_wconf 89' lang='lat' dir='ltr'><strong>autem</strong></span> <span class='ocrx_word' id='word_1_194' title='bbox 3326 1917 3776 1992; x_wconf 82' lang='lat' dir='ltr'><strong>recumbebat;</strong></span> 
     </span>
    </p>
   </div>
   <div class='ocr_carea' id='block_1_21' title="bbox 522 1998 3774 2089">
    <p class='ocr_par' dir='ltr' id='par_1_21' title="bbox 522 1998 3774 2089">
     <span class='ocr_line' id='line_1_21' title="bbox 522 1998 3774 2089; baseline 0.006 -31"><span class='ocrx_word' id='word_1_195' title='bbox 522 1998 718 2078; x_wconf 80' lang='lat' dir='ltr'><strong>igitur</strong></span> <span class='ocrx_word' id='word_1_196' title='bbox 774 2001 1004 2079; x_wconf 78' lang='lat' dir='ltr'><strong>pascha</strong></span> <span class='ocrx_word' id='word_1_197' title='bbox 1038 2016 1160 2061; x_wconf 92' lang='lat' dir='ltr'><strong>non</strong></span> <span class='ocrx_word' id='word_1_198' title='bbox 1197 2002 1497 2062; x_wconf 86' lang='lat' dir='ltr'><strong>comedit.</strong></span> <span class='ocrx_word' id='word_1_199' title='bbox 1543 2000 1828 2063; x_wconf 90' lang='lat' dir='ltr'><strong>Dicimus</strong></span> <span class='ocrx_word' id='word_1_200' title='bbox 1869 2001 2111 2080; x_wconf 87' lang='lat' dir='ltr'><strong>itaque,</strong></span> <span class='ocrx_word' id='word_1_201' title='bbox 2152 2002 2326 2083; x_wconf 88' lang='lat' dir='ltr'><strong>quod</strong></span> <span class='ocrx_word' id='word_1_202' title='bbox 2369 2005 2546 2082; x_wconf 76' lang='lat' dir='ltr'><strong>pr‘us</strong></span> <span class='ocrx_word' id='word_1_203' title='bbox 2582 2002 2810 2081; x_wconf 80' lang='lat' dir='ltr'><strong>pascha</strong></span> <span class='ocrx_word' id='word_1_204' title='bbox 2849 2004 3104 2086; x_wconf 80' lang='lat' dir='ltr'><strong>(legale)</strong></span> <span class='ocrx_word' id='word_1_205' title='bbox 3138 2012 3718 2089; x_wconf 50' lang='lat' dir='ltr'><strong>stans.comedet‘it</strong></span> <span class='ocrx_word' id='word_1_206' title='bbox 3758 2035 3774 2076; x_wconf 87' lang='lat'><strong>:</strong></span> 
     </span>
    </p>
   </div>
   <div class='ocr_carea' id='block_1_22' title="bbox 522 2095 3774 2182">
    <p class='ocr_par' dir='ltr' id='par_1_22' title="bbox 522 2095 3774 2182">
     <span class='ocr_line' id='line_1_22' title="bbox 522 2095 3774 2182; baseline 0.005 -24"><span class='ocrx_word' id='word_1_207' title='bbox 522 2095 758 2158; x_wconf 89' lang='lat' dir='ltr'><strong>deinde</strong></span> <span class='ocrx_word' id='word_1_208' title='bbox 781 2096 1161 2158; x_wconf 84' lang='lat' dir='ltr'><strong>recumbens</strong></span> <span class='ocrx_word' id='word_1_209' title='bbox 1204 2097 1463 2169; x_wconf 89' lang='lat' dir='ltr'><strong>tradidit</strong></span> <span class='ocrx_word' id='word_1_210' title='bbox 1499 2114 1690 2159; x_wconf 91' lang='lat' dir='ltr'><strong>suum</strong></span> <span class='ocrx_word' id='word_1_211' title='bbox 1731 2105 2220 2162; x_wconf 81' lang='lat' dir='ltr'><strong>sacramentum.</strong></span> <span class='ocrx_word' id='word_1_212' title='bbox 2260 2124 2288 2157; x_wconf 78' lang='grc' dir='ltr'><strong><em>ι</em></strong></span> <span class='ocrx_word' id='word_1_213' title='bbox 2323 2102 2602 2163; x_wconf 82' lang='lat' dir='ltr'><strong>Mentem</strong></span> <span class='ocrx_word' id='word_1_214' title='bbox 2644 2102 2772 2180; x_wconf 84' lang='lat' dir='ltr'><strong>jam</strong></span> <span class='ocrx_word' id='word_1_215' title='bbox 2810 2119 2989 2163; x_wconf 91' lang='lat' dir='ltr'><strong>suam</strong></span> <span class='ocrx_word' id='word_1_216' title='bbox 3027 2105 3230 2182; x_wconf 87' lang='lat' dir='ltr'><strong>aperit</strong></span> <span class='ocrx_word' id='word_1_217' title='bbox 3269 2125 3281 2166; x_wconf 90' lang='lat'>:</span> <span class='ocrx_word' id='word_1_218' title='bbox 3319 2109 3534 2172; x_wconf 88' lang='lat' dir='ltr'><strong>minus</strong></span> <span class='ocrx_word' id='word_1_219' title='bbox 3567 2119 3774 2175; x_wconf 89' lang='lat' dir='ltr'><strong>tamen</strong></span> 
     </span>
    </p>
   </div>
   <div class='ocr_carea' id='block_1_23' title="bbox 520 2190 3773 2278">
    <p class='ocr_par' dir='ltr' id='par_1_23' title="bbox 520 2190 3773 2278">
     <span class='ocr_line' id='line_1_23' title="bbox 520 2190 3773 2278; baseline 0.006 -25"><span class='ocrx_word' id='word_1_220' title='bbox 520 2207 591 2253; x_wconf 83' lang='lat' dir='ltr'><strong>se</strong></span> <span class='ocrx_word' id='word_1_221' title='bbox 627 2190 903 2270; x_wconf 84' lang='lat' dir='ltr'><strong>peritum</strong></span> <span class='ocrx_word' id='word_1_222' title='bbox 937 2192 1260 2270; x_wconf 66' lang='lat' dir='ltr'><strong>prashetin</strong></span> <span class='ocrx_word' id='word_1_223' title='bbox 1300 2194 1671 2255; x_wconf 63' lang='lat' dir='ltr'><strong>Iudaeorum</strong></span> <span class='ocrx_word' id='word_1_224' title='bbox 1707 2193 2018 2256; x_wconf 90' lang='lat' dir='ltr'><strong>moribus.</strong></span> <span class='ocrx_word' id='word_1_225' title='bbox 2056 2196 2340 2277; x_wconf 76' lang='lat' dir='ltr'><strong>Magistri</strong></span> <span class='ocrx_word' id='word_1_226' title='bbox 2403 2214 2626 2259; x_wconf 86' lang='lat' dir='ltr'><strong>eorum</strong></span> <span class='ocrx_word' id='word_1_227' title='bbox 2661 2200 2912 2271; x_wconf 82' lang='lat' dir='ltr'><strong>docent,</strong></span> <span class='ocrx_word' id='word_1_228' title='bbox 2949 2217 3184 2278; x_wconf 85' lang='lat' dir='ltr'><strong>agnum</strong></span> <span class='ocrx_word' id='word_1_229' title='bbox 3223 2221 3380 2266; x_wconf 89' lang='lat' dir='ltr'><strong>suos</strong></span> <span class='ocrx_word' id='word_1_230' title='bbox 3412 2207 3773 2271; x_wconf 88' lang='lat' dir='ltr'><strong>comedisse</strong></span> 
     </span>
    </p>
   </div>
   <div class='ocr_carea' id='block_1_24' title="bbox 518 2287 3770 2374">
    <p class='ocr_par' dir='ltr' id='par_1_24' title="bbox 518 2287 3770 2374">
     <span class='ocr_line' id='line_1_24' title="bbox 518 2287 3770 2374; baseline 0.006 -28"><span class='ocrx_word' id='word_1_231' title='bbox 518 2292 783 2357; x_wconf 88' lang='lat' dir='ltr'><strong>stantes,</strong></span> <span class='ocrx_word' id='word_1_232' title='bbox 816 2293 1051 2348; x_wconf 86' lang='lat' dir='ltr'><strong>etcum</strong></span> <span class='ocrx_word' id='word_1_233' title='bbox 1089 2287 1333 2351; x_wconf 86' lang='lat' dir='ltr'><strong>baculis</strong></span> <span class='ocrx_word' id='word_1_234' title='bbox 1370 2301 1500 2367; x_wconf 71' lang='lat' dir='ltr'><strong>pres</strong></span> <span class='ocrx_word' id='word_1_235' title='bbox 1545 2291 1844 2353; x_wconf 84' lang='lat' dir='ltr'><strong>manibus</strong></span> <span class='ocrx_word' id='word_1_236' title='bbox 1876 2307 1950 2352; x_wconf 90' lang='lat' dir='ltr'><strong>ea</strong></span> <span class='ocrx_word' id='word_1_237' title='bbox 1993 2298 2177 2352; x_wconf 88' lang='lat' dir='ltr'><strong>nocte</strong></span> <span class='ocrx_word' id='word_1_238' title='bbox 2231 2309 2357 2370; x_wconf 89' lang='lat' dir='ltr'><strong>qua</strong></span> <span class='ocrx_word' id='word_1_239' title='bbox 2403 2309 2481 2353; x_wconf 82' lang='lat' dir='ltr'><strong>ex</strong></span> <span class='ocrx_word' id='word_1_240' title='bbox 2527 2293 2804 2372; x_wconf 74' lang='lat' dir='ltr'><strong>Egypto</strong></span> <span class='ocrx_word' id='word_1_241' title='bbox 2862 2295 3208 2370; x_wconf 83' lang='lat' dir='ltr'><strong>proiecturi</strong></span> <span class='ocrx_word' id='word_1_242' title='bbox 3249 2308 3467 2374; x_wconf 87' lang='lat' dir='ltr'><strong>erant;</strong></span> <span class='ocrx_word' id='word_1_243' title='bbox 3503 2303 3770 2367; x_wconf 87' lang='lat' dir='ltr'><strong>minime</strong></span> 
     </span>
    </p>
   </div>
   <div class='ocr_carea' id='block_1_25' title="bbox 519 2381 3768 2478">
    <p class='ocr_par' dir='ltr' id='par_1_25' title="bbox 519 2381 3768 2478">
     <span class='ocr_line' id='line_1_25' title="bbox 519 2381 3768 2478; baseline 0.007 -37"><span class='ocrx_word' id='word_1_244' title='bbox 519 2397 673 2443; x_wconf 87' lang='lat' dir='ltr'><strong>vero</strong></span> <span class='ocrx_word' id='word_1_245' title='bbox 730 2381 1094 2444; x_wconf 88' lang='lat' dir='ltr'><strong>suhsecutis</strong></span> <span class='ocrx_word' id='word_1_246' title='bbox 1126 2386 1526 2464; x_wconf 89' lang='lat' dir='ltr'><strong>temporibus</strong></span> <span class='ocrx_word' id='word_1_247' title='bbox 1579 2386 1742 2447; x_wconf 83' lang='lat' dir='ltr'><strong>ritus</strong></span> <span class='ocrx_word' id='word_1_248' title='bbox 1773 2401 1885 2448; x_wconf 90' lang='lat' dir='ltr'><strong>eos</strong></span> <span class='ocrx_word' id='word_1_249' title='bbox 1934 2386 2261 2449; x_wconf 88' lang='lat' dir='ltr'><strong>observari</strong></span> <span class='ocrx_word' id='word_1_250' title='bbox 2302 2388 2632 2464; x_wconf 88' lang='lat' dir='ltr'><strong>debuisse,</strong></span> <span class='ocrx_word' id='word_1_251' title='bbox 2667 2407 2881 2470; x_wconf 88' lang='lat' dir='ltr'><strong>neque</strong></span> <span class='ocrx_word' id='word_1_252' title='bbox 2938 2395 3156 2474; x_wconf 77' lang='lat' dir='ltr'><strong>peragi</strong></span> <span class='ocrx_word' id='word_1_253' title='bbox 3218 2394 3568 2478; x_wconf 86' lang='lat' dir='ltr'><strong>hodieque.</strong></span> <span class='ocrx_word' id='word_1_254' title='bbox 3608 2400 3768 2464; x_wconf 82' lang='lat' dir='ltr'><strong>Vide</strong></span> 
     </span>
    </p>
   </div>
   <div class='ocr_carea' id='block_1_26' title="bbox 519 2477 3772 2572">
    <p class='ocr_par' dir='ltr' id='par_1_26' title="bbox 519 2477 3772 2572">
     <span class='ocr_line' id='line_1_26' title="bbox 519 2477 3772 2572; baseline 0.006 -33"><span class='ocrx_word' id='word_1_255' title='bbox 519 2477 794 2540; x_wconf 81' lang='lat' dir='ltr'><strong>Leonem</strong></span> <span class='ocrx_word' id='word_1_256' title='bbox 835 2477 1266 2542; x_wconf 80' lang='lat' dir='ltr'><strong>Mutinensem</strong></span> <span class='ocrx_word' id='word_1_257' title='bbox 1319 2490 1493 2572; x_wconf 88' lang='lat' dir='ltr'><strong>parte</strong></span> <span class='ocrx_word' id='word_1_258' title='bbox 1537 2500 1604 2543; x_wconf 85' lang='lat' dir='ltr'><strong>m</strong></span> <span class='ocrx_word' id='word_1_259' title='bbox 1659 2483 1747 2543; x_wconf 85' lang='lat' dir='ltr'><strong>De</strong></span> <span class='ocrx_word' id='word_1_260' title='bbox 1778 2485 2010 2546; x_wconf 79' lang='lat' dir='ltr'><strong>ritibus</strong></span> <span class='ocrx_word' id='word_1_261' title='bbox 2071 2482 2505 2559; x_wconf 78' lang='lat' dir='ltr'><strong>Hebmorum,</strong></span> <span class='ocrx_word' id='word_1_262' title='bbox 2557 2486 2954 2550; x_wconf 76' lang='lat' dir='ltr'><strong>antortium</strong></span> <span class='ocrx_word' id='word_1_263' title='bbox 2995 2490 3061 2550; x_wconf 90' lang='lat' dir='ltr'><strong>in</strong></span> <span class='ocrx_word' id='word_1_264' title='bbox 3109 2477 3451 2572; x_wconf 10' lang='lat' dir='ltr'><strong>Synagogaﬁ</strong></span> <span class='ocrx_word' id='word_1_265' title='bbox 3493 2493 3772 2558; x_wconf 73' lang='lat' dir='ltr'><strong>Iudaica</strong></span> 
     </span>
    </p>
   </div>
   <div class='ocr_carea' id='block_1_27' title="bbox 518 2570 3768 2672">
    <p class='ocr_par' dir='ltr' id='par_1_27' title="bbox 518 2570 3768 2672">
     <span class='ocr_line' id='line_1_27' title="bbox 518 2570 3768 2672; baseline 0.007 -37"><span class='ocrx_word' id='word_1_266' title='bbox 518 2575 720 2654; x_wconf 84' lang='lat' dir='ltr'><strong>capite</strong></span> <span class='ocrx_word' id='word_1_267' title='bbox 751 2575 850 2650; x_wconf 88' lang='grc'><strong>18,</strong></span> <span class='ocrx_word' id='word_1_268' title='bbox 892 2577 1251 2638; x_wconf 90' lang='lat' dir='ltr'><strong>Simonium</strong></span> <span class='ocrx_word' id='word_1_269' title='bbox 1290 2579 1355 2639; x_wconf 88' lang='lat' dir='ltr'><strong>in</strong></span> <span class='ocrx_word' id='word_1_270' title='bbox 1387 2570 1680 2641; x_wconf 72' lang='lat' dir='ltr'><strong>Historia</strong></span> <span class='ocrx_word' id='word_1_271' title='bbox 1709 2581 1936 2642; x_wconf 83' lang='lat' dir='ltr'><strong>critica</strong></span> <span class='ocrx_word' id='word_1_272' title='bbox 1974 2582 2054 2644; x_wconf 90' lang='grc' dir='ltr'><strong>Ν.</strong></span> <span class='ocrx_word' id='word_1_273' title='bbox 2092 2582 2157 2642; x_wconf 85' lang='lat' dir='ltr'><strong>T.</strong></span> <span class='ocrx_word' id='word_1_274' title='bbox 2197 2591 2370 2645; x_wconf 91' lang='lat' dir='ltr'><strong>tomo</strong></span> <span class='ocrx_word' id='word_1_275' title='bbox 2407 2584 2511 2657; x_wconf 84' lang='lat' dir='ltr'><strong>IV,</strong></span> <span class='ocrx_word' id='word_1_276' title='bbox 2547 2585 2748 2662; x_wconf 80' lang='lat' dir='ltr'><strong>capite</strong></span> <span class='ocrx_word' id='word_1_277' title='bbox 2781 2585 2882 2660; x_wconf 71' lang='lat'><strong>28,</strong></span> <span class='ocrx_word' id='word_1_278' title='bbox 2915 2601 3055 2668; x_wconf 82' lang='lat' dir='ltr'><strong>pag.</strong></span> <span class='ocrx_word' id='word_1_279' title='bbox 3087 2587 3232 2663; x_wconf 86' lang='lat'><strong>398,</strong></span> <span class='ocrx_word' id='word_1_280' title='bbox 3269 2597 3329 2650; x_wconf 90' lang='lat' dir='ltr'><strong>et</strong></span> <span class='ocrx_word' id='word_1_281' title='bbox 3367 2570 3768 2672; x_wconf 64' lang='lat' dir='ltr'><strong>Loquienum</strong></span> 
     </span>
    </p>
   </div>
   <div class='ocr_carea' id='block_1_28' title="bbox 519 2672 2180 2748">
    <p class='ocr_par' dir='ltr' id='par_1_28' title="bbox 519 2672 2180 2748">
     <span class='ocr_line' id='line_1_28' title="bbox 519 2672 2180 2748; baseline 0.004 -15"><span class='ocrx_word' id='word_1_282' title='bbox 519 2672 979 2738; x_wconf 87' lang='lat' dir='ltr'><strong>Dissertatione</strong></span> <span class='ocrx_word' id='word_1_283' title='bbox 1007 2693 1069 2734; x_wconf 83' lang='lat' dir='ltr'><strong>vi</strong></span> <span class='ocrx_word' id='word_1_284' title='bbox 1098 2677 1570 2746; x_wconf 87' lang='lat' dir='ltr'><strong>Damascenica,</strong></span> <span class='ocrx_word' id='word_1_285' title='bbox 1600 2694 1783 2748; x_wconf 86' lang='lat' dir='ltr'><strong>num.</strong></span> <span class='ocrx_word' id='word_1_286' title='bbox 1817 2678 2180 2740; x_wconf 79' lang='lat' dir='ltr'><strong>XXXVIII.</strong></span> 
     </span>
    </p>
   </div>
   <div class='ocr_carea' id='block_1_29' title="bbox 596 2771 3770 2858">
    <p class='ocr_par' dir='ltr' id='par_1_29' title="bbox 596 2771 3770 2858">
     <span class='ocr_line' id='line_1_29' title="bbox 596 2771 3770 2858; baseline 0.006 -26"><span class='ocrx_word' id='word_1_287' title='bbox 596 2771 689 2832; x_wconf 81' lang='lat' dir='ltr'><strong>Ad</strong></span> <span class='ocrx_word' id='word_1_288' title='bbox 720 2787 967 2833; x_wconf 87' lang='lat' dir='ltr'><strong>comma</strong></span> <span class='ocrx_word' id='word_1_289' title='bbox 1025 2775 1098 2834; x_wconf 79' lang='lat' dir='ltr'><strong>t7</strong></span> <span class='ocrx_word' id='word_1_290' title='bbox 1141 2774 1514 2850; x_wconf 67' lang='lat' dir='ltr'><strong>praecedens</strong></span> <span class='ocrx_word' id='word_1_291' title='bbox 1553 2774 1687 2836; x_wconf 69' lang='lat' dir='ltr'><strong>hoc</strong></span> <span class='ocrx_word' id='word_1_292' title='bbox 1745 2781 1898 2840; x_wconf 89' lang='lat' dir='ltr'><strong>sunt</strong></span> <span class='ocrx_word' id='word_1_293' title='bbox 1936 2774 2450 2838; x_wconf 75' lang='lat' dir='ltr'><strong>luculentissima</strong></span> <span class='ocrx_word' id='word_1_294' title='bbox 2497 2776 2964 2858; x_wconf 83' lang='lat' dir='ltr'><strong>TheOphylacti</strong></span> <span class='ocrx_word' id='word_1_295' title='bbox 3004 2780 3196 2846; x_wconf 90' lang='lat' dir='ltr'><strong>verba</strong></span> <span class='ocrx_word' id='word_1_296' title='bbox 3248 2781 3317 2847; x_wconf 87' lang='lat' dir='ltr'><strong>in</strong></span> <span class='ocrx_word' id='word_1_297' title='bbox 3349 2783 3580 2851; x_wconf 83' lang='lat' dir='ltr'><strong>Latina</strong></span> <span class='ocrx_word' id='word_1_298' title='bbox 3628 2805 3770 2853; x_wconf 84' lang='lat' dir='ltr'><strong>ver-</strong></span> 
     </span>
    </p>
   </div>
   <div class='ocr_carea' id='block_1_30' title="bbox 514 2865 3772 2966">
    <p class='ocr_par' dir='ltr' id='par_1_30' title="bbox 514 2865 3772 2966">
     <span class='ocr_line' id='line_1_30' title="bbox 514 2865 3772 2966; baseline 0.006 -39"><span class='ocrx_word' id='word_1_299' title='bbox 514 2865 722 2939; x_wconf 84' lang='lat' dir='ltr'><strong>sione,</strong></span> <span class='ocrx_word' id='word_1_300' title='bbox 760 2885 950 2947; x_wconf 87' lang='lat' dir='ltr'><strong>quam</strong></span> <span class='ocrx_word' id='word_1_301' title='bbox 993 2885 1114 2931; x_wconf 88' lang='lat' dir='ltr'><strong>suo</strong></span> <span class='ocrx_word' id='word_1_302' title='bbox 1149 2886 1229 2932; x_wconf 76' lang='lat' dir='ltr'><strong>ex</strong></span> <span class='ocrx_word' id='word_1_303' title='bbox 1260 2871 1479 2933; x_wconf 89' lang='lat' dir='ltr'><strong>codice</strong></span> <span class='ocrx_word' id='word_1_304' title='bbox 1549 2872 1768 2935; x_wconf 72' lang='lat' dir='ltr'><strong>Grmco</strong></span> <span class='ocrx_word' id='word_1_305' title='bbox 1812 2871 2230 2935; x_wconf 88' lang='lat' dir='ltr'><strong>concinnabat</strong></span> <span class='ocrx_word' id='word_1_306' title='bbox 2270 2871 2818 2952; x_wconf 85' lang='lat' dir='ltr'><strong>OEcolampadius</strong></span> <span class='ocrx_word' id='word_1_307' title='bbox 2855 2897 2869 2937; x_wconf 89' lang='lat'><strong>:</strong></span> <span class='ocrx_word' id='word_1_308' title='bbox 2906 2901 2935 2934; x_wconf 71' lang='grc' dir='ltr'>ι</span> <span class='ocrx_word' id='word_1_309' title='bbox 2969 2878 3186 2940; x_wconf 86' lang='lat' dir='ltr'><strong>Prima</strong></span> <span class='ocrx_word' id='word_1_310' title='bbox 3225 2887 3432 2944; x_wconf 79' lang='lat' dir='ltr'><strong>autem</strong></span> <span class='ocrx_word' id='word_1_311' title='bbox 3462 2881 3568 2946; x_wconf 86' lang='lat' dir='ltr'><strong>die</strong></span> <span class='ocrx_word' id='word_1_312' title='bbox 3611 2886 3772 2966; x_wconf 74' lang='lat' dir='ltr'><strong>Asy-</strong></span> 
     </span>
    </p>
   </div>
   <div class='ocr_carea' id='block_1_31' title="bbox 511 2964 3763 3064">
    <p class='ocr_par' dir='ltr' id='par_1_31' title="bbox 511 2964 3763 3064">
     <span class='ocr_line' id='line_1_31' title="bbox 511 2964 3763 3064; baseline 0.008 -42"><span class='ocrx_word' id='word_1_313' title='bbox 511 2980 754 3023; x_wconf 82' lang='lat' dir='ltr'><strong>morum</strong></span> <span class='ocrx_word' id='word_1_314' title='bbox 795 2978 1188 3027; x_wconf 85' lang='lat' dir='ltr'><strong>accesserunt</strong></span> <span class='ocrx_word' id='word_1_315' title='bbox 1219 2964 1548 3046; x_wconf 76' lang='lat' dir='ltr'><strong>discipuli.</strong></span> <span class='ocrx_word' id='word_1_316' title='bbox 1588 2968 1860 3031; x_wconf 90' lang='lat' dir='ltr'><strong>Primam</strong></span> <span class='ocrx_word' id='word_1_317' title='bbox 1904 2971 2295 3048; x_wconf 78' lang='lat' dir='ltr'><strong>Azymorum</strong></span> <span class='ocrx_word' id='word_1_318' title='bbox 2329 2967 2502 3030; x_wconf 88' lang='lat' dir='ltr'><strong>diem</strong></span> <span class='ocrx_word' id='word_1_319' title='bbox 2541 2978 2738 3045; x_wconf 90' lang='lat' dir='ltr'><strong>vocat,</strong></span> <span class='ocrx_word' id='word_1_320' title='bbox 2771 2988 2917 3051; x_wconf 65' lang='lat' dir='ltr'><strong>qua;</strong></span> <span class='ocrx_word' id='word_1_321' title='bbox 2965 2974 3132 3037; x_wconf 88' lang='lat' dir='ltr'><strong>diem</strong></span> <span class='ocrx_word' id='word_1_322' title='bbox 3184 2978 3576 3057; x_wconf 82' lang='lat' dir='ltr'><strong>Azymorum</strong></span> <span class='ocrx_word' id='word_1_323' title='bbox 3612 2964 3763 3064; x_wconf 53' lang='lat' dir='ltr'><strong>prm-</strong></span> 
     </span>
    </p>
   </div>
   <div class='ocr_carea' id='block_1_32' title="bbox 511 3059 3760 3155">
    <p class='ocr_par' dir='ltr' id='par_1_32' title="bbox 511 3059 3760 3155">
     <span class='ocr_line' id='line_1_32' title="bbox 511 3059 3760 3155; baseline 0.008 -35"><span class='ocrx_word' id='word_1_324' title='bbox 511 3059 697 3122; x_wconf 90' lang='lat' dir='ltr'><strong>cedit.</strong></span> <span class='ocrx_word' id='word_1_325' title='bbox 731 3061 806 3122; x_wconf 91' lang='lat' dir='ltr'><strong>Ut</strong></span> <span class='ocrx_word' id='word_1_326' title='bbox 836 3062 930 3124; x_wconf 88' lang='lat' dir='ltr'><strong>sic</strong></span> <span class='ocrx_word' id='word_1_327' title='bbox 957 3063 1164 3125; x_wconf 91' lang='lat' dir='ltr'><strong>dicam</strong></span> <span class='ocrx_word' id='word_1_328' title='bbox 1195 3085 1211 3125; x_wconf 85' lang='lat'><strong>:</strong></span> <span class='ocrx_word' id='word_1_329' title='bbox 1241 3064 1481 3155; x_wconf 87' lang='lat' dir='ltr'><strong>Quinta</strong></span> <span class='ocrx_word' id='word_1_330' title='bbox 1505 3064 2135 3130; x_wconf 69' lang='lat' dir='ltr'><strong>feria&#39;manducaturi</strong></span> <span class='ocrx_word' id='word_1_331' title='bbox 2167 3072 2346 3128; x_wconf 90' lang='lat' dir='ltr'><strong>erant</strong></span> <span class='ocrx_word' id='word_1_332' title='bbox 2379 3065 2634 3144; x_wconf 90' lang='lat' dir='ltr'><strong>pascha,</strong></span> <span class='ocrx_word' id='word_1_333' title='bbox 2667 3078 2806 3146; x_wconf 90' lang='lat' dir='ltr'><strong>post</strong></span> <span class='ocrx_word' id='word_1_334' title='bbox 2834 3087 3024 3150; x_wconf 88' lang='lat' dir='ltr'><strong>quam</strong></span> <span class='ocrx_word' id='word_1_335' title='bbox 3059 3074 3370 3155; x_wconf 76' lang='lat' dir='ltr'><strong>sequitur’</strong></span> <span class='ocrx_word' id='word_1_336' title='bbox 3388 3059 3760 3147; x_wconf 76' lang='lat' dir='ltr'><strong>Parasceve.</strong></span> 
     </span>
    </p>
   </div>
   <div class='ocr_carea' id='block_1_33' title="bbox 508 3153 3766 3251">
    <p class='ocr_par' dir='ltr' id='par_1_33' title="bbox 508 3153 3766 3251">
     <span class='ocr_line' id='line_1_33' title="bbox 508 3153 3766 3251; baseline 0.008 -35"><span class='ocrx_word' id='word_1_337' title='bbox 508 3156 714 3218; x_wconf 86' lang='lat' dir='ltr'><strong>Prima</strong></span> <span class='ocrx_word' id='word_1_338' title='bbox 745 3160 1134 3235; x_wconf 80' lang='lat' dir='ltr'><strong>Azymorum</strong></span> <span class='ocrx_word' id='word_1_339' title='bbox 1169 3153 1512 3224; x_wconf 83' lang='lat' dir='ltr'><strong>vocabatur</strong></span> <span class='ocrx_word' id='word_1_340' title='bbox 1541 3163 1606 3222; x_wconf 91' lang='lat' dir='ltr'><strong>in</strong></span> <span class='ocrx_word' id='word_1_341' title='bbox 1641 3162 1805 3242; x_wconf 89' lang='lat' dir='ltr'><strong>lege,</strong></span> <span class='ocrx_word' id='word_1_342' title='bbox 1838 3178 1916 3225; x_wconf 90' lang='lat' dir='ltr'><strong>eo</strong></span> <span class='ocrx_word' id='word_1_343' title='bbox 1944 3162 2117 3242; x_wconf 88' lang='lat' dir='ltr'><strong>quod</strong></span> <span class='ocrx_word' id='word_1_344' title='bbox 2145 3160 2380 3222; x_wconf 83' lang='lat' dir='ltr'><strong>festum</strong></span> <span class='ocrx_word' id='word_1_345' title='bbox 2412 3162 2761 3241; x_wconf 88' lang='lat' dir='ltr'><strong>incipiebat</strong></span> <span class='ocrx_word' id='word_1_346' title='bbox 2793 3182 2825 3227; x_wconf 91' lang='lat' dir='ltr'><strong>a</strong></span> <span class='ocrx_word' id='word_1_347' title='bbox 2862 3153 3304 3251; x_wconf 26' lang='lat' dir='ltr'><strong>vespera,vqua</strong></span> <span class='ocrx_word' id='word_1_348' title='bbox 3337 3178 3766 3244; x_wconf 81' lang='lat' dir='ltr'><strong>vescebantur</strong></span> 
     </span>
    </p>
   </div>
   <div class='ocr_carea' id='block_1_34' title="bbox 507 3253 3765 3354">
    <p class='ocr_par' dir='ltr' id='par_1_34' title="bbox 507 3253 3765 3354">
     <span class='ocr_line' id='line_1_34' title="bbox 507 3253 3765 3354; baseline 0.008 -41"><span class='ocrx_word' id='word_1_349' title='bbox 507 3253 775 3332; x_wconf 83' lang='lat' dir='ltr'><strong>azymis.</strong></span> <span class='ocrx_word' id='word_1_350' title='bbox 839 3256 1156 3318; x_wconf 88' lang='lat' dir='ltr'><strong>Dominus</strong></span> <span class='ocrx_word' id='word_1_351' title='bbox 1211 3258 1411 3337; x_wconf 88' lang='lat' dir='ltr'><strong>igitur</strong></span> <span class='ocrx_word' id='word_1_352' title='bbox 1477 3259 1671 3321; x_wconf 85' lang='lat' dir='ltr'><strong>mittit</strong></span> <span class='ocrx_word' id='word_1_353' title='bbox 1726 3259 2088 3338; x_wconf 76' lang='lat' dir='ltr'><strong>discipulos</strong></span> <span class='ocrx_word' id='word_1_354' title='bbox 2132 3258 2383 3338; x_wconf 86' lang='lat' dir='ltr'><strong>quinta,</strong></span> <span class='ocrx_word' id='word_1_355' title='bbox 2423 3275 2616 3339; x_wconf 90' lang='lat' dir='ltr'><strong>quam</strong></span> <span class='ocrx_word' id='word_1_356' title='bbox 2670 3263 2958 3325; x_wconf 88' lang='lat' dir='ltr'><strong>nominat</strong></span> <span class='ocrx_word' id='word_1_357' title='bbox 3015 3269 3433 3347; x_wconf 84' lang='lat' dir='ltr'><strong>evangelista,</strong></span> <span class='ocrx_word' id='word_1_358' title='bbox 3488 3276 3765 3354; x_wconf 78' lang='lat' dir='ltr'><strong>primam</strong></span> 
     </span>
    </p>
   </div>
   <div class='ocr_carea' id='block_1_35' title="bbox 501 3347 3762 3449">
    <p class='ocr_par' dir='ltr' id='par_1_35' title="bbox 501 3347 3762 3449">
     <span class='ocr_line' id='line_1_35' title="bbox 501 3347 3762 3449; baseline 0.008 -38"><span class='ocrx_word' id='word_1_359' title='bbox 501 3347 881 3427; x_wconf 63' lang='lat' dir='ltr'><strong>bymarum</strong></span> <span class='ocrx_word' id='word_1_360' title='bbox 910 3372 930 3412; x_wconf 92' lang='lat'><strong><em>:</em></strong></span> <span class='ocrx_word' id='word_1_361' title='bbox 954 3355 1106 3431; x_wconf 85' lang='lat' dir='ltr'><strong>quia</strong></span> <span class='ocrx_word' id='word_1_362' title='bbox 1148 3354 1348 3433; x_wconf 85' lang='lat' dir='ltr'><strong>prima</strong></span> <span class='ocrx_word' id='word_1_363' title='bbox 1382 3370 1646 3434; x_wconf 89' lang='lat' dir='ltr'><strong>vespera</strong></span> <span class='ocrx_word' id='word_1_364' title='bbox 1673 3362 1805 3420; x_wconf 88' lang='lat' dir='ltr'><strong>erat</strong></span> <span class='ocrx_word' id='word_1_365' title='bbox 1847 3354 1952 3434; x_wconf 79' lang='lat' dir='ltr'><strong>(at.</strong></span> <span class='ocrx_word' id='word_1_366' title='bbox 1987 3362 2132 3417; x_wconf 87' lang='lat' dir='ltr'><strong>ante</strong></span> <span class='ocrx_word' id='word_1_367' title='bbox 2165 3357 2433 3434; x_wconf 91' lang='lat' dir='ltr'><strong>primam</strong></span> <span class='ocrx_word' id='word_1_368' title='bbox 2470 3374 2800 3434; x_wconf 88' lang='lat' dir='ltr'><strong>vesperam</strong></span> <span class='ocrx_word' id='word_1_369' title='bbox 2837 3365 2990 3440; x_wconf 86' lang='lat' dir='ltr'><strong>erat)</strong></span> <span class='ocrx_word' id='word_1_370' title='bbox 3023 3381 3149 3442; x_wconf 90' lang='lat' dir='ltr'><strong>qua</strong></span> <span class='ocrx_word' id='word_1_371' title='bbox 3193 3347 3511 3449; x_wconf 57' lang='lat' dir='ltr'><strong>(vespera)</strong></span> <span class='ocrx_word' id='word_1_372' title='bbox 3543 3388 3762 3436; x_wconf 82' lang='lat' dir='ltr'><strong>come—</strong></span> 
     </span>
    </p>
   </div>
   <div class='ocr_carea' id='block_1_36' title="bbox 505 3446 3758 3535">
    <p class='ocr_par' dir='ltr' id='par_1_36' title="bbox 505 3446 3758 3535">
     <span class='ocr_line' id='line_1_36' title="bbox 505 3446 3758 3535; baseline 0.007 -30"><span class='ocrx_word' id='word_1_373' title='bbox 505 3446 737 3507; x_wconf 88' lang='lat' dir='ltr'><strong>debant</strong></span> <span class='ocrx_word' id='word_1_374' title='bbox 785 3459 1110 3525; x_wconf 62' lang='lat' dir='ltr'><strong>azyma...</strong></span> <span class='ocrx_word' id='word_1_375' title='bbox 1175 3451 1396 3513; x_wconf 86' lang='lat' dir='ltr'><strong>Voluit</strong></span> <span class='ocrx_word' id='word_1_376' title='bbox 1448 3460 1663 3514; x_wconf 91' lang='lat' dir='ltr'><strong>autem</strong></span> <span class='ocrx_word' id='word_1_377' title='bbox 1724 3453 1957 3530; x_wconf 88' lang='lat' dir='ltr'><strong>pascha</strong></span> <span class='ocrx_word' id='word_1_378' title='bbox 2003 3452 2329 3530; x_wconf 82' lang='lat' dir='ltr'><strong>perﬁcere,</strong></span> <span class='ocrx_word' id='word_1_379' title='bbox 2389 3470 2468 3516; x_wconf 90' lang='lat' dir='ltr'><strong>ne</strong></span> <span class='ocrx_word' id='word_1_380' title='bbox 2523 3452 2643 3533; x_wconf 84' lang='lat' dir='ltr'><strong>legi</strong></span> <span class='ocrx_word' id='word_1_381' title='bbox 2721 3459 3088 3521; x_wconf 90' lang='lat' dir='ltr'><strong>contrarius</strong></span> <span class='ocrx_word' id='word_1_382' title='bbox 3131 3479 3276 3523; x_wconf 88' lang='lat' dir='ltr'><strong>esse</strong></span> <span class='ocrx_word' id='word_1_383' title='bbox 3335 3446 3694 3535; x_wconf 83' lang='lat' dir='ltr'><strong>videretur.</strong></span> <span class='ocrx_word' id='word_1_384' title='bbox 3729 3493 3758 3529; x_wconf 71' lang='grc' dir='ltr'>ι</span> 
     </span>
    </p>
   </div>
   <div class='ocr_carea' id='block_1_37' title="bbox 504 3543 3752 3638">
    <p class='ocr_par' dir='ltr' id='par_1_37' title="bbox 504 3543 3752 3638">
     <span class='ocr_line' id='line_1_37' title="bbox 504 3543 3752 3638; baseline 0.007 -36"><span class='ocrx_word' id='word_1_385' title='bbox 504 3543 686 3604; x_wconf 89' lang='lat' dir='ltr'><strong>Paria</strong></span> <span class='ocrx_word' id='word_1_386' title='bbox 749 3552 901 3606; x_wconf 88' lang='lat' dir='ltr'><strong>sunt</strong></span> <span class='ocrx_word' id='word_1_387' title='bbox 940 3563 1084 3625; x_wconf 62' lang='lat' dir='ltr'><strong>quas</strong></span> <span class='ocrx_word' id='word_1_388' title='bbox 1144 3549 1329 3611; x_wconf 88' lang='lat' dir='ltr'><strong>docet</strong></span> <span class='ocrx_word' id='word_1_389' title='bbox 1387 3549 1464 3611; x_wconf 92' lang='lat' dir='ltr'><strong>ad</strong></span> <span class='ocrx_word' id='word_1_390' title='bbox 1527 3559 1716 3630; x_wconf 88' lang='lat' dir='ltr'><strong>caput</strong></span> <span class='ocrx_word' id='word_1_391' title='bbox 1772 3570 1916 3614; x_wconf 77' lang='lat' dir='ltr'><strong>uti</strong></span> <span class='ocrx_word' id='word_1_392' title='bbox 1975 3553 2182 3622; x_wconf 66' lang='lat' dir='ltr'><strong>Lucra,</strong></span> <span class='ocrx_word' id='word_1_393' title='bbox 2251 3567 2310 3610; x_wconf 89' lang='lat' dir='ltr'><strong>v.</strong></span> <span class='ocrx_word' id='word_1_394' title='bbox 2382 3552 2420 3609; x_wconf 89' lang='lat'><strong>7</strong></span> <span class='ocrx_word' id='word_1_395' title='bbox 2502 3572 2515 3611; x_wconf 87' lang='lat'><strong>:</strong></span> <span class='ocrx_word' id='word_1_396' title='bbox 2581 3572 2610 3605; x_wconf 73' lang='grc' dir='ltr'>ι</span> <span class='ocrx_word' id='word_1_397' title='bbox 2689 3552 2862 3613; x_wconf 76' lang='lat' dir='ltr'><strong>Venit</strong></span> <span class='ocrx_word' id='word_1_398' title='bbox 2910 3563 3118 3614; x_wconf 86' lang='lat' dir='ltr'><strong>autem</strong></span> <span class='ocrx_word' id='word_1_399' title='bbox 3166 3554 3299 3618; x_wconf 85' lang='lat' dir='ltr'><strong>dies</strong></span> <span class='ocrx_word' id='word_1_400' title='bbox 3343 3558 3752 3638; x_wconf 77' lang='lat' dir='ltr'><strong>Azymorum.</strong></span> 
     </span>
    </p>
   </div>
   <div class='ocr_carea' id='block_1_38' title="bbox 502 3638 3756 3734">
    <p class='ocr_par' dir='ltr' id='par_1_38' title="bbox 502 3638 3756 3734">
     <span class='ocr_line' id='line_1_38' title="bbox 502 3638 3756 3734; baseline 0.008 -35"><span class='ocrx_word' id='word_1_401' title='bbox 502 3638 685 3700; x_wconf 86' lang='lat' dir='ltr'><strong>Nunc</strong></span> <span class='ocrx_word' id='word_1_402' title='bbox 722 3646 933 3702; x_wconf 87' lang='lat' dir='ltr'><strong>autem</strong></span> <span class='ocrx_word' id='word_1_403' title='bbox 985 3659 1180 3722; x_wconf 88' lang='lat' dir='ltr'><strong>quem</strong></span> <span class='ocrx_word' id='word_1_404' title='bbox 1217 3644 1398 3707; x_wconf 92' lang='lat' dir='ltr'><strong>nobis</strong></span> <span class='ocrx_word' id='word_1_405' title='bbox 1434 3645 1601 3708; x_wconf 89' lang='lat' dir='ltr'><strong>dicat</strong></span> <span class='ocrx_word' id='word_1_406' title='bbox 1650 3646 1814 3708; x_wconf 85' lang='lat' dir='ltr'><strong>diem</strong></span> <span class='ocrx_word' id='word_1_407' title='bbox 1841 3647 2244 3725; x_wconf 77' lang='lat' dir='ltr'><strong>Asymorum,</strong></span> <span class='ocrx_word' id='word_1_408' title='bbox 2281 3645 2655 3708; x_wconf 86' lang='lat' dir='ltr'><strong>dicendum.</strong></span> <span class='ocrx_word' id='word_1_409' title='bbox 2716 3648 2896 3710; x_wconf 90' lang='lat' dir='ltr'><strong>Diem</strong></span> <span class='ocrx_word' id='word_1_410' title='bbox 2937 3651 3133 3729; x_wconf 87' lang='lat' dir='ltr'><strong>igitur</strong></span> <span class='ocrx_word' id='word_1_411' title='bbox 3166 3653 3561 3734; x_wconf 77' lang='lat' dir='ltr'><strong>Azymorum</strong></span> <span class='ocrx_word' id='word_1_412' title='bbox 3603 3660 3756 3724; x_wconf 89' lang='lat' dir='ltr'><strong>dicit</strong></span> 
     </span>
    </p>
   </div>
   <div class='ocr_carea' id='block_1_39' title="bbox 501 3733 3757 3837">
    <p class='ocr_par' dir='ltr' id='par_1_39' title="bbox 501 3733 3757 3837">
     <span class='ocr_line' id='line_1_39' title="bbox 501 3733 3757 3837; baseline 0.008 -43"><span class='ocrx_word' id='word_1_413' title='bbox 501 3733 799 3811; x_wconf 85' lang='lat' dir='ltr'><strong>quintum</strong></span> <span class='ocrx_word' id='word_1_414' title='bbox 845 3758 861 3797; x_wconf 87' lang='lat'><strong>:</strong></span> <span class='ocrx_word' id='word_1_415' title='bbox 912 3739 990 3799; x_wconf 91' lang='lat' dir='ltr'><strong>ad</strong></span> <span class='ocrx_word' id='word_1_416' title='bbox 1049 3739 1237 3818; x_wconf 85' lang='lat' dir='ltr'><strong>cujus</strong></span> <span class='ocrx_word' id='word_1_417' title='bbox 1294 3756 1624 3818; x_wconf 86' lang='lat' dir='ltr'><strong>vesperam</strong></span> <span class='ocrx_word' id='word_1_418' title='bbox 1677 3743 1909 3821; x_wconf 85' lang='lat' dir='ltr'><strong>pascha</strong></span> <span class='ocrx_word' id='word_1_419' title='bbox 1975 3739 2440 3837; x_wconf 84' lang='lat' dir='ltr'><strong>immolandum</strong></span> <span class='ocrx_word' id='word_1_420' title='bbox 2491 3752 2610 3803; x_wconf 89' lang='lat' dir='ltr'><strong>est.</strong></span> <span class='ocrx_word' id='word_1_421' title='bbox 2671 3744 2876 3824; x_wconf 83' lang='lat' dir='ltr'><strong>Igitur</strong></span> <span class='ocrx_word' id='word_1_422' title='bbox 2935 3733 3468 3819; x_wconf 78' lang='lat' dir='ltr'><strong>Dominusforte</strong></span> <span class='ocrx_word' id='word_1_423' title='bbox 3526 3758 3757 3837; x_wconf 88' lang='lat' dir='ltr'><strong>quinto</strong></span> 
     </span>
    </p>
   </div>
   <div class='ocr_carea' id='block_1_40' title="bbox 502 3827 3759 3922">
    <p class='ocr_par' dir='ltr' id='par_1_40' title="bbox 502 3827 3759 3922">
     <span class='ocr_line' id='line_1_40' title="bbox 502 3827 3759 3922; baseline 0.01 -34"><span class='ocrx_word' id='word_1_424' title='bbox 502 3827 659 3907; x_wconf 90' lang='lat' dir='ltr'><strong>(die)</strong></span> <span class='ocrx_word' id='word_1_425' title='bbox 705 3847 890 3894; x_wconf 90' lang='lat' dir='ltr'><strong>mane</strong></span> <span class='ocrx_word' id='word_1_426' title='bbox 923 3831 1118 3895; x_wconf 91' lang='lat' dir='ltr'><strong>mittit</strong></span> <span class='ocrx_word' id='word_1_427' title='bbox 1170 3833 1558 3915; x_wconf 87' lang='lat' dir='ltr'><strong>discipulos.</strong></span> <span class='ocrx_word' id='word_1_428' title='bbox 1615 3860 1648 3896; x_wconf 71' lang='grc' dir='ltr'><strong><em>ι</em></strong></span> <span class='ocrx_word' id='word_1_429' title='bbox 1700 3839 2160 3901; x_wconf 82' lang='lat' dir='ltr'><strong>Luculentiora</strong></span> <span class='ocrx_word' id='word_1_430' title='bbox 2214 3835 2348 3900; x_wconf 64' lang='lat' dir='ltr'><strong>hac</strong></span> <span class='ocrx_word' id='word_1_431' title='bbox 2401 3845 2576 3913; x_wconf 88' lang='lat' dir='ltr'><strong>sunt,</strong></span> <span class='ocrx_word' id='word_1_432' title='bbox 2611 3857 2802 3920; x_wconf 91' lang='lat' dir='ltr'><strong>quam</strong></span> <span class='ocrx_word' id='word_1_433' title='bbox 2838 3846 3012 3922; x_wconf 91' lang='lat' dir='ltr'><strong>quod</strong></span> <span class='ocrx_word' id='word_1_434' title='bbox 3063 3827 3759 3919; x_wconf 50' lang='lat' dir='ltr'><strong>commentario-indi-</strong></span> 
     </span>
    </p>
   </div>
   <div class='ocr_carea' id='block_1_41' title="bbox 499 3930 707 4002">
    <p class='ocr_par' dir='ltr' id='par_1_41' title="bbox 499 3930 707 4002">
     <span class='ocr_line' id='line_1_41' title="bbox 499 3930 707 4002; baseline -0.005 -17"><span class='ocrx_word' id='word_1_435' title='bbox 499 3930 707 4002; x_wconf 83' lang='lat' dir='ltr'><strong>geant.</strong></span> 
     </span>
    </p>
   </div>
   <div class='ocr_carea' id='block_1_42' title="bbox 576 4022 3753 4125">
    <p class='ocr_par' dir='ltr' id='par_1_42' title="bbox 576 4022 3753 4125">
     <span class='ocr_line' id='line_1_42' title="bbox 576 4022 3753 4125; baseline 0.011 -44"><span class='ocrx_word' id='word_1_436' title='bbox 576 4022 676 4083; x_wconf 80' lang='grc'><strong>65.</strong></span> <span class='ocrx_word' id='word_1_437' title='bbox 724 4025 859 4087; x_wconf 86' lang='lat' dir='ltr'><strong>Non</strong></span> <span class='ocrx_word' id='word_1_438' title='bbox 901 4025 1087 4088; x_wconf 89' lang='lat' dir='ltr'><strong>aliam</strong></span> <span class='ocrx_word' id='word_1_439' title='bbox 1121 4029 1441 4093; x_wconf 84' lang='lat' dir='ltr'><strong>insedisse</strong></span> <span class='ocrx_word' id='word_1_440' title='bbox 1473 4039 1749 4094; x_wconf 87' lang='lat' dir='ltr'><strong>mentem</strong></span> <span class='ocrx_word' id='word_1_441' title='bbox 1783 4031 2292 4110; x_wconf 89' lang='lat' dir='ltr'><strong>archiepiscopo,</strong></span> <span class='ocrx_word' id='word_1_442' title='bbox 2334 4038 2549 4093; x_wconf 89' lang='lat' dir='ltr'><strong>contra</strong></span> <span class='ocrx_word' id='word_1_443' title='bbox 2590 4039 2782 4114; x_wconf 85' lang='lat' dir='ltr'><strong>atque</strong></span> <span class='ocrx_word' id='word_1_444' title='bbox 2812 4036 3014 4101; x_wconf 57' lang='lat' dir='ltr'><strong>Graeci</strong></span> <span class='ocrx_word' id='word_1_445' title='bbox 3052 4048 3300 4117; x_wconf 91' lang='lat' dir='ltr'><strong>putant,</strong></span> <span class='ocrx_word' id='word_1_446' title='bbox 3343 4046 3558 4125; x_wconf 88' lang='lat' dir='ltr'><strong>capite</strong></span> <span class='ocrx_word' id='word_1_447' title='bbox 3591 4067 3753 4116; x_wconf 81' lang='lat' dir='ltr'><strong>xvm</strong></span> 
     </span>
    </p>
   </div>
   <div class='ocr_carea' id='block_1_43' title="bbox 498 4116 3752 4214">
    <p class='ocr_par' dir='ltr' id='par_1_43' title="bbox 498 4116 3752 4214">
     <span class='ocr_line' id='line_1_43' title="bbox 498 4116 3752 4214; baseline 0.011 -36"><span class='ocrx_word' id='word_1_448' title='bbox 498 4116 786 4191; x_wconf 86' lang='lat' dir='ltr'><strong>Joannis,</strong></span> <span class='ocrx_word' id='word_1_449' title='bbox 821 4139 880 4184; x_wconf 91' lang='lat' dir='ltr'><strong>v.</strong></span> <span class='ocrx_word' id='word_1_450' title='bbox 923 4121 1022 4197; x_wconf 75' lang='lat'><strong>28,</strong></span> <span class='ocrx_word' id='word_1_451' title='bbox 1065 4141 1178 4199; x_wconf 91' lang='lat' dir='ltr'><strong>pro</strong></span> <span class='ocrx_word' id='word_1_452' title='bbox 1231 4134 1403 4188; x_wconf 87' lang='lat' dir='ltr'><strong>certo</strong></span> <span class='ocrx_word' id='word_1_453' title='bbox 1441 4137 1901 4207; x_wconf 89' lang='lat' dir='ltr'><strong>compertoque</strong></span> <span class='ocrx_word' id='word_1_454' title='bbox 1946 4127 2173 4190; x_wconf 87' lang='lat' dir='ltr'><strong>habeo.</strong></span> <span class='ocrx_word' id='word_1_455' title='bbox 2209 4126 2412 4189; x_wconf 82' lang='lat' dir='ltr'><strong>Verba</strong></span> <span class='ocrx_word' id='word_1_456' title='bbox 2469 4136 2620 4190; x_wconf 91' lang='lat' dir='ltr'><strong>sunt</strong></span> <span class='ocrx_word' id='word_1_457' title='bbox 2653 4147 2668 4191; x_wconf 90' lang='lat'><strong><em>:</em></strong></span> <span class='ocrx_word' id='word_1_458' title='bbox 2708 4154 2735 4186; x_wconf 75' lang='grc' dir='ltr'>ι</span> <span class='ocrx_word' id='word_1_459' title='bbox 2776 4132 2863 4192; x_wconf 87' lang='lat' dir='ltr'><strong>Et</strong></span> <span class='ocrx_word' id='word_1_460' title='bbox 2899 4137 3028 4214; x_wconf 83' lang='lat' dir='ltr'><strong>ipsi</strong></span> <span class='ocrx_word' id='word_1_461' title='bbox 3059 4116 3208 4200; x_wconf 84' lang='lat' dir='ltr'><strong>non</strong></span> <span class='ocrx_word' id='word_1_462' title='bbox 3259 4116 3656 4210; x_wconf 75' lang='lat' dir='ltr'><strong>introierunt</strong></span> <span class='ocrx_word' id='word_1_463' title='bbox 3686 4151 3752 4213; x_wconf 77' lang='lat' dir='ltr'><strong>in</strong></span> 
     </span>
    </p>
   </div>
   <div class='ocr_carea' id='block_1_44' title="bbox 497 4218 3751 4316">
    <p class='ocr_par' dir='ltr' id='par_1_44' title="bbox 497 4218 3751 4316">
     <span class='ocr_line' id='line_1_44' title="bbox 497 4218 3751 4316; baseline 0.011 -44"><span class='ocrx_word' id='word_1_464' title='bbox 497 4218 889 4293; x_wconf 63' lang='lat' dir='ltr'><strong>praetorium,</strong></span> <span class='ocrx_word' id='word_1_465' title='bbox 931 4228 1002 4279; x_wconf 86' lang='lat' dir='ltr'><strong>ut</strong></span> <span class='ocrx_word' id='word_1_466' title='bbox 1055 4236 1185 4280; x_wconf 84' lang='lat' dir='ltr'><strong>non</strong></span> <span class='ocrx_word' id='word_1_467' title='bbox 1243 4224 1854 4299; x_wconf 76' lang='lat' dir='ltr'><strong>contaminarentur,</strong></span> <span class='ocrx_word' id='word_1_468' title='bbox 1900 4225 2009 4286; x_wconf 84' lang='lat' dir='ltr'><strong>sed</strong></span> <span class='ocrx_word' id='word_1_469' title='bbox 2053 4234 2124 4286; x_wconf 83' lang='lat' dir='ltr'><strong>ut</strong></span> <span class='ocrx_word' id='word_1_470' title='bbox 2177 4226 2633 4290; x_wconf 83' lang='lat' dir='ltr'><strong>manducarent</strong></span> <span class='ocrx_word' id='word_1_471' title='bbox 2686 4231 2944 4307; x_wconf 83' lang='lat' dir='ltr'><strong>pascha.</strong></span> <span class='ocrx_word' id='word_1_472' title='bbox 3003 4234 3174 4307; x_wconf 86' lang='lat' dir='ltr'><strong>Quid</strong></span> <span class='ocrx_word' id='word_1_473' title='bbox 3226 4247 3442 4303; x_wconf 86' lang='lat' dir='ltr'><strong>autem</strong></span> <span class='ocrx_word' id='word_1_474' title='bbox 3498 4251 3622 4316; x_wconf 86' lang='lat' dir='ltr'><strong>est,</strong></span> <span class='ocrx_word' id='word_1_475' title='bbox 3679 4256 3751 4308; x_wconf 77' lang='lat' dir='ltr'><strong>ut</strong></span> 
     </span>
    </p>
   </div>
   <div class='ocr_carea' id='block_1_45' title="bbox 500 4309 3748 4421">
    <p class='ocr_par' dir='ltr' id='par_1_45' title="bbox 500 4309 3748 4421">
     <span class='ocr_line' id='line_1_45' title="bbox 500 4309 3748 4421; baseline 0.012 -52"><span class='ocrx_word' id='word_1_476' title='bbox 500 4309 884 4373; x_wconf 86' lang='lat' dir='ltr'><strong>comederent</strong></span> <span class='ocrx_word' id='word_1_477' title='bbox 920 4317 1206 4393; x_wconf 78' lang='lat' dir='ltr'><strong>pascha?</strong></span> <span class='ocrx_word' id='word_1_478' title='bbox 1239 4318 1403 4382; x_wconf 87' lang='lat' dir='ltr'><strong>Sane</strong></span> <span class='ocrx_word' id='word_1_479' title='bbox 1441 4318 1758 4384; x_wconf 86' lang='lat' dir='ltr'><strong>Dominus</strong></span> <span class='ocrx_word' id='word_1_480' title='bbox 1801 4321 1966 4384; x_wconf 87' lang='lat' dir='ltr'><strong>illud</strong></span> <span class='ocrx_word' id='word_1_481' title='bbox 2014 4320 2164 4384; x_wconf 79' lang='lat' dir='ltr'><strong>fecit</strong></span> <span class='ocrx_word' id='word_1_482' title='bbox 2200 4323 2403 4400; x_wconf 88' lang='lat' dir='ltr'><strong>prima</strong></span> <span class='ocrx_word' id='word_1_483' title='bbox 2446 4328 2860 4421; x_wconf 6' lang='lat' dir='ltr'><strong>Afzymorum.</strong></span> <span class='ocrx_word' id='word_1_484' title='bbox 2915 4328 3031 4390; x_wconf 84' lang='lat' dir='ltr'><strong>Vel</strong></span> <span class='ocrx_word' id='word_1_485' title='bbox 3073 4331 3274 4411; x_wconf 90' lang='lat' dir='ltr'><strong>igitur</strong></span> <span class='ocrx_word' id='word_1_486' title='bbox 3303 4309 3748 4421; x_wconf 82' lang='lat' dir='ltr'><strong>intelligamus</strong></span> 
     </span>
    </p>
   </div>
   <div class='ocr_carea' id='block_1_46' title="bbox 497 4409 3748 4503">
    <p class='ocr_par' dir='ltr' id='par_1_46' title="bbox 497 4409 3748 4503">
     <span class='ocr_line' id='line_1_46' title="bbox 497 4409 3748 4503; baseline 0.011 -36"><span class='ocrx_word' id='word_1_487' title='bbox 497 4423 613 4485; x_wconf 90' lang='lat' dir='ltr'><strong>per</strong></span> <span class='ocrx_word' id='word_1_488' title='bbox 648 4409 898 4484; x_wconf 86' lang='lat' dir='ltr'><strong>Pascha,</strong></span> <span class='ocrx_word' id='word_1_489' title='bbox 937 4409 1174 4474; x_wconf 89' lang='lat' dir='ltr'><strong>festum</strong></span> <span class='ocrx_word' id='word_1_490' title='bbox 1216 4422 1463 4493; x_wconf 85' lang='lat' dir='ltr'><strong>septem</strong></span> <span class='ocrx_word' id='word_1_491' title='bbox 1508 4416 1760 4479; x_wconf 87' lang='lat' dir='ltr'><strong>dierum</strong></span> <span class='ocrx_word' id='word_1_492' title='bbox 1798 4441 1811 4479; x_wconf 89' lang='lat'><strong>:</strong></span> <span class='ocrx_word' id='word_1_493' title='bbox 1849 4419 1945 4481; x_wconf 92' lang='lat' dir='ltr'><strong>vel</strong></span> <span class='ocrx_word' id='word_1_494' title='bbox 1991 4421 2162 4498; x_wconf 89' lang='lat' dir='ltr'><strong>quod</strong></span> <span class='ocrx_word' id='word_1_495' title='bbox 2214 4421 2334 4499; x_wconf 90' lang='lat' dir='ltr'><strong>ipsi</strong></span> <span class='ocrx_word' id='word_1_496' title='bbox 2390 4420 2660 4501; x_wconf 91' lang='lat' dir='ltr'><strong>quidem</strong></span> <span class='ocrx_word' id='word_1_497' title='bbox 2698 4409 3147 4491; x_wconf 70' lang='lat' dir='ltr'><strong>manducaturi</strong></span> <span class='ocrx_word' id='word_1_498' title='bbox 3202 4442 3387 4495; x_wconf 88' lang='lat' dir='ltr'><strong>erant</strong></span> <span class='ocrx_word' id='word_1_499' title='bbox 3439 4409 3748 4503; x_wconf 48' lang='lat' dir='ltr'><strong>in&#39;Para-</strong></span> 
     </span>
    </p>
   </div>
   <div class='ocr_carea' id='block_1_47' title="bbox 494 4505 3750 4617">
    <p class='ocr_par' dir='ltr' id='par_1_47' title="bbox 494 4505 3750 4617">
     <span class='ocr_line' id='line_1_47' title="bbox 494 4505 3750 4617; baseline 0.012 -54"><span class='ocrx_word' id='word_1_500' title='bbox 494 4518 681 4565; x_wconf 83' lang='lat' dir='ltr'><strong>sceve</strong></span> <span class='ocrx_word' id='word_1_501' title='bbox 719 4505 945 4583; x_wconf 89' lang='lat' dir='ltr'><strong>pascha</strong></span> <span class='ocrx_word' id='word_1_502' title='bbox 976 4523 989 4566; x_wconf 89' lang='lat'>:</span> <span class='ocrx_word' id='word_1_503' title='bbox 1028 4507 1169 4587; x_wconf 84' lang='lat' dir='ltr'><strong>ipse</strong></span> <span class='ocrx_word' id='word_1_504' title='bbox 1196 4517 1412 4572; x_wconf 88' lang='lat' dir='ltr'><strong>autem</strong></span> <span class='ocrx_word' id='word_1_505' title='bbox 1446 4512 1760 4575; x_wconf 90' lang='lat' dir='ltr'><strong>Dominus</strong></span> <span class='ocrx_word' id='word_1_506' title='bbox 1791 4532 1925 4578; x_wconf 88' lang='lat' dir='ltr'><strong>uno</strong></span> <span class='ocrx_word' id='word_1_507' title='bbox 1959 4517 2068 4578; x_wconf 90' lang='lat' dir='ltr'><strong>die</strong></span> <span class='ocrx_word' id='word_1_508' title='bbox 2101 4519 2434 4594; x_wconf 70' lang='lat' dir='ltr'><strong>prmvenit,</strong></span> <span class='ocrx_word' id='word_1_509' title='bbox 2470 4519 2593 4597; x_wconf 92' lang='lat' dir='ltr'><strong>(vel</strong></span> <span class='ocrx_word' id='word_1_510' title='bbox 2632 4537 2761 4584; x_wconf 91' lang='lat' dir='ltr'><strong>uno</strong></span> <span class='ocrx_word' id='word_1_511' title='bbox 2796 4522 2902 4617; x_wconf 89' lang='lat' dir='ltr'><strong>die</strong></span> <span class='ocrx_word' id='word_1_512' title='bbox 2937 4534 3083 4589; x_wconf 91' lang='lat' dir='ltr'><strong>ante</strong></span> <span class='ocrx_word' id='word_1_513' title='bbox 3118 4529 3379 4594; x_wconf 85' lang='lat' dir='ltr'><strong>tradidit</strong></span> <span class='ocrx_word' id='word_1_514' title='bbox 3420 4532 3610 4614; x_wconf 92' lang='lat' dir='ltr'><strong>illud,</strong></span> <span class='ocrx_word' id='word_1_515' title='bbox 3645 4546 3750 4617; x_wconf 73' lang='grc' dir='ltr'><strong>πρὸ</strong></span> 
     </span>
    </p>
   </div>
   <div class='ocr_carea' id='block_1_48' title="bbox 498 4606 2080 4716">
    <p class='ocr_par' dir='ltr' id='par_1_48' title="bbox 498 4606 2080 4681">
     <span class='ocr_line' id='line_1_48' title="bbox 498 4606 2080 4681; baseline 0.01 -22"><span class='ocrx_word' id='word_1_516' title='bbox 498 4609 628 4677; x_wconf 77' lang='grc' dir='ltr'><strong>μιᾶς</strong></span> <span class='ocrx_word' id='word_1_517' title='bbox 673 4609 807 4663; x_wconf 82' lang='grc' dir='ltr'><strong>αὑτό</strong></span> <span class='ocrx_word' id='word_1_518' title='bbox 859 4606 1166 4681; x_wconf 78' lang='grc' dir='ltr'><strong>παρέδωκε)</strong></span> <span class='ocrx_word' id='word_1_519' title='bbox 1200 4624 1533 4671; x_wconf 87' lang='lat' dir='ltr'><strong>reservans</strong></span> <span class='ocrx_word' id='word_1_520' title='bbox 1563 4611 1664 4671; x_wconf 92' lang='lat' dir='ltr'><strong>sui</strong></span> <span class='ocrx_word' id='word_1_521' title='bbox 1704 4613 2080 4675; x_wconf 80' lang='lat' dir='ltr'><strong>occisioneu</strong></span> 
     </span>
    </p>
   </div>
   <div class='ocr_carea' id='block_1_49' title="bbox 2165 4606 3747 4716">
    <p class='ocr_par' dir='ltr' id='par_1_49' title="bbox 2165 4606 3747 4716">
     <span class='ocr_line' id='line_1_49' title="bbox 2165 4606 3747 4716; baseline 0.016 -42"><span class='ocrx_word' id='word_1_522' title='bbox 2165 4631 2197 4674; x_wconf 91' lang='lat' dir='ltr'><strong>n</strong></span> <span class='ocrx_word' id='word_1_523' title='bbox 2224 4616 2591 4690; x_wconf 88' lang='lat' dir='ltr'><strong>Parasceve,</strong></span> <span class='ocrx_word' id='word_1_524' title='bbox 2623 4615 2882 4696; x_wconf 81' lang='lat' dir='ltr'><strong>quando</strong></span> <span class='ocrx_word' id='word_1_525' title='bbox 2914 4630 2977 4685; x_wconf 91' lang='lat' dir='ltr'><strong>et</strong></span> <span class='ocrx_word' id='word_1_526' title='bbox 3007 4623 3162 4687; x_wconf 91' lang='lat' dir='ltr'><strong>olim</strong></span> <span class='ocrx_word' id='word_1_527' title='bbox 3213 4626 3334 4690; x_wconf 76' lang='lat' dir='ltr'><strong>fuit</strong></span> <span class='ocrx_word' id='word_1_528' title='bbox 3367 4606 3603 4709; x_wconf 80' lang='lat' dir='ltr'><strong>pascha</strong></span> <span class='ocrx_word' id='word_1_529' title='bbox 3631 4606 3747 4716; x_wconf 65' lang='lat' dir='ltr'><strong>(vel</strong></span> 
     </span>
    </p>
   </div>
   <div class='ocr_carea' id='block_1_50' title="bbox 496 4697 2078 4796">
    <p class='ocr_par' dir='ltr' id='par_1_50' title="bbox 496 4697 2078 4780">
     <span class='ocr_line' id='line_1_50' title="bbox 496 4697 2078 4780; baseline 0.012 -25"><span class='ocrx_word' id='word_1_530' title='bbox 496 4697 756 4772; x_wconf 85' lang='lat' dir='ltr'><strong>quando</strong></span> <span class='ocrx_word' id='word_1_531' title='bbox 789 4704 849 4759; x_wconf 88' lang='lat' dir='ltr'><strong>et</strong></span> <span class='ocrx_word' id='word_1_532' title='bbox 886 4708 1068 4760; x_wconf 88' lang='lat' dir='ltr'><strong>vetus</strong></span> <span class='ocrx_word' id='word_1_533' title='bbox 1100 4701 1282 4763; x_wconf 82' lang='lat' dir='ltr'><strong>ﬁebat</strong></span> <span class='ocrx_word' id='word_1_534' title='bbox 1310 4704 1563 4780; x_wconf 84' lang='lat' dir='ltr'><strong>pascha,</strong></span> <span class='ocrx_word' id='word_1_535' title='bbox 1595 4715 1686 4768; x_wconf 75' lang='grc' dir='ltr'><strong>ὅτι</strong></span> <span class='ocrx_word' id='word_1_536' title='bbox 1713 4718 1810 4771; x_wconf 78' lang='grc' dir='ltr'><strong>καὶ</strong></span> <span class='ocrx_word' id='word_1_537' title='bbox 1839 4719 1901 4771; x_wconf 79' lang='grc' dir='ltr'><strong>τὸ</strong></span> <span class='ocrx_word' id='word_1_538' title='bbox 1930 4719 2078 4774; x_wconf 58' lang='lat' dir='ltr'><strong>nale</strong></span> 
     </span>
    </p>
   </div>
   <div class='ocr_carea' id='block_1_51' title="bbox 1123 4697 2705 4796">
    <p class='ocr_par' dir='ltr' id='par_1_51' title="bbox 1123 4701 2705 4796">
     <span class='ocr_line' id='line_1_51' title="bbox 1123 4701 2705 4796; baseline 0.011 -35"><span class='ocrx_word' id='word_1_539' title='bbox 1123 4701 1282 4763; x_wconf 81' lang='lat' dir='ltr'><strong>iebat</strong></span> <span class='ocrx_word' id='word_1_540' title='bbox 1310 4704 1563 4780; x_wconf 78' lang='lat' dir='ltr'><strong>pascha,</strong></span> <span class='ocrx_word' id='word_1_541' title='bbox 1595 4715 1686 4768; x_wconf 74' lang='grc' dir='ltr'><strong>ὅτι</strong></span> <span class='ocrx_word' id='word_1_542' title='bbox 1713 4718 1810 4771; x_wconf 77' lang='grc' dir='ltr'><strong>καὶ</strong></span> <span class='ocrx_word' id='word_1_543' title='bbox 1839 4719 1901 4771; x_wconf 79' lang='grc' dir='ltr'><strong>τὸ</strong></span> <span class='ocrx_word' id='word_1_544' title='bbox 1930 4719 2162 4774; x_wconf 78' lang='grc' dir='ltr'>παλαιὸν</span> <span class='ocrx_word' id='word_1_545' title='bbox 2179 4722 2397 4790; x_wconf 73' lang='grc' dir='ltr'><strong>ἐγένετο</strong></span> <span class='ocrx_word' id='word_1_546' title='bbox 2418 4726 2649 4796; x_wconf 81' lang='grc' dir='ltr'><strong>πάσχα).</strong></span> <span class='ocrx_word' id='word_1_547' title='bbox 2687 4746 2705 4779; x_wconf 83' lang='lat' dir='ltr'><strong>s</strong></span> 
     </span>
    </p>
   </div>
   <div class='ocr_carea' id='block_1_52' title="bbox 577 4813 3736 4929">
    <p class='ocr_par' dir='ltr' id='par_1_52' title="bbox 577 4813 3736 4929">
     <span class='ocr_line' id='line_1_52' title="bbox 577 4813 3736 4929; baseline 0.016 -59"><span class='ocrx_word' id='word_1_548' title='bbox 577 4813 1126 4929; x_wconf 48' lang='lat' dir='ltr'><strong>VocisJPaschatis</strong></span> <span class='ocrx_word' id='word_1_549' title='bbox 1155 4819 1298 4881; x_wconf 71' lang='lat' dir='ltr'><strong>dure</strong></span> <span class='ocrx_word' id='word_1_550' title='bbox 1337 4828 1512 4929; x_wconf 63' lang='lat' dir='ltr'><strong>sinit,</strong></span> <span class='ocrx_word' id='word_1_551' title='bbox 1545 4838 1709 4929; x_wconf 72' lang='lat' dir='ltr'><strong>quas</strong></span> <span class='ocrx_word' id='word_1_552' title='bbox 1761 4828 1995 4904; x_wconf 86' lang='lat' dir='ltr'><strong>promit</strong></span> <span class='ocrx_word' id='word_1_553' title='bbox 2044 4828 2589 4912; x_wconf 77' lang='lat' dir='ltr'><strong>TheOphytactus,</strong></span> <span class='ocrx_word' id='word_1_554' title='bbox 2644 4838 3244 4920; x_wconf 87' lang='lat' dir='ltr'><strong>interpretationes.</strong></span> <span class='ocrx_word' id='word_1_555' title='bbox 3283 4851 3371 4911; x_wconf 84' lang='lat' dir='ltr'><strong>Ac</strong></span> <span class='ocrx_word' id='word_1_556' title='bbox 3406 4852 3649 4929; x_wconf 91' lang='lat' dir='ltr'><strong>primo,</strong></span> <span class='ocrx_word' id='word_1_557' title='bbox 3686 4856 3736 4918; x_wconf 88' lang='lat' dir='ltr'><strong>si</strong></span> 
     </span>
    </p>
   </div>
   <div class='ocr_carea' id='block_1_53' title="bbox 495 4909 3739 5029">
    <p class='ocr_par' dir='ltr' id='par_1_53' title="bbox 495 4909 3739 5029">
     <span class='ocr_line' id='line_1_53' title="bbox 495 4909 3739 5029; baseline 0.015 -62"><span class='ocrx_word' id='word_1_558' title='bbox 495 4923 640 4968; x_wconf 90' lang='lat' dir='ltr'><strong>cum</strong></span> <span class='ocrx_word' id='word_1_559' title='bbox 681 4909 922 5029; x_wconf 50' lang='lat' dir='ltr'><strong>iudicis</strong></span> <span class='ocrx_word' id='word_1_560' title='bbox 957 4925 1191 5029; x_wconf 38' lang='lat' dir='ltr'><strong>a‘gnjum</strong></span> <span class='ocrx_word' id='word_1_561' title='bbox 1225 4916 1584 4994; x_wconf 82' lang='lat' dir='ltr'><strong>paschalem</strong></span> <span class='ocrx_word' id='word_1_562' title='bbox 1626 4919 1923 4985; x_wconf 89' lang='lat' dir='ltr'><strong>Christus</strong></span> <span class='ocrx_word' id='word_1_563' title='bbox 1967 4909 2277 4990; x_wconf 87' lang='lat' dir='ltr'><strong>Dominus</strong></span> <span class='ocrx_word' id='word_1_564' title='bbox 2318 4909 2714 5008; x_wconf 77' lang='lat' dir='ltr'><strong>comederit;</strong></span> <span class='ocrx_word' id='word_1_565' title='bbox 2755 4909 3082 5002; x_wconf 78' lang='lat' dir='ltr'><strong>Paschatis</strong></span> <span class='ocrx_word' id='word_1_566' title='bbox 3125 4909 3427 5022; x_wconf 60' lang='lat' dir='ltr'><strong>nomine:</strong></span> <span class='ocrx_word' id='word_1_567' title='bbox 3450 4909 3649 5029; x_wconf 43' lang='lat' dir='ltr'><strong>quod,</strong></span> <span class='ocrx_word' id='word_1_568' title='bbox 3674 4959 3739 5017; x_wconf 89' lang='lat' dir='ltr'><strong>ut</strong></span> 
     </span>
    </p>
   </div>
   <div class='ocr_carea' id='block_1_54' title="bbox 494 5005 3734 5125">
    <p class='ocr_par' dir='ltr' id='par_1_54' title="bbox 494 5005 3734 5125">
     <span class='ocr_line' id='line_1_54' title="bbox 494 5005 3734 5125; baseline 0.016 -63"><span class='ocrx_word' id='word_1_569' title='bbox 494 5005 925 5084; x_wconf 89' lang='lat' dir='ltr'><strong>comederent,</strong></span> <span class='ocrx_word' id='word_1_570' title='bbox 973 5008 1182 5070; x_wconf 77' lang='lat' dir='ltr'><strong>Judaei</strong></span> <span class='ocrx_word' id='word_1_571' title='bbox 1245 5013 1547 5075; x_wconf 88' lang='lat' dir='ltr'><strong>cavebant</strong></span> <span class='ocrx_word' id='word_1_572' title='bbox 1573 5033 1656 5079; x_wconf 91' lang='lat' dir='ltr'><strong>ne</strong></span> <span class='ocrx_word' id='word_1_573' title='bbox 1713 5020 2327 5100; x_wconf 85' lang='lat' dir='ltr'><strong>contaminarentur,</strong></span> <span class='ocrx_word' id='word_1_574' title='bbox 2384 5029 2652 5090; x_wconf 79' lang='lat' dir='ltr'><strong>victimae</strong></span> <span class='ocrx_word' id='word_1_575' title='bbox 2696 5005 3024 5110; x_wconf 79' lang='lat' dir='ltr'><strong>paschales</strong></span> <span class='ocrx_word' id='word_1_576' title='bbox 3084 5005 3528 5121; x_wconf 45' lang='lat' dir='ltr'><strong>intelligendi!)</strong></span> <span class='ocrx_word' id='word_1_577' title='bbox 3560 5060 3734 5125; x_wconf 86' lang='lat' dir='ltr'><strong>sunt,</strong></span> 
     </span>
    </p>
   </div>
   <div class='ocr_carea' id='block_1_55' title="bbox 491 5104 3732 5228">
    <p class='ocr_par' dir='ltr' id='par_1_55' title="bbox 491 5104 3732 5228">
     <span class='ocr_line' id='line_1_55' title="bbox 491 5104 3732 5228; baseline 0.016 -69"><span class='ocrx_word' id='word_1_578' title='bbox 491 5110 930 5228; x_wconf 53' lang='lat' dir='ltr'><strong>queensept&#39;em</strong></span> <span class='ocrx_word' id='word_1_579' title='bbox 974 5104 1208 5228; x_wconf 40' lang='lat' dir='ltr'><strong>d‘ieb‘us</strong></span> <span class='ocrx_word' id='word_1_580' title='bbox 1239 5108 1674 5228; x_wconf 48' lang='lat' dir='ltr'><strong>offerebantur</strong></span> <span class='ocrx_word' id='word_1_581' title='bbox 1731 5116 2095 5228; x_wconf 47' lang='lat' dir='ltr'><strong>in&#39;templo.</strong></span> <span class='ocrx_word' id='word_1_582' title='bbox 2139 5123 2203 5185; x_wconf 88' lang='lat' dir='ltr'><strong>Si</strong></span> <span class='ocrx_word' id='word_1_583' title='bbox 2244 5127 2476 5203; x_wconf 85' lang='lat' dir='ltr'><strong>pascha</strong></span> <span class='ocrx_word' id='word_1_584' title='bbox 2511 5104 2768 5206; x_wconf 46' lang='lat' dir='ltr'><strong>propr-ie</strong></span> <span class='ocrx_word' id='word_1_585' title='bbox 2827 5133 3096 5211; x_wconf 90' lang='lat' dir='ltr'><strong>dictum,</strong></span> <span class='ocrx_word' id='word_1_586' title='bbox 3130 5136 3194 5198; x_wconf 87' lang='lat' dir='ltr'><strong>id</strong></span> <span class='ocrx_word' id='word_1_587' title='bbox 3257 5104 3732 5228; x_wconf 40' lang='lat' dir='ltr'><strong>eEt&#39;eS&#39;us&#39;Jgai</strong></span> 
     </span>
    </p>
   </div>
   <div class='ocr_carea' id='block_1_56' title="bbox 494 5194 3732 5315">
    <p class='ocr_par' dir='ltr' id='par_1_56' title="bbox 494 5194 3732 5315">
     <span class='ocr_line' id='line_1_56' title="bbox 494 5194 3732 5315; baseline 0.017 -61"><span class='ocrx_word' id='word_1_588' title='bbox 494 5194 781 5315; x_wconf 62' lang='lat' dir='ltr'><strong>intelligi</strong></span> <span class='ocrx_word' id='word_1_589' title='bbox 807 5197 1056 5315; x_wconf 52' lang='lat' dir='ltr'><strong>debeat,</strong></span> <span class='ocrx_word' id='word_1_590' title='bbox 1097 5200 1446 5267; x_wconf 89' lang='lat' dir='ltr'><strong>dicendum</strong></span> <span class='ocrx_word' id='word_1_591' title='bbox 1474 5215 1759 5315; x_wconf 38' lang='lat' dir='ltr'><strong>est,-una</strong></span> <span class='ocrx_word' id='word_1_592' title='bbox 1790 5212 1896 5275; x_wconf 90' lang='lat' dir='ltr'><strong>die</strong></span> <span class='ocrx_word' id='word_1_593' title='bbox 1937 5194 2218 5310; x_wconf 25' lang='lat' dir='ltr'><strong>Jiudaaos,</strong></span> <span class='ocrx_word' id='word_1_594' title='bbox 2244 5194 2355 5283; x_wconf 29' lang='lat' dir='ltr'><strong>“vel</strong></span> <span class='ocrx_word' id='word_1_595' title='bbox 2418 5194 2751 5295; x_wconf 77' lang='lat' dir='ltr'><strong>pontifices</strong></span> <span class='ocrx_word' id='word_1_596' title='bbox 2805 5237 2866 5291; x_wconf 92' lang='lat' dir='ltr'><strong>et</strong></span> <span class='ocrx_word' id='word_1_597' title='bbox 2906 5194 3221 5308; x_wconf 70' lang='lat' dir='ltr'><strong>primores</strong></span> 
     </span>
    </p>
   </div>
   <div class='ocr_carea' id='block_1_57' title="bbox 494 5289 3729 5415">
    <p class='ocr_par' dir='ltr' id='par_1_57' title="bbox 494 5289 3729 5415">
     <span class='ocr_line' id='line_1_57' title="bbox 494 5289 3729 5415; baseline 0.017 -65"><span class='ocrx_word' id='word_1_598' title='bbox 494 5289 650 5415; x_wconf 55' lang='lat' dir='ltr'><strong>lisse</strong></span> <span class='ocrx_word' id='word_1_599' title='bbox 806 5293 1224 5415; x_wconf 42' lang='grc' dir='ltr'><strong>1Ἰξιξῖεῗοοευεῖἱι</strong></span> <span class='ocrx_word' id='word_1_600' title='bbox 1322 5308 1382 5415; x_wconf 72' lang='lat' dir='ltr'><strong>et</strong></span> <span class='ocrx_word' id='word_1_601' title='bbox 1415 5320 1545 5415; x_wconf 89' lang='lat' dir='ltr'><strong>uno</strong></span> <span class='ocrx_word' id='word_1_602' title='bbox 1563 5306 1688 5415; x_wconf 43' lang='lat' dir='ltr'><strong>“die</strong></span> <span class='ocrx_word' id='word_1_603' title='bbox 1714 5318 1888 5415; x_wconf 80' lang='lat' dir='ltr'><strong>ante,</strong></span> <span class='ocrx_word' id='word_1_604' title='bbox 1932 5304 2094 5415; x_wconf 83' lang='lat' dir='ltr'><strong>illud</strong></span> <span class='ocrx_word' id='word_1_605' title='bbox 2126 5289 2436 5415; x_wconf 35' lang='lat' dir='ltr'><strong>[XXXII].</strong></span> <span class='ocrx_word' id='word_1_606' title='bbox 2462 5289 3219 5406; x_wconf 35' lang='lat' dir='ltr'><strong>comedisse—Christum:</strong></span> <span class='ocrx_word' id='word_1_607' title='bbox 3522 5289 3729 5415; x_wconf 39' lang='lat' dir='ltr'><strong>pits,</strong></span> 
     </span>
    </p>
   </div>
   <div class='ocr_carea' id='block_1_58' title="bbox 490 5383 3731 5504">
    <p class='ocr_par' dir='ltr' id='par_1_58' title="bbox 490 5383 3731 5504">
     <span class='ocr_line' id='line_1_58' title="bbox 490 5383 3731 5504; baseline 0.017 -59"><span class='ocrx_word' id='word_1_608' title='bbox 490 5385 612 5504; x_wconf 70' lang='lat' dir='ltr'><strong>hoc</strong></span> <span class='ocrx_word' id='word_1_609' title='bbox 667 5395 763 5504; x_wconf 42' lang='lat' dir='ltr'><strong>ert</strong></span> <span class='ocrx_word' id='word_1_610' title='bbox 800 5383 1145 5504; x_wconf 49' lang='lat' dir='ltr'><strong>legitima-nt</strong></span> <span class='ocrx_word' id='word_1_611' title='bbox 1183 5395 1394 5504; x_wconf 60' lang='lat' dir='ltr'><strong>ﬁebat,</strong></span> <span class='ocrx_word' id='word_1_612' title='bbox 1429 5411 1506 5504; x_wconf 76' lang='lat' dir='ltr'><strong>ac</strong></span> <span class='ocrx_word' id='word_1_613' title='bbox 1559 5404 1693 5465; x_wconf 85' lang='lat' dir='ltr'><strong>ﬁeri</strong></span> <span class='ocrx_word' id='word_1_614' title='bbox 1746 5383 1977 5504; x_wconf 79' lang='lat' dir='ltr'><strong>utique</strong></span> <span class='ocrx_word' id='word_1_615' title='bbox 2028 5383 2322 5476; x_wconf 76' lang='lat' dir='ltr'><strong>debebat.</strong></span> <span class='ocrx_word' id='word_1_616' title='bbox 2394 5383 2563 5479; x_wconf 53' lang='lat' dir='ltr'><strong>hinc</strong></span> <span class='ocrx_word' id='word_1_617' title='bbox 2623 5383 3511 5504; x_wconf 39' lang='lat' dir='ltr'><strong>Theo&#39;ptivlacii&#39;</strong></span> <span class='ocrx_word' id='word_1_618' title='bbox 3538 5383 3731 5502; x_wconf 54' lang='lat'><strong>$335</strong></span> 
     </span>
    </p>
   </div>
   <div class='ocr_carea' id='block_1_59' title="bbox 395 5481 3732 5606">
    <p class='ocr_par' dir='ltr' id='par_1_59' title="bbox 395 5481 3732 5606">
     <span class='ocr_line' id='line_1_59' title="bbox 395 5481 3732 5606; baseline 0.017 -65"><span class='ocrx_word' id='word_1_619' title='bbox 395 5549 402 5556; x_wconf 85' lang='lat'><strong>_</strong></span> <span class='ocrx_word' id='word_1_620' title='bbox 489 5481 762 5594; x_wconf 75' lang='lat' dir='ltr'><strong>legenda</strong></span> <span class='ocrx_word' id='word_1_621' title='bbox 815 5492 966 5606; x_wconf 64' lang='lat' dir='ltr'><strong>sunt</strong></span> <span class='ocrx_word' id='word_1_622' title='bbox 1007 5489 1200 5606; x_wconf 66' lang='lat' dir='ltr'><strong>:lnpse</strong></span> <span class='ocrx_word' id='word_1_623' title='bbox 1256 5493 1561 5558; x_wconf 77' lang='lat' dir='ltr'><strong>Dominus</strong></span> <span class='ocrx_word' id='word_1_624' title='bbox 1619 5518 1744 5561; x_wconf 83' lang='lat' dir='ltr'><strong>uno</strong></span> <span class='ocrx_word' id='word_1_625' title='bbox 1793 5501 1893 5565; x_wconf 90' lang='lat' dir='ltr'><strong>die</strong></span> <span class='ocrx_word' id='word_1_626' title='bbox 1945 5517 2088 5567; x_wconf 83' lang='lat' dir='ltr'><strong>ante</strong></span> <span class='ocrx_word' id='word_1_627' title='bbox 2158 5509 2446 5586; x_wconf 82' lang='lat' dir='ltr'><strong>tradidit,</strong></span> <span class='ocrx_word' id='word_1_628' title='bbox 2502 5523 2558 5574; x_wconf 85' lang='lat' dir='ltr'><strong>et</strong></span> <span class='ocrx_word' id='word_1_629' title='bbox 2599 5481 2859 5580; x_wconf 70' lang='lat' dir='ltr'><strong>comedit</strong></span> <span class='ocrx_word' id='word_1_630' title='bbox 2895 5481 3163 5600; x_wconf 34' lang='lat' dir='ltr'><strong>“pascha</strong></span> <span class='ocrx_word' id='word_1_631' title='bbox 3231 5527 3588 5606; x_wconf 79' lang='lat' dir='ltr'><strong>(reservans</strong></span> <span class='ocrx_word' id='word_1_632' title='bbox 3636 5538 3732 5597; x_wconf 75' lang='lat' dir='ltr'><strong>sui</strong></span> 
     </span>
    </p>
   </div>
   <div class='ocr_carea' id='block_1_60' title="bbox 488 5581 3727 5735">
    <p class='ocr_par' dir='ltr' id='par_1_60' title="bbox 488 5581 3727 5735">
     <span class='ocr_line' id='line_1_60' title="bbox 488 5581 3727 5735; baseline 0.018 -97"><span class='ocrx_word' id='word_1_633' title='bbox 488 5581 863 5735; x_wconf 54' lang='lat' dir='ltr'><strong>geogsionem</strong></span> <span class='ocrx_word' id='word_1_634' title='bbox 920 5583 989 5645; x_wconf 84' lang='lat' dir='ltr'><strong>in</strong></span> <span class='ocrx_word' id='word_1_635' title='bbox 1054 5584 1420 5672; x_wconf 80' lang='lat' dir='ltr'><strong>Parasceee)</strong></span> <span class='ocrx_word' id='word_1_636' title='bbox 1494 5598 1743 5675; x_wconf 81' lang='lat' dir='ltr'><strong>quando</strong></span> <span class='ocrx_word' id='word_1_637' title='bbox 1797 5610 1852 5661; x_wconf 87' lang='lat' dir='ltr'><strong>et</strong></span> <span class='ocrx_word' id='word_1_638' title='bbox 1911 5614 2088 5665; x_wconf 81' lang='lat' dir='ltr'><strong>vetus</strong></span> <span class='ocrx_word' id='word_1_639' title='bbox 2149 5607 2329 5685; x_wconf 80' lang='lat' dir='ltr'><strong>ﬁebat</strong></span> <span class='ocrx_word' id='word_1_640' title='bbox 2385 5581 2646 5691; x_wconf 81' lang='lat' dir='ltr'><strong>pascha,</strong></span> <span class='ocrx_word' id='word_1_641' title='bbox 2703 5631 2772 5676; x_wconf 85' lang='lat' dir='ltr'><strong>ac</strong></span> <span class='ocrx_word' id='word_1_642' title='bbox 2849 5581 3279 5684; x_wconf 14' lang='lat' dir='ltr'><strong>illudi-iacere</strong></span> <span class='ocrx_word' id='word_1_643' title='bbox 3348 5581 3727 5695; x_wconf 54' lang='lat' dir='ltr'><strong>debuisse;</strong></span> 
     </span>
     <span class='ocr_line' id='line_1_61' title="bbox 531 5692 715 5735; baseline 0.005 -1"><span class='ocrx_word' id='word_1_644' title='bbox 531 5692 566 5734; x_wconf 92' lang='lat' dir='ltr'><strong>u</strong></span> <span class='ocrx_word' id='word_1_645' title='bbox 617 5692 715 5735; x_wconf 75' lang='lat' dir='ltr'><strong>an.</strong></span> 
     </span>
    </p>
   </div>
   <div class='ocr_carea' id='block_1_61' title="bbox 531 5692 715 5739">
    <p class='ocr_par' dir='ltr' id='par_1_61' title="bbox 531 5692 715 5739">
     <span class='ocr_line' id='line_1_62' title="bbox 531 5692 715 5739; baseline 0.022 -5"><span class='ocrx_word' id='word_1_646' title='bbox 531 5692 715 5739; x_wconf 68' lang='grc' dir='ltr'><strong>υαωι.</strong></span> 
     </span>
    </p>
   </div>
   <div class='ocr_carea' id='block_1_62' title="bbox 567 5770 3723 5894">
    <p class='ocr_par' dir='ltr' id='par_1_62' title="bbox 567 5770 3723 5894">
     <span class='ocr_line' id='line_1_63' title="bbox 567 5770 3723 5894; baseline 0.019 -65"><span class='ocrx_word' id='word_1_647' title='bbox 567 5770 914 5894; x_wconf 63' lang='lat' dir='ltr'><strong>Perspicua</strong></span> <span class='ocrx_word' id='word_1_648' title='bbox 957 5784 1155 5884; x_wconf 79' lang='lat' dir='ltr'><strong>patet,</strong></span> <span class='ocrx_word' id='word_1_649' title='bbox 1201 5796 1324 5842; x_wconf 91' lang='lat' dir='ltr'><strong>non</strong></span> <span class='ocrx_word' id='word_1_650' title='bbox 1365 5783 1642 5894; x_wconf 82' lang='lat' dir='ltr'><strong>priorem</strong></span> <span class='ocrx_word' id='word_1_651' title='bbox 1678 5791 2112 5875; x_wconf 90' lang='lat' dir='ltr'><strong>solummodo,</strong></span> <span class='ocrx_word' id='word_1_652' title='bbox 2152 5820 2372 5866; x_wconf 91' lang='lat' dir='ltr'><strong>verum</strong></span> <span class='ocrx_word' id='word_1_653' title='bbox 2408 5805 2599 5867; x_wconf 87' lang='lat' dir='ltr'><strong>etiam</strong></span> <span class='ocrx_word' id='word_1_654' title='bbox 2640 5810 2899 5873; x_wconf 86' lang='lat' dir='ltr'><strong>alteram</strong></span> <span class='ocrx_word' id='word_1_655' title='bbox 2936 5814 3538 5894; x_wconf 85' lang='lat' dir='ltr'><strong>interpretationem</strong></span> <span class='ocrx_word' id='word_1_656' title='bbox 3583 5842 3723 5888; x_wconf 92' lang='lat' dir='ltr'><strong>cum</strong></span> 
     </span>
    </p>
   </div>
   <div class='ocr_carea' id='block_1_63' title="bbox 483 5867 3725 5994">
    <p class='ocr_par' dir='ltr' id='par_1_63' title="bbox 483 5867 3725 5994">
     <span class='ocr_line' id='line_1_64' title="bbox 483 5867 3725 5994; baseline 0.018 -65"><span class='ocrx_word' id='word_1_657' title='bbox 483 5867 897 5934; x_wconf 69' lang='lat' dir='ltr'><strong>Eucharistim</strong></span> <span class='ocrx_word' id='word_1_658' title='bbox 954 5872 1020 5936; x_wconf 90' lang='lat' dir='ltr'><strong>in</strong></span> <span class='ocrx_word' id='word_1_659' title='bbox 1057 5891 1283 5955; x_wconf 83' lang='lat' dir='ltr'><strong>azymo</strong></span> <span class='ocrx_word' id='word_1_660' title='bbox 1341 5897 1501 5960; x_wconf 88' lang='lat' dir='ltr'><strong>pane</strong></span> <span class='ocrx_word' id='word_1_661' title='bbox 1536 5883 1946 5956; x_wconf 89' lang='lat' dir='ltr'><strong>institutione</strong></span> <span class='ocrx_word' id='word_1_662' title='bbox 2005 5900 2384 5964; x_wconf 77' lang='lat' dir='ltr'><strong>consistere.</strong></span> <span class='ocrx_word' id='word_1_663' title='bbox 2422 5903 2636 5983; x_wconf 86' lang='lat' dir='ltr'><strong>Longe</strong></span> <span class='ocrx_word' id='word_1_664' title='bbox 2672 5923 2948 5987; x_wconf 83' lang='lat' dir='ltr'><strong>namque</strong></span> <span class='ocrx_word' id='word_1_665' title='bbox 2980 5867 3472 5994; x_wconf 54' lang='lat' dir='ltr'><strong>hmcrposterior</strong></span> <span class='ocrx_word' id='word_1_666' title='bbox 3511 5867 3725 5987; x_wconf 45' lang='lat' dir='ltr'><strong>ditari</strong></span> 
     </span>
    </p>
   </div>
  </div>
