2003 3272
125 299 163 332 ac
564 296 614 327 an
633 292 930 327 ancorarum
948 291 1086 324 GESTIS
1106 292 1156 324 ET
1174 274 1361 327 scatens.
1742 293 1776 327 το

124 354 166 388 ab
187 362 226 387 ea
240 352 428 386 Graeci-um
443 351 636 392 opinatione
658 350 700 382 de
723 349 851 382 Christo
875 349 1055 389 legitimum
1079 347 1196 388 pascha
1222 348 1455 389 prmvenienie,
1470 356 1507 380 ac
1522 349 1562 380 ad
1589 355 1690 388 panes
1712 348 1764 381 fer

127 406 290 437 mentatos
311 406 383 443 post
408 402 480 442 ejus
503 400 759 433 celebrationem
788 398 962 430 redeunte.
994 397 1062 427 lmo
1087 397 1234 437 legitimo
1260 401 1407 437 tempore
1428 397 1546 437 pascha
1566 405 1665 429 suum
1691 397 1770 430 cole.

127 452 234 485 bravit
245 451 304 483 ille
320 454 467 490 tempore
497 449 585 490 quod
601 448 707 480 Judaei
721 447 773 480 vel
785 455 900 480 eorum
918 445 1084 486 pontiﬁces
1100 453 1136 477 ac
1153 445 1312 490 primores
1329 454 1393 478 non
1411 450 1584 477 servarunt
1600 457 1608 477 :
1625 447 1775 486 adeoque

127 501 222 533 locus
253 508 319 537 non
337 503 405 537 erat
432 502 467 530 ut
485 498 525 529 ad
549 495 762 528 fe‘rmentatos
789 503 889 535 panes
919 495 1041 526 rediret
1072 494 1235 527 Christus.
1264 495 1431 526 Posterior
1452 494 1522 526 haec
1541 495 1775 534 interpretatio

129 549 233 590 magis
249 548 410 589 placuisse
426 545 669 585 TheOphylacto
686 544 828 576 videtur.
845 544 922 574 Eam
935 543 997 583 jam
1023 542 1196 575 tradiderat
1210 542 1245 575 in
1261 542 1505 575 Commentario
1521 543 1563 574 ad
1577 544 1774 582 Matt/tamn,

128 599 234 638 capite
256 606 347 635 xxvi,
372 606 403 629 v.
422 597 473 628 59.
486 607 507 629 κ(
531 594 581 627 Ad
608 593 765 634 Caipham
780 593 906 625 ducunt
924 594 1052 629 Iesum,
1070 593 1238 633 inquiens,
1255 602 1329 625 nam
1357 592 1412 624 ille
1440 596 1507 625 erat
1526 592 1673 632 pontifex
1696 594 1776 625 anni

128 647 224 680 illius
241 655 249 676 τ
267 647 321 678 ubi
338 649 370 678 et
394 645 515 686 reliqui
541 643 781 684 pernoctabant,
797 645 835 683 μὴ
846 647 918 681 φάγο

997 645 1060 672 τότε
1073 646 1105 673 τὺ
1121 646 1226 682 πάσχα,
1242 651 1307 673 non
1323 641 1519 673 comedentea
1542 646 1619 673 tunc
1630 643 1776 682 pascha,-

128 697 191 727 sed
220 698 445 736 exspectantes
478 696 514 725 ut
537 692 722 724 occiderent
755 691 919 722 Dominun

988 695 1025 722 tat
1055 695 1235 731 παραδάντις
1259 696 1307 723 τὸν
1336 696 1433 732 νόμον,
1463 696 1494 723 at
1523 693 1779 732 precarii-antea

127 744 226 785 legem
251 769 258 776 .
280 749 295 776 6
310 749 361 784 μὲν
375 748 431 783 γὰρ
448 746 552 782 Κύριος
566 745 638 772 κατὰ
652 744 698 772 τὸν
714 744 913 780 νενομισμένον
932 743 1031 780 καιρὸν
1051 743 1168 779 ἔφαγεη
1188 745 1289 772 ἐκεῖνοι
1303 744 1343 777 δι,
1367 745 1412 772 ἵνα
1431 745 1514 781 μόνον
1527 745 1714 772 ἀποκτείνωσι
1727 745 1779 772 τὸν

132 797 249 833 Κύριον,
265 794 468 833 καταφρονοῦσι
495 794 544 822 καὶ
564 793 613 821 τοῦ
631 793 731 828 νόμου,
748 788 908 819 Dominus

988 787 1026 819 im
1053 786 1128 828 ipso
1149 788 1288 829 legitimo
1315 794 1455 829 tempore
1481 788 1658 820 eomederat
1685 799 1695 819 :
1723 788 1779 819 illi‘

133 849 211 873 vero
227 843 434 872 contemnunt
450 839 559 878 legem,
582 838 678 869 modo
698 836 847 868 occidant
863 835 1040 868 Christum.
1060 848 1075 866 in
1093 838 1188 868 Suam
1217 836 1367 877 patefacit
1394 841 1535 869 mentem
1560 837 1685 877 absque
1708 837 1775 869 ulla

131 890 279 922 ambage.

170 898 225 921 una
250 899 279 921 e.

170 898 282 969 δαείη
300 944 353 973 eo.
372 944 470 977 quem
485 934 718 975 expendimus,
738 932 811 965 loco
829 933 1062 965 Commentarii
1087 930 1122 964 in
1138 933 1322 965 Mauth
1338 934 1482 966 enormis
1498 933 1640 966 occurrit
1657 933 1775 971 depra-

124 987 217 1018 vatio
239 987 271 1017 in
298 985 467 1025 aliquibus
490 983 674 1020 codicibus,
693 986 725 1014 et
750 982 785 1013 in
804 986 892 1013 textu
922 982 1031 1013 Romae
1058 990 1094 1013 ac
1111 982 1246 1013 Parisiis
1274 982 1375 1014 edito.
1394 994 1408 1011 α
1424 982 1566 1014 Primam
1584 982 1781 1022 Azymorum

129 1035 220 1067 diem
243 1037 344 1071 vocat,
367 1041 442 1073 qua:
465 1032 554 1064 diem
580 1033 779 1072 Azymorum
794 1031 917 1070 prmoed

985 1031 1018 1062 Ut
1032 1031 1175 1071 exempli
1195 1032 1295 1071 gratia
1323 1031 1427 1063 dicam
1445 1043 1453 1064 :
1470 1037 1510 1073 Τῇ
1538 1036 1706 1072 παρασκευή
1729 1035 1776 1063 εσ-

129 1089 219 1125 πέρας
240 1086 356 1123 ιμιλλόν
368 1086 469 1113 ἐκεῖνοι
487 1086 586 1121 φαγεῖν
607 1083 638 1112 τὸ
652 1083 757 1119 πάσχα,
773 1079 920 1110 Parascet

990 1088 1098 1119 capere
1111 1078 1340 1111 manducaturt'
1368 1085 1461 1112 erant
1487 1082 1619 1122 pascha,
1637 1085 1686 1113 καὶ
1706 1084 1777 1121 αὕτη

129 1137 258 1166 tantum
274 1136 330 1163 τῶν
345 1135 485 1171 ’Δζύμων,
503 1134 531 1161 et
550 1129 620 1169 ipsa
635 1127 860 1168 appellabatur
882 1127 1084 1168 Azymorum.
1103 1128 1264 1159 Dominus
1285 1128 1385 1168 igitur
1409 1129 1507 1160 mittit
1530 1128 1711 1169 discipulos
1728 1128 1779 1160 die

129 1182 255 1223 quinto,
278 1187 377 1221 quem
405 1177 550 1211 nominat
571 1176 773 1216 evangelista
796 1176 920 1216 primum

985 1176 1172 1216 lzymorum,
1196 1180 1230 1208 ut
1246 1178 1303 1217 qui
1324 1182 1378 1217 πρὸ
1397 1181 1450 1218 ’ἑῆς
1473 1182 1670 1218 Παρασκευῆς,
1702 1182 1776 1209 ante

129 1229 329 1261 Parnassos»
344 1232 425 1259 eaut
444 1237 455 1258 :
473 1231 542 1259 καθ’
557 1230 593 1266 ἢν
612 1229 795 1265 Παρασκιυῆν
812 1228 845 1264 τῆ
863 1229 920 1256 tam

996 1235 1057 1266 qua
1071 1225 1244 1257 Parasceee
1260 1234 1387 1266 vespere
1402 1226 1604 1258 concedebant
1617 1236 1739 1267 azyma.
1762 1238 1776 1255 υ

128 1277 279 1309 Immone
299 1275 417 1308 vitium
436 1275 513 1316 quis
528 1282 594 1306 non
619 1274 746 1306 videat?
763 1272 971 1312 lneptissiina
991 1282 1069 1304 sane
1090 1272 1146 1305 illa
1175 1274 1270 1311 ratio,
1294 1274 1377 1306 diem
1397 1275 1544 1316 quintum
1563 1276 1639 1307 ideo
1657 1275 1777 1315 appel-

130 1325 233 1358 latum
258 1325 400 1366 primum
426 1323 630 1364 Azymarum,
646 1322 724 1362 quia
748 1321 799 1352 die
825 1325 916 1352 texto
930 1343 938 1359 ,
955 1331 1015 1354 seu
1036 1323 1222 1358 Parasceve.
1237 1331 1366 1363 vespere
1391 1332 1501 1364 azyma
1524 1322 1777 1356 comedebantur.

129 1374 252 1407 Vocem
266 1374 458 1406 Paraeceeea
471 1372 549 1413 quis
563 1379 628 1403 non
646 1369 868 1411 deprehendat
889 1375 1012 1403 temere
1027 1371 1210 1403 invectam?

171 1434 258 1466 Huic
273 1434 464 1466 adversatur
478 1430 612 1464 lectioni
627 1430 719 1463 locus
729 1430 964 1470 Theophylacti
978 1431 1011 1461 in
1025 1430 1240 1470 Evangelium
1257 1430 1352 1462 Luc-aa
1363 1432 1467 1472 capite
1482 1441 1566 1470 uti,
1583 1441 1613 1463 ν.
1629 1434 1649 1463 ’1
1665 1443 1673 1463 :
1692 1435 1780 1472 'Hpt.

130 1497 186 1529 ραν
200 1487 250 1516 οὖν
269 1487 396 1523 ’Δζῡμων
409 1487 486 1522 λέγει
505 1485 556 1522 τὴν
569 1485 710 1521 πέμπτην,
721 1481 756 1521 ἧς
769 1484 804 1520 τῇ
820 1484 921 1520 ἑσπέρᾳ

990 1482 1055 1529 ;λλᾳν
1070 1483 1145 1529 etiam
1161 1485 1192 1512 τὸ
1220 1486 1315 1523 πάσχοι
1334 1491 1342 1500 ’
1359 1481 1442 1513 diem
1460 1481 1564 1521 igitur
1589 1482 1781 1521 Azymorum

130 1527 213 1565 dicit
232 1533 391 1573 quintum,
410 1530 453 1562 ad
485 1530 577 1571 cujus
603 1538 767 1569 vesperam
789 1529 909 1569 pascha
931 1527 1158 1561 immolandum
1174 1534 1254 1561 erat.
1286 1531 1402 1562 Eidem
1425 1529 1557 1561 lectioni
1589 1531 1782 1561 adversatur

132 1582 268 1613 Graecus
293 1581 417 1615 codex,
445 1586 517 1619 quo.
538 1586 619 1610 usus
642 1581 692 1609 est
723 1576 1010 1617 OEcelampadius.
1034 1577 1256 1611 Adversantur
1274 1579 1371 1611 etiam
1401 1579 1540 1611 Romani
1572 1578 1612 1610 ab
1637 1579 1782 1610 Arcadio

131 1631 217 1661 libro
233 1630 261 1660 Il
279 1630 324 1660 De
349 1631 545 1659 sacramento
570 1625 796 1662 Euchariatiw,
814 1621 966 1665 capitoli,
984 1628 1015 1656 et
1033 1626 1234 1659 Parisienses
1262 1632 1281 1659 a
1307 1627 1478 1668 Lequieno
1495 1627 1732 1660 Dissertatione
1750 1636 1783 1659 v1

130 1677 380 1716 Damascenica},
395 1685 485 1707 num.
517 1675 631 1712 XLIII,
657 1673 851 1714 diligentius
870 1673 1020 1712 inspecti,
1038 1674 1072 1705 in
1093 1675 1216 1715 quibus
1243 1676 1286 1708 ita
1305 1675 1425 1717 legitur
1445 1687 1453 1707 :
1472 1676 1512 1708 Ut
1531 1676 1578 1707 sic
1600 1675 1715 1714 dicam,
1745 1682 1781 1717 τῇ

130 1727 252 1762 πέμπτη
265 1726 387 1762 ἑσπέρας
398 1724 514 1761 εμελλον
529 1723 633 1751 indvat
647 1724 746 1759 φαγεῖν
757 1722 789 1750 se
806 1722 900 1758 πάσχα
911 1730 919 1737 ·
936 1721 988 1757 μεθ
997 1722 1004 1733 ’
1015 1723 1049 1757 ἦν
1059 1723 1215 1759 ιπιφώσκει
1229 1725 1246 1760 ἡ
1259 1723 1428 1761 Παραᾱκευῆ
1447 1745 1454 1753 .
1474 1724 1576 1760 Πρώτη
1595 1724 1651 1751 τῶν
1666 1724 1783 1758 ἀζύμων

129 1771 257 1799 ἐκαλεῖτο
281 1770 360 1806 παρὰ
386 1769 426 1804 τῷ
455 1769 545 1804 νόμῳ,
568 1764 614 1795 οἷα
648 1767 681 1804 δὴ
701 1766 753 1802 τῆς
779 1766 877 1803 ιορτῆς
903 1766 920 1793 ἁ

991 1767 1060 1802 ,ένης
1091 1767 1145 1795 ἀπὸ
1174 1768 1225 1804 τῆς
1258 1768 1400 1804 ἑσπέρας,
1432 1768 1501 1796 καθ’
1533 1768 1568 1804 ἢν
1590 1768 1719 1804 {protev-ro
1747 1769 1782 1796 τὰ

129 1820 252 1856 ἄζυμαο
270 1815 391 1853 Quinta
411 1814 495 1855 feria
522 1821 652 1853 vespere
678 1811 904 1843 manducaturt'
936 1816 1027 1842 erant
1051 1813 1183 1852 pascha,
1209 1819 1282 1854 post
1311 1823 1404 1854 quam
1432 1814 1566 1845 lucescit
1594 1814 1781 1846 Parascevr.

130 1862 245 1896 Prima
273 1862 465 1902 Azymorum
493 1860 672 1893 vocabatur
694 1861 729 1892 in
750 1860 827 1900 lege,
854 1869 890 1890 eo
914 1859 1000 1900 quod
1022 1860 1138 1900 festum
1164 1861 1355 1903 inciept'ebat
1377 1872 1396 1893 a
1416 1871 1561 1902 vespera,
1585 1871 1648 1902 qua
1670 1871 1783 1902 azyma

129 1911 389 1945 comedebautur.
425 1910 564 1951 Egregie
593 1913 775 1941 consonant
809 1909 931 1941 omnia.
961 1909 1126 1940 Laudatus
1157 1910 1348 1951 Lequienus
1381 1911 1451 1943 loco
1482 1911 1580 1942 citato
1612 1911 1781 1948 observat,

131 1960 275 2001 Regium
297 1958 516 1991 Parisiensem
543 1957 690 1990 codicem
711 1965 810 1999 quem
835 1956 985 1995 contulit,
1011 1968 1026 1985 α
1048 1958 1087 1988 ad
1103 1959 1247 1990 auctoris
1267 1963 1393 1991 aetatem
1424 1959 1676 2000 quamproxime
1690 1967 1782 1991 acce-

129 2009 224 2042 dere.
246 2020 261 2037 ιι
278 2008 367 2039 Inter
383 2006 511 2039 codices
529 2007 663 2038 Venetas
675 2005 847 2038 Marciana;
858 2005 1064 2039 bibliothecae
1080 2014 1189 2038 veram
1206 2006 1381 2040 lectionem
1397 2007 1515 2039 habent
1531 2008 1610 2046 duo,
1627 2008 1668 2049 29
1685 2012 1716 2040 et
1729 2008 1780 2046 30,

131 2055 348 2097 vitiatumque
363 2058 488 2086 textum
507 2058 634 2094 praestat
648 2054 751 2086 codex
766 2053 817 2085 31.

171 2117 305 2151 Similes
323 2117 457 2149 fortasse
482 2119 591 2147 textus
614 2116 837 2155 interpolatori
855 2124 966 2148 ansam
987 2117 1149 2155 dederint,
1166 2126 1250 2159 quos
1277 2118 1311 2149 in
1334 2117 1409 2150 aliis
1438 2118 1577 2150 Matthmi
1601 2116 1781 2158 expositio-

128 2166 247 2204 nibus,
275 2168 331 2197 aut
356 2164 486 2197 Catenis
512 2164 644 2204 legeret,
665 2168 699 2196 ut
732 2164 967 2205 TheOphylacti
1000 2166 1107 2198 locum
1132 2167 1336 2206 depravaret.
1362 2168 1399 2198 In
1417 2176 1455 2199 ea
1485 2167 1601 2207 utique
1633 2166 1780 2207 ejusdem

131 2215 344 2255 evangelistae
368 2213 586 2253 expositione,
616 2222 688 2251 quin
720 2213 752 2244 in
782 2215 892 2245 codice
922 2216 961 2245 26
994 2215 1127 2247 Venetae
1147 2216 1255 2247 Sancti
1281 2216 1380 2248 Marci
1396 2215 1603 2247 bibliothecae
1624 2216 1782 2247 tribuitur

130 2265 252 2298 Nicetis
282 2263 429 2303 episcopo
460 2260 668 2300 metropoleos
700 2262 872 2301 Naupacti,
901 2272 935 2293 ac
964 2264 1062 2295 etiam
1083 2264 1331 2306 Theophylacto
1360 2264 1527 2305 aliquibus
1547 2264 1580 2295 in
1610 2264 1780 2296 codicibus

131 2313 255 2344 tributa
285 2312 417 2347 dicitur,
450 2314 485 2341 ut
514 2311 742 2341 adnotavimus
768 2320 857 2341 num.
883 2312 922 2341 58

992 2312 1066 2343 dem
1093 2313 1162 2345 fere
1179 2315 1277 2346 verba
1304 2314 1457 2354 leguntur
1478 2325 1486 2347 :
1512 2320 1630 2355 [Ιρώτην
1655 2317 1703 2346 οὖν
1725 2318 1780 2346 τῶν

136 2362 268 2397 ’Δζύμων
285 2359 404 2387 ἐνταῦθα
427 2359 495 2394 φησὶ
508 2360 522 2385 ὸ
538 2358 680 2390 Ματθαῖος
695 2359 744 2394 τὴν
768 2360 821 2394 πρὸ
840 2361 893 2386 τῶν
927 2359 1055 2395 ’Λζύμων
1079 2361 1190 2398 ἡμέραν
1208 2362 1269 2398 (τὴν
1287 2364 1519 2400 τρισκαιδεκάτην
1536 2365 1586 2400 μὲν
1609 2365 1657 2391 τοῦ
1683 2363 1779 2399 μηνὸς,

131 2406 265 2441 πὲμπτην
289 2405 339 2439 τῆς
362 2403 532 2439 ἑϐδομάδος).
550 2401 612 2429 Οἵον
625 2412 650 2429 τι
673 2404 755 2437 λέγω,
770 2406 802 2438 τῇ
822 2405 988 2442 Παρασκευῇ
1007 2406 1129 2440 ἑσπέρας
1141 2406 1254 2442 ἔμελλον
1265 2407 1290 2434 ei
1319 2408 1443 2435 Ἰουδαῖοι
1454 2410 1552 2444 φαγεῖν
1566 2409 1597 2436 ea
1609 2408 1714 2444 πάσχα,
1733 2407 1780 2435 καὶ

131 2456 207 2493 αὕτη
229 2454 355 2482 ἐκαλεῖτο
372 2453 426 2480 τῶν
448 2453 583 2488 Ἀζύμων.
601 2448 740 2478 Primam
752 2449 922 2487 Azymorzu

988 2459 1016 2480 )c
1037 2450 1105 2480 loco
1130 2450 1209 2481 dicit
1227 2451 1407 2490 Matlhwus,
1424 2462 1492 2493 qua:
1505 2452 1656 2493 pracedi’t
1671 2461 1779 2492 azyma

131 2501 274 2543 (tertiam
300 2498 451 2530 decimam
470 2498 597 2533 mensis,
624 2499 767 2536 quintam
792 2497 991 2529 habdomadw
1020 2498 1126 2539 diem).
1158 2499 1259 2530 Ulita
1287 2501 1391 2531 dicam
1410 2501 1619 2539 :Parasceve,
1638 2509 1777 2540 vespere,

128 2548 238 2582 Judaei
255 2546 480 2578 manducaturi
504 2550 595 2576 erant
617 2548 751 2585 pascha,
774 2552 801 2577 el
827 2548 898 2585 ipsa
923 2546 1146 2587 appellabatur
1171 2549 1377 2588 Azymorum.
1403 2550 1480 2581 Sine
1498 2549 1599 2581 dubio
1616 2549 1779 2581 sententia

130 2605 248 2630 eorum
266 2596 332 2627 haec
348 2600 407 2631 est,
426 2595 483 2634 qui
496 2595 659 2626 Christum
678 2604 740 2625 una
764 2596 816 2626 die
835 2596 1016 2640 legitimum
1035 2597 1232 2636 praevenisse
1251 2597 1382 2634 Pascha,
1400 2598 1576 2637 ipsumque
1596 2597 1781 2630 celebrasse

130 2646 187 2678 die
205 2644 299 2677 tertia
314 2644 440 2675 decima
462 2642 625 2673 tenebant.
647 2644 766 2674 Eadem
787 2652 880 2683 porro
906 2644 966 2675 hoc
981 2645 1017 2676 in
1035 2645 1105 2676 loco
1121 2645 1217 2676 verba
1234 2649 1321 2682 sunt,
1337 2655 1410 2686 quae
1424 2646 1589 2685 [XXXIII]
1604 2649 1779 2677 occurrunt

129 2694 166 2726 in
184 2693 297 2725 vitiato
309 2696 399 2723 textu
416 2691 662 2731 'I‘heOphylacti.
681 2692 773 2722 Haud
791 2692 955 2723 absimilia
970 2693 1110 2734 legimus
1126 2694 1159 2725 in
1183 2695 1287 2733 prima
1306 2695 1392 2734 apud
1420 2695 1592 2726 Possinum
1609 2695 1727 2727 Catena
1743 2694 1778 2726 in

129 2742 318 2774 Matthmum
339 2750 346 2772 :
365 2752 380 2769 α
404 2741 541 2771 Primam
558 2742 755 2779 Azymorum
770 2740 859 2776 dicit,
877 2749 949 2780 qum
971 2741 1123 2780 praecedit
1140 2746 1333 2780 Azymorum
1353 2741 1439 2772 diem
1458 2742 1606 2781 primam.
1624 2742 1774 2773 Consue-

130 2795 252 2823 veruut
271 2789 360 2822 enim
375 2789 494 2827 Judmi,
519 2798 535 2819 a
557 2798 692 2828 vespera
721 2798 893 2820 numerare
911 2790 982 2820 dies
1002 2799 1010 2820 :
1028 2793 1061 2821 et
1077 2790 1148 2830 ejus
1164 2789 1244 2828 diei,
1260 2790 1294 2821 in
1318 2789 1402 2821 festo
1418 2790 1547 2822 Pascha;
1562 2790 1775 2826 recensendo,

130 2840 252 2872 habere
284 2839 457 2876 rationem,
491 2846 557 2877 qua
583 2838 645 2869 sub
676 2847 844 2877 vesperam
878 2838 998 2877 paratis
1022 2838 1146 2878 azymis
1177 2847 1281 2878 agnus
1307 2839 1558 2871 sacriﬁcabatur.
1579 2851 1593 2869 ιι
1611 2839 1777 2871 Hactenus

128 2887 330 2922 conveniunt
346 2887 468 2919 omnia.
486 2887 641 2927 Sequitur
655 2890 763 2917 textus
782 2900 789 2919 :
817 2892 863 2918 ‘av
886 2892 919 2927 γὸ

986 2914 988 2927 ,
1012 2892 1184 2928 Παρασκευῇ
1210 2893 1335 2928 ἑσπέρας
1362 2892 1478 2929 ἔμελλον
1502 2893 1601 2920 ἐκεῖνοι
1622 2893 1722 2928 φαγεῖν
1746 2892 1777 2919 τδ

129 2942 236 2980 πάσχα,
256 2936 431 2968 Par-ascen
455 2935 535 2966 enim
550 2944 678 2975 vespera
693 2936 922 2968 manducaturi
947 2941 1038 2968 erant
1066 2937 1201 2969 Pascha.
1219 2938 1266 2968 En
1293 2939 1413 2969 iterum
1431 2936 1529 2970 verba
1545 2937 1579 2969 in
1596 2936 1775 2977 Theuphy-

131 2985 208 3019 lacti
237 2984 345 3017 locum
374 2983 513 3016 invecta.
535 2983 676 3015 Audacis
700 2985 941 3024 interpolatoris
973 2986 1151 3018 consilium
1175 2986 1279 3018 fuisse
1307 2987 1481 3026 perspicue
1505 2989 1602 3026 patet,
1618 2989 1654 3018 ut
1679 2986 1778 3018 verba

131 3032 371 3074 Theophylacti
390 3033 425 3064 in
438 3040 509 3064 eam
528 3032 713 3064 Graecorum
732 3035 939 3072 sententiam,
962 3035 1172 3075 corruptione
1196 3034 1337 3072 invema,
1355 3034 1556 3073 deﬂecteret,
1574 3043 1647 3076 quea
1662 3036 1775 3067 Iesum

102 3219 274 3272 enus
295 3226 401 3272 15;“.-
