4006 6476
535 447 609 521 σν
1391 436 1616 512 ΜΒΝ.
1657 443 1927 509 MAR”!
1967 437 2067 507 DE
2111 445 2117 506 1

2209 438 2320 506 [ΒΕ
2327 441 2398 507 IS
2435 440 2941 508 DISSERTATIO
3723 439 3791 505 σε

537 576 914 646 azymorum
952 577 1146 624 usum
1198 549 1580 624 non‘iuisse
1639 552 1990 622 interamus
2029 580 2044 620 :
2079 557 2180 621 vel
2225 551 2576 637 perfecisse
2633 558 2924 639 quidem,
2972 554 3086 620 sed
3136 562 3285 620 ante
3350 559 3634 639 tempus,
3660 577 3791 643 quo

542 660 933 727 fermentum
973 656 1542 730 exterminahatur,
1579 662 1647 716 ut
1676 661 1829 717 tunc
1864 655 2053 717 etiam
2088 654 2272 734 panis
2304 655 2723 716 fermentatus
2751 653 3185 716 inveniretur.
3228 655 3375 717 Hoc
3407 654 3582 718 enim
3625 671 3790 722 non-

540 754 705 823 nnlii
740 757 934 819 nimis
967 756 1266 818 audacter
1296 755 1626 816 dixerunt.
1661 755 1797 815 Non
1831 752 2034 832 igitur
2076 751 2326 834 aliquid
2375 766 2625 822 eorum,
2655 765 2800 832 qua
2851 750 2938 812 ita
2991 748 3159 812 dicta
3219 757 3395 819 sunt,
3427 766 3665 816 rursus
3719 752 3790 818 in

521 855 828 917 .r'nedinm
859 851 1115 916 an‘eram
1147 871 1182 908 :-
1201 867 1415 930 neque
1443 849 1616 911 enim
1642 848 1792 910 licet
1826 849 2129 928 mysteria
2164 848 2447 910 veritatis
2483 848 2817 910 mendacio
2848 846 3359 911 conﬂrmare.....
3388 847 3553 923 Qun
3591 848 3794 930 ίςίιαιι

533 951 854 1018 Sententia
907 960 1044 1010 mea
1078 950 1222 1009 est?
1250 949 1398 1010 Haec
1435 946 1682 1009 scilicet
1716 965 1730 1005 :
1767 944 2112 1006 Dominum
2168 946 2392 1008 Iesum
2426 945 2751 1007 Christum
2790 945 3152 1008 comedisse
3208 944 3464 1020 pascha,
3499 955 3559 1009 tv
3612 952 3794 1027 κιφδ

536 1061 632 1114 καὶ
660 1058 756 1113 Osi
795 1057 832 1126 ἡ
881 1053 997 1126 ὥρα
1067 1051 1307 1119 ἐγένετο,
1336 1060 1460 1105 suo
1491 1050 1799 1119 tempore,
1834 1044 1895 1101 et
1922 1055 2068 1103 cum

2211 1059 2273 1106 ra
2304 1042 2452 1118 fuit,
2486 1048 2905 1123 prmparatum
2935 1057 2970 1104 a
3013 1040 3354 1119 discipulis
3404 1049 3467 1104 et
3525 1041 3793 1108 domino

531 1140 785 1219 domos,
823 1154 969 1208 κατὰ
995 1155 1057 1208 τδ
1083 1153 1209 1216 too;
1232 1147 1455 1220 δηλαδὴ,
1486 1150 1579 1200 χαι
1607 1145 1707 1198 οὐκ
1733 1143 1933 1208 ἄλλως,
1971 1133 2113 1196 vide

2205 1148 2273 1201 :et
2296 1140 2480 1219 juxta
2539 1146 2950 1214 consuetum,
2983 1146 3044 1200 et
3079 1153 3206 1200 non
3231 1138 3442 1200 aliter.
3474 1138 3787 1220 Alioquin

532 1243 880 1305 novitatem
937 1243 1112 1304 illam
1165 1240 1529 1301 adnotasset
1573 1233 2100 1313 Evangelium....
2134 1237 2513 1301 Comedisse
2546 1246 2760 1298 autem
2803 1234 3033 1315 pascha
3067 1233 3269 1314 legale
3306 1236 3511 1314 prius.
3549 1237 3790 1301 deinde

531 1346 592 1399 et
625 1340 1000 1418 mysterium
1034 1338 1135 1399 sui
1173 1332 1488 1414 paschalis
1521 1330 1862 1392 tradidisse
1895 1326 2238 1432 discipulis
2269 1341 2349 1389 ex
2389 1339 2577 1432 pane,
2614 1324 2727 1432 qui
2776 1335 2928 1432 tunc
2960 1325 3262 1432 inventus
3301 1333 3424 1432 est.
3488 1330 3711 1404 Εὕρητυ

527 1436 832 1504 τηνικαῦτα
891 1437 1118 1507 attinet.
1155 1433 1453 1493 inventus
1485 1435 1822 1491 estautem
1856 1425 2039 1507 panis
2086 1440 2109 1488 ε

2210 1439 2378 1488 mus.
2416 1444 2447 1480 ι
2473 1419 3028 1503 Thwphylactum
3060 1421 3186 1483 sibi
3216 1438 3293 1483 ex
3327 1421 3644 1486 diametro
3675 1425 3787 1488 ad-

531 1529 893 1586 iersantem
925 1527 1128 1588 Graeci
1164 1526 1419 1588 habent.

609 1620 707 1684 δι.
755 1621 899 1684 Haec
947 1624 1170 1685 eadem
1217 1639 1396 1684 mens
1434 1629 1531 1684 est
1569 1620 1862 1701 ejusdem
1911 1637 1983 1683 ac
2027 1617 2348 1682 sententia
2401 1617 2463 1680 in
2501 1617 2991 1680 Commentariis
3040 1617 3116 1680 ad
3155 1618 3522 1681 Hatthtzum
3562 1627 3627 1683 et
3658 1619 3785 1681 Lu-

529 1737 683 1781 cam.
722 1719 932 1781 Aﬂero
963 1721 1264 1796 primum,
1308 1734 1451 1798 quas
1473 1718 1612 1797 ejns
1645 1716 1962 1780 habentur
1997 1715 2186 1781 verba
2217 1715 2294 1779 ad
2325 1722 2514 1795 caput
2538 1731 2694 1777 xxvr
2720 1714 3022 1787 Matthaai,
3055 1733 3111 1783 v.
3149 1716 3251 1777 20.
3289 1737 3317 1772 ι
3365 1718 3626 1797 Vespera
3663 1738 3782 1781 au-

529 1806 844 1893 tem'racto
879 1815 1322 1885 discumbebat,
1357 1822 1476 1877 etc.
1517 1817 1603 1876 Es
1636 1812 1754 1876 hoc
1802 1820 2024 1892 putant
2064 1813 2348 1892 quidam,
2382 1811 2557 1894 quod
2594 1811 2713 1875 hoc
2741 1828 2910 1874 anno
2947 1828 3075 1873 non
3107 1815 3458 1876 comederit
3493 1815 3784 1880 Christus

534 1911 788 1990 pascha.
830 1913 1063 1974 Dicunt
1137 1913 1334 1983 enim,
1391 1911 1563 1989 quod
1608 1909 1847 1972 stantes
1902 1908 2318 1971 comedebant
2375 1923 2665 1988 agnum:
2719 1907 3008 1969 Christus
3063 1919 3276 1971 autem
3333 1913 3783 1988 recumbebat;

530 2007 726 2087 igitur
781 2009 1011 2087 pascha
1045 2024 1167 2068 non
1204 2008 1504 2069 comedit.
1550 2005 1835 2066 Dicimus
1877 2004 2118 2083 itaque,
2160 2005 2333 2085 quod
2376 2006 2554 2083 pr‘us
2589 2002 2817 2082 pascha
2857 2004 3110 2083 (legale)
3145 2010 3725 2088 stans.comederit
3764 2031 3780 2071 :

528 2103 766 2167 deinde
790 2103 1168 2166 recumbens
1212 2103 1470 2164 tradidit
1506 2118 1697 2163 suum
1739 2107 2228 2164 sacramentum.
2268 2126 2296 2159 ι
2331 2103 2609 2164 Mentem
2651 2102 2779 2180 jam
2817 2118 2996 2162 suam
3034 2105 3238 2181 aperit
3277 2123 3288 2164 :
3327 2106 3542 2168 minus
3575 2115 3782 2171 tamen

528 2216 599 2262 se
634 2199 911 2278 peritum
944 2199 1178 2278 prmbet
1203 2201 1267 2260 in
1308 2200 1679 2260 Iudaeorum
1714 2196 2026 2260 moribus.
2064 2198 2348 2279 Magistri
2411 2215 2634 2260 eorum
2669 2200 2920 2270 docent,
2956 2216 3192 2276 agnum
3231 2218 3388 2264 suos
3421 2204 3781 2267 comedisse

525 2301 792 2365 stantes,
825 2300 885 2355 et
916 2311 1059 2355 cum
1097 2294 1342 2358 baculis
1378 2307 1508 2372 pres
1553 2295 1852 2358 manibus
1884 2310 1958 2355 ea
2001 2300 2185 2355 nocte
2240 2310 2365 2372 qua
2412 2310 2488 2354 ex
2536 2294 2812 2372 Egypto
2871 2294 3217 2370 prolecturi
3258 2306 3476 2371 erant;
3512 2300 3780 2364 minima

528 2405 682 2451 vero
739 2389 1103 2451 sulisecutis
1135 2392 1535 2470 temporibus
1587 2391 1749 2452 ritus
1782 2405 1893 2452 eos
1942 2389 2270 2452 observari
2312 2389 2641 2464 debuisse,
2676 2407 2890 2470 neque
2947 2394 3164 2472 peragi
3226 2392 3577 2475 hodieque.
3617 2397 3778 2460 Vide

528 2486 802 2548 Leonem
845 2484 1274 2548 Mutinensem
1329 2495 1502 2565 parte
1545 2504 1613 2548 III
1669 2487 1755 2547 De
1787 2488 2019 2550 ritibus
2081 2484 2514 2560 chmorum,
2567 2487 2963 2549 Buxtoriium
3003 2489 3071 2550 in
3119 2489 3454 2570 Synagoga
3502 2490 3780 2554 Iudaica

527 2583 730 2662 capite
762 2583 859 2657 18,
902 2584 1261 2644 Simonium
1301 2585 1364 2646 in
1397 2575 1689 2646 Historia
1718 2585 1945 2646 critica
1983 2585 2063 2647 Ν.
2102 2585 2167 2645 T.
2207 2593 2380 2646 tomo
2417 2585 2520 2658 IV,
2557 2586 2757 2663 capite
2790 2585 2892 2660 28,
2925 2601 3064 2666 pag.
3096 2586 3242 2660 398,
3278 2595 3339 2649 et
3377 2589 3778 2669 Loquienum

529 2681 989 2745 Dissertatione
1016 2700 1080 2741 vi
1108 2682 1578 2751 Damascenica.
1610 2698 1792 2752 num.
1827 2681 2189 2743 XXXVIII.

606 2779 700 2840 Ad
730 2795 977 2841 comma
1035 2782 1108 2840 I7
1152 2781 1523 2856 procedens
1563 2779 1696 2841 hoc
1754 2785 1908 2842 sunt
1945 2777 2460 2841 luculentissima
2507 2777 2974 2857 TheOphylacti
3013 2779 3206 2845 verba
3259 2780 3328 2845 In
3361 2781 3591 2848 Latina
3639 2801 3779 2849 ver-

525 2873 733 2947 sione,
771 2892 961 2955 quam
1003 2893 1125 2938 suo
1160 2892 1240 2938 ex
1271 2876 1489 2938 codice
1559 2877 1778 2939 Grmco
1822 2873 2242 2938 concinnabat
2281 2873 2828 2952 OEcolampadius
2865 2897 2880 2936 :
2916 2900 2945 2933 ι
2980 2877 3196 2938 Prima
3236 2885 3443 2941 autem
3474 2878 3579 2942 die
3623 2882 3781 2963 Asy-

523 2989 765 3032 morum
807 2984 1199 3033 accesserunt
1230 2970 1558 3052 discipuli.
1599 2973 1871 3035 Primam
1915 2974 2307 3050 Azymorum
2340 2969 2513 3031 diem
2552 2979 2749 3045 vocat,
2782 2988 2927 3051 quas
2976 2974 3143 3036 diem
3195 2976 3588 3055 Azymorum
3625 2998 3774 3061 prmo

522 3068 708 3131 cedit.
743 3069 818 3130 Ut
847 3070 940 3132 sic
969 3071 1175 3132 dicam
1206 3091 1223 3130 :
1253 3069 1492 3146 Quinta
1517 3069 2146 3134 feria'manducaturi
2179 3074 2358 3130 erant
2391 3066 2645 3146 pascha,
2677 3077 2817 3146 post
2846 3087 3035 3150 quam
3070 3073 3381 3153 sequitur
3400 3077 3772 3144 Parasceve.

519 3165 725 3226 Prima
757 3168 1145 3244 Azymorum
1181 3159 1523 3228 vocabatur
1553 3167 1616 3227 in
1651 3167 1817 3246 lege,
1849 3182 1927 3229 eo
1956 3165 2127 3245 quod
2157 3163 2391 3225 festum
2424 3163 2772 3242 incipiebat
2805 3182 2837 3227 a
2873 3184 3160 3246 vespera,
3189 3187 3317 3250 qua
3349 3175 3777 3240 vescebantur

518 3262 786 3340 azymis.
852 3264 1168 3325 Dominus
1223 3264 1423 3343 igitur
1489 3264 1682 3326 mittit
1739 3262 2100 3342 discipules
2144 3261 2395 3340 quinta,
2434 3276 2627 3340 quam
2683 3263 2970 3325 nominat
3027 3267 3446 3346 evangelista,
3501 3273 3776 3353 primam

513 3357 892 3436 Att/morum
923 3362 1118 3439 :quia
1161 3361 1360 3439 prima
1396 3376 1658 3440 vespera
1686 3367 1818 3424 erat
1859 3358 1964 3437 (at.
2000 3365 2144 3420 ante
2177 3359 2445 3436 primam
2483 3375 2811 3435 vesperam
2849 3365 3002 3439 erat)
3035 3380 3162 3442 qua
3206 3367 3524 3447 (vespera)
3556 3386 3774 3432 come-

517 3455 749 3515 debant
798 3471 1123 3533 azyma...
1188 3457 1408 3520 Voluit
1461 3466 1674 3519 autem
1737 3456 1970 3534 pascha
2015 3454 2341 3534 perlicere,
2402 3471 2481 3517 ne
2536 3453 2656 3534 legi
2733 3458 3101 3520 contrarius
3144 3477 3289 3522 esse
3348 3462 3708 3532 videretur.
3742 3490 3771 3524 ιι

517 3551 699 3613 Paria
762 3560 914 3614 sunt
953 3571 1098 3632 quae
1157 3556 1342 3617 docet
1401 3555 1477 3616 ad
1541 3563 1728 3634 caput
1785 3573 1929 3617 ιιιι
1988 3555 2195 3624 Lucae,
2264 3569 2323 3612 v.
2395 3554 2434 3611 7
2516 3574 2529 3612 :
2594 3574 2622 3606 ε
2703 3553 2875 3614 Venit
2923 3563 3131 3614 autem
3179 3553 3312 3616 dics
3358 3555 3765 3636 Asymorum.

516 3647 698 3708 Nunc
735 3654 948 3710 autem
999 3667 1194 3730 quem
1231 3650 1412 3712 nobis
1448 3650 1614 3712 dicat
1663 3650 1826 3712 diem
1856 3651 2257 3728 Asymorum,
2294 3647 2668 3709 dicendum.
2730 3649 2910 3710 Diem
2949 3651 3147 3728 igitur
3181 3653 3576 3732 Azymorum
3617 3656 3770 3721 dicit

515 3743 813 3820 quintum
860 3765 876 3805 :
927 3746 1004 3806 ad
1064 3746 1252 3824 cujus
1309 3761 1638 3823 vesperam
1691 3747 1923 3826 pascha
1988 3742 2454 3806 immolandum
2505 3753 2624 3804 est.
2685 3744 2890 3824 Igitur
2949 3749 3266 3812 Dominus
3317 3748 3483 3816 forte
3541 3755 3771 3834 quinto

516 3835 674 3915 (die)
720 3855 905 3902 mane
938 3839 1133 3902 mittit
1185 3839 1572 3921 discipulos.
1630 3865 1662 3900 ι
1713 3842 2174 3905 Luculentiora
2229 3838 2362 3902 hac
2415 3847 2590 3914 sunt,
2625 3858 2816 3920 quam
2853 3845 3026 3922 quod
3077 3850 3542 3913 commentario
3596 3850 3773 3916 indi-

515 3939 722 4011 geant.

591 4031 691 4092 65.
739 4033 875 4094 Non
916 4032 1103 4095 aliam
1137 4034 1456 4098 insedisse
1487 4043 1764 4098 mentem
1799 4034 2307 4114 archiepiscOpo,
2349 4039 2564 4094 contra
2605 4040 2797 4114 atque
2827 4036 3028 4099 Graeci
3068 4046 3314 4116 putant,
3359 4043 3574 4122 capite
3607 4064 3768 4113 xvm

514 4126 802 4199 Joannis,
838 4147 896 4192 ν.
939 4128 1038 4202 28,
1081 4147 1195 4205 pro
1247 4139 1419 4193 certo
1458 4141 1916 4210 compertoque
1961 4130 2188 4193 habeo.
2225 4128 2428 4191 Verba
2484 4137 2684 4192 sunt:
2724 4154 2751 4187 ι
2793 4131 2879 4192 Et
2915 4135 3043 4213 ipsi
3095 4153 3224 4198 non
3275 4140 3671 4207 introierunt
3702 4148 3768 4209 in

514 4227 905 4302 prdatorium,
947 4234 1018 4286 ut
1071 4243 1201 4286 non
1259 4229 1869 4302 contaminarentur,
1917 4228 2025 4288 sed
2069 4236 2140 4288 ut
2194 4228 2648 4290 manducarant
2702 4231 2960 4307 pascha.
3019 4233 3191 4307 Quid
3243 4245 3459 4301 autem
3515 4249 3640 4313 est,
3696 4253 3768 4306 ut

517 4319 900 4380 comedcrcnt
937 4322 1222 4400 pascha?
1255 4323 1419 4386 Sane
1458 4323 1774 4387 Dominus
1818 4323 1982 4387 illud
2031 4323 2180 4386 fecit
2216 4325 2418 4402 prima
2462 4329 2876 4404 Azymorum.
2932 4327 3048 4390 Vel
3090 4329 3290 4410 igitur
3320 4334 3766 4418 intelligamus

514 4433 629 4494 per
664 4417 914 4491 Pascha,
954 4415 1190 4479 festum
1233 4427 1479 4498 septem
1525 4420 1777 4483 dierum
1815 4444 1828 4482 :
1867 4422 1962 4484 vel
2008 4423 2178 4500 quod
2231 4423 2350 4500 ipsi
2407 4421 2677 4502 quidem
2715 4425 3164 4490 manducaturi
3220 4440 3404 4493 erant
3457 4415 3767 4500 in‘Para-

512 4527 697 4573 sceve
736 4513 962 4591 pascha
993 4530 1005 4572 :
1045 4513 1186 4592 ipse
1213 4523 1430 4578 autem
1463 4517 1777 4579 Dominus
1808 4535 1942 4581 uno
1977 4520 2084 4582 die
2119 4520 2452 4596 prmvenit,
2488 4520 2610 4598 (vel
2649 4538 2778 4584 uno
2813 4522 2919 4586 die
2955 4533 3100 4588 ante
3136 4528 3397 4592 tradidit
3438 4530 3628 4611 illud,
3663 4543 3770 4614 πρὸ

516 4618 644 4686 μιᾶς
691 4617 824 4671 αὑτό
876 4611 1182 4688 παρέδωκε)
1217 4630 1550 4675 reservans
1580 4615 1681 4675 sui
1722 4616 2098 4678 occisionem

2184 4634 2214 4676 [ι
2242 4618 2608 4691 Parasceve,
2641 4615 2900 4697 quando
2932 4630 2994 4684 et
3025 4623 3180 4686 olim
3231 4624 3353 4689 fuit
3385 4631 3620 4707 pascha
3650 4611 3766 4713 (est

514 4705 774 4781 quando
806 4711 866 4766 et
903 4715 1085 4767 vetus
1118 4707 1300 4769 ﬁebat
1329 4709 1581 4786 pascha,
1614 4719 1703 4772 an
1732 4721 1828 4775 καὶ
1857 4722 1919 4774 τὸ
1949 4721 2096 4776 παλαι

1141 4707 1300 4768 iebat
1329 4709 1581 4786 pascha,
1614 4719 1703 4772 ὅτι
1732 4721 1828 4775 καὶ
1857 4722 1919 4774 τὸ
1949 4721 2180 4776 παλαιὸν
2198 4724 2414 4791 ἐγένετο
2436 4727 2667 4797 πάσχα).
2706 4747 2723 4780 s

595 4821 784 4882 Vocis
815 4821 1143 4884 Paschatis
1173 4825 1316 4886 dum
1355 4833 1530 4898 sunt,
1563 4842 1728 4907 quas
1780 4831 2014 4908 promit
2063 4831 2608 4914 Theophylactus,
2663 4839 3263 4920 interpretationes.
3301 4851 3389 4910 Ac
3425 4850 3669 4927 primo,
3706 4853 3757 4916 si

514 4931 657 4976 cum
699 4917 940 4979 Judmis
975 4933 1209 4997 agnum
1243 4921 1603 5000 paschalem
1645 4923 1942 4988 Christus
1985 4927 2296 4992 Dominus
2348 4933 2732 5009 comederit;
2775 4917 3101 5001 Paschatis
3143 4917 3441 5020 nomine,
3470 4917 3665 5027 quod,
3694 4957 3760 5013 ut

512 5013 944 5087 comederent,
990 5014 1199 5076 Judaei
1263 5018 1567 5080 cavebant
1593 5037 1674 5082 ne
1732 5023 2346 5102 contaminarentur,
2403 5030 2671 5092 victima:
2716 5034 3044 5111 paschales
3102 5013 3549 5120 intelligendm
3581 5057 3754 5122 sunt,

511 5118 949 5226 quaansethem
993 5111 1227 5218 diebus
1258 5113 1694 5226 offerebantur
1751 5120 1816 5182 in
1849 5125 2115 5201 templo.
2159 5125 2222 5187 Si
2265 5129 2496 5206 pascha
2531 5131 2787 5207 proprie
2847 5133 3114 5210 dictum,
3149 5136 3214 5197 id
3276 5111 3374 5202 est
3425 5157 3581 5205 esus
3611 5111 3752 5226 agni

513 5203 800 5314 intelligi
826 5205 1076 5314 debeat,
1116 5207 1465 5272 dicendum
1494 5220 1612 5288 est,
1651 5232 1779 5278 una
1810 5216 1916 5279 die
1957 5219 2239 5312 Iudaeos,
2267 5203 2374 5284 vel
2440 5203 2772 5297 pontiﬁces
2825 5237 2886 5291 et
2927 5203 3241 5308 primores
3278 5203 3752 5314 paschadisi’u:

514 5297 669 5412 Iisse
717 5299 800 5360 ad
825 5300 1243 5412 .Par‘asccven
1284 5327 1308 5412 :-
1341 5313 1402 5368 et
1434 5326 1565 5370 uno
1599 5311 1703 5375 die
1735 5322 1909 5390 ante,
1953 5307 2114 5380 illud
2147 5322 2446 5398 [XXXII]
2483 5325 2837 5386 comedisse
2868 5297 3220 5405 Christum,
3257 5297 3519 5412 quando
3546 5297 3748 5412 hinc},

510 5394 630 5504 hoc
687 5404 783 5504 est
820 5393 1164 5504 legitimam
1203 5401 1415 5504 (iebat,
1451 5417 1526 5504 ac
1580 5409 1713 5470 ﬁeri
1768 5413 1998 5491 utique
2049 5393 2342 5478 debebat.
2416 5393 2584 5480 Hinc
2643 5420 3108 5504 'I‘heOphylacti
3167 5393 3532 5496 verlhaﬂh‘o'c
3562 5393 3750 5499 modo

417 5559 424 5564 η
509 5491 782 5603 legenda
835 5499 986 5605 sunt
1027 5496 1220 5605 :lhpsc
1276 5499 1582 5563 Dominus
1641 5523 1766 5566 uno
1814 5505 1914 5568 die
1967 5519 2109 5570 ante
2179 5512 2467 5588 tradidit,
2523 5526 2579 5576 et
2620 5491 2880 5580 comedit
2915 5491 3184 5601 'pascha
3253 5491 3751 5605 (reserans;

512 5589 883 5692 occisionem
941 5591 1010 5653 in
1075 5591 1441 5678 Parascccc)
1516 5602 1764 5680 quando
1819 5614 1874 5665 et
1933 5617 2110 5668 vetus
2172 5609 2351 5688 ﬁebat
2407 5614 2669 5692 pascha,
2725 5632 2794 5676 ac
2871 5589 3031 5682 illud
3091 5589 3300 5684 facere
3370 5589 3744 5692 debuissent

510 5684 736 5747 Judmi.

590 5779 936 5895 Perspicua
980 5791 1177 5892 patet,
1222 5803 1346 5849 non
1386 5789 1664 5868 priorem
1700 5796 2134 5877 solummodo,
2174 5823 2394 5868 verum
2431 5807 2621 5868 etiam
2663 5812 2922 5873 alteram
2958 5814 3562 5895 interpretationem
3606 5839 3742 5886 cum

505 5876 918 5941 Eucharistiae
976 5880 1041 5943 in
1079 5898 1304 5962 azymo
1364 5903 1523 5966 pane
1559 5888 1970 5959 institutione
2028 5876 2406 5965 consistere.
2446 5905 2659 5984 Longe
2694 5924 2970 5987 namque
3003 5876 3147 5974 hinc.
3169 5917 3495 5994 posterior
3536 5919 3743 5985 didert
