2003 3273
91 308 125 340 69
518 303 568 335 DE
587 302 639 334 ΤΗ
643 299 882 334 EOPHYLACTI

938 298 1040 331 usus
1061 299 1110 330 ET
1128 280 1315 333 seatr'rts.
1696 300 1729 333 ἰιι

89 363 126 396 ab
145 370 180 395 ea
194 359 382 394 Graecoium
398 358 590 400 opinatione
612 358 654 389 de
677 356 805 389 Christo
829 355 1010 396 legitimum
1033 354 1151 394 pascha
1176 354 1409 396 prmveniente,
1424 362 1461 386 ac
1476 355 1517 386 ad
1543 362 1644 394 panes
1667 354 1718 387 fer

91 414 244 445 mentatos
264 414 337 451 post
363 409 433 449 ejus
457 407 713 441 celebrationem
742 405 917 437 redeunte.
948 404 1016 434 lmo
1041 403 1188 443 legitimo
1214 408 1361 443 tempore
1382 403 1500 443 pascha
1520 412 1619 435 suum
1645 403 1723 436 cele-

90 459 187 493 bravit
199 458 258 491 ille
274 462 421 498 tempore
451 456 539 497 quod
554 455 661 487 Judaei
675 454 727 487 vel
739 462 854 486 eorum
872 452 1039 493 pontifices
1055 460 1091 483 ac
1107 452 1266 497 primores
1283 460 1347 484 non
1365 456 1538 484 servarunt
1555 463 1563 484 :
1579 453 1729 492 adeoque

90 510 175 541 locus
207 515 273 539 non
291 511 359 545 erat
386 510 421 537 ut
439 505 479 536 ad
503 502 716 536 fe‘rmentatos
744 510 843 542 panes
873 501 995 532 rediret
1027 500 1189 533 Christus.
1218 501 1385 533 Posterior
1406 501 1476 532 haec
1495 501 1729 540 interpretatio

91 556 185 597 magis
203 556 364 596 placuisse
380 552 623 592 Theophylacto
640 551 782 583 videtur.
799 551 876 581 Eam
889 550 952 590 iam
977 549 1150 581 tradiderat
1164 549 1199 582 in
1215 549 1460 581 Commentario
1475 550 1517 581 ad
1531 550 1728 588 Matlhaum,

90 606 186 646 capite
210 614 301 642 xxvi,
326 614 357 636 v.
376 604 427 635 59.
440 614 461 637 ,ι
485 602 534 634 Ad
563 600 719 641 Caipham
735 600 860 632 ducunt
878 600 1006 636 Iesum,
1024 599 1193 640 inquiens,
1210 608 1283 631 nam
1311 599 1366 630 ille
1394 603 1462 631 erat
1480 598 1627 638 pontifex
1650 600 1731 631 anni

89 655 176 688 illius
193 662 204 684 ξ
221 654 276 686 ubi
292 657 324 685 et
348 652 469 693 reliqui
495 649 736 691 pernoctabant,
751 652 790 689 μὴ
800 654 880 688 φάγοι

951 652 1015 679 τότε
1028 652 1059 680 τὸ
1075 653 1181 689 πάσχα,
1197 657 1262 679 non
1278 647 1473 679 comedenles
1496 653 1574 679 tunc
1585 649 1730 689 pascha;

89 704 144 735 sed
172 705 399 743 exspectantes
432 704 468 732 ut
491 699 676 731 occiderent
709 698 880 729 Dominum

942 701 980 728 ιαὶ
1010 701 1190 737 παραϐάντες
1213 703 1261 729 τὸν
1290 702 1388 739 νόμον,
1417 703 1449 729 et
1478 699 1733 738 praemicantem

89 751 179 792 legem
204 777 211 783 .
234 757 249 783 6
265 756 315 792 μὲν
330 755 385 791 γὰρ
402 753 506 789 Κύριος
520 752 592 779 κατὰ
606 751 652 779 τὸν
668 750 867 787 νενομισμένον
887 750 986 786 καιρὸν
1005 749 1123 785 ἔφαγενς
1142 751 1243 778 ἐκεῖνοι
1257 750 1297 784 δι,
1322 751 1367 779 ινα.
1386 751 1468 787 μόνον
1481 751 1668 779 ἀποκτείνωσι
1682 751 1734 778 τὸν

93 805 202 841 Κύριον,
218 802 422 840 καταφρονοῦσι
450 801 498 829 καὶ
518 800 567 828 τοῦ
585 800 685 835 νόμου,
702 794 862 826 Dominus

942 794 981 825 im
1008 793 1082 834 ipso
1103 794 1243 835 legitimo
1269 800 1410 836 tempore
1435 794 1612 826 comederat
1640 805 1650 825 .-
1677 794 1733 826 illi

93 856 165 880 vero
180 850 389 879 contemnunt
404 846 513 885 legem,
536 845 632 876 modo
652 843 802 875 accidant
818 842 995 875 Christum.
1015 855 1029 872 η
1047 844 1143 874 Suam
1172 843 1322 883 patefacit
1349 847 1489 875 mentem
1514 843 1640 883 absque
1663 843 1729 875 ulla

92 897 232 930 ambage.

127 905 178 928 [ιω
203 907 232 928 8.

127 905 236 976 δείδια
254 951 307 980 eo.
327 951 425 984 quem
439 941 672 982 expendimus,
692 939 765 972 loco
783 940 1017 972 Commentarii
1041 940 1076 971 in
1092 940 1276 972 Matthwum
1292 940 1437 972 enormis
1452 940 1595 973 occurrit
1612 940 1730 978 depra-

87 994 170 1025 vatio
192 994 225 1024 in
253 992 422 1032 aliquibus
444 990 628 1027 codicibus,
647 993 680 1021 et
704 989 739 1020 in
759 993 847 1020 textu
877 989 986 1019 Romae
1012 997 1049 1020 ac
1066 988 1200 1020 Parisiis
1229 989 1330 1020 edito.
1348 1001 1363 1018 α
1379 989 1520 1021 Primam
1539 989 1736 1028 Azymorum

90 1042 173 1073 diem
197 1045 299 1078 vocat,
321 1048 396 1081 qua)
420 1039 508 1071 diem
534 1040 733 1079 Azymorum
749 1037 912 1077 praecedit.
934 1037 1129 1078 Utexempli
1149 1039 1250 1078 gratia
1278 1038 1382 1070 dicam
1400 1050 1408 1070 :
1424 1043 1464 1080 Τῇ
1492 1042 1661 1079 nuptae-uni}
1684 1042 1731 1069 ισ-

90 1096 173 1132 πιρας
193 1094 310 1131 ιμιλλόν
323 1094 424 1121 ικιῑνοι
441 1093 540 1128 φαγεῖν
561 1090 593 1121 τὸ
607 1089 712 1127 πάσχα,
728 1086 881 1117 Ραναςοεῑ

940 1095 1052 1126 capere
1066 1085 1295 1118 manducaturi
1323 1091 1415 1119 erant
1441 1088 1574 1128 pascha,
1591 1091 1640 1119 καὶ
1661 1091 1731 1128 αὕτη

89 1144 211 1172 ιιιιλιϊτο
228 1143 285 1170 τῶν
299 1142 439 1178 ’Δςύμων,
458 1141 485 1168 el
504 1137 574 1176 ipsa
589 1134 814 1176 appellabatur
836 1134 880 1165 Az

942 1143 1039 1165 orum.
1058 1134 1218 1165 Dominus
1240 1135 1340 1174 igitur
1364 1135 1462 1166 mittit
1484 1135 1666 1175 discipulos
1683 1134 1733 1166 die

88 1189 208 1229 quinto,
232 1195 332 1228 quem
359 1185 504 1218 nominat
526 1183 727 1226 evangelista
751 1183 879 1223 primun

940 1183 1126 1223 Izymorum,
1150 1187 1185 1215 ut
1201 1184 1258 1224 qui
1279 1189 1333 1224 πρὸ
1352 1188 1404 1224 ’ἑῆς
1428 1189 1624 1224 Παρασκθυῆς,
1657 1188 1731 1215 ante

88 1235 283 1268 Parasceueu
299 1239 379 1266 esset
399 1244 409 1266 :
428 1238 497 1267 καθ’
512 1237 548 1274 ἢν
566 1236 750 1273 Παρασκιυῆν
767 1235 800 1271 τῆ
818 1236 879 1263 tam

951 1241 1012 1273 qua
1026 1232 1199 1263 Parasceee
1214 1241 1342 1272 vespere
1356 1233 1558 1265 comedebanl
1572 1242 1694 1273 azyma.
1717 1244 1730 1261 n

87 1283 232 1316 Immane
254 1283 371 1316 vitium
391 1282 467 1323 quis
482 1289 549 1314 nou
574 1281 700 1313 videat?
717 1279 926 1319 Ineptissima
946 1289 1024 1311 sane
1045 1279 1101 1311 illa
1130 1281 1224 1318 ratio,
1248 1280 1331 1313 diem
1351 1281 1499 1322 quintum
1518 1282 1594 1313 ideo
1612 1281 1732 1321 appel-

89 1331 185 1365 latum
211 1332 354 1373 primum
381 1331 585 1371 Axymorum,
601 1329 679 1369 quia
703 1328 754 1360 die
780 1332 871 1359 sexto
884 1350 893 1366 ,
910 1338 970 1360 seu
991 1330 1178 1364 Parasceve.
1192 1338 1321 1370 vespera
1345 1338 1456 1370 azyma
1478 1328 1732 1361 cumulabantur.

88 1380 205 1414 Vocem
219 1381 413 1413 Parasceees
426 1379 504 1420 quis
518 1386 583 1411 non
600 1376 823 1418 deprehendat
844 1382 967 1410 temere
982 1378 1165 1410 invectam?

125 1441 211 1473 Huic
226 1441 419 1474 adversatur
433 1437 566 1472 lectioni
581 1438 674 1470 locus
684 1437 919 1477 Theopbylacti
933 1438 966 1468 in
980 1437 1196 1477 Evangelium
1212 1437 1307 1468 Luca;
1318 1438 1422 1478 capite
1437 1447 1521 1476 nu,
1538 1447 1568 1470 ν.
1584 1440 1604 1469 7
1620 1449 1627 1469 :
1647 1441 1735 1478 Ἦμε-

88 1503 138 1534 ραν
152 1495 202 1523 οὖν
221 1495 351 1531 ’Δζυμων
364 1494 441 1528 λέγει
460 1492 510 1529 τὴν
524 1492 665 1528 πέμπτην,
676 1488 711 1528 ἧς
724 1492 758 1527 τῇ
775 1491 879 1527 ἑσπέρᾳ

945 1489 1010 1518 ιλλον
1025 1490 1100 1519 θύειν
1116 1492 1146 1519 τὸ
1176 1493 1270 1529 πάαχοι
1290 1497 1297 1506 ·
1314 1487 1397 1519 diem
1415 1487 1519 1527 igitur
1544 1488 1736 1528 Azymarum

88 1539 165 1572 dicit
184 1540 346 1580 quintum,
365 1538 408 1569 ad
440 1537 532 1578 cujus
558 1545 722 1577 uesperam
744 1535 864 1576 pascha
887 1534 1113 1567 immolandum
1129 1541 1209 1567 erat.
1242 1537 1357 1568 Eidem
1380 1535 1512 1567 lectioni
1544 1537 1737 1568 adversatur

89 1588 220 1620 Graecus
247 1588 372 1623 codex,
400 1593 471 1626 quo.
493 1592 574 1616 usus
597 1588 646 1616 est
678 1583 965 1624 OEcolampadius.
988 1584 1212 1618 Adversantur
1229 1585 1326 1618 etiam
1356 1585 1495 1617 Romani
1527 1584 1567 1616 ab
1592 1585 1737 1616 Arcudio

88 1637 169 1667 libro
185 1637 213 1668 Il
232 1638 279 1667 De
304 1638 500 1669 sacramento
524 1632 751 1669 Eucherium,
769 1627 921 1671 capite'ii,
939 1635 970 1663 et
988 1633 1189 1665 Parisienses
1217 1639 1236 1666 a
1262 1633 1433 1675 Lequieno
1450 1633 1687 1666 Dissertatione
1705 1642 1738 1665 Vl

87 1685 335 1723 Damascenica},
350 1692 440 1715 num.
471 1682 586 1719 XLIII,
612 1681 806 1721 diligentius
825 1680 975 1718 inspecti,
993 1680 1027 1712 in
1048 1682 1170 1722 quibus
1198 1682 1241 1714 ita
1260 1682 1380 1724 legitur
1400 1693 1408 1713 :
1427 1682 1467 1714 Ut
1485 1683 1533 1713 sic
1555 1681 1670 1720 dicam,
1700 1687 1736 1723 τῇ

87 1732 204 1768 πέμπτη
217 1734 342 1769 ἑσπέρας
353 1731 469 1768 ἔμελλον
484 1730 588 1758 ἐκεῖνοι
602 1731 701 1766 φαγεῖν
712 1729 744 1757 τδ
760 1729 855 1765 πάσχα
867 1737 874 1744 ·
891 1728 943 1764 μεθ
952 1729 959 1740 ’
970 1730 1004 1764 ἠν
1014 1730 1170 1765 ιπιφώσκει
1184 1731 1201 1767 ἡ
1214 1730 1383 1767 Παραᾱιιευῆ
1402 1751 1409 1759 .
1429 1730 1531 1767 Πρώτη
1550 1730 1606 1758 τῶν
1621 1730 1738 1765 ἀζύμων

85 1777 209 1805 tum”
234 1778 315 1813 παρὰ
341 1777 381 1812 τῷ
410 1776 500 1811 νόμῳ,
523 1772 569 1802 οῐα
603 1774 636 1811 δὴ
655 1773 708 1809 τῆς
734 1774 832 1810 ιορτῆς
858 1772 1015 1809 ἀρχομένης
1045 1774 1100 1802 ἀπὸ
1129 1774 1180 1811 τῆς
1213 1774 1356 1811 ἑσπέρας,
1387 1774 1456 1802 καθ’
1488 1774 1523 1810 ἢν
1545 1774 1674 1810 ὴσθιοντο
1703 1775 1739 1802 τὰ

86 1826 180 1863 ἄζυμα
195 1834 203 1842 ο
222 1822 346 1861 Quinta
367 1821 450 1862 feria
477 1828 607 1860 vespere
633 1818 859 1850 manducaturi
891 1823 982 1849 erant
1007 1820 1138 1858 pascha,
1164 1825 1237 1860 post
1267 1830 1360 1861 quam
1387 1820 1522 1851 lucescit
1549 1820 1736 1853 Parasceue.

86 1868 196 1901 Prima
225 1870 420 1910 Axymarum
448 1867 627 1900 uocabatur
649 1868 684 1899 in
705 1867 783 1907 lege,
809 1876 845 1898 eo
869 1866 955 1907 quod
977 1867 1093 1907 festum
1119 1868 1311 1909 lnct'ept'ebat
1332 1878 1351 1899 a
1371 1877 1517 1909 vespera,
1540 1877 1603 1908 qua
1625 1878 1739 1909 azyma

85 1919 344 1950 comedebantur.
380 1918 519 1958 Egregie
548 1920 730 1948 censoriant
764 1916 886 1948 omnia.
917 1916 1081 1947 Laudatus
1112 1917 1303 1958 Lequienus
1336 1918 1407 1949 loco
1437 1918 1535 1948 citato
1568 1917 1736 1954 observat,

86 1967 227 2007 Regium
250 1966 471 1998 Parisiensem
498 1965 645 1997 codicem
666 1972 765 2006 quem
790 1963 940 2002 contulit,
966 1975 981 1992 α
1003 1964 1042 1995 ad
1058 1966 1202 1997 auctoris
1222 1970 1348 1998 aetatem
1379 1966 1632 2006 quamproxime
1645 1974 1738 1997 acce-

85 2015 174 2047 dere.
197 2028 212 2044 ι
230 2016 322 2047 Inter
338 2014 466 2046 codices
484 2014 618 2045 Venetas
631 2012 802 2045 Marciana)
813 2012 1019 2045 bibliothecae
1035 2021 1144 2046 veram
1161 2013 1336 2047 lectionem
1352 2014 1471 2046 habent
1487 2015 1566 2052 duo,
1583 2015 1624 2055 29
1640 2018 1671 2046 et
1684 2014 1736 2052 30,

86 2061 303 2105 vitiatamque
318 2066 443 2094 textum
462 2065 589 2102 praestat
603 2061 706 2093 codex
721 2061 772 2092 31.

122 2125 258 2158 Similes
276 2125 412 2158 fortasse
437 2126 546 2156 textus
569 2123 792 2163 interpolatori
811 2131 921 2155 ansam
942 2124 1104 2162 dederint,
1122 2133 1206 2166 quos
1232 2125 1266 2156 in
1289 2124 1364 2157 alh's
1393 2124 1532 2156 Matthaei
1557 2122 1737 2164 expositio-

83 2173 196 2212 nibus,
226 2177 286 2206 aut
311 2171 441 2205 Catenis
468 2172 599 2212 legeret,
620 2175 654 2203 ut
687 2171 922 2213 Theophylacti
955 2173 1063 2205 locum
1088 2174 1291 2213 depravaret.
1317 2175 1353 2205 In
1373 2182 1411 2206 ea
1440 2173 1556 2213 utique
1588 2173 1736 2213 ejusdem

85 2222 299 2263 evangelista
322 2220 542 2261 expositione,
570 2229 644 2260 quae
674 2220 708 2252 in
736 2221 848 2253 codice
877 2222 918 2253 26
949 2223 1082 2254 Venetae
1103 2223 1210 2254 Sancti
1236 2223 1334 2255 Marci
1351 2222 1558 2254 bibliotheca:
1580 2222 1737 2254 tribuitur

84 2271 201 2303 Niceti:
232 2271 384 2311 episcopo
415 2268 622 2308 melropoleos
655 2269 827 2309 Naupacti,
856 2279 891 2301 ac
921 2272 1017 2302 etiam
1039 2271 1286 2312 Theophylacto
1315 2271 1482 2312 aliquibus
1502 2270 1535 2302 in
1566 2270 1736 2302 codicibus

85 2319 203 2351 tributa
236 2320 372 2355 dicitur,
404 2321 440 2348 ut
469 2318 696 2348 adnotavimus
723 2327 813 2348 num.
839 2319 889 2356 38,
910 2320 1021 2350 eadem
1048 2320 1117 2352 fere
1135 2322 1232 2353 verba
1259 2321 1412 2360 leguntur
1433 2332 1442 2354 :
1467 2326 1585 2362 Πρώτην
1610 2324 1658 2353 οὖν
1680 2325 1736 2352 τῶν

90 2368 217 2404 ’Δζὺμων
236 2366 359 2395 ἐνταῦθα
382 2366 450 2402 φησὶ
463 2368 476 2392 ὁ
493 2366 635 2398 Ματθαῖος
650 2367 699 2401 τὴν
723 2368 776 2401 πρὸ
795 2368 849 2394 τῶν
882 2368 1010 2402 Ἀζύμων
1035 2368 1146 2405 ἡμέραν
1164 2369 1224 2405 (τὴν
1242 2371 1474 2407 τρισκαιδεκάτην
1492 2371 1541 2407 μὲν
1565 2371 1613 2397 τοῦ
1638 2369 1735 2406 μηνὸς,

85 2411 214 2448 πέμπτην
239 2413 293 2447 τῆς
317 2410 487 2446 ἑὸδομάδος).
505 2408 567 2437 Οἷον
580 2420 605 2437 τι
628 2411 711 2445 λέγω,
725 2413 757 2446 τῇ
777 2413 943 2448 Παρασκευῇ
963 2413 1085 2447 ἑσπέρας
1096 2413 1209 2449 ἔμελλον
1220 2414 1246 2440 ol
1274 2415 1398 2442 Ἰουδαῖοι
1410 2416 1507 2450 φαγεῖν
1521 2415 1552 2442 τδ
1565 2415 1669 2450 πάσχα,
1688 2414 1736 2441 καὶ

84 2462 154 2499 αὕτη
176 2462 310 2490 διαλεῖτο
327 2460 382 2488 τῶν
403 2460 538 2495 ’Δξύμων.
556 2456 694 2485 Primam
708 2456 875 2494 Azymorut

944 2467 971 2487 η’
993 2457 1061 2487 loco
1086 2457 1164 2489 dicit
1182 2458 1362 2496 Mattheus,
1379 2468 1447 2499 qua:
1460 2458 1611 2499 praecedit
1626 2468 1735 2498 azyma

84 2506 222 2547 (tertiam
251 2506 406 2538 decimam
425 2505 552 2540 mensis,
579 2506 722 2544 quintam
747 2504 947 2535 hebdomadm
976 2505 1082 2546 diem).
1114 2506 1151 2537 Ut
1166 2507 1214 2537 ita
1242 2508 1575 2546 dicam:Parasceve,
1594 2516 1733 2547 vespere,

82 2555 185 2587 Judm'
202 2554 436 2586 manducaluri
460 2557 551 2583 erant
572 2555 706 2592 pascha,
729 2558 757 2584 el
783 2555 853 2593 ipsa
878 2554 1102 2594 appellabatur
1127 2555 1332 2595 Azymorum.
1358 2557 1435 2588 Sine
1454 2556 1555 2588 dubio
1572 2556 1735 2588 sententia

83 2612 195 2637 eorum
213 2604 284 2635 haec
301 2607 362 2639 est,
381 2602 438 2642 qui
451 2602 615 2633 Christum
633 2611 695 2633 una
720 2603 772 2633 die
790 2603 971 2642 legitimum
991 2604 1187 2643 prmvenisse
1206 2604 1338 2640 Pascha,
1355 2605 1531 2644 ipsumque
1552 2604 1737 2637 celebrasse,

83 2651 134 2684 die
151 2653 248 2684 tertia
265 2651 395 2683 decima
417 2649 580 2681 tenebant.
602 2652 722 2681 Eadem
742 2659 836 2690 porro
861 2652 921 2682 hoc
938 2653 973 2683 in
990 2652 1061 2684 loco
1077 2652 1172 2684 verba
1189 2656 1277 2689 sunt,
1293 2662 1366 2693 quae
1380 2653 1544 2692 [XXXIII]
1559 2656 1735 2684 oceurrunt

83 2699 114 2731 in
132 2701 246 2733 vitiato
258 2704 354 2732 textu
371 2698 617 2738 'I‘heophylacti.
637 2699 729 2729 Haud
747 2699 911 2730 absimilia
927 2701 1066 2741 legimus
1081 2701 1115 2733 in
1138 2702 1243 2741 prima
1261 2702 1348 2741 apud
1375 2701 1548 2733 Possiuum
1565 2702 1682 2733 Catena
1698 2701 1734 2732 iu

83 2749 269 2781 Matthmum
291 2758 299 2780 :
319 2759 335 2776 α
359 2748 497 2778 Primam
514 2749 711 2786 Azymorum
726 2748 815 2783 dicit,
833 2757 906 2787 quae
928 2748 1079 2787 praecedit
1096 2753 1289 2788 Azymorum
1309 2748 1395 2779 diem
1414 2749 1562 2788 primam.
1580 2749 1730 2788 Consue-

83 2802 199 2830 verunt
219 2798 313 2830 enim
330 2796 449 2834 Judaei,
475 2806 491 2827 ιι
513 2806 648 2836 vespera
677 2806 850 2828 numerare
867 2798 937 2828 dies
959 2807 965 2827 :
984 2800 1017 2828 et
1033 2797 1104 2837 ejus
1120 2797 1200 2835 diei,
1215 2797 1249 2828 in
1273 2796 1358 2829 festo
1373 2797 1502 2829 Pascha;
1518 2797 1732 2833 recensendo,

84 2845 198 2880 habere
232 2847 412 2883 rationem,
447 2854 512 2885 qua
539 2846 601 2876 sub
632 2854 800 2885 veSperam
835 2847 953 2886 paratis
978 2845 1102 2886 azymis
1133 2853 1236 2885 agnus
1263 2846 1513 2878 sacriﬁcabatur.
1535 2858 1549 2875 ι
1567 2846 1733 2878 Hactenus

82 2895 282 2930 conveniunt
298 2895 423 2928 omnia.
441 2895 596 2935 Sequitur
611 2898 719 2926 textus
738 2908 745 2927 :
773 2900 819 2927 Ἑν
842 2901 873 2935 γὸ

942 2927 943 2934 η
969 2900 1139 2936 Παρασκευῇ
1166 2900 1291 2935 ἑσπέρας
1318 2899 1433 2936 ἔμελλον
1457 2900 1557 2927 ἐκεῖνοι
1578 2900 1678 2935 φαγεῖν
1702 2898 1733 2926 sb

83 2949 184 2986 πόρια,
203 2945 386 2976 Parasceve
410 2943 491 2974 enim
506 2952 634 2984 uespera
649 2944 878 2976 manducaturi
904 2949 994 2976 erant
1022 2944 1157 2976 Pascha.
1174 2945 1222 2976 En
1249 2946 1369 2977 iterum
1387 2944 1485 2977 verba
1501 2944 1535 2976 in
1551 2943 1731 2984 Theuphy-

85 2992 156 3025 lacti
184 2992 297 3026 locum
328 2992 469 3024 invecta.
491 2992 633 3023 Audacis
656 2993 897 3032 interpolatoris
930 2993 1107 3025 consilium
1131 2993 1235 3025 fuisse
1263 2994 1437 3034 perSpicue
1461 2996 1558 3033 patet,
1574 2996 1610 3025 ut
1635 2992 1734 3024 verba

85 3040 326 3082 Theophylacti
344 3041 380 3073 in
394 3049 464 3072 eam
484 3039 670 3073 Grmcorum
688 3043 895 3079 sententiam,
918 3042 1128 3082 corruptione
1152 3042 1293 3080 invecta,
1311 3041 1512 3081 deﬂecteret,
1530 3050 1603 3083 quat
1618 3043 1731 3074 Iesum

79 3215 204 3273 an:
