4006 6470
3642 138 3963 237 Τ

542 393 617 459 ω
1388 384 1617 449 BERN.
1655 382 1924 447 MARIB
1964 383 2063 448 DE
2101 380 2390 445 RUBIIS
2428 375 2940 444 DISSBRTATIO
3726 372 3809 443 η

542 509 871 585 gmentum
904 499 1067 565 illud
1115 500 1620 582 adjudicandnm
1665 516 1934 572 censeo,
1967 499 2143 577 quod
2197 498 2263 559 in
2318 495 2734 561 Bibliothecis
2792 495 3099 559 Veterum
3158 494 3415 557 Patrum
3467 491 3805 559 occurrit:

540 600 715 679 Quin
743 605 825 661 et'
846 600 1009 661 hunc
1042 617 1275 660 morem
1309 596 1679 660 introduxit
1718 621 1749 655 ι
1780 604 1901 660 etc.
1932 594 2267 659 iudicium
2296 610 2417 673 ego
2444 594 2866 672 suspendam.

623 696 931 757 Memorat
962 694 1131 758 idem
1160 692 1449 759 Labbeus
1480 692 1909 774 fragmentum
1938 690 2117 754 aliud
2151 689 2617 771 'l‘beOpbylacti
2671 689 2746 751 de
2776 689 3130 768 Nicephoro
3182 688 3565 769 confessore.
3602 687 3803 751 veluti

541 790 959 854 Bibliothecis
996 792 1247 857 Patrum
1272 791 1596 853 inscrtum
1630 812 1646 853 :
1677 787 1846 869 quod
1907 788 2017 868 (ait
2052 786 2389 851 Fabricius
2439 788 2505 851 in
2564 785 3047 866 TbeOphylacto
3092 784 3458 855 Simocatta)
3493 801 3809 864 nusqan

545 889 815 966 reperio.
858 890 1155 948 Sanctum
1190 886 1624 966 Nicephorum
1652 884 2071 964 patriarcbam
2109 883 2893 962 Constantinopolitanum
2946 881 3263 959 intellige,
3306 882 3425 962 qui
3456 882 3542 944 ob
3582 898 3791 944 sacra-

543 1003 682 1047 rum
716 984 1072 1063 imaginum
1106 984 1349 1049 cultum
1384 986 1452 1049 in
1492 984 1796 1049 exsilium
1827 981 2083 1063 pulsus,
2112 981 2235 1043 vita
2265 980 2565 1059 migravit
2595 978 2892 1057 [XXVII]
2926 994 3098 1048 anno
3127 975 3275 1041 828.
3302 979 3395 1040 De
3424 978 3571 1056 ipso
3599 983 3807 1055 agunt

541 1080 828 1143 Bollandi
858 1081 1337 1145 continuatoras
1376 1083 1452 1144 ad
1493 1081 1669 1143 diem
1705 1098 1821 1143 xm
1846 1078 2054 1143 Martii
2086 1099 2104 1152 ;
2136 1092 2353 1156 neque
2383 1074 2670 1138 indicant
2695 1075 3033 1154 quidpiam
3066 1073 3242 1154 quod
3274 1071 3805 1152 Theonbylactus

536 1172 615 1233 de
638 1188 716 1233 eo
752 1174 1109 1249 scripserit.

619 1268 1010 1330 Possevinus
1058 1268 1202 1347 ejus
1236 1268 1447 1347 Opera
1485 1268 1549 1331 in
1578 1265 1915 1349 Apparutu
1942 1283 2124 1328 sacro
2157 1282 2509 1329 recensens
2541 1273 2717 1329 tomo
2747 1267 2831 1339 ll,
2878 1265 2977 1329 sic
3026 1266 3117 1329 ait
3151 1283 3165 1327 :
3202 1289 3230 1323 ι
3259 1265 3804 1328 Commentariiet

539 1363 991 1427 Enarrationes
1019 1365 1087 1425 in
1114 1365 1479 1444 prophetas,
1506 1365 1727 1445 juncta
1760 1362 2194 1444 explicatione
2227 1363 2293 1423 in
2322 1362 2704 1425 Psalterium
2738 1360 3027 1440 Dooidis,
3055 1369 3236 1425 erant
3273 1378 3427 1423 mss.
3465 1359 3531 1422 in
3572 1359 3811 1423 biblio-

540 1462 716 1524 tbeca
749 1460 1345 1540 imperialiYienna
1363 1462 1701 1526 Austria.»
1721 1464 1811 1525 Ne
1838 1462 2140 1539 cuiquam
2170 1455 2391 1521 fucum
2426 1459 2556 1521 hac
2580 1458 2811 1521 faciant
2836 1459 3026 1522 verba
3052 1503 3069 1533 ,
3101 1458 3616 1522 animadvertere
3637 1472 3805 1535 opus

535 1562 655 1628 est,
703 1555 973 1618 indicari
999 1555 1286 1619 codicem
1310 1558 1428 1619 216
1455 1558 1627 1635 apud
1666 1554 2073 1620 Umbecium
2109 1551 2275 1617 libro
2310 1573 2366 1625 ν,
2412 1555 2480 1618 in
2518 1570 2652 1633 quo
2711 1555 2921 1634 primo
2956 1564 3307 1619 occurrunt
3356 1552 3679 1634 Bulgaria;
3703 1568 3809 1614 ar-

534 1650 930 1729 chiepiscopi
962 1650 1426 1729 TbeOpbylacti
1463 1654 1926 1733 Eapositiones
1963 1652 2033 1713 in
2061 1650 2334 1730 quinque
2358 1654 2728 1732 prophetas,
2768 1652 3002 1732 utique
3060 1653 3358 1724 minores,
3387 1648 3635 1721 Oscam,
3668 1648 3805 1712 Ha-

528 1746 747 1822 bacuc,
780 1747 1029 1821 Ionam,
1063 1748 1310 1811 Nattam
1346 1757 1404 1809 et
1437 1749 1782 1813 Michaam.
1816 1752 2061 1813 Prostat
2120 1743 2358 1811 deinde
2399 1765 2433 1811 a
2462 1748 2580 1812 fol.
2613 1747 2758 1823 218,
2807 1748 3156 1827 Nicephori
3200 1744 3562 1808 Blemmida
3603 1763 3805 1825 expo-

528 1844 679 1904 sitio
711 1844 780 1929 in
807 1843 1189 1905 Psalterium
1212 1843 1512 1915 Daoidis;
1541 1854 1604 1909 et
1625 1862 1660 1909 a
1679 1845 1792 1910 fol.
1821 1848 1963 1923 356,
1991 1845 2283 1931 ejusdem
2308 1845 2663 1908 Btemmida
2707 1846 3024 1925 expositio
3062 1846 3132 1907 in
3157 1842 3589 1931 Appendicem
3617 1839 3808 1904 Psal-

532 1940 681 2000 terii
698 1926 1011 2012 Davidici,
1048 1956 1278 2018 nempe
1318 1943 1387 2004 in
1424 1943 1709 2007 Cantica.
1743 1946 1975 2009 Caveat
2012 1926 2195 2027 ergo,
2236 1942 2352 2027 qui
2408 1941 2741 2004 Possevini
2790 1942 2979 2004 verba
3024 1942 3278 2021 legerit,
3319 1930 3412 2003 'ne
3454 1937 3806 2018 Tbeony-

532 2035 695 2098 iacto
728 2044 949 2098 nostro
982 2037 1178 2098 ullam
1206 2039 1273 2099 in
1296 2039 1577 2101 Psalmos
1611 2044 1692 2122 (a)
1726 2054 1789 2105 et
1812 2044 2076 2107 Cantica
2112 2040 2585 2122 expositionem
2622 2037 2921 2100 ascribat.

614 2128 682 2195 ln
714 2134 956 2195 Veneta
988 2134 1197 2195 Sancti
1232 2136 1426 2199 Marci
1484 2138 1877 2204 Bibliotheca
1916 2144 2128 2205 codex
2184 2144 2393 2203 exstat
2424 2151 2603 2199 num.
2652 2135 2734 2195 26
2796 2133 2863 2196 in
2923 2150 3055 2213 quo
3087 2140 3230 2212 post
3276 2130 3798 2196 Commentarios

536 2228 998 2309 TheOpbylacti
1036 2231 1103 2291 in
1140 2233 1414 2311 quinque
1450 2237 1800 2315 prophetas
1838 2240 2118 2305 minores.

2217 2232 2440 2306 rostat‘,
2468 2241 2717 2311 Νικήτου
2745 2239 3049 2294 ἐπισκόπου
3083 2238 3182 2306 τῆς
3211 2235 3607 2308 μητροπόλιως
3644 2233 3799 2287 Nau-

533 2335 741 2390 πάκτου
765 2338 1074 2408 σύνταγμα,
1134 2331 1369 2393 Nicetw
1448 2334 1733 2413 episcopi
1798 2335 2115 2413 metropoll

2272 2330 2596 2410 Naupacti
2642 2328 2985 2406 Syntagma
3032 2325 3103 2386 in
3167 2323 3583 2403 Ecangclium
3630 2320 3800 2383 Mat-

536 2428 699 2500 thai,
738 2428 1067 2493 collectum
1131 2434 1449 2512 pracipue
1477 2453 1558 2495 ea:
1591 2434 2226 2513 interpretationibus
2287 2430 2719 2510 Chrysostomi
2767 2426 3161 2506 aliorumque
3207 2424 3628 2487 diuersorum.
3666 2424 3788 2486 Sed

534 2541 744 2603 neque
799 2530 1265 2605 Chrysostutni,
1328 2547 1541 2609 neque
1595 2537 1890 2594 veterum
1953 2531 2230 2594 aliorum
2286 2531 2710 2607 interpretum
2756 2523 3021 2587 nomina
3073 2522 3556 2601 exprimuntur,
3604 2528 3677 2583 ut
3728 2520 3800 2583 in

531 2620 786 2684 Catenis
856 2624 992 2686 ﬁeri
1018 2626 1203 2688 solet.
1272 2626 1654 2689 Prommium
1727 2627 2113 2706 incipitz'El

2220 2636 2316 2706 μὶν
2355 2634 2503 2705 ἡμᾶς
2541 2634 2617 2704 μὴ
2642 2629 2853 2686 ὃιῐσθαι
2881 2627 2985 2700 τῆς
3011 2627 3121 2685 ἀπὸ
3147 2625 3259 2681 τῶν
3281 2626 3641 2698 γραμμάτων
3654 2626 3795 2699 βοη-

530 2722 701 2788 θείας.
748 2718 926 2780 Idem
984 2728 1079 2781 est
1136 2737 1279 2782 cum
1322 2738 1399 2783 eo
1439 2722 1612 2801 quod
1646 2723 1899 2785 Catena;
1951 2732 2317 2786 sanctorum
2350 2723 2604 2783 Patrum
2644 2719 2711 2781 in
2752 2715 3181 2797 Evangelium
3231 2716 3595 2779 secundum
3640 2718 3801 2784 lat-

528 2813 764 2877 tbaaum
805 2818 1201 2893 praemissum
1240 2818 1475 2897 legitur
1509 2819 1571 2879 in
1596 2820 1919 2899 Symbolis
1958 2822 2325 2884 Grecorum
2358 2823 2611 2882 Patrum
2637 2833 2669 2880 a
2702 2819 2888 2880 Petro
2922 2813 3197 2878 Possino
3232 2812 3512 2893 vulgatis
3547 2822 3722 2880 tomo
3741 2817 3796 2884 ι.

541 2911 662 2973 Sed
710 2928 855 2991 qua
916 2914 1151 2975 Catena
1198 2914 1318 2976 hoc
1356 2913 1495 2976 loco
1532 2917 1867 2994 sequitur,
1900 2917 2166 2979 omnino
2188 2917 2397 2979 ditfert
2427 2933 2462 2978 a
2498 2918 2938 2995 Syntagmate.
2979 2914 3051 2975 In
3079 2910 3357 2992 hujusce
3406 2911 3605 2975 initio
3634 2910 3801 2980 nol-

532 3005 709 3068 nulla
740 3016 1110 3082 occurrunt,
1142 3026 1285 3089 quae
1314 3018 1464 3070 sunt
1494 3026 1759 3087 prorsus
1786 3012 2011 3075 eadem
2049 3029 2193 3074 cum
2222 3012 2703 3092 TbeOpbylacti
2740 3008 3247 3073 Commentario.
3279 3009 3428 3083 Quo
3449 3025 3522 3076 se
3556 3030 3662 3076 res
3687 3014 3802 3080 ba-

528 3101 672 3166 beat
702 3108 914 3175 modo,
954 3104 1241 3182 patefacit
1269 3112 1412 3167 nota
1446 3107 1661 3169 Graec
1691 3107 1926 3186 scripta
1958 3108 2025 3170 in
2067 3110 2361 3188 ejusdem
2395 3110 2646 3173 codicis
2682 3106 2846 3173 folio
2874 3106 2977 3179 85,
3004 3122 3228 3188 quam.
3261 3108 3466 3171 veluti
3494 3111 3666 3175 scitu
3697 3111 3799 3176 di-

528 3204 924 3279 gnissimam,
954 3204 1171 3265 Grace
1207 3210 1268 3265 et
1300 3203 1520 3264 Latine
1546 3202 1715 3284 juris
1742 3204 1981 3281 publici
2014 3202 2223 3270 fecere
2247 3207 2493 3271 clariss.
2527 3205 2812 3271 editores
2847 3203 3079 3269 Graca
3128 3205 3276 3267 Dici
3305 3206 3511 3270 Marci
3540 3206 3794 3278 Biblio-

527 3300 713 3360 theca
743 3299 805 3361 in
854 3300 997 3377 ejus
1027 3299 1269 3361 codicis
1303 3301 1705 3362 recensione.
1736 3301 1955 3365 Latina
1984 3302 2433 3382 interpretatio
2462 3312 2603 3366 est:
2643 3304 2721 3366 In
2766 3302 2906 3367 alio
2940 3300 3104 3364 libro
3160 3302 3373 3365 inueni
3422 3314 3796 3381 praeeuntem

528 3396 987 3473 expositionem
1016 3395 1128 3456 sub
1149 3398 1397 3459 nomine
1422 3396 1737 3476 Bulgaria
1775 3399 2076 3477 episcopi,
2109 3398 2348 3462 scilicet
2402 3399 2643 3462 domini
2690 3397 3141 3479 Theophylacti
3173 3418 3193 3458 :
3225 3416 3358 3478 qua
3381 3395 3596 3461 autem
3657 3411 3796 3465 erat

528 3492 597 3552 in
626 3491 735 3552 illo
769 3492 954 3564 libro,
990 3511 1123 3551 cum
1154 3493 1265 3553 hac
1290 3494 1691 3556 conveniebat
1722 3496 1909 3556 initio
1939 3497 2265 3576 pracipue
2294 3517 2314 3557 :
2343 3513 2696 3574 progressu
2750 3512 2901 3557 vero
2953 3493 3377 3575 discrepabat.
3440 3495 3657 3573 Quare
3688 3516 3797 3561 ar-

527 3586 758 3660 bitror,
790 3588 948 3649 hanc
980 3590 1296 3666 Naupacti
1348 3592 1639 3669 episcopo
1666 3590 2114 3671 adjudicatam,
2160 3594 2270 3670 qui
2316 3593 2510 3670 plura
2541 3601 2862 3652 mutuatus
2894 3592 3021 3670 fuit
3064 3611 3104 3652 a
3142 3591 3635 3673 Theophytacto,
3667 3596 3795 3657 eius

530 3683 974 3762 Chrysostomo
1015 3706 1034 3745 :
1066 3685 1561 3765 quandoquidem
1601 3696 1659 3747 et
1694 3689 2019 3765 posterior
2053 3696 2327 3765 tempore
2355 3688 2486 3765 fuit
2520 3685 3009 3765 Theophylacto.
3044 3688 3185 3747 Jam
3222 3695 3417 3766 patet,
3452 3690 3792 3771 aliquibus

532 3778 613 3847 in.
635 3782 973 3846 codicibus
1011 3786 1090 3844 Ex
1104 3783 1463 3863 positiones
1492 3792 1780 3861 prostare
1814 3783 1938 3847 sub
1968 3784 2229 3847 nomine
2255 3780 2746 3861 TheOphylacti,
2772 3798 3102 3860 perperam
3130 3782 3381 3847 scilicet
3400 3782 3618 3849 eidem
3642 3803 3798 3865 sup-

527 3879 791 3955 positas.

611 3978 853 4037 Auctor
881 3978 1313 4055 Syntagmatis
1348 3979 1411 4040 in
1452 3985 1599 4041 nota
1632 3979 1868 4041 dicitur
1905 3978 2160 4042 Nicetas
2193 3978 2523 4054 episcopus
2550 3973 2966 4053 metropoleos
2988 3973 3334 4055 Naupacti.
3363 3978 3555 4056 Apud
3582 3981 3793 4044 Mont-

526 4069 897 4134 fauconium
941 4075 1002 4134 in
1046 4074 1438 4137 Bibliotheca
1467 4076 2002 4137 Bibliothecarum
2032 4093 2178 4136 mss.
2226 4080 2398 4137 tomo
2434 4076 2481 4147 l,
2518 4089 2663 4151 pag.
2691 4074 2791 4145 27,
2831 4075 2953 4134 col.
2997 4074 3057 4145 2,
3093 4090 3383 4154 sequens
3414 4075 3658 4157 legitur
3689 4080 3790 4143 in-

528 4168 792 4243 scriptio
828 4169 993 4229 inter
1036 4170 1291 4232 codices
1323 4171 1561 4248 regina:
1591 4172 1834 4233 Sueciae
1869 4174 1930 4233 in
1978 4174 2275 4234 Vaticana
2311 4195 2322 4231 :
2366 4171 2601 4233 Niceta
2664 4170 2944 4248 episcopi
2982 4174 3338 4249 nuncupati
3371 4179 3693 4253 expositio
3722 4179 3794 4242 in

521 4273 799 4341 quatuor
825 4264 1226 4344 Evangelia;
1276 4268 1384 4328 ubi
1432 4284 1648 4330 vocem
1682 4270 2036 4348 nuncupati
2069 4270 2336 4346 positam
2369 4283 2482 4344 pro
2514 4266 2858 4345 Naupacti,
2906 4267 3244 4329 verisimili
3277 4271 3656 4349 conjectura
3675 4275 3790 4336 ad-

527 4370 745 4423 notant
781 4360 1014 4423 laudati
1063 4364 1404 4425 Marciana
1438 4363 1673 4425 Veneta
1709 4364 2110 4427 Bibliotheca
2143 4365 2454 4426 editores.
2506 4364 2795 4443 Hujusce
2850 4362 3087 4425 Niceta
3131 4366 3568 4443 metmpoleos
3626 4374 3793 4434 Nau-

525 4461 684 4537 pacti
720 4460 1005 4537 episc0pi
1042 4461 1279 4522 mentio
1314 4461 1485 4523 nulla
1515 4462 1686 4539 apud
1720 4463 2093 4525 Michaelem
2131 4463 2529 4542 Lequienum
2591 4461 2657 4521 in
2717 4459 2971 4520 Oriente
3031 4460 3423 4539 Christiano,
3470 4474 3648 4531 tomo
3704 4468 3788 4544 ll,

527 4558 649 4617 col.
679 4559 790 4618 198
819 4564 879 4618 et
907 4575 1089 4636 seqq.
1123 4557 1188 4619 in
1215 4558 1435 4620 eadem
1468 4562 1769 4637 Naupacti
1802 4562 2082 4623 Ecclesia
2117 4578 2129 4621 :
2168 4577 2377 4638 neque
2416 4558 2671 4629 mirum,
2717 4574 2864 4618 cum
2917 4559 3123 4620 series
3159 4576 3388 4623 eorum
3445 4564 3788 4645 epiSCOpo-

534 4669 672 4711 rum
706 4653 949 4729 integra
987 4654 1419 4714 desideretur.
1454 4655 1935 4732 TheOphylat'lO
1961 4656 2367 4734 synchronus
2410 4656 2673 4717 ﬂorebat
2708 4656 2960 4715 Nicetes
3001 4658 3361 4733 Serrorum,
3403 4673 3629 4738 postea
3662 4666 3787 4728 He-

535 4748 774 4819 raclea,
813 4749 1182 4825 episcOpus.
1218 4750 1309 4810 Ad
1346 4749 1515 4811 hunc
1546 4751 1685 4812 data
1713 4761 1805 4812 est
1833 4752 2604 4831 ejusdemTheOphylacti
2642 4769 2807 4813 nona
2846 4752 3015 4813 inter
3046 4754 3450 4821 Meursianas
3478 4762 3781 4839 epistola,

532 4844 799 4916 scilicet,
836 4853 925 4923 Τῷ
954 4854 1260 4927 διδασκάλῳ
1290 4856 1463 4926 κυρίῳ
1487 4858 1719 4928 Νικήτᾳ,
1742 4858 1819 4928 τῷ
1847 4859 1953 4911 τῶν
1974 4860 2112 4929 Σεῤῥ

2203 4851 2308 4912 .ls
2368 4856 2463 4910 est
2530 4850 2639 4929 qui
2694 4848 2939 4911 scholia
2998 4851 3257 4931 scripsit
3318 4856 3382 4917 in
3442 4857 3783 4923 Orationes

528 4937 1048 5016 sanctiCregorii
1095 4942 1502 5004 Nazianzeni.
1557 4948 1849 5009 Laudatus
1894 4948 2100 5024 episto

2245 4946 2447 5025 prima
2510 4948 2697 5008 verba
2742 4955 2897 5010 sunt
2934 4971 2945 5013 :
2981 4962 3139 5015 Καὶό
3183 4959 3279 5013 τοῦ
3310 4961 3660 5029 Εὐαγγελίου
3689 4966 3784 5035 τῆς

532 5042 788 5113 ἀληθείας
823 5045 1123 5116 ἐξηγητὴς,
1156 5040 1367 5101 Etiam
1404 5055 1492 5115 tu,
1528 5046 1637 5123 qui
1663 5046 1992 5123 Evangelii
2066 5064 2114 5103 υι

2205 5045 2351 5104 latis
2404 5046 2717 5120 interpres
2775 5048 3013 5126 fueras,
3064 5048 3390 5109 mendacio
3452 5056 3780 5115 conuictus

534 5150 620 5199 es,
658 5140 777 5192 etc.
820 5134 909 5193 An
946 5152 1097 5212 ergo
1144 5138 1685 5200 Commentarium
1716 5138 1810 5201 vel
1847 5141 2143 5201 Catenam
2176 5140 2239 5200 in
2276 5140 2625 5217 Evangelia
2677 5144 3063 5220 scripserit?
3095 5144 3399 5205 Catenam
3466 5148 3781 5211 Pessinus

532 5224 590 5284 ei
626 5226 927 5299 attribuit,
963 5245 1151 5307 quam
1178 5231 1243 5291 in
1284 5234 1599 5311 Symbolis
1634 5236 1914 5313 vulgavit
1947 5244 2120 5296 torno
2156 5238 2233 5296 Il.
2264 5240 2341 5297 At
2385 5236 2627 5313 primus
2664 5240 2864 5313 enim,
2897 5241 3012 5319 qui
3042 5240 3104 5300 in
3142 5239 3371 5301 eodem
3427 5256 3628 5317 Opere
3688 5262 3783 5307 re-

532 5332 831 5383 censetur
874 5326 1039 5387 inter
1061 5336 1353 5389 auctores
1385 5343 1658 5409 quorum
1684 5334 2019 5395 sententia
2044 5334 2462 5407 deﬂorantur,
2517 5334 2766 5395 Nicetas
2794 5346 2909 5397 est.
2942 5336 3336 5416 Hujusmodi
3395 5336 3778 5403 Catenarnm

533 5420 977 5496 contpilatores
1008 5423 1415 5503 frequentius
1450 5429 1704 5489 obscuri
1742 5438 1915 5491 sunt.

610 5518 842 5578 Mirum
876 5535 1000 5581 non
1036 5521 1252 5589 fuerit,
1296 5527 1353 5582 in
1390 5526 1795 5601 Synlagmate
1832 5527 2137 5602 superius
2168 5529 2359 5593 citato
2420 5547 2761 5593 occurrere
2826 5549 2953 5595 non
3015 5550 3237 5612 pauca,
3288 5551 3437 5612 quas
3476 5552 3625 5599 cum
3674 5554 3782 5618 ge-

537 5614 735 5675 nuino
775 5616 1235 5696 'l‘lmOphylacti
1274 5621 1741 5682 Commentario
1772 5626 2164 5687 conveniunt
2198 5645 2209 5687 :
2256 5627 2356 5690 vel
2390 5628 2563 5690 enim
2587 5629 3141 5710 TheOphylactum
3186 5632 3570 5711 deccrpebat
3604 5614 3781 5699 Nice-

600 5767 1055 5850 lajjllteophylacti
1097 5776 1508 5850 Commentatian
1553 5779 1920 5850 ineditumuhin
1957 5780 2185 5850 Psalsz
2229 5790 2472 5835 memorat
2504 5783 2555 5836 C.
2604 5784 2658 5834 Β.
2697 5782 2877 5838 Hasius
2925 5787 2982 5838 ad
3026 5782 3237 5837 Paulum
3279 5780 3556 5835 Namnam
3606 5800 3653 5850 μ.
3691 5785 3778 5841 689

537 5829 616 5893 (in
638 5829 855 5884 editione
879 5829 1040 5885 nostra
1067 5839 1281 5895 col.88‘.),
1312 5846 1412 5887 not.
1450 5840 1523 5890 55.
1553 5841 1689 5891 Tum.
1718 5843 1927 5905 CXVII).
1954 5844 2091 5896 Eutr.
2130 5829 2278 5895 Pun.
