4006 6484
521 453 591 519 63
1371 442 1591 532 BERN.
1638 439 1903 502 ΜΑΒΙΕ
1948 437 2042 497 DE
2085 432 2370 495 RUBEIS
2415 419 2920 492 DISSERTATIO
3489 521 3505 532 ι
3703 401 3772 468 68

519 563 858 628 ferendum
889 567 1106 624 censet
1138 560 1327 621 ritum
1353 526 1838 616 consecrationis
1870 550 1934 610 in
1956 551 2344 628 fermentata.
2381 545 2455 602 At
2481 539 2737 601 demum
2764 559 2791 590 α
2825 531 3151 609 reliquum
3187 535 3304 628 est,
3335 527 3403 585 ut
3428 521 3777 628 admonea-

521 678 690 734 mus,
716 658 952 736 inquit,
985 657 1277 734 vulgares
1299 660 1549 714 nostros
1580 616 2234 724 homines,q'uotquot
2267 633 2781 736 zelumpuidem
2813 624 3215 736 habent,.sed
3247 637 3372 736 non
3410 616 3778 736 sepundBr-n

520 717 895 827 scientiam;
931 717 1145 830 quive,
1179 749 1346 828 quod
1383 745 1642 823 gravius
1675 751 1795 816 est,
1819 717 1894 803 ex
1925 717 2451 800 cteco'suiamore
2475 729 2723 830 Christi.
2740 741 2972 830 corpus
3004 722 3374 830 dilacerant.
3405 738 3433 769 ιι
3463 717 3775 830 Ait-etiam

879 805 904 904 ί
935 805 1548 921 ἷίόῐῖίέςᾶῐιὲ-ηέιίυθ
1598 805 1851 917 propter
1892 850 2136 913 azyma,
2171 849 2380 910 neque
2423 821 3057 907 pr0pterjejunium,
3085 814 3318 879 durius
3356 827 3475 872 nos
3517 805 3778 870 habebi-

523 961 663 1004 mus
697 960 842 1021 erga
885 934 1310 1000 inﬂexibilem’
1333 937 1542 1014 gentis
1575 933 2009 1009 pertinaciam.
2037 953 2062 983 »
2817 1018 2844 1021 _
3224 1007 3261 1021 ι,
3365 1004 3376 1021 ,
3476 1001 3654 1021 ,ὼμ
3697 998 3710 1021 ι

607 1001 971 1098 Pervicaces
1034 1035 1172 1094 suis
1219 1035 1282 1093 in
1327 1001 1850 1093 ritibus-Latinos
1905 1023 2232 1103 appellat:
2280 1039 2493 1101 neque
2543 1029 2753 1082 tamen
2804 1018 3041 1079 Graacm
3089 1007 3301 1103 gentis
3342 1001 3659 1066 duritiem
3697 1001 3763 1103 in

525 1150 634 1195 eos
669 1131 999 1210 approbat.
1032 1132 1177 1191 Haec
1215 1128 1333 1188 alia
1375 1127 1517 1205 ejus
1555 1125 1741 1186 verba
1779 1094 2003 1184 refero-
2036 1144 2048 1181 :
2093 1142 2120 1174 α
2151 1094 2679 1197 Neque-multum
2718 1112 2935 1210 refert,
2971 1108 3048 1169 de
3087 1101 3336 1167 caneris
3369 1094 3775 1210 enumeratis

527 1191 834 1308 (ritibus),
890 1241 1053 1303 quos
1125 1223 1244 1298 ipsi
1283 1223 1302 1301 (
1347 1191 1575 1299 Latini)
1609 1238 1677 1280 se
1728 1221 2066 1279 observare
2121 1191 2425 1284 fatentes,
2489 1205 3261 1308 (praetermrffocatorurrt
3296 1213 3464 1302 esum
3513 1191 3778 1308 {hujus

526 1287 697 1384 enim
735 1287 812 1382 ne
841 1287 1072 1381 ndmen
1110 1287 1379 1396 quidem
1439 1287 1972 1396 prudentioribus
2007 1310 2254 1373 Latinis
2289 1307 2632 1372 ferendum
2670 1304 3035 1370 videtur...)
3081 1293 3302 1358 multis
3335 1287 3776 1396 irremissibi-

528 1418 676 1478 liter
711 1431 966 1494 peccare
1002 1382 1326 1475 videntur.
1351 1382 1642 1487 Quorum
1675 1408 2088 1471 sermonibus
2123 1423 2249 1469 non
2282 1405 2622 1469 assentire,
2657 1398 2942 1462 hominis
2975 1401 3099 1494 est,
3117 1399 3196 1494 ut
3243 1396 3423 1494 puto,
3459 1386 3539 1494 in
3573 1382 3781 1494 eccle-

528 1480 780 1573 siastica
830 1509 1100 1570 historia
1149 1480 1513 1579 exercitati;
1565 1506 1676 1585 qui
1742 1505 1937 1582 probe
1977 1504 2178 1577 novit,
2248 1519 2375 1566 non
2441 1515 2677 1562 omnen
2743 1491 3294 1585 consuetudinem
3345 1485 3422 1546 ad
3456 1480 3780 1585 Ecclesias

527 1608 909 1669 scindendas
944 1608 1152 1668 valere
1211 1607 1371 1666 :sed
1427 1577 1506 1665 id
1553 1577 1819 1675 tantum,
1864 1601 2035 1680 quod
2099 1598 2413 1678 dogmatis
2472 1593 2918 1657 diversitatem
2993 1585 3212 1648 infert.
3255 1577 3780 1680 consuetudines

528 1712 740 1764 autem
776 1703 1087 1773 diversas,
1131 1709 1236 1763 aut
1294 1701 1480 1761 etiam
1531 1716 1677 1776 qua;
1706 1671 2246 1774 apud-praeclaros
2300 1693 2415 1755 hos
2443 1690 2697 1771 judices
2763 1687 3037 1766 (Grtecos
3099 1676 3495 1776 morosiores
3544 1671 3780 1776 carpit)

532 1807 732 1860 errata
774 1804 940 1870 sunt,
979 1770 1148 1858 ortas
1188 1814 1331 1858 esse
1383 1770 1649 1856 alias-ex
1700 1770 1934 1871 pietate
1969 1799 2031 1852 et
2086 1790 2544 1870 religione,ut
2580 1801 2755 1847 sacra
2799 1782 3163 1861 pavimenta
3215 1771 3498 1871 osculari
3537 1770 3780 1849 (neque

532 1894 703 1955 enim
741 1893 1092 1954 Satanicam
1138 1890 1310 1952 illam
1369 1864 1754 1951 calumniam
1787 1864 2245 1960 admittimus:
2269 1881 2441 1962 quod
2499 1878 2706 1941 Latini
2742 1874 3101 1952 imaginum
3156 1864 3645 1962 venerationem
3685 1879 3784 1962 re-

532 1989 834 2064 spuant);
894 1987 1051 2048 alias
1107 2004 1256 2048 vero
1301 2004 1379 2047 ex
1439 1985 1704 2062 provida
1767 1982 2043 2064 quadam
2111 1957 2594 2058 dispensatione
2661 1972 2742 2034 ob
2801 1967 3262 2064 inﬁrmitatem,
3298 1959 3575 2022 fortasse
3628 1957 3783 2038 qui-

531 2060 677 2142 dem
736 2060 987 2157 animae,
1047 2083 1160 2144 sed
1217 2089 1387 2144 certe
1441 2060 1735 2159 corporis
1763 2060 1809 2154 ;'
1855 2087 1924 2141 ut
1981 2078 2155 2157 quod
2223 2071 2518 2136 monachi
2581 2071 2646 2130 in
2719 2060 3202 2128 inﬁrmitatibus
3271 2071 3498 2119 carnes
3562 2069 3781 2116 come-

533 2176 704 2239 dunt.
759 2198 787 2232 ιο

612 2289 712 2348 61.
763 2289 1158 2352 Calumniam
1209 2289 1410 2363 illam,
1465 2306 1654 2367 quam
1716 2288 2090 2348 Satam’cam
2127 2290 2324 2354 vocat,
2361 2276 2746 2355 excogitavit
2796 2273 3179 2367 invexitque
3252 2269 3646 2367 Cerularius.

534 2385 989 2448 suifoeatorum
1013 2403 1192 2452 esum
1215 2353 1663 2465 quod’attinet,
1698 2383 2119 2454 Humbertus,
2144 2380 2335 2441 Silva)
2387 2353 2687 2437 Candida:
2716 2373 2775 2433 S.
2800 2371 2872 2431 R.
2909 2370 2980 2429 Ε.
3015 2362 3387 2465 cardinalis,
3419 2359 3657 2465 Leonis
3686 2353 3775 2417 IX

540 2498 716 2558 papae
766 2459 1391 2559 Constantinopolim
1451 2482 1746 2558 legatus,
1805 2479 2095 2556 ejusdem
2147 2472 2460 2537 Cerularii
2506 2479 2818 2545 tempore,
2854 2463 3205 2525 testabatur
3251 2461 3439 2539 juxta
3477 2459 3780 2516 Romanae

541 2576 843 2638 Ecclesia
925 2577 1360 2654 disciplinam,
1425 2599 1452 2631 α
1532 2593 1786 2655 gravem
1855 2573 2290 2652 paenitentiam
2373 2565 2617 2646 imponi
2684 2563 2766 2623 iis
2842 2560 2954 2640 qui
3010 2558 3785 2655 absqueAextremoupe-

537 2672 744 2734 riculo
801 2674 964 2745 vitae,
1018 2645 1332 2750 sanguine
1401 2645 1868 2742 vescvebantur,‘
1912 2667 2008 2729 vel
2069 2681 2465 2745 quocunque
2525 2658 2889 2728 morticino,
2956 2664 3079 2750 8‘1"
3131 2649 3488 2750 [πωίόθεξίος
3531 2669 3591 2750 ’³,
3621 2645 3783 2705 Hinc

536 2742 1057 2845 Theotihylactus
1113 2742 1346 2840 aiebat,
1396 2765 1856 2827 suﬂ'ocatorum
1920 2781 1997 2825 ne
2054 2742 2317 2841 quidem
2394 2773 2628 2821 nomen
2678 2749 3213 2832 prudentioribus
3266 2743 3520 2808 Latinis
3561 2742 3781 2804 feren-

537 2861 692 2923 dum
756 2863 983 2924 videri.

616 2962 666 3019 Α
699 2958 970 3035 pristino
1020 2959 1231 3036 rigore
1273 2976 1596 3020 recessum
1650 2966 1745 3019 est
1786 2980 1799 3018 :
1839 2957 2144 3036 quoniam
2188 2976 2217 3010 ι
2262 2950 2368 3013 ubi
2411 2947 2691 3010 Ecclesia
2744 2944 3031 3024 gentium
3082 2942 3179 3021 (ut
3237 2941 3326 3002 ait
3359 2935 3770 3036 Augustinus

535 3033 713 3112 libroﬁ
743 3069 929 3111 xxxu
959 3033 1192 3113 Contra
1225 3053 1528 3112 Faustum
1565 3033 2004 3124 Manichteirm,
2041 3051 2246 3127 capite
2285 3049 2378 3122 13)
2421 3045 2565 3107 talis
2597 3044 2819 3104 effecta
2856 3048 2974 3112 est,
3015 3047 3081 3099 ut
3111 3039 3174 3098 in
3219 3053 3290 3098 ea
3327 3034 3551 3098 nullus
3577 3033 3782 3094 Israe-

538 3145 646 3207 litt.
679 3147 951 3210 carnalis
981 3148 1460 3224 appareat;jam
1497 3149 1615 3208 hoc
1649 3149 2053 3209 Christianus
2097 3161 2221 3207 non
2259 3143 2552 3204 observat
2591 3139 2788 3218 (quod
2829 3137 3055 3214 utique
3112 3133 3188 3194 ad
3232 3141 3489 3208 tempus
3520 3128 3779 3207 jussum

534 3241 790 3321 fuerat),
829 3253 898 3302 ut
930 3245 1172 3315 turdos,
1217 3244 1310 3304 vel
1348 3243 1727 3304 minutiores
1781 3243 2062 3305 aviculas
2096 3258 2220 3303 non
2245 3239 2531 3316 attingat,
2565 3235 2694 3296 nisi
2753 3247 3026 3312 quarum
3051 3228 3320 3309 sanguis
3356 3225 3610 3288 effusus
3642 3233 3778 3285 est:

535 3341 644 3398 aut
680 3334 959 3411 leporem
1001 3351 1124 3395 non
1160 3335 1329 3408 edat,
1363 3337 1417 3396 si
1455 3353 1644 3397 manu
1674 3353 1709 3397 a
1733 3337 1981 3398 cervice
2020 3351 2389 3413 percussus,
2428 3332 2608 3394 nullo
2641 3337 2908 3392 cruento
2950 3327 3218 3388 vulnere
3268 3323 3524 3386 occisus
3555 3331 3653 3383 est
3701 3340 3715 3379 :
3751 3342 3778 3374 ι

537 3429 893 3506 Scriptores
932 3429 1279 3506 polemicos
1311 3429 1426 3491 hac
1457 3431 1534 3492 de
1561 3449 1625 3492 re
1650 3431 2054 3494 luculentius
2089 3439 2430 3493 tractantes
2458 3428 2751 3492 consule.

615 3526 717 3587 62.
760 3525 1044 3585 Gentiles
1106 3541 1257 3585 suos
1318 3527 1524 3605 pergit
1582 3527 1826 3588 ibidem
1882 3527 2411 3606 TheOphylactus
2477 3525 2687 3586 latiori
2753 3538 3055 3584 sermone
3108 3517 3463 3591 adhortari,
3506 3523 3576 3578 ut
3635 3516 3783 3578 odia

539 3621 863 3697 deponant
906 3637 976 3682 ac
1024 3621 1284 3683 nimiam
1338 3623 1668 3699 duritiem,
1706 3625 2017 3685 unitatem
2081 3625 2356 3699 diligant
2390 3621 2719 3683 catholica,
2754 3618 3079 3684 Ecclesiae,
3128 3631 3398 3692 eamque
3433 3629 3562 3673 non
3623 3612 3782 3673 dila-

540 3724 758 3777 cerent
803 3718 884 3777 ob
918 3716 1210 3779 innoxias
1239 3718 1676 3796 discrepantes
1709 3719 2248 3792 consuetudines,
2288 3721 2384 3780 vel
2421 3720 2608 3780 etiam
2653 3717 2735 3778 ob
2775 3732 3049 3786 errores,
3084 3715 3138 3773 si
3172 3712 3285 3790 qui
3317 3719 3571 3781 essent,
3621 3725 3783 3789 quos

543 3811 890 3873 condonari
939 3822 1136 3874 satius
1193 3825 1310 3875 est.
1349 3817 1531 3876 Mens
1563 3815 1786 3877 eadem
1841 3816 1998 3876 olim
2031 3815 2239 3877 fuerat
2298 3814 2462 3875 Petri
2520 3811 2905 3874 Antiocheni
2951 3806 3343 3887 patriarchas,
3383 3805 3453 3866 in
3507 3805 3784 3882 epistola

545 3908 622 3968 ad
679 3906 1053 3967 Michaelem
1119 3908 1725 3990 Cerularium,quae
1781 3913 1997 3972 Graece
2029 3927 2099 3971 ac
2158 3913 2380 3972 Latine
2434 3916 2637 3970 exstat
2693 3907 2862 3986 apud
2901 3904 3297 3967 Cotelerium
3361 3901 3426 3963 in
3478 3901 3780 3966 Ecclesia

543 4001 774 4064 Graece
807 4003 1253 4078 Monumentis,
1289 4012 1438 4067 tom.
1483 4007 1562 4068 Il.
1598 4008 1930 4068 lncusatos
1972 4008 2336 4067 Latinorum
2373 4006 2532 4067 ritus
2560 4002 2890 4082 expendit,
2928 4010 2989 4062 et
3030 4000 3118 4061 ait
3151 4016 3328 4062 num.
3369 3997 3452 4058 Vl
3491 4019 3506 4057 :
3549 4022 3575 4052 α
3613 3998 3782 4071 Quid

542 4097 714 4158 enim
746 4099 822 4158 ad
858 4115 996 4170 nos,
1031 4099 1085 4159 si
1134 4101 1463 4177 pontifices
1501 4103 1753 4164 barbam
1791 4103 2040 4177 radant,
2097 4110 2158 4163 et
2209 4104 2272 4164 in
2329 4103 2587 4180 signum
2651 4096 3177 4176 desponsationis
3210 4109 3355 4156 cum
3413 4100 3634 4154 sancta
3671 4093 3780 4154 Dei

545 4193 828 4254 Ecclesia
866 4205 1084 4271 gerant
1127 4199 1493 4258 annulum?
1526 4202 1651 4260 Nos
1692 4215 1953 4278 quoque
2006 4217 2199 4277 supra
2252 4208 2440 4276 caput
2500 4199 2805 4259 Geraram
2867 4191 3217 4272 (coronam)
3273 4189 3628 4252 facimus...
3665 4190 3784 4252 Sed

543 4297 604 4349 et
662 4288 785 4364 ipsi
850 4305 1081 4350 aurum
1139 4301 1485 4370 gestamus,
1550 4295 1662 4372 qui
1717 4293 1929 4356 amicti
1986 4295 2191 4358 simus
2246 4293 2661 4363 chirothecis,
2733 4287 3084 4368 manipulis
3125 4294 3190 4349 et
3246 4285 3434 4348 stolis
3471 4302 3637 4349 auro
3696 4287 3787 4348 in-

543 4385 860 4446 tertextis.
925 4408 954 4440 »ι

622 4500 768 4578 Agit
807 4517 982 4561 num.
1017 4502 1126 4562 VII
1157 4502 1233 4563 de
1268 4503 1553 4566 carnium
1592 4523 1708 4569 esu
1751 4508 1919 4586 apud
1949 4505 2290 4570 monachos
2327 4523 2341 4562 :
2381 4525 2407 4557 α
2443 4499 2630 4575 Quod
2661 4503 2902 4569 autem,
2935 4494 3190 4574 inquit,
3223 4493 3472 4573 polluta
3512 4495 3783 4559 mandu-

544 4605 686 4656 cent
719 4595 1232 4675 ipsi,eorumque
1264 4601 1554 4661 monachi
1586 4603 1776 4664 edant
1808 4621 2086 4674 carnem,
2120 4602 2370 4678 adipem
2401 4597 2734 4676 porcinum
2771 4611 2786 4669 ;
2818 4594 2928 4655 illa
2953 4608 3216 4671 quoque
3249 4589 3570 4666 invenias,
3602 4594 3785 4656 modo

545 4689 977 4767 indagaveris,
1005 4695 1170 4769 apud
1204 4694 1514 4772 quosdam
1552 4713 1584 4756 e
1612 4699 1844 4758 nostris
1881 4699 2041 4760 fieri.
2092 4720 2118 4751 »

627 4785 744 4846 Pro
793 4785 1170 4856 fermentato
1220 4805 1379 4868 pane
1425 4791 1732 4853 acerrime
1777 4799 2169 4871 pugnaverat
2202 4809 2271 4852 in
2310 4793 2586 4868 epistola
2636 4788 2714 4848 ad
2783 4785 3195 4848 Dominicum
3233 4784 3636 4848 Gradensem
3679 4801 3784 4865 pa-

546 4880 904 4955 triarcham,
940 4900 1082 4962 qum
1124 4883 1262 4946 loco
1294 4885 1482 4946 citato
1533 4889 1700 4964 apud
1744 4888 2136 4952 Cotelerium
2176 4895 2440 4966 prostat.
2500 4885 2570 4946 In
2634 4883 2748 4946 hac
2777 4898 2925 4943 vero
2982 4881 3059 4942 ad
3095 4881 3506 4943 Cerularium
3565 4882 3661 4944 sic
3703 4881 3785 4944 ait

549 4992 725 5037 num.
758 4978 873 5037 XV
915 5001 929 5040 :
989 5002 1016 5035 α
1066 4979 1350 5052 Οιιωειὶο
1384 4981 1461 5042 de
1510 4983 1832 5062 azymis...
1875 5003 2098 5048 eversa
2134 4993 2256 5060 est,
2293 4984 2418 5046 nisi
2456 4983 2766 5045 canonico
2819 4979 2970 5041 huic
3020 4978 3211 5040 etfato
3249 4976 3512 5057 (Latini)
3548 4977 3781 5052 innixi,

555 5075 764 5134 Visum
805 5085 890 5135 est
944 5076 1224 5137 omnibus
1268 5079 1563 5139 utendum
1617 5101 1744 5142 esse
1794 5084 2072 5163 antiquis
2123 5079 2722 5150 consuetudinibus,
2761 5077 3095 5155 antiquam
3158 5074 3332 5152 apud
3386 5090 3456 5134 se
3497 5083 3784 5138 asseram

545 5186 918 5248 azymorum
954 5171 1385 5234 traditionem.
1424 5197 1451 5230 »
1491 5175 1692 5248 Quam
1732 5180 1952 5259 utique
1999 5189 2314 5243 vetustam
2370 5195 2512 5240 esse
2566 5175 2771 5236 Latini
2822 5173 3116 5253 probant,
3174 5188 3242 5231 ac
3279 5170 3486 5247 ipsius
3526 5168 3782 5233 Domini

551 5266 744 5325 nostri
777 5267 930 5327 Jesu
967 5267 1200 5328 Christi
1226 5269 1521 5348 exemplo
1548 5272 1877 5336 firmatam.
1914 5279 1980 5337 Id
2015 5277 2416 5338 inliciabatur
2452 5271 2892 5334 Antiochenus
2930 5289 2947 5341 ;
2997 5283 3218 5329 verum
3254 5266 3317 5326 id
3357 5266 3593 5328 lubens
3640 5267 3787 5330 fate-

550 5361 1226 5466 turO'l‘heophj'iactus,
1269 5373 1338 5426 ut
1396 5367 1564 5428 infra
1616 5369 1989 5434 dicendum.
2049 5377 2154 5436 Ait
2212 5375 2321 5434 ille
2377 5371 2640 5432 demum
2699 5384 2875 5428 num.
2933 5365 3096 5426 XVII
3140 5389 3152 5424 :
3192 5387 3220 5420 ‹‹
3261 5364 3453 5436 Vide,
3516 5364 3782 5427 honora-

550 5457 792 5562 tissime
831 5457 1110 5529 domine,
1145 5462 1470 5536 quomodo
1514 5479 1764 5538 eorum,
1802 5484 1946 5545 quae
1979 5485 2012 5530 a
2069 5470 2310 5531 nostris
2375 5474 2739 5547 peccantur,
2786 5480 2914 5525 non
2965 5462 3395 5534 attendentes,
3453 5470 3566 5522 aut
3597 5464 3779 5524 etiam

546 5555 1000 5657 conniventes;
1039 5555 1258 5632 majori
1293 5575 1441 5622 cura
1473 5575 1803 5622 sermones
1850 5580 2044 5624 vanos
2074 5567 2452 5636 serimus,et
2482 5564 2687 5624 aliena
2722 5560 2974 5622 curiose
3009 5566 3486 5637 pcrscrutamur
3526 5580 3540 5618 :
3584 5583 3614 5615 υ
3646 5577 3783 5640 qua

548 5645 642 5707 vel
680 5647 956 5744 innoxiae
983 5658 1129 5708 sunt
1167 5661 1426 5713 vetustae
1453 5658 1962 5720 consuetudines
2001 5664 2147 5744 :lvel
2185 5665 2235 5724 si
2272 5665 2426 5743 quid
2467 5661 2604 5721 vitii
2634 5657 3092 5727 contraxerint,
3129 5672 3254 5716 non
3296 5654 3454 5714 illud
3497 5673 3777 5736 unquam

544 5742 1110 5902 admlisitiltomalna
1143 5754 1247 5806 aut
1284 5748 1716 5816 Occidentalis
1771 5742 2073 5821 Ecclesia.
2117 5742 2708 5824 Pi-unlentissimum
2746 5753 2910 5816 Petri
2965 5750 3317 5816 consilium
3375 5751 3626 5816 utinam
3669 5771 3783 5831 prae

544 5855 668 5902 ocu
703 5855 754 5901 ts
845 5843 980 5902 ι·ωυὶ
1046 5843 1331 5902 iubeant!

543 5851 754 5904 oculis
785 5851 980 5903 Urtecl
1023 5851 1331 5904 habeant!
