2003 3275
161 279 198 311 65
596 277 647 309 DE
666 276 958 309 THEOPHYLACTI
977 276 1114 308 GESTIS
1133 278 1182 309 ET
1203 278 1387 312 SCRIPTIS.
1785 283 1820 315 66

202 333 327 366 Eadem
341 332 405 365 fuit
423 332 581 365 Demetrii
610 332 813 370 Chomatcni,
832 331 1046 363 Achridensis
1078 332 1111 363 in
1131 332 1283 373 Bulgaria
1301 333 1556 375 archiepiscopi,
1589 334 1754 367 sententia
1781 335 1816 368 in

164 382 307 423 epistola
322 383 361 414 ad
384 382 632 415 Constantinum
656 381 837 413 Cabasilam
862 380 1149 420 archiepiscopum
1170 382 1363 421 metropolis
1391 382 1574 421 Dyrrachii,
1593 384 1710 422 [XXX]
1727 384 1815 423 apud

163 431 400 462 Leunclavium
419 431 450 462 in
469 432 550 462 Jure
575 429 685 462 Greco
704 430 856 466 Romano,
876 429 960 459 libro
976 438 1007 460 v.
1023 428 1201 460 Ecclesiam
1218 438 1310 461 suam
1325 431 1576 462 administrabat
1593 431 1818 464 Chomatenus

163 479 261 510 tertio
286 480 414 511 decimo
438 479 570 511 saeculo.
592 479 623 509 ls
644 478 765 518 estqui
789 476 962 509 Theodoro
989 477 1019 507 ΙΙ
1035 477 1173 516 Angelo,
1198 478 1407 517 imperatoria
1429 479 1574 519 insignia
1601 484 1674 519 post
1689 485 1816 520 captam

160 536 179 559 a
200 529 324 560 Latinis
342 528 606 560 Thessalonicam
621 527 804 567 arripienti,
821 533 906 557 anno
921 526 1012 563 1222,
1028 526 1178 558 diadema
1197 527 1369 566 imposuit,
1390 536 1448 567 pro
1462 537 1530 560 suae
1546 528 1702 560 Ecclesiae
1720 533 1817 562 auto-

160 578 311 617 cephalia
331 577 393 608 sibi
414 578 468 617 jus
496 577 658 608 asciscens
683 575 862 616 quoslibet,
892 574 1095 615 ubicunque,
1118 575 1166 606 vel
1190 577 1455 620 quandocunque
1487 586 1581 617 reges
1609 578 1657 608 vel
1677 577 1818 618 impera-

162 630 253 658 tores
269 626 427 665 ungendi.
454 626 656 666 Lequienum
683 624 819 656 consule
852 623 883 654 in
909 622 1173 662 Archiepiscopis
1206 623 1476 656 Achridensibus.
1496 626 1815 666 Interrogationibus

160 675 317 706 Cabasilae
331 675 414 706 circa
431 674 618 705 Latinorum
635 676 736 704 errata
755 671 932 710 respondet
950 671 1004 701 ille
1019 671 1112 710 juxta
1144 677 1286 704 mentem
1317 673 1569 714 Theophylacti.
1586 674 1693 706 Verba
1710 679 1813 707 sunt:

159 735 175 751 ιι
196 724 242 754 Ex
260 723 419 754 sententia
435 723 530 764 hujus
556 722 787 762 sapientissimi
818 720 935 760 scripti
949 718 1049 759 (quod
1076 723 1127 751 est
1153 720 1390 760 Theophylacti
1414 721 1553 761 epistola
1578 721 1617 753 ad
1639 722 1810 753 Nicolaum

158 771 335 802 diaconum
359 775 390 801 et
405 770 627 808 canstrisium,
643 770 736 809 cujus
756 768 865 809 aliqua
891 767 1074 799 afferuntur
1090 768 1280 809 fragmenta)
1298 769 1410 800 videre
1433 774 1482 800 est
1500 780 1508 801 :
1527 770 1560 801 in
1589 770 1679 801 omni
1699 774 1811 811 gente,

157 828 235 859 quas
262 819 378 851 Christi
411 819 674 856 prmdicationem
702 818 895 857 susceperit,
909 822 948 854 ὡς
974 821 1116 856 ἐλάχιστα,
1139 826 1236 858 quam
1257 818 1392 849 minime
1419 827 1545 850 morum
1574 817 1724 858 ipsorum
1751 822 1812 850 de-

156 869 265 900 fectus
283 868 318 909 (si
337 868 394 908 qui
410 867 532 909 essent)
549 868 770 900 observandas
790 876 903 899 esse...
920 866 1190 907 quandoquidem
1206 874 1308 896 mores
1326 875 1390 897 non
1410 875 1476 896 eam
1494 867 1557 898 vim
1575 866 1691 898 habent
1710 867 1749 898 ab
1766 868 1809 898 iis

157 916 332 948 divellendi
347 925 439 956 quam
450 916 599 956 dogmata
623 925 787 956 perversa.
808 915 900 947 Unde
927 923 1034 955 neque
1058 918 1244 946 consecrata
1276 923 1293 945 a
1324 915 1448 945 Latinis
1467 923 1593 954 azyma,
1612 924 1720 955 neque
1739 915 1808 947 hac

156 964 377 1004 suscipientia
399 967 430 995 et
445 964 604 996 sacrificio
629 963 805 994 servient‘ia
835 971 949 994 eorum
976 971 1062 1000 vasa,
1094 966 1126 994 et
1157 966 1404 1002 consequenter
1427 971 1535 1003 neque
1563 971 1671 995 sacras
1692 971 1808 995 eorum

156 1012 273 1051 stolas,
288 1021 396 1053 neque
408 1011 599 1053 bujusmodi
616 1011 800 1052 quidpiam,
816 1013 1023 1043 immundum
1041 1011 1272 1052 pollutamque
1289 1010 1564 1043 existimabimus.
1589 1023 1605 1041 ι

925 1103 1020 1137 XVII.

153 1182 287 1214 Sacram
304 1181 543 1223 Eucharistiam
558 1181 593 1212 in
604 1190 718 1223 azyma
733 1189 818 1223 pane
834 1180 1059 1223 institutam]
1076 1179 1205 1212 Christo
1218 1181 1371 1223 Domino,
1395 1186 1484 1223 docet
1502 1182 1754 1223 Theophylactus
1772 1184 1806 1215 in

199 1221 337 1262 epistola
351 1221 392 1252 ad
409 1221 575 1262 Nicolaum
590 1219 773 1262 diaconum.
790 1221 931 1262 [temque
948 1220 997 1262 in_
1011 1219 1254 1262 Commentariis
1277 1221 1319 1252 ad
1332 1221 1518 1252 Matthaum
1534 1227 1565 1254 et
1582 1219 1708 1254 Lucam.
1732 1224 1807 1255 Non

196 1258 389 1292 adversatur
410 1262 445 1292 in
460 1260 692 1291 Commentario
715 1260 759 1300 ad
779 1258 947 1300 Joannem,
962 1258 1026 1300 ubi»
1049 1259 1212 1291 Christum
1239 1270 1331 1292 suum
1342 1262 1532 1300 pracenisse
1562 1262 1686 1294 Pascha
1699 1262 1804 1296 docet.

195 1300 301 1342 Locus
319 1300 475 1342 Matthwi_
483 1305 659 1342 corruptus
677 1299 712 1330 in
728 1298 890 1342 aliquibus
911 1298 1073 1329 codicibus
1096 1309 1106 1328 :
1130 1298 1353 1340 corruptionis
1373 1302 1478 1341 origo.
1499 1302 1682 1342 Corruptus
1710 1304 1805 1335 etiam

194 1341 334 1380 fortasse
350 1339 439 1371 locus
456 1340 561 1371 Marci
577 1338 591 1369 Ξ
602 1340 658 1379 qui
674 1338 988 1370 tumen’cindicatur.

198 1415 251 1447 63.
275 1416 312 1446 In
330 1423 366 1446 ea
386 1414 580 1456 quastione,
596 1422 671 1455 quas
685 1414 813 1446 Graecos
836 1414 922 1446 inter
937 1421 973 1445 ac
992 1413 1125 1445 Latinos
1149 1413 1267 1454 agitur,
1280 1422 1356 1444 num
1379 1422 1496 1444 canam
1514 1413 1644 1454 legalem
1661 1414 1803 1454 legitimo

154 1468 297 1503 tempore
323 1463 472 1495 Christus
500 1462 655 1493 Dominus
680 1463 854 1502 peregerit,
883 1472 920 1493 ac
944 1462 1131 1502 mysterium
1162 1461 1409 1493 eucharisticum
1427 1462 1604 1502 confecerit
1629 1463 1664 1494 in
1692 1472 1804 1502 azymo

151 1521 251 1554 pane,
270 1512 390 1543 Graecis
415 1511 484 1543 suis
516 1511 706 1542 adversatur
741 1510 1017 1551 Theophylactus,
1042 1508 1195 1549 favetque
1222 1509 1358 1540 Latinis.
1386 1510 1466 1540 Iesu
1493 1510 1625 1547 Christi,
1649 1518 1802 1550 azymum

151 1561 190 1592 in
206 1568 323 1600 corpus
347 1567 446 1591 suum
469 1558 726 1596 transmutantis,
758 1559 956 1598 exemplum,
981 1567 1048 1598 quo
1071 1567 1171 1590 suum
1197 1557 1303 1589 Latini
1327 1557 1426 1589 ritum
1457 1557 1638 1597 vindicant,
1669 1559 1711 1590 iis
1736 1560 1803 1591 eri-

154 1616 233 1648 pere
261 1607 362 1640 Graeci
402 1607 602 1639 conabantur
637 1607 737 1644 olim,
770 1607 935 1647 hodieque
972 1610 1155 1644 conantur,
1185 1606 1287 1638 variis
1324 1613 1384 1644 pro
1418 1606 1517 1645 genio
1554 1607 1802 1647 opinationibus

152 1656 307 1688 invectis.

197 1704 351 1736 Meletius
369 1703 503 1744 quidam
521 1703 554 1734 in
577 1710 730 1735 sermone
748 1703 793 1734 De
807 1712 943 1744 azymis,
961 1703 1017 1744 qui
1034 1703 1097 1735 sub
1113 1703 1247 1734 nomine
1265 1702 1402 1734 Joannis
1426 1703 1618 1736 Damnsceni
1635 1704 1721 1744 apud
1740 1706 1800 1736 Le-

151 1753 313 1795 quienum
322 1755 453 1792 prostat,
470 1756 558 1783 tomo
569 1752 596 1789 1,
608 1753 787 1788 contendit,
805 1763 820 1781 ii
836 1754 963 1792 Agnum
976 1751 1347 1792 paschalemcomedere
1358 1751 1482 1792 absque
1496 1752 1634 1791 panibus
1645 1752 1800 1786 tormenti

151 1801 345 1839 expertibus
361 1801 490 1833 Iudaeos
514 1801 739 1838 consuevisse,
759 1812 774 1829 ν
791 1808 990 1842 azymosque
1021 1800 1223 1841 ejuscemodi
1245 1808 1345 1839 panes
1375 1808 1442 1832 non
1471 1801 1637 1832 adhibitos
1663 1809 1738 1832 esse
1754 1802 1795 1833 ad

153 1858 301 1882 mensam
319 1861 334 1879 «
352 1854 426 1882 ante
443 1850 601 1881 decimam
617 1849 765 1889 quintam
784 1850 883 1886 diem,
903 1861 918 1878 ι
939 1858 967 1880 v.
984 1858 1015 1889 g.
1031 1857 1048 1880 a
1063 1848 1168 1880 media
1187 1853 1280 1879 nocte
1295 1851 1526 1888 computatam,
1542 1849 1668 1880 mensis
1685 1850 1802 1890 primi,

150 1899 190 1930 In
207 1899 293 1930 hunc
309 1898 444 1938 impegit
460 1906 614 1934 errorem,
633 1899 784 1930 Mosaicte
807 1898 888 1938 legis
914 1897 1101 1937 praescripto
1117 1896 1189 1927 sine
1214 1896 1317 1927 dubio
1338 1897 1526 1935 adversum,
1548 1897 1663 1928 Petrus
1681 1898 1797 1929 Antio—

151 1947 279 1978 chenus
298 1947 477 1987 patriarcha
494 1947 527 1978 in
541 1946 678 1986 epistola
692 1946 730 1978 ad
749 1946 957 1978 Dominicum
983 1945 1183 1976 Gradensem
1208 1944 1294 1984 apud
1312 1944 1510 1976 Cotelerium
1532 1946 1565 1976 in
1583 1946 1799 1978 Monumentis

150 1994 308 2026 Ecclesia:
321 1995 449 2031 Graue,
469 2000 554 2026 tomo
570 1996 610 2026 ll.
628 1994 699 2026 Alia
714 1994 793 2026 inita
813 1994 876 2032 via,
890 1994 959 2026 bini
970 1997 1119 2025 auctores
1135 1993 1304 2032 anonymi,
1320 2001 1404 2033 quos
1420 1992 1453 2024 in
1469 1993 1670 2025 Bibliotheca
1688 2003 1800 2026 recen-

151 2048 203 2076 set
219 2043 354 2075 Photius
374 2043 445 2075 cod.
463 2044 547 2075 CXV
562 2047 594 2075 et
609 2043 718 2080 CXVI,
736 2042 901 2082 putabant,
919 2054 934 2071 α
951 2042 1117 2074 Christum
1134 2041 1311 2072 Dominum
1332 2041 1367 2072 in
1382 2045 1528 2073 extrema
1551 2041 1608 2072 illa
1624 2051 1714 2074 coena
1731 2051 1797 2074 non

151 2091 338 2123 comedisse
362 2091 484 2122 Pascha
512 2090 708 2130 legitimum.
735 2102 750 2119 ι
767 2090 851 2122 Hinc
865 2090 935 2121 sive
952 2089 1022 2128 ille,
1038 2089 1109 2121 sive
1137 2089 1192 2120 isti
1219 2089 1281 2120 sibi
1299 2089 1453 2121 videntur
1477 2090 1674 2121 concludere
1699 2098 1799 2130 posse

151 2147 272 2180 panem
286 2138 393 2176 illum,
410 2146 509 2178 quem
528 2138 562 2169 in
574 2147 662 2170 coma
681 2138 817 2178 mystica
834 2137 983 2170 Christus
1007 2138 1169 2176 adhibuit,
1186 2147 1338 2178 azymum
1355 2146 1420 2170 non
1436 2138 1555 2170 fuisse.
1572 2139 1723 2170 Fuerunt
1739 2139 1797 2171 alii

150 2189 298 2224 demum,
315 2195 398 2227 quos
416 2186 611 2227 Euthymius
628 2187 810 2227 Zigabenus
828 2191 960 2218 secutus
976 2191 1026 2229 est
1042 2199 1050 2219 :
1067 2188 1246 2225 Christum,
1264 2187 1465 2228 inquientes,
1492 2198 1506 2216 α
1525 2195 1591 2218 uno
1608 2187 1661 2218 die
1677 2187 1798 2220 Pascha

150 2235 328 2266 Iudaicum
347 2235 573 2271 antevertisse,
597 2245 612 2262 in
643 2234 764 2275 dieque
796 2235 894 2265 tertia
917 2234 1050 2274 decima,
1073 2245 1138 2266 non
1170 2241 1285 2276 quarta
1313 2235 1446 2273 decima,
1463 2235 1647 2275 paschalem
1674 2243 1795 2275 agnum

151 2291 291 2322 vespere
309 2283 523 2314 manducasse
550 2291 624 2314 cum
653 2282 787 2314 lactucis
803 2283 1000 2323 agrestibus,
1018 2288 1050 2316 et
1079 2285 1217 2325 azymis,
1235 2293 1270 2316 ac
1293 2284 1420 2321 stando,
1443 2287 1475 2315 et
1502 2284 1635 2315 baculos
1652 2284 1797 2316 tenendo

149 2339 220 2371 prae
240 2331 409 2368 manibus;
431 2339 495 2371 qua
512 2339 600 2362 ctena
625 2335 763 2370 peracta,
791 2339 1000 2364 communem
1025 2341 1155 2372 panem,
1184 2342 1244 2364 seu
1267 2334 1493 2374 fermentatum
1518 2332 1631 2364 denuo
1655 2332 1792 2365 allatum

149 2388 250 2417 esse;
270 2391 284 2408 ε
302 2379 336 2410 in
353 2388 459 2420 eoque
476 2379 728 2411 eucharisticum
746 2380 939 2420 mysterium
961 2380 1161 2412 instituisse.
1187 2393 1202 2410 ι)

192 2429 269 2459 meo
282 2428 387 2468 rejicit
403 2429 512 2460 omnia
532 2428 794 2468 TheOphylactus
810 2428 844 2459 in
864 2428 992 2460 laudata
1004 2430 1043 2460 ad
1066 2429 1235 2461 Nicolaum
1251 2429 1425 2461 diaconum
1449 2431 1480 2460 et
1495 2428 1705 2460 canstrisium
1725 2429 1797 2470 epio

149 2477 247 2508 stola.
264 2476 537 2508 Luculentissima
567 2477 640 2517 ejus
670 2478 765 2509 verba
781 2481 877 2509 sunt:
896 2489 911 2506 σι
937 2477 1030 2514 Quod
1053 2477 1168 2509 attinet
1196 2477 1236 2509 ad
1267 2478 1420 2514 Latinos;
1437 2484 1502 2508 non
1528 2484 1588 2508 nos
1610 2476 1678 2509 illis
1697 2486 1795 2518 prave

149 2525 441 2565 interpretabimur
466 2521 609 2565 primum
630 2525 716 2556 diem
738 2526 936 2565 Azymorum
955 2537 962 2556 :
987 2525 1134 2557 dicentes
1161 2534 1232 2558 eam
1248 2534 1322 2558 esse
1346 2526 1506 2557 decimam
1525 2526 1662 2564 mensis,
1679 2527 1713 2558 in
1730 2535 1796 2567 qua

149 2573 342 2605 sumebatur
353 2574 634 2613 aguus.Novimus
647 2575 734 2605 enim
754 2583 770 2606 a
789 2574 860 2614 lege
874 2574 1010 2613 primam
1024 2575 1225 2613 Azymorum
1242 2575 1406 2616 diemnhv
1426 2577 1457 2605 ιε’
1476 2579 1603 2615 ἡμέραν,
1622 2575 1709 2606 diem
1729 2575 1795 2607 diri

149 2621 296 2661 quintam
321 2621 491 2653 decimam:
516 2621 549 2652 in
567 2630 627 2660 qua
647 2621 772 2653 scilicet
794 2622 959 2653 illucescit
978 2628 1043 2651 nox
1059 2621 1270 2652 comestionis
1290 2622 1462 2661 paschalis,
1479 2628 1528 2661 νὺξ
1549 2628 1707 2663 ὲπιφώσκει
1737 2627 1790 2662 τῆς

149 2672 200 2699 τοῦ
220 2673 313 2708 πάσχα
329 2673 467 2708 βρώσεως.
488 2681 502 2697 ιι
517 2669 676 2700 Nimirum
702 2678 849 2710 vespera,
865 2673 920 2701 aut
936 2679 940 2700 l

1000 2696 1003 2700 .
1024 2673 1085 2707 est,
1103 2679 1177 2710 qua)
1193 2671 1279 2702 diem
1296 2677 1444 2712 quartam
1465 2674 1624 2706 decimam
1639 2673 1791 2712 complet,

149 2721 182 2748 et
199 2716 328 2747 inchoat
339 2717 494 2747 decimam
510 2717 770 2757 quintam,juxta
783 2726 908 2750 morem
925 2717 996 2749 dies
1012 2719 1222 2758 computandi
1240 2728 1258 2751 a
1272 2729 1405 2760 vespera
1420 2722 1458 2754 ad
1476 2729 1655 2762 vesperam.
1672 2732 1687 2750 α
1700 2721 1793 2753 Unde

148 2769 182 2795 et
197 2764 330 2804 quidam
356 2773 394 2795 ex
411 2766 512 2796 sacris
543 2766 663 2796 nostris
695 2765 886 2797 doctoribus
904 2765 972 2806 (qui
996 2766 1036 2798 ab
1062 2766 1135 2807 ipso
1157 2768 1253 2799 etiam
1272 2768 1502 2809 Chrysostomo
1518 2770 1552 2801 in
1580 2778 1641 2801 suo
1655 2769 1695 2800 ad
1710 2770 1794 2800 Mat-

148 2814 269 2844 thaaum
297 2814 538 2844 Commentario
557 2814 736 2852 laudatur),
753 2823 923 2854 exponens
936 2822 1018 2852 eam,
1039 2823 1112 2855 quae
1127 2816 1167 2848 ab
1192 2818 1393 2857 evangelista
1409 2818 1530 2850 dicitur
1542 2819 1650 2859 prima
1665 2827 1792 2857 azymo-
1824 2849 1829 2853 ,

146 2871 233 2897 ram,
250 2862 306 2900 ait,
325 2862 457 2902 primam
475 2871 660 2902 azymorum
674 2873 691 2894 a
708 2862 856 2895 Mattheeo
871 2863 1028 2904 appellari
1059 2863 1158 2902 diem,
1176 2873 1250 2905 quae
1271 2866 1391 2906 Azyma
1415 2867 1577 2906 praecedit,
1592 2868 1725 2906 [XXXI]
1738 2872 1793 2906 πρὸ

147 2914 345 2950 τὼνἈζύμων
358 2935 366 2947 ,
396 2911 503 2941 sciens
528 2912 659 2950 quidem
675 2911 729 2942 cui
744 2910 812 2942 diei
828 2919 948 2943 nomen
974 2913 1062 2945 istud
1090 2913 1142 2944 lex
1159 2913 1355 2953 imponeret,
1373 2919 1404 2947 at
1424 2916 1595 2948 insinuans
1610 2925 1695 2948 novo
1709 2925 1792 2957 quo-

147 2960 224 2990 dem
245 2966 346 2990 sensu
367 2959 427 2990 hoc
444 2959 485 2990 ab
499 2960 700 2999 evangelista
718 2960 841 2991 dictum
857 2968 942 2992 esse.

190 3017 207 3036 ι
231 3007 347 3047 Nequa
374 3015 451 3044 vero
467 3015 527 3039 nos
553 3007 785 3040 aﬂirmabimus
803 3017 810 3039 :
829 3008 993 3043 Christum
1018 3013 1072 3042 aut
1090 3011 1193 3050 legale
1211 3011 1328 3050 pascha
1349 3020 1414 3044 non
1442 3011 1630 3052 perfecisse,
1658 3019 1691 3044 ut
1713 3013 1790 3045 inde
