4006 6474
529 443 602 517 στ
1385 432 1610 508 ﬁlim.
1651 437 1929 505 HARUE‘
1961 433 2061 504 DE
2105 441 2111 502 l

2206 434 2314 503 τε
2321 437 2392 504 IS
2429 437 2935 505 DISSERTATIO
3717 435 3788 502 σε

531 573 908 643 azymorum
945 573 1140 620 usum
1192 543 1574 620 non'fuisse
1632 548 1984 618 inferamus
2023 576 2038 616 :
2073 554 2174 618 vel
2219 547 2570 633 perfecisse
2628 555 2918 636 quidem,
2966 551 3079 617 sed
3129 559 3278 617 ante
3343 555 3626 636 tempus,
3653 574 3786 640 quo

535 657 928 724 fermentum
967 653 1536 726 exterminabatur,
1573 659 1642 713 ut
1670 659 1824 714 tunc
1857 651 2048 714 etiam
2082 650 2266 731 panis
2298 651 2717 713 fermentatus
2745 649 3178 714 inveniretur.
3221 651 3369 714 Hoc
3400 651 3575 714 enirn
3617 668 3787 718 nou-

534 751 698 820 ητιΗὶ
733 753 927 816 nimis
961 752 1260 816 audacter
1290 751 1621 812 dixerunt.
1655 751 1792 812 Non
1825 748 2028 829 igitur
2071 747 2320 831 aliquid
2368 763 2619 818 eorum,
2649 762 2794 828 quin
2845 747 2932 808 ita
2984 745 3153 809 dicta
3212 753 3388 816 sunt,
3420 763 3657 812 rursus
3714 748 3786 814 in

515 851 822 914 .r'nedium
853 847 1109 912 aderam
1140 867 1177 906 τι
1196 863 1408 926 neque
1437 845 1611 908 enim
1637 844 1786 907 licet
1821 845 2122 924 mysteria
2157 845 2442 906 veritatis
2476 845 2811 906 mendacio
2841 843 3353 907 conﬂrmare.....
3381 844 3545 920 Quae
3584 844 3790 926 igitur

528 947 849 1014 sententia
901 954 1038 1007 mea
1072 947 1216 1006 est?
1245 945 1392 1007 Hinc
1429 942 1676 1006 scilicet
1710 962 1725 1002 :
1760 941 2106 1002 Dominum
2161 943 2388 1005 Iesum
2419 942 2745 1004 Christum
2783 942 3146 1004 comedisse
3201 940 3457 1016 pascha,
3492 951 3552 1006 tv
3604 949 3790 1023 κιψῦ

531 1057 626 1110 καὶ
654 1054 750 1110 Μ
788 1054 826 1123 ή
875 1050 992 1123 ὥρα
1060 1047 1301 1115 trimo,
1331 1055 1454 1102 suo
1485 1046 1793 1116 tempore,
1828 1040 2062 1100 etcum
2112 1037 2267 1102 hora
2297 1039 2446 1114 fuit,
2480 1044 2899 1120 praeparatum
2929 1053 2964 1100 a
3007 1036 3348 1116 discipulis
3397 1045 3460 1101 et
3518 1037 3789 1105 domino

527 1136 780 1215 domne,
817 1151 963 1206 κατὰ
989 1151 1050 1204 τὸ
1077 1150 1204 1213 ἔθος
1227 1143 1450 1216 δηλαδὴ,
1480 1146 1574 1196 καὶ
1601 1141 1701 1196 οὐκ
1727 1140 1927 1205 ἄλλως,
1966 1129 2109 1192 vide

2200 1144 2267 1198 et
2290 1136 2473 1215 juxta
2532 1143 2944 1210 consuetum,
2977 1142 3038 1196 et
3073 1149 3199 1196 non
3225 1134 3435 1197 aliter.
3468 1135 3782 1216 Alioquin

526 1239 874 1302 novitatem
930 1239 1106 1301 illam
1159 1236 1524 1298 adnotasset
1567 1229 2094 1310 Evangelium....
2128 1233 2507 1298 Comedisse
2539 1243 2753 1295 autem
2796 1230 3027 1311 pascha
3061 1229 3262 1310 legale
3300 1233 3505 1311 prius,
3543 1233 3785 1298 deinde

525 1342 587 1396 et
619 1337 994 1416 mysterium
1027 1334 1128 1396 sui
1167 1329 1483 1410 paschalis
1515 1327 1856 1389 tradidisse
1889 1322 2232 1404 discipulis
2263 1337 2343 1385 ex
2383 1335 2571 1401 pane,
2607 1320 2722 1402 qui
2770 1331 2922 1382 tunc
2954 1322 3256 1381 inventus
3295 1329 3418 1382 est.
3481 1327 3705 1401 Εὕρηται
3728 1331 3787 1387 Ia

523 1433 826 1500 τηνικαῦτα
885 1433 1111 1504 arcane,
1147 1429 1447 1489 inventus
1480 1431 1817 1487 estautem
1851 1422 2033 1504 panis
2080 1437 2105 1484 ε

2204 1435 2373 1485 mus.
2410 1440 2441 1477 ι
2467 1416 3022 1499 TbaOphylactum
3054 1417 3180 1479 sibi
3211 1435 3287 1480 ex
3320 1418 3638 1483 diametro
3669 1421 3783 1484 ad-

526 1525 887 1582 versantem
919 1524 1120 1586 Graaci
1157 1523 1412 1585 habent.

603 1617 701 1682 δι.
747 1618 893 1680 Haec
941 1621 1162 1682 eadem
1210 1636 1389 1681 mens
1427 1626 1525 1680 est
1563 1617 1856 1698 ejusdem
1906 1633 1978 1679 ac
2021 1614 2341 1679 sententia
2395 1613 2457 1676 in
2495 1614 2985 1678 Commentariis
3034 1613 3110 1676 ad
3149 1614 3517 1677 Mattherum
3556 1622 3621 1679 et
3652 1615 3781 1678 Lu-

523 1733 677 1778 cam.
715 1716 926 1778 Adero
956 1718 1256 1792 primum,
1301 1731 1445 1795 qum
1467 1714 1605 1793 ejus
1639 1712 1956 1776 habentur
1992 1711 2181 1777 verba
2210 1711 2288 1776 ad
2319 1719 2508 1792 caput
2531 1728 2687 1774 xxvn
2713 1711 3016 1784 Matthaai,
3049 1729 3106 1780 ν.
3143 1713 3244 1773 20.
3282 1733 3311 1769 ι
3359 1714 3619 1793 Vespere
3657 1734 3778 1777 au-

523 1802 838 1890 tem‘facto
873 1811 1316 1882 discumbebat,
1351 1819 1470 1874 etc.
1510 1813 1597 1872 Ex
1629 1808 1749 1872 hoc
1797 1817 2018 1889 putant
2058 1809 2342 1890 quidam,
2376 1808 2551 1891 quod
2587 1807 2707 1872 hoc
2735 1825 2904 1871 anno
2941 1825 3069 1870 non
3101 1812 3453 1873 comederit
3487 1811 3779 1876 Christus

528 1907 782 1987 pascha.
824 1909 1057 1970 Dicunt
1131 1909 1329 1980 enim,
1385 1907 1557 1986 quod
1602 1906 1841 1968 stantes
1883 1904 2312 1967 comedebant
2368 1921 2659 1985 agnum:
2713 1903 3003 1967 Christus
3057 1915 3270 1968 autem
3327 1909 3779 1984 recumbebat;

523 2004 720 2084 igitur
775 2005 1004 2083 pascha
1039 2020 1161 2065 non
1198 2003 1499 2066 comedit.
1542 2001 1829 2064 Dicimus
1871 2001 2112 2080 itaque,
2154 2001 2327 2082 quod
2369 2003 2548 2080 prius
2583 1999 2811 2078 pascha
2851 2000 3104 2081 (legale)
3139 2005 3720 2084 stans.comederit
3760 2028 3776 2068 :

523 2100 759 2164 deinde
781 2100 1162 2163 recumbens
1206 2099 1465 2160 tradidit
1500 2115 1691 2160 suum
1733 2104 2222 2161 sacramentum.
2261 2123 2290 2156 ι
2325 2100 2603 2161 Mentem
2645 2099 2773 2177 jam
2812 2114 2990 2159 suam
3028 2102 3231 2178 aperit
3271 2119 3282 2161 :
3321 2102 3535 2165 minus
3569 2112 3776 2167 tamen

522 2213 593 2258 se
629 2196 905 2274 peritum
938 2196 1173 2274 prabet
1198 2197 1261 2256 in
1303 2196 1672 2275 Iudaeorum
1709 2193 2021 2257 moribus.
2058 2194 2342 2276 Magistri
2405 2212 2628 2257 eorum
2663 2197 2914 2267 docent,
2950 2213 3186 2274 agnum
3225 2215 3382 2261 suos
3414 2200 3774 2264 comedisse

520 2297 786 2361 stantes,
819 2297 1053 2352 etcum
1091 2291 1335 2354 baculis
1372 2305 1503 2368 prie
1547 2291 1846 2354 manibus
1879 2306 1953 2352 ea
1996 2297 2180 2352 nocte
2234 2307 2359 2368 qua
2406 2307 2482 2351 ex
2529 2291 2806 2370 Egypto
2865 2291 3211 2366 protecturi
3251 2302 3469 2368 erant;
3505 2297 3774 2359 minime

522 2402 675 2448 vero
733 2385 1096 2448 snlisecutis
1128 2388 1529 2467 temporibus
1582 2388 1744 2448 ritus
1776 2401 1888 2449 eos
1937 2386 2264 2448 observari
2305 2386 2634 2461 debuisse,
2669 2404 2884 2466 neque
2941 2390 3159 2469 peragi
3220 2389 3571 2472 hodieque.
3611 2393 3771 2456 Vide

523 2483 796 2544 Leonem
838 2481 1269 2544 Mutinensem
1322 2492 1497 2562 parte
1541 2501 1607 2544 ιιι
1662 2484 1750 2543 De
1781 2484 2014 2546 ritibus
2075 2481 2508 2557 Hebraorum,
2559 2483 2958 2546 Buxtortium
2997 2486 3064 2546 in
3112 2485 3447 2566 Synagoga
3495 2485 3774 2550 Iudaica

521 2580 724 2659 capite
755 2580 852 2654 18,
895 2580 1255 2641 Simonium
1294 2581 1358 2642 in
1391 2571 1684 2642 Historia
1713 2582 1940 2642 critica
1978 2581 2059 2644 Ν.
2097 2581 2161 2641 Τ.
2202 2590 2374 2643 tomo
2410 2581 2514 2654 ιν,
2551 2582 2751 2660 capite
2784 2581 2886 2656 28,
2919 2597 3058 2662 pag.
3090 2582 3236 2657 398,
3271 2591 3333 2645 et
3371 2585 3770 2665 Lequienum

523 2677 982 2743 Dissertatione
1009 2696 1074 2738 γι
1102 2678 1573 2746 Damascenica.
1605 2694 1787 2748 num.
1820 2677 2184 2738 XXXVIII.

599 2775 692 2836 Ad
723 2791 970 2838 comma
1029 2778 1102 2837 1'1
1145 2776 1518 2853 pracedens
1558 2775 1691 2838 hac
1749 2781 1903 2840 sunt
1941 2773 2454 2837 luculentissima
2501 2773 2968 2854 TheOphylacti
3007 2774 3200 2840 verba
3252 2776 3322 2841 in
3355 2777 3584 2844 Latina
3633 2797 3772 2845 ver-

517 2870 726 2944 sione,
763 2889 955 2952 quam
997 2889 1119 2934 suo
1154 2889 1233 2934 e1
1264 2872 1484 2935 codice
1553 2873 1774 2935 (ἑνωοο
1817 2869 2236 2934 concinnabat
2275 2869 2822 2949 OEcolampadius
2859 2893 2874 2932 :
2910 2896 2938 2930 ι
2973 2873 3190 2935 Prima
3229 2881 3437 2937 autem
3467 2874 3573 2939 die
3617 2878 3773 2960 Axy-

515 2985 758 3028 morum
800 2980 1193 3029 accesserunt
1224 2966 1553 3048 discipuli.
1594 2968 1866 3031 Primam
1910 2971 2300 3047 Azymorum
2334 2965 2507 3028 diem
2545 2975 2743 3041 vocat,
2775 2985 2922 3048 quas
2969 2970 3137 3032 diem
3188 2973 3581 3051 Azymorum
3619 2994 3768 3057 pre.

515 3064 701 3128 sedit.
735 3066 812 3127 Ut
841 3067 935 3128 sic
963 3067 1170 3129 dicam
1201 3088 1216 3127 :
1247 3066 1487 3142 Quinta
1511 3065 2141 3129 feria‘manducaturi
2173 3070 2352 3126 erant
2384 3063 2639 3142 pascha,
2672 3073 2811 3142 post
2839 3083 3029 3146 quam
3064 3068 3375 3149 sequitur
3393 3073 3765 3140 Parasceve.

512 3162 719 3222 Prima
751 3164 1140 3240 Azymorum
1175 3155 1517 3224 vocabatur
1548 3163 1612 3223 in
1647 3163 1812 3242 lege,
1844 3178 1922 3224 eo
1951 3161 2122 3241 quod
2151 3159 2386 3220 festum
2418 3159 2766 3238 incipiebat
2799 3179 2832 3223 a
2867 3180 3154 3242 vespera,
3181 3183 3311 3245 qua
3343 3171 3770 3236 vescebantur

512 3259 782 3336 azymis.
847 3261 1162 3321 Dominus
1218 3260 1418 3339 igitur
1483 3260 1677 3322 mittit
1733 3258 2095 3337 discipulos
2138 3255 2390 3336 quinta,
2429 3272 2621 3336 quam
2676 3259 2963 3321 nominat
3021 3263 3440 3342 evangelista,
3495 3269 3770 3348 primum

507 3353 887 3432 bymorum
917 3375 936 3416 :
961 3357 1114 3434 quia
1156 3356 1355 3435 prima
1390 3371 1654 3435 vespera
1681 3362 1813 3418 erat
1854 3353 1959 3433 (al.
1994 3360 2139 3416 ante
2171 3354 2439 3432 primam
2477 3371 2806 3431 veSperam
2843 3361 2996 3435 erat)
3029 3376 3155 3437 qua
3199 3362 3518 3442 (vespera)
3550 3381 3768 3429 come-

511 3451 745 3511 debant
793 3467 1118 3529 azyma....
1183 3453 1404 3515 Voluit
1456 3461 1670 3515 autem
1732 3452 1964 3530 pascha
2010 3450 2336 3530 perﬁcere,
2396 3467 2476 3513 ne
2529 3449 2651 3530 legi
2728 3454 3094 3516 contrarius
3137 3473 3282 3518 esse
3342 3458 3702 3529 videretur.
3736 3486 3764 3520 ι

512 3548 694 3609 Paria
757 3556 910 3610 sunt
949 3567 1093 3628 quae
1153 3551 1338 3613 docet
1396 3551 1472 3612 ad
1535 3559 1724 3630 caput
1780 3569 1924 3613 xxu
1982 3552 2189 3621 Luem,
2258 3565 2318 3608 v.
2389 3550 2428 3607 7
2509 3570 2523 3608 :
2588 3569 2617 3602 α
2697 3549 2869 3610 Venit
2917 3559 3125 3610 autem
3173 3549 3306 3612 dies
3351 3551 3758 3633 Azymorum.

510 3644 692 3705 Nunc
731 3649 942 3706 autem
995 3662 1188 3725 quem
1226 3645 1407 3708 nobis
1443 3646 1610 3709 dicat
1658 3646 1822 3708 diem
1850 3646 2251 3724 Azymorum,
2288 3643 2662 3705 dicendum.
2724 3645 2904 3706 Diem
2944 3647 3141 3724 igitur
3174 3649 3569 3729 Azymorum
3611 3652 3762 3716 dicit

510 3738 808 3816 Quintum
855 3761 871 3802 :
921 3742 999 3802 ad
1059 3741 1247 3821 cujus
1303 3757 1633 3820 vesperam
1686 3742 1918 3822 pascha
1983 3738 2449 3802 immolandum
2499 3749 2618 3801 est.
2680 3740 2885 3820 Igitur
2943 3745 3260 3808 Dominus
3310 3745 3477 3813 forte
3534 3751 3764 3830 quinto

511 3832 668 3912 (die)
715 3851 899 3898 mane
932 3835 1128 3897 mittit
1181 3835 1568 3917 discipulos.
1625 3861 1657 3897 ι
1708 3838 2169 3901 Luculeutiora
2222 3834 2357 3898 haec
2409 3843 2584 3910 sunt,
2619 3854 2810 3916 quam
2847 3841 3020 3918 quod
3071 3846 3535 3910 commentario
3589 3847 3765 3912 iudi-

510 3934 717 4007 geant.

586 4027 686 4087 65.
735 4029 870 4090 Non
911 4027 1098 4090 aliam
1131 4030 1452 4094 insedisse
1483 4039 1759 4094 mentem
1794 4031 2301 4110 archiepiscOpo,
2343 4035 2559 4092 contra
2599 4037 2791 4110 atque
2821 4032 3022 4095 ϐπ·ωοὶ
3062 4042 3308 4112 putant,
3353 4039 3568 4118 capite
3601 4059 3759 4108 xvm

509 4121 797 4194 Joannis,
833 4143 890 4187 v.
935 4123 1033 4198 28,
1075 4143 1190 4200 pro
1242 4135 1414 4189 certo
1453 4137 1911 4207 compertoque
1956 4126 2183 4190 habeo.
2219 4124 2422 4187 Verba
2479 4134 2630 4188 sunt
2663 4144 2677 4188 :
2717 4151 2746 4183 α
2785 4127 2872 4188 Et
2909 4132 3038 4210 ipsi
3089 4149 3218 4194 non
3269 4135 3665 4202 introierunt
3695 4142 3759 4205 in

509 4222 900 4298 prcetorium,
942 4231 1014 4281 ut
1066 4238 1197 4282 non
1255 4225 1865 4298 contaminarentur,
1911 4225 2020 4285 sed
2063 4233 2135 4285 ut
2188 4224 2643 4286 manducarent
2696 4227 2954 4303 pascha.
3013 4230 3184 4303 Quid
3236 4241 3453 4296 autem
3509 4243 3633 4308 est,
3689 4247 3758 4300 ut

512 4313 896 4376 comederent
932 4319 1218 4414 pascha?
1251 4319 1415 4382 Sane
1453 4318 1770 4383 Dominus
1812 4319 1977 4383 illud
2025 4319 2175 4383 fecit
2210 4322 2413 4399 prima
2456 4326 2870 4400 Azymorum.
2925 4323 3042 4386 Vel
3084 4326 3285 4406 igitur
3314 4329 3756 4414 intelligamus

510 4428 624 4489 per
660 4413 911 4486 Pascha,
949 4411 1186 4475 festum
1228 4423 1475 4493 septem
1521 4417 1772 4480 dierum
1810 4441 1823 4479 :
1861 4418 1957 4480 vel
2002 4419 2173 4497 quod
2225 4419 2344 4497 ipsi
2401 4418 2671 4498 quidem
2708 4421 3158 4486 manducaturi
3213 4436 3397 4489 erant
3449 4411 3757 4496 in—Para-

508 4522 694 4569 sceve
732 4509 958 4586 pascha
989 4524 1001 4568 :
1041 4509 1182 4588 ipse
1209 4518 1425 4574 autem
1458 4513 1772 4575 Dominus
1803 4531 1937 4576 uno
1971 4516 2080 4576 die
2114 4517 2445 4593 praevenit,
2482 4515 2605 4595 (vel
2643 4533 2772 4580 uno
2807 4519 2913 4581 die
2948 4529 3094 4584 ante
3130 4524 3390 4588 tradidit
3431 4526 3622 4606 illud,
3658 4539 3760 4610 πρὸ

511 4613 641 4681 μιᾶς
686 4613 820 4666 αὐτό
872 4607 1178 4683 παρέδωκε)
1212 4625 1546 4671 reservans
1576 4610 1677 4671 sui
1717 4612 2093 4674 occisionem

2175 4629 2209 4672 n
2236 4614 2602 4687 Parasceve,
2635 4611 2894 4693 quando
2926 4625 2988 4680 et
3019 4618 3174 4682 olim
3225 4620 3346 4685 fuit
3379 4626 3613 4703 pascha
3645 4607 3757 4708 (est

509 4700 770 4777 quando
802 4707 862 4762 et
899 4711 1081 4762 vetus
1114 4702 1296 4764 ﬁebat
1324 4704 1577 4782 pascha,
1609 4715 1699 4768 ὅτε
1727 4717 1823 4771 καί
1852 4718 1914 4770 τδ
1943 4718 2091 4773 παλα

1135 4702 1296 4764 iebat
1324 4704 1577 4782 pascha,
1609 4715 1699 4768 ὅτε
1727 4717 1823 4771 καὶ
1852 4718 1914 4770 τδ
1943 4718 2175 4773 παλαιὸν
2192 4720 2409 4788 ἐγένετο
2430 4723 2661 4792 πάσχα).
2700 4742 2717 4775 s

590 4817 780 4923 Vocis
806 4816 1139 4923 paschatis
1169 4820 1312 4882 dure
1351 4828 1526 4923 sunt,
1559 4838 1722 4923 quas
1775 4827 2008 4904 promit
2057 4827 2602 4909 TheOphytactus,
2657 4835 3257 4915 interpretationes.
3297 4846 3384 4906 Ac
3419 4845 3662 4923 primo,
3699 4849 3748 4911 si

510 4927 653 4972 cum
695 4912 936 5023 .ludaais
971 4929 1206 5023 agnum
1240 4916 1599 5023 paschalem
1641 4919 1936 4984 Christus
1980 4923 2290 4987 Dominus
2342 4929 2726 5005 comederit;
2768 4912 3094 4997 Paschatis
3137 4912 3434 5016 nomine,
3463 4912 3659 5023 quod,
3687 4952 3751 5009 ut

509 5009 940 5089 comederent,
987 5009 1197 5117 tudini
1259 5013 1562 5075 cavebant
1588 5033 1670 5078 ne
1727 5019 2340 5097 contaminarentur,
2397 5025 2666 5087 victima:
2710 5029 3037 5106 paschales
3097 5009 3543 5116 intelligendm
3574 5052 3746 5117 sunt,

507 5113 945 5222 quansethetln
989 5107 1224 5222 diebus
1254 5109 1689 5222 offerebantur
1746 5116 2109 5222 initem_plo.
2153 5121 2216 5183 Si
2259 5124 2489 5201 pascha
2525 5126 2781 5202 proprie
2841 5128 3109 5206 dictum,
3143 5131 3208 5193 id
3270 5107 3369 5198 est
3419 5153 3574 5201 esus
3604 5107 3744 5222 agni

510 5199 796 5310 intelligi
822 5200 1072 5310 debeat,
1112 5202 1461 5268 dicendum
1489 5215 1775 5310 est,“una
1805 5211 1910 5274 die
1951 5215 2232 5308 Judmos,
2262 5199 2370 5280 vel
2433 5199 2766 5293 pontifices
2819 5232 2880 5287 et
2920 5199 3236 5304 primores
3271 5232 3505 5310 pascha
3536 5199 3746 5300 disfu:

509 5293 666 5408 iisse
714 5294 796 5408 ad
821 5296 1240 5408 .Parasceeen
1281 5322 1304 5408 ξ
1338 5309 1398 5408 et
1430 5321 1561 5366 uno
1584 5305 1702 5408 die
1730 5317 1904 5385 ante,
1947 5303 2109 5374 illud
2141 5317 2439 5394 [XXXII]
2477 5321 2831 5382 comedisse
2863 5293 3215 5400 Christum,
3251 5293 3513 5407 quando
3541 5293 3742 5408 petitis,

507 5389 628 5500 hoc
684 5399 779 5500 est
816 5389 1161 5500 legitimum
1199 5396 1411 5500 ﬂebat,
1446 5412 1522 5500 ac
1575 5403 1708 5465 ﬁeri
1762 5408 1993 5486 utique
2043 5389 2337 5474 debebat.
2409 5389 2578 5476 ilinc
2637 5416 3103 5500 TheOpbylacti
3161 5389 3526 5491 verlbawhoc

413 5553 420 5560 δ
506 5485 778 5597 legenda
832 5495 982 5601 sunt
1023 5491 1216 5601 :lnpse
1272 5493 1578 5601 Dominus
1636 5518 1761 5560 uno
1809 5485 1909 5563 die
1961 5513 2104 5565 ante
2173 5507 2461 5584 tradidit,
2517 5521 2573 5571 et
2614 5485 2874 5575 comedit
2909 5485 3178 5596 'pascha
3247 5485 3746 5601 (regimini;

507 5584 880 5739 :ccjisionem
937 5586 1006 5648 in
1070 5587 1437 5672 Parasceee)
1511 5597 1759 5674 quando
1814 5608 1869 5660 et
1928 5612 2104 5663 vetus
2165 5605 2345 5683 ﬁebat
2401 5610 2662 5688 pascha,
2719 5627 2788 5671 ac
2864 5584 3025 5677 illud
3085 5584 3295 5680 facere
3365 5584 3741 5688 debuissent

550 5695 584 5738 u
636 5695 733 5739 an.

550 5695 733 5742 υαωι.

586 5773 932 5890 Perspicua
975 5786 1172 5886 patet,
1218 5798 1342 5844 non
1382 5783 1660 5890 priorem
1695 5790 2128 5873 solummodo,
2168 5818 2388 5863 verum
2424 5802 2615 5864 etiam
2656 5807 2916 5868 alteram
2953 5809 3555 5890 interpretationem
3600 5835 3738 5882 cum

503 5870 914 5936 Eucharistiaa
972 5875 1036 5938 in
1075 5893 1300 5957 azymo
1360 5898 1519 5960 pane
1555 5882 1964 5954 institutione
2023 5870 2400 5961 consistere.
2440 5901 2654 5980 Longe
2688 5919 2965 5982 namque
