2003 3271
125 294 161 325 69
555 289 606 321 ΒΕ
624 285 922 320 THEOPHYLACTI
939 284 1077 317 GESTIS
1098 285 1148 317 ET
1165 286 1353 320 SCRIPTIS.
1734 287 1768 320 70

122 349 162 381 ab
182 356 219 381 ea
233 345 420 380 Graecoium
436 345 627 386 opinatione
650 344 691 376 de
714 342 842 376 Christo
866 342 1047 382 legitimum
1071 341 1188 381 pascha
1213 341 1446 382 praeveniente,
1462 349 1499 373 ac
1514 342 1555 373 ad
1581 349 1682 381 panes
1704 341 1756 373 fer

123 400 281 431 meutatos
301 400 375 437 post
400 395 471 436 ejus
495 393 750 427 celebrationem
779 392 954 424 redeunte.
985 390 1054 420 lmo
1079 389 1226 429 legitimo
1252 395 1398 430 tempore
1419 390 1538 430 pascha
1558 398 1657 422 suum
1683 390 1761 423 cele-

123 446 225 479 bravit
237 445 295 477 ille
311 448 459 484 tempore
489 443 577 483 quod
592 441 698 474 Iudici
713 441 764 473 vel
777 448 892 473 eorum
910 438 1076 479 pontiﬁces
1092 446 1128 470 ac
1145 438 1304 483 primores
1321 443 1576 471 nonservaruut
1592 450 1600 470 :
1616 439 1766 479 adeoque

123 494 213 526 locus
244 502 310 525 non
329 497 397 530 erat
424 496 459 524 ut
477 491 517 523 ad
541 489 754 522 fermentatos
781 497 881 528 panes
911 488 1033 519 rediret
1064 487 1227 520 Christus.
1256 488 1423 519 Posterior
1444 487 1513 519 hmo
1532 488 1767 526 interpretatio

124 542 224 583 magis
239 541 402 582 placuisse
418 538 661 579 Theophylacto
678 537 819 569 videtur.
837 537 913 568 Eam
926 536 989 576 jam
1015 535 1188 568 tradiderat
1202 535 1237 568 in
1253 535 1497 568 Commentario
1512 536 1554 567 ad
1568 537 1766 575 Matthwum,

123 591 225 631 capite
246 599 339 628 xxvi,
364 600 395 622 v.
413 590 465 622 59.
478 601 498 623 ,ε
523 588 572 620 Ad
600 586 757 627 Caipham
772 586 898 618 ducunt
916 587 1043 623 Iesum,
1062 586 1231 627 inquiens,
1248 594 1321 618 nam
1348 585 1404 617 ille
1431 589 1499 617 erat
1518 585 1665 625 pontifex
1688 587 1768 618 anni

122 641 214 673 illius
231 648 239 670 τ
257 640 313 672 ubi
330 643 362 671 et
386 638 506 679 reliqui
533 636 773 678 pernoctabant,
788 638 827 676 μὴ
838 639 973 674 qva-foves;
989 638 1052 666 τότε
1065 639 1097 666 τδ
1113 639 1218 675 πάσχα,
1234 644 1299 666 non
1315 634 1511 666 comedentes
1534 639 1611 666 tunc
1622 636 1769 675 pascha;

123 690 180 720 sed
210 692 437 729 exspectantes
470 690 506 718 ut
529 685 714 717 occiderent
747 684 914 716 Dominum

980 688 1017 714 ιαὶ
1047 688 1227 724 παραδόντες
1251 689 1299 716 τὸν
1328 689 1425 725 νόμον,
1455 689 1486 715 el
1515 686 1771 724 priscas-{cantes

123 737 216 778 legem
241 763 248 770 .
270 743 286 769 ὁ
302 742 353 778 μὲν
367 741 423 777 γὰρ
440 739 543 776 Κύριος
557 738 629 766 κατὰ
644 737 690 765 τδν
706 737 905 773 νενομισμένον
924 736 1023 772 καιρὸν
1042 736 1160 771 Eccam;
1180 738 1281 765 ἐκεῖνοι
1294 737 1335 770 δι,
1359 737 1404 765 ινα
1423 738 1505 773 μόνον
1519 738 1706 765 ἀποκτείνωσι
1719 737 1771 765 τὸν

126 790 239 826 Κύριον,
255 788 460 826 καταφρονοῦσι
487 787 537 815 καὶ
556 786 605 814 τοῦ
622 786 723 821 νόμον,
740 781 900 812 Dominus

980 780 1019 812 im
1045 779 1119 820 ipso
1141 781 1280 821 legitimo
1307 787 1447 822 tempore
1472 781 1650 813 consederat
1677 791 1687 812 :
1714 781 1771 812 ~illi'

127 842 201 866 vero
216 836 426 865 contemnunt
442 832 551 871 legem,
574 831 670 862 modo
690 830 839 862 occidant
855 828 1032 861 Christum.
1052 841 1067 858 ν
1084 831 1180 861 Suam
1209 829 1359 870 patefacit
1386 833 1527 861 mentem
1551 830 1678 869 absque
1700 830 1767 861 ulla

125 883 269 915 ambitae.

161 891 273 962 ἱὲῗδῗιὶ
291 938 345 966 eo.
364 937 462 970 quem
477 927 710 968 expendimus,
730 925 803 958 loco
821 926 952 958 Comme

975 926 1054 958 tarii
1078 927 1113 957 in
1129 927 1314 958 Matthwum
1330 927 1474 959 enormis
1490 926 1632 959 occurrit
1649 926 1766 964 depra-

119 980 206 1011 vatio
229 980 261 1010 in
290 978 459 1018 aliquibus
482 976 665 1013 codicibus,
685 979 717 1007 et
742 976 777 1006 in
796 979 884 1006 textu
914 975 1023 1006 Romae
1050 983 1086 1007 ae
1103 974 1238 1006 Parisiis
1266 975 1367 1007 edito.
1386 987 1401 1004 α
1416 975 1558 1007 Primam
1577 975 1773 1015 Azymorum

123 1028 209 1059 diem
233 1030 336 1064 vocat,
359 1035 433 1067 quae
457 1025 546 1057 diem
571 1026 771 1065 Azymorum
787 1023 949 1063 praecedit.
971 1024 1167 1064 Utexempli
1187 1025 1288 1064 gratia
1315 1025 1419 1057 dicam
1437 1036 1446 1057 :
1462 1030 1502 1066 Τῇ
1529 1029 1698 1066 παρασκευῇ
1722 1028 1769 1055 tc-

123 1082 208 1118 πέρας
229 1080 348 1117 ιμιλλόν
360 1080 461 1107 ἐκεῖνοι
479 1079 578 1114 φαγεῖν
599 1076 630 1106 τὸ
645 1076 749 1113 πάσχα,
765 1072 914 1103 Parascei

982 1081 1089 1112 espere
1103 1071 1333 1104 manducatun‘
1360 1078 1453 1105 erant
1479 1075 1611 1114 pascha,
1629 1078 1677 1106 καὶ
1698 1077 1769 1114 αὕτη

123 1130 247 1158 tuideo
264 1129 322 1157 τῶν
337 1128 477 1164 ’Δζύμων,
495 1127 523 1154 et
542 1122 612 1162 ipsa
627 1120 852 1161 appellabatur
874 1120 1076 1161 Azymorum.
1095 1121 1256 1152 Dominus
1277 1121 1377 1161 igitur
1402 1122 1499 1153 mittit
1522 1121 1703 1162 discipulos
1720 1121 1771 1153 die

121 1175 244 1215 quinto,
268 1180 369 1214 quem
397 1171 542 1204 nominat
564 1169 765 1209 evangelista
789 1169 912 1209 primus

977 1169 1164 1210 lzymorum,
1188 1174 1222 1201 ut
1238 1171 1296 1210 qui
1316 1175 1371 1210 πρὸ
1389 1175 1442 1211 τῆς
1465 1175 1662 1211 Παρασκευῆς,
1694 1175 1768 1201 ante

122 1221 321 1254 Parasceeen
337 1225 416 1252 esset
436 1230 447 1252 :
465 1224 535 1253 καθ’
550 1223 585 1259 ἢν
604 1223 788 1258 Παρασκιυῆν
804 1222 838 1258 τῆ
855 1222 913 1250 tam

988 1228 1049 1259 qua
1063 1219 1236 1250 Parasceve
1252 1227 1379 1259 vespere
1394 1219 1595 1251 comedebant
1609 1229 1731 1259 azyma.
1755 1231 1768 1247 ιι

121 1269 268 1302 lmmane
291 1269 409 1301 vitium
428 1268 505 1309 quis
520 1275 586 1300 n0n
612 1267 738 1299 videat?
756 1265 963 1305 lneptissima
984 1276 1061 1298 sane
1082 1266 1138 1298 illa
1167 1268 1262 1305 ratio,
1286 1267 1369 1299 diem
1389 1268 1536 1308 quintum
1555 1268 1631 1299 ideo
1649 1267 1770 1307 appel-

123 1318 221 1351 latum
247 1318 391 1359 primum
419 1317 622 1357 Azymorum,
639 1316 716 1356 quia
740 1314 791 1346 die
817 1318 931 1352 sexto,
947 1324 1007 1347 seu
1029 1316 1215 1351 Parasceve,
1229 1325 1358 1357 vespere
1383 1325 1493 1357 azyma
1516 1315 1770 1348 comedeoantur.

122 1367 241 1400 Vocem
256 1367 451 1399 Parasceees
464 1365 542 1406 quis
556 1372 621 1397 non
638 1362 861 1404 deprehendat
882 1368 1004 1396 temere
1019 1365 1202 1396 invectam?

161 1427 248 1459 Huic
263 1427 457 1460 adversatur
470 1423 604 1457 lectioni
619 1424 712 1456 locus
722 1423 957 1464 Theopbylecti
971 1424 1003 1454 in
1018 1424 1233 1463 Evangelium
1250 1424 1345 1455 Luc-te
1355 1425 1459 1464 capite
1475 1434 1558 1462 xxii,
1575 1434 1605 1456 ν.
1621 1426 1641 1456 ’1
1658 1436 1665 1456 :
1684 1428 1772 1465 Ἡμι-

124 1489 175 1521 ραν
189 1480 239 1509 οὖν
259 1481 389 1516 ’Δζυμων
402 1480 478 1515 λέγει
497 1478 548 1515 τὴν
561 1478 702 1514 πεμπτην,
714 1474 749 1515 ἧς
761 1478 796 1514 τῇ
813 1477 915 1513 ἑσπέρᾳ

983 1475 1048 1504 ελλον
1062 1476 1138 1521 eam
1153 1478 1184 1505 τὸ
1213 1479 1307 1515 πάσχα
1327 1484 1335 1492 ν
1351 1474 1434 1506 diem
1452 1474 1557 1514 igitur
1581 1474 1774 1514 Azymorum

124 1520 202 1558 dicit
220 1526 383 1567 quintum,
403 1523 445 1555 ad
478 1523 569 1565 cujus
596 1531 759 1563 uesperam
782 1522 902 1562 pascha
924 1520 1149 1553 immolandum
1166 1527 1247 1553 erat.
1279 1523 1395 1555 Eidem
1417 1521 1549 1554 lectioni
1581 1523 1774 1554 adversatur

125 1575 258 1607 Gracus
285 1574 410 1609 codex,
438 1580 510 1612 quo.
531 1579 612 1603 usus
634 1574 684 1602 est
716 1569 1003 1610 OEcolam‘padius.
1026 1570 1249 1604 Adversantur
1266 1571 1363 1604 etiam
1393 1571 1532 1604 Romani
1565 1571 1604 1603 ab
1630 1571 1774 1602 Arcudio

125 1624 206 1655 libro
223 1624 251 1654 II
271 1623 316 1653 De
342 1624 538 1652 sacramento
562 1619 789 1655 Eucherium,
807 1613 958 1658 capite'ti,
976 1621 1008 1649 et
1025 1619 1226 1652 Parisienses
1255 1624 1273 1652 a
1300 1619 1470 1661 Lequieno
1487 1620 1724 1652 Dissertatione
1742 1629 1776 1651 vx

124 1671 373 1710 Damascenica},
388 1678 478 1701 num.
509 1668 624 1706 XLIII,
649 1667 844 1707 diligentius
863 1666 1013 1705 inspecti,
1031 1667 1064 1698 in
1086 1668 1208 1708 quibus
1235 1669 1279 1700 ita
1297 1668 1418 1710 legitur
1438 1679 1446 1700 :
1464 1669 1504 1700 Ut
1522 1669 1571 1700 sic
1592 1668 1707 1706 dicam,
1737 1674 1773 1709 τῇ

124 1721 242 1756 πέμπτη
256 1720 380 1756 ἑσπέρας
391 1718 507 1755 ἔμελλον
522 1717 626 1744 ἔπαινοι
639 1717 739 1752 φαγεῖν
750 1715 782 1743 τδ
798 1715 892 1751 πάσχα
904 1722 911 1731 ’
929 1714 980 1750 μεθ
989 1715 996 1726 ¹
1008 1716 1042 1750 ἢν
1052 1716 1208 1751 Απιφώσκει
1221 1718 1238 1753 ὴ
1251 1716 1420 1753 Παρασκευῆ
1439 1737 1446 1745 .
1466 1717 1568 1753 Πρώτη
1587 1716 1643 1744 τῶν
1658 1716 1775 1751 ἀζύμων

123 1765 247 1792 suam”
273 1764 353 1799 παρὰ
379 1763 419 1798 τῷ
448 1763 538 1798 νόμῳ,
560 1758 607 1788 οἷα
640 1761 674 1797 δὴ
693 1760 745 1796 τῆς
772 1760 869 1796 ἑορτῆς
895 1759 1052 1795 ἀρχομένης
1083 1760 1138 1787 ἀπὸ
1166 1761 1217 1797 τῆς
1250 1761 1393 1797 ἑσπέρας,
1424 1760 1493 1788 καθ’
1526 1761 1560 1797 ἢν
1582 1760 1711 1796 ἡσθίοντο
1739 1761 1776 1788 τὰ

124 1814 218 1850 ιζυμα
234 1821 241 1829 ·
261 1808 384 1847 Quinta
404 1808 488 1849 feria
515 1815 644 1846 uespere
671 1804 896 1836 manducasurs'
929 1809 1020 1835 erant
1044 1806 1175 1844 pascha,
1201 1812 1275 1846 post
1304 1816 1397 1847 quam
1424 1806 1558 1837 lucescit
1586 1806 1773 1839 Parasceve.

123 1856 236 1889 Prima
264 1856 458 1896 Azymorum
486 1853 664 1886 uocabatur
686 1854 722 1885 in
743 1853 820 1893 lege,
847 1862 882 1884 eo
906 1852 992 1893 quod
1015 1854 1131 1894 festum
1157 1854 1348 1895 tnciepiebat
1369 1865 1389 1886 a
1409 1863 1554 1895 vespera,
1577 1863 1640 1895 qua
1662 1864 1776 1895 azyma

124 1906 382 1938 comedebantur.
417 1904 557 1944 Egregie
586 1906 767 1935 consonant
802 1903 923 1934 omnia.
954 1902 1119 1933 Laudatus
1149 1903 1340 1944 Lequienus
1373 1904 1444 1936 loco
1474 1904 1572 1935 citato
1605 1903 1773 1941 observat,

124 1954 266 1995 Regium
289 1952 509 1984 Parisiensem
536 1951 682 1983 codicem
703 1958 802 1992 quem
827 1949 978 1988 contulit,
1003 1961 1019 1978 α
1041 1950 1079 1981 ad
1096 1952 1239 1983 auctoris
1260 1956 1385 1984 aetatem
1416 1952 1669 1992 quamproxime
1682 1960 1774 1984 acce-

123 2002 213 2034 dere.
236 2014 252 2031 ι
270 2002 359 2033 Inter
376 2000 504 2035 codices
522 2000 655 2031 Venetas
668 1998 839 2031 Marciana;
851 1998 1057 2032 bibliothecas
1073 2007 1181 2031 veram
1198 1999 1374 2033 lectionem
1390 2000 1508 2032 habent
1525 2001 1603 2039 duo,
1620 2001 1661 2042 29
1678 2005 1709 2033 et
1722 2001 1773 2038 30,

124 2048 341 2091 vitiatumque
355 2052 481 2080 textum
500 2051 626 2088 praestat
641 2048 744 2079 codex
759 2047 810 2078 31.

162 2112 298 2145 Similes
315 2110 450 2143 fortasse
475 2112 584 2141 textus
607 2109 829 2149 interpolatori
848 2118 958 2141 ansam
979 2111 1142 2148 dederint,
1159 2119 1243 2152 quos
1269 2111 1303 2142 in
1327 2111 1402 2142 aliis
1430 2110 1570 2142 Matthaei
1594 2109 1774 2151 expositio-

123 2160 237 2198 nibus,
267 2162 324 2192 aut
349 2157 479 2191 Catenis
505 2157 637 2198 legeret,
658 2161 692 2189 ut
725 2158 960 2199 Theophylacti
993 2159 1100 2191 locum
1126 2160 1328 2200 depravaret.
1354 2161 1391 2191 In
1410 2168 1448 2191 ea
1478 2160 1594 2199 utique
1626 2159 1773 2199 ejusdem

124 2208 338 2249 evangelista
360 2206 579 2247 expositione,
608 2215 682 2246 quae
712 2206 745 2238 in
773 2207 886 2239 codice
914 2208 955 2239 26
986 2209 1120 2240 Veneta)
1141 2209 1248 2241 Sancti
1274 2209 1372 2241 Marci
1389 2208 1596 2240 bibliothecae
1617 2208 1774 2240 tribuitur

124 2258 243 2291 Niceten
274 2257 422 2296 episcopo
453 2254 660 2294 melropoleos
693 2255 865 2294 Naupacti,
894 2265 928 2286 ac
958 2258 1055 2288 etiam
1076 2257 1324 2298 TheOphylacto
1352 2257 1520 2298 aliquibus
1540 2256 1573 2288 in
1603 2256 1773 2288 codicibus

125 2307 246 2338 tributa
277 2305 410 2341 dicitur,
442 2307 478 2334 ut
507 2304 734 2334 adnotavimus
761 2313 850 2334 num.
876 2305 926 2342 58,
947 2306 1059 2337 cadem
1086 2306 1155 2338 fere
1172 2308 1270 2338 verba
1296 2307 1450 2347 leguntur
1471 2318 1479 2340 ε
1504 2312 1623 2348 Πρώτην
1648 2310 1696 2339 οὖν
1717 2310 1774 2338 τῶν

130 2355 259 2391 ’Δζὺμων
278 2352 398 2380 ἐνταῦθα
420 2352 488 2387 φησὶ
501 2353 514 2378 ό
530 2352 673 2384 Ματθαῖος
688 2353 737 2387 τὴν
761 2354 813 2387 πρὸ
832 2354 887 2380 τῶν
920 2354 1047 2388 Ἃζύμων
1073 2354 1183 2391 ἡμέραν
1201 2355 1262 2391 (τὴν
1279 2357 1512 2393 τρισκαιδεκάτην
1529 2357 1579 2392 μὲν
1602 2357 1650 2383 τοῦ
1676 2355 1772 2392 μηνὸς,

125 2399 257 2434 πέμπτην
281 2398 331 2433 τῆς
355 2396 525 2432 ιὸδομάδος).
542 2394 605 2423 Οἷον
617 2406 643 2422 τι
666 2397 748 2430 λέγω,
763 2399 794 2432 τῇ
815 2399 981 2433 Παρασκευῇ
1000 2399 1122 2433 ἑσπέρας
1134 2399 1246 2435 ἔμελλον
1258 2400 1283 2426 ol
1312 2401 1435 2428 Ἰουδαῖοι
1447 2402 1545 2436 φαγεῖν
1559 2401 1590 2428 τὸ
1602 2401 1707 2436 πάσχα,
1725 2400 1773 2427 καὶ

124 2449 196 2486 αὕτη
219 2448 348 2476 ualet-ro
364 2446 420 2473 τῶν
441 2446 576 2481 Ἀζύμων,
594 2442 733 2471 Primam
746 2442 915 2480 Azymorm

981 2453 1008 2473 )c
1030 2443 1098 2474 loco
1123 2443 1202 2475 dicit
1219 2444 1399 2482 Matthwus,
1417 2454 1485 2486 qua:
1497 2444 1649 2485 prwcedit
1663 2453 1772 2484 azyma

125 2494 266 2535 (tertiam
293 2492 444 2523 decimam
463 2491 590 2525 mensis,
617 2492 760 2529 quintam
785 2490 983 2522 hebdomadm
1013 2491 1120 2532 diem).
1151 2492 1188 2524 Ut
1204 2493 1251 2523 ita
1280 2494 1384 2524 dicam
1402 2504 1412 2524 :
1427 2494 1612 2531 Parascece,
1631 2502 1771 2533 vespere,

122 2542 228 2574 Judan'
246 2539 474 2571 manducaturi
497 2543 588 2569 erant
610 2541 744 2578 pascha,
767 2544 794 2570 et
820 2541 890 2579 ipsa
915 2539 1139 2580 appellabatur
1164 2542 1370 2580 Azymorum.
1395 2543 1472 2573 Sine
1491 2542 1592 2573 dubio
1609 2541 1773 2573 sententia

124 2598 239 2623 eorum
258 2590 325 2621 hinc
341 2593 400 2624 est,
419 2588 476 2628 qui
489 2588 652 2619 Christum
672 2597 733 2619 una
758 2589 809 2619 die
828 2589 1009 2628 legitimum
1028 2590 1225 2629 praevenisse
1243 2590 1375 2626 Pascha,
1393 2591 1568 2630 ipsumque
1589 2589 1774 2621 celebrasse.

124 2639 176 2671 die
194 2638 292 2670 tertia
307 2637 433 2669 decima
455 2635 618 2667 tenebant.
640 2637 760 2667 Eadem
780 2645 874 2676 porro
899 2637 958 2668 hoc
975 2638 1010 2669 in
1028 2638 1098 2669 loco
1114 2638 1209 2669 verba
1226 2642 1314 2675 sunt,
1330 2648 1403 2678 quas
1417 2639 1582 2677 [XXXIII]
1597 2642 1772 2670 occurrunt

124 2686 157 2718 in
175 2687 290 2718 vitiato
302 2689 392 2716 textu
409 2684 655 2724 TheOphylucti.
674 2685 766 2715 Haud
784 2685 948 2716 absimilia
964 2686 1103 2727 legimus
1119 2687 1152 2718 in
1176 2688 1280 2726 prima
1299 2688 1385 2727 apud
1412 2687 1585 2719 Possinum
1602 2688 1719 2719 Catena
1735 2687 1771 2718 in

124 2735 312 2767 Matthmum
333 2743 340 2765 :
358 2745 373 2762 σι
397 2734 535 2764 Primam
551 2735 748 2772 Azymorum
763 2734 853 2769 dicit,
871 2742 943 2773 qua)
965 2733 1116 2772 praecedit
1133 2738 1326 2773 Azymorum
1346 2734 1432 2765 diem
1450 2734 1600 2774 primam.
1617 2734 1767 2774 Consue-

125 2788 244 2816 verunt
265 2783 353 2815 enim
368 2782 487 2820 Judaei,
513 2791 529 2813 a
551 2791 685 2821 vespera
714 2792 887 2814 numerare
904 2784 974 2814 dies
995 2793 1003 2813 :
1021 2786 1054 2814 et
1069 2783 1141 2823 ejus
1157 2783 1237 2821 diei,
1253 2783 1287 2814 in
1311 2782 1395 2814 festo
1411 2783 1540 2815 Pascha)
1555 2783 1768 2819 recensendo,

125 2832 244 2864 habere
278 2832 451 2869 rationem,
485 2839 550 2870 qua
576 2832 638 2862 sub
669 2840 837 2871 vesperam
873 2832 990 2870 paratis
1015 2831 1139 2871 azymis
1170 2839 1274 2871 agnus
1300 2831 1551 2864 sacriﬁcabatur.
1572 2843 1586 2861 »
1604 2832 1770 2863 Hactenus

123 2880 325 2914 conveniunt
340 2881 461 2912 omnia.
479 2880 634 2920 Sequitur
648 2883 757 2911 textus
775 2893 783 2912 :
810 2885 856 2911 Ἑν
879 2886 914 2919 γὰ

979 2912 980 2918 η
1005 2885 1176 2921 Παρασκευῇ
1203 2885 1328 2921 ἑσπέρας
1355 2884 1470 2921 ἔμελλον
1495 2885 1595 2912 ἐκεῖνοι
1615 2885 1715 2921 φαγεῖν
1739 2884 1770 2912 τὸ

125 2935 230 2972 πάσχα,
250 2929 424 2960 Parasccve
449 2929 528 2960 enim
544 2937 671 2969 vespera
686 2929 916 2961 manducaturi
940 2934 1031 2961 erant
1059 2929 1195 2961 Pascha.
1212 2930 1259 2961 En
1286 2931 1406 2961 iterum
1424 2929 1522 2962 verba
1538 2930 1572 2961 in
1589 2928 1768 2969 Theaphy-

126 2977 201 3011 lacti
230 2977 340 3009 locum
368 2976 506 3009 invecta.
529 2977 670 3008 Audacis
693 2978 935 3018 interpolatoris
967 2978 1144 3010 consilium
1168 2978 1272 3010 fuisse
1301 2979 1474 3019 perspicue
1498 2982 1595 3019 patet,
1611 2982 1647 3010 ut
1672 2977 1771 3010 verba

126 3025 366 3066 Tbeophylacti
384 3025 419 3057 in
433 3034 502 3057 eam
521 3025 707 3058 Grmcorum
725 3028 932 3065 sententiam,
955 3027 1165 3067 corruptione
1190 3027 1331 3065 invecta,
1348 3027 1550 3065 deﬂecteret,
1567 3036 1641 3068 quas
1655 3028 1768 3060 Iesum

33 3235 37 3239 ”
75 3264 78 3269 .
290 3214 404 3271 iiiis,-
