4006 6480
548 454 610 517 71
1393 431 1618 496 BERN.
1658 427 1924 492 ΜΑΒΙΕ
1967 422 2064 485 DE
2111 420 2130 482 1

2211 417 2397 480 lBEIS
2438 406 2944 475 DISSERTATIO
3724 390 3793 454 72

533 510 859 628 Christum
917 558 1092 614 tenet
1150 563 1273 612 una
1316 545 1421 606 die
1484 540 1712 621 pascha
1763 536 2126 615 legitimum
2187 528 2635 598 antevertisse,
2696 541 2766 585 ac
2805 521 3173 628 celebrasse
3216 513 3541 628 illuddie
3608 510 3789 628 tertia

825 612 1170 715 in—ieriam
1237 612 1525 724 quintam
1589 612 1915 699 incidente
1953 654 1966 692 :
1999 630 2255 692 Judzeos
2289 640 2440 686 vero
2498 621 2828 700 peregisse
2889 615 3054 678 illud
3113 612 3520 724 die-decima
3560 614 3789 724 quarta

529 706 894 823 desinente,
935 766 1004 811 ac
1060 706 1444 808 Parasceves
1500 754 1614 797 seu
1673 732 1850 795 feriae
1881 735 2076 789 sextae
2135 725 2508 803 vespertino
2571 729 2884 798 tempore,
2945 734 2977 778 a
3041 706 3794 823 quo-incipieba‘tqdies

531 803 1432 926 idsi-inventi;moru'quuinta
1477 832 1751 903 decima,
1790 829 1853 888 in
1889 825 2228 888 Sabbatum
2279 821 2576 926 incidens
2613 811 3204 926 passionisChristi
3230 824 3434 926 anno.
3473 803 3651 915 _Nihil
3700 807 3796 862 est

531 904 715 1012 vero.
752 904 1466 1021 Theophylacti.menti
1527 928 1726 1006 magis
1811 936 2200 1000 repugnans,
2271 917 2385 997 qui
2436 915 2717 993 singulis
2796 915 2862 974 in
2912 905 3410 974 Commentariis
3471 904 3557 1008 in.
3601 917 3796 1007 evan-

547 997 956 1122 Elim-5'73
1024 997 1431 1110 ila—epistola
1467 1025 1543 1088 ad
1602 997 1932 1085 Nvicolaum
1978 997 2336 1077 diaconum
2407 1021 2468 1074 et
2521 1010 2938 1122 canstrisium
2989 1007 3176 1068 docet
3244 997 3795 1108 constantissime,

951 1097 1272 1194 Paschatis
1313 1135 1569 1198 tempus
1617 1137 1652 1182 a
1709 1117 1961 1180 Christo
2013 1117 2368 1182 servatum,
2418 1110 2673 1217 Juda‘os
2707 1122 2856 1168 vero
2910 1104 3113 1217 legem
3153 1097 3600 1217 prmvaricatos
3633 1110 3794 1217 esse.

620 1189 1547 1308 Ealgupuer—estv’l‘heOphylacti
1581 1213 2104 1282 commentarius,
2138 1225 2329 1286 quem
2360 1204 2829 1281 expendamus,
2857 1202 2932 1307 ad
2969 1207 3158 1305 caput
3192 1214 3296 1257 xiv
3361 1192 3587 1308 Marc‘i,
3615 1189 3797 1251 v.12.

537 1293 1008 1395 Lati—na‘versio
1064 1328 1159 1382 est
1208 1341 1222 1379 :
1260 1293 1596 1377 ἆΡνίηιαηι
1624 1311 1785 1371 diem
1813 1310 2212 1386 Azymorum,
2248 1305 2417 1364 diem
2459 1303 2769 1378 quintum,
2810 1297 2988 1368 dicit,
3015 1294 3127 1374 qui
3165 1299 3299 1355 erat
3327 1300 3472 1352 ante
3509 1293 3749 1366 Azyma
3783 1307 3798 1344 :

535 1446 754 1492 azvma
803 1424 974 1486 enim
1011 1420 1110 1480 die
1141 1417 1515 1476 Parasceves
1549 1408 1985 1472 comedebant.
2022 1406 2117 1464 Gri

2221 1418 2275 1463 ις
2313 1407 2525 1459 textus
2565 1420 2576 1456 :
2615 1405 2849 1476 Πρώτην
2881 1404 3095 1472 ἡμέραν
3118 1397 3507 1468 τῶνἈζύμων
3532 1395 3633 1464 τὴν
3670 1395 3803 1463 πέμ-

538 1489 680 1600 πτὲν
724 1530 892 1596 λέγει,
918 1528 1040 1596 ἥτις
1091 1523 1196 1591 πρὸ
1239 1521 1345 1574 τῶν
1385 1505 1637 1585 ’Δξύμων
1667 1511 1733 1583 ἦν
1758 1530 1770 1544 ·
1808 1514 2012 1600 τὰνγὰρ
2042 1507 2120 1572 ᾶζη

2219 1526 2229 1560 ι
2263 1509 2330 1577 τῇ
2371 1507 2704 1575 Παρασκευῇ
2742 1503 3010 1572 ὴσῢιόντο.
3043 1489 3304 1552 Laudati
3346 1484 3618 1547 Arcudii
3689 1500 3801 1543 su-

539 1581 744 1696 ειιίοὶο
782 1581 901 1685 est,
941 1581 1319 1687 'corru'ptum
1357 1581 1564 1666 locum
1599 1581 1764 1664 esse.
1800 1599 2004 1661 Prima
2038 1612 2314 1673 namque
2345 1593 2486 1654 dies
2528 1595 2918 1668 Azymorum
2952 1604 3123 1649 anno
3159 1602 3290 1664 quo
3324 1581 3620 1696 Clhristps
3658 1594 3803 1658 pas-

538 1679 647 1776 sus
682 1720 801 1783 est,
839 1679 1185 1786 incipiebat
1217 1721 1248 1764 a
1285 1703 1461 1763 feriae
1491 1700 1732 1778 quintae
1765 1710 2026 1772 vespera
2072 1698 2176 1752 :et
2203 1691 2331 1751 hinc
2364 1697 2494 1751 erat
2526 1697 2668 1748 ante
2713 1687 3130 1754 Parascevcn,
3157 1698 3304 1761 quas
3344 1679 3488 1740 dies
3527 1679 3807 1781 Azymo-

542 1827 682 1870 rum
716 1770 1067 1865 dicebatur.
1095 1799 1438 1873 Quomodo
1472 1770 1794 1873 vero‘dies
1829 1770 1938 1851 illa
1970 1789 2188 1867 quinta
2226 1788 2432 1848 vocari
2473 1785 2756 1863 potuerit
2803 1783 3015 1861 prima
3046 1779 3177 1839 dies
3211 1778 3622 1855 Azymorum,
3656 1770 3807 1850 quia

541 1919 761 1980 azyma
807 1900 912 1960 die
973 1869 1349 1959 Parasceves
1376 1869 1926 1952 eomedébantur?
1953 1885 2307 1946 Vocabatur
2342 1884 2474 1943 imo
2497 1882 2713 1960 prima
2748 1880 3124 1956 Azymorum
3159 1875 3326 1947 dies,
3356 1880 3420 1934 ut
3459 1873 3548 1978 ait
3589 1870 3804 1977 Theo-

545 1965 884 2078 phvylactus
917 1991 998 2052 ad
1056 1990 1425 2052 Matthaaum
1455 1993 1514 2047 et
1550 1984 1631 2044 ad
1668 1983 1898 2043 Lucam
1923 2024 1940 2052 ,
1982 1997 2058 2042 eo
2087 1979 2240 2058 quia
2267 2001 2293 2032 ι
2331 1978 2567 2039 festum
2609 1976 2956 2053 incipiebat
3003 1990 3036 2035 a
3072 1988 3335 2047 vespera
3366 1967 3498 2030 diei
3536 1965 3808 2046 quinte,

546 2067 670 2173 qua
701 2090 906 2153 Judaei
933 2087 1358 2150 vescebantur
1377 2081 1646 2162 azymis,
1685 2104 1712 2135 η
1750 2085 1812 2140 et
1853 2078 2074 2138 eadem
2110 2077 2448 2138 comedere
2482 2075 2828 2154 pergebant
2858 2080 3105 2151 septem
3139 2069 3397 2131 diebus.
3440 2067 3610 2128 Hinc
3636 2073 3810 2145 putat

547 2163 899 2257 Arcudius,
980 2189 1473 2244 verumtextum
1511 2176 1725 2254 potius
1765 2173 2094 2244 habuisse,

2230 2173 2338 2243 γὰρ
2377 2171 2562 2240 ἄζυμα
2595 2172 2809 2240 ἑσπέρᾳ
2860 2170 2959 2239 τῆς
2987 2169 3252 2237 πέμπτης
3283 2163 3561 2234 ἡσθίοντο,
3592 2177 3810 2236 azyma

546 2285 719 2347 enim
767 2297 1033 2359 vespera
1075 2277 1254 2338 ferias
1290 2273 1536 2354 quintaa
1567 2261 2092 2340 comedebantur,
2126 2268 2221 2330 vel
2254 2268 2502 2346 aliquid
2539 2266 2781 2328 simile.

627 2356 1084 2439 Addere—mihi
1113 2371 1325 2444 liceat,
1359 2372 1775 2448 depravatum
1814 2363 2090 2426 Matthaei
2123 2362 2330 2424 locum
2372 2364 2557 2442 longe
2589 2364 2914 2425 diversum
2973 2378 3117 2422 esse
3165 2377 3198 2422 a
3243 2360 3382 2423 loco
3423 2356 3651 2422 Marci.
3696 2357 3817 2420 Ha-

551 2477 654 2538 bet
684 2475 793 2535 ille
828 2490 841 2533 :
880 2495 908 2527 α
947 2471 1252 2551 Quintam
1306 2465 1530 2528 feriam
1563 2463 1852 2526 nominat
1883 2461 2274 2539 evangelista
2309 2459 2573 2535 primam
2612 2463 3028 2538 Azymorum,
3064 2457 3216 2536 quia
3245 2464 3390 2518 ante
3425 2457 3814 2517 Parasceven

551 2581 684 2633 erat
723 2589 739 2641 ;
775 2584 899 2648 qua
927 2570 1268 2628 Parasceve
1305 2578 1572 2640 veSpere
1615 2558 2033 2621 comedebant
2065 2573 2305 2636 azyma.
2344 2579 2372 2611 ι
2408 2556 2606 2616 Habet
2637 2556 2756 2615 iste
2793 2573 2807 2610 :
2839 2578 2866 2610 α
2905 2554 3178 2615 Primam
3209 2552 3383 2614 diem
3418 2553 3812 2630 Azymorum

542 2668 710 2736 dicit
746 2646 917 2725 diem
951 2662 1276 2740 quintum,
1312 2657 1425 2736 qui
1459 2664 1592 2718 erat
1625 2664 1768 2716 ante
1797 2658 2035 2734 Azyrna
2069 2676 2084 2714 :
2132 2671 2350 2732 azyma
2393 2653 2564 2713 enim
2608 2651 2712 2713 die
2742 2655 3121 2712 Parasceves
3151 2647 3609 2719 comedebant;
3651 2672 3680 2705 ι
3710 2646 3814 2710 ubi

553 2781 682 2826 non
714 2779 966 2841 vespere
1003 2759 1411 2828 Parasceves,
1445 2755 1559 2816 sed
1589 2753 1687 2815 die
1719 2754 2092 2814 Parasceves
2113 2751 2420 2812 dicuntur
2440 2765 2660 2826 azyma
2690 2747 2995 2809 debuisse
3020 2745 3296 2807 comedi.
3323 2745 3522 2806 Porro
3561 2761 3820 2824 vespera

552 2840 924 2921 Parasceees
958 2855 1150 2918 obvio
1183 2870 1378 2915 sensu
1416 2851 1652 2912 indicat
1675 2861 2006 2926 veSperam
2039 2847 2166 2908 diei
2194 2845 2502 2910 naturalis
2531 2846 2934 2914 Parasceves,
2967 2859 3084 2904 seu
3111 2840 3240 2902 diei
3274 2847 3497 2912 sextaa,
3525 2841 3823 2903 desinen-

554 2957 638 3017 tis
670 2979 682 3016 :
718 2964 776 3016 at
809 2953 939 3016 dies
974 2952 1373 3019 Parusceves,
1409 2964 1525 3008 seu
1558 2945 1697 3006 dies
1726 2951 1930 3019 sexta,
1960 2943 2152 3005 obvio
2183 2958 2445 3020 quoque
2478 2957 2678 3000 sensu
2711 2937 3046 3017 complecti
3072 2944 3282 3016 potest
3319 2951 3660 3014 vesperam
3693 2933 3818 2997 diei

557 3051 868 3112 naturalis
923 3047 1167 3126 quintae
1193 3041 1583 3114 desinentis,
1613 3055 1648 3101 a
1685 3055 1810 3118 qua
1843 3037 2184 3100 exordium
2229 3035 2522 3098 sumebat
2559 3038 2783 3115 festum
2815 3034 3191 3113 Azymorum
3220 3033 3282 3092 in
3316 3031 3466 3109 agni
3506 3029 3819 3108 paschalis

557 3147 980 3208 comestione.
1034 3139 1424 3220 Legitimum
1455 3151 1611 3216 ergo
1647 3135 1877 3197 habere
1911 3150 2174 3195 sensum
2210 3139 2413 3209 potest
2447 3133 2625 3194 locus
2655 3131 2848 3192 Marci
2887 3152 2900 3190 :
2937 3147 3053 3192 nec
3096 3127 3311 3206 ipsum
3344 3126 3676 3188 immutari
3712 3141 3820 3188 ne-

558 3258 738 3303 cesse
768 3247 886 3311 est,
929 3239 1054 3300 nisi
1083 3236 1380 3300 codicum
1403 3234 1586 3295 bona;
1613 3238 1780 3295 notae
1805 3229 1974 3293 varia
2012 3228 2201 3290 lectio
2231 3236 2631 3307 exposceret.
2670 3226 2866 3307 Atqui
2904 3226 2967 3287 in
3003 3241 3129 3286 una
3155 3223 3288 3296 illa,
3323 3239 3517 3302 quam
3557 3220 3822 3284 adduxi-

561 3317 730 3409 mu's,
767 3335 1038 3404 lectione
1069 3337 1424 3394 consonant
1454 3329 1680 3402 codex,
1714 3342 1845 3407 quo
1898 3342 2056 3387 usus
2087 3331 2185 3386 est
2216 3324 2784 3403 OEcolampadius,
2818 3340 2887 3385 ac
2912 3328 3123 3384 textus
3157 3321 3415 3382 Graecus
3446 3321 3671 3380 Romae
3694 3317 3823 3380 edi-

560 3443 664 3494 tus
709 3453 723 3491 :
765 3432 1002 3509 hisque
1044 3429 1293 3490 similes
1329 3425 1598 3488 omnino
1635 3431 1785 3486 sunt
1815 3421 2042 3484 Veneti
2083 3428 2212 3483 tres
2245 3422 2504 3483 codices
2542 3420 2951 3480 bibliothecas
2987 3418 3350 3485 Marcianas,
3379 3432 3451 3477 ac
3483 3415 3822 3478 Patavinus

563 3544 736 3590 unus
787 3525 952 3605 apud
990 3526 1230 3587 Sancta)
1276 3522 1548 3584 Iustinae
1581 3518 1923 3582 monachos
1956 3517 2393 3591 Cassinenses,
2440 3516 2551 3597 qui
2585 3527 2878 3577 accurato
2917 3513 3137 3574 studio
3169 3510 3445 3590 inspecti
3477 3511 3821 3591 collatique

565 3631 742 3685 sunL

643 3721 919 3779 Sensum
951 3714 1304 3776 indicatum
1334 3712 1711 3775 conﬁrmare
1767 3709 2069 3771 videntur
2093 3706 2556 3785 TheOphylacti
2596 3705 2783 3766 verba
2809 3705 2873 3765 in
2906 3702 3180 3782 epistola
3211 3704 3286 3764 ad
3319 3701 3666 3764 Nicolaum
3697 3699 3827 3763 dia-

567 3829 800 3877 conum
843 3819 906 3873 et
963 3809 1403 3880 canstrisium,
1439 3829 1468 3864 ι
1503 3805 1780 3880 Quidam
1811 3821 1890 3866 ex
1916 3804 2116 3866 sacris
2165 3803 2402 3866 nostris
2432 3801 2829 3874 doctoribus,
2872 3798 3254 3878 inquientis,
3281 3813 3624 3875 exponens
3665 3811 3824 3870 eam,

567 3925 712 3986 quae
734 3906 811 3967 ab
839 3903 1235 3983 evangelista
1270 3903 1509 3965 dicitur
1533 3902 1748 3980 prima
1772 3900 2175 3978 Azymorum,
2207 3897 2332 3960 ait:
2363 3897 2634 3959 Primam
2676 3900 3063 3975 Azymorum
3097 3914 3134 3954 a
3163 3893 3481 3963 Mattiaco,
3519 3893 3824 3972 (itemque

571 4023 606 4066 a
638 4001 894 4081 Marco,)
923 3999 1235 4080 appellari
1260 4000 1429 4061 diem
1453 4015 1634 4079 ,quee
1669 3997 1900 4076 Azyma
1923 3995 2247 4075 praecedit.
2281 3994 2679 4056 Prmmiserat
2711 4009 2863 4054 vero
2897 3990 3224 4071 quomodo
3255 3991 3396 4050 dies
3428 3989 3565 4051 haec
3605 4004 3830 4069 praece-

571 4100 725 4160 dere
758 4099 1004 4159 dicatur
1035 4102 1348 4175 Azymazs
1382 4095 1692 4158 Novimus
1715 4089 2351 4172 enim,inquiens,in
2383 4089 2522 4167 lege
2553 4087 2820 4167 primam
2845 4088 3236 4164 Azymorum
3259 4083 3580 4146 dicidiem
3635 4082 3826 4164 quin-

573 4201 697 4255 tam
732 4194 1067 4266 decimam,
1106 4193 1171 4253 in
1211 4208 1338 4272 qua
1368 4191 1617 4254 scilicet
1645 4189 1972 4252 illucescit
2009 4205 2135 4250 nox
2166 4184 2584 4249 comestionis
2615 4181 2956 4263 paschalis.
2995 4203 3022 4238 n
3047 4183 3206 4254 Quae
3229 4198 3355 4242 nox
3378 4196 3554 4243 anno
3587 4182 3828 4259 passio-

575 4290 676 4350 nis
730 4289 966 4352 Christi
1027 4289 1200 4350 diem
1235 4289 1527 4367 quintam
1567 4285 1985 4348 hebdomadm
2015 4283 2366 4347 naturalem
2399 4280 2780 4358 complebat,
2812 4277 3288 4357 inchoabatque
3342 4276 3647 4339 festivam
3668 4276 3828 4338 diem

574 4387 966 4464 Azymorum
997 4385 1288 4462 primam,
1324 4401 1466 4462 quae
1495 4383 1560 4444 in
1594 4384 1984 4445 Parasceven
2015 4381 2270 4444 incidit.
2293 4380 2470 4442 Hanc
2495 4385 2650 4458 puto
2685 4375 2808 4438 loci
2845 4374 3015 4455 apud
3037 4376 3322 4438 Marcum
3355 4374 3830 4456 interpretatio-

579 4501 722 4546 nem
755 4480 1459 4546 convenientissimam.

1857 4619 2123 4694 [XXXIV
2135 4621 2152 4692 1
2197 4624 2423 4686 XVIII.

584 4785 842 4858 Pugnat
885 4791 1160 4842 attamen
1190 4796 1308 4858 pro
1353 4781 1564 4842 Gra'co
1604 4781 1736 4858 ritu
1752 4778 2257 4858 penset-rationis
2292 4778 2776 4858 infer-mentum.
2815 4775 3152 4858 Levissima
3179 4776 3311 4855 ejus
3341 4784 3833 4858 argumentum-

661 4794 842 4858 tgnat
885 4791 1160 4842 attamen
1190 4796 1308 4858 pro
1353 4781 1564 4842 Gra'co
1604 4781 1736 4840 ritu
1766 4778 2257 4837 consecrationis
2292 4778 2360 4837 in
2417 4785 2776 4838 ermentato.
2815 4778 3152 4838 Levissima
3179 4778 3311 4855 ejus
3341 4784 3831 4853 argumentum-

661 4865 782 4923 rt‘a.
818 4864 974 4945 Item
1014 4869 1232 4920 contra
1251 4859 1566 4945 jejunium
1621 4857 1898 4945 Sabbati.
1940 4855 2278 4933 Perperam
2310 4778 2498 4945 a/fert
2531 4855 2814 4916 Canones
2841 4853 3300 4945 apostatarum.
3355 4854 3602 4945 Sgnodi
3649 4865 3831 4945 nulla

661 4940 1042 5078 (altrumenica:
1082 4931 1430 4998 auctoritas
1458 4936 1622 5015 falso
1679 4933 1977 5005 adducta,
2011 4931 2142 5012 quae
2202 4931 2476 4994 sumitur
2551 4952 2670 5013 pro
2728 4931 2966 5014 synodo
3023 4931 3352 4994 Trullana.
3408 4931 3660 5012 Lapsus
3708 4933 3830 5014 ejus

661 5037 698 5078 υ
731 5035 898 5078 ures.

659 5035 898 5097 plures.

662 5165 760 5226 68.
796 5161 1072 5222 Tametsi
1101 5177 1246 5222 cum
1284 5161 1525 5222 Latinis
1556 5158 1828 5223 fateatur
1860 5157 2405 5238 TheOphylactus,
2467 5161 2789 5222 Christum
2825 5161 3174 5229 Dominum
3218 5167 3628 5236 postcmnam
3662 5159 3828 5239 lega-

589 5260 737 5331 lem,
763 5258 943 5338 justo
968 5262 1250 5333 tempore
1280 5265 1619 5334 peractam,
1660 5257 2043 5335 mysterium
2077 5258 2494 5318 Eucharistia)
2527 5258 2885 5320 instituisse
2920 5257 2983 5318 in
3032 5271 3260 5334 azymo
3295 5272 3502 5333 pane:
3540 5279 3571 5314 α
3604 5257 3831 5319 Verum

589 5374 717 5417 non
768 5354 985 5416 studio
1017 5353 1248 5414 factum
1285 5359 1382 5414 est
1435 5351 1678 5432 (inquit
1708 5352 1775 5412 in
1823 5351 2096 5430 epistola
2130 5353 2208 5413 ad
2236 5341 2568 5414 Nicolaum
2602 5353 2946 5414 diaconum
2993 5361 3055 5412 et
3084 5351 3530 5433 canstrisium)
3561 5361 3632 5416 ut
3666 5351 3832 5432 panis

591 5449 695 5512 ille
749 5466 1010 5528 azymus
1039 5456 1210 5509 esset
1247 5469 1260 5508 :
1292 5448 1405 5510 sed
1443 5447 1606 5526 legis
1647 5447 1998 5510 necessitas
2036 5447 2236 5510 alium
2270 5456 2420 5511 tunc
2452 5467 2595 5510 esse
2634 5465 2861 5526 panem
2919 5464 3047 5509 non
3084 5448 3520 5526 permittebat.
3545 5471 3576 5506 ι
3612 5450 3831 5527 Legam

593 5545 840 5607 scilicet
870 5545 1179 5619 excludit,
1214 5562 1403 5624 quam
1456 5544 1841 5620 imposuerit
1877 5543 2194 5616 Christus,
2247 5545 2798 5606 consecrationem
2847 5543 3219 5606 celebrandi
3277 5543 3348 5605 in
3391 5561 3629 5624 azymo
3663 5559 3832 5624 pane.

590 5644 737 5704 Hmo
764 5642 952 5704 etiam
990 5643 1228 5704 Latium
1281 5642 1582 5704 Ecclesiae
1612 5642 1936 5704 sententia
1974 5649 2097 5714 est,
2132 5657 2276 5721 qum
2308 5658 2424 5704 sua
2478 5639 2780 5718 mysteria
2819 5641 2879 5701 in
2907 5657 3134 5719 azymo
3168 5642 3443 5720 peragit,
3477 5659 3607 5706 non
3639 5644 3702 5705 in
3727 5640 3835 5706 eb-

590 5737 895 5814 sequium
939 5739 1082 5800 lata)
1137 5754 1172 5800 a
1206 5737 1457 5802 Christo
1485 5737 1672 5817 legis,
1712 5755 1936 5801 verum
1969 5739 2043 5801 ad
2081 5737 2502 5818 insigniorem
2530 5738 2837 5801 duntaxat
2869 5737 3154 5815 exempli
3191 5737 3336 5816 ejus
3380 5749 3830 5804 commemora-

591 5833 857 5895 tionem.
