4006 6554
210 562 275 622 73
1053 550 1152 609 DE
1194 549 1298 608 ΤΗ
1309 537 1785 607 EOPHYLACTI

1905 532 2101 594 SSTIS
2142 531 2238 592 ET
2280 527 2666 592 SCR‘IPTIS.
3416 516 3487 576 74

283 669 838 746 Quemadmodum
891 683 1038 726 vero
1069 665 1186 726 lata
1226 665 1364 741 lege
1393 677 1507 720 nec
1542 668 1842 735 azymum
1877 645 2279 726 prmscripsit
2325 641 2458 712 ille,
2515 656 2634 705 nec
2663 636 3124 746 fermentatum
3160 631 3382 746 rejecit
3414 647 3487 692 ac

212 729 558 830 vice—versa
587 764 891 827 :ita‘tieri
923 764 1154 838 potuit,
1187 761 1266 820 ab
1289 729 1639 835 religionis
1682 748 1875 810 initio
1907 743 2238 806 Ecclesias
2277 737 2762 802 Occidentalem
2797 744 2857 838 et
2887 729 3297 836 Orientalem.
3323 729 3489 838 ritus

206 866 502 928 habuisse
555 862 850 924 diversos
911 823 976 921 in
1037 823 1462 919 Eucharistim
1501 844 1964 912 celebratione.
2011 842 2287 900 Sanctus
2345 838 2632 898 Irenwus
2683 831 2752 893 in
2789 829 3163 909 fragmento
3196 823 3494 928 epistolas

209 923 759 1040 apuiiiiiisebium
795 958 960 1019 libro
1012 974 1042 1010 ν
1086 956 1334 1016 Hister.
1376 946 1650 1018 Ecclcs.,
1715 942 1923 1032 capite
1957 937 2061 1005 Ωιι,
2103 938 2298 997 refert
2333 956 2346 994 :
2387 957 2414 1040 ιξ
2450 935 2717 994 Beatum
2754 929 3203 1040 Polycarpum,
3234 923 3493 1040 Aniceti

200 1019 375 1135 papae
405 1056 833 1134 temporibus,
873 1056 1132 1114 Romam
1170 1051 1422 1112 venisse
1462 1065 1474 1105 :
1509 1061 1578 1105 ac
1615 1019 1922 1104 inter'eos
1955 1051 2104 1097 cum
2136 1034 2216 1094 de
2246 1030 2572 1112 Paschate,
2607 1037 2749 1135 tum
2792 1027 2873 1089 de
2913 1023 3307 1135 quibusdam
3341 1019 3492 1084 aliis

192 1122 432 1215 ritibus
472 1122 788 1214 modicam
819 1122 1024 1210 fuisse
1052 1143 1561 1209 controversiam
1603 1161 1616 1198 :
1651 1133 1953 1198 aestatim
1989 1137 2213 1213 mutuo
2247 1128 2421 1207 pacis
2442 1124 2668 1190 osculo
2697 1139 2842 1185 sese
2874 1122 3285 1208 complexos,
3319 1133 3496 1180 com-

202 1249 726 1310 municasse-sibi
785 1246 1151 1309 invicem.»
1186 1245 1344 1304 Ecce
1409 1235 1914 1300 vetustissimam
1960 1231 2204 1290 rituum
2258 1219 2706 1299 diverSitatem
2743 1224 2810 1284 in
2847 1231 3124 1301 utraque
3175 1218 3489 1280 Ecclesia.

202 1347 328 1406 Cur
355 1347 535 1406 locus
563 1347 954 1422 conjectum
988 1357 1113 1401 non
1138 1339 1359 1409 fuerit,
1395 1334 1562 1397 inter
1596 1327 1958 1393 istosritus
1981 1325 2331 1386 discrimen
2356 1322 2573 1384 :fuisse
2609 1320 2794 1398 panis
2826 1313 3267 1390 eucharistii-i,
3297 1330 3496 1396 quem

199 1451 474 1520 utraque
509 1415 795 1503 Ecclesia
828 1439 1161 1501 diversum
1193 1433 1611 1497 adhibuerit?
1649 1430 1732 1488 lta
1771 1420 2251 1503 praclarissimi
2287 1419 2404 1480 viri
2442 1419 2612 1480 inter
2655 1416 2920 1477 Latinos
2949 1415 3306 1492 scriptores
3338 1428 3495 1475 sen-

185 1511 419 1597 tiuut':
455 1548 737 1612 quorum
780 1537 1100 1594 momenta
1142 1528 1490 1596 rationum,
1530 1539 1677 1602 quas
1710 1517 1988 1600 plurima
2022 1524 2200 1589 sunt,
2237 1514 2503 1593 sapiens
2536 1514 2728 1576 nemo
2765 1511 3163 1589 despexerit.

275 1632 436 1690 Sunt
471 1607 585 1690 alii
623 1644 774 1689 vero
795 1625 1156 1707 qui,probe
1191 1641 1335 1686 cum
1369 1621 1667 1684 noverint
1701 1615 1941 1679 nullam
1977 1613 2091 1679 hac
2111 1614 2190 1674 de
2230 1611 2518 1676 relatam
2549 1627 2585 1671 a
2611 1611 2770 1670 Jesu
2797 1608 3058 1670 Christo
3084 1607 3317 1685 legem,
3355 1608 3498 1685 Opi-

198 1734 454 1795 nantur,
486 1724 714 1803 primis
745 1704 1051 1786 Ecclesiae
1087 1719 1489 1798 temporibus
1526 1713 1967 1794 promiscuum
1994 1710 2202 1774 fuisse
2240 1711 2422 1789 panis
2458 1725 2649 1771 usum
2684 1707 2779 1770 vel
2820 1707 3060 1786 azymi,
3088 1707 3189 1768 vel
3215 1704 3498 1767 fermen-

192 1823 300 1882 tati
328 1839 442 1900 pro
474 1801 621 1884 data
655 1821 994 1894 occasione
1036 1841 1052 1880 :
1088 1819 1293 1880 donec
1327 1814 1586 1877 tandem
1620 1826 1992 1889 azymorum
2022 1807 2436 1870 consuetudo
2473 1806 2535 1867 in
2566 1803 2855 1867 Ecclesia
2881 1804 3281 1867 Occidentali
3319 1801 3496 1863 obti-

194 1899 356 1991 nuit,
416 1919 804 1998 vigebatque
856 1917 998 1977 sine
1031 1915 1232 1976 dubio
1285 1923 1432 1976 ante
1462 1910 1780 1973 Photiana
1833 1913 2148 1984 tempora.
2213 1905 2365 1965 Hinc
2414 1901 2642 1964 eadem
2703 1909 2838 1962 erat
2875 1901 3199 1963 sententia
3231 1899 3494 1965 Nicetes.

192 1996 630 2094 metropolitm
683 2012 1232 2084 Nicomediensis,
1284 2010 1355 2073 in
1391 2007 1769 2088 :Colloquio,
1830 2003 2006 2083 quod
2035 2001 2250 2080 prima
2283 1999 2505 2064 seaculi
2535 1997 2913 2062 duodecimi
2948 1996 3297 2060 medietate
3325 1997 3498 2057 inter

197 2111 412 2189 ipsum
453 2111 752 2174 habitum
786 2109 910 2172 fuit
935 2119 995 2170 et
1022 2109 1404 2175 Anselmnm
1436 2105 2027 2180 Havelbergensem
2061 2094 2548 2175 episcopum-in
2590 2095 2750 2158 urbe
2814 2094 2993 2171 regia
3035 2093 3500 2156 Constantino-

180 2207 343 2284 poli.
387 2211 691 2285 Ingenue
721 2207 966 2286 quippe
1001 2203 1215 2266 fassus
1261 2211 1361 2264 est
1395 2202 1670 2273 Nicetas,
1707 2207 1772 2259 ut
1808 2195 2080 2258 habetur
2112 2193 2278 2259 libro
2313 2211 2383 2256 ιιι
2427 2192 2723 2273 ejusdem
2761 2190 3118 2270 Colloquii,
3152 2190 3362 2270 capite
3392 2191 3496 2265 16,

184 2307 354 2380 apud
399 2306 644 2368 Lucam
710 2303 1091 2366 Dacberium
1146 2320 1160 2358 :
1204 2320 1234 2357 ci
1275 2297 1624 2377 Apostolos
1675 2311 1792 2356 nec
1842 2292 2328 2367 fermentatum,
2385 2309 2504 2354 nec
2557 2307 2861 2370 azyimum
2933 2290 3232 2351 studiose
3303 2289 3498 2354 nimis

182 2401 614 2478 quaesivisse;
656 2407 718 2463 et
774 2397 1096 2478 quidquid
1139 2397 1218 2458 ad
1273 2411 1504 2458 manus
1545 2391 2024 2464 inveniebatur,
2079 2391 2220 2453 sive
2275 2390 2421 2465 hoc,
2455 2389 2595 2451 sive
2626 2388 2818 2464 illud,
2861 2386 3321 2453 indifferenter
3347 2405 3494 2454 cum

183 2498 912 2564 devotioneobtulisse.
941 2499 1296 2578 Romanam
1323 2491 1677 2554 EceIesiam
1703 2489 2006 2568 paulatim
2035 2487 2311 2550 alterum
2332 2487 2753 2566 deposuisse,
2783 2485 3036 2548 scilicet
3066 2484 3498 2562 fermentum;

178 2598 239 2652 et
267 2594 677 2658 Orientalem
713 2607 977 2672 quoque
1013 2589 1370 2672 Eccleqiam
1402 2602 1709 2667 azymum
1743 2583 2099 2672 dimisisse.
2139 2610 2166 2643 ι)
2195 2587 2352 2648 Cum
2397 2585 2608 2663 legem
2643 2583 2759 2645 hac
2786 2583 2865 2646 de
2896 2601 2961 2647 re
2981 2583 3237 2648 nullam
3269 2585 3500 2648 condi-

181 2689 694 2753 deritChristus
727 2669 1075 2761 Dominus,
1116 2669 1278 2748 rith
1301 2684 1463 2747 oriri
1503 2682 1713 2747 varios
1755 2669 2072 2762 potuisse,
2105 2679 2438 2743 fatendum
2472 2690 2596 2742 est.

259 2788 770 2864 Supervacaneo
809 2784 1050 2859 labore,
1109 2791 1176 2846 ut
1211 2782 1376 2844 hanc
1405 2796 1542 2843 non
1602 2788 1856 2842 exstare
1884 2777 2103 2855 legem
2137 2777 2463 2849 ostendat,
2493 2776 3156 2840 animadvertendum
3193 2779 3502 2859 praponit

181 2881 515 2960 Bulgarus
583 2881 1140 2960 archiepiscOpus,
1179 2883 1304 2941 nun
1339 2893 1569 2940 omnes
1626 2874 2146 2938 circumstantias
2186 2873 2354 2946 illas,
2392 2872 2632 2952 quibus
2690 2891 2932 2938 omnem
2991 2893 3178 2938 suam
3231 2875 3502 2955 perfecit

172 2981 543 3052 Dominus,
586 2986 662 3042 ad
699 2977 1000 3056 praecepti
1037 2977 1162 3037 vim
1208 2974 1414 3053 redigi
1454 2991 1690 3049 posse:
1731 2992 1788 3034 v.
1822 2989 1884 3052 ε.
1928 2971 2446 3044 discumbentes,
2479 2979 2590 3032 aut
2632 2971 2913 3049 supinos
2956 2974 3178 3048 edere,
3211 2974 3501 3046 similes-

177 3088 337 3149 que.
384 3074 499 3132 Ait
532 3074 724 3133 etiam
763 3093 776 3132 :
819 3069 1169 3132 Verisimile
1200 3087 1352 3142 esse,
1410 3084 1638 3145 panem
1680 3066 1882 3139 illum,
1919 3086 2114 3148 quem
2152 3070 2218 3130 in
2271 3085 2467 3130 suum
2499 3084 2739 3148 corpus
2771 3072 3234 3132 transmutavit
3265 3073 3500 3148 .Jesus,

173 3168 440 3230 υίιίονὶε
500 3167 838 3247 qualitatis
869 3167 1092 3246 fuisse,
1151 3184 1224 3225 ac
1265 3167 1536 3245 fortasse
1585 3158 2022 3227 hordeaceam.
2070 3167 2199 3226 lies
2241 3164 2333 3226 ita
2367 3181 2437 3226 se
2479 3163 2670 3227 habet
2706 3187 2722 3230 :
2755 3165 3053 3246 adeoque
3077 3169 3155 3229 ad
3190 3169 3504 3233 Ecclesia)

175 3267 648 3328 auctoritatem
685 3271 926 3342 spectat
969 3262 1488 3329 circumstantias
1544 3261 1843 3332 deﬁnire,
1884 3280 2033 3342 quas
2067 3261 2256 3342 juxta
2320 3278 2676 3340 perennem
2712 3263 3128 3326 traditionem
3179 3275 3288 3327 aut
3311 3267 3498 3329 odia-

166 3365 404 3440 pham:
438 3361 905 3431 existimanda
935 3362 1086 3434 sint,
1121 3367 1231 3425 aut
1266 3359 1358 3421 rei
1382 3359 1810 3422 substantiam
1853 3359 2298 3423 conficientes.
2337 3358 2527 3421 Nulla
2561 3375 2714 3421 vero
2757 3360 3503 3441 TheOphylactoprmsto

175 3461 350 3522 ratio
371 3461 617 3532 fuerit,
644 3475 771 3538 qua
803 3457 1164 3524 verisimile
1200 3454 1450 3528 efﬁciat,
1484 3455 1914 3519 hordeacenm
1940 3455 2145 3521 fuisse
2173 3474 2430 3536 panem,
2467 3473 2599 3538 quo
2645 3453 2942 3521 Christus
2973 3460 3046 3521 in
3071 3461 3504 3528 Eucharistim

169 3555 622 3622 institutione
659 3571 816 3620 usus
843 3563 963 3616 est.
997 3553 1353 3617 Triticeum
1388 3552 1466 3614 ab
1498 3554 1688 3616 initio
1719 3555 2058 3632 religionis
2089 3554 2388 3618 adhibuit
2432 3563 2704 3634 utraque
2728 3555 3014 3619 Ecclesia
3045 3575 3315 3639 :zneque
3345 3561 3506 3624 sub-

171 3655 444 3715 tiliores
483 3652 942 3732 theologorum
969 3651 1048 3714 de
1081 3651 1299 3714 schola
1335 3650 1453 3713 hoc
1485 3651 1604 3713 loci
1641 3653 1991 3732 opiniones
2024 3654 2097 3714 ad
2139 3669 2412 3713 examen
2448 3653 2752 3714 vocanda)
2780 3661 2958 3714 sunt.

252 3774 364 3831 69.
405 3776 581 3846 Quae
612 3787 723 3847 pro
753 3768 1136 3830 fermentato
1164 3785 1326 3846 pane
1352 3768 1642 3843 instruit,
1669 3781 2046 3851 argumenta
2075 3771 2334 3851 profero
2362 3783 2421 3835 et
2447 3773 2675 3835 refello
2704 3795 2718 3835 :
2745 3782 2898 3836 sunt
2923 3777 3103 3839 enim
3135 3778 3500 3848 levissima:

173 3889 201 3922 ε
242 3869 575 3928 Fortasse
604 3877 662 3928 et
695 3866 1048 3945 quispiam,
1070 3865 1323 3944 inquit,
1351 3866 1628 3927 audiens
1669 3867 1731 3927 in
1764 3869 1929 3930 lihro
1961 3873 2237 3931 Actuum
2255 3871 2697 3947 apostolorum
2724 3889 2892 3950 saepe
2934 3875 3334 3939 mentionem
3363 3879 3502 3943 ﬂeri

165 3965 548 4026 fret-tionis
580 3964 786 4042 panis,
836 3962 1313 4040 inveniensque
1334 3960 1454 4024 hoc
1490 3963 1658 4024 idem
1694 3972 1753 4024 et
1784 3967 1953 4042 apud
1986 3964 2283 4041 Paulum,
2307 3966 2508 4028 talem
2530 3965 2739 4028 fuisse
2764 3967 3000 4030 exinde
3031 3971 3293 4052 colligat
3324 3993 3502 4049 eum,

163 4063 493 4142 quitunc
523 4063 790 4140 mystice
814 4060 1252 4138 frangebatur,
1309 4059 1525 4139 qualis
1595 4062 1647 4121 is
1699 4066 1807 4140 qui
1864 4065 1938 4123 ad
2007 4061 2372 4138 simplicem
2422 4062 2891 4127 romestioneni
2951 4068 3019 4128 in
3060 4086 3289 4133 mensa
3351 4089 3513 4150 pro-.

163 4156 796 4220 stabatzedebatur
857 4173 1004 4218 vero
1066 4155 1288 4234 procul
1342 4156 1544 4216 dubi-0
1610 4161 1813 4234 panis,
1870 4176 1997 4221 non
2063 4176 2365 4238 azymus;
2429 4159 2534 4222 hic
2593 4162 2769 4223 enim
2831 4163 3227 4242 quibusdam
3269 4168 3502 4232 diebus

161 4273 240 4320 ac
296 4254 647 4318 sacriﬁcio
708 4255 896 4316 unice
955 4253 1316 4314 destinatus
1381 4260 1534 4315 erat.
1594 4256 1732 4315 'Etsi
1793 4271 1942 4316 vero
2007 4254 2138 4318 haec
2192 4258 2553 4319 necessaria
2602 4275 2728 4320 non
2782 4260 2934 4334 sint,
2998 4277 3140 4323 nam
3208 4265 3502 4345 [XXXV]

162 4373 231 4420 et
301 4362 380 4420 in
452 4359 730 4419 alteram
788 4365 1025 4434 partem
1082 4356 1396 4416 inclinant
1439 4355 1464 4416 ἐ
1507 4363 1780 4418 attamen
1849 4356 1998 4419 lanx
2053 4359 2198 4437 plus
2253 4360 2409 4420 mihi
2480 4359 2737 4435 tribuit;
2786 4365 2961 4442 quod
3018 4368 3094 4425 ad
3164 4369 3501 4436 victoriam

157 4457 333 4520 satis
399 4463 540 4519 est.
597 4479 624 4510 »
677 4455 970 4516 Gentiles
1031 4473 1185 4515 suos
1253 4455 1506 4527 refellit,
1569 4454 1948 4517 Michaelem
2024 4457 2455 4530 Cerularium,
2525 4461 2804 4521 Leonem
2873 4461 3496 4543 Aehridanum,Ni-

157 4563 388 4617 oetam
456 4557 876 4615 Pectoratum
931 4552 1343 4624 monachum,
1411 4555 1671 4613 Petrum
1725 4552 2236 4626 An-tiochenum,
2284 4553 2630 4635 aliosque:
2667 4573 2952 4637 quorum
3029 4569 3126 4622 est
3176 4566 3494 4644 Opinatio,

155 4670 424 4733 panem
469 4650 939 4713 fermentatum
977 4649 1042 4710 in
1088 4650 1510 4711 Eucharistiaa
1538 4651 1950 4712 institutione
1987 4650 2353 4712 adhibitum
2389 4668 2424 4712 a
2455 4652 2735 4722 Christo,
2773 4661 2834 4714 et
2869 4654 3047 4718 hunc
3079 4660 3498 4729 solummodo

156 4768 413 4812 verum
455 4748 596 4810 dici
635 4763 890 4824 panem.
924 4747 1073 4807 Hinc
1104 4745 1197 4805 illi
1238 4754 1722 4820 utastruerent,
1755 4763 2055 4809 enormes
2093 4747 2403 4808 invehere
2444 4747 2820 4810 debuerunt
2859 4770 3138 4828 errores,
3175 4769 3282 4818 aut
3314 4761 3496 4825 Chri-

152 4854 349 4908 stum
429 4843 649 4921 legale
707 4842 940 4902 Pascha
991 4857 1117 4901 non
1163 4843 1549 4916 celebrasse,
1585 4851 1695 4904 aut
1747 4843 1910 4905 illud
1971 4860 2098 4906 non
2159 4843 2508 4921 perfecisse
2559 4843 2854 4923 legitimo
2908 4833 3219 4929 tempore,
3279 4860 3496 4924 autin

154 4959 359 5004 caena
407 4939 616 5016 legali
666 4956 852 4998 usum
888 4955 1016 4998 non
1047 4937 1256 4998 fuisse
1300 4957 1460 5016 pane
1493 4956 1746 5018 azyma,
1796 4947 1863 5000 ut
1899 4941 2355 5002 adnotavimus
2396 4958 2578 5003 num.
2627 4943 2727 5002 63.
2767 4946 3107 5008 'Peracturn
3147 4969 3176 5010 θ
3216 4954 3498 5020 Domino

159 5039 404 5115 legale
477 5034 727 5096 Pascha
799 5045 1088 5113 tempore
1135 5035 1340 5113 justo,
1408 5043 1468 5096 et
1553 5036 2020 5098 Eucharistiam
2082 5036 2148 5097 in
2210 5036 2456 5116 azymis
2542 5039 2935 5117 institutam,
2970 5045 3498 5129 TheOphylat-tus

150 5144 381 5195 tenet.
457 5135 673 5193 Tenet
731 5132 950 5201 etiam,
1014 5133 1490 5206 Scripturarum
1560 5131 1719 5193 Ionis
1791 5149 1870 5192 ex
1927 5132 2195 5195 Actibus
2257 5136 2729 5211 apostolorum,
2789 5147 2850 5199 et
2932 5141 3116 5203 Pauli
3181 5147 3496 5225 Epistolis

147 5228 579 5306 «lesumptis
649 5228 816 5289 haud
868 5229 1246 5288 necessario
1299 5227 1547 5299 confici,
1617 5229 2078 5292 Eucharistiam
2143 5230 2210 5292 in
2276 5232 2664 5295 fermentato
2719 5254 2883 5313 pane
2934 5241 3300 5306 celebrasse
3344 5264 3499 5328 apo-

146 5329 412 5389 stolos.

237 5423 425 5485 Suis
491 5426 769 5479 attamen
816 5421 1170 5498 gentilibus
1214 5420 1405 5492 favet,
1466 5446 1492 5476 α
1539 5422 1707 5496 lanx,
1753 5424 2088 5501 inquiens,
2153 5427 2298 5502 plus
2362 5427 2516 5487 mihi
2571 5428 2822 5489 tribuit.
2887 5457 2910 5486 υ
2955 5434 3297 5507 Quodnam
3342 5461 3496 5504 veru

141 5520 378 5583 fuerit
428 5525 869 5587 momentum,
899 5522 1069 5596 quod
1113 5520 1356 5579 lancem
1404 5519 1469 5579 in
1509 5529 1679 5580 tuam
1721 5541 1723 5598 έ

1915 5539 1962 5580 rn
2008 5525 2508 5598 praeponderare
2531 5524 2916 5589 eiiiciat'Hn
2958 5534 3133 5593 Actis
3169 5542 3497 5612 apostolo-

141 5635 340 5692 rum,
383 5613 616 5689 capite
645 5632 712 5680 Il.
755 5616 936 5685 v.1i2,
978 5614 1165 5692 primi
1217 5616 1572 5677 Christiani
1609 5618 1918 5678 dicuntur
1959 5631 2448 5696 perseverantes
2504 5624 2570 5680 in
2605 5621 2901 5685 doctrina
2934 5632 3399 5712 apostolorum,
3438 5654 3501 5703 et

141 5711 640 5775 communione
705 5712 1043 5790 [motionis
1103 5714 1315 5790 panis,
1363 5725 1430 5792 τῇ
1465 5723 1654 5775 κλάσει
1708 5741 1723 5774 1

1916 5741 2031 5777 του.
2099 5718 2270 5777 Paria
2341 5719 2650 5780 adhibent
2717 5723 2905 5784 verha
2951 5711 3494 5804 evangelistaarin

139 5807 630 5876 eucharistici
679 5808 971 5884 mysterii
1014 5810 1419 5872 institutione
1457 5835 1468 5872 :
1505 5813 1761 5890 Accepit
1809 5814 2020 5895 Iesus,
2059 5814 2461 5892 inquieutes,
2503 5824 2592 5878 τὸν
2629 5826 2818 5896 ᾶρτον,
2857 5835 3107 5898 panem,
3145 5836 3201 5887 et
3237 5827 3496 5896 benedi-

137 5925 340 5978 cens,
413 5903 660 5999 fregit,
685 5909 919 5977 ἕκλασες
963 5903 1077 5981 qui
1134 5906 1340 5982 panis,
1376 5915 1440 5968 ut
1474 5908 1613 5980 ipse
1657 5909 1876 5980 doces,
1910 5926 2179 5988 azymus
2212 5909 2360 5972 fuit.
2411 5912 2516 5974 Ait
2552 5915 2744 5976 etiam
2783 5917 3024 5979 Paulus
3055 5926 3393 5999 apOStolus
3426 5930 3495 5995 in

134 5998 498 6085 Epistola
531 5999 552 6056 I
588 5997 664 6057 a'I
698 5999 1066 6060 Corinthios
1098 6003 1305 6078 capite
1347 6023 1411 6078 x,
1443 6021 1498 6064 v.
1551 6004 1660 6065 16:
1698 6005 1716 6064 l

1951 6025 2129 6085 quem
2154 6009 2536 6088 frangimus,
2570 6022 2662 6073 τδν
2712 6021 2880 6094 ἄρτον
2913 6024 2971 6078 ὃν
3007 5997 3254 6097 κλῶμεν,
3290 6040 3498 6092 nonne

411 6099 712 6160 Ριτκοι..
753 6098 870 6162 Gn.
934 6101 1228 6165 CXXIII.
3140 6123 3178 6182 3
