4034 6578
548 429 610 492 71
1393 411 1620 475 BERN.
1661 409 1926 472 MARIE
1969 405 2066 467 DE
2113 403 2141 464 1‘

2206 401 2399 463 IBEIS
2440 392 2946 459 DISSERTATIO
3726 380 3799 443 72

533 516 860 603 Christum
917 535 1091 591 tenet
1149 540 1272 589 una
1316 523 1421 583 die
1484 519 1713 600 pascha
1765 517 2128 596 legitimum
2189 511 2636 583 antevertisse,
2698 526 2768 571 ac
2807 508 3172 603 celebrasse
3218 502 3541 603 illud‘die
3606 499 3794 562 tertia

536 600 786 698 decima
832 647 897 690 In
944 627 1169 690 feriam
1235 621 1526 702 quintam
1589 617 1916 678 incidente
1953 636 1967 674 :
2000 612 2256 673 Judmos
2291 624 2442 670 vero
2499 606 2830 685 peregisse
2890 602 3054 664 illud
3114 600 3518 702 diedecima
3558 603 3794 702 quarta

530 695 895 798 desinente,
935 743 1005 787 ac
1059 695 1442 784 Parasceves
1500 734 1614 776 seu
1673 713 1850 775 feria:
1881 717 2077 770 sextae
2136 707 2509 787 vespertino
2572 714 2884 783 tempore,
2946 720 2977 765 a
3041 716 3175 781 quo
3235 695 3798 798 incipiebat-dies

531 791 762 891 ie‘stiva
800 791 1184 902 Az'ymorum
1208 814 1432 895 quinta
1477 811 1751 883 decima,
1790 809 1852 869 in
1889 806 2228 868 Sabbatum
2279 804 2576 865 incidens
2613 798 3205 902 t'iassionis_Christi
3236 813 3435 902 anno.
3473 791 3648 902 l‘iihil
3698 797 3799 852 est

532 942 686 987 vero
752 893 1466 997 Theophylactimenti
1527 909 1725 986 magis
1810 919 2200 982 repugnans,
2271 901 2384 980 qui
2436 899 2717 978 singulis
2796 900 2862 960 in
2911 893 3410 961 Commentariis
3470 893 3555 997 in.
3598 906 3798 996 evan-

546 1021 835 1090 gelistas,
895 987 955 1076 et
1023 987 1090 1073 in
1158 1007 1430 1088 epistola
1466 1004 1542 1067 ad
1601 1001 1931 1065 Nicolaum
1992 998 2336 1058 diaconum
2407 1004 2467 1058 et
2521 995 2938 1057 canstrisium
2988 994 3175 1055 docet
3243 987 3798 1090 constantissime,

547 1083 905 1192 iegitimum
949 1083 1271 1170 Paschalis
1312 1114 1567 1178 tempus
1615 1116 1650 1161 a
1708 1098 1959 1160 Christo
2011 1100 2367 1164 servatum,
2417 1094 2672 1156 Judaros
2706 1107 2855 1153 vero
2909 1090 3112 1167 legem
3151 1085 3596 1192 przevaricatos
3629 1100 3796 1192 esse.

618 1179 716 1272 67.
752 1213 1057 1284 Superest
1088 1198 1545 1278 'l‘he0phylacti
1578 1193 2102 1264 commentarius,
2137 1208 2328 1269 quem
2359 1189 2828 1265 expendamus,
2856 1188 2930 1248 ad
2967 1193 3157 1284 caput
3192 1201 3293 1244 xiv
3359 1181 3583 1284 Marci,
3611 1179 3799 1240 v.12.

536 1308 752 1368 Latina
793 1281 1006 1363 versio
1062 1305 1156 1358 est
1206 1318 1219 1356 :
1258 1319 1284 1351 ‹‹
1314 1294 1593 1355 Primam
1622 1291 1782 1352 diem
1810 1291 2210 1367 Azymorum,
2247 1288 2416 1346 diem
2458 1287 2767 1362 quintum,
2809 1283 2985 1353 dicit,
3012 1281 3126 1359 qui
3163 1285 3296 1342 erat
3324 1288 3470 1340 ante
3506 1281 3749 1355 Azyma
3786 1297 3800 1334 :

533 1421 751 1470 azyma
800 1399 971 1461 enim
1010 1397 1107 1456 die
1139 1395 1512 1454 Parasceves
1545 1388 1982 1451 comedebant.
2019 1388 2126 1446 Grz

2212 1400 2273 1445 us
2311 1391 2523 1442 textus
2562 1404 2574 1440 :
2613 1390 2846 1460 Πρώτην
2878 1390 3092 1457 ἡμέραν
3115 1384 3504 1456 τῶνἊξύμων
3529 1384 3629 1453 τὴν
3665 1384 3805 1454 πέμ·

535 1470 677 1574 πτῆν
721 1506 889 1570 λέγει,
915 1503 1038 1572 ἥτις
1088 1500 1193 1568 πρὸ
1235 1498 1342 1551 τῶν
1383 1483 1634 1564 Ἀζύμων
1663 1491 1730 1564 ἦν
1755 1511 1768 1524 ·
1804 1494 1872 1546 τὰ
1905 1495 2008 1562 γὰρ
2039 1489 2128 1554 act

2208 1508 2226 1542 ι
2261 1491 2327 1559 τῇ
2369 1491 2701 1558 Παρασκευῇ
2739 1488 3007 1556 ὴσοιόντο.
3039 1475 3301 1538 Laudati
3343 1472 3612 1534 Arcudii
3684 1489 3801 1533 su-

537 1569 741 1670 spicio
779 1569 898 1660 est,
939 1569 1315 1664 corruptum
1353 1584 1561 1645 locum
1595 1600 1760 1644 esse.
1796 1581 2000 1642 Prima
2035 1595 2312 1654 namque
2343 1576 2482 1637 dies
2524 1578 2914 1652 Azymorum
2949 1589 3119 1634 anno
3155 1589 3286 1651 quo
3321 1569 3615 1670 Christus
3652 1584 3804 1646 pas-

535 1667 644 1749 sns
679 1695 798 1758 est,
836 1683 1181 1762 incipiebat
1213 1699 1244 1742 a
1281 1680 1457 1741 ferite
1487 1679 1729 1758 quinta)
1761 1691 2022 1753 vespera
2069 1695 2081 1734 :
2111 1680 2173 1733 et
2199 1673 2328 1733 haec
2360 1679 2491 1734 erat
2521 1681 2663 1732 ante
2708 1671 3126 1741 Parasceven,
3153 1685 3300 1747 qum
3340 1667 3483 1727 dies
3523 1667 3807 1762 Azymo-

539 1801 679 1843 rum
712 1759 1063 1840 dicebatur.
1091 1777 1433 1850 Quomodo
1467 1774 1790 1850 verogdies
1824 1772 1934 1830 illa
1965 1771 2183 1848 quinta
2221 1770 2428 1830 vocari
2468 1769 2751 1846 potuerit
2799 1768 3011 1845 prima
3041 1765 3172 1826 dies
3207 1765 3614 1842 Azymorum,
3647 1759 3807 1838 quia

537 1893 757 1955 azyma
803 1875 907 1934 die
969 1848 1344 1934 Parasceves
1371 1848 1921 1930 comedébantur?
1948 1866 2303 1927 Vocabatur
2337 1867 2468 1926 imo
2493 1866 2709 1944 prima
2743 1865 3119 1941 Azymorum
3153 1862 3320 1934 dies,
3351 1868 3414 1921 ut
3455 1860 3542 1919 ait
3582 1858 3803 1918 Theo-

541 1972 879 2051 phylactus
913 1967 994 2028 ad
1052 1968 1419 2028 Matthreum
1449 1972 1508 2026 et
1545 1963 1626 2023 ad
1663 1962 1893 2022 Lucam
1918 2005 1935 2033 ,
1976 1978 2054 2023 eo
2083 1961 2235 2040 quia
2261 1982 2288 2014 ε
2326 1961 2562 2021 festum
2602 1959 2951 2037 incipiebat
2998 1975 3029 2020 a
3066 1975 3329 2034 vespera
3360 1955 3492 2017 diei
3531 1954 3807 2034 quinte,

542 2085 664 2147 qua
697 2065 903 2126 Judtei
929 2063 1352 2125 vescebantur
1372 2059 1640 2140 azymis,
1679 2083 1707 2114 ι
1745 2065 1807 2119 et
1848 2058 2068 2119 eadem
2105 2059 2442 2120 comedere
2477 2059 2822 2137 pergebant
2853 2066 3099 2136 septem
3133 2056 3390 2118 diebus.
3435 2055 3602 2116 Hinc
3627 2062 3809 2134 putat

543 2161 894 2232 Arcadius,
976 2165 1467 2220 verumtextum
1505 2155 1718 2232 potius
1759 2153 2088 2225 habuisse,
2127 2170 2136 2186 '

2224 2156 2332 2225 γὰρ
2372 2154 2556 2223 ἄζυμα
2589 2156 2803 2225 ἑσπέρᾳ
2854 2155 2952 2224 τῆς
2981 2155 3245 2223 πέμπτης
3276 2151 3552 2222 ὴσθίοντο,
3581 2167 3809 2225 azyma

541 2258 715 2319 enim
762 2272 1029 2333 vespera
1069 2253 1247 2315 ferite
1283 2251 1530 2331 quintae
1560 2249 2085 2320 comedebantur,
2120 2249 2214 2310 vel
2248 2251 2495 2328 aliquid
2533 2249 2775 2312 simile.

621 2352 874 2413 Addere
921 2349 1078 2410 mihi
1107 2348 1318 2421 liceat,
1352 2349 1768 2426 depravatum
1807 2344 2084 2405 Matthzei
2117 2343 2324 2406 locum
2365 2346 2550 2424 longe
2581 2347 2907 2408 diversum
2965 2363 3110 2408 esse
3158 2363 3191 2408 a
3236 2347 3375 2409 loco
3415 2344 3640 2409 Marci.
3685 2347 3817 2410 Ha-

546 2449 649 2510 bet
679 2449 786 2509 ille
823 2464 835 2507 :
874 2470 901 2502 α
941 2446 1246 2526 Quintam
1299 2443 1522 2505 feriam
1557 2442 1846 2504 nominat
1877 2442 2267 2520 evangelista
2302 2441 2565 2517 primam
2604 2447 3020 2522 Azymorum,
3057 2443 3208 2520 quia
3237 2451 3382 2504 ante
3418 2444 3813 2505 Parasceven

545 2553 678 2606 erat
717 2563 733 2613 ;
769 2559 894 2621 qua
921 2545 1261 2602 Parasceve
1297 2555 1564 2617 veSpere
1607 2537 2026 2599 comedebant
2057 2554 2298 2617 azyma.
2337 2561 2364 2593 ιο
2400 2538 2598 2598 Habet
2629 2539 2749 2599 iste
2784 2557 2799 2593 :
2831 2563 2858 2594 α
2897 2539 3170 2600 Primam
3201 2539 3375 2600 diem
3410 2541 3810 2618 Azymorum

536 2640 704 2708 dicit
740 2638 910 2699 diem
945 2637 1269 2715 quintum,
1304 2634 1418 2712 qui
1451 2641 1584 2696 erat
1617 2642 1760 2694 ante
1789 2637 2026 2712 Azyma
2062 2656 2076 2695 :
2124 2651 2342 2712 azyma
2385 2635 2556 2696 enim
2599 2635 2704 2696 die
2733 2639 3112 2697 Parasceves
3143 2635 3596 2706 comedebant;
3638 2659 3666 2692 ι)
3697 2635 3814 2699 ubi

547 2753 674 2798 non
707 2753 960 2815 vespere
996 2735 1402 2805 Parasceves,
1437 2732 1551 2794 sed
1581 2731 1679 2793 die
1710 2733 2083 2793 Parasceves
2104 2732 2410 2792 dicuntur
2431 2748 2652 2808 azyma
2681 2731 2986 2793 debuisse
3012 2731 3286 2792 comedi.
3314 2732 3511 2792 Porro
3549 2749 3820 2811 vespera

546 2833 917 2893 Parasceves
951 2831 1142 2892 obvio
1175 2847 1369 2891 sensu
1407 2827 1644 2889 indicat
1667 2839 1997 2905 veSperam
2030 2827 2157 2888 diei
2185 2827 2492 2891 naturalis
2520 2829 2924 2898 Parasceves,
2957 2844 3073 2888 seu
3102 2826 3230 2888 diei
3265 2834 3486 2900 sextm,
3514 2827 3823 2890 desinen-

547 2929 630 2989 tis
663 2952 676 2988 :
711 2938 769 2989 at
802 2927 932 2988 dies
966 2926 1364 2995 Parasceves,
1399 2941 1517 2985 seu
1549 2923 1688 2984 dies
1717 2929 1921 2997 sexta,
1951 2922 2142 2984 obvio
2173 2939 2435 3001 quoque
2468 2939 2668 2983 sensu
2702 2922 3036 3000 complecti
3063 2930 3271 3001 potest
3308 2939 3645 3001 vesperam
3679 2923 3817 2988 diei

550 3024 861 3084 naturalis
915 3021 1158 3100 quintae
1185 3018 1573 3091 desinentis,
1604 3033 1638 3078 a
1675 3033 1801 3096 qua
1833 3016 2174 3079 exordium
2219 3017 2511 3079 sumebat
2547 3020 2773 3098 festum
2804 3017 3181 3096 Azymorum
3210 3018 3272 3078 in
3305 3019 3454 3096 agni
3494 3017 3818 3096 paschalis

550 3119 971 3181 comestione.
1025 3115 1414 3195 Legitimum
1446 3129 1601 3193 ergo
1637 3113 1868 3176 habere
1902 3129 2164 3174 sensum
2200 3121 2403 3190 potest
2437 3115 2614 3176 locus
2645 3115 2838 3176 Marci
2877 3137 2890 3175 :
2927 3131 3042 3176 nec
3084 3113 3299 3191 ipsum
3333 3113 3659 3176 immutari
3697 3129 3818 3176 ne-

550 3230 730 3275 cesse
760 3220 878 3285 est,
919 3213 1044 3274 nisi
1073 3211 1370 3274 codicum
1393 3210 1577 3272 bonte
1602 3216 1770 3273 noue
1795 3207 1964 3270 varia
2002 3208 2191 3269 lectio
2222 3218 2619 3288 exposceret.
2659 3209 2856 3290 Atqui
2893 3209 2956 3270 in
2992 3226 3118 3271 una
3144 3209 3276 3282 illa,
3311 3226 3503 3289 quam
3540 3209 3820 3272 adduxi-

553 3289 721 3381 mu's,
758 3308 1028 3378 lectione
1060 3313 1413 3369 consonant
1443 3306 1670 3379 codex,
1703 3321 1834 3384 quo
1887 3321 2045 3365 usus
2077 3311 2175 3366 est
2206 3306 2773 3386 OEcolampadius,
2806 3323 2875 3368 ac
2901 3313 3112 3368 textus
3146 3307 3403 3368 Graacus
3434 3307 3652 3367 Romae
3677 3306 3821 3369 edi-

551 3414 654 3464 tus
699 3426 714 3463 ε
755 3404 992 3482 hisque
1034 3403 1282 3466 similes
1319 3401 1586 3464 omnino
1623 3409 1773 3463 sunt
1805 3400 2031 3462 Veneti
2073 3408 2202 3463 tres
2233 3402 2492 3464 codices
2532 3402 2939 3464 bibliothecte
2976 3402 3338 3470 Marciante,
3366 3419 3438 3464 ac
3469 3401 3819 3464 Patavinus

554 3517 726 3562 unus
777 3499 942 3578 apud
979 3499 1219 3560 Sancta
1265 3498 1537 3560 Justinm
1569 3496 1912 3559 monachos
1945 3497 2382 3571 Cassinenses,
2429 3497 2539 3578 qui
2573 3510 2866 3560 accurato
2905 3497 3125 3559 studio
3157 3497 3430 3575 inspecti
3463 3498 3818 3580 collatique

555 3603 732 3657 sunL

632 3693 908 3752 Sensum
939 3687 1292 3750 indicatum
1322 3688 1698 3750 conﬁrmare
1755 3687 2057 3749 videntur
2081 3687 2542 3765 TheOphylacti
2582 3689 2769 3749 verba
2796 3688 2860 3748 in
2893 3687 3166 3766 epistola
3197 3689 3273 3750 ad
3305 3687 3647 3750 Nicolaum
3679 3688 3825 3752 dia-

555 3801 788 3848 conum
832 3792 894 3846 et
951 3784 1390 3856 canstrisium,
1427 3805 1456 3840 ι
1491 3783 1768 3856 Quidam
1799 3799 1877 3844 ex
1903 3783 2103 3845 sacris
2153 3784 2389 3846 nostris
2419 3784 2815 3858 doctoribus,
2857 3783 3238 3862 inquientis,
3267 3799 3604 3861 exponens
3645 3800 3821 3861 eam,

555 3898 699 3958 qum
722 3878 798 3940 ab
827 3878 1223 3956 evangelista
1257 3879 1496 3941 dicitur
1519 3880 1734 3957 prima
1759 3878 2162 3956 Azymorum,
2194 3877 2319 3940 ait:
2349 3878 2620 3940 Primam
2662 3882 3049 3958 Azymorum
3083 3900 3120 3939 a
3149 3879 3464 3950 Matthceo,
3501 3880 3821 3961 (itemque

559 3994 593 4038 a
625 3974 881 4054 Marco,)
911 3975 1221 4053 appellari
1247 3975 1416 4037 diem
1440 3993 1620 4055 ,qum
1655 3975 1885 4055 Azyma
1909 3975 2232 4054 praecedit.
2267 3975 2664 4037 Presmiserat
2696 3992 2848 4037 vero
2881 3976 3208 4054 quomodo
3240 3977 3380 4037 dies
3413 3975 3544 4038 haec
3585 3993 3828 4056 praece-

559 4072 712 4132 dere
744 4072 990 4132 dicatur
1021 4075 1335 4150 Azymam
1368 4071 1677 4134 Novimus
1701 4069 2336 4152 enim,inquiens,in
2368 4070 2507 4149 lege
2539 4070 2804 4149 primam
2830 4071 3218 4148 Azymorum
3243 4069 3558 4132 dicidiem
3615 4071 3823 4152 quin-

559 4172 684 4227 tam
718 4167 1053 4239 decimam,
1093 4167 1156 4228 in
1197 4184 1324 4247 qua
1354 4168 1602 4230 scilicet
1629 4167 1956 4230 illucescit
1993 4185 2119 4231 nox
2150 4166 2569 4230 comestionis
2599 4165 2940 4245 paschalis.
2980 4190 3006 4223 ιο
3031 4167 3189 4240 Quae
3212 4184 3338 4228 nox
3361 4183 3533 4230 anno
3566 4171 3824 4246 passio-

562 4262 662 4322 nis
715 4262 950 4324 Christi
1013 4263 1185 4324 diem
1221 4264 1513 4342 quintam
1552 4262 1968 4327 bebdomadm
1999 4264 2349 4328 naturalem
2383 4262 2765 4341 complebat,
2796 4261 3270 4342 inchoabatque
3325 4262 3626 4326 festivam
3648 4265 3825 4328 diem

560 4359 951 4436 Azymorum
982 4359 1272 4436 primam,
1309 4377 1451 4438 quae
1479 4359 1544 4421 in
1578 4361 1968 4424 Parasceveu
1997 4361 2454 4425 incidit.Hanc
2478 4367 2634 4440 puto
2668 4357 2792 4421 loci
2828 4359 2997 4438 apud
3021 4360 3304 4423 Marcum
3338 4361 3826 4442 interpretatio-

565 4473 707 4517 nem
739 4455 1443 4519 convenientissimam.

1839 4598 2133 4674 [xxxwl
2179 4605 2405 4667 XVIII.

567 4757 830 4840 Pugnat
869 4764 1141 4815 attamen
1171 4772 1290 4840 pro
1317 4757 1545 4840 Greece
1585 4758 2238 4840 rituconsecrationis
2273 4759 2757 4840 infermgntato.
2795 4759 3132 4840 Lenissima
3160 4761 3291 4840 ejus
3321 4772 3694 4838 argumenta
3717 4783 3828 4827 va-

645 4766 825 4831 tgnat
869 4764 1141 4815 attamen
1171 4772 1290 4834 pro
1334 4759 1545 4818 Greece
1585 4759 1717 4818 ritu
1747 4759 2238 4818 consecrationis
2273 4759 2341 4818 in
2400 4768 2757 4820 ermentato.
2795 4759 3132 4822 Levissima
3160 4761 3291 4840 ejus
3321 4772 3694 4838 argumenta
3717 4783 3826 4827 va-

645 4837 764 4896 ria.
801 4837 957 4924 Item
997 4845 1213 4926 contra
1232 4834 1547 4926 jejunium
1602 4835 1893 4926 Sabpatt'.
1921 4835 2259 4914 Perperam
2291 4759 2480 4926 a/{ert
2512 4837 2794 4898 Canones
2822 4838 3280 4926 apostolorum.
3333 4840 3576 4926 Sy_nodt'
3626 4855 3826 4926 sexta

643 4914 1024 5051 mlcumenicw
1064 4913 1411 4974 auctoritas
1439 4914 1602 4992 falso
1660 4913 1957 4985 adducta,
1991 4913 2122 4992 quae
2183 4913 2458 4976 sumitur
2532 4934 2650 4994 pro
2708 4913 2945 4996 synodo
3003 4916 3330 4978 Trullana.
3383 4913 3637 4997 lapsus
3688 4924 3825 5003 ejus

643 5010 680 5051 υ
713 5009 878 5051 ures.

640 5009 878 5070 plures.

642 5138 740 5198 68.
777 5137 1052 5196 Tametsi
1080 5153 1225 5198 cum
1263 5137 1504 5198 Latinis
1537 5136 1808 5201 fateatur
1839 5138 2384 5218 'l‘heOphylactus,
2446 5142 2768 5204 Christum
2805 5144 3153 5213 Dominum
3197 5153 3602 5220 postcmnam
3637 5146 3820 5228 lega-

569 5233 718 5304 lem,
743 5233 922 5312 justo
947 5237 1230 5308 tempore
1259 5242 1597 5311 peractam,
1639 5235 2022 5314 mysterium
2055 5238 2472 5299 Eucharistiee
2507 5239 2864 5302 instituisse
2899 5240 2961 5300 in
3011 5255 3238 5317 azymo
3273 5257 3476 5317 pane:
3513 5264 3543 5299 α
3576 5243 3824 5310 Verum

569 5346 697 5389 non
747 5328 964 5388 studio
995 5327 1227 5389 factum
1264 5336 1362 5390 est
1414 5329 1655 5409 (inquit
1686 5331 1753 5392 in
1801 5330 2075 5408 epistola
2108 5332 2186 5392 ad
2215 5322 2547 5395 Nicolaum
2581 5334 2925 5396 diaconum
2970 5345 3032 5396 et
3062 5336 3501 5418 canstrisium)
3533 5347 3604 5400 ut
3639 5342 3824 5418 panis

571 5421 674 5484 ille
728 5439 988 5501 azymus
1018 5432 1188 5484 esset
1224 5445 1238 5485 :
1270 5425 1384 5486 sed
1421 5424 1583 5503 legis
1625 5426 1975 5488 necessitas
2013 5426 2213 5488 alium
2248 5436 2398 5492 tunc
2429 5447 2573 5491 esse
2613 5447 2839 5507 panem
2898 5447 3024 5491 non
3060 5432 3490 5509 permittebat.
3516 5456 3546 5490 ι
3583 5435 3824 5515 Legem

572 5518 819 5580 scilicet
848 5520 1157 5594 excludit,
1191 5538 1381 5600 quam
1434 5521 1818 5598 imposuerit
1854 5522 2171 5595 Christus,
2224 5525 2777 5588 consecrationem
2825 5526 3194 5588 celebrandi
3254 5528 3323 5589 in
3365 5545 3598 5608 azymo
3635 5549 3824 5610 pane.

569 5617 715 5676 Haec
742 5615 928 5677 etiam
968 5618 1205 5679 Latium
1258 5618 1558 5680 Ecclesiae
1590 5621 1911 5683 sententia
1950 5628 2074 5693 est,
2109 5637 2253 5700 quae
2284 5639 2401 5684 sua
2455 5621 2757 5700 mysteria
2797 5623 2857 5682 in
2884 5639 3109 5702 azymo
3143 5626 3414 5703 peragit,
3447 5643 3574 5690 non
3609 5629 3674 5690 in
3705 5631 3828 5693 eb-

568 5710 871 5787 sequium
916 5713 1058 5774 lata;
1113 5729 1148 5775 a
1183 5713 1435 5777 Christo
1464 5713 1648 5793 legis,
1689 5733 1910 5779 verum
1944 5717 2018 5780 ad
2056 5716 2478 5798 insigniorem
2506 5719 2814 5782 duntaxat
2846 5720 3129 5797 exempli
3166 5721 3310 5800 ejus
3353 5739 3824 5787 commemora-

567 5805 834 5868 tionem.
