4034 6668
241 600 316 661 73
1109 587 1208 648 DE
1250 573 1842 646 THEOPHYLACTI
1882 568 2156 632 GESTIS
2197 567 2294 627 ET
2335 562 2721 627 SCR‘IPTIS.
3471 549 3542 611 74

328 708 893 785 Quemadmodum
947 721 1094 764 vero
1125 703 1242 764 lata
1282 702 1420 779 lege
1449 714 1564 758 nec
1598 705 1898 772 azymum
1933 680 2335 762 prtesm'ipsit
2380 677 2514 748 ille,
2570 671 3181 785 necIfermetitatum
3215 665 3543 785 rejecitac

251 762 387 870 vice
431 822 656 868 ver-sa:
693 806 778 865 ita
801 802 948 864 'Iicri
978 799 1322 876 potuit,ab
1345 762 1695 872 religionis
1738 784 1932 847 initio
1964 779 2293 842 Ecclesias
2333 771 2817 837 Occidentalem
2853 778 2913 832 et
2942 763 3342 831 Orientalem
3379 762 3544 876 ritus

249 905 555 969 habuisse
610 900 906 964 diversos
967 855 1032 959 irn
1092 855 1519 958 Eucharistit;
1557 880 2020 950 celebratione.
2068 878 2343 936 Sanctus
2401 873 2688 934 Irenteus
2739 865 2808 927 in
2844 863 3218 942 :fragmento
3251 855 3549 969 epistola?

1068 1012 1099 1048 ν
1144 994 1391 1054 Hister.
1433 983 1706 1054 Ecclcs.,
1772 978 1979 1066 capite
2014 972 2117 1041 ΩΑ,
2159 973 2355 1080 refert
2389 991 2404 1029 :
2505 970 2773 1029 Beatum
2809 963 3259 1080 Polycarpum:
3289 957 3549 1080 Ληίίξςξὶ

247 1053 432 1176 papae
461 1095 890 1174 temporibus,
930 1095 1189 1152 Romam
1226 1088 1479 1149 venisse
1518 1102 1531 1143 :
1566 1098 1635 1142 ac
1670 1053 1979 1141 inter‘geos
2012 1086 2160 1133 cum
2193 1069 2273 1130 de
2303 1065 2628 1147 Paschate,
2669 1073 2806 1126 tum
2849 1062 2929 1123 de
2969 1057 3363 1176 quibusdam
3398 1053 3548 1117 aliis

235 1155 490 1256 .I'itibus
529 1155 844 1253 modicam
875 1155 1081 1249 inisse
1107 1180 1618 1247 controversiam
1659 1197 1673 1234 :
1708 1192 1780 1235 ac
1799 1169 2010 1231 statim
2045 1172 2270 1247 mutuo
2303 1163 2478 1242 pacis
2499 1159 2725 1226 osculo
2753 1174 2898 1220 sese
2930 1155 3341 1241 complexos,
3376 1166 3552 1214 com-

250 1287 782 1352 municasse-sibi
842 1284 1208 1348 invicem.»
1243 1283 1402 1342 Ecce
1465 1271 1971 1336 vetustissimam
2018 1267 2261 1325 rituum
2315 1254 2763 1334 diversitatem
2798 1259 2866 1319 in
2902 1265 3180 1335 utraque
3232 1252 3546 1314 Ecclesia.

250 1389 388 1447 (lar
413 1387 594 1446 locus
621 1386 1011 1460 conjecturae
1044 1395 1170 1439 non
1195 1377 1416 1447 fuerit,
1451 1371 1619 1434 inter
1653 1364 2015 1430 istos'ritus
2039 1360 2388 1422 discrimen
2412 1356 2630 1419 :fuisse
2665 1355 2850 1433 panis
2878 1347 3323 1424 eucharistiri,
3354 1363 3553 1429 quem

252 1490 534 1561 utraque
568 1449 852 1542 Ecclesia
885 1478 1218 1539 diversum
1250 1470 1668 1535 adhibuerit?
1705 1467 1789 1525 Ita
1829 1456 2309 1540 praeclarissimi
2345 1455 2462 1515 viri
2499 1454 2670 1515 inter
2712 1451 2977 1511 Latinos
3006 1449 3363 1525 scriptores
3395 1461 3552 1508 sen-

255 1545 480 1639 tiuut':
516 1587 794 1651 quorum
837 1575 1158 1633 momenta
1199 1566 1548 1633 rationum,
1587 1576 1734 1639 quas
1767 1554 2046 1636 plurima
2081 1559 2258 1624 sunt.
2295 1550 2561 1628 sapiens
2594 1548 2785 1611 nemo
2821 1545 3220 1623 despexerit.

338 1673 499 1731 Sunt
533 1640 643 1732 alii
680 1683 832 1728 vero
852 1663 1213 1746 qui,probe
1248 1678 1393 1724 cum
1427 1659 1725 1721 noverint
1758 1651 1999 1716 nullam
2035 1649 2150 1715 hac
2169 1649 2249 1711 de
2288 1665 2354 1710 re
2385 1647 2575 1712 latam
2597 1662 2643 1706 ra
2668 1647 2829 1705 Jesu
2854 1641 3116 1705 Christo
3141 1641 3375 1719 legem,
3412 1640 3555 1719 cpi-

246 1775 517 1836 nantua,
547 1763 772 1842 primis
803 1738 1109 1824 Ecclesiae
1141 1757 1546 1836 temporibus
1583 1750 2026 1831 promiscuum
2053 1746 2261 1811 fuisse
2298 1747 2481 1825 panis
2517 1760 2707 1806 usum
2740 1741 2837 1804 vel
2877 1741 3116 1821 azymi,
3146 1741 3246 1802 vel
3273 1738 3556 1814 fermen-

251 1863 368 1924 tati
396 1834 509 1940 pro
537 1834 679 1922 data
714 1859 1051 1932 occasione
1093 1879 1110 1918 :
1146 1834 1352 1918 donec
1385 1851 1644 1918 tandem
1678 1862 2051 1926 azymorum
2081 1843 2494 1906 consuetudo
2531 1841 2593 1903 in
2623 1839 2913 1902 Ecclesia
2937 1837 3339 1901 Occidentali
3377 1834 3554 1899 obti-

253 1934 423 2032 nuit,
481 1958 862 2037 vigebatque
914 1955 1056 2016 sine
1089 1953 1290 2014 dubio
1343 1961 1490 2013 ante
1519 1947 1839 2010 .Photiana
1892 1949 2207 2020 tempora.
2272 1941 2424 2002 Baio
2473 1937 2700 2003 eadem
2761 1944 2895 1998 erat
2933 1934 3257 1997 sententia
3288 1934 3552 1998 Nicetes.

255 2031 689 2134 metropolitm
741 2031 1290 2122 ﬁtcomed-iensi-s,
1342 2048 1414 2111 in
1449 2043 1828 2125 Colloquio,
1889 2039 2066 2120 quod
2093 2037 2310 2117 prima
2341 2034 2564 2099 seaculi
2594 2032 2969 2097 duodecimi
3005 2031 3355 2093 medietate
3382 2031 3556 2091 inter

259 2126 486 2232 ipsum
518 2151 810 2213 habitum
843 2147 967 2211 fuit
994 2157 1053 2208 et
1081 2147 1463 2210 Anselmnm
1494 2142 2086 2217 Havelbergensem
2121 2130 2606 2211 episcopum-in
2648 2129 2809 2193 urbe
2871 2128 3050 2206 regia
3093 2126 3559 2190 Constantino-

245 2224 414 2328 ,ρὀιὶ.
457 2250 749 2324 lngenue
780 2246 1026 2324 Quippe
1060 2242 1274 2305 fassus
1321 2248 1420 2302 est
1452 2239 1730 2310 Nicetas,
1766 2244 1832 2296 ut
1868 2232 2139 2295 habetur
2172 2230 2337 2296 libro
2372 2247 2443 2291 tn
2486 2227 2781 2309 ejusdem
2819 2224 3187 2304 Colloquii,
3210 2224 3420 2303 capite
3450 2224 3555 2298 1h,

249 2322 424 2423 apud
469 2322 704 2408 Lucam
768 2322 1150 2404 bacherium
1205 2359 1218 2397 :
1263 2358 1293 2395 ι
1334 2335 1683 2415 Apostolos
1734 2348 1851 2394 nec
1902 2329 2387 2403 fermentatum,
2445 2344 2562 2389 nec
2615 2342 2919 2406 azymum
2991 2324 3290 2385 studiose
3363 2322 3556 2386 nimis

251 2420 674 2521 quaesivisse;
715 2446 777 2502 et
833 2435 1154 2518 quidquid
1199 2434 1277 2496 ad
1331 2449 1563 2496 manus
1603 2428 2085 2500 inveniebatur,
2139 2427 2279 2489 sive
2335 2426 2480 2501 hoc,
2514 2425 2654 2486 sive
2684 2423 2876 2498 illud,
2920 2420 3380 2486 indiﬁ‘erentcr
3406 2439 3554 2488 cum

253 2518 972 2610 devotione-obtulisse.
999 2537 1356 2596 Romanam
1383 2528 1737 2592 Ecolesiam
1762 2525 2066 2605 paulatim
2095 2524 2371 2586 alterum
2392 2521 2812 2601 deposuisse,
2842 2519 3093 2583 scilicet
3125 2518 3557 2596 fermentum;

251 2639 320 2696 et
346 2633 736 2697 Orientalem
772 2644 1038 2710 quoque
1073 2627 1430 2710 Ecclesium
1462 2639 1769 2704 azymum
1803 2623 2159 2710 dimisisse.
2199 2647 2227 2680 υ
2255 2623 2412 2684 Cum
2457 2621 2666 2698 legem
2701 2618 2818 2680 hac
2845 2618 2924 2680 de
2955 2635 3020 2681 re
3039 2617 3296 2682 nullam
3328 2618 3559 2682 condi-

254 2729 754 2793 deritChristus
788 2706 1135 2799 bomi‘nus,
1175 2706 1338 2786 rittI's
1361 2722 1523 2785 oriri
1562 2720 1774 2784 varios
1815 2706 2133 2799 potuisse,
2165 2716 2497 2779 fatendum
2531 2725 2656 2777 est.

338 2829 831 2904 Supervacaneo
868 2823 1109 2898 labore,
1169 2829 1236 2885 ut
1271 2820 1436 2882 hanc
1465 2834 1603 2881 non
1662 2825 1918 2880 exstare
1944 2813 2164 2891 legem
2197 2812 2523 2903 ostendat,
2553 2809 3215 2874 animadvertendum
3251 2813 3561 2892 preponit

257 2901 580 3002 Bulgarus
644 2920 1200 2999 archiepiscOpus,
1239 2920 1366 2979 neu
1399 2931 1630 2978 omnes
1687 2911 2206 2975 circumstantias
2245 2901 2414 2980 illas,
2451 2907 2692 2987 quibus
2749 2924 2991 2972 omnem
3050 2926 3237 2971 suam
3291 2909 3562 2988 perfecit

254 3023 605 3090 Dominus,
646 3025 722 3081 ad
759 3015 1060 3096 prmoepti
1098 3015 1224 3076 vim
1269 3012 1475 3091 redigi
1514 3027 1752 3087 posse:
1792 3029 1850 3071 v.
1884 3026 1946 3089 ε.
1989 3007 2506 3078 discumbentes,
2539 3014 2650 3066 aut
2692 3005 2972 3084 supinos
3016 3008 3238 3082 edere,
3270 3008 3562 3080 similes-

257 3130 418 3192 que.
460 3114 565 3172 Ait
595 3112 785 3172 etiam
824 3132 837 3171 :
880 3107 1230 3170 Verisimile
1261 3124 1413 3180 esse,
1471 3121 1699 3183 partem
1740 3102 1942 3176 illum,
1979 3121 2175 3185 quem
2214 3106 2278 3166 in
2331 3120 2527 3166 suum
2559 3119 2799 3182 corpus
2829 3105 3294 3167 'transmutavit
3325 3107 3561 3181 .Jesus,

257 3209 514 3271 vilioris
567 3206 900 3286 qualitatis
929 3205 1153 3285 fuisse,
1213 3222 1284 3263 ac
1327 3204 1598 3283 fortasse
1646 3195 2082 3264 hordeaceam.
2130 3203 2260 3262 Hes
2307 3199 2393 3261 ita
2427 3217 2497 3261 se
2538 3198 2730 3262 habet
2766 3221 2782 3264 :
2815 3199 3113 3280 adeoque
3137 3202 3216 3263 ad
3250 3202 3564 3266 Ecclesia)

258 3307 710 3373 auctoritatem
747 3310 987 3380 Spectat
1030 3300 1549 3363 circumstantias
1605 3298 1904 3369 definire,
1947 3316 2094 3378 quia
2127 3298 2316 3378 juxta
2381 3313 2736 3376 perennem
2773 3297 3188 3360 traditionem
3238 3308 3349 3361 aut
3372 3300 3559 3362 odia-

253 3406 482 3484 pham
513 3400 966 3471 existimanda)
996 3401 1148 3473 sint,
1182 3405 1292 3463 aut
1327 3396 1421 3458 rei
1444 3396 1872 3460 sumta-ctiam
1915 3395 2358 3459 conﬁcientes.
2397 3393 2587 3456 Nulla
2622 3410 2774 3456 vero
2818 3394 3564 3475 TheOphylactopmsto

263 3501 432 3564 ratio
453 3499 678 3572 fuerit,
705 3515 833 3578 qua
865 3495 1226 3562 veri-simile
1250 3491 1512 3566 efﬁciat,
1545 3493 1975 3556 hordeaceum
2002 3490 2206 3556 fuisse
2233 3510 2491 3572 panem,
2527 3508 2660 3573 quo
2705 3487 3003 3555 Christus
3033 3494 3106 3556 in
3131 3495 3565 3560 Eucharistim

260 3595 684 3661 institutione
721 3610 878 3659 usus
905 3601 1025 3654 est.
1058 3591 1415 3656 Triticeum
1450 3589 1527 3652 ab
1559 3591 1749 3652 initio
1780 3591 2120 3668 religionis
2150 3589 2449 3654 adhibuit
2493 3597 2765 3668 utraque
2789 3589 3074 3653 Ecclesia
3107 3610 3376 3674 unaque
3406 3594 3567 3658 sub-

261 3695 518 3755 tiliores
553 3692 1004 3771 theologorum
1031 3691 1109 3753 de
1143 3689 1362 3752 schola
1396 3688 1515 3750 hoc
1546 3689 1666 3750 loci
1703 3690 2052 3768 Opiniones
2085 3689 2158 3749 ad
2201 3704 2473 3749 examen
2509 3688 2813 3750 vocanda)
2842 3695 3018 3749 sunt.

351 3813 450 3871 69.
487 3815 644 3884 Quae
674 3826 785 3887 pro
816 3806 1198 3868 fermentato
1227 3823 1387 3884 pane
1414 3805 1704 3880 instruit,
1731 3817 2108 3887 argumenta
2136 3807 2396 3886 profero
2424 3818 2483 3870 et
2509 3808 2737 3870 refello
2765 3831 2779 3870 :
2806 3817 2960 3870 sunt
2984 3811 3164 3873 enim
3197 3812 3561 3885 levissima:

267 3931 298 3965 α
343 3910 638 3968 Fortasse
667 3917 725 3967 et
757 3903 1385 3984 quispiam,'inquit,
1413 3903 1690 3963 aud-iens
1731 3903 1793 3964 in
1826 3905 1991 3966 lihro
2023 3906 2759 3982 Actuumapostolorum
2786 3924 2953 3985 saape
2996 3909 3396 3973 mentionem
3425 3913 3564 3976 ﬁeri

263 4002 612 4067 fractionis
643 4003 849 4081 panis,
898 4000 1375 4078 inveniensque
1396 3997 1515 4060 hoc
1551 4000 1720 4061 idem
1756 4008 1816 4060 et
1846 4002 2015 4078 apud
2047 4000 2569 4076 Paulum,-talem
2592 4001 2801 4063 fuisse
2826 4003 3062 4066 exinde
3093 4006 3355 4086 colligat
3385 4027 3563 4082 eum,

263 4103 562 4181 quitunc
587 4101 854 4178 mystice
877 4099 1314 4177 frangebatur,
1372 4096 1587 4176 qualis
1657 4098 1709 4158 is
1761 4102 1870 4176 qui
1927 4101 2000 4159 ad
2069 4098 2434 4175 simplicem
2485 4097 2953 4162 romestionem
3014 4103 3081 4163 in
3121 4121 3351 4166 mensa
3413 4122 3574 4184 pro-.

265 4195 858 4261 stabat:edebatur
920 4212 1067 4257 vero
1129 4193 1351 4272 procul
1404 4193 1606 4259 dubio
1673 4196 1875 4272 panis,
1933 4212 2060 4257 non
2125 4212 2428 4275 azymus;
2491 4194 2597 4258 hic
2656 4197 2832 4258 enim
2894 4198 3289 4276 quibusdam
3331 4202 3564 4265 diebus

263 4315 345 4360 ac
396 4293 710 4357 sacriﬁcio
770 4293 958 4354 unice
1019 4292 1379 4352 destinatus
1443 4298 1597 4352 erat.
1659 4292 1797 4352 Etsi
1856 4307 2005 4353 vero
2070 4291 2202 4353 haec
2254 4293 2616 4354 necessaria
2664 4309 2790 4354 non
2845 4294 2997 4368 sint,
3060 4312 3202 4357 nam
3271 4300 3565 4378 [XXXV]

264 4413 337 4462 et
400 4401 468 4460 in
529 4397 793 4458 alteram
851 4403 1088 4473 partem
1145 4394 1459 4454 inclinant
1503 4393 1528 4454 ξ
1569 4401 1844 4454 attamen
1911 4393 2061 4455 lanx
2116 4395 2262 4473 plus
2316 4395 2474 4457 mihi
2542 4394 2800 4470 tribuit;
2849 4399 3024 4476 quod
3081 4402 3156 4460 ad
3227 4404 3563 4470 victoriam

262 4496 428 4561 satis
485 4502 604 4558 est.
660 4519 688 4550 ι)
740 4493 1032 4555 Gentiles
1093 4510 1248 4553 suos
1316 4493 1569 4564 refellit,
1633 4491 2011 4554 Michaelem
2076 4492 2518 4566 'Cerularium,
2587 4496 2868 4556 Leonem
2935 4495 3406 4577 Achridannm,
3443 4505 3559 4567 Ni-

262 4601 476 4657 cetam
533 4595 940 4653 Pectoratnm
994 4590 1406 4662 monachum,
1476 4593 1734 4651 Petrum
1788 4589 2300 4662 Antiochocum,
2347 4589 2647 4670 aliosque
2679 4613 2701 4652 :.
2731 4607 3015 4671 quorum
3056 4663 3058 4665 ν
3093 4603 3189 4656 est
3239 4600 3557 4677 Opinatio,

266 4709 507 4773 panem
543 4689 1003 4752 fermentatum
1041 4686 1107 4748 in
1150 4687 1574 4749 Eucharistim
1601 4689 2013 4749 institutione
2050 4686 2416 4748 adhibitum
2453 4704 2487 4747 a
2518 4686 2799 4758 Christo,
2836 4688 3110 4753 ethunc
3142 4694 3561 4763 selummodo

265 4805 498 4851 verum
532 4787 660 4847 dici
699 4801 954 4862 panem.
988 4785 1137 4846 HtBt:
1167 4783 1261 4843 illi
1301 4791 1369 4845 ut
1395 4791 1786 4856 astruerent,
1818 4799 2119 4846 enormes
2157 4782 2466 4843 invehere
2507 4782 2884 4845 debuerunt
2922 4803 3201 4860 errores,
3238 4803 3346 4852 aut
3378 4794 3560 4858 (111νὶ-

265 4895 446 4946 stum
511 4882 713 4960 legale
769 4880 1004 4942 Pascha
1056 4896 1180 4940 non
1227 4880 1614 4953 celebrasse,
1650 4887 1760 4941 aut
1810 4879 1974 4942 illud
2034 4896 2161 4942 non
2222 4878 2572 4957 perfecisse
2623 4878 2918 4958 legitimo
2972 4867 3283 4963 tempore,
3344 4894 3559 4957 autin

267 4996 455 5042 coena
493 4978 680 5056 legali
729 4995 916 5038 usum
953 4994 1080 5038 non
1111 4976 1320 5036 fuisse
1363 4994 1525 5054 pane
1557 4993 1809 5055 azymc,
1860 4984 1927 5037 ut
1963 4977 2419 5039 adnotavimus
2459 4993 2642 5038 num.
2691 4978 2791 5037 63.
2831 4981 3171 5042 ‘Peracturn
3211 5003 3239 5044 θ
3280 4988 3563 5054 Domino

276 5077 491 5151 legale
549 5073 790 5135 Pascha
863 5084 1152 5152 tempore
1199 5072 1404 5152 justo,
1472 5080 1532 5134 et
1617 5072 2085 5134 Eucharistiam
2146 5073 2212 5133 in
2274 5072 2520 5151 azymis
2607 5074 2999 5151 institutam,
3035 5080 3562 5162 TheOphyIat-tus

267 5179 474 5233 tenet.
535 5173 738 5232 'I‘cnet
795 5171 1014 5241 etiam,
1078 5172 1554 5244 Scripturarum
1625 5167 1784 5230 Ionis
1856 5187 1936 5229 ex
1992 5168 2260 5230 Actibus
2321 5171 2793 5246 apostolorum,
2853 5181 2914 5234 et
2997 5174 3181 5237 Pauli
3245 5180 3561 5258 Epistolis

269 5267 644 5343 tlesumptis
715 5267 880 5327 haud
934 5268 1311 5326 necessario
1364 5265 1611 5337 confici,
1682 5265 2143 5329 Eucharistiam
2207 5265 2275 5327 in
2341 5266 2728 5330 fermentata
2783 5289 2947 5348 parte
2999 5275 3365 5340 celebrasse
3409 5297 3564 5361 apo-

267 5364 499 5427 stolos.

356 5460 509 5521 Suis
561 5467 834 5519 attamen
881 5459 1235 5537 gentilibus
1280 5459 1470 5530 favet,
1531 5483 1558 5514 α
1604 5459 1772 5533 lanx,
1817 5462 2153 5538 inquiens,
2218 5463 2362 5538 plus
2426 5462 2582 5522 inihi
2635 5463 2887 5524 tribuit.
2952 5491 2975 5520 υ
3020 5468 3362 5541 Quodnam
3407 5494 3560 5538 vero

267 5557 473 5620 fuerit
512 5565 934 5626 momentum,
963 5559 1134 5635 quod
1177 5558 1421 5618 lancem
1469 5557 1536 5618 in
1573 5567 1745 5617 tuam
1785 5567 2027 5635 partem
2074 5561 2573 5635 praeponderare
2595 5559 2981 5624 efﬁciat?'ln
3023 5568 3198 5627 Actis
3233 5575 3564 5646 apostolo-

272 5672 444 5728 rum,
478 5655 683 5730 capite
711 5671 778 5720 ιι,
821 5655 1002 5724 v.1t2,
1044 5652 1230 5730 primi
1283 5655 1638 5715 Christiani
1675 5655 1984 5716 dicuntur
2023 5667 2513 5732 perseverantes
2567 5660 2635 5716 ιή
2670 5657 2966 5720 doctrina
2999 5666 3464 5745 apostolorum,
3503 5687 3566 5736 ετ

272 5753 706 5812 communione
772 5751 1109 5830 fractionis
1169 5752 1382 5829 panis,
1429 5763 1496 5831 τῇ
1530 5760 1720 5814 κλάσει
1773 5760 1865 5813 τοῦ

1966 5778 2097 5813 που.
2164 5754 2335 5813 Paria
2407 5754 2716 5816 adhibent
2783 5757 2971 5818 verba
3017 5763 3433 5838 evangelista;
3492 5770 3559 5832 in

275 5847 696 5911 eucharistici
745 5847 1038 5923 mysterii
1080 5849 1485 5911 institutione
1522 5872 1534 5910 :
1572 5850 1827 5928 Accepit
1875 5851 2086 5932 Jesus,
2125 5850 2527 5929 inquientes,
2569 5859 2659 5913 τὸν
2695 5861 2884 5931 ἄρτον,
2923 5871 3173 5932 panem,
3211 5869 3266 5920 et
3303 5860 3563 5928 benedt'-

271 5959 452 6048 (iens,
502 5941 728 6048 [re-git,
752 5948 1004 6048 eruca;-
1031 5942 1144 6048 qui
1201 5944 1407 6048 panis,
1442 5953 1507 6006 ut
1539 5945 1680 6048 ipse
1723 5946 1942 6018 doces,
1976 5962 2245 6025 azymus
2277 5946 2425 6008 fuit.
2477 5947 2583 6009 Ait
2618 5950 2810 6011 etiam
2849 5951 3091 6013 Paulus
3122 5959 3459 6033 apostolus
3492 5963 3562 6028 in

273 6036 566 6118 Epistola
597 6037 620 6096 l
655 6036 732 6096 a'l
764 6037 1133 6098 Corinthios
1167 6041 1372 6116 capite
1413 6060 1478 6116 x,
1511 6058 1566 6101 v.
1618 6041 1728 6102 16:
1765 6043 1866 6103 Pa:

1972 6087 1981 6117 ,
2017 6061 2195 6121 quem
2219 6044 2602 6124 frangimus,
2636 6057 2728 6109 τὸν
2779 6055 2947 6128 ἄρτον
2979 6057 3037 6112 ὃν
3074 6060 3320 6130 κλῶμεν,
3355 6074 3565 6124 nonne

501 6137 778 6197 PATBOL.
821 6136 940 6200 Gn.
1003 6139 1296 6203 CXXIII.
3206 6156 3246 6216 3

157 6638 400 6668 *πνέει-ιμ’
414 6659 431 6663 .-
