4034 6588
569 403 690 535 )δ
1472 422 1677 484 BERN
1747 421 2014 482 mum
2057 421 2152 481 ns
2193 420 2477 482 nonais
2522 420 3024 482 DlSSEnTATIO
3814 420 3887 483 so

616 540 1055 605 misericordia
1127 540 1234 599 Dei
1290 539 1637 615 episcopus
1670 537 1987 606 Cor.nthi,
2027 543 2086 594 et
2121 534 2364 613 legatus
2421 535 2788 612 apostolica)
2833 538 3007 599 sedis
3053 539 3336 618 a..tiqua2
3387 542 3631 600 Bomte.
3703 537 3881 598 Basi-

620 641 742 698 lius
791 636 1229 697 misericordia
1266 635 1374 696 Dei
1444 636 1816 713 ρμὶδίιομυδ,
1847 642 1908 693 et
1959 633 2360 710 metmpolita
2412 633 2688 693 civitatis
2758 635 3062 713 Gortyna)
3133 635 3366 698 insula)
3401 638 3623 701 Cretae,
3663 639 3730 695 et
3790 629 3884 694 le-

617 743 799 810 gatus
834 734 1025 793 totius
1091 732 1344 793 concilii
1407 732 1776 810 apostolum
1819 726 2191 808 principalis
2223 729 2398 789 sedis
2444 729 2724 807 antiqua
2804 731 3037 791 Romae.
3097 732 3552 791 Abundantius
3605 727 3882 789 humilis

617 834 961 910 episcopus
1009 837 1241 891 sanctm
1297 830 1597 890 Ecclesim
1629 831 2000 903 Tempsante
2033 824 2519 904 (Paternensis),
2555 825 2803 905 legatus
2846 813 3045 888 totius
3086 829 3343 889 concilii
3384 835 3619 888 sancta
3696 827 3875 886 sedis

620 929 988 1004 apostolica;
1048 928 1263 988 Romae
1297 945 1310 999 ;
1343 929 1623 986 Joannes
1685 923 1990 1000 indignus
2053 922 2394 999 episc0pus
2428 932 2661 983 sanctae
2702 923 3004 984 Ecclesia)
3038 924 3434 1002 Rhegitanm.
3481 923 3735 999 legatus
3776 930 3875 981 to-

619 1025 747 1084 tius
769 1022 1022 1082 concilii
1055 1031 1288 1084 sant-tm
1310 1023 1479 1084 sedis
1496 1020 1854 1099 apostolicm
1871 1019 2102 1078 Romae.
2126 1039 2154 1072 ι
2177 1015 2656 1090 Animadverte,
2675 1018 3085 1096 legatosalios
3107 1035 3248 1081 esse
3270 1038 3343 1081 ex
3365 1019 3535 1080 clero
3562 1018 3881 1087 Romano,

616 1123 774 1181 alios
809 1123 995 1183 Italiae
1028 1123 1123 1183 vel
1158 1125 1216 1182 in
1255 1122 1606 1182 Occidente
1638 1119 2014 1196 episc0pos:
2050 1130 2120 1176 ac
2175 1114 2274 1174 his
2310 1113 2667 1188 adjunctos,
2699 1115 3366 1186 Thessalonicensem,
3417 1112 3863 1182 Corinthium,

616 1221 1166 1296 etGortynensem
1213 1220 1271 1277 in
1306 1220 1506 1277 Creta.
1585 1215 1720 1274 Mos
1767 1221 1900 1275 erat
1928 1212 2194 1281 scilicet,
2241 1217 2306 1269 ut
2373 1211 2702 1272 Romanus
2753 1211 3038 1288 pontifex
3068 1213 3146 1273 ad
3180 1210 3467 1290 synodos
3501 1212 3562 1270 in
3607 1208 3882 1269 Oriente

616 1313 859 1373 habit-is
916 1318 1153 1391 legatos
1186 1316 1438 1391 aliquos
1490 1329 1634 1372 cum
1690 1311 1950 1387 speciali
1985 1309 2388 1386 delegatione
2430 1308 2935 1368 transmitteret:
2971 1317 3187 1370 essent
3240 1308 3349 1367 alii
3389 1305 3577 1384 legati
3614 1307 3880 1382 synodi,

616 1427 760 1486 qua)
823 1411 999 1484 prius
1044 1410 1345 1470 celebrari
1385 1411 1598 1469 Romae
1653 1414 2110 1468 consueverat:
2150 1404 2380 1481 hisque
2413 1404 2922 1479 adjungereutur
2984 1447 3000 1472 .
3042 1403 3414 1481 quiaicart't'
3447 1402 3545 1462 vel
3606 1417 3880 1478 respon-

612 1505 775 1564 sales
835 1509 1049 1567 Bomre
1082 1506 1253 1565 sedis
1295 1507 1360 1565 in
1419 1508 1685 1566 Oriente
1749 1522 1859 1582 pro
1892 1512 2180 1578 tempore
2213 1500 2793 1561 constituebantur.
2826 1501 3100 1560 Basilius
3142 1501 3255 1562 ille
3317 1497 3760 1578 Gortynensis
3817 1497 3870 1556 is

615 1611 710 1662 est
743 1619 932 1681 quem
968 1602 1486 1680 'l‘heophylactus
1557 1611 1854 1661 memorat
1891 1599 2043 1660 adeo
2081 1597 2437 1663 assiduum.
2482 1606 2550 1655 ut
2596 1595 2765 1656 nulli
2823 1598 3326 1676 congregationi.
3382 1605 3489 1658 aut
3566 1593 3883 1663 sessioni.

615 1700 712 1761 vel
755 1700 990 1760 actioni
1029 1698 1306 1759 deesset:
1344 1699 1645 1760 omnibus
1680 1699 1918 1776 quippe
1959 1704 2154 1756 sextae
2184 1695 2414 1772 synodi
2455 1694 2626 1752 Actis
2653 1693 3122 1772 subscripsisse
3165 1694 3422 1772 legitur.

692 1821 829 1881 Non
864 1821 1058 1900 itase
1090 1838 1189 1881 res
1219 1819 1440 1880 habuit
1472 1820 1536 1880 in
1570 1819 1822 1896 synodo
1854 1816 2180 1877 Trullana.
2216 1815 2430 1874 Vacua
2449 1820 2507 1872 et
2541 1829 2691 1889 pura
2717 1820 2880 1889 patet
2911 1813 3148 1882 charta,
3184 1813 3294 1874 ubi
3315 1811 3585 1873 Romani
3623 1810 3890 1890 pontiﬁ-

616 1919 708 1977 cis
770 1916 1239 1977 subscribentis
1301 1917 1476 1976 locus
1531 1925 1663 1975 erat
1724 1931 1866 1976 cum
1936 1912 2036 1972 his
2068 1908 2316 1970 verbis:
2361 1916 2616 1981 «Τόπος,
2657 1908 2833 1970 locus
2892 1908 3285 1969 sanctissimi
3346 1925 3520 1986 papas
3552 1911 3884 1980 Romam

614 2015 793 2082 item,
821 2022 1066 2082 «Τόπος,
1101 2013 1278 2072 locus
1310 2010 1898 2072 'l'ltessaloiticvnsis
1931 2030 1948 2081 ;
1985 2033 2012 2064 ι
2049 2009 2332 2086 itemque
2367 2027 2394 2060 α
2427 2012 2627 2076 τόπος,
2671 2007 2848 2066 locus
2879 2004 3359 2075 Heracleensis.
3396 2002 3872 2074 SardiniensiS.

613 2109 1022 2176 Ravennatis.
1081 2107 1481 2167 Corinthii.»
1520 2110 1678 2167 Tum
1717 2124 1864 2167 vero
1903 2129 1915 2166 :
1954 2128 1981 2160 α
2020 2104 2296 2165 Basilius
2331 2102 2676 2181 episcopus
2707 2103 3167 2181 Gortyniorum
3231 2102 3613 2180 metropolis
3679 2099 3889 2163 Cretm

623 2206 884 2278 insulae,
925 2214 982 2264 et
1015 2204 1228 2265 locum
1273 2214 1498 2263 tenens
1533 2204 1726 2264 tutius
1766 2203 1996 2281 δμωαί
2033 2208 2265 2261 sant-tm
2313 2198 2619 2260 Ecclesim
2665 2199 2992 2260 Romanae.
3045 2220 3076 2254 υ
3131 2199 3346 2278 Legati
3378 2207 3615 2260 sanctae
3676 2198 3882 2266 sedis,

609 2299 721 2376 qui
760 2301 1064 2361 mandato
1098 2300 1360 2378 Speciali
1401 2299 1678 2358 instituti
1712 2296 1978 2367 fuerint,
2005 2301 2372 2373 comparent
2427 2293 2611 2351 nulli.
2673 2293 2893 2352 Barine
2965 2294 3347 2378 celebratam
3407 2292 3529 2356 hoc
3587 2301 3884 2372 tempore

606 2365 816 2454 fuisse
849 2365 1201 2473 synodum,
1261 2413 1450 2474 quam
1501 2394 1707 2473 aliqui
1743 2393 1930 2471 legati
1974 2391 2154 2452 missi
2221 2398 2776 2466 reprmsentarent,
2824 2389 3004 2451 nulla
3085 2365 3303 2468 prodit
3355 2389 3654 2452 historia.
3713 2391 3883 2453 Hinc

610 2493 848 2551 Basilio
902 2492 1296 2569 Gortynensi
1353 2507 1683 2568 perperam
1719 2506 1789 2549 ac
1821 2489 1982 2548 falso
2029 2487 2262 2548 titulus
2324 2484 2634 2545 tribuitur
2696 2507 2724 2538 α
2763 2483 2976 2545 locum
3029 2486 3310 2546 tenentis
3369 2485 3572 2546 totius
3639 2487 3880 2565 synodi

611 2598 841 2646 sauctm
881 2586 1187 2646 ECt'lesltD
1222 2587 1530 2646 Romana)
1572 2608 1597 2639 υ
1623 2629 1637 2656 ,
1666 2601 1801 2662 quo
1841 2584 2086 2644 Scilicet
2127 2582 2264 2659 ipse
2315 2580 2560 2658 pridem
2597 2580 2660 2639 in
2687 2588 2863 2641 sexta
2901 2582 3154 2660 synodo
3177 2581 3575 2643 mcumenica
3625 2584 3883 2661 potitus

517 2737 522 2740 _
607 2679 836 2741 fuerat.
920 2683 1037 2742 Sed
1132 2682 1325 2759 hujus
1425 2690 1698 2742 attamen
1788 2679 2170 2757 legationem
2245 2681 2487 2743 indicat
2589 2679 3138 2759 Theo,-hylactus,
3229 2680 3574 2758 depravata
3624 2680 3882 2743 scilicet

609 2777 1082 2854 subscriptione
1123 2776 1458 2853 deceptus.

689 2902 854 2960 Suos
891 2900 954 2960 in
991 2899 1258 2962 Oriente
1296 2899 1411 2959 hoc
1470 2899 1660 2958 etiam
1725 2908 2008 2976 tempore
2051 2898 2348 2972 vicarios,
2418 2909 2525 2958 aut
2559 2896 2980 2975 responsales,
3041 2905 3151 2959 aut
3201 2899 3440 2978 legatos
3507 2896 3880 2959 ordinarios

605 2995 956 3056 Romanam
1025 2997 1244 3056 sedem
1305 2994 1630 3064 habuisse,
1665 3010 1793 3052 non
1826 2993 2074 3055 dubito.
2109 2994 2187 3054 Hi
2223 3009 2500 3072 namque
2535 2995 3022 3072 emergentibus
3079 2996 3145 3057 in
3180 2994 3461 3074 negotiis
3523 3010 3877 3074 personam

610 3091 928 3165 pontificis
971 3090 1536 3169 repraisentahant,
1578 3087 2124 3169 insinuabantque
2163 3090 2439 3170 principi
2475 3108 2617 3169 quae
2651 3093 3008 3154 necessaria
3045 3092 3449 3165 videbantur,
3488 3091 3618 3170 ipsi
3665 3099 3877 3153 tamen

610 3188 892 3261 pontifici
933 3187 1323 3248 decernendi
1363 3191 1669 3262 potestate
1708 3196 2024 3245 reservata
2051 3187 2125 3246 ad
2161 3185 2370 3264 ipsius
2412 3188 2804 3264 responsalis
2839 3187 3244 3250 relationem.
3278 3188 3410 3248 Hac
3443 3187 3525 3247 de
3563 3205 3630 3248 re
3684 3186 3876 3248 dot-te

606 3285 932 3346 dissc.unt
971 3287 1191 3344 Petrus
1229 3284 1304 3342 de
1359 3283 1565 3343 Marca
1609 3287 1668 3341 et
1740 3281 2057 3343 Antonius
2122 3284 2353 3360 Pagius
2386 3287 2459 3344 ad
2495 3299 2734 3345 annum
2781 3285 2921 3345 692.
2971 3286 3238 3347 Fuerint
3289 3300 3468 3363 ergo,
3546 3283 3877 3346 Trullantn

606 3380 838 3459 synodi
884 3391 1188 3456 tempore,
1214 3379 1400 3455 legati
1442 3377 1784 3450 ordinarii,
1833 3377 2122 3455 episcopi
2171 3379 2608 3440 Sardinieusis
2642 3389 2703 3440 et
2736 3381 3102 3453 Bavennas,
3142 3377 3760 3441 Thessalonicensis
3809 3388 3872 3440 et

607 3475 1024 3537 Corinthius:
1069 3476 1180 3535 sed
1227 3476 1328 3533 isti
1389 3475 1688 3534 absentes
1745 3479 1946 3544 erant,
2032 3483 2096 3534 ut
2127 3491 2205 3535 ex
2240 3476 2377 3536 loco
2446 3492 2644 3537 vacuo
2683 3486 2891 3554 patet:
2950 3490 3057 3537 aut
3091 3485 3259 3538 certe
3320 3476 3690 3538 ranonibus
3742 3476 3873 3538 illis

606 3573 905 3633 assentiri
937 3570 1316 3632 noluerunt.
1383 3571 1558 3630 Unus
1611 3570 1858 3646 legitur
1891 3570 2170 3630 Basilius
2202 3572 2663 3651 Gortynensis.
2732 3574 2954 3635 Fuerit
2990 3575 3112 3632 iste
3145 3573 3393 3650 legatus
3453 3574 3870 3635 ordinarius:

610 3682 666 3729 at
702 3673 842 3747 ejus
905 3668 1245 3745 praesentia
1293 3668 1531 3728 nullam
1583 3668 1940 3729 ranonibus
1988 3668 2311 3730 Trullanis
2361 3673 2805 3733 auctoritatem
2856 3672 3182 3740 conciliat,
3217 3669 3606 3733 absentibus
3648 3673 3872 3750 legatis

606 3768 775 3838 aliis,
803 3774 906 3826 aut
937 3763 1442 3844 repugnantibus

683 3884 1070 3977 [XXXV'HI]
1128 3881 1265 3943 Alia
1318 3884 1522 3957 plura,
1582 3899 1728 3960 qum
1757 3881 2078 3959 synodum
2115 3880 2714 3956 hanclabefactant,
2757 3884 3068 3962 expendit
3103 3885 3476 3963 Lequienus
3539 3887 3606 3947 in
3655 3887 3868 3949 Pano-

598 3982 736 4060 plia
768 3990 988 4040 contra
1018 3978 1280 4037 schtsma
1317 3978 1700 4051 Gra’corum,
1753 3977 1991 4038 saaculo
2029 3995 2134 4048 vn,
2168 3980 2374 4056 capite
2417 3981 2476 4038 2.
2508 3980 2828 4040 lnvectam
2876 3997 3004 4041 non
3036 3982 3452 4059 praetermitto
3478 3981 3867 4062 legationem

605 4077 890 4156 episcopi
955 4076 1433 4147 Heracleensis,
1469 4077 1574 4152 qui
1627 4075 1908 4150 probatis
1965 4075 2029 4135 in
2089 4078 2526 4136 monumentis
2585 4077 2880 4153 nuspiarn
2959 4081 3278 4155 reperitur
3324 4079 3524 4140 hocce
3601 4097 3867 4142 munere

603 4171 952 4247 aliquando
1013 4167 1296 4228 functus.
1354 4169 1762 4227 Anastasium
1831 4167 2396 4231 Bibliothecaiium
2433 4172 2621 4245 addo,
2659 4173 2773 4250 qui
2807 4173 2872 4232 in
2926 4174 3066 4233 Vita
3099 4173 3364 4252 Sergiil
3397 4174 3641 4236 diserte
3682 4184 3865 4238 testa—

607 4277 706 4328 tnr
775 4270 1048 4344 legatum
1112 4261 1570 4340 apostolicum,
1618 4263 1730 4340 qui
1787 4263 1982 4323 fuerit
2029 4266 2308 4326 Basilius
2354 4266 2461 4327 ille
2495 4269 3312 4345 Gortynensis,fl‘rullanis
3345 4269 3714 4332 canonibus
3764 4271 3864 4331 de.

601 4373 847 4443 ceptum
871 4360 1364 4438 subscripsisse.
1402 4360 1570 4432 Quid
1595 4363 1621 4419 ’ἰ
1649 4361 1820 4437 quod
1858 4361 2149 4422 laudatus
2183 4361 2442 4437 Sergius
2476 4363 2798 4421 Romanus
2836 4361 3123 4439 pontifex
3165 4386 3191 4416 α
3221 4364 3561 4440 praedictos
3586 4383 3860 4428 canones

603 4461 872 4537 respuit,
907 4465 1098 4536 atque
1136 4456 1351 4533 rejecit
1386 4456 1638 4534 (eodem
1671 4462 1830 4515 teste
1874 4455 2254 4531 Anastasio),
2292 4455 2538 4531 eligens
2594 4458 2808 4533 potius
2844 4457 3007 4518 mori
3069 4474 3260 4536 quam
3296 4460 3657 4521 novitatum
3689 4477 3857 4523 erro-

608 4559 788 4617 ribus
821 4553 1207 4614 consentire.
1243 4573 1271 4607 ιν
1315 4552 1486 4625 Haec,
1533 4550 1782 4611 tametsi
1815 4553 2170 4624 notissima,
2215 4552 2360 4611 silet
2396 4559 2667 4612 attamen
2717 4552 3264 4633 TheOphylactus.
3309 4554 3466 4617 Silet
3518 4558 3712 4619 etiam
3743 4560 3858 4619 Ju-

603 4650 955 4710 Slinianum
1035 4648 1367 4706 Juniorem
1408 4650 1546 4723 qui,
1587 4656 1724 4722 post
1763 4647 2092 4706 Tiberium
2121 4648 2522 4706 Ahsimarum
2554 4658 2615 4708 et
2651 4650 2984 4710 Leontium
3024 4649 3394 4725 Patricium,
3432 4653 3668 4714 iterum
3694 4671 3857 4716 anno

599 4750 717 4809 705
763 4739 1039 4804 obtinuit
1071 4743 1437 4819 imperium,
1477 4743 1660 4802 irrito
1723 4751 1868 4800 vo‘o
1923 4757 2210 4812 curasse,
2243 4744 2616 4802 utJoannes
2677 4761 2831 4821 papa
2893 4747 3004 4805 VII
3055 4748 3313 4807 eosdem
3360 4764 3648 4811 canones
3710 4752 3857 4813 reci-

603 4849 805 4922 peret.
855 4839 1039 4911 Silet,
1083 4838 1584 4900 Constantinum
1629 4838 2005 4915 papam,qui
2049 4837 2672 4914 Constantinopolim
2707 4857 2878 4900 anno
2923 4843 3041 4901 710
3063 4851 3364 4905 evocatus
3409 4843 3647 4919 fuerat,
3719 4847 3854 4924 ipso
3951 4881 3955 4908 ι

601 4949 871 5017 urgente
906 4937 1278 4997 Justiniano
1323 4934 1732 5011 imperatore,
1788 4951 1897 4994 eos
1930 4936 2236 4994 duntaxat
2283 4936 2622 4996 Trullanos
2655 4938 3043 5014 approbasse
3073 4957 3377 5015 canones,
3404 4943 3517 5022 qui
3557 4945 3853 5006 Romanae
3949 4985 3953 5022 ,-

602 5034 903 5096 licclesim
931 5035 1203 5092 decretis
1241 5047 1366 5091 non
1399 5031 1914 5090 adversarentur.
1999 5032 2637 5110 Perperamdenique
2682 5035 3002 5112 synodum
3062 5038 3490 5098 Laodicenam
3563 5039 3630 5101 in
3681 5048 3851 5101 sexta
3944 5025 3951 5104 έ

598 5128 995 5193 mcumenica
1029 5128 1280 5203 synodo
1312 5125 1716 5203 approbatam
1761 5133 2022 5185 nat-rati:
2060 5129 2331 5205 ejusque
2367 5147 2645 5190 canones
2687 5134 2956 5209 opponit
2992 5151 3153 5194 vano
3185 5140 3446 5209 conatu,
3489 5135 3731 5214 quibus
3762 5139 3847 5194 ri-

601 5233 703 5287 tus
737 5224 986 5302 aliquos
1017 5224 1570 5284 EcclesimGraacaa
1601 5223 1858 5282 indicari
1899 5222 2202 5284 fatemur:
2235 5225 2395 5285 ritus
2421 5227 2577 5287 alios
2613 5228 3040 5289 Occidentalis
3073 5238 3184 5290 aut
3219 5231 3527 5293 Romanas
3555 5231 3848 5293 Ecclesiae

598 5319 777 5398 rejici
827 5319 1055 5378 dixerit
1115 5335 1328 5390 nemo,
1377 5317 1499 5379 nisi
1533 5317 1871 5394 insipiens.
1907 5319 2081 5380 Hanc
2121 5321 2242 5380 sibi
2300 5324 2736 5386 auctoritatem
2798 5327 3100 5387 Trullana
3165 5331 3457 5406 synodus
3499 5331 3845 5407 adrogavit,

600 5393 727 5476 lato
756 5429 997 5484 canone
1034 5416 1110 5475 55
1155 5429 1284 5494 quo
1333 5413 1659 5494 jejunium
1718 5409 1964 5474 Sabhati
1999 5416 2063 5476 iu
2098 5417 2373 5480 Romana
2437 5420 2713 5480 Ecclesia
2769 5422 3142 5497 damnatur;
3198 5393 3315 5485 sed
3367 5441 3511 5486 eam
3571 5393 3843 5507 legitima
3935 5393 3941 5507 ξ

598 5511 970 5573 destitutam
1007 5509 1207 5574 fuisse
1245 5513 1624 5576 auctoritate
1650 5512 1779 5590 jam
1812 5513 2241 5574 ostendimus.
3437 5513 3439 5516 ’
3931 5521 3937 5572 t

3929 5599 3935 5652 t

3927 5661 3933 5732 l

3023 5695 3049 5715 Ι
