4034 6656
226 629 306 695 81.
1067 618 1165 681 DE
1203 610 1793 679 THEOPHYLAGTI
1831 606 2108 672 GESTIS
2148 607 2247 671 ET
2286 604 2689 670 SCRIPTIS.-
3453 598 3528 666 82

1728 759 1890 824 XIX.

298 911 609 978 Audacius
645 909 966 972 invehitur
999 914 1224 967 contra
1282 904 1751 983 processinnem
1807 898 2098 983 Spiritus
2137 895 2344 983 sancti
2360 913 2445 983 ea:
2487 892 2679 983 Patre
2712 889 3029 983 iliaque.
3070 887 3509 983 Argumenta:

225 966 849 1084 ναῖξᾷὶὶῖἷέίὶλὶᾱὶέὂ
863 966 1141 1084 locustis
1173 966 1358 1047 Becci
1387 1003 1526 1084 curm
1558 983 1798 1084 norstris
1830 966 2489 1084 animaduersionibus
2515 990 2533 1030 :
2566 970 2677 1084 ubi
2704 968 2829 1031 late
2872 967 2945 1029 de
2976 966 3319 1084 temporali
3372 966 3525 1084 Sp:-

224 1050 623 1136 'rfiiis'iahui
666 1050 967 1131 missione
1012 1064 1379 1129 disseritur.
1416 1064 1582 1125 Num
1616 1058 1991 1120 Latinorum
2022 1056 2289 1139 erroris,
2315 1063 2388 1113 ut
2423 1053 2631 1139 uiuat,
2665 1067 2967 1139 summam
2990 1050 3333 1139 redegerit.
3376 1054 3523 1139 tan:

223 1124 377 1215 2135'
405 1124 1507 1229 ἧῖὸῇηῇὶὶὶέίιὶέὰά⁷⁷ἐὸιαὶἱίυοείε,
1553 1143 1885 1211 FILIOQUE,
1960 1133 2352 1196 additionem
2395 1130 2479 1192 ad
2527 1128 2919 1212 Symbolum.
2976 1129 3082 1190 Ita
3154 1124 3526 1189 sentiebant

223 1235 581 1296 Graecorum
609 1229 833 1308 aliqui.

293 1354 395 1416 Ἧι.
430 1354 497 1414 In
564 1368 638 1413 ea
684 1348 1150 1421 controversia,
1191 1366 1338 1430 quas
1376 1356 1677 1411 aeternam
1711 1362 1783 1406 ac
1832 1337 2328 1404 substantialem
2377 1347 2439 1400 et
2471 1335 2941 1417 hypostaticam
2998 1333 3277 1411 Spiritus
3318 1332 3523 1395 sancti

219 1451 531 1529 originem
565 1456 837 1527 spectat,
871 1447 1198 1509 communi
1245 1463 1389 1508 cum
1425 1444 1781 1521 gentilibus
1807 1438 1945 1502 suis
1984 1437 2366 1519 prmjudicio
2415 1441 2797 1512 occupatus,
2825 1432 3147 1519 audacius
3182 1450 3381 1509 quam
3414 1447 3528 1512 par

218 1548 656 1627 eSt,Spiritus
687 1548 895 1607 sancti
949 1544 1419 1623 processionem
1468 1538 1997 1620 TheOphylactus
2049 1535 2457 1609 insequitur,
2507 1553 2547 1594 a
2578 1533 2772 1595 Patre
2804 1539 2863 1593 et
2895 1550 2935 1590 a
2980 1530 3181 1594 Filio.
3247 1530 3382 1593 Hac
3443 1528 3526 1592 de

218 1662 282 1705 re
329 1644 539 1705 tribus
605 1640 739 1721 agit
786 1630 850 1701 in
885 1640 1043 1701 locis
1106 1638 1661 1717 pertinacissime.

288 1741 384 1803 Ad
432 1747 628 1820 caput
649 1757 721 1800 ιιι
756 1737 1050 1810 Joannis,
1093 1756 1154 1799 ν.
1199 1737 1301 1803 35,
1343 1736 1437 1798 sic
1476 1736 1598 1797 ait:
1638 1736 1828 1796 «Non
1858 1730 2400 1809 intempestivum
2439 1736 2657 1790 autem
2686 1726 2889 1791 fuerit
2918 1724 3039 1788 hoc
3098 1724 3237 1788 loco
3276 1726 3526 1798 dicere,

214 1838 515 1921 quomodo
576 1837 803 1901 habeat
852 1834 1063 1898 Filius
1095 1836 1439 1919 Spiritum,
1485 1841 1544 1895 et
1578 1832 1912 1911 quomodo
1945 1832 2197 1893 dicatur
2227 1828 2516 1907 Spiritus
2549 1825 2736 1891 Filii.
2777 1825 2947 1887 Dicit
2995 1824 3173 1891 enim
3220 1831 3285 1886 et
3345 1828 3525 1921 Apo-

214 1935 417 1998 stolus
450 1934 697 2015 (Galat.
736 1931 819 2017 ιν)
860 1934 1221 2013 :Spiritum
1251 1932 1407 1994 Filii
1438 1931 1543 1991 sui
1572 1930 1641 1990 in
1663 1927 1858 1990 corda
1884 1937 2096 1990 vestra
2126 1926 2298 1987 misit
2338 1924 2733 1996 clamantem,
2786 1921 2986 1994 Abba,
3041 1930 3252 2002 pater.
3312 1923 3385 1982 Et
3418 1920 3532 1982 ite-

215 2053 353 2098 rum
412 2034 624 2117 (Rom.
660 2032 833 2115 vni):
880 2034 952 2097 Si
999 2043 1207 2098 autem
1258 2034 1398 2112 quis
1427 2031 1745 2110 Spiritum
1778 2028 2020 2092 Christi
2052 2043 2184 2087 non
2241 2022 2562 2091 habuerit,
2589 2021 2693 2085 hic
2724 2038 2856 2082 non
2881 2028 2971 2117 est
3003 2020 3158 2099 ejus.
3196 2020 3364 2080 Sane
3408 2019 3529 2079 La-

212 2116 523 2197 tinimale
568 2134 706 2195 haec
738 2139 1168 2211 exponentes,
1199 2138 1259 2192 et
1294 2130 1513 2191 minus
1569 2134 1741 2190 recte
1776 2124 2219 2203 intelligentes
2270 2120 2531 2189 dicunt,
2605 2118 2781 2198 quod
2836 2116 3121 2196 Spiritus
3194 2116 3387 2178 etiam
3449 2132 3532 2177 ex

210 2229 373 2293 Filio
416 2230 749 2309 procedat.
785 2232 917 2292 Nos
971 2235 1186 2290 autem
1246 2226 1516 2307 quidem
1554 2224 1837 2304 primum
1873 2221 2159 2285 dicimus
2193 2218 2269 2280 al
2310 2235 2469 2287 eos;
2522 2218 2703 2296 quod
2757 2214 2940 2277 aliud
2980 2215 3065 2275 sit
3091 2232 3322 2274 esseea:
3355 2231 3519 2293 quo-

209 2328 378 2406 piam
420 2308 496 2389 et
526 2327 712 2390 aliud
764 2345 890 2387 esse
914 2324 1275 2407 cujusdam;
1318 2333 1386 2387 ut
1416 2324 1700 2402 Spiritus
1744 2321 1830 2383 sit
1878 2319 2150 2401 quidem
2182 2316 2474 2395 Spiritus
2526 2314 2698 2377 Filii
2744 2313 2993 2391 absque
3019 2312 3247 2379 dubio,
3310 2320 3373 2373 et
3440 2308 3520 2371 a'.:

212 2426 387 2485 omni
438 2424 779 2503 Scriptura
802 2423 1269 2501 approbatum:
1302 2430 1607 2484 castarum
1643 2438 1774 2480 esse
1809 2436 1890 2479 ex
1911 2415 2111 2486 Filio,
2145 2411 2327 2475 nulla
2353 2414 2685 2491 Scriptura
2719 2418 3021 2484 testatur,
3058 2427 3138 2472 ne
3173 2408 3298 2469 duo
3330 2409 3526 2488 prin-

212 2518 380 2597 cipia
436 2522 731 2599 Spiritus
786 2520 1307 2594 introducamus,
1361 2522 1611 2582 Patrem
1669 2524 1729 2582 et
1786 2515 2056 2579 Filium.
2106 2510 2430 2583 Profecto,
2482 2509 2799 2588 inquiunt
2831 2526 3027 2587 :‘nam
3080 2506 3436 2588 (Ioamxx)
3469 2511 3531 2567 et

209 2617 561 2698 inspiravit
595 2617 997 2703 (insulﬂavit)
1046 2616 1409 2697 discipulis,
1441 2623 1503 2679 et
1531 2615 1734 2679 dixit:
1771 2623 1802 2675 Α

1938 2612 2057 2690 pite
2076 2608 2395 2689 Spiritum
2426 2614 2744 2668 sanctum.
2783 2606 2837 2669 Ο
2883 2604 3346 2683 άθείρὲθηιὶωη
3381 2604 3396 2664 ι
3466 2601 3531 2663 Si

212 2724 362 2776 tunc
385 2717 569 2778 dedit
606 2700 970 2794 discipulis
1012 2715 1359 2794 Spiritum,
1397 2712 1666 2795 quando
1700 2706 2087 2781 insumavit,
2130 2703 2465 2786 quomodo
2515 2712 2737 2782 postea
2794 2702 2965 2764 dixit
3022 2701 3122 2763 eis
3172 2701 3419 2779 (Actor.
3459 2700 3531 2777 ι),

208 2812 565 2891 Accipietis
617 2811 922 2874 virtutem
951 2811 1464 2892 supervenientis
1499 2810 1788 2890 Spiritus
1821 2805 2030 2868 sancti
2098 2818 2295 2881 super
2325 2818 2461 2873 vos,
2496 2817 2627 2860 non
2692 2806 2840 2879 post
2895 2795 3132 2858 multos
3168 2797 3281 2858 hos
3339 2796 3472 2857 dies
3504 2795 3534 2854 ἵ

208 2908 324 2969 Vel
374 2910 723 2990 quomodo
776 2910 1106 2971 credimus
1142 2910 1206 2970 in
1236 2902 1617 2971 Pentecoste
1670 2905 1909 2971 factum
1948 2900 2339 2961 descensum
2383 2896 2693 2972 Spiritus,
2756 2894 3090 2974 siquidem
3132 2893 3199 2955 in
3260 2908 3535 2990 vespera

208 2989 731 3069 resurrectionis
790 3006 970 3071 dedit
1010 3006 1200 3067 illum
1225 3008 1253 3066 τ
1283 3008 1464 3066 Tunc
1524 3004 1701 3066 enim
1759 2994 2124 3077 inspiravit.
2184 2996 2265 3055 At
2292 2993 2427 3055 hmc
2461 2992 2733 3072 quidem
2763 2992 2947 3055 valde
2984 2989 3287 3054 ridicula.
3315 2989 3532 3052 Mani-

207 3100 449 3165 festum
481 3104 697 3175 enim,
738 3106 913 3183 quod
953 3110 1107 3165 tunc
1158 3101 1293 3162 illis
1327 3101 1642 3180 Spiritum
1678 3092 1973 3165 sanctum
2013 3108 2143 3157 non
2201 3091 2502 3155 dederit:
2550 3092 2665 3155 sed
2710 3092 2960 3155 donum
2997 3106 3204 3153 unum
3246 3089 3536 3169 Spiritus

208 3198 444 3272 sancti,
511 3199 988 3262 remissionem
1024 3197 1276 3259 scilicet
1312 3196 1581 3276 peccati.
1619 3194 1836 3258 Statim
1873 3194 2051 3262 enim
2073 3193 2296 3265 subdit
2321 3210 2334 3254 :
2360 3191 2648 3268 Quorum
2678 3192 3063 3254 remiseritis
3090 3198 3357 3271 peccata
3410 3191 3540 3253 Ha-

209 3293 314 3356 bet
372 3305 612 3359 autem
679 3295 993 3373 Spiritum
1039 3294 1251 3357 Filius
1290 3291 1831 3365 substantialiter,
1874 3298 1948 3356 ut
1978 3290 2606 3355 consubstantialem
2665 3290 2835 3352 sibi:
2872 3306 3002 3352 non
3048 3306 3088 3351 a
3121 3305 3256 3369 quo
3308 3306 3539 3367 opera-

206 3390 455 3457 tionem
520 3393 822 3469 recipiat,
865 3392 1036 3455 sicut
1094 3390 1447 3471 prophetas.
1499 3389 1751 3452 Dicitur
1795 3397 2011 3453 autem
2051 3388 2334 3467 Spiritus
2383 3406 2512 3449 esse
2560 3385 2745 3461 Filii,
2790 3386 3155 3450 secundum
3217 3386 3393 3465 quod
3426 3405 3534 3447 ve-

210 3489 373 3550 ritas
410 3501 507 3552 est
542 3491 785 3561 Filius,
819 3497 876 3551 et
905 3490 1115 3551 virtus
1149 3497 1207 3549 et
1234 3488 1590 3568 sapientia:
1629 3488 1909 3566 Spiritus
1949 3494 2164 3550 autem
2207 3493 2473 3547 sanctus
2537 3492 2599 3546 et
2652 3485 2971 3557 veritatis,
3012 3492 3068 3545 et
3099 3481 3535 3564 fortitudinis,

210 3593 269 3645 et
323 3586 677 3665 sapientia:
713 3585 1001 3666 Spiritus
1053 3583 1132 3645 ab
1176 3583 1339 3644 Isaia
1371 3582 1607 3663 (capite
1660 3583 1729 3665 ιι)
1763 3583 2182 3647 describitur.
2218 3585 2295 3646 Et
2330 3584 2562 3646 aliter:
2602 3582 2757 3663 quia
2811 3599 2930 3661 per
2976 3581 3214 3643 Filium
3255 3582 3536 3643 homini—

208 3676 322 3740 bus
365 3680 622 3749 datur;
658 3689 996 3759 propterea
1058 3677 1220 3741 Filii
1272 3678 1537 3741 dicitur.
1591 3678 1796 3740 Crede
1850 3680 2058 3760 igitur
2109 3690 2202 3755 tu,
2236 3682 2555 3763 Spiritum
2596 3701 2635 3742 a
2666 3680 2859 3742 Patre
2889 3678 3141 3760 quidem
3184 3679 3535 3759 proﬁcisci,

204 3793 323 3855 per
357 3777 616 3841 Filium
654 3784 869 3839 autent
892 3776 1040 3839 dari
1076 3786 1410 3839 creaturae.
1461 3776 1673 3856 Atque
1710 3775 1812 3838 hic
1870 3777 1955 3840 sit
1987 3778 2103 3840 tibi
2158 3796 2367 3842 canon
2411 3777 2794 3841 orthodoxm
2823 3776 3200 3840 doctrinae.»

291 3876 513 3938 Locus
577 3874 741 3937 alter
760 3879 970 3937 exstat
1024 3880 1104 3936 ad
1145 3872 1448 3953 ejusdem
1505 3873 1774 3934 Joannis
1804 3882 1995 3952 caput
2035 3893 2137 3951 xv,
2178 3894 2237 3937 ν.
2278 3877 2361 3938 26
2402 3898 2417 3937 :
2456 3898 2485 3933 α
2514 3875 2713 3952 Quem
2774 3894 2885 3955 ego
2942 3876 3191 3937 mittam
3250 3875 3429 3938 vobis
3502 3895 3543 3937 a

204 3969 429 4035 Patre.
464 3975 616 4035 Jam
643 3972 818 4051 quod
846 3971 1030 4044 dicit,
1070 3988 1251 4051 quem
1279 3988 1386 4049 ego
1419 3970 1689 4038 mittam,
1712 3970 2146 4051 aequalitatem
2176 3990 2328 4054 erga
2352 3976 2603 4036 Patrem
2632 3974 2978 4053 significat.
3019 3976 3098 4051 [Χ
3113 3974 3348 4050 XXIX]
3383 3978 3539 4037 Nam

206 4068 338 4131 alio
376 4070 530 4132 loco
566 4070 650 4130 de
686 4071 871 4131 Patre
912 4068 1103 4141 dixit,
1143 4068 1320 4148 quod
1344 4068 1554 4129 mittat
1585 4066 1939 4147 Spiritum:
1973 4069 2095 4132 hoc
2129 4077 2348 4133 autem
2414 4069 2585 4143 loco,
2620 4070 2800 4149 quod
2844 4070 2980 4149 ipse
3011 4071 3272 4140 mittat;
3306 4072 3540 4149 utique

206 4182 370 4230 sane
438 4165 898 4246 aequalitatem
959 4165 1352 4243 signiﬁcant.
1396 4166 1473 4228 Ut
1512 4172 1730 4227 autem
1764 4183 1845 4226 ne
1880 4166 2178 4229 videatur
2228 4166 2549 4230 obluctari
2584 4166 2781 4241 Patri,
2842 4169 3029 4247 quasi
3067 4167 3148 4228 ab
3171 4166 3300 4229 alia
3377 4167 3539 4231 sub-

206 4263 451 4326 stantia
507 4264 727 4326 mittat
758 4262 1096 4341 Spiritum,
1141 4262 1421 4337 addidit,
1461 4282 1501 4322 a
1529 4262 1747 4324 Patre.
1781 4263 1939 4324 Nam
1982 4272 2044 4326 et
2088 4262 2226 4342 ipse
2259 4262 2527 4343 quidem
2578 4263 2868 4325 mittam:
2912 4264 3025 4325 sed
3059 4283 3097 4323 a
3133 4264 3352 4339 Patre,
3423 4266 3545 4327 hoc

204 4366 328 4435 est,
366 4361 792 4442 approbante
829 4362 1009 4423 Patre
1059 4367 1124 4421 et
1157 4360 1353 4423 simul
1405 4360 1724 4423 mittente.
1784 4361 1925 4421 Non
1962 4360 2135 4421 enim
2171 4377 2253 4421 ex
2280 4358 2545 4439 proprio
2570 4360 2726 4422 sinu
2767 4360 2908 4438 ipse
2947 4360 3132 4440 prius
3168 4360 3386 4422 mitto:
3413 4362 3533 4424 sed

203 4473 236 4518 a
263 4459 461 4523 Patre
507 4476 632 4539 per
667 4474 766 4520 me
797 4457 1273 4537 suppeditatur.
1305 4459 1464 4522 Cum
1495 4462 1710 4519 autem
1748 4455 2061 4530 audieris,
2093 4458 2268 4537 quod
2332 4466 2718 4538 ἐκπορεύεται,
2752 4455 3067 4537 procedit,
3097 4475 3178 4521 ne
3214 4457 3543 4535 intelligas

203 4566 543 4636 ἀποπολὴν
598 4565 702 4635 τὴν
739 4566 1093 4637 ὲκπόρευσιν,
1133 4557 1497 4617 missionem
1520 4572 1641 4634 per
1671 4572 1789 4634 pro

1946 4555 2167 4628 ionem,
2196 4558 2373 4635 quali
2414 4558 2808 4620 emittuntur
2850 4557 3309 4621 ministratorii
3338 4557 3539 4627 spiri-

209 4659 363 4729 tus;
395 4654 528 4717 sed
559 4653 881 4716 naturalis
920 4652 1349 4715 subsistentia
1387 4650 1671 4729 Spiritus
1701 4661 1761 4711 et
1812 4656 2171 4727 processio.
2216 4678 2235 4713 ι

287 4750 575 4815 Latiare
631 4765 960 4816 sermone,
994 4765 1067 4811 ae
1098 4748 1299 4810 nimia
1333 4746 1726 4825 praeﬁdentia
1768 4747 1933 4810 hanc
1980 4752 2179 4828 agitat
2212 4753 2734 4816 controversiam
2768 4751 2834 4813 in
2866 4769 3038 4830 saepe
3074 4751 3332 4821 laudata
3403 4750 3547 4831 epi-

205 4846 372 4909 stola
400 4846 493 4908 ad
526 4846 872 4911 Nicolaum
902 4844 1240 4906 diaconum
1280 4853 1339 4905 et
1370 4843 1809 4906 canstrisium.
1863 4847 2072 4921 Quam
2108 4849 2435 4913 infensum
2474 4856 2654 4933 gerat
2716 4848 3039 4923 animum,
3074 4849 3289 4912 statim
3326 4850 3546 4929 prodit

204 4946 333 5007 sub
362 4944 685 5011 initium.
742 4953 931 5007 Ἔστιν
955 4945 1055 5005 οὖν
1086 4950 1149 5005 τδ
1213 4950 1480 5019 μέγιστον
1533 4949 1715 5002 ἰκεῖνο
1742 4951 1993 5025 σφάλμα,
2029 4956 2121 5009 καὶ
2168 4954 2327 5010 τοῦτο
2353 4956 2419 5028 δὴ
2454 4957 2515 5010 τὸ
2551 4955 2647 5010 τοῦ
2681 4954 3059 5025 Σολομῶντος,
3103 4955 3231 5027 ᾅδου
3259 4954 3551 5029 πεταύροιι

209 5051 406 5105 ποιοῦν
444 5052 759 5123 συναντᾷν,
791 5052 825 5117 ἡ
857 5049 917 5103 ὲν
946 5048 1025 5118 τῷ
1045 5049 1147 5119 τῆς
1186 5047 1427 5112 πίστεως
1454 5046 1722 5118 Συμϐόλῳ
1748 5051 2097 5121 καινοτομία,
2132 5053 2200 5121 ἢν
2235 5053 2590 5123 ἐποιήσαντο,
2650 5053 3142 5127 ἁνακηρύττοντες
3193 5053 3257 5106 τὸ
3314 5052 3545 5122 Πνεῦμα

201 5149 267 5201 ὲκ
292 5148 397 5203 τοῦ
432 5148 675 5220 Πατρδς
714 5148 817 5202 καὶ
872 5149 934 5201 ἐκ
955 5146 1052 5201 τοῦ
1093 5147 1226 5201 Υἱοῦ
1264 5146 1693 5219 ἐκπορεύεσθαι.
1749 5161 1778 5195 α

1970 5141 2141 5203 imus
2175 5140 2379 5221 igitur
2410 5142 2522 5203 ille
2593 5160 2797 5216 error,
2862 5137 3116 5223 quique
3145 5140 3333 5220 juxta
3368 5142 3548 5203 Salo-

205 5236 433 5304 monis
471 5238 758 5307 dictum,
792 5234 1121 5298 inint‘erni
1166 5238 1477 5316 laqueum
1515 5236 1851 5298 incurrere
1885 5236 2059 5308 facit,
2104 5246 2201 5301 est
2252 5238 2588 5300 innovatio
2638 5257 2830 5319 quam
2866 5240 2931 5300 in
2970 5236 3353 5318 Symbolum
3392 5238 3545 5301 ﬁdei

201 5331 669 5405 induxerunt,
696 5329 1134 5405 enuntiantes,
1173 5332 1480 5411 Spiritum
1531 5340 1825 5395 sanctum
1886 5350 1962 5395 ex
2033 5338 2216 5397 Patre
2284 5342 2345 5397 et
2377 5353 2453 5397 ex
2514 5336 2687 5399 Filio
2730 5336 3085 5415 procedere
3113 5382 3128 5397 .
3169 5382 3184 5396 .
3221 5381 3238 5397 .
3266 5343 3444 5398 Τοῦτο
3471 5345 3548 5417 μὴ

200 5432 577 5513 δφροώεςεως
598 5437 922 5511 ἀξιούμενον
948 5439 1252 5513 συγχωρῶν
1272 5441 1694 5515 ἀσυγχώρητος,
1716 5439 1793 5499 Η(

1952 5433 2146 5495 ιίηοη
2182 5433 2450 5513 dignum
2469 5434 2875 5498 correctione
2898 5431 3323 5505 concesserit,
3355 5433 3545 5497 venia

201 5528 577 5609 indignus.
604 5552 634 5585 ι)

287 5624 493 5686 Docti
528 5632 601 5687 et
650 5624 888 5686 eruditi
930 5627 1281 5706 ceteroqui
1340 5629 1818 5712 archiepiscopi
1883 5631 2015 5693 haac
2074 5630 2346 5693 minime
2385 5640 2445 5691 te
2504 5634 2843 5691 morentur
2897 5625 3092 5689 dicta.
3158 5650 3187 5683 α
3225 5629 3545 5705 Tempore

205 5736 520 5801 namque
556 5718 937 5782 schismatis
968 5721 1275 5783 inclaruit
1339 5724 1477 5802 ipse
1537 5724 1736 5807 (quod
1774 5727 2046 5791 Michael
2091 5727 2471 5789 Cerularius
2510 5722 3012 5801 instauraverat)
3071 5725 3367 5802 adeoque
3412 5741 3545 5784 non

204 5817 418 5879 multa
452 5816 1003 5882 consideratione
1064 5819 1263 5897 digna
1294 5820 1604 5885 videntur
1636 5822 1800 5887 dicta
1837 5825 1983 5903 ejus
2020 5824 2483 5887 existimanda.
2514 5846 2543 5879 ι»
2580 5822 2683 5883 Sic
2721 5820 2879 5881 oliuo
2928 5821 3546 5883 censebatloanncs

207 5914 473 5976 Recens
548 5912 622 5973 in
655 5928 857 5991 Opere
900 5923 1116 5977 contra
1181 5918 1497 5980 Camateri
1548 5920 2070 5995 observationes,
2133 5922 2244 5985 ubi
2309 5920 2613 5999 superior
2662 5918 3013 5979 adducitur
3072 5916 3544 5997 TheOphylacti

204 6002 401 6073 locus
454 6011 547 6073 ad
586 6016 885 6088 caputxv
918 6012 1209 6087 Joannis,
1248 6021 1424 6078 torno
1460 6018 1516 6077 ll
1568 6016 1741 6095 apud
1784 6018 2098 6081 Allatinm
2163 6019 2235 6081 in
2264 6018 2510 6081 Grcccia
2556 6013 2919 6077 orthodoxa
2954 6029 3095 6093 pag.
3132 6015 3273 6075 519.
3332 6022 3542 6091 Argu-

209 6114 445 6173 menta
482 6124 647 6190 qua:
708 6106 951 6187 profert
1006 6125 1237 6174 noram
1272 6112 1351 6176 ad
1401 6113 1705 6178 incudem
1747 6114 2044 6197 redigere
2113 6114 2391 6197 pretium
2431 6130 2647 6195 Operae
2684 6110 2907 6186 fuerit,
2944 6111 3278 6190 appositas
3344 6109 3540 6173 etiam
