4034 6608
553 407 634 475 .3
1406 405 1634 476 MN.
1672 405 1941 472 MARIB
1981 409 2078 471 DE
2117 403 2405 472 RUBIIS
2442 399 2950 470 DISSRRTATIO
3739 397 3812 462 Μ

560 519 743 584 Becci
776 518 1190 591 refutationes
1243 515 1575 591 adhibere,
1615 534 1760 596 quas
1800 517 2113 579 habentur
2167 515 2232 576 in
2272 516 2561 578 oratione
2605 513 2692 574 De
2731 513 2964 574 unione
3015 508 3445 570 Ecclesiarum
3477 504 3647 580 apud
3696 507 3810 568 Al-

567 617 793 681 latium
868 623 1041 678 tomo
1105 616 1155 690 i,
1235 630 1379 694 pag.
1442 613 1588 684 216,
1661 615 2049 691 easdemque
2108 627 2222 688 pro
2285 611 2453 676 virili
2512 605 3194 672 animadversionibus
3273 601 3517 666 nostris
3576 601 3808 666 conﬁr-

563 731 758 776 mare.

639 808 1325 888 75.(1)Argumentum
1351 806 1867 885 primumzlesus
1900 804 2190 868 Christus
2223 799 2401 864 docet
2434 801 2506 863 de
2538 811 2804 880 cognato
2827 801 2952 864 sibi
2981 798 3258 878 Spiritu,
3286 812 3364 855 ea:
3391 810 3557 888 quo,
3578 802 3637 854 et
3661 810 3808 872 quo-

559 903 743 978 modo
778 920 908 963 esse
936 902 1193 964 habeat:
1228 911 1286 963 et
1320 905 1434 976 ait,
1460 901 1629 984 quod
1649 900 1939 981 procedit
1965 919 2002 961 a
2030 900 2246 964 Patre.
2279 898 2352 960 Si
2384 899 2569 958 etiam
2597 917 2635 957 a
2666 898 2834 958 Filio
2862 894 3180 976 procedit,
3213 889 3367 971 quid
3391 887 3643 950 vetabat
3675 906 3815 949 eum

557 998 785 1072 dicere,
809 1002 966 1077 quia
989 996 1174 1059 Patre
1190 996 1696 1078 etameprocedit
1712 999 1740 1056 7
1758 997 2054 1058 Hincsibi
2078 997 2334 1057 videtur
2353 993 2825 1072 colligendum:
2851 990 3188 1072 procedere
3206 989 3520 1068 Spiritum
3543 999 3610 1050 ιιι
3651 994 3814 1064 μόνον

554 1095 651 1150 τοῦ
680 1096 916 1165 Πατρὺς.
939 1114 1018 1155 ea:
1049 1095 1181 1154 solo
1211 1095 1419 1154 Patre.
1457 1093 1634 1154 Becci
1667 1091 1807 1153 loco
1839 1093 2023 1154 citato
2054 1091 2350 1153 refutatio
2368 1098 2463 1150 est
2503 1091 2812 1151 num.69:
2845 1112 2872 1145 ι
2915 1089 3054 1150 Non
3085 1087 3204 1148 alia
3230 1088 3474 1148 ratione
3508 1083 3803 1154 Latinus,

556 1191 764 1254 eidem
804 1194 1080 1256 reddens
1111 1191 1302 1251 verba
1341 1205 1479 1261 sua,
1504 1187 1706 1271 dicet:
1741 1187 1803 1247 Si
1843 1207 1920 1250 ex
1951 1187 2083 1248 solo
2115 1184 2305 1247 Patre
2327 1185 2943 1264 proceditSpiritns,
2984 1183 3142 1259 quid
3189 1183 3661 1261 impedimento
3693 1175 3818 1240 fuit

557 1288 810 1351 Christo
875 1308 955 1352 ne
998 1288 1260 1359 diceret,
1293 1283 1419 1361 Qui
1449 1303 1528 1345 ex
1556 1285 1689 1345 solo
1718 1285 1909 1346 Patre
1962 1281 2296 1363 procedit?
2321 1285 2392 1343 Et
2422 1299 2568 1344 cum
2614 1279 3192 1359 (Theophylactusl
3228 1279 3575 1357 exprobrat
3629 1273 3814 1347 Itale,

558 1385 827 1464 vestigia
867 1382 1125 1454 Christi,
1177 1397 1527 1460 pauperum
1567 1380 1995 1456 evangelista,
2040 1395 2168 1440 non
2217 1383 2400 1458 sequi
2439 1380 2612 1456 quod
2647 1378 3064 1454 superaddat,
3098 1390 3162 1438 et
3194 1393 3277 1436 ea:
3319 1375 3524 1448 Filio,
3569 1371 3813 1435 iisdem

558 1488 619 1542 et
645 1479 780 1557 ipse
836 1475 1450 1556 exprobrationibus
1507 1475 1832 1538 obnoxius
1885 1477 2030 1548 erit,
2063 1475 2240 1555 quod
2273 1473 2686 1552 snperaddat,
2722 1490 2802 1534 ea:
2842 1472 3003 1533 solo.
3035 1495 3064 1528 ι

636 1576 840 1636 Tenet
883 1591 955 1636 ac
985 1576 1168 1635 docet
1205 1573 1484 1636 Romana
1515 1581 1575 1632 et
1609 1570 1828 1633 Latina
1869 1572 2170 1646 Ecclesia,
2201 1572 2509 1651 Spiritum
2560 1578 2854 1633 sanctum
2921 1587 3000 1632 ex
3059 1576 3339 1651 utroque
3395 1567 3752 1646 procedere
3793 1586 3809 1629 :

557 1678 692 1732 tum
739 1670 894 1750 quia
948 1693 977 1728 α
1011 1667 1388 1748 regulariter
1442 1668 1792 1730 tenendum
1832 1674 1923 1729 est
1957 1669 2197 1748 (verbis
2236 1676 2380 1730 utor
2417 1667 2618 1729 sancti
2653 1666 2918 1728 Thomm
2983 1683 3042 1745 p.
3075 1683 3098 1726 ι
3137 1684 3253 1746 qu.
3299 1681 3519 1734 xxxvt,
3552 1673 3674 1726 art.
3708 1665 3810 1736 11.

556 1766 632 1828 ad
669 1767 750 1844 1),
785 1766 849 1826 in
875 1781 1050 1828 sacra
1104 1765 1450 1840 Scriptura,
1481 1763 1653 1843 quod
1694 1763 1756 1824 id
1790 1763 1962 1843 quod
2000 1765 2078 1825 de
2104 1767 2281 1827 Patre
2316 1765 2569 1836 dicitur,
2603 1765 2950 1841 oportetde
2995 1763 3165 1825 Filio
3204 1761 3510 1842 intelligi,
3551 1761 3809 1824 etiamsi

557 1858 761 1920 dictio
807 1857 1136 1919 exclusiva
1184 1855 1477 1929 addatur,
1531 1853 1659 1917 nisi
1692 1855 1905 1917 solum
1948 1855 2011 1916 in
2061 1855 2196 1918 illis
2267 1861 2333 1921 in
2396 1860 2641 1940 quibus
2705 1861 2890 1921 Pater
2918 1866 2979 1920 et
3017 1859 3230 1921 Filius
3300 1857 3665 1923 secundum
3701 1874 3813 1935 op-

558 1953 802 2032 positas
822 1952 1166 2014 relationes
1186 1951 1694 2030 distinguuntur.
1723 1953 1882 2014 Cum
1920 1954 2094 2014 enim
2121 1955 2437 2017 Dominus
2475 1955 2753 2018 Matthtei
2777 1973 2841 2017 xt
2878 1954 3079 2018 dicit:
3121 1953 3312 2017 Nemo
3352 1954 3529 2015 novit
3550 1953 3819 2026 Filium,

558 2049 684 2110 nisi
712 2049 926 2122 Pater,
973 2065 1101 2111 non
1154 2047 1548 2120 excluditur,
1581 2048 1742 2128 quin
1786 2047 1998 2110 Filius
2033 2050 2320 2129 seipsum
2375 2063 2741 2132 cognoscat.
2782 2053 2887 2114 Sic
2917 2053 3120 2132 igitur
3151 2068 3296 2114 cum
3340 2050 3603 2124 dicitur,
3639 2050 3815 2129 quod

559 2145 836 2222 Spiritus
875 2153 1131 2206 sanctus
1171 2161 1204 2205 a
1236 2147 1417 2206 Patre
1451 2145 1773 2223 procedit;
1835 2145 2084 2208 etiamsi
2145 2147 2516 2220 adderetur,
2571 2149 2748 2228 quod
2782 2166 2817 2211 a
2868 2148 3010 2212 solo
3071 2151 3252 2210 Patre
3295 2146 3630 2226 procedit,
3685 2162 3817 2208 non

562 2240 932 2303 excluditur
983 2241 1134 2303 inde
1194 2231 1423 2305 Filius.
1486 2242 1650 2316 Quia
1691 2249 2004 2320 quantum
2045 2243 2122 2304 ad
2157 2242 2302 2318 hoc,
2341 2246 2516 2323 quod
2551 2253 2649 2306 est
2687 2262 2831 2307 esse
2860 2244 3252 2324 principium
3279 2243 3562 2321 Spiritus
3601 2242 3813 2305 sancti

565 2354 690 2400 non
725 2345 1143 2417 opponuntur
1166 2340 1347 2402 Pater
1375 2348 1437 2400 et
1460 2337 1704 2401 Filius:
1758 2339 1868 2399 sed
1905 2339 2115 2400 solum
2153 2349 2466 2416 quantum
2526 2342 2602 2403 ad
2634 2341 2778 2415 hoc,
2813 2341 2987 2420 quod
3054 2339 3158 2401 hic
3215 2349 3314 2400 est
3367 2340 3552 2401 Pater
3603 2349 3664 2400 et
3707 2336 3820 2401 ille

562 2421 835 2496 Filius.»
902 2436 1065 2495 Tum
1105 2435 1258 2512 quia
1293 2434 1533 2495 divinis
1576 2433 1642 2495 in
1690 2434 1972 2512 eloquiis
2019 2435 2239 2498 insunt
2287 2438 2479 2499 verba
2525 2453 2671 2513 qua:
2711 2437 3112 2515 processioni
3169 2453 3248 2495 ea:
3306 2434 3504 2507 Filio,
3537 2445 3648 2496 aut
3703 2451 3823 2515 per

564 2531 825 2598 Filium,
857 2530 1124 2591 omnino
1173 2529 1617 2606 aequipollcnt.
1669 2530 2098 2606 Frequentius
2133 2547 2404 2609 persona
2448 2533 2732 2612 Spiritus
2788 2533 2990 2594 sancti
3039 2531 3280 2593 dicitur
3307 2531 3599 2610 Spiritus
3631 2530 3820 2600 Filii,

564 2633 627 2687 et
655 2625 896 2688 Christi
965 2624 1215 2685 Domini
1241 2624 1554 2702 Spiritus,
1579 2631 1642 2684 et
1676 2624 1960 2701 Spiritus
2006 2627 2320 2696 veritatis,
2356 2643 2504 2705 qua)
2543 2627 2839 2690 Christus
2873 2637 2970 2687 est
3001 2646 3016 2684 :
3044 2629 3270 2706 utique
3298 2642 3376 2688 eo
3415 2642 3646 2698 sensu,
3683 2642 3817 2704 quo

564 2722 755 2783 etiam
804 2727 1068 2782 vocatur
1095 2720 1380 2798 Spiritus
1418 2719 1661 2780 Patris.
1700 2721 1798 2781 Ait
1838 2720 2030 2782 etiam
2092 2721 2231 2799 ipse
2286 2723 2605 2786 Dominus
2657 2725 2737 2784 de
2768 2722 3014 2801 Spiritu
3051 2739 3210 2784 suo:
3249 2720 3417 2796 Quia
3443 2719 3519 2781 de
3545 2739 3679 2782 meo
3708 2741 3821 2783 ac-

564 2818 778 2885 cipiet.
810 2816 938 2878 Cur
962 2817 1154 2877 vero?
1181 2815 1545 2893 Propterea,
1581 2816 1729 2892 quia
1758 2817 1964 2878 omnia
1991 2834 2363 2898 quaecunque
2392 2819 2571 2882 habet
2609 2818 2825 2888 Pater,
2856 2838 2987 2878 mea
3018 2827 3189 2880 sunt.
3261 2820 3422 2881 Sunt
3455 2833 3610 2880 vero
3640 2816 3826 2881 Chri-

571 2913 649 2969 sti
679 2913 1016 2985 sapientia,
1052 2912 1354 2991 potentia,
1390 2911 1721 2983 divinitas,
1754 2929 1826 2983 ac
1857 2921 2079 2974 uetera
2128 2930 2534 2994 quacunque
2593 2914 2888 2976 absoluta
2929 2912 3233 2976 attributa
3256 2959 3272 2987 ,
3306 2928 3452 2992 quin
3485 2915 3670 2975 Pater
3703 2911 3821 2973 ha-

567 3005 695 3070 bet.
736 3007 884 3072 Haec
919 3007 1139 3070 eadem
1167 3006 1308 3068 sine
1340 3006 1540 3069 dubio
1577 3007 1856 3085 Spiritus
1879 3017 2137 3072 sanctus
2167 3009 2356 3072 habet
2386 3027 2421 3072 a
2455 3014 2658 3084 Patre,
2684 3010 3094 3088 procedendo
3127 3009 3205 3071 ab
3236 3010 3374 3087 ipso
3404 3027 3419 3067 :
3454 3008 3567 3070 sed
3594 3009 3823 3070 eadem

567 3103 793 3182 accipit
841 3103 1030 3165 etiam
1085 3102 1340 3174 aFilio,
1374 3118 1499 3165 non
1533 3102 1661 3164 alio
1717 3111 1886 3165 certe
1915 3105 2127 3174 modo,
2164 3105 2283 3167 nisi
2339 3106 2478 3184 ejus
2533 3105 2950 3185 processione
3001 3109 3079 3166 ab
3131 3105 3278 3166 isto.
3344 3107 3472 3167 Nos
3534 3104 3826 3183 denique

566 3201 770 3264 Filius
809 3199 1032 3261 docet:
1065 3197 1456 3261 Paraclitum
1485 3199 1720 3277 ipsum.
1752 3201 1861 3279 qui
1896 3201 2244 3278 procedita
2280 3200 2493 3275 Patre,
2525 3203 2695 3262 mitti
2729 3220 2874 3270 ase,
2909 3210 2966 3262 et
3005 3202 3175 3264 mitti
3205 3220 3244 3262 a
3301 3201 3515 3262 Patre.
3549 3201 3702 3276 Quo
3733 3201 3825 3277 ﬁt,

567 3313 695 3361 non
722 3296 860 3359 sine
898 3305 1131 3356 eterna
1146 3295 1546 3374 processione
1587 3293 1855 3374 intelligi
1903 3312 2090 3374 posse
2118 3298 2472 3358 missionem
2499 3317 2517 3356 :
2557 3315 2701 3377 qum
2725 3297 3049 3377 processio
3086 3284 3360 3371 dicitur,
3392 3303 3718 3376 quatenus
3749 3295 3830 3358 ab

569 3398 847 3472 utroque
903 3391 1180 3468 Spiritus
1238 3389 1488 3467 accipit,
1513 3389 1680 3468 quod
1706 3392 1812 3462 sit,
1841 3399 1916 3465 ,οι
1949 3393 2123 3471 quod
2187 3392 2388 3454 valeat
2442 3392 2697 3470 operari
2753 3392 2828 3454 ad
2866 3399 3042 3453 extra
3104 3409 3120 3448 :
3188 3391 3557 3470 diciturque
3609 3388 3828 3452 missio

574 3487 818 3550 ratione
849 3485 1224 3558 etiicientiaa,
1258 3503 1400 3566 qum
1443 3486 1508 3548 tit
1563 3487 1628 3547 in
1691 3495 1999 3567 tempore.
2027 3488 2174 3549 Haec
2230 3488 2586 3569 theologica
2657 3495 2718 3550 et
2787 3487 3144 3553 Christiana
3201 3487 3501 3567 dogmata
3551 3485 3828 3549 uberius

572 3580 733 3650 infra,
788 3588 1226 3659 exponentur.

651 3701 816 3778 [XL]
851 3699 959 3781 (2.)
989 3699 1161 3760 idem
1214 3717 1297 3760 ea:
1327 3699 1584 3762 silentio
1615 3701 2101 3780 Scripturarum
2125 3702 2410 3781 petitum,
2455 3709 2638 3780 urget
2669 3707 3125 3780 argumentum
3185 3696 3713 3776 TheOpbylactus
3755 3695 3826 3760 in

568 3795 1031 3860 commentario
1062 3797 1137 3857 ad
1168 3796 1432 3858 Joannis
1464 3805 1652 3876 caput
1682 3815 1777 3872 ιιι,
1813 3807 1873 3858 et
1904 3803 2178 3859 alterum
2214 3799 2401 3861 etiam
2433 3799 2646 3860 addit:
2681 3821 2710 3854 α
2741 3815 2884 3860 esse
2916 3814 2986 3858 ex
3037 3796 3228 3868 Filio,
3265 3795 3606 3874 inquiens,
3644 3793 3828 3858 nulla

574 3893 892 3975 Scriptura
951 3898 1219 3954 testatur
1255 3913 1271 3953 :
1305 3909 1383 3954 ne
1417 3893 1547 3954 duo
1585 3892 1890 3971 principia
1930 3894 2207 3971 Spiritus
2249 3895 2756 3967 introducamns,
2795 3898 3040 3955 Patrem
3080 3903 3140 3955 et
3179 3893 3440 3954 Filium.
3476 3913 3508 3950 ι
3545 3894 3636 3954 De
3663 3891 3833 3955 Scri-

571 4002 907 4068 pturarum
949 3988 1210 4050 silentio
1240 3991 1359 4069 iam
1401 3990 1579 4050 satis.
1608 3989 1698 4050 Ne
1741 3988 1864 4049 duo
1919 3991 2250 4070 principia
2309 3993 2596 4072 Spiritus
2653 3990 3154 4059 introducamus,
3215 3987 3460 4068 inquis.
3517 3989 3833 4069 Trepidas

567 4102 827 4164 nempe,
854 4085 963 4146 ubi
993 4085 1212 4146 nullus
1252 4086 1442 4147 timor
1467 4105 1480 4143 :
1503 4107 1537 4140 τα
1566 4085 1711 4164 quia
1760 4094 2070 4164 quantum
2109 4089 2183 4148 ad
2216 4086 2355 4157 hor,
2411 4085 2586 4164 quod
2621 4093 2716 4145 est
2764 4101 2908 4145 esse
2943 4083 3334 4162 principium
3368 4081 3654 4160 Spiritus
3685 4097 3830 4145 san-

568 4181 648 4244 cti
679 4183 770 4260 (ut
795 4181 999 4244 aiebat
1035 4181 1344 4260 Aquinas,
1378 4181 1845 4260 Scripturarum
1878 4184 2250 4245 auctoritate
2285 4189 2346 4243 et
2389 4184 2639 4246 Patrum
2679 4179 3082 4242 documentis
3119 4179 3438 4257 edoctus),
3471 4194 3600 4239 non
3626 4193 3835 4256 oppo-

568 4287 811 4338 nuntur
843 4279 1021 4338 Pater
1045 4285 1106 4338 et
1131 4277 1334 4340 Filius
1365 4277 1516 4340 :sed
1548 4287 1860 4358 quantum
1885 4280 1963 4339 ad
1984 4279 2127 4347 hoc.
2161 4280 2334 4357 quod
2368 4278 2468 4339 hic
2501 4288 2594 4339 est
2623 4280 2830 4352 Pater,
2858 4283 2919 4339 et
2956 4276 3066 4338 ille
3094 4275 3374 4350 Filius;»
3411 4274 3586 4337 unde
3623 4275 3826 4353 priori

566 4374 629 4435 in
672 4373 921 4436 ratione
969 4390 1171 4434 unum
1227 4383 1380 4436 sunt
1418 4391 1490 4436 ac
1535 4374 1732 4449 idem,
1762 4376 1893 4437 duo
1955 4388 2291 4453 supposxta
2336 4383 2395 4436 et
2432 4390 2630 4435 unum
2697 4372 3114 4450 principium.
3150 4373 3244 4432 Ad
3283 4388 3415 4433 rem
3456 4371 3606 4432 facit
3635 4369 3833 4435 Becci

567 4469 1041 4534 animadversio
1074 4470 1146 4530 ad
1179 4469 1356 4532 illum
1393 4471 1598 4548 ipsius
1629 4471 2087 4557 Theophylacti
2121 4473 2329 4533 locum
2403 4471 2462 4531 in
2509 4479 2697 4548 caput
2753 4487 2834 4529 xv
2860 4468 3149 4540 Joannis,
3211 4468 3320 4528 ubi
3371 4466 3836 4544 Bulgariaaar-

565 4565 1018 4644 chiepiscopus
1050 4565 1264 4626 docet:
1301 4567 1552 4626 Patrem
1576 4568 1824 4628 mittere
1848 4569 2162 4646 Spiritum
2193 4576 2500 4638 sanetum,
2534 4576 2590 4625 et
2633 4567 2796 4625 hunc
2827 4565 3014 4625 etiam
3049 4583 3088 4623 a
3121 4563 3287 4624 Filio
3319 4564 3515 4636 mitti,
3542 4572 3828 4643 propter

565 4657 758 4718 istius
809 4655 1222 4734 aequalitatem
1258 4673 1403 4734 erga
1457 4657 1736 4720 Patrem.
1792 4659 2005 4718 «Siea:
2029 4659 2218 4718 Patre
2245 4669 2300 4720 et
2335 4661 2503 4721 Filio
2554 4661 2841 4720 mittitur
2898 4659 3171 4737 Spiritus
3226 4666 3486 4720 sanctus
3542 4659 3838 4738 (reponit

502 4771 520 4794 ο
569 4750 855 4830 Beccus).
875 4760 1143 4835 propter
1165 4752 1579 4830 aquatitatem
1599 4753 1757 4814 Filii
1787 4771 1932 4832 erga
1949 4753 2235 4824 Patrem;
2269 4773 2396 4819 non
2424 4757 2514 4818 uti
2540 4777 2618 4817 ea:
2650 4755 2891 4830 duobus
2910 4755 3198 4827 mittitur,
3216 4771 3339 4834 qua
3371 4753 3548 4817 enim
3572 4755 3830 4819 ratione

568 4855 734 4911 esset
764 4865 930 4939 unus
949 4859 1008 4908 et
1022 4846 1350 4917 indiuisus,
1369 4847 1422 4909 si
1458 4865 1582 4910 non
1619 4849 1815 4911 veluti
1842 4869 1920 4910 ea:
1949 4867 2077 4910 una
2100 4869 2289 4911 causa
2319 4853 2788 4927 missionis,sed
2829 4850 3025 4912 veluti
3056 4870 3138 4911 ea:
3168 4849 3408 4913 duabus
3441 4852 3653 4912 causis
3679 4852 3840 4913 mis-

569 4945 793 5016 sionis,
829 4942 1028 5005 Patris
1061 4951 1121 5004 et
1156 4943 1328 5016 Filii,
1365 4941 1773 5005 mitteretur?
1836 4946 1972 5006 Pari
2006 4961 2270 5026 quoque
2323 4950 2594 5024 ratione,
2657 4947 3032 5009 naturaliter
3065 4956 3127 5009 et
3163 4947 3604 5009 essentialiter
3637 4948 3824 5010 exsi-

567 5050 735 5101 stens
759 5059 838 5101 ea:
882 5041 1072 5100 Patre
1105 5048 1161 5099 et
1183 5040 1374 5114 Filio,
1413 5056 1537 5102 non
1566 5042 1656 5101 uti
1685 5061 1764 5102 ea:
1813 5042 2077 5115 duobus,
2137 5044 2248 5105 sed
2285 5049 2373 5108 uti
2411 5067 2490 5109 ea:
2524 5064 2647 5108 uno
2693 5045 2850 5118 Deo,
2890 5045 3263 5107 naturaliter
3291 5051 3353 5106 et
3384 5043 3834 5108 essentialiter

571 5136 843 5198 exsistit.
882 5159 910 5190 ιι

651 5248 904 5328 (3.)Sed
930 5251 1241 5328 scriptum
1271 5260 1361 5311 est
1387 5249 1601 5332 (verba
1647 5262 1794 5313 sunt
1831 5254 1893 5314 in
1932 5255 2201 5332 epistola
2237 5256 2310 5317 al
2355 5258 2684 5320 Nicolaum
2741 5252 3126 5328 diaconum)
3163 5275 3178 5316 :
3213 5254 3503 5333 Spiritus
3557 5253 3721 5317 Filii
3769 5263 3838 5318 et

567 5349 849 5430 Spiritus
896 5346 1158 5408 Christi.
1195 5347 1279 5406 Et
1335 5367 1444 5427 ego
1495 5348 1790 5411 concedo.
1875 5349 2394 5428 Quandoquidem
2441 5364 2496 5416 et
2531 5357 2817 5433 Spiritus
2860 5353 3173 5421 veritatis,
3215 5359 3271 5411 et
3327 5351 3621 5429 Spiritus
3685 5352 3838 5416 vitae

574 5456 686 5506 est.
727 5442 992 5510 Addam,
1028 5455 1085 5502 et
1123 5444 1470 5522 sapientice,
1506 5456 1561 5506 et
1590 5446 2018 5524 fortitudinis.
2067 5449 2144 5509 At
2173 5468 2323 5516 non.
2390 5451 2560 5529 quod
2605 5451 2808 5514 veluti
2852 5471 2931 5513 ea:
2998 5468 3066 5510 eo
3111 5450 3430 5527 provenit,
3484 5454 3544 5522 ιε
3606 5459 3836 5514 ἐκεῖνοι»

573 5552 801 5622 προῖὼν,
847 5541 956 5602 sed
983 5539 1149 5621 quod
1168 5544 1481 5621 proprius
1521 5546 1697 5606 illius
1741 5556 1830 5605 est
1871 5546 2198 5625 (cognatus
2227 5549 2389 5608 enim
2447 5557 2559 5619 est,
2591 5568 2719 5610 non
2742 5547 3131 5618 extraneus},
3175 5546 3244 5606 in
3279 5564 3344 5604 eo
3404 5547 3832 5625 conquiescit,

574 5647 661 5704 Ac
685 5643 870 5702 etiam
902 5641 1050 5719 quia
1103 5640 1178 5701 ab
1213 5642 1349 5720 ipso
1375 5641 1458 5702 ad
1492 5663 1590 5702 eos
1631 5645 1739 5722 qui
1769 5643 1948 5722 digni
1976 5655 2144 5716 sunt,
2178 5644 2480 5716 mittitur,
2510 5646 2714 5723 eisque
2743 5643 3166 5706 distribuitur
3199 5654 3254 5702 et
3285 5640 3478 5702 datur

661 5763 689 5795 α
722 5738 873 5800 Mihi
901 5737 1171 5811 videtur,
1212 5740 1300 5799 ait
1330 5740 1591 5812 Recens,
1620 5740 1683 5800 in
1725 5757 1862 5803 eam
1895 5742 2278 5802 sententiam
2337 5741 2663 5820 accepisse
2723 5741 3272 5820 TheOphylaclum
3318 5739 3477 5800 illud
3529 5749 3630 5820 οὐχ
3657 5749 3732 5812 ὡς
3765 5747 3834 5816 ιε

573 5847 786 5902 ικεῐνου
818 5842 1042 5909 προῖὼν,
1101 5855 1229 5899 non
1277 5835 1474 5900 veluti
1533 5855 1611 5899 ea:
1638 5857 1704 5898 eo
1767 5841 2166 5906 proveniens

2235 5854 2302 5900 ac
2371 5839 2427 5902 Si
2481 5838 2776 5910 dixisset,
2809 5849 2907 5913 οὐκ
2947 5850 3026 5909 ὡς
3070 5847 3129 5912 ἐξ
3182 5846 3393 5900 ἐκεῖνον
3447 5845 3828 5920 ἐκπορευόμι·
