4034 6664
1987 535 2022 564 κ
2051 539 2062 551 ι

243 643 324 705 ,85
701 573 704 576 ⁴
1101 631 1202 692 DE
1240 623 1833 692 'I‘HEOPHYLACTI
1873 623 2152 685 GESTIS
2195 625 2291 685 ET
2331 625 2705 688 SCRIP’I‘IS.
3481 623 3552 686 86

254 777 361 822 νον,
397 765 517 808 non
570 744 766 806 veluti
821 762 902 805 ex
961 760 1028 802 eo
1067 738 1444 820 procedens.
1507 738 1642 800 [loc
1693 736 1869 798 enim
1946 735 2102 798 satis
2139 734 2724 809 indicatinductio,
2758 735 2820 797 in
2888 754 3013 815 qua
3065 740 3187 798 ait:
3247 737 3360 796 sed
3401 742 3550 794 tan-

251 867 425 932 quam
479 845 586 926 qui
628 843 706 906 ab
763 843 903 922 ipso
961 839 1178 920 dignis
1207 839 1516 910 mittitur,
1551 835 2009 916 suppeditatur
2039 842 2095 896 et
2127 833 3051 932 communicatur-shaseenim
3075 831 3297 932 omnia
3329 848 3362 893 a
3384 848 3552 909 pro-

249 925 713 1023 cedente(juxta
745 937 1335 1020 TheOphylactum)
1361 935 1934 1013 distinguuntur...
1955 930 2302 1005 Quomodo
2318 947 2475 1010 ergo
2503 930 2736 1010 poterit
2761 929 3080 1009 Bulgarus
3104 925 3280 990 Italis
3309 933 3568 989 contra-

248 1043 450 1106 dicere
482 1033 953 1109 asserentibus,
987 1032 1294 1113 Spiritum
1326 1032 1682 1110 procedere
1715 1047 1795 1092 ex
1812 1026 2002 1098 Filio,
2036 1027 2089 1088 si
2127 1043 2248 1088 nos
2287 1027 2799 1102 ostenderimus,
2829 1027 2999 1089 inter
3025 1024 3374 1102 theologos
3396 1037 3559 1100 prm-

249 1139 472 1216 cipuos
496 1143 558 1197 et
590 1130 1052 1197 celeberrimos
1079 1138 1303 1209 aperte
1336 1138 1395 1191 et
1424 1127 1634 1207 palam
1685 1123 2070 1196 asseverari,
2127 1124 2463 1205 Spiritum
2495 1127 2841 1204 prouenire
2877 1144 2961 1186 ex
2993 1124 3192 1193 Filio,
3221 1132 3285 1186 τὸ
3313 1128 3546 1199 Πνεῦμα

249 1236 450 1308 προϊὼν
482 1233 543 1301 ἑξ
580 1232 753 1288 Υιοῠτ
787 1228 1240 1289 Verumtamen
1289 1222 1608 1301 Spiritum
1661 1221 2004 1299 provenire
2044 1242 2083 1282 a
2131 1221 2329 1296 Filio,
2364 1223 2522 1285 satis
2557 1241 2590 1284 a
2639 1240 2742 1285 me
2817 1232 3004 1285 antea
3037 1223 3558 1284 demonstratum

253 1325 338 1403 (in
387 1325 685 1388 oratione
719 1326 803 1387 De
845 1326 1080 1385 unione
1117 1319 1571 1390 Ecclesiarum,
1605 1317 1670 1380 in
1699 1317 2124 1399 Epigraphis,
2153 1319 2445 1400 etalibi.)
2583 1321 2865 1396 Quidam
2910 1320 3088 1382 enim
3133 1336 3212 1380 ex
3262 1317 3562 1380 Patribus

247 1421 573 1500 inquiunt.
624 1441 664 1482 a
727 1420 893 1483 Filio
922 1416 1150 1481 habere
1185 1434 1314 1476 esse
1336 1414 1656 1493 Spiritum
1681 1461 1695 1475 .
1730 1461 1744 1474 .
1783 1456 1796 1470 .
1824 1413 2014 1487 alius,
2053 1435 2131 1477 ea:
2165 1418 2336 1478 Filio
2371 1436 2497 1478 esse
2531 1438 2553 1477 :
2599 1417 2711 1478 ille
2747 1433 2926 1492 vero,
2972 1435 3052 1478 ccc
3092 1412 3264 1477 Filio
3296 1423 3566 1490 natura-

247 1516 392 1579 liter
420 1528 478 1579 et
498 1515 928 1582 essentialiter
943 1511 1390 1585 esse:etalius,
1417 1530 1596 1572 suam
1624 1513 2018 1592 hypostasim
2034 1512 2259 1574 habere
2292 1533 2374 1574 ea:
2406 1515 2680 1577 essentia
2701 1516 2861 1576 Filii
2878 1535 2895 1580 :
2922 1530 3234 1593 quorum,
3265 1511 3561 1591 inquam,

248 1613 591 1677 verborum
619 1614 862 1676 nullam
886 1613 1024 1690 ipse
1051 1595 1634 1689 [Theophytactus]
1666 1607 2062 1670 mentionem
2087 1608 2258 1670 facit.
2287 1633 2314 1666 lo
2341 1611 2491 1672 Haec
2522 1611 2705 1673 Becci
2727 1609 3404 1674 refutationissumma
3439 1616 3561 1670 est.

323 1709 434 1787 (ὃ.)
483 1712 666 1773 Hanc
708 1727 890 1772 suam
947 1709 1066 1770 hoc
1101 1709 1244 1769 loco
1277 1706 1594 1776 traditam,
1633 1705 2088 1784 profertetiam
2123 1707 2443 1786 Bulgarus
2476 1709 2839 1770 doctrinam
2873 1709 2934 1770 in
2971 1705 3447 1770 commentario
3480 1705 3558 1765 ad

247 1813 432 1881 caput
467 1825 544 1868 ιιι
609 1807 918 1868 Joannis:
953 1805 1085 1868 Nos
1120 1802 1416 1884 dﬁimus,
1451 1802 1787 1882 inquiens,
1816 1801 2184 1881 quodaliud
2219 1805 2305 1866 sit
2346 1823 2477 1864 esse
2522 1825 2602 1868 ex
2638 1807 2940 1885 quopiam
2971 1814 3028 1866 et
3053 1805 3238 1864 aliud
3272 1823 3404 1864 esse
3456 1823 3566 1862 cu-

240 1898 571 1979 jusdam...
609 1903 815 1966 Habet
857 1909 1064 1962 autem
1085 1899 1404 1978 Spiritum
1442 1899 1652 1960 Filius
1699 1898 2216 1962 substantialiter
2248 1910 2303 1962 et
2339 1901 2966 1963 consubstantialem
2991 1901 3143 1962 sibi.
3179 1902 3470 1980 Utroque
3500 1901 3564 1959 in

253 1997 390 2060 loco
417 1999 827 2062 invehuntur
869 1998 1077 2079 plura,
1131 2013 1277 2074 qum
1315 1997 1378 2057 in
1409 2005 1624 2076 partes
1653 1996 1895 2058 tributa
1944 1996 2364 2075 diligentiore
2399 1999 2622 2061 studio
2676 1998 3097 2060 discutienda
3124 2008 3303 2058 sunt.
3381 2000 3568 2057 Invo-

246 2103 405 2157 ctam
451 2095 953 2160 distinctionem
1015 2093 1305 2174 proﬂigat
1367 2093 1626 2156 Manuel
1693 2093 1918 2157 Caleca
1985 2095 2049 2156 in
2108 2097 2267 2158 libro
2327 2108 2554 2157 contra
2600 2097 2858 2159 Graecos
2889 2097 3096 2174 capite
3147 2098 3252 2168 22,
3290 2095 3403 2158 ubi
3451 2095 3571 2158 hoc

248 2190 472 2267 probat
528 2193 822 2273 egregie,
882 2209 1011 2254 non
1039 2208 1229 2270 posse
1305 2191 1428 2253 ista
1460 2193 1612 2266 dici,
1639 2192 1958 2272 Spiritum
1988 2204 2278 2254 sanctum
2311 2213 2441 2254 esse
2479 2195 2636 2256 Filii
2688 2195 3034 2272 Spiritum,
3060 2193 3158 2254 vel
3226 2194 3572 2274 proprium

248 2287 427 2363 Filii,
456 2290 596 2353 nisi
627 2291 944 2370 principii
981 2296 1043 2352 et
1092 2288 1227 2368 ejus
1245 2287 1418 2366 quod
1445 2290 1660 2352 oritur
1688 2288 2095 2368 aprincipio,
2142 2287 2313 2348 inter
2342 2289 2556 2349 ambos
2603 2286 2955 2350 intercedat
3000 2288 3200 2347 ratio.

323 2383 721 2461 (Primum,
773 2388 1016 2469 inquit,
1057 2391 1207 2470 quia
1247 2395 1627 2469 ἀναφορικῶς,
1659 2387 1722 2448 id
1757 2385 2222 2448 estsecundum
2251 2385 2648 2458 relationem,
2681 2392 3096 2459 usurpentur
3151 2384 3309 2444 ista:
3347 2392 3408 2444 at
3462 2403 3575 2444 rc-

247 2477 400 2544 latio
457 2483 650 2547 nulla
699 2493 796 2546 est
847 2485 913 2548 in
936 2487 1204 2562 divinis,
1240 2487 1369 2550 nisi
1420 2486 1768 2563 exorigine
1813 2481 2032 2563 petita.
2072 2479 2349 2553 Deinde,
2383 2499 2531 2542 cum
2561 2499 2751 2541 unum
2773 2482 3045 2542 alterius
3079 2481 3235 2553 dici,
3301 2481 3575 2544 vel-hoc

245 2575 434 2656 hujus
479 2582 859 2658 proprium,
899 2581 963 2644 in
1011 2583 1250 2646 divinis
1295 2581 1562 2664 (rejecla
1602 2579 1850 2641 scilicet
1899 2578 2190 2648 materia,
2247 2588 2308 2638 et
2346 2577 2422 2638 iis
2457 2578 2711 2656 rejectis
2765 2595 2914 2655 qum
2952 2579 3287 2640 materiam
3334 2595 3574 2640 consc-

244 2677 600 2758 quuntur),
639 2694 856 2758 neque
899 2689 1198 2758 tanquam
1225 2679 1570 2741 membrum
1638 2693 1854 2756 neque
1893 2683 1964 2737 ut
2011 2676 2352 2752 possessio,
2415 2695 2631 2756 neque
2696 2679 2951 2740 ratione
3005 2678 3284 2758 alicujus
3354 2679 3572 2738 excel-

245 2698 600 2758 quuntur),
639 2698 856 2758 ηθῳιο
899 2698 1198 2758 tanquam
1225 2698 1570 2741 memorum
1638 2698 1854 2756 neque
1893 2698 1963 2737 ιιι
2011 2698 2352 2752 ροεεεδειο,
2415 2698 2631 2756 neque
2696 2698 2951 2740 ratione
3005 2698 3174 2738 aucu
3213 2698 3284 2737 us
3354 2698 3572 2738 σεται·-

245 2765 475 2844 lentiae,
511 2778 619 2835 vel
656 2773 928 2838 alterius
959 2779 1347 2858 cujuspiam,
1381 2773 1680 2838 atlirmari
1712 2781 1908 2853 queat
1941 2791 1957 2830 :
1991 2774 2104 2835 sed
2131 2775 2382 2836 ratione
2410 2777 2546 2835 sola
2583 2777 2925 2856 principii,
2960 2787 3018 2837 et
3053 2698 3200 2858 ejul’
3219 2776 3387 2854 quod
3418 2786 3509 2836 est
3540 2797 3579 2835 α

238 2868 605 2948 principio,
638 2873 701 2932 in
733 2889 866 2951 quo
905 2891 1107 2936 unum
1139 2874 1220 2935 ab
1241 2875 1444 2936 altero
1473 2870 1758 2933 discerni
1796 2870 2414 2947 comprehendimus
2444 2895 2460 2944 ;
2489 2873 2915 2953 perspicuum
2958 2899 2966 2926 ι
2996 2883 3077 2944 st,
3105 2891 3252 2933 cum
3293 2873 3579 2934 (“licinius

241 2962 566 3041 Spiritum
606 2977 896 3029 sanctum
919 2971 1263 3049 proprium
1313 2988 1441 3030 esse
1507 2968 1690 3039 Filii,
1721 2966 1785 3028 id
1807 2967 1945 3028 sola
1971 2966 2076 3029 illa
2112 2969 2437 3048 principii
2466 2971 2724 3030 ratione
2758 2968 3321 3049 dictumintclligi
3359 2987 3574 3047 posse.

243 3059 384 3123 Non
421 3064 607 3126 enim
644 3065 884 3129 idcirco
914 3067 998 3128 ita
1028 3067 1359 3147 loquimur
1376 3067 1554 3148 quod
1574 3065 1707 3127 sint
1740 3065 2020 3127 invicem
2056 3072 2361 3143 ὀμοοὺσιοι,
2395 3065 2460 3127 id
2494 3073 2615 3140 est,
2649 3065 2922 3148 ejusdem
2951 3067 3364 3129 substantiae:
3392 3068 3575 3147 quia,

249 3154 302 3216 si
337 3175 493 3221 vera
565 3160 701 3224 hmo
742 3172 917 3226 esset
947 3164 1128 3239 ratio,
1168 3181 1297 3227 non
1326 3164 1540 3226 minus
1586 3163 1800 3225 Filius
1853 3163 1980 3226 dici
2023 3172 2246 3242 posset
2303 3181 2437 3224 esse
2471 3162 2762 3243 Spiritus
2795 3165 3033 3240 sancti,
3078 3165 3179 3228 vel
3241 3165 3378 3246 ejus
3411 3183 3580 3245 pro-

243 3256 462 3332 prius,
520 3276 722 3339 quam
767 3257 870 3322 hic
923 3261 1341 3342 illiuszquod
1363 3270 1460 3323 est
1497 3260 1895 3322 inauditum.
1931 3284 1960 3319 »

323 3355 547 3418 Sancti
618 3359 831 3420 Patres
870 3359 1107 3421 Gracia
1137 3357 1376 3420 linenee
1414 3355 1630 3420 favent
1672 3356 2112 3437 apertissime.
2177 3356 2578 3420 Athanasius
2621 3358 2687 3420 in
2753 3358 3034 3436 epistola
3089 3361 3117 3420 1
3157 3359 3236 3420 ad
3274 3357 3581 3438 Serapio;

246 3466 422 3528 nem,
465 3470 658 3516 num.
680 3455 763 3517 25
785 3473 801 3512 :
825 3477 854 3511 ε
878 3458 1072 3518 Porro
1092 3456 1148 3518 si
1171 3447 1406 3531 Filius,
1443 3455 1681 3536 inquit,
1702 3454 1854 3534 quia
1881 3461 1978 3517 est
2011 3473 2085 3516 ex
2105 3458 2311 3530 Patre,
2333 3456 2603 3536 pr0pius
2627 3456 2868 3520 idcirco
2889 3457 3183 3537 ejusdem
3208 3458 3406 3535 [XLI]
3430 3460 3587 3520 sub-

245 3549 511 3612 stantias
545 3561 694 3613 est:
759 3567 1028 3614 necesse
1089 3559 1187 3614 est
1241 3552 1550 3614 similiter
1589 3549 1934 3631 Spiritum,
1980 3553 2090 3632 qui
2118 3572 2194 3615 ex
2243 3556 2378 3615 Deo
2430 3571 2574 3616 esse
2613 3553 2891 3629 dicitur,
2933 3552 3270 3633 proprium
3313 3571 3584 3635 quoque

244 3644 393 3706 Filii
440 3663 600 3710 esse
632 3647 997 3710 secundum
1040 3648 1495 3711 substantiam.
1533 3671 1562 3704 η
1593 3650 1771 3711 Sicut
1797 3647 2004 3710 Filius
2035 3650 2340 3729 prOprius
2379 3660 2477 3712 est
2512 3649 2715 3713 Patris
2749 3654 3117 3713 secundum
3149 3651 3582 3714 substantiam

244 3741 404 3820 quia
430 3761 517 3806 ex
551 3747 737 3807 Patre
785 3753 902 3813 est,
954 3745 1039 3807 ita
1071 3747 1346 3826 Spiritus
1381 3746 1670 3826 procedit
1703 3762 1780 3808 ex
1813 3744 2003 3821 Filio,
2036 3747 2185 3826 quia
2220 3747 2527 3828 proprius
2584 3765 2853 3828 quoque
2911 3747 3060 3810 Filii
3090 3757 3188 3809 est
3215 3751 3582 3811 secundum

245 3838 718 3903 substantiam.
774 3843 852 3904 Et
881 3843 1164 3923 Spiritus
1203 3843 1476 3924 quidem
1521 3843 1766 3906 dicitur
1788 3862 1869 3903 ea:
1898 3844 2029 3905 Deo
2064 3827 2382 3907 essefsed
2410 3847 2594 3908 Pater
2624 3855 2685 3908 et
2715 3827 2928 3908 Filius
2968 3845 3036 3908 in
3070 3845 3437 3908 divinitatis
3482 3863 3584 3910 ra-

253 3936 440 4001 tione
499 3948 665 4002 sunt
705 3958 908 4003 unum
942 3964 956 4018 ;
989 3941 1212 4022 itaque
1250 3942 1530 4022 Spiritus
1556 3960 1635 4005 ex
1686 3943 1868 4004 Patre
1902 3950 2024 4016 est,
2081 3943 2371 4022 itemque
2400 3961 2480 4006 ex
2516 3943 2716 4006 Filio.

333 4055 404 4116 In
451 4054 632 4120 hanc
671 4059 1062 4121 sententiam
1104 4057 1557 4121 illustrandam
1603 4065 1777 4119 totus
1811 4065 1908 4119 est
1942 4057 2232 4136 Cyrillus
2265 4057 2781 4120 Alexandrinus.
2832 4056 3101 4121 Decimo
3153 4059 3216 4120 in
3264 4060 3586 4122 Joannem

249 4147 425 4215 libro
466 4171 623 4233 pag.
657 4155 802 4224 9l0,
832 4155 921 4216 ait
955 4178 970 4217 :
1012 4179 1041 4212 α
1080 4158 1241 4219 Ecce
1275 4174 1420 4219 cum
1451 4155 1721 4236 (Filius)
1757 4154 2074 4234 Spiritum
2111 4154 2509 4226 veritatis,id
2544 4165 2642 4217 est
2676 4174 2900 4228 suum,
2966 4155 3369 4218 l’aracletum
3405 4157 3591 4219 dixe-

250 4250 360 4324 rit,
389 4269 428 4313 a
471 4256 670 4317 Patre
699 4253 836 4333 ipse
864 4253 953 4316 ait
990 4255 1368 4334 procedere.
1407 4255 1588 4332 Sicut
1613 4255 1792 4316 enim
1827 4254 2132 4332 preprius
2161 4263 2260 4316 est
2298 4253 2452 4314 Filii
2488 4253 2778 4332 Spiritus
2820 4254 3229 4328 naturaliter,
3267 4264 3329 4315 et
3357 4255 3422 4315 in
3449 4255 3592 4331 ipso

243 4351 626 4424 exsistens,
660 4350 730 4406 δι’
751 4350 920 4406 αὑτοῦ
953 4351 1182 4424 προῖὼν,
1229 4370 1338 4431 per
1384 4353 1602 4431 ipsum
1643 4368 1836 4431 prove

1999 4368 2040 4412 is
2076 4351 2209 4431 (aut
2241 4350 2654 4430 procedens),
2690 4352 2774 4413 ita
2799 4351 2992 4413 etiam
3038 4351 3266 4412 Patris.
3305 4375 3330 4406 η
3362 4352 3592 4431 Agitur

244 4446 394 4510 sine
424 4449 646 4512 dubio
686 4449 767 4510 de
813 4449 1060 4527 Spiritu
1104 4449 1488 4512 naturaliter
1527 4449 1678 4511 Filii
1711 4449 1999 4529 prOprio,
2036 4449 2202 4509 etin
2242 4449 2386 4526 ipso
2422 4449 2782 4511 exsistente
2821 4467 2833 4508 :
2889 4449 3189 4528 adeoque
3246 4451 3465 4528 agitur
3515 4453 3594 4513 de

243 4547 577 4618 naturali,
613 4566 688 4611 ac
729 4559 999 4620 aeterna,
1063 4557 1124 4610 et
1187 4549 1609 4612 substantiali
1652 4549 1795 4628 ejus
1857 4565 1892 4609 a
1952 4549 2135 4607 Patre
2176 4543 2597 4622 processione
2646 4564 2757 4623 per
2788 4545 3063 4606 Filium.
3114 4548 3189 4606 Et
3228 4565 3374 4625 pag.
3411 4547 3534 4608 925
3577 4570 3592 4608 :

245 4665 278 4699 ε
323 4644 634 4724 Spiritus
667 4651 930 4708 sanctus
973 4645 1154 4708 nullo
1190 4649 1384 4708 modo
1421 4645 1500 4708 ab
1530 4645 1870 4725 Unigeniti
1903 4643 2268 4708 substantia
2306 4642 2569 4704 alienus
2604 4643 3034 4724 intelligitur.
3069 4644 3193 4706 Sed
3247 4634 3467 4715 npésici
3495 4663 3596 4714 φυ-

248 4741 433 4806 σικῶς
462 4742 534 4808 ἐξ
563 4741 767 4814 αὐτῆς.
803 4760 878 4806 ex
917 4761 991 4806 ea
1027 4744 1415 4807 naturaliter
1448 4746 1752 4824 provenit
1786 4745 1891 4824 (ex
1940 4761 2040 4815 ea,
2116 4742 2362 4822 inquit,
2421 4742 2762 4815 Unigeniti
2815 4742 3227 4804 substantia:
3271 4745 3446 4820 quod
3500 4749 3598 4804 est

243 4838 432 4902 idem
473 4850 688 4918 atque
720 4857 802 4902 ex
833 4839 980 4919 ipso
1014 4841 1420 4923 Unigenito),
1486 4843 1826 4904 identitate
1887 4851 2139 4904 natura:
2195 4840 2378 4902 aliud
2414 4839 2580 4902 mhil
2625 4842 2704 4900 ab
2745 4841 2889 4919 ipso
2921 4841 3279 4914 exsistcns,
3319 4843 3468 4901 tiret
3529 4843 3594 4902 in

243 4937 527 5017 pmpria
577 4954 855 5014 persona
886 4937 1704 5019 subsistereintelligatur.
1744 4965 1772 4995 »
1821 4937 1939 5001 Ubi
1978 4939 2515 5019 praepositionem
2575 4956 2694 5018 per
2765 4937 2905 5000 loco
2957 4938 3174 5017 priore
3209 4938 3594 5012 adhibitam,

247 5043 465 5097 mutat
510 5036 621 5108 in,
655 5053 760 5109 ex,
805 5036 1151 5114 posteriori
1202 5036 1324 5098 hoc
1356 5037 1424 5098 in
1473 5038 1612 5097 loco

328 5130 452 5214 (-5.)
485 5131 803 5210 Quiaper
822 5133 1058 5194 Filium
1090 5132 1453 5195 hominibus
1471 5134 1962 5212 daturSpiritus
1988 5143 2645 5215 sanctus,propterea
2667 5135 2957 5212 Spiritus
2995 5135 3148 5197 Filii
3195 5143 3258 5196 ct
3286 5135 3598 5213 pr..prins

245 5229 445 5305 Filii,
488 5229 772 5292 dicitur.
811 5230 960 5291 Hau:
998 5231 1126 5291 alia
1161 5221 1632 5311 'l‘hc-Opli‘ylacti
1666 5233 2122 5312 interpretatio
2151 5248 2276 5306 est,
2339 5234 2823 5312 Scripturarum
2863 5232 3054 5293 verba
3105 5233 3179 5293 ad
3235 5234 3602 5293 missionem

244 5326 717 5407 temporalem,
752 5345 870 5389 seu
912 5328 1376 5391 charismatum
1445 5331 1863 5410 largitionem
1925 5332 2388 5411 detorquentis
2448 5331 2516 5393 in
2563 5333 2757 5393 citato
2791 5332 2866 5393 ad
2901 5332 3222 5392 Joannem
3261 5348 3598 5392 enimnon-

243 5423 446 5488 tario.
504 5449 538 5482 α
607 5425 730 5486 Sed
777 5425 898 5487 hoc
946 5435 1116 5488 stare
1177 5444 1306 5490 non
1370 5439 1581 5508 potest
1638 5428 1924 5507 (reponit
1983 5430 2536 5518 doctoraquinas
2575 5429 2952 5509 Opusculon
3010 5429 3259 5491 Contra
3293 5429 3597 5500 (Ira-cos).

243 5521 426 5585 Dicit
459 5521 653 5585 enim
682 5522 971 5601 Cyrillus
1003 5541 1206 5603 super
1233 5526 1556 5588 Joannem
1602 5549 1616 5588 :
1645 5527 1970 5606 Proprius
2005 5539 2097 5589 est
2125 5528 2419 5607 Spiritus
2453 5538 2716 5590 sanctus
2760 5529 2874 5589 Dei
2908 5528 3130 5591 Patris
3155 5550 3175 5589 :
3207 5528 3318 5590 sed
3359 5547 3486 5589 non
3512 5539 3604 5590 cst

240 5620 469 5682 minus
510 5619 640 5681 Dei
667 5619 864 5696 Filii;
899 5639 1029 5682 non
1054 5632 1352 5702 tanquam
1392 5625 1558 5684 alius
1622 5635 1679 5686 et
1746 5623 1916 5685 alius
1949 5626 2239 5706 Spiritus
2297 5636 2583 5688 sanctus.
2651 5625 2828 5686 Idem
2869 5625 3026 5687 dicit
3062 5627 3124 5686 in
3157 5625 3600 5686 exhortatoria

241 5716 596 5780 Sermone
630 5715 710 5778 ad
751 5716 1199 5781 Theodosium
1232 5720 1693 5799 imperatorem
1732 5725 2070 5802 :Spiritus
2127 5731 2412 5796 sanctus,
2480 5726 2649 5784 sicut
2711 5729 2804 5782 est
2840 5723 3153 5801 proprius
3207 5721 3452 5792 Patris,
3505 5723 3600 5782 sic

243 5823 307 5876 et
375 5816 457 5878 in
524 5817 804 5877 veritate
851 5824 946 5878 est
999 5818 1208 5896 ipsius
1281 5817 1465 5882 Filii.
1521 5820 1955 5901 (Testimonia
2015 5820 2230 5882 recole
2285 5819 2604 5900 superius
2659 5818 2990 5899 allegata.)
3046 5821 3108 5880 Si
3167 5836 3327 5897 ergo
3381 5818 3604 5879 Patris

243 5921 370 5984 est,
444 5927 598 5975 non
660 5911 880 5974 solum
936 5912 1092 5992 quia
1134 5914 1213 5977 ab
1267 5914 1413 5994 ipso
1471 5919 1921 5998 temporaliter
1981 5921 2172 5982 datur
2203 5927 2264 5982 et
2322 5919 2626 5992 mittitur,
2670 5918 2789 5980 sed
2852 5919 3046 5980 etiam
3099 5919 3254 5996 quia
3313 5918 3392 5979 ab
3459 5918 3601 5994 ipso

241 6007 666 6073 mternaliter
700 6008 997 6084 exsistit;
1033 6013 1256 6075 eadem
1276 6013 1468 6076 etiam
1499 6016 1748 6079 ratione
1782 6025 1844 6079 et
1872 6017 2029 6080 Filii
2061 6018 2233 6088 ‘erit,
2259 6017 2449 6098 quasi
2498 6017 2580 6078 ab
2609 6033 2687 6079 eo
2736 6015 3151 6077 mtcrnaliter
3174 6016 3521 6080 assistens.
3568 6043 3595 6074 υ

328 6105 454 6188 (6.)
489 6105 584 6168 Et
618 6125 731 6186 ego
757 6105 1031 6170 concedo
1065 6109 1305 6191 (inquit
1337 6112 1871 6194 'l‘licopliylaclus
1929 6119 1994 6178 in
2025 6116 2418 6197 cpistola-all
2473 6117 2813 6180 Nicolaum
2854 6115 3232 6194 diaconum)
3287 6133 3419 6176 esse
3471 6117 3609 6193 Spi-
