4034 6602
2018 327 2047 351 Ι

562 436 635 500 87
705 502 708 506 λ
1415 440 1639 539 BERN.
1682 439 1948 500 MARLR
1989 440 2084 502 DE
2118 440 2402 504 RUBEIS
2434 438 2938 502 DISSERTATIO
3752 428 3820 494 89

561 552 756 613 ritum
799 548 979 623 Filii,
1021 558 1075 611 et
1106 552 1393 612 veritatis
1429 560 1485 611 et
1514 540 1678 611 vita.
1732 550 1971 612 Addam
2021 562 2076 612 et
2107 553 2431 628 sapientia
2460 562 2516 613 et
2549 550 2981 632 fortitudinis.
3031 545 3200 623 Quid
3251 543 3401 605 inde
3464 538 3821 604 extundat?

564 644 1017 724 colligendum
1057 662 1292 724 nempe
1349 647 1727 724 censet,agi
1793 649 1871 707 de
1926 647 2413 708 charismatibus
2463 649 2652 720 datis,
2701 646 2904 708 veluti
2958 641 3319 723 sapientim,
3380 638 3815 711 fortitudinis,

564 739 815 801 timoris
886 740 1167 809 Domini,
1233 739 1535 817 aliisque.
1608 742 1791 802 Plura
1853 752 2001 804 sunt
2059 742 2649 814 animadvertenda,
2709 757 2853 818 quas
2905 737 3238 817 ignorabat
3274 734 3409 803 ille,
3463 733 3819 807 autsimu-

568 835 752 895 labat.
815 838 903 897 Ac
958 836 1229 910 primum
1275 836 1559 897 Joannes
1610 836 2129 915 Chrysostomus,
2180 837 2275 898 vel
2311 847 2532 900 auctor
2589 836 2861 897 Itomilia
2900 834 2973 893 de
3002 830 3258 911 Spiritu
3310 837 3531 889 sancto
3569 828 3817 888 numJ

566 930 826 992 nomina
864 930 1175 1009 ejusdem
1236 932 1521 1008 Spiritus
1567 932 1996 993 discernenda
2045 936 2228 995 docet
2285 957 2299 996 :
2361 944 2423 997 et
2474 952 2617 996 esse
2649 933 2913 1013 quidem
2949 930 3195 999 ὀνόματα
3246 931 3346 998 τῆς
3389 924 3681 995 discedam
3713 922 3816 991 φύ-

565 1043 727 1089 σεως.
777 1028 1033 1088 nomina
1076 1027 1419 1107 ineﬂ‘abilis
1475 1038 1741 1097 natura,
1800 1028 2113 1105 Spiritum
2170 1032 2307 1102 Dei,
2364 1033 2680 1109 Spiritum
2732 1030 3005 1102 Domini,
3038 1026 3351 1106 Spiritum
3398 1022 3642 1091 Patris,
3672 1020 3818 1100 Spi-

562 1124 762 1185 ritum
794 1124 977 1193 Filii,
1033 1126 1345 1203 Spiritum
1376 1124 1644 1196 Christi,
1670 1124 1985 1203 Spiritum
2047 1128 2209 1200 vita,
2246 1129 2560 1206 Spiritum
2591 1128 2883 1188 veritatis
2918 1146 2936 1186 :
2970 1116 3116 1186 esse
3161 1136 3313 1183 vero
3361 1132 3571 1180 creata
3625 1117 3816 1187 dona,

562 1219 861 1296 spiritum
889 1222 1178 1293 virtutis,
1212 1222 1513 1300 spiritum
1543 1221 1903 1294 eharitatis,
1934 1223 2233 1298 spiritum
2282 1224 2729 1301 temperantia,
2763 1222 3064 1300 spiritum
3097 1214 3570 1295 promissionis,
3620 1211 3821 1289 spiri-

564 1325 694 1375 tum
724 1314 1151 1391 revelationis,
1177 1319 1477 1396 spiritum
1492 1315 1859 1394 adoptionis
1882 1318 2181 1395 ﬁliorum.
2218 1320 2343 1380 Cur
2365 1334 2519 1395 ergo
2542 1317 2670 1378 huic
2697 1318 2959 1377 nomina
2998 1315 3221 1375 miscet
3259 1307 3819 1388 TheOpbylactus‘.’

565 1412 692 1471 Cur
724 1409 790 1471 in
821 1412 1169 1489 Scripturis
1194 1412 1709 1491 exprimentibus
1736 1412 2048 1491 Spiritum
2081 1414 2260 1479 Filii.
2280 1416 2593 1493 Spiritum
2620 1415 2783 1481 cita,
2806 1412 3117 1491 Spiritum
3149 1408 3463 1481 veritatis,
3492 1403 3818 1483 intelligat

562 1505 730 1567 dona
764 1515 968 1569 creata
993 1508 1021 1566 τ

642 1602 804 1663 Sane
864 1619 1009 1663 cum
1067 1602 1305 1665 dicitur
1349 1604 1635 1682 Spiritus
1703 1604 1885 1675 Filii,
1947 1612 2054 1665 aut
2109 1604 2393 1681 Spiritus
2446 1606 2687 1666 Christi
2774 1614 2830 1663 et
2883 1603 3155 1675 Domini,
3215 1616 3350 1664 non
3416 1597 3542 1658 alia
3600 1596 3818 1657 locum

566 1695 751 1757 habet
812 1698 1241 1775 intelligentia
1298 1708 1491 1771 recta,
1544 1700 1671 1762 nisi
1716 1717 1863 1779 quas
1920 1698 2230 1779 Spiritum
2293 1707 2615 1779 comparat
2670 1700 2745 1761 ad
2810 1698 3081 1769 Filium,
3139 1696 3316 1760 velut
3374 1695 3521 1774 ejus
3571 1688 3819 1771 princi—

566 1791 771 1869 pium.
808 1794 931 1855 Sed
972 1796 1163 1856 etiam
1198 1813 1343 1857 cum
1387 1796 1552 1859 dicis
1599 1797 1909 1874 Spiritum
1951 1796 2301 1874 sapientia,
2360 1804 2421 1856 et
2470 1797 2785 1875 Spiritum
2841 1794 3273 1876 fortitudinis,
3310 1791 3507 1854 obvio
3547 1785 3817 1869 aptissi-

568 1902 803 1965 moque
856 1905 1081 1953 sensu.
1106 1890 1421 1968 Spiritum
1476 1901 1759 1951 sanctum
1825 1888 2158 1969 exprimis,
2224 1890 2420 1951 veluti
2475 1910 2744 1959 causam,
2798 1906 2943 1969 quae
2989 1888 3399 1967 sapientiam,
3434 1892 3498 1947 et
3554 1882 3819 1951 lor-tilu-

568 1980 832 2053 dinem,
893 2000 965 2045 ac
1023 1983 1267 2046 similia
1321 1984 1700 2049 charismata
1757 1987 1823 2047 in
1900 1985 2087 2047 nobis
2137 1985 2347 2048 efﬁcit.
2436 1989 2719 2050 Praeterit
2786 1987 2923 2049 hinc
2999 1986 3218 2048 omnia
3279 1980 3817 2060 archiepisc0pns

558 2074 910 2153 ‘Bnlgarus.

650 2172 814 2234 Hinc
851 2190 999 2235 vero
1068 2173 1397 2253 colligitur
1447 2176 1713 2237 nomine
1768 2176 1900 2247 illa,
1958 2177 2242 2256 Spiritus
2307 2179 2659 2256 sapientia,
2706 2178 2993 2255 Spiritus
3043 2172 3473 2257 fortitudinis,
3527 2170 3818 2247 itemque

562 2266 948 2347 prudentia,
985 2268 1264 2345 consilii,
1304 2272 1603 2345 scientia,
1633 2273 1914 2351 pietatis,
1950 2273 2195 2333 timoris
2227 2272 2505 2346 Domini,
2542 2290 2672 2335 non
2730 2273 2942 2335 solum
2978 2272 3360 2335 charismata
3397 2267 3583 2330 nobis
3641 2282 3816 2329 com-

573 2365 893 2427 municata
933 2366 1325 2445 signiﬁcare,
1360 2375 1431 2430 ut
1468 2368 1925 2430 innuitauctor
1959 2368 2246 2430 humilia:
2276 2372 2506 2442 citatte,
2547 2387 2766 2431 verum
2803 2370 2994 2430 etiam
3030 2368 3309 2448 Spiritus
3341 2365 3550 2425 sancti
3595 2364 3815 2443 perso-

569 2474 713 2518 num
746 2481 765 2520 :
799 2478 1014 2538 neque
1062 2461 1226 2523 hanc
1256 2464 1698 2535 solummodo,
1734 2463 1932 2525 veluti
1966 2482 2215 2524 causam
2246 2466 2576 2537 donorum,
2608 2474 2676 2529 ut
2715 2466 3088 2529 dicebamus
3132 2486 3146 2524 :
3206 2463 3315 2524 sed
3348 2460 3569 2531 etiam,
3619 2457 3818 2519 veluti

571 2572 717 2634 quae
746 2556 1041 2634 ipsorum
1074 2558 1528 2620 charismatum
1570 2560 1816 2622 ratione
1842 2558 2112 2621 efﬁcitur
2142 2560 2209 2622 in
2256 2563 2442 2625 nobis
2472 2582 2631 2623 novo
2690 2563 2869 2623 modo
2902 2577 3209 2641 prasens,
3240 2574 3313 2620 ac
3346 2556 3539 2617 etiam
3574 2553 3819 2615 inhabi-

572 2660 715 2713 tans
752 2664 1047 2733 tanquam
1076 2656 1143 2715 in
1185 2653 1434 2731 templo,
1470 2672 1611 2715 cum
1646 2655 1895 2716 scilicet
1924 2656 2116 2717 donat
2149 2656 2518 2719 charitatem
2556 2655 3082 2717 sanctiﬁcantem.
3142 2653 3319 2713 Hanc
3353 2665 3472 2711 nos
3512 2662 3818 2708 vocamus

567 2748 927 2809 missionem
960 2748 1238 2822 Spiritus
1271 2750 1476 2812 sancti
1506 2752 1770 2829 proprie
1806 2750 2061 2825 dictam,
2092 2768 2237 2832 qum
2295 2761 2429 2815 tum
2467 2751 2948 2832 processionem
2985 2749 3127 2827 ejus
3158 2747 3362 2810 etiam
3399 2762 3431 2806 a
3466 2742 3639 2833 Filio
3670 2758 3820 2802 con-

568 2843 896 2923 sequitur,
952 2852 1084 2905 tum
1146 2845 1609 2926 TheOpbylacti
1668 2855 1727 2908 et
1782 2849 2149 2911 Graecorum
2204 2860 2637 2912 commentum
2677 2846 2944 2908 omnino
2981 2844 3186 2906 elidit.
3222 2844 3362 2917 Qua
3396 2842 3474 2903 de
3507 2856 3574 2901 re
3607 2838 3820 2901 adhuc

568 2938 864 3001 inferius.

652 3032 764 3117 (7.)
798 3035 1052 3098 Addere
1083 3036 1268 3098 aliam
1292 3037 1485 3098 etiam
1520 3038 1701 3099 liceat
1732 3038 2100 3101 Grmcorum
2134 3040 2753 3120 interpretationem,
2784 3039 3011 3115 utique
3038 3037 3346 3115 ineptam.
3371 3033 3586 3110 [XLll]
3619 3029 3818 3093 Aﬂ'ert

570 3146 707 3193 eam
742 3128 1029 3209 Aquinas
1067 3130 1209 3193 loco
1240 3133 1430 3193 citato
1472 3156 1486 3193 :
1525 3154 1553 3188 α
1589 3134 1804 3195 Potest
1835 3134 2073 3214 aliquis
2106 3135 2345 3206 dicere,
2388 3136 2557 3211 quod
2592 3134 2674 3193 sit
2704 3133 2993 3211 Spiritus
3027 3130 3307 3191 Christi:
3368 3127 3551 3206 quasi
3602 3127 3668 3187 in
3703 3126 3820 3187 ho-

571 3227 732 3288 mine
762 3226 1017 3290 Christo
1062 3228 1347 3307 plenaris
1417 3229 1803 3306 inhabitans,
1848 3231 2188 3293 secundum
2239 3228 2402 3291 illud
2440 3229 2621 3290 Luca
2650 3245 2711 3288 ιν
2747 3248 2759 3286 :
2792 3230 2978 3288 Jesus
3004 3224 3229 3305 plenus
3285 3222 3539 3301 Spiritu
3572 3230 3817 3293 sancto,

569 3340 896 3403 regressus
936 3332 1027 3384 est
1054 3342 1092 3383 a
1124 3324 1406 3387 Iordane
1430 3346 1449 3385 :
1480 3324 1553 3407 de
1583 3328 1765 3408 cujus
1788 3326 2189 3405 plenitudine
2222 3344 2336 3387 nos
2382 3344 2590 3387 omnes
2639 3326 3018 3402 accepimus,
3054 3330 3124 3381 ut
3167 3319 3407 3380 dicitur
3458 3319 3734 3380 Joannis
3770 3333 3817 3379 ι.

571 3421 719 3483 Hinc
748 3430 960 3483 autem
991 3423 1327 3502 responsio
1359 3424 1675 3486 sustineri
1723 3442 1854 3487 non
1881 3431 2128 3505 potest;
2172 3433 2239 3486 ut
2267 3423 2511 3485 scilicet
2542 3423 2655 3483 hac
2683 3432 2926 3480 tantum
2956 3419 3207 3478 ratione
3242 3415 3524 3494 Spiritus
3556 3422 3823 3476 sanctus

571 3516 824 3578 dicatur
866 3517 1153 3597 Spiritus
1193 3517 1460 3581 Christi.
1496 3520 1838 3582 Invenitur
1896 3520 2068 3582 enim
2125 3536 2160 3581 a
2204 3517 2578 3580 doctoribus
2631 3517 2997 3577 Graecorum
3034 3513 3274 3574 dictum
3322 3509 3497 3589 quod
3531 3510 3823 3589 Spiritus

572 3622 827 3673 sanctus
862 3622 950 3674 est
984 3615 1300 3677 naturalis
1344 3616 1630 3694 Spiritus
1682 3617 1863 3679 Filii.
1918 3616 2302 3696 (Aliqua’ex
2367 3611 2717 3673 Athanasio
2791 3620 2850 3671 et
2885 3628 2965 3671 ex
3016 3607 3285 3686 Cyrillo,
3353 3605 3824 3666 Alexandrinis

573 3708 923 3788 episc0pis,
957 3710 1325 3773 testimonia
1362 3712 1670 3789 superius
1708 3713 2121 3786 adduximus,
2170 3728 2242 3772 ac
2299 3708 2476 3788 plura
2512 3726 2658 3787 qum
2708 3707 2887 3787 paria
2920 3713 3095 3776 sunt,
3157 3706 3221 3763 in
3282 3710 3559 3780 utroque
3608 3718 3830 3763 oecur-

576 3805 777 3887 runt.)
810 3807 1091 3886 Spiritus
1126 3814 1339 3871 autem
1368 3828 1498 3870 non
1543 3820 1632 3871 est
1680 3808 1997 3872 naturalis
2052 3809 2223 3872 Filio
2255 3804 2588 3866 secundum
2626 3804 3097 3873 humanitatem,
3138 3800 3289 3880 quia
3352 3815 3478 3861 non
3544 3799 3828 3876 pertinet

572 3905 648 3965 ad
685 3912 973 3967 naturam
1008 3904 1427 3968 humanitatis
1464 3924 1477 3966 :
1514 3906 1625 3968 sed
1658 3908 1859 3984 gratis
1897 3926 1936 3966 a
1959 3907 2086 3967 Deo
2119 3906 2189 3967 in
2213 3910 2448 3963 natura
2478 3903 2746 3963 humana
2781 3897 3156 3980 effunditur.
3219 3898 3359 3958 Non
3390 3909 3552 3973 ergo
3616 3902 3829 3975 potest

575 4006 839 4078 propter
862 3998 983 4061 hoc
1016 4000 1143 4061 dici
1181 4002 1465 4080 Spiritus
1502 4000 1685 4077 Filii,
1723 4002 1879 4082 quia
1942 4003 2261 4065 Christum
2315 3999 2709 4063 excellenter
2772 3996 3047 4078 replevit
3113 3994 3476 4057 secundum
3516 3988 3827 4056 humani-

578 4101 790 4153 tatem.
819 4117 848 4151 ι)

659 4188 823 4250 Illud
856 4190 1047 4252 etiam
1080 4191 1465 4272 diligentius
1496 4186 2141 4259 animadvertendum
2174 4206 2293 4269 est,
2316 4196 2401 4257 ita
2436 4194 2742 4272 Spiritum
2774 4201 3065 4253 sanctum
3101 4186 3458 4269 replevisse
3493 4186 3829 4249 hominem

579 4284 939 4359 Christum,
975 4292 1199 4349 utnon
1234 4287 1447 4351 solum
1480 4288 1859 4353 charismata
1892 4291 1958 4351 in
1995 4291 2212 4371 ipsum
2238 4292 2441 4354 effusa
2476 4291 2871 4352 considerari
2906 4274 3225 4350 debeant:
3284 4287 3394 4347 sed
3454 4286 3601 4366 ipsa
3634 4286 3832 4347 etiam

581 4382 860 4460 Spiritus
881 4385 1078 4446 sancti
1122 4402 1419 4463 persona,
1451 4403 1598 4466 quas
1642 4388 1718 4449 ad
1746 4388 2100 4462 Christum,
2135 4397 2204 4451 ut
2252 4390 2443 4451 homo
2477 4396 2594 4459 est,
2629 4387 2870 4448 dicitur
2902 4387 3116 4455 missa,
3156 4383 3553 4459 praecipuum
3616 4389 3837 4445 teneat

580 4477 819 4541 locum.
850 4479 1031 4542 Unde
1075 4479 1309 4543 frustra
1337 4482 1464 4561 jam
1500 4485 1699 4547 Graeci
1734 4494 1907 4559 sunt,
1943 4486 2153 4565 quiin
2210 4486 2506 4546 missione
2560 4484 2845 4561 Spiritus
2896 4482 3101 4543 sancti
3156 4480 3318 4541 nihil
3382 4496 3528 4540 esse
3587 4478 3834 4541 deinde

583 4575 996 4651 arbitrantur,
1030 4577 1157 4638 nisi
1184 4578 1340 4639 doni
1376 4581 1570 4641 creati
1635 4580 2068 4643 efﬁcientiam.
2126 4581 2407 4657 Intelligi
2463 4580 2653 4640 etiam
2705 4579 2895 4638 debet
2937 4592 3215 4655 persona
3275 4573 3490 4652 ipsius
3545 4574 3835 4653 Spiritus

583 4672 780 4732 sancti
821 4695 834 4731 :
870 4678 939 4732 ut
971 4672 1102 4733 haec
1141 4689 1269 4734 non
1301 4674 1429 4737 alio
1462 4675 1749 4755 denique
1777 4678 1967 4738 modo
1997 4678 2166 4737 mitti
2198 4676 2473 4745 dicatur,
2516 4674 2637 4735 nisi
2678 4692 2785 4750 per
2816 4680 3115 4733 utet-nam
3148 4671 3655 4746 processionem,
3689 4685 3840 4751 quae

585 4764 993 4830 elﬁcientiam
1039 4769 1358 4831 donorum
1395 4770 1582 4833 habet
1613 4772 1677 4832 in
1714 4783 2022 4851 tempore.
2049 4772 2473 4833 Christianam
2501 4787 2573 4832 ac
2611 4768 3035 4847 theologicam
3069 4765 3427 4828 doctrinam
3454 4764 3587 4843 jam
3636 4782 3840 4845 expo-

587 4881 738 4925 nere
770 4883 840 4927 ac
871 4865 1201 4928 vindicare
1233 4884 1455 4946 pergo.

664 4978 769 5055 (8.)
802 4979 1224 5063 Existimatis,
1259 4981 1594 5060 procedere
1632 4982 1895 5060 perinde
1930 5002 2057 5043 esse
2087 5002 2159 5042 ac
2192 4983 2643 5043 communicari
2669 4989 2725 5041 et
2757 4980 2987 5040 do‘nari
3021 4976 3232 5055 (verba
3251 4987 3402 5038 sunt
3441 4976 3506 5038 in
3556 4977 3834 5053 epistola

583 5074 656 5135 ad
696 5074 1021 5135 Nicolaum
1055 5076 1442 5156 diaconum).
1496 5078 1583 5137 Et
1644 5080 1937 5156 quoniam
1980 5081 2330 5158 reperitur,
2380 5080 2667 5157 Spiritus
2735 5098 2771 5137 a
2818 5079 2987 5137 Filio
3041 5076 3211 5135 mitti
3244 5096 3262 5142 ;
3293 5090 3401 5133 vos
3456 5090 3674 5134 errare
3704 5091 3841 5136 non

586 5171 826 5248 putatis
853 5170 1135 5245 dicendo,
1176 5191 1309 5231 eum
1345 5184 1400 5233 et
1439 5193 1473 5231 a
1509 5175 1679 5235 Filio
1709 5177 2076 5253 procedere.
2120 5176 2339 5237 Verum
2368 5195 2493 5236 non
2526 5179 2619 5238 ita
2659 5195 2721 5235 se
2775 5194 2873 5235 res
2906 5173 3107 5235 habet.
3143 5173 3303 5235 Nam
3331 5171 3676 5249 procedere
3720 5172 3832 5233 de-

592 5266 789 5326 clarat
818 5267 1059 5329 modum
1093 5288 1213 5348 quo
1262 5270 1551 5350 Spiritus
1589 5289 1714 5331 esse
1738 5272 2023 5333 habet....
2075 5293 2145 5333 ac
2173 5275 2341 5335 mitti
2395 5274 2713 5353 signiﬁcat
2748 5270 3167 5331 abundantem
3196 5268 3509 5329 donorum
3541 5267 3837 5347 largitio-

584 5382 742 5435 nem,
775 5383 881 5423 seu
917 5363 1281 5441 effusionem
1341 5366 1695 5434 bonitatis:
1754 5388 1886 5448 qua
1943 5389 1980 5427 a
2012 5370 2201 5431 Patre
2238 5369 2488 5450 quidem
2525 5379 2637 5441 est,
2670 5369 2779 5429 sed
2807 5387 2844 5427 a
2879 5369 3041 5429 Filio
3084 5368 3152 5427 in
3184 5384 3284 5425 eos
3312 5366 3421 5446 qui
3452 5363 3639 5442 digni
3680 5374 3836 5428 sunt

586 5459 960 5539 e/I‘unditur,
985 5461 1205 5539 quibus
1240 5471 1296 5522 et
1323 5481 1440 5541 per
1483 5464 1721 5525 Filium
1751 5467 2188 5542 manifestatus
2248 5465 2511 5529 dicitur.
2567 5468 2656 5527 Ita
2695 5465 3242 5543 Theoiihylactus,
3297 5462 3409 5540 qui
3452 5461 3836 5524 Latinorum

587 5558 940 5617 doctrinam
976 5562 1192 5637 inepte
1219 5561 1507 5635 exponit.
1544 5562 1683 5623 Non
1722 5562 1899 5624 enim
1962 5563 2407 5627 existimamus
2466 5582 2614 5633 nos,
2647 5562 2986 5641 procedere
3034 5560 3299 5641 perinde
3351 5578 3503 5632 esse,
3572 5560 3836 5640 prepriu

584 5662 783 5730 utpar
808 5660 901 5713 est
932 5652 986 5713 si
1022 5654 1196 5731 loqui
1236 5654 1539 5725 velimus,
1566 5676 1637 5716 ac
1670 5657 1922 5727 donari,
1950 5663 2652 5735 communit'ari,mitti:
2677 5662 2929 5723 tametsi
2963 5660 3251 5721 divinam
3280 5672 3629 5737 personam
3668 5655 3836 5719 mitti

588 5753 868 5825 nequeat
902 5747 1181 5828 intelligi
1208 5750 1351 5812 sine
1380 5759 1617 5813 aeterna
1651 5756 2089 5831 processionc.

665 5845 805 5904 Duo
844 5844 1069 5907 durent
1100 5846 1328 5922 Latini,
1364 5848 1427 5910 in
1466 5850 1817 5912 missionem
1857 5856 2122 5929 proprie
2160 5854 2389 5919 dictam
2437 5869 2821 5917 concurrere
2861 5873 2875 5911 :
2909 5851 3203 5921 alterum,
3244 5850 3415 5926 quod
3479 5856 3577 5913 cst
3609 5846 3836 5927 sempi-
