4034 6646
236 663 302 727 89
1083 659 1181 720 DE
1215 655 1799 721 THEOPHYLACTI
1837 653 2112 718 GESTIS
2149 651 2246 713 ET
2289 649 2656 713 SCRIPTIS.
3460 637 3533 704 90

238 795 413 845 terna
441 777 767 858 processio
793 793 1104 857 personae,
1145 793 1288 853 qua;-
1322 774 1642 842 mittitur;
1692 778 1752 833 et
1804 771 2102 840 alterum,
2169 767 2343 847 quod
2381 775 2476 827 est
2537 773 2805 827 externa
2881 760 3100 839 aliqua
3159 756 3528 858 efﬁcientia,

238 878 370 940 sive
411 854 650 937 incidat
686 854 812 938 sub
846 892 1107 946 sensus,
1144 881 1211 934 ut
1243 885 1395 933 cum
1437 872 1716 932 Verbum
1752 867 2145 931 humanitate
2201 873 2501 941 suscepta
2567 861 2869 942 apparuit
2923 857 3328 927 hominibus,
3389 854 3530 917 sive

239 971 508 1035 interius
542 972 625 1032 sit
658 980 718 1032 et
758 989 883 1032 non
917 967 1305 1047 aspectabile
1339 967 1510 1046 quod
1547 964 1784 1043 agitur,
1822 973 1887 1023 ut
1924 981 2070 1025 cum
2123 962 2403 1039 Spiritus
2435 969 2699 1022 sanctus
2751 959 2825 1020 ad
2856 956 3146 1019 ﬁdelium
3216 952 3356 1014 sive
3412 951 3525 1031 jn-

236 1077 472 1130 storum
513 1085 843 1146 quemque
886 1066 1160 1127 mittitur
1225 1065 1386 1124 llinc
1420 1063 1628 1129 Pater,
1665 1061 1779 1139 qui
1845 1076 1972 1121 non
2027 1058 2214 1120 habet
2272 1075 2302 1117 a
2340 1073 2470 1136 quo
2531 1056 2854 1132 procedat,
2910 1066 3235 1127 nusquam
3293 1048 3531 1146 missus

236 1165 497 1236 dicitur;
529 1141 601 1226 ac
638 1141 817 1224 missi
848 1164 1156 1223 dicuntur
1186 1160 1389 1221 Filius
1424 1170 1476 1220 et
1507 1159 1796 1236 Spiritus
1830 1165 2111 1227 sanctus,
2171 1155 2325 1233 quia
2391 1153 2773 1229 procedunt.
2812 1151 3096 1211 Rursum
3126 1145 3370 1217 missio,
3421 1141 3535 1204 do-

234 1263 428 1322 natio.
467 1261 957 1321 communicatio
997 1258 1442 1319 auctoritatem
1476 1273 1546 1316 ac
1579 1259 1952 1331 potestatem
1984 1250 2362 1328 exprimunt
2395 1249 2458 1308 in
2494 1248 2802 1319 mittente,
2844 1253 2900 1305 et
2933 1244 3234 1314 donante,
3277 1249 3332 1300 et
3369 1257 3535 1299 com-

236 1359 617 1418 municante.
651 1357 935 1434 Ecquam
976 1371 1129 1414 vero
1172 1361 1546 1430 potestatem
1609 1349 2135 1411 auctoritatemve
2192 1347 2387 1407 Pater
2451 1344 2637 1406 habet
2686 1343 2755 1402 in
2812 1339 3075 1412 Filium,
3131 1346 3190 1397 et
3248 1336 3445 1434 Pater
3478 1341 3534 1393 et

235 1454 439 1514 Filius
467 1455 534 1514 in
565 1431 888 1532 Spiritum
939 1460 1252 1521 sanctum,
1298 1449 1420 1510 nisi
1460 1450 1621 1509 hanc
1654 1465 1797 1524 quae
1839 1453 1934 1508 est
1962 1444 2288 1521 principii
2327 1440 2504 1504 notio
2539 1451 2601 1502 et
2642 1439 2915 1518 originis
2942 1439 2971 1498 ?
3005 1438 3229 1514 Itaque
3291 1431 3536 1494 Filium

235 1551 404 1611 mitti
434 1571 470 1608 a
511 1551 702 1610 Patre
735 1557 828 1610 est
859 1549 1034 1627 gigni
1056 1547 1294 1608 Filium
1324 1554 1616 1607 naturam
1649 1541 1932 1604 hominis
1954 1541 2471 1616 assumpturum,
2495 1544 2563 1599 et-
2588 1553 2710 1598 suo
2741 1545 3031 1612 tempore
3058 1538 3530 1604 assumentem,

236 1654 292 1708 et
334 1649 503 1708 mitti
534 1625 1177 1725 Spiritumfsa-nctum
1214 1649 1312 1702 est
1345 1640 1692 1716 procedere
1727 1638 1942 1716 ipsum
1996 1653 2142 1698 cum
2197 1634 2540 1696 eflicientia
2601 1630 2855 1694 externi
2917 1629 3163 1708 Operis,
3219 1625 3398 1706 quod
3456 1625 3527 1686 in

239 1750 514 1818 tempore
553 1744 885 1822 impletur.
911 1745 1047 1802 Jam
1074 1744 1320 1802 constat
1353 1738 1683 1817 quomodo
1708 1735 2102 1814 sempiterna
2140 1734 2470 1813 processio
2498 1734 2559 1794 in
2588 1731 2969 1794 missionem
2995 1726 3256 1809 proprie
3287 1725 3520 1788 dictam

235 1849 592 1900 COIICUI‘FBL

311 1942 384 1993 At
410 1935 762 2013 procedere
787 1933 1069 1995 declarat
1113 1932 1404 2004 mod-um,
1471 1930 1724 2010 inquis,
1771 1946 1906 2010 quo
1958 1931 2249 2010 Spiritus
2309 1949 2432 1990 esse
2464 1928 2669 1991 habet.
2728 1928 2822 1988 lla
2869 1924 3146 1995 scilicet,
3179 1929 3250 1984 ut
3278 1933 3539 2013 proces-

236 2029 734 2109 sioneSpiritus
769 2030 997 2091 habeat
1032 2047 1200 2101 esse,
1252 2047 1371 2091 seu
1430 2026 1716 2090 divinam
1786 2019 2057 2106 accipiat
2105 2027 2458 2088 essentiam
2497 2047 2510 2084 :
2556 2035 2622 2086 et
2679 2023 2746 2084 id
2795 2021 2989 2085 etiam
3023 2018 3323 2098 accipiat,
3359 2012 3536 2094 quod

237 2132 326 2184 est
389 2125 644 2188 efﬁcere
704 2136 967 2186 externa
1053 2126 1514 2187 charismatum
1572 2141 1790 2203 opera.
1867 2126 1942 2185 At
2012 2122 2206 2194 mitti,
2267 2122 2478 2193 addis,
2548 2118 2980 2182 abundantem
3029 2114 3356 2195 signiﬁcat
3413 2109 3534 2171 do-

236 2239 455 2280 norum
525 2223 956 2300 largitionem.
1018 2225 1260 2300 Nempe
1311 2223 1643 2299 processio
1702 2222 2098 2298 sempiterna
2169 2219 2294 2279 sub
2353 2217 2625 2280 nomine
2685 2233 2758 2279 ac
2805 2221 3107 2293 respectu
3184 2209 3534 2280 missionis,

237 2318 511 2394 quodam
567 2319 764 2379 modo
839 2316 1202 2396 completur
1259 2331 1523 2380 externa
1574 2317 1920 2380 efﬁcientia
1981 2317 2118 2379 sive
2170 2315 2411 2380 actuali
2462 2316 2788 2377 donorum
2831 2309 3187 2390 largitione
3258 2308 3325 2368 in
3375 2314 3536 2366 tem-

239 2432 407 2493 pore.

313 2513 488 2573 Hanc
539 2511 948 2574 efﬁcientiam
1027 2518 1379 2581 externam,
1416 2511 1469 2571 si
1527 2527 1832 2588 per'sese
1879 2521 2133 2590 sumpta
2198 2529 2269 2573 ac
2315 2511 2514 2572 veLuti
2559 2508 2853 2589 sejuncta
2910 2523 2940 2568 a
2981 2519 3281 2584 personae
3318 2499 3536 2561 missas

239 2610 656 2684 processione
691 2609 1172 2681 consideretur,
1221 2608 1594 2685 Scriptum,
1657 2609 1895 2682 Patres,
1939 2609 2225 2687 theol05i
2287 2617 2511 2669 vocant
2565 2607 2928 2667 missionem
2986 2603 3198 2664 minus
3269 2597 3536 2677 proprie

236 2702 460 2763 dictam
490 2727 508 2772 ,-
537 2722 673 2784 quo
711 2705 939 2782 utique
974 2704 1312 2764 missionis
1353 2704 1711 2777 intellectu,
1747 2706 1991 2766 dictum
2029 2706 2418 2783 reperimus,
2453 2704 2624 2764 mitti
2661 2701 2901 2763 Filium
2932 2719 2970 2759 a
3000 2698 3256 2777 Spiritu
3286 2701 3532 2769 sancto,

239 2818 304 2860 ac
341 2799 580 2861 Filium
639 2808 697 2860 et
733 2800 1050 2878 Spiritum
1099 2810 1385 2860 sanctum
1431 2803 1683 2862 mittere
1715 2805 1978 2881 seipsos.
2032 2804 2174 2862 Duo
2209 2808 2421 2862 tamen
2457 2799 2925 2867 animadverte,
2990 2811 3139 2874 quas
3205 2794 3325 2853 hoc
3393 2791 3535 2852 loco

238 2898 555 2975 ptmcipua
635 2906 839 2958 sunt:
902 2914 972 2957 ac
1034 2897 1246 2975 primo
1287 2898 1707 2975 impropriam
1765 2917 1838 2962 ac
1885 2900 2077 2962 nimis
2138 2900 2326 2960 latam
2371 2899 2531 2961 hanc
2582 2914 2726 2960 esse
2769 2891 3095 2957 missionis
3149 2891 3536 2962 notionem;

237 2993 470 3055 deinde
508 2994 574 3054 in
615 2995 846 3054 eodem
882 2994 1250 3070 impropria:
1281 2995 1602 3055 missionis
1635 3013 1876 3073 genere
1916 2997 2216 3074 nuspiam
2261 2997 2326 3057 in
2360 2995 2733 3074 Scripturis,
2802 3011 2874 3055 ac
2935 2992 3040 3053 vix
3114 2988 3306 3050 etiam
3363 2984 3540 3065 apud

237 3087 446 3150 Patres
480 3090 743 3150 missum
785 3088 912 3166 legi
951 3089 1232 3150 Patrem.
1268 3089 1448 3150 Adeo
1481 3091 1790 3153 nimirum
1848 3111 1963 3172 pro
1986 3105 2318 3171 comperto
2355 3093 2572 3155 haberi
2601 3091 2818 3164 debet,
2871 3089 3236 3148 missionem
3267 3083 3538 3164 proprie

233 3182 455 3245 dictam
483 3185 698 3260 redigi
746 3185 983 3245 debere
1031 3185 1106 3246 ad
1177 3185 1640 3263 sempiternam
1700 3192 1954 3266 [XLIII]
2007 3192 2243 3251 divinae
2299 3206 2591 3268 personae
2655 3185 3169 3267 processionem.
3207 3182 3335 3244 Cur
3361 3181 3540 3240 enim

236 3285 532 3360 nuspiam
575 3283 776 3344 Pater
839 3284 1010 3344 mitti
1041 3283 1333 3343 dicatur?
1376 3285 1460 3344 Ea
1504 3285 1732 3364 utique
1773 3287 2046 3360 ratione,
2083 3289 2237 3367 quia
2269 3306 2301 3349 a
2339 3287 2522 3350 nullo
2556 3285 2874 3366 procedit.
2903 3282 3225 3346 Corticem
3266 3277 3354 3340 rei
3393 3296 3540 3354 spe-

235 3380 431 3442 ctabat
467 3379 1033 3458 Theophylectus,
1068 3380 1379 3442 doctrinm
1415 3381 1716 3443 sublimis
1750 3384 2098 3444 medullam
2136 3399 2263 3443 non
2298 3383 2539 3462 attigit.

312 3473 422 3555 (9.)
457 3476 814 3554 Insuf/lare
879 3477 1195 3553 Spiritum
1257 3485 1543 3535 sanctum
1605 3487 1748 3557 post
1775 3483 2307 3544 resurrectionem
2341 3481 2646 3542 Dominus
2685 3478 2930 3540 dicitur
2960 3497 2980 3536 :
3011 3492 3139 3535 non
3188 3490 3346 3535 vero.
3371 3470 3542 3551 quod

233 3573 598 3652 productor
623 3575 755 3653 ejus
783 3574 972 3634 sit....
1028 3573 1114 3633 Et
1170 3573 1332 3633 alias
1367 3592 1563 3654 neque
1592 3587 1740 3636 tunc
1785 3587 1954 3638 totus
1990 3577 2178 3639 datus
2226 3594 2340 3651 est,
2377 3577 2486 3638 sed
2515 3576 2778 3636 unicum
2811 3574 3130 3634 charisma
3163 3588 3272 3630 seu
3304 3569 3550 3630 donum-

235 3671 634 3730 remissionis
657 3680 1060 3749 peccatorum
1091 3691 1110 3730 :
1143 3671 1575 3730 tantummodo
1600 3674 1788 3743 enim,
1827 3684 1893 3734 ut
1924 3677 2328 3737 Pentecostcs
2355 3685 2634 3754 tempore
2667 3672 2960 3740 daretur,
2992 3669 3313 3730 decretum
3341 3676 3540 3729 ιδεμ..

232 3767 299 3828 Si
323 3767 582 3827 Domini
639 3767 996 3846 insit/[latio
1051 3767 1116 3826 in
1154 3765 1510 3844 discipulos
1571 3789 1699 3829 non
1761 3773 1887 3850 fuit
1919 3775 2113 3833 unius
2173 3782 2420 3834 tantum
2450 3766 3003 3839 charismatis,sed
3027 3767 3225 3827 totius
3253 3765 3544 3844 Spiritus

235 3868 436 3925 sancti
459 3863 727 3924 donatio
763 3884 782 3922 :
815 3864 1021 3941 igitur
1049 3862 1452 3924 Paracletum
1487 3876 1637 3925 tunc
1675 3870 1762 3926 eis
1791 3866 1987 3930 dedit.
2021 3870 2348 3944 Quomodo
2381 3870 2587 3948 igitur
2619 3885 2683 3926 se
2712 3865 2895 3926 habet
2931 3862 3094 3925 illud
3125 3881 3146 3920 :
3177 3863 3249 3925 Si
3283 3879 3388 3941 ego
3412 3879 3544 3922 non

234 3960 468 4034 abiero,
515 3958 896 4022 Paracletus
939 3978 1067 4020 non
1130 3963 1334 4020 veniet
1374 3961 1455 4020 ad
1496 3965 1652 4022 vos?
1688 3966 2038 4025 Descensus
2070 3967 2139 4026 in
2191 3966 2557 4026 Pentecoste
2604 3965 2664 4025 si
2704 3961 2980 4045 ejusdem
3042 3960 3335 4038 Spiritus
3380 3959 3534 4039 fuit,

236 4070 361 4118 erat
386 4057 757 4140 superﬂuus
791 4079 808 4118 :
844 4059 902 4119 si
932 4076 1075 4118 vero
1105 4055 1406 4127 alterius;
1433 4060 1608 4131 crdo,
1643 4063 1783 4139 quis
1819 4061 1944 4135 ille,
1996 4063 2324 4142 qualisque
2344 4061 2543 4143 fuerit
2566 4061 2595 4121 Υ
2631 4061 2783 4122 Ηωυ
2816 4060 2881 4121 in
2917 4057 3190 4138 epiStola
3229 4057 3309 4117 ad
3343 4056 3536 4118 Nico-

239 4152 404 4216 laum
445 4156 830 4218 diaconum.

311 4254 490 4314 Paria
566 4261 720 4312 sunt
780 4251 846 4312 in
904 4252 1374 4314 commentario
1433 4254 1509 4314 ad
1571 4262 1762 4332 caput
1816 4274 1883 4315 ιιι
1938 4257 2265 4319 Joannis:
2309 4279 2337 4312 α
2376 4253 2669 4318 Profecto
2705 4255 3025 4333 inquiunt
3071 4273 3085 4312 :
3127 4269 3274 4312 nam
3311 4251 3540 4328 (Joan-

235 4350 330 4409 nis
367 4351 484 4428 ιι)
519 4358 583 4410 et
623 4349 965 4427 inspiravit
997 4349 1357 4423 discipulis,
1396 4351 1661 4412 et‘dixit
1701 4353 2028 4431 :Accipite
2084 4354 2403 4433 Spiritum
2469 4363 2786 4413 sanctum.
2850 4352 2904 4411 Ο
2938 4349 3439 4427 desipientiaml
3474 4347 3543 4410 Si

241 4455 385 4506 tunc
433 4447 614 4506 dedit
679 4445 1025 4524 discipulis
1066 4446 1404 4524 Spiritum,
1447 4449 1708 4524 quando
1796 4447 2176 4521 insuﬁlavit,
2209 4450 2540 4528 quomodo
2578 4456 2797 4526 postea
2830 4446 2994 4507 dixit
3025 4447 3121 4508 eis
3151 4445 3398 4523 (Actor.
3439 4443 3484 4525 ι)
3525 4467 3539 4506 :

239 4543 586 4623 Accipietis
619 4545 919 4603 virtutem
959 4545 1466 4623 supervenientis
1521 4547 1810 4623 Spiritus
1847 4549 2056 4610 sancti
2113 4566 2312 4627 super
2349 4567 2486 4614 vos.
2554 4565 2687 4608 non
2733 4555 2885 4626 post
2932 4543 3168 4604 multos
3201 4543 3312 4603 hos
3359 4542 3544 4604 dies?

243 4640 348 4704 \‘el
386 4640 724 4719 quomodo
758 4640 1113 4715 credimus,
1143 4641 1206 4702 in
1247 4645 1626 4704 Pentecoste
1685 4643 1921 4706 factum
1959 4647 2351 4708 descensum
2388 4643 2712 4724 Spiritus;
2749 4645 2801 4704 si
2852 4642 3124 4721 quidem
3170 4641 3234 4700 in
3277 4657 3545 4717 vespera

243 4736 740 4799 resurrectionis
813 4737 995 4799 dedit
1069 4737 1304 4799 illum?
1386 4742 1569 4800 'I‘unc
1639 4740 1814 4802 enim
1890 4743 2258 4822 inspiravit.
2315 4745 2396 4803 At
2461 4740 2596 4805 haec
2650 4741 2922 4820 quidem
2987 4737 3172 4800 valde
3236 4736 3536 4798 ridicula.

242 4833 656 4894 Manifestum
692 4835 892 4910 enim,
932 4835 1103 4911 quod
1142 4843 1291 4896 tunc
1350 4835 1484 4896 illis
1543 4839 1862 4916 Spiritum
1915 4848 2205 4901 sanctum
2263 4854 2392 4900 non
2454 4837 2739 4910 dederit,
2779 4836 2898 4899 sed
2973 4832 3208 4894 donum
3255 4833 3546 4912 Spiritus
3623 4893 3631 4906 ,

241 4932 480 5002 sancti,
541 4930 998 4992 remissionem
1054 4932 1305 4994 scilicet
1360 4934 1624 5010 peceati.
1690 4935 1914 4996 Statim
1978 4937 2153 4998 enim
2222 4934 2450 4996 subdit
2520 4955 2533 4994 :
2603 4932 2894 5010 Quorum
2956 4931 3341 4992 remiseritis
3393 4948 3547 5010 pec-

243 5038 401 5096 cata,
439 5052 466 5083 η
515 5036 637 5090 etc.

319 5124 452 5186 [mo
490 5123 764 5186 ridicula
803 5122 1275 5203 TheOphylacti
1305 5127 1782 5203 argumentatio
1840 5137 1936 5191 est
1975 5149 1986 5190 :
2045 5146 2252 5209 seque
2317 5127 2672 5196 ridiculum
2708 5124 2970 5204 prtebet,
3007 5124 3322 5187 doctrinae
3356 5143 3516 5203 repu

243 5235 442 5298 gnaris
482 5237 679 5300 quam
742 5221 936 5298 tradit
987 5221 1272 5299 Cyrillus
1336 5223 1504 5284 inter
1555 5225 1835 5298 Grmcos,
1903 5235 1964 5288 et
2006 5225 2419 5303 Augustinus
2479 5225 2654 5286 inter
2691 5223 2979 5295 Latinos,
3014 5222 3545 5300 praestantissimi

246 5317 480 5379 Patres.
545 5320 648 5379 Sic
696 5317 884 5378 habet
931 5319 1070 5410 iiste
1118 5317 1284 5380 libro
1336 5338 1403 5389 ιι,
1473 5321 1634 5382 alias
1695 5341 1787 5392 nx,
1837 5324 2079 5386 Contra
2115 5325 2567 5385 Maximinum.
2607 5343 2636 5378 α
2704 5321 2795 5382 De
2834 5321 3018 5383 Patre
3051 5326 3147 5381 est
3182 5319 3423 5391 Filius,
3467 5319 3549 5379 de

247 5412 419 5476 Patre
451 5421 553 5476 est
581 5414 861 5491 Spiritus
886 5423 1192 5486 sanctus;
1228 5418 1336 5477 sed
1367 5416 1476 5476 ille
1515 5418 1803 5496 genitus,
1843 5420 1966 5481 istc
2010 5420 2414 5498 procedens:
2456 5418 2607 5480 ideo
2642 5417 2754 5478 ille
2783 5415 2996 5478 Filius
3026 5422 3124 5478 est
3155 5415 3411 5483 Patris,
3467 5414 3548 5476 de

255 5529 380 5589 quo
412 5513 678 5592 genitus
709 5520 840 5585 est;
881 5514 998 5574 iste
1029 5524 1244 5574 autem
1284 5515 1572 5594 Spiritus
1613 5520 1969 5598 utriusque,
2005 5517 2318 5595 quoniam
2350 5515 2426 5576 de
2484 5523 2758 5593 utroque
2798 5513 3122 5593 procedit.
3189 5513 3308 5573 Sed
3371 5511 3544 5583 ideo,

247 5621 385 5667 cum
431 5610 514 5668 de
565 5607 681 5668 illo
739 5607 948 5669 Filius
982 5609 1387 5685 loqueretur,
1424 5611 1506 5671 ait
1574 5611 1647 5671 de
1692 5614 1883 5673 Patre
1917 5612 2221 5692 procedit
2256 5635 2275 5673 :
2311 5613 2625 5693 quoniam
2664 5613 2844 5673 Pater
2880 5609 3328 5686 proaessionis
3401 5607 3546 5686 ejus

247 5710 336 5764 est
366 5712 612 5773 auctor,
643 5704 755 5781 qui
785 5704 971 5765 talem
1013 5707 1254 5767 Filium
1294 5709 1545 5786 genuit,
1581 5718 1640 5770 et
1672 5710 1986 5787 gignendo
2021 5713 2078 5772 ei
2116 5710 2310 5782 dedit,
2348 5719 2420 5771 ut
2446 5711 2634 5770 etiam
2665 5708 2738 5770 de
2773 5708 2910 5786 ipso
2949 5705 3337 5786 procederet
3385 5706 3542 5784 Spi-

249 5799 410 5860 ritus
440 5812 724 5862 sanctus.
760 5803 915 5862 Nam
963 5804 1086 5862 nisi
1143 5807 1521 5880 procederet
1555 5817 1617 5868 et
1656 5812 1734 5868 de
1773 5809 1938 5884 ipso,
1970 5825 2096 5868 non
2129 5807 2374 5868 diceret
2429 5803 2778 5883 discipulis
2818 5822 2831 5864 :
2875 5804 3170 5883 Accipite
3224 5803 3544 5890 Spiritum

248 5907 569 5966 sanctum;
602 5913 887 5975 eumque
913 5897 1302 5978 insit/ﬂando
1329 5903 1532 5975 daret,
1579 5912 1645 5965 ut
1676 5924 1715 5962 a
1747 5923 1810 5964 se
1840 5923 2084 5984 quoque
2108 5905 2452 5982 procedere
2487 5902 2888 5982 signiﬁcans,
2909 5909 3130 5980 aperte
3162 5901 3544 5963 ostenderet

248 5989 480 6068 ﬂando,
517 5995 692 6073 quod
727 5993 1034 6071 Spirando
1066 5996 1254 6057 dabat
1283 5999 1560 6060 occulte.
1603 6024 1630 6061 ν

323 6090 596 6166 Gemina
657 6097 809 6150 sunt
859 6107 1004 6174 qua:
1058 6091 1320 6154 disserit
1373 6093 1656 6172 Cyrillus
1731 6097 2225 6159 Alexandrinus.
2273 6099 2437 6159 libro
2493 6115 2580 6158 xu
2641 6099 2713 6158 In
2755 6098 3068 6158 Joannem
3105 6117 3125 6156 :
3161 6093 3396 6156 Statim
3443 6110 3544 6155 eos
