4034 6580
587 433 661 497 91
1413 420 1656 483 BERN.
1699 419 1965 481 MARIAZ
2004 418 2100 478 DE
2142 416 2424 480 RUBEIS
2464 412 2968 476 DISSERTAHO
3754 415 3831 477 93

583 542 939 621 sanctiﬁcat
971 586 984 609 ,
1028 540 1354 616 mnifesto
1413 535 1749 615 insufﬂatu
1801 535 2109 611 Spiritum
2146 534 2235 594 eis
2281 528 2595 609 largiens;
2649 537 2717 588 ut
2772 535 2834 588 et
2890 544 3005 621 nos
3056 523 3320 621 tirutiler
3380 524 3834 621 crederemus,

584 619 869 703 alienum
914 653 1039 699 non
1100 652 1244 697 esse
1300 650 1334 694 a
1390 633 1558 695 Filio
1622 630 1959 709 Spiritum,
1992 628 2097 689 sed
2126 632 2177 688 ei

2246 626 2846 707 ronsubstanlialciq,
2885 632 2937 683 et
2982 620 3051 672 δι’
3085 619 3253 672 αὑτοῦ
3306 619 3514 691 προῖὼν
3555 622 3618 674 τὸ
3647 623 3711 673 ἑκ
3742 619 3839 674 τοῦ

588 735 826 805 Πατρὸς.
873 748 989 811 per
1035 733 1238 809 ipsum
1277 746 1357 789 ea:
1409 727 1600 789 Patre
1648 726 2103 806 procedentem.
2143 724 2217 784 Et
2260 722 2421 783 libro
2460 739 2527 781 ix
2582 717 2980 798 prmcedentc
3013 720 3087 778 al
3122 726 3309 795 caput
3342 734 3453 779 xw
3506 720 3781 780 Joannis
3818 742 3836 780 :

590 830 843 893 Idcirco
889 828 1049 889 enim
1109 826 1399 889 Christus
1456 825 1809 905 insufﬂarit
1854 817 2315 900 corporaliter,
2377 814 2706 877 ostendens
2754 812 2922 893 quod
3000 816 3166 875 sicut
3238 833 3317 873 e1:
3374 831 3481 874 ore
3560 815 3839 875 humano

590 927 861 1007 spiritus
887 924 1109 1001 prodit
1128 921 1574 999 corporaliter,
1601 922 1694 981 sic
1724 937 1804 991 ea:
1848 917 2064 978 divina
2109 915 2491 983 substantia,
2542 913 2778 973 Deitati
2821 912 3285 1007 convenienter,
3320 914 3611 981 προχεῖται
3668 911 3729 963 τὸ
3775 912 3839 977 ἐξ

592 1020 780 1086 αὑτοῦ,
814 1018 1095 1094 Spiritus
1124 1018 1233 1097 qui
1276 1035 1354 1077 ea:
1400 1034 1468 1077 eo
1519 1015 1733 1096 (Filio)
1764 1023 1876 1086 est,
1904 1010 2349 1093 profunditur.
2384 1008 2526 1070 Alia
2583 1008 2768 1069 habet
2813 1008 3022 1074 lectio,
3063 1006 3123 1072 ἐξ
3158 1007 3351 1075 αὐτῆς,
3408 1026 3489 1067 ea:
3517 1027 3588 1067 ea
3620 1007 3842 1069 divina

592 1114 967 1185 substantia,
1004 1114 1231 1192 utique
1256 1112 1428 1173 Filii.
1463 1111 1802 1188 Perspicue
1832 1112 2042 1171 Patres
2074 1108 2135 1167 hi
2168 1106 2322 1175 duo.
2344 1105 2735 1185 quibuscum
2761 1103 3279 1181 TheOphylactus
3314 1106 3675 1185 comparari
3708 1122 3839 1167 non

594 1217 827 1287 potest,
863 1225 990 1270 non
1024 1208 1235 1269 solum
1266 1209 1433 1268 dona
1464 1214 1666 1268 creata
1723 1206 1789 1267 in
1827 1203 2135 1266 missione
2174 1202 2452 1278 Spiritus
2501 1200 2705 1262 sancti
2759 1215 2795 1260 a
2844 1200 3011 1260 Filio
3064 1200 3397 1275 distribui,
3452 1202 3567 1263 sed
3630 1202 3840 1279 ipsam

592 1305 784 1366 etiam
818 1306 1047 1365 docent
1078 1303 1360 1363 divinam
1386 1301 1586 1363 sancti
1622 1300 1899 1377 Spiritus
1935 1314 2270 1376 personam
2304 1298 2439 1358 dari
2480 1319 2495 1357 :
2553 1297 2848 1376 adeoque
2891 1296 3158 1376 probant
3196 1314 3273 1359 ex
3308 1298 3769 1377 Consequenti,
3805 1313 3841 1358 a

592 1401 761 1462 Filio
794 1409 1031 1462 (eterna
1066 1399 1476 1477 processione
1509 1397 1818 1478 Spiritum
1860 1404 2152 1458 sanctum
2191 1394 2467 1473 prodire.

676 1495 818 1573 (ιο.)
850 1496 927 1556 In
977 1513 1049 1555 ea
1094 1493 1551 1571 inser/latione,
1610 1492 1819 1573 inquit
1867 1493 1997 1563 ille,
2054 1492 2245 1552 unius
2279 1500 2522 1550 tantum
2552 1489 2949 1550 charismatis
2985 1489 3112 1568 fuit
3147 1489 3433 1563 donatio,
3465 1505 3603 1548 non
3633 1490 3842 1549 totius

587 1590 872 1668 Spiritus
900 1592 1125 1651 sancti.
1160 1588 1461 1668 Alioquin
1494 1588 1799 1669 quomodo
1849 1608 1913 1649 se
1951 1587 2202 1649 haberet
2237 1586 2398 1648 illud
2431 1607 2450 1646 :
2480 1586 2550 1646 Si
2571 1602 2699 1645 non
2749 1584 2989 1656 abiero,
3029 1584 3399 1644 Paracletus
3458 1602 3589 1643 non
3636 1586 3845 1645 veniet

589 1684 671 1744 ad
711 1688 867 1747 vos?
926 1684 1210 1747 Nimium
1280 1701 1491 1746 crasse
1554 1693 1617 1745 et
1656 1684 1947 1747 ridicule.
2001 1683 2271 1759 Quoties
2330 1699 2610 1760 namque
2676 1681 2951 1743 mittitur
3017 1682 3337 1757 daturque
3376 1679 3661 1755 Spiritus
3694 1697 3848 1743 san-

592 1788 756 1854 ctus,
826 1782 1009 1842 datur
1060 1798 1130 1841 ac
1200 1780 1473 1842 mittitur
1524 1787 1733 1851 totus,
1794 1798 1939 1843 cum
1990 1781 2074 1842 sit
2120 1796 2290 1841 unus
2352 1787 2414 1840 et
2457 1777 3010 1856 simplicissimus.
3068 1778 3159 1837 Ad
3219 1778 3599 1840 charismata
3664 1780 3846 1839 redi—

591 1877 765 1956 gitur
822 1876 1159 1937 diversitas
1212 1883 1335 1936 tota
1401 1897 1417 1937 :
1474 1892 1591 1939 nec
1649 1873 1819 1937 enim
1898 1875 2207 1945 cuilibet,
2265 1891 2335 1935 ac
2391 1891 2645 1951 semper
2700 1874 2919 1935 omnia
2980 1872 3361 1936 charismata
3422 1874 3566 1953 ejus
3611 1875 3842 1935 distri-

592 1973 907 2042 buuntur;
944 1989 1161 2033 verum
1190 1974 1341 2040 Ιιωο,
1376 1979 1589 2033 etnon
1648 1972 1793 2045 alia,
1828 1987 1898 2033 ac
1954 1974 2151 2049 magis
2183 1971 2529 2050 minusque
2582 1973 2962 2048 prmstantia,
3002 1988 3114 2047 pro
3140 1969 3416 2049 gratuito
3444 1971 3557 2032 Dei
3597 1969 3846 2033 favore.

672 2069 1215 2147 Supervacaneum
1249 2066 1447 2128 infers
1480 2067 1814 2149 adventum
1841 2069 2128 2145 Spiritus
2162 2069 2366 2128 sancti
2418 2068 2489 2127 in
2540 2067 2640 2128 die
2690 2069 3106 2129 Pentecostes.
3166 2093 3194 2124 α
3243 2067 3388 2129 Hec
3438 2067 3665 2129 dicens
3714 2086 3842 2131 non

601 2164 801 2235 novit,
829 2176 898 2223 ea
930 2163 1346 2225 contentiosa:
1368 2164 1599 2223 mentis
1632 2180 1773 2225 esse
1804 2174 2158 2227 commenta
2192 2164 2405 2244 (verba
2426 2168 2859 2228 suntJoannis
2892 2166 3068 2227 Becci
3105 2183 3283 2227 num.
3305 2167 3431 2248 68).
3458 2165 3641 2227 Unde
3667 2167 3845 2226 enim

595 2255 806 2326 habet,
837 2256 937 2318 die
968 2259 1383 2332 Pentecostes,
1411 2258 1696 2337 Spiritus
1726 2259 2079 2329 adventum,
2102 2260 2161 2320 si
2189 2260 2461 2341 ejusdem
2508 2252 2635 2341 fuit
2659 2262 2971 2341 Spiritus,
3019 2279 3564 2340 supervacaneum
3590 2264 3793 2340 fuisse
3813 2264 3846 2323 7

594 2359 877 2433 Namque
910 2354 966 2419 si
998 2354 1097 2418 die
1120 2353 1515 2418 Pentecosles
1542 2356 1890 2415 adventum
1924 2372 2475 2432 supervacaneum
2521 2358 2835 2430 decernit,
2868 2358 2925 2419 si
2952 2355 3225 2438 ejusdem
3255 2367 3343 2418 est
3375 2359 3667 2438 Spiritus
3699 2369 3848 2420 ante

593 2450 1001 2514 Pentecosten
1030 2453 1369 2533 insit/ﬂati,
1429 2454 1645 2515 multm
1670 2452 1959 2530 ejusdem
1999 2451 2276 2530 Spiritus
2313 2457 2757 2517 redundantia:
2781 2455 3266 2531 comparebunt,
3296 2455 3473 2534 quod
3537 2462 3849 2519 extremas

593 2550 1003 2611 absurditatis
1033 2558 1153 2612 est.
1182 2554 1269 2612 Ex
1302 2569 1431 2630 quo
1455 2553 1626 2612 enim
1669 2550 1948 2630 primum
1980 2559 2189 2611 creato
2221 2551 2464 2613 homini
2501 2554 2569 2614 in
2602 2554 2873 2613 animam
2914 2554 3221 2614 viventem
3282 2551 3649 2613 insuﬂlatus
3710 2562 3846 2628 est;

592 2642 863 2707 diversis
894 2646 1264 2708 adventibus
1305 2650 1708 2725 pustmodum
1768 2649 1844 2709 ad
1907 2648 2139 2727 dignos
2208 2648 2573 2723 descendit;
2628 2656 2691 2709 et
2750 2648 3391 2710 nihilominus.licet
3419 2650 3494 2709 ad
3533 2648 3753 2727 plures
3788 2661 3849 2712 et

592 2744 829 2820 smpius
860 2745 1291 2817 descenderit,
1355 2761 1688 2822 nunquam
1753 2752 1961 2805 tamen
2034 2745 2205 2807 ullus
2238 2744 2417 2805 illius
2467 2745 2786 2805 adventus
2817 2762 3320 2823 supervacaneus
3353 2755 3691 2822 reputatus
3724 2757 3846 2811 est.

593 2838 847 2914 {XLIV}
878 2837 1117 2899 Verum
1154 2839 1491 2917 Bulgarus,
1532 2840 1584 2900 si
1618 2841 1789 2917 quod
1830 2849 1973 2900 ante
1996 2840 2407 2900 Pentecosten
2438 2838 2806 2919 insit/[latus
2835 2850 2947 2911 est,
2975 2841 3327 2902 adventum
3365 2839 3553 2903 illius
3580 2844 3647 2903 in
3688 2844 3849 2904 Pen-

595 2940 823 2993 tecoste
849 2939 955 2994 aut
1005 2952 1536 3011 supervacaneum
1569 2936 1704 2994 vult
1763 2937 2004 3007 dicere,
2066 2945 2177 2996 aut
2219 2935 2486 2995 alterius
2514 2936 2803 3013 Spiritus
2834 2937 3180 2998 adventum
3214 2956 3227 2998 :
3276 2957 3399 3003 non
3436 2942 3652 3001 solum
3715 2949 3849 3001 tum

596 3047 1068 3107 supervacaneo
1099 3030 1433 3093 aﬂirmabit
1464 3031 1879 3092 descendisse
1914 3034 2220 3109 Spiritum
2253 3031 2622 3107 discipulis,
2658 3031 2771 3092 sed
2822 3040 2883 3093 et
2916 3042 3062 3093 ante
3098 3034 3162 3095 in
3202 3036 3581 3097 Pentecoste
3615 3036 3857 3098 adven-

597 3134 771 3200 tum;
806 3138 867 3188 et
898 3144 1041 3189 cum
1071 3128 1217 3190 huic
1261 3128 1355 3189 vel
1394 3128 1582 3189 alteri
1607 3129 2081 3206 prophetarum,
2122 3126 2249 3189 alio
2274 3140 2456 3209 atque
2502 3129 2630 3193 alio
2657 3141 2957 3206 tempore,
2994 3142 3053 3193 et
3102 3133 3306 3194 modis
3336 3135 3609 3197 diversis
3659 3138 3855 3199 adve-

598 3223 809 3295 niens,
842 3226 1199 3284 associatus
1258 3234 1377 3283 est.
1420 3225 1572 3283 Nam
1616 3224 1669 3283 si
1704 3240 1876 3283 nunc
1910 3222 1971 3284 in
2030 3225 2235 3301 forma
2268 3226 2613 3304 ignitarum
2665 3228 3053 3308 linguarum,
3115 3238 3249 3292 tum
3289 3248 3441 3293 vero
3479 3248 3609 3295 non
3646 3233 3850 3297 simili

598 3318 847 3380 ratione
890 3319 1369 3397 acceptantibus
1401 3320 1779 3381 adveniebat
1817 3339 1831 3377 :
1883 3320 2308 3383 nihilominus
2343 3323 2500 3383 idem
2528 3321 2897 3385 adveniebat
2924 3325 3233 3403 Spiritus,
3271 3334 3334 3387 et
3366 3329 3591 3389 nullus
3635 3331 3851 3393 vario-

601 3430 739 3476 rum
775 3414 1053 3492 Spiritus
1076 3415 1466 3476 adventuum
1500 3433 1998 3493 supervacaneus
2035 3419 2514 3494 nuncupabitur
2546 3422 2623 3481 ab
2661 3419 2789 3481 illis
2835 3421 2948 3499 qui
2986 3438 3099 3500 per
3134 3427 3336 3484 rectas
3370 3422 3853 3502 Scripturarunt

594 3510 858 3573 semitas
891 3510 1153 3591 pr0pria
1187 3512 1456 3589 vestigia
1494 3512 1806 3588 dirigunt.
1854 3536 1882 3568 ι

678 3606 1025 3682 Quomodo,
1079 3608 1333 3685 reponit
1379 3607 1512 3680 ille,
1539 3627 1601 3668 se
1640 3608 1802 3669 illud
1828 3609 2010 3672 habet
2047 3631 2067 3671 :
2111 3613 2182 3676 Si
2238 3631 2345 3691 ego
2389 3632 2517 3675 non
2560 3614 2820 3677 abiero?
2854 3623 2974 3677 etc.
3020 3636 3051 3673 α
3108 3616 3257 3679 Huic
3311 3619 3611 3681 enuntiat
3645 3621 3855 3702 (Becci

488 3706 494 3713 ”
595 3703 937 3780 respcnsio
970 3703 1116 3782 est),
1152 3705 1457 3781 ignorans
1481 3707 1547 3765 in
1569 3724 1875 3783 corporea
1904 3709 2105 3785 specie
2141 3708 2491 3785 ignitarum
2547 3709 2909 3789 linguarum
2961 3712 3242 3790 Spiritus
3289 3712 3639 3777 adventum
3699 3735 3855 3796 pro-

597 3798 867 3861 missum
960 3798 1166 3862 fuisse
1250 3800 1588 3879 discipulis
1679 3819 1713 3861 a
1801 3806 2158 3865 Servatore.
2226 3804 2408 3879 Opus
2500 3806 2673 3867 enim
2762 3816 2919 3879 erat,
2983 3826 3130 3871 cum
3210 3810 3512 3873 Servator
3581 3829 3858 3892 corpora

600 3896 938 3957 uobiscum
969 3904 1257 3958 versatus
1303 3896 1560 3972 fuisset,
1605 3900 1915 3976 Spiritum
1963 3902 2154 3963 etiam
2193 3919 2463 3982 corpore
2515 3919 2913 3983 comparere,
2944 3913 3013 3967 ut
3040 3906 3261 3968 verbis
3285 3908 3501 3987 Magni
3550 3911 3857 3987 Gregorii

600 3999 767 4056 utar.
806 4016 835 4049 in
859 3995 1037 4057 Adde
1067 3995 1599 4059 abundantiorem
1632 3996 2085 4059 charismatum
2134 3999 2565 4078 largitionem,
2602 4016 2792 4079 quam
2820 4001 2886 4063 in
2924 4005 3300 4066 Pentecoste
3319 4003 3537 4066 attulit
3570 4006 3858 4087 Spiritus

600 4090 977 4155 adveniens.
1040 4139 1047 4145 .

679 4186 962 4264 Hujusce
1004 4188 1262 4250 demum
1286 4191 1604 4251 missionis
1636 4190 1799 4252 hanc
1835 4191 2066 4253 habeto
2112 4191 2449 4255 clariorem
2482 4194 2983 4269 expositionem.
3038 4196 3258 4256 Rebus
3310 4196 3623 4259 omnibus
3669 4201 3859 4262 adest

600 4279 829 4343 intime
856 4283 1025 4343 Deus
1058 4302 1178 4363 per
1232 4287 1584 4357 essentiam,
1638 4294 1700 4347 et
1766 4288 2181 4365 praesentium,
2230 4298 2292 4351 et
2318 4290 2667 4369 potentiam
2699 4291 2950 4369 :‘idque
2986 4289 3175 4351 habet
3204 4307 3237 4352 a
3279 4293 3411 4353 Deo
3439 4292 3622 4356 Patre
3681 4297 3858 4357 Deus

600 4376 835 4451 Filius,
894 4387 952 4439 et
1007 4379 1191 4440 habet
1224 4396 1257 4441 a
1304 4383 1480 4442 Patre
1537 4390 1597 4444 et
1652 4382 1821 4445 Filio
1893 4386 2067 4446 Deus
2104 4386 2382 4462 Spiritus
2416 4392 2704 4447 sanctus.
2744 4388 2859 4446 l’er
2892 4386 3355 4449 charismatum
3392 4387 3857 4467 elargitionem

604 4490 809 4536 novus
842 4478 1130 4552 exsurgit
1164 4479 1338 4539 velut
1374 4483 1724 4556 prassentim
1758 4482 1985 4543 modus
2022 4504 2035 4543 :
2070 4483 2181 4561 qui
2216 4482 2415 4559 magis
2444 4482 2788 4560 minusque
2838 4484 3141 4560 Specialis
3184 4495 3279 4546 est
3318 4501 3430 4563 pro
3462 4487 3589 4547 dati
3639 4488 3856 4550 chari-

602 4572 823 4631 smatis
853 4574 1225 4635 conditione
1258 4587 1319 4635 et
1350 4578 1729 4652 prazstantia.
1752 4578 1914 4638 Hinc
1945 4578 2219 4654 Spiritus
2262 4584 2545 4650 sanctus,
2568 4596 2601 4640 a
2640 4581 2818 4642 Patre
2846 4589 2906 4640 et
2931 4580 3153 4641 aFilio
3181 4582 3445 4653 missus,
3470 4571 3641 4646 novo
3662 4589 3859 4648 modo

603 4662 885 4727 absolute
922 4680 978 4727 et
1002 4667 1399 4747 simpliciter,
1437 4680 1505 4731 ut
1539 4672 1868 4749 inquiunt,
1907 4674 2136 4733 adesse
2172 4672 2433 4743 dicitur,
2480 4686 2541 4733 et
2576 4674 2934 4737 inhabitare
2970 4678 3030 4737 in
3087 4677 3169 4738 iis
3224 4680 3334 4756 qui
3372 4682 3593 4759 gratiae
3628 4685 3864 4744 sancti-

602 4760 849 4823 ﬁcantis
880 4763 1193 4825 charisma
1228 4765 1546 4842 recipiunt
1578 4788 1593 4827 :
1633 4767 1747 4827 sed
1786 4768 1975 4827 etiam
2005 4783 2169 4829 novo
2204 4768 2425 4848 aliquo
2456 4769 2645 4829 modo
2680 4788 2789 4847 per
2842 4773 3029 4833 tidem
3069 4776 3515 4848 peccatoribus
3550 4779 3853 4842 tidelibus

606 4855 955 4932 inexsistit,
1014 4868 1074 4919 et
1132 4860 1593 4937 paenitentibus
1649 4880 1760 4939 per
1794 4863 2234 4937 dilectionem,
2267 4865 2609 4926 secundum
2666 4866 2819 4944 quid
2852 4878 2908 4927 et
2940 4868 3329 4949 imperfecte.
3376 4872 3539 4947 Qum
3587 4875 3855 4937 demunt

605 4952 821 5013 omnia
853 4953 939 5014 ita
988 4954 1307 5035 intelligo,
1336 4964 1405 5018 ut
1458 4976 1601 5021 eum
1634 4959 1771 5037 ipso
1806 4960 2053 5037 Spiritu
2106 4970 2349 5033 sancto,
2400 4962 2509 5039 qui
2568 4962 2868 5029 mittitur.
2904 4979 3315 5028 communem
3344 4967 3623 5030 habeant
3672 4972 3857 5033 Pater

603 5049 795 5110 etiam
833 5056 895 5111 et
944 5050 1149 5113 Filius
1182 5070 1407 5115 novam
1449 5056 1651 5133 ipsam
1701 5058 2120 5133 praesentiam,
2165 5067 2227 5119 et
2260 5058 2792 5120 inhabitatiouem
2825 5061 3075 5123 ratione
3100 5064 3253 5125 doni
3312 5069 3638 5137 concessi,
3671 5069 3849 5146 quod

605 5144 794 5206 simul
841 5147 915 5208 ad
942 5155 1119 5210 extra
1159 5157 1286 5212 tota
1336 5160 1639 5227 operatur
1668 5154 2065 5215 sanctissima
2090 5154 2368 5215 Trinitas
2403 5175 2418 5217 :
2453 5172 2525 5217 ac
2564 5163 2866 5235 praeterea
2906 5158 2967 5218 in
3009 5175 3081 5220 ea
3116 5178 3226 5237 per
3258 5162 3529 5238 gratiam
3564 5144 3853 5226 sanctifi-

606 5247 852 5335 cantem
902 5242 1103 5319 justis
1164 5245 1233 5306 in
1281 5245 1659 5309 hominibus
1691 5248 2177 5322 inhabitatione,
2225 5251 2558 5329 quidpiam
2615 5253 2985 5314 inveniatur
3037 5257 3211 5333 quod
3283 5257 3490 5334 ipsius
3558 5276 3856 5335 personat

608 5333 887 5436 Spiritus
924 5338 1122 5399 sancti
1158 5340 1489 5417 proprium
1523 5342 1628 5415 sit,
1659 5345 1855 5404 veluti
1899 5346 2197 5422 Specialis
2235 5349 2526 5425 quaedam
2560 5348 2853 5426 ejusdem
2912 5368 3204 5429 personae
3234 5333 3319 5415 ad
3347 5333 3631 5417 animam
3689 5356 3852 5436 justi

604 5431 973 5510 applicatio.
1008 5436 1097 5496 lta
1126 5433 1540 5516 frequentius
1600 5441 1809 5501 Latini
1860 5443 2203 5521 scriptores
2260 5446 2513 5508 docent.
2551 5447 2936 5525 Aquinatem
2992 5452 3405 5527 potissimum
3457 5431 3757 5529 consule,
3792 5464 3857 5519 et

608 5530 960 5600 Patavium,
996 5540 1058 5592 et
1090 5534 1500 5595 Franciscum
1538 5537 1857 5613 Sylvium.

690 5624 838 5705 (11.)
872 5628 1004 5687 Alia
1056 5628 1333 5705 profero,
1396 5648 1539 5709 qum
1575 5634 1635 5693 in
1662 5634 1937 5709 epistola
1990 5636 2065 5697 ad
2118 5636 2453 5698 Nicolaum
2506 5639 2849 5701 diaconum
2904 5642 3457 5722 TbeOphylactus'
3491 5645 3856 5709 accumulat

606 5732 985 5821 argumenta
1015 5742 1029 5779 :
1064 5725 1162 5799 Id,
1182 5726 1348 5805 quod
1375 5728 1457 5788 ad
1488 5730 1915 5790 exsistendum
1943 5750 2101 5810 opus
2132 5732 2312 5794 habet
2363 5734 2606 5795 duobus
2637 5737 3002 5817 principiis,
3068 5740 3164 5800 vel
3196 5740 3398 5819 majus
3436 5750 3527 5801 est
3560 5761 3632 5801 eo
3690 5740 3856 5821 quod

605 5817 681 5878 ab
719 5836 841 5879 uno
862 5822 1183 5901 principio
1215 5837 1325 5897 est,
1389 5826 1485 5886 vel
1520 5826 1887 5906 (equalewcl
1910 5830 2138 5893 minus.
2165 5828 2285 5891 Sed
2328 5829 2556 5907 ll’qtttlle
2592 5848 2718 5890 esse
2748 5851 2873 5892 non
2904 5834 3159 5912 potest:
3189 5817 3357 5915 foret
3404 5837 3568 5897 enim
3621 5817 3851 5899 abtum
