4034 6656
206 629 282 698 93
1071 636 1170 698 DE
1207 628 1798 697 THEOPHYLAC'N
1838 628 2114 696 GESTIS
2147 630 2252 692 ET
2282 629 2664 694 SCRIPTIS.
3439 623 3511 690 94

203 751 556 834 principio,
594 760 657 814 et
686 770 812 814 non
843 750 1056 814 aliter.
1096 750 1512 830 Relinquitur
1555 764 1705 823 ergo
1739 761 1869 807 esse
1889 747 2122 826 majus,
2156 742 2257 807 vel
2285 747 2576 808 minus...
2641 743 2860 824 Igitur
2921 743 3215 822 Spiritus
3250 751 3512 803 sanctus

206 850 330 911 erit
359 851 565 930 major
595 849 766 910 Filio
796 848 933 926 (qui
967 847 1048 909 ab
1077 845 1276 929 uno);
1314 855 1378 907 et
1409 862 1559 908 ecce
1617 859 1850 917 novam
1886 843 2304 922 impietatem.
2334 843 2451 904 Vel
2488 851 2584 905 est
2620 844 2834 904 minor
2874 842 3310 920 Filio,sicque
3342 842 3514 902 revi-

202 947 397 1008 viscit
415 945 908 1009 Macedonius...
947 945 1020 1006 Si
1040 943 1212 1005 Filio
1239 944 1448 1024 major
1479 950 1570 1002 est
1605 940 1802 1002 Pater
1830 942 1900 1002 in
1951 959 2044 1013 eo,
2078 939 2249 1019 quod
2279 959 2475 1002 causa
2506 940 2642 1025 ejus
2676 950 2769 1001 est
2804 961 2823 1001 :
2851 949 2912 1002 et
2941 941 3078 1019 ipse
3131 937 3345 1000 Filius
3389 939 3511 1000 erit

201 1045 413 1126 nmjor
437 1045 694 1124 Spiritu
711 1051 929 1105 sancto
970 1045 1179 1104 eadem
1211 1042 1535 1101 ratione...
1571 1037 1689 1100 Ubi
1722 1039 2026 1101 invenisti
2049 1038 2290 1100 Filium
2330 1037 2461 1100 dici
2503 1039 2811 1120 majorem
2841 1037 3148 1117 Spiritu?
3178 1028 3511 1111 Quomodo

206 1139 456 1202 tandem
480 1142 854 1221 proprietas
892 1139 1237 1201 communis
1269 1155 1398 1197 esse
1422 1134 1680 1212 potest?

291 1239 385 1299 Ad
421 1242 822 1315 po'stremum
879 1241 1334 1315 argumentum
1371 1231 1617 1294 solutio
1656 1227 1839 1292 Becci
1885 1239 1982 1290 est
2035 1228 2210 1292 inter
2245 1228 2678 1292 refutationes
2711 1229 2921 1292 Photii
2957 1230 3022 1290 in
3074 1229 3302 1291 eadem
3343 1227 3513 1288 Ora-

206 1336 382 1396 tione
409 1332 484 1394 de
518 1334 755 1394 unione
780 1333 1236 1403 Ecclesiarum,
1278 1345 1458 1391 num.
1491 1327 1610 1391 52:
1650 1349 1680 1385 ut
1712 1327 1916 1397 Dicis,
1975 1327 2042 1390 Si
2077 1329 2428 1389 communis
2460 1335 2552 1389 est
2582 1328 2805 1390 Patris
2833 1337 2892 1390 et
2925 1328 3087 1390 Filii
3136 1328 3516 1408 proprietas

205 1431 558 1512 productio
589 1432 870 1510 Spiritus
901 1430 1128 1504 sancti,
1180 1429 1513 1508 quomodo
1558 1442 1883 1487 commune
1920 1426 2041 1488 erit
2084 1428 2518 1507 proprietas?
2556 1430 2686 1507 Ego
2739 1444 2932 1506 porro
2981 1427 3176 1489 dico:
3229 1440 3511 1503 quanam

156 1559 158 1564 ι
206 1527 461 1591 ratione
501 1528 772 1590 maxime
803 1527 1158 1589 absurdum
1193 1525 1307 1585 tibi
1339 1524 1618 1591 videtur,
1652 1541 1796 1586 esse
1842 1523 2095 1604 aliquid
2153 1541 2485 1585 commune
2521 1526 2692 1587 Patri
2728 1533 2793 1586 et
2853 1525 3050 1598 Filio,
3113 1524 3386 1604 proprie
3446 1520 3512 1583 in

205 1624 374 1703 ipsis
410 1624 572 1686 solis
617 1624 1128 1695 consideratum,
1172 1623 1348 1701 quod
1399 1636 1528 1682 non
1565 1620 1650 1681 sit
1682 1637 2006 1682 commune
2035 1619 2372 1701 Spiritui?
2437 1623 2548 1683 Est
2578 1621 2755 1683 enim
2831 1637 3180 1683 commune
3236 1619 3402 1681 Patri
3452 1624 3515 1680 et

203 1720 409 1795 Filio,
439 1720 616 1800 quod
651 1719 917 1798 Spiritui
955 1735 1306 1780 commune
1349 1735 1477 1779 non
1531 1723 1627 1777 est
1663 1737 1676 1777 :
1711 1726 1774 1778 et
1808 1717 1984 1796 quod
2019 1731 2148 1779 non
2183 1717 2410 1790 unius,
2445 1717 2559 1778 sed
2592 1719 2868 1778 duarum
2917 1732 3345 1795 personarum
3386 1723 3510 1786 est,

205 1815 335 1878 hoc
357 1833 705 1878 commune
734 1815 998 1886 dicitur,
1034 1822 1095 1875 et
1127 1822 1258 1887 est;
1316 1814 1491 1893 quod
1552 1829 1703 1874 vero
1759 1813 2020 1891 proprie
2057 1813 2124 1875 in
2161 1813 2294 1876 illis
2325 1814 2806 1886 consideratur,
2863 1815 2925 1875 e't
2963 1811 3149 1874 illius
3190 1812 3512 1890 particeps

207 1930 344 1976 non
377 1921 471 1977 est
509 1913 816 1994 Spiritus.
854 1912 1098 1978 dicitur
1127 1928 1358 1973 eorum
1401 1910 1786 1990 proprietas.
1818 1913 2062 1989 Nempe
2102 1918 2172 1972 ut
2201 1925 2281 1973 eo
2311 1909 2754 1989 distinguatur
2819 1909 2898 1970 ab
2954 1909 3087 1970 illis
3115 1908 3463 1985 Spiritus...
3491 1952 3510 1969 .

205 2012 552 2090 Nyssenus
615 2009 882 2071 homilia
956 2011 1026 2071 in
1089 2007 1458 2071 Orationem
1521 2008 1939 2076 Dominicam.
1997 2004 2339 2069 manifeste
2405 2007 2469 2076 id
2526 2007 2757 2070 astruit
2817 2026 2840 2068 τ·
2870 2006 3026 2068 Cum
3082 2006 3250 2066 enim
3304 2004 3513 2066 Filius

207 2126 293 2169 ea:
331 2107 525 2168 Patre
562 2107 786 2178 exivit,
823 2117 879 2167 et
911 2107 1204 2185 Spiritus
1266 2123 1344 2165 ea:
1385 2105 1512 2164 Deo
1557 2113 1614 2166 et
1650 2104 1842 2166 Patre
1882 2103 2202 2183 procedit.
2243 2101 2370 2166 Sed
2403 2102 2934 2183 quemadmodum
2955 2104 3093 2163 sine
3121 2120 3315 2181 causa
3356 2120 3510 2172 esse,

207 2221 355 2268 cum
379 2203 686 2266 sitsolius
726 2203 969 2275 Patris,
1009 2203 1178 2264 Filio
1216 2210 1272 2263 et
1296 2201 1584 2281 Spiritui
1610 2199 1916 2280 adoptari
1943 2203 2165 2281 nequit
2189 2222 2208 2263 :
2236 2203 2329 2264 sic
2386 2211 2639 2270 contra.
2681 2219 2812 2263 esse
2844 2219 2926 2262 ea:
2963 2219 3180 2270 causa,
3224 2201 3395 2279 quod
3423 2209 3516 2261 est

208 2301 373 2363 Filii
403 2311 458 2361 et
490 2300 778 2380 Spiritus
806 2301 1169 2379 proprium,
1206 2299 1280 2360 de
1301 2298 1493 2360 Patre
1525 2297 1927 2360 considerari
1960 2299 2244 2360 alienum
2301 2309 2394 2361 est
2425 2318 2464 2359 a
2498 2309 2763 2360 natura.
2799 2299 2956 2363 Cum
2999 2317 3148 2360 vero
3188 2315 3517 2359 commune

208 2399 301 2460 sit
358 2397 530 2458 Filio
587 2406 643 2456 et
689 2397 973 2475 Spiritui
1020 2404 1238 2455 sancto
1278 2413 1408 2455 non
1452 2412 1582 2454 esse
1631 2395 1862 2474 absque
1907 2409 2365 2463 ortu:‘rursus
2398 2407 2517 2457 est:
2541 2395 2754 2476 facile,
2790 2395 3222 2476 differentiam
3277 2412 3412 2475 quc
3451 2393 3522 2456 in

205 2513 432 2557 eorum
460 2493 969 2574 proprietatibus
1007 2503 1122 2561 est,
1151 2494 1463 2572 reperire.
1521 2493 1807 2554 Adverte
1863 2491 2265 2554 animum...
2301 2493 2637 2573 quomodo
2693 2494 3164 2572 proprietatem
3228 2493 3514 2554 duarum

202 2599 463 2655 tantum
500 2606 922 2668 personarum
979 2589 1226 2653 vocavit
1286 2607 1367 2651 ea:
1398 2607 1593 2650 causa
1637 2607 1740 2649 eas
1773 2605 1905 2649 esse
1949 2611 1970 2650 :
2012 2596 2074 2653 et
2107 2592 2439 2670 quomodo
2469 2591 2982 2672 repraesentavit,
3009 2608 3336 2653 commune
3367 2605 3514 2653 esse

202 2690 452 2751 iisdem
489 2689 744 2750 duabus
774 2687 1068 2765 personis
1097 2687 1342 2764 absque
1381 2695 1529 2746 ortu
1552 2704 1687 2747 non
1718 2703 1873 2747 esse.
1905 2706 1935 2742 ι

291 2788 512 2864 [XLV]
574 2786 813 2848 Caetera
889 2794 958 2846 ut
1021 2784 1234 2846 locum
1288 2784 1602 2845 haberent
1661 2790 2071 2863 argumenta,
2109 2781 2608 2863 ’l‘heOphylacto
2674 2784 3317 2848 comminiscendum
3351 2789 3516 2858 erat,

207 2885 464 2945 Patrem
497 2890 562 2943 et
615 2881 857 2943 Filium
914 2881 1037 2942 duo
1094 2877 1405 2942 constitui
1441 2878 1645 2940 sancti
1689 2879 1972 2956 Spiritus
2007 2880 2343 2960 principia
2380 2901 2399 2942 :
2434 2897 2580 2942 cum
2614 2899 2650 2944 e
2687 2889 2932 2955 contra,
2990 2881 3162 2943 sicut
3214 2883 3402 2942 Pater
3455 2888 3521 2942 et

206 2978 452 3051 Filius,
477 2986 780 3056 quantum
811 2975 894 3038 ad
929 2979 1045 3040 hoc
1069 2975 1237 3058 quod
1268 2986 1359 3038 est
1395 2994 1532 3037 esse
1556 2976 1961 3056 principium
1997 2977 2288 3056 Spiritus
2320 2979 2555 3052 sancti,
2591 2993 2719 3040 non
2756 2985 3191 3059 opponuntur
3223 2999 3238 3038 :
3271 2979 3358 3038 ita
3402 2975 3525 3038 mi-

210 3076 400 3139 nime
439 3075 951 3153 distinguantur,
986 3075 1100 3137 sed
1147 3073 1282 3136 sint
1313 3073 1447 3135 duo
1479 3071 1820 3152 supposita
1855 3077 1999 3135 cum
2029 3089 2157 3135 una
2190 3074 2554 3153 eademque
2595 3074 2913 3153 Spiritum
2944 3083 3242 3137 sanctum
3277 3074 3526 3153 produ-

210 3171 409 3235 cendi
465 3171 726 3234 virtute.

291 3265 446 3349 (12.)
479 3269 706 3330 Fuerit
754 3283 909 3342 ergo
962 3267 1203 3341 Filius,
1261 3266 1511 3347 inquis,
1553 3267 1816 3348 Spiritu
1863 3274 2085 3328 sancto
2138 3267 2398 3348 major?
2437 3288 2466 3322 α
2529 3265 2912 3336 Considera,
2960 3266 3219 3346 reponit
3275 3265 3520 3329 BecCus

209 3384 405 3430 nun).
439 3367 542 3438 67,
591 3383 671 3428 ne
703 3365 822 3427 tibi
849 3364 981 3427 haec
1006 3365 1328 3428 dubitatio
1361 3364 1426 3427 in
1455 3367 1884 3444 Opprobrium
1923 3371 2238 3436 vertatur,
2265 3365 2319 3426 si
2349 3363 2549 3427 ltalus
2573 3381 2883 3444 magnum
2930 3364 3048 3426 tibi
3089 3363 3519 3427 Athanasium

207 3464 533 3544 producet
556 3463 848 3524 oratione
882 3481 898 3523 I
927 3461 1246 3524 Aduersus
1279 3462 1553 3522 Arianos
1586 3465 1796 3542 (num.
1829 3462 1930 3540 50)
1967 3461 2098 3523 haec
2131 3460 2498 3524 tradentem
2539 3481 2557 3523 :
2603 3461 2968 3540 Discipulis
3004 3462 3314 3526 Dominus
3376 3461 3519 3524 dei-

205 3558 409 3623 tatem
438 3565 498 3620 et
529 3559 1026 3638 magnitudinem
1051 3576 1231 3618 suam
1264 3555 1623 3631 ostendens,
1655 3575 1785 3617 non
1814 3559 2124 3617 minorem
2155 3557 2563 3636 semetipsum
2592 3558 2876 3636 Spiritu,
2945 3556 3055 3618 sed
3109 3559 3414 3638 majorem
3462 3567 3522 3620 et

203 3653 518 3737 aqualem
563 3673 692 3716 esse
724 3653 1124 3736 signiﬁcans,
1155 3652 1447 3719 tradebat
1479 3653 1822 3732 Spiritum,
1869 3652 2238 3732 dicebatque
2273 3675 2292 3712 :
2324 3654 2462 3731 Ego
2517 3653 2702 3714 illum
2759 3657 2969 3727 mitto,
3006 3664 3062 3714 et
3101 3656 3238 3734 ipse
3263 3675 3355 3715 me
3385 3653 3524 3734 glo-

207 3749 528 3830 riﬁcubit,
579 3757 638 3810 et
678 3766 1059 3829 quacunque
1109 3747 1350 3821 audiet,
1403 3747 1720 3827 loquetur.
1766 3767 1801 3804 ι’
1827 3749 1896 3809 In
1933 3749 2293 3812 Parisiensi
2359 3749 2841 3812 Montfauconii
2888 3750 3181 3814 editione
3217 3770 3362 3824 vox,
3403 3753 3524 3823 μεί-

207 3848 376 3912 ζονα.
409 3847 733 3927 majorem,
765 3846 1192 3908 desideratur.
1245 3844 1494 3906 Habent
1528 3844 1704 3905 illam
1738 3845 2060 3908 editiones
2085 3847 2253 3916 alim,
2286 3864 2358 3910 ac
2389 3864 2548 3910 mss.
2611 3848 2872 3910 codices
2906 3848 3144 3926 aliqui.
3176 3851 3273 3911 Ad
3343 3850 3524 3914 hunc

203 3943 439 4007 locum
473 3943 776 4004 admonet
809 3942 1105 4002 laudatus
1145 3940 1380 4008 editor,
1407 3941 1472 4001 in
1519 3941 1808 4019 margine
1840 3943 2084 4004 codicis
2113 3942 2511 4005 Basileensis
2571 3943 2702 4006 lliBO
2733 3946 3072 4006 adnotari:
3135 3944 3310 4019 Vide,
3364 3964 3523 4026 quo-

202 4037 402 4102 modo
434 4039 641 4100 Filius
664 4038 922 4118 aqualis
960 4047 1018 4099 et
1042 4037 1246 4118 major
1279 4037 1362 4098 sit
1401 4037 1660 4116 Spiritu
1687 4057 1707 4098 :
1745 4039 2003 4118 cequalis
2029 4039 2282 4120 quidem
2310 4039 2658 4104 secundum
2682 4041 3341 4126 divinitatem,mujor
3370 4061 3522 4106 vero

203 4135 472 4196 ratione
494 4151 720 4209 causa,
750 4143 823 4195 ut
855 4142 910 4194 et
934 4135 1126 4195 Pater
1156 4134 1295 4212 ipso
1344 4133 1538 4196 Verbo
1572 4143 1664 4194 est
1704 4136 1930 4214 major.
1983 4139 2224 4216 Nempe
2251 4154 2448 4201 unam
2489 4154 2618 4201 vox
2666 4138 2780 4202 illa
2846 4139 3237 4220 dignitatem
3274 4141 3525 4204 indicat

203 4231 475 4297 ratione
508 4230 812 4308 originis.
2977 4255 2980 4259 .

286 4329 403 4389 76.
462 4324 1044 4388 Animadversione
1099 4324 1484 4404 dignissima
1558 4330 1928 4407 sequuntur
1986 4327 2456 4409 TheOphylaeti
2536 4330 2725 4394 verba
2778 4332 2847 4394 in
2918 4333 3198 4414 epistola
3271 4334 3517 4415 saepius

203 4429 573 4486 memorata
628 4422 707 4483 ad
765 4420 1105 4483 Nicolaum
1168 4422 1516 4484 diaconum
1577 4431 1639 4484 et
1697 4424 2115 4487 canstrisium
2168 4449 2184 4488 :
2237 4428 2311 4489 Si
2367 4427 2620 4490 dixeris
2681 4440 2740 4490 te
2804 4430 3131 4511 afﬁrmare
3191 4431 3520 4510 Spiritum

205 4517 534 4581 cz'Filio
565 4517 934 4597 procedere,
990 4527 1301 4597 quatenus
1349 4519 1425 4581 ab
1479 4537 1548 4580 eo
1611 4518 2031 4583 distribuitur
2082 4531 2141 4584 et
2195 4523 2466 4586 datur...
2498 4535 2556 4586 et
2585 4523 2672 4586 ad
2724 4527 2819 4588 ita
2853 4527 3237 4600 loquendum
3274 4529 3418 4606 cogi
3456 4536 3515 4590 te

197 4613 495 4694 penuria
524 4632 769 4685 uocum,
801 4614 1160 4692 Latinaeque
1190 4612 1423 4694 lingua:
1459 4627 1920 4697 paupertate...
1951 4638 2060 4699 ego
2079 4622 2325 4683 veniam
2363 4623 2556 4702 facile
2609 4623 2796 4696 dabo,
2826 4635 2898 4686 ut
2938 4625 3008 4685 in
3056 4624 3206 4686 aliis
3239 4625 3514 4704 quidem,

196 4713 328 4776 hoc
388 4720 508 4781 est,
553 4711 1009 4784 communibus,
1054 4730 1127 4772 ac
1197 4713 1380 4773 etiam
1439 4715 1882 4778 ecclesiasticis
1919 4718 2339 4792 sermonibus,
2382 4719 2441 4780 si
2493 4720 2671 4793 uelis,
2723 4718 2984 4781 vocibus
3029 4721 3242 4780 utaris
3274 4731 3348 4780 ut
3381 4719 3504 4783 tibi

196 4805 442 4885 lingua
475 4805 760 4867 concedit
799 4828 818 4867 :
845 4809 1172 4885 prwmissa
1209 4817 1410 4869 tamen
1441 4814 1840 4880 convenieuti
1889 4811 2347 4888 declarations,
2372 4833 2456 4876 ne
2488 4817 2602 4896 qui
2628 4815 2932 4892 audiunt,
2961 4817 3260 4895 ignorent
3290 4816 3507 4896 dupli-

196 4919 339 4965 cem
372 4920 504 4963 esse
533 4904 705 4964 vocis
735 4904 1222 4983 intelligentiam
1273 4907 1788 4984 (processionem
1846 4912 2120 4987 sciticet,
2177 4913 2546 4975 secundum
2618 4914 2794 4993 quod
2845 4930 2876 4975 δ
2920 4913 3277 4976 soloPatre
3325 4914 3518 4978 habet

195 5017 384 5074 esse,
420 5005 483 5061 et
515 4998 906 5061 effusionem
943 5000 1043 5067 vel
1069 5003 1729 5067 communicationem
1766 5007 2100 5091 Spiritus).
2136 5010 2218 5072 At
2249 5027 2398 5072 vero
2430 5012 2500 5073 in
2542 5011 2842 5092 Symbolo
2914 5011 3202 5090 exprime
3251 5029 3522 5092 proces-

192 5095 456 5158 sionem
479 5113 518 5156 a
545 5094 694 5156 solos
712 5095 929 5158 Patre.

282 5193 488 5256 nunc
519 5193 661 5254 sine
693 5192 898 5256 dubio
937 5191 1154 5256 locum
1199 5193 1523 5258 indicabat
1580 5197 1864 5261 Joannes
1896 5201 2138 5265 Beccus
2177 5204 2348 5266 inter
2378 5203 2679 5284 ejusdem
2712 5203 3190 5286 Theophylacti
3262 5205 3515 5270 refuta-

193 5290 456 5367 tiones,
495 5305 674 5385 num.
710 5291 831 5352 66:
872 5313 898 5346 α
930 5293 1064 5370 Ego
1093 5291 1353 5353 interim
1387 5294 1620 5372 gratias
1652 5295 1767 5356 tibi
1793 5297 2354 5380 (Theophylacte),
2390 5317 2512 5381 ago
2543 5300 2622 5363 de
2649 5301 2819 5364 bona
2854 5308 3116 5378 mente;
3161 5304 3425 5382 quando
3454 5311 3516 5365 te

192 5388 499 5470 reperio,
531 5389 844 5450 unionem
889 5389 1193 5451 Ecclesia;
1223 5390 1422 5453 veluti
1449 5409 1483 5453 a
1522 5393 1771 5467 subtili,
1799 5393 1976 5473 quod
2014 5395 2228 5466 aiunt,
2280 5397 2386 5473 ﬁlo
2415 5397 2815 5474 appendisse
2849 5399 2915 5460 in
2969 5397 3131 5470 illis,
3177 5416 3324 5478 quae
3356 5399 3517 5464 ltalo

188 5487 517 5553 insinuas
553 5501 567 5545 :
597 5485 679 5546 In
720 5485 869 5546 aliis
899 5485 1150 5565 quidem
1186 5486 1454 5549 concedo
1485 5489 1623 5560 tibi,
1660 5509 1867 5552 vocem
1898 5492 2340 5571 usurpandum
2368 5495 2663 5573 Spiritus
2698 5513 2778 5556 ea:
2815 5494 3006 5556 Patre
3040 5505 3100 5556 et
3141 5494 3316 5558 Filio
3344 5514 3513 5576 pro-

191 5582 544 5656 cessionis,
580 5593 654 5643 ut
689 5581 808 5646 tibi
838 5584 1060 5660 lingua
1084 5586 1405 5664 permittit
1443 5607 1465 5648 :
1494 5589 1561 5650 in
1591 5590 2028 5651 communibus
2055 5593 2277 5669 nempe
2306 5593 2708 5654 sermonibus
2745 5591 3202 5657 ecclesiasticis
3267 5605 3324 5656 et
3380 5595 3518 5657 col-

190 5680 469 5761 loquiis,
504 5681 560 5741 si
588 5680 972 5750 allubescat;
1010 5682 1078 5743 in
1106 5680 1403 5761 Symbolo
1440 5700 1588 5743 vero
1620 5685 1779 5758 solo,
1814 5704 1944 5746 non
1976 5686 2334 5748 concedam.
2371 5689 2737 5750 Exosculor
2761 5688 2962 5752 animi
3007 5691 3099 5752 tui
3135 5691 3514 5768 candorem,

191 5785 260 5840 et
291 5791 593 5858 agnosco
633 5777 863 5838 unioni
899 5785 961 5839 te
998 5793 1303 5856 magnum
1338 5779 1595 5853 pondus
1629 5781 1989 5844 addidisse.
2032 5804 2062 5839 ι)
3049 5775 3052 5777 λ

271 5877 442 5976 ﬁmo
490 5875 773 5938 invicem
827 5875 982 5976 duo,
1034 5893 1180 5955 qum
1221 5876 1424 5937 tradit
1482 5880 1620 5940 loco
1651 5874 1846 5942 citato
1876 5878 2427 5967 Theophylactus,
2464 5898 2692 5960 qumve
2724 5883 2971 5945 Beccus
3014 5881 3512 5976 animadvertit,

191 5974 436 6039 minus
478 5989 766 6036 consona
798 5972 1104 6034 videntur
1139 5995 1154 6031 :
1192 5989 1404 6053 neque
1441 5974 1650 6052 primo
1674 5985 1941 6056 aspectu
2000 5977 2226 6038 bonam
2279 5989 2548 6039 mentem
2591 5979 2906 6041 exhibent
2939 5981 3134 6041 verba
3176 5998 3246 6043 ar
3267 5972 3517 6060 chiepi¥

191 6068 417 6140 scopi.
455 6069 777 6130 Docuerat
811 6084 1063 6146 nempe,
1092 6069 1528 6147 processionis
1558 6075 1809 6137 nomine
1861 6071 2186 6137 declarari
2217 6072 2468 6136 modum
2496 6093 2618 6156 quo
2673 6075 2966 6155 Spiritus
2997 6077 3183 6140 habet
3208 6097 3341 6140 esse
3371 6099 3393 6139 :
3429 6095 3505 6142 ac
