4034 6580
576 427 650 491 ω
1404 415 1647 478 BERN.
1690 414 1957 475 muns
1996 413 2091 473 ea
2133 410 2416 475 KUBEIS
2455 406 2960 471 DlSSERTA't‘lO
3753 409 3831 471 9'3

573 536 929 615 sanctiﬁcat
962 579 975 603 ,
1018 534 1345 611 manifesto
1404 530 1740 609 insit/ﬂatu
1792 529 2101 606 Spiritum
2138 528 2226 589 eis
2273 522 2587 603 largiens:
2641 531 2709 582 ut
2764 530 2825 582 et
2881 536 2997 580 nos
3047 518 3313 615 tinnitu
3373 517 3834 615 crederemus,

573 613 860 698 alienum
905 648 1030 693 non
1091 646 1235 691 esse
1291 644 1325 689 a
1382 628 1549 689 Filio
1613 626 1951 703 Spiritum,
1983 623 2089 684 sed
2118 629 2166 683 ei

2251 620 2837 701 onsubstantialcing
2876 627 2930 677 et
2974 615 3043 666 δι’
3076 613 3246 666 αὑτοῦ
3298 613 3505 685 προῖὼν
3546 616 3607 668 τὸ
3636 616 3703 667 ἐκ
3738 613 3840 669 τοῦ

579 729 817 799 natm.
864 743 980 806 per
1026 727 1229 804 ipsum
1268 740 1348 783 ex
1401 722 1591 784 Patre
1640 720 2096 800 procedentem.
2134 719 2209 779 Et
2252 717 2413 777 libro
2452 734 2519 775 ix
2574 712 2972 791 prmcedente
3005 713 3079 773 a.l
3114 720 3301 788 caput
3333 728 3445 773 xxv
3497 714 3781 774 Joannis
3819 736 3837 775 :

581 824 835 888 Idcirco
880 823 1040 883 enim
1100 820 1390 883 Christus
1447 819 1801 900 insufﬂarit
1846 811 2307 895 corporaliter,
2370 808 2697 871 ostendens
2746 806 2914 887 quod
2990 811 3157 868 sicut
3229 827 3310 868 ex
3366 826 3473 868 ore
3551 810 3841 870 humano

580 921 852 1001 spiritus
878 918 1101 996 prodit
1120 915 1566 993 corporaliter,
1593 916 1686 976 sic
1716 932 1795 985 es:
1840 911 2057 973 divina
2102 909 2483 977 substantia,
2534 907 2770 968 Deitati
2813 907 3277 977 convenienter,
3313 907 3601 975 προχεῖται
3660 905 3725 957 τὸ
3775 906 3840 971 ἐξ

582 1014 770 1081 αὑτοῦ,
804 1012 1086 1089 Spiritus
1116 1012 1225 1091 qui
1268 1029 1346 1071 ea:
1392 1028 1460 1071 eo
1511 1010 1725 1091 (Filio)
1756 1018 1868 1081 est,
1896 1005 2341 1087 profunditur.
2376 1003 2518 1065 Alia
2575 1003 2760 1063 habet
2805 1002 3014 1068 lectio.
3055 1001 3115 1066 ἐξ
3149 1002 3343 1069 αὐτῆε,
3400 1020 3479 1061 ex
3509 1022 3579 1062 ea
3611 1001 3843 1063 dicina

582 1109 958 1179 substantia,
995 1108 1222 1187 utique
1248 1106 1419 1167 Filii.
1454 1105 1795 1182 Perspicue
1824 1107 2034 1166 Patres
2066 1102 2127 1161 hi
2160 1099 2727 1179 duo,quibuscum
2752 1097 3270 1176 Thcnphylactus
3306 1100 3668 1179 comparari
3701 1116 3839 1160 non

583 1211 817 1282 potest,
852 1219 980 1264 non
1014 1202 1226 1263 solum
1257 1203 1423 1263 dona
1456 1208 1659 1263 creata
1715 1200 1781 1261 in
1818 1198 2127 1261 missione
2166 1196 2445 1273 Spiritus
2493 1194 2698 1256 sancti
2751 1209 2788 1255 a
2835 1194 3003 1255 Filio
3055 1194 3389 1269 distribui,
3444 1196 3559 1257 sed
3620 1188 3867 1273 ipsam"

582 1298 774 1361 etiam
807 1300 1037 1359 docent
1068 1297 1351 1357 divinam
1376 1296 1577 1358 sancti
1614 1295 1891 1372 Spiritus
1927 1308 2263 1371 personam
2296 1292 2431 1353 dari
2472 1313 2487 1352 :
2545 1291 2840 1370 adeoque
2883 1290 3150 1371 probant
3188 1309 3265 1353 ex
3300 1292 3769 1371 Consequenti,
3805 1307 3840 1352 a

582 1395 750 1457 Filio
784 1404 1021 1457 mterna
1056 1394 1468 1472 processione
1500 1392 1810 1473 Spiritum
1852 1399 2145 1453 sanctum
2183 1389 2460 1467 prodire.

665 1489 807 1568 (10.)
838 1491 917 1550 In
967 1507 1039 1549 ea
1084 1488 1543 1565 insuf/latione,
1602 1488 1813 1567 inquit
1860 1488 1990 1557 ille,
2047 1487 2237 1547 unius
2272 1494 2514 1545 tantum
2544 1483 2941 1545 charismatis
2976 1483 3104 1562 fuit
3138 1482 3423 1557 donatio,
3458 1499 3595 1542 non
3625 1483 3840 1543 totius

576 1585 861 1663 Spiritus
889 1586 1116 1645 sancti.
1150 1583 1453 1662 Alioquin
1486 1582 1791 1662 quomodo
1841 1602 1906 1643 se
1944 1581 2195 1643 haberet
2230 1580 2390 1642 illud
2423 1601 2442 1639 :
2472 1580 2542 1640 Si
2564 1597 2692 1638 non
2741 1579 2980 1651 abiero,
3020 1577 3391 1638 Paracletus
3450 1596 3582 1637 non
3628 1579 3844 1639 veniet

579 1678 661 1739 ad
700 1682 857 1741 eos?
915 1678 1201 1741 Nimium
1271 1695 1484 1740 crasse
1546 1687 1608 1740 et
1648 1679 1940 1741 ridicule.
1994 1678 2264 1753 Quoties
2323 1692 2601 1755 namque
2667 1676 2943 1737 mittitur
3008 1676 3328 1750 daturque
3368 1673 3655 1750 Spiritus
3689 1691 3846 1736 san-

581 1782 747 1848 ctus,
817 1776 1000 1837 datur
1050 1792 1121 1835 ac
1192 1775 1466 1836 mittitur
1516 1781 1725 1845 totus,
1786 1792 1932 1837 cum
1982 1774 2067 1835 sit
2112 1790 2282 1835 unus
2344 1781 2406 1834 et
2449 1771 3002 1849 simplicissimus.
3059 1772 3150 1831 Ad
3211 1771 3592 1834 charismata
3656 1774 3843 1833 redi-

580 1872 755 1951 gitur
812 1871 1149 1932 diversitas
1204 1878 1327 1931 tota
1393 1891 1409 1931 :
1466 1886 1583 1933 nec
1642 1866 1812 1931 enim
1890 1869 2199 1937 cuilibet,
2258 1884 2327 1928 ac
2383 1884 2637 1945 semper
2692 1868 2911 1928 omnia
2972 1866 3353 1929 charismata
3414 1868 3559 1947 ejus
3602 1869 3839 1929 distri-

583 1967 898 2036 buuntur;
934 1983 1152 2027 verum
1181 1969 1333 2034 hmo,
1368 1973 1428 2026 et
1458 1981 1582 2027 non
1640 1966 1785 2039 alia,
1820 1982 1891 2027 ac
1946 1966 2143 2042 magis
2175 1964 2521 2042 minusque
2573 1966 2954 2041 praestantia,
2993 1980 3106 2041 pro
3132 1963 3408 2043 gratuito
3434 1964 3549 2025 Dei
3588 1962 3843 2027 favore.

662 2063 1207 2142 Supervacaneum
1240 2061 1440 2123 infers
1472 2061 1808 2142 adventum
1833 2062 2121 2139 Spiritus
2154 2062 2359 2122 sancti
2411 2061 2481 2121 in
2532 2060 2633 2122 die
2682 2062 3098 2123 Pentecostes.
3158 2086 3186 2118 ‹‹
3236 2061 3380 2123 Haec
3429 2062 3658 2123 dicens
3708 2080 3840 2125 non

592 2158 793 2229 novit,
820 2171 889 2217 ea
922 2157 1339 2218 contentiosae
1360 2158 1592 2217 mentis
1624 2174 1767 2218 esse
1796 2168 2151 2220 commenta
2185 2156 2398 2237 (verba
2419 2161 2851 2221 suntJoannis
2884 2160 3060 2221 Becci
3097 2177 3275 2221 num.
3297 2160 3423 2241 68).
3448 2159 3634 2221 Unde
3661 2160 3842 2219 enim

586 2249 797 2320 habet,
828 2250 929 2313 die
960 2253 1375 2326 Pentecostes,
1404 2252 1689 2330 Spiritus
1719 2252 2071 2323 adventum,
2093 2253 2153 2313 si
2181 2254 2454 2334 ejusdem
2500 2244 2627 2335 fuit
2650 2256 2963 2335 Spiritus,
3012 2273 3556 2333 supervacaneum
3582 2257 3789 2334 fuisse
3810 2258 3844 2317 ?

586 2353 869 2427 Namque
902 2348 959 2413 si
990 2347 1090 2411 die
1113 2347 1508 2412 Pentecostcs
1535 2350 1883 2409 adventum
1917 2365 2467 2425 supervacaneum
2513 2351 2828 2423 decernit,
2859 2352 2917 2412 si
2944 2348 3217 2431 ejusdem
3247 2360 3334 2411 est
3366 2352 3659 2432 Spiritus
3692 2362 3847 2414 ante

584 2444 993 2507 Pentecosten
1023 2446 1363 2527 insufﬂati,
1422 2448 1638 2509 multm
1663 2445 1952 2523 ejusdem
1992 2444 2269 2523 Spiritus
2305 2449 2749 2510 redundantia:
2772 2448 3259 2525 comparebunt,
3289 2448 3464 2528 quod
3528 2455 3848 2512 extremm

585 2545 997 2605 absurditatis
1026 2552 1146 2605 est.
1178 2547 1262 2604 Es
1295 2562 1424 2623 quo
1448 2546 1619 2605 enim
1662 2543 1941 2622 primum
1974 2552 2182 2605 creato
2214 2543 2456 2606 homini
2494 2548 2562 2607 in
2595 2547 2866 2605 animam
2908 2547 3213 2608 viventem
3274 2544 3641 2607 insuﬂlatus
3702 2556 3845 2621 est;

585 2636 856 2700 diversis
886 2639 1257 2701 adventibus
1298 2642 1701 2719 postmodum
1762 2641 1837 2701 ad
1900 2640 2131 2720 dignos
2200 2641 2566 2717 descendit;
2608 2649 2683 2715 et
2742 2641 3175 2703 nihilominus
3203 2642 3383 2703 .licet
3411 2644 3486 2702 ad
3524 2641 3749 2720 plures
3784 2655 3849 2705 et

585 2737 822 2813 smpius
853 2738 1284 2810 descenderit,
1348 2754 1681 2814 nunquam
1746 2745 1954 2798 tamen
2027 2738 2199 2799 ullus
2232 2737 2411 2798 illius
2460 2738 2778 2798 adventus
2809 2755 3313 2816 superoacancus
3344 2748 3683 2815 reputatns
3718 2750 3846 2804 est.

586 2831 840 2907 [XLIV]
872 2830 1111 2891 Verum
1148 2832 1485 2910 Bulgarus,
1525 2833 1577 2892 si
1611 2834 1782 2909 quod
1823 2842 1966 2892 ante
1990 2832 2400 2893 Pentecosten
2430 2832 2799 2912 insufﬂatus
2827 2843 2939 2905 est,
2968 2834 3320 2895 adventum
3358 2833 3545 2896 illius
3572 2837 3639 2896 in
3681 2837 3850 2897 Pen-

589 2934 816 2986 tecoste
842 2932 949 2987 aut
999 2944 1529 3004 supervacaneum
1562 2929 1697 2987 vult
1756 2930 1997 3001 dicere,
2059 2938 2169 2989 aut
2212 2928 2479 2988 alterius
2508 2929 2795 3006 Spiritus
2826 2931 3172 2991 adventum
3207 2950 3220 2991 :
3267 2950 3392 2996 non
3428 2935 3643 2994 solum
3707 2942 3851 2995 tum

590 3040 1061 3100 supervacaneo
1092 3022 1427 3085 aﬂirmabit
1457 3024 1872 3085 descendisse
1906 3026 2213 3101 Spiritum
2246 3024 2615 3100 discipulis,
2651 3024 2762 3085 sed
2814 3033 2876 3086 et
2908 3034 3054 3087 ante
3090 3027 3155 3089 in
3193 3029 3573 3090 Pentecoste
3605 3030 3857 3093 adven-

591 3126 765 3193 tum;
800 3130 861 3181 et
892 3137 1035 3181 cum
1065 3120 1212 3183 huic
1254 3120 1349 3181 vel
1387 3121 1576 3181 alteri
1600 3122 2074 3199 prophetarum,
2115 3120 2242 3182 alio
2267 3132 2449 3201 atque
2496 3123 2622 3186 alio
2650 3134 2949 3199 tempore,
2987 3134 3045 3186 et
3095 3126 3298 3187 modis
3330 3128 3599 3190 diversis
3651 3131 3856 3193 adve-

591 3216 802 3288 niens,
836 3218 1193 3276 associatus
1251 3227 1371 3276 est.
1414 3217 1566 3276 Nam
1610 3216 1662 3275 si
1698 3232 1869 3276 nunc
1903 3216 1965 3277 in
2023 3218 2228 3294 [arma
2260 3220 2605 3297 ignitarum
2658 3222 3046 3300 linguarum,
3107 3232 3242 3285 tum
3282 3242 3433 3286 vero
3471 3241 3599 3288 non
3638 3228 3850 3291 simili

593 3310 841 3373 ratione
884 3312 1362 3389 acceptantibus
1395 3312 1771 3373 adveniebat
1811 3331 1825 3369 :
1876 3313 2301 3375 nihilominus
2336 3316 2492 3376 idem
2521 3314 2889 3378 adveniebat
2916 3318 3225 3397 Spiritus,
3264 3327 3326 3381 et
3359 3322 3582 3382 nullus
3625 3324 3851 3385 vario-

594 3423 733 3469 rum
769 3406 1047 3485 Spiritus
1070 3407 1459 3469 adventuum
1493 3425 1991 3485 supercacaneus
2028 3412 2507 3487 nuncupabitur
2538 3414 2615 3473 ab
2653 3412 2782 3473 illis
2828 3414 2940 3492 qui
2979 3430 3091 3493 per
3127 3420 3329 3477 rectas
3362 3416 3852 3495 Scripturarum

588 3502 852 3565 semitas
885 3503 1147 3583 prOpria
1180 3504 1450 3581 vestigia
1488 3504 1800 3581 dirigunt.
1848 3527 1875 3561 ι

671 3598 1019 3675 Quomodo,
1073 3600 1326 3677 reponit
1373 3600 1505 3672 ille,
1532 3620 1595 3660 se
1634 3601 1795 3662 illud
1821 3602 2003 3664 habet
2040 3623 2060 3663 :
2104 3606 2175 3668 Si
2230 3624 2338 3683 ego
2383 3624 2509 3667 non
2552 3607 2812 3669 abiero?
2847 3616 2967 3669 etc.
3013 3629 3043 3665 α
3101 3609 3250 3672 Ηξῑιο
3304 3612 3602 3674 enuntiat
3636 3614 3853 3695 (Becci

482 3698 489 3704 ’
590 3695 931 3772 respcnsio
964 3696 1109 3774 est),
1146 3698 1450 3773 ignorans
1475 3699 1541 3757 in
1562 3716 1869 3775 corporea
1897 3701 2098 3777 specie
2134 3701 2484 3778 ignitarum
2540 3701 2901 3781 linguarum
2954 3704 3235 3783 Spiritus
3282 3706 3631 3769 adventum
3692 3729 3849 3789 pro-

591 3790 862 3853 missum
954 3790 1159 3855 fuisse
1243 3792 1582 3871 discipulis
1673 3811 1707 3853 a
1794 3798 2150 3857 Servatore.
2220 3796 2401 3871 Opus
2492 3799 2666 3859 enim
2754 3808 2912 3872 erat,
2975 3819 3122 3863 cum
3203 3804 3504 3865 Servator
3573 3822 3851 3885 corpore

593 3888 933 3949 nobiscum
962 3897 1251 3951 versatus
1298 3888 1554 3964 fuisset,
1599 3892 1909 3968 Spiritum
1956 3894 2147 3954 etiam
2186 3911 2456 3973 corpore
2507 3911 2906 3974 comparere,
2937 3905 3007 3959 ut
3034 3898 3253 3961 verbis
3277 3900 3494 3980 Magni
3541 3904 3848 3980 Gregorii

594 3992 761 4048 utar.
799 4008 828 4042 ν
852 3986 1031 4049 Adde
1060 3988 1593 4051 abundantiorem
1625 3988 2078 4051 charismatum
2127 3991 2557 4070 largitionem,
2594 4008 2785 4071 quam
2813 3993 2879 4055 in
2918 3997 3292 4059 Pentecoste
3311 3996 3529 4059 attulit
3562 3999 3849 4079 Spiritus

594 4082 971 4147 adveniens.
1032 4132 1041 4137 .

672 4177 956 4257 Hujusce
997 4180 1256 4242 demum
1279 4183 1597 4244 missionis
1630 4182 1792 4244 hanc
1828 4183 2059 4245 habeto
2106 4182 2441 4246 clariorem
2475 4186 2976 4261 expositionem.
3032 4187 3251 4249 Rebus
3303 4188 3613 4251 omnibus
3662 4194 3850 4255 adest

594 4272 823 4335 intime
849 4276 1019 4336 Deus
1052 4294 1172 4354 per
1226 4278 1577 4349 essentiam,
1632 4287 1694 4338 et
1760 4280 2174 4357 praesentium,
2223 4288 2285 4342 et
2310 4283 2659 4361 potentiam
2692 4282 2943 4360 :‘idque
2979 4281 3168 4344 habet
3198 4300 3230 4345 a
3272 4286 3404 4345 Deo
3432 4286 3614 4348 Patre
3674 4290 3849 4351 Deus

593 4368 828 4443 Filius,
887 4379 945 4432 et
1001 4371 1185 4433 habet
1217 4389 1250 4434 a
1298 4375 1474 4434 Patre
1531 4382 1591 4436 et
1645 4374 1815 4436 Filio
1887 4378 2060 4437 Deus
2097 4377 2375 4453 Spiritus
2408 4385 2698 4440 sanctus.
2737 4380 2852 4439 Per
2885 4379 3349 4441 charismatum
3386 4380 3848 4459 elargitionem

596 4482 802 4528 novus
835 4470 1123 4544 exsurgit
1158 4472 1331 4532 velut
1367 4474 1717 4548 prmsentiao
1752 4473 1979 4534 modus
2015 4496 2028 4534 :
2062 4474 2174 4552 qui
2208 4473 2408 4551 magis
2436 4473 2781 4551 minusque
2830 4476 3134 4551 Specialis
3177 4486 3271 4538 est
3312 4494 3423 4555 pro
3455 4480 3580 4539 dati
3631 4480 3848 4543 chari-

595 4564 817 4623 smatis
846 4566 1219 4628 conditione
1252 4578 1312 4628 et
1342 4569 1722 4644 praestantia.
1745 4569 1907 4629 Hinc
1938 4570 2213 4645 Spiritus
2256 4576 2538 4641 sanctus,
2561 4588 2595 4631 a
2634 4573 2811 4633 Patre
2840 4581 2899 4631 et
2924 4572 3147 4633 aFilio
3174 4574 3437 4646 missus,
3464 4564 3631 4638 novo
3655 4582 3851 4641 modo

597 4654 879 4719 absolute
916 4672 972 4719 et
996 4660 1393 4740 simpliciter,
1430 4671 1499 4722 ut
1531 4663 1862 4741 inquiunt,
1900 4665 2129 4725 adesse
2165 4664 2425 4734 dicitur,
2473 4678 2535 4725 et
2568 4666 2927 4729 inhabitare
2963 4670 3023 4728 in
3080 4669 3162 4730 iis
3218 4673 3327 4748 qui
3365 4674 3586 4750 gratiae
3620 4678 3854 4737 sancti-

594 4752 843 4815 ﬁcantis
874 4754 1186 4817 charisma
1221 4757 1540 4834 recipiunt
1572 4780 1585 4818 :
1626 4758 1741 4819 sed
1780 4760 1969 4819 etiam
1998 4775 2163 4821 novo
2198 4760 2419 4839 aliquo
2448 4761 2637 4820 modo
2673 4780 2782 4839 per
2835 4765 3022 4825 tidem
3061 4768 3507 4839 [mecatoribus
3544 4771 3845 4835 ﬁdelibus

598 4848 948 4925 inexsistit,
1008 4860 1068 4912 et
1125 4852 1587 4930 pmnitentibus
1643 4872 1754 4930 per
1787 4854 2227 4928 dilectionem,
2260 4856 2601 4917 secundum
2659 4858 2811 4935 quid
2844 4869 2902 4918 et
2932 4860 3321 4940 imperfecte.
3369 4865 3531 4938 Qum
3580 4867 3845 4930 demum

598 4945 815 5007 omnia
846 4946 933 5008 ita
982 4946 1301 5027 intellige,
1329 4956 1398 5011 ut
1452 4968 1594 5013 cum
1626 4951 1764 5029 ipso
1800 4951 2047 5028 Spiritu
2099 4962 2341 5023 sancto,
2394 4952 2502 5030 qui
2560 4954 2861 5021 mittitur.
2896 4972 3308 5019 communem
3338 4959 3615 5022 habeant
3664 4964 3847 5025 Pater

596 5042 789 5103 etiam
827 5049 889 5104 et
936 5043 1142 5105 Filius
1176 5062 1400 5107 novam
1441 5047 1644 5125 ipsam
1694 5049 2113 5124 praesentiam,
2158 5058 2221 5109 et
2254 5048 2785 5111 inhabitationem
2819 5052 3068 5114 ratione
3093 5054 3245 5116 doni
3306 5060 3629 5129 concessi,
3664 5062 3839 5137 quod

598 5137 787 5199 simul
834 5140 909 5200 ad
935 5148 1112 5202 extra
1152 5149 1279 5204 tota
1330 5151 1632 5219 operatur
1661 5146 2058 5207 sanctissima
2084 5144 2361 5206 Trinitas
2396 5166 2411 5207 :
2446 5163 2517 5208 ac
2558 5154 2859 5225 prmterea
2899 5148 2960 5209 in
3002 5167 3073 5211 ea
3108 5169 3219 5229 per
3251 5154 3521 5229 gratiam
3556 5158 3843 5219 sanctiﬁ-

599 5239 845 5293 cantem
896 5234 1097 5311 justis
1158 5238 1225 5297 in
1274 5236 1652 5300 hominibus
1685 5239 2175 5313 inhabitatione.
2218 5242 2551 5319 Quidpiam
2608 5244 2977 5305 inveniatur
3030 5248 3204 5324 quod
3277 5249 3482 5325 ipsius
3550 5269 3846 5327 persona)

601 5326 894 5427 Spiritus,
918 5330 1483 5427 sanctiproprium
1516 5334 1621 5407 sit,
1652 5336 1849 5397 veluti
1892 5337 2191 5413 Specialis
2228 5340 2519 5416 qumdam
2553 5338 2846 5417 ejusdem
2904 5359 3197 5419 personae
3227 5345 3302 5406 ad
3340 5345 3623 5407 animam
3683 5348 3843 5427 justi

597 5424 966 5503 applicatio.
1001 5428 1090 5488 lta
1120 5425 1533 5508 frequentius
1593 5432 1801 5493 Latini
1853 5434 2197 5512 scriptores
2252 5436 2505 5499 docent.
2544 5438 2928 5516 Aquinatem
2984 5442 3399 5519 potissimum
3450 5424 3752 5522 consule,
3786 5457 3849 5512 et

600 5523 953 5592 Petavium,
990 5532 1052 5584 et
1082 5526 1492 5587 Franciscum
1532 5528 1851 5605 Sylvium.

683 5617 830 5698 (11.)
864 5620 997 5679 Alia
1048 5620 1327 5697 profero,
1389 5640 1532 5701 qum
1567 5625 1628 5685 in
1655 5626 1930 5700 epistola
1982 5627 2058 5689 ad
2111 5626 2445 5689 Nicolaum
2499 5629 2843 5691 diaconum
2896 5633 3451 5713 Theophylactus'
3485 5640 3848 5704 accumulat

600 5725 978 5815 argumenta
1008 5734 1021 5772 :
1057 5718 1155 5791 Id,
1175 5718 1341 5798 quod
1368 5720 1450 5780 ad
1481 5722 1908 5783 exsistendum
1937 5742 2095 5801 opus
2125 5724 2305 5785 habet
2355 5724 2599 5785 duobus
2630 5727 2995 5807 principiis,
3060 5730 3156 5790 vel
3188 5731 3391 5810 majus
3429 5741 3521 5792 cst
3554 5752 3624 5793 co
3687 5737 3850 5815 quod
3898 5792 3899 5797 η

598 5809 674 5871 ab
712 5829 834 5872 uno
855 5814 1177 5893 principio
1209 5829 1317 5890 est,
1382 5818 1478 5878 vel
1512 5818 1880 5898 cequale,vcl
1903 5820 2131 5884 minus.
2158 5819 2278 5881 Sed
2320 5820 2549 5898 ecquale
2584 5839 2711 5880 esse
2741 5840 2866 5882 non
2896 5824 3151 5903 potest:
3183 5828 3349 5906 foret
3398 5828 3562 5887 enim
3614 5809 3846 5894 (sb-into
