4034 6650
258 590 331 660 ss
1127 599 1227 661 DE
1264 566 1856 660 reuerenter:
1895 593 2171 659 GESTIS
2204 594 2302 656 ET
2339 593 2721 658 SCRIPTIS.
3497 587 3568 655 9t

257 714 615 795 principio,
653 723 714 776 et
742 732 868 776 non
898 712 1112 776 aliter.
1153 712 1570 793 Relinquitur
1613 727 1762 786 ergo
1796 723 1925 770 esse
1946 711 2179 790 majus,
2212 706 2314 770 vel
2343 710 2634 771 minus...
2699 707 2918 787 Igitur
2979 707 3271 786 Spiritus
3307 715 3568 768 sanctus

262 811 383 873 erit
412 814 624 892 major
653 811 822 873 Filio
851 811 989 889 (qui
1023 810 1105 871 ab
1134 807 1289 892 uno)
1319 830 1333 881 ;
1371 817 1435 870 et
1466 825 1616 871 ecce
1674 822 1906 870 novam
1943 807 2362 885 impietatem.
2392 807 2510 868 Vel
2545 815 2642 869 est
2677 808 2891 868 minor
2933 805 3366 884 Filio,sicque
3399 806 3571 866 revi-

258 909 448 970 viseit
470 907 963 971 Macedonius...
1003 907 1076 969 Si
1097 906 1269 967 Filio
1296 907 1504 986 major
1536 912 1628 965 est
1663 903 1859 965 Pater
1888 905 1956 965 in
2007 923 2102 976 eo,
2135 902 2306 982 quod
2336 921 2532 965 causa
2563 904 2699 988 ejus
2733 914 2826 964 est
2860 925 2880 964 :
2907 913 2968 965 et
2997 905 3134 982 ipse
3188 901 3401 963 Filius
3445 902 3568 963 erit

257 1007 469 1088 major
493 1007 750 1086 Spiritu
767 1014 985 1068 sancto
1027 1007 1236 1066 eadem
1267 1005 1591 1064 ratione...
1628 999 1746 1062 Ubi
1779 1002 2083 1063 invenisti
2105 1002 2346 1064 Filium
2387 1001 2518 1063 dici
2560 1003 2868 1083 majorem
2898 1001 3205 1080 Spiritu?
3235 993 3568 1074 Quomodo

261 1101 512 1164 tandem
527 1104 910 1183 proprietas
948 1101 1294 1164 communis
1325 1117 1454 1160 esse
1479 1097 1737 1175 potest?

343 1201 439 1262 Ad
477 1204 878 1278 po'stremum
935 1205 1390 1278 argumentum
1427 1193 1674 1257 solutio
1713 1191 1896 1255 Becci
1941 1202 2038 1254 est
2091 1191 2267 1255 inter
2302 1192 2735 1256 refutationes
2769 1192 2977 1256 Photii
3013 1193 3079 1254 in
3131 1193 3358 1255 eadem
3400 1190 3570 1251 Ora-

262 1298 437 1359 tione
465 1295 540 1356 de
575 1297 811 1357 unione
836 1295 1292 1366 Ecclesiarum,
1334 1308 1514 1354 num.
1548 1290 1667 1353 £2:
1706 1313 1737 1348 ε
1768 1290 1972 1360 Dicis,
2029 1290 2098 1352 Si
2134 1292 2484 1353 communis
2517 1299 2608 1352 est
2638 1291 2862 1353 Patris
2889 1301 2948 1353 et
2981 1292 3144 1353 Filii
3192 1291 3572 1372 proprietas

261 1393 614 1474 productio
644 1395 926 1472 Spiritus
957 1393 1185 1466 sancti,
1236 1391 1570 1470 quomodo
1614 1405 1940 1450 commune
1975 1389 2097 1451 erit
2141 1391 2575 1470 proprietas?
2612 1394 2742 1470 Ego
2796 1407 2989 1469 porro
3038 1390 3232 1452 dico:
3285 1405 3566 1466 quanam

219 1517 222 1522 -
261 1490 516 1553 ratione
557 1491 828 1552 maxime
859 1489 1215 1552 absurdum
1249 1488 1364 1548 tibi
1395 1487 1674 1554 videtur.
1708 1504 1852 1549 esse
1897 1487 2152 1567 aliquid
2210 1505 2541 1548 commune
2577 1489 2747 1550 Patri
2784 1495 2849 1550 et
2909 1488 3107 1561 Filio,
3170 1487 3442 1567 proprie
3501 1484 3568 1547 in

261 1586 428 1665 ipsis
466 1587 628 1649 solis
673 1587 1184 1657 consideratum,
1229 1586 1404 1664 quod
1455 1599 1583 1646 non
1621 1583 1706 1644 sit
1738 1601 2062 1645 commune
2091 1583 2428 1664 Spiritui?
2493 1587 2604 1646 Est
2635 1585 2811 1646 enim
2886 1601 3237 1646 commune
3292 1582 3459 1644 Patri
3508 1588 3572 1644 et

259 1682 464 1757 Filio,
495 1682 672 1762 quod
707 1681 973 1760 Spiritui
1011 1698 1361 1742 commune
1405 1697 1533 1742 non
1587 1687 1684 1740 est
1719 1701 1733 1740 :
1767 1689 1830 1741 et
1864 1680 2040 1759 quod
2075 1695 2203 1742 non
2239 1680 2466 1753 unius,
2501 1680 2615 1741 sed
2648 1683 2924 1741 duarum
2972 1695 3401 1758 personarum
3442 1685 3566 1750 est,

263 1777 388 1840 hoc
410 1795 760 1840 commune
790 1777 1055 1848 dicitur,
1090 1785 1150 1837 et
1183 1785 1313 1849 est;
1373 1777 1549 1855 quod
1607 1791 1759 1837 vero
1815 1776 2076 1854 proprie
2113 1776 2180 1838 in
2217 1776 2350 1838 illis
2381 1776 2862 1850 consideratur,
2919 1778 2981 1838 et
3018 1774 3205 1837 illius
3247 1775 3568 1854 particeps

263 1892 398 1938 non
430 1885 526 1939 est
566 1875 872 1956 Spiritus.
910 1875 1153 1938 dicitur
1183 1890 1415 1935 eorum
1457 1872 1842 1952 proprietas.
1873 1875 2118 1952 Nempe
2158 1881 2228 1934 ut
2257 1889 2337 1935 eo
2367 1873 2809 1952 distinguatur
2875 1873 2953 1934 ab
3010 1865 3518 1948 illis'Spiritus...
3548 1915 3566 1933 .

262 1974 608 2052 Nyssenus
671 1972 938 2033 homilia
1012 1973 1082 2033 in
1145 1969 1514 2032 Orationem
1578 1971 1995 2039 Dominicam,
2053 1967 2395 2032 manifeste
2461 1969 2524 2032 id
2581 1970 2813 2032 astruit
2873 1991 2897 2031 τ
2925 1969 3083 2032 Cum
3138 1969 3306 2030 enim
3360 1967 3569 2030 Filius

264 2088 346 2131 ea:
384 2070 580 2131 Patre
618 2070 842 2139 exivit,
879 2079 935 2129 et
967 2069 1259 2147 Spiritus
1322 2086 1400 2128 ex
1441 2068 1568 2126 Deo
1613 2075 1670 2128 et
1705 2067 1898 2129 Patre
1938 2066 2258 2146 procedit.
2299 2064 2426 2128 Sed
2459 2065 2990 2146 quemadmodum
3011 2068 3150 2127 sine
3177 2084 3371 2132 causa
3412 2084 3566 2136 esse,

264 2185 408 2230 cum
433 2165 741 2228 sitsolius
782 2165 1024 2236 Patris,
1065 2165 1234 2226 Filio
1272 2174 1328 2224 et
1352 2164 1640 2243 Spiritui
1665 2161 1971 2242 adaptari
1998 2165 2221 2244 nequit
2245 2185 2264 2226 :
2292 2165 2385 2227 sic
2442 2175 2695 2233 contra.
2737 2182 2867 2226 esse
2900 2183 2981 2226 ex
3019 2182 3236 2233 causa,
3280 2164 3451 2243 quod
3479 2173 3571 2224 est

266 2263 426 2325 Filii
457 2272 513 2323 et
545 2262 834 2342 Spiritus
861 2263 1224 2341 proprium,
1262 2261 1336 2323 de
1357 2261 1549 2322 Patre
1581 2260 1983 2322 considerari
2015 2262 2300 2323 alienum
2357 2271 2449 2324 est
2481 2281 2520 2322 a
2553 2272 2818 2324 natura.
2855 2263 3012 2326 Cum
3054 2280 3204 2323 vero
3247 2279 3573 2322 commune

266 2362 354 2421 sit
412 2359 585 2420 Filio
643 2368 698 2418 et
745 2359 1029 2436 Spiritui
1075 2367 1294 2418 sancto
1333 2375 1464 2417 non
1507 2374 1637 2417 esse
1687 2357 1918 2436 absque
1963 2372 2150 2426 ortu:
2185 2375 2421 2420 rursus
2455 2368 2572 2420 est=
2597 2359 2810 2439 facile,
2846 2358 3278 2440 differentiam
3332 2375 3468 2438 quce
3506 2357 3578 2420 in

264 2475 488 2518 eorum
515 2455 1025 2535 proprietatibus
1063 2464 1178 2523 est.
1207 2457 1519 2534 reperire.
1577 2454 1862 2517 Adverte
1919 2453 2321 2517 animum...
2357 2456 2693 2536 qnnmodo
2749 2457 3220 2535 proprietatem
3284 2456 3570 2518 duarum

263 2560 518 2616 tantum
556 2568 978 2629 personarum
1034 2551 1281 2614 vocavit
1342 2571 1423 2614 ea:
1453 2569 1648 2612 causa
1692 2569 1795 2612 eas
1829 2568 1960 2611 esse
2005 2573 2025 2612 :
2067 2559 2130 2615 et
2163 2555 2495 2633 quomodo
2525 2554 3037 2634 reprmsentavit,
3065 2571 3391 2616 commune
3423 2569 3570 2617 esse

264 2651 507 2712 iisdem
544 2650 799 2711 duabus
830 2649 1124 2727 personis
1154 2649 1398 2726 absque
1436 2657 1585 2709 ortu
1607 2667 1742 2709 non
1773 2665 1929 2711 esse.
1961 2669 1990 2704 ι
2124 2663 2129 2674 ‘
3363 2661 3366 2664 ’

345 2749 568 2826 [XLV]
630 2748 868 2809 Caetera
945 2756 1014 2808 ut
1076 2746 1290 2808 locum
1344 2745 1657 2808 haberent
1716 2752 2126 2825 argumenta,
2165 2744 2665 2826 TheOphylacto
2730 2747 3372 2811 comminiscendum
3406 2753 3572 2821 erat,

268 2845 519 2906 Patrem
553 2851 617 2904 et
670 2843 913 2905 Filium
969 2843 1093 2903 duo
1149 2839 1460 2904 constitui
1497 2840 1700 2903 sancti
1744 2841 2028 2919 Spiritus
2062 2842 2398 2922 principia
2436 2864 2455 2905 :
2489 2861 2636 2905 cum
2669 2861 2705 2907 e
2742 2853 2988 2918 contra,
3046 2845 3218 2906 sicut
3270 2847 3457 2906 Pater
3511 2852 3576 2906 et

268 2940 506 3013 Filius,
532 2948 836 3018 quantum
867 2937 950 3000 ad
985 2941 1101 3002 hoc
1125 2937 1292 3020 quod
1323 2948 1414 3000 est
1451 2956 1588 2999 esse
1610 2937 2016 3018 principium
2052 2939 2344 3018 Spiritus
2375 2942 2610 3015 sancti,
2648 2957 2775 3002 non
2812 2948 3247 3022 opponuntur
3278 2963 3293 3001 :
3327 2943 3413 3017 ita
3457 2939 3580 3002 mi-

271 3037 454 3100 nime
494 3037 1007 3115 distinguantur,
1042 3036 1155 3099 sed
1203 3035 1337 3098 sint
1369 3035 1502 3098 duo
1534 3035 1875 3114 supposita
1910 3041 2054 3097 cum
2084 3052 2212 3098 una
2245 3036 2610 3116 eademque
2650 3037 2969 3116 Spiritum
2999 3046 3298 3101 sanctum
3332 3037 3580 3117 produ-

271 3134 463 3196 cendi
519 3133 782 3196 virtute.

348 3227 501 3311 (12.)
534 3231 762 3292 Fuerit
810 3245 965 3304 ergo
1018 3229 1258 3303 Filius,
1316 3228 1566 3310 inquis,
1608 3229 1871 3310 Spiritu
1918 3237 2140 3290 sancto
2193 3230 2452 3312 major?
2492 3251 2521 3285 α
2585 3228 2968 3300 Considera,
3016 3230 3275 3308 reponit
3330 3231 3576 3292 Beccus

270 3345 460 3391 num.
494 3329 597 3401 67,
646 3345 726 3390 ne
758 3326 877 3388 tibi
904 3326 1036 3390 haec
1061 3327 1382 3390 dubitatio
1415 3326 1480 3389 in
1509 3329 1938 3406 cpprobrium
1978 3334 2293 3398 vertatur,
2320 3327 2375 3389 si
2404 3326 2604 3390 Italus
2628 3344 2938 3406 magnum
2985 3327 3104 3389 tibi
3145 3326 3574 3390 Athanasium

269 3426 588 3505 producet
611 3425 903 3487 oratione
936 3443 954 3485 ι
982 3423 1300 3486 Aduersus
1335 3424 1608 3484 Arianos
1641 3427 1852 3503 (num.
1884 3425 1985 3503 50)
2022 3424 2152 3485 haec
2187 3423 2553 3487 tradentem
2595 3445 2613 3487 :
2659 3424 3024 3504 Discipulis
3060 3426 3369 3489 Dominus
3431 3425 3574 3487 dei-

267 3520 463 3584 tatem
493 3527 560 3582 et‘
584 3521 1081 3599 magnitudinem
1105 3538 1285 3580 suam
1319 3516 1678 3592 ostendens,
1710 3537 1840 3579 non
1870 3521 2179 3580 minorem
2210 3521 2618 3599 semetipsum
2647 3520 2932 3600 Spiritu,
3000 3519 3110 3581 sed
3165 3523 3468 3602 majorem
3517 3530 3578 3584 et

267 3615 573 3697 aequalem
617 3634 748 3677 esse
779 3615 1179 3700 signiﬁcem,
1210 3613 1501 3682 tradebat
1533 3614 1878 3694 Spiritum,
1924 3615 2292 3695 dicebatque
2327 3637 2347 3675 :
2380 3617 2517 3694 Ego
2573 3617 2757 3678 illum
2815 3620 3025 3690 mitto,
3061 3627 3118 3678 et
3157 3619 3292 3697 ipse
3319 3638 3411 3679 me
3440 3617 3579 3698 glo-

270 3711 583 3790 ri/icabit,
634 3719 694 3772 et
733 3727 1114 3791 quacunque
1163 3709 1404 3783 audiet,
1457 3709 1775 3788 loquetur.
1821 3729 1857 3766 ι’
1882 3712 1951 3772 In
1989 3712 2348 3775 Parisiensi
2414 3713 2897 3776 Montfauconii
2943 3714 3236 3778 editione
3271 3733 3417 3788 vox,
3459 3716 3579 3787 μει-

271 3809 429 3892 ζᾳνα.
463 3809 788 3889 majorem,
821 3807 1247 3869 desideratur.
1300 3805 1548 3867 Habent
1585 3806 1759 3868 illam
1793 3808 2115 3870 editiones
2139 3809 2308 3880 alim,
2341 3827 2413 3872 ac
2444 3827 2604 3873 mss.
2667 3811 2927 3874 codices
2962 3811 3199 3890 aliqui.
3231 3814 3328 3874 Ad
3399 3813 3580 3878 hunc

265 3904 493 3968 locum
527 3905 831 3966 admonet
864 3904 1159 3965 laudatus
1199 3902 1435 3969 editor,
1462 3903 1526 3963 in
1574 3903 1863 3982 margine
1895 3906 2139 3966 codicis
2169 3905 2566 3968 Basileensis
2626 3907 2757 3969 haec
2787 3910 3128 3971 adnotari:
3191 3908 3365 3984 Vide,
3419 3928 3578 3990 quo-

267 3999 454 4063 modo
487 4001 697 4061 Filius
719 4000 977 4079 aequalis
1015 4009 1072 4060 et
1096 3999 1300 4079 major
1333 3999 1416 4060 sit
1455 3999 1715 4078 Spiritu
1742 4020 1762 4060 :
1801 4002 2058 4080 aequalis
2084 4002 2337 4082 quidem
2365 4003 2713 4068 secundum
2737 4004 3170 4082 divinitatem,
3189 4009 3396 4090 major
3425 4025 3576 4070 vero

268 4097 525 4158 ratione
547 4113 774 4170 causa,
805 4104 877 4156 ut
909 4104 966 4156 et
989 4096 1180 4156 Pater
1211 4096 1350 4174 ipso
1399 4095 1593 4158 l‘erbo
1627 4104 1720 4157 est
1760 4099 1986 4178 major.
2037 4101 2280 4179 Nempe
2307 4117 2504 4164 unam
2545 4118 2672 4164 vox
2721 4102 2835 4166 illa
2901 4103 3292 4184 dignitatem
3330 4105 3580 4168 indicat

270 4193 530 4258 ratione
562 4192 867 4270 originis.
1494 4206 1496 4209 ·
1707 4207 1710 4209 λ
2623 4231 2625 4234 .
3032 4219 3036 4223 .

347 4291 456 4351 76.
516 4286 1099 4350 Animadversione
1154 4285 1539 4366 dignissima
1613 4293 1983 4369 sequuntur
2041 4289 2511 4372 Theophylaeti
2591 4293 2780 4357 verba
2833 4296 2901 4358 in
2973 4296 3253 4376 epistola
3326 4297 3572 4379 saepius

270 4391 626 4447 memorata
683 4384 760 4444 ad
820 4382 1160 4445 Nicolaum
1222 4385 1571 4447 diaconum
1632 4395 1694 4447 et
1752 4387 2170 4450 canstrisium
2223 4411 2239 4450 :
2293 4391 2366 4452 Si
2421 4390 2675 4453 dixeris
2736 4403 2794 4454 te
2859 4394 3186 4474 afﬁrmare
3247 4395 3574 4474 Spiritum

271 4495 359 4541 ea:
415 4479 588 4542 Filio
620 4479 989 4559 procedere,
1045 4490 1356 4559 quatenus
1404 4481 1480 4543 ab
1533 4500 1602 4542 eo
1666 4481 2086 4545 distribuitur
2137 4495 2196 4546 et
2250 4486 2522 4549 datur...
2552 4498 2611 4549 et
2640 4486 2727 4549 ad
2779 4490 2874 4551 ita
2908 4490 3292 4564 loquendum
3329 4493 3472 4570 cogi
3511 4501 3570 4554 te

263 4575 548 4655 penuria
577 4594 824 4647 vocum,
855 4576 1214 4654 Latiumque
1245 4575 1477 4656 linguae
1513 4589 1975 4659 paupertate...
2006 4601 2114 4662 ego
2133 4586 2380 4646 veniam
2417 4586 2612 4666 facile
2664 4585 2851 4659 dabo,
2881 4598 2953 4649 ut
2993 4588 3063 4649 in
3111 4588 3261 4649 aliis
3293 4589 3570 4667 quidem,

264 4673 388 4738 hoc
445 4683 562 4743 est,
607 4672 1063 4746 communibus,
1108 4692 1181 4734 ac
1251 4675 1434 4736 etiam
1493 4678 1936 4741 ecclesiasticis
1974 4681 2394 4755 sermonibus,
2437 4683 2495 4743 si
2548 4683 2726 4756 uelis,
2779 4682 3038 4744 vocibus
3084 4685 3297 4745 utaris
3330 4695 3403 4744 ut
3436 4683 3560 4747 tibi

264 4767 493 4846 lingua
529 4767 814 4829 concedit
853 4790 872 4828 :
899 4770 1226 4847 praemissa
1263 4779 1464 4832 tamen
1495 4777 1895 4843 convenieati
1944 4774 2402 4852 declarations,
2426 4797 2510 4840 ne
2542 4781 2656 4860 qui
2682 4779 2988 4855 audiunt,
3017 4781 3315 4859 ignorent
3345 4780 3562 4860 dupli-

263 4879 400 4926 cem
429 4882 557 4925 esse
588 4866 759 4926 vocis
789 4865 1276 4944 intelligentiam
1327 4869 1842 4946 (processionem
1901 4875 2176 4950 scilicet,
2232 4877 2601 4940 secundum
2672 4878 2849 4956 quod
2901 4893 2932 4938 a
2975 4877 3332 4940 soloPatre
3379 4878 3573 4942 habet

264 4978 440 5056 esse,
475 4968 536 5023 et
569 4960 960 5023 effusionem
997 4962 1097 5029 vel
1124 4966 1784 5030 communicationem
1821 4970 2155 5055 Spiritus).
2190 4974 2274 5036 At
2304 4992 2452 5036 vero
2485 4976 2554 5037 in
2597 4973 2898 5055 Symbolo
2969 4975 3257 5054 exprime
3306 4994 3577 5056 proces-

261 5055 509 5118 sianem
531 5075 572 5117 a
599 5056 734 5117 solo
767 5057 983 5119 Patre.

349 5153 540 5216 nunc
573 5155 715 5215 sine
747 5154 952 5218 dubio
992 5153 1208 5218 locum
1252 5156 1578 5221 indicabat
1634 5161 1918 5224 Joannes
1951 5164 2193 5228 Beccus
2232 5167 2402 5229 inter
2432 5167 2733 5248 ejusdem
2767 5167 3245 5250 Theophylacti
3317 5169 3570 5234 refuta-

262 5249 508 5328 tiones,
549 5267 729 5347 num.
764 5253 886 5314 66:
925 5275 952 5308 α
984 5255 1118 5333 Ego
1146 5254 1407 5316 interim
1442 5257 1674 5335 gratias
1706 5258 1823 5320 tibi
1847 5260 2409 5344 (Theophylacte),
2445 5280 2567 5345 ago
2596 5263 2676 5326 de
2703 5264 2874 5328 bona
2909 5249 3172 5342 mente;
3215 5268 3479 5346 quando
3509 5276 3571 5329 te

261 5350 552 5430 seperio,
585 5351 898 5412 unionem
943 5351 1246 5415 Ecclesia)
1277 5353 1477 5416 veluti
1504 5373 1538 5417 a
1576 5356 1825 5430 subtili,
1854 5356 2031 5436 quod
2069 5359 2282 5429 aiunt,
2334 5360 2440 5436 filo
2469 5360 2870 5437 appendisse
2904 5362 2970 5423 in
3025 5361 3186 5433 illis,
3232 5380 3379 5442 quae
3411 5363 3572 5428 ltalo

258 5447 570 5512 insinuas
607 5464 621 5507 :
650 5448 732 5508 In
774 5447 923 5509 aliis
953 5447 1204 5528 quidem
1239 5449 1508 5511 concedo
1539 5452 1677 5522 tibi,
1714 5472 1922 5514 vocem
1954 5454 2394 5534 usurpandum
2422 5458 2717 5536 Spiritus
2751 5476 2832 5519 ea:
2870 5457 3062 5519 Patre
3095 5469 3154 5520 et
3196 5458 3371 5522 Filio
3399 5478 3567 5540 pro-

260 5545 597 5635 cessionis,
633 5554 708 5605 ut
743 5543 861 5608 tibi
892 5546 1114 5623 lingua
1139 5548 1460 5626 permittit
1497 5570 1519 5611 :
1548 5552 1615 5612 in
1645 5553 2083 5614 communibus
2110 5555 2330 5632 nempe
2360 5555 2762 5617 sermonibus
2799 5555 3257 5620 ecclesiasticis
3321 5569 3379 5620 et
3435 5558 3572 5620 col-

259 5640 521 5721 loquiis,
556 5642 614 5703 si
642 5641 1026 5712 allubescat;
1063 5643 1133 5704 in
1161 5643 1457 5722 Symbolo
1493 5663 1643 5706 vero
1675 5648 1834 5721 solo,
1869 5667 1999 5708 non
2031 5649 2387 5711 concedam.
2425 5652 2791 5714 Exosculor
2815 5652 3016 5715 animi
3061 5655 3154 5716 tui
3189 5655 3568 5733 candorem,

259 5745 332 5800 et
359 5754 646 5819 agnosco
686 5739 916 5801 unioni
953 5747 1014 5801 te
1051 5756 1357 5818 magnum
1392 5742 1649 5816 pondus
1683 5743 2043 5807 addidisse.
2087 5767 2116 5801 »
3104 5737 3106 5740 ’

341 5837 494 5941 llaec
542 5838 826 5901 invicem
879 5838 1034 5941 duo,
1087 5855 1234 5918 qum
1274 5840 1478 5901 tradit
1535 5843 1674 5904 loco
1706 5837 1902 5905 citato
1930 5841 2481 5930 TheOphylactus,
2518 5861 2746 5924 quaeve
2779 5846 3026 5909 Beccus
3068 5845 3566 5941 animadvertit,

258 5933 487 5999 minus
529 5952 816 5999 consona
851 5935 1158 5996 videntur
1193 5959 1208 5995 :
1245 5953 1458 6014 neque
1495 5937 1704 6015 primo
1729 5949 1994 6020 aspectu
2054 5939 2281 6000 bonam
2334 5952 2601 6003 mentem
2646 5943 2961 6006 exhibent
2994 5945 3187 6005 verba
3230 5962 3300 6008 ar
3320 5933 3572 6025 cbiepi;

259 6031 470 6101 Iconi.
506 6033 828 6095 Docuerat
860 6047 1116 6109 nempe,
1146 6033 1581 6110 processionis
1613 6039 1863 6101 nomine
1915 6035 2240 6100 declarari
2270 6036 2522 6100 modum
2550 6057 2672 6119 quo
2727 6040 3020 6120 Spiritus
3052 6041 3236 6104 habet
3261 6061 3394 6104 esse
3424 6063 3446 6104 :
3483 6059 3558 6106 ac
