4034 6576
567 442 635 503 95
1411 435 1633 499 BERN.
1673 433 1938 498 MAR“!
1975 434 2072 496 DE
2113 431 2398 498 RUBEIS
2440 435 2942 498 DISSERTATIO
3756 430 3825 492 96

567 558 887 620 missionis
926 573 1127 617 vocem
1180 554 1538 632 signiﬁcare
1574 549 1993 612 abundantem
2031 550 2338 611 donorum
2399 549 2820 630 largitionem,
2885 568 3017 629 qua-
3058 570 3092 607 a
3154 551 3342 610 Putre
3377 552 3625 630 quiden
3697 562 3809 614 est.

568 653 677 714 sed
705 673 742 714 ο
785 653 951 714 Filio
987 653 1051 712 in
1084 669 1183 710 eos
1212 652 1320 728 qui
1348 649 1722 728 dignisunt,
1755 649 2130 726 e/funditur.
2173 649 2334 706 Tum
2377 648 2692 718 Latinum,
2730 647 2823 706 vel
2863 647 3086 706 Italum
3141 645 3418 717 inducit,
3455 646 3516 706 id
3592 646 3820 722 utique

570 750 875 816 cientem,
916 755 978 808 et
1019 745 1445 807 nihilominus
1477 743 1918 816 afﬁrmantem,
1951 741 2262 821 Spiritum
2292 761 2370 801 ex
2405 742 2570 802 Filio
2599 741 2965 819 procedere,
3004 752 3310 820 quatenus
3345 741 3419 802 ab
3476 761 3544 801 eo
3597 741 3821 801 distri-

570 843 792 904 buitur
818 863 889 904 ac
921 841 1132 914 datur,
1179 842 1374 902 veluti
1410 841 1486 901 ad
1522 842 1605 901 ita
1648 840 2044 916 loquendum
2084 841 2352 913 penuria
2386 849 2667 898 coactum
2717 858 2933 898 vocum
2972 839 3321 914 Latineque
3378 839 3612 915 lingua
3661 855 3822 915 pau-

569 953 839 1019 pertate.
875 942 1320 1000 Commentum
1354 937 1594 998 scilicet
1627 933 1917 995 obtrudit
1950 932 2162 1008 Theoi:

2224 935 2492 1008 ylactus.
2557 934 2747 994 Italus
2794 933 2965 994 enim
3011 941 3118 992 aut
3175 934 3439 994 Latinus
3498 934 3694 995 hocce
3755 934 3817 994 in

575 1045 958 1113 argumento
995 1035 1317 1095 incusavit
1379 1033 1597 1094 nullus
1667 1046 1946 1108 unquam
2007 1028 2245 1103 linguai
2307 1047 2440 1090 suae
2483 1031 2719 1090 Latium
2753 1038 3187 1108 paupertatem
3234 1046 3304 1088 ac
3340 1045 3568 1090 vocum
3605 1046 3815 1099 penu-

580 1134 762 1202 riam,
825 1147 1040 1208 neque
1102 1138 1303 1207 potest
1347 1130 1667 1189 incusare.
1732 1126 1859 1188 Bac
1922 1142 2071 1186 vero
2132 1125 2597 1202 prtesupposila
2670 1127 2907 1202 linguai
2973 1133 3369 1200 paupertate,
3429 1125 3684 1184 veniam
3751 1139 3818 1186 se

579 1228 880 1289 datuium
919 1227 1143 1287 Latino
1178 1227 1264 1286 ait
1299 1225 1634 1299 Bulgarus,
1687 1225 1767 1293 si,
1811 1234 2074 1299 excepto
2120 1220 2434 1300 Symbolo,
2471 1221 2535 1280 in
2571 1221 2719 1280 aliis
2777 1220 3232 1293 familiaribus,
3263 1228 3322 1280 et
3355 1221 3819 1281 ecclesiasticis

570 1324 764 1385 etiam
805 1323 1180 1398 colloquiis,
1213 1322 1521 1398 Spiritum
1551 1330 1837 1386 sanctum
1872 1339 1907 1378 α
1942 1319 2127 1379 Patre
2180 1327 2236 1378 et
2265 1319 2432 1378 Filio
2461 1317 2899 1396 procedentem
2939 1326 3180 1377 asserat
3217 1339 3231 1376 :
3286 1334 3354 1377 ea
3398 1327 3614 1377 tamen
3667 1334 3820 1378 «au-

572 1419 745 1480 tione
776 1419 1079 1489 adhibita,
1116 1418 1492 1495 utejusdem
1514 1418 1793 1492 Spiritus
1826 1415 2220 1489 intelligatur
2241 1413 2476 1482 missio,
2511 1411 2791 1482 donatio,
2827 1410 3196 1470 distributio
3224 1427 3332 1485 per
3361 1411 3821 1470 charismatum

575 1515 1048 1590 elargitionem.
1087 1515 1228 1574 Haec
1269 1514 1567 1572 videntur
1594 1513 1916 1580 evincere,
1954 1510 2218 1569 minime
2248 1507 2704 1586 Theot'nhylacti
2746 1516 3021 1569 mentem
3083 1507 3313 1576 fuisse,
3369 1515 3435 1567 ut
3487 1508 3561 1568 ad
3618 1510 3820 1569 solam

572 1613 768 1682 voieis,
791 1609 1511 1690 Filioque,additionem
1543 1609 1617 1669 ad
1639 1608 2054 1687 Symbolum,
2082 1613 2189 1667 aut
2221 1604 2641 1666 emissionem
2677 1606 2736 1664 in
2767 1623 2866 1676 eo,
2896 1604 3096 1682 redigi
3130 1605 3820 1681 possitcontroversim

571 1722 843 1767 summa.

651 1824 723 1884 Ut
762 1832 831 1885 ut
863 1841 1008 1885 sese
1041 1841 1140 1884 res
1178 1823 1431 1892 habeat,
1467 1823 1653 1884 bonae
1688 1820 1896 1900 frugis
1934 1820 2180 1900 aliquid
2215 1820 2277 1879 in
2314 1820 2806 1895 archiepiscopo
2847 1821 3234 1898 agnoscebat
3272 1823 3510 1883 Beccus
3549 1843 3563 1882 :
3597 1829 3820 1898 utpote

576 1919 687 1994 qui
720 1921 944 1980 Latino
987 1921 1409 1997 permitteret,
1437 1919 1749 1996 Spiritum
1785 1925 2076 1978 sanctum
2109 1919 2554 1994 procedentem
2587 1932 2621 1977 a
2681 1919 2856 1977 Patre
2913 1917 3215 1996 Filioque
3267 1916 3582 1979 aﬂirmare
3643 1924 3822 1980 extra

576 2018 988 2094 Symbolum;
1023 2035 1165 2078 cum
1197 2037 1228 2077 e
1261 2027 1476 2077 contra
1506 2019 1872 2078 Graecorum
1913 2013 2205 2091 plerique
2244 2012 2635 2071 locutionem
2683 2011 2866 2082 hanc,
2901 2012 3095 2072 veluti
3133 2029 3340 2089 angue
3379 2015 3592 2090 pejus,
3627 2031 3818 2074 exse-

575 2123 937 2174 craren'ur.
973 2114 1133 2173 Illud
1177 2116 1363 2173 etiam
1400 2122 1534 2173 erat
1565 2111 1977 2173 emolumenti
2016 2131 2030 2169 :
2066 2109 2235 2188 quod
2270 2124 2411 2167 cum
2446 2107 2730 2184 Spiritus
2782 2106 3043 2167 sanctia
3081 2107 3270 2167 Patre
3301 2118 3357 2167 et
3387 2127 3426 2166 a
3460 2109 3631 2170 Filio
3667 2127 3823 2188 pro-

575 2209 906 2268 cessionem
959 2209 1238 2287 intelligi
1296 2216 1355 2268 et
1425 2209 1621 2283 aecipi
1675 2208 2070 2286 permitteret
2139 2219 2250 2281 pro
2284 2203 2487 2280 ipsius
2518 2203 2810 2267 missione
2846 2219 2956 2279 per
2986 2204 3305 2265 donorum
3333 2203 3819 2284 elargitionem,

575 2304 739 2363 viam
774 2307 1025 2381 parabat
1058 2305 1131 2364 ad
1164 2320 1369 2364 veram
1404 2301 1694 2383 ejusdem
1720 2305 2040 2362 missionis
2074 2299 2591 2376 intelligentiam,
2626 2315 2816 2377 quam
2854 2300 2988 2359 sine
3023 2309 3257 2360 aeterna
3290 2317 3578 2378 persona
3622 2303 3829 2364 missa

573 2401 972 2478 processione
997 2401 1070 2461 ob
1103 2399 1305 2458 altera
1333 2416 1460 2460 non
1493 2399 1874 2470 consistere,
1903 2399 2031 2476 jam
2065 2394 2303 2470 srepius
2348 2395 2825 2454 adnotavimus.

653 2519 1020 2592 [XLVHTL
1059 2518 1703 2594 Fueruntt-mteroqui
1740 2519 1878 2596 ejus
1900 2516 2097 2578 intotis
2131 2515 2424 2574 doctores
2458 2515 2682 2584 Grmczi,
2711 2515 2819 2590 qui
2849 2531 2958 2574 eos
2991 2514 3160 2575 inter
3189 2532 3257 2576 ac
3277 2515 3534 2578 Latinos
3565 2524 3824 2578 contro-

586 2614 807 2674 versim
841 2621 1228 2674 momentum
1269 2613 1635 2690 redigereut
1685 2617 1756 2673 ad
1785 2630 1971 2673 unam
2013 2613 2206 2684 vocis,
2245 2610 2551 2688 Filioque,
2578 2610 2972 2672 additionem
3007 2612 3082 2670 ad
3118 2611 3520 2689 Symbolum.
3560 2612 3826 2690 Incepto

577 2708 810 2768 smrulu
869 2708 1252 2768 duodecimo
1283 2708 1920 2768 Thessalonicensvm
1945 2707 2348 2782 metmpolim
2383 2707 2636 2782 regebat
2661 2707 2930 2778 Nicetes,
2955 2706 3066 2784 qui
3104 2708 3379 2783 primum
3407 2708 3726 2768 Maronem
3757 2707 3821 2769 in

575 2803 1194 2878 Thraciaepiscoiius
1215 2803 1353 2865 fuit.
1377 2804 1698 2865 Prolixum
1722 2803 1858 2880 ejus
1879 2804 2082 2863 locum
2107 2822 2180 2864 ex
2204 2803 2384 2863 libris
2403 2820 2561 2878 quos
2583 2804 2986 2863 concinnavit
3006 2804 3083 2862 de
3111 2804 3522 2880 processimie
3543 2804 3825 2880 Spiritus

577 2898 803 2970 sancti,
846 2900 1076 2976 promit
1117 2900 1238 2959 [.eo
1279 2900 1545 2958 Allatius
1581 2900 1820 2958 Contra
1871 2900 2314 2973 Hottingcrum
2373 2916 2517 2976 pag.
2561 2898 2698 2971 ΜΠ,
2745 2899 2848 2958 ubi
2887 2899 3272 2976 diligentius
3307 2899 3603 2960 discussa
3645 2917 3820 2978 que-

579 2992 818 3061 slione.
854 2993 942 3052 sic
976 3011 1110 3053 eam
1150 2996 1430 3069 denique
1492 2995 1764 3055 absolvit
1803 3017 1814 3053 :
1852 3017 1876 3047 α
1914 2994 2216 3053 Dictionis
2262 2995 2593 3074 (Filioque)
2634 2994 3018 3055 additionem
3080 2995 3344 3056 silentio
3387 3012 3497 3057 vos
3557 3013 3824 3076 quoque

579 3088 913 3158 involvite,
955 3107 1165 3166 neque
1198 3091 1265 3150 in
1299 3090 1589 3166 Symbolo
1629 3091 2050 3165 imposterum
2092 3091 2540 3165 pronuntiata:
2578 3093 2686 3151 sed
2715 3094 2803 3152 uti
2846 3094 3079 3162 Patres,
3119 3091 3199 3152 ita
3237 3092 3574 3153 nobiscum
3604 3095 3821 3164 dicite,

581 3180 708 3257 Qui
732 3201 811 3244 ρι’
842 3185 1032 3245 Patre
1057 3185 1368 3263 procedit,
1403 3187 1510 3265 qui
1533 3205 1669 3245 cum
1705 3186 1894 3245 Patre
1927 3197 1980 3245 et
2017 3186 2182 3245 Filio
2215 3187 2400 3246 simul
2428 3187 2862 3265 gloriﬁcatur,-
2899 3191 3068 3266 quod
3094 3190 3246 3249 satis
3289 3190 3609 3267 utrisque,
3639 3191 3824 3252 nobis

578 3289 639 3338 et
672 3280 876 3347 vobis,
914 3299 1025 3358 per
1083 3281 1356 3357 Spiritus
1407 3283 1604 3342 sancti
1665 3283 1953 3360 gratiam,
2015 3298 2296 3342 amorem
2358 3282 2950 3356 conciliabit;cum
3018 3283 3292 3344 invicem
3329 3287 3826 3357 concordemus,

582 3392 725 3434 cum
763 3377 1039 3438 dicimus
1077 3386 1135 3438 et
1173 3380 1566 3456 proﬁtemur,
1609 3398 1684 3438 ex
1715 3380 1899 3438 Patre
1926 3396 2042 3456 per
2081 3377 2315 3438 Filium
2357 3378 2858 3453 processionem.
2920 3404 2946 3434 ›ι

665 3499 842 3556 Mens
879 3495 1098 3556 eadem
1135 3494 1336 3556 fuisse
1370 3495 1624 3555 videtur
1655 3495 1818 3554 Petri
1860 3494 2240 3555 Antiocheni
2277 3496 2338 3553 in
2373 3492 2644 3571 epistola
2687 3498 2760 3555 ad
2819 3495 3193 3558 Micliaelem
3229 3496 3665 3570 Cerularium,
3719 3497 3830 3560 ubi

583 3611 763 3654 num.
799 3592 884 3654 XI
920 3589 1146 3649 malum
1181 3599 1236 3651 et
1272 3591 1575 3650 malorum
1606 3591 1940 3669 pessimum
1976 3601 2152 3651 vocat
2181 3589 2591 3670 adjectionem
2626 3590 2707 3649 ad
2734 3602 3016 3651 sanctum
3047 3591 3402 3670 Symbolum
3442 3616 3456 3652 :
3494 3604 3553 3656 et
3593 3594 3833 3656 nihilo-

585 3691 798 3749 minus
830 3703 1010 3748 num.
1051 3687 1221 3746 XXII
1267 3709 1280 3747 :
1318 3688 1388 3748 Si
1418 3688 1483 3749 in
1515 3685 1837 3746 additione
1866 3687 2145 3766 Symboli
2177 3691 2611 3762 corrigantur,
2645 3687 2757 3760 ait,
2793 3688 2955 3747 nihil
2984 3698 3290 3765 pra'lerca
3349 3688 3832 3767 postulaverim.

585 3783 1008 3845 Levissimum
1038 3781 1162 3862 jam
1198 3783 1374 3842 vides
1413 3782 1791 3860 quaestionis
1835 3791 2256 3844 momentum.
2295 3784 2412 3840 [les
2445 3789 2569 3840 tota
2630 3782 2943 3859 redigitur
2973 3784 3048 3842 ad
3098 3783 3559 3846 ecclesiasticm
3629 3785 3833 3847 disci-

585 3881 775 3957 plina;
806 3888 1018 3957 caput,
1056 3880 1120 3940 in
1155 3897 1284 3958 quo
1317 3879 1512 3940 nimia
1558 3879 1750 3940 fuerit
1781 3879 2044 3940 Audacia
2105 3878 2373 3938 Romani
2439 3878 2755 3955 pontiﬁcis
2789 3889 2846 3940 et
2887 3880 3187 3942 Ecclesiae
3234 3881 3683 3943 Occidentalis
3721 3899 3837 3944 au-

582 3975 934 4037 ctoritatem
974 3980 1056 4035 ita
1091 3984 1434 4046 coarctare,
1494 3983 1557 4034 ut
1593 3990 1703 4050 pro
1745 3976 2128 4050 urgentibus
2187 3973 2679 4034 circumstantiis
2740 3990 2865 4034 non
2904 3974 3172 4036 valuerit
3212 3993 3336 4036 una
3372 3993 3525 4038 voce
3561 3978 3832 4056 Symbo-

585 4070 714 4131 lum
749 4087 982 4148 augere
1016 4071 1216 4147 :quod
1255 4069 1478 4146 utique
1511 4086 1542 4128 a
1577 4070 1812 4130 Graecis
1844 4070 1908 4129 in
1945 4070 2209 4129 Oriente
2241 4068 2474 4130 factum
2503 4069 2565 4129 iu
2595 4069 2798 4147 prima
2821 4071 3834 4151 synodoConstantinopolitana.

586 4171 673 4230 De
718 4168 829 4228 hac
858 4166 1220 4237 Additione,
1281 4170 1491 4241 deme
1562 4167 1703 4242 ipso
1761 4167 2058 4243 Dogmate
2119 4167 2384 4227 consule
2443 4165 2939 4226 Dissertatioues
2969 4175 3217 4226 nostras
3257 4169 3446 4236 duas,
3511 4185 3678 4245 quas
3718 4164 3840 4232 hoc

582 4279 751 4328 anno
788 4264 936 4325 1753
968 4281 1110 4324 cum
1152 4265 1287 4324 Vita
1316 4262 1597 4339 Georgii.
1625 4281 1734 4321 seu
1767 4261 2064 4338 Gregorii
2127 4261 2376 4340 Cyprii,
2438 4261 2825 4339 patriarcha:
2887 4260 3616 4340 Constantinopolitani,
3669 4263 3841 4344 typis

584 4358 992 4439 vulgavimus
1030 4359 1197 4435 apud
1231 4359 1412 4418 Joan.
1450 4356 1790 4435 Baptistam
1821 4357 2264 4436 Pasqualium.

2101 4529 2228 4590 XX.

581 4681 899 4744 Fidelium
935 4680 1243 4759 suffragia
1293 4698 1625 4758 perperam
1655 4699 1726 4740 ac
1777 4678 1940 4759 falso
1977 4679 2670 4759 rdocetpdefunctorum
2698 4679 3013 4759 aliquibus
3035 4679 3354 4757 prodesse,
3391 4684 3499 4758 qui
3541 4684 3843 4759 gravibus

663 4759 979 4838 inquinati
1014 4757 1301 4838 peccatis
1334 4757 1417 4819 ea}
1457 4761 1569 4820 hac
1621 4757 2125 4838 vita'decedunt.
2155 4757 2413 4838 aLatini
2476 4757 2766 4818 nonnullt
2805 4757 3114 4838 doctores
3190 4757 3420 4838 notati.
3487 4757 3844 4823 Russorum

665 4834 972 4927 confessio
1003 4834 1150 4916 ﬁdei
1203 4838 1584 4916 expenditur
1616 4857 1687 4898 ac
1739 4834 2078 4914 refellitur.
2137 4837 2406 4898 Erroris
2455 4856 2668 4897 causa.
2740 4837 3049 4897 Doctrina
3083 4837 3330 4900 illibata
3367 4840 3616 4901 Thoma:
3645 4842 3846 4921 Aqui-

662 4927 854 4976 natis.

661 5084 761 5145 78.
783 5081 1074 5144 Alienam
1113 5097 1147 5141 a
1190 5079 1496 5142 catholica
1527 5080 1647 5141 ﬁde
1673 5080 2150 5153 sententiam,si
2177 5080 2360 5141 verba
2385 5087 2776 5157 Spectentur,
2801 5078 3324 5156 'l‘heOphylactus
3361 5079 3598 5155 promit
3622 5080 3684 5139 in
3706 5097 3842 5158 cap.

591 5199 681 5240 xu
721 5183 895 5241 Luca:
924 5199 980 5240 ν.
1015 5179 1076 5247 5,
1101 5178 1176 5237 ad
1211 5194 1282 5238 ea
1302 5178 1488 5238 verba
1525 5199 1538 5236 :
1577 5177 1805 5236 Timete
1837 5195 1995 5248 eum,
2021 5179 2478 5255 quipostquam
2519 5176 2845 5246 occiderit,
2885 5174 3067 5236 habet
3098 5184 3473 5253 potestatem
3495 5177 3748 5238 mittere
3779 5179 3840 5238 in

590 5275 1173 5352 gehennam.Verba
1196 5273 1334 5351 ejus
1370 5279 1556 5333 sunt:
1593 5295 1619 5327 α
1653 5272 1872 5343 Vides,
1908 5274 2082 5351 quod
2119 5290 2246 5334 non
2282 5275 2468 5341 dixit,
2497 5275 2796 5334 Metuatis
2831 5290 2988 5340 eum,
3017 5274 3125 5349 qui
3148 5283 3482 5351 postquam
3507 5273 3841 5342 occiderit.

590 5373 787 5432 mittit
819 5374 883 5431 in
918 5373 1253 5447 gehennam
1278 5392 1297 5430 :
1335 5371 1474 5442 sed,
1502 5369 1822 5431 habentem
1865 5379 2236 5448 potestatem
2283 5371 2596 5431 mittendi.
2635 5372 2772 5430 Non
2805 5371 2978 5430 enim
3013 5386 3293 5447 semper,
3327 5371 3375 5420 οἱ
3399 5368 3843 5438 ἀποθνήσκοντες

595 5468 914 5538 ἀμαρτολοε,
943 5467 1055 5546 qui
1120 5468 1488 5528 moriuntur
1548 5475 1933 5545 peccatores,
2001 5470 2342 5531 mittuntur
2375 5471 2440 5532 in
2469 5471 2830 5549 gehennam
2870 5486 2882 5528 :
2918 5469 3028 5530 sed
3063 5476 3213 5529 sunt
3249 5468 3316 5528 in
3348 5475 3668 5545 potestate
3701 5470 3841 5538 Dei,

595 5577 663 5624 ut
709 5563 897 5624 etiam
965 5563 1198 5623 dimitti
1246 5563 1515 5640 possint.
1584 5564 1716 5622 Hoc
1746 5570 1960 5623 autem
1995 5564 2140 5626 dico
2169 5576 2436 5645 propter
2468 5566 2814 5627 oblationes
2847 5574 2905 5624 et
2949 5564 3465 5637 distributiones,
3504 5581 3644 5644 qut:
3687 5567 3844 5644 ﬁunt

596 5676 714 5737 pro
781 5658 1144 5736 defunctis;
1198 5675 1342 5738 quae
1406 5676 1533 5720 non
1625 5675 1845 5736 parum
1908 5660 2189 5722 conducu

2255 5670 2274 5721 ι
2332 5664 2521 5723 etiam
2580 5661 2721 5729 his,
2783 5671 2896 5732 τοῖς
2933 5671 3027 5722 καὶ
3078 5670 3140 5721 ἐν
3227 5670 3530 5738 ἁμαρτίαις
3601 5669 3847 5741 βαρείαις

601 5753 991 5820 ἀποθάνωσιν,
1051 5756 1160 5830 qui
1186 5756 1250 5815 in
1277 5754 1576 5832 gravibus
1607 5757 1881 5833 peccatis
1930 5758 2168 5816 mortui
2205 5764 2374 5816 sunt.
2412 5757 2548 5816 Non
2583 5754 2848 5814 omnino
2881 5754 3104 5830 igitur,
3183 5761 3520 5832 postquam
3583 5755 3843 5827 occidit,

603 5850 791 5911 mittit
827 5850 889 5910 in
931 5848 1285 5927 gehennam
1321 5872 1336 5910 :
1373 5849 1484 5912 sed
1520 5858 1892 5927 potestatem
1927 5851 2109 5914 habet
2144 5851 2463 5914 mittendi.
2490 5853 2581 5911 Ne
2620 5850 2817 5928 igitur
2847 5848 3203 5923 cessemus,
3243 5867 3354 5927 per
3393 5849 3844 5932 eleemosynal
