4034 6654
265 616 338 678 91
1136 602 1235 665 DE
1277 592 1874 663 THEOPIIYLACTI
1914 590 2189 652 GESTIS
2228 590 2326 651 cr
2366 590 2740 655 SCRIPTIS.
3506 585 3581 652 98

267 736 334 789 et
360 720 872 788 intercessiones
910 714 1265 796 prOpitium
1304 709 1581 772 reddere
1608 722 1791 780 eum,
1824 702 1938 785 qui
1968 711 2349 783 potestatem
2374 700 2558 765 habet
2582 700 2898 776 mittendi,
2918 716 3047 764 non
3076 716 3335 780 semper
3358 706 3578 773 autem

269 826 386 886 hac
416 828 728 902 potestate
760 824 1077 878 utentem:
1111 811 1227 874 sed
1263 817 1326 871 et
1363 805 1683 899 valentem
1752 803 2085 865 remittere
2118 801 2458 881 quiddam.
2496 825 2525 859 ι

363 894 453 983 Ad
489 920 619 981 lucc
688 915 885 977 verba
936 914 1003 973 in
1060 910 1350 972 editione
1408 896 1698 983 Philippi
1748 900 2036 963 Montani
2107 898 2460 977 apponitur
2493 916 2527 960 e
2590 898 2853 976 regione
2915 894 3253 958 adnotatio
3288 915 3304 954 :
3342 895 3584 974 Defun-

276 1029 530 1081 ctorum
562 1012 850 1086 auxilia,
884 1006 1263 1090 purgatorii
1326 1003 1620 1064 assertio.
1677 999 1920 1061 Eodem
1983 994 2416 1057 Bellarminus
2460 994 2662 1055 utitur
2694 992 3073 1057 testimonio
3107 990 3581 1072 Theophylacri

276 1116 357 1177 ad
413 1112 793 1175 catholicam
849 1089 932 1171 de
988 1105 1368 1184 purgatorio
1423 1100 1759 1163 veritatem
1818 1095 2322 1157 conﬁrmandam
2358 1093 2576 1154 libro:
2628 1093 2718 1153 De
2777 1093 3194 1172 purgatorio,
3226 1089 3439 1168 capite
3479 1091 3580 1153 10.

280 1207 870 1272 Verumenimvero
901 1201 1209 1265 catholica
1248 1198 1483 1261 veritas
1516 1204 1637 1269 est,
1681 1198 1824 1274 ipso
1890 1196 2178 1254 tradente
2208 1192 2605 1253 Beilarminu
2639 1191 2804 1253 libro
2854 1210 2925 1265 ιι,
2961 1191 3172 1267 capite
3211 1189 3269 1261 1,
3327 1186 3395 1249 in
3428 1186 3581 1261 ﬁne,

281 1308 745 1385 Purgatorium
774 1320 898 1381 pro
944 1300 1023 1361 iis
1058 1308 1301 1359 tantum
1336 1314 1490 1368 esse,
1543 1294 1653 1374 qui
1710 1290 1865 1354 cum“
1900 1286 2256 1351 oeniulibus
2314 1288 2523 1367 culpis
2578 1289 2992 1348 moriuntur:
3029 1284 3106 1347 ac
3154 1303 3417 1346 rursum
3456 1300 3585 1365 pro

280 1382 550 1481 illis'qui
576 1398 886 1461 decedunt
912 1415 1051 1458 cum
1072 1404 1257 1455 reatu
1286 1410 1505 1473 panda,
1562 1390 1772 1469 culpis
1790 1389 1928 1469 jam
1960 1388 2268 1448 remissis.
2335 1388 2511 1447 Inter
2546 1386 2707 1447 istos
2740 1384 2892 1465 quis
2948 1401 3065 1446 eos
3100 1391 3429 1457 numeret,
3465 1382 3583 1463 qui

271 1500 463 1582 juxta
492 1495 1051 1575 Theophylactum
1092 1494 1161 1553 in
1187 1491 1491 1571 gravibus
1538 1488 1825 1569 peccatis
1865 1485 2111 1546 mortui
2134 1485 2341 1543 sunt?
2395 1482 2553 1543 lllos
2612 1482 2830 1555 etiam,
2902 1482 3147 1543 divinas
3206 1480 3486 1561 justitiaa
3519 1486 3588 1542 ut

280 1578 707 1661 satisfaciant,
743 1592 811 1654 in
856 1592 1067 1653 locum
1125 1604 1485 1667 pmnarum,
1544 1585 1933 1665 quicunque
2008 1583 2129 1644 iste
2191 1582 2300 1653 sit,
2366 1590 2429 1642 et
2461 1597 2873 1659 qumcunque
2913 1580 3041 1641 sint
3082 1578 3233 1653 ηιω,
3265 1579 3470 1640 mittit
3514 1592 3589 1639 ac

285 1690 544 1770 proiicit
572 1692 749 1751 Dens
785 1714 800 1750 .
836 1697 897 1751 et
929 1704 1055 1750 non
1091 1686 1308 1749 solum
1334 1746 1349 1761 ν,
1374 1692 1761 1765 potestatem
1802 1680 2015 1757 habet
2077 1677 2407 1750 mittendi,
2474 1694 2604 1757 qua
2641 1693 2772 1739 non
2806 1694 3069 1757 semper
3102 1676 3443 1755 utitur,‘ut
3498 1674 3588 1737 ait

282 1788 635 1866 Bulgarus.
1328 1797 1341 1831 '-

367 1882 674 1944 Pervium
715 1880 843 1943 loci
872 1896 1139 1943 sensum
1176 1886 1576 1957 exposuerat
1616 1875 1726 1937 ille
1752 1875 1831 1935 ad
1865 1874 2143 1937 Matthaai
2193 1883 2383 1953 cai‘lut
2416 1894 2484 1949 ι,
2525 1893 2585 1935 v.
2623 1875 2746 1938 i8:
2797 1873 2994 1933 Docet
3027 1881 3090 1932 et
3118 1880 3385 1932 mortem
3432 1890 3592 1933 con-

286 1976 682 2045 temnendam
722 1997 742 2037 :
776 1975 1136 2039 terribilius
1174 1978 1361 2048 enim,
1401 1976 1632 2053 inquit,
1665 1973 1958 2052 gehennae
2015 1971 2407 2051 supplicium
2442 1981 2561 2033 est.
2600 1970 2728 2047 Qui
2789 1971 2953 2031 enim
2995 1966 3322 2039 occidunt,
3384 1966 3590 2029 solum

284 2093 529 2155 corpus
554 2074 894 2137 destruunt
941 2095 961 2135 :
995 2075 1222 2135 animm
1250 2081 1458 2133 autem
1486 2072 1789 2153 fortassis
1826 2068 2193 2148 beneﬁcium
2214 2070 2487 2149 faciunt.
2526 2068 2691 2129 Deus
2722 2074 2932 2128 autem
2960 2066 3035 2126 in
3065 2065 3413 2144 gehennam
3430 2082 3590 2144 pro-
3628 2099 3631 2101 ε

271 2174 537 2256 jicicns,
575 2183 631 2234 et
660 2174 933 2233 animam
960 2181 1269 2250 etcorpus
1298 2171 1515 2248 punit.
1542 2168 1908 2230 Gekennam
1944 2176 2154 2226 autem
2184 2182 2321 2225 cum
2354 2162 2537 2239 dicit,
2573 2164 2899 2245 signiﬁcat
2926 2171 3298 2243 perpetuam
3317 2177 3586 2241 plenam.

282 2272 581 2332 Potestas
617 2265 752 2343 illa,
813 2286 957 2348 quin
988 2268 1160 2345 apud
1195 2268 1429 2327 Lucam
1464 2266 1597 2325 Deo
1629 2264 1961 2336 tribuitur,
1991 2263 2104 2344 jus
2142 2263 2618 2341 complectitur,
2658 2262 2786 2324 vim
2819 2271 2878 2322 et
2912 2258 3346 2342 effici-entiam.
3401 2260 3475 2321 In
3509 2276 3590 2324 eo

285 2354 675 2446 positus'est
708 2365 1177 2444 TheOphylacti
1216 2381 1419 2433 error,
1452 2363 1624 2442 quod
1656 2360 1736 2422 ab
1780 2369 1925 2422 actu
1958 2376 2102 2422 eam
2134 2359 2427 2438 sejungit
2456 2359 2742 2435 [XLVII]
2799 2364 3182 2436 potestatem
3216 2377 3234 2415 :
3288 2372 3593 2419 excesse-

285 2464 532 2545 ritque,
559 2463 1015 2527 defunctorum
1050 2462 1498 2525 conditionem
1529 2460 1893 2538 assignans,
1926 2458 2169 2537 quibus
2205 2455 2499 2519 ﬁdelium
2532 2455 2846 2536 suﬂ‘r’agia
2881 2455 3194 2535 prodesse
3230 2452 3482 2533 possint
3508 2455 3593 2516 ad

284 2564 381 2627 sa-l
395 2573 590 2626 utem.

310 2726 311 2729 η
369 2660 467 2725 79.
513 2663 639 2725 Sua
689 2671 896 2723 tamen
969 2668 1035 2721 ut
1085 2658 1466 2722 contis-ment
1526 2655 1729 2719 Grmci
1790 2659 2174 2725 commenta,
2247 2649 3119 2731 utisolentTheophylacti
3173 2650 3589 2715 auctoritate.

288 2759 682 2838 Expendere
712 2758 830 2819 hoc
876 2758 1015 2817 loc‘o
1050 2756 1329 2836 pretium
1360 2763 1457 2816 est
1494 2771 1736 2834 operae,
1770 2754 1946 2832 quod
1989 2750 2262 2812 habetur
2296 2753 2359 2811 in
2401 2748 2781 2816 Orthodoxa
2814 2750 3237 2831 Confessione
3269 2747 3597 2811 catholica

286 2867 477 2936 atque
520 2854 886 2935 apostolica:
936 2853 1235 2915 Ecclesia:
1289 2851 1659 2913 Orientalis.
1715 2852 1889 2911 Hanc
1949 2865 2069 2928 pro
2121 2846 2412 2909 Ecclesia
2468 2850 2831 2909 ltussorum
2882 2848 3305 2910 concinnavit
3367 2849 3593 2909 Petrus

291 2952 559 3029 Mogda,
599 2949 1006 3029 metrOpolita
1045 2949 1467 3023 Kioviensis;
1520 2950 1879 3026 eademque
1925 2948 2143 3007 Graece
2206 2952 2269 3006 et
2331 2944 2552 3007 Latine
2615 2946 2790 3025 typis
2850 2945 3096 3023 prodiit
3138 2943 3598 3011 Wrastislaciw

289 3045 472 3127 apud
528 3048 720 3108 Joan.
780 3045 1088 3108 Jacobum
1125 3044 1311 3106 Korn
1361 3046 1684 3107 MDCCLI.
1737 3045 1911 3103 Duas
1953 3044 2018 3104 in
2086 3051 2301 3123 partes
2357 3044 2696 3115 tribuitur,
2748 3060 2822 3106 ac
2872 3045 2939 3107 in
2998 3044 3200 3107 altera
3250 3045 3345 3106 sic
3404 3043 3599 3106 habet

289 3144 572 3223 qumstio
606 3161 798 3205 thv:
845 3143 1076 3204 Annon
1110 3150 1167 3203 et
1207 3142 1407 3220 aliqui
1446 3142 1538 3203 sic
1583 3141 1743 3202 diem
1781 3159 1959 3202 suam
1984 3140 2238 3214 obeunt,
2281 3150 2355 3201 ut
2414 3140 2740 3203 beatorum
2787 3141 3355 3221 damnatorumque
3405 3140 3600 3203 medii

290 3242 482 3304 sint?
550 3240 956 3320 Responsio:
1003 3262 1031 3297 κ
1071 3238 1456 3317 Huiusmodi
1540 3238 1842 3299 homines
1897 3238 2062 3299 nulli
2139 3241 2581 3317 reperiuntur.
2658 3240 2736 3299 At
2795 3238 2963 3301 illud
3028 3226 3229 3318 probe
3305 3247 3595 3313 constat,

295 3338 642 3401 sceleratos
668 3338 944 3403 homines
987 3335 1383 3418 (ἁμαρτολούς)
1421 3354 1549 3396 ηοη
1586 3337 1813 3415 paucis
1854 3335 1928 3397 de
1971 3334 2109 3395 orci
2142 3334 2443 3396 claustris
2476 3336 2665 3414 eripi,
2706 3346 2895 3415 atque
2939 3333 3208 3397 liberari
3238 3356 3259 3397 :
3313 3352 3445 3397 non
3482 3353 3600 3399 sua

294 3436 575 3516 quidem,
602 3436 888 3513 ipsorum
925 3432 1298 3514 pmnitentia
1331 3433 1468 3495 sive
1511 3433 2008 3496 confessione...
2045 3448 2270 3492 verum
2312 3430 2437 3508 piis
2470 3434 2905 3509 superstitum
2932 3430 3165 3494 ofﬁciis
3196 3444 3260 3496 et
3284 3433 3599 3496 Eoclesim

300 3548 422 3609 pro
457 3531 617 3609 ipsis
651 3529 1253 3608 deprecationibus,
1285 3529 1606 3608 prmeipuc
1635 3546 1787 3593 vero
1830 3547 1944 3608 per
1977 3528 2393 3591 incruentum
2429 3530 2849 3591 sacriﬁcium.
2883 3552 2911 3585 υ
3148 3540 3181 3575 9

379 3627 675 3702 Quaestio
707 3646 861 3688 va.
903 3624 1075 3701 Quid
1137 3627 1343 3704 igitur
1372 3627 1762 3688 sentiendum
1794 3626 1867 3686 de
1898 3626 2305 3705 eleemosynis
2338 3627 2590 3705 piisque
2641 3628 2894 3706 ofﬁciis,
2920 3629 3149 3708 quwzin
3182 3628 3601 3709 refrigerium

294 3735 699 3788 mortuorum
735 3728 1170 3805 praestantur?
1220 3726 1607 3804 Responsio.
1645 3748 1674 3780 ‹‹
1721 3728 1801 3787 Ea
1836 3724 1916 3795 de
1972 3743 2041 3787 re
2080 3725 2614 3806 'l‘heophylactus
2651 3726 2717 3787 in
2753 3736 2947 3805 caput
2996 3746 3094 3789 xu
3156 3731 3373 3803 Luem,
3406 3744 3602 3807 expo-

297 3840 469 3885 nens
524 3822 709 3885 verba
754 3821 992 3884 Christi
1027 3840 1088 3883 ν.
1119 3822 1258 3884 5....
1291 3822 1378 3882 ita
1429 3830 1925 3885 commentatur.
1966 3823 2339 3904 (Superiora
2388 3824 2788 3905 ejus.verba
2839 3825 3261 3906 afferuntur.)
3316 3825 3525 3904 Igitur
3560 3842 3600 3887 a

295 3919 596 3983 doctrina
640 3920 841 3981 Patris
893 3918 1089 3998 hujus
1124 3920 1292 3982 illud
1327 3920 1720 3982 deducimus
1775 3942 1789 3981 :
1841 3931 2142 3997 oportere
2177 3922 2449 3985 omnino
2492 3940 2534 3985 .a
2583 3924 2774 3987 nobis
2831 3942 3057 4003 preces
3097 3941 3212 4004 pro
3264 3924 3601 3988 defunctis

296 4017 586 4095 concipi,
623 4025 819 4096 atque
881 4015 1101 4077 olferri
1140 4016 1479 4081 incruenta
1519 4017 1854 4091 sacrificia,
1892 4018 2245 4098 spargique
2280 4017 2539 4081 liberali
2584 4033 2780 4083 manu
2834 4022 3342 4102 eleemosynas;
3386 4022 3602 4103 siqui-

297 4116 451 4176 dem
488 4114 594 4192 pia
639 4112 1021 4192 hujusmodi
1056 4129 1276 4192 oper...
1310 4132 1428 4177 sua
1476 4131 1692 4188 causa,
1735 4114 2000 4193 ipsimet
2034 4123 2336 4193 praestare
2370 4133 2500 4178 non
2534 4126 2834 4194 possunt.
2887 4142 2917 4175 υ

383 4210 688 4272 Absurde
724 4210 908 4288 plura
951 4219 1361 4288 promuntur.
1406 4212 1535 4274 Cur
1576 4211 1670 4271 illi
1706 4210 1820 4290 qui
1858 4228 2003 4273 cum
2049 4212 2413 4274 venialibns
2454 4214 2765 4276 duntaxat
2802 4216 3041 4295 culpis,
3083 4225 3194 4278 aut
3225 4233 3371 4279 cum
3417 4229 3601 4279 reatu

300 4323 537 4399 pmnm‘
564 4305 967 4384 temporalis,
1015 4305 1228 4385 culpis
1257 4305 1387 4385 jam
1425 4307 1742 4383 remissis,
1771 4308 2114 4387 ,‘decedunt
2143 4328 2219 4371 ex
2266 4310 2383 4373 hac
2410 4312 2564 4386 vita,
2597 4330 2998 4395 quocunque
3030 4315 3296 4377 demum
3352 4316 3417 4377 in
3456 4316 3601 4379 loco

295 4403 546 4465 (lirium
614 4401 1009 4464 satisfaciant
1049 4401 1347 4480 justitim,
1397 4406 1609 4467 beatos
1667 4406 1839 4467 inter
1892 4423 1965 4467 ac
2012 4405 2342 4468 damnatos
2432 4426 2561 4472 non
2635 4410 2883 4473 fuerint
2932 4410 3181 4473 medii?
3241 4412 3602 4475 Sceleratus

298 4500 637 4575 homines,
677 4499 1067 4580 gravibusqu
1141 4502 1210 4563 in
1244 4503 1527 4582 peccatis
1558 4502 1949 4565 decedentes
1994 4522 2141 4570 cum
2197 4507 2318 4581 ais,
2351 4526 2479 4569 non
2507 4527 2751 4589 paucos
2786 4509 3078 4573 ﬁdelium
3114 4510 3476 4589 suﬁ'ragiis,
3520 4510 3602 4573 de

300 4598 445 4659 orci
486 4595 791 4656 claustris
830 4598 993 4674 eripi
1031 4618 1062 4656 α
1152 4597 1440 4674 liberari,
1477 4600 1541 4661 in
1593 4616 1877 4661 errorem
1926 4600 2163 4665 incidis
2202 4604 2536 4684 Origenis,
2564 4606 2695 4686 .qui
2736 4608 2942 4686 pmnis
2977 4606 3219 4673 inferni
3254 4609 3447 4670 tinem
3483 4608 3606 4670 ali-

296 4693 569 4773 quando
606 4692 898 4753 futurum
960 4694 1053 4755 air
1097 4702 1191 4757 vat.
1231 4696 1518 4775 Hujusce
1570 4698 1917 4759 commenti
1968 4699 2189 4779 aliqua
2252 4700 2317 4763 in
2355 4702 2815 4766 ecclesiasticis
2840 4705 3218 4767 Graecorum
3268 4704 3455 4767 libris
3496 4724 3606 4767 ve-

294 4790 495 4867 stigia
540 4789 838 4866 reperiri,
873 4788 1012 4851 sive
1044 4791 1589 4870 Urigenistarum,
1624 4796 1762 4856 sive
1795 4797 2074 4859 aliorum
2110 4795 2335 4862 fraude
2376 4798 2612 4861 factum
2651 4800 2760 4876 sit,
2793 4802 3125 4864 adnotavit
3157 4804 3282 4865 Leo
3317 4801 3599 4865 Allatius

295 4884 764 4947 dissertatione
814 4903 860 4945 ll
904 4886 987 4946 De
1019 4886 1203 4948 libris
1242 4889 1682 4953 ecclesiasticis
1709 4891 2097 4961 ercorum.

383 4982 510 5043 Sed
546 4981 811 5060 inquies
867 4998 1015 5044 cum
1053 4984 1561 5065 Theopbylacto,
1598 4988 1946 5053 sceleratos
1980 4993 2156 5066 illos,
2184 4997 2295 5076 qui
2344 4997 2662 5061 liberandi
2702 5007 2882 5075 sunt,
2924 5017 3053 5063 non
3099 5018 3248 5063 esse
3281 5019 3315 5063 a
3350 5003 3485 5064 Deo
3532 5001 3603 5065 in

298 5079 673 5187 gehennam
704 5079 1087 5187 .projectos;
1134 5082 1240 5187 sed
1282 5084 1398 5145 hoc
1433 5102 1577 5187 (esse
1594 5088 1673 5187 in
1713 5097 2027 5165 potestate
2053 5094 2170 5157 Dei
2213 5096 2430 5177 situm,
2464 5098 2633 5159 sicut
2666 5106 2725 5158 et
2772 5099 3017 5159 veniam
3075 5097 3210 5160 illis
3236 5095 3487 5179 largiri.
3523 5102 3605 5163 At

303 5178 471 5238 ﬁdes
507 5174 822 5265 catholica
853 5186 1168 5257 repugnat
1200 5179 1265 5239 in
1299 5182 1554 5259 synodo
1592 5183 1963 5249 Florentino
2003 5191 2351 5254 conStituta
2383 5174 2448 5254 in
2484 5193 2744 5255 decreto
2792 5192 3091 5267 Unionis.
3117 5194 3229 5256 ubi
3264 5174 3606 5259 definitum

304 5271 597 5381 legimus
634 5293 648 5332 :
680 5268 955 5381 {Horum
1006 5276 1257 5336 animos
1298 5281 1412 5381 qui
1462 5278 1529 5339 in
1550 5282 1795 5344 actuali
1824 5285 2086 5347 mortali
2136 5299 2423 5365 peccato,
2458 5291 2590 5351 sire
2633 5290 2940 5367 originali
2986 5288 3315 5362 decedunt,
3356 5311 3506 5354 mox
3536 5294 3608 5354 in

301 5369 634 5479 infernum
668 5368 1066 5445 descendere,
1123 5381 1245 5434 etc.
1288 5373 1586 5447 Quonam
1648 5395 1803 5441 vero
1846 5381 2326 5463 Scripturarum
2378 5393 2489 5448 aut
2546 5387 2804 5449 Patrum
2848 5388 3220 5450 traditionis
3272 5399 3606 5451 momento

303 5470 612 5542 innixus,
642 5479 1015 5547 potestatem
1048 5473 1166 5535 Dei
1195 5475 1489 5538 mittendi
1531 5478 1595 5538 in
1630 5478 1995 5557 gehennam
2037 5482 2333 5562 seiungis
2394 5485 2474 5545 ab
2532 5490 2675 5546 actu
2702 5488 2732 5545 τ
2789 5484 3019 5547 Aiebat
3047 5486 3371 5549 "Christus
3419 5488 3608 5548 Luem

302 5566 524 5644 capite
556 5584 620 5641 ν,
656 5586 718 5628 v;
750 5568 852 5631 Ἧι.
897 5572 973 5633 Ut
1003 5580 1213 5632 autem
1269 5574 1490 5636 sciatis
1533 5577 1680 5655 quia
1723 5576 1937 5639 Filius
1966 5577 2240 5640 hominis
2275 5578 2460 5641 habet
2492 5589 2873 5660 potestatem
2918 5582 2989 5643 in
3027 5591 3202 5643 terra
3244 5581 3608 5645 dimittendi

303 5672 603 5745 peccata,
643 5664 736 5725 ait
763 5666 1127 5747 paralytico
1158 5690 1178 5729 :
1218 5669 1337 5733 tibi
1371 5670 1540 5744 dico,
1573 5673 1797 5753 Surge.
1836 5676 2000 5737 Num
2045 5692 2199 5755 ergo
2239 5677 2453 5757 reipsa
2496 5694 2622 5741 non
2659 5677 2989 5744 dimiserit
3026 5682 3330 5758 peccata?
3362 5682 3606 5742 Verum

306 5779 375 5825 v.
409 5760 493 5821 20
516 5760 775 5823 dixerat
820 5783 835 5821 :
871 5764 1560 5841 Homo,‘remittuntur
1586 5770 1704 5831 tibi
1735 5789 1994 5850 peccata
2019 5782 2149 5837 tua.
3140 5783 3145 5788 ’

386 5857 496 5920 80.
527 5857 706 5921 Cum
777 5858 911 5923 ἱ]ωο
968 5862 1493 5946 Theophylactus
1540 5872 1881 5943 scriberet,
1944 5870 2089 5950 ejus
2137 5867 2412 5933 fortasse
2474 5870 2691 5937 animo
2742 5874 3260 5937 obversabantur
3326 5871 3611 5951 vulgata

294 5951 565 6019 fabella
598 5953 682 6016 de
718 5956 973 6050 Trajani
1022 5958 1400 6025 liberatione
1443 5965 1522 6027 ab
1562 5966 1810 6044 inferis,
1861 5978 1921 6031 et
1962 5966 2358 6043 Falronillaa,
2409 5961 2505 6032 ac'
2532 5968 2877 6050 Theophili
2936 5968 3380 6049 imperatoris,
3413 5969 3607 6031 simi-

298 6049 569 6133 lesque.
612 6048 826 6114 Nolim
869 6070 989 6134 ego
1025 6057 1089 6119 in
1143 6056 1225 6120 iis
1275 6059 1651 6125 refellendis
1687 6072 1942 6146 tempus
1990 6073 2049 6129 et
2109 6081 2370 6144 cperam
2417 6048 2732 6147 perdere,
2776 6085 2940 6150 quas
3002 6048 3269 6133 invictis
3322 6068 3609 6149 rejecere
