4034 6584
559 435 630 499 99
1406 437 1635 500 BERN.
1670 433 1937 504 MARIB
1976 435 2074 496 DE
2114 433 2403 495 RUBEIS
2437 432 2941 495 DlSSERTATlO
3716 428 3817 496 ια)

558 552 956 630 argumentis
988 553 1107 614 viri
1143 553 1306 614 docti
1334 551 1574 630 plures.
1604 550 1884 612 Consule
1919 547 2221 611 Allatium
2251 548 2342 609 De
2369 556 2678 627 perpetua
2709 547 3115 608 consensione
3153 547 3218 606 in
3243 543 3530 622 dogmate
3562 560 3810 624 purga-

559 647 738 716 torii,
777 647 1057 710 Natalem
1091 647 1525 710 Alexandrum
1581 645 1818 708 smculo
1846 663 1920 716 ιι.
1957 643 2417 708 Dissertatione
2448 662 2492 718 ι,
2519 650 2580 704 et
2612 643 2989 705 Michaelem
3025 642 3432 722 Lequienum
3479 641 3800 705 Disserta-

558 743 734 804 tione
769 760 799 804 v
842 744 1007 806 inter
1043 747 1543 807 Damascenicas.

636 838 740 899 81.
791 840 1059 902 Sanctus
1093 839 1365 901 Thomas
1415 841 1732 919 Aquinas,
1785 837 1958 900 bisce
1998 838 2162 899 datis
2201 834 2652 914 disputationis
2701 852 2890 897 causa
2951 832 3336 908 historiolis,
3386 849 3551 913 quas
3580 831 3811 898 critico

559 947 687 992 non
722 933 1118 1013 expendebat
1160 935 1481 1006 examine,
1518 935 1740 995 modos
1768 933 2024 1010 aliquos
2055 931 2446 1010 probabiles,
2493 948 2564 993 ac
2595 947 2764 992 sanie
2794 946 3118 992 consonos
3151 931 3515 1009 theologis,
3551 929 3810 1008 excogi-

561 1029 735 1100 tavit,
768 1032 954 1105 queis
992 1028 1241 1104 vulgata
1273 1038 1669 1105 peccatorum
1705 1028 2041 1090 hominum
2084 1031 2162 1088 ab
2193 1027 2422 1089 inferis
2461 1027 2760 1089 liberatio
2792 1026 3069 1104 intelligi
3109 1035 3351 1106 posset.
3387 1027 3629 1090 Locum
3661 1024 3808 1104 eius

557 1122 753 1185 aﬂ‘ero
785 1141 863 1198 ex
910 1126 1372 1204 Supplemeuto
1421 1129 1624 1189 tertias
1675 1126 1868 1204 partis
1914 1143 2023 1204 qu.
2063 1141 2241 1196 uxr,
2285 1131 2402 1185 art.
2441 1125 2481 1185 5
2513 1123 2588 1184 ad
2621 1124 2702 1185 5:
2739 1147 2768 1179 ι
2809 1125 2897 1184 De
2922 1121 3087 1183 facto
3131 1123 3388 1201 Trajani
3426 1121 3549 1184 hoc
3607 1123 3804 1187 modo

557 1225 764 1295 potest
800 1222 1234 1296 probabiliter
1281 1223 1605 1296 aestimari,
1643 1222 1816 1302 quod
1859 1222 2163 1301 precibus
2197 1220 2364 1282 beati
2409 1219 2710 1296 Gregorii
2745 1217 2827 1278 ad
2871 1219 3060 1279 citam
3095 1219 3293 1297 fuerit
3335 1228 3712 1288 reuocatus:
3742 1227 3810 1283 et

553 1315 640 1375 ita
671 1318 937 1394 gratiam
985 1327 1371 1380 consecutus
1402 1321 1528 1391 sit,
1561 1337 1676 1396 per
1727 1336 1908 1397 quam
1951 1316 2376 1378 remissionem
2409 1324 2820 1394 peccatorum
2850 1313 3092 1387 habuit,
3125 1322 3184 1375 et
3233 1331 3346 1392 per
3387 1330 3806 1395 consequens

553 1409 1030 1474 immunitatem
1070 1429 1103 1474 a
1164 1431 1365 1492 pmna.
1418 1415 1596 1476 Sicut
1633 1415 1827 1475 etiam
1882 1421 2145 1489 apparet
2181 1412 2248 1473 in
2307 1412 2615 1472 omnibus
2661 1409 2820 1482 illis,
2851 1411 2962 1488 qui
3027 1408 3293 1471 inerunt
3351 1409 3806 1474 miraculosea

554 1508 825 1568 mortuis
859 1509 1466 1587 suscitati,quorum
1503 1512 1721 1589 plures
1737 1517 1978 1570 constat
2011 1505 2378 1568 idtilolatras
2409 1514 2469 1567 et
2500 1506 2831 1566 damnatos
2853 1505 3083 1566 fuisse.
3110 1506 3197 1566 De
3226 1504 3531 1585 omnibus
3566 1505 3808 1568 talibus

463 1609 472 1622 ‘
555 1600 728 1661 enim
757 1601 883 1662 dici
920 1612 1194 1679 oportet,
1228 1606 1399 1682 quod
1429 1623 1556 1664 non
1587 1613 1763 1665 erant
1802 1605 1871 1664 in
1899 1603 2148 1682 inferno
2167 1600 2447 1681 ﬁnaliter
2481 1600 2771 1679 deputati
2807 1620 2825 1659 :
2864 1600 2978 1660 sed
3018 1601 3378 1662 secundum
3418 1612 3808 1679 prmsentem

555 1699 964 1777 prOpriorum
1019 1703 1399 1766 meritorum
1440 1703 1782 1781 justitiam.
1837 1703 2205 1764 Secundum
2243 1713 2456 1760 autem
2495 1696 2856 1776 superiores
2891 1714 3134 1768 causas,
3189 1696 3431 1774 quibus
3483 1699 3806 1776 prmvide-

551 1792 784 1858 bantur
824 1797 901 1857 ad
949 1796 1141 1858 vitam
1208 1799 1573 1870 I‘GVOl'lllidi,
1621 1809 1752 1859 erat
1803 1797 1990 1858 aliter
2052 1797 2131 1857 de
2190 1796 2286 1856 eis
2339 1794 2820 1869 disponendum
2875 1793 2990 1852 Vel
3044 1793 3391 1854 dicendum
3442 1795 3807 1855 secundum

552 1895 883 1966 quosdam,
927 1894 1101 1970 quod
1156 1895 1365 1955 anima
1406 1894 1666 1974 Trajani
1705 1911 1831 1955 non
1867 1892 2013 1954 .t‘uit
2058 1891 2437 1968 simpliciter
2488 1905 2525 1948 a
2564 1897 2739 1948 reatu
2801 1902 3003 1964 pinnat
3029 1895 3285 1948 atteram
3314 1886 3608 1952 absoluta
3646 1889 3806 1949 :sed

556 1983 698 2061 ejus
737 2002 918 2063 pmua
953 1990 1268 2064 [XLVIII]
1302 1989 1424 2050 fuit
1473 2007 1792 2069 suspensa
1849 1990 1924 2051 ad
1967 1997 2245 2065 tempus.
2279 1985 2523 2046 scilicet
2559 2001 2768 2062 usque
2809 1984 2886 2044 ad
2920 1981 3091 2044 diem
3133 1982 3366 2062 judicii
3399 2005 3414 2044 :
3443 1999 3561 2046 nec
3593 1991 3810 2046 tamen

551 2088 806 2156 Oportet
837 2085 1009 2160 quod
1047 2086 1165 2145 hoc
1185 2085 1285 2145 ﬁat
1307 2086 1720 2146 communiter
1753 2103 1868 2163 per
1890 2084 2241 2165 suffragia:
2266 2081 2421 2161 quia
2451 2080 2576 2143 alia
2602 2089 2778 2152 sunt,
2805 2095 2951 2158 qum
2982 2077 3110 2158 lege
3145 2081 3459 2141 communi
3478 2080 3812 2158 accidunt,

552 2186 616 2242 et
646 2179 947 2259 aliaqum
975 2183 1393 2260 singulariter
1416 2192 1477 2244 et
1507 2203 1588 2246 ea:
1615 2183 1951 2262 privilegio
1987 2182 2315 2261 aliquibus
2348 2179 2816 2241 conceduntur.
2852 2198 2883 2231 ι
3129 2261 3138 2264 _

631 2275 844 2353 Longe
898 2277 1116 2340 diﬂert
1177 2279 1311 2344 huic
1365 2281 1631 2342 Thomas
1693 2280 1985 2341 doctrina
2050 2295 2086 2340 a
2145 2274 2529 2340 commentis
2582 2274 2972 2336 Graecorum.
3043 2269 3160 2334 Vel
3240 2271 3415 2334 enim
3481 2271 3550 2335 in
3627 2271 3814 2336 hisce

547 2369 802 2432 casibus
862 2373 972 2450 qui
1023 2376 1102 2436 ad
1161 2374 1369 2454 legem
1424 2392 1835 2438 communem
1889 2392 2014 2437 non
2071 2373 2390 2452 pertinent
2423 2412 2440 2442 ,
2496 2368 2676 2430 nulla
2741 2375 2836 2430 est
2889 2363 3349 2446 suffragiorum
3389 2366 3484 2429 vis
3514 2375 3628 2430 aut
3686 2368 3817 2430 uti-

549 2459 694 2526 litas
720 2486 738 2536 ;
769 2465 868 2530 vel
901 2469 1017 2548 qui
1051 2468 1407 2532 liberantur
1439 2476 1827 2550 peccatores,
1865 2471 1939 2532 ad
1977 2470 2168 2531 vitam
2214 2468 2486 2531 redeunt
2520 2463 2881 2535 mortalem,
2921 2463 3362 2543 posuitentiam
3409 2481 3523 2543 pro
3552 2463 3814 2528 delictis

548 2562 770 2624 acturi.

2058 2717 2218 2780 XXI.

549 2862 808 2926 Piorum
838 2863 1153 2954 hominum
1182 2871 1480 2954 spiritus,
1510 2871 1626 2954 qui
1655 2890 1926 2952 corpore
1947 2872 2142 2934 soluti
2164 2873 2301 2954 jam
2339 2870 2539 2954 nulla
2568 2881 2757 2954 egent
2777 2870 3182 2954 purgatione,
3219 2870 3309 2954 in_
3338 2888 3604 2954 regnum
3631 2873 3818 2935 calo-

625 2959 764 3027 rum
797 2945 1021 3027 recipi,
1069 2945 1881 3027 Theophylacti'senteritia
1923 2963 2039 3012 est.
2094 2945 2197 3012 An
2259 2952 2446 3011 etiam
2497 2945 2809 3022 docuerit,
2850 2945 3069 3011 diuina
3115 2967 3217 3010 eos
3269 2945 3500 3011 donari
3542 2953 3814 3027 visione,

630 3021 1008 3109 inquiritur.
1065 3021 1634 3109 Virgini'Dejpnrte
1673 3032 2076 3109 privilegium
2102 3031 2517 3092 immunitatis
2548 3029 2624 3090 ab
2658 3021 2826 3091 omni
2854 3029 3067 3109 culpa,
3102 3030 3288 3091 etiam
3321 3027 3462 3104 levi,
3492 3021 3818 3100 detrahit,-

625 3095 794 3175 quod
821 3098 967 3160 aliis
995 3095 1371 3179 quibusdam
1400 3095 1697 3168 Ecclesiae
1727 3095 2026 3170 Patribus
2062 3126 2401 3170 commune.

624 3242 725 3304 82.
779 3245 872 3306 De
921 3244 1262 3322 spiritibus
1291 3247 1546 3326 piorum
1596 3248 1956 3323 hominum,
1991 3250 2103 3328 qui
2153 3248 2252 3310 vel
2301 3247 2542 3310 nullam
2579 3246 2819 3326 peccati
2865 3245 3180 3309 maculam
3212 3245 3634 3310 incurrerunt
3673 3258 3814 3328 post

548 3348 920 3416 susceptum
955 3340 1301 3418 baptisma,
1325 3343 1421 3404 vel
1458 3352 1845 3406 contractam
1877 3353 1986 3408 aut
2026 3347 2093 3407 in
2141 3361 2410 3422 corpore
2451 3344 2768 3418 viventes,
2806 3352 2915 3406 aut
2966 3351 3106 3421 post
3136 3351 3404 3406 mortem
3437 3345 3815 3420 expiarunt,

549 3433 757 3495 varias
788 3435 1153 3498 Grmcorum
1191 3440 1610 3517 qumstiones,
1639 3441 1715 3501 ad
1748 3457 1970 3502 eorum
2009 3451 2244 3503 statum
2274 3441 2447 3520 quod
2475 3442 2728 3516 attinet,
2759 3441 3008 3519 ignorat
3040 3456 3254 3502 nemo.
3287 3439 3546 3520 lnaptas
3574 3443 3811 3521 opina-

548 3528 758 3591 tiones
793 3529 1012 3608 plures
1045 3533 1255 3611 reiicit
1278 3534 1795 3614 TheOphylactus
1851 3555 1863 3597 :
1911 3538 2306 3614 eosdemque
2335 3535 2606 3613 spiritus
2632 3537 2700 3598 in
2730 3553 2999 3617 regnum
3026 3539 3331 3600 cmlorum
3366 3537 3592 3615 recipi,
3625 3544 3815 3603 docet

550 3623 1100 3688 luculentissime.
1143 3628 1429 3706 Insignis
1465 3631 1645 3695 locus
1677 3641 1769 3694 est
1820 3633 1897 3693 ad
1927 3641 2120 3711 caput
2167 3652 2336 3694 xxm
2371 3636 2578 3708 Lucio,
2612 3651 2669 3695 v.
2708 3633 2786 3694 ιδ
2816 3655 2830 3694 :
2861 3635 3172 3695 Memento
3209 3635 3349 3707 mei,
3384 3652 3526 3697 cum
3548 3638 3804 3698 ueneris

549 3720 616 3780 in
641 3738 901 3799 regnum
931 3735 1180 3786 tuum...
1225 3726 1429 3788 Hodie
1457 3747 1690 3790 mecum
1722 3731 1848 3790 eris
1878 3732 1945 3791 in
1969 3730 2300 3809 paradiso.

631 3817 1091 3898 TlteOphylarti
1130 3821 1317 3883 verba
1349 3833 1500 3884 sunt
1539 3842 1551 3884 :
1587 3849 1614 3880 α
1650 3827 1964 3899 Qumrunt
2003 3835 2216 3887 autem
2251 3826 2539 3898 cuidam,
2572 3827 2900 3905 quomodo
2928 3825 3180 3888 dicente
3212 3827 3489 3890 Domino
3523 3828 3754 3892 latroni
3787 3853 3805 3893 :

551 3912 756 3974 Hodie
810 3932 1041 3974 mecum
1081 3919 1203 3977 eris
1260 3919 1327 3978 in
1359 3919 1690 3996 paradiso,"
1731 3922 1963 3982 Paulus
2019 3920 2181 3982 dixit
2239 3923 2337 4003 (ad
2378 3925 2680 3987 ﬂebrmos
2742 3927 2948 4002 capite
3003 3942 3092 3996 ιι,
3131 3941 3186 3984 ν.
3227 3925 3330 4003 39)
3369 3929 3539 4002 quod
3584 3927 3810 3993 nulsus

551 4018 923 4070 sanctorum
971 4014 1281 4097 receperit
1327 4015 1860 4092 promissionem?
1891 4017 1965 4078 Et
2016 4020 2279 4095 quidam
2318 4020 2780 4097 dicentyquod
2845 4019 3190 4096 Apostolus
3239 4037 3368 4082 non
3415 4021 3489 4083 de
3522 4023 3812 4086 omnibus

549 4106 787 4164 sanctis
825 4118 1091 4182 asserat,
1130 4109 1300 4186 quod
1349 4126 1477 4170 non
1531 4113 1885 4188 receperint
1925 4115 2421 4191 promissionem
2458 4118 2614 4176 :sed
2667 4117 2758 4177 de
2785 4116 2884 4177 liis
2924 4134 3077 4195 quos
3118 4117 3252 4194 ipse
3285 4117 3489 4177 solum
3544 4136 3805 4179 enume-

549 4201 717 4260 ravit
776 4202 1263 4281 (Abrahamum,
1331 4205 1739 4276 Henocbum,
1803 4209 1955 4282 Noe,
2015 4211 2162 4290 etc.)
2207 4213 2623 4273 Enumeravit
2685 4222 2899 4274 autem
2956 4213 3118 4274 alios
3177 4214 3440 4291 quidem
3499 4215 3741 4280 multos
3792 4235 3810 4282 :

553 4296 822 4357 latronis
854 4308 1067 4359 autem
1118 4315 1246 4361 non
1279 4301 1603 4363 meminit.
1639 4303 1809 4364 Audi
1842 4304 2016 4365 enim
2065 4306 2227 4384 quid
2259 4306 2426 4366 dicat
2475 4323 2487 4366 :
2534 4308 2601 4368 hi
2645 4325 2874 4377 omnes,
2910 4310 3415 4370 demonstrando
3457 4326 3594 4380 eos,
3637 4329 3805 4391 quos

551 4407 763 4455 sermo
791 4408 1126 4458 enumerat
1163 4414 1176 4458 :
1217 4399 1459 4476 quibus
1488 4398 1657 4462 latro
1691 4410 2193 4464 connumeratus
2227 4415 2353 4462 non
2387 4407 2503 4468 est.
2540 4424 2569 4456 ι
2603 4402 2750 4464 Ηωο
2777 4402 2978 4477 prima
3006 4403 3474 4484 interpretatio,
3506 4423 3652 4486 qua:
3676 4425 3808 4472 non

550 4504 798 4563 omnes,
833 4491 946 4552 sed
983 4492 1236 4572 aliquos
1272 4503 1518 4557 tantum
1557 4503 1822 4560 sanctos
1859 4497 1926 4557 in
1950 4496 2331 4577 paradisum
2361 4507 2656 4578 receptos
2692 4500 3091 4562 admittebat.

705 4585 828 4644 Alii
870 4598 1082 4648 autem
1117 4590 1427 4653 dixerunt
1465 4608 1480 4651 :
1523 4593 1697 4671 quod
1733 4590 1898 4653 latro
1927 4595 2208 4656 nondum
2235 4594 2504 4656 sortitus
2541 4595 2628 4656 sit
2655 4597 2724 4657 in
2752 4596 3052 4675 paradiso
3089 4598 3629 4660 conversationem
3666 4600 3813 4684 (seu

553 4683 1153 4760 transportationem
1202 4686 1290 4781 in
1324 4689 1720 4763 paradisum,
1773 4689 2096 4768 διαγωγῆς).
2151 4692 2271 4752 Sed
2322 4691 2479 4769 quia
2534 4693 2939 4755 invariabilis
2984 4697 3089 4765 sit,
3125 4701 3186 4756 et
3230 4697 3492 4760 mentiri
3529 4714 3811 4781 nequeat

554 4778 810 4839 Domini
850 4779 1220 4855 promissio,
1277 4780 1430 4844 ideo
1479 4785 1722 4847 dictum
1774 4802 1916 4847 esse
1954 4802 1968 4848 :
2006 4785 2213 4846 Hodie
2260 4803 2496 4848 mecum
2541 4788 2664 4848 eris
2724 4789 2794 4849 in
2839 4790 3165 4868 paradiso.
3207 4793 3316 4853 Est
3349 4793 3523 4855 enim
3570 4778 3812 4859 etvhmc

552 4873 801 4949 species
837 4872 1141 4951 phraseos
1174 4877 1235 4936 in
1272 4879 1489 4940 verbis
1531 4881 1916 4956 Dominicis,
1963 4891 2029 4944 ut
2085 4882 2164 4942 de
2213 4879 2449 4941 futuris
2506 4881 2835 4962 loquatur,
2904 4891 3207 4961 tanquam
3241 4888 3321 4947 de
3360 4885 3462 4949 bis
3504 4897 3654 4968 qua!
3674 4891 3808 4969 jam

554 4973 725 5033 llant.
758 4972 832 5032 Ut
870 4990 1011 5034 cum
1046 4971 1204 5035 dicit
1234 4973 1526 5052 (Joannis
1554 4978 1760 5055 capite
1789 4996 1887 5050 Ill,
1925 4997 1979 5038 v.
2011 4977 2300 5058 18),“Qui
2329 4996 2459 5039 non
2487 4975 2710 5051 credit,
2725 4979 2861 5058 jam
2876 4980 3207 5059 judicatus
3229 4991 3342 5045 est.
3381 5005 3412 5042 is
3436 4984 3586 5048 Eme
3610 4988 3808 5048 altera

556 5070 997 5146 interpretatio
1042 5082 1412 5133 sanctorum
1454 5073 1847 5148 beatitatem,
1881 5084 1988 5136 aut
2023 5073 2420 5153 paradisum,
2461 5090 2589 5136 non
2623 5084 2894 5155 excepto
2923 5086 3144 5140 sancto
3192 5081 3466 5156 latrone,
3503 5081 3812 5148 diﬂ’eren-

554 5166 705 5225 tlum
747 5164 952 5242 jubet.
2407 5228 2415 5236 .

634 5282 662 5313 α
715 5259 836 5319 Alii
880 5268 1181 5338 torquent
1236 5263 1528 5333 verbum,
1572 5272 1879 5342 punctum
1934 5264 2248 5331 facientes
2285 5277 2426 5347 post
2473 5268 2680 5332 hodie.
2733 5271 2811 5333 Ut
2861 5271 2946 5331 sit
3008 5273 3060 5333 is
3112 5289 3344 5337 sensus
3380 5274 3533 5337 dicti
3566 5293 3580 5336 :
3612 5277 3810 5340 Amen

561 5361 703 5422 Jico
761 5360 896 5421 tibi.
934 5361 1137 5422 hodie.
1174 5359 1448 5433 Deinde,
1497 5362 1742 5424 Mecum
1786 5364 1911 5424 eris
1939 5365 2008 5424 in
2035 5362 2369 5442 paradiso,
2396 5364 2801 5442 adjicientes.
2856 5389 2885 5423 κ
2931 5367 3081 5429 Haec
3113 5369 3301 5431 etiam
3353 5369 3806 5449 interpretatio

564 5460 743 5520 tutia
788 5459 1148 5535 taradisum
1179 5460 1252 5520 ad
1282 5457 1576 5520 futurum
1612 5468 1865 5536 tempus
1900 5460 2139 5521 didert.

635 5557 1000 5616 Paradisum
1040 5575 1068 5615 a
1105 5574 1302 5632 regno
1332 5556 1636 5619 cmlorum
1671 5555 2016 5632 distinguit
2046 5566 2266 5634 quarta
2301 5579 2313 5617 :
2352 5557 2846 5638 beatitatemque
2879 5561 3214 5622 constituit
3251 5563 3313 5622 in
3365 5579 3564 5641 regno
3608 5565 3806 5629 (ταξιο-

553 5669 714 5717 rum.
743 5653 913 5729 quod
946 5653 1262 5713 differtur.
1306 5677 1333 5707 α
1372 5654 1642 5726 Quidam
1681 5670 1854 5725 vero,
1883 5654 1992 5731 qui
2036 5655 2312 5716 maxime
2343 5673 2608 5716 sensum
2642 5659 2898 5735 assequi
2935 5659 3058 5719 visi
3094 5667 3271 5731 sunt,
3301 5661 3389 5721 sic
3410 5674 3747 5740 exponunt
3784 5686 3802 5725 :

554 5747 942 5822 Rrpromissa
971 5748 1150 5808 nobis
1191 5749 1351 5808 bona
1382 5768 1508 5808 non
1539 5762 1685 5810 sunt
1722 5752 2045 5829 ingressus
2094 5751 2162 5808 in
2210 5752 2605 5827 paradisum,
2640 5751 2734 5811 vel
2773 5772 3094 5829 ascensus,
3165 5757 3272 5817 sed
3321 5775 3579 5834 regnum
3621 5758 3804 5821 calo-

551 5860 712 5903 rum.
741 5844 915 5907 Untle
947 5853 1004 5906 et
1037 5861 1318 5917 oramus,
1368 5847 1572 5906 l'ent'at
1600 5865 1856 5924 regnum
1880 5855 2051 5906 tuum
2084 5867 2102 5904 :
2137 5864 2285 5919 non,
2327 5849 2722 5910 conversatio
2761 5850 2873 5912 illa
2900 5855 2961 5914 in
2995 5854 3321 5931 paradiso.
3361 5856 3586 5934 Neque
3623 5857 3798 5919 enim
