4034 6648
231 609 325 675 tm
1094 616 1195 683 DE
1231 615 1817 678 mansurum
1853 612 2128 676 casus
2165 611 2262 672 ET
2301 609 2679 689 scatens.
2959 564 2966 572 ’
3433 601 3570 669 tas.

233 733 389 796 mihi
432 731 880 815 dicat-aliquis
919 753 933 797 :
968 736 1143 816 quod
1175 735 1338 798 idem
1368 735 1455 797 sit
1487 731 1831 813 paradisus
1888 741 1949 793 et
1983 747 2267 808 regnum.
2302 730 2477 792 Bona
2513 727 2690 814 enim
2745 724 2927 805 regni
2965 741 3161 804 neque
3191 723 3375 785 auris
3413 741 3536 786 au-

237 829 426 906 divit,
455 847 660 911 neque
689 833 934 894 oculus
967 829 1158 906 vidit,
1205 849 1406 909 neque
1444 832 1512 890 in
1553 847 1666 896 cor
1704 828 1979 890 hominis
2024 827 2310 890 ascendit
2341 825 2558 904 (Isaias
2592 818 2803 903 capite
2838 841 3018 896 an,
3060 839 3120 884 ν.
3167 820 3228 895 Β,
3285 822 3430 883 θινιτ
3454 820 3538 884 ad

201 927 608 991 Corinthios
638 929 848 1008 capite
892 949 958 1003 ιι,
997 949 1054 993 v.
1089 929 1176 1009 9).
1213 926 1599 989 Paradisunt
1631 935 1846 988 autem
1873 926 2212 995 etoculus
2249 925 2403 989 Adte
2435 923 2623 998 vidit,
2661 919 2929 985 etauris
2960 917 3536 984 audivit'deeo...

229 1026 424 1087 Latro
459 1025 680 1104 itaque
716 1025 1104 1105 paradisum
1124 1025 1393 1086 sortitus
1426 1030 1524 1087 est
1557 1045 1574 1086 :
1601 1039 1731 1091 non
1761 1030 1981 1086 autem
2015 1029 2356 1085 assecutus
2383 1029 2479 1082 est
2507 1034 2798 1100 regnum.
2825 1019 3250 1097 Assequetur
3279 1022 3531 1090 autem,

228 1123 495 1204 quando
529 1123 725 1184 etiam
759 1140 1013 1202 omnes,
1062 1137 1230 1201 quos
1277 1121 1515 1184 Paulus
1575 1122 2006 1183 ennmeravit.
2062 1123 2252 1184 Hunc
2307 1128 2548 1188 autem,
2615 1119 2735 1182 hoc
2785 1125 3104 1191 tempore,
3153 1117 3539 1197 paradisum

230 1222 451 1295 habet,
483 1221 594 1301 qui
633 1229 917 1301 estpars
945 1218 1592 1299 spiritualisquietis.
1629 1219 1780 1282 Hac
1831 1218 2101 1297 quidem
2136 1218 2324 1280 multi
2362 1231 2823 1294 smpenumero
2853 1215 3193 1279 dixerunt.
3236 1235 3270 1273 ι
3309 1215 3537 1277 ‘lnter-

228 1326 450 1397 pretes
493 1317 603 1379 isti
649 1327 895 1396 partem
937 1319 1216 1397 aliquam
1245 1315 1569 1398 spiritalis
1593 1316 1826 1396 quietis
1860 1314 2036 1378 illico
2072 1323 2213 1393 post
2231 1325 2520 1374 mortem
2571 1311 2814 1374 sanctis
2862 1301 3162 1385 cdncedi,
3196 1309 3534 1376 fatentur:

225 1425 290 1476 et
329 1414 743 1494 inparadiso
800 1417 1063 1493 quidem
1115 1416 1434 1485 terrestri,
1467 1423 1538 1476 ut
1567 1423 1754 1476 aiunt
1799 1412 2128 1476 nonnulli.
2176 1413 2471 1486 Regnum
2505 1409 2818 1474 emlorum
2866 1407 2942 1471 ad
2975 1408 3201 1472 ateculi
3230 1425 3552 1494 consum-5

229 1511 584 1587 mationem
613 1510 889 1584 diﬂ‘erri,
931 1511 1365 1574 contendunt.-
1638 1561 1645 1568 κ

315 1609 458 1670 Non
503 1607 588 1668 ita
624 1606 1176 1689 TheOphylactus.
1217 1629 1246 1663 α
1282 1607 1404 1670 Sed
1455 1606 1812 1670 dicendum
1855 1625 1908 1671 e:

1943 1613 1956 1670 l
1982 1604 2250 1688 (inquit)
2279 1614 2362 1668 ὅτι
2393 1617 2442 1668 et
2463 1614 2561 1669 καὶ
2590 1613 2794 1670 ταυτὸν
2817 1615 2936 1670 ἐστι
2977 1613 3228 1686 βασιλεία
3259 1611 3536 1687 οὐρανῶν,

221 1714 321 1767 καὶ
359 1712 728 1784 παράδεισοςί
787 1705 965 1784 quod
1024 1705 1274 1766 etiamsi
1307 1703 1472 1765 idem
1505 1706 1593 1768 sit
1648 1723 1915 1784 regnum
1979 1703 2278 1782 castorum
2319 1712 2378 1764 et
2434 1701 2810 1783 paradisus,
2857 1701 3022 1764 nihil
3095 1701 3427 1780 prohibet,
3470 1706 3539 1766 et

218 1801 577 1864 Dominum
625 1816 773 1861 vera
825 1801 1070 1877 dicere,
1134 1811 1195 1863 et
1247 1799 1542 1864 Paulum.
1601 1801 1990 1863 Namlatro
2035 1799 2307 1880 quidem
2341 1807 2441 1860 est
2489 1801 2755 1876 [XLIX]
2809 1799 2876 1860 in
2911 1797 3246 1878 paradiso,
3284 1798 3410 1863 hoc
3432 1806 3534 1862 est

217 1915 469 1978 regno:
507 1908 569 1961 et
612 1915 740 1962 non
791 1899 1006 1960 solum
1036 1900 1214 1976 ipse,
1269 1901 1385 1960 sed
1418 1899 1612 1961 etiam
1665 1914 1895 1962 omnes
1949 1912 2118 1976 quos
2162 1906 2461 1958 numerat
2512 1895 2780 1958 Paulus.
2837 1896 3039 1975 Atqui
3093 1913 3224 1958 non
3284 1895 3536 1960 fruitur

216 1998 511 2077 perfecta
566 1995 880 2057 bonorum
934 1995 1460 2080 participatione,
1495 2005 1594 2074 τῆς
1633 2004 1809 2058 τελεία

1941 2003 2003 2057 ὃν
2035 2001 2264 2072 ἀγαθῶν
2301 2000 2665 2074 κληρουχίας.
2718 2011 2737 2045 ι
2803 1992 3200 2071 Exemplum
3259 1993 3534 2057 adducit

218 2091 807 2163 condemnatorum,
841 2095 950 2174 qui
987 2095 1055 2156 in
1079 2093 1276 2171 regiis
1307 2110 1437 2153 non
1458 2103 1635 2169 sunt,
1664 2091 1776 2154 sed
1804 2092 1875 2155 in
1902 2091 2212 2155 custodiis
2241 2092 2454 2154 clausi
2483 2100 2784 2155 tenentur
2814 2091 2885 2153 in
2915 2090 3245 2172 deputatis
3273 2093 3478 2172 pomis
3511 2111 3535 2154 :

217 2207 371 2253 curn
404 2190 808 2257 honorabiles
837 2200 892 2252 et
921 2191 993 2252 in
1021 2190 1232 2274 regias
1269 2189 1731 2268 ingrediuntur
1761 2198 1822 2250 et
1850 2191 1919 2250 in
1944 2192 2037 2252 eis
2066 2197 2444 2256 versantur;
2475 2196 2536 2248 et
2569 2205 2710 2249 cum
2736 2188 2986 2250 venerit
3014 2198 3263 2266 tempus
3289 2188 3523 2250 distri-

217 2286 508 2349 butionis
529 2286 840 2366 regalium
854 2286 1187 2360 donorum,
1207 2284 1323 2348 illa
1351 2295 1803 2364 assequuntur.
1847 2308 1876 2343 α
1905 2286 1995 2347 lta
2027 2294 2093 2346 et
2121 2282 2357 2359 sancti,
2377 2284 2622 2364 inquit,
2653 2283 2906 2345 tametsi
2942 2281 3227 2346 nondum
3256 2286 3538 2367 perfecte

218 2389 405 2452 bonis
428 2391 758 2469 fruantur,
773 2391 902 2470 jam
925 2397 1136 2451 tamen
1160 2395 1498 2449 versantur
1532 2387 1601 2448 in
1637 2385 1797 2448 locis
1823 2381 2060 2448 lucidis
2091 2389 2156 2442 et
2189 2379 2652 2461 fragrantibus,
2678 2389 2740 2442 et
2774 2380 2972 2460 regiis
3002 2380 3294 2461 denique
3326 2381 3536 2444 taber-

220 2485 502 2560 naculis,
538 2485 794 2550 etiamsi
827 2487 1118 2548 nondum
1162 2482 1700 2546 distributionem
1763 2481 2093 2561 regiorum
2140 2481 2465 2544 bonorum
2503 2479 2788 2561 perfecte
2839 2490 3307 2561 assequuntur.
3343 2482 3437 2546 lla
3472 2490 3536 2546 et

217 2579 390 2644 latro
421 2583 488 2644 in
517 2583 827 2663 paradiso
866 2583 1020 2664 fuit.
1085 2580 1338 2645 etiamsi
1369 2577 1651 2640 nondum
1685 2581 1967 2658 perfecte
2003 2579 2350 2658 acceperit,
2386 2586 2458 2640 ut
2494 2593 2625 2642 non
2677 2577 2928 2658 absque
2973 2577 3169 2641 nobis
3203 2575 3536 2658 perfectus

220 2679 336 2753 sit,
399 2687 500 2742 ἵνα
547 2691 625 2760 μὴ
682 2690 854 2760 χωρὶς
922 2689 1084 2761 ἡμῶν
1145 2678 1598 2756 τελειωθῇ,“Ει’
1637 2676 1760 2738 bon

1947 2691 2073 2737 nor
2136 2673 2557 2738 verissimum
2602 2674 2932 2756 omnium.
2996 2695 3027 2733 ιι
3101 2675 3536 2753 Apertissima

218 2778 548 2839 sententia
582 2785 705 2850 est,
749 2777 1121 2856 paradisum
1177 2787 1242 2842 et
1293 2794 1568 2860 regnum
1629 2791 1776 2839 esse
1832 2770 2006 2833 idem
2049 2783 2176 2831 :ac
2229 2775 2490 2832 sanctos
2555 2770 2623 2832 in
2657 2763 2934 2850 regnum
2973 2769 3289 2834 cmlorum
3353 2787 3538 2836 rece-

218 2880 370 2951 ptos
403 2873 670 2953 degere.
1734 2930 1741 2936 .

304 2965 472 3026 Tum
506 2964 788 3044 paradisi
834 2965 1324 3031 distinctionem
1358 2984 1392 3032 a
1426 2981 1627 3046 regno
1660 2961 2004 3028 admittere
2046 2961 2327 3037 videtur,
2372 2967 2558 3044 regni
2606 2963 2876 3026 nomine
2928 2963 3315 3047 intelligens
3359 2965 3536 3029 inte-

217 3077 405 3139 gram
452 3063 862 3143 felicitatem,
918 3079 992 3126 ac
1029 3065 1378 3144 perfectam
1434 3064 1758 3128 bonorum
1811 3059 2108 3126 omnium
2140 3060 2804 3135 assecutionem;sed
2838 3063 2914 3124 ad
2974 3063 3261 3140 priorem
3316 3064 3536 3128 statim

220 3157 396 3218 redit
450 3157 1090 3237 interpretationem,
1142 3177 1290 3241 quae
1340 3176 1456 3240 pro
1504 3159 1738 3223 eodem
1773 3157 1969 3221 habet
2016 3167 2399 3241 utrumque.
2438 3184 2470 3218 α
2513 3161 2587 3225 Ut
2620 3178 2702 3224 ne
2753 3160 2991 3234 dicam,
3046 3160 3300 3242 inquit,
3353 3162 3537 3244 quod

217 3264 591 3316 sanctorum
629 3256 856 3334 gratias
880 3257 946 3318 in
979 3258 1392 3338 quotidianis
1423 3256 1891 3320 miraculorum
1925 3257 2450 3336 operationibus,
2480 3255 2835 3337 paradisus
2869 3258 3106 3320 merito
3138 3259 3356 3322 dictus
3393 3259 3479 3322 sit
3514 3279 3535 3324 :

219 3357 288 3409 et
321 3365 552 3413 omnes
593 3352 826 3428 sancti,
856 3360 1183 3434 quotquot
1209 3355 1567 3435 participes
1601 3354 1764 3429 facti
1793 3365 1944 3415 sunt
1987 3353 2430 3433 spiritualium
2467 3353 2806 3427 donorum,
2856 3363 2919 3417 et
2951 3355 3069 3436 qui
3114 3355 3540 3418 arrhabonem

218 3444 458 3508 habent
498 3447 807 3526 Spiritus,
859 3451 926 3512 in
953 3450 1270 3532 paradiso
1314 3452 1479 3526 sint;
1521 3450 1779 3514 etiamsi
1818 3449 2102 3512 nondum
2146 3451 2424 3532 perfecti
2443 3451 2714 3532 fuerint,
2750 3462 2809 3512 et
2839 3468 3108 3530 regnum
3139 3453 3535 3532 acceperint,

218 3541 398 3606 sicut
427 3543 589 3606 dicit
628 3547 980 3626 Apostolus
1011 3547 1078 3609 in
1127 3543 1408 3626 epistula
1445 3548 1526 3619 ad
1571 3546 1881 3609 Hebraos
1921 3569 1937 3607 :
1970 3547 2249 3610 Etiamsi
2283 3547 2568 3609 nondum
2601 3549 3091 3628 promissionem
3141 3551 3534 3629 acceperint.

217 3641 740 3707 Promissionem
773 3644 949 3706 enim
977 3645 1286 3719 dicendo,
1316 3652 1378 3707 τὸ
1403 3653 1725 3725 ὁλόκληρον,
1759 3645 2076 3724 integram
2125 3642 2559 3706 hereditatem
2609 3645 2754 3724 (seu
2780 3645 3190 3727 felicitatem)
3237 3647 3534 3709 declara-

221 3741 340 3802 vit.
376 3742 455 3802 At
493 3739 675 3802 illam
720 3743 1011 3804 nondum
1063 3741 1384 3822 integram
1421 3750 1839 3822 acceperunt.
1877 3745 1951 3806 Et
1983 3753 2133 3804 sunt
2167 3745 2236 3806 in
2265 3761 2486 3824 regna,
2521 3752 2580 3806 et
2604 3743 2940 3824 paradiso,
2977 3754 3086 3808 etet
3120 3754 3312 3826 μέντοι
3344 3753 3442 3808 καὶ
3471 3753 3537 3810 ιν

217 3844 475 3918 βασιλείᾳ
504 3847 603 3899 καὶ
630 3847 687 3899 ὲν
718 3845 801 3917 τῷ
835 3845 1192 3918 παραδείσῳ;
1229 3860 1257 3894 n
1293 3837 1388 3899 Ad
1425 3838 1707 3917 priorem
1732 3855 1803 3901 se

1171 3861 1192 3912 ,-
1229 3860 1257 3894 n
1293 3837 1388 3899 Ad
1425 3838 1707 3917 priorem
1732 3855 1803 3901 se
1834 3840 2086 3902 reducit
2118 3841 2752 3918 interpretationem.

298 3934 405 4001 83.
437 3934 649 4004 Dices,
680 3935 827 3998 Non
853 3937 1147 4015 sequitur
1174 3957 1194 3996 :
1240 3937 1452 3999 sancti
1480 3945 1630 3998 sunt
1671 3934 1740 3996 in
1771 3935 1947 4009 caelo,
2001 3953 2148 4015 ergo
2177 3935 2400 3998 vident
2444 3937 2667 4001 Deum.
2720 3939 2858 4000 Non
2873 3938 3210 4002 nullorum
3242 3939 3529 4021 objectio

217 4042 321 4097 est
353 4033 527 4114 apud
555 4031 1022 4097 Bellarminum
1055 4033 1222 4098 libro
1254 4052 1275 4096 ι
1310 4036 1402 4096 De
1435 4043 1804 4096 sanctorum
1834 4031 2253 4108 beatitudine,
2287 4033 2498 4112 capite
2528 4034 2591 4098 3.
2624 4036 2912 4114 Repenit
2942 4035 3062 4099 ille
3094 4053 3110 4097 :
3147 4059 3177 4093 α
3205 4039 3401 4100 Recte
3432 4054 3538 4102 se-

216 4132 376 4213 qui;
412 4145 564 4194 nam
605 4149 720 4210 per
751 4129 972 4192 calum
1015 4130 1454 4212 intelligimus
1486 4134 1735 4205 sedem,
1770 4137 1834 4193 et
1865 4128 2056 4210 quasi
2091 4129 2306 4199 aulam
2342 4129 2584 4210 regiam
2619 4132 2765 4206 Dei,
2815 4132 2930 4195 ubi
2962 4135 3129 4195 Deus
3161 4151 3408 4213 semper
3434 4134 3535 4196 oi-

215 4229 492 4292 detur...
521 4226 804 4290 Tametsi
839 4226 1018 4290 enim
1054 4229 1231 4290 Deus
1265 4228 1513 4308 ubique
1545 4229 1659 4302 sit,
1695 4235 1911 4290 tamen
1950 4226 2211 4305 proprie
2241 4226 2310 4288 in
2339 4226 2501 4289 cmlo
2527 4226 2793 4299 dicitur,
2828 4227 2986 4308 quia
3025 4245 3140 4309 per
3171 4231 3275 4291 sui
3298 4229 3527 4291 mani-

217 4325 644 4389 festationem
694 4325 837 4388 il'lic
889 4344 961 4386 se
1016 4331 1400 4403 praesentem
1450 4325 1774 4400 ostendit;
1825 4331 1887 4388 et
1933 4323 2230 4387 cernitur
2261 4323 2342 4387 ab
2375 4325 2459 4386 iis
2492 4326 2605 4407 qui
2655 4326 2837 4407 digni
2898 4337 3054 4391 sunt
3111 4331 3364 4395 cmlesti
3417 4329 3532 4394 illa

214 4425 401 4487 sede.
445 4445 462 4483 ι
1127 4446 1130 4447 '

299 4521 615 4595 Quanam
649 4535 804 4582 vero
832 4516 1034 4581 fuerit
1064 4537 1247 4585 mens
1282 4517 1806 4600 'l‘heOphylacti'?
1844 4517 2425 4583 Verisimillimum
2462 4531 2646 4601 puto,
2680 4522 2902 4604 ipsum
2950 4525 3398 4605 existimasse,
3435 4526 3533 4589 vi-

217 4612 415 4676 sione
451 4613 564 4674 Dei
604 4612 734 4675 frui
768 4620 1028 4674 sanctos
1058 4612 1126 4675 in
1163 4628 1368 4692 regno
1400 4611 1738 4675 cmlorum.
1772 4612 2161 4680 Paradisum
2193 4619 2310 4683 ille
2338 4621 2512 4683 idem
2547 4637 2693 4683 esse
2733 4622 2924 4684 docet
2955 4639 3026 4684 ac
3059 4641 3327 4702 regnum
3359 4623 3540 4686 caelo-

213 4726 390 4783 rum,
424 4711 602 4792 quod
635 4710 1090 4790 interpretatio
1122 4719 1351 4791 quarta
1383 4710 1850 4790 distinguebat.
1888 4715 2085 4794 Atqui
2121 4714 2286 4777 bona
2315 4717 2500 4796 regni
2531 4732 2605 4779 ea
2638 4717 2976 4794 dicuntur,
3013 4736 3164 4800 qute
3190 4739 3392 4799 neque
3419 4741 3536 4783 au-

215 4810 314 4873 ris
344 4807 620 4884 audivit,
653 4827 851 4889 neque
885 4809 1106 4870 oculus
1132 4808 1549 4888 oidit,.neque
1583 4809 1652 4869 in
1678 4827 1792 4869 cor
1829 4807 2106 4869 hominis
2142 4807 2517 4870 ascendunt.
2553 4810 2720 4884 Quis
2757 4828 2914 4873 vero
2960 4812 3133 4873 inter
3188 4813 3324 4874 haec
3366 4813 3532 4874 bona

215 4908 433 4986 regni,
476 4908 544 4970 in
580 4923 712 4986 quo
743 4908 980 4986 degere
1015 4913 1275 4968 sanctos
1305 4903 1833 4984 TheOphylactus
1865 4903 1976 4977 ait,
2012 4921 2141 4968 non
2177 4915 2519 4969 enumeret
2552 4905 2718 4984 illud
2759 4908 3186 4989 praecipuum,
3222 4910 3402 4990 quod
3434 4918 3535 4972 est

217 5004 396 5069 clara
436 5005 598 5068 visio
631 5003 801 5067 Dei?
833 5003 1287 5067 Disertissime
1317 5001 1612 5076 aﬂirmat,
1645 4999 1960 5063 bonorum
1981 5001 2490 5080 participatione
2526 5019 2640 5065 eos
2665 5003 2796 5066 frui
2833 5005 2902 5067 in
2953 5021 3156 5085 regno
3194 5005 3532 5080 cmlorum,

215 5100 506 5164 nondum
544 5110 752 5163 tamen
780 5102 1094 5182 perfecta;
1117 5115 1264 5181 qum
1297 5101 1490 5163 verba
1525 5115 1637 5178 par
1668 5106 1764 5161 est
1797 5097 1885 5161 ita
1917 5091 2317 5178 intelligere,
2355 5109 2423 5160 ut
2454 5116 2610 5163 sane
2646 5103 2852 5164 Deum
2901 5103 3030 5182 ipsi
3060 5103 3348 5178 videant,
3383 5123 3529 5184 per-

216 5199 456 5262 fectam
489 5200 813 5264 donorum
838 5199 1377 5262 distributionem
1412 5198 1769 5276 accepturi,
1806 5205 2145 5275 resumpto
2177 5213 2452 5276 corpore
2484 5210 2630 5276 post
2656 5197 2988 5277 judicium
3021 5201 3086 5261 in
3116 5217 3530 5265 consumma-

218 5296 407 5360 tione
435 5296 682 5359 saeculi.
718 5297 1000 5359 Maxime
1032 5294 1204 5359 favet
1229 5312 1458 5359 eorum
1511 5294 1916 5381 exemplum,
1951 5294 2129 5374 quod
2185 5295 2478 5371 aﬂ’ertur,
2533 5298 2646 5376 qui
2683 5298 2755 5358 in
2794 5293 3007 5378 regias
3043 5300 3530 5379 ingrediuntur,

224 5403 284 5456 et
317 5396 387 5455 in
419 5396 509 5455 eis
540 5405 904 5458 versantur.
940 5397 1042 5456 An
1093 5394 1197 5455 isti
1237 5409 1573 5473 nunquam
1631 5391 1919 5454 viderint
1945 5391 2219 5471 regem?
2254 5395 2390 5454 lmo
2440 5393 2709 5468 vident;
2741 5405 2796 5456 et
2828 5416 2969 5458 cum
3008 5398 3252 5459 venerit
3283 5407 3530 5476 tempus

221 5490 711 5556 distributionis
735 5492 1049 5572 regalium
1083 5489 1418 5562 donorum,
1452 5487 1933 5551 consummatio
1967 5488 2217 5550 scilicet
2251 5490 2500 5556 saeculi.
2537 5502 2597 5552 et
2632 5509 2977 5570 corporum
3006 5494 3426 5568 resurrectio,
3463 5513 3534 5555 ea

217 5593 503 5670 perfecte
585 5598 1018 5669 assequentur.
1070 5588 1219 5646 Data
1257 5600 1408 5646 vero
1459 5585 1643 5664 regni
1673 5581 1971 5645 caelorum
2049 5585 2474 5649 distinctione
2521 5605 2552 5649 a
2601 5589 2942 5667 paradiso;
2995 5592 3160 5654 illud
3216 5591 3532 5673 intelligit

222 5686 760 5768 TbeOphylactus
810 5688 1125 5762 integram
1161 5680 1563 5760 felicitatem;
1599 5689 1661 5743 et
1698 5683 1918 5753 istum,
1952 5681 2325 5762 felicitatem
2356 5687 2650 5764 quidem,
2705 5689 2818 5749 sed
2856 5706 2981 5751 non
3017 5691 3299 5768 plenam,
3332 5693 3531 5771 ερίνί-

225 5788 504 5850 tualium
535 5805 777 5868 quoque
808 5784 1122 5846 donorum
1166 5782 1729 5861 participationem
1778 5789 1835 5841 et
1870 5779 2294 5841 arrhabonem
2335 5784 2666 5861 Spiritus;
2705 5786 2941 5849 claram
2993 5788 3133 5850 sine
3191 5789 3395 5850 dubio
3432 5789 3529 5850 vi—

223 5889 491 5952 sionem
524 5886 668 5948 Dei.
707 5885 962 5946 Addere
997 5881 1210 5942 locum
1241 5879 1382 5958 ejus
1427 5879 1618 5941 liceat
1666 5878 1743 5940 ad
1777 5897 1816 5941 ρ,

1936 5891 1969 5942 ιι
2004 5900 2024 5942 ι
2061 5881 2371 5960 Epistulae
2402 5886 2479 5946 ad
2520 5887 3004 5969 Philippenses,
3036 5910 3094 5953 ν.
3126 5891 3198 5951 21
3235 5913 3248 5951 :
3284 5914 3312 5945 α
3365 5892 3529 5954 Mihi

224 5989 391 6050 enim
417 5986 630 6047 vivere
661 5983 960 6049 Christus
999 5989 1115 6054 est,
1154 5989 1207 6039 et
1243 5981 1408 6039 mori
1440 5976 1710 6055 lucrum.
1751 5979 1914 6043 Mori
1951 5987 2166 6043 autem
2205 5981 2461 6044 lucrum
2493 5993 2616 6060 est,
2653 5989 2806 6065 quia
2860 6000 3014 6051 tunc
3061 5987 3350 6065 apertius
3381 6002 3530 6050 cum

226 6087 375 6167 ipso
409 6081 722 6164 (Christo,
759 6079 928 6142 Filio
962 6078 1101 6142 Deil
1136 6075 1462 6164 versabor.
1521 6101 1547 6131 ι
