4034 6656
224 625 328 692 105
1084 616 1183 678 DE
1214 609 1801 677 THEOPIIYLACTI
1843 609 2118 670 GESTlS
2156 607 2251 668 ET
2293 605 2663 667 SCRIPTIS.
3440 590 3542 656 106

222 732 361 794 divi
397 729 562 792 Petri
593 751 608 790 :
639 728 950 808 Satagite,
992 735 1063 788 ut
1112 744 1232 806 per
1262 726 1426 794 bona
1460 740 1655 802 opera
1689 729 1921 781 certam
1967 727 2244 780 vestram
2287 718 2682 778 vocationem
2733 723 2788 774 et
2833 711 3202 772 electionem
3239 707 3530 786 faciatis,

228 835 573 908 eapropter
602 825 770 889 illud
798 805 887 886 ab
917 805 1178 886 auctore
1211 831 1556 890 assertum,
1595 818 1822 879 electos
1862 817 2004 898 ﬁeri
2035 817 2133 879 vel
2167 835 2318 888 non,
2367 824 2660 900 nostrum
2695 822 2809 885 est,
2848 827 3002 873 eum
3053 815 3264 887 potest
3312 805 3540 868 subire

221 902 515 988 sensum.
557 947 584 979 ι
621 921 1016 984 Catholicam
1067 937 1333 982 sensum
1382 917 1864 996 amplectimur.
1923 917 2007 977 At
2061 916 2129 976 in
2181 913 2559 976 Prmfatione
2609 912 2686 974 ad
2737 912 3074 972 Lectorem
3133 905 3229 966 sic
3275 902 3535 966 aiebat:

225 1046 254 1080 α
287 1023 824 1102 Chrysostomum
857 1018 1158 1098 sequitur
1192 1013 1726 1095 TlieOphylactus
1783 1011 1863 1073 de
1909 1013 2111 1074 libero
2163 1011 2432 1077 arbitrio
2483 1027 2555 1073 ac
2600 1009 2750 1082 fide,
2801 1014 2865 1068 et
2902 1004 3300 1086 quibusdam
3331 999 3482 1064 aliis
3520 1022 3537 1062 :

225 1129 286 1202 et
321 1119 590 1198 proinde
621 1118 686 1179 in
721 1115 1118 1196 quibusdam
1155 1110 1666 1190 interpretandis
1703 1109 2057 1172 violentior
2088 1111 2212 1188 [LI]
2242 1117 2363 1170 est.
2396 1107 2586 1183 Quod
2629 1105 2937 1178 dixerim,
2977 1114 3044 1164 ut
3079 1104 3146 1163 in
3189 1104 3308 1162 hoc
3348 1110 3538 1161 tuum

224 1196 537 1281 adliibeas
562 1215 920 1295 judicium,
947 1212 1064 1293 qui
1102 1220 1159 1273 te
1186 1210 1347 1272 solis
1381 1209 1714 1270 canonicis
1749 1208 2102 1286 Scripturis
2142 1206 2473 1270 addictum
2510 1204 2706 1267 nosti.
2752 1227 2781 1261 η
2819 1201 3000 1264 Solos
3050 1200 3323 1262 advocat
3357 1196 3535 1262 Scri-

223 1325 449 1400 pturas
480 1315 848 1386 canonicas,
924 1310 1342 1374 traditionem
1369 1307 1619 1370 scilicet
1653 1309 1910 1368 Patrum
1947 1305 2282 1384 rejiciens,
2319 1304 2731 1365 belerodoxo
2766 1300 3063 1362 imbutus
3096 1313 3355 1369 errore;
3406 1311 3538 1375 quo

221 1394 422 1479 etiam
457 1418 1010 1494 praeoccupatum,
1051 1404 1413 1469 universali
1440 1406 1700 1466 Patrum
1725 1403 1981 1482 judicio
2019 1404 2088 1465 in
2120 1400 2537 1480 eXponendis
2575 1397 2878 1480 Eloquiis
2912 1395 3160 1459 divinis
3208 1394 3536 1493 privatum

223 1479 534 1593 praeterire
573 1511 896 1590 cujusque
924 1506 1252 1586 judicium
1293 1521 1528 1566 ausum
1569 1479 1743 1570 esse;
1789 1502 2124 1564 adnotavit
2156 1479 2522 1561 Richardus
2562 1479 2903 1560 Simonius
2956 1497 3024 1558 in
3063 1479 3363 1556 Historia
3401 1491 3536 1555 cri-

218 1615 351 1674 tica
387 1614 452 1670 in
487 1609 566 1674 Ν.
602 1610 700 1682 Τ.,
736 1616 912 1669 tomo
946 1606 1054 1676 ιν,
1095 1604 1301 1682 capite
1329 1604 1432 1676 28,
1469 1619 1612 1682 pag.
1650 1601 1792 1662 395.

1650 1601 1792 1662 395.
3149 1605 3156 1611 ’
3226 1606 3229 1614 “

300 1708 422 1769 Sed
465 1708 600 1786 ipse
638 1703 971 1765 Simonius
1005 1699 1472 1779 Theophylacti
1505 1699 1860 1760 doctrinam
1887 1695 1959 1756 de
1994 1696 2291 1758 electione
2340 1693 2560 1757 divina
2588 1713 2661 1756 ac
2686 1694 3249 1774 prcedesti-natione
3298 1701 3353 1753 et
3385 1703 3537 1772 gra-

233 1807 331 1867 tia
366 1821 439 1865 ea
483 1805 729 1864 ratione
765 1799 1078 1860 vindicat:
1133 1800 1306 1878 quod
1349 1803 1642 1858 veterem.
1689 1793 1990 1856 Ecclesiae
2033 1797 2267 1858 Greece:
2311 1795 2500 1855 fidem
2549 1791 2870 1873 Bulgarus
2928 1792 3184 1865 afferat,
3230 1791 3536 1852 dissitam

216 1903 488 1985 quidem
525 1901 604 1963 ab
668 1897 1012 1978 Augustini
1059 1896 1493 1964 documentis,
1553 1903 1616 1956 et
1670 1892 2033 1971 Pelagianis
2073 1895 2265 1954 etiam
2297 1893 2635 1953 adversam
2696 1891 3031 1952 erroribus
3078 1907 3093 1945 :
3140 1889 3533 1968 doceatque,

213 2000 593 2081 generalem
639 1995 995 2059 vocationis
1029 1993 1297 2071 gratiam
1336 1991 1614 2055 conferri
1650 2008 1683 2052 a
1717 1992 1877 2066 Deo,
1913 2006 2038 2070 qua
2078 1990 2246 2052 bona
2283 1989 2497 2050 omnis
2529 1988 2592 2050 in
2625 1986 3008 2048 hominibus
3043 1987 3422 2065 dispositio,
3464 2001 3539 2047 ac

216 2099 530 2163 voluntas
565 2092 862 2159 salutaris
898 2091 1297 2170 praevenitur
1346 2110 1359 2148 :
1411 2099 1471 2152 et
1502 2089 1664 2153 hanc
1701 2088 1858 2150 satis
1895 2105 2061 2159 esse,
2089 2103 2221 2166 qua
2253 2085 2532 2147 liberum
2571 2085 2914 2148 arbitrium
2952 2092 3378 2165 prmventum,
3418 2099 3535 2143 vo-

215 2197 393 2262 canti
432 2197 566 2258 Deo
605 2197 1019 2272 coepere-tur.
1051 2189 1418 2251 Simonium
1465 2189 1552 2250 ita
1599 2190 1853 2250 Grmcos
1897 2193 2187 2248 vetustos
2249 2185 2467 2246 Patres
2502 2183 3016 2245 committentem
3064 2199 3259 2246 rum.
3300 2185 3533 2262 Augu-

221 2299 428 2366 stino,
457 2301 515 2355 et
537 2288 892 2370 Augustini
925 2287 1281 2350 doctrinam
1307 2284 1507 2347 veluti
1538 2301 1772 2347 novam
1801 2284 2270 2358 traducentem,
2302 2284 2432 2363 jam
2484 2281 2595 2344 alii
2625 2283 3027 2362 castigarunt
3078 2280 3531 2359 theologorum

213 2389 610 2456 doctissimi.

295 2491 401 2553 88.
437 2485 814 2549 Ludovicus
853 2481 1329 2547 Tbomassinus
1364 2481 1815 2552 consulendus
1849 2486 1972 2556 est,
2007 2478 2122 2560 qui
2174 2477 2342 2541 libro
2397 2497 2468 2540 ix
2495 2477 2586 2538 De
2647 2477 2777 2539 Deo
2825 2479 3064 2557 Deique
3106 2479 3532 2559 proprietati—-

214 2587 361 2659 bus,
399 2585 717 2646 latissime
754 2593 816 2643 et
847 2580 1111 2662 egregie
1143 2581 1412 2642 disserit
1444 2579 1518 2641 de
1542 2580 1903 2642 necessaria
1951 2579 2323 2642 Graecorum
2369 2578 2872 2663 Latinorumque
2923 2579 3217 2652 Patrum,
3249 2579 3360 2660 qui
3399 2578 3534 2639 Au—

209 2684 547 2765 gustinum
573 2688 1063 2760 praecesserunt,
1090 2677 1435 2741 concordia
1467 2697 1607 2739 cum
1641 2678 1852 2738 eodem
1878 2678 2237 2757 Augustino
2272 2679 2528 2759 ejusque
2594 2677 3020 2739 sectatoribus
3053 2679 3121 2738 in
3155 2677 3532 2756 theologicis

212 2780 291 2842 de
323 2777 889 2860 prccdestinatione
920 2785 976 2836 et
999 2777 1212 2854 gratia
1242 2774 1837 2855 disceptationibus.
1869 2775 2040 2837 Hinc
2072 2775 2622 2855 prudentissimas
2654 2792 2725 2836 ac
2769 2791 2923 2836 sane
2971 2783 3302 2837 accuratas
3351 2774 3530 2835 Tho-

220 2876 562 2938 massinus
612 2873 777 2952 ipse,
831 2881 890 2934 et
927 2883 1114 2934 antea
1157 2873 1519 2954 Dionysius
1565 2874 1870 2935 Petavius
1936 2872 2102 2935 libro
2144 2891 2212 2934 IX
2245 2874 2336 2934 De
2382 2872 2978 2954 pradestinatione,
3027 2889 3215 2952 capp.
3260 2873 3320 2945 3,
3364 2871 3425 2945 ἡ,
3468 2874 3530 2942 5,

215 2973 762 3054 prmscripserunt
797 2972 1081 3048 regulas,
1114 2972 1191 3032 ad
1227 2978 1479 3033 veteres
1509 2973 1784 3034 maxime
1817 2972 2073 3033 Graecos
2107 2970 2306 3032 hoece
2342 2970 2405 3031 in
2436 2979 2822 3050 argumento
2851 2972 2971 3030 rite
3002 2969 3531 3048 interpretando:

211 3070 516 3151 apprime
570 3067 789 3130 utiles.
835 3067 952 3128 His
1014 3067 1288 3130 anteivit
1355 3067 1578 3130 Sixtus
1639 3067 1950 3131 Senensis
2006 3069 2071 3129 in
2131 3066 2533 3131 Bibliotheca
2584 3076 2832 3141 sancta,
2891 3065 3057 3130 libro
3117 3087 3207 3142 vr,
3265 3059 3533 3130 adnota-

212 3169 401 3229 tione
429 3166 573 3235 251,
606 3164 720 3243 qui
756 3162 879 3225 sibi
913 3165 1146 3226 ducem
1173 3164 1238 3226 in
1272 3164 1390 3227 hac
1419 3166 1518 3227 via
1559 3166 1845 3228 ineunda
1872 3174 2171 3228 sanctum
2195 3168 2508 3228 Thomam
2551 3165 2945 3246 Aquinatem
2995 3165 3358 3246 preposuit.
3413 3167 3536 3229 Do-

211 3265 668 3330 ctissimorum
701 3261 984 3323 virorum
1011 3271 1071 3324 et
1095 3277 1214 3342 ego
1245 3262 1519 3342 vestigia
1555 3264 1891 3344 insequor.

301 3360 469 3424 Sixti
498 3359 808 3422 Senensis
849 3361 1041 3421 verba
1073 3366 1227 3421 sunt
1261 3381 1276 3421 :
1302 3361 1383 3422 In
1427 3360 1728 3441 operibus
1755 3363 2182 3436 electorum,_a
2213 3360 2434 3423 divina
2458 3359 3033 3442 prcedestinatione
3057 3364 3379 3443 prwvisis,
3409 3363 3531 3424 du-

206 3459 453 3541 plicem
489 3474 691 3518 causae
733 3458 1046 3518 rationem
1091 3458 1374 3536 spectari
1405 3476 1614 3538 posse,
1664 3459 2061 3520 meritoriam
2092 3459 2338 3520 scilicet
2380 3470 2437 3520 et
2485 3459 2761 3538 ﬁnalem.
2807 3460 2976 3522 Hinc
3017 3461 3243 3539 regula
3300 3461 3530 3540 prima.

216 3581 250 3614 α
291 3557 357 3618 Si
403 3573 661 3646 causam
704 3555 1101 3615 meritoriam
1151 3556 1662 3634 inspexerimus,
1708 3573 1902 3619 nosse
1949 3564 2229 3635 oportet,
2274 3557 2569 3618 ordinem
2617 3558 2861 3620 divinte
2904 3559 3331 3637 providentia;
3383 3578 3535 3641 erga

213 3655 471 3717 electos
493 3652 741 3732 gemina
777 3650 1092 3729 graduum
1113 3653 1422 3713 varietate
1452 3653 1807 3729 distingui:
1837 3670 2118 3732 quorum
2156 3653 2264 3716 alii
2292 3647 2668 3734 praecedunt
2689 3655 3112 3734 gratificantis
3135 3657 3360 3735 gratiae
3390 3676 3540 3720 sus-

213 3752 624 3830 ceptionem,
659 3766 780 3810 ceu
806 3747 1085 3823 dilectio,
1110 3746 1353 3822 electio,
1389 3750 1806 3830 consoriptio,
1827 3749 2330 3830 prwdestinatio,
2355 3752 3144 3833 vocatio,justiﬁcationis
3170 3756 3536 3824 inchoatio:

212 3850 336 3912 alii
383 3864 534 3908 vero
566 3846 984 3926 gratiﬁcantis
1013 3847 1232 3925 gratiae
1252 3847 1738 3925 susceptionem
1765 3855 2137 3928 sequuntur,
2175 3847 2403 3927 quales
2435 3856 2592 3909 sunt
2619 3850 2847 3928 gratia:
2877 3851 3115 3926 auctio,
3137 3853 3420 3934 justitice
3444 3855 3539 3916 in-

213 3953 630 4014 crementum,
659 3959 712 4004 et
750 3956 994 4003 (eterna-
1019 3942 1351 4021 felicitatis
1388 3943 1668 4022 adoptio.
1708 3945 1773 4006 Si
1806 3944 2004 4022 igitur
2024 3955 2375 4024 qumratur,
2420 3946 2522 4006 An
2545 3965 2809 4026 operum
2833 3958 3207 4011 nostrorum
3233 3955 3534 4032 pmvtsio

213 4045 309 4105 sit
342 4060 539 4104 causa
579 4041 919 4102 meritoria
968 4040 1472 4119 prwcedenlium
1506 4042 1845 4120 graduum,
1877 4044 2251 4120 negandum
2301 4051 2400 4106 est
2443 4061 2737 4123 prorsus,
2789 4064 2870 4109 ne
2924 4048 3270 4112 videamur
3303 4055 3538 4114 conni-

211 4159 373 4204 vere
416 4137 784 4218 Pelagianis
817 4137 1220 4210 dicentibus,
1279 4139 1478 4198 Deum
1513 4141 1743 4200 merita
1773 4148 1996 4200 nostra
2031 4141 2094 4200 in
2130 4158 2245 4200 sua
2271 4142 2677 4219 praescientia
2724 4142 3007 4223 elegisse.
3037 4147 3113 4207 Et
3139 4146 3328 4226 juxta
3371 4149 3536 4215 hanc

215 4235 618 4300 sententiam
671 4233 1142 4312 interpretandi
1188 4242 1342 4296 sunt
1379 4251 1610 4298 omnes
1643 4237 1882 4310 Patres,
1917 4237 2032 4316 qui
2067 4247 2376 4322 mternam
2411 4239 2530 4301 Dei
2566 4240 2964 4306 electionem
3000 4263 3072 4308 ac
3100 4248 3534 4325 prasdestina-

217 4335 476 4395 tionem
534 4349 611 4392 ea:
634 4330 771 4390 sola
812 4331 929 4391 Dei
963 4331 1203 4408 gratia,
1238 4332 1438 4393 nullis
1475 4333 1769 4411 praevisis
1801 4335 2074 4410 meritis,
2106 4335 2453 4399 definiunt.
2481 4337 2546 4400 Si
2582 4356 2738 4403 vero
2773 4340 3135 4424 interroget
3172 4345 3531 4426 quispiam,

222 4432 456 4494 Utrum
485 4437 831 4508 -sequentes
879 4426 1091 4489 divini
1131 4428 1382 4490 ordinis
1421 4429 1660 4508 gradus
1707 4431 1777 4491 in
1822 4428 2041 4492 divina
2078 4434 2466 4512 prwvisione
2499 4451 2756 4496 causam
2792 4437 3068 4502 habeant
3111 4442 3530 4514 meritoriam,

223 4527 456 4606 procul
501 4525 701 4587 dubio
738 4524 1274 4619 respondendum
1320 4536 1439 4601 est,
1477 4528 1684 4589 Deum
1716 4527 1794 4589 ab
1821 4537 2066 4592 aeterno
2099 4532 2475 4595 decrevisse
2504 4534 2808 4597 daturum
2843 4553 2914 4599 se
2966 4537 3369 4603 incrementa
3398 4526 3536 4604 am-

227 4625 463 4702 plioris
514 4624 735 4702 gratias
785 4621 880 4683 bis
916 4622 1030 4702 qui
1068 4622 1233 4683 bene
1283 4623 1468 4686 usuri
1522 4626 1743 4686 essent
1791 4625 2003 4705 primo
2046 4626 2468 4707 justificantis
2512 4630 2737 4710 gratim
2787 4632 2994 4696 dono:
3037 4651 3112 4698 ac
3175 4638 3414 4701 deinde
3450 4643 3535 4704 ob

222 4721 458 4782 merita
494 4719 661 4782 bene
693 4717 1263 4800 servataajustitiaa
1296 4723 1704 4785 redditurum
1749 4742 1818 4786 se
1859 4725 1956 4786 eis
2008 4731 2337 4804 perpetuas
2371 4725 2797 4791 beatitudinis
2834 4747 3171 4795 coronam.
3209 4738 3421 4816 Atque
3455 4741 3536 4800 ad

220 4816 407 4880 hunc
448 4835 719 4925 sensum
757 4817 1165 4925 conabimur,
1187 4820 1410 4925 quoad
1450 4821 1585 4881 fieri
1630 4822 1890 4899 poterit,
1932 4824 2423 4887 accommodare
2463 4825 2720 4906 aliquas
2761 4845 2841 4890 ex
2886 4831 3240 4908 prmmissis
3271 4835 3536 4898 Patrum

222 4914 608 4989 sententiis,
643 4931 788 4994 quae
826 4914 1201 4993 praevisioni
1240 4917 1618 4980 meritorum
1649 4919 1976 4984 ascribere
2014 4921 2317 4984 videntur
2350 4923 2741 4988 electionem
2774 4936 2836 4989 et
2862 4928 3532 5009 prasdestinationem,

226 5014 354 5109 boc
405 5023 506 5077 est
549 5013 1147 5109 praedestinationis
1181 5025 1238 5076 et
1275 5017 1600 5079 electionis
1653 5018 2195 5098 complementum,
2244 5020 2383 5082 sive
2409 5034 2738 5102 sequentes
2789 5035 2846 5086 et
2873 5027 3265 5105 posteriores
3295 5030 3537 5109 gradus

223 5107 437 5210 divini
469 5107 739 5210 ordinis.
778 5108 1335 5210 Quodinterdum
1370 5113 1614 5187 Patres,
1661 5120 1865 5186 totum
1900 5133 1933 5178 a
1977 5126 2155 5196 parte
2199 5117 2734 5196 denominantes,
2779 5123 3172 5187 electionem
3225 5107 3323 5188 vel
3376 5149 3541 5210 prac-

225 5205 736 5268 destiuationem
769 5204 1124 5284 appellant.
1172 5231 1200 5261 ι.

309 5299 406 5412 ῖΑό
443 5302 622 5412 hunc
664 5303 949 5412 revocari
985 5303 1385 5412 eptbolicum
1413 5325 1683 5412 sensum
1721 5308 2033 5375 facillime
2069 5324 2346 5392 possunt
2382 5316 2858 5398 Theoiihylacti
2903 5325 3252 5388 sententias
3291 5325 3536 5405 plures.

228 5398 324 5505 ῥά
356 5406 554 5505 caput
584 5417 723 5461 xm
761 5398 1069 5505 Matthmi,
1107 5401 1203 5472 11s,
1242 5403 1329 5505 ait
1380 5425 1394 5464 :
1436 5403 1668 5466 Gratia
1702 5410 1865 5476 enim
1895 5409 2032 5471 sola
2064 5429 2271 5472 omnes
2296 5416 2508 5476 vocati
2529 5434 2768 5492 sumus,
2797 5427 2923 5479 tam
2959 5419 3114 5482 boni
3142 5398 3328 5504 quam
3359 5427 3534 5486 muli.

230 5497 301 5603 In
339 5498 934 5606 prima-vocatione,
996 5515 1143 5606 quae
1190 5500 1396 5606 posita
1435 5511 1529 5563 est
1570 5504 1633 5565 in
1661 5513 1840 5567 motu
1887 5510 2089 5570 animi
2136 5511 2462 5587 interiori,
2507 5517 2648 5576 sive
2694 5518 2776 5577 sit
2822 5497 3226 5583 illuminatio
3275 5529 3534 5593 mentis.

235 5596 377 5704 sive
405 5596 626 5704 cordis
657 5596 1332 5704 inﬂammatio,solum
1360 5603 1710 5680 gratuitum
1738 5605 1940 5686 fulget
1971 5609 2085 5677 Dei
2123 5609 2572 5691 donum,quin
2602 5612 2733 5676 ulla
2751 5632 2828 5676 ex
2859 5623 3033 5693 parte
3049 5625 3268 5682 nostra
3291 5634 3535 5698 prasce-

230 5693 534 5806 dat‘bo‘na
561 5694 762 5757 libera
790 5694 1091 5806 salutaris
1116 5697 1484 5806 dispositio.
1523 5701 1645 5763 Sed
1668 5711 1944 5766 attamen
1980 5707 2074 5769 sic
2105 5709 2190 5769 ait
2223 5707 2333 5769 ille
2358 5711 2435 5771 ad
2478 5720 2668 5790 caput
2702 5731 2818 5773 vm
2851 5715 2928 5776 ad
2961 5693 3325 5780 Romanos:
3369 5719 3536 5779 Prce-

233 5793 352 5855 scit
401 5794 576 5853 Deus
609 5811 708 5892 sps
744 5793 1208 5892 quivocatione
1254 5796 1434 5875 digni
1469 5809 1639 5860 sunt.
1677 5801 1840 5865 Alia:
1863 5813 2020 5866 sunt
2055 5805 2364 5866 nimirum
2412 5809 2783 5872 vocationes
2812 5812 2891 5872 ad
2948 5811 3262 5892 ampliora
3314 5815 3533 5878 chari-

235 5898 437 5997 smata
463 5903 588 5997 :“et
627 5888 755 5950 hinc
791 5907 824 5951 a
854 5891 987 5996 Deo
1021 5890 1104 5951 iis
1141 5893 1597 5973 conferuntur,
1629 5917 1796 5977 quos
1832 5902 2004 5964 bono
2038 5904 2546 5990 priorisgratiaa
2587 5925 2711 5967 usu
2750 5908 3028 5988 dignos,
3058 5888 3145 5971 vet
3201 5919 3408 5990 aptos,
3461 5932 3534 5978 ac

237 5986 596 6066 dispositos
623 5987 980 6061 pranoscit.
2038 5977 2054 5982 ν
2321 5977 2351 5983 ν
2750 5977 2757 5984 .

313 6083 511 6147 Hunc
545 6081 824 6144 reddunt
857 6102 1151 6161 sensum,
1188 6106 1336 6168 quin
1372 6090 1648 6172 legimus
1675 6097 1863 6161 verba
1895 6100 2202 6181 adpaput
2248 6119 2306 6160 vx
2338 6100 2606 6162 Joannis
2639 6121 2696 6165 v.
2731 6103 2842 6166 37:
2879 6104 3285 6170 «Ostendens
3312 6113 3529 6170 autem
3579 6129 3584 6134 ·

567 6187 841 6249 ΡΑτιιοι..
889 6191 1006 6253 Gn.
1049 6192 1320 6257 cxxru.
1977 6184 1984 6191 ”

1977 6184 1984 6191 τ
3156 6223 3191 6276 4
