4034 6596
599 460 700 527 κη
1445 455 1673 519 BERN.
1718 453 1986 518 MAR”!
2022 452 2122 515 DE
2156 451 2444 516 RUBEIS
2486 453 2995 518 DISSERTATIO
3760 456 3866 524 tua

593 574 772 635 Deus
801 567 974 651 quod
997 566 1153 648 [idea
1179 565 1402 650 quain
1429 563 1777 638 Christum,
1803 579 1932 627 non
1971 561 2249 643 vulgaris
2279 562 2595 642 quaepiam
2630 581 2736 628 res
2766 563 2876 641 sit,
2920 563 3033 626 sed
3086 563 3316 626 donum
3348 565 3488 640 Dei,
3532 562 3755 643 dignis
3795 572 3865 630 et

592 667 788 732 rectis
811 664 1010 731 corde
1047 680 1083 728 a
1125 665 1309 728 Patre
1335 662 1584 737 datum,
1608 661 1769 724 dicit
1807 660 1981 742 quod
2019 677 2196 720 omne
2243 658 2410 740 quod
2452 660 2560 723 dat
2584 662 2742 724 mihi
2771 661 2987 735 Pater,
3019 659 3102 722 ad
3148 679 3240 723 me
3279 662 3508 735 veniet,
3575 659 3700 726 hoc
3732 668 3864 740 est,

590 764 689 825 illi
715 762 983 826 credent
1019 759 1086 824 in
1118 776 1246 835 me,
1269 773 1435 840 quos
1471 757 1578 820 dat
1609 757 1772 819 mihi
1795 759 2001 826 Pater.
2035 756 2165 817 Vos
2199 756 2358 835 [Lit]
2391 765 2630 831 autem,
2667 757 2894 830 Judmi,
2924 774 3073 822 cum
3109 757 3361 839 indigni
3393 758 3568 834 sitis,
3592 772 3726 828 non
3748 758 3868 823 αι-

587 859 754 923 mini
799 857 958 922 mibi
992 874 1026 920 a
1055 860 1274 920 Patre:
1304 861 1647 936 propterea
1679 871 1894 934 neque
1929 851 2171 918 venitis
2206 855 2283 916 ad
2313 871 2439 929 me,
2467 871 2679 936 neque
2704 855 2956 918 habetis
2988 864 3234 918 rectum
3265 872 3410 931 cor,
3445 863 3516 918 ut
3548 872 3667 919 vos
3699 853 3866 926 dili-

593 973 754 1037 gens
785 949 958 1018 Deus
989 967 1051 1016 et
1088 954 1273 1017 Pater
1295 953 1488 1018 ducat
1519 959 1595 1016 ad
1629 967 1841 1031 meum
1879 950 2092 1013 ﬁdem.
2129 972 2160 1006 ι
2189 951 2424 1032 Agitur
2455 953 2534 1015 de
2584 953 2886 1030 praeclara
2919 951 3067 1032 ﬁdei
3097 952 3310 1015 dono:
3360 953 3540 1036 quod
3571 952 3864 1019 maximo

590 1052 824 1113 donum
852 1049 970 1112 Dei
1004 1048 1386 1128 appellatur.
1422 1050 1659 1112 Verum
1690 1045 1864 1118 istud
1893 1062 2021 1108 non
2053 1045 2245 1109 datur
2274 1048 2406 1109 nisi
2437 1046 2649 1128 dignis
2682 1057 2738 1110 et
2770 1049 2961 1111 rectis
2993 1049 3204 1122 corde,
3255 1048 3385 1110 illis
3425 1066 3660 1130 nempe
3699 1066 3866 1132 quas

590 1149 701 1210 dot
730 1147 946 1222 Pater,
978 1144 1257 1227 aliisque
1290 1143 1808 1228 prmcedentibus
1843 1141 2067 1223 gratim
2095 1141 2365 1208 auxiliis
2405 1143 2631 1226 dignos
2658 1147 2815 1227 facit
2847 1154 2905 1208 et
2933 1155 3141 1208 rectos
3167 1145 3379 1220 corde,
3408 1147 3658 1210 hoc'est
3687 1145 3865 1212 bene

593 1243 974 1323 dispositos.
1800 1311 1803 1314 _

682 1344 768 1407 Ad
813 1362 872 1404 v.
909 1343 990 1406 39
1017 1343 1113 1406 sic
1141 1343 1265 1406 ait:
1293 1363 1335 1400 ι(
1361 1344 1516 1406 Nam
1564 1341 1618 1404 si
1645 1343 1843 1404 .Pater
1867 1347 1996 1415 dat,
2030 1349 2100 1402 ut
2133 1356 2438 1419 magnum
2492 1343 2828 1422 quiddam,
2862 1343 3121 1423 dignam
3165 1343 3232 1406 in
3277 1341 3603 1434 Christum
3635 1343 3866 1416 tidem,

592 1441 722 1522 ipsi
755 1446 970 1502 autem
1003 1437 1176 1502 illam
1207 1455 1334 1502 non
1368 1438 1631 1512 habent,
1689 1437 2102 1501 manifestum
2134 1444 2229 1498 est
2264 1438 2440 1518 quod
2473 1439 2647 1502 dono
2683 1439 2801 1502 Dei
2866 1439 3254 1504 exciderint.
3292 1461 3322 1495 in
3377 1441 3634 1501 Donum
3681 1438 3869 1502 scili-

590 1535 971 1615 cetDei,|vel
1000 1541 1329 1616 receptum
1348 1534 1792 1598 incredulitate
1825 1534 2222 1614 rejecerunt:
2253 1535 2345 1596 vel
2372 1538 2726 1614 quominus
2747 1535 2957 1613 ipsum
2983 1537 3367 1616 reciperent,
3388 1534 3866 1615 impedimenta

586 1647 983 1712 opposuere,
1034 1630 1548 1710 praecedentibus
1585 1631 1802 1709 gratim
1832 1629 2149 1692 subsidiis
2184 1629 2544 1693 abutentes.
3254 1699 3256 1702 ,

667 1733 746 1796 Et
774 1730 853 1794 ad
874 1751 930 1792 v.
955 1731 1031 1794 bis
1047 1731 1234 1795 verba
1252 1737 1439 1796 sunt:
1465 1755 1495 1788 ι
1515 1729 1747 1794 Nullus
1756 1741 1968 1811 potest
1986 1729 2068 1790 ad
2080 1747 2170 1790 me
2193 1732 2564 1808 venire,nisi
2580 1730 2768 1793 Pater
2793 1733 3070 1795 traxerit
3091 1750 3249 1794 eum.
3271 1733 3405 1794 Hoc
3431 1740 3647 1795 autem
3667 1731 3862 1808 dicit,

588 1836 817 1894 nonut
857 1827 1216 1892 libertatem
1251 1829 1429 1892 tollat
1452 1827 1742 1891 arbitrii:
1772 1827 1971 1902 absit;
2003 1829 2116 1890 sed
2152 1847 2181 1890 υ

2268 1831 2568 1902 >διρηάειι,
2597 1838 2681 1892 ὅτι
2713 1837 2916 1906 πολλῆς
2942 1837 3117 1892 δεῖται
3170 1841 3493 1911 συνιργιίας
3535 1838 3692 1908 παρὰ
3715 1839 3861 1897 Θεοῦ

589 1941 619 1994 ὁ
650 1937 863 2009 μέλλων
889 1936 1202 2003 πιστεύσαι,
1229 1928 1402 2009 quod
1421 1927 1621 1989 multa
1642 1926 1867 1990 habeat
1888 1943 2054 2004 opus
2076 1943 2182 1987 coo

2265 1928 2521 1989 ratione
2547 1945 2581 1990 a
2611 1931 2740 1990 Deo
2768 1928 2829 1989 is
2847 1928 2958 2008 qui
2983 1930 3353 1999 crediturus
3379 1935 3499 1990 est.
3527 1929 3601 1990 Et
3622 1927 3858 1993 aliter:

595 2029 743 2091 illos
783 2028 974 2090 trahit
1014 2029 1220 2100 Pater,
1269 2023 1383 2106 qui
1425 2023 1660 2086 habent
1688 2021 2032 2084 voluntatis
2067 2024 2521 2102 aptitudinem;
2560 2042 2674 2088 eos
2717 2033 2930 2087 autem
2967 2025 3082 2104 qui
3115 2025 3371 2104 seipsos
3422 2041 3552 2090 non
3603 2023 3863 2094 faciunt

590 2128 886 2201 idoneos,
920 2141 1048 2188 non
1082 2123 1272 2185 trahit
1297 2123 1374 2185 ad
1415 2121 1624 2183 tidem.
1654 2143 1685 2178 ι
1717 2121 1833 2182 His
1859 2120 2092 2181 donum
2118 2119 2380 2182 sublime
2407 2121 2556 2201 ﬁdei
2585 2123 2993 2196 conceditur,
3024 2123 3138 2203 qui
3172 2141 3236 2184 se
3263 2121 3524 2188 idoneos
3570 2123 3864 2202 faciunt:

589 2225 710 2287 sed
732 2223 864 2288 haec
897 2222 1126 2302 praevia
1161 2219 1458 2300 aptitudo
1487 2236 1559 2281 ac
1592 2217 1790 2282 libera
1817 2228 1878 2281 et
1911 2218 2075 2280 bona
2109 2219 2457 2296 dispositio
2521 2221 2757 2282 adsunt
2794 2220 2878 2281 iis
2901 2221 3013 2300 qui
3048 2220 3374 2300 prioribus
3396 2221 3620 2300 gratim
3646 2221 3851 2286 donis

589 2321 753 2385 bene
775 2328 1090 2393 utuntur;
1129 2318 1299 2382 unde
1330 2314 1656 2378 creditura
1687 2312 1944 2376 multam
1989 2333 2147 2394 opus
2178 2332 2306 2376 esse
2326 2333 2366 2374 a
2390 2315 2516 2375 Deo
2547 2317 3082 2396 cooperationem,
3113 2316 3377 2397 egregie
3409 2317 3596 2380 docet
3629 2316 3859 2403 Theo-

589 2415 948 2496 phylactus,
989 2422 1124 2475 tum
1189 2429 1337 2493 quas
1379 2410 1567 2475 ﬁdem
1637 2411 1844 2492 ipsam
1895 2409 2290 2491 impertitur,
2329 2418 2464 2472 tum
2501 2426 2650 2491 quas
2695 2409 2799 2490 pia
2854 2408 3178 2474 desideria
3221 2411 3527 2493 inspirat,
3567 2428 3645 2476 ac
3681 2412 3860 2478 bene

586 2510 877 2589 disponit
912 2510 1225 2573 animum.

662 2605 968 2670 89.11am
1008 2607 1274 2686 primam
1313 2618 1351 2668 a
1395 2603 1578 2667 Sixto
1616 2603 1885 2665 Senensi
1921 2601 2337 2664 constitutam
2386 2601 2671 2682 regulam
2726 2600 3027 2681 pluribus
3079 2602 3366 2666 illuslrat
3409 2605 3720 2668 Petavius
3763 2605 3853 2670 li-

587 2709 703 2771 bro
740 2726 809 2769 ιι
840 2708 1062 2780 citato,
1110 2713 1174 2768 et
1230 2706 1359 2767 alia
1418 2701 1728 2766 nonnulla
1761 2699 2229 2780 TheOphylacti
2267 2699 2434 2762 dicta
2478 2698 2768 2778 exponit.
2804 2700 3019 2762 Atl'ero
3067 2701 3260 2764 verba
3305 2699 3438 2776 illa,
3472 2719 3622 2782 quae
3669 2706 3855 2784 capi-

584 2817 644 2868 te
673 2805 714 2867 ὁ
746 2789 1086 2878 habentur,
1116 2817 1296 2863 num.
1320 2800 1402 2863 8:
1440 2824 1469 2860 ι
1503 2800 1641 2860 Non
1670 2813 1811 2862 raro
1839 2805 2107 2870 veteres,
2141 2813 2287 2858 cum
2322 2795 2400 2857 de
2445 2795 2655 2874 gratia
2694 2795 3076 2878 loquuntur,
3101 2797 3359 2875 plenam
3401 2806 3459 2858 et
3496 2801 3852 2879 perfectam

583 2900 994 2980 intelligunt,
1029 2913 1158 2960 non
1191 2896 1544 2958 inchoatam
1573 2912 1644 2956 ac
1675 2893 1915 2967 rudem,
1949 2910 2094 2973 quae
2121 2893 2330 2973 prima
2360 2890 2756 2966 nominatur,
2793 2891 2981 2972 cujus
3013 2891 3400 2974 plerumque
3444 2897 3851 2961 mentionem

583 3013 715 3059 nun
748 2995 1064 3058 habent...
1099 2994 1354 3054 Certum
1394 2999 1491 3053 est
1530 2999 1772 3064 autem,
1815 2989 1909 3052 uti
1940 2990 2210 3069 primam
2244 2987 2516 3068 gratiam
2549 2986 2721 3050 nulla
2749 2987 2832 3050 ob
2878 2990 3104 3052 merita
3141 2990 3363 3065 tribui,
3391 2992 3488 3054 sic
3532 2997 3854 3055 accessio-

577 3110 720 3154 nem
759 3089 934 3154 illius
957 3098 1018 3153 et
1057 3089 1559 3160 incrementum,
1595 3103 1668 3150 ac
1700 3087 1952 3166 plenam
1985 3086 2271 3176 denique
2314 3083 2818 3160 possessionem,
2852 3085 3232 3148 meritorum
3259 3103 3331 3148 ac
3368 3086 3665 3150 laborum
3703 3108 3853 3169 pre-

593 3189 685 3251 tio
713 3185 1146 3267 comparari...
1169 3185 1357 3247 Hunc
1397 3183 1630 3246 habere
1662 3198 1928 3246 sensum
1953 3181 2057 3243 illa
2098 3181 2465 3244 Graecorum
2496 3181 2632 3243 loca
2663 3181 2986 3255 videntur,
3017 3198 3164 3262 quas
3193 3183 3386 3242 Deum
3412 3184 3851 3263 impertienda

579 3285 803 3364 gratice
829 3300 956 3343 sua
990 3297 1208 3362 capere
1268 3278 1653 3341 occasionem
1687 3277 2116 3357 demongtgggt
2161 3295 2264 3339 ea:—
2301 3275 2509 3352 nobis,
2565 3287 2622 3338 et
2685 3288 2938 3365 conatu,
2997 3296 3069 3338 ac
3111 3281 3442 3358 proposito
3481 3290 3740 3344 nostra;
3774 3289 3848 3345 υι

581 3380 1060 3452 Theodoretus,
1099 3375 1389 3450 Photius,
1424 3374 1867 3448 (Ecumenius,
1897 3373 2446 3454 Tthphylactus,
2493 3381 2686 3452 atque
2721 3373 2858 3452 ipse
2893 3391 3160 3454 quoque
3194 3374 3841 3456 Chrysostom’us.....

581 3473 720 3541 Nan
753 3478 924 3541 enim
972 3475 1250 3555 primum
1275 3473 1623 3536 voluntatis
1657 3480 1902 3535 motum
1940 3479 2002 3532 et
2041 3471 2334 3546 rationis,
2362 3472 2427 3534 in
2462 3474 2665 3551 gratia
2694 3480 3060 3546 numerant,
3113 3471 3309 3534 veluti
3349 3475 3452 3552 pia
3484 3476 3842 3551 desideria,

582 3573 825 3656 quibus
856 3573 932 3635 ad
972 3570 1329 3651 pleniorem
1369 3570 1778 3650 qumrendam
1817 3567 2048 3648 (fidem)
2081 3584 2154 3631 ac
2185 3569 2300 3630 Dei
2335 3567 2628 3630 notitiam
2670 3574 2730 3628 et
2763 3583 3048 3629 amorem
3083 3568 3480 3646 excitamur;
3517 3588 3666 3651 qum
3687 3581 3843 3636 sunt

581 3669 1035 3734 excellentiora
1059 3667 1278 3748 gratim
1305 3681 1596 3738 munera,
1630 3664 2032 3744 proindeque
2059 3666 2277 3743 gratim
2311 3679 2542 3726 nomen
2576 3679 2648 3724 ac
2678 3662 2938 3724 titulum
2977 3664 3297 3743 prmcipue
3331 3677 3690 3732 merentur.
3727 3691 3758 3725 ι

663 3766 1085 3829 Verissimam
1132 3773 1287 3843 puto
1330 3763 1451 3826 viri
1506 3759 1862 3825 doctissimi
1909 3759 2566 3830 animadversionem,
2623 3774 2769 3838 qum
2818 3755 3059 3838 legitur
3089 3775 3274 3820 num.
3315 3763 3375 3835 1,
3431 3759 3534 3822 his
3575 3761 3840 3826 verbis:

583 3889 609 3921 α
651 3866 1034 3944 Plerumque
1060 3862 1448 3926 vetustiores
1481 3860 1658 3934 illos,
1691 3877 1840 3924 cum
1893 3859 1971 3922 de
2015 3859 2228 3940 gratia
2263 3856 2379 3918 Dei
2408 3864 2464 3915 et
2493 3855 2818 3916 vocatione
2856 3863 3080 3932 agunt,
3107 3871 3231 3916 non
3268 3862 3391 3916 tam
3429 3855 3508 3919 de
3537 3857 3841 3922 interiori

579 3959 774 4018 animi
812 3967 1007 4030 motu,
1039 3973 1112 4020 ac
1171 3957 1310 4017 sive
1344 3954 1776 4018 illustratione
1833 3956 2090 4029 mentis,
2129 3955 2269 4016 sive
2297 3951 2801 4014 inﬂammatione
2843 3953 3196 4014 voluntatis
3248 3952 3455 4033 loqui,
3497 3971 3692 4035 quam
3755 3958 3838 4020 de

583 4065 844 4115 externo
883 4054 1093 4133 aliqua
1129 4052 1421 4132 beneﬁcio
1456 4053 1593 4126 Dei,
1633 4050 1825 4115 veluti
1854 4051 2182 4130 Evangelii
2217 4049 2692 4130 prmdicatione,
2725 4056 2832 4110 aut
2864 4056 3033 4112 statu
3063 4049 3288 4131 aliquo
3323 4051 3493 4125 vitm,
3522 4051 3603 4115 ad
3635 4069 3835 4135 quem

581 4153 836 4213 occulto
869 4151 1103 4212 deinde
1143 4149 1344 4211 animi
1373 4149 1682 4211 instinctu
1719 4147 2140 4212 trahuntur...
2172 4149 2319 4209 Haec
2371 4163 2519 4208 vero
2560 4145 2758 4225 hujus
2793 4147 3056 4227 generis
3096 4146 3408 4210 beneﬁcia
3468 4156 3829 4228 promereri

582 4249 814 4324 pietate
839 4264 909 4308 ac
948 4246 1183 4307 virtute
1207 4261 1322 4307 sua
1355 4252 1564 4308 certos
1606 4244 1926 4319 homines,
1972 4246 2375 4308 verissimum
2401 4250 2519 4304 est.
2555 4244 2746 4316 nouo
2784 4259 2984 4304 sensu
3019 4241 3098 4306 de
3132 4242 3335 4306 Paulo
3368 4244 3590 4306 scribit
3619 4247 3827 4310 Theo-

583 4341 918 4420 phylactus
952 4342 1028 4401 ad
1064 4349 1251 4418 caput
1294 4358 1407 4403 vm
1463 4341 1765 4419 Epistolm
1789 4342 1871 4409 ad
1898 4342 2242 4413 Romanos,
2277 4339 2502 4401 habere
2535 4339 2741 4417 ipsum
2776 4339 3063 4417 potuisse
3094 4340 3345 4413 merita,
3377 4358 3509 4402 non
3539 4341 3831 4406 absoluta

573 4439 935 4518 etper/‘ecta
973 4438 1065 4516 (ut
1113 4438 1353 4500 ibidem
1389 4446 1650 4500 annotat
1680 4438 1974 4501 Petavius
2006 4457 2185 4500 num.
2221 4437 2305 4517 ιι),
2342 4436 2448 4498 sed
2479 4435 2780 4518 ejusmodi
2819 4446 3045 4510 tamen,
3078 4455 3213 4519 quat
3243 4447 3434 4514 tanta:
3474 4445 3830 4506 occationi:

583 4535 897 4611 (videlicet
935 4533 1358 4613 apostolatus)
1391 4535 1615 4596 elicere
1643 4553 1870 4595 munus
1886 4542 2144 4613 possent
2167 4554 2205 4594 a
2236 4533 2450 4597 divina
2473 4535 2776 4596 bonitate.
2816 4534 3040 4598 Virum
3066 4534 3503 4602 clarissimum
3526 4545 3824 4619 consule,

580 4633 658 4691 de
699 4630 826 4690 alio
859 4629 1316 4706 TlieOphylacti
1353 4630 1494 4690 loco
1527 4631 1784 4710 egregie
1825 4631 2246 4693 disserentem
2277 4648 2448 4692 num.
2485 4629 2543 4692 3.

657 4727 755 4784 90.
795 4726 1097 4802 Regulam
1136 4725 1392 4785 alteram
1430 4724 1530 4785 his
1559 4728 1858 4804 pr0ponit
1885 4727 2093 4787 verbis
2124 4727 2342 4788 Sixtus
2375 4726 2718 4790 Senensis:
2756 4752 2786 4786 α
2826 4728 3109 4790 Rursum
3151 4729 3208 4791 si
3244 4745 3360 4794 nos
3405 4731 3484 4796 ad
3529 4743 3823 4800 contem-

581 4820 925 4897 plationem
963 4819 1172 4897 ﬁnali:
1215 4838 1418 4880 causa:
1441 4831 1920 4895 convertamus,
1957 4831 2122 4884 recte
2147 4823 2409 4902 quidem
2454 4822 2768 4885 atlirmare
2798 4824 3170 4903 poterimus
3199 4828 3647 4907 pravisionem
3675 4851 3822 4914 ope-

576 4937 716 4978 rum
773 4916 1275 4996 subsequentium
1299 4916 1526 4979 divinis
1593 4920 1816 4997 gratia:
1867 4920 2313 4998 receptionem,
2341 4937 2468 4980 esse
2493 4938 2741 4981 causam
2775 4921 3098 4983 electionis
3137 4933 3193 4986 et
3239 4925 3818 5004 predestinationis

572 5013 838 5093 ﬁnalem.
865 5014 1037 5073 Deus
1066 5014 1266 5088 enim,
1308 5024 1374 5076 ut
1404 5014 1640 5077 Paulus
1674 5017 1784 5086 ait,
1813 5015 1990 5094 elegit
2021 5034 2131 5075 nos
2172 5026 2315 5075 ante
2369 5014 2588 5077 mundi
2634 5017 3190 5095 constitutionem,
3237 5030 3296 5084 et
3336 5011 3818 5102 praedestinavit

571 5124 684 5164 nos
709 5114 774 5164 ut
809 5123 1069 5165 essemus
1103 5107 1308 5167 sancti
1337 5117 1392 5166 et
1423 5107 1806 5168 t'mmacutati
1831 5127 2038 5168 coram
2076 5128 2142 5168 eo
2180 5113 2246 5171 in
2278 5112 2518 5172 laudem
2539 5111 2760 5192 gloriae
2785 5115 3008 5193 gratia
3041 5117 3194 5196 ejus.
3226 5119 3362 5182 Hoc
3397 5130 3522 5198 est,
3550 5140 3669 5187 nos
3694 5126 3812 5190 sibi

574 5206 652 5264 ab
678 5213 916 5265 mterno
948 5202 1173 5266 ascivit
1202 5203 1266 5265 in
1307 5221 1484 5277 suos,
1511 5214 1570 5266 et
1607 5207 1974 5284 przeparavit
2014 5208 2197 5269 nobis
2239 5211 2596 5272 vocationis
2637 5210 3203 5290 etjustiiicationis
3239 5217 3536 5294 gratiam,
3574 5219 3637 5283 in
3668 5239 3809 5286 eum

575 5304 872 5364 videlicet
903 5301 1118 5374 tinem,
1157 5309 1225 5361 ut
1258 5318 1330 5362 ea
1371 5300 1537 5363 bene
1570 5310 1921 5378 uteremur,
1961 5316 2022 5367 et
2052 5324 2129 5368 ex
2170 5307 2308 5385 ejus
2351 5305 2518 5368 bono
2567 5323 2691 5368 usu
2728 5308 2994 5384 gloriam
3029 5311 3444 5387 sempiterna)
3479 5311 3806 5382 felicitatis

573 5399 1100 5476 adipisceremur.
1158 5399 1307 5494 Nec
1352 5398 1624 5459 dubium
1677 5409 1795 5473 est,
1829 5399 2079 5480 aliquos
2113 5421 2198 5463 ex
2237 5404 2554 5480 prmdictis
2587 5402 2881 5464 Patribus
2932 5405 3272 5467 secundum
3323 5409 3490 5472 hunc
3525 5411 3810 5494 loquendi

573 5495 818 5556 modum
859 5493 1342 5572 pronuntiasse,
1384 5513 1577 5573 opera
1608 5507 1828 5556 nostra
1851 5517 1887 5556 a
1910 5498 2035 5558 Deo
2065 5502 2334 5578 prtrcisa
2366 5519 2615 5562 causam
2643 5519 2769 5561 esse
2815 5500 3042 5563 divina?
3078 5493 3670 5583 praedestinatt'onis
3693 5557 3710 5590 ,
3742 5516 3806 5578 ii.

569 5592 776 5652 nalcm
808 5591 1094 5668 quidem,
1123 5607 1250 5651 non
1282 5602 1493 5653 autem
1530 5595 2006 5656 meritoriam.»

645 5685 1065 5787 iiuncsubire
1083 5691 1670 5768 sensumsuperins
1689 5693 1961 5754 adducta
1989 5693 2447 5771 'l‘heophvlacli
2479 5694 2661 5755 verba
2687 5705 2978 5772 possunt.
3006 5699 3074 5758 ln
3114 5701 3192 5762 iis
3217 5701 3488 5783 quippe,
3524 5705 3637 5787 qui
3670 5723 3797 5768 cum

573 5783 757 5882 [Ulli
783 5782 1111 5882 dignisint
1165 5801 1235 5845 ac
1269 5787 1427 5862 apti,
1475 5797 1785 5850 vocantur
1817 5791 1891 5852 ad
1921 5791 2133 5864 ﬁdem,
2173 5791 2325 5870 ﬁdes
2375 5795 2536 5871 ipsa.
2572 5810 2640 5853 oc
2671 5793 2859 5854 etiam
2893 5793 3054 5855 bona
3087 5799 3286 5860 libera
3317 5782 3686 5882 dispositio,
3709 5803 3796 5869 rei

566 5875 762 5937 bonus
786 5879 1132 5941 vocationis
1162 5887 1216 5940 et
1253 5882 1476 5960 gratia’
1505 5901 1677 5960 usus,
1720 5887 2190 5964 prmvideisatur
2219 5906 2253 5952 a
2301 5892 2457 5964 Dco,
2497 5903 2788 5970 tanquam
2839 5891 3020 5970 ﬁnis;
3057 5905 3117 5958 et
3149 5899 3226 5960 ad
3273 5875 3442 5964 hunc
3469 5875 3682 5968 finem:
3704 5920 3801 5970 as-

1902 3346 2094 3357 _...__——
