4034 6664
212 685 302 753 109
1053 686 1152 748 DE
1191 683 1773 746 THEOPHYLACTI
1816 683 2090 745 GESTIS
2131 684 2225 744 ET
2265 681 2634 746 SCRIPTIS.
3393 675 3494 739 ill)

216 800 618 881 sequendum
649 799 918 882 gratiam
953 800 1330 880 prmparavit
1367 800 1576 879 ipsius
1615 798 1996 861 vocationis.
2031 800 2169 861 Jam
2207 799 2583 884 vides,.tum
2605 796 2829 877 primm
2866 792 3225 858 vocationis
3251 791 3494 872 gratim.

208 902 334 960 tum
367 899 644 961 aliarum
689 897 1097 973 uberiorum,
1135 912 1391 960 causam
1449 895 1655 960 fuisse
1717 894 1963 959 bonum
2023 896 2300 960 liberum
2366 896 2740 959 earumdem
2793 910 3011 967 usum,
3068 907 3197 955 non
3266 888 3496 969 utique

204 996 615 1071 meritoriam,
646 996 755 1058 sed
791 995 1064 1076 ﬁnalem.

281 1091 519 1154 Sedex
561 1091 756 1154 hocce
787 1091 1166 1171 hujusmodi
1203 1091 1608 1155 locutionum
1666 1108 1894 1168 sensu,
1936 1095 2403 1157 documentum
2446 1089 2802 1169 colligitur,
2845 1088 3022 1170 quod
3056 1094 3154 1150 est
3192 1084 3495 1148 animad-

210 1191 502 1253 versione
529 1190 995 1272 dignissimum
1032 1213 1046 1254 :
1078 1192 1323 1255 auxilia
1350 1191 1590 1255 divinae
1612 1193 1837 1272 gratim
1865 1209 1899 1255 a
1930 1191 2168 1256 Grti‘cis
2193 1188 2488 1253 Patribus
2517 1188 2603 1250 ita
2633 1185 2842 1258 fuisse
2875 1185 3230 1258 intellecta,
3266 1191 3335 1246 ut
3363 1199 3497 1244 non

209 1284 416 1348 solum
453 1286 946 1365 possibilitatem
979 1287 1336 1364 conferant,
1367 1289 1480 1353 sed
1515 1290 1706 1352 etiam
1739 1289 2003 1361 virtute,
2037 1286 2299 1367 energia
2329 1299 2391 1347 et
2419 1283 2700 1348 efﬁcacia
2737 1283 2883 1346 sine
2919 1281 3124 1345 dubio
3152 1297 3186 1344 a
3222 1282 3356 1343 Deo
3386 1279 3502 1341 de-

209 1383 553 1446 scendente
588 1384 719 1447 sint
745 1385 1044 1465 prmdita;
1079 1396 1391 1466 certoque
1423 1388 1485 1448 et
1512 1386 1949 1449 infallibiliter
1973 1387 2210 1449 ducant
2240 1383 2319 1447 ad
2342 1383 2536 1446 tinem
2569 1399 2602 1445 a
2634 1384 2772 1445 Deo
2801 1381 3179 1461 praevisum,
3215 1394 3498 1456 quemve

207 1476 343 1557 ipse
377 1479 540 1542 vult.
577 1481 732 1543 item
776 1482 1314 1560 splendidissime
1369 1481 1661 1562 patefacit
1705 1485 1770 1548 S.
1814 1483 2094 1547 Thomas
2131 1502 2152 1544 ι
2182 1502 2273 1563 ρ.,
2311 1499 2426 1562 qu.
2464 1499 2657 1551 xxm,
2690 1488 2808 1544 art.
2846 1500 2884 1544 ν
2920 1503 2935 1542 :
2975 1504 3003 1536 ‹‹
3039 1481 3334 1542 Fuerunt
3382 1477 3496 1539 alii

205 1574 314 1653 qui
361 1575 694 1650 dixerunt,
725 1580 897 1658 quod
925 1580 1153 1641 merita
1184 1581 1511 1661 sequentia
1538 1579 2132 1661 predestinationis
2163 1577 2453 1661 effectum
2495 1574 2622 1658 (vel
2655 1573 2999 1655 sequentia
3032 1573 3326 1653 gratiam,
3351 1586 3502 1652 quas

205 1670 398 1735 sicuti
434 1691 467 1735 a
500 1675 635 1737 Deo
663 1677 875 1749 datur,
912 1677 997 1739 ita
1032 1677 1483 1756 prmdestinata
1513 1686 1607 1740 est
1647 1695 1718 1740 ac
1749 1673 2340 1758 praedestinationis
2388 1673 2657 1738 effectus
2715 1671 2847 1735 dici
2879 1670 3093 1750 debet)
3125 1677 3274 1730 sunt
3324 1667 3497 1729 ratio

196 1767 800 1848 prcedestinationis.
838 1774 926 1836 Ita
964 1782 1033 1836 ut
1061 1774 1488 1854 intelligatur,
1519 1777 1691 1855 quod
1732 1776 1870 1838 ideo
1907 1777 2076 1837 Deus
2105 1775 2214 1836 dat
2242 1774 2519 1853 gratiam
2568 1772 2792 1843 alicui,
2834 1780 2894 1833 et
2939 1767 3399 1849 praeordinavit
3427 1784 3498 1829 se

203 1866 260 1929 ei
299 1867 625 1935 daturum.
661 1873 810 1950 quia
839 1873 1170 1951 praesciuit
1202 1890 1339 1932 eum
1370 1871 1518 1933 bene
1561 1891 1855 1936 usurum.
1888 1872 2066 1935 Sicut
2098 1871 2155 1932 si
2200 1889 2324 1933 'rex
2366 1871 2474 1933 det
2506 1868 2706 1932 alicui
2769 1866 2965 1929 militi
2999 1882 3269 1945 equum,
3302 1880 3498 1944 quem

204 1964 319 2025 scit
353 1981 431 2027 co
464 1965 628 2030 bene
664 1985 962 2031 usurum.
1008 1970 1128 2032 Sed
1169 1971 1272 2030 isti
1310 1970 1620 2032 videntur
1652 1971 2037 2034 distinxisse
2088 1970 2260 2030 inter
2308 1967 2373 2029 id
2408 1965 2576 2048 quod
2611 1975 2703 2026 est
2736 1984 2816 2027 ex
2843 1965 3082 2044 gratia,
3133 1972 3194 2026 et
3231 1963 3296 2024 id
3333 1960 3504 2042 quod

204 2071 293 2122 est
329 2080 411 2124 ex
453 2061 649 2126 libero
681 2065 979 2138 arbitri-0,
1042 2067 1226 2147 quasi
1256 2068 1622 2147 non.possit
1649 2084 1790 2131 esse
1823 2065 1997 2128 idem
2033 2081 2113 2127 ex
2150 2069 2456 2142 utroque.
2497 2060 2918 2122 Manifestum
2954 2065 3051 2120 est
3077 2066 3294 2118 autem
3322 2060 3499 2136 quod

201 2155 266 2219 id
301 2159 474 2238 quod
502 2170 594 2222 est
633 2181 711 2223 ex
750 2165 962 2242 gratia
995 2164 1079 2243 (et
1114 2181 1241 2227 non
1278 2163 1486 2227 solum
1525 2166 1663 2246 ipsa
1693 2165 1896 2246 gratia
1924 2163 2204 2243 ejusque
2237 2159 2519 2238 collatio)
2555 2167 2648 2220 est
2695 2155 3295 2239 prwdestinationis
3354 2154 3505 2237 effe-

202 2261 365 2316 ctus.
412 2259 485 2318 Et
513 2256 634 2320 hoc
670 2277 796 2322 non
838 2270 1046 2335 potest
1089 2262 1240 2338 poni
1295 2270 1364 2324 ut
1391 2263 1559 2324 ratio
1593 2260 2185 2342 prcrdestinationis
2232 2258 2372 2338 (seu
2429 2273 2620 2319 causa
2671 2254 3026 2334 meritoria)
3058 2270 3204 2315 cum
3239 2253 3354 2314 hoc
3387 2251 3502 2314 sub

196 2351 761 2432 prqdestinatione
788 2359 1226 2420 concludatur.
1265 2359 1329 2422 Si
1364 2359 1564 2439 igitur
1591 2359 1844 2441 aliquid
1875 2356 2054 2421 aliud
2090 2375 2172 2418 ea:
2199 2364 2384 2436 parte
2411 2365 2636 2415 nostra
2666 2353 2750 2413 sit
2783 2351 2944 2414 ratio
2981 2349 3504 2430 prmdestinatio-

201 2447 325 2523 nis,
350 2449 470 2513 hoc
501 2453 621 2516 erit
658 2465 885 2533 praeter
916 2455 1217 2518 eﬂ‘ectum
1254 2456 1864 2536 prmdestinationis.
1908 2457 2046 2518 Non
2090 2461 2186 2517 est
2215 2461 2432 2516 autem
2462 2450 2843 2514 distinctum
2877 2447 3047 2529 quod
3069 2457 3160 2509 est
3200 2466 3280 2508 ea:
3305 2447 3504 2510 libero

198 2545 475 2611 arbitrio
507 2559 568 2612 et
603 2540 1283 2632 emrprwdestinatione,
1319 2554 1488 2617 sicut
1529 2571 1657 2616 non
1690 2560 1786 2616 est
1815 2553 2196 2616 distinctum
2221 2550 2396 2631 quod
2427 2559 2523 2612 est
2557 2563 2855 2611 excausa
2888 2546 3176 2609 secunda
3214 2551 3278 2606 et
3311 2561 3502 2607 causa

205 2643 444 2722 prima;
482 2646 700 2709 divina
747 2648 921 2711 enim
949 2650 1362 2712 Providentia
1397 2650 1694 2729 producit
1732 2649 2004 2713 eﬂ'ectus
2027 2666 2155 2735 per
2182 2646 2627 2727 Operationem
2668 2659 3009 2709 causarum
3040 2641 3502 2706 secundarum.

201 2741 384 2804 Unde
421 2751 482 2804 et
513 2744 570 2806 id
598 2744 766 2824 quod
794 2755 883 2808 est
917 2764 1033 2826 per
1063 2746 1324 2809 liberum
1355 2746 1699 2809 arbitrium
1741 2755 1833 2808 est
1862 2767 1945 2811 ea:
1998 2743 2828 2828 prwdestinatione.»Unde
2861 2742 3062 2811 bonus
3097 2760 3252 2802 usus
3278 2740 3506 2821 gratio!

197 2843 544 2920 prescitus
608 2841 704 2922 (ut
768 2843 1011 2907 dicitur
1068 2851 1142 2916 ad
1201 2846 1258 2926 1)
1293 2864 1423 2907 non
1482 2854 1572 2907 est
1633 2845 1804 2908 ratio
1869 2843 2238 2924 collationis
2291 2843 2540 2923 gratice,
2597 2841 2731 2906 nisi
2781 2837 3135 2902 secundum
3189 2838 3506 2900 rationem

197 2955 408 3010 causae
433 2940 671 3019 ﬁnalis.

277 3037 428 3111 Quo
461 3037 693 3102 iterum
726 3055 951 3114 sensu,
988 3039 1234 3105 auxilia
1264 3041 1487 3124 gratia)
1511 3059 1657 3123 quae
1675 3044 1985 3122 praeparat
2018 3036 2380 3114 Deus,talia
2411 3047 2564 3099 sunt
2597 3036 2662 3099 in
2689 3035 2806 3099 Dei
2839 3035 3275 3116 prmscientia,
3304 3035 3378 3097 ut
3409 3033 3512 3096 in.

196 3131 564 3198 fallibiliter
594 3138 670 3199 ad
704 3139 1198 3203 exsecutionem
1230 3140 1382 3204 boni
1411 3139 1597 3203 liberi
1630 3140 1849 3220 operis
1875 3139 2138 3210 ducant,
2165 3134 2339 3216 quod
2383 3132 2463 3196 ab
2491 3141 2734 3195 aeterno
2766 3132 2969 3196 veluti
3024 3133 3216 3195 ﬁnem
3254 3133 3511 3210 praescit

197 3247 273 3294 ac
302 3232 440 3294 vult
477 3235 675 3297 Deus.
703 3235 855 3298 Hinc
881 3253 1032 3299 vero
1065 3238 1462 3315 prmscientia
1497 3254 1624 3301 non
1657 3237 1874 3300 differt
1903 3250 1937 3296 a
1975 3229 2572 3311 prmdestinatione,
2605 3245 2801 3308 quam
2827 3232 3060 3293 docent
3093 3227 3508 3308 Augustinus

199 3338 265 3390 et
297 3327 622 3404 Thomas;
657 3340 720 3394 et
750 3331 887 3396 hac
917 3335 1144 3413 paucis
1179 3342 1505 3399 contracta
1539 3334 1888 3414 utriusque
1924 3331 2238 3394 doctrinm
2269 3345 2526 3392 summa
2566 3335 2688 3392 est.

283 3426 388 3488 91.
421 3427 595 3488 Nihil
656 3428 862 3491 obstat
897 3445 1048 3493 vero
1085 3431 1444 3510 quominus
1477 3448 1606 3492 non
1643 3447 1862 3510 paucas
1891 3431 2258 3492 Gratcorum
2321 3429 2580 3490 Patrum
2640 3426 2984 3490 sententiae
3033 3425 3263 3489 eodem
3296 3425 3510 3486 sensu

200 3533 644 3601 exponentur.
679 3526 877 3589 Vocat
907 3543 1014 3590 eas
1043 3529 1121 3590 ad
1161 3545 1428 3591 examen
1461 3515 1763 3591 Petai'ius
1799 3527 1966 3590 libro
2009 3545 2075 3588 ιι
2113 3525 2331 3593 citato.
2360 3527 2567 3603 capite
2597 3526 2658 3599 3,
2694 3542 2873 3588 num.
2907 3525 2969 3598 9,
2997 3541 3068 3586 ac
3101 3524 3286 3604 plura
3325 3521 3512 3586 colli-

200 3621 300 3701 git
338 3620 507 3683 scitu
541 3624 764 3701 digna,
804 3624 1149 3696 Videlicet,
1187 3624 1315 3706 1.):
1342 3626 1486 3689 Non
1516 3627 1910 3688 existimasse
1932 3635 2170 3686 veteres
2205 3621 2442 3684 eosdem
2482 3623 2736 3696 Patres,
2772 3623 2923 3702 eligi
2951 3620 3329 3704 adprimam
3367 3637 3514 3700 gra-

201 3717 365 3777 tiam
389 3719 670 3780 homines
687 3729 955 3800 propter
967 3721 1195 3782 merita
1213 3720 1516 3801 quadam,
1531 3731 1589 3783 et
1607 3722 1799 3783 initia
1819 3719 2382 3790 bonceeoluntatis,
2400 3729 2471 3781 ut
2488 3719 2922 3781 Massilienses
2944 3718 3200 3798 opinati
3221 3728 3372 3779 sunt
3387 3717 3510 3796 :2.)

202 3833 429 3894 neque
465 3816 597 3876 illis
626 3816 898 3896 impingi
931 3816 1212 3879 aliorum
1245 3835 1525 3878 errorem
1559 3836 1774 3896 posse,
1797 3818 1935 3880 ideo
1965 3820 2244 3899 primam
2278 3816 2642 3882 hominibus
2672 3817 2946 3896 gratiam
2980 3814 3328 3879 decrevisse
3359 3814 3514 3876 dare

201 3913 435 3986 Deum,
473 3912 642 3992 quod
667 3912 812 3975 illos
845 3914 993 3976 bene
1028 3934 1261 3977 usuros
1297 3916 1509 3996 gratia
1536 3934 1653 3976 sua
1679 3912 2103 3996 prteviderat;
2143 3931 2214 3977 ac
2244 3914 2300 3975 si
2327 3915 2658 3976 meritoria
2691 3913 2984 3992 quaedam
3014 3929 3209 3975 causa
3240 3912 3366 3974 dici
3401 3912 3514 3973 de-

202 4007 358 4072 beat
394 4010 708 4088 prmvisus
742 4010 960 4090 gratim
990 4011 1198 4074 bonus
1235 4029 1434 4086 usus;
1459 4012 1548 4092 3.)
1597 4029 1790 4091 neque
1809 4011 1893 4073 ad
1932 4033 2086 4087 eam,
2118 4030 2302 4092 quam
2332 4019 2581 4085 vocant,
2622 4008 3123 4072 conditionatam
3154 4009 3510 4081 scientiam,

202 4107 578 4186 confugisse
607 4107 855 4182 Patres,
891 4117 1187 4187 tanquam
1209 4109 1384 4170 haud
1413 4108 1699 4170 absolute
1718 4111 2010 4190 futurum
2043 4109 2273 4172 bonum
2303 4107 2599 4190 affectum
2627 4108 2850 4181 animi,
2882 4116 2994 4167 aut
3028 4105 3298 4168 liberum
3316 4106 3513 4166 meri-

205 4213 351 4266 tum
390 4203 766 4283 prceciderit
790 4224 810 4264 :
834 4203 945 4266 sed
982 4205 1076 4268 ita
1104 4204 1368 4281 demum,
1403 4206 1462 4268 si
1489 4209 1911 4268 necessariam
1946 4206 2028 4268 ad
2059 4207 2126 4269 id
2156 4225 2333 4286 opem
2367 4208 2656 4288 conferre
2692 4204 3081 4273 decreverit;
3111 4202 3199 4283 lt.)
3231 4198 3347 4266 Sed
3376 4202 3512 4266 uti—

203 4318 345 4382 que
379 4317 458 4364 eo
493 4302 636 4381 ipso
665 4302 965 4366 homines
996 4304 1306 4367 constitui
1337 4303 1614 4378 electos,
1656 4320 1727 4366 ac
1764 4304 2028 4384 dignos,
2063 4312 2126 4366 et
2153 4311 2337 4382 aptos
2366 4324 2381 4377 ;
2416 4303 2593 4383 quod
2619 4303 2796 4365 Deus
2828 4307 2957 4362 non
2993 4301 3202 4362 solum
3240 4298 3309 4362 id
3342 4317 3517 4380 pra:-

202 4399 412 4474 videt,
445 4399 614 4480 quod
645 4419 859 4462 eorum
889 4403 1216 4464 uoluntate
1276 4403 1608 4482 confertur
1657 4402 1924 4482 (bonum
1974 4400 2195 4480 gratim
2223 4415 2437 4475 usum,
2471 4416 2543 4462 ac
2588 4399 2834 4461 bonum
2890 4399 3170 4462 liberum
3231 4397 3516 4461 salutare

203 4496 579 4576 opus,)tsed
637 4500 913 4579 gratiam
964 4516 1211 4579 quoque
1259 4499 1568 4580 praevidet
1638 4516 1843 4572 suam,
1898 4515 2022 4578 qua
2076 4495 2226 4558 illos
2286 4495 2545 4578 adjuvat
2603 4513 2849 4576 eosque
2910 4495 3146 4577 dignos
3207 4504 3271 4560 et
3331 4503 3517 4575 aptus

203 4593 408 4670 facit;
461 4611 535 4658 ac
601 4612 828 4659 eorum
891 4596 1061 4658 bona
1108 4607 1412 4676 Operatur
1481 4613 1700 4676 Opera,
1763 4602 1826 4657 et
1884 4593 2129 4656 bonum
2194 4592 2388 4655 efﬁcit
2445 4597 2964 4688 usum|gratiaa;
3022 4595 3109 4672 5.)
3174 4593 3339 4658 hanc
3400 4594 3519 4659 de-

205 4709 396 4756 mum
455 4693 923 4772 praescientiam
983 4691 1338 4755 absolutam
1370 4712 1538 4769 esse,
1575 4713 1647 4756 ac
1703 4693 1802 4755 rei
1834 4691 2005 4755 haud
2045 4691 2237 4753 aliter
2262 4696 2471 4770 'quam
2505 4692 2844 4772 prasentis
2878 4703 2935 4755 et
2969 4693 3339 4757 exsistentis
3370 4709 3515 4755 cer-

203 4798 343 4849 tam
375 4789 694 4852 notitiam.

293 4889 773 4952 Prcescientiam
803 4891 1214 4972 distinguere
1248 4892 1461 4956 solent
1494 4903 1746 4958 veteres
1778 4893 2118 4957 itliPatres
2143 4910 2177 4956 a
2208 4893 2767 4975 prcedestinatione
2804 4917 2826 4958 :
2859 4907 2921 4960 et
2953 4895 3132 4960 illam
3159 4895 3237 4961 ad
3272 4895 3520 4961 liberos

208 4994 408 5050 actus
439 4987 709 5061 referre,
744 4990 932 5050 istam
975 4992 1052 5052 ad
1087 5005 1160 5052 ea
1194 5008 1341 5070 quae
1373 4991 1579 5054 libero
1611 5009 1742 5054 non
1775 4991 2061 5055 subsunt
2091 4991 2383 5067 arbitrio,
2416 4991 2620 5056 veluti
2653 4993 2927 5073 primam
2960 4995 3182 5076 gratiae
3219 4995 3517 5059 collatio-

208 5100 399 5158 nem,
433 5100 507 5146 ac
545 5084 1042 5148 retributionem
1077 5088 1516 5165 praemiorum.
1543 5089 1936 5170 Loquuntur
1957 5086 2232 5163 scilicet,
2284 5105 2486 5152 sensu
2511 5090 2794 5170 quodam
2827 5091 3110 5154 nimium
3137 5091 3362 5155 stricto
3386 5095 3517 5156 cir-

201 5190 752 5262 cumspectoque,
786 5182 867 5244 de
901 5200 1116 5246 rerum
1151 5201 1372 5247 earum
1401 5186 1962 5265 pmdestinatione
1987 5202 2146 5266 quas
2168 5186 2318 5249 facit
2355 5188 2538 5251 solus
2570 5189 2746 5252 Deus
2773 5190 2916 5253 sine
2946 5188 3160 5253 nobis.
3187 5195 3268 5253 At
3293 5207 3522 5253 eorum

200 5279 646 5359 prescientia,
683 5287 750 5342 ut
784 5288 1034 5352 vocant,
1063 5297 1206 5360 quas
1239 5298 1356 5344 nos
1386 5282 1578 5344 etiam
1607 5281 1807 5345 libere
1829 5282 2130 5357 facimus,
2162 5300 2310 5346 cum
2339 5283 2425 5345 sit
2455 5283 2777 5357 absoluta,
2810 5286 3160 5366 aequivalet
3189 5285 3524 5369 prwdestio

202 5378 494 5452 nationi,
540 5385 606 5437 ut
639 5378 1028 5458 Aquinatem
1087 5379 1350 5459 egregie
1380 5381 1719 5443 docentem
1756 5381 2157 5445 audivimus.
2200 5383 2328 5462 Ipsi
2361 5398 2632 5464 quoque
2668 5383 2974 5446 videntur
3001 5387 3240 5457 Patres,
3265 5384 3525 5464 prinde-

203 5475 634 5537 stinationem
657 5473 738 5535 ad
765 5475 1042 5554 gloriam
1077 5494 1158 5537 ea:
1211 5478 1580 5538 meritorum
1599 5479 1985 5557 praecisione
2014 5481 2350 5549 statuisse;
2386 5499 2533 5562 qum
2566 5481 2831 5544 levioris
2866 5481 3178 5544 momenti
3227 5481 3351 5545 hoc
3383 5481 3526 5544 loco

203 5571 501 5656 quaestio
519 5581 638 5644 est,
659 5574 1007 5636 dummodo
1021 5572 1501 5654 prwdestinatio
1527 5575 1903 5640 admittatur
1923 5569 2007 5637 ad
2023 5577 2304 5657 gratiam
2336 5586 2393 5639 et
2413 5576 2495 5639 ad
2513 5579 2741 5659 gratia
2761 5577 3074 5661 eﬂ'eetum,
3101 5579 3212 5660 qui
3241 5587 3340 5642 est
3363 5579 3529 5643 liber

208 5669 576 5734 voluntatis
599 5684 984 5746 consensus,
1003 5680 1111 5733 aut
1135 5671 1298 5734 liber
1313 5673 1532 5752 gratia:
1561 5674 1721 5736 datae
1743 5675 1956 5737 bonus
1987 5692 2170 5737 usus.
2200 5675 2464 5740 Thomas
2488 5675 2847 5743 doctrinam
2875 5695 3007 5758 prie
3028 5677 3239 5739 oculis
3266 5678 3525 5740 habeto.

299 5768 500 5848 [LIV]
531 5768 736 5830 Aiunt
797 5767 1084 5848 denique
1120 5769 1361 5832 laudati
1423 5773 1639 5833 Patres
1668 5788 1740 5832 ac
1771 5770 2297 5852 TheOphylactus
2337 5779 2468 5836 non
2529 5790 2675 5837 raro
2711 5795 2727 5835 :
2763 5790 2877 5837 eos
2942 5775 3246 5839 homines
3283 5776 3529 5857 eligere

211 5869 467 5937 Deum,
513 5883 670 5945 quos
705 5866 1030 5943 praesciuit
1061 5865 1292 5929 divina
1325 5867 1648 5929 vocationi
1685 5872 2035 5950 morigeros
2071 5889 2145 5932 ae
2177 5870 2586 5945 tractabiles;
2617 5871 2910 5954 itemque
2947 5892 3372 5937 consensuros
3411 5877 3531 5938 hoc

207 5965 322 6030 uel
366 5963 484 6028 illo
522 5973 800 6044 tempore
849 5984 922 6027 ac
973 5966 1041 6028 in
1073 5968 1216 6029 istis
1247 5966 1346 6028 vel
1383 5965 1517 6029 illis
1563 5969 2090 6030 circumstantiis.
2126 5969 2313 6029 Dicta
2347 5967 2730 6050 hujusmodi
2772 5988 2902 6034 non
2955 5972 3319 6053 intelligas,
3351 5989 3425 6035 ac
3472 5976 3529 6035 si

213 6061 643 6146 prmscientia
675 6061 890 6125 divina
925 6081 1002 6126 ex
1043 6063 1146 6126 his
1177 6065 1518 6128 heminam
1551 6065 1829 6130 internis
1853 6063 2425 6145 exterioribusque
2452 6067 2966 6132 circumstantiis
3001 6068 3287 6150 aliquam
3320 6081 3535 6134 sumat

211 6177 294 6227 ac
325 6165 600 6242 praestet
631 6157 871 6224 divina)
899 6160 1237 6226 electionis
1284 6171 1349 6226 et
1404 6162 2004 6244 prmdestinationis
2047 6177 2308 6225 causam
2340 6170 2405 6226 et
2435 6163 2783 6229 rationem.
2821 6167 3012 6231 Juxta
3044 6168 3402 6232 secundam
3437 6185 3537 6230 rc-
