2017 3332
114 324 164 357 H3
544 322 597 353 DE
613 319 910 364 THEOPEYLAC'I‘I
932 317 1071 349 GES’I‘IS
1087 317 1135 348 ET
1154 314 1338 347 SCRIPTIS.
1704 309 1762 342 IH’

112 382 195 423 quod
212 381 317 422 ipsum
331 388 450 421 corpus
475 379 606 411 Domini
623 381 671 410 est
699 377 803 419 panis,
817 375 1031 408 sanctiﬁcatus
1045 374 1079 405 in
1089 372 1214 409 altario,
1228 375 1260 403 et
1279 379 1344 423 non
1360 369 1471 423 ﬁgura;
1486 366 1658 423 Non‘enim
1670 367 1765 422 dixit,

113 416 179 462 [Ioc
196 416 243 461 est
262 431 375 470 ﬁgura,
390 416 463 466 sed,
476 430 543 461 Hoc
562 433 606 460 est
620 416 736 468 corpus
749 436 862 457 meum.
879 423 1038 456 Ineﬁ'abili
1060 423 1146 454 enim
1163 420 1352 462 operatione
1367 417 1623 470 transivi-matur,
1643 416 1767 470 etiamsi

115 479 206 511 nobis
237 465 382 511 videatur
413 465 522 519 panis;
539 465 691 518 quoniam
712 475 829 507 inﬁrmi
850 482 971 509 sumus,
997 476 1028 504 et
1058 471 1268 503 abhorremus
1298 467 1415 500 crudas
1441 474 1555 497 carnes
1582 465 1766 519 comedere,

116 528 251 559 maxime
271 513 420 559 hominis
429 513 558 559 carnem
578 535 585 557 ε
606 529 637 557 et
654 526 729 557 ideo
741 524 835 565 panis
850 522 974 564 quidem
989 521 1080 552 nobis
1093 523 1239 560 apparet,
1256 518 1312 550 sed
1324 524 1436 548 revera
1449 524 1523 547 caro
1540 519 1620 546 est.»
1636 513 1767 565 Perspi-

114 585 175 609 cue
197 580 294 618 patet,
318 584 431 617 panem
461 580 492 607 et
514 575 623 607 vinum
653 583 717 606 non
735 564 802 605 ﬁeri
813 572 910 604 solun

972 570 1046 603 trhis
1062 568 1319 602 consecrationis
1335 571 1484 605 ἀντίτυπα,
1500 564 1768 606 repraesntantia

114 634 234 666 c0rpns
249 629 280 657 et
293 625 485 666 sanguinem
502 623 643 662 Domini,
658 623 713 655 sed
731 623 764 654 in
782 622 885 662 ipsum
902 628 1019 660 corpus
1035 617 1238 650 transmutari
1259 621 1290 648 et
1308 617 1512 666 sanguinem.

154 663 290 706 domina
304 663 389 710 sunt,
407 682 509 714 eaque
525 672 743 709 disertissima,
764 680 836 711 quas
855 669 1015 701 habentur
1028 667 1068 700 ad
1077 669 1173 708 caput
1188 675 1221 697 vi
1236 666 1380 701 Joannis.
1400 674 1431 697 ν.
1446 664 1511 714 52)
1532 676 1546 693 α
1563 663 1663 714 Panis
1677 671 1768 703 quem

113 730 170 762 ego
187 722 278 759 dabo,
294 731 368 753 caro
384 731 450 752 mea
458 713 507 752 est
518 730 581 761 pro
592 720 702 752 mundi
714 721 792 752 vita.
810 719 979 751 Manifeste
994 721 1101 749 autem
1117 715 1212 748 nobis
1224 715 1285 747 hoc
1299 715 1370 747 loco
1386 714 1461 746 dicit
1474 713 1511 744 de
1529 713 1666 762 mystica
1681 720 1769 743 com-

112 761 264 801 munione
275 771 422 811 corporis
443 771 532 801 sui...
550 771 688 801 Attende
703 772 826 807 autem,
842 768 931 809 quod
944 768 1054 807 panis,
1073 766 1131 807 qui
1152 774 1170 797 a
1191 764 1336 796 nobisin
1363 762 1527 803 mysteriis
1544 761 1767 797 manducatur,

114 826 181 849 non
200 822 246 850 est
262 823 386 850 tantum
399 819 550 859 ﬁguratio
565 818 706 859 quadam
719 819 826 849 carnis
844 818 910 848 Dan

973 839 982 853 ,
1003 816 1058 847 sed
1077 815 1146 855 ipsa
1162 823 1236 845 caro
1253 813 1394 849 Domini,
1412 817 1462 845 οὐκ
1476 816 1626 845 ἀντιτυπόν
1645 816 1705 843 ἐστι
1719 815 1769 850 τῆς

111 869 162 897 τοῦ
181 869 287 905 Κυρίου
301 868 414 904 σαρκὸς,
427 869 483 898 ἀλλ’
497 869 569 904 αὐτὴ
579 870 596 904 ἡ
610 868 657 896 τοῦ
673 869 779 904 κυρίου
790 868 870 904 σάρξ.
888 868 907 898 Ν

974 866 1061 898 enim
1076 865 1163 902 dicit,
1182 865 1282 896 Panis
1303 873 1393 904 quem
1409 874 1464 904 ego
1491 863 1571 895 dabo
1603 864 1703 902 ﬁgura
1720 866 1769 893 est

113 920 234 957 carnis,
252 920 308 950 sed
334 919 417 950 Caro
443 928 509 949 mea
538 923 595 949 est.
615 917 876 950 Transformatur
895 916 994 952 enim,
1014 920 1217 956 μεταποιεῖται,
1235 913 1359 955 arcanis
1378 913 1496 950 verbis,
1523 907 1614 952 panis
1643 911 1698 943 ille
1715 920 1772 950 per

114 966 284 1007 mysticam
304 967 567 999 benedictionem
588 970 619 998 et
646 967 865 999 accessionem
892 964 994 997 sancti
1023 965 1175 1005 Spiritus,
1196 972 1230 994 in
1244 972 1370 993 carnem
1398 961 1540 993 Domini.
1564 961 1607 992 Et
1624 970 1662 991 ne
1680 969 1771 1000 quem

113 1016 294 1054 conturbet,
312 1016 401 1057 quod
417 1016 591 1047 credendus
605 1016 648 1047 sit
662 1017 757 1056 panis
769 1025 855 1048 caro.
871 1014 998 1047 Etenim
1014 1018 1045 1045 et
1061 1015 1092 1045 in
1105 1022 1199 1045 carne
1215 1012 1402 1044 ambulante
1414 1012 1566 1048 Domino,
1583 1014 1615 1042 et
1633 1019 1671 1042 ex
1688 1018 1772 1050 pano
1803 1048 1809 1055 κ

113 1065 304 1097 alimoniam
321 1069 481 1102 sumente,
498 1064 594 1105 panis
609 1064 665 1096 ille
698 1065 753 1105 qui
778 1064 1042 1098 manducabat‘ur,
1061 1063 1095 1094 in
1119 1070 1239 1103 corpus
1257 1062 1326 1102 ejus
1341 1061 1538 1104 mutabatur,
1563 1063 1593 1090 et
1620 1059 1772 1091 similiter-

114 1113 212 1145 ﬁebat
234 1117 351 1146 sanctas
366 1114 433 1153 ejus
452 1114 570 1150 carnis,
584 1117 615 1144 et
630 1113 663 1144 in
679 1117 891 1153 augmentum
908 1117 940 1145 et
972 1112 1239 1144 sustentationem
1258 1110 1447 1142 conferebat
1472 1109 1565 1150 juxta
1596 1108 1772 1140 humanum

113 1166 250 1193 morem.
269 1162 373 1202 Igitur
388 1166 418 1193 el
432 1171 518 1193 nunc
527 1162 623 1202 panis
640 1163 675 1193 in
700 1171 826 1193 carnem
844 1162 972 1192 Domini
986 1165 1139 1192 mutatur.
1166 1162 1204 1191 Et
1225 1159 1392 1201 quomodo,
1412 1160 1533 1199 inquis,
1559 1168 1624 1189 non
1637 1162 1774 1198 apparet

112 1211 208 1243 nobis
224 1219 310 1249 caro,
324 1211 379 1242 sed
400 1212 494 1251 panis
508 1212 523 1242 ἵ
539 1212 577 1242 Ut
594 1219 657 1242 non
674 1210 908 1242 abhorreamus
930 1209 969 1241 ab
997 1210 1065 1251 ejus
1081 1219 1148 1241 esu.
1165 1207 1242 1241 Nam
1259 1209 1284 1241 si
1314 1210 1449 1249 quidem
1466 1216 1540 1240 caro
1556 1207 1773 1249 apparuisset.

112 1260 295 1291 iiisuaviter
322 1260 427 1291 affecti
457 1268 603 1291 essemus
639 1268 715 1299 erga
751 1258 1030 1291 communionem.
1056 1260 1149 1291 Nunc
1169 1264 1289 1295 autem,
1321 1257 1603 1290 condescendenie
1633 1256 1775 1288 Domino

114 1313 235 1341 nostra)
251 1309 441 1346 inﬁrmitati,
460 1308 531 1339 talis
551 1311 683 1347 apparot
708 1308 800 1340 nobis
814 1308 969 1349 mysticus
984 1308 1092 1345 cibus,
1105 1308 1257 1349 qualibus
1273 1308 1395 1349 alioqui
1412 1307 1536 1339 assueti
1553 1314 1682 1338 sumus.
1698 1317 1713 1334 ι

158 1357 208 1388 94.
226 1357 382 1389 Claudius
401 1356 585 1391 Salmasius.
601 1357 660 1387 sub
676 1357 807 1388 nomine
821 1357 981 1397 Simplicii
1000 1357 1116 1394 Verini,
1135 1357 1167 1388 in
1183 1365 1281 1397 opere
1299 1357 1341 1387 De
1358 1355 1720 1387 transsubstantiatione
1736 1354 1775 1385 ad

115 1406 243 1438 Justum
261 1407 391 1438 Parium
409 1410 520 1438 contra
535 1407 706 1446 Hugonem
723 1406 885 1443 Grotium,
903 1404 1139 1445 Tlieoiihylacti
1162 1405 1357 1436 sententiam
1375 1405 1580 1446 expendens,
1606 1403 1775 1435 veritatem

115 1453 159 1485 ab
174 1462 214 1485 eo
229 1453 378 1485 traditam
393 1454 470 1485 vidit
487 1453 611 1493 primo;
626 1453 738 1484 oculos
751 1452 870 1484 deinde
887 1452 1013 1489 clausit,
1031 1461 1071 1484 ne
1086 1452 1208 1484 videret
1225 1462 1308 1484 eam.
1327 1452 1430 1483 Verba
1446 1455 1523 1483 sunt
1539 1452 1610 1492 ejus
1622 1459 1697 1492 pag.
1716 1450 1753 1482 10
1769 1461 1776 1480 :

114 1500 154 1535 Si
163 1504 270 1543 panis.
289 1507 387 1534 exuta
401 1503 540 1544 propria
563 1502 754 1537 substantia.
772 1501 916 1533 induerit
939 1501 1151 1534 substantiam
1163 1503 1310 1542 corporis
1328 1501 1463 1538 Christi,
1481 1510 1544 1532 non
1559 1501 1697 1542 amplius
1711 1501 1777 1542 ejus

115 1552 224 1591 ﬁgura
235 1551 299 1582 dici
313 1556 459 1591 posset...
479 1550 565 1583 Unde
583 1555 611 1581 et
626 1551 677 1581 illi
691 1551 746 1590 qui
774 1550 991 1589 crediderunt,
1004 1562 1117 1593 panem
1144 1558 1173 1583 et
1191 1553 1300 1583 vinum
1315 1551 1532 1584 Eucharistia:
1545 1553 1580 1584 in
1609 1560 1729 1591 corpus
1748 1556 1779 1582 et

116 1601 307 1639 sanguinem
323 1600 456 1638 Christi,
473 1599 658 1631 substantiae
676 1599 900 1635 demutatione,
915 1602 1074 1635 converti;
1096 1604 1256 1641 negarunt
1287 1610 1401 1640 partem
1425 1605 1454 1632 et
1479 1602 1589 1632 vinum
1606 1610 1672 1631 esse
1692 1599 1779 1627 τύπον

116 1650 171 1681 vel
183 1650 331 1677 ἀντίτυπον
344 1651 489 1690 corporis
509 1653 539 1680 et
556 1649 724 1689 sanguinis
741 1649 876 1685 Christi,
893 1653 927 1679 ut
945 1649 1212 1689 Theophylactus.
1232 1650 1351 1680 Locum
1368 1649 1440 1689 ejus
1456 1650 1490 1680 in
1507 1650 1653 1682 Marcum
1676 1651 1777 1685 notat.

117 1698 163 1730 de
191 1707 258 1739 quo
283 1698 378 1729 infra.
400 1699 474 1729 Haec
507 1697 585 1728 ﬁdes
614 1700 661 1728 est
698 1697 850 1729 Ecclesiae
868 1696 1043 1729 catholicae.
1060 1699 1135 1730 Haec
1154 1698 1226 1729 sine
1246 1697 1349 1729 dubio
1381 1698 1513 1738 Bulgari
1538 1690 1778 1739 archiepiscopi

115 1748 296 1779 sententia.
326 1747 410 1785 Quid
448 1749 544 1779 vero?
563 1745 850 1787 Splendidissima":
877 1744 1054 1777 Salmasius
1086 1747 1151 1778 luci
1181 1747 1336 1778 claudens
1365 1747 1603 1784 oculos,sectse
1621 1747 1778 1788 prasjudi-

116 1798 174 1828 cio
202 1797 368 1836 abreptus,
384 1796 466 1827 nihil
489 1795 577 1827 aliud
610 1794 810 1827 intellexisse
839 1794 1118 1835 'l‘hcophylactum
1151 1795 1207 1833 ait,
1225 1795 1290 1826 nisi
1307 1794 1473 1835 quamdam
1501 1796 1634 1827 virtutis
1669 1802 1778 1827 trans-

115 1846 342 1877 mutationem.

159 1895 253 1925 Hanc
278 1902 374 1925 unam
393 1893 432 1924 alt
448 1901 487 1925 eo
502 1893 612 1925 doceri
638 1888 807 1924 contendit
833 1893 1029 1924 Edmundus
1048 1893 1238 1925 Albertinus
1273 1894 1319 1924 De
1340 1893 1554 1925 Eucharistia:
1568 1898 1779 1929 sacramento.

114 1942 383 1983 suffragiumque
406 1941 471 1981 peti
502 1951 597 1982 posse
613 1942 782 1973 contendit
807 1950 848 1973 ex
864 1943 1099 1980 commentario
1114 1943 1147 1974 in
1164 1945 1262 1982 caput
1278 1951 1333 1974 xxv
1350 1942 1463 1980 Marci,
1483 1952 1511 1973 v.
1528 1943 1568 1972 22
1588 1954 1594 1973 ;
1615 1954 1629 1971 α
1648 1943 1718 1974 [Ioc
1735 1949 1782 1974 est

114 2000 242 2031 corpus
255 2000 365 2022 meum.
386 1991 461 2027 Hoc,
478 1992 626 2031 inquam,
644 1991 733 2031 quod
751 1990 893 2022 sumitis.
910 1990 983 2022 Non
999 1991 1082 2021 enim
1114 1991 1220 2030 ﬁgura
1253 1995 1282 2022 et
1298 1991 1463 2031 exemplar
1484 1990 1641 2032 quoddam
1668 1991 1781 2023 Domi-

114 2041 191 2072 nici
210 2040 358 2080 corporis
371 2041 467 2088 panis
488 2044 547 2077 est,
564 2041 620 2071 sed
635 2041 668 2070 in
682 2039 765 2071 illud
781 2040 885 2079 ipsum
903 2039 1102 2070 convertitur
1122 2048 1239 2079 corpus
1250 2040 1384 2072 Christi.
1401 2040 1563 2071 Dominus
1579 2040 1667 2072 enim
1682 2040 1780 2072 dicit:

113 2090 222 2124 Panis
241 2097 331 2130 quem
346 2098 401 2129 ego
415 2088 507 2125 dabo,
524 2098 599 2120 caro
619 2099 685 2119 mea
704 2093 761 2120 est.
778 2090 847 2120 Non
861 2087 958 2125 dixit,
975 2088 1096 2128 Figura
1120 2092 1168 2119 est
1190 2090 1298 2120 carnis
1317 2098 1408 2127 meas,
1425 2090 1495 2128 sed,
1516 2090 1599 2121 Caro
1619 2100 1689 2122 mea
1722 2097 1780 2123 est.

104 2141 157 2182 ‘Et
176 2140 320 2171 iterum:
338 2139 410 2171 Nisi
425 2138 554 2170 ederitis
578 2148 705 2170 carnem
720 2139 803 2170 Filii
821 2137 971 2170 hominis.
997 2137 1034 2167 Et
1050 2136 1229 2177 quomodo,
1251 2137 1375 2178 inquis,
1404 2148 1479 2170 caro
1494 2148 1560 2170 non
1577 2139 1731 2171 videtur?
1753 2141 1781 2172 Ο

114 2189 235 2225 homo,
254 2191 384 2228 propter
399 2190 541 2219 nostram
572 2187 788 2218 inﬁrmitatem
806 2186 894 2218 istud
924 2186 969 2217 ﬁt.
984 2186 1066 2224 Quia
1095 2187 1191 2221 enim,
1206 2188 1299 2228 panis
1315 2188 1450 2228 quidem
1478 2192 1509 2220 et
1533 2190 1647 2221 vinum
1663 2198 1703 2221 ex
1731 2190 1781 2222 his

113 2241 214 2274 sunt,
229 2237 322 2276 [LVI]
339 2236 459 2277 quibus
488 2236 708 2273 assuevimus,
732 2244 768 2267 ea
791 2243 856 2266 non
877 2233 1102 2267 abhorremus.
1122 2236 1316 2276 Sanguinem
1329 2245 1406 2268 vero
1418 2238 1591 2278 proprium
1608 2242 1638 2269 et
1654 2248 1781 2270 carnem

112 2287 287 2323 videntes,
318 2295 382 2318 non
399 2285 569 2322 ferremus,
594 2286 651 2316 sed
673 2285 936 2317 abhorreremus.
954 2285 1077 2316 Idcirco
1110 2285 1293 2317 misericors
1328 2288 1568 2325 Deus,‘nostraa
1598 2288 1779 2320 inﬁrmitati

113 2335 404 2372 condescendens,
421 2334 554 2374 speciem
569 2334 694 2375 quidem
706 2335 802 2374 panis
820 2339 849 2364 et
864 2334 931 2365 vini
949 2339 1056 2365 servat
1077 2345 1086 2365 :
1102 2335 1138 2366 in
1152 2335 1304 2366 virtutem
1319 2340 1424 2366 autem
1440 2337 1548 2368 carnis
1560 2341 1589 2367 et
1611 2339 1781 2377 sanguinis

111 2383 396 2421 transelementat,
425 2389 637 2424 μεταστοιχειοῖ.
655 2395 670 2411 ι
688 2384 781 2420 Ecce,
802 2383 970 2422 inquiunt,
1003 2383 1259 2423 transformatio,
1280 2385 1458 2421 conversio,
1476 2386 1780 2420 transelementatio.

113 2442 225 2474 quam
239 2432 502 2473 Theophylactus
527 2434 631 2469 docet,
651 2433 685 2463 in
700 2432 851 2463 virtutem
876 2440 909 2463 se

991 2435 1000 2462 t
1028 2432 1137 2462 carnis
1163 2437 1192 2463 et
1223 2433 1403 2472 sanguinis,
1421 2434 1461 2466 εις
1482 2433 1600 2470 δύναμιν
1616 2435 1720 2470 σαρκὸς
1734 2437 1781 2463 καὶ

112 2482 257 2518 αἳματος.
275 2482 364 2512 Hanc
379 2482 475 2513 etiam
489 2482 660 2521 amplexus
676 2483 726 2512 est
738 2480 1035 2519 interpretationem
1046 2480 1187 2511 Joannes
1208 2480 1364 2512 Claudius
1382 2481 1414 2512 in
1436 2481 1505 2513 suis
1525 2482 1563 2512 ad
1576 2482 1782 2523 Perpetuila-

111 2535 181 2562 tem
193 2529 274 2570 fidei
290 2529 438 2561 Ecclesia:
457 2529 741 2570 respons’ionibus.

160 2580 392 2616 Levissimam,
412 2588 447 2611 ac
474 2579 614 2615 futilem,
633 2582 663 2610 et
694 2578 840 2619 iniquam
876 2579 1174 2619 interpretationem
1193 2582 1395 2622 amplissimo
1414 2583 1530 2614 refellit
1547 2592 1698 2617 Sermone
1721 2588 1781 2616 Ar—

114 2630 247 2662 naldus
259 2630 370 2660 lomo!
387 2629 432 2659 De
447 2629 477 2660 Ia
488 2628 669 2669 perpe'tuité
693 2627 730 2658 de
747 2628 778 2658 la
793 2628 853 2659 Foi
867 2627 904 2658 de
921 2627 1064 2668 l’Egtise,
1094 2629 1176 2661 libro
1193 2640 1227 2666 ιι,
1245 2631 1349 2671 capite
1371 2633 1405 2670 2,
1424 2636 1454 2663 et
1475 2637 1564 2664 tomo
1580 2634 1618 2671 II,
1638 2634 1720 2666 libro
1738 2646 1781 2672 iv,

113 2678 234 2719 capite
251 2677 281 2708 5.
299 2678 432 2708 Fuerint
447 2678 612 2708 enimvero
629 2680 789 2716 postrema
809 2675 863 2707 illa
882 2676 1117 2717 Theophylacti
1142 2678 1240 2710 verba
1269 2679 1302 2710 in
1323 2681 1465 2711 Marcum
1488 2689 1553 2713 non
1582 2682 1627 2713 ita
1652 2682 1736 2715 clara
1752 2689 1782 2714 et

113 2725 374 2767 quodammodo
388 2725 560 2765 ambigua;
576 2734 720 2765 qumnam
737 2724 872 2763 asquitas
900 2723 959 2762 es't,
978 2730 1095 2757 rectam
1112 2736 1224 2758 eorum
1258 2728 1512 2768 intelligentiam
1525 2738 1564 2761 ex
1583 2730 1624 2762 iis
1641 2740 1705 2763 non
1723 2741 1780 2763 ex-

114 2774 276 2814 culpere,
294 2782 368 2813 quas
397 2773 517 2804 ibidem
549 2778 579 2805 et
596 2774 672 2804 alibi
701 2774 885 2805 clarissima
908 2782 945 2805 ac
975 2774 1193 2807 disertissima
1218 2776 1391 2813 habentur,
1409 2779 1467 2809 sed
1489 2779 1557 2811 haec
1579 2780 1780 2820 amplissima

115 2824 228 2855 unius
249 2822 348 2855 vocis,
364 2822 395 2851 id
412 2827 457 2852 est
478 2823 617 2859 virtutis,
635 2822 857 2861 ambiguitate,
876 2822 904 2853 si
922 2831 983 2863 qua
997 2827 1103 2855 tamen
1120 2828 1180 2862 est,
1194 2825 1356 2857 infuscare
1368 2828 1382 2856 ‘t
1396 2826 1427 2858 Si
1461 2830 1526 2859 tota
1542 2830 1779 2860 transmutatio.

114 2882 197 2914 qum
217 2872 254 2902 in
274 2870 471 2901 Eucliaristia
490 2872 623 2901 traditur
642 2879 658 2901 a
675 2871 932 2911 'l‘heophylacto,
951 2880 987 2902 ea
1003 2873 1045 2903 sit
1064 2873 1221 2905 duntaxat
1251 2877 1478 2906 transmutatio
1506 2877 1652 2914 virtutis,
1668 2881 1723 2909 aut
1748 2880 1780 2908 in

114 2922 281 2952 virtutem
295 2919 442 2957 corporis
462 2922 490 2948 cl
506 2919 673 2957 sanguinis
692 2918 833 2957 Christi;
852 2920 882 2950 id
905 2919 988 2950 nihil
1005 2920 1091 2951 aliud
1109 2921 1171 2953 erit
1188 2931 1284 2961 quam
1304 2923 1379 2963 pani
1393 2928 1424 2955 et
1437 2924 1514 2956 vino
1532 2927 1730 2958 consecratis
1752 2933 1782 2957 (εί

115 2969 314 3002 benedictis
333 2967 481 2997 tributam
497 2977 513 2998 a
532 2969 599 2998 Deo
619 2968 718 2999 fuisse
739 2968 890 2999 virtutem
907 2969 1054 3009 corporis
1072 2973 1101 3000 et
1114 2970 1286 3009 sanguinis
1307 2972 1450 3010 Domini,
1473 2981 1531 3004 seu
1547 2974 1698 3005 virtutem
1716 2983 1779 3006 nu-

116 3017 251 3050 triendi
268 3019 300 3048 et
322 3016 503 3046 viviﬁi-anili
525 3025 580 3055 per
596 3017 732 3056 gratiam
749 3017 951 3057 spiritualem
968 3017 1111 3049 ﬁdelium
1135 3018 1274 3050 animas.
1290 3021 1359 3051 Erit
1376 3030 1453 3060 ergo
1471 3022 1710 3054 eucharisticus
1729 3033 1783 3064 pu~

119 3068 186 3105 ni<,
208 3070 243 3096 at
264 3065 377 3096 vinum
395 3064 643 3096 CUI'IIﬂI‘ISIIIflllll
657 3066 792 3105 simplex
812 3066 926 3105 ﬁgura,
947 3066 1096 3097 virtutem
1116 3066 1237 3099 habens
1255 3070 1399 3107 corporis
1415 3074 1444 3102 et
1463 3071 1634 3111 sanguinis
1653 3071 1779 3105 Christ.
