4034 6588
569 422 676 489 115
1421 416 1646 478 BERN.
1692 414 1961 478 MARIB
2001 417 2100 478 DE
2137 413 2423 476 RUBEIS
2465 410 2974 473 DISSERTATIO
3731 403 3834 469 115

566 553 695 601 non
717 535 929 616 ipsum
954 533 1293 597 continens
1317 530 1572 596 Domini
1604 545 1838 613 corpus
1863 538 1926 594 et
1945 529 2350 609 sanguinem.
2377 526 2507 590 Cur
2532 542 2688 605 ergo
2721 532 2844 587 tam
2876 521 3154 587 sollicite
3189 521 3502 603 Bulgarns
3531 520 3830 585 animati-

570 634 754 697 vertit
821 648 950 694 non
1003 631 1247 693 dixisse
1301 629 1691 699 Dominum,
1759 629 1897 692 Hoc
1960 637 2056 689 est
2129 626 2355 706 ﬁgura,
2416 627 2554 697 sed.
2632 624 2772 686 Hoc
2855 633 2944 684 est
3001 640 3230 702 corpus
3310 639 3515 684 meum
3573 629 3640 682 et
3687 638 3832 682 caro

568 732 748 792 mea?
786 729 916 793 Cur
955 733 1215 809 urgeat,
1257 743 1478 806 panem
1532 728 1818 788 conuerti
1869 726 1937 788 in
1975 724 2181 804 ipsum
2225 740 2457 802 corpus
2505 720 2788 793 Christi,
2835 730 2890 781 et
2943 718 3396 800 transformari
3454 719 3526 780 in
3582 734 3833 778 carnem

571 827 844 888 Domini.

647 923 796 986 ﬂeo
827 920 1102 985 audiens
1128 919 1422 983 turbatur
1443 917 1605 983 ratio
1627 935 1702 982 ac
1730 933 1964 983 sensus
1988 915 2344 981 hominum.
2378 919 2621 980 Verum
2648 935 2722 977 ne
2742 915 3060 982 turbetur.
3087 933 3199 977 cur
3229 913 3313 975 ad
3349 929 3588 975 arcana
3615 911 3832 982 verba,

567 1018 643 1080 ad
669 1016 1110 1082 accessionem
1143 1015 1425 1096 Spiritus
1452 1013 1677 1089 sancti,
1699 1012 1782 1075 ad
1809 1011 2188 1094 inamabilem
2217 1015 2671 1093 operationem,
2697 1030 2843 1092 qum
2874 1020 3279 1084 transmutat,
3314 1019 3374 1073 et
3397 1010 3832 1091 trans/armet,

569 1123 629 1175 st
664 1113 1192 1189 transelementet,
1225 1110 1730 1193 confugiendum
1762 1109 2021 1174 fuerat?
2056 1110 2185 1174 Cur
2207 1113 2431 1176 eadem
2466 1113 2941 1186 transmutatio,
2975 1110 3193 1190 aliquo
3223 1118 3291 1176 ut
3325 1111 3521 1172 modo
3551 1107 3838 1190 possibi-

573 1209 653 1272 lis
681 1211 815 1272 Deo
846 1208 1262 1289 intelligatur,
1316 1206 1674 1287 comparari
1715 1206 2016 1270 debuerit
2044 1223 2191 1270 cum
2222 1227 2390 1291 pane
2419 1210 2530 1272 illo
2561 1210 2670 1288 qui
2710 1229 2749 1269 a
2778 1208 3040 1270 Domino
3088 1205 3452 1269 ambulante
3482 1205 3840 1268 manduca-

568 1304 780 1380 liatur,
814 1313 877 1368 et
931 1305 1076 1386 ejus
1125 1306 1188 1367 in
1233 1320 1468 1383 corpus
1526 1302 1913 1376 mutabatur,
1965 1302 2282 1384 ﬂebatqne
2344 1304 2579 1369 similis
2622 1322 2738 1387 per
2794 1305 3285 1368 conversionem
3337 1299 3836 1365 substantialem

571 1401 866 1484 ejusdem
890 1403 1108 1467 carni?

645 1500 767 1564 Sed
801 1498 1013 1562 adhuc
1039 1498 1312 1561 humana
1339 1499 1499 1560 ratio
1529 1506 1594 1561 et
1626 1497 1958 1560 hominum
1994 1514 2229 1562 sensus
2258 1500 2507 1564 resistit
2541 1523 2555 1563 :
2580 1499 2727 1564 Non
2754 1511 3026 1580 apparet
3053 1498 3237 1561 nobis
3286 1515 3464 1568 caro,
3497 1495 3836 1575 inquiens.

575 1596 687 1660 sed
709 1598 920 1677 panis.
953 1598 1016 1660 Si
1051 1605 1373 1661 remaneat
1399 1597 1759 1660 substantia
1795 1596 2004 1676 panis,
2035 1604 2098 1660 et
2133 1613 2324 1660 unam
2356 1595 2581 1660 subeat
2609 1596 3017 1657 mutationem
3047 1591 3459 1671 virtutis..ch
3496 1608 3529 1656 a
3567 1593 3708 1655 Deo
3731 1590 3841 1654 ob-

570 1680 768 1756 tineat
801 1694 1102 1756 virtutem
1132 1693 1494 1756 viviﬁcandi
1530 1692 1801 1768 animas,
1836 1709 2031 1774 quam
2066 1693 2253 1774 panis
2277 1693 2549 1774 ejusque
2578 1692 2940 1754 substantia
2977 1709 3090 1771 per
3113 1708 3258 1754 sese
3292 1707 3423 1753 non
3468 1689 3693 1760 habet,
3729 1705 3844 1751 cur

567 1788 1207 1852 animadvertendum
1254 1788 1464 1855 fuerat
1521 1805 1640 1858 nos
1679 1790 1871 1853 edere
1901 1806 1971 1852 ac
1994 1798 2210 1868 potare
2239 1791 2306 1852 in
2338 1788 2739 1853 Eucharistia
2771 1803 3005 1867 corpus
3035 1801 3097 1850 et
3130 1787 3521 1867 sanguinem
3569 1785 3840 1859 Christi,

569 1900 699 1948 non
725 1900 950 1948 eorum
973 1884 1558 1966 duntaxatliguram
1589 1885 1892 1949 sumere?
1921 1887 2282 1952 Abhorrere
2314 1903 2430 1950 nos
2456 1885 2683 1966 utique
2715 1903 2750 1948 a
2780 1883 2997 1948 crudm
3027 1884 3242 1946 carnis
3284 1884 3589 1946 humanas
3630 1899 3845 1947 come-

568 1980 804 2052 stione,
832 1996 905 2043 ac
942 1988 1094 2061 potu
1130 1982 1471 2062 sanguinis
1497 1983 1796 2046 humani:
1823 1983 1940 2046 sed
1969 1991 2205 2047 nostras
2229 1982 2566 2062 indulgere
2590 1981 2911 2044 inﬁmitati
2945 1982 3149 2042 Deum
3176 1980 3491 2042 voluisse.
3521 1981 3610 2042 Ita
3647 1993 3844 2060 porro

568 2092 824 2140 carnem
867 2084 930 2137 et
961 2077 1343 2157 sanguinem
1371 2096 1561 2141 suum
1589 2096 1840 2159 parasse
1876 2080 2064 2143 nobis
2088 2080 2304 2144 cibum
2328 2087 2399 2168 et
2432 2088 2680 2158 potum,
2713 2085 2783 2142 ut
2807 2077 2956 2159 pani
2998 2094 3070 2139 ac
3100 2077 3278 2151 vino,
3315 2078 3557 2157 quibus
3591 2075 3841 2139 assueti

570 2183 1238 2251 sumus,-apparerent
1262 2175 1551 2255 similia?
1587 2177 1898 2256 Adeoque
1924 2193 2154 2256 panem
2192 2177 2457 2262 quidem
2512 2174 2698 2236 nobis
2734 2190 3044 2252 apparere
3069 2183 3130 2234 et
3163 2174 3412 2246 viuum,
3457 2174 3574 2235 sed
3617 2188 3845 2233 revera

569 2283 819 2329 carnem
846 2285 976 2329 esse
1013 2278 1073 2330 et
1091 2271 1458 2348 sanguinem
1481 2272 1511 2331 ἵ
1549 2270 1864 2334 Videlicet
1895 2273 2158 2336 demum
2185 2264 2450 2353 speciem
2469 2273 2661 2351 panis
2688 2278 2744 2330 et
2766 2270 2901 2331 vini
2925 2287 3230 2343 servasse,
3264 2277 3326 2331 at
3358 2285 3599 2349 panem
3623 2268 3839 2347 ipsum

569 2370 632 2423 et
663 2362 882 2425 vinum
913 2364 978 2426 in
1019 2381 1273 2428 carnem
1307 2374 1366 2428 et
1393 2366 1772 2452 sanguinem
1817 2373 2321 2432 transmutasse?

647 2460 812 2533 Quid
841 2468 963 2537 est,
1017 2462 1190 2540 quod
1231 2461 1500 2542 objicias
1534 2463 1778 2525 dictum
1824 2479 1856 2524 a
1890 2463 2396 2546 Theophylacto,
2438 2466 2664 2529 factam
2724 2464 3474 2528 transelementationem
3525 2463 3738 2526 fuisse
3779 2466 3842 2525 in

567 2554 866 2617 virtutem
896 2559 1186 2637 corporis
1211 2567 1267 2619 et
1297 2560 1627 2639 sanguinis
1657 2560 1956 2622 Domini?
1995 2561 2062 2621 ld
2099 2563 2323 2643 utique
2358 2564 2423 2625 in
2455 2563 2575 2628 hoc
2607 2564 2684 2626 ad
2717 2571 3008 2626 sanctum
3034 2564 3318 2624 Marcum
3344 2562 3483 2624 loco
3515 2561 3606 2623 ait
3632 2561 3847 2623 Theo-

570 2651 932 2732 phylactus,
971 2656 1144 2734 quod
1187 2656 1263 2717 ad
1289 2667 1579 2719 sanctum
1610 2657 1977 2720 Matthmum
2011 2667 2072 2719 et
2099 2660 2412 2723 Joannem
2447 2661 2654 2735 docet,
2681 2676 2908 2738 panem
2956 2655 3204 2738 quidem
3258 2656 3439 2718 nobis
3480 2673 3831 2736 apparere.

567 2750 682 2813 sed
713 2766 932 2811 revera
960 2766 1214 2812 carnem
1235 2770 1362 2811 esse
1390 2772 1412 2812 :
1449 2760 1507 2812 et
1539 2753 1989 2832 transformari
2015 2758 2269 2818 arcanis
2300 2755 2504 2818 verbis
2552 2774 2776 2835 panem
2809 2755 3013 2828 illum,
3049 2755 3297 2816 etiamsi
3326 2753 3510 2815 nobis
3541 2754 3845 2814 videatur

560 2849 778 2927 panis,
810 2849 880 2910 in
911 2867 1158 2910 carnem
1189 2849 1443 2912 Domini
1470 2872 1490 2911 :
1520 2859 1578 2913 et
1609 2868 1833 2929 panem
1890 2853 1958 2913 in
2014 2870 2263 2914 carnem
2310 2851 2564 2912 Domini
2594 2851 2853 2918 mutari,
2886 2851 3033 2911 licet
3081 2847 3230 2911 talis
3288 2848 3471 2910 nobis
3530 2858 3845 2928 appareat

567 2945 872 3022 mysticus
904 2944 1102 3019 cibus,
1133 2944 1423 3025 qualibus
1478 2945 1719 3026 alioqui
1750 2949 1984 3010 assueti
2031 2967 2266 3012 sumus.
2301 2951 2456 3011 Rem
2492 2948 2656 3011 hanc
2694 2945 2990 3028 patefacit
3043 2948 3109 3010 in
3145 2947 3374 3010 eodem
3430 2946 3507 3008 ad
3551 2956 3844 3008 sanctum

571 3040 854 3102 Marcum
888 3039 1027 3102 loco
1086 3049 1447 3104 contextus.
1485 3042 1652 3104 Dicit
1684 3043 1857 3104 enim
1890 3043 2415 3124 archiepiscopus
2452 3063 2674 3124 panem
2716 3063 2844 3104 non
2876 3064 3002 3106 esse
3057 3045 3326 3126 ﬁguram
3398 3053 3455 3106 et
3513 3043 3848 3124 exemplar

569 3134 880 3218 quoddam
920 3137 1238 3199 Dominici
1290 3139 1603 3217 corporis,
1635 3140 1770 3210 sed,
1804 3141 1876 3201 in
1903 3140 2108 3220 ipsum
2141 3142 2420 3202 conuerti
2457 3159 2687 3220 corpus
2720 3139 2986 3204 Christi.
3023 3141 3218 3203 Addit
3247 3141 3386 3217 ille,
3418 3159 3675 3202 carnem
3705 3142 3849 3221 gui-

570 3232 707 3294 dem
734 3249 861 3292 non
897 3233 1122 3304 videri,
1166 3234 1278 3294 sed
1311 3245 1582 3312 propter
1609 3245 1891 3296 nostram
1919 3235 2347 3315 inﬁrmitatem
2376 3237 2550 3298 istud
2581 3237 2739 3309 fieri,
2773 3239 3080 3317 quoniam
3113 3235 3192 3300 ab
3232 3254 3350 3299 esu
3382 3238 3599 3300 carnis
3633 3237 3847 3300 homi-

571 3329 674 3390 nis
700 3337 761 3391 et
787 3329 1124 3408 sangu'nis
1163 3338 1309 3407 potu
1339 3330 1786 3392 abhorremus.
1827 3333 2123 3410 Denique
2153 3332 2511 3407 concludit,
2546 3336 2816 3414 speciem
2849 3337 3033 3415 panis
3066 3344 3125 3396 et
3153 3334 3290 3395 vini
3320 3335 3589 3408 servari,
3616 3336 3729 3397 sed
3773 3336 3844 3396 in

570 3427 870 3486 virtutem
903 3427 1113 3486 car-nis
1141 3435 1193 3484 et
1223 3428 1547 3503 sanguinis
1569 3429 2110 3491 transelementari
2129 3447 2352 3510 panem
2383 3440 2440 3490 et
2470 3433 2702 3492 vinum.
2735 3431 2897 3505 Quis
2929 3431 3092 3493 hanc
3122 3433 3420 3493 virtutem
3445 3431 3847 3495 intellexerit

570 3522 828 3583 veritati
857 3523 1213 3602 appositam
1241 3524 1268 3581 ’ἶ

648 3619 786 3680 1ωο
819 3620 1084 3699 speciem
1105 3620 1290 3697 panis
1327 3628 1382 3680 et
1415 3621 1571 3693 vini,
1607 3623 1860 3699 reponit
1890 3620 2292 3697 Albertinus,
2318 3627 2386 3687 in
2413 3624 2934 3686 virtutemcarnis
2965 3633 3020 3686 et
3045 3627 3402 3705 sanguinis,
3418 3625 3605 3706 juxta
3636 3626 3845 3690 Theo-

574 3712 967 3794 phylactnm,
1010 3713 1558 3778 transelementari
1589 3738 1608 3778 :
1639 3735 1785 3796 quin
1819 3734 1944 3780 non
1979 3717 2104 3780 alia
2137 3725 2256 3792 est,
2291 3719 2414 3780 nisi
2454 3721 2736 3793 virtutis,
2781 3729 2896 3782 aut-
2917 3722 2984 3783 in
3017 3722 3316 3782 virtutem
3354 3725 3842 3784 transmutatio.

571 3814 707 3875 lmo
738 3813 817 3899 de
847 3812 1182 3874 subtantite
1250 3814 1437 3892 panis
1508 3822 1570 3877 et
1626 3815 1756 3877 vini
1820 3811 2470 3877 transelementatione
2527 3817 2960 3880 disertissime
3000 3835 3190 3899 agere
3251 3819 3845 3900 Theophylactum,

570 3907 803 3990 inquio
866 3926 1027 3990 ego,
1091 3912 1495 3974 consentient
1587 3912 1738 3973 boni
1797 3928 2034 3974 sensus
2093 3911 2306 3990 [LVII]
2394 3927 2645 3975 omnes.
2734 3913 3227 3993 Archiepisc0pi
3300 3932 3610 3996 namque,
3691 3933 3845 3978 sana

569 4015 783 4068 mente
814 4007 870 4067 si
907 4005 1092 4068 verba
1126 4007 1264 4087 ejus
1301 4010 1770 4088 expendantur,
1813 4007 2135 4070 sententia
2189 4015 2286 4070 est
2318 4031 2331 4070 :
2370 4009 2618 4086 Panem,
2655 4028 2830 4091 quem
2889 4011 3198 4071 Dominus
3235 4010 3507 4073 daturus
3562 4020 3678 4085 est,
3716 4030 3849 4072 non

572 4120 697 4162 csse
725 4102 994 4181 ﬁguram
1019 4105 1230 4164 carnis
1270 4107 1427 4187 ejus,
1451 4105 1558 4166 sed
1588 4109 1719 4186 ejus
1752 4123 1962 4166 veram
1998 4123 2278 4174 carnem;
2311 4123 2558 4167 carnem
2602 4106 2850 4186 quidem
2904 4124 3033 4167 non
3072 4105 3304 4179 videri,
3329 4108 3629 4187 quoniam
3663 4108 3848 4184 inﬁr-

570 4201 779 4262 mitati
810 4209 1064 4273 nostra,
1099 4221 1234 4262 cum
1257 4203 1332 4264 ab
1363 4222 1471 4264 esu
1502 4202 1712 4264 crudce
1735 4203 1947 4264 carnis
1975 4211 2032 4264 et
2055 4203 2382 4283 sanguinis
2414 4205 2666 4265 humani
2689 4214 2880 4281 potus
2913 4204 3386 4275 abhorreamus,
3424 4203 3764 4282 indulgens
3790 4215 3849 4265 et

570 4295 1067 4360 condescendens
1099 4299 1424 4374 Dominus,
1469 4305 1737 4380 speciem
1757 4298 2006 4380 quidem
2036 4302 2221 4380 panis
2243 4312 2310 4363 .et
2351 4301 2486 4361 vini
2522 4309 2754 4374 servat,
2787 4301 2896 4362 sed
2928 4302 2993 4361 in
3020 4302 3324 4362 virtutem
3355 4301 3571 4361 carnis
3602 4310 3660 4363 et
3689 4320 3846 4362 san-

567 4397 780 4472 guinis
811 4415 1036 4477 panem
1074 4399 1282 4476 ipsum
1327 4408 1384 4459 et
1443 4400 1656 4460 vinum
1695 4398 2227 4460 transelementat.
2263 4397 2546 4459 Dubium
2599 4397 2774 4459 enim
2821 4397 3222 4470 movebatur,
3284 4405 3630 4476 prapterea
3664 4401 3846 4478 quod

569 4510 714 4556 caro
747 4511 877 4558 non
915 4496 1268 4572 videretur,
1301 4506 1364 4559 et
1423 4498 1605 4576 panis
1652 4497 2021 4577 apparebat.
2070 4495 2238 4557 Hinc
2284 4509 2437 4554 vero
2490 4492 2736 4555 solutio
2775 4516 2788 4554 :
2822 4510 3078 4556 carnem
3140 4509 3273 4557 non
3322 4494 3560 4570 videri,
3601 4497 3668 4557 in
3703 4512 3849 4558 eam

575 4592 1008 4656 nihilominus
1040 4611 1267 4673 panem
1304 4595 1893 4669 transelementari,
1932 4601 2177 4655 servata
2211 4592 2431 4668 specie
2463 4590 2674 4666 panis.

650 4694 779 4755 Cur
806 4710 984 4772 ergo,
1049 4705 1373 4774 reponunt
1422 4695 1827 4767 heterodoxi,
1865 4711 2111 4767 vocem,
2144 4692 2425 4764 virtutis,
2469 4689 2765 4752 adhibeat
2835 4693 2898 4753 in
2933 4691 3163 4754 eodem
3204 4693 3282 4754 ad
3319 4694 3610 4756 Marcum
3665 4712 3850 4757 com-

572 4789 947 4852 mentario?
977 4791 1291 4853 Nimirum
1338 4798 1406 4852 ut
1435 4791 1658 4856 doceat
1697 4791 1858 4854 hanc
1918 4791 2057 4854 ﬁeri
2090 4788 2829 4870 transelementationem,
2893 4797 2956 4850 et
3011 4791 3661 4871 trans/ormationem,
3722 4809 3850 4856 seu

575 4888 1165 4948 transmutationem
1198 4889 1262 4950 in
1298 4904 1533 4966 corpus
1574 4887 1830 4962 Christi,
1886 4888 2124 4949 virtute
2165 4885 2425 4966 plenum
2453 4931 2470 4960 ,
2509 4895 2569 4948 et
2607 4903 2724 4949 nos
2782 4887 3138 4950 viviﬁcans.
3218 4891 3374 4951 Rem
3434 4889 3600 4952 hanc
3661 4892 3851 4954 lucu-

571 4983 936 5047 lentissime
992 4985 1303 5046 exclamat
1335 4985 1401 5047 in
1434 4991 1623 5063 caput
1672 5003 1733 5045 vr
1784 4984 2052 5048 Joannis
2088 5001 2103 5041 :
2146 5004 2176 5039 «
2212 4985 2394 5046 Nunc
2426 4991 2640 5046 autem
2675 4983 3240 5046 condescendente
3274 4986 3554 5048 Domino
3607 5000 3852 5053 nostra;

572 5081 950 5153 inﬁrmitati,
993 5082 1138 5144 talis
1175 5091 1440 5160 apparet
1501 5082 1813 5162 mysticus
1852 5080 2060 5153 cibus,
2108 5080 2411 5160 qualibus
2438 5079 2584 5142 aliot
2631 5080 2681 5140 ii
2717 5079 2960 5140 assueti
3000 5096 3256 5141 sumus.
3305 5077 3436 5140 Pro
3477 5082 3702 5144 mundi
3727 5103 3854 5144 au-

575 5188 690 5237 tem
721 5179 852 5239 vita
890 5195 1136 5240 carnem
1166 5197 1342 5241 suam
1377 5189 1431 5240 et
1485 5189 1742 5242 mortem
1783 5177 2128 5241 dedit.sEt-
2153 5177 2319 5240 infra
2361 5199 2377 5239 :
2435 5199 2462 5234 ι
2495 5177 2699 5239 ,Ιυᾱεθί
2749 5193 2898 5238 cum
2936 5177 3275 5238 audissent
3335 5177 3410 5238 de
3468 5195 3577 5238 esu
3627 5183 3850 5244 carnis

577 5272 778 5346 illius,
807 5275 1230 5338 discedunt...
1257 5276 1403 5354 Ipse
1451 5277 1676 5340 volens
1709 5276 1829 5340 hoc
1871 5276 2242 5350 ostendere,
2275 5272 2441 5355 quod
2463 5293 2589 5335 non
2607 5275 2689 5336 sit
2753 5273 3161 5352 impossibile,
3203 5275 3315 5336 sed
3390 5276 3589 5339 etiam
3657 5278 3850 5343 valde

578 5371 1042 5444 necessarium,
1083 5373 1216 5434 ait:
1265 5373 1410 5436 Non
1425 5381 1634 5452 potest
1653 5373 1843 5434 aliter
1873 5372 2094 5436 haberi
2127 5375 2280 5447 cita,
2312 5374 2440 5435 nisi
2467 5391 2662 5432 meam
2726 5388 2973 5431 carnem
3003 5370 3416 5433 comedetis...
3467 5373 3611 5435 Non
3672 5376 3850 5438 enim

577 5465 729 5528 nudi
747 5466 1017 5530 hominis
1052 5485 1198 5533 caro
1227 5475 1347 5542 est,
1381 5485 1528 5551 qua)
1566 5471 1987 5533 manducatur
2027 5492 2043 5530 :
2112 5471 2227 5531 sed
2263 5469 2402 5543 Dei,
2433 5479 2495 5532 et
2554 5487 2688 5550 qua
2719 5469 3006 5547 deiﬁcare
3035 5469 3226 5541 valet,
3278 5478 3509 5544 utpote
3541 5479 3848 5536 contem-

581 5575 791 5640 perata
819 5565 1119 5630 deitati...
1151 5566 1390 5630 lterum
1416 5567 1576 5630 nudi
1603 5567 1874 5630 hominis
1902 5583 2049 5631 caro
2080 5563 2243 5629 nihil
2279 5566 2586 5646 prodesse
2633 5572 2842 5645 potest
2883 5584 2897 5622 :
2938 5567 3048 5628 sed
3081 5567 3235 5645 quia
3261 5569 3432 5629 Deus
3469 5565 3688 5631 univit
3715 5569 3850 5634 sibi

579 5677 833 5725 rarnem
868 5663 1224 5726 secundum
1259 5663 1653 5727 ineﬂabilem
1697 5663 2378 5742 contemperationem,
2407 5666 2656 5730 viviﬁca
2691 5673 2786 5727 est
2815 5682 2981 5728 caro.
3023 5691 3051 5724 ››

657 5760 933 5822 Sensum
963 5761 1266 5835 exprimit
1298 5760 1695 5839 ipsissimum
1735 5759 2125 5840 Euthymius
2157 5763 2225 5824 in
2259 5765 2625 5827 Matthmnm
2659 5786 2672 5825 :
2707 5762 3231 5839 Quemadmodum
3249 5767 3855 5845 supernaturaliter

577 5866 958 5935 assumptum
990 5873 1236 5917 carnem
1268 5855 1578 5937 deiﬁcavit
1611 5876 1629 5915 :
1664 5869 1720 5919 et
1752 5858 1875 5918 hac
1902 5857 2154 5937 (panem
2195 5869 2254 5923 et
2298 5860 2542 5940 vinum)
2604 5869 2979 5924 transmutat
3005 5864 3071 5925 in
3112 5861 3316 5940 ipsum
3344 5863 3664 5944 sicilicum
3697 5883 3850 5932 cor-
