4034 6658
247 628 344 701 111
1097 629 1197 691 DE
1236 626 1778 690 THEOPHYACTI
1819 624 2093 687 oes'ns
2126 624 2224 685 ET
2265 622 2638 686 SCRIPTIS.
3446 595 3581 689 113‘-

240 760 381 825 pus,
413 752 471 815 et
504 744 571 809 in
601 746 810 825 ipsum
838 744 1191 823 pretiosum
1219 741 1615 822 sanguinem,
1696 746 1754 801 et
1794 739 1865 801 in
1922 734 2195 815 gratiam
2226 735 2539 815 ipsorum.
2572 735 2791 813 Nugas
2870 731 3127 813 aliquot
3184 730 3345 795 alias
3433 750 3550 811 op-

243 842 424 919 ponit
495 840 965 923 nugacissimas
1020 841 1311 903 Joannes
1398 836 1737 910 Claudius,
1778 851 1941 915 quas
1967 832 2229 915 egregie
2263 832 2504 896 refellit
2558 829 2881 894 Arnaldus
2920 831 3190 904 tomoII,
3227 828 3395 895 libro
3464 850 3575 893 in.

244 940 453 1017 capite
483 941 543 1005 5.

1751 1117 1986 1184 .XXIV.

238 1279 813 1361 OEeolampadium
849 1294 1110 1350 accusat
1183 1284 1564 1346 Possevinus
1588 1280 1677 1347 ‘de
1706 1278 2407 1361 locisdepravati{.:ubi
2426 1277 2774 1361 primatum
2805 1275 3015 1337 sancti
3044 1272 3225 1361 l’etri
3255 1268 3557 1361 tradebat

338 1350 877 1446 Iheap'hylactus.
930 1366 1210 1446 Egregia
1249 1363 1446 1446 plura
1491 1373 1748 1446 exstant
1785 1350 2187 1446 testimonia.
2215 1350 2569 1446 Philippus
2601 1356 2928 1417 Mornwus
2963 1355 3335 1446 repetatur;
3350 1350 3560 1446 {locus

328 1431 1088 1524 ejusdem'Theophylacti
1102 1431 1495 1524 Expenditur
1511 1446 1578 1504 in
1602 1443 1875 1524 epistola
1891 1438 2335 1524 adANicaIaun}
2356 1431 2695 1524 diaconum
2719 1446 2783 1524 _et
2814 1434 3258 1524 constrisium.
3282 1431 3562 1524 Pithoeus

328 1462 608 1524 ejusdem
630 1462 665 1506 1
683 1462 796 1508 nea
846 1462 1084 1523 κρμαοη
1108 1462 1495 1523 expenauur
1511 1462 1578 1504 tn
1602 1462 1875 1524 episwta
1891 1462 1971 1501 aa
1999 1462 2335 1501 uicataum
2356 1462 2695 1499 alacanum
2726 1462 2781 1496 es
2814 1462 3258 1513 consulatum.
3282 1462 3560 1493 ruuwus

319 1462 1285 1664 emequturﬁlﬁisltgnisun‘qn
1318 1523 1490 1602 eripi
1507 1520 2207 1603 Miehwwlprophetiam
2239 1518 2577 1582 adversum
2604 1512 2887 1591 Iudicas,
2905 1523 2978 1577 ut
3006 1522 3348 1593 perperam
3376 1519 3563 1572 nota-

319 1611 412 1664 ml
503 1622 533 1663 e
565 1621 678 1663 rus
1021 1623 1061 1664 u
1241 1649 1255 1662 .

318 1604 412 1665 ait
443 1603 678 1664 Petrus
702 1603 926 1665 Daniel
959 1603 1255 1665 Huetius.

320 1745 422 1812 95.
456 1732 768 1824 Quianam
818 1746 1021 1811 fuerit
1052 1750 1377 1813 sententia
1451 1746 1925 1828 TheOphylacti
1983 1745 2059 1808 de
2143 1744 2428 1826 primatu
2483 1741 2693 1803 sancti
2748 1738 2932 1802 Petri
2977 1732 3563 1817 intermpostolos,

238 1842 470 1923 paucis
512 1844 1023 1924 expendendum
1056 1852 1178 1908 est.
1210 1845 1543 1909 Antonius
1596 1843 1997 1908 Passerinus
2068 1844 2138 1906 in
2170 1841 2512 1923 Apparatu
2543 1855 2730 1923 sacro
2765 1845 2943 1901 tomo
3002 1836 3086 1911 II,
3120 1830 3561 1924 admonet,in

236 1910 745 2004 Commentariis
778 1940 1249 2023 TbeOphylacti
1272 1942 1542 2025 [alsatos
1563 1940 1859 2025 fuisseab
1916 1942 2005 2004 eis
2027 1910 2581 2026 '(OEcolampadio
2613 1920 2675 2000 et
2703 1935 3025 1998 Lonicero
3055 1910 3563 2011 interpretibus)

238 2033 439 2110 locos,
472 2038 583 2119 qui
613 2036 699 2099 ad
721 2045 1097 2119 potestatem
1118 2043 1345 2105 summi
1362 2042 1694 2124 pontiﬁcis
1725 2039 2041 2123 spectant.
2102 2036 2417 2103 Criminis
2468 2034 2771 2117 hujusce,
2820 2032 3171 2097 adnotante
3234 2026 3559 2101 Simonio,

239 2134 679 2200 beterodoxos
711 2136 864 2202 illos
902 2138 1297 2218 interpretes
1334 2155 1465 2203 non
1498 2150 1759 2203 accusat
1797 2139 2142 2219 Philippus
2174 2137 2554 2211 Montanus,
2588 2134 2706 2215 qui
2773 2132 2989 2197 solum
3058 2130 3152 2195 ait
3187 2129 3259 2194 in
3330 2125 3563 2193 Prefa-

237 2234 427 2296 tione
457 2233 536 2295 ad
562 2233 1080 2299 Commentarios
1117 2235 1183 2298 in
1235 2237 1608 2316 Evangelia,
1665 2238 1897 2301 menda
1958 2233 2239 2315 plurima
2272 2232 2339 2297 in
2383 2232 2583 2295 editis
2629 2247 3003 2303 occurrere,
3066 2246 3201 2309 qua:
3259 2226 3563 2290 scribame

237 2335 355 2388 aut
389 2326 813 2407 typographo,
871 2346 958 2390 an
1025 2329 1373 2410 interpreti
1424 2330 1982 2413 (OEcolampadio)
2034 2329 2339 2395 mutilooe
2396 2327 2609 2401 codici
2670 2325 3049 2409 imputanda
3096 2327 3252 2400 sint,
3286 2323 3567 2387 aliorum

242 2431 375 2485 esto
393 2422 739 2504 judicium.
762 2427 836 2487 Et
868 2424 934 2488 in
972 2425 1353 2505 prmiatione
1402 2429 1476 2491 ad
1542 2427 1868 2506 Epistolas
1942 2427 2171 2492 Pauli:
2210 2428 2310 2490 Ea
2365 2412 2801 2509 potissimum,
2866 2423 3109 2505 inquit,
3180 2422 3564 2483 mutavimus

238 2520 341 2598 [in
376 2521 677 2584 Loniceri
718 2523 1046 2601 versione]
1106 2543 1241 2603 qua
1274 2523 1736 2605 Theophylacti
1763 2535 2035 2587 mentem
2066 2536 2177 2590 aut
2205 2544 2337 2587 non
2366 2524 2624 2605 assequi
2668 2522 3066 2595 viderentur,
3094 2529 3209 2581 aut
3237 2538 3366 2581 non
3406 2518 3564 2578 satis

243 2615 673 2697 explicarent.
704 2618 804 2679 Ad
822 2620 973 2690 hare,
1015 2623 1301 2700 margini
1329 2621 1549 2684 multis
1604 2624 1674 2684 in
1719 2623 1876 2684 locis
1927 2624 2209 2703 quaedam
2262 2620 2653 2690 addidimus,
2680 2619 2819 2681 sine
2842 2618 3073 2699 quibus
3096 2617 3329 2679 Latina
3356 2616 3563 2695 legens

238 2714 357 2775 vix
386 2731 686 2792 unquam,
725 2714 879 2795 quid
906 2716 1034 2779 sibi
1080 2718 1232 2780 velit
1266 2719 1773 2799 Theophylactus
1807 2719 2163 2800 intelligere
2199 2730 2385 2801 queat
2419 2741 2439 2781 :
2506 2718 2658 2780 dum
2703 2715 2999 2779 videlicet
3038 2724 3152 2775 aut
3183 2714 3395 2776 Graeci
3426 2731 3562 2773 ser-

240 2810 449 2871 monis
479 2813 723 2874 rarium
748 2814 1015 2893 attingit
1046 2817 1399 2891 lectionem,
1433 2828 1544 2878 aut
1568 2816 1801 2881 Grcam
1817 2816 2121 2880 dictionis
2150 2816 2699 2899 compositionem,
2734 2824 2846 2876 aut
2878 2813 3197 2875 diversam
3232 2809 3559 2891 signiﬁca-

243 2908 505 2983 tionem,
539 2908 790 2972 aliudve
825 2910 1168 2993 quidquam
1193 2913 1583 2996 hujusmodi.
2315 2971 2320 2976 .

326 3007 575 3069 Verum
609 3007 951 3070 enimvero
1006 3024 1136 3072 non
1182 3009 1349 3072 adeo
1418 3010 1616 3073 fuerit
1675 3011 1889 3075 audax
1949 3011 2536 3090 O'Ecolampadius,
2599 3018 2683 3075 ut.
2752 3010 3049 3071 Graecum
3092 3003 3564 3086 Theophylacti

241 3109 500 3167 textum
548 3103 777 3167 volens
839 3106 1019 3170 Latio
1048 3107 1303 3170 dederit
1336 3125 1481 3171 cum
1520 3110 1827 3173 vit’ozin
1877 3127 1955 3173 eo
2012 3120 2225 3173 tamen
2284 3108 2557 3179 lacunis,
2621 3122 2770 3187 quae
2797 3104 2874 3168 ad
2906 3110 3098 3185 caput
3125 3119 3235 3165 xxx
3292 3100 3564 3164 Joannis

245 3218 306 3263 ν.
344 3202 404 3275 1,
433 3201 500 3263 in
535 3199 679 3281 ejus
725 3200 951 3266 codice
998 3203 1277 3282 patebat,
1315 3206 1808 3287 supplemento,
1836 3208 2182 3289 primatum
2228 3206 2434 3279 Petri,
2464 3209 2468 3223 ‘
2496 3203 2576 3269 de
2626 3219 2760 3286 quo
2808 3202 3140 3265 disserere
3200 3198 3562 3279 Oportebat,

238 3298 559 3363 intactum
619 3302 1048 3380 prmtermittit
1098 3320 1115 3362 :
1160 3304 1287 3365 imo
1326 3321 1399 3368 ea
1430 3304 1717 3381 disserit,
1775 3324 1921 3387 quas
1955 3311 2352 3385 repugnant.
2391 3302 2598 3365 Verba
2642 3306 2799 3365 sunt
2838 3320 2852 3359 :
2890 3320 2920 3357 α
2953 3300 3170 3375 Quare
3242 3297 3567 3371 Christus,

240 3399 707 3479 quiscrutator
735 3408 833 3463 est
860 3402 1186 3477 cordium,
1212 3403 1529 3483 nihilque
1567 3408 1845 3484 ignorat,
1882 3404 2289 3483 interrogat?
2334 3400 2596 3482 (Diligis
2652 3418 2771 3475 me,
2820 3416 2994 3460 amas
3043 3392 3208 3477 me?)
3242 3396 3385 3458 Non
3444 3392 3568 3457 hoc

236 3493 399 3559 facit
432 3504 503 3561 ut
538 3498 764 3575 discat,
804 3499 973 3562 sicut
1006 3516 1127 3563 nos
1163 3520 1181 3563 :
1212 3501 1327 3564 sed
1380 3509 1449 3563 ut
1483 3501 1731 3577 doceat,
1766 3512 1827 3565 et
1860 3497 2234 3564 manifeslet
2278 3499 2556 3561 aliorum
2593 3496 2808 3559 ﬁdem.
2851 3496 3033 3558 Sicut
3067 3500 3131 3557 et
3186 3509 3335 3556 cum
3363 3492 3569 3559 inter-

240 3601 498 3673 ragat':
534 3593 731 3672 Quem
762 3594 987 3659 dicunt
1036 3598 1320 3660 homines
1360 3616 1488 3659 esse
1519 3600 1759 3661 Filium
1798 3598 2122 3662 hominis?
2156 3613 2349 3677 qmm
2386 3596 2577 3659 ﬁdem
2646 3591 3272 3672 confessionemque
3304 3607 3338 3653 a
3378 3590 3568 3652 nobis

237 3689 557 3771 requirit,
613 3691 880 3757 indicat.
926 3695 1015 3756 Ita
1056 3692 1164 3758 hic
1200 3693 1472 3757 daturus
1505 3696 1645 3758 orbi
1675 3698 2017 3776 magistros
2046 3716 2117 3759 ac
2161 3696 2480 3770 doctores,
2520 3693 2752 3775 quales
2792 3691 2944 3756 illos
2990 3709 3135 3755 esse
3172 3691 3354 3765 velit,
3388 3697 3581 3754 terna»

236 3786 760 3870 interrogatione
790 3790 958 3854 bene
989 3790 1295 3856 inculcat.
1328 3792 1407 3854 Et
1442 3793 1699 3856 videtur
1748 3794 1930 3867 mihi,
2006 3814 2229 3858 amare
2252 3796 2602 3867 Christum,
2656 3802 2721 3855 et
2772 3809 2849 3856 ea
2908 3807 3054 3872 quae
3112 3789 3353 3854 Christi
3416 3799 3582 3854 sunt

235 3884 508 3959 sectari,
528 3895 715 3952 antea
735 3889 1057 3954 insinuari
1077 3892 1329 3970 [LVIII]
1353 3907 1467 3970 per
1494 3891 1877 3955 missionem
1900 3894 2055 3956 retis
2084 3894 2150 3955 in
2176 3910 2349 3956 mare
2374 3909 2675 3973 :pascere
2701 3879 2947 3964 autem,
2972 3887 3581 3970 perinventionem

234 3991 301 4045 et
336 3992 704 4064 capturam.
751 3986 1018 4051 Interim
1054 3989 1336 4063 Petrum,
1378 3988 1493 4069 qui
1554 3989 1875 4069 prmaliis
1927 3990 2293 4053 crediderat
2359 3988 2766 4070 majorisque
2817 3994 2991 4050 esset
3032 3984 3331 4054 fervoris,
3371 3994 3433 4047 et
3464 3984 3568 4046 di-

233 4095 423 4157 gnus
515 4084 629 4145 cui
709 4084 990 4163 amplius
1079 4086 1506 4149 concredatur
1582 4087 2059 4161 ministerium,
2123 4086 2694 4166 comprobaturus,
2784 4092 2886 4147 ter
2961 4082 3230 4163 proprio
3302 4080 3570 4145 nomine

236 4186 464 4255 vonat,
537 4190 613 4241 ut
667 4199 797 4243 non
848 4182 1097 4247 dubitet
1136 4186 1401 4247 remissa
1457 4186 1583 4249 sibi
1632 4194 1921 4267 peccata.
1958 4208 1986 4241 »
2036 4185 2186 4246 Hiec
2244 4183 2358 4246 ille
2409 4190 2473 4246 et
2532 4182 2659 4246 alia
2714 4199 2862 4263 quae
2916 4197 3205 4246 consona
3268 4194 3573 4261 sequun-

236 4283 377 4341 tur.

316 4375 431 4438 96.
472 4375 679 4450 Quam
713 4374 944 4440 dissita
1008 4392 1161 4440 vero
1210 4386 1390 4453 sunt,
1450 4396 1600 4460 qum
1632 4397 1712 4442 ex
1779 4381 2003 4444 Graeco
2063 4386 2245 4441 textu
2302 4376 2774 4457 TheOphylacti
2836 4377 3056 4441 Romae
3122 4374 3301 4438 edito
3350 4374 3576 4439 Latino

228 4471 450 4540 vertit
496 4473 883 4535 Montanus!
924 4495 953 4531 α
990 4473 1145 4536 Cum
1178 4476 1541 4555 prandendi
1576 4478 1758 4557 ﬁnem
1785 4480 1821 4558 f

1985 4486 2061 4551 et,
2093 4476 2173 4549 τῷ
2201 4476 2399 4546 Πέτρῳ
2432 4474 2533 4547 τὴν
2562 4473 2911 4549 προστασίαν
2958 4471 3069 4527 τῶν
3120 4472 3224 4543 τῆς
3246 4472 3578 4545 οἰκουμένης

231 4568 555 4642 προϐάτων
580 4567 903 4641 ὶγχειρίζει,
932 4571 1033 4624 οὐκ
1056 4570 1204 4642 ἄλλῳ
1230 4571 1309 4639 δὲ,
1345 4572 1485 4628 ἀλλὰ
1512 4573 1691 4645 τούτῳ
1708 4576 1911 4646 ταυτὴν
1934 4574 2140 4629 δίδωσι.
2206 4571 2432 4643 Πρῶτον
2458 4570 2580 4642 μὲν,
2613 4571 2697 4625 ὅτι
2726 4570 2947 4625 πάντων
2972 4568 3249 4641 ἔκκριτος,
3283 4572 3377 4625 καὶ
3400 4572 3578 4643 στόμα

228 4658 334 4713 τοῦ
366 4656 547 4730 χοροῦ
582 4658 805 4719 παντός.
842 4660 1063 4722 Totius
1096 4660 1269 4723 orbis
1302 4670 1625 4727 terrarum
1667 4671 1821 4745 pm]

1984 4682 2113 4724 ram
2176 4665 2362 4725 Petro
2425 4660 2756 4725 commisit
2791 4676 2957 4724 :non
3014 4666 3231 4723 autem
3266 4661 3406 4737 alii,
3461 4664 3577 4726 sed

229 4750 401 4818 huic
436 4754 660 4817 tradit.
698 4754 985 4817 Primum
1021 4756 1319 4835 quidem,
1356 4758 1511 4839 quia
1562 4774 1790 4822 omnes
1829 4760 2262 4841 praecellebat,
2325 4769 2389 4823 et
2450 4760 2654 4822 totius
2708 4765 2912 4823 coetus
2960 4774 3034 4821 os
3099 4767 3277 4834 erat;
3331 4761 3578 4826 deinde

229 4852 613 4915 ostendens
679 4851 807 4931 ipsi
858 4853 1159 4917 ﬁduciam
1223 4871 1368 4918 esse
1427 4857 1837 4930 sumendam,
1893 4858 2245 4939 negatione
2273 4857 2478 4919 veluti
2537 4854 2755 4918 deleta
2807 4862 2871 4917 et
2903 4854 3223 4919 oblivioni
3264 4857 3573 4922 tradita...

230 4950 367 5013 Ter
441 4958 665 5013 autem
738 4952 1291 5035 euminterrogat,
1336 4955 1534 5017 simul
1571 4954 1839 5034 quidem
1874 4955 2236 5031 declarans,
2281 4960 2587 5035 quantam
2629 4951 3038 5016 credentium
3070 4969 3293 5016 curam
3325 4955 3575 5021 habeat:

230 5054 298 5108 et
342 5049 539 5129 quod
577 5066 789 5128 usque
815 5050 977 5113 adeo
1020 5066 1179 5113 oves
1203 5051 1457 5132 diligat,
1491 5064 1563 5115 ut
1594 5043 1967 5117 dilectionis
2000 5069 2152 5134 erga
2181 5072 2248 5117 se
2274 5052 2398 5115 hoc
2437 5056 2635 5131 ponat
2662 5048 3020 5132 iudicium,
3056 5052 3113 5114 si
3134 5052 3583 5117 oviumeuram

228 5150 595 5229 suscipiat.
628 5170 659 5205 ι

315 5245 619 5323 Egregia
678 5262 792 5323 pro
838 5246 1043 5308 sancti
1102 5244 1271 5308 Petri
1301 5248 1609 5324 primatu,
1638 5266 1757 5311 seu
1800 5250 1997 5311 totius
2024 5248 2199 5311 orbis
2258 5248 2469 5309 ovium
2502 5245 2912 5325 prefectura,
2982 5249 3331 5312 sententia.
3396 5251 3580 5313 Paria

232 5351 420 5418 sunt,
500 5358 654 5422 quin
689 5351 1098 5422 sequuntur:
1141 5343 1514 5417 Ἐνεγχείριζε
1574 5346 1676 5416 μὲν
1767 5346 1825 5418 τὴ

1988 5363 2139 5401 ιντων
2210 5344 2321 5398 τῶν
2354 5344 2565 5398 πιστῶν
2634 5342 3004 5414 προστασίαν.
3036 5346 3101 5401 Εἰ
3155 5346 3266 5417 γὰρ
3324 5350 3419 5403 καὶ
3467 5348 3581 5404 τῶν

241 5438 675 5509 Ἰεροσολύμων
712 5441 740 5492 ὁ
782 5438 1049 5504 Ἰάκωϐος
1081 5440 1176 5494 τὸν
1220 5441 1411 5514 Θρόνον
1464 5442 1678 5509 ἔλασεν,
1708 5444 1844 5498 ἀλλὰ
1874 5445 2085 5516 Πέτρος
2116 5446 2217 5515 τῆς
2247 5440 2580 5512 οἰκουμένης
2610 5440 2853 5508 ἁπάσης.
2947 5440 3279 5505 Commisit
3334 5446 3583 5525 quidem

230 5534 441 5598 Petro
485 5532 777 5614 ﬁdelium
832 5538 1108 5599 omnium
1133 5541 1607 5620 profecturam.
1649 5540 1952 5617 Quamvis
1979 5543 2141 5603 enim
2167 5540 2448 5603 Iacobus
2470 5539 2678 5602 sedem
2734 5539 3205 5619 Hierosolymis
3238 5546 3578 5623 acceperit,

233 5635 349 5704 sed
376 5636 636 5699 Petrus
670 5635 869 5695 totius
928 5644 1247 5699 terrarum
1278 5640 1475 5702 orbis.
1518 5642 1593 5701 Et
1638 5639 1803 5703 infra
1840 5659 1854 5698 :
1890 5638 2092 5720 Opus,
2125 5638 2371 5717 inquit,
2416 5636 2585 5719 quod
2607 5636 2725 5700 tibi
2782 5635 3220 5699 concreditum
3251 5648 3367 5713 est,
3423 5660 3576 5720 per-

228 5735 351 5810 fice
409 5755 433 5796 :
501 5741 844 5812 etsequere
910 5754 1032 5803 me,
1107 5739 1219 5816 qui
1300 5739 1491 5800 educo
1546 5749 1603 5801 te
1668 5738 1752 5800 ad
1818 5811 1821 5817 ⁴

1991 5738 2363 5809 licationem,
2431 5737 2529 5797 καὶ
2571 5736 2675 5807 τὴν
2738 5733 3071 5806 οἰκουμένην
3128 5735 3353 5794 ἃπασαν
3403 5740 3584 5807 ἐγχει-

238 5830 485 5904 ρίζοντι,
557 5839 616 5891 et
652 5838 857 5890 totum
913 5832 1123 5893 orbem
1180 5835 1248 5896 in
1295 5846 1439 5898 tuas
1486 5855 1709 5897 manus
1774 5835 1981 5898 trado.
2024 5834 2217 5898 Illum
2238 5842 2449 5895 autem
2500 5832 2864 5913 (Joannem)
2894 5835 2952 5895 si
2996 5831 3182 5895 velim
3226 5851 3475 5895 manere
3518 5838 3585 5898 in

236 5942 359 6004 hoc
383 5939 566 6007 loco,
613 5934 884 5998 Galilaaa
932 5940 1202 6013 scilicet,
1232 5952 1291 6004 et
1320 5960 1449 6003 non
1484 5945 1735 6006 mittere
1763 5950 1988 6017 tecum,
2025 5944 2181 6025 quid
2215 5942 2297 6004 ad
2328 5951 2387 6004 te
2414 5942 2445 6002 Ρ

322 6042 506 6104 Num
542 6036 907 6113 Intereseos,
945 6039 1266 6124 primatui
1304 6042 1614 6111 adversm.
1657 6041 2190 6122 ingerisuspicio
2232 6044 2433 6121 queat
2463 6054 2543 6101 ex
2604 6037 2814 6115 capite
2866 6055 2975 6098 nx-
3032 6039 3237 6113 Lucae,
3316 6056 3348 6099 a
3382 6056 3577 6123 qvors.

243 6136 324 6202 15
357 6137 440 6200 ad
498 6146 688 6197 vers.
719 6129 825 6201 '29.
866 6132 972 6197 ubi
1005 6152 1152 6199 cum
1181 6138 1403 6201 Petrus
1438 6147 1498 6201 cl
1552 6138 1803 6205 l'aulus‘
1831 6148 2114 6218 quatuor
2150 6140 2406 6220 vicibus
2449 6154 2485 6202 a
2556 6131 3045 6211 TbeOphylacto
3111 6141 3583 6211 memorentur,
