4034 6594
580 467 693 537 119
1433 464 1659 528 BERN.
1700 464 1967 527 manus
2006 464 2101 527 DE
2145 463 2428 525 BUBBIS
2467 463 2973 525 DISSERTATIO
3740 451 3835 520 ιω

584 596 658 642 ac
687 581 913 641 Petrus
946 576 1086 655 ipse
1119 575 1186 640 in
1212 584 1390 641 textu
1424 576 1643 653 Graeco
1678 595 1937 657 semper
1966 579 2163 641 Paulo
2196 579 2579 658 prepositus
2648 584 2974 651 occurrat;
3028 574 3129 638 his
3184 571 3386 639 Paulo
3417 574 3710 644 Petrum,
3769 587 3840 634 ac

581 675 686 739 bis
718 676 903 739 Petro
928 674 1199 736 Paulum
1224 673 1655 752 antepositam
1711 691 1829 737 sua
1872 673 2266 754 expresserit
2316 675 2381 737 in
2448 673 2750 738 versione
2815 670 3407 757 OEcolampadius?
3471 666 3628 731 Mali
3686 664 3843 728 nihil

581 770 893 851 suspicati
940 777 1094 835 sunt
1132 771 1477 834 Montanus
1500 786 1574 833 ac
1630 771 1839 835 editor
1888 770 2521 851 Parisiensis:quod
2583 778 2887 843 attamen,
2944 769 3001 831 si
3058 767 3233 847 quod
3314 772 3486 827 esset
3544 762 3614 827 in
3674 761 3846 824 hete-

582 869 832 931 rodoxo
870 867 1245 944 interprete,
1287 866 1565 931 innuere
1601 867 1762 931 mihi
1817 868 2032 931 libuit.
2085 868 2396 932 Cmterum
2431 870 2600 932 Petri
2631 869 2976 942 primatum
3052 863 3581 929 luculentissima
3638 861 3846 923 Theo-

582 963 921 1044 pbylactus
980 962 1167 1027 offert
1215 964 1278 1026 in
1335 963 1562 1027 eodem
1621 967 1697 1028 ad
1749 964 2171 1045 Evangelium
2234 967 2420 1029 Luraa
2472 965 2946 1039 Commentario
2987 964 3192 1042 rapite
3256 979 3409 1033 un,
3468 959 3578 1021 Ea:
3621 975 3746 1037 quo
3792 964 3847 1018 te

581 1060 1048 1139 discipulorum
1106 1062 1469 1142 principem
1522 1061 1714 1124 habeo
1740 1107 1758 1136 ,
1806 1073 2137 1143 postquam
2172 1070 2397 1141 negato
2432 1082 2524 1123 me
2549 1062 2828 1142 ﬂeveris,
2890 1072 2944 1123 et
2969 1060 3053 1122 ad
3090 1058 3539 1141 panitentiam
3569 1056 3843 1123 ueneris,

581 1155 881 1235 conﬁrma
917 1165 1197 1219 ceteros.
1260 1157 1399 1219 Hoc
1437 1158 1600 1219 enim
1649 1166 1707 1219 te
1760 1157 1966 1231 decet,
1996 1170 2265 1240 προσήκω
2300 1187 2407 1235 σω,
2441 1161 2555 1238 qui
2575 1170 2728 1239 post
2785 1177 2878 1220 me
2922 1157 3225 1221 Ecclesiw
3270 1163 3456 1234 petra
3503 1169 3590 1223 es,
3615 1160 3677 1212 et
3731 1150 3844 1229 ﬁr-

579 1264 978 1314 mamentum.
1032 1252 1129 1315 Ad
1186 1251 1365 1316 aliud
1425 1262 1878 1329 argumentum
1924 1256 2327 1319 diﬂicultates
2376 1256 2726 1335 pertinent,
2780 1272 2943 1335 quas
3006 1251 3341 1316 Lannoius
3400 1248 3673 1329 ingerit,
3734 1247 3849 1309 ad-

578 1364 809 1410 versus
862 1348 1326 1411 Bellarminum
1369 1348 1702 1413 disserens
1754 1351 2171 1429 epistularum
2230 1362 2406 1434 parte
2472 1372 2530 1428 v,
2568 1351 2847 1433 epistola
2895 1352 2936 1413 2
2964 1351 3041 1414 ad
3078 1348 3430 1413 Antonium
3466 1343 3849 1417 Varillaum.

579 1460 759 1507 num.
794 1445 875 1508 55
903 1451 966 1509 et
1019 1462 1201 1524 seqq.

660 1542 763 1603 97.
826 1542 1014 1603 lrrito
1066 1549 1239 1605 certe
1295 1549 1445 1604 voto
1503 1544 1967 1623 Theophylacti
2044 1547 2232 1610 verba
2298 1546 2616 1626 objiceres
2674 1545 2753 1610 ad
2816 1558 3007 1625 caput
3074 1563 3110 1608 ι
3170 1542 3479 1616 Mattbaai,
3546 1555 3719 1603 vers.
3792 1538 3851 1598 3.

580 1638 923 1699 Enumerat
952 1650 1183 1710 autem,
1238 1638 1631 1719 inquientis,
1680 1643 2121 1719 apostolorum
2160 1645 2415 1706 nomina
2438 1652 2710 1724 propter
2734 1639 3309 1724 pseudoapostolos
3342 1660 3361 1699 :
3396 1638 3718 1719 praeponit
3748 1654 3859 1695 au-

584 1744 706 1794 tem
737 1731 998 1794 Petrum
1037 1743 1095 1796 et
1122 1733 1458 1795 Andream.
1531 1737 1685 1799 ldeo
1718 1753 2020 1818 namque,
2069 1755 2279 1821 eoque
2310 1756 2506 1801 sensu
2553 1738 2719 1801 duos
2747 1737 2893 1801 illos
2940 1736 3061 1801 hoc
3105 1738 3246 1801 loco
3300 1733 3685 1816 praepositos
3737 1732 3849 1804 ait,

582 1830 879 1910 quoniam
922 1840 979 1892 et
999 1832 1275 1911 primum
1301 1844 1483 1896 erant
1511 1834 1743 1896 vocati.
1775 1834 2118 1914 Temporis
2138 1828 2298 1901 ordo
2332 1845 2451 1912 est,
2489 1853 2617 1899 non
2649 1835 3006 1916 dignitatis.

665 1924 1005 2005 Philippus
1062 1929 1386 1991 Mornazus
1420 1930 1487 1994 in
1520 1928 1817 1993 Historia
1842 1940 2146 2011 papatus,
2185 1933 2425 1996 saeculo
2460 1949 2654 2005 nono,
2696 1933 2909 2010 ipsum
2938 1928 3496 2009 TheOpbyiactum
3548 1925 3847 2005 Opponit,

586 2039 783 2103 quem
836 2022 900 2085 in
959 2024 1313 2104 Epistolam
1370 2026 1445 2088 ad
1506 2026 1757 2090 Galatas
1818 2026 2023 2107 capite
2082 2047 2127 2090 ιι
2174 2031 2446 2092 aientem
2512 2028 2763 2091 inducit
2813 2027 3131 2091 :Paulum
3207 2023 3531 2086 ostendere
3555 2040 3619 2081 se
3672 2022 3857 2083 Petro

582 2119 877 2199 aequalem
907 2138 1061 2183 esse.
1121 2121 1476 2185 Lonicerus
1519 2123 1728 2197 vertit,
1762 2142 1825 2185 se
1855 2125 2123 2207 ejusdem
2161 2144 2288 2186 esse
2312 2143 2449 2185 cum
2515 2124 2703 2186 Petro
2759 2125 2958 2205 pretii
3004 2126 3059 2186 et
3121 2117 3860 2199 honoris.AgitibiBul-

585 2218 779 2292 goria:
807 2215 1342 2296 archiepiscOpus
1397 2217 1476 2281 de
1530 2236 1797 2281 munere
1834 2222 2255 2300 apostolatus,
2334 2223 2546 2299 deque
2595 2221 3049 2301 praedicatione
3098 2219 3268 2299 apud
3333 2218 3644 2280 Hebrmos
3680 2235 3863 2293 pecu-

580 2310 731 2373 liari
792 2310 985 2373 modo
1064 2311 1431 2376 commissae
1483 2314 1696 2388 Petro,
1754 2322 1815 2377 et
1890 2317 2061 2394 apud
2134 2326 2360 2396 gentes
2414 2317 2639 2379 Paulo.
2697 2319 2841 2391 Quo
2910 2316 3343 2379 nihilominus
3413 2312 3546 2391 pari
3614 2311 3859 2375 honore

586 2406 792 2482 salvo,
823 2406 1259 2471 disertissima
1316 2408 1637 2473 sententia
1682 2411 1825 2491 ejus
1854 2420 1972 2486 est,
2038 2414 2235 2475 totius
2258 2412 2428 2475 orbis
2456 2415 2667 2474 ovium
2706 2414 3175 2493 profecturam,
3201 2430 3333 2472 non
3370 2409 3513 2483 alii,
3548 2408 3860 2471 sedPetra

588 2500 892 2565 traditam
932 2519 966 2565 a
1019 2503 1323 2565 Domino.
1353 2504 1693 2582 Apostolus
1742 2522 1969 2572 omnes
2024 2524 2206 2586 pares
2249 2508 2478 2584 fuisse,
2523 2510 2986 2573 catholicorum
3019 2526 3209 2571 nemo
3253 2507 3609 2580 inﬁciatur,
3645 2506 3857 2585 quoad

585 2600 985 2679 apostolatus
1016 2608 1407 2678 potestatem,
1448 2617 1640 2678 quam
1671 2602 2078 2664 intrinsecam
2126 2614 2181 2665 et
2216 2608 2608 2668 essentialem
2662 2614 2891 2669 vocant
2942 2605 3077 2679 alii,
3136 2604 3384 2684 aliique
3412 2601 3863 2664 extraordina-

584 2698 790 2765 riam;
826 2702 937 2760 sed
970 2700 1085 2757 uni
1118 2695 1331 2767 Petro,
1371 2696 1662 2758 collatam
1727 2697 1979 2773 docent,
2013 2717 2157 2779 qum
2201 2702 2437 2767 dicitur
2485 2702 2841 2773 ordinaria,
2887 2719 2958 2764 ac
3016 2700 3215 2762 veluti
3278 2697 3537 2761 muneri
3603 2708 3864 2776 aposto-

591 2795 757 2857 latus
797 2794 1096 2875 adjuncta
1152 2812 1166 2850 :
1236 2794 1297 2855 et
1345 2794 1537 2856 hocce
1573 2794 1635 2856 in
1668 2795 1982 2874 regimine
2015 2800 2351 2863 credentes
2398 2819 2653 2873 omnes,
2689 2801 2995 2879 ipsosque
3025 2796 3357 2878 apostolos
3417 2804 3648 2859 tenent
3677 2796 3864 2858 Petro

587 2889 962 2953 inferiores.
3038 2962 3073 2977 ‘-

672 2988 862 3051 Addit
907 2989 1228 3051 Mornmus
1286 2985 1521 3049 nullam
1560 2991 1840 3069 episcopi
1880 2992 2146 3055 Romani
2213 2995 2312 3056 his
2350 2996 2415 3058 in
2470 2997 2627 3059 locis
2664 2997 3038 3058 mentionem
3087 2994 3366 3057 habitam
3428 3010 3465 3056 a
3510 2992 3867 3072 Theopby‘

593 3084 782 3149 lacto.
827 3085 954 3147 Cur
985 3099 1132 3145 vero
1193 3082 1586 3146 mentionem
1635 3085 2005 3163 ingesserit,
2060 3087 2169 3149 ubi
2208 3105 2419 3167 neque
2468 3088 2671 3162 locus,
2752 3106 2966 3166 neque
3011 3087 3140 3150 ulla
3170 3104 3364 3150 causa
3405 3086 3807 3166 exposcebat
3837 3088 3865 3146 τ

589 3184 671 3245 At
730 3181 1039 3259 inquiunt
1088 3176 1385 3242 catholici
1424 3180 1771 3245 Ecclesiam
1823 3182 2134 3245 fundasse
2187 3184 2513 3248 Christum
2587 3185 2655 3248 in
2701 3194 3011 3248 aeternum
3082 3186 3483 3259 duraturam,
3567 3186 3867 3264 adeoque

589 3285 971 3359 perpetuam
1026 3276 1361 3357 regiminis
1389 3275 1654 3342 formam
1690 3280 1769 3341 ab
1798 3298 1876 3344 eo
1919 3280 2311 3357 institutam,
2369 3301 2515 3363 quas
2558 3300 2692 3346 non
2751 3281 2962 3345 solum
3016 3280 3083 3344 in
3154 3278 3376 3345 sancto
3444 3283 3669 3356 Petro,
3717 3298 3864 3343 cum

593 3378 789 3439 totius
821 3376 992 3439 orbis
1033 3375 1239 3437 ovium
1262 3377 1704 3457 praefecturam
1758 3378 1882 3457 ipsi
1910 3379 2190 3443 tradidit
2221 3379 2563 3452 Dominus,
2604 3396 2827 3441 verum
2861 3378 3051 3440 etiam
3092 3378 3159 3440 in
3192 3377 3693 3440 successoribus
3730 3379 3861 3439 Ro-

597 3472 806 3535 manis
840 3470 1249 3551 pontilicibus
1288 3471 1592 3535 eluceret.
1626 3473 1693 3535 Id
1722 3490 1868 3537 vero
1900 3475 2165 3553 perenni
2193 3484 2256 3540 et
2286 3474 2808 3540 constantissime
2854 3474 3239 3537 saeculorum
3301 3472 3602 3536 omnium
3662 3474 3867 3537 tradi-

590 3570 769 3634 tione
822 3569 1172 3631 evincitur.

671 3667 776 3729 98.
810 3666 1323 3730 lmmoderatiori
1361 3668 1643 3748 profecto
1675 3671 2068 3734 conﬁdentia
2108 3672 2429 3734 Mornreus
2460 3670 2705 3751 aliique
2733 3670 3113 3733 heterodoxi
3146 3671 3357 3733 locum
3391 3668 3866 3749 Theophylacti

592 3763 1075 3842 apposuissent,
1120 3764 1232 3843 qui
1297 3764 1564 3829 habetur
1608 3768 1748 3847 ejus
1810 3768 1877 3830 in
1908 3766 2179 3845 epistola
2237 3764 2313 3825 ad
2372 3763 2705 3825 Nicolaum
2752 3764 3100 3824 diaconum
3153 3771 3214 3822 et
3271 3761 3715 3823 canstrisium.
3760 3761 3871 3823 Ait

588 3861 739 3922 ille:
794 3883 821 3915 α
867 3861 1087 3940 Itaque
1134 3862 1188 3922 si
1248 3860 1690 3926 Occidentales
1742 3864 1906 3925 c‘irea
1976 3862 2239 3940 aliquod
2294 3860 2521 3939 dogma
2584 3866 2822 3933 errent,
2883 3858 3053 3937 quod
3131 3861 3383 3919 Patrum
3434 3857 3624 3919 ﬁdem
3687 3858 3871 3935 [LIX]

592 3960 882 4036 impetat,
915 3958 1266 4039 cujusmodi
1311 3968 1423 4033 est,
1472 3959 1639 4041 quod
1693 3960 1985 4040 Symbolo
2045 3959 2118 4020 de
2171 3958 2423 4037 Spiritu
2452 3964 2668 4017 sancto
2726 3954 3134 4029 addiderunt,
3172 3954 3279 4017 ubi
3337 3953 3707 4045 periculum
3772 3961 3871 4017 est

594 4054 987 4129 maximum;
1023 4054 1143 4118 hoc
1174 4056 1437 4135 quinon
1476 4057 1889 4119 emendatum
1925 4057 2266 4128 condonet,
2309 4055 2371 4116 id
2405 4054 2496 4115 illi
2536 4055 2888 4117 condonari
2935 4070 3065 4115 non
3106 4061 3346 4133 potest:
3376 4053 3603 4114 etsiea:
3632 4054 3867 4116 throno

595 4150 967 4231 loquantur,
998 4171 1192 4233 quem
1244 4153 1592 4216 sublimem
1654 4153 1971 4223 sublimes
2010 4160 2425 4231 preponunt:
2464 4151 2585 4213 etsi
2615 4152 2791 4213 Petri
2823 4153 3279 4232 confessionem
3323 4148 3652 4229 proferant
3688 4168 3704 4206 :
3741 4150 3867 4213 etsi

604 4248 1058 4311 beatitudinem
1102 4249 1447 4324 adducant,
1481 4266 1559 4311 ex
1620 4250 1728 4311 illa
1756 4249 2216 4328 (confessione)
2239 4251 2565 4312 obtentam
2600 4268 2615 4305 :
2650 4250 2767 4310 etsi
2797 4248 2997 4317 claves
3049 4249 3234 4326 regni
3283 4247 3578 4308 calorum
3642 4254 3871 4309 contra

590 4362 710 4409 nos
744 4344 1090 4424 quatiendo
1126 4345 1406 4421 vibrent,
1459 4345 1701 4424 quibus
1749 4354 2059 4425 quantum
2112 4346 2427 4407 honorare
2471 4345 2686 4421 ipsum
2747 4352 2995 4423 putant,
3066 4353 3310 4407 tantum
3377 4344 3633 4421 seipsos
3667 4344 3873 4425 debo-

590 4448 875 4515 norant;
936 4458 1082 4504 eum
1138 4457 1213 4504 ea
1284 4459 1429 4521 quas
1498 4440 1610 4503 ille
1671 4441 1948 4522 (Petrus)
2014 4442 2375 4514 constituit,
2438 4441 2565 4518 ipsi
2644 4440 3026 4511 dissolvent,
3102 4441 3558 4521 subruantque
3630 4439 3877 4504 funda-

594 4546 805 4601 menta
875 4539 1204 4614 Ecclesiae,
1260 4557 1395 4619 qua
1450 4538 1551 4602 illi
1592 4538 1964 4601 sustinenda
2025 4536 2389 4600 concredita
2445 4546 2593 4601 sunt
2682 4539 2814 4599 Hac
2877 4538 2942 4599 in
2993 4554 3060 4598 re
3123 4538 3178 4598 si
3232 4538 3382 4617 quis
3454 4554 3606 4599 es...
3644 4554 3872 4618 punge

591 4651 664 4694 ar.
739 4634 885 4709 feri,
932 4646 1234 4715 tanquam
1310 4636 1506 4699 levita
1580 4654 1652 4699 ac
1720 4638 1835 4700 Dei
1902 4636 2223 4711 minister,
2299 4635 2407 4698 bs
2474 4636 2587 4714 qui
2656 4631 2885 4696 bellum
2964 4643 3194 4712 gerunt
3246 4650 3365 4711 pro
3438 4650 3709 4693 suarum
3764 4652 3872 4695 co-

595 4733 979 4810 gitationum
1028 4734 1375 4811 ﬁgmentis,
1432 4741 1494 4794 et
1517 4741 1705 4811 caput
1754 4733 2668 4806 attolluntinxadorationcm,
2722 4739 2783 4792 et
2825 4748 3050 4794 omnes
3087 4730 3447 4791 submissos
3474 4730 3705 4793 volunt
3762 4732 3870 4794 sui

588 4827 985 4907 principatus
1012 4828 1502 4908 amplitudini.»
2131 4842 2136 4847 ’
2309 4894 2326 4911 ,

670 4930 743 4991 In
789 4928 919 4993 haec
954 4930 1171 5007 verba,
1203 4948 1349 5011 quia
1400 4950 1486 4995 ex
1513 4930 2074 5012 Responsionibus
2134 4932 2443 4995 Demetrii
2489 4931 2862 4995 Chomateni
2927 4930 3110 4991 affert
3163 4930 3385 4989 Petrus
3440 4926 3734 4991 Pithoeus
3800 4932 3868 4995 in

587 5027 880 5090 Historia
901 5030 1337 5090 controuersia:
1352 5028 1425 5091 de
1446 5031 1845 5109 processione
1868 5029 2151 5109 Spiritus
2172 5031 2399 5102 sancti,
2419 5028 2511 5091 sic
2528 5027 2979 5091 animadvertit
3000 5025 3177 5101 :Qua:
3197 5025 3503 5097 convicia,
3526 5024 3871 5105 inquiens,

591 5126 659 5182 in
688 5123 1019 5185 Nicolaum
1048 5125 1265 5203 potius
1300 5123 1401 5203 (ad
1435 5142 1631 5204 quem
1662 5124 1999 5200 scribebat)
2040 5143 2223 5205 quam
2268 5129 2335 5187 in
2364 5127 2559 5187 alium
2603 5125 2935 5204 quemlibet
2988 5123 3252 5196 directa,
3284 5124 3425 5202 quis
3462 5142 3591 5183 non
3631 5124 3809 5187 videt
3841 5128 3873 5188 i’

594 5220 732 5280 lmu
766 5218 993 5281 viderit
1028 5236 1239 5282 nemo.
1291 5220 1414 5283 Aio
1464 5222 1740 5298 primum
1774 5239 1945 5300 ego:
1990 5224 2201 5286 Sancti
2238 5222 2407 5284 Petri
2445 5221 2819 5300 primatum,
2852 5238 2924 5283 ac
2965 5220 3233 5281 Romani
3284 5220 3475 5279 etiam
3511 5221 3867 5297 pontificis,

591 5318 760 5379 Petri
790 5318 1009 5378 sedem
1036 5317 1344 5391 tenentis,
1383 5316 1506 5378 huc
1537 5316 1601 5378 in
1642 5318 1777 5379 loco
1822 5321 2076 5397 agnosci
2120 5337 2151 5381 a
2206 5318 2734 5396 TheOphylacto:
2786 5335 2856 5378 ac
2894 5334 3045 5377 sane
3091 5317 3501 5395 fundamenta
3538 5317 3870 5395 Ecclesia,

594 5414 729 5477 sive
777 5413 1094 5493 dogmata,
1147 5412 1512 5477 concredita
1544 5415 1766 5494 fuisse,
1804 5416 2028 5477 eodem
2055 5424 2338 5490 auctore,
2372 5415 2539 5477 Petri
2574 5414 2745 5487 sedi,
2784 5422 2853 5473 ut
2887 5415 3379 5473 sustinerentur.
3432 5413 3555 5474 Aio
3593 5414 3869 5491 deinde,

593 5510 771 5572 hisce
808 5512 1118 5588 primatus
1155 5510 1515 5589 privilegiis
1551 5510 1727 5572 abuti
1760 5511 2100 5590 Bulgarum
2136 5510 2695 5589 archiepisc0pum
2738 5532 2750 5569 :
2807 5510 3166 5589 eademque
3217 5508 3649 5571 conviciantis
3686 5529 3866 5574 more

591 5606 660 5664 in
696 5606 945 5668 Latinos
980 5608 1228 5683 projici,
1259 5624 1329 5668 ac
1356 5608 1409 5667 si
1448 5608 1932 5685 processionem
1958 5608 2231 5686 Spiritus
2258 5606 2455 5667 sancti
2486 5622 2518 5665 a
2553 5606 2727 5665 Patre
2760 5604 3059 5683 Filioque
3090 5605 3419 5674 docentes,
3445 5602 3868 5684 fundamenta

594 5700 892 5761 Ecclesia:
922 5709 1308 5763 everterent.
1349 5702 1521 5763 Adeo
1554 5719 1829 5779 namque
1872 5705 2158 5781 pertinax
2194 5714 2325 5773 erat
2361 5706 2631 5764 adverso
2676 5702 2743 5763 in
2778 5704 3097 5780 dogmate,
3141 5709 3209 5763 ut
3256 5702 3659 5763 contrarium
3702 5721 3860 5769 sen-

598 5796 828 5855 tientes
884 5806 1135 5874 putaret
1169 5815 1357 5875 agere
1409 5806 1624 5859 contra
1678 5802 1855 5862 Petri
1900 5801 2113 5862 throni
2158 5803 2628 5869 auctoritatem,
2681 5808 2897 5860 contra
2954 5800 3406 5878 confessionem
3451 5800 3589 5881 ejus
3620 5817 3659 5864 a
3702 5804 3863 5865 Iesu

596 5892 845 5952 (inrisio
886 5896 1411 5968 commendatam,
1450 5910 1663 5959 contra
1700 5899 1876 5975 regni
1908 5898 2201 5961 caelorum
2238 5900 2435 5963 clam
2474 5899 2731 5961 traditas
2768 5896 3000 5959 cidem.
3040 5896 3235 5959 Addit
3275 5897 3464 5959 etiam
3502 5897 3635 5963 bile
3682 5916 3858 5964 com-
