4034 6648
259 621 357 693 191
1140 630 1241 692 DE
1281 628 1867 692 THEOPHYLACTI
1908 630 2185 691 GESTIS
2226 631 2325 692 ET
2363 630 2736 717 SCRIPTIS.
3471 626 3581 695 123

261 745 480 801 motus
516 735 823 803 convicia
859 736 1178 801 adversus
1218 737 1673 816 expeditiones
1721 755 1963 813 sacras,
1996 756 2146 819 qua)
2183 756 2261 803 eo
2302 748 2597 821 tempore
2642 741 3204 821 suscipiebantur,
3256 741 3578 827 Romanis

268 834 688 914 pontiﬁcibus
749 835 1283 915 approbantibus.
1343 836 1493 897 Haec
1532 851 1837 914 germana
1891 835 2361 917 TheOphylacti
2401 858 2609 915 mens,
2661 839 3061 920 prmjudiciis
3094 839 3324 920 utique
3356 847 3581 902 contra

272 934 529 994 Letinos
563 942 897 1009 occupata,
940 931 1055 993 sed
1095 931 1472 993 hominibus
1505 932 1926 993 heterodoxis
1975 934 2251 995 nimium
2285 936 2585 999 adversa.
2638 945 2645 953 '

350 1030 447 1091 99.
485 1033 814 1110 Insignem
848 1030 1024 1092 illam
1062 1028 1343 1092 Michmae
1376 1029 1804 1108 prophetiam,
1847 1031 1925 1092 de
1962 1030 2083 1092 viri
2114 1029 2395 1093 illustris
2428 1042 2575 1111 ortu
2614 1034 2679 1094 in
2723 1035 2983 1096 civitate
3014 1031 3421 1106 Bethlehem,
3458 1030 3578 1093 de-

271 1135 498 1187 tortam
533 1124 745 1190 fuisse
775 1127 859 1187 ad
890 1126 1335 1189 Zorobabelem
1364 1144 1397 1188 a
1436 1125 1943 1214 Thcopbylacto,
1970 1128 2260 1208 itemque
2294 1146 2329 1191 a
2360 1130 2829 1209 Chrysostomo
2868 1140 2930 1192 et
2971 1128 3350 1207 Euthymio,
3397 1135 3581 1214 nota-

275 1224 363 1285 vit
400 1226 625 1287 Petrus
652 1225 879 1286 Daniel
910 1225 1189 1286 Huetius
1223 1226 1288 1287 in
1320 1225 1873 1285 Demonstratione
1905 1227 2284 1304 evangelica,
2309 1226 2761 1306 propositione
2799 1245 2933 1294 vur.
2975 1242 3156 1288 num.
3194 1243 3377 1287 xxvr.
3417 1213 3567 1287 Haec
3602 1286 3605 1294 ,

270 1322 556 1385 aientem
592 1323 974 1384 dormitasse
1006 1323 1219 1385 virum
1253 1322 1729 1393 doctissimum,
1768 1324 2014 1399 primus
2050 1324 2208 1386 vidit
2240 1332 2301 1385 et
2333 1325 3053 1387 admonuitRichardus
3077 1322 3412 1385 Simonius
3436 1320 3579 1383 loco

269 1438 472 1498 supra
504 1421 721 1483 citato.
759 1420 1004 1483 Iudaeis
1036 1418 1499 1483 Zorobabelem
1532 1418 2040 1480 obtrudentibus
2075 1421 2455 1482 adversatur
2500 1419 2603 1481 his
2638 1420 2858 1481 verbis
2908 1418 3451 1498 archiepisc0pus
3498 1416 3574 1478 ad

263 1517 551 1580 Μαίη)ῶί
585 1525 773 1592 caput
803 1535 873 1586 ιι,
915 1517 1147 1577 Dicunt
1178 1516 1410 1588 Judaei,
1445 1515 1776 1593 inquiens,
1812 1513 1981 1593 quod
2010 1516 2125 1577 hoc
2166 1516 2545 1593 praedictum
2575 1518 2661 1578 sit
2693 1516 2768 1577 de
2798 1514 3155 1577 Zorobabel
3201 1534 3221 1585 ;
3260 1512 3371 1574 sed
3398 1531 3577 1574 men-

262 1612 527 1674 tiuntur
569 1612 922 1692 mani/este.
954 1611 1208 1671 Etenim
1235 1610 1595 1672 Zorobabel
1624 1610 1847 1671 nonin
1878 1610 2240 1673 Bethlehem
2270 1622 2463 1673 natus
2498 1621 2590 1673 est
2632 1635 2652 1682 ;
2683 1611 2793 1672 sed
2824 1614 2893 1673 in
2935 1609 3262 1691 Babylone
3299 1654 3314 1670 .
3352 1656 3368 1671 .
3406 1656 3422 1673 .
3455 1606 3582 1671 Sed

264 1720 331 1770 et
359 1710 701 1789 prophetia
724 1710 1052 1787 manifeste
1084 1714 1301 1787 arguit
1334 1727 1460 1779 eos,
1496 1707 1748 1770 dicens:
1781 1730 1811 1764 α
1836 1708 2151 1786 Egressus
2176 1710 2309 1790 ejus
2338 1728 2377 1769 a
2403 1710 2762 1788 principio,
2795 1728 2834 1769 a
2865 1708 3088 1789 diebus
3120 1708 3523 1770 aeternitatis.
3548 1729 3574 1761 η

263 1808 469 1887 Cujus
497 1817 705 1868 autem
735 1806 1004 1868 alterius
1039 1825 1327 1886 egressus
1356 1807 1487 1884 fuit
1511 1806 1586 1866 ab
1616 1808 1807 1868 initio
1847 1816 1905 1867 et
1957 1826 1997 1867 a
2031 1806 2251 1868 diebus
2294 1806 2703 1881 wternitatis,
2745 1826 2931 1887 quam
2971 1806 3236 1878 Christi,
3277 1806 3386 1884 qui
3415 1802 3575 1864 duas

260 1922 555 1982 egressus
570 1902 814 1974 habuit,
831 1905 945 1966 hoc
964 1913 1054 1963 est
1084 1905 1454 1965 nativitates
1477 1906 1505 1964 Υ
1526 1904 1607 1964 Di
1616 1914 1764 1964 cant
1783 1904 1989 1983 igitur
2001 1904 2235 1980 Judwi,
2263 1922 2415 1965 num
2432 1906 2485 1967 Ζ
2490 1903 2793 1967 orababel
2809 1903 2888 1966 ab
2905 1904 3096 1967 initio
3118 1902 3323 1985 fuerit
3348 1903 3379 1963 ?
3430 1901 3573 1955 Ἀλλ’

224 2006 229 2009 ’
256 2002 367 2055 οὐκ
395 2002 608 2071 ἔχουσιν
632 2002 829 2065 εἰπεῖν,
854 2001 978 2062 Sed
1006 2019 1136 2061 non
1179 2000 1435 2074 habent,
1474 2000 1644 2081 quod
1672 2001 1913 2066 dicant.

344 2105 587 2167 Eadem
628 2102 905 2183 legimus
942 2101 1132 2163 verba
1159 2102 1328 2180 apud
1370 2102 1685 2162 Joannem
1728 2101 2267 2179 Chrysostomum
2304 2107 2365 2163 et
2400 2099 2832 2181 Euthymium
2887 2098 2964 2162 ad
3012 2098 3234 2177 ipsum
3294 2098 3576 2164 Matthaei

256 2202 505 2264 locum.
533 2200 764 2276 Quid?
794 2199 967 2283 quod
1003 2199 1199 2261 etiam
1231 2198 1295 2259 in
1332 2198 1555 2258 eadem
1589 2197 1926 2276 prOphetia
1967 2215 2097 2262 non
2132 2198 2361 2272 alium,
2416 2199 2545 2260 nisi
2592 2201 2821 2260 Jesum
2864 2196 3197 2259 Christum
3245 2195 3581 2261 intellexit

254 2296 792 2377 Theophylactus
814 2295 880 2359 in
904 2296 1381 2359 Commentario
1400 2296 1477 2356 ad
1493 2294 1851 2369 Michaeam,
1869 2303 1940 2357 ut
1962 2295 2029 2357 in
2055 2297 2281 2359 codice
2304 2294 3105 2359 Bavarico-Monachiensi
3132 2294 3448 2356 habetur:
3483 2297 3581 2351 Ἐκ

256 2395 359 2449 σοῦ
389 2397 497 2467 γὰρ
527 2395 812 2451 ἐλεύσεται
842 2396 869 2449 ὁ
903 2393 1163 2465 Χριστὸς,
1193 2392 1251 2455 ὃς
1282 2391 1439 2463 ἄρξει
1466 2390 1563 2445 τοῦ
1586 2392 1827 2463 Ἰσραήλ,

2026 2402 2083 2455 te
2137 2395 2303 2455 enim
2352 2395 2539 2456 exiet:
2577 2393 2914 2467 Christus,
2976 2392 3088 2471 qui
3138 2389 3581 2454 dominabitur

250 2493 487 2557 Israel.
523 2496 758 2559 Caetera
794 2492 1154 2574 prophetia)
1179 2492 1369 2555 verba
1402 2491 1515 2552 uni
1546 2492 1703 2554 Jesu
1729 2490 1985 2555 Christo
2014 2490 2275 2571 egregie
2303 2490 2575 2571 adaptat-
2594 2490 2918 2571 interpres
2943 2488 3496 2569 TheOphylactus.

1832 2667 2017 2731 XXV.

251 2832 429 2896 Novi
459 2831 840 2913 Testamenti
868 2830 1245 2913 eodemque
1265 2828 1771 2913 Theophylactus
1803 2825 2128 2913 utebatur,
2162 2826 2409 2913 integer
2433 2826 2499 2913 in
2516 2834 2838 2913 postremo
2872 2823 3082 2913 sancti
3116 2821 3326 2913 Marci
3346 2822 3581 2913 capite.

346 2911 616 2973 Mutilus
656 2911 727 2971 in
754 2902 1025 2979 Joanne,
1047 2902 1160 2970 ubi
1191 2908 1264 2968 de
1295 2902 1559 2969 muliere
1575 2906 1873 2969 adultera
1901 2909 2145 2983 agitur.
2177 2902 2764 2984 lntérpolationum
2799 2904 3116 2982 specimen
3138 2921 3214 2963 ac
3240 2902 3585 2964 lectionum

338 2990 788 3069 genuinarum.
823 2988 1122 3064 Quianam
1156 2988 1393 3049 codicis
1425 2990 1656 3051 divisio
1691 2989 1758 3047 in
1790 2986 2004 3065 capita
2047 2983 2444 3063 minoresque
2476 2983 2814 3045 sectiones.

344 3137 484 3199 100.
519 3138 812 3201 Grmcum
845 3138 1005 3199 Novi
1050 3134 1445 3197 Testamenti
1479 3134 1800 3203 codicem,
1838 3149 2033 3212 quem
2071 3130 2212 3193 suis
2245 3128 2777 3209 TheOphylactus
2820 3127 3189 3190 illustrabat
3225 3132 3580 3192 Commen-

252 3234 468 3307 tariis,
506 3243 832 3312 postremo
863 3232 1007 3296 loco
1040 3237 1413 3311 expendere
1447 3232 1635 3296 lieeat
1695 3231 1971 3312 ejusque
2012 3237 2226 3289 notam
2262 3226 2584 3289 indicare.
2610 3224 2894 3304 Legebat
2928 3226 3041 3287 ille
3080 3226 3145 3285 in
3182 3235 3371 3288 sexto
3402 3227 3588 3304 deci—

257 3347 368 3393 mo
408 3330 602 3393 Marci
655 3330 865 3406 capite
929 3348 1167 3392 comma
1221 3348 1459 3389 nonum
1512 3346 1658 3390 cum
1697 3327 2130 3407 sequentibus
2180 3326 2257 3387 ad
2311 3326 2505 3388 ﬁnem
2542 3341 2756 3404 usque
2796 3346 2810 3385 :
2868 3341 2939 3384 ac
2973 3340 3045 3384 ea
3090 3340 3247 3387 sane
3288 3324 3581 3401 exponit.

224 3427 632 3491 ‘Sectionem
665 3426 855 3500 hanc,
887 3443 1005 3488 seu
1043 3426 1313 3505 capituli
1338 3434 1577 3503 partem
1615 3434 1729 3487 aut
1748 3442 1880 3485 non
1907 3424 2255 3503 recipimus
2285 3421 2704 3499 [LXHaieba-t
2728 3420 3179 3500 Hieronymus
3205 3420 3271 3481 in
3309 3421 3589 3499 epistola

256 3525 340 3587 ad
372 3523 777 3605 Hedibiam,)
812 3522 981 3604 quod
1008 3523 1077 3584 in
1106 3524 1307 3584 variis
1336 3524 1552 3604 fertur
1599 3511 2274 3599 evangeliis,omnibus
2302 3520 2562 3583 Graecia:
2590 3519 2778 3582 libris
2808 3539 2966 3599 pene
3004 3538 3133 3580 non
3161 3519 3542 3581 habentibus
3566 3548 3587 3589 ε

251 3622 619 3703 prtesertim
683 3640 823 3682 cum
884 3620 1142 3681 diversa
1196 3629 1384 3699 atque
1448 3619 1785 3681 contraria
1838 3618 2242 3696 evangelistis
2301 3619 2546 3679 cwteris
2635 3634 2910 3678 narrare
2962 3617 3282 3678 videatur.
3343 3617 3584 3679 Eadem

261 3724 366 3779 est
392 3718 469 3779 ad
498 3734 647 3779 eum
687 3716 898 3779 locum
929 3714 1744 3796 animadversio‘Gregorii
1776 3715 2063 3795 Nysseni
2096 3715 2392 3780 oratione
2427 3734 2474 3777 ιι
2504 3714 2578 3776 de
2602 3715 3113 3789 Rcsurrectione,
3144 3731 3215 3777 ac
3245 3712 3588 3795 Eutbyn‘iii

260 3816 626 3897 Zygabeni.

341 3936 557 4000 Satius
584 3936 781 3998 fuerit
807 3955 954 4000 cum
981 3940 1229 4023 Joanne
1267 3938 1477 4001 Millio
1509 3939 1819 4002 adnotare
1851 3959 1868 4001 :
1907 3960 1937 3995 α
1971 3938 2385 4019 Exemplaria
2412 3956 2572 4001 mss.
2612 3936 2677 3999 ut
2713 3944 2773 3999 et
2806 3936 3144 3999 versiones
3175 3935 3567 4011 universim,

259 4037 586 4099 Irenaeum
636 4038 815 4110 item,
856 4038 1277 4098 Ammonium
1312 4038 1381 4098 in
1441 4039 1887 4100 Monotessaro
1934 4036 2301 4115 (Tatianum
2346 4038 2409 4098 i'n
2457 4053 2576 4098 sua
2612 4035 3027 4115 Harmonia),
3085 4034 3473 4111 Eusebium,
3520 4045 3591 4097 ut

260 4141 533 4211 apparet
564 4150 641 4196 ex
683 4133 953 4195 Tabulis
984 4134 1349 4207 Canonum,
1402 4134 1860 4207 Athanasium,
1908 4135 2384 4211 Augustinum,
2420 4132 3010 4211 'I‘heOpbylactum,
3046 4132 3410 4211 capitulum
3462 4133 3586 4196 hoc

258 4246 661 4308 agnoscere:
699 4240 768 4292 ut
804 4230 883 4292 de
918 4229 1179 4302 αὑθεντίᾳ
1211 4230 1394 4292 illius
1430 4248 1557 4293 non
1626 4233 1711 4292 sit
1768 4230 1942 4310 quod
1982 4230 2384 4293 dubitemus.
2422 4230 2785 4293 Prmsertim
2835 4248 2982 4291 cum
3018 4231 3207 4305 ratio,
3258 4230 3343 4293 ob
3392 4248 3589 4311 quam

265 4326 682 4390 omitteretur
712 4326 894 4402 olim,
920 4325 1170 4389 scilicet
1202 4327 1370 4407 quod
1397 4327 1651 4390 diversa
1680 4337 1864 4407 atque
1896 4329 2227 4389 contraria
2257 4326 2663 4409 evangelistis
2685 4329 2927 4391 caeteris
2958 4346 3235 4390 narrare
3268 4327 3588 4403 videatur,

258 4424 540 4485 omnino
570 4423 748 4485 nulla
773 4425 971 4498 sit,ut
1001 4425 2010 4488 ostenduntcommentatoresin
2044 4425 2284 4487 locum.
2334 4448 2362 4483 ››
2399 4429 2836 4505 Apparentem
2868 4424 3040 4487 tollit
3074 4427 3213 4505 ipse
3246 4425 3598 4506 TheOphy-

257 4519 475 4583 lactus
504 4521 908 4601 antilogiam.
949 4525 1287 4586 Malthmus
1320 4523 1529 4602 capite
1560 4542 1787 4598 XXVIII,
1822 4543 1881 4587 v.
1916 4522 1973 4596 1,
2015 4523 2112 4584 sic
2144 4524 2232 4586 ait
2274 4542 2287 4585 :
2356 4526 2619 4604 Vespere
2663 4536 2875 4585 autem
2919 4524 3206 4596 Sabbati,
3248 4542 3383 4603 qua:
3431 4524 3595 4584 luce-

256 4618 391 4681 scit
417 4619 727 4697 inprima
756 4619 1017 4681 Sabbati
1050 4668 1063 4683 .
1103 4666 1121 4688 .
1164 4668 1178 4683 .
1214 4623 1511 4683 surrexit
1547 4623 1870 4683 Christus.
1903 4621 2107 4684 Marci
2147 4639 2302 4685 vero
2342 4622 2536 4684 verba
2568 4629 2721 4683 sunt
2758 4643 2773 4683 :
2824 4622 3103 4700 Surgens
3149 4632 3362 4681 autem
3406 4640 3588 4682 mane

255 4717 483 4795 prima
511 4716 794 4779 Sabbati.
828 4719 1447 4801 Interpretationem
1482 4719 1957 4801 TheOphylacti
1996 4720 2218 4797 accipe
2252 4741 2273 4781 :
2320 4744 2348 4776 α
2387 4722 2543 4782 Cum
2588 4720 2981 4779 surrexisset
3012 4720 3225 4780 Jesus.
3269 4720 3408 4781 Hoc
3448 4718 3593 4783 loco

267 4820 585 4891 punctum
610 4830 804 4893 pone.
842 4795 1094 4877 Ifeinde
1131 4817 1239 4877 die
1276 4838 1290 4876 :
1331 4816 1520 4877 Mane
1563 4795 1778 4895 prima
1817 4816 2083 4879 Sabbati
2116 4795 2429 4898 apparuit
2480 4818 2713 4879 Maria:
2758 4816 3177 4897 Magdalence.
3230 4820 3370 4880 Non
3426 4817 3599 4881 enim

257 4910 559 4972 surrexit
588 4930 789 4972 mane.
818 4912 981 4984 Quis
1016 4913 1193 4975 enim
1229 4914 1415 4983 vidit,
1459 4914 1725 4992 quando
1757 4915 2108 4976 surrexit?
2142 4917 2265 4976 Sed
2301 4916 2611 4994 apparuit
2642 4932 2846 4988 mane,
2880 4914 3215 4975 Dominica
3246 4914 3387 4989 die,
3454 4931 3605 4993 quin

264 5014 370 5070 est
408 5007 612 5085 prima
664 5009 945 5084 Sabbati,
1008 5009 1129 5073 hoc
1160 5018 1257 5073 est
1302 5010 1749 5073 hebdomadis.
1798 5034 1827 5066 ››
1872 5013 2325 5092 Augustinum
2374 5003 2748 5074 'Calmetum
2800 5009 3075 5074 consule
3123 5012 3203 5074 de
3262 5010 3421 5074 hora
3471 5028 3602 5092 qua

262 5104 571 5169 Christus
602 5123 640 5167 a
666 5108 942 5169 mortuis
984 5108 1371 5171 resurrexit.

356 5224 494 5284 101.
535 5223 738 5300 Caput
770 5225 1066 5298 Joannis,
1113 5226 1286 5303 quod
1324 5235 1623 5291 octavum
1661 5236 2061 5301 numeratur,
2103 5229 2205 5291 his
2237 5229 2496 5292 orditur
2530 5230 2748 5292 verbis
2774 5229 3311 5307 archiepisc0pus
3354 5232 3601 5307 Bunga-

258 5322 379 5385 riae
411 5341 423 5380 :
458 5316 951 5401 Responderunt
972 5332 1027 5385 et
1049 5323 1428 5389 dixeruntei
1473 5350 1492 5389 :
1538 5330 1705 5393 Num
1748 5338 1801 5390 et
1849 5327 2237 5389 tuGalilwus
2272 5347 2331 5387 es
2369 5330 2397 5388 7
2442 5330 2748 5389 Scrutare
2774 5340 2829 5390 et
2864 5326 3005 5390 vide
3041 5326 3211 5407 quod
3266 5346 3303 5386 α
3331 5327 3601 5389 ϐαἰὶίαά

252 5421 584 5502 propheta
614 5439 746 5480 non
775 5424 1158 5485 surrexerit.
1223 5425 1403 5487 Istud
1436 5443 1680 5489 comma
1718 5435 1815 5488 est
1846 5428 1924 5493 52
1968 5427 2033 5488 in
2072 5425 2349 5507 vulgatis
2385 5428 2596 5506 capite
2634 5427 2939 5505 septimo.
2976 5428 3138 5487 Tum
3174 5428 3343 5506 apud
3385 5426 3599 5503 ipsum

266 5516 835 5595 Theophylactum
865 5521 1215 5598 sequitur:
1268 5523 1505 5585 Iterum
1543 5526 1749 5602 igitur
1794 5526 1883 5585 eis
1938 5524 2189 5586 locutus
2223 5535 2313 5586 est
2360 5528 2550 5587 Jesus
2581 5547 2597 5586 :
2628 5525 2768 5604 Ego
2820 5543 2956 5584 sum
3011 5524 3129 5585 lux
3171 5522 3417 5584 mundi.
3471 5521 3599 5597 Qui

264 5617 567 5694 sequitur
627 5634 746 5689 me,
803 5633 933 5674 non
978 5616 1334 5680 ambulabit
1387 5622 1454 5682 in
1515 5622 1819 5697 tenebris,
1870 5620 1979 5682 sed
2024 5620 2279 5683 habebit
2311 5622 2520 5683 lumen
2552 5624 2699 5682 vitae
2736 5645 2751 5689 ;
2791 5621 2966 5701 quod
3003 5628 3100 5681 est
3133 5636 3382 5681 comma
3429 5619 3503 5677 12
3540 5637 3596 5678 πυ

271 5722 500 5777 octavo
547 5714 788 5793 capite.
851 5714 1081 5793 Itaque.
1124 5716 1266 5795 ejus
1314 5719 1379 5779 in
1435 5721 1659 5782 codice
1727 5720 2020 5782 defuisse
2078 5717 2339 5780 videtur
2390 5735 2638 5780 comma
2693 5718 2770 5779 53
2831 5734 2963 5796 quo
3020 5718 3371 5795 septimum
3409 5726 3598 5791 caput

273 5812 605 5874 clauditur
640 5827 654 5870 :
698 5809 782 5871 Et
818 5812 1059 5871 reversi
1090 5823 1237 5875 sunt
1272 5818 1702 5896 unusquisque
1736 5820 1803 5878 in
1852 5818 2104 5879 domum
2134 5837 2333 5880 suam.
2373 5819 2627 5897 Integra
2669 5833 2838 5884 vero,
2878 5833 3025 5894 qua)
3070 5814 3306 5891 legitur
3358 5812 3597 5873 ibidem

270 5908 339 5974 in
382 5909 708 5991 Vulgatis,
750 5909 1048 5970 Mulieris
1081 5912 1387 5973 adultera:
1420 5912 1688 5977 historia
1714 5916 2206 5979 desiderabatur
2248 5937 2262 5975 :
2300 5922 2360 5977 et
2415 5917 2576 5977 hanc
2608 5924 2731 5976 suo
2772 5930 2905 5975 non
2958 5912 3226 5991 exponit
3265 5926 3600 5972 commen-

268 6010 432 6073 tario
465 6008 830 6087 Bulgarus.

338 6107 477 6173 Hac
532 6105 622 6170 de
662 6119 731 6165 re
770 6103 895 6167 lato
944 6121 1058 6183 pro
1101 6104 1418 6187 dignitate
1456 6125 1757 6176 sermone
1793 6118 1994 6192 agunt
2028 6128 2225 6175 sacrae
2256 6110 2605 6190 Scripturm
2650 6111 3041 6186 interpretes
3079 6115 3137 6170 et
3178 6104 3380 6170 critici
3420 6102 3590 6167 scri-
