4034 6578
561 403 667 487 iss
1403 353 1637 468 uana.
1674 403 1945 468 manus
1983 401 2084 465 na
2121 397 2411 474 nuents
2446 391 2952 460 DISSERTATIO
3702 383 3802 454 tet

562 529 799 604 ptores.
847 521 1276 600 Quamplures
1328 528 1682 586 memorant
1728 521 1986 584 Graecos
2018 518 2303 590 codices,
2351 523 2414 579 et
2467 512 2802 576 versiones
2840 509 3241 573 Armenicam
3273 515 3338 575 et
3369 508 3704 591 Syriacam
3733 507 3802 572 in

563 618 942 698 Polyglottis
974 619 1448 682 Perisiensibus
1485 628 1547 682 et
1581 606 2132 691 Londinensibus,
2162 615 2272 678 ubi
2313 619 2624 677 commata
2657 611 2768 672 illa
2799 608 3191 671 omittuntur
3221 627 3242 682 ς
3280 607 3646 686 eademque
3673 621 3800 667 non

563 725 899 793 exponunt
933 717 1277 794 Origenes,
1312 716 1838 797 Chrysostomus,
1868 718 2136 781 Nonnus
2179 721 2242 777 et
2275 712 2409 776 alii.

641 811 901 874 Mutilos
920 811 1289 893 hujusmodi
1309 814 1563 876 codices
1592 813 1824 888 fuisse,
1846 811 2222 875 mutilumve
2241 810 2526 872 codicem
2553 801 3040 884 TheOphylacti,
3064 818 3180 879 pro
3205 808 3379 864 certo
3408 799 3805 863 habendum

561 910 804 971 Partem
842 907 1002 970 hanc
1038 919 1285 987 prastat
1315 910 1532 976 Latina
1566 907 1806 990 vulgati
1861 909 2234 987 interpretis
2263 902 2754 986 versio,quaain
2791 901 3013 964 codice
3038 896 3550 975 Cantabrigensi,
3593 893 3806 957 Millio

561 1003 927 1078 adnotante,
959 1013 1350 1080 asservatur,
1383 1007 1592 1088 qualis
1621 1015 1768 1070 ante
1797 1004 2179 1085 Hieronymi
2222 1005 2708 1084 castigationem
2742 999 3050 1065 exstabat.
3090 997 3234 1076 Ipse
3267 1001 3538 1058 testatur
3575 993 3806 1055 Hiero-

559 1115 794 1178 nymus
855 1101 1020 1164 libro
1088 1121 1136 1163 Il
1187 1114 1414 1168 contra
1458 1103 1858 1183 Pelagianos,
1907 1119 2088 1166 num.
2136 1101 2236 1176 17,
2275 1103 2345 1164 in
2380 1100 2725 1180 Evangelia
2774 1095 3110 1159 secundum
3149 1095 3459 1157 Joannem
3486 1093 3555 1154 in
3584 1089 3807 1152 multis

558 1193 799 1258 Gracis
835 1206 894 1259 et
941 1197 1189 1261 Latinis
1214 1199 1535 1262 codicibus
1563 1199 1836 1265 inveniri
1860 1198 1934 1260 de
1961 1197 2251 1261 adultera
2274 1196 2560 1262 muliere.
2612 1194 2824 1277 Hujus
2877 1190 3213 1256 historiam
3247 1190 3387 1252 suis
3420 1187 3489 1250 in
3524 1188 3807 1250 Harmo-

556 1292 684 1352 niis
723 1291 1093 1373 euangelicis
1136 1295 1554 1359 inseruerunt
1582 1296 1914 1369 Tatianus,
1956 1297 2179 1359 saeculi
2227 1294 2528 1369 secundi,
2574 1298 2638 1356 et
2687 1290 3076 1356 Ammonius
3109 1286 3276 1352 tertii
3317 1285 3621 1364 scriptor.
3655 1285 3807 1347 Eam

559 1385 791 1449 habent
843 1389 1051 1452 Latini
1111 1391 1366 1454 codices
1426 1397 1901 1472 omnes,_‘quos
1959 1391 2078 1452 viri
2104 1390 2467 1454 doctissimi
2517 1388 2905 1469 inspexere:
2967 1403 3042 1450 ac
3093 1383 3357 1468 plurimi
3403 1381 3640 1445 habent
3668 1396 3812 1444 eam

561 1482 762 1546 Graeci
794 1483 1072 1559 codices,
1107 1501 1275 1564 quos
1305 1469 1771 1566 expenderunt'
1787 1487 2170 1550 Theodorus
2200 1488 2387 1562 Beza,
2419 1485 2739 1552 Bobertus
2771 1486 3161 1564 Stephanus,
3201 1483 3488 1544 Joannes
3526 1475 3808 1542 Millius.

560 1577 952 1644 Omissionis
985 1582 1049 1645 in
1089 1583 1423 1662 aliquibus
1451 1601 1709 1648 causam
1739 1585 1944 1664 aperit
1972 1584 2379 1664 Augustinus
2404 1582 2569 1646 libro
2599 1599 2647 1645 ιι
2677 1581 2765 1644 De
2799 1579 3116 1662 conjugiis
3167 1575 3576 1646 adulterinis,
3599 1572 3812 1653 capite

560 1677 618 1737 '7.
658 1693 674 1734 :
709 1699 738 1735 α
777 1679 1081 1744 Nonnulli
1130 1681 1401 1745 modica!
1445 1681 1617 1756 fidei,
1678 1682 2011 1762 inquiens,
2039 1684 2141 1745 vel
2186 1681 2403 1761 potius
2449 1678 2701 1744 inimici
2752 1695 2920 1742 verte
2959 1677 3134 1747 ﬁdei,
3177 1673 3398 1748 credo,
3445 1677 3814 1735 metuentes

558 1773 862 1851 peccandi
907 1774 1360 1853 impunitatem
1405 1780 1558 1858 dare
1592 1779 1980 1842 mulieribus
2016 1779 2155 1843 suis
2191 1777 2358 1842 illud
2390 1777 2567 1857 quod
2602 1775 2682 1841 de
2711 1772 3020 1840 adulterat
3051 1769 3458 1851 indulgentia
3490 1768 3814 1832 Dominus

556 1865 730 1940 fecit,
765 1869 1088 1934 auferrent
1121 1873 1201 1937 de
1233 1875 1568 1939 codicibus
1600 1878 1766 1940 suis.
1807 1899 1838 1934 :-

639 1965 786 2026 Alia
816 1975 909 2028 est
945 1968 1138 2031 Millii
1177 1971 1543 2050 conjectura
1575 1995 1593 2036 :
1627 1997 1654 2029 α
1694 1975 2040 2036 Historiam
2070 1973 2257 2044 hanc,
2289 1973 2496 2054 quod,
2555 1979 2628 2036 ut
2666 1971 2946 2038 videtur,
2988 1967 3299 2046 expedire
3333 1980 3461 2028 non
3509 1969 3815 2043 putarent

563 2069 633 2120 ut
663 2079 873 2124 coram
920 2065 1162 2143 populo
1196 2083 1270 2128 ea
1313 2067 1655 2147 legeretur,
1690 2069 1861 2130 obelo
1888 2070 2018 2148 jam
2041 2068 2598 2148 olimjugularunt
2627 2067 2693 2130 in
2725 2066 2910 2129 libris
2936 2064 3288 2142 prmsertim
3317 2063 3628 2144 publicis.
3659 2059 3816 2118 '06:-

561 2155 824 2226 λισμένην
853 2168 1088 2236 autem,
1123 2179 1329 2244 eoque
1353 2165 1502 2243 ipso.
1525 2183 1642 2228 ceu
1668 2175 2055 2244 suSpectam,
2091 2167 2475 2246 prateriisse
2511 2183 2657 2229 mox
2690 2164 3013 2235 librarios,
3050 2163 3110 2226 id
3150 2178 3301 2225 vero
3325 2171 3501 2225 extra
3535 2161 3813 2232 dubium

562 2271 711 2318 esse
771 2257 1074 2320 arbitror.
1129 2259 1307 2321 Unde
1355 2277 1472 2321 nec
1528 2261 1788 2332 mirum,
1823 2261 1877 2321 si
1928 2259 2206 2324 defuerit
2249 2262 2315 2324 in
2358 2261 2694 2324 codicibus
2737 2259 3072 2339 aliquibus
3107 2262 3299 2322 etiam
3352 2265 3499 2320 ante
3524 2268 3815 2335 tempora

562 2353 942 2433 Hieronymi
985 2363 1046 2416 et
1078 2355 1141 2416 in
1176 2358 1656 2418 commentariis
1687 2357 2082 2419 Graecorum.
2135 2361 2215 2420 At
2261 2358 2534 2421 dubium
2573 2373 2700 2420 non
2746 2357 2834 2430 ﬁt,
2878 2355 3037 2436 quin
3077 2354 3434 2433 capitulum
3467 2355 3612 2424 hoc,
3649 2357 3818 2418 Ver-

558 2447 764 2510 sionis
799 2447 1067 2527 vulgataa
1113 2458 1173 2512 et
1223 2451 1685 2529 exemplarium
1740 2451 2331 2517 vetustissimorum
2385 2456 2506 2518 nale
2535 2454 2914 2527 stabilitum,
2950 2453 3119 2514 inter
3156 2451 3359 2514 sancti
3390 2451 3663 2514 Joannis
3693 2469 3810 2532 ga-

561 2546 763 2608 nuina
800 2548 1121 2610 recenseri
1152 2548 1446 2611 debeat.»
1487 2550 1704 2624 Ipsum
1736 2549 1929 2612 latius
1969 2552 2395 2615 disserentem
2421 2551 2722 2626 consule,
2757 2557 2819 2614 et
2849 2549 3288 2630 Augustinum
3322 2547 3704 2624 Calmetum,
3752 2556 3819 2612 et

558 2648 818 2710 Petrum
855 2647 1150 2710 Sabatier
1200 2649 1266 2710 in
1304 2665 1422 2711 sua
1452 2650 1656 2712 Veteri
1686 2648 1919 2712 Italica
1954 2651 2268 2730 Vcrsione.

641 2745 777 2806 102.
811 2744 1199 2824 lnterpolata
1231 2761 1302 2807 ac
1333 2743 1550 2807 vitiata
1593 2745 1731 2809 loca
1785 2747 2042 2809 inerant
2070 2745 2296 2809 eodem
2328 2743 2395 2806 in
2435 2743 2680 2818 codice,
2719 2760 2852 2822 quo
2895 2741 3416 2821 TheOphylactus
3455 2740 3763 2813 utebatur
3797 2763 3816 2814 ;

557 2839 943 2920 inerantque
1017 2841 1319 2920 genuinae
1395 2841 1708 2904 lectiones
1753 2886 1772 2915 ,
1847 2858 1881 2904 a
1932 2841 2174 2921 quibus
2250 2842 2489 2904 abeunt
2558 2840 2818 2903 codices
2903 2837 3016 2901 alii
3088 2839 3381 2918 itemque
3455 2837 3812 2902 editiones.

558 2935 908 3017 Utriusque
964 2937 1219 3016 generis
1277 2938 1460 3014 plura
1507 2937 1803 3016 exempla
1845 2938 2032 3000 oﬂert
2093 2941 2373 3001 Joannes
2436 2939 2687 3001 Millius
2742 2939 2810 3000 in
2865 2935 3354 3016 Prolegomenis
3418 2936 3494 2999 ad
3553 2937 3813 2999 Novum

562 3035 1038 3094 Testamentum
1076 3035 1366 3098 Graacum
1416 3051 1451 3097 a
1485 3051 1662 3097 num.
1701 3036 1877 3099 1059.
1915 3035 2279 3114 Specimina
2314 3033 2514 3098 aﬂ‘ero
2553 3033 2896 3108 nonnulla,
2931 3043 3002 3096 ut
3041 3034 3180 3096 haec
3205 3031 3411 3114 magis
3441 3031 3820 3097 innotescat

561 3126 1056 3190 animadversio.

641 3228 820 3302 [LXI]
857 3227 925 3290 In
963 3231 1314 3311 Evangelio
1344 3231 1614 3296 Matthaai
1647 3233 1852 3312 capite
1875 3252 1964 3305 tv,
2003 3252 2062 3295 v.
2093 3232 2195 3308 25,
2236 3234 2407 3296 inter
2437 3251 2549 3298 eos
2585 3233 2698 3314 qui
2727 3234 2926 3296 oariis
2959 3233 3373 3315 languoribus
3407 3232 3622 3296 affecti
3661 3231 3823 3297 male

560 3340 623 3382 se
639 3323 964 3398 habebant,
995 3326 1059 3388 in
1088 3328 1385 3390 versione
1421 3330 1666 3407 vulgata
1697 3329 1992 3392 Lunatici
2022 3329 2515 3409 distinguuntur
2541 3330 2620 3391 ab
2644 3330 2724 3391 iis
2757 3330 2873 3410 qui
2904 3327 3206 3393 damonia
3237 3330 3571 3394 habebant.
3626 3329 3819 3405 Apud

561 3417 1110 3500 TheOphylactum
1137 3425 1378 3488 mentio
1400 3427 1574 3488 nulla
1610 3437 1718 3490 τῶν
1743 3438 2154 3508 δαιμονιζομένυ

2215 3428 2363 3498 ,sed
2397 3442 2511 3505 pro
2545 3425 2974 3506 hisintelligit
3004 3426 3144 3505 ipso
3160 3428 3426 3490 eosdem
3459 3424 3808 3491 lunaticos.

560 3515 1008 3579 Commentarii
1033 3522 1220 3581 verba
1247 3529 1425 3584 sunt:
1452 3523 1792 3586 Lunatieos
1819 3534 2023 3586 autem
2045 3523 2202 3587 dicit
2231 3525 2665 3599 damoniacos,
2689 3531 2810 3589 etc.
2843 3526 3068 3602 Marci,
3092 3528 3298 3604 capite
3321 3546 3366 3600 ι,
3404 3545 3466 3589 v.
3492 3527 3599 3599 ΞΘ,
3633 3535 3823 3601 Ἐξιλο

562 3622 670 3678 Θὼν
695 3619 876 3692 ἦλθεν,
909 3617 1226 3694 egrediens
1255 3621 1444 3692 venit,
1483 3637 1594 3698 pro
1633 3630 1943 3694 ἐξελθόντες
1976 3627 2155 3700 ἦλθον,

2224 3620 2580 3701 τῃνεάἰοηιω
2604 3631 2935 3694 venerunt,
2966 3623 3272 3686 Proxime
3305 3623 3577 3704 quidem
3602 3623 3817 3686 solius

563 3711 792 3772 Chrile
847 3711 1086 3774 mentio
1118 3720 1252 3774 est:
1289 3716 1400 3777 sed
1430 3719 1773 3796 respicitur
1821 3720 1897 3780 ad
1931 3722 2268 3797 superiora
2298 3738 2354 3780 v.
2389 3720 2490 3790 2t,
2539 3720 2650 3780 ubi
2695 3721 2774 3779 de
2805 3718 3153 3798 discipulis
3185 3720 3516 3800 simulque
3563 3719 3823 3785 Christo

561 3808 792 3924 agitur.
827 3811 1010 3870 Lucae
1038 3811 1243 3884 capite
1272 3832 1315 3885 ι,
1364 3832 1424 3876 v.
1461 3816 1574 3888 73,
1614 3817 2178 3924 5pxou,juramenti
2225 3831 2359 3889 pro,
2387 3816 3050 3895 opnovjuramentum;
3089 3814 3248 3878 illud
3293 3824 3511 3879 autem
3541 3833 3576 3880 a
3607 3817 3824 3881 Theo-

561 3905 858 3984 phylacto
898 3915 1278 3986 usurpatum
1316 3919 1660 3991 syntaxeos
1685 3905 1906 3992 gratia.
1949 3915 2023 3974 Et
2048 3913 2251 3988 capite
2279 3930 2390 3982 xu,
2421 3931 2477 3974 v.
2506 3913 2608 3985 23,
2635 3922 2845 3987 πλεῖον,
2877 3914 3105 3995 major,
3137 3912 3222 3976 ob
3251 3915 3624 3991 prmoedens
3665 3926 3826 4000 ψυχὴ

562 4018 678 4079 pro
729 4019 881 4065 voce
927 4017 1132 4083 πλεῖον,
1163 4008 1330 4087 plus.
1359 4009 1624 4071 Joannis
1662 4011 1867 4086 capite
1902 4028 1945 4078 ι,
1980 4028 2041 4069 v.
2091 4010 2155 4070 Isi

2244 4017 2480 4087 πρῶτον,
2531 4011 2832 4088 primum,
2874 4027 3021 4072 cum
3075 4018 3320 4091 πρῶτος,
3355 4012 3635 4090 primus,
3688 4013 3822 4096 legi

561 4098 809 4190 debeat.
867 4106 934 4165 Et
963 4109 1166 4175 capite
1202 4127 1265 4178 x,
1306 4127 1360 4168 ν.
1415 4109 1517 4178 33,
1577 4117 1656 4168 δτι
1689 4114 1778 4174 σύ.
1814 4107 2055 4168 omisso
2100 4133 2154 4175 κε

2255 4121 2311 4172 et
2346 4109 2496 4186 quia
2541 4118 2631 4168 tu.
2670 4108 2744 4167 Et
2794 4107 3001 4184 capite
3030 4125 3119 4179 ιι,
3162 4127 3221 4171 ν.
3260 4110 3361 4183 12,
3443 4115 3614 4173 εἷπον
3649 4115 3820 4178 οὖν...

563 4201 1052 4275 αὐτῷ,ιίιά“εναηι
1085 4223 1226 4283 ergo
1257 4203 1675 4283 discipuliei:
1711 4204 1818 4264 ubi
1852 4215 1999 4283 αὑτῷ
2032 4209 2424 4288 adjectitium
2451 4211 2570 4266 est.
2609 4203 2789 4264 Paria
2826 4211 2981 4265 sunt
3011 4203 3292 4281 plurima
3318 4206 3384 4266 in
3415 4206 3822 4288 Evangeliis,

562 4295 628 4355 in
667 4298 836 4358 Actis
875 4303 1340 4374 apostolorum,
1380 4304 1446 4364 in
1486 4301 1791 4379 Epistolis
1827 4305 2027 4378 Pauli,
2066 4317 2125 4368 et
2178 4303 2529 4372 Catholicis
2560 4301 2729 4378 apud
2766 4300 3080 4363 Millium.

637 4387 760 4447 Sed
790 4407 898 4450 nec
933 4409 1162 4470 parum
1217 4395 1809 4472 (ectionum,inquit
1866 4394 1975 4459 ille
2019 4399 2156 4462 loco
2197 4404 2414 4476 citato,
2477 4401 2544 4460 in
2609 4399 3064 4478 Theophylacti
3125 4401 3339 4465 codice
3397 4403 3830 4484 genuinarum

559 4487 861 4547 occurrit.
901 4491 1132 4585 Paucas
1157 4507 1276 4585 ego
1311 4492 1530 4554 affero.
1569 4493 1847 4555 Μωυιωί
1878 4496 2081 4569 capite
2133 4515 2312 4566 xxiv,
2350 4514 2409 4556 γ.
2439 4494 2501 4564 2,
2549 4493 2617 4554 in
2641 4493 2833 4554 editis
2857 4499 2920 4555 et
2966 4511 3119 4557 mss.
3158 4496 3520 4577 aliquibus,
3572 4507 3652 4561 os
3685 4505 3816 4578 βλι-
3857 4562 3881 4585 ,

561 4607 713 4656 πετῖ,
750 4602 877 4642 non
917 4581 1175 4644 ridetis:
1209 4583 1348 4645 sine
1378 4594 1436 4646 οὑ
1461 4587 1628 4661 apud
1662 4586 2143 4662 Theophylactu

2263 4591 2458 4654 Marci
2494 4590 2700 4667 capite
2730 4607 2773 4660 ι,
2829 4608 2888 4650 v.
2954 4593 3056 4660 38.
3095 4604 3196 4668 Et;
3230 4603 3392 4658 τοῦτο
3421 4606 3531 4674 γὰρ
3561 4604 3828 4675 innuba,

559 4680 640 4740 ad
669 4683 781 4742 hoc
814 4683 970 4738 enim
1003 4699 1183 4740 rem:
1219 4698 1344 4746 non
1366 4681 1680 4750 ἐξελήλυθα,
1712 4684 1865 4742 exii.
1896 4685 2152 4744 Joannis

2238 4684 2392 4761 tpite
2419 4699 2592 4754 vn,v.
2638 4682 2870 4756 21,22,
2899 4688 2998 4742 'Ev
3027 4689 3189 4759 ἔργον
3213 4690 3470 4760 ἐποίησα,
3497 4691 3595 4744 καὶ
3619 4691 3831 4758 πάντες

561 4787 871 4857 θαυμάζετε
895 4788 982 4839 διὰ
1012 4785 1187 4842 τοῦτο.
1214 4787 1442 4854 Μωσῆς,
1477 4803 1537 4839 κ.
1699 4778 1905 4840 Unum
1941 4795 2104 4856 opus
2130 4778 2154 4840 Γ

2234 4781 2275 4854 i,
2301 4788 2604 4842 etormes
2627 4778 2945 4842 miramini
2973 4788 3238 4857 propter
3255 4778 3391 4839 hoc.
3410 4780 3827 4857 Moyses,etc.

563 4878 649 4937 Ita
680 4877 925 4937 scilicet
961 4877 1359 4954 interpuuxit
1387 4874 1932 4953 Tthphylactus,
1969 4880 2387 4958 genuinaque
2423 4894 2551 4941 non
2586 4877 2810 4958 paucis
2845 4877 3036 4940 lectio
3079 4875 3358 4938 videtur.
3417 4876 3827 4958 Reliquasid

559 4986 765 5048 genus
807 4969 1118 5031 lectiones
1196 4969 1340 5029 vide
1386 4969 1555 5046 apud
1589 4968 1898 5031 Millium.

644 5068 852 5129 Satius
915 5067 1100 5128 nobis
1186 5064 1381 5127 fuerit
1433 5065 1779 5127 nonnullas
1843 5067 2137 5130 attulisse
2190 5067 2533 5145 utriusque
2594 5065 2844 5138 classis,
2894 5071 2965 5127 ut
3023 5064 3212 5127 novis
3272 5065 3334 5127 in
3389 5063 3828 5144 editionibus,

562 5183 706 5243 quae
763 5175 1168 5237 accurantur,
1220 5165 1342 5225 sibi
1373 5163 1464 5225 fas
1493 5181 1620 5226 non
1669 5182 1812 5226 esse
1842 5165 2542 5243 intelliganteditores,
2579 5161 2678 5223 vel
2718 5177 2831 5239 pro
2866 5163 3061 5241 genio
3109 5161 3508 5224 mutationes
3539 5163 3608 5225 in
3639 5165 3823 5226 Grie-

566 5280 707 5322 cum
750 5272 989 5324 textum
1047 5263 1376 5335 invehere,
1421 5270 1532 5324 aut
1569 5264 1805 5340 passim
1839 5273 1899 5324 et
1928 5261 2491 5326 indiscriminatim
2533 5261 2594 5320 in
2626 5261 2841 5320 Latina
2896 5260 3198 5322 versione
3228 5259 3636 5322 substituere
3667 5262 3831 5324 Vul-

565 5367 794 5435 gatam.
836 5360 1207 5437 Exemplum
1259 5359 1440 5422 affert
1473 5359 1802 5421 Simonius
1829 5359 1969 5423 loco
1997 5363 2230 5438 smpius
2259 5362 2450 5421 citato
2477 5375 2550 5417 ex
2581 5357 2863 5430 Epistola
2897 5356 3073 5416 Pauli
3117 5359 3193 5417 ad
3255 5357 3578 5433 Ephesios
3613 5359 3828 5436 capite

563 5474 646 5528 iv,
675 5475 727 5517 v.
752 5457 974 5527 19,ubi
999 5461 1252 5520 Graecus
1285 5467 1492 5520 textus
1524 5461 1690 5536 apud
1726 5459 2156 5536 TheOphylacl

2233 5475 2274 5517 η
2297 5458 2390 5517 sic
2444 5457 2670 5516 habet:
2706 5467 2924 5526 Οῖτινες
2956 5464 3378 5534 ἀπηλγηκότες,
3422 5453 3826 5519 ἱηᾱοΙεηιεκ

563 5555 755 5616 ειεάὶη
781 5559 1076 5618 versione
1105 5557 1383 5633 Philippi
1409 5555 1689 5616 Montani
1722 5557 1957 5634 legitur
1988 5574 2132 5617 cum
2169 5557 2454 5634 Vulgata,
2495 5557 2928 5635 desperantes,
2972 5557 3187 5617 Grmce
3224 5561 3644 5631 ἀπηλπηκότες.
3695 5553 3830 5614 Hac

563 5649 642 5711 de
668 5667 730 5711 re
763 5653 860 5713 vel
889 5652 1027 5732 ipse
1044 5651 1556 5731 Hieronymusin
1580 5654 2054 5715 Commentario
2083 5657 2452 5718 adnotatum
2482 5660 2788 5735 reliquit:
2827 5658 3049 5730 «Quod
3081 5666 3294 5718 autem
3327 5653 3440 5725 ait,
3471 5655 3580 5732 qui
3607 5653 3829 5730 despe-

565 5758 776 5808 rantes
829 5753 1218 5829 semetipsos,
1276 5752 1339 5812 id
1383 5765 1501 5823 est,
1535 5763 1921 5835 ἀπηλγηκότες
1953 5765 2158 5817 ἑαυτοῦ.

2249 5754 2449 5816 multo
2487 5756 2664 5817 aliud
2702 5756 2765 5817 in
2845 5755 3066 5816 Grzeco
3126 5751 3470 5830 signiticet,
3533 5765 3728 5827 quam
3761 5749 3830 5811 in

563 5847 814 5911 Ial‘tto.
883 5847 1291 5926 Desperantcs
1341 5853 1608 5932 quippe,
1659 5862 2049 5934 ἀπηλπηκνςτες
2100 5872 2156 5917 η.

2233 5851 2560 5913 linantur:
2622 5857 3009 5920 aerum/xz;
3066 5859 3280 5913 autem
3352 5847 3416 5908 lli
3479 5855 3658 5920 sunt,
3710 5844 3825 5927 qui
