4034 6646
267 584 364 652 1:5
1107 583 1208 645 DE
1246 579 1833 644 THEOPHYLACTI
1872 579 2150 643 casus
2187 582 2287 643 ΕΤ
2319 578 2699 649 εριυρτῐε.
3301 605 3306 611 ·
3430 578 3553 665 ,ηδ

263 707 599 781 postquam
637 697 1062 779 peccaverint,
1096 716 1226 758 non
1282 694 1538 768 dolent,
1574 693 1690 772 qui
1757 711 2165 773 nequaquam
2202 698 2567 762 sentientes
2602 701 2861 763 ruinam
2894 704 3109 779 suam,
3140 704 3449 767 feruntur
3482 705 3551 767 in

259 812 577 877 pronum;
612 803 674 858 et
733 804 1038 876 tanquam
1097 795 1321 857 bestia:
1374 792 1618 855 ferrum
1657 790 1957 851 videntes
1988 787 2055 849 in
2096 798 2375 851 mortem
2412 801 2609 853 ruunt
2644 790 2663 854 .“
2692 839 2707 855 .
2746 836 2761 848 .
2794 794 3256 871 Exprimamus
3298 796 3365 858 δί
3396 812 3553 873 pos-

257 891 464 955 simus
497 894 768 957 verbum
804 895 884 956 de
920 892 1144 965 verbo,
1177 899 1239 953 et
1272 889 1569 954 dicamus
1589 892 1999 968 ἀπηλγηκότες,
2026 886 2287 948 indolen
2303 895 2425 961 tes,
2467 906 2584 951 seu
2618 888 3041 967 indolorios.»
3077 892 3550 972 Theophylarti

256 987 852 1068 interpretationem
912 987 1007 1050 sic
1046 986 1262 1049 Latine
1322 986 1536 1049 reddit
1587 988 1987 1049 Montanus:
2047 983 2479 1061 Desperantes
2511 987 2699 1061 enim,
2758 990 2991 1068 inquit,
3023 990 3138 1052 hoc
3167 998 3262 1050 est
3320 1007 3545 1069 segnes

253 1087 431 1167 facti,
479 1087 767 1149 nolentes
793 1086 1111 1158 laborare,
1144 1093 1217 1146 ut
1248 1083 1576 1147 inveniant
1610 1082 1866 1152 bonum.
1904 1081 2020 1143 Ubi
2054 1082 2198 1143 sine
2236 1082 2725 1147 dubioivocem
2750 1091 3149 1163 ἀπηλγηκότες
3174 1086 3546 1150 declarabat

254 1180 801 1262 Theopbylactus,
837 1200 963 1250 non
996 1192 1414 1264 ἀπηλπηκότες.
1452 1180 1659 1243 Verba
1717 1194 1843 1241 sun

1956 1178 2081 1239 nim
2116 1177 2261 1257 ejus
2288 1200 2319 1241 τ’
2337 1188 2728 1261 ἀπηλγηκότες
2742 1190 2875 1264 γὰρ,
2894 1192 3052 1263 φησὶ,
3073 1190 3325 1247 τουτέστι
3348 1180 3549 1266 ἰατιρε

252 1284 669 1359 ῥαθυμηκότες,-
690 1280 805 1343 hoc
852 1292 945 1345 est
974 1278 1530 1353 desides,inertes,
1565 1275 1845 1356 negligat

1845 1282 1956 1336 ttes
1986 1275 2167 1355 facti.

331 1386 471 1448 103.
522 1386 591 1449 In
626 1387 821 1451 editis
854 1386 1322 1468 TheOphylacti
1360 1386 1424 1447 in
1452 1382 1890 1464 evangelistas
1915 1382 2421 1447 Commentariis
2466 1384 2692 1448 eadem
2719 1386 3231 1467 Evangeliornm
3260 1385 3550 1449 occurrit

249 1478 489 1544 divisio
522 1483 586 1544 in
623 1483 860 1565 capita,
906 1502 1055 1565 qum
1100 1482 1273 1562 apud
1312 1481 1581 1544 Latinos
1614 1477 1950 1557 hodieque
1988 1479 2061 1543 in
2106 1497 2235 1544 usu
2285 1491 2407 1546 est.
2443 1486 2889 1547 Numerantur
2948 1484 3198 1564 quippe
3258 1483 3547 1571 Matthgei

250 1576 453 1656 capita
483 1579 587 1654 28,
614 1581 812 1643 Marci
846 1583 944 1655 1'6,
978 1583 1170 1644 Luca
1193 1578 1298 1653 2b,
1335 1586 1397 1641 ut
1426 1575 1697 1639 Joannis
1722 1576 2134 1639 21.10annes
2167 1578 2401 1641 Croius
2431 1581 2605 1659 apud
2639 1580 3066 1643 Laurentium
3096 1578 3545 1643 Alexandrum

250 1673 639 1755 Zacagnium
670 1676 735 1739 in
767 1676 1145 1758 prolatione
1169 1676 1249 1739 ad
1274 1672 1680 1737 Collectanea
1708 1674 2263 1737 monumentorum
2281 1685 2565 1759 veterum
2589 1678 2894 1741 Ecclesia
2922 1675 3157 1741 Graeca
3192 1688 3252 1740 et
3272 1678 3542 1753 Latinis,

250 1788 425 1834 num.
452 1768 615 1846 LVI,
657 1774 1090 1847 existimabat,
1125 1773 1291 1837 hanc
1332 1769 1843 1835 vetustissimam
1877 1785 2033 1834 esse
2055 1773 2486 1849 divisionem;
2531 1776 2943 1857 putavitque,
2975 1776 3542 1857 Tbeophylactum,

248 1869 357 1949 qui
382 1868 715 1935 undecimo
748 1872 1119 1937 Christiano
1189 1868 1419 1934 seculo
1451 1869 1623 1932 inter
1657 1866 1913 1930 σωροί
1941 1868 2193 1951 ﬂoruit,
2231 1870 2444 1934 eadem
2489 1890 2675 1935 usum
2712 1872 2914 1954 fuisse
2954 1872 3023 1935 in
3057 1871 3267 1952 capita
3310 1872 3541 1937 distri-

253 1963 549 2031 butione.
1014 1989 1023 1997 ε
1138 1990 1143 1995 ν
1424 2011 1430 2017 ο
1470 1968 1473 1971 λ

1014 1989 1023 1997 .
1138 1990 1143 1995 ι

320 2063 581 2126 Οτοὶυω
624 2052 868 2128 refellit
898 2064 1144 2128 ibidem
1176 2062 1539 2145 Zacagnius
1573 2083 1589 2120 :
1625 2081 1657 2118 α
1690 2060 1883 2135 Sane,
1921 2059 2269 2143 inquiens,
2328 2067 2506 2146 quod
2569 2062 3165 2147 eX‘Theophylacti
3214 2066 3286 2127 in
3322 2066 3539 2127 Eran-

245 2158 409 2239 gelia
454 2160 949 2225 Commentariis
987 2163 1163 2226 idem
1211 2170 1443 2225 auctor
1481 2158 1797 2239 opponit,
1847 2158 2237 2237 scriptorum
2300 2162 2603 2226 codicum
2656 2165 3041 2225 auctoritate
3099 2162 3335 2225 falsum
3390 2180 3538 2226 esse

247 2258 678 2324 convincitur.
715 2252 1034 2323 Vetustas
1068 2261 1245 2324 enim
1284 2254 1756 2338 TheOphylacti
1784 2258 2141 2335 Vaticanus
2172 2258 2378 2323 codex
2407 2278 2590 2324 num.
2632 2261 2776 2336 6&5,
2807 2263 3034 2324 eadem
3070 2280 3216 2343 quae
3258 2262 3542 2324 Alexan-

248 2354 475 2439 drinus
516 2364 578 2419 et
629 2358 844 2420 caeteri
879 2358 1383 2437 Evangeliorum
1434 2355 1647 2420 Grmci
1699 2354 1981 2426 codices,
2020 2354 2211 2419 habet
2251 2358 2555 2439 capitula.
2594 2351 2625 2417 in
2674 2360 3117 2423 Numerantur
3166 2357 3420 2421 scilicet
3465 2359 3535 2422 in

246 2452 543 2517 Matthteo
574 2452 678 2525 (11'.
710 2455 814 2525 68,
849 2455 914 2517 in
948 2456 1164 2517 Marco
1210 2461 1323 2527 μη’.
1354 2452 1456 2526 58,
1496 2452 1565 2515 in
1597 2452 1769 2515 Luca
1800 2458 1916 2521 κγ’,
1949 2452 2053 2528 83,
2087 2451 2155 2516 in
2188 2450 2563 2527 Joanne‘m’.
2616 2456 2716 2518 18.
2754 2479 2783 2512 α
2832 2456 3009 2518 idem
3044 2455 3109 2517 in
3142 2455 3275 2518 alio
3305 2456 3535 2519 codice

247 2565 424 2615 num.
462 2553 615 2615 1221
648 2553 946 2631 ejusdem
978 2552 1391 2615 bibliotheca:
1425 2550 1833 2625 observatur,
1862 2552 2186 2630 scripto...
2219 2551 2321 2614 die
2374 2551 2412 2617 3
2453 2550 2705 2634 Aprilis
2761 2554 2919 2614 anni
2969 2553 3146 2625 115$,
3186 2552 3539 2615 indictione

246 2650 520 2713 secunda
588 2656 669 2714 At
702 2652 771 2714 in
801 2652 1022 2716 codice
1058 2669 1241 2715 num.
1274 2651 1417 2723 διώ,
1449 2666 1582 2713 non
1614 2649 1985 2714 Grarcorum
2021 2648 2334 2728 capitula,
2368 2648 2482 2712 sed
2519 2650 2797 2723 numeri,
2830 2648 2949 2729 qui
2991 2649 3364 2713 Canonibus
3400 2649 3539 2711 Eu-

245 2745 518 2810 sebianis
568 2747 965 2825 inserviunt,
1018 2750 1094 2812 ad
1130 2746 1393 2828 singula
1423 2746 1929 2826 Evangeliorum
1968 2748 2105 2808 loca
2139 2761 2171 2804 a
2215 2743 2707 2825 Theophylacto
2753 2746 3077 2823 exposita,
3120 2747 3189 2809 in
3245 2748 3537 2827 margine

245 2854 744 2922 apponuntur...
776 2846 869 2911 Ex
908 2844 1154 2927 quibus
1209 2844 1517 2907 omnibus
1555 2843 1866 2923 colligere
1904 2843 2075 2914 licet,
2112 2840 2709 2921 TheOphylactum,
2751 2842 3128 2923 Evangelia,
3156 2863 3289 2905 non
3337 2847 3539 2907 inter-

245 2949 435 3020 rupta
466 2952 685 3004 textus
718 2943 905 3014 serie,
928 2941 1321 3023 exposuisse
1356 2962 1371 3002 :
1405 2939 1753 3002 divisiones
1788 2956 1966 3015 vero,
1998 2955 2145 3019 quas
2186 2955 2333 3001 cum
2369 2938 2618 3001 eisdem
2658 2941 3144 3003 commentariis
3188 2941 3532 3025 habentur,

244 3052 279 3099 a
312 3037 622 3117 librariis,
662 3047 734 3103 ut
768 3038 1084 3102 lectorum
1120 3036 1565 3101 commoditati
1614 3037 2061 3107 consulerent.
2095 3035 2373 3121 adjectae
2411 3036 2643 3118 fuisse;
2698 3036 2988 3117 denique
3037 3039 3321 3118 Vulgata
3361 3040 3537 3101 Lati-

244 3152 467 3197 norum
491 3134 793 3198 editionis
824 3135 1111 3215 capitula
1146 3134 1213 3197 in
1256 3134 1510 3208 codice,
1542 3134 1658 3214 qui
1689 3132 2161 3216 TheOphylacti
2194 3133 2829 3199 Commentariorum
2879 3134 3250 3199 editoribus
3301 3144 3536 3217 praesto

242 3228 389 3307 fuit,
426 3248 459 3294 a
490 3232 740 3295 recenti
780 3231 1007 3313 aliquo
1035 3230 1307 3293 librario
1339 3230 1630 3293 adhibita
1670 3248 1842 3294 esse.
1882 3254 1913 3289 ι

320 3330 548 3407 [LXII]
589 3330 741 3393 Haec
779 3328 1044 3392 facilius
1095 3336 1170 3391 ut
1200 3326 1679 3409 intelligantur,
1714 3327 2009 3393 Waltoni
2062 3330 2327 3395 demum
2362 3329 2534 3391 addo
2588 3328 3155 3407 praemunitionem
3189 3336 3333 3411 quin
3384 3340 3430 3394 t.
3480 3335 3535 3393 V

241 3425 600 3491 Bibliorum
658 3444 993 3491 sacrorum
1029 3426 1341 3490 habetur:
1372 3449 1401 3482 ι
1446 3426 1721 3488 Graecos
1785 3425 2215 3506 Evang‘elium
2266 3426 2337 3489 in
2369 3434 2543 3489 certa
2594 3439 2899 3508 κεφάλαια,
2940 3430 3007 3492 id
3034 3437 3133 3493 est
3165 3430 3379 3507 capita
3424 3428 3533 3489 di-

241 3524 585 3600 stinxisse;
618 3526 763 3606 ipsa
809 3541 965 3589 vero
1010 3524 1219 3606 capita
1257 3524 1328 3588 in
1366 3532 1702 3605 περικοπάς,
1733 3538 1855 3585 seu
1892 3521 2146 3584 minora
2172 3524 2711 3606 segmenta,quasi
2755 3527 2823 3588 in
2884 3523 3111 3606 plures
3181 3520 3533 3600 particulas

242 3623 602 3690 subdivisa.
642 3627 932 3690 Minores
991 3625 1372 3707 hujusmodi
1440 3625 1767 3689 sectiones
1794 3622 2091 3687 fecerunt
2140 3617 2269 3698 ipsi
2302 3618 2371 3682 in
2425 3620 2660 3684 Sancto
2692 3622 3009 3686 Matthceo
3078 3626 3211 3695 wa',
3244 3619 3408 3693 355;
3464 3620 3532 3681 in

240 3720 459 3785 Marco
493 3731 644 3801 σλς⁹,
674 3724 828 3799 236;
863 3723 932 3786 in
959 3722 1135 3786 Luca
1159 3724 1312 3805 τμβ’,
1366 3722 1523 3798 31ι2;
1555 3723 1621 3785 in
1648 3723 1833 3785 Sanct

1940 3718 2174 3779 Ioanne
2223 3724 2365 3798 σλβ’,
2415 3713 2563 3781 232.
2596 3721 2791 3782 Juxta
2821 3720 3149 3781 sectiones
3188 3718 3340 3778 istas
3404 3714 3533 3777 mi-

241 3834 427 3883 nores
462 3820 811 3895 Eusebius,
846 3821 1263 3885 Cmsariensis
1294 3819 1668 3899 episcOpus,
1699 3831 2028 3881 canonesx
2064 3810 2148 3875 ad
2177 3812 2667 3878 concordantias
2728 3814 3239 3894 Evangeliorum
3276 3811 3533 3875 facilius

240 3913 699 3994 inveniendus,
747 3915 1066 3982 confecit:
1123 3922 1406 3998 quorum
1458 3914 1805 3996 cpeloca,
1839 3914 1907 3975 in
1969 3910 2215 3989 quibus
2258 3911 2413 3985 duo,
2473 3920 2604 3974 tres
2668 3912 2771 3976 vel
2837 3922 3123 3993 quatuor
3188 3906 3531 3988 evangeli-

238 4014 509 4084 starum,
576 4026 709 4071 rem
750 4009 1045 4072 eamdem
1094 4016 1464 4082 tractantes,
1495 4008 1670 4070 inter
1718 4024 1789 4070 se
1830 4008 2265 4081 concordant;
2325 4007 2424 4069 vel
2462 4008 2574 4071 ubi
2607 4008 2854 4089 aliquis
2888 4011 3181 4088 ipsorum
3228 4006 3534 4088 quasdam

240 4103 452 4181 habet,
515 4124 663 4185 quae
718 4123 850 4170 non
909 4112 1062 4169 sunt
1108 4107 1175 4168 in
1267 4105 1573 4185 reliquis,
1624 4104 1807 4167 nullo
1862 4104 2125 4184 negotio
2158 4103 2603 4169 inveniantur.
2637 4107 2713 4169 V.
2751 4124 2824 4185 g.
2862 4106 3144 4173 Matthmi
3182 4104 3393 4186 capite
3426 4119 3523 4171 ιιι,

240 4219 301 4267 ν.
336 4205 432 4289 η,
478 4211 627 4280 Ἐγὼ
658 4211 759 4284 μὲν
793 4210 1075 4282 βαπτίζω,
1108 4220 1218 4281 ego
1257 4200 1507 4283 quidem
1536 4201 1833 4281 ,baptizo,

1946 4201 2258 4283 pponitur
2302 4202 2370 4263 in
2404 4203 2695 4283 margine
2725 4204 2863 4267 haec
2892 4211 3044 4265 nota
3098 4205 3190 4276 “ia,
3226 4218 3351 4263 una
3384 4217 3532 4261 cum

239 4298 670 4380 asubscripto
710 4320 723 4358 :
771 4301 949 4380 quod
985 4302 1065 4363 ad
1122 4318 1423 4361 canonem
1473 4300 1752 4377 primum
1789 4296 2024 4379 (littera
2053 4317 2093 4355 a
2133 4298 2497 4377 subscripta
2534 4300 2917 4382 indicatum)
2951 4299 3263 4362 lectorem
3297 4298 3538 4387 remit-

242 4396 332 4459 tit.
395 4400 479 4475 lu,
520 4414 655 4478 quo
688 4397 949 4481 (primo)
984 4416 1074 4459 cat
1111 4416 1219 4458 one
1277 4396 1518 4458 litteris
1570 4396 1717 4457 istis
1749 4396 2203 4458 numeralibus
2230 4398 2288 4451 ιᾶ
2325 4395 2642 4471 inventis,
2695 4398 2912 4459 statim
2944 4414 3025 4460 ex
3078 4397 3402 4459 diametro
3463 4394 3531 4457 in

240 4496 457 4558 eadem
524 4496 740 4557 tabula
782 4493 1061 4558 exhibeo
1103 4512 1173 4556 ur
1210 4496 1349 4557 loca
1386 4494 1452 4556 in
1491 4493 1789 4573 reliquis
1838 4492 2297 4571 evangelistis,
2352 4510 2499 4573 qua)
2527 4511 2676 4557 cum
2735 4493 2859 4558 hoc
2919 4490 3342 4558 concordant:
3399 4494 3536 4556 sci-

241 4588 383 4655 licet
416 4596 544 4654 sub
581 4593 807 4653 Marco
838 4601 879 4653 6'
902 4638 918 4666 ,
972 4609 1045 4653 su
1132 4589 1308 4651 Luca
1341 4596 1396 4664 ι’,
1438 4597 1499 4653 et
1530 4588 1655 4651 sub
1684 4590 1834 4650 Jour

1823 4607 1932 4649 nne
1972 4595 2062 4666 ιβ’.
2099 4612 2127 4645 ι)
3411 4580 3416 4585 ’

311 4687 537 4765 Neque
574 4692 789 4747 tamen
854 4702 1065 4758 V0005,
1103 4694 1378 4764 κεφάλαια
1433 4694 1496 4748 et
1556 4694 1865 4765 περικοπαὶ

1941 4702 2059 4746 usu
2088 4685 2647 4764 constantissimo,
2676 4689 3032 4753 adnotaute
3092 4689 3388 4752 Simonio
3458 4688 3534 4752 in

240 4781 531 4844 Historia
587 4782 818 4843 critica
857 4783 925 4843 in
954 4783 1035 4845 N.
1078 4783 1173 4857 1'.,
1220 4790 1394 4847 tomo
1444 4783 1526 4856 ll,
1585 4782 1795 4862 capite
1838 4783 1942 4854 33,
1982 4790 2386 4861 usurpentur
2418 4783 2485 4845 in
2514 4786 2755 4849 Grmcis
2822 4787 3202 4849 codicibus:
3239 4788 3538 4866 quando-

241 4879 499 4957 quidem
532 4887 707 4943 τετλοι
761 4880 831 4942 in
867 4879 1200 4959 aliquibus
1251 4880 1693 4958 appellantur.
1730 4882 1795 4941 in
1832 4880 1987 4942 aliis
2015 4880 2338 4959 capitula;
2383 4889 2444 4944 et
2495 4883 2796 4961 .capitula
2857 4902 3006 4964 quas
3049 4886 3375 4964 pericopat
3422 4892 3535 4947 aut

242 4974 524 5039 minores
552 4976 908 5040 sectiones.
968 4977 1119 5039 Haec
1157 4976 1587 5039 addiscuntur
1652 4976 1949 5041 codicum
1996 4977 2434 5056 inspectione.
2467 4980 2715 5041 Verum
2780 4982 3062 5043 occurrit
3092 4980 3287 5042 etiam
3324 4982 3388 5042 in
3423 4980 3529 5042 his

240 5074 449 5136 varius
504 5076 829 5137 minorum
866 5074 1245 5154 hujusmodi
1298 5074 1653 5136 sectionum
1685 5092 2024 5148 numerus,
2061 5075 2418 5151 praesertim
2460 5075 2525 5137 in
2570 5088 2790 5138 sancto
2823 5077 3073 5151 Marco,
3116 5078 3225 5139 ubi
3297 5077 3537 5155 aliqui-

240 5166 442 5236 busin
466 5172 936 5251 manuscriptis
972 5174 1284 5234 duntaxat
1317 5172 1438 5233 23h
1474 5181 1983 5237 enumerantur:
2020 5176 2196 5253 quod
2234 5173 2383 5235 ideo
2457 5172 2725 5249 factum,
2789 5183 2861 5237 ut
2916 5176 3165 5238 ibidem
3195 5177 3537 5241 Simonius

240 5268 727 5344 animadvertit,
788 5270 941 5348 quia
972 5279 1294 5349 postrema
1318 5269 1652 5333 duodecim
1678 5273 1890 5335 Marci
1916 5281 2226 5334 commata
2252 5272 2320 5333 in
2394 5272 2653 5335 eisdem
2725 5272 3210 5339 desiderantur.
3250 5278 3535 5339 Consule

240 5363 399 5428 dicta
475 5384 661 5429 num.
730 5365 866 5429 100.

314 5462 411 5526 Ad
436 5465 600 5528 Acta
630 5462 1069 5544 apostolorum
1096 5460 1409 5544 denique,
1446 5474 1506 5528 et
1540 5466 1865 5545 Epistolas
1902 5462 2116 5541 Pauli,
2145 5476 2359 5551 atque
2397 5470 2755 5534 Canonicas
2824 5473 3001 5551 quod
3060 5472 3314 5545 attinet,
3374 5472 3539 5534 divi-

242 5560 439 5625 siones
473 5563 813 5625 invaluere
838 5562 1011 5640 apud
1047 5562 1325 5639 Grmcos,
1360 5582 1522 5643 quas
1552 5550 2323 5643 excogitavitEuthalius.
2362 5568 2551 5631 Hunc
2588 5550 2939 5631 Diaconum
2973 5576 3203 5632 vocant
3228 5567 3538 5649 frequen-

244 5657 368 5721 tius
423 5660 1305 5741 hibliographi:Sulcensem
1369 5662 1736 5743 episcopum
1821 5666 2207 5743 Zacagnius,
2260 5666 2605 5728 ﬂorentem
2641 5684 2814 5730 anno
2877 5667 3021 5738 £58,
3062 5684 3197 5746 quo
3226 5667 3532 5729 versibus

244 5755 563 5837 Epistolas
597 5760 786 5821 Pauli
818 5758 1143 5822 distinxit.
1171 5761 1353 5823 Hanc
1386 5768 1655 5823 secutus
1687 5770 1784 5822 est
1838 5759 2233 5821 divisionem
2264 5764 2690 5824 (Ecumenius
2722 5764 2788 5825 in
2831 5764 2975 5828 suis
3000 5763 3529 5838 Commentariis,

244 5869 381 5933 qua
410 5855 480 5918 in
528 5856 741 5919 Editis
774 5866 1023 5918 servata
1050 5864 1172 5918 est.
1240 5858 1421 5920 Hanc
1460 5857 1652 5919 etiam
1689 5864 1953 5918 secutus
1983 5856 2758 5940 fueritTheophylactus,
2820 5864 2933 5943 qui
2996 5872 3220 5942 postea
3280 5862 3530 5925 ﬂoruit.

245 5946 706 6016 Doctissimum
738 5952 1124 6032 Zacagnium
1174 5955 1442 6016 consule
1481 5954 1541 6014 in
1583 5953 1966 6015 Prmt‘atione
2025 5956 2239 6020 citata.
2272 5960 2342 6019 Et
2376 5958 2511 6021 haec
2532 5958 2666 6038 jam
2734 5962 2892 6023 satis
2962 5961 3042 6022 de
3076 5960 3240 6022 bovi
3302 5956 3531 6021 Testa-

252 6050 443 6113 menti
502 6050 733 6115 codice
770 6049 1189 6127 disseruisse,
1248 6068 1381 6132 quo
1416 6051 1587 6115 idem
1620 6050 2152 6131 archiepisc0pus
2218 6055 2539 6135 Bulgaria:
2606 6056 3138 6137 Theolihylactus
3203 6056 3522 6119 utebatur.
