4034 6584
544 423 648 489 197
1372 422 1600 485 BERN.
1644 421 1913 485 ΜΑΒΙΒ
1956 419 2052 484 DE
2091 420 2137 483 Β

2242 419 2382 482 ιειε
2420 419 2929 483 DISSERTATIO
3730 410 3835 475 128

2083 597 2293 659 XXVI.

1289 780 1379 840 De
1419 781 1643 840 Veneta
1677 797 1935 860 operum
1982 776 2436 857 Theophylacti
2470 775 2747 836 omnium
2793 771 3087 835 editione.

633 927 762 989 ιοιι.
812 927 902 990 De
943 926 1185 987 Veneta
1240 940 1510 1004 Operum
1554 924 1845 985 omnium
1899 921 2214 994 editione,
2250 935 2396 999 quas
2439 916 2759 995 Bulgarus
2804 915 3337 993 archiepiscOpus
3375 918 3605 975 noster
3639 910 3835 974 luen-

548 1028 765 1087 brasse
793 1020 1018 1094 fertur,
1054 1022 1307 1083 tametsi
1342 1037 1530 1082 curas
1562 1021 1639 1081 ad
1674 1035 1847 1080 meas
1883 1017 2154 1080 minime
2190 1018 2587 1096 pertinente,
2631 1014 2945 1076 rationem
2976 1012 3261 1092 aliquam
3298 1018 3633 1089 postremo
3682 1009 3831 1070 loco

546 1134 616 1185 ut
664 1120 872 1181 libens
925 1118 1291 1196 lubensque
1326 1117 1613 1189 reddam,
1652 1113 2148 1177 Dissertationis
2199 1114 2360 1177 ordo
2397 1111 2719 1191 exposcit,
2759 1110 3107 1189 ipsiusque
3140 1106 3459 1171 editionis
3499 1105 3829 1169 conditio.

547 1220 873 1280 Hactenus
928 1215 1114 1294 plura
1151 1212 1603 1277 recensuimus
1654 1210 1796 1290 ejus
1839 1226 2058 1289 Opera,
2119 1227 2266 1290 quae
2329 1210 2712 1289 prodierunt
2769 1208 2836 1269 in
2878 1209 3141 1269 lucem:
3187 1205 3407 1268 Graece
3472 1212 3535 1266 et
3598 1205 3833 1266 Latine

546 1313 810 1394 quidem
846 1309 1355 1374 Commentarios
1387 1310 1457 1369 in
1484 1318 1765 1389 quatuor
1791 1306 2161 1385 Evangelia,
2188 1317 2247 1367 et
2278 1309 2345 1367 in
2373 1306 2535 1367 Acta
2562 1303 3030 1385 apostolorum,
3058 1312 3115 1365 et
3142 1304 3211 1364 in
3236 1300 3572 1382 Epistolas
3603 1301 3833 1375 Pauli,

550 1410 838 1486 itemque
870 1408 1130 1486 Regiam
1162 1405 1665 1478 lnstitutionem,
1686 1421 1759 1465 ac.
1795 1402 2140 1464 Homiliam
2170 1405 2239 1464 in
2268 1403 2706 1465 adorationem
2730 1397 3109 1462 veneranda:
3143 1400 3374 1467 crucis,
3402 1405 3464 1458 et
3488 1394 3836 1477 Epistolas

548 1509 764 1569 Graece
801 1504 1516 1583 Lugduni-Batavorum
1554 1519 1625 1563 ac
1661 1502 1886 1563 Latine
1922 1501 1984 1560 in
2017 1499 2440 1561 Bibliothecis
2478 1502 2733 1561 Patrum
2770 1516 2784 1559 :
2834 1498 3060 1560 Latine
3110 1505 3325 1559 autem
3382 1494 3833 1566 solummodo,

553 1601 1063 1661 Commentarios
1096 1602 1163 1660 in
1194 1610 1468 1679 quatuor
1489 1598 1832 1677 prophetas
1863 1598 2164 1671 minores,
2200 1604 2261 1658 et
2290 1597 2635 1659 Homiliam
2666 1596 2735 1656 in
2771 1594 3335 1656 Prmeutationem
3363 1591 3643 1671 Virginis
3671 1590 3839 1652 Dei-

554 1714 724 1767 parte
756 1700 822 1757 in
854 1694 1112 1774 templo,
1158 1705 1224 1756 ut
1266 1705 1646 1757 memoratas
1692 1704 2066 1775 praeteream
2108 1695 2482 1772 superiores
2526 1691 3082 1765 elucubrationes,
3133 1707 3296 1772 quas
3350 1689 3545 1752 etiam
3604 1690 3838 1751 Latine

553 1800 801 1855 tantum
830 1794 1069 1870 saepius
1104 1789 1363 1869 repetiti
1398 1808 1779 1870 expressere
1813 1789 1973 1868 typi.
2021 1790 2342 1863 Quoniam
2372 1807 2528 1853 vero
2562 1789 2843 1853 diversis
2888 1792 2957 1851 in
3001 1788 3161 1850 locis
3196 1786 3618 1867 diversisque
3652 1785 3838 1867 typis

552 1906 625 1951 ac
654 1889 899 1962 formis,
936 1897 999 1951 et
1032 1889 1378 1969 sejunctim
1435 1889 1626 1950 etiam
1659 1888 1829 1950 edita
1858 1893 2011 1949 sunt
2044 1886 2179 1949 huic
2206 1903 2424 1964 Opera.
2457 1888 2694 1950 alicubi
2725 1888 2914 1967 juxta
2957 1885 3153 1967 primi
3188 1885 3571 1965 interpretis
3610 1892 3838 1947 trans-

561 1989 892 2062 lationem,
924 1987 1113 2067 juxta
1148 1987 1627 2065 recognitionos
1664 1986 2058 2063 posteriores
2089 1985 2684 2065 castigationesque
2718 1984 2913 2058 alibi;
2965 2001 3277 2064 perquam
3319 1982 3588 2045 difﬁcile
3628 1981 3842 2043 mole-

556 2094 865 2163 stumque
906 2085 1235 2163 negotium
1276 2092 1413 2145 erat
1442 2083 1985 2145 bibliothecarum
2039 2081 2541 2144 instructoribus
2601 2082 2984 2162 casterisque
3041 2082 3158 2160 qui
3211 2079 3416 2143 libros
3482 2077 3837 2157 colligunt,

557 2183 790 2242 eadem
814 2197 1211 2260 comparare,
1266 2180 1413 2242 licet
1468 2196 1645 2251 cusa,
1698 2186 1759 2241 et
1818 2179 2181 2261 possidere.
2216 2180 2364 2241 Hmc
2417 2178 2616 2242 simul
2677 2179 2947 2242 collecta
2998 2186 3256 2259 praestat
3300 2176 3523 2239 omnia
3582 2178 3841 2238 Veneta

556 2278 788 2352 editio;
835 2286 897 2339 et
936 2278 1132 2340 hocce
1176 2277 1486 2356 primum,
1531 2293 1743 2356 neque
1783 2275 2134 2352 modicum,
2170 2277 2451 2356 pretium
2484 2276 2650 2355 ejus.

639 2400 925 2461 Pretium
960 2414 1151 2479 quam
1183 2397 1467 2461 maxime
1504 2405 1743 2475 augent
1792 2412 1919 2459 non
1953 2414 2179 2477 pauca,
2214 2415 2368 2461 sane
2404 2398 2702 2478 prteclara
2749 2406 2809 2459 et
2870 2398 3305 2475 optatissime,
3350 2396 3832 2479 TheOphylacti

560 2505 1000 2567 monumenta,
1042 2495 1281 2572 scripto
1316 2494 1561 2568 relicta,
1595 2510 1742 2571 quas
1771 2510 1943 2554 nunc
1981 2493 2285 2571 primum,
2320 2504 2430 2557 aut
2461 2497 2677 2556 Greece
2713 2502 2777 2555 et
2822 2494 3062 2566 Latine,
3098 2502 3208 2555 aut
3242 2494 3461 2555 Greece
3500 2492 3729 2555 saltem
3771 2493 3840 2556 in

564 2592 774 2653 lucem
819 2592 1162 2668 prodeunt.
1195 2590 1477 2652 Primum
1512 2596 1632 2659 est,
1668 2589 1843 2668 quod
1883 2587 2018 2666 ipse
2051 2590 2483 2663 concinnavit,
2520 2609 2686 2668 opus
2728 2593 2794 2652 in
2819 2592 3147 2671 Epistolas
3180 2592 3553 2665 canonicas,
3576 2598 3841 2653 textum

562 2689 1020 2765 suppeditante
1059 2685 1883 2750 Caesareo—Vindobonensi
1919 2686 2165 2748 codice.
2205 2688 2414 2749 Codex
2473 2687 3308 2752 Bavarico-Monachiensis
3357 2706 3526 2767 opus
3560 2691 3842 2753 alterum

563 2783 817 2855 obtulit,
854 2786 1021 2861 quod
1055 2791 1151 2845 est
1192 2785 1436 2862 integra
1469 2783 1537 2843 in
1575 2780 1901 2843 duodecim
1928 2784 2272 2862 prophetas
2321 2781 2596 2842 minore:
2630 2770 3004 2861 Expositio,
3057 2783 3373 2861 promissa
3430 2799 3561 2845 non
3595 2785 3831 2855 semel,

564 2881 680 2940 diu
720 2881 1003 2957 espetita
1040 2880 1241 2940 irritis
1273 2880 1441 2940 votis
1511 2895 1685 2939 nunc
1717 2877 1977 2938 demum
2020 2879 2189 2956 typis
2226 2879 2465 2940 nostris
2498 2896 2761 2949 excusa,
2790 2896 2936 2940 cum
2969 2880 3219 2940 Veneto
3258 2879 3589 2941 Marciano
3611 2880 3842 2943 codice

568 2992 697 3038 non
740 2979 883 3037 sine
916 2976 1357 3037 emolumento
1405 2973 1656 3037 collata.
1708 2974 1959 3049 [LXIII]
2006 2976 2381 3052 Fragmenta
2421 2992 2617 3053 pauca
2655 2975 2964 3053 Epistolw
2993 2973 3075 3035 ad
3107 2974 3441 3038 Nicolaum
3497 2974 3845 3037 diaconum

568 3084 624 3133 et
656 3074 1057 3134 caustriaiam
1079 3072 1451 3151 legebantur
1482 3072 1647 3133 inter
1672 3072 1979 3131 Demetrii
2015 3071 2417 3144 Chomateni,
2452 3072 2769 3148 Bulgariaa
2797 3073 3301 3150 archiepiscopi,
3344 3072 3846 3152 Responsiones

569 3170 737 3247 apud
767 3168 1227 3232 Leunclavium
1256 3168 1321 3229 in
1355 3169 1513 3230 lure
1541 3168 2067 3230 Gnaeo-Romano
2095 3189 2115 3229 :
2137 3186 2463 3247 nemoque
2490 3170 2900 3231 eruditorum
2936 3187 3065 3232 non
3095 3169 3520 3233 vehementer
3552 3171 3843 3251 Optabat,

570 3273 640 3329 ut
680 3266 923 3344 integra
954 3264 1195 3328 alicubi
1232 3265 1671 3346 repertajuris
1704 3264 2059 3344 aliquando
2093 3265 2335 3347 publici
2371 3266 2573 3328 ﬁeret.
2608 3267 2789 3328 Votis
2821 3267 3123 3329 omnium
3153 3268 3309 3329 satis
3352 3269 3416 3329 in
3449 3266 3568 3331 hac
3602 3270 3847 3332 editio-

574 3362 753 3425 tione
812 3365 1052 3425 Veneta
1106 3362 1368 3435 factum,
1433 3379 1579 3442 quae
1645 3360 2003 3442 perfectum
2055 3362 2581 3441 completnmque
2630 3362 3027 3442 epusculum
3096 3363 3359 3442 insigne
3413 3372 3699 3443 praestat,
3763 3384 3847 3428 ex

572 3458 793 3521 codice
871 3458 1687 3553 tltesareo-Vindobonensi
1747 3467 2077 3553 sumptum
2117 3480 2132 3520 :
2170 3476 2251 3522 ex
2306 3476 2437 3539 quo
2499 3460 2648 3521 licet
2711 3460 2903 3522 etiam
2965 3460 3299 3525 addiscere
3368 3462 3847 3542 'l‘heOpbylacti

571 3555 907 3632 Opuseula,
956 3572 1099 3635 qum
1134 3555 1331 3617 veluti
1370 3555 1539 3617 varia
1582 3552 1653 3616 ac
1683 3554 1939 3616 diversa
1979 3552 2549 3634 distinguebantur
2580 3558 2752 3635 apud
2806 3556 3326 3637 bibliOgraphos,
3364 3557 3527 3619 nihil
3564 3560 3840 3622 omnino

572 3651 651 3713 ab
684 3668 809 3714 una
833 3651 943 3712 illa
988 3652 1263 3729 epistola
1298 3651 1585 3725 differre,
1615 3668 1807 3732 quam
1840 3652 1916 3713 ad
1944 3650 2272 3714 laudatum
2303 3653 2639 3715 Nicolaum
2674 3654 3021 3717 diaconum
3057 3662 3118 3715 et
3149 3644 3569 3717 canstriSium
3605 3656 3846 3718 inscri-

574 3754 740 3827 ptam
788 3764 1197 3810 noveramus.
1229 3748 1605 3810 Recensitas
1645 3749 1771 3810 sub
1807 3748 2071 3809 nomine
2105 3748 2569 3829 TheOphylacti
2602 3751 2774 3829 apud
2825 3751 3090 3815 eosdem
3126 3750 3616 3831 bibliographos
3668 3751 3846 3833 lege-

572 3845 799 3907 bamus
839 3846 1149 3907 Homilias
1182 3843 1473 3906 undecim
1528 3847 1597 3906 in
1646 3844 1904 3906 totidem
1976 3846 2298 3925 evangelia
2348 3848 2861 3909 Resurrectionis
2920 3846 3258 3907 matutina.
3292 3847 3467 3923 Quid
3516 3850 3714 3911 vero?
3750 3851 3841 3917 Ex

570 3941 793 4005 codice
861 3941 1682 4005 Cmsar‘eo-Vindobonensi
1738 3944 2135 4021 transcripta:
2184 3960 2328 4004 cum
2387 3943 2699 4005 attentius
2764 3943 3338 4022 expenderentur,
3395 3946 3728 4009 sententia
3785 3955 3847 4013 et

573 4038 789 4099 verbis
821 4050 1091 4117 repertae
1121 4046 1272 4100 sunt
1302 4042 1542 4101 eaedem
1582 4056 1849 4118 prorsus
1882 4057 2027 4101 cum
2063 4040 2271 4119 ipsius
2313 4041 2779 4121 Tbeophylacti
2820 4042 3317 4106 Commentariis
3350 4060 3551 4121 super
3592 4045 3845 4107 eisdem

574 4135 956 4215 evangeliis,
996 4137 1358 4197 undecima;
1419 4135 1704 4199 humiliae
1767 4144 2086 4215 postrema
2154 4144 2327 4215 parte
2395 4146 2683 4216 excepta,
2770 4154 2961 4217 quam
3044 4137 3373 4216 prrestabit
3447 4139 3655 4205 editio
3714 4142 3843 4204 Vc-

576 4243 741 4295 neta.
780 4234 987 4314 Hujus
1026 4235 1216 4294 etiam
1248 4233 1583 4306 beneﬁcio,
1618 4233 1805 4295 obvia
1831 4234 2177 4295 lectoribus
2205 4234 2635 4313 imposterum
2668 4234 2788 4295 erit
2822 4233 3047 4295 Oratio
3101 4236 3495 4314 panegyrica
3552 4236 3639 4297 ad
3699 4238 3846 4301 Ale-

572 4330 753 4391 xium
822 4331 1227 4403 Comnenum,
1289 4339 1426 4408 post
1492 4330 1732 4391 bellum
1790 4332 2159 4411 Scythicum
2221 4329 2518 4407 pluribus
2583 4331 2798 4393 relatis
2854 4331 3141 4393 victoriis
3199 4332 3709 4409 confectum,ab
3739 4354 3851 4399 eo-

574 4426 718 4487 dem
773 4426 1257 4505 Tlieophylacto
1318 4426 1713 4501 elucubrata,
1761 4442 1840 4489 ex
1896 4429 2118 4489 codice
2172 4428 2957 4491 Bavarico-Monachiensi
2993 4437 3216 4491 eruta:
3282 4447 3354 4493 ac
3404 4432 3594 4493 obvia
3655 4443 3848 4495 erunt

578 4522 895 4595 Carmina,
928 4541 1071 4600 quae
1092 4523 1324 4585 cecinit
1349 4524 1508 4601 ipse,
1534 4524 1602 4585 in
1634 4525 1967 4587 codicibus
1994 4525 2213 4604 Regiis
2244 4525 2746 4596 Parisiensibus,
2778 4534 2844 4587 ut
2870 4525 3097 4601 fertur,
3128 4534 3478 4599 asservata,
3506 4545 3586 4589 ex
3619 4529 3846 4610 eisque

582 4637 692 4697 pro
718 4637 814 4691 ea,
842 4637 986 4697 qua:
1017 4637 1262 4679 summa
1289 4621 1427 4681 sine
1468 4621 1669 4681 dubio
1692 4621 2035 4682 adhibetur
2059 4624 2418 4701 diligentia,
2451 4624 2529 4685 ad
2558 4625 2821 4685 Venetae
2845 4624 3120 4703 hujusce
3149 4625 3465 4701 editionis
3492 4645 3847 4691 ornamen-

578 4726 713 4775 tum
739 4715 1196 4792 depromenda.
1224 4718 1379 4776 Cum
1414 4725 1587 4777 textu
1623 4717 1842 4777 Grmco
1882 4726 2258 4795 totOperum
2296 4719 2785 4799 Tlieophylacti,
2817 4739 2959 4801 quae
2991 4724 3493 4785 memoravimus
3519 4726 3584 4786 in
3623 4726 3848 4797 biblio-

577 4812 779 4873 thecis
813 4812 1116 4874 hactenus
1140 4812 1814 4884 delitescentia,simu|
1842 4815 2191 4892 prodibant
2219 4816 2452 4877 Latium
2476 4816 3046 4893 interpretationes
3067 4865 3081 4890 ,
3106 4818 3449 4879 attentiore
3475 4822 3702 4884 studio
3735 4824 3846 4889 abs

579 4908 737 4969 viris
780 4910 1190 4987 peritissimis
1222 4909 1524 4973 confectas
1563 4932 1577 4971 :
1627 4918 1688 4971 et
1735 4910 1867 4973 vice
1915 4928 2093 4973 versa
2137 4913 2380 4973 Latium
2419 4913 2823 4976 translationi
2858 4916 3153 4976 Homilice
3184 4916 3250 4975 in
3282 4915 3849 4981 Prwsentationem

582 5008 866 5086 Deipara:
904 5009 1207 5087 Virginis,
1251 5025 1285 5069 a
1332 5009 1671 5071 Francisco
1706 5010 2088 5072 Combeiisio
2124 5010 2465 5081 adornatas,
2501 5012 2789 5090 adjectus
2840 5012 3126 5089 prodibit
3178 5014 3441 5075 Graecus
3494 5022 3715 5077 textus
3773 5038 3846 5080 ex

580 5106 779 5183 Regio
809 5106 1025 5167 codice
1064 5108 1434 5179 Parisiensi,
1473 5123 1631 5168 nova
1666 5106 1814 5167 item
1864 5107 2006 5168 sine
2039 5108 2240 5169 dubio
2277 5108 2565 5169 nitidiori
2618 5112 2961 5171 accedente
3006 5112 3225 5171 Latina
3276 5110 3840 5190 interpretatione.

660 5205 809 5265 Haec
854 5212 1002 5265 sunt
1040 5206 1353 5281 prmcipua
1398 5207 1659 5265 Venetae
1690 5203 2025 5275 editionis,
2081 5212 2171 5266 tot
2225 5206 2555 5286 tantisque
2588 5207 3080 5269 accessionibus
3114 5207 3554 5286 locupletatae,
3592 5212 3846 5275 emolu-

586 5312 793 5364 menta
826 5311 885 5364 et
918 5311 1309 5364 ornamenta.
1347 5302 1495 5364 Haec
1537 5321 1688 5364 vero
1730 5318 2107 5379 promovere
2150 5304 2388 5374 omnia,
2438 5303 2832 5383 felicemque
2875 5305 2939 5365 in
2992 5305 3243 5367 exitum
3278 5305 3637 5382 deducere,
3674 5328 3845 5373 unus

584 5401 783 5461 valuit
818 5402 1195 5461 Francist-us
1244 5402 1584 5473 Foscarus,
1620 5400 1925 5477 patricius
1971 5400 2277 5471 Venetus,
2337 5401 2783 5479 amplissimus
2851 5409 3136 5477 senator,
3200 5402 3478 5480 publicis
3547 5408 3845 5468 consiliis

585 5499 891 5573 regundis
924 5499 1161 5564 sexuir,
1198 5497 1555 5557 litterarum
1592 5497 1823 5564 cultor,
1861 5513 1931 5556 ac
1968 5506 2275 5573 patronus
2309 5500 2419 5577 qui
2453 5517 2589 5559 sum
2623 5500 2971 5576 splendore
3010 5500 3398 5574 nobilitatis,
3434 5518 3504 5563 ac
3538 5505 3843 5578 plurima,

588 5612 709 5673 qua
741 5594 913 5653 domi
952 5594 1247 5671 forisque
1300 5595 1675 5653 auctoritate
1713 5593 1934 5670 pollet,
1996 5593 2055 5651 id
2102 5592 2403 5656 facillime
2463 5598 2729 5675 assequi
2804 5600 3033 5675 potuit,
3086 5607 3155 5659 ut
3213 5599 3470 5659 codices
3530 5600 3843 5677 Vaticani,

590 5690 1478 5759 (immeo-Vindobonenses,
1534 5690 1933 5751 Parisienses
1987 5690 2169 5767 Regii
2204 5730 2229 5763 ,κ
2278 5701 2335 5752 et
2393 5695 3278 5769 BavaricoMonachienses,
3346 5714 3425 5757 ne
3488 5699 3844 5762 Marcianos

588 5788 869 5848 Venetos
903 5804 1246 5849 memorem
1306 5804 1375 5847 ac
1426 5789 1799 5849 Patavinum
1839 5787 2079 5849 Sanctm
2137 5789 2434 5866 .lustinae,
2491 5791 2875 5869 diligentius
2945 5794 3382 5856 lustrarentur
3436 5815 3451 5855 :
3507 5794 3565 5856 si
3624 5816 3847 5878 quam:

588 5884 901 5963 Bulgarirr
962 5884 1422 5963 archiepiscopi
1492 5882 1947 5964 ’l‘licOpliylacti
2012 5894 2335 5948 exstarent
2413 5904 2642 5965 opera,
2707 5906 2739 5951 a
2807 5890 3031 5967 peritis
3094 5891 3473 5969 transcripta
3536 5892 3788 5957 ιίιιτκ-ξε
