4034 6646
275 601 381 668 129
1103 597 1200 657 DE
1241 593 1828 656 THEOPHYLAC’I‘I
1877 593 2155 654 GESTIS
2197 593 2294 655 ET
2333 593 2708 656 SCRIPTIS.
3481 593 3587 662 130

273 708 580 770 Venetias
617 709 991 768 transmissa
1045 722 1115 767 ac
1150 705 1494 766 Latinitate
1527 704 1788 776 donata,
1831 703 2052 765 Graece
2103 702 2366 764 tandem
2427 709 2490 764 et
2532 703 2759 764 Latine
2802 700 3103 764 viderent
3136 702 3379 768 lucem.
3421 706 3587 771 Viro

269 821 549 878 summo,
584 805 697 882 qui
748 803 1180 864 litteratorum
1222 801 1475 864 nationi
1515 810 1642 863 tam
1671 802 1889 879 ampla
1921 801 2238 863 beneﬁcia
2275 799 2628 879 impendit,
2669 799 2911 879 gratias
2968 817 3160 879 agere
3195 819 3380 880 pares
3431 803 3585 884 quis
3688 847 3702 860 .

275 900 537 964 valeat?
2596 910 2600 914 '

351 1005 518 1063 Num
556 1019 707 1063 vero
738 1019 931 1081 Opera
997 1001 1106 1064 illa
1139 999 1636 1079 TheOphylacti,
1679 1015 1826 1078 qum
1857 998 1987 1077 jam
2021 995 2218 1070 edita,
2265 993 2406 1055 sive
2449 996 2667 1057 Graece
2723 1001 2783 1056 et
2842 995 3095 1064 Latine,
3155 995 3299 1056 sive
3357 996 3581 1058 Latine

271 1107 546 1171 tantum,
595 1117 770 1161 nunc
813 1099 985 1178 typis
1022 1100 1288 1160 Venetis
1340 1098 1772 1168 recuduntur,
1815 1096 2131 1174 prodeant
2167 1091 2620 1153 accuratiore?
2655 1092 3121 1152 Perfectiorem
3165 1093 3309 1154 sine
3352 1094 3581 1154 dubio.

267 1197 407 1257 sive
443 1204 691 1256 textum
732 1196 1026 1256 Graecum
1079 1203 1359 1274 spectes,
1396 1196 1537 1256 sive
1588 1194 1879 1256 Latinam
1923 1191 2325 1261 versionem,
2365 1189 2499 1250 ﬁeri
2563 1189 2925 1250 editionem
2988 1207 3205 1266 posse,
3243 1191 3366 1252 viri
3403 1191 3588 1270 peri-

268 1293 510 1353 tissimi
572 1293 1182 1354 animadverterunt
1241 1313 1254 1351 :
1318 1291 1559 1352 Graecis
1621 1291 1940 1352 nimirum
2017 1286 2395 1358 codicibus,
2446 1285 2561 1364 qui
2609 1297 2957 1346 servantur
3018 1286 3083 1346 in
3138 1286 3578 1357 bibliothecis,

263 1391 660 1470 diligentius
691 1389 943 1452 collatis
986 1412 1001 1451 :
1037 1407 1106 1451 ac
1150 1390 1454 1452 versione
1493 1389 1719 1450 Latina
1753 1396 1886 1448 tum
1931 1384 2239 1456 nitidius,
2276 1391 2412 1443 tum
2465 1383 2834 1444 accuratius
2868 1382 2945 1443 ad
3003 1384 3342 1444 veritatem
3396 1386 3579 1446 ϐηθ-

262 1504 491 1558 eorum
539 1504 867 1565 erpressa.
927 1486 1449 1566 (Ecolampadius
1484 1485 1708 1547 codice
1761 1485 1952 1544 unice
1989 1481 2194 1543 unico
2235 1480 2458 1540 (ἶνα)οο
2516 1495 2679 1539 usus
2738 1487 2862 1552 est,
2924 1477 3157 1556 utique
3217 1479 3450 1542 mutilo
3510 1482 3578 1541 in

262 1585 754 1646 Commentariis
798 1583 1324 1662 Evangeliorum,
1363 1601 1482 1644 nec
1531 1582 1732 1644 alium
1777 1580 1906 1642 nisi
1958 1582 2324 1641 Romanum
2361 1576 2524 1638 vidit
2562 1575 2905 1654 Philippus
2947 1578 3295 1637 Montanus
3341 1579 3570 1657 utique

259 1682 770 1762 imperfectum:
815 1683 1171 1760 Latineque
1236 1680 1773 1760 interpretatione
1813 1679 1891 1739 ab
1925 1695 2001 1738 eo
2057 1677 2337 1754 primum
2389 1671 2713 1744 confecta,
2766 1690 2836 1734 ac
2896 1672 2994 1732 bis
3059 1674 3250 1735 etiam
3311 1675 3389 1736 ah
3453 1676 3578 1735 isto

262 1779 1003 1860 recognita,4meliorem
1042 1787 1264 1856 optant
1297 1781 1417 1840 viri
1457 1779 1651 1840 docti.
1682 1780 1846 1838 Num
1900 1775 2106 1836 studii
2145 1773 2507 1851 prmstitum
2539 1771 2794 1848 aliquid
2859 1772 2924 1830 in
2965 1773 3207 1838 Veneta
3259 1771 3576 1840 editione,

259 1878 448 1956 quod.
474 1877 728 1956 priores
770 1877 1050 1939 maculas
1088 1874 1380 1938 eluerit?
1411 1877 1599 1950 Quod
1642 1890 1762 1952 ego
1823 1873 2002 1944 novi,
2046 1870 2269 1946 paucis
2328 1869 2575 1945 accipe.
2630 1869 2910 1928 'l‘extum
2962 1870 3357 1943 Romanum,
3404 1871 3577 1946 prio-

263 1991 537 2054 remque
591 1973 884 2035 Latinam
953 1973 1559 2050 interpretationem
1601 1973 1840 2032 iterum
1901 1970 2132 2030 excudi
2185 1967 2370 2047 juxta
2440 1965 2848 2026 Parisienses
2915 1977 3156 2044 typos:
3197 1968 3272 2027 ad
3335 1967 3576 2030 calcem

258 2071 418 2132 tomi
475 2071 796 2132 variantes
846 2087 973 2132 non
1023 2088 1259 2150 paucas
1295 2070 1619 2149 conjectas
1653 2086 1800 2130 esse
1837 2067 2176 2145 lectiones,
2213 2081 2361 2144 quae
2395 2081 2474 2124 ex
2527 2063 2872 2123 Marcianis
2913 2064 3178 2124 Venetis
3235 2064 3574 2127 codicibus

260 2168 667 2246 deprompta;
699 2177 852 2228 sunt
882 2188 897 2227 :
927 2167 1266 2245 suppletas
1295 2166 1490 2229 etiam
1518 2167 1581 2226 in
1615 2167 1837 2226 Latina
1869 2166 2170 2225 versione
2197 2161 2492 2240 plurium
2531 2176 2759 2221 vocum
2797 2160 3220 2235 omissiones,
3251 2162 3574 2223 dictiones

259 2264 425 2325 alias
459 2267 538 2325 ad
573 2266 945 2326 Graecorum
986 2264 1322 2325 veritatem
1362 2264 1672 2335 redactas,
1721 2263 2143 2340 integrasque
2200 2258 2507 2337 periodos
2549 2273 2678 2319 non
2724 2274 2867 2318 raro
2903 2258 3254 2320 nitidiores
3317 2260 3573 2320 substi—

261 2366 465 2422 tutas.
501 2362 813 2439 Exempla
867 2360 1187 2422 nonnulla
1234 2359 1530 2420 infcriori
1572 2369 1862 2439 pr05tant
1898 2357 1965 2418 in
2003 2357 2323 2433 margine,
2360 2355 2832 2431 q’uaeindicant
2869 2373 2993 2416 non
3033 2368 3158 2418 tam
3199 2357 3573 2418 versionem

259 2457 470 2532 illam,
511 2457 621 2520 ubi
676 2474 844 2537 opus
879 2467 1037 2530 erat,
1073 2458 1444 2538 castigatam
1501 2466 2017 2535 correctamque,
2071 2470 2264 2533 quam
2313 2452 2531 2531 potius
2572 2445 3054 2514 emendatio‘nis
3098 2471 3247 2534 qum
3283 2455 3574 2517 curanda

256 2552 455 2630 foret,
496 2553 736 2632 passim
788 2554 1108 2634 indigam.

344 2652 758 2714 Ferebantur
794 2652 1260 2714 Commentarii
1297 2653 1364 2712 in
1400 2650 1733 2732 Epistolas
1762 2653 1973 2713 sancti
2014 2650 2228 2723 Pauli,
2262 2668 2409 2711 cum
2443 2649 2669 2711 Latina
2707 2649 2961 2728 duplici
3001 2651 3334 2726 versione,
3371 2651 3573 2714 altera

257 2748 718 2827 ChristOphori
753 2752 1056 2812 Porsenae
1082 2751 1583 2829 paraphrastica
1612 2770 1684 2810 ac
1724 2751 1993 2810 nimium
2036 2747 2265 2819 libera,
2301 2748 2576 2808 Joannis
2611 2747 2915 2834 Lo‘niceri
2949 2748 3150 2809 altera
3183 2747 3569 2824 sphalmatis

257 2846 512 2925 passim
543 2853 857 2920 scatenle,
914 2853 977 2908 et
1016 2847 1262 2909 alicubi
1322 2845 1668 2910 tolerabili.
1707 2849 1823 2908 llla
1872 2845 2330 2925 praetermissa,
2389 2844 2821 2922 posteriorem
2888 2844 3295 2924 recognovit,
3350 2845 3571 2907 GNBCO

255 2951 471 3016 textu,
534 2944 649 3022 qui
710 2943 917 3004 fuerat
983 2942 1140 3004 olim
1201 2944 1477 3016 Erasmi,
1536 2951 1795 3020 reperto
1859 2959 2310 3022 expensoque,
2379 2941 2724 3020 Philippus
2761 2944 3012 3019 [LXIV]
3068 2945 3571 3005 Muntanus:et

257 3037 433 3100 hanc
464 3040 819 3118 postremis
854 3039 1030 3101 curis
1064 3041 1473 3102 emendatam
1530 3039 1862 3118 protulere
1898 3041 1963 3102 in
2010 3044 2218 3102 lucem
2260 3040 2723 3104 Londinenses
2772 3039 3088 3109 editores,
3132 3047 3313 3102 textu
3345 3042 3569 3103 Graeco

258 3136 523 3214 adjecto
561 3153 638 3196 ex
672 3137 897 3197 codice
951 3135 1454 3210 Arundelliano,
1489 3155 1636 3198 cum
1670 3138 1845 3199 binis
1890 3137 2038 3199 aliis
2097 3136 2594 3210 Oxoniensibus
2653 3135 2910 3197 collato.
2973 3138 3154 3198 Hanc
3207 3137 3566 3199 editionem

255 3233 505 3295 iterum
539 3235 912 3313 expriment
959 3235 1096 3313 typi
1143 3235 1407 3309 Veneti,
1460 3237 1706 3314 quibus
1752 3235 2016 3297 additur
2054 3235 2356 3296 collectio
2421 3231 2815 3294 variantium
2877 3233 3258 3310 lectionum,
3319 3237 3567 3296 Veneto

251 3331 593 3393 Marciano
622 3331 846 3394 codice
898 3349 1010 3393 eas
1056 3333 1550 3412 suppeditante.
1595 3336 1661 3395 ln
1714 3335 1938 3395 Latina
1969 3332 2425 3413 It‘a'positionis
2461 3333 2528 3392 in
2561 3332 2724 3393 Acta
2755 3333 3196 3409 apostolorum
3237 3334 3566 3410 interpre—

251 3429 530 3500 tatione,
567 3446 761 3509 quam
799 3428 1087 3491 Sifanius
1122 3430 1431 3505 confecit,
1467 3431 1900 3510 novavipsius
1934 3432 2218 3493 occurrit
2270 3432 2488 3492 versio
2521 3430 2687 3491 sacri
2724 3438 2964 3500 textus.
3012 3431 3203 3510 longe
3249 3431 3564 3492 ditferens

249 3541 287 3588 δ
336 3525 644 3605 Vulgata,
681 3543 809 3604 qua
853 3526 1091 3602 passim
1129 3528 1335 3588 utitur
1383 3526 1675 3589 Ecclesia
1715 3545 1727 3588 :
1769 3527 2087 3608 variaeque
2122 3537 2475 3590 occurrunt
2538 3527 2884 3598 lectiones,
2919 3546 3068 3607 quce
3099 3538 3375 3605 sumptae
3410 3537 3566 3590 sunt

251 3641 330 3686 ex
368 3625 667 3692 Erasmo,
705 3625 1084 3686 Sebastiano
1124 3625 1517 3699 Castalione,
1555 3634 1616 3686 et
1649 3625 1993 3687 Theodoro
2023 3629 2207 3698 Beza,
2238 3625 2564 3703 suspectis
2597 3625 2983 3686 hominibus
3012 3641 3084 3686 ac
3116 3625 3565 3687 heterodoxis.

248 3721 436 3784 Sacri
469 3728 684 3782 textus
718 3721 1226 3801 Evangeliorum
1264 3723 1836 3801 OEcolampadius,
1896 3732 1958 3785 et
2015 3722 2452 3802 Epistolarum
2507 3723 2713 3783 sancti
2769 3722 2952 3784 Pauli
2997 3721 3384 3794 Lonicerus,
3425 3740 3567 3785 ver-

247 3819 486 3881 siones
521 3816 887 3897 proferunt,
923 3838 1085 3901 quas
1113 3821 1243 3898 ipsi
1275 3823 1495 3883 Graeco
1528 3823 1733 3882 textui
1769 3819 2248 3882 conformiores
2288 3827 2624 3898 putarunt,
2651 3819 2763 3880 sed
2800 3836 2834 3880 a
2875 3819 3147 3899 Vulgata
3180 3827 3398 3882 nostra
3435 3837 3567 3881 non

249 3916 545 3978 multum
579 3915 919 3978 abeuntes.
961 3919 1183 3980 Priore
1217 3918 1284 3979 in
1341 3919 1483 3979 loco
1518 3935 1588 3979 ea
1652 3937 1808 3980 usus
1849 3929 1945 3979 est
1990 3935 2104 3978 sua
2159 3919 2227 3978 in
2278 3914 2758 3994 Recognitione
2815 3914 3158 3994 Philippus
3212 3919 3563 3978 Montanus

250 4013 626 4090 evangelici
669 4021 883 4074 textus
927 4013 1264 4083 versione,
1301 4031 1497 4094 quam
1541 4015 1787 4092 reperit
1825 4032 1839 4074 :
1881 4015 2223 4092 alteroque
2290 4015 2357 4074 in
2423 4014 2566 4074 loco
2626 4013 2962 4089 vulgarem
3008 4013 3267 4074 Paulini
3316 4021 3560 4086 textus,

249 4108 318 4171 in
358 4108 658 4170 Ecclesia
697 4110 1023 4172 Catholica
1067 4111 1450 4184 adhibitam,
1484 4111 1830 4174 substituit
1863 4129 1934 4173 ac
1968 4110 2271 4185 retinuit,
2316 4109 2445 4171 nisi
2481 4109 2676 4171 sicuti
2719 4103 3199 4190 Theophylacti
3238 4107 3564 4189 interpre-

249 4206 414 4268 tatio
461 4204 636 4266 illam
677 4205 1021 4267 immutare
1069 4210 1380 4286 coegerit.
1415 4209 1654 4290 Eorum
1707 4212 2040 4291 negotium
2086 4209 2233 4282 erit,
2267 4207 2380 4288 qui
2424 4208 2735 4268 Venetam
2795 4208 3161 4269 editionem
3203 4216 3456 4280 curant,
3497 4215 3567 4266 ut

249 4300 317 4362 in
391 4301 703 4380 praedicta
746 4301 1057 4363 Actorum
1097 4303 1540 4383 apostolorum
1591 4325 1756 4370 nova
1797 4307 2121 4380 versione,
2157 4307 2211 4368 si
2243 4305 2401 4386 quid
2442 4312 2541 4368 est
2579 4304 2998 4380 offensionis,
3053 4304 3363 4384 abjiciant
3403 4325 3420 4367 :
3453 4315 3564 4366 aut

250 4396 548 4476 Philippi
593 4397 912 4473 Montani,
949 4400 1079 4460 imo
1132 4403 1319 4462 etiam
1375 4403 1702 4465 editorum
1768 4404 2286 4466 Londinensium
2351 4401 2708 4464 consilium
2777 4409 3156 4481 sequentes,
3219 4402 3563 4481 Vulgatam

247 4495 688 4570 substituant,
738 4495 895 4557 locis
929 4497 1246 4576 exceptis,
1292 4498 1404 4558 ubi
1451 4518 1592 4562 eam
1633 4502 1965 4564 immutari
2009 4499 2478 4587 TbeOphylacti
2537 4499 2996 4580 interpretatio
3029 4507 3368 4578 exposcat.

335 4591 797 4671 Epistolarum
838 4594 1100 4656 demum
1143 4612 1304 4674 quas
1345 4597 1659 4675 plurimas
1686 4598 2223 4678 archiepiscopus
2257 4595 2585 4675 Bulgarim’
2605 4593 2893 4674 scripsit,
2923 4597 3188 4658 Graecus
3222 4604 3463 4671 textus,
3491 4611 3565 4657 ac

252 4690 488 4752 Latina
533 4688 867 4751 Vincentii
902 4691 1237 4753 Marinerii
1288 4695 1531 4770 versio,
1581 4696 1926 4775 sejunctim
1976 4696 2288 4756 hactenus
2331 4693 2756 4772 prodierunt;
2821 4693 2938 4756 sed
2995 4691 3186 4765 hanc,
3249 4703 3312 4756 et
3372 4692 3562 4754 illum

253 4786 662 4867 conjunctiui
701 4785 1028 4863 praestabit
1075 4791 1326 4851 Veneta
1366 4791 1598 4853 editio.
1652 4793 2081 4855 Doctissimos
2143 4792 2317 4854 viros
2369 4791 2705 4866 novimus,
2759 4793 2877 4872 qui
2929 4793 3303 4855 versionem
3369 4791 3560 4865 hanc,

254 4899 378 4946 ceu
412 4900 640 4945 minus
677 4891 976 4945 accurate
1009 4885 1396 4962 confectam,
1426 4889 1789 4969 erratisque
1837 4899 2188 4951 scatentem
2238 4888 2465 4950 dolent
2517 4911 2532 4950 :
2576 4905 2834 4969 nosque
2882 4891 3202 4953 nonnulla
3262 4889 3564 4969 exempla

253 4979 568 5040 dedimus
605 4996 788 5040 num.
823 4977 900 5041 25
933 4988 993 5042 et
1027 4982 1215 5059 alibi;
1251 4987 1362 5046 sed
1403 4988 1632 5048 Veneti
1669 4987 1955 5049 editores
2008 4986 2172 5048 hanc
2223 5002 2490 5065 quoque
2544 4994 2825 5066 spartam
2883 4987 3315 5049 adornabunt.
3367 4987 3560 5050 Plura

251 5075 480 5157 itaque
537 5085 694 5138 sunt
728 5094 873 5158 qua)
913 5079 1224 5142 Venetam
1264 5081 1430 5144 hanc
1463 5083 1825 5146 editionem
1859 5085 2137 5145 maxime
2169 5083 2628 5145 commendant
2661 5106 2676 5146 :
2707 5092 2845 5147 tum
2875 5085 3124 5148 inedita
3157 5103 3286 5148 non
3329 5103 3558 5165 pauca,

252 5189 397 5253 qum
433 5190 616 5234 nunc
665 5171 735 5235 in
774 5174 982 5236 lucem
1023 5178 1880 5259 prodeunt,TheOphylacti
1913 5197 2140 5260 Opera;
2186 5190 2324 5240 tum
2362 5178 2509 5259 ejus
2568 5179 3058 5244 lucubrationes
3110 5198 3366 5256 omnes,
3414 5199 3563 5261 qum

255 5287 402 5332 cum
438 5270 762 5334 hactenus
795 5273 992 5334 variis
1033 5292 1206 5338 cusaa
1237 5277 1411 5356 typis
1443 5295 1514 5340 ac
1565 5278 1882 5355 dispersae
1935 5278 2212 5352 abirent,
2279 5294 2456 5339 nunc
2511 5277 2714 5340 simul
2775 5278 3060 5341 collectas
3123 5287 3558 5357 praestantur:

251 5373 391 5431 tum
427 5366 580 5430 alim
625 5367 1015 5432 variantium
1079 5373 1467 5450 lectionum,
1504 5392 1652 5453 quae
1684 5391 1763 5436 ex
1813 5375 2150 5450 codicibus
2185 5374 2373 5437 boum
2415 5383 2586 5437 nota)
2621 5385 2898 5453 sumptae
2940 5383 3116 5450 sunt,
3149 5375 3561 5439 accessiones

223 5464 477 5546 plures
517 5483 531 5527 :
568 5473 706 5528 tum
736 5465 1024 5548 denique
1064 5470 1453 5551 diligentior
1493 5475 1571 5535 de
1615 5473 1796 5535 hisce
1833 5473 2146 5551 aperibus
2185 5491 2467 5536 censura
2505 5491 2577 5537 ac
2604 5481 2852 5538 certum
2879 5474 3204 5556 judicium
