4034 6584
510 451 615 522 ω
1745 439 2092 507 PﬂlLiPPI

2194 437 2482 501 ONTANI
3686 429 3787 501 132

525 587 3107 621 MM

1035 685 1664 880 PHILIPPI
1744 753 2418 877 MONTANI
2505 751 3270 869 PR/EFATIO

1000 989 1027 997 ”
1691 1003 1816 1093 IN
1891 998 2622 1093 EVANGELIA.

588 1347 806 1435 [ιιιηῑ]
840 1359 915 1414 Ne
944 1358 1013 1414 ob
1049 1358 1230 1414 varios
1288 1354 1756 1433 typographornm
1794 1350 2158 1424 quorumdam
2202 1351 2438 1416 eitulos,
2491 1350 2691 1421 quibus
2745 1350 2929 1406 fucum
2981 1349 3165 1405 facere
3201 1350 3540 1435 emptoribus
3584 1348 3788 1413 solent,

515 1468 639 1507 cum
678 1450 837 1504 NII“!
871 1457 965 1502 aut
992 1444 1197 1515 paucis
1222 1447 1516 1500 admodum
1560 1443 1693 1498 locis
1739 1440 1965 1496 mutatis
1991 1450 2045 1494 et
2079 1440 2365 1505 correctis,
2398 1454 2466 1494 ne
2494 1440 2673 1493 dicam
2710 1439 3005 1509 corruptis,
3044 1437 3335 1509 plerosque
3376 1448 3559 1493 tamen
3601 1453 3792 1493 eaten-

515 1540 696 1601 datos.
746 1552 906 1607 quam
964 1536 1199 1607 plurima
1235 1533 1487 1589 restituta
1521 1540 1577 1585 et
1607 1531 1814 1593 addita,
1851 1538 1906 1582 et
1946 1528 2252 1597 hnjusmodi
2284 1527 2386 1581 alia
2423 1541 2585 1597 quam
2615 1527 2850 1597 plurima
2895 1526 3181 1596 magniﬁce
3208 1530 3263 1581 in
3297 1528 3533 1597 speciem
3560 1527 3798 1595 iactant,

517 1636 576 1682 ut
604 1636 875 1695 emptores
901 1622 1200 1693 splendidis
1237 1620 1544 1687 huiusmodi
1577 1616 1758 1673 verbis
1794 1614 1999 1677 allecti,
2028 1616 2301 1683 iacturam
2334 1615 2435 1684 ipsi
2477 1630 2666 1670 revcra
2700 1616 2904 1670 faciant
2937 1631 2952 1668 ;
2987 1630 3054 1669 ne
3089 1618 3276 1685 igitur,
3308 1615 3540 1671 candide
3575 1614 3798 1679 Lector,

518 1714 573 1769 in
600 1716 703 1768 hoc
729 1727 946 1781 quoque
975 1722 1139 1779 opere
1173 1708 1281 1764 tale
1315 1709 1445 1776 quid
1471 1704 1774 1775 contigisse
1800 1705 2124 1774 suspiceris,
2154 1704 2501 1758 commodum
2530 1718 2651 1758 esse
2683 1704 2831 1769 duxi,
2866 1704 3101 1773 paucula
3134 1705 3382 1774 quadam
3420 1703 3560 1756 uaud
3591 1712 3801 1759 temere

518 1818 549 1856 a
583 1801 738 1855 nobis
772 1810 998 1863 mutata,
1028 1814 1059 1853 e
1091 1798 1283 1867 primis
1310 1796 1657 1866 potissimum
1708 1793 1979 1862 capitibus
2030 1792 2292 1856 indic-are,
2320 1807 2349 1845 e
2379 1793 2577 1863 quibus
2606 1793 2673 1847 de
2710 1792 2937 1861 reliquis
2972 1790 3341 1859 conjecturam
3376 1790 3559 1847 facere
3597 1792 3798 1861 possis,

519 1890 565 1944 si
593 1888 733 1944 forte
764 1888 851 1941 illa
886 1886 1140 1942 conferre
1188 1885 1455 1956 graveris.
1485 1882 1551 1937 Et
1580 1897 1645 1937 ne
1673 1882 1888 1953 longius
1920 1882 2206 1943 abeamus,
2238 1895 2304 1936 ex
2338 1880 2573 1935 Matthazi
2607 1882 2787 1950 capite
2819 1897 2833 1934 ι
2861 1894 3033 1950 pauca
3067 1881 3503 1953 perstringamus
3530 1898 3545 1946 ;
3583 1897 3714 1936 nam
3749 1882 3801 1936 in

518 1975 913 2045 Theopliylacti
968 1972 1286 2044 praefatione
1318 1973 1475 2039 plura
1509 1970 1813 2038 adiecimus
1845 1983 2007 2039 quam
2035 1984 2156 2038 qua:
2196 1974 2488 2027 commode
2524 1969 2615 2025 hic
2651 1970 2817 2025 inseri
2848 1970 3077 2041 possint.
3107 1969 3163 2024 in
3195 1970 3375 2026 locum
3428 1971 3617 2041 itaque
3649 1971 3801 2025 illum

519 2063 620 2135 ﬁlii
670 2062 961 2127 Abraham,
1016 2062 1095 2116 sic
1133 2060 1369 2115 habebat
1418 2060 1570 2129 prior
1621 2058 1809 2121 editio,
1854 2057 2036 2122 Quare
2082 2059 2325 2127 apposuit
2376 2058 2547 2135 pauit:
2595 2059 2696 2128 ﬁlii
2736 2059 2992 2124 Abraha',
3048 2072 3172 2113 cum
3207 2056 3492 2113 Romanus
3521 2057 3700 2114 codex
3737 2057 3804 2112 ad

520 2120 667 2207 hunc
700 2151 920 2205 modum
950 2120 1177 2216 'habcat,
1210 2146 1369 2211 Tli'toc
1396 2120 1562 2201 {vexa
1603 2120 1887 2217 προέταξε*
1907 2144 1999 2199 τὸν
2025 2146 2113 2199 Am

2239 2146 2335 2200 τοῦ
2372 2120 2635 2218 ’Ἁϐραάμ
2662 2164 2676 2213 ;
2705 2146 2808 2201 hoc
2840 2156 2941 2210 est,
2971 2120 3084 2200 Cur
3134 2148 3305 2214 ipsum
3360 2145 3535 2200 David
3578 2144 3805 2200 Abrahl

520 2239 856 2308 prcposuil?
885 2252 1045 2309 quam
1081 2238 1373 2292 lectionem
1406 2235 1685 2292 meliorem
1738 2249 1861 2289 esse
1889 2232 2122 2303 probant
2153 2236 2458 2305 sequentia,
2496 2245 2550 2289 et
2578 2247 2701 2304 qua
2737 2234 2790 2287 in
2822 2233 3075 2287 eumdem
3122 2232 3304 2287 locum
3340 2232 3530 2287 scribit
3562 2233 3806 2303 Chryso-

520 2337 756 2384 stomus.
798 2327 1069 2397 luterpres
1099 2326 1297 2396 legisse
1346 2324 1584 2390 videtur,
1634 2322 1963 2393 προσέταξα,
2011 2333 2149 2386 etc.,
2179 2334 2236 2378 et
2267 2322 2430 2392 paulo
2477 2328 2601 2391 post
2631 2321 2719 2375 ubi
2751 2318 3042 2376 Mattheus
3076 2320 3269 2375 scribit
3298 2317 3496 2375 ludam
3546 2321 3807 2392 genuisse

523 2416 782 2485 gemellos
811 2416 954 2480 illos,
996 2414 1203 2468 Phares
1241 2422 1297 2467 et
1330 2410 1527 2467 Zaram
1574 2413 1643 2466 de
1668 2410 1942 2474 Thamar,
1984 2411 2057 2465 ita
2090 2411 2241 2483 prius
2299 2411 2651 2466 habebatur:
2690 2409 2753 2463 Et
2808 2412 2947 2464 alius
3006 2412 3155 2479 prior
3224 2421 3383 2464 natus
3441 2408 3649 2465 Phares
3708 2418 3808 2465 est.

526 2504 722 2558 Deinde
751 2506 795 2557 is
826 2504 913 2571 qui
946 2518 1160 2555 manune
1193 2501 1517 2571 prcmieerat
1548 2510 1759 2554 socotus
1783 2512 1855 2553 est
1886 2497 2108 2565 Phares,
2139 2500 2278 2571 quod
2291 2508 2365 2553 est
2398 2499 2644 2553 dissertio
2672 2515 2689 2555 :
2725 2516 2743 2551 s
2779 2498 2930 2554 locus
2962 2501 3127 2552 etiam
3162 2495 3455 2553 manifeste
3494 2509 3813 2569 corruptus,

523 2609 645 2647 cum
708 2594 752 2647 is
795 2593 886 2660 qui
934 2605 1151 2644 manum
1207 2590 1546 2660 praemiserat
1583 2597 1806 2643 vocatus
1824 2588 1894 2643 sit
1918 2586 2077 2655 Zara,
2103 2598 2161 2642 ut
2188 2599 2335 2659 patet
2357 2587 2607 2653 Genesis,
2632 2601 2863 2650 xxxviii,
2894 2597 3089 2641 etmos
3108 2586 3270 2641 etiam
3292 2599 3355 2639 es
3376 2585 3481 2641 hoc
3500 2586 3617 2656 ipso
3631 2585 3811 2643 Theo-

522 2681 796 2751 pbylncto.
831 2680 926 2734 Sic
973 2679 1155 2747 itaque
1194 2677 1479 2747 legendum
1511 2688 1596 2731 est
1631 2695 1643 2731 :
1676 2674 1747 2729 Et
1778 2676 1919 2729 alius
1950 2679 2098 2744 prior
2124 2689 2281 2733 natus
2326 2686 2425 2742 est,
2474 2675 2664 2730 deinde
2697 2678 2742 2729 is
2774 2677 2862 2745 qui
2895 2691 3110 2729 manum
3158 2675 3511 2744 prtemiserat.
3576 2673 3805 2730 Vocatus

524 2780 599 2825 est
638 2771 817 2838 itaque
850 2769 939 2836 qui
966 2769 1114 2837 prior
1159 2776 1315 2821 natus
1340 2778 1415 2820 est
1446 2766 1672 2830 Phares,
1716 2766 1854 2836 quod
1885 2775 1961 2819 est
2000 2782 2017 2817 t
2058 2765 2324 2828 dissertio,
2365 2782 2383 2818 ι
2421 2774 2625 2834 puncto
2654 2762 2868 2818 scilicet
2899 2762 3043 2818 facto
3071 2773 3216 2833 post,
3248 2766 3608 2833 prtemiserat,
3642 2776 3701 2818 ut
3736 2764 3807 2819 ibi

525 2868 681 2912 natus
720 2870 793 2913 est
821 2856 1199 2926 subintelltgas
1231 2873 1244 2909 :
1272 2865 1327 2909 et
1355 2854 1552 2909 deinde
1586 2854 1843 2917 addatur,
1878 2864 2090 2907 rocatus
2134 2862 2211 2907 est
2240 2856 2436 2921 itaque,
2473 2862 2579 2905 etc.
2631 2849 2763 2904 Item
2808 2865 2914 2904 non
2957 2850 3031 2903 ita
3071 2850 3243 2904 multo
3274 2861 3418 2919 past,
3446 2851 3577 2914 illic,
3615 2850 3811 2907 Omnes

526 2946 691 3012 igitur
722 2944 1108 3011 generationes,
1140 2952 1274 3005 etc.,
1314 2941 1395 2995 sic
1426 2940 1725 2994 habebatur
1754 2958 1767 2993 :
1806 2940 1869 2994 In
1905 2952 2009 2994 tres
2048 2942 2257 2994 ordines
2286 2939 2557 2993 distribuit
2605 2940 2995 3009 generationes,
3028 2950 3084 2990 ut
3119 2949 3397 3003 monstret,
3431 2941 3573 3007 quod
3604 2938 3815 2995 Judteis

530 3032 664 3085 nihil
694 3031 975 3099 profuerit,
1018 3030 1136 3082 licet
1161 3029 1438 3099 judicibus
1464 3028 1662 3097 fuerint
1700 3026 1897 3081 subditi
1930 3045 2091 3097 usque
2132 3028 2199 3080 ad
2227 3027 2498 3081 Christum
2533 3042 2550 3079 :
2584 3029 2750 3082 etiam
2789 3027 2878 3080 hic
2909 3026 3064 3081 locus
3108 3028 3334 3082 mutilus
3370 3040 3451 3081 cst
3485 3042 3549 3081 ac
3583 3029 3813 3083 multum

530 3122 887 3187 depravatus,
922 3116 1361 3184 quandoquidem
1384 3114 1629 3183 judicum
1658 3123 1866 3167 tantum
1901 3116 2231 3170 mentionem
2257 3115 2445 3177 faciat,
2476 3116 2569 3185 qui
2599 3116 2663 3169 ad
2689 3125 2799 3169 tres
2828 3114 2947 3170 illos
2978 3115 3199 3170 ordines
3223 3116 3336 3172 sive
3364 3117 3817 3173 tesseradecades

530 3206 861 3275 respondere
895 3221 999 3259 non
1039 3211 1286 3274 possunt.
1329 3201 1517 3258 Graeca
1563 3213 1745 3256 autem
1785 3204 1837 3257 in
1886 3203 2023 3257 adeo
2062 3206 2371 3260 manifestis
2401 3204 2599 3259 erratis
2636 3204 2724 3259 hic
2761 3203 3042 3258 ascribere
3074 3204 3211 3257 nihil
3242 3220 3377 3273 opus
3409 3220 3529 3262 esse
3557 3217 3713 3277 puto,
3747 3223 3814 3264 ne

530 3296 731 3348 frustra
778 3294 1035 3347 lectorem
1064 3305 1378 3355 oneremus,
1406 3304 1436 3345 e
1466 3290 1667 3360 quibus
1698 3290 1780 3343 sic
1813 3289 1989 3343 locum
2024 3291 2168 3347 hunc
2218 3293 2581 3349 restituimus.
2616 3289 2684 3346 In
2725 3300 2830 3345 tres
2865 3293 3075 3345 ordines
3106 3294 3379 3346 distribuit
3420 3297 3811 3363 generationes,

531 3392 589 3436 ut
635 3390 955 3435 monstraret
1000 3381 1139 3451 quod
1187 3378 1389 3444 Judwi,
1432 3381 1540 3431 sive
1565 3395 1596 3430 a
1621 3377 1898 3447 judicibus
1949 3378 2389 3448 gubernarentur,
2426 3392 2479 3435 ut
2516 3382 2606 3450 qui
2637 3394 2800 3449 usque
2836 3382 2905 3433 ad
2933 3378 3105 3434 Dauid
3134 3396 3151 3435 :
3181 3383 3287 3436 sive
3312 3399 3343 3435 a
3373 3384 3603 3452 regibus,
3640 3385 3816 3453 utqui

532 3489 694 3543 usque
726 3474 793 3525 ad
830 3470 1356 3539 transmigrationem
1386 3484 1403 3521 :
1432 3469 1543 3522 sive
1578 3486 1607 3521 a
1632 3468 2019 3533 sacerdotibus,
2052 3478 2108 3521 ut
2135 3470 2225 3539 qui
2278 3486 2437 3538 usque
2466 3470 2533 3521 ad
2571 3468 2846 3524 Christum
2876 3482 2896 3522 :
2925 3468 3056 3521 nihil
3110 3480 3285 3523 tamen
3317 3472 3385 3524 ad
3414 3472 3667 3525 uirtutem
3693 3489 3819 3541 pro-

534 3561 790 3628 fecerunt,
824 3570 943 3624 etc;
975 3572 1135 3627 quam
1168 3556 1458 3611 lectionem
1507 3571 1686 3609 veram
1718 3558 2016 3611 ostendunt
2045 3567 2156 3610 tum
2191 3556 2577 3627 praecedentia,
2610 3555 2752 3625 quod
2776 3555 2872 3620 ait,
2912 3566 3188 3624 propterea
3222 3559 3588 3626 generationes
3615 3563 3670 3613 in
3708 3568 3814 3614 tres

535 3649 747 3701 ordines
783 3648 1119 3710 distributas,
1156 3653 1267 3698 tum
1305 3659 1429 3698 mox
1480 3644 1761 3715 sequentia
1796 3650 1864 3699 de
1894 3660 2026 3700 vero
2082 3656 2135 3699 et
2166 3643 2354 3700 Judice
2404 3655 2459 3699 et
2503 3642 2652 3713 Rege
2696 3654 2751 3697 et
2784 3644 3085 3699 Sacerdote
3135 3644 3377 3701 Christo.
3432 3646 3608 3714 Quam
3649 3647 3813 3703 etiam

535 3740 865 3793 sententiam
896 3739 1055 3793 habet
1087 3736 1533 3807 Chrysostomus,
1571 3752 1729 3805 quem
1765 3737 1877 3792 fere
1910 3746 2098 3793 noster
2124 3734 2570 3804 Theophylactus
2592 3733 2861 3801 sequitur.
2894 3731 3098 3788 Eodem
3132 3734 3235 3787 hoc
3264 3734 3438 3803 primo
3472 3736 3675 3805 capite,
3703 3737 3813 3791 ibi:

538 3825 621 3881 Ne
657 3828 865 3891 timeas,
898 3843 961 3882 ex
996 3842 1101 3881 una
1146 3826 1505 3881 annotatione
1544 3827 1681 3882 duas
1708 3827 1941 3892 faciens,
1982 3837 2036 3882 et
2067 3827 2245 3894 accipe
2281 3839 2377 3894 pro
2424 3823 2659 3891 accipere
2690 3836 2920 3891 ponens,
2962 3824 3294 3878 sententiam
3329 3824 3516 3879 turbat
3548 3842 3562 3880 :
3590 3829 3736 3895 quod
3764 3832 3817 3881 et

536 3915 701 3985 paulo
731 3924 851 3984 post
876 3917 1089 3969 diversa
1120 3914 1333 3969 ratione
1365 3912 1516 3979 facit,
1555 3905 1705 3969 duas.
1726 3916 2109 3970 annotationes
2139 3915 2191 3968 in
2225 3927 2387 3966 unam
2424 3912 2779 3966 contrahens.
2816 3909 2883 3965 Ut
2915 3910 3135 3965 interim
3166 3912 3358 3967 sileam
3392 3913 3459 3967 de
3487 3913 3817 3970 dictionibus

537 4002 728 4056 multis
778 4001 976 4070 passim
1014 3999 1260 4064 omissis,
1301 4010 1356 4055 et
1396 4000 1516 4054 aliis
1549 4016 1655 4055 non
1701 4002 1890 4072 paucis
1935 4002 2166 4055 multum
2207 3998 2560 4071 depravatis;
2612 4012 2732 4068 quae
2786 3996 2949 4053 facile
3003 3997 3379 4069 deprehendet
3407 4000 3500 4069 qui
3534 3999 3618 4057 vel
3650 4016 3815 4055 unum

535 4098 699 4158 caput
729 4090 831 4143 hoc
880 4089 1113 4159 primum
1146 4096 1203 4142 et
1244 4085 1623 4157 praefationem
1658 4102 1783 4141 cum
1824 4088 1989 4154 priori
2032 4089 2270 4143 editione
2312 4086 2564 4142 conferre
2597 4086 2762 4141 volet.
2817 4084 3010 4157 Capite
3058 4097 3242 4141 autem
3293 4097 3513 4154 octavo,
3558 4088 3659 4154 lbi,
3693 4087 3816 4143 Hac

539 4189 714 4231 autem
768 4179 996 4243 dicebat,
1028 4178 1183 4246 quasi
1231 4178 1427 4245 pigeret
1471 4191 1588 4229 eum
1625 4176 1902 4230 comitatus
1950 4176 2132 4247 ejus,l

2224 4192 2305 4231 eca
2343 4176 2423 4230 sic
2455 4176 2675 4240 habent,
2706 4173 2896 4228 Ταῦτα
2927 4174 2984 4227 δι
3014 4172 3202 4243 ἔλεγεν
3242 4174 3319 4238 ὡς
3355 4176 3422 4229 ἂν
3453 4176 3623 4249 πείσῃ
3656 4176 3817 4230 αὐτὸν

545 4264 964 4337 μεταϐληθέντα
995 4262 1339 4316 ἀκολουθεῖν.
1379 4260 1492 4317 Hoc
1522 4274 1629 4329 est,
1659 4262 1788 4319 Harc
1819 4275 1994 4319 autem
2023 4268 2136 4319 dice

2220 4274 2228 4316 t
2260 4279 2362 4334 quo
2384 4262 2722 4333 persuaderet
2745 4262 2845 4325 illi,
2880 4271 2935 4315 ut
2967 4262 3188 4315 mutatis
3219 4262 3455 4317 moribus
3489 4275 3813 4336 sequeretur;

552 4354 745 4424 Capite
777 4356 905 4409 item
939 4353 1193 4421 sequenti
1242 4352 1410 4406 multa
1442 4362 1597 4407 erant
1626 4354 1848 4419 omissa,
1879 4364 1935 4409 et
1960 4356 2203 4423 quedam
2254 4352 2394 4406 male
2440 4365 2597 4405 versa
2628 4367 2641 4403 :
2674 4356 2732 4403 ut
2759 4349 2889 4404 illud
2926 4350 2979 4403 in
3013 4348 3119 4403 line
3151 4350 3367 4419 capitis,
3408 4366 3628 4406 messem
3667 4361 3815 4407 vocat

549 4443 944 4497 multitudinem
978 4442 1259 4495 ministerii
1288 4458 1392 4510 quo
1426 4442 1662 4512 egebant,
1693 4458 1813 4497 cum
1864 4442 2052 4498 Grazca
2082 4443 2142 4497 sit

2232 4442 2450 4506 abeant,
2498 4438 2760 4509 Θερισμδν
2791 4438 3051 4510 ὀνομάζει
3080 4437 3141 4491 τὸ
3164 4438 3370 4509 πλῆθος
3394 4439 3459 4492 τὸ
3491 4438 3699 4511 χρῆζον
3722 4440 3817 4511 τῆς

542 4531 865 4603 θεραπείας,
904 4532 956 4585 id
986 4540 1094 4595 est,
1119 4548 1336 4585 messem
1357 4545 1506 4585 vocat
1542 4530 1937 4585 multitudinem
1962 4531 2257 4585 curationis
2287 4537 2540 4599 egentem.
2562 4528 2629 4582 Et
2660 4541 2781 4597 cap.
2813 4542 2905 4590 xv,
2941 4526 3036 4591 ibi,
3059 4528 3142 4580 Ad
3164 4525 3385 4583 Judteos
3409 4530 3501 4600 qui
3533 4537 3659 4583 sunt
3680 4545 3815 4595 oves,

542 4637 657 4690 qna:
689 4619 1025 4689 perdiderant
1056 4636 1117 4674 ea
1136 4637 1253 4688 qua:
1285 4621 1393 4674 illis
1426 4623 1730 4674 concredita
1752 4633 1922 4686 erant,
1958 4620 2135 4677 Grato:

2226 4635 2253 4673 c
2285 4618 2535 4687 legimus,
2571 4613 2766 4688 [LXX]
2801 4617 2897 4680 Εἰς
2916 4616 3045 4680 τοὺς
3084 4616 3398 4683 Ἰουδαίους,
3426 4618 3477 4671 οἳ
3496 4618 3815 4673 ἀπολωλότα

544 4708 653 4759 εἰσὶ
705 4705 959 4766 πρόϐατα
1007 4708 1117 4760 ἀπὸ
1172 4708 1374 4769 κακίας
1421 4708 1530 4759 τῶν
1567 4708 2047 4777 tumortumme
2092 4723 2137 4759 an

2224 4726 2233 4760 l
2305 4707 2410 4760 hoc
2454 4715 2559 4768 est,
2594 4707 2674 4759 Ad
2699 4704 2918 4760 Judtros
2947 4708 3036 4774 qui
3070 4718 3194 4761 sunt
3227 4722 3345 4762 oves
3389 4710 3613 4776 perdita
3641 4726 3817 4764 eorum

546 4795 691 4854 vitio.
749 4792 938 4865 quibus
978 4792 1203 4862 {terant
1240 4794 1553 4849 concredita
1595 4794 1701 4848 sive
1745 4796 2055 4849 commissa.
2097 4792 2232 4848 Nam
2263 4792 2437 4848 Graeci
2482 4794 2937 4863 quemadmodum
2973 4794 3151 4850 active
3180 4796 3388 4861 dicunt,
3420 4798 3695 4852 committo
3726 4797 3817 4853 tibi

544 4887 679 4936 hanc
708 4898 818 4935 rem
844 4923 859 4947 ,
904 4882 984 4935 sic
1019 4891 1072 4935 et
1116 4881 1351 4950 passive,
1392 4889 1445 4935 tu
1476 4899 1529 4937 es
1561 4885 1869 4937 commissus
1903 4884 2039 4937 hanc
2078 4898 2210 4949 rem,
2251 4896 2348 4952 pro
2375 4883 2709 4936 commissam
2754 4882 2933 4938 habes.
2970 4883 3086 4951 Qua
3118 4884 3286 4941 etiam
3326 4885 3599 4944 locutione
3631 4885 3817 4944 ϐιωιι

546 4980 773 5027 utuntur
810 4985 1199 5039 nonnunquam
1231 4982 1405 5040 poetae
1433 4970 1633 5037 Latini,
1677 4979 1733 5023 ut
1760 4968 2054 5045 Horat.de
2079 4971 2303 5027 senibus
2335 4973 2517 5025 avaris
2548 4987 2563 5024 :

1418 5080 1571 5137 Lcevo
1604 5083 1843 5151 suspensi
1893 5082 2095 5137 loculos
2127 5082 2463 5151 tabulamque
2491 5082 2711 5148 lacerto,

552 5208 653 5267 pro
711 5211 995 5263 suspensos
1049 5192 1253 5247 loculos
1299 5203 1348 5247 et
1397 5194 1634 5247 tabulam
1685 5210 1995 5263 suspensam
2051 5196 2324 5249 habentes:
2364 5194 2437 5249 In
2478 5192 2583 5249 hoc
2637 5193 2804 5251 etiam
2862 5196 3062 5265 capite,
3117 5205 3176 5251 ut
3228 5198 3280 5251 in
3330 5196 3453 5254 aliis
3507 5200 3818 5269 praceden-

547 5286 695 5339 tihus
735 5294 789 5338 et
824 5284 1199 5353 sequentibus,
1243 5282 1521 5351 permulta
1563 5284 1776 5337 luerant
1809 5298 2033 5351 prorsus
2067 5284 2291 5349 omissa,
2332 5282 2577 5355 quaedam
2613 5282 2828 5338 inversa
2877 5284 3216 5355 multumque
3254 5286 3569 5355 depravata.

632 5370 737 5425 Sed
765 5372 831 5423 ad
861 5373 999 5425 alios
1030 5370 1397 5438 evangelistas
1439 5384 1737 5437 properans
1760 5406 1774 5432 ,
1814 5369 1943 5422 illud
1991 5386 2154 5423 unum
2187 5386 2251 5425 ex
2289 5371 2544 5425 Matthzo
2578 5370 2855 5438 abjiciam,
2906 5376 3047 5440 quod
3080 5374 3312 5429 habetur
3350 5376 3531 5443 capite
3560 5374 3818 5431 vicesimo

547 5459 724 5529 primo
740 5461 803 5512 de
830 5458 1002 5511 turbis
1024 5458 1375 5525 simplicibus.
1397 5455 1600 5525 Neque,
1621 5457 1813 5525 inquit,
1835 5458 2128 5511 invidebant
2152 5457 2383 5524 Christo,
2410 5474 2572 5527 neque
2590 5458 2888 5526 opinionem
2909 5460 3180 5529 indignam
3199 5462 3262 5515 de
3282 5460 3494 5517 Christo
3515 5463 3773 5518 habebam
3797 5478 3815 5516 :

548 5548 664 5600 ideo
698 5559 744 5600 et
778 5562 913 5598 nunc
965 5544 1271 5613 prophetam
1323 5544 1473 5596 illum
1526 5545 1704 5597 dicunt
1737 5559 1755 5597 :
1789 5560 2055 5610 nunquam
2104 5556 2302 5610 autem,
2331 5548 2375 5600 si
2406 5549 2517 5601 sine
2556 5537 2787 5600 articqu
2830 5550 3065 5613 dicatur,
3102 5559 3250 5612 etc...
3275 5564 3399 5603 cum
3442 5547 3634 5607 Graeca
3666 5552 3819 5623 lange

550 5651 710 5691 aecus
746 5636 979 5690 habeant
1015 5655 1027 5689 :
1063 5647 1119 5689 ut
1142 5633 1269 5687 οὔτε
1316 5634 1578 5703 ἐφθόνουν
1632 5635 1710 5705 τῷ
1742 5635 1989 5705 Χριστῷ,
2025 5635 2169 5688 οὔτε
2203 5635 2368 5688 πάλιν
2396 5636 2495 5705 τὴν
2535 5636 2922 5705 προσήκουσαν
2970 5636 3100 5705 περὶ
3146 5638 3311 5692 αὑτοῦ
3347 5638 3619 5710 ὑπόληψιν
3650 5640 3814 5713 εἶχον.

553 5724 647 5776 Διὸ
670 5726 765 5777 καὶ
792 5723 886 5775 νῦν
920 5724 1209 5794 προφήτην
1251 5724 1415 5776 αὐτὸν
1448 5722 1693 5791 λέγουσι,
1724 5725 1938 5795 μήποτε
1962 5724 2039 5790 δὲ,
2073 5726 2195 5777 ἐπεὶ
2230 5726 2370 5794 μετὰ
2398 5724 2493 5777 τοῦ
2525 5723 2729 5793 ἄρθρου
2770 5726 2934 5794 φασὶν
2962 5727 2990 5778 ὁ
3024 5733 3309 5797 προφήτης
3335 5766 3350 5792 ,
3379 5727 3604 5783 δύναται
3626 5730 3821 5800 νοηθῆ-

552 5829 666 5875 ναι,
692 5811 772 5863 ὅτι
803 5807 956 5873 οὗτός
992 5814 1139 5864 ἔστιν
1171 5813 1200 5865 ὁ
1227 5810 1676 5882 προσδοκώμενος
1725 5816 2035 5885 προφήτης,
2081 5814 2145 5869 ho

2224 5824 2311 5869 εει
2338 5833 2350 5867 2
2380 5811 2564 5883 Neque
2603 5814 2912 5866 invidebant
2958 5812 3189 5879 Christo,
3225 5832 3385 5887 neque
3417 5834 3603 5871 rursus
3637 5834 3816 5873 conse-

554 5905 781 5956 nientem
834 5901 897 5956 de
952 5901 1064 5971 ipso
1112 5901 1375 5958 habebant
1421 5904 1737 5972 opinionem.
1786 5904 1913 5958 Ideo
1940 5914 1989 5959 et
2022 5920 2160 5959 nunc
2207 5904 2519 5973 prophetam
2586 5902 2756 5971 ipsum
2817 5902 3021 5971 dicunt,
3072 5906 3176 5958 nisi
3222 5904 3359 5975 forte
3394 5905 3817 5971 quandoquidem
