4034 6648
253 620 359 692 In
1602 670 1607 673 .
1664 614 2078 681 PRAFATIO.
3459 608 3563 677 134

254 759 375 803 euut
403 738 634 798 articulo
662 737 850 793 dicunt
880 735 907 791 ὁ
934 733 1247 806 προφήτης,
1277 730 1331 785 id
1350 736 1427 784 est
1448 726 1701 797 propheta
1732 727 1847 796 ille,
1877 726 2044 797 possit
2076 721 2299 794 intelligi
2323 724 2465 794 quod
2495 724 2595 778 iste
2622 722 2690 777 sit
2717 721 2810 792 qui
2828 721 3239 791 exspectabatur
3266 724 3551 793 preplteta.

261 835 339 889 Αιι
366 845 488 902 qua
519 826 755 900 pulchre
781 824 1057 893 quadram
1097 821 1330 889 reliqua.
1379 815 1592 887 Lapsus
1620 814 1967 871 occasionem
1997 811 2188 902 dedit,
2210 811 2430 881 opinor,
2471 812 2612 902 quod
2642 810 2860 902 μήπιιτε
2889 809 2973 902 bs,
3000 812 3256 902 venerit,
3285 827 3559 902 nunquam

258 898 436 977 autem
464 932 485 972 :
516 898 585 970 ad
612 912 759 986 quod
787 920 987 967 caetera
1014 915 1209 980 aptare
1230 905 1479 976 cupiens,
1506 913 1676 961 totam
1702 903 1930 959 invertit
1952 898 2283 957 sententiam
2312 914 2327 966 ;
2366 912 2492 955 cum
2523 898 2741 986 μήποτε
2765 899 2873 956 hoc
2892 898 3014 955 loco
3044 914 3152 967 non
3179 899 3253 955 sit
3281 900 3561 972 negantis,

256 1010 350 1064 sed
391 985 777 1061 addubitanter
804 996 1172 1061 decernentis,
1201 1008 1300 1066 pro
1325 992 1578 1063 fortasse,
1611 1001 1707 1049 aut
1736 990 1839 1045 nisi
1882 989 2043 1059 forte.
2070 987 2187 1056 Qua
2226 988 2285 1043 in
2313 985 2723 1058 signiﬁcatione
2754 986 3077 1058 frequenter
3122 990 3326 1060 accipit
3373 996 3565 1046 noster

256 1096 346 1152 hic
381 1091 848 1162 Theophylactus,
912 1094 971 1140 ut
1022 1083 1205 1155 capite
1238 1082 1399 1153 hujus
1427 1096 1551 1145 χιιι,
1574 1081 1648 1135 ibi
1680 1080 1895 1151 μήποτε
1919 1078 2001 1145 δὲ,
2029 1078 2299 1144 vertebat,
2322 1080 2464 1133 absit
2494 1088 2857 1145 autem;cum
2888 1080 3121 1149 fortasse
3150 1090 3348 1147 autem,
3375 1081 3561 1139 dicere

252 1183 535 1239 debuisset
573 1197 588 1235 :
617 1178 765 1250 quod
792 1176 879 1233 bis
909 1174 1101 1231 eodem
1131 1173 1309 1242 capite
1342 1168 1496 1233 facit,
1531 1169 1674 1231 male
1714 1168 1971 1238 rejiciens
2001 1182 2123 1239 quae
2158 1166 2605 1239 Theophylactus
2640 1167 2903 1223 admittit.
2936 1166 3181 1225 Matthei
3214 1171 3382 1225 etiam
3412 1186 3556 1237 xstt,

252 1280 309 1327 et
345 1268 515 1325 Marci
543 1283 634 1332 sv,
667 1278 799 1331 etc.,
833 1265 1027 1321 eodem
1073 1261 1237 1317 modo
1281 1258 1573 1329 accipitur.
1609 1257 1717 1314 Sed
1746 1258 1879 1330 quid
1916 1257 2004 1313 his
2059 1259 2347 1322 lmmoror,
2381 1272 2505 1312 cum
2538 1256 2745 1311 nullum
2776 1256 3004 1313 omnino
3035 1268 3200 1331 caput
3227 1258 3324 1322 sit,
3359 1260 3414 1314 in
3447 1276 3561 1333 quo

252 1374 362 1414 non
391 1357 557 1413 multa
586 1356 698 1421 sint
723 1350 1018 1409 restituta?
1049 1348 1251 1405 Videor
1282 1350 1472 1416 itaque
1500 1362 1567 1402 ne
1598 1349 1653 1403 in
1686 1346 1773 1403 his
1809 1346 2078 1417 prolixior
2112 1344 2312 1403 fuerim
2352 1365 2365 1403 :
2421 1347 2654 1415 ideoque
2680 1362 2746 1403 ex
2784 1347 3014 1418 reliquis
3038 1348 3395 1420 evangelistis
3422 1364 3559 1419 pau-

251 1440 402 1501 ciora
435 1447 827 1515 perstringam.
861 1438 1030 1497 Marci
1072 1439 1250 1509 primo
1276 1434 1496 1493 Judazos
1531 1447 1751 1502 notans,
1782 1436 1872 1506 qui
1908 1436 2226 1507 Seripturas
2258 1434 2630 1506 negligebant,
2667 1437 2749 1492 sic
2781 1436 2983 1506 inquit,
3028 1437 3171 1495 Ἀλλ’
3199 1438 3560 1514 οὑιϊιγεώρ-

248 1552 383 1601 γουν
422 1532 597 1597 αὐτὰς
625 1530 749 1585 οὐδὲ
775 1528 1039 1602 spatham,
1068 1525 1119 1581 id
1152 1536 1259 1592 est,
1289 1521 1391 1581 Sed
1431 1524 1533 1594 ipsi
1562 1541 1669 1579 non
1697 1526 2006 1595 excolebant
2034 1543 2123 1581 eas
2151 1540 2245 1580 nec
2271 1530 2689 1591 scrutabantur;
2712 1526 2866 1597 prius
2897 1538 3082 1584 autem
3113 1528 3387 1598 scriptum
3407 1540 3555 1594 erat,

248 1624 342 1678 sed
382 1639 488 1678 non
529 1615 634 1690 ipsi
663 1620 906 1676 colebant
940 1631 1097 1687 agros
1147 1631 1311 1685 neque
1340 1612 1699 1681 inquirebant.
1736 1610 1801 1666 Bt
1834 1612 1996 1683 paulo
2026 1625 2157 1670 ante
2191 1612 2283 1668 hic
2316 1613 2557 1684 negatio,
2591 1630 2779 1685 neque,
2828 1615 3035 1671 omissa
3064 1631 3289 1672 sensum
3326 1624 3558 1673 contra-

249 1709 393 1764 rium
425 1708 786 1779 exprimebat.
820 1704 889 1760 Et
915 1720 982 1761 ne
1010 1703 1219 1758 diutius
1269 1702 1554 1763 immorer.
1586 1700 1631 1755 si
1658 1701 1785 1771 quis
1830 1690 2002 1757 totum
2039 1702 2144 1757 hoc
2175 1710 2341 1773 caput
2376 1702 2617 1773 primum
2671 1712 2935 1759 excutere
2987 1704 3147 1770 velut,
3180 1705 3558 1774 deprehendet

248 1798 421 1852 multa
456 1799 687 1863 omissa,
722 1805 777 1851 et
819 1809 927 1849 non
960 1807 1135 1863 pauca
1172 1800 1459 1861 corrupta,
1511 1790 1655 1845 sicut
1679 1798 1734 1844 et
1766 1792 1947 1859 capite
1990 1792 2242 1862 proxime
2274 1793 2554 1861 sequenti,
2588 1799 2648 1846 ut
2690 1808 2757 1847 ex
2796 1794 2987 1849 multis
3022 1794 3289 1861 indicem,
3326 1796 3415 1851 ubi
3454 1792 3554 1859 ait,

245 1889 392 1956 quod
426 1886 597 1941 David
644 1886 853 1957 fugiens
877 1899 908 1935 a
941 1880 1081 1952 facie
1108 1878 1310 1945 Saulis,
1344 1878 1588 1949 gladium
1622 1876 1842 1934 Goliatlt
1887 1880 2128 1933 ablatum
2159 1880 2346 1934 obtulit
2385 1879 2612 1935 Domino
2646 1896 2665 1933 :
2698 1897 2822 1937 cum
2868 1882 3159 1953 legendum
3198 1884 3293 1950 sit,
3316 1885 3558 1955 gladium

244 1975 466 2031 Goliatlt
501 1976 741 2030 oblatum
779 1972 1026 2036 Domino,
1078 1970 1300 2025 abstulit
1365 1976 1424 2023 ut
1482 1967 1688 2022 habent
1722 1965 1936 2032 Graeca,
1966 1970 2159 2039 eisque
2214 1971 2549 2041 astipulatur
2604 1970 2835 2027 historia
2868 1974 2885 2026 l
2915 1974 3051 2045 Reg.
3086 1990 3210 2046 cap.
3250 1990 3364 2031 ιιι.
3397 1974 3560 2031 initio

244 2065 379 2120 item
409 2062 919 2136 scqueutiscapitis
952 2061 1105 2117 locus
1152 2058 1312 2129 plane
1345 2057 1680 2127 depravatus
1714 2060 2049 2113 contrariam
2106 2058 2371 2114 reddebat
2405 2062 2764 2116 sententiam.
2800 2063 2909 2117 Sed
2950 2065 3017 2117 ad
3046 2062 3252 2119 Lucam
3289 2080 3553 2138 propero,

242 2154 410 2223 cujus
440 2158 604 2222 caput
651 2152 888 2223 primum
925 2161 982 2207 et
1009 2150 1313 2207 secundum
1361 2146 1554 2218 multis
1603 2145 1889 2203 scatebant
1939 2146 2179 2215 mendis,
2211 2156 2270 2200 ut
2302 2154 2357 2200 et
2386 2138 2638 2217 proxime
2673 2164 2954 2219 sequens:
2994 2152 3086 2207 ubi
3141 2164 3341 2223 praeter
3386 2154 3559 2209 multa

241 2245 481 2311 omissa,
521 2241 762 2297 fortasse
796 2240 1045 2312 quaedam
1086 2239 1307 2293 fuerant
1358 2251 1466 2292 non
1504 2234 1642 2291 satis
1678 2235 1951 2291 intellecta
1992 2253 2006 2290 :
2041 2244 2102 2290 ut
2133 2236 2278 2305 quod
2314 2238 2442 2291 ὅσον
2494 2236 2673 2305 obstat,
2716 2250 2920 2305 vertat,
2962 2250 3219 2312 quantum
3246 2258 3556 2312 nunquam,

239 2348 370 2389 cum
414 2331 736 2387 vertendum
764 2340 913 2385 esset
946 2343 1071 2382 mox
1102 2335 1195 2381 aut
1228 2325 1393 2396 paulo
1426 2335 1545 2394 post
1576 2341 1595 2381 ε
1624 2334 1685 2379 ιιι
1724 2338 1921 2379 sensus
1947 2324 2041 2390 sit,
2070 2339 2196 2378 mea:
2224 2341 2256 2377 a
2287 2326 2676 2394 praedicatione
2721 2326 2955 2383 Joannis
2997 2330 3417 2398 praedicatur-um
3442 2349 3559 2387 esse

248 2417 563 2475 Dominum.
599 2418 800 2474 Eodem
836 2417 988 2486 lapsu
1025 2422 1289 2486 corrupta
1316 2413 1422 2469 fuit
1456 2414 1731 2468 sententia
1774 2427 1896 2482 cap.
1932 2429 2091 2480 XVIII,
2126 2413 2216 2467 ιιιιί
2244 2415 2371 2468 ὅσον
2409 2414 2587 2483 οὔπω,
2630 2426 2873 2473 verterat
2907 2417 3167 2486 nondum,
3199 2435 3323 2475 eum
3355 2434 3557 2478 sensus

249 2508 516 2581 postulet,
544 2517 608 2563 ut
636 2523 781 2572 mox,
810 2505 928 2561 sive
958 2504 1120 2575 paulo
1146 2513 1261 2574 post
1284 2503 1521 2558 dicatur.
1544 2502 1738 2572 Capite
1765 2513 1947 2556 autem
1974 2517 2089 2569 xtv,
2119 2504 2211 2559 ubi
2246 2504 2513 2571 declarat,
2539 2520 2637 2576 per
2665 2522 2790 2562 eum
2821 2506 2914 2577 qui
2943 2508 3075 2577 juga
3115 2508 3279 2563 boum
3332 2512 3553 2580 emerit,

240 2598 577 2669 significari,
609 2612 732 2654 eum
766 2594 861 2667 qui
894 2596 1042 2650 circa
1096 2603 1310 2650 terrena
1342 2603 1491 2649 esset
1528 2602 1853 2667 occupatus,
1886 2591 2231 2662 spiritualem
2265 2607 2479 2650 canam
2514 2593 2820 2667 negligere,
2852 2592 3014 2651 allicit
3048 2594 3331 2666 Sapientis
3360 2610 3553 2653 auctu-

239 2690 469 2742 ritatem
505 2688 583 2745 ad
610 2686 754 2740 hunc
790 2682 1009 2738 modum
1040 2698 1055 2735 :
1090 2681 1235 2747 Quid
1282 2679 1652 2735 calumniatur
1683 2680 1773 2751 qui
1801 2680 1962 2735 alteri
1990 2682 2290 2750 praevalet?
2321 2682 2427 2738 Sed
2456 2684 2613 2755 quid,
2643 2700 2851 2755 quaeso,
2895 2686 3039 2741 istud
3067 2686 3135 2741 ad
3169 2688 3559 2759 propositum?

240 2777 342 2831 uhi
376 2774 565 2830 Graece
594 2776 675 2829 sic
707 2772 930 2838 habent,
962 2770 1029 2825 Τί
1064 2768 1461 2841 σοφισθήσεται
1492 2770 1523 2823 ὁ
1550 2768 1774 2842 κρατῶν
1803 2770 1833 2824 ἀ

1966 2787 2074 2840 pou,
2109 2771 2161 2827 id
2201 2782 2308 2837 est,
2344 2772 2409 2828 In
2438 2790 2543 2845 quo
2574 2777 2787 2843 sapiens
2818 2776 2922 2830 erit
2955 2776 3048 2845 qui
3094 2785 3233 2831 tenet
3268 2778 3559 2832 aratrum?

243 2863 718 2933 quemadmodum
742 2861 1020 2919 habemus
1055 2858 1428 2916 Ecclesiastici
1480 2874 1713 2923 xxvaII,
1748 2861 2052 2916 secundum
2078 2859 2465 2932 Septuaginta,
2504 2879 2645 2935 quos
2678 2864 2791 2931 hic,
2821 2875 2881 2918 ut
2916 2865 3007 2921 alii
3042 2865 3241 2933 Graeci,
3267 2866 3554 2939 sequitur:

243 2954 395 3024 quod
423 2951 644 3023 quidem
688 2950 975 3021 proposito
1013 2948 1244 3019 pulchre
1280 2948 1577 3015 convenit;
1613 2957 1802 3003 aratro
1832 2947 1976 3003 enim
2000 2947 2129 3019 juga
2164 2948 2367 3004 bonum
2403 2951 2788 3007 admoventur.
2822 2952 2914 3010 Sic
2945 2963 2998 3009 et
3027 2968 3149 3025 eap.
3187 2970 3325 3022 xm,
3356 2971 3560 3012 secun-

242 3041 381 3097 dum
407 3040 765 3111 Septuaginta
815 3038 1103 3109 legendum
1136 3048 1260 3103 est;
1292 3046 1343 3092 et
1371 3037 1687 3091 roborentur
1716 3036 1772 3090 in
1820 3053 1879 3090 eo
1922 3053 2101 3091 omnes
2128 3038 2234 3106 ﬁlii
2285 3037 2661 3106 Dei,,Deuler.
2701 3042 2985 3098 tricesimo
3043 3046 3311 3100 secundo.
3348 3043 3554 3101 Eodem

238 3128 514 3183 vicesimo
540 3128 781 3183 secundo
822 3128 1023 3196 capite,
1078 3125 1250 3181 multa
1284 3125 1451 3181 etiam
1484 3125 1588 3179 alia
1639 3124 1932 3179 emendata
1983 3124 2173 3181 videre
2221 3124 2371 3180 licet.
2411 3126 2659 3198 Denique
2694 3140 2751 3182 ut
2796 3143 2863 3183 ex
2902 3130 3083 3200 primo
3120 3133 3290 3186 etiam
3322 3130 3556 3190 Joannis

244 3217 435 3286 capite
468 3219 715 3286 quaedam
748 3217 1161 3285 depromamus,
1193 3214 1290 3280 ibi,
1329 3212 1398 3267 Et
1428 3212 1521 3267 tua:
1553 3216 1609 3266 in
1642 3213 1869 3269 tenebris
1895 3214 2057 3281 lucet,
2084 3215 2375 3271 declarans
2404 3216 2581 3272 lucem
2626 3220 2682 3274 in
2710 3221 2956 3275 tenebris
2988 3221 3191 3277 lucere.
3229 3222 3322 3279 Sic
3348 3240 3555 3295 posue-

242 3316 333 3362 rat
365 3323 379 3360 :
417 3304 559 3359 Nam
587 3314 636 3359 et
657 3305 715 3358 in
739 3315 907 3359 morte
938 3303 1111 3373 [actus
1136 3311 1237 3367 est,
1262 3304 1419 3373 quasi
1454 3303 1636 3371 fuisset
1667 3302 1857 3369 rictus,
1885 3303 1959 3358 ita
1990 3314 2044 3357 ut
2069 3315 2270 3375 cogeret
2291 3303 2578 3359 hincillum
2604 3306 2887 3377 emigrare,
2917 3319 3023 3364 etc.
3053 3307 3311 3376 Ubinam,
3342 3327 3553 3382 quaeso,

242 3395 339 3450 lux
371 3395 426 3447 in
458 3404 637 3450 morte
669 3392 757 3447 hic
781 3393 983 3458 lucere,
1008 3401 1065 3447 et
1086 3392 1230 3445 vires
1252 3407 1380 3445 suas
1404 3404 1662 3445 exserere
1689 3390 1941 3447 dicatur?
1960 3393 2197 3448 Proinde
2216 3395 2297 3449 sic
2323 3394 2388 3448 ad
2417 3396 2700 3465 exemplar
2726 3396 2980 3452 Graecum
3018 3401 3380 3459 restituitnus.
3412 3400 3555 3464 [tam

239 3494 290 3539 et
318 3484 429 3553 ipse
453 3493 692 3536 mortuus
716 3482 792 3535 sic
813 3494 1033 3534 mortem
1061 3480 1352 3547 superavit,
1380 3489 1433 3531 ut
1456 3489 1501 3532 et
1529 3494 1616 3531 eos
1640 3494 1769 3548 quos
1787 3481 1934 3546 prius
1960 3484 2323 3554 absorpserat,
2348 3496 2551 3556 cogeret
2573 3488 2742 3555 ipsam
2768 3504 3022 3543 evomere.
3049 3488 3257 3546 Similis
3281 3491 3553 3547 sententia

242 3572 520 3629 habetur]
541 3573 606 3627 ad
627 3570 757 3628 Cor.
778 3587 899 3642 cap.
924 3586 1015 3635 av,
1038 3571 1135 3634 ibi,
1156 3567 1469 3624 Postremus
1488 3570 1656 3624 Itostis
1678 3571 1986 3640 destruetur
2007 3589 2173 3629 mors.
2197 3573 2262 3629 Et
2287 3574 2449 3643 paulo
2469 3586 2591 3645 pust
2613 3574 2886 3631 Joannem
2938 3575 3342 3633 Prmenrsorem
3366 3577 3433 3633 de
3456 3596 3553 3634 sua

240 3660 467 3736 [LXXI]
503 3663 791 3716 nativitate
824 3676 1137 3717 sermonem
1172 3659 1401 3724 habere,
1450 3659 1639 3714 dicere
1670 3660 1924 3728 videtur;
1956 3668 2011 3716 et
2053 3660 2221 3716 multa
2259 3663 2365 3717 alia
2401 3663 2517 3717 hoc
2561 3664 2756 3718 eodem
2801 3664 2981 3732 capite
3019 3679 3126 3719 non
3179 3646 3555 3722 satis‘eonve-

241 3753 480 3806 nientia.
518 3752 678 3807 Initio
709 3752 839 3806 item
868 3751 1093 3806 secundi
1125 3749 1324 3817 capitis
1346 3752 1411 3803 de
1448 3746 1675 3816 Virgine
1713 3747 1890 3805 Matre
1929 3749 2181 3820 loquens,
2213 3751 2288 3805 ait
2326 3768 2340 3805 :
2381 3751 2595 3806 (labens
2626 3753 2930 3821 opinionem
2970 3770 3083 3809 suae
3119 3772 3245 3826 erga
3275 3754 3429 3809 illum
3454 3772 3555 3825 po-

239 3842 475 3897 testatis.
528 3841 655 3896 Hrec
695 3841 858 3894 verba
892 3851 1091 3893 sonare
1117 3838 1391 3903 videntur,
1418 3838 1563 3907 quod
1602 3837 1722 3906 ipsa
1766 3836 1868 3891 sibi
1900 3853 2016 3892 eam
2059 3848 2377 3908 potestatem
2415 3856 2528 3895 esse
2551 3845 2605 3895 in
2635 3838 2914 3895 Christum
2944 3841 3321 3908 arbitraretur,
3363 3856 3417 3896 ut
3449 3844 3554 3897 im-

238 3946 433 3998 rerare
464 3939 659 3995 posset,
701 3939 757 3982 ut
799 3945 997 3997 aquam
1029 3929 1083 3981 in
1118 3929 1297 3980 vinum
1334 3936 1652 3980 converteret
1680 3940 1699 3979 :
1733 3940 1857 3979 cum
1888 3924 2077 3984 Graeca
2112 3928 2272 3999 longe
2306 3930 2583 3983 diversum
2627 3945 2852 3985 sensum
2888 3945 3001 3999 prae
3030 3946 3092 3985 se
3118 3930 3319 3997 ferant,
3352 3948 3550 4002 nempe

239 4028 386 4091 quod
437 4017 595 4091 Virgo
632 4036 883 4091 magnam
910 4017 1233 4087 concepisset
1257 4018 1321 4070 de
1344 4013 1544 4069 Christi
1585 4026 1843 4086 potestate
1865 4021 2165 4087 opinionem
2192 4036 2256 4073 ex
2280 4022 2383 4084 his,
2414 4035 2534 4091 (μιαν
2566 4028 2612 4073 et
2644 4021 2699 4073 in
2727 4020 2893 4089 ipsius
2915 4023 3250 4092 conceptione
3285 4032 3334 4076 et
3361 4024 3556 4077 nativi-

240 4120 687 4172 tate‘etenerant,
730 4120 834 4165 etc.
873 4108 1028 4177 Quod
1069 4119 1252 4162 autem
1287 4107 1358 4161 ibi
1406 4106 1594 4163 statim
1631 4109 1902 4179 sequitur,
1928 4117 1987 4162 ut
2015 4118 2192 4162 oraret
2216 4108 2409 4175 Deum,
2446 4125 2544 4179 pro
2571 4126 2730 4164 orare
2772 4127 2925 4176 eum;
2958 4111 3088 4165 item
3124 4122 3178 4166 et
3212 4128 3277 4166 ea:
3331 4113 3553 4179 animo,

241 4214 348 4271 pro
378 4212 433 4255 et
459 4200 724 4265 examine,
756 4210 811 4254 et
845 4196 1156 4269 bujusmodi
1204 4194 1395 4261 multa,
1437 4197 1634 4251 scribae
1667 4177 1850 4267 potius
1898 4209 1991 4253 aut
2028 4200 2369 4269 typographo
2402 4177 2566 4267 quam
2600 4200 2886 4270 interpreti
2940 4201 3285 4272 imputanda,
3332 4177 3556 4259 lectoris

243 4292 514 4345 industria
557 4288 839 4344 emendari
864 4287 1189 4357 potuissent.
1238 4285 1509 4340 Caeterum
1555 4287 1648 4340 ubi
1682 4301 1826 4343 nouo
1852 4288 2035 4357 capite
2080 4288 2242 4342 docet
2290 4302 2387 4359 per
2420 4288 2767 4345 Ezechielem
2794 4289 2983 4346 dicens
3022 4308 3036 4344 :
3070 4289 3258 4345 Patres
3296 4296 3543 4346 comede-

240 4389 394 4443 runt,
428 4390 561 4444 etc.,
594 4377 841 4449 quedam
868 4376 981 4431 illic
1010 4376 1377 4447 praetermissa
1424 4375 1765 4429 contrariam
1803 4376 2167 4431 admittebant
2191 4376 2557 4445 sententiam;
2593 4387 2649 4429 ut
2698 4388 2751 4432 et
2784 4378 2967 4447 capite
3017 4380 3291 4448 sequenti,
3319 4380 3411 4434 ubi
3444 4395 3551 4449 pro

241 4475 574 4541 cognoscunt
601 4468 741 4523 enim
769 4467 1059 4540 legendum
1084 4476 1186 4533 est,
1218 4482 1320 4519 non
1344 4466 1486 4519 enim
1508 4476 1853 4535 cognoscunt,
1881 4474 1939 4519 ut
1964 4464 2171 4520 habent
2200 4463 2390 4520 Graeca
2424 4483 2438 4519 :
2470 4465 2673 4535 alioqui
2710 4465 2890 4537 glossa
2923 4482 3046 4521 cum
3078 4475 3227 4521 textu
3256 4479 3549 4537 pugnaret.

242 4560 356 4617 Sed
402 4559 548 4630 quod
588 4557 776 4614 eodem
813 4554 994 4625 capite
1043 4570 1141 4625 pro
1176 4554 1463 4623 apostasis,
1515 4554 1786 4622 apostolos
1832 4554 2191 4619 haberemus;
2228 4553 2356 4608 item
2389 4554 2534 4622 quod
2574 4568 2673 4622 pro
2719 4570 2787 4607 ea:
2830 4555 2968 4623 ipso,
3005 4556 3271 4625 scriptqu
3307 4568 3455 4611 esset
3488 4573 3554 4611 ex

240 4647 525 4720 Egypto;
556 4647 701 4701 unde
733 4646 900 4701 etiam
931 4644 1181 4713 suspicor
1210 4644 1386 4697 locum
1420 4643 1558 4697 mire
1592 4642 1761 4699 fuisse
1788 4651 2127 4711 corruptum,
2168 4641 2258 4695 ubi
2305 4639 2375 4695 de
2414 4641 2579 4699 malis
2613 4644 2927 4709 pastoribus
2957 4652 3013 4698 et
3050 4644 3231 4697 avaris
3274 4646 3550 4713 quereba-

245 4749 339 4792 tur
373 4752 392 4791 :
432 4734 554 4789 Non
582 4735 743 4801 enim,
796 4733 993 4802 inquit,
1027 4730 1331 4802 qmrrebant
1379 4731 1656 4785 utilitatem
1700 4748 1765 4785 ea:
1794 4729 2049 4799 Egypto,
2092 4732 2182 4784 sed
2217 4739 2367 4796 turpe
2415 4730 2661 4796 lucrum;
2702 4745 2823 4784 eum
2868 4729 2970 4801 legi
3009 4730 3230 4798 debeat,
3275 4748 3377 4786 non
3416 4734 3553 4787 enim

245 4826 561 4896 qnwrebant
604 4822 789 4894 pepuli
830 4820 1135 4884 utilitatem,
1167 4820 1258 4873 sed
1288 4836 1353 4873 ea:
1374 4819 1490 4887 ipso
1523 4829 1672 4887 turpe
1701 4819 1930 4873 lucrum.
1966 4818 2096 4884 Ista,
2129 4819 2375 4888 inquam,
2410 4827 2465 4874 et
2492 4818 2767 4890 ejusmodi
2801 4818 3063 4889 pleraque
3096 4820 3199 4873 alia
3230 4822 3551 4889 impressori

242 4913 437 4984 potius
467 4928 627 4982 quam
664 4909 945 4980 interpreti
973 4908 1174 4965 ascribi
1213 4917 1455 4977 possent.
1489 4905 1643 4974 Quod
1675 4915 1855 4961 autem
1887 4907 2164 4977 plerisque
2190 4908 2244 4961 in
2284 4907 2421 4963 locis
2452 4906 2723 4977 permulta
2760 4906 2968 4963 fuerint
3000 4910 3229 4975 omissa,
3266 4925 3329 4963 ex
3355 4911 3555 4979 quibus

243 5003 538 5073 sequentia
572 4999 906 5070 pendebant,
944 5014 1050 5052 nett
1095 5005 1305 5051 tantum
1336 4995 1607 5050 dictiones
1647 4996 1854 5065 aliquot
1889 4997 2032 5061 dico,
2066 4998 2160 5051 sed
2192 5009 2383 5050 versus
2414 4996 2736 5065 permultos,
2768 5006 2932 5065 atque
2963 4996 3098 5052 adeo
3129 4997 3355 5067 paginas
3389 5008 3553 5063 totas,

243 5092 508 5163 quodque
543 5088 868 5160 saepiuscule
909 5086 1128 5157 negatio
1170 5094 1361 5139 contra
1402 5084 1644 5138 auctoris
1684 5099 1925 5138 mentem
1960 5094 2054 5138 aut
2083 5084 2309 5151 omissa,
2340 5093 2433 5138 aut
2470 5083 2668 5151 injecta
2700 5085 3038 5139 contrariam
3070 5086 3296 5141 inducat
3328 5098 3553 5142 senten-

246 5184 421 5247 tiam;
462 5179 749 5243 scribrne,
791 5186 888 5232 aut
924 5174 1288 5246 typographo,
1316 5188 1383 5226 an
1418 5173 1729 5243 interpreti,
1772 5173 2034 5227 ntutilove
2068 5172 2239 5227 codici
2277 5171 2655 5241 imputandum
2707 5173 2801 5241 sit,
2835 5173 3065 5229 aliorum
3108 5184 3226 5229 esto
3262 5175 3551 5244 judicium.

243 5269 382 5327 libi
410 5270 629 5325 abunde
652 5269 785 5325 satis
816 5268 1004 5331 luerit,
1038 5265 1084 5320 si
1120 5262 1339 5319 favente
1359 5262 1643 5318 Altissimo
1675 5260 1949 5333 publicam
1992 5262 2299 5316 studiorum
2342 5252 2635 5317 utilitatem
2668 5277 2768 5331 pro
2796 5271 2984 5318 nostra
3023 5264 3391 5334 qualicunque
3432 5262 3553 5320 me;

245 5360 546 5417 diocritate
598 5345 850 5413 nonnihil
894 5355 1292 5426 adjuverimus.
1329 5350 1609 5421 lnterpres
1646 5352 1865 5421 quidem
1908 5358 2059 5405 certe
2092 5347 2324 5404 tloanuis
2376 5349 2572 5405 ultimo
2611 5352 2855 5407 codicem
2886 5362 3050 5406 suum
3100 5353 3349 5407 mutilum
3382 5352 3553 5410 fuisse

245 5448 548 5505 c0nlltetur
581 5465 593 5503 :
631 5445 748 5501 fieri
785 5454 968 5500 tamen
1005 5453 1209 5515 potest,
1240 5449 1300 5496 ut
1328 5441 1490 5497 etiam
1526 5441 1614 5494 ille
1646 5439 1972 5519 quibusdam
1994 5439 2046 5492 in
2070 5437 2205 5515 locis
2232 5448 2420 5493 nostro
2444 5440 2786 5519 emendatior
2816 5438 2983 5494 fuerit
3013 5441 3281 5511 :ideoque
3302 5442 3551 5510 quaedam

246 5539 460 5594 intacta
496 5537 840 5607 reliquimus,
877 5514 1163 5603 sit-equod
1196 5534 1261 5586 ad
1299 5546 1521 5586 sensum
1560 5531 1697 5584 bene
1722 5514 2084 5599 quadrareut,
2117 5514 2233 5583 sive
2268 5528 2415 5599 quod
2440 5542 2545 5582 non
2588 5514 2769 5599 magni
2799 5538 2984 5584 essent
3018 5532 3303 5595 momenti,
3330 5532 3551 5587 etiamsi

248 5630 322 5683 ad
351 5626 605 5683 Graecum
638 5633 883 5679 nostrum
919 5622 1179 5679 Codiecm
1212 5636 1317 5676 non
1350 5621 1575 5675 omnino
1617 5616 2003 5688 respondeant.
2029 5616 2429 5687 Nonnunquam
2471 5627 2655 5671 autem
2695 5618 2925 5688 margini
2959 5618 3229 5673 diversam
3264 5619 3551 5675 lectionem

247 5716 581 5788 adiecimus,
611 5714 775 5785 idque
815 5713 1159 5785 potissimum
1188 5727 1309 5765 cum
1341 5718 1570 5778 utraque
1604 5706 1819 5762 delendi
1851 5716 2034 5775 posset
2066 5724 2078 5759 :
2126 5707 2307 5788 priore
2342 5707 2559 5776 quidem
2603 5706 2658 5760 in
2698 5717 2958 5761 contextu
2993 5708 3206 5773 relicta,
3239 5709 3333 5763 sed
3360 5711 3559 5777 III-jus-

248 5786 402 5862 mudi
435 5801 676 5875 notis-ﬂ
713 5804 942 5864 inclusa,
978 5816 1145 5868 penes
1177 5800 1434 5855 lectorem
1490 5797 1755 5867 judicium
1796 5786 2185 5865 relinquentes,
2222 5803 2406 5849 utrum
2444 5794 2599 5864 sequi
2644 5794 2815 5849 malit.
2858 5792 2966 5849 Sed
2998 5794 3109 5848 haec
3138 5796 3392 5861 fortasse,
3425 5803 3553 5851 dum

248 5894 495 5952 morosis
526 5907 823 5948 occurrere
860 5892 1167 5955 Studemus,
1202 5889 1342 5958 apud
1390 5897 1535 5940 tuam
1574 5884 1898 5939 facilitatem
1940 5885 2169 5938 nimium
2216 5885 2403 5937 multa.
2444 5883 2587 5937 Bene
2630 5884 2769 5949 vale,
2804 5883 3035 5949 candide
3070 5881 3288 5951 Lector,
3334 5891 3390 5940 et
3434 5900 3556 5955 qua:

248 5998 359 6057 pro
391 5994 580 6041 nostra
614 5981 985 6052 qualicunque
1019 5979 1393 6035 mediocritate
1423 5978 1475 6031 in
1511 5976 1785 6045 publicam
1816 5974 2103 6031 utilitatem
2140 5970 2499 6044 proferimus,
2532 5973 2681 6041 boni,
2708 5982 2916 6052 quaeso,
2950 5974 3193 6030 consule.
3232 5972 3460 6030 Lutetia:
3485 5990 3554 6031 ex

247 6086 449 6132 musco
483 6081 676 6129 nostro
710 6068 1041 6124 Turttat‘ensi
1094 6067 1247 6123 l5i5.
1283 6068 1346 6122 Et
1383 6081 1598 6121 rursum
1640 6064 1796 6119 l35‘2.
