4034 6648
239 619 335 686 13⁸1
1412 613 1493 674 1N
1534 611 1818 676 VARIAS
1847 607 2296 672 LECTIONES.
3437 607 3540 670 138

232 731 391 786 facile
424 745 488 786 ac
525 738 640 784 tuto
677 728 923 799 quisquis
959 741 1054 784 eas
1088 725 1351 782 attentius
1379 725 1678 796 expendat,
1717 721 1968 795 judicare
1999 721 2226 792 poterit,
2277 717 2563 774 abundare
2618 717 2778 784 alias,
2813 719 3139 802 plerumque
3174 719 3534 791 prolixiores,

191 860 195 864 .
233 834 409 887 neque
445 819 498 873 in
526 818 719 872 codice
750 815 1163 887 (Ecolampadii
1195 825 1446 886 repertas
1474 828 1596 870 esse
1631 831 1645 868 :
1680 811 1950 884 aliasque,
1988 811 2244 866 videlicet
2270 807 2573 875 breviores,
2623 815 2877 864 exstasse
2925 807 3220 881 plerasque
3259 808 3314 865 in
3347 808 3541 866 eodem

228 905 638 977 (Ecolampadii
669 904 882 972 codice,
915 912 1106 973 utpote
1133 902 1343 959 Latinae
1382 903 1554 974 ipsius
1604 899 2047 969 interpretationi
2085 897 2333 968 apprime
2376 897 2806 963 convenientes;
2852 905 2908 951 et
2959 895 3098 950 alias
3143 899 3360 951 demum
3392 912 3540 967 esse,

227 995 384 1067 queis
419 1010 522 1052 non
563 995 782 1051 modico
816 993 1187 1048 emolumento
1233 1001 1419 1047 textus
1456 1000 1688 1061 uterque
1719 987 1923 1056 corrigi
1965 992 2021 1039 et
2052 983 2240 1054 perﬁci
2290 984 2410 1039 sine
2453 981 2624 1039 dubio
2655 993 2861 1054 potest.
2920 982 3062 1038 Num
3090 999 3220 1040 vero
3271 985 3540 1042 lectiones

230 1085 366 1145 istas
399 1082 866 1156 Theophylactum
900 1082 1103 1138 habere
1129 1092 1439 1153 parentem,
1482 1080 1774 1135 dicendum
1805 1075 2012 1132 fuerit?
2042 1074 2193 1130 Nihil
2233 1075 2438 1138 obstat,
2469 1073 2769 1143 quominus
2803 1074 3113 1142 breviores,
3161 1075 3280 1130 fere
3323 1090 3538 1142 omnes,

226 1186 418 1227 revera
439 1171 726 1242 scripserit
753 1171 838 1225 ille
869 1188 883 1226 :
916 1185 1107 1225 verum
1139 1186 1237 1226 nec
1263 1172 1509 1224 abnuere
1538 1178 1644 1223 aut—
1670 1166 1944 1230 volumus,
1973 1172 2072 1218 aut
2119 1163 2408 1228 audemus,
2453 1162 2587 1232 quin
2618 1161 2797 1233 ipsum
2850 1162 3181 1231 prolixiores
3213 1163 3412 1234 aliqua;
3441 1165 3537 1220 de-

226 1268 390 1316 ceant
420 1259 584 1315 veluti
613 1269 917 1325 auctorem,
961 1274 1104 1329 quas
1147 1259 1336 1329 utique
1370 1269 1427 1313 et
1477 1265 1770 1313 contextus
1816 1253 2014 1310 alicubi
2048 1253 2344 1308 admittere
2370 1268 2434 1307 ac
2479 1267 2679 1309 sensus
2711 1252 2992 1324 postulare
3025 1254 3264 1310 videtur.
3304 1257 3374 1308 At
3422 1256 3540 1310 viro

222 1345 538 1404 clarissimo
565 1345 854 1416 plerasque
883 1346 1201 1402 tribuendas
1239 1362 1344 1400 non
1375 1359 1716 1412 esse,‘nemo
1751 1360 1858 1398 non
1903 1343 2122 1412 colligat
2150 1359 2214 1398 ex
2247 1344 2363 1412 ipsa
2396 1342 2522 1415 styli
2557 1343 2859 1414 aliquando
2898 1343 3263 1414 discrepantis
3301 1345 3538 1409 ratione,

224 1433 314 1489 vel
340 1435 508 1490 etiam
549 1435 719 1489 nimia
756 1433 1127 1488 enarrationis
1158 1435 1475 1503 prolixitate
1515 1436 1612 1489 abs
1655 1433 1816 1504 genio
1847 1431 2248 1503 Theophylacti
2298 1431 2499 1496 aliena,
2539 1430 2621 1486 vel
2654 1429 2800 1485 nulla
2838 1431 3061 1486 demum
3096 1446 3219 1502 qua:
3250 1443 3537 1499 appareat,

227 1521 522 1577 lectionum
561 1535 684 1576 cum
725 1522 1162 1593 praecedentibus
1199 1532 1252 1577 et
1295 1523 1762 1592 subsequentibus
1795 1520 2162 1575 connexioue.
2214 1519 2443 1575 Fuerint
2480 1518 2658 1575 Graeci
2696 1519 3053 1590 posteriores,
3095 1521 3210 1590 qui,
3248 1520 3540 1591 Theophy-

228 1607 359 1664 laeti
388 1607 640 1672 studiosi,
673 1624 796 1664 cum
823 1623 960 1677 opus
992 1610 1110 1679 ejus
1157 1610 1662 1664 animadverterent
1693 1623 1761 1664 ex
1802 1608 2062 1674 aliorum,
2101 1608 2456 1677 maximeque
2508 1607 2914 1678 Cbrysostomi,
2952 1607 3112 1663 dictis
3157 1609 3539 1679 compilatum,

226 1697 502 1768 integrum
539 1696 643 1752 sibi
679 1710 802 1752 esse
836 1697 1110 1752 duxerunt
1141 1706 1200 1750 ut
1235 1697 1468 1766 margini
1502 1695 1896 1759 inscriberent,
1929 1711 2049 1765 quae
2091 1703 2282 1766 postea
2339 1695 2391 1749 in
2442 1705 2651 1750 textum
2704 1695 3000 1764 irrepsere,
3048 1695 3132 1750 vel
3172 1696 3417 1767 propria,
3458 1697 3543 1750 vel

226 1785 450 1842 aliunde
486 1795 702 1856 sumpta
730 1785 1104 1842 additamenta
1141 1805 1155 1841 :
1191 1789 1413 1858 quibus,
1445 1802 1567 1857 qrue
1599 1788 1780 1842 minus
1812 1786 1984 1850 clara,
2017 1795 2109 1839 aut
2143 1792 2296 1839 certe
2324 1783 2595 1839 diminuta
2629 1782 2954 1840 videbantur
3001 1785 3057 1839 in
3089 1783 3542 1849 Commentariis,

224 1873 659 1929 illustrarentur.
695 1872 827 1940 Quae
852 1873 980 1929 licet
1008 1874 1165 1931 nobis
1208 1877 1449 1930 arrideat
1494 1876 1792 1941 sententia,
1826 1874 2061 1943 pretium
2108 1883 2351 1928 attamen
2384 1887 2566 1943 Operae
2609 1873 2738 1937 fuit,
2778 1881 2837 1928 ut
2878 1872 3158 1928 variantes
3196 1872 3539 1944 huiusmodi,

225 1960 342 2017 sive
375 1961 590 2026 breves,
624 1962 741 2017 sive
766 1961 1063 2033 longiores,
1097 1962 1220 2018 luce
1262 1963 1476 2033 publica
1511 1965 1864 2027 donaremus,
1899 1961 2131 2023 eruditis
2178 1960 2482 2018 lectoribus
2527 1960 2924 2030 relinquentes,
2962 1970 3020 2014 ut
3057 1975 3218 2016 suum
3253 1971 3308 2016 et
3341 1961 3444 2032 ipsi
3475 1963 3544 2015 de

228 2046 671 2117 hiscejudicium
709 2049 908 2115 ferant,
943 2066 1013 2106 ex
1040 2051 1360 2121 eisdemque
1388 2067 1730 2122 quzecunquc
1762 2053 1980 2106 demum
2016 2055 2145 2116 sint,
2184 2051 2570 2121 qualecunque
2606 2065 2806 2121 capere
2838 2049 3273 2106 emolumentum
3302 2051 3544 2106 valeant.

227 2134 425 2196 Varias
467 2135 734 2192 lectiones
769 2150 834 2191 ex
877 2138 1065 2193 codice
1100 2138 1361 2193 Patavine
1389 2139 1812 2208 diligentissime
1862 2139 2215 2209 maximaque
2263 2140 2486 2194 solertia
2544 2137 2764 2207 collegit
2802 2153 2997 2194 omnes
3037 2141 3121 2193 vir
3177 2139 3545 2206 clarissimus,

222 2240 394 2294 quem
438 2226 664 2282 honoris
694 2241 858 2282 causa
902 2229 1274 2294 nominamus,
1321 2228 1381 2282 D.
1421 2229 1751 2284 Athanasius
1791 2227 2158 2292 Peristianus,
2193 2227 2438 2298 ejusdem
2481 2238 2689 2282 sancta:
2731 2224 2962 2284 Iustina:
2996 2227 3302 2283 monachus
3332 2227 3546 2283 etdiuis

230 2313 426 2369 Sancti
462 2311 767 2378 Benedicti,
802 2325 855 2371 et
895 2315 1238 2371 bibliotheca:
1278 2326 1467 2372 custos
1502 2333 1514 2370 :
1543 2332 1735 2372 eurum
1770 2331 1921 2383 vero,
1957 2333 2093 2388 quas
2125 2318 2214 2373 hic
2246 2317 2463 2382 damus,
2519 2317 2791 2372 delectum
2845 2316 2976 2371 fecit
3007 2315 3070 2372 P.
3108 2316 3423 2374 Bonifacius
3452 2316 3545 2372 Fi-

225 2401 361 2456 netti
413 2403 596 2458 ordin.
641 2400 872 2458 Praedic.
911 2404 985 2459 De
1017 2404 1224 2459 codicis
1271 2403 1430 2472 hujus
1461 2406 1799 2474 praestantia,
1851 2420 2014 2474 quam
2049 2406 2423 2475 peritissimus
2454 2406 2771 2462 Bernardus
2819 2404 3288 2472 Mentlauconius,
3333 2407 3547 2462 ordinis

220 2491 278 2546 S.
315 2490 605 2548 Benedicti
641 2503 824 2548 asceta
874 2489 1284 2561 Santnaurmus,
1321 2495 1374 2548 in
1418 2492 1607 2548 Dian‘o
1645 2493 1841 2548 Italico
1891 2504 2124 2550 testatus
2152 2501 2256 2560 est,
2299 2494 2416 2566 lege
2446 2509 2567 2565 qua:
2599 2494 2798 2564 praevia
2853 2494 2908 2548 in
2958 2492 3363 2550 Dissertationc
3398 2496 3545 2550 dicta

220 2589 350 2634 sunt
395 2595 552 2636 num.
593 2579 665 2636 52
705 2578 804 2652 (α).
847 2580 1019 2636 Porro
1066 2579 1187 2649 ejus
1217 2580 1400 2637 varias
1449 2582 1716 2638 lectiones
1769 2583 1840 2637 ita
1873 2581 2082 2638 Latinae
2115 2582 2531 2652 OEcolampadii
2569 2583 2836 2651 versioni,
2880 2583 2970 2639 ubi
3022 2582 3286 2638 intactam
3324 2585 3551 2654 reliquit

217 2681 341 2722 eam
380 2667 699 2735 Montanus,
733 2670 938 2740 passim
962 2669 1323 2736 conveniunt,
1350 2679 1411 2725 ut
1437 2671 1611 2726 codici
1643 2667 1860 2739 Graeco,
1899 2687 2005 2741 quo
2039 2687 2171 2728 usus
2205 2682 2292 2727 cst
2318 2673 2531 2743 primus
2562 2664 2857 2748 interpres,
2895 2663 3337 2738 diei-Patavinus
3361 2674 3548 2729 multis

219 2755 275 2810 in
330 2756 477 2812 locis
521 2756 718 2812 debeat
766 2757 1116 2824 simillimus;
1146 2774 1336 2815 verum
1369 2768 1424 2815 et
1455 2759 1631 2830 ipsum
1673 2759 1871 2814 alicubi
1913 2761 2140 2832 corrigit
2179 2771 2235 2815 et
2276 2759 2515 2830 perﬁcit.
2563 2760 2745 2817 Unum
2782 2761 3056 2831 supersit,
3099 2759 3166 2816 de
3199 2774 3310 2830 quo
3349 2759 3550 2815 Lector

218 2842 530 2900 benevolus
561 2855 838 2916 postremo
877 2846 997 2900 loco
1029 2846 1408 2902 admonendus
1441 2855 1527 2901 est
1562 2835 2002 2905 z'adnotationes
2032 2864 2128 2905 eas
2150 2864 2369 2920 nempe,
2393 2857 2488 2904 aut
2510 2849 2952 2914 emendationes,
2993 2864 3132 2920 quas
3169 2847 3223 2904 in
3253 2847 3551 2904 Commen-

221 2932 381 2989 tariis
423 2935 492 2988 ad
546 2935 848 3006 marginem
892 2935 1210 2992 inferiorem
1249 2937 1534 3007 appositas
1567 2937 1793 2992 exhibet
1824 2940 1993 2994 editio
2035 2936 2267 3002 Veneta,
2309 2939 2460 2993 edito
2509 2939 2765 2994 Romano
2808 2939 2982 2994 textui
3040 2937 3235 2993 Graeco
3272 2953 3550 2994 consouas

215 3034 342 3077 esse
380 3034 396 3082 :
430 3037 738 3094 earumque
780 3037 885 3078 non
922 3038 1123 3092 paucas
1177 3023 1525 3094 przetcrmitti
1558 3025 1826 3094 potuisse,
1875 3041 2000 3082 cum
2048 3026 2242 3081 Latina
2285 3029 2439 3097 prior
2471 3026 2885 3096 interpretatio,
2938 3042 3103 3097 quam
3132 3027 3415 3081 emendari
3454 3034 3554 3081 aut

217 3109 512 3166 meliorem
555 3111 673 3167 lleri
717 3113 976 3167 censebat
1010 3113 1324 3180 adnotatur,
1366 3113 1584 3168 tametsi
1612 3129 1640 3167 a
1668 3113 1916 3170 Romano
1947 3125 2096 3171 tcxtu
2139 3113 2380 3179 dilferat,
2432 3114 2773 3172 variantibus
2808 3123 2989 3171 tamen
3021 3115 3374 3182 lectionibus,
3411 3129 3551 3189 quas

220 3198 349 3256 aliis
379 3215 453 3257 ex
500 3201 788 3259 codicibus
811 3201 1018 3260 Graecis
1046 3203 1260 3270 damus,
1294 3203 1618 3273 plerumque
1648 3203 1957 3260 conveniat.

209 3389 220 3394 ”
285 3401 374 3478 (α)
415 3403 693 3462 Versiculi
715 3413 1008 3483 sequentes
1042 3406 1094 3462 in
1129 3406 1231 3463 hoc
1266 3408 1455 3465 codice
1488 3417 1710 3465 exstant
1752 3417 1878 3464 ante
1902 3408 2373 3467 Commentarium
2405 3410 2461 3464 in
2486 3408 2752 3465 Joannem
2791 3430 2802 3462 :

1144 3537 1473 3604 Εῦληπτον
1501 3536 1781 3605 ἐξήγημα
1821 3533 1928 3589 τοῦ
1962 3528 2346 3598 Βουλγαρίας

1151 3608 1546 3676 Εὑαγγελίων
1577 3609 1700 3662 τῶν
1733 3609 1884 3662 κατὰ
1937 3605 2232 3676 Ἰωάννην
2263 3613 2277 3676 ζ

1153 3681 1221 3748 ’ῼ
1260 3671 1476 3744 ,τέάτρὶς
1507 3675 1587 3748 ἦν
1617 3682 1870 3743 Εὔϐοια,
1901 3676 2000 3748 καὶ
2027 3677 2172 3740 βίος
2195 3671 2382 3748 λόγοι,

1153 3747 1325 3816 Θεῖος
1356 3749 1425 3803 δὲ
1455 3747 1703 3818 κλῆρος,
1736 3749 1836 3806 καὶ
1866 3747 2058 3818 τάφος
2089 3747 2460 3812 Βούλγαρεα.

1152 3864 1467 3924 Ρτωειατιω
1499 3866 1934 3922 Commentarius
1963 3861 2349 3930 archiepiscOpi
2386 3855 2662 3926 Bulgaria

1158 3936 1434 4010 Evangelii
1469 3939 1757 4010 secundum
1791 3936 2056 4010 Joannem
2081 3954 2100 3991 :

1153 4008 1254 4080 Qui
1279 4008 1455 4077 putria
1490 4011 1591 4080 fuit
1629 4009 1846 4073 Euboea,
1876 4011 1984 4080 vita
2010 4008 2223 4074 littera,

1153 4076 1284 4134 Sors
1309 4076 1506 4148 dicina,
1536 4088 1584 4133 et
1611 4081 1910 4150 sepulcrum
1939 4078 2220 4150 Bulgaria.

279 4189 714 4271 Cum_dubitari
744 4191 832 4245 vix
866 4193 1057 4271 possit,
1086 4205 1184 4260 pro
1209 4188 1379 4271 Εὔρια
1399 4191 1686 4271 legendum
1719 4191 1948 4271 E66029,
1978 4192 2202 4271 Euboea,
2231 4205 2288 4249 ut
2315 4194 2369 4251 in
2400 4193 2887 4271 Latina__versione
2909 4209 3147 4271 positum
3165 4212 3290 4270 est;
3325 4202 3452 4260 hinc
3483 4220 3552 4262 ex

211 4259 314 4315 hoc
342 4263 548 4317 codice
607 4261 1022 4341 (presertiani
1058 4259 1224 4341 tanta}
1254 4265 1325 4317 sit
1353 4259 1722 4341 antiquitatis,
1757 4259 1980 4341 quantae
2032 4259 2195 4320 illum
2222 4281 2345 4341 esse
2365 4268 2585 4341 putavit
2605 4259 3100 4341 Montlauconius),
3142 4259 3323 4328 valide
3347 4259 3554 4330 conti}:

209 4343 393 4412 matur
424 4330 748 4396 sententia,
788 4347 910 4402 quae
936 4330 1408 4412 Theophylactum
1439 4330 1696 4412 Chalcide
1755 4330 2069 4412 inEubwa,
2096 4352 2219 4412 s_eu_
2243 4338 2295 4391 in
2328 4330 2449 4412 alio
2476 4342 2734 4411 quopiam
2764 4357 2930 4412 prOpe
2969 4330 3237 4409 Euripum
3269 4343 3551 4400 Chalcidi-

207 4418 326 4484 cum
361 4405 512 4467 loco,
557 4414 757 4484 orttim
787 4417 910 4458 esse
944 4405 1106 4458 tradit
1142 4422 1155 4457 :
1191 4420 1453 4484 perquam
1481 4405 1632 4460 enim
1660 4406 1968 4484 verisimile
1996 4418 2099 4473 est,
2129 4407 2290 4484 hujus
2319 4405 2540 4484 Codicis
2569 4405 2921 4477 scriptorem,
2942 4427 3038 4468 seu
3068 4405 3386 4484 quicunque
3407 4419 3554 4473 alius

209 4471 402 4525 limum
430 4473 878 4555 versiculorum
905 4485 1096 4555 auctor
1124 4471 1417 4555 exstiterit,
1445 4477 1723 4555 utentur-ite
1777 4471 2136 4555 consignasse
2198 4471 2251 4533 id
2312 4481 2454 4555 quod
2510 4471 3102 4555 pervulgatum'gerat'
3133 4500 3237 4540 suo
3287 4471 3550 4555 tetttpore,

207 4555 312 4666 Sino
373 4543 991 4668 veran'l‘heophylacti
1057 4546 1231 4615 patria
1287 4556 1416 4602 nota
1470 4547 1696 4603 cuilibet
1743 4561 1867 4605 esse
1902 4543 2063 4606 facile
2098 4543 2476 4622 poteratIH-ac
2511 4543 2600 4609 'de
2659 4543 2735 4609 [θ’
2759 4554 2883 4612 vide
2926 4543 3551 4630 Dissertationem'prazl

260 4630 346 4668 ain
392 4629 450 4668 n.
577 4653 594 4668 .
2012 4637 2032 4656 ’

260 4630 346 4668 am
392 4629 450 4669 η.
495 4629 594 4670 ‘ll.
2012 4637 2032 4656 θ

409 6179 699 6242 Parnm.
739 6173 872 6234 (in.
913 6168 1190 6232 CXXIII.
