  <div class='ocr_page' id='page_1' title='image "/cluster/home/n/w/nwhite01/storage/ocr_20150623/123/uva.x004884189/128.png"; bbox 0 0 4034 6648; ppageno 0'>
   <div class='ocr_carea' id='block_1_1' title="bbox 260 616 354 687">
    <p class='ocr_par' dir='ltr' id='par_1_1' title="bbox 260 616 354 687">
     <span class='ocr_line' id='line_1_1' title="bbox 260 616 354 687; baseline 0.032 -5"><span class='ocrx_word' id='word_1_1' title='bbox 260 616 354 687; x_wconf 58' lang='lat'><em>141</em></span> 
     </span>
    </p>
   </div>
   <div class='ocr_carea' id='block_1_2' title="bbox 1584 632 2260 703">
    <p class='ocr_par' dir='ltr' id='par_1_2' title="bbox 1584 632 2260 703">
     <span class='ocr_line' id='line_1_2' title="bbox 1584 632 2260 703; baseline 0.016 -11"><span class='ocrx_word' id='word_1_2' title='bbox 1584 632 1858 695; x_wconf 69' lang='lat' dir='ltr'><strong>SUMMA</strong></span> <span class='ocrx_word' id='word_1_3' title='bbox 1893 634 2260 703; x_wconf 76' lang='lat' dir='ltr'><em>CAPITUM.</em></span> 
     </span>
    </p>
   </div>
   <div class='ocr_carea' id='block_1_3' title="bbox 3486 643 3588 709">
    <p class='ocr_par' dir='ltr' id='par_1_3' title="bbox 3486 643 3588 709">
     <span class='ocr_line' id='line_1_3' title="bbox 3486 643 3588 709; baseline -0.02 0"><span class='ocrx_word' id='word_1_4' title='bbox 3486 643 3588 709; x_wconf 64' lang='lat' dir='ltr'>HE</span> 
     </span>
    </p>
   </div>
   <div class='ocr_carea' id='block_1_4' title="bbox 259 741 1859 829">
    <p class='ocr_par' dir='ltr' id='par_1_4' title="bbox 259 741 1859 816">
     <span class='ocr_line' id='line_1_4' title="bbox 259 741 1859 816; baseline 0.005 -21"><span class='ocrx_word' id='word_1_5' title='bbox 259 746 329 813; x_wconf 78' lang='grc' dir='ltr'><em>γ’.</em></span> <span class='ocrx_word' id='word_1_6' title='bbox 371 741 621 813; x_wconf 83' lang='grc' dir='ltr'><em>Πρῶτος</em></span> <span class='ocrx_word' id='word_1_7' title='bbox 666 745 960 816; x_wconf 84' lang='grc' dir='ltr'><em>Ἰωάννης</em></span> <span class='ocrx_word' id='word_1_8' title='bbox 985 745 1245 816; x_wconf 76' lang='grc' dir='ltr'><em>ἐκήρυξε</em></span> <span class='ocrx_word' id='word_1_9' title='bbox 1270 746 1601 813; x_wconf 80' lang='grc' dir='ltr'><em>,Βασιλείαν</em></span> <span class='ocrx_word' id='word_1_10' title='bbox 1623 747 1743 803; x_wconf 86' lang='grc' dir='ltr'><em>τῶν</em></span> <span class='ocrx_word' id='word_1_11' title='bbox 1772 750 1859 803; x_wconf 75' lang='grc' dir='ltr'><em>οὺ⁴</em></span> 
     </span>
    </p>
   </div>
   <div class='ocr_carea' id='block_1_5' title="bbox 2010 741 3465 829">
    <p class='ocr_par' dir='ltr' id='par_1_5' title="bbox 2010 750 3465 829">
     <span class='ocr_line' id='line_1_5' title="bbox 2010 750 3465 829; baseline 0.007 -23"><span class='ocrx_word' id='word_1_12' title='bbox 2010 781 2030 806; x_wconf 60' lang='grc' dir='ltr'><em>η.</em></span> <span class='ocrx_word' id='word_1_13' title='bbox 2068 750 2304 806; x_wconf 83' lang='lat' dir='ltr'><strong><em>Joannes</em></strong></span> <span class='ocrx_word' id='word_1_14' title='bbox 2338 750 2577 823; x_wconf 80' lang='lat' dir='ltr'><strong><em>Baptista</em></strong></span> <span class='ocrx_word' id='word_1_15' title='bbox 2610 756 2810 824; x_wconf 84' lang='lat' dir='ltr'><strong><em>primus</em></strong></span> <span class='ocrx_word' id='word_1_16' title='bbox 2849 757 2993 826; x_wconf 79' lang='lat' dir='ltr'><strong><em>regni</em></strong></span> <span class='ocrx_word' id='word_1_17' title='bbox 3018 755 3237 813; x_wconf 74' lang='lat' dir='ltr'><strong><em>caelestis</em></strong></span> <span class='ocrx_word' id='word_1_18' title='bbox 3268 775 3465 829; x_wconf 70' lang='lat' dir='ltr'><strong><em>protev.</em></strong></span> 
     </span>
    </p>
   </div>
   <div class='ocr_carea' id='block_1_6' title="bbox 325 838 559 905">
    <p class='ocr_par' dir='ltr' id='par_1_6' title="bbox 325 838 559 905">
     <span class='ocr_line' id='line_1_6' title="bbox 325 838 559 905; baseline 0.017 -14"><span class='ocrx_word' id='word_1_19' title='bbox 325 838 559 905; x_wconf 71' lang='grc' dir='ltr'><em>ρανιῖιν.</em></span> 
     </span>
    </p>
   </div>
   <div class='ocr_carea' id='block_1_7' title="bbox 265 928 1859 1008">
    <p class='ocr_par' dir='ltr' id='par_1_7' title="bbox 265 928 1859 1008">
     <span class='ocr_line' id='line_1_7' title="bbox 265 928 1859 1008; baseline 0.004 -22"><span class='ocrx_word' id='word_1_20' title='bbox 265 928 331 987; x_wconf 76' lang='grc' dir='ltr'><em>δ’.</em></span> <span class='ocrx_word' id='word_1_21' title='bbox 386 932 527 1001; x_wconf 78' lang='grc' dir='ltr'><em>Περι</em></span> <span class='ocrx_word' id='word_1_22' title='bbox 561 935 904 1004; x_wconf 83' lang='grc' dir='ltr'><em>πειρασμοῦ</em></span> <span class='ocrx_word' id='word_1_23' title='bbox 948 934 1058 991; x_wconf 85' lang='grc' dir='ltr'><em>τοῦ</em></span> <span class='ocrx_word' id='word_1_24' title='bbox 1103 936 1385 1006; x_wconf 79' lang='grc' dir='ltr'><em>Χριστοῦ.</em></span> <span class='ocrx_word' id='word_1_25' title='bbox 1437 938 1577 1008; x_wconf 77' lang='grc' dir='ltr'><em>Περὶ</em></span> <span class='ocrx_word' id='word_1_26' title='bbox 1609 935 1723 1007; x_wconf 75' lang='grc' dir='ltr'><em>τῆς</em></span> <span class='ocrx_word' id='word_1_27' title='bbox 1768 938 1859 993; x_wconf 82' lang='lat' dir='ltr'><em>toi</em></span> 
     </span>
    </p>
   </div>
   <div class='ocr_carea' id='block_1_8' title="bbox 2010 928 3585 1008">
    <p class='ocr_par' dir='ltr' id='par_1_8' title="bbox 2010 928 3585 992">
     <span class='ocr_line' id='line_1_8' title="bbox 2010 928 3585 992; baseline 0.006 -9"><span class='ocrx_word' id='word_1_28' title='bbox 2010 959 2035 983; x_wconf 76' lang='grc' dir='ltr'><em>ι.</em></span> <span class='ocrx_word' id='word_1_29' title='bbox 2080 928 2152 984; x_wconf 88' lang='lat' dir='ltr'><strong><em>De</em></strong></span> <span class='ocrx_word' id='word_1_30' title='bbox 2206 932 2497 987; x_wconf 83' lang='lat' dir='ltr'><strong><em>tentatione</em></strong></span> <span class='ocrx_word' id='word_1_31' title='bbox 2552 931 2754 987; x_wconf 82' lang='lat' dir='ltr'><strong><em>Christi</em></strong></span> <span class='ocrx_word' id='word_1_32' title='bbox 2803 934 2859 987; x_wconf 81' lang='lat' dir='ltr'><em>in</em></span> <span class='ocrx_word' id='word_1_33' title='bbox 2912 933 3143 988; x_wconf 86' lang='lat' dir='ltr'><strong><em>deserto.</em></strong></span> <span class='ocrx_word' id='word_1_34' title='bbox 3185 932 3262 990; x_wconf 87' lang='lat' dir='ltr'><strong><em>De</em></strong></span> <span class='ocrx_word' id='word_1_35' title='bbox 3313 936 3585 992; x_wconf 75' lang='lat' dir='ltr'><strong><em>uacatione</em></strong></span> 
     </span>
    </p>
   </div>
   <div class='ocr_carea' id='block_1_9' title="bbox 342 1026 1873 1099">
    <p class='ocr_par' dir='ltr' id='par_1_9' title="bbox 342 1026 1873 1099">
     <span class='ocr_line' id='line_1_9' title="bbox 342 1026 1873 1099; baseline 0.003 -18"><span class='ocrx_word' id='word_1_36' title='bbox 342 1026 598 1094; x_wconf 75' lang='grc' dir='ltr'><em>Πέτρου,</em></span> <span class='ocrx_word' id='word_1_37' title='bbox 623 1027 725 1081; x_wconf 66' lang='grc' dir='ltr'><em>καὶ</em></span> <span class='ocrx_word' id='word_1_38' title='bbox 770 1027 1074 1099; x_wconf 82' lang='grc' dir='ltr'><em>Ἀνδρέου,</em></span> <span class='ocrx_word' id='word_1_39' title='bbox 1104 1030 1203 1085; x_wconf 71' lang='grc' dir='ltr'><em>καὶ</em></span> <span class='ocrx_word' id='word_1_40' title='bbox 1235 1029 1356 1086; x_wconf 87' lang='grc' dir='ltr'><em>τῶν</em></span> <span class='ocrx_word' id='word_1_41' title='bbox 1382 1031 1532 1087; x_wconf 87' lang='grc' dir='ltr'><em>υίῶν</em></span> <span class='ocrx_word' id='word_1_42' title='bbox 1560 1031 1665 1087; x_wconf 77' lang='grc' dir='ltr'><em>τοῦ</em></span> <span class='ocrx_word' id='word_1_43' title='bbox 1699 1031 1873 1086; x_wconf 67' lang='lat' dir='ltr'><strong><em>lede-</em></strong></span> 
     </span>
    </p>
   </div>
   <div class='ocr_carea' id='block_1_10' title="bbox 320 1117 855 1188">
    <p class='ocr_par' dir='ltr' id='par_1_10' title="bbox 320 1117 855 1188">
     <span class='ocr_line' id='line_1_10' title="bbox 320 1117 855 1188; baseline 0.004 -15"><span class='ocrx_word' id='word_1_44' title='bbox 320 1117 517 1179; x_wconf 81' lang='grc' dir='ltr'><em>,δαίου</em></span> <span class='ocrx_word' id='word_1_45' title='bbox 551 1120 827 1188; x_wconf 78' lang='grc' dir='ltr'><em>κλήσεως</em></span> <span class='ocrx_word' id='word_1_46' title='bbox 840 1161 855 1175; x_wconf 94' lang='grc'><em>.</em></span> 
     </span>
    </p>
   </div>
   <div class='ocr_carea' id='block_1_11' title="bbox 272 1212 1869 1290">
    <p class='ocr_par' dir='ltr' id='par_1_11' title="bbox 272 1212 1869 1290">
     <span class='ocr_line' id='line_1_11' title="bbox 272 1212 1869 1290; baseline 0.004 -23"><span class='ocrx_word' id='word_1_47' title='bbox 272 1219 335 1268; x_wconf 83' lang='grc' dir='ltr'><em>ι’.</em></span> <span class='ocrx_word' id='word_1_48' title='bbox 373 1212 517 1281; x_wconf 73' lang='grc' dir='ltr'><em>Περὶ</em></span> <span class='ocrx_word' id='word_1_49' title='bbox 562 1214 682 1269; x_wconf 81' lang='grc' dir='ltr'><em>τῶν</em></span> <span class='ocrx_word' id='word_1_50' title='bbox 708 1215 1133 1287; x_wconf 81' lang='grc' dir='ltr'><em>μακαρισμῶν.</em></span> <span class='ocrx_word' id='word_1_51' title='bbox 1169 1220 1309 1288; x_wconf 72' lang='grc' dir='ltr'><em>Περὶ</em></span> <span class='ocrx_word' id='word_1_52' title='bbox 1342 1218 1449 1274; x_wconf 88' lang='grc' dir='ltr'><em>τοῦ</em></span> <span class='ocrx_word' id='word_1_53' title='bbox 1478 1218 1567 1289; x_wconf 80' lang='grc' dir='ltr'><em>μὴ</em></span> <span class='ocrx_word' id='word_1_54' title='bbox 1600 1222 1869 1290; x_wconf 72' lang='grc' dir='ltr'><em>φιλονει-</em></span> 
     </span>
    </p>
   </div>
   <div class='ocr_carea' id='block_1_12' title="bbox 343 1305 1866 1384">
    <p class='ocr_par' dir='ltr' id='par_1_12' title="bbox 343 1305 1866 1384">
     <span class='ocr_line' id='line_1_12' title="bbox 343 1305 1866 1384; baseline 0.005 -24"><span class='ocrx_word' id='word_1_55' title='bbox 343 1305 476 1360; x_wconf 81' lang='grc' dir='ltr'><em>κεῖν</em></span> <span class='ocrx_word' id='word_1_56' title='bbox 495 1309 649 1377; x_wconf 80' lang='grc' dir='ltr'><em>πρὸς</em></span> <span class='ocrx_word' id='word_1_57' title='bbox 675 1308 784 1362; x_wconf 84' lang='grc' dir='ltr'><em>τὸν</em></span> <span class='ocrx_word' id='word_1_58' title='bbox 804 1312 1096 1380; x_wconf 78' lang='grc' dir='ltr'><em>πλησίον.</em></span> <span class='ocrx_word' id='word_1_59' title='bbox 1128 1313 1268 1382; x_wconf 71' lang='grc' dir='ltr'><em>Περὶ</em></span> <span class='ocrx_word' id='word_1_60' title='bbox 1300 1312 1408 1368; x_wconf 90' lang='grc' dir='ltr'><em>τοῦ</em></span> <span class='ocrx_word' id='word_1_61' title='bbox 1430 1314 1522 1383; x_wconf 78' lang='grc' dir='ltr'><em>μὴ</em></span> <span class='ocrx_word' id='word_1_62' title='bbox 1539 1314 1866 1384; x_wconf 77' lang='grc' dir='ltr'><em>μοιχεύειν.</em></span> 
     </span>
    </p>
   </div>
   <div class='ocr_carea' id='block_1_13' title="bbox 338 1400 1870 1475">
    <p class='ocr_par' dir='ltr' id='par_1_13' title="bbox 338 1400 1870 1475">
     <span class='ocr_line' id='line_1_13' title="bbox 338 1400 1870 1475; baseline 0.004 -21"><span class='ocrx_word' id='word_1_63' title='bbox 338 1400 483 1469; x_wconf 73' lang='grc' dir='ltr'><em>Περὶ</em></span> <span class='ocrx_word' id='word_1_64' title='bbox 521 1401 630 1456; x_wconf 84' lang='grc' dir='ltr'><em>τοῦ</em></span> <span class='ocrx_word' id='word_1_65' title='bbox 658 1401 745 1471; x_wconf 77' lang='grc' dir='ltr'><em>μὴ</em></span> <span class='ocrx_word' id='word_1_66' title='bbox 794 1402 1091 1457; x_wconf 77' lang='grc' dir='ltr'><em>ἀπολύειν</em></span> <span class='ocrx_word' id='word_1_67' title='bbox 1122 1404 1239 1471; x_wconf 84' lang='grc' dir='ltr'><em>τὴν</em></span> <span class='ocrx_word' id='word_1_68' title='bbox 1276 1403 1554 1475; x_wconf 80' lang='grc' dir='ltr'><em>γυναῖκα.</em></span> <span class='ocrx_word' id='word_1_69' title='bbox 1588 1405 1728 1475; x_wconf 74' lang='grc' dir='ltr'><em>Περὶ</em></span> <span class='ocrx_word' id='word_1_70' title='bbox 1760 1403 1870 1459; x_wconf 85' lang='grc' dir='ltr'><em>τοῦ</em></span> 
     </span>
    </p>
   </div>
   <div class='ocr_carea' id='block_1_14' title="bbox 329 1494 1871 1568">
    <p class='ocr_par' dir='ltr' id='par_1_14' title="bbox 329 1494 1871 1568">
     <span class='ocr_line' id='line_1_14' title="bbox 329 1494 1871 1568; baseline 0.005 -23"><span class='ocrx_word' id='word_1_71' title='bbox 329 1495 419 1563; x_wconf 82' lang='grc' dir='ltr'><em>μὴ</em></span> <span class='ocrx_word' id='word_1_72' title='bbox 453 1494 671 1563; x_wconf 82' lang='grc' dir='ltr'><em>ὀμόσαι</em></span> <span class='ocrx_word' id='word_1_73' title='bbox 704 1496 879 1563; x_wconf 83' lang='grc' dir='ltr'><em>ὅλως.</em></span> <span class='ocrx_word' id='word_1_74' title='bbox 924 1497 1064 1565; x_wconf 74' lang='grc' dir='ltr'><em>Περὶ</em></span> <span class='ocrx_word' id='word_1_75' title='bbox 1119 1497 1227 1552; x_wconf 89' lang='grc' dir='ltr'><em>τοῦ</em></span> <span class='ocrx_word' id='word_1_76' title='bbox 1273 1498 1383 1564; x_wconf 85' lang='grc' dir='ltr'><em>τὰς</em></span> <span class='ocrx_word' id='word_1_77' title='bbox 1416 1498 1617 1567; x_wconf 78' lang='grc' dir='ltr'><em>ὕϐρεις</em></span> <span class='ocrx_word' id='word_1_78' title='bbox 1659 1498 1871 1568; x_wconf 68' lang='grc' dir='ltr'><em>ἀνέχει</em></span> 
     </span>
    </p>
   </div>
   <div class='ocr_carea' id='block_1_15' title="bbox 336 1587 1871 1661">
    <p class='ocr_par' dir='ltr' id='par_1_15' title="bbox 336 1587 1871 1661">
     <span class='ocr_line' id='line_1_15' title="bbox 336 1587 1871 1661; baseline 0.004 -20"><span class='ocrx_word' id='word_1_79' title='bbox 336 1591 504 1650; x_wconf 83' lang='grc' dir='ltr'><em>σθαι,</em></span> <span class='ocrx_word' id='word_1_80' title='bbox 569 1587 668 1641; x_wconf 77' lang='grc' dir='ltr'><em>καὶ</em></span> <span class='ocrx_word' id='word_1_81' title='bbox 713 1587 1077 1657; x_wconf 80' lang='grc' dir='ltr'><em>ἀντιστῆναι</em></span> <span class='ocrx_word' id='word_1_82' title='bbox 1128 1590 1208 1657; x_wconf 81' lang='grc' dir='ltr'><em>τῷ</em></span> <span class='ocrx_word' id='word_1_83' title='bbox 1239 1589 1506 1660; x_wconf 78' lang='grc' dir='ltr'><em>πονηρῷ.</em></span> <span class='ocrx_word' id='word_1_84' title='bbox 1566 1590 1710 1661; x_wconf 70' lang='grc' dir='ltr'><em>Περὶ</em></span> <span class='ocrx_word' id='word_1_85' title='bbox 1762 1592 1871 1647; x_wconf 93' lang='grc' dir='ltr'><em>τοῦ</em></span> 
     </span>
    </p>
   </div>
   <div class='ocr_carea' id='block_1_16' title="bbox 339 1678 1072 1755">
    <p class='ocr_par' dir='ltr' id='par_1_16' title="bbox 339 1678 1072 1755">
     <span class='ocr_line' id='line_1_16' title="bbox 339 1678 1072 1755; baseline 0.004 -21"><span class='ocrx_word' id='word_1_86' title='bbox 339 1678 589 1748; x_wconf 80' lang='grc' dir='ltr'><em>ἀγαπᾷν</em></span> <span class='ocrx_word' id='word_1_87' title='bbox 618 1680 762 1747; x_wconf 83' lang='grc' dir='ltr'><em>τοὺς</em></span> <span class='ocrx_word' id='word_1_88' title='bbox 791 1682 1072 1755; x_wconf 79' lang='grc' dir='ltr'><em>ἐχθρούς.</em></span> 
     </span>
    </p>
   </div>
   <div class='ocr_carea' id='block_1_17' title="bbox 260 1770 1867 1852">
    <p class='ocr_par' dir='ltr' id='par_1_17' title="bbox 260 1770 1867 1852">
     <span class='ocr_line' id='line_1_17' title="bbox 260 1770 1867 1852; baseline 0.003 -26"><span class='ocrx_word' id='word_1_89' title='bbox 260 1770 342 1838; x_wconf 79' lang='grc' dir='ltr'><em>ς’.</em></span> <span class='ocrx_word' id='word_1_90' title='bbox 389 1772 992 1847; x_wconf 76' lang='grc' dir='ltr'><em>Περιέλεημοσύνης,</em></span> <span class='ocrx_word' id='word_1_91' title='bbox 1025 1774 1402 1852; x_wconf 80' lang='grc' dir='ltr'><em>προσευχῆς.</em></span> <span class='ocrx_word' id='word_1_92' title='bbox 1434 1777 1536 1831; x_wconf 75' lang='grc' dir='ltr'><em>καὶ</em></span> <span class='ocrx_word' id='word_1_93' title='bbox 1556 1777 1867 1847; x_wconf 75' lang='grc' dir='ltr'><em>νηστείας.</em></span> 
     </span>
    </p>
   </div>
   <div class='ocr_carea' id='block_1_18' title="bbox 335 1865 1634 1941">
    <p class='ocr_par' dir='ltr' id='par_1_18' title="bbox 335 1865 1634 1941">
     <span class='ocr_line' id='line_1_18' title="bbox 335 1865 1634 1941; baseline 0.005 -22"><span class='ocrx_word' id='word_1_94' title='bbox 335 1866 478 1932; x_wconf 77' lang='grc' dir='ltr'><em>Περὶ</em></span> <span class='ocrx_word' id='word_1_95' title='bbox 511 1865 621 1921; x_wconf 92' lang='grc' dir='ltr'><em>τοῦ</em></span> <span class='ocrx_word' id='word_1_96' title='bbox 657 1869 1059 1941; x_wconf 68' lang='grc' dir='ltr'><em>καταφρονεῖν</em></span> <span class='ocrx_word' id='word_1_97' title='bbox 1089 1866 1207 1921; x_wconf 86' lang='grc' dir='ltr'><em>τῶν</em></span> <span class='ocrx_word' id='word_1_98' title='bbox 1237 1869 1344 1924; x_wconf 92' lang='grc' dir='ltr'><em>τοῦ</em></span> <span class='ocrx_word' id='word_1_99' title='bbox 1374 1871 1634 1939; x_wconf 80' lang='grc' dir='ltr'><em>κόσμου.</em></span> 
     </span>
    </p>
   </div>
   <div class='ocr_carea' id='block_1_19' title="bbox 253 1958 1870 2043">
    <p class='ocr_par' dir='ltr' id='par_1_19' title="bbox 253 1958 1870 2043">
     <span class='ocr_line' id='line_1_19' title="bbox 253 1958 1870 2043; baseline 0.004 -32"><span class='ocrx_word' id='word_1_100' title='bbox 253 1958 327 2024; x_wconf 76' lang='grc' dir='ltr'><em>ζ’.</em></span> <span class='ocrx_word' id='word_1_101' title='bbox 372 1958 515 2026; x_wconf 76' lang='grc' dir='ltr'><em>Περὶ</em></span> <span class='ocrx_word' id='word_1_102' title='bbox 545 1958 654 2014; x_wconf 88' lang='grc' dir='ltr'><em>τοῦ</em></span> <span class='ocrx_word' id='word_1_103' title='bbox 686 1961 915 2029; x_wconf 81' lang='grc' dir='ltr'><em>κρίνειν</em></span> <span class='ocrx_word' id='word_1_104' title='bbox 932 1959 1188 2030; x_wconf 79' lang='grc' dir='ltr'><em>μηδένα.</em></span> <span class='ocrx_word' id='word_1_105' title='bbox 1221 1962 1361 2035; x_wconf 72' lang='grc' dir='ltr'><em>Περὶ</em></span> <span class='ocrx_word' id='word_1_106' title='bbox 1395 1962 1504 2017; x_wconf 85' lang='grc' dir='ltr'><em>τοῦ</em></span> <span class='ocrx_word' id='word_1_107' title='bbox 1551 1964 1747 2043; x_wconf 71' lang='grc' dir='ltr'><em>αἰτεῖν</em></span> <span class='ocrx_word' id='word_1_108' title='bbox 1769 1964 1870 2019; x_wconf 77' lang='grc' dir='ltr'><em>καὶ</em></span> 
     </span>
    </p>
   </div>
   <div class='ocr_carea' id='block_1_20' title="bbox 334 2052 1868 2127">
    <p class='ocr_par' dir='ltr' id='par_1_20' title="bbox 334 2052 1868 2127">
     <span class='ocr_line' id='line_1_20' title="bbox 334 2052 1868 2127; baseline 0.003 -21"><span class='ocrx_word' id='word_1_109' title='bbox 334 2052 555 2121; x_wconf 78' lang='grc' dir='ltr'><em>ζἠτεῖν.</em></span> <span class='ocrx_word' id='word_1_110' title='bbox 609 2054 750 2123; x_wconf 72' lang='grc' dir='ltr'><em>Περὶ</em></span> <span class='ocrx_word' id='word_1_111' title='bbox 802 2053 910 2109; x_wconf 87' lang='grc' dir='ltr'><em>τοῦ</em></span> <span class='ocrx_word' id='word_1_112' title='bbox 957 2054 1289 2125; x_wconf 77' lang='grc' dir='ltr'><em>προσέχειν</em></span> <span class='ocrx_word' id='word_1_113' title='bbox 1321 2056 1443 2111; x_wconf 84' lang='grc' dir='ltr'><em>ἀπὸ</em></span> <span class='ocrx_word' id='word_1_114' title='bbox 1495 2055 1615 2111; x_wconf 87' lang='grc' dir='ltr'><em>τῶν</em></span> <span class='ocrx_word' id='word_1_115' title='bbox 1644 2058 1868 2127; x_wconf 47' lang='lat' dir='ltr'><strong><em>iii-evoc-</em></strong></span> 
     </span>
    </p>
   </div>
   <div class='ocr_carea' id='block_1_21' title="bbox 331 2142 688 2214">
    <p class='ocr_par' dir='ltr' id='par_1_21' title="bbox 331 2142 688 2214">
     <span class='ocr_line' id='line_1_21' title="bbox 331 2142 688 2214; baseline -0.003 -17"><span class='ocrx_word' id='word_1_116' title='bbox 331 2142 688 2214; x_wconf 69' lang='grc' dir='ltr'><em>προφητῶν.</em></span> 
     </span>
    </p>
   </div>
   <div class='ocr_carea' id='block_1_22' title="bbox 250 2236 1865 2311">
    <p class='ocr_par' dir='ltr' id='par_1_22' title="bbox 250 2236 1865 2311">
     <span class='ocr_line' id='line_1_22' title="bbox 250 2236 1865 2311; baseline 0.004 -24"><span class='ocrx_word' id='word_1_117' title='bbox 250 2241 331 2306; x_wconf 85' lang='grc' dir='ltr'><em>η’.</em></span> <span class='ocrx_word' id='word_1_118' title='bbox 373 2236 515 2305; x_wconf 70' lang='grc' dir='ltr'><em>Περὶ</em></span> <span class='ocrx_word' id='word_1_119' title='bbox 564 2236 671 2292; x_wconf 91' lang='grc' dir='ltr'><em>τοῦ</em></span> <span class='ocrx_word' id='word_1_120' title='bbox 725 2238 979 2307; x_wconf 82' lang='grc' dir='ltr'><em>λεπροῦ.</em></span> <span class='ocrx_word' id='word_1_121' title='bbox 1041 2239 1179 2307; x_wconf 74' lang='grc' dir='ltr'><em>Περὶ</em></span> <span class='ocrx_word' id='word_1_122' title='bbox 1234 2239 1343 2295; x_wconf 89' lang='grc' dir='ltr'><em>τοῦ</em></span> <span class='ocrx_word' id='word_1_123' title='bbox 1376 2239 1865 2311; x_wconf 45' lang='grc' dir='ltr'><em>ἑκατοντάρχου.</em></span> 
     </span>
    </p>
   </div>
   <div class='ocr_carea' id='block_1_23' title="bbox 328 2327 1869 2403">
    <p class='ocr_par' dir='ltr' id='par_1_23' title="bbox 328 2327 1869 2403">
     <span class='ocr_line' id='line_1_23' title="bbox 328 2327 1869 2403; baseline 0.003 -21"><span class='ocrx_word' id='word_1_124' title='bbox 328 2330 474 2396; x_wconf 75' lang='grc' dir='ltr'><em>Περὶ</em></span> <span class='ocrx_word' id='word_1_125' title='bbox 514 2327 627 2403; x_wconf 82' lang='grc' dir='ltr'><em>τῆς</em></span> <span class='ocrx_word' id='word_1_126' title='bbox 658 2329 949 2399; x_wconf 74' lang='grc' dir='ltr'><em>πενθερᾶς</em></span> <span class='ocrx_word' id='word_1_127' title='bbox 980 2329 1229 2399; x_wconf 81' lang='grc' dir='ltr'><em>Πέτρου.</em></span> <span class='ocrx_word' id='word_1_128' title='bbox 1263 2330 1403 2399; x_wconf 74' lang='grc' dir='ltr'><em>Περὶ</em></span> <span class='ocrx_word' id='word_1_129' title='bbox 1435 2329 1553 2387; x_wconf 84' lang='grc' dir='ltr'><em>τῶν</em></span> <span class='ocrx_word' id='word_1_130' title='bbox 1578 2332 1869 2388; x_wconf 82' lang='grc' dir='ltr'><em>ίαθέντων</em></span> 
     </span>
    </p>
   </div>
   <div class='ocr_carea' id='block_1_24' title="bbox 329 2419 1872 2497">
    <p class='ocr_par' dir='ltr' id='par_1_24' title="bbox 329 2419 1872 2497">
     <span class='ocr_line' id='line_1_24' title="bbox 329 2419 1872 2497; baseline 0.003 -22"><span class='ocrx_word' id='word_1_131' title='bbox 329 2419 450 2475; x_wconf 82' lang='grc' dir='ltr'><em>ἀπὸ</em></span> <span class='ocrx_word' id='word_1_132' title='bbox 495 2422 792 2475; x_wconf 86' lang='grc' dir='ltr'><em>ποικίλων</em></span> <span class='ocrx_word' id='word_1_133' title='bbox 833 2422 1062 2476; x_wconf 78' lang='grc' dir='ltr'><em>νόσων.</em></span> <span class='ocrx_word' id='word_1_134' title='bbox 1117 2425 1255 2492; x_wconf 78' lang='grc' dir='ltr'><em>Περὶ</em></span> <span class='ocrx_word' id='word_1_135' title='bbox 1292 2421 1403 2478; x_wconf 88' lang='grc' dir='ltr'><em>τοῦ</em></span> <span class='ocrx_word' id='word_1_136' title='bbox 1428 2424 1516 2493; x_wconf 80' lang='grc' dir='ltr'><em>μὴ</em></span> <span class='ocrx_word' id='word_1_137' title='bbox 1557 2425 1872 2497; x_wconf 79' lang='grc' dir='ltr'><em>ἐπιτρεπο-</em></span> 
     </span>
    </p>
   </div>
   <div class='ocr_carea' id='block_1_25' title="bbox 323 2512 1870 2591">
    <p class='ocr_par' dir='ltr' id='par_1_25' title="bbox 323 2512 1870 2591">
     <span class='ocr_line' id='line_1_25' title="bbox 323 2512 1870 2591; baseline 0.003 -25"><span class='ocrx_word' id='word_1_138' title='bbox 323 2512 519 2581; x_wconf 80' lang='grc' dir='ltr'><em>μένου</em></span> <span class='ocrx_word' id='word_1_139' title='bbox 564 2514 951 2570; x_wconf 76' lang='grc' dir='ltr'><em>ἀκολουθεῖν.</em></span> <span class='ocrx_word' id='word_1_140' title='bbox 987 2514 1129 2583; x_wconf 81' lang='grc' dir='ltr'><em>Περι</em></span> <span class='ocrx_word' id='word_1_141' title='bbox 1162 2514 1272 2584; x_wconf 82' lang='grc' dir='ltr'><em>τῆς</em></span> <span class='ocrx_word' id='word_1_142' title='bbox 1300 2514 1702 2591; x_wconf 78' lang='grc' dir='ltr'><em>ἐπιτιμήσεως</em></span> <span class='ocrx_word' id='word_1_143' title='bbox 1750 2515 1870 2571; x_wconf 87' lang='grc' dir='ltr'><em>τῶν</em></span> 
     </span>
    </p>
   </div>
   <div class='ocr_carea' id='block_1_26' title="bbox 330 2602 1867 2677">
    <p class='ocr_par' dir='ltr' id='par_1_26' title="bbox 330 2602 1867 2677">
     <span class='ocr_line' id='line_1_26' title="bbox 330 2602 1867 2677; baseline 0.003 -18"><span class='ocrx_word' id='word_1_144' title='bbox 330 2603 593 2661; x_wconf 80' lang='grc' dir='ltr'><em>ὑδάτων.</em></span> <span class='ocrx_word' id='word_1_145' title='bbox 636 2606 777 2673; x_wconf 71' lang='grc' dir='ltr'><em>Περὶ</em></span> <span class='ocrx_word' id='word_1_146' title='bbox 808 2605 929 2660; x_wconf 83' lang='grc' dir='ltr'><em>τῶν</em></span> <span class='ocrx_word' id='word_1_147' title='bbox 956 2605 1486 2677; x_wconf 76' lang='grc' dir='ltr'><em>δαιμονιζομένων,</em></span> <span class='ocrx_word' id='word_1_148' title='bbox 1516 2602 1607 2664; x_wconf 81' lang='grc' dir='ltr'><em>ὧν</em></span> <span class='ocrx_word' id='word_1_149' title='bbox 1630 2610 1706 2664; x_wconf 82' lang='grc' dir='ltr'><em>τὰ</em></span> <span class='ocrx_word' id='word_1_150' title='bbox 1732 2608 1867 2663; x_wconf 86' lang='grc' dir='ltr'><em>δαι-</em></span> 
     </span>
    </p>
   </div>
   <div class='ocr_carea' id='block_1_27' title="bbox 325 2698 1781 2775">
    <p class='ocr_par' dir='ltr' id='par_1_27' title="bbox 325 2698 1781 2775">
     <span class='ocr_line' id='line_1_27' title="bbox 325 2698 1781 2775; baseline 0.005 -25"><span class='ocrx_word' id='word_1_151' title='bbox 325 2699 512 2775; x_wconf 66' lang='grc' dir='ltr'><em>μόνια</em></span> <span class='ocrx_word' id='word_1_152' title='bbox 536 2700 624 2764; x_wconf 81' lang='grc' dir='ltr'><em>εις</em></span> <span class='ocrx_word' id='word_1_153' title='bbox 649 2699 765 2768; x_wconf 76' lang='grc' dir='ltr'><em>τὴν</em></span> <span class='ocrx_word' id='word_1_154' title='bbox 790 2700 1026 2770; x_wconf 82' lang='grc' dir='ltr'><em>ἀγέλην</em></span> <span class='ocrx_word' id='word_1_155' title='bbox 1045 2698 1164 2753; x_wconf 84' lang='grc' dir='ltr'><em>τῶν</em></span> <span class='ocrx_word' id='word_1_156' title='bbox 1200 2702 1422 2775; x_wconf 86' lang='grc' dir='ltr'><em>χοίρων</em></span> <span class='ocrx_word' id='word_1_157' title='bbox 1453 2701 1781 2773; x_wconf 74' lang='grc' dir='ltr'><em>ἐξεϐλήθη.</em></span> 
     </span>
    </p>
   </div>
   <div class='ocr_carea' id='block_1_28' title="bbox 248 2790 1868 2865">
    <p class='ocr_par' dir='ltr' id='par_1_28' title="bbox 248 2790 1868 2865">
     <span class='ocr_line' id='line_1_28' title="bbox 248 2790 1868 2865; baseline 0.005 -21"><span class='ocrx_word' id='word_1_158' title='bbox 248 2790 324 2845; x_wconf 77' lang='lat'><em>0&#39;.</em></span> <span class='ocrx_word' id='word_1_159' title='bbox 366 2791 508 2860; x_wconf 74' lang='grc' dir='ltr'><em>Περὶ</em></span> <span class='ocrx_word' id='word_1_160' title='bbox 553 2792 669 2846; x_wconf 87' lang='grc' dir='ltr'><em>τοῦ</em></span> <span class='ocrx_word' id='word_1_161' title='bbox 704 2792 1151 2861; x_wconf 85' lang='grc' dir='ltr'><em>παραλυτικοῦ.</em></span> <span class='ocrx_word' id='word_1_162' title='bbox 1201 2795 1343 2865; x_wconf 75' lang='grc' dir='ltr'><em>Περὶ</em></span> <span class='ocrx_word' id='word_1_163' title='bbox 1388 2796 1495 2852; x_wconf 84' lang='grc' dir='ltr'><em>τοῦ</em></span> <span class='ocrx_word' id='word_1_164' title='bbox 1542 2797 1868 2852; x_wconf 78' lang='grc' dir='ltr'><em>Ματθαιόυ.</em></span> 
     </span>
    </p>
   </div>
   <div class='ocr_carea' id='block_1_29' title="bbox 329 2884 1873 2959">
    <p class='ocr_par' dir='ltr' id='par_1_29' title="bbox 329 2884 1873 2959">
     <span class='ocr_line' id='line_1_29' title="bbox 329 2884 1873 2959; baseline 0.002 -20"><span class='ocrx_word' id='word_1_165' title='bbox 329 2884 473 2959; x_wconf 76' lang='grc' dir='ltr'><em>Περι</em></span> <span class='ocrx_word' id='word_1_166' title='bbox 505 2885 612 2939; x_wconf 90' lang='grc' dir='ltr'><em>τοῦ</em></span> <span class='ocrx_word' id='word_1_167' title='bbox 645 2884 925 2955; x_wconf 77' lang='grc' dir='ltr'><em>Σωτῆρος</em></span> <span class='ocrx_word' id='word_1_168' title='bbox 964 2884 1117 2955; x_wconf 84' lang='grc' dir='ltr'><em>μετὰ</em></span> <span class='ocrx_word' id='word_1_169' title='bbox 1147 2884 1272 2941; x_wconf 85' lang='grc' dir='ltr'><em>τῶν</em></span> <span class='ocrx_word' id='word_1_170' title='bbox 1299 2885 1583 2942; x_wconf 87' lang='grc' dir='ltr'><em>τελωνῶν</em></span> <span class='ocrx_word' id='word_1_171' title='bbox 1624 2888 1873 2945; x_wconf 72' lang='grc' dir='ltr'><em>ἐσθίον-</em></span> 
     </span>
    </p>
   </div>
   <div class='ocr_carea' id='block_1_30' title="bbox 326 2976 1867 3059">
    <p class='ocr_par' dir='ltr' id='par_1_30' title="bbox 326 2976 1867 3059">
     <span class='ocr_line' id='line_1_30' title="bbox 326 2976 1867 3059; baseline 0.003 -28"><span class='ocrx_word' id='word_1_172' title='bbox 326 2994 452 3045; x_wconf 86' lang='grc' dir='ltr'><em>τος.</em></span> <span class='ocrx_word' id='word_1_173' title='bbox 475 2977 634 3059; x_wconf 10' lang='grc' dir='ltr'><em>,Περὶ</em></span> <span class='ocrx_word' id='word_1_174' title='bbox 666 2976 776 3047; x_wconf 83' lang='grc' dir='ltr'><em>τῆς</em></span> <span class='ocrx_word' id='word_1_175' title='bbox 827 2980 1125 3053; x_wconf 72' lang='grc' dir='ltr'><em>θυγατρὸς</em></span> <span class='ocrx_word' id='word_1_176' title='bbox 1158 2979 1691 3059; x_wconf 72' lang='grc' dir='ltr'><em>ἀρχισυναγώγου.</em></span> <span class='ocrx_word' id='word_1_177' title='bbox 1723 2982 1867 3048; x_wconf 79' lang='grc' dir='ltr'><em>Περὶ</em></span> 
     </span>
    </p>
   </div>
   <div class='ocr_carea' id='block_1_31' title="bbox 327 3065 1868 3141">
    <p class='ocr_par' dir='ltr' id='par_1_31' title="bbox 327 3065 1868 3141">
     <span class='ocr_line' id='line_1_31' title="bbox 327 3065 1868 3141; baseline 0.003 -20"><span class='ocrx_word' id='word_1_178' title='bbox 327 3065 441 3137; x_wconf 83' lang='grc' dir='ltr'><em>τῆς</em></span> <span class='ocrx_word' id='word_1_179' title='bbox 465 3070 933 3138; x_wconf 68' lang='grc' dir='ltr'><em>αίμοῤῥοούσης.</em></span> <span class='ocrx_word' id='word_1_180' title='bbox 967 3073 1110 3140; x_wconf 77' lang='grc' dir='ltr'><em>Περὶ</em></span> <span class='ocrx_word' id='word_1_181' title='bbox 1131 3070 1256 3125; x_wconf 83' lang='grc' dir='ltr'><em>,τῶν</em></span> <span class='ocrx_word' id='word_1_182' title='bbox 1277 3070 1389 3126; x_wconf 86' lang='grc' dir='ltr'><em>δύο</em></span> <span class='ocrx_word' id='word_1_183' title='bbox 1417 3070 1685 3141; x_wconf 74' lang='grc' dir='ltr'><em>τυφλῶν.</em></span> <span class='ocrx_word' id='word_1_184' title='bbox 1721 3072 1868 3141; x_wconf 72' lang='grc' dir='ltr'><em>Περὶ</em></span> 
     </span>
    </p>
   </div>
   <div class='ocr_carea' id='block_1_32' title="bbox 328 3160 1233 3233">
    <p class='ocr_par' dir='ltr' id='par_1_32' title="bbox 328 3160 1233 3233">
     <span class='ocr_line' id='line_1_32' title="bbox 328 3160 1233 3233; baseline 0.003 -18"><span class='ocrx_word' id='word_1_185' title='bbox 328 3161 438 3216; x_wconf 84' lang='grc' dir='ltr'><em>τοῦ</em></span> <span class='ocrx_word' id='word_1_186' title='bbox 472 3160 967 3233; x_wconf 79' lang='grc' dir='ltr'><em>δαιμονιζομένου</em></span> <span class='ocrx_word' id='word_1_187' title='bbox 996 3163 1233 3233; x_wconf 73' lang='grc' dir='ltr'><em>κωφοῦ.</em></span> 
     </span>
    </p>
   </div>
   <div class='ocr_carea' id='block_1_33' title="bbox 258 3252 1524 3325">
    <p class='ocr_par' dir='ltr' id='par_1_33' title="bbox 258 3252 1524 3325">
     <span class='ocr_line' id='line_1_33' title="bbox 258 3252 1524 3325; baseline 0.001 -15"><span class='ocrx_word' id='word_1_188' title='bbox 258 3252 312 3310; x_wconf 87' lang='grc' dir='ltr'><em>ι’.</em></span> <span class='ocrx_word' id='word_1_189' title='bbox 345 3254 506 3323; x_wconf 74' lang='grc' dir='ltr'><em>,Περὶ</em></span> <span class='ocrx_word' id='word_1_190' title='bbox 530 3253 643 3322; x_wconf 83' lang='grc' dir='ltr'><em>τῆς</em></span> <span class='ocrx_word' id='word_1_191' title='bbox 670 3253 789 3308; x_wconf 88' lang='grc' dir='ltr'><em>τῶν</em></span> <span class='ocrx_word' id='word_1_192' title='bbox 818 3255 1184 3309; x_wconf 79' lang='grc' dir='ltr'><em>ἀποστόλων</em></span> <span class='ocrx_word' id='word_1_193' title='bbox 1215 3254 1524 3325; x_wconf 81' lang='grc' dir='ltr'><em>διαταγῆς.</em></span> 
     </span>
    </p>
   </div>
   <div class='ocr_carea' id='block_1_34' title="bbox 205 3343 1720 3416">
    <p class='ocr_par' dir='ltr' id='par_1_34' title="bbox 205 3343 1720 3416">
     <span class='ocr_line' id='line_1_34' title="bbox 205 3343 1720 3416; baseline 0 -15"><span class='ocrx_word' id='word_1_194' title='bbox 205 3353 223 3364; x_wconf 74' lang='grc'><strong><em>⁵</em></strong></span> <span class='ocrx_word' id='word_1_195' title='bbox 256 3344 347 3401; x_wconf 74' lang='grc' dir='ltr'><em>ια’.</em></span> <span class='ocrx_word' id='word_1_196' title='bbox 383 3346 523 3414; x_wconf 74' lang='grc' dir='ltr'><em>Περὶ</em></span> <span class='ocrx_word' id='word_1_197' title='bbox 557 3343 677 3398; x_wconf 85' lang='grc' dir='ltr'><em>τῶν</em></span> <span class='ocrx_word' id='word_1_198' title='bbox 703 3345 1187 3400; x_wconf 77' lang='grc' dir='ltr'><em>ἀποσταλέντων</em></span> <span class='ocrx_word' id='word_1_199' title='bbox 1211 3347 1373 3416; x_wconf 83' lang='grc' dir='ltr'><em>παρὰ</em></span> <span class='ocrx_word' id='word_1_200' title='bbox 1411 3348 1720 3401; x_wconf 84' lang='grc' dir='ltr'><em>Ἰωάννου.</em></span> 
     </span>
    </p>
   </div>
   <div class='ocr_carea' id='block_1_35' title="bbox 2056 1024 3101 1097">
    <p class='ocr_par' dir='ltr' id='par_1_35' title="bbox 2056 1024 3101 1097">
     <span class='ocr_line' id='line_1_35' title="bbox 2056 1024 3101 1097; baseline 0.008 -18"><span class='ocrx_word' id='word_1_201' title='bbox 2056 1024 2205 1079; x_wconf 88' lang='lat' dir='ltr'><strong><em>Petri</em></strong></span> <span class='ocrx_word' id='word_1_202' title='bbox 2232 1026 2459 1083; x_wconf 71' lang='lat' dir='ltr'><strong><em>Andreae</em></strong></span> <span class='ocrx_word' id='word_1_203' title='bbox 2487 1037 2535 1081; x_wconf 89' lang='lat' dir='ltr'><em>et</em></span> <span class='ocrx_word' id='word_1_204' title='bbox 2568 1028 2806 1097; x_wconf 79' lang='lat' dir='ltr'><strong><em>ﬁliorum</em></strong></span> <span class='ocrx_word' id='word_1_205' title='bbox 2834 1027 3101 1087; x_wconf 75' lang='lat' dir='ltr'><strong><em>Zebeda&#39;i.</em></strong></span> 
     </span>
    </p>
   </div>
   <div class='ocr_carea' id='block_1_36' title="bbox 1977 1204 3583 1277">
    <p class='ocr_par' dir='ltr' id='par_1_36' title="bbox 1977 1204 3583 1277">
     <span class='ocr_line' id='line_1_36' title="bbox 1977 1204 3583 1277; baseline 0.006 -17"><span class='ocrx_word' id='word_1_206' title='bbox 1977 1205 2031 1261; x_wconf 86' lang='lat'><em>5.</em></span> <span class='ocrx_word' id='word_1_207' title='bbox 2078 1205 2151 1260; x_wconf 88' lang='lat' dir='ltr'><strong><em>De</em></strong></span> <span class='ocrx_word' id='word_1_208' title='bbox 2176 1204 2621 1260; x_wconf 82' lang='lat' dir='ltr'><strong><em>beatitudinibus.</em></strong></span> <span class='ocrx_word' id='word_1_209' title='bbox 2649 1205 2805 1273; x_wconf 82' lang='lat' dir='ltr'><em>Quod</em></span> <span class='ocrx_word' id='word_1_210' title='bbox 2835 1222 2940 1262; x_wconf 86' lang='lat' dir='ltr'><em>non</em></span> <span class='ocrx_word' id='word_1_211' title='bbox 2970 1206 3127 1265; x_wconf 80' lang='lat' dir='ltr'><strong><em>liceat</em></strong></span> <span class='ocrx_word' id='word_1_212' title='bbox 3170 1224 3290 1267; x_wconf 80' lang='lat' dir='ltr'><strong><em>cunt</em></strong></span> <span class='ocrx_word' id='word_1_213' title='bbox 3336 1212 3583 1277; x_wconf 63' lang='lat' dir='ltr'><strong><em>proximo</em></strong></span> 
     </span>
    </p>
   </div>
   <div class='ocr_carea' id='block_1_37' title="bbox 2050 1297 3583 1367">
    <p class='ocr_par' dir='ltr' id='par_1_37' title="bbox 2050 1297 3583 1367">
     <span class='ocr_line' id='line_1_37' title="bbox 2050 1297 3583 1367; baseline 0.004 -15"><span class='ocrx_word' id='word_1_214' title='bbox 2050 1301 2391 1354; x_wconf 71' lang='lat' dir='ltr'><em>contendere.</em></span> <span class='ocrx_word' id='word_1_215' title='bbox 2433 1297 2589 1363; x_wconf 87' lang='lat' dir='ltr'><strong><em>Quod</em></strong></span> <span class='ocrx_word' id='word_1_216' title='bbox 2619 1315 2723 1355; x_wconf 87' lang='lat' dir='ltr'><strong><em>non</em></strong></span> <span class='ocrx_word' id='word_1_217' title='bbox 2758 1298 2914 1357; x_wconf 83' lang='lat' dir='ltr'><strong><em>liceat</em></strong></span> <span class='ocrx_word' id='word_1_218' title='bbox 2963 1302 3239 1357; x_wconf 76' lang='lat' dir='ltr'><strong><em>mmehari.</em></strong></span> <span class='ocrx_word' id='word_1_219' title='bbox 3272 1300 3429 1367; x_wconf 84' lang='lat' dir='ltr'><strong><em>Quod</em></strong></span> <span class='ocrx_word' id='word_1_220' title='bbox 3478 1320 3583 1361; x_wconf 75' lang='lat' dir='ltr'><strong><em>non</em></strong></span> 
     </span>
    </p>
   </div>
   <div class='ocr_carea' id='block_1_38' title="bbox 2047 1392 3584 1466">
    <p class='ocr_par' dir='ltr' id='par_1_38' title="bbox 2047 1392 3584 1466">
     <span class='ocr_line' id='line_1_38' title="bbox 2047 1392 3584 1466; baseline 0.005 -22"><span class='ocrx_word' id='word_1_221' title='bbox 2047 1393 2205 1447; x_wconf 88' lang='lat' dir='ltr'><strong><em>liceat</em></strong></span> <span class='ocrx_word' id='word_1_222' title='bbox 2255 1407 2473 1447; x_wconf 75' lang='lat' dir='ltr'><strong><em>uxorem</em></strong></span> <span class='ocrx_word' id='word_1_223' title='bbox 2524 1393 2812 1449; x_wconf 87' lang='lat' dir='ltr'><strong><em>dimittere.</em></strong></span> <span class='ocrx_word' id='word_1_224' title='bbox 2830 1392 2986 1459; x_wconf 87' lang='lat' dir='ltr'><strong><em>Quod</em></strong></span> <span class='ocrx_word' id='word_1_225' title='bbox 3031 1410 3136 1451; x_wconf 81' lang='lat' dir='ltr'><em>nou</em></span> <span class='ocrx_word' id='word_1_226' title='bbox 3184 1395 3343 1452; x_wconf 89' lang='lat' dir='ltr'><strong><em>liceat</em></strong></span> <span class='ocrx_word' id='word_1_227' title='bbox 3389 1396 3584 1466; x_wconf 81' lang='lat' dir='ltr'><strong><em>jurare</em></strong></span> 
     </span>
    </p>
   </div>
   <div class='ocr_carea' id='block_1_39' title="bbox 2048 1482 3583 1551">
    <p class='ocr_par' dir='ltr' id='par_1_39' title="bbox 2048 1482 3583 1551">
     <span class='ocr_line' id='line_1_39' title="bbox 2048 1482 3583 1551; baseline 0.003 -12"><span class='ocrx_word' id='word_1_228' title='bbox 2048 1486 2286 1539; x_wconf 78' lang='lat' dir='ltr'><em>omnino.</em></span> <span class='ocrx_word' id='word_1_229' title='bbox 2309 1482 2464 1551; x_wconf 84' lang='lat' dir='ltr'><em>Quod</em></span> <span class='ocrx_word' id='word_1_230' title='bbox 2489 1486 2839 1542; x_wconf 83' lang='lat' dir='ltr'><strong><em>contumelias</em></strong></span> <span class='ocrx_word' id='word_1_231' title='bbox 2869 1487 3134 1547; x_wconf 79' lang='lat' dir='ltr'><strong><em>sustinere</em></strong></span> <span class='ocrx_word' id='word_1_232' title='bbox 3166 1497 3215 1542; x_wconf 91' lang='lat' dir='ltr'><em>et</em></span> <span class='ocrx_word' id='word_1_233' title='bbox 3242 1488 3463 1543; x_wconf 81' lang='lat' dir='ltr'><em>diabolo</em></span> <span class='ocrx_word' id='word_1_234' title='bbox 3497 1505 3583 1544; x_wconf 87' lang='lat' dir='ltr'><strong><em>re-</em></strong></span> 
     </span>
    </p>
   </div>
   <div class='ocr_carea' id='block_1_40' title="bbox 2046 1576 3583 1647">
    <p class='ocr_par' dir='ltr' id='par_1_40' title="bbox 2046 1576 3583 1647">
     <span class='ocr_line' id='line_1_40' title="bbox 2046 1576 3583 1647; baseline 0.006 -18"><span class='ocrx_word' id='word_1_235' title='bbox 2046 1579 2230 1631; x_wconf 81' lang='lat' dir='ltr'><strong><em>sistere</em></strong></span> <span class='ocrx_word' id='word_1_236' title='bbox 2286 1587 2547 1647; x_wconf 76' lang='lat' dir='ltr'><em>oporteat.</em></span> <span class='ocrx_word' id='word_1_237' title='bbox 2589 1576 2745 1645; x_wconf 83' lang='lat' dir='ltr'><em>Quod</em></span> <span class='ocrx_word' id='word_1_238' title='bbox 2810 1588 3049 1646; x_wconf 85' lang='lat' dir='ltr'><strong><em>oporteat</em></strong></span> <span class='ocrx_word' id='word_1_239' title='bbox 3108 1580 3271 1635; x_wconf 74' lang='lat' dir='ltr'><strong><em>etiam</em></strong></span> <span class='ocrx_word' id='word_1_240' title='bbox 3341 1580 3583 1638; x_wconf 79' lang='lat' dir='ltr'><strong><em>inlmicos</em></strong></span> 
     </span>
    </p>
   </div>
   <div class='ocr_carea' id='block_1_41' title="bbox 2046 1672 2266 1741">
    <p class='ocr_par' dir='ltr' id='par_1_41' title="bbox 2046 1672 2266 1741">
     <span class='ocr_line' id='line_1_41' title="bbox 2046 1672 2266 1741; baseline 0.005 -18"><span class='ocrx_word' id='word_1_241' title='bbox 2046 1672 2266 1741; x_wconf 76' lang='lat' dir='ltr'><strong><em>diligere</em></strong></span> 
     </span>
    </p>
   </div>
   <div class='ocr_carea' id='block_1_42' title="bbox 1974 1760 3581 1834">
    <p class='ocr_par' dir='ltr' id='par_1_42' title="bbox 1974 1760 3581 1834">
     <span class='ocr_line' id='line_1_42' title="bbox 1974 1760 3581 1834; baseline 0.002 -17"><span class='ocrx_word' id='word_1_242' title='bbox 1974 1761 2028 1817; x_wconf 91' lang='lat'><em>6.</em></span> <span class='ocrx_word' id='word_1_243' title='bbox 2076 1761 2151 1814; x_wconf 87' lang='lat' dir='ltr'><strong><em>De</em></strong></span> <span class='ocrx_word' id='word_1_244' title='bbox 2180 1762 2534 1830; x_wconf 71' lang='lat' dir='ltr'><em>elemosyna,</em></span> <span class='ocrx_word' id='word_1_245' title='bbox 2559 1760 2798 1817; x_wconf 86' lang='lat' dir='ltr'><strong><em>oratione</em></strong></span> <span class='ocrx_word' id='word_1_246' title='bbox 2826 1771 2878 1817; x_wconf 89' lang='lat' dir='ltr'><em>et</em></span> <span class='ocrx_word' id='word_1_247' title='bbox 2908 1762 3144 1833; x_wconf 75' lang='lat' dir='ltr'><strong><em>jejunio.</em></strong></span> <span class='ocrx_word' id='word_1_248' title='bbox 3167 1761 3245 1819; x_wconf 89' lang='lat' dir='ltr'><strong><em>De</em></strong></span> <span class='ocrx_word' id='word_1_249' title='bbox 3275 1772 3581 1834; x_wconf 79' lang='lat' dir='ltr'><strong><em>contemptu</em></strong></span> 
     </span>
    </p>
   </div>
   <div class='ocr_carea' id='block_1_43' title="bbox 2045 1854 2252 1908">
    <p class='ocr_par' dir='ltr' id='par_1_43' title="bbox 2045 1854 2252 1908">
     <span class='ocr_line' id='line_1_43' title="bbox 2045 1854 2252 1908; baseline -0.005 0"><span class='ocrx_word' id='word_1_250' title='bbox 2045 1854 2252 1908; x_wconf 89' lang='lat' dir='ltr'><strong><em>mundi.</em></strong></span> 
     </span>
    </p>
   </div>
   <div class='ocr_carea' id='block_1_44' title="bbox 1976 1946 3581 2019">
    <p class='ocr_par' dir='ltr' id='par_1_44' title="bbox 1976 1946 3581 2019">
     <span class='ocr_line' id='line_1_44' title="bbox 1976 1946 3581 2019; baseline 0.002 -19"><span class='ocrx_word' id='word_1_251' title='bbox 1976 1948 2025 2001; x_wconf 89' lang='lat'><em>7.</em></span> <span class='ocrx_word' id='word_1_252' title='bbox 2072 1946 2230 2013; x_wconf 87' lang='lat' dir='ltr'><strong><em>Quod</em></strong></span> <span class='ocrx_word' id='word_1_253' title='bbox 2257 1963 2361 2002; x_wconf 90' lang='lat' dir='ltr'><strong><em>non</em></strong></span> <span class='ocrx_word' id='word_1_254' title='bbox 2398 1946 2558 2001; x_wconf 90' lang='lat' dir='ltr'><strong><em>liceat</em></strong></span> <span class='ocrx_word' id='word_1_255' title='bbox 2586 1948 2652 2001; x_wconf 89' lang='lat' dir='ltr'><strong><em>de</em></strong></span> <span class='ocrx_word' id='word_1_256' title='bbox 2675 1964 2944 2019; x_wconf 86' lang='lat' dir='ltr'><strong><em>quoquam</em></strong></span> <span class='ocrx_word' id='word_1_257' title='bbox 2982 1949 3251 2019; x_wconf 81' lang='lat' dir='ltr'><strong><em>judicare.</em></strong></span> <span class='ocrx_word' id='word_1_258' title='bbox 3300 1948 3581 2015; x_wconf 81' lang='lat' dir='ltr'><strong><em>Quomodo</em></strong></span> 
     </span>
    </p>
   </div>
   <div class='ocr_carea' id='block_1_45' title="bbox 2043 2041 3573 2111">
    <p class='ocr_par' dir='ltr' id='par_1_45' title="bbox 2043 2041 3573 2111">
     <span class='ocr_line' id='line_1_45' title="bbox 2043 2041 3573 2111; baseline 0.001 -16"><span class='ocrx_word' id='word_1_259' title='bbox 2043 2050 2220 2108; x_wconf 89' lang='lat' dir='ltr'><strong><em>petere</em></strong></span> <span class='ocrx_word' id='word_1_260' title='bbox 2249 2050 2298 2095; x_wconf 87' lang='lat' dir='ltr'><em>et</em></span> <span class='ocrx_word' id='word_1_261' title='bbox 2327 2057 2566 2111; x_wconf 74' lang='lat' dir='ltr'><strong><em>quwrere</em></strong></span> <span class='ocrx_word' id='word_1_262' title='bbox 2589 2041 2895 2098; x_wconf 85' lang='lat' dir='ltr'><strong><em>debeamus.</em></strong></span> <span class='ocrx_word' id='word_1_263' title='bbox 2925 2042 3079 2109; x_wconf 85' lang='lat' dir='ltr'><strong><em>Quod</em></strong></span> <span class='ocrx_word' id='word_1_264' title='bbox 3105 2043 3256 2101; x_wconf 87' lang='lat' dir='ltr'><strong><em>nobis</em></strong></span> <span class='ocrx_word' id='word_1_265' title='bbox 3280 2044 3573 2100; x_wconf 70' lang='lat' dir='ltr'><strong><em>carendum</em></strong></span> 
     </span>
    </p>
   </div>
   <div class='ocr_carea' id='block_1_46' title="bbox 1903 2123 2683 2204">
    <p class='ocr_par' dir='ltr' id='par_1_46' title="bbox 1903 2123 2683 2204">
     <span class='ocr_line' id='line_1_46' title="bbox 1903 2123 2683 2204; baseline 0.001 -16"><span class='ocrx_word' id='word_1_266' title='bbox 1903 2123 1944 2180; x_wconf 78' lang='grc' dir='ltr'>Β</span> <span class='ocrx_word' id='word_1_267' title='bbox 2049 2135 2117 2188; x_wconf 84' lang='lat' dir='ltr'><em>sit</em></span> <span class='ocrx_word' id='word_1_268' title='bbox 2150 2152 2181 2187; x_wconf 90' lang='lat' dir='ltr'><em>a</em></span> <span class='ocrx_word' id='word_1_269' title='bbox 2210 2135 2364 2203; x_wconf 76' lang='lat' dir='ltr'><strong><em>falsis</em></strong></span> <span class='ocrx_word' id='word_1_270' title='bbox 2395 2134 2683 2204; x_wconf 84' lang='lat' dir='ltr'><strong><em>prophetis.</em></strong></span> 
     </span>
    </p>
   </div>
   <div class='ocr_carea' id='block_1_47' title="bbox 1977 2226 3582 2295">
    <p class='ocr_par' dir='ltr' id='par_1_47' title="bbox 1977 2226 3582 2295">
     <span class='ocr_line' id='line_1_47' title="bbox 1977 2226 3582 2295; baseline 0.003 -14"><span class='ocrx_word' id='word_1_271' title='bbox 1977 2228 2031 2281; x_wconf 89' lang='lat'><strong><em>8.</em></strong></span> <span class='ocrx_word' id='word_1_272' title='bbox 2076 2226 2152 2281; x_wconf 85' lang='lat' dir='ltr'><strong><em>De</em></strong></span> <span class='ocrx_word' id='word_1_273' title='bbox 2208 2228 2485 2281; x_wconf 75' lang='lat' dir='ltr'><strong><em>curatione</em></strong></span> <span class='ocrx_word' id='word_1_274' title='bbox 2548 2227 2764 2295; x_wconf 88' lang='lat' dir='ltr'><strong><em>leprosi.</em></strong></span> <span class='ocrx_word' id='word_1_275' title='bbox 2807 2226 2885 2281; x_wconf 89' lang='lat' dir='ltr'><strong><em>De</em></strong></span> <span class='ocrx_word' id='word_1_276' title='bbox 2938 2229 3267 2284; x_wconf 77' lang='lat' dir='ltr'><strong><em>centurione.</em></strong></span> <span class='ocrx_word' id='word_1_277' title='bbox 3300 2230 3375 2286; x_wconf 87' lang='lat' dir='ltr'><strong><em>De</em></strong></span> <span class='ocrx_word' id='word_1_278' title='bbox 3423 2248 3582 2288; x_wconf 84' lang='lat' dir='ltr'><strong><em>socru</em></strong></span> 
     </span>
    </p>
   </div>
   <div class='ocr_carea' id='block_1_48' title="bbox 2054 2320 3583 2394">
    <p class='ocr_par' dir='ltr' id='par_1_48' title="bbox 2054 2320 3583 2394">
     <span class='ocr_line' id='line_1_48' title="bbox 2054 2320 3583 2394; baseline 0.004 -20"><span class='ocrx_word' id='word_1_279' title='bbox 2054 2320 2215 2376; x_wconf 81' lang='lat' dir='ltr'><strong><em>Petri.</em></strong></span> <span class='ocrx_word' id='word_1_280' title='bbox 2244 2320 2319 2377; x_wconf 88' lang='lat' dir='ltr'><strong><em>De</em></strong></span> <span class='ocrx_word' id='word_1_281' title='bbox 2368 2322 2434 2380; x_wconf 84' lang='lat' dir='ltr'><em>iis</em></span> <span class='ocrx_word' id='word_1_282' title='bbox 2482 2323 2573 2394; x_wconf 85' lang='lat' dir='ltr'><em>qui</em></span> <span class='ocrx_word' id='word_1_283' title='bbox 2619 2323 2795 2377; x_wconf 82' lang='lat' dir='ltr'><strong><em>curati</em></strong></span> <span class='ocrx_word' id='word_1_284' title='bbox 2829 2332 2951 2377; x_wconf 88' lang='lat' dir='ltr'><strong><em>sunt</em></strong></span> <span class='ocrx_word' id='word_1_285' title='bbox 2982 2340 3015 2377; x_wconf 90' lang='lat' dir='ltr'><em>a</em></span> <span class='ocrx_word' id='word_1_286' title='bbox 3052 2327 3212 2380; x_wconf 77' lang='lat' dir='ltr'><strong><em>rariis</em></strong></span> <span class='ocrx_word' id='word_1_287' title='bbox 3259 2324 3476 2380; x_wconf 81' lang='lat' dir='ltr'><strong><em>morbis.</em></strong></span> <span class='ocrx_word' id='word_1_288' title='bbox 3506 2325 3583 2381; x_wconf 83' lang='lat' dir='ltr'><strong><em>De</em></strong></span> 
     </span>
    </p>
   </div>
   <div class='ocr_carea' id='block_1_49' title="bbox 2046 2414 3579 2489">
    <p class='ocr_par' dir='ltr' id='par_1_49' title="bbox 2046 2414 3579 2489">
     <span class='ocr_line' id='line_1_49' title="bbox 2046 2414 3579 2489; baseline 0.002 -21"><span class='ocrx_word' id='word_1_289' title='bbox 2046 2431 2149 2468; x_wconf 89' lang='lat' dir='ltr'><em>non</em></span> <span class='ocrx_word' id='word_1_290' title='bbox 2179 2414 2459 2470; x_wconf 70' lang='lat' dir='ltr'><strong><em>commissa</em></strong></span> <span class='ocrx_word' id='word_1_291' title='bbox 2486 2416 2719 2487; x_wconf 86' lang='lat' dir='ltr'><strong><em>sequela.</em></strong></span> <span class='ocrx_word' id='word_1_292' title='bbox 2765 2415 2839 2471; x_wconf 89' lang='lat' dir='ltr'><strong><em>De</em></strong></span> <span class='ocrx_word' id='word_1_293' title='bbox 2884 2417 3247 2486; x_wconf 81' lang='lat' dir='ltr'><strong><em>increpatione</em></strong></span> <span class='ocrx_word' id='word_1_294' title='bbox 3292 2434 3579 2489; x_wconf 85' lang='lat' dir='ltr'><strong><em>aquarum.</em></strong></span> 
     </span>
    </p>
   </div>
   <div class='ocr_carea' id='block_1_50' title="bbox 2048 2505 3581 2584">
    <p class='ocr_par' dir='ltr' id='par_1_50' title="bbox 2048 2505 3581 2584">
     <span class='ocr_line' id='line_1_50' title="bbox 2048 2505 3581 2584; baseline 0.005 -23"><span class='ocrx_word' id='word_1_295' title='bbox 2048 2505 2122 2562; x_wconf 79' lang='lat' dir='ltr'><strong><em>De</em></strong></span> <span class='ocrx_word' id='word_1_296' title='bbox 2152 2510 2501 2565; x_wconf 72' lang='lat' dir='ltr'><strong><em>dwnsoniacis</em></strong></span> <span class='ocrx_word' id='word_1_297' title='bbox 2521 2527 2746 2580; x_wconf 85' lang='lat' dir='ltr'><strong><em>quorum</em></strong></span> <span class='ocrx_word' id='word_1_298' title='bbox 2770 2511 3037 2567; x_wconf 74' lang='lat' dir='ltr'><strong><em>dtrmonia</em></strong></span> <span class='ocrx_word' id='word_1_299' title='bbox 3067 2515 3125 2568; x_wconf 79' lang='lat' dir='ltr'><em>in</em></span> <span class='ocrx_word' id='word_1_300' title='bbox 3151 2528 3438 2582; x_wconf 77' lang='lat' dir='ltr'><strong><em>porcorum</em></strong></span> <span class='ocrx_word' id='word_1_301' title='bbox 3463 2530 3581 2584; x_wconf 69' lang='lat' dir='ltr'><strong><em>gre-</em></strong></span> 
     </span>
    </p>
   </div>
   <div class='ocr_carea' id='block_1_51' title="bbox 2046 2605 2565 2671">
    <p class='ocr_par' dir='ltr' id='par_1_51' title="bbox 2046 2605 2565 2671">
     <span class='ocr_line' id='line_1_51' title="bbox 2046 2605 2565 2671; baseline 0 -15"><span class='ocrx_word' id='word_1_302' title='bbox 2046 2619 2161 2671; x_wconf 86' lang='lat' dir='ltr'><em>gem</em></span> <span class='ocrx_word' id='word_1_303' title='bbox 2193 2605 2387 2657; x_wconf 82' lang='lat' dir='ltr'><strong><em>entissa</em></strong></span> <span class='ocrx_word' id='word_1_304' title='bbox 2420 2613 2565 2658; x_wconf 79' lang='lat' dir='ltr'><strong><em>sunt.</em></strong></span> 
     </span>
    </p>
   </div>
   <div class='ocr_carea' id='block_1_52' title="bbox 1976 2786 3582 2861">
    <p class='ocr_par' dir='ltr' id='par_1_52' title="bbox 1976 2786 3582 2861">
     <span class='ocr_line' id='line_1_52' title="bbox 1976 2786 3582 2861; baseline 0 -16"><span class='ocrx_word' id='word_1_305' title='bbox 1976 2789 2026 2846; x_wconf 81' lang='lat'><strong><em>9.</em></strong></span> <span class='ocrx_word' id='word_1_306' title='bbox 2068 2788 2147 2843; x_wconf 89' lang='lat' dir='ltr'><strong><em>De</em></strong></span> <span class='ocrx_word' id='word_1_307' title='bbox 2173 2790 2496 2861; x_wconf 81' lang='lat' dir='ltr'><strong><em>paralytico.</em></strong></span> <span class='ocrx_word' id='word_1_308' title='bbox 2528 2789 2603 2843; x_wconf 84' lang='lat' dir='ltr'><strong><em>De</em></strong></span> <span class='ocrx_word' id='word_1_309' title='bbox 2636 2788 2878 2845; x_wconf 67' lang='lat' dir='ltr'><strong><em>Matthati</em></strong></span> <span class='ocrx_word' id='word_1_310' title='bbox 2908 2790 3203 2846; x_wconf 67' lang='lat' dir='ltr'><strong><em>vocatione.</em></strong></span> <span class='ocrx_word' id='word_1_311' title='bbox 3230 2788 3303 2843; x_wconf 89' lang='lat' dir='ltr'><strong><em>De</em></strong></span> <span class='ocrx_word' id='word_1_312' title='bbox 3337 2786 3582 2845; x_wconf 56' lang='lat' dir='ltr'><strong><em>Saluator</em></strong></span> 
     </span>
    </p>
   </div>
   <div class='ocr_carea' id='block_1_53' title="bbox 2045 2882 3582 2955">
    <p class='ocr_par' dir='ltr' id='par_1_53' title="bbox 2045 2882 3582 2955">
     <span class='ocr_line' id='line_1_53' title="bbox 2045 2882 3582 2955; baseline 0.002 -20"><span class='ocrx_word' id='word_1_313' title='bbox 2045 2882 2119 2936; x_wconf 83' lang='lat' dir='ltr'><em>ris</em></span> <span class='ocrx_word' id='word_1_314' title='bbox 2176 2882 2459 2953; x_wconf 72' lang='lat' dir='ltr'><strong><em>refectione</em></strong></span> <span class='ocrx_word' id='word_1_315' title='bbox 2517 2899 2639 2937; x_wconf 89' lang='lat' dir='ltr'><em>cum</em></span> <span class='ocrx_word' id='word_1_316' title='bbox 2682 2883 3007 2953; x_wconf 81' lang='lat' dir='ltr'><strong><em>publicanis.</em></strong></span> <span class='ocrx_word' id='word_1_317' title='bbox 3050 2882 3127 2939; x_wconf 89' lang='lat' dir='ltr'><strong><em>De</em></strong></span> <span class='ocrx_word' id='word_1_318' title='bbox 3167 2883 3287 2953; x_wconf 75' lang='lat' dir='ltr'><strong><em>[illa</em></strong></span> <span class='ocrx_word' id='word_1_319' title='bbox 3325 2883 3582 2955; x_wconf 78' lang='lat' dir='ltr'><strong><em>principis</em></strong></span> 
     </span>
    </p>
   </div>
   <div class='ocr_carea' id='block_1_54' title="bbox 2045 2974 3579 3046">
    <p class='ocr_par' dir='ltr' id='par_1_54' title="bbox 2045 2974 3579 3046">
     <span class='ocr_line' id='line_1_54' title="bbox 2045 2974 3579 3046; baseline 0.001 -18"><span class='ocrx_word' id='word_1_320' title='bbox 2045 2991 2350 3046; x_wconf 70' lang='lat' dir='ltr'><strong><em>synagoga.</em></strong></span> <span class='ocrx_word' id='word_1_321' title='bbox 2381 2974 2454 3030; x_wconf 84' lang='lat' dir='ltr'><strong><em>De</em></strong></span> <span class='ocrx_word' id='word_1_322' title='bbox 2483 2975 2907 3031; x_wconf 70' lang='lat' dir='ltr'><strong><em>ha’morrhousa.</em></strong></span> <span class='ocrx_word' id='word_1_323' title='bbox 2934 2976 3008 3031; x_wconf 89' lang='lat' dir='ltr'><strong><em>De</em></strong></span> <span class='ocrx_word' id='word_1_324' title='bbox 3036 2977 3243 3032; x_wconf 85' lang='lat' dir='ltr'><strong><em>duobus</em></strong></span> <span class='ocrx_word' id='word_1_325' title='bbox 3286 2978 3470 3037; x_wconf 77' lang='lat' dir='ltr'><strong><em>ea&#39;cis.</em></strong></span> <span class='ocrx_word' id='word_1_326' title='bbox 3504 2977 3579 3031; x_wconf 88' lang='lat' dir='ltr'><strong><em>De</em></strong></span> 
     </span>
    </p>
   </div>
   <div class='ocr_carea' id='block_1_55' title="bbox 2044 3068 2594 3124">
    <p class='ocr_par' dir='ltr' id='par_1_55' title="bbox 2044 3068 2594 3124">
     <span class='ocr_line' id='line_1_55' title="bbox 2044 3068 2594 3124; baseline -0.002 -3"><span class='ocrx_word' id='word_1_327' title='bbox 2044 3069 2208 3122; x_wconf 86' lang='lat' dir='ltr'><strong><em>surdo</em></strong></span> <span class='ocrx_word' id='word_1_328' title='bbox 2241 3068 2594 3124; x_wconf 66' lang='lat' dir='ltr'><strong><em>demoniaco.</em></strong></span> 
     </span>
    </p>
   </div>
   <div class='ocr_carea' id='block_1_56' title="bbox 1974 3250 2806 3321">
    <p class='ocr_par' dir='ltr' id='par_1_56' title="bbox 1974 3250 2806 3321">
     <span class='ocr_line' id='line_1_56' title="bbox 1974 3250 2806 3321; baseline -0.004 -14"><span class='ocrx_word' id='word_1_329' title='bbox 1974 3253 2061 3307; x_wconf 74' lang='lat' dir='ltr'><strong><em>ll).</em></strong></span> <span class='ocrx_word' id='word_1_330' title='bbox 2096 3251 2175 3307; x_wconf 86' lang='lat' dir='ltr'><em>De</em></span> <span class='ocrx_word' id='word_1_331' title='bbox 2204 3252 2404 3307; x_wconf 79' lang='lat' dir='ltr'><strong><em>ordine‘</em></strong></span> <span class='ocrx_word' id='word_1_332' title='bbox 2419 3250 2806 3321; x_wconf 87' lang='lat' dir='ltr'><strong><em>apostolorum.</em></strong></span> 
     </span>
    </p>
   </div>
   <div class='ocr_carea' id='block_1_57' title="bbox 1975 3340 3040 3415">
    <p class='ocr_par' dir='ltr' id='par_1_57' title="bbox 1975 3340 3040 3415">
     <span class='ocr_line' id='line_1_57' title="bbox 1975 3340 3040 3415; baseline -0.004 -16"><span class='ocrx_word' id='word_1_333' title='bbox 1975 3346 2062 3399; x_wconf 82' lang='grc' dir='ltr'><em>Η.</em></span> <span class='ocrx_word' id='word_1_334' title='bbox 2097 3344 2176 3398; x_wconf 90' lang='lat' dir='ltr'><strong><em>De</em></strong></span> <span class='ocrx_word' id='word_1_335' title='bbox 2206 3346 2272 3399; x_wconf 85' lang='lat' dir='ltr'><em>iis</em></span> <span class='ocrx_word' id='word_1_336' title='bbox 2301 3346 2393 3415; x_wconf 87' lang='lat' dir='ltr'><strong><em>qui</em></strong></span> <span class='ocrx_word' id='word_1_337' title='bbox 2417 3345 2567 3400; x_wconf 84' lang='lat' dir='ltr'><strong><em>missi</em></strong></span> <span class='ocrx_word' id='word_1_338' title='bbox 2598 3352 2725 3398; x_wconf 86' lang='lat' dir='ltr'><strong><em>sunt</em></strong></span> <span class='ocrx_word' id='word_1_339' title='bbox 2752 3361 2782 3396; x_wconf 93' lang='lat' dir='ltr'><em>a</em></span> <span class='ocrx_word' id='word_1_340' title='bbox 2812 3340 3040 3396; x_wconf 77' lang='lat' dir='ltr'><strong><em>Joanne.</em></strong></span> 
     </span>
    </p>
   </div>
   <div class='ocr_carea' id='block_1_58' title="bbox 256 3435 1859 3538">
    <p class='ocr_par' dir='ltr' id='par_1_58' title="bbox 256 3436 1859 3510">
     <span class='ocr_line' id='line_1_58' title="bbox 256 3436 1859 3510; baseline 0.001 -17"><span class='ocrx_word' id='word_1_341' title='bbox 256 3438 346 3510; x_wconf 77' lang='grc' dir='ltr'><em>ιβ’.</em></span> <span class='ocrx_word' id='word_1_342' title='bbox 391 3439 541 3508; x_wconf 72' lang='grc' dir='ltr'><em>Περὶ</em></span> <span class='ocrx_word' id='word_1_343' title='bbox 591 3437 712 3493; x_wconf 86' lang='grc' dir='ltr'><em>τῶν</em></span> <span class='ocrx_word' id='word_1_344' title='bbox 754 3436 1041 3508; x_wconf 81' lang='grc' dir='ltr'><em>μαθητῶν</em></span> <span class='ocrx_word' id='word_1_345' title='bbox 1071 3439 1201 3506; x_wconf 87' lang='grc' dir='ltr'><em>τοῖς</em></span> <span class='ocrx_word' id='word_1_346' title='bbox 1231 3439 1499 3495; x_wconf 79' lang='grc' dir='ltr'><em>Σάϐδασι</em></span> <span class='ocrx_word' id='word_1_347' title='bbox 1532 3441 1859 3497; x_wconf 72' lang='grc' dir='ltr'><em>τιλλόντων</em></span> 
     </span>
    </p>
   </div>
   <div class='ocr_carea' id='block_1_59' title="bbox 2010 3435 3577 3538">
    <p class='ocr_par' dir='ltr' id='par_1_59' title="bbox 2012 3435 3577 3508">
     <span class='ocr_line' id='line_1_59' title="bbox 2012 3435 3577 3508; baseline -0.001 -14"><span class='ocrx_word' id='word_1_348' title='bbox 2012 3438 2064 3494; x_wconf 72' lang='grc' dir='ltr'><em>Ξ.</em></span> <span class='ocrx_word' id='word_1_349' title='bbox 2095 3440 2173 3501; x_wconf 84' lang='lat' dir='ltr'><strong><em>De</em></strong></span> <span class='ocrx_word' id='word_1_350' title='bbox 2201 3438 2479 3508; x_wconf 84' lang='lat' dir='ltr'><strong><em>discipulis</em></strong></span> <span class='ocrx_word' id='word_1_351' title='bbox 2531 3440 2587 3492; x_wconf 85' lang='lat' dir='ltr'><em>in</em></span> <span class='ocrx_word' id='word_1_352' title='bbox 2633 3436 2872 3492; x_wconf 82' lang='lat' dir='ltr'><strong><em>Sabbato</em></strong></span> <span class='ocrx_word' id='word_1_353' title='bbox 2920 3437 3092 3506; x_wconf 87' lang='lat' dir='ltr'><strong><em>spicas</em></strong></span> <span class='ocrx_word' id='word_1_354' title='bbox 3139 3435 3577 3493; x_wconf 77' lang='lat' dir='ltr'><strong><em>nellentibus.0e</em></strong></span> 
     </span>
    </p>
   </div>
   <div class='ocr_carea' id='block_1_60' title="bbox 330 3528 1859 3602">
    <p class='ocr_par' dir='ltr' id='par_1_60' title="bbox 330 3528 1859 3602">
     <span class='ocr_line' id='line_1_60' title="bbox 330 3528 1859 3602; baseline 0.001 -16"><span class='ocrx_word' id='word_1_355' title='bbox 330 3532 626 3600; x_wconf 84' lang='grc' dir='ltr'><em>στάχυας.</em></span> <span class='ocrx_word' id='word_1_356' title='bbox 679 3528 817 3598; x_wconf 75' lang='grc' dir='ltr'><em>Περὶ</em></span> <span class='ocrx_word' id='word_1_357' title='bbox 862 3530 969 3585; x_wconf 89' lang='grc' dir='ltr'><em>τοῦ</em></span> <span class='ocrx_word' id='word_1_358' title='bbox 1001 3531 1197 3601; x_wconf 81' lang='grc' dir='ltr'><em>ξηρὰν</em></span> <span class='ocrx_word' id='word_1_359' title='bbox 1232 3532 1486 3601; x_wconf 76' lang='grc' dir='ltr'><em>ἔχοντος</em></span> <span class='ocrx_word' id='word_1_360' title='bbox 1516 3532 1630 3601; x_wconf 74' lang='grc' dir='ltr'><em>τὴν</em></span> <span class='ocrx_word' id='word_1_361' title='bbox 1667 3533 1859 3602; x_wconf 75' lang='grc' dir='ltr'><em>χεῖρα.</em></span> 
     </span>
    </p>
   </div>
   <div class='ocr_carea' id='block_1_61' title="bbox 329 3614 1859 3696">
    <p class='ocr_par' dir='ltr' id='par_1_61' title="bbox 329 3614 1859 3696">
     <span class='ocr_line' id='line_1_61' title="bbox 329 3614 1859 3696; baseline -0.001 -17"><span class='ocrx_word' id='word_1_362' title='bbox 329 3622 472 3693; x_wconf 78' lang='grc' dir='ltr'><em>Περὶ</em></span> <span class='ocrx_word' id='word_1_363' title='bbox 522 3623 633 3679; x_wconf 89' lang='grc' dir='ltr'><em>τοῦ</em></span> <span class='ocrx_word' id='word_1_364' title='bbox 683 3622 1175 3696; x_wconf 80' lang='grc' dir='ltr'><em>δαιμονιζομένου</em></span> <span class='ocrx_word' id='word_1_365' title='bbox 1218 3614 1586 3694; x_wconf 61' lang='grc' dir='ltr'><em>τυφλοῦται</em></span> <span class='ocrx_word' id='word_1_366' title='bbox 1630 3626 1859 3695; x_wconf 69' lang='grc' dir='ltr'><em>κωφοῦ.</em></span> 
     </span>
    </p>
   </div>
   <div class='ocr_carea' id='block_1_62' title="bbox 328 3714 1861 3789">
    <p class='ocr_par' dir='ltr' id='par_1_62' title="bbox 328 3714 1861 3789">
     <span class='ocr_line' id='line_1_62' title="bbox 328 3714 1861 3789; baseline 0.002 -19"><span class='ocrx_word' id='word_1_367' title='bbox 328 3717 467 3785; x_wconf 81' lang='grc' dir='ltr'><em>Περὶ</em></span> <span class='ocrx_word' id='word_1_368' title='bbox 504 3714 622 3770; x_wconf 87' lang='grc' dir='ltr'><em>τῶν</em></span> <span class='ocrx_word' id='word_1_369' title='bbox 655 3718 993 3772; x_wconf 70' lang='grc' dir='ltr'><em>αἰτούντων</em></span> <span class='ocrx_word' id='word_1_370' title='bbox 1021 3718 1303 3787; x_wconf 84' lang='grc' dir='ltr'><em>σημεῖον.</em></span> <span class='ocrx_word' id='word_1_371' title='bbox 1333 3719 1473 3787; x_wconf 70' lang='grc' dir='ltr'><em>Περὶ</em></span> <span class='ocrx_word' id='word_1_372' title='bbox 1498 3719 1731 3789; x_wconf 81' lang='grc' dir='ltr'><em>μητρὸς</em></span> <span class='ocrx_word' id='word_1_373' title='bbox 1761 3716 1861 3773; x_wconf 73' lang='grc' dir='ltr'><em>καὶ</em></span> 
     </span>
    </p>
   </div>
   <div class='ocr_carea' id='block_1_63' title="bbox 332 3800 1361 3878">
    <p class='ocr_par' dir='ltr' id='par_1_63' title="bbox 332 3800 1361 3878">
     <span class='ocr_line' id='line_1_63' title="bbox 332 3800 1361 3878; baseline 0.002 -14"><span class='ocrx_word' id='word_1_374' title='bbox 332 3806 639 3878; x_wconf 72' lang='grc' dir='ltr'><em>ἀδελφῶν.</em></span> <span class='ocrx_word' id='word_1_375' title='bbox 1354 3800 1361 3805; x_wconf 66' lang='grc'><strong>’</strong></span> 
     </span>
    </p>
   </div>
   <div class='ocr_carea' id='block_1_64' title="bbox 253 3897 1859 3970">
    <p class='ocr_par' dir='ltr' id='par_1_64' title="bbox 253 3897 1859 3970">
     <span class='ocr_line' id='line_1_64' title="bbox 253 3897 1859 3970; baseline -0.002 -14"><span class='ocrx_word' id='word_1_376' title='bbox 253 3899 347 3969; x_wconf 85' lang='grc' dir='ltr'><em>ιγ’.</em></span> <span class='ocrx_word' id='word_1_377' title='bbox 391 3901 530 3970; x_wconf 80' lang='grc' dir='ltr'><em>Περὶ</em></span> <span class='ocrx_word' id='word_1_378' title='bbox 564 3897 685 3953; x_wconf 87' lang='grc' dir='ltr'><em>τῶν</em></span> <span class='ocrx_word' id='word_1_379' title='bbox 710 3898 1073 3968; x_wconf 77' lang='grc' dir='ltr'><em>παραϐολῶν</em></span> <span class='ocrx_word' id='word_1_380' title='bbox 1097 3899 1202 3954; x_wconf 90' lang='grc' dir='ltr'><em>τοῦ</em></span> <span class='ocrx_word' id='word_1_381' title='bbox 1227 3900 1596 3968; x_wconf 77' lang='grc' dir='ltr'><em>σπείραντος</em></span> <span class='ocrx_word' id='word_1_382' title='bbox 1626 3900 1724 3953; x_wconf 74' lang='grc' dir='ltr'><em>καὶ</em></span> <span class='ocrx_word' id='word_1_383' title='bbox 1750 3897 1859 3967; x_wconf 81' lang='grc' dir='ltr'><em>τῆς</em></span> 
     </span>
    </p>
   </div>
   <div class='ocr_carea' id='block_1_65' title="bbox 321 3988 1483 4058">
    <p class='ocr_par' dir='ltr' id='par_1_65' title="bbox 321 3988 1483 4058">
     <span class='ocr_line' id='line_1_65' title="bbox 321 3988 1483 4058; baseline -0.002 -13"><span class='ocrx_word' id='word_1_384' title='bbox 321 3992 653 4057; x_wconf 80' lang='grc' dir='ltr'><em>,ϐασιλείας</em></span> <span class='ocrx_word' id='word_1_385' title='bbox 682 3990 803 4045; x_wconf 86' lang='grc' dir='ltr'><em>τῶν</em></span> <span class='ocrx_word' id='word_1_386' title='bbox 833 3988 1133 4058; x_wconf 81' lang='grc' dir='ltr'><em>οὐρανῶν.</em></span> <span class='ocrx_word' id='word_1_387' title='bbox 1482 4012 1483 4015; x_wconf 47' lang='grc' dir='ltr'><em>η</em></span> 
     </span>
    </p>
   </div>
   <div class='ocr_carea' id='block_1_66' title="bbox 252 4080 1868 4151">
    <p class='ocr_par' dir='ltr' id='par_1_66' title="bbox 252 4080 1868 4151">
     <span class='ocr_line' id='line_1_66' title="bbox 252 4080 1868 4151; baseline -0.001 -13"><span class='ocrx_word' id='word_1_388' title='bbox 252 4085 339 4138; x_wconf 82' lang='grc' dir='ltr'><em>ιδ’.</em></span> <span class='ocrx_word' id='word_1_389' title='bbox 386 4083 530 4151; x_wconf 72' lang='grc' dir='ltr'><em>Περὶ</em></span> <span class='ocrx_word' id='word_1_390' title='bbox 571 4082 861 4138; x_wconf 83' lang='grc' dir='ltr'><em>Ἰωάννου</em></span> <span class='ocrx_word' id='word_1_391' title='bbox 895 4082 995 4135; x_wconf 69' lang='grc' dir='ltr'><em>καὶ</em></span> <span class='ocrx_word' id='word_1_392' title='bbox 1040 4080 1329 4151; x_wconf 76' lang='grc' dir='ltr'><em>Ἡρώδου.</em></span> <span class='ocrx_word' id='word_1_393' title='bbox 1366 4082 1509 4150; x_wconf 70' lang='grc' dir='ltr'><em>Περὶ</em></span> <span class='ocrx_word' id='word_1_394' title='bbox 1541 4080 1660 4141; x_wconf 82' lang='grc' dir='ltr'><em>τῶν</em></span> <span class='ocrx_word' id='word_1_395' title='bbox 1694 4088 1737 4136; x_wconf 82' lang='grc' dir='ltr'><em>ε’</em></span> <span class='ocrx_word' id='word_1_396' title='bbox 1764 4082 1868 4151; x_wconf 77' lang='grc' dir='ltr'><em>ἄρ-</em></span> 
     </span>
    </p>
   </div>
   <div class='ocr_carea' id='block_1_67' title="bbox 325 4171 1859 4241">
    <p class='ocr_par' dir='ltr' id='par_1_67' title="bbox 325 4171 1859 4241">
     <span class='ocr_line' id='line_1_67' title="bbox 325 4171 1859 4241; baseline -0.003 -12"><span class='ocrx_word' id='word_1_397' title='bbox 325 4192 449 4231; x_wconf 87' lang='grc' dir='ltr'><em>των</em></span> <span class='ocrx_word' id='word_1_398' title='bbox 487 4175 588 4231; x_wconf 78' lang='grc' dir='ltr'><em>και</em></span> <span class='ocrx_word' id='word_1_399' title='bbox 625 4171 745 4227; x_wconf 90' lang='grc' dir='ltr'><em>τῶν</em></span> <span class='ocrx_word' id='word_1_400' title='bbox 764 4173 826 4238; x_wconf 83' lang='grc' dir='ltr'><em>,ϐ’</em></span> <span class='ocrx_word' id='word_1_401' title='bbox 875 4173 1119 4241; x_wconf 77' lang='grc' dir='ltr'><em>ἰχθύων.</em></span> <span class='ocrx_word' id='word_1_402' title='bbox 1162 4171 1301 4239; x_wconf 77' lang='grc' dir='ltr'><em>Περὶ</em></span> <span class='ocrx_word' id='word_1_403' title='bbox 1334 4172 1440 4226; x_wconf 84' lang='grc' dir='ltr'><em>τοῦ</em></span> <span class='ocrx_word' id='word_1_404' title='bbox 1471 4172 1542 4225; x_wconf 86' lang='grc' dir='ltr'><em>ὲν</em></span> <span class='ocrx_word' id='word_1_405' title='bbox 1572 4172 1859 4241; x_wconf 75' lang='grc' dir='ltr'><em>θαλάσση</em></span> 
     </span>
    </p>
   </div>
   <div class='ocr_carea' id='block_1_68' title="bbox 329 4262 1202 4334">
    <p class='ocr_par' dir='ltr' id='par_1_68' title="bbox 329 4262 1202 4334">
     <span class='ocr_line' id='line_1_68' title="bbox 329 4262 1202 4334; baseline -0.001 -16"><span class='ocrx_word' id='word_1_406' title='bbox 329 4264 665 4334; x_wconf 75' lang='grc' dir='ltr'><em>περιπάτου</em></span> <span class='ocrx_word' id='word_1_407' title='bbox 696 4263 804 4318; x_wconf 93' lang='grc' dir='ltr'><em>τοῦ</em></span> <span class='ocrx_word' id='word_1_408' title='bbox 848 4262 1069 4331; x_wconf 84' lang='grc' dir='ltr'><em>Ἰησοῦ.</em></span> <span class='ocrx_word' id='word_1_409' title='bbox 1184 4264 1202 4279; x_wconf 80' lang='grc'><strong>⁸</strong></span> 
     </span>
    </p>
   </div>
   <div class='ocr_carea' id='block_1_69' title="bbox 247 4352 1858 4425">
    <p class='ocr_par' dir='ltr' id='par_1_69' title="bbox 247 4352 1858 4425">
     <span class='ocr_line' id='line_1_69' title="bbox 247 4352 1858 4425; baseline -0.001 -12"><span class='ocrx_word' id='word_1_410' title='bbox 247 4365 335 4415; x_wconf 79' lang='grc' dir='ltr'><em>ιε’.</em></span> <span class='ocrx_word' id='word_1_411' title='bbox 381 4355 522 4425; x_wconf 76' lang='grc' dir='ltr'><em>Περὶ</em></span> <span class='ocrx_word' id='word_1_412' title='bbox 555 4355 664 4423; x_wconf 81' lang='grc' dir='ltr'><em>τῆς</em></span> <span class='ocrx_word' id='word_1_413' title='bbox 706 4354 1104 4423; x_wconf 76' lang='grc' dir='ltr'><em>παραϐάσεως</em></span> <span class='ocrx_word' id='word_1_414' title='bbox 1136 4352 1247 4421; x_wconf 85' lang='grc' dir='ltr'><em>τῆς</em></span> <span class='ocrx_word' id='word_1_415' title='bbox 1270 4353 1531 4423; x_wconf 77' lang='grc' dir='ltr'><em>ἐντολῆς</em></span> <span class='ocrx_word' id='word_1_416' title='bbox 1572 4356 1677 4412; x_wconf 81' lang='grc' dir='ltr'><em>τοῦ</em></span> <span class='ocrx_word' id='word_1_417' title='bbox 1707 4357 1858 4411; x_wconf 80' lang='grc' dir='ltr'><em>Θεοῦ</em></span> 
     </span>
    </p>
   </div>
   <div class='ocr_carea' id='block_1_70' title="bbox 325 4444 1862 4517">
    <p class='ocr_par' dir='ltr' id='par_1_70' title="bbox 325 4444 1862 4517">
     <span class='ocr_line' id='line_1_70' title="bbox 325 4444 1862 4517; baseline -0.003 -13"><span class='ocrx_word' id='word_1_418' title='bbox 325 4450 428 4504; x_wconf 86' lang='grc' dir='ltr'><em>διὰ</em></span> <span class='ocrx_word' id='word_1_419' title='bbox 475 4449 591 4517; x_wconf 76' lang='grc' dir='ltr'><em>τὴν</em></span> <span class='ocrx_word' id='word_1_420' title='bbox 638 4447 981 4517; x_wconf 79' lang='grc' dir='ltr'><em>παράδοσιν</em></span> <span class='ocrx_word' id='word_1_421' title='bbox 1030 4445 1148 4500; x_wconf 88' lang='grc' dir='ltr'><em>τῶν</em></span> <span class='ocrx_word' id='word_1_422' title='bbox 1179 4444 1530 4516; x_wconf 85' lang='grc' dir='ltr'><em>ἀνθρώπων.</em></span> <span class='ocrx_word' id='word_1_423' title='bbox 1576 4448 1715 4517; x_wconf 74' lang='grc' dir='ltr'><em>Περὶ</em></span> <span class='ocrx_word' id='word_1_424' title='bbox 1751 4447 1862 4517; x_wconf 80' lang='grc' dir='ltr'><em>τῆς</em></span> 
     </span>
    </p>
   </div>
   <div class='ocr_carea' id='block_1_71' title="bbox 317 4539 1855 4611">
    <p class='ocr_par' dir='ltr' id='par_1_71' title="bbox 317 4539 1855 4611">
     <span class='ocr_line' id='line_1_71' title="bbox 317 4539 1855 4611; baseline -0.001 -14"><span class='ocrx_word' id='word_1_425' title='bbox 317 4544 689 4609; x_wconf 81' lang='grc' dir='ltr'><em>Χαναναίας.</em></span> <span class='ocrx_word' id='word_1_426' title='bbox 727 4541 869 4611; x_wconf 69' lang='grc' dir='ltr'><em>Περὶ</em></span> <span class='ocrx_word' id='word_1_427' title='bbox 925 4539 1043 4594; x_wconf 86' lang='grc' dir='ltr'><em>τῶν</em></span> <span class='ocrx_word' id='word_1_428' title='bbox 1084 4539 1579 4610; x_wconf 81' lang='grc' dir='ltr'><em>θεραπευθέντων</em></span> <span class='ocrx_word' id='word_1_429' title='bbox 1629 4540 1855 4611; x_wconf 79' lang='grc' dir='ltr'><em>ὄχλων.</em></span> 
     </span>
    </p>
   </div>
   <div class='ocr_carea' id='block_1_72' title="bbox 323 4626 1029 4703">
    <p class='ocr_par' dir='ltr' id='par_1_72' title="bbox 323 4626 1029 4703">
     <span class='ocr_line' id='line_1_72' title="bbox 323 4626 1029 4703; baseline -0.006 -14"><span class='ocrx_word' id='word_1_430' title='bbox 323 4626 467 4703; x_wconf 70' lang='grc' dir='ltr'><em>Περὶ</em></span> <span class='ocrx_word' id='word_1_431' title='bbox 494 4632 615 4688; x_wconf 87' lang='grc' dir='ltr'><em>τῶν</em></span> <span class='ocrx_word' id='word_1_432' title='bbox 639 4632 789 4687; x_wconf 77' lang='grc' dir='ltr'><em>έπτά</em></span> <span class='ocrx_word' id='word_1_433' title='bbox 811 4631 1029 4701; x_wconf 78' lang='grc' dir='ltr'><em>ἀρτων.</em></span> 
     </span>
    </p>
   </div>
   <div class='ocr_carea' id='block_1_73' title="bbox 242 4721 1852 4796">
    <p class='ocr_par' dir='ltr' id='par_1_73' title="bbox 242 4721 1852 4796">
     <span class='ocr_line' id='line_1_73' title="bbox 242 4721 1852 4796; baseline -0.002 -13"><span class='ocrx_word' id='word_1_434' title='bbox 242 4734 352 4794; x_wconf 74' lang='grc' dir='ltr'><em>ις’.</em></span> <span class='ocrx_word' id='word_1_435' title='bbox 396 4728 536 4794; x_wconf 68' lang='grc' dir='ltr'><em>Περὶ</em></span> <span class='ocrx_word' id='word_1_436' title='bbox 568 4726 679 4794; x_wconf 77' lang='grc' dir='ltr'><em>τῆς</em></span> <span class='ocrx_word' id='word_1_437' title='bbox 706 4724 887 4796; x_wconf 82' lang='grc' dir='ltr'><em>ζύμης</em></span> <span class='ocrx_word' id='word_1_438' title='bbox 920 4721 1042 4778; x_wconf 88' lang='grc' dir='ltr'><em>τῶν</em></span> <span class='ocrx_word' id='word_1_439' title='bbox 1065 4725 1432 4792; x_wconf 81' lang='grc' dir='ltr'><em>Φαρισαίων.</em></span> <span class='ocrx_word' id='word_1_440' title='bbox 1476 4725 1613 4793; x_wconf 79' lang='grc' dir='ltr'><em>Περὶ</em></span> <span class='ocrx_word' id='word_1_441' title='bbox 1642 4725 1752 4793; x_wconf 81' lang='grc' dir='ltr'><em>τῆς</em></span> <span class='ocrx_word' id='word_1_442' title='bbox 1784 4726 1852 4780; x_wconf 82' lang='grc' dir='ltr'><em>ἐν</em></span> 
     </span>
    </p>
   </div>
   <div class='ocr_carea' id='block_1_74' title="bbox 2049 3528 3582 3603">
    <p class='ocr_par' dir='ltr' id='par_1_74' title="bbox 2049 3528 3582 3603">
     <span class='ocr_line' id='line_1_74' title="bbox 2049 3528 3582 3603; baseline -0.003 -15"><span class='ocrx_word' id='word_1_443' title='bbox 2049 3534 2269 3588; x_wconf 79' lang='lat' dir='ltr'><strong><em>muliere</em></strong></span> <span class='ocrx_word' id='word_1_444' title='bbox 2297 3547 2415 3603; x_wconf 76' lang='lat' dir='ltr'><strong><em>qua:</em></strong></span> <span class='ocrx_word' id='word_1_445' title='bbox 2466 3530 2677 3584; x_wconf 86' lang='lat' dir='ltr'><strong><em>aridam</em></strong></span> <span class='ocrx_word' id='word_1_446' title='bbox 2727 3546 2944 3583; x_wconf 86' lang='lat' dir='ltr'><strong><em>manum</em></strong></span> <span class='ocrx_word' id='word_1_447' title='bbox 2993 3528 3235 3583; x_wconf 86' lang='lat' dir='ltr'><strong><em>habebat.</em></strong></span> <span class='ocrx_word' id='word_1_448' title='bbox 3272 3528 3350 3584; x_wconf 89' lang='lat' dir='ltr'><strong><em>De</em></strong></span> <span class='ocrx_word' id='word_1_449' title='bbox 3382 3531 3582 3585; x_wconf 78' lang='lat' dir='ltr'><strong><em>dtenso-</em></strong></span> 
     </span>
    </p>
   </div>
   <div class='ocr_carea' id='block_1_75' title="bbox 2044 3620 3582 3690">
    <p class='ocr_par' dir='ltr' id='par_1_75' title="bbox 2044 3620 3582 3690">
     <span class='ocr_line' id='line_1_75' title="bbox 2044 3620 3582 3690; baseline -0.003 -10"><span class='ocrx_word' id='word_1_450' title='bbox 2044 3628 2196 3681; x_wconf 88' lang='lat' dir='ltr'><strong><em>niaco</em></strong></span> <span class='ocrx_word' id='word_1_451' title='bbox 2226 3641 2364 3680; x_wconf 67' lang='lat' dir='ltr'><strong><em>caeco</em></strong></span> <span class='ocrx_word' id='word_1_452' title='bbox 2411 3635 2459 3677; x_wconf 91' lang='lat' dir='ltr'><em>et</em></span> <span class='ocrx_word' id='word_1_453' title='bbox 2514 3622 2697 3677; x_wconf 90' lang='lat' dir='ltr'><strong><em>surdo.</em></strong></span> <span class='ocrx_word' id='word_1_454' title='bbox 2747 3621 2829 3675; x_wconf 86' lang='lat' dir='ltr'><strong><em>De</em></strong></span> <span class='ocrx_word' id='word_1_455' title='bbox 2879 3620 3174 3689; x_wconf 82' lang='lat' dir='ltr'><strong><em>petentibus</em></strong></span> <span class='ocrx_word' id='word_1_456' title='bbox 3224 3622 3458 3690; x_wconf 86' lang='lat' dir='ltr'><strong><em>signum.</em></strong></span> <span class='ocrx_word' id='word_1_457' title='bbox 3507 3621 3582 3675; x_wconf 90' lang='lat' dir='ltr'><strong><em>De</em></strong></span> 
     </span>
    </p>
   </div>
   <div class='ocr_carea' id='block_1_76' title="bbox 2044 3712 2829 3783">
    <p class='ocr_par' dir='ltr' id='par_1_76' title="bbox 2044 3712 2829 3783">
     <span class='ocr_line' id='line_1_76' title="bbox 2044 3712 2829 3783; baseline -0.006 -13"><span class='ocrx_word' id='word_1_458' title='bbox 2044 3731 2211 3774; x_wconf 86' lang='lat' dir='ltr'><strong><em>matre</em></strong></span> <span class='ocrx_word' id='word_1_459' title='bbox 2237 3714 2442 3771; x_wconf 81' lang='lat' dir='ltr'><strong><em>Christi</em></strong></span> <span class='ocrx_word' id='word_1_460' title='bbox 2452 3725 2517 3783; x_wconf 38' lang='grc' dir='ltr'><em>,ει</em></span> <span class='ocrx_word' id='word_1_461' title='bbox 2545 3712 2829 3783; x_wconf 77' lang='lat' dir='ltr'><strong><em>fratribus.</em></strong></span> 
     </span>
    </p>
   </div>
   <div class='ocr_carea' id='block_1_77' title="bbox 1973 3886 3389 3963">
    <p class='ocr_par' dir='ltr' id='par_1_77' title="bbox 1973 3886 3389 3963">
     <span class='ocr_line' id='line_1_77' title="bbox 1973 3886 3389 3963; baseline -0.005 -15"><span class='ocrx_word' id='word_1_462' title='bbox 1973 3894 2055 3948; x_wconf 72' lang='lat' dir='ltr'><strong><em>i3.</em></strong></span> <span class='ocrx_word' id='word_1_463' title='bbox 2098 3893 2171 3948; x_wconf 89' lang='lat' dir='ltr'><strong><em>De</em></strong></span> <span class='ocrx_word' id='word_1_464' title='bbox 2200 3891 2471 3963; x_wconf 83' lang='lat' dir='ltr'><strong><em>parabolis</em></strong></span> <span class='ocrx_word' id='word_1_465' title='bbox 2506 3888 2817 3944; x_wconf 77' lang='lat' dir='ltr'><strong><em>seminantis</em></strong></span> <span class='ocrx_word' id='word_1_466' title='bbox 2850 3897 2901 3940; x_wconf 88' lang='lat' dir='ltr'><em>et</em></span> <span class='ocrx_word' id='word_1_467' title='bbox 2930 3886 3079 3958; x_wconf 81' lang='lat' dir='ltr'><strong><em>regni</em></strong></span> <span class='ocrx_word' id='word_1_468' title='bbox 3114 3888 3389 3941; x_wconf 74' lang='lat' dir='ltr'><strong><em>ctelorum.</em></strong></span> 
     </span>
    </p>
   </div>
   <div class='ocr_carea' id='block_1_78' title="bbox 1976 4040 3579 4139">
    <p class='ocr_par' dir='ltr' id='par_1_78' title="bbox 1976 4040 3579 4139">
     <span class='ocr_line' id='line_1_78' title="bbox 1976 4040 3579 4139; baseline -0.005 -10"><span class='ocrx_word' id='word_1_469' title='bbox 1976 4076 2059 4130; x_wconf 75' lang='grc' dir='ltr'><em>Μ.</em></span> <span class='ocrx_word' id='word_1_470' title='bbox 2096 4074 2169 4129; x_wconf 90' lang='lat' dir='ltr'><strong><em>De</em></strong></span> <span class='ocrx_word' id='word_1_471' title='bbox 2191 4073 2400 4130; x_wconf 77' lang='lat' dir='ltr'><strong><em>Joanne</em></strong></span> <span class='ocrx_word' id='word_1_472' title='bbox 2415 4052 2465 4127; x_wconf 76' lang='lat' dir='ltr'><em>ei</em></span> <span class='ocrx_word' id='word_1_473' title='bbox 2496 4070 2726 4126; x_wconf 80' lang='lat' dir='ltr'><strong><em>Herode.</em></strong></span> <span class='ocrx_word' id='word_1_474' title='bbox 2758 4070 2831 4125; x_wconf 86' lang='lat' dir='ltr'><strong><em>De</em></strong></span> <span class='ocrx_word' id='word_1_475' title='bbox 2850 4040 3079 4139; x_wconf 76' lang='lat' dir='ltr'><strong><em>quinque</em></strong></span> <span class='ocrx_word' id='word_1_476' title='bbox 3107 4068 3333 4137; x_wconf 83' lang='lat' dir='ltr'><strong><em>panibus</em></strong></span> <span class='ocrx_word' id='word_1_477' title='bbox 3365 4080 3416 4122; x_wconf 88' lang='lat' dir='ltr'><em>et</em></span> <span class='ocrx_word' id='word_1_478' title='bbox 3441 4068 3579 4121; x_wconf 78' lang='lat' dir='ltr'><strong><em>dno-</em></strong></span> 
     </span>
    </p>
   </div>
   <div class='ocr_carea' id='block_1_79' title="bbox 2046 4160 3540 4235">
    <p class='ocr_par' dir='ltr' id='par_1_79' title="bbox 2046 4160 3540 4235">
     <span class='ocr_line' id='line_1_79' title="bbox 2046 4160 3540 4235; baseline -0.003 -16"><span class='ocrx_word' id='word_1_479' title='bbox 2046 4167 2140 4219; x_wconf 84' lang='lat' dir='ltr'><em>bus</em></span> <span class='ocrx_word' id='word_1_480' title='bbox 2172 4166 2425 4235; x_wconf 78' lang='lat' dir='ltr'><strong><em>piscibus.</em></strong></span> <span class='ocrx_word' id='word_1_481' title='bbox 2453 4163 2528 4217; x_wconf 85' lang='lat' dir='ltr'><strong><em>De</em></strong></span> <span class='ocrx_word' id='word_1_482' title='bbox 2555 4162 2918 4217; x_wconf 89' lang='lat' dir='ltr'><strong><em>ambulatione</em></strong></span> <span class='ocrx_word' id='word_1_483' title='bbox 2944 4160 3147 4216; x_wconf 84' lang='lat' dir='ltr'><strong><em>Christi</em></strong></span> <span class='ocrx_word' id='word_1_484' title='bbox 3174 4178 3337 4229; x_wconf 85' lang='lat' dir='ltr'><strong><em>supra</em></strong></span> <span class='ocrx_word' id='word_1_485' title='bbox 3372 4178 3540 4215; x_wconf 84' lang='lat' dir='ltr'><strong><em>mare.</em></strong></span> 
     </span>
    </p>
   </div>
   <div class='ocr_carea' id='block_1_80' title="bbox 1962 4330 3575 4414">
    <p class='ocr_par' dir='ltr' id='par_1_80' title="bbox 1962 4330 3575 4414">
     <span class='ocr_line' id='line_1_80' title="bbox 1962 4330 3575 4414; baseline -0.006 -10"><span class='ocrx_word' id='word_1_486' title='bbox 1962 4348 2058 4405; x_wconf 32' lang='lat'><em>‘45.</em></span> <span class='ocrx_word' id='word_1_487' title='bbox 2089 4330 2164 4403; x_wconf 86' lang='lat' dir='ltr'><strong><em>De</em></strong></span> <span class='ocrx_word' id='word_1_488' title='bbox 2193 4347 2613 4414; x_wconf 78' lang='lat' dir='ltr'><strong><em>transgressione</em></strong></span> <span class='ocrx_word' id='word_1_489' title='bbox 2646 4343 3023 4397; x_wconf 74' lang='lat' dir='ltr'><strong><em>mandatorum</em></strong></span> <span class='ocrx_word' id='word_1_490' title='bbox 3062 4342 3159 4399; x_wconf 89' lang='lat' dir='ltr'><strong><em>Dei</em></strong></span> <span class='ocrx_word' id='word_1_491' title='bbox 3196 4359 3292 4413; x_wconf 86' lang='lat' dir='ltr'><em>per</em></span> <span class='ocrx_word' id='word_1_492' title='bbox 3319 4337 3575 4396; x_wconf 85' lang='lat' dir='ltr'><strong><em>traditio-</em></strong></span> 
     </span>
    </p>
   </div>
   <div class='ocr_carea' id='block_1_81' title="bbox 2042 4436 3573 4497">
    <p class='ocr_par' dir='ltr' id='par_1_81' title="bbox 2042 4436 3573 4497">
     <span class='ocr_line' id='line_1_81' title="bbox 2042 4436 3573 4497; baseline -0.005 -2"><span class='ocrx_word' id='word_1_493' title='bbox 2042 4458 2159 4497; x_wconf 90' lang='lat' dir='ltr'><em>nem</em></span> <span class='ocrx_word' id='word_1_494' title='bbox 2193 4441 2489 4494; x_wconf 83' lang='lat' dir='ltr'><strong><em>hominum.</em></strong></span> <span class='ocrx_word' id='word_1_495' title='bbox 2521 4437 2597 4491; x_wconf 88' lang='lat' dir='ltr'><strong><em>De</em></strong></span> <span class='ocrx_word' id='word_1_496' title='bbox 2626 4437 2956 4490; x_wconf 78' lang='lat' dir='ltr'><strong><em>Chananrra.</em></strong></span> <span class='ocrx_word' id='word_1_497' title='bbox 2988 4436 3063 4490; x_wconf 91' lang='lat' dir='ltr'><strong><em>De</em></strong></span> <span class='ocrx_word' id='word_1_498' title='bbox 3108 4436 3453 4490; x_wconf 81' lang='lat' dir='ltr'><strong><em>multitudine</em></strong></span> <span class='ocrx_word' id='word_1_499' title='bbox 3484 4451 3573 4488; x_wconf 85' lang='lat' dir='ltr'><strong><em>sa-</em></strong></span> 
     </span>
    </p>
   </div>
   <div class='ocr_carea' id='block_1_82' title="bbox 2040 4522 2783 4601">
    <p class='ocr_par' dir='ltr' id='par_1_82' title="bbox 2040 4522 2783 4601">
     <span class='ocr_line' id='line_1_82' title="bbox 2040 4522 2783 4601; baseline -0.009 -11"><span class='ocrx_word' id='word_1_500' title='bbox 2040 4543 2189 4590; x_wconf 84' lang='lat' dir='ltr'><strong><em>nata.</em></strong></span> <span class='ocrx_word' id='word_1_501' title='bbox 2214 4533 2288 4588; x_wconf 87' lang='lat' dir='ltr'><strong><em>De</em></strong></span> <span class='ocrx_word' id='word_1_502' title='bbox 2312 4522 2505 4601; x_wconf 80' lang='lat' dir='ltr'><strong><em>septem</em></strong></span> <span class='ocrx_word' id='word_1_503' title='bbox 2533 4530 2783 4600; x_wconf 80' lang='lat' dir='ltr'><strong><em>panibus.</em></strong></span> 
     </span>
    </p>
   </div>
   <div class='ocr_carea' id='block_1_83' title="bbox 1964 4718 3570 4805">
    <p class='ocr_par' dir='ltr' id='par_1_83' title="bbox 1964 4718 3570 4805">
     <span class='ocr_line' id='line_1_83' title="bbox 1964 4718 3570 4805; baseline -0.001 -18"><span class='ocrx_word' id='word_1_504' title='bbox 1964 4718 2051 4790; x_wconf 64' lang='lat' dir='ltr'><strong><em>i6.</em></strong></span> <span class='ocrx_word' id='word_1_505' title='bbox 2087 4732 2160 4787; x_wconf 90' lang='lat' dir='ltr'><strong><em>De</em></strong></span> <span class='ocrx_word' id='word_1_506' title='bbox 2206 4733 2467 4805; x_wconf 80' lang='lat' dir='ltr'><strong><em>fermento</em></strong></span> <span class='ocrx_word' id='word_1_507' title='bbox 2518 4730 2941 4792; x_wconf 64' lang='lat' dir='ltr'><strong><em>Pharisaeorum.</em></strong></span> <span class='ocrx_word' id='word_1_508' title='bbox 2973 4730 3047 4787; x_wconf 89' lang='lat' dir='ltr'><strong><em>De</em></strong></span> <span class='ocrx_word' id='word_1_509' title='bbox 3103 4731 3250 4802; x_wconf 78' lang='lat' dir='ltr'><strong><em>facta</em></strong></span> <span class='ocrx_word' id='word_1_510' title='bbox 3308 4731 3570 4787; x_wconf 60' lang='lat' dir='ltr'><strong><em>Caesarea:</em></strong></span> 
     </span>
    </p>
   </div>
   <div class='ocr_carea' id='block_1_84' title="bbox 320 4816 1859 4897">
    <p class='ocr_par' dir='ltr' id='par_1_84' title="bbox 320 4816 1855 4887">
     <span class='ocr_line' id='line_1_84' title="bbox 320 4816 1855 4887; baseline -0.003 -13"><span class='ocrx_word' id='word_1_511' title='bbox 320 4818 652 4886; x_wconf 79' lang='grc' dir='ltr'><em>Καισαρείᾳ</em></span> <span class='ocrx_word' id='word_1_512' title='bbox 673 4816 1122 4886; x_wconf 77' lang='grc' dir='ltr'><em>ἐπερωτήσεως.</em></span> <span class='ocrx_word' id='word_1_513' title='bbox 1154 4817 1293 4886; x_wconf 78' lang='grc' dir='ltr'><em>Περὶ</em></span> <span class='ocrx_word' id='word_1_514' title='bbox 1318 4816 1424 4887; x_wconf 81' lang='grc' dir='ltr'><em>τῆς</em></span> <span class='ocrx_word' id='word_1_515' title='bbox 1451 4816 1855 4887; x_wconf 79' lang='grc' dir='ltr'><em>ἐπιτιμήσεως</em></span> 
     </span>
    </p>
   </div>
   <div class='ocr_carea' id='block_1_85' title="bbox 2010 4816 3571 4897">
    <p class='ocr_par' dir='ltr' id='par_1_85' title="bbox 2039 4824 3571 4897">
     <span class='ocr_line' id='line_1_85' title="bbox 2039 4824 3571 4897; baseline 0.001 -18"><span class='ocrx_word' id='word_1_516' title='bbox 2039 4827 2472 4897; x_wconf 85' lang='lat' dir='ltr'><strong><em>interrogatione.</em></strong></span> <span class='ocrx_word' id='word_1_517' title='bbox 2528 4825 2602 4879; x_wconf 86' lang='lat' dir='ltr'><strong><em>De</em></strong></span> <span class='ocrx_word' id='word_1_518' title='bbox 2664 4827 3025 4893; x_wconf 81' lang='lat' dir='ltr'><strong><em>increpatione</em></strong></span> <span class='ocrx_word' id='word_1_519' title='bbox 3075 4824 3223 4880; x_wconf 85' lang='lat' dir='ltr'><strong><em>Petri</em></strong></span> <span class='ocrx_word' id='word_1_520' title='bbox 3302 4829 3571 4881; x_wconf 86' lang='lat' dir='ltr'><strong><em>rennentis</em></strong></span> 
     </span>
    </p>
   </div>
   <div class='ocr_carea' id='block_1_86' title="bbox 318 4906 1533 4979">
    <p class='ocr_par' dir='ltr' id='par_1_86' title="bbox 318 4906 1533 4979">
     <span class='ocr_line' id='line_1_86' title="bbox 318 4906 1533 4979; baseline -0.002 -13"><span class='ocrx_word' id='word_1_521' title='bbox 318 4906 432 4966; x_wconf 84' lang='grc' dir='ltr'><em>τοῦ</em></span> <span class='ocrx_word' id='word_1_522' title='bbox 464 4908 715 4979; x_wconf 81' lang='grc' dir='ltr'><em>Πέτρου,</em></span> <span class='ocrx_word' id='word_1_523' title='bbox 752 4909 914 4975; x_wconf 84' lang='grc' dir='ltr'><em>ὅπως</em></span> <span class='ocrx_word' id='word_1_524' title='bbox 943 4909 1031 4979; x_wconf 77' lang='grc' dir='ltr'><em>μὴ</em></span> <span class='ocrx_word' id='word_1_525' title='bbox 1060 4909 1321 4977; x_wconf 85' lang='grc' dir='ltr'><em>Χριστὸς</em></span> <span class='ocrx_word' id='word_1_526' title='bbox 1344 4908 1533 4977; x_wconf 78' lang='grc' dir='ltr'><em>πάθη.</em></span> 
     </span>
    </p>
   </div>
   <div class='ocr_carea' id='block_1_87' title="bbox 242 4996 1855 5069">
    <p class='ocr_par' dir='ltr' id='par_1_87' title="bbox 242 4996 1855 5069">
     <span class='ocr_line' id='line_1_87' title="bbox 242 4996 1855 5069; baseline -0.001 -14"><span class='ocrx_word' id='word_1_527' title='bbox 242 5002 342 5067; x_wconf 75' lang='grc' dir='ltr'><em>ιζ’.</em></span> <span class='ocrx_word' id='word_1_528' title='bbox 388 4998 525 5069; x_wconf 75' lang='grc' dir='ltr'><em>Περὶ</em></span> <span class='ocrx_word' id='word_1_529' title='bbox 558 4996 670 5069; x_wconf 83' lang='grc' dir='ltr'><em>τῆς</em></span> <span class='ocrx_word' id='word_1_530' title='bbox 696 4999 1211 5069; x_wconf 70' lang='grc' dir='ltr'><em>μεταμορφώσεως</em></span> <span class='ocrx_word' id='word_1_531' title='bbox 1255 5000 1363 5054; x_wconf 89' lang='grc' dir='ltr'><em>τοῦ</em></span> <span class='ocrx_word' id='word_1_532' title='bbox 1395 4999 1680 5069; x_wconf 87' lang='grc' dir='ltr'><em>Χριστοῦ.</em></span> <span class='ocrx_word' id='word_1_533' title='bbox 1717 5002 1855 5069; x_wconf 78' lang='grc' dir='ltr'><em>Περὶ</em></span> 
     </span>
    </p>
   </div>
   <div class='ocr_carea' id='block_1_88' title="bbox 324 5090 1857 5163">
    <p class='ocr_par' dir='ltr' id='par_1_88' title="bbox 324 5090 1857 5163">
     <span class='ocr_line' id='line_1_88' title="bbox 324 5090 1857 5163; baseline 0.001 -16"><span class='ocrx_word' id='word_1_534' title='bbox 324 5090 438 5147; x_wconf 89' lang='grc' dir='ltr'><em>τοῦ</em></span> <span class='ocrx_word' id='word_1_535' title='bbox 487 5092 1017 5163; x_wconf 83' lang='grc' dir='ltr'><em>σεληνιαζομένου.</em></span> <span class='ocrx_word' id='word_1_536' title='bbox 1073 5091 1214 5161; x_wconf 74' lang='grc' dir='ltr'><em>Περὶ</em></span> <span class='ocrx_word' id='word_1_537' title='bbox 1268 5091 1387 5145; x_wconf 88' lang='grc' dir='ltr'><em>τῶν</em></span> <span class='ocrx_word' id='word_1_538' title='bbox 1418 5094 1755 5148; x_wconf 86' lang='grc' dir='ltr'><em>αίτούντων</em></span> <span class='ocrx_word' id='word_1_539' title='bbox 1786 5094 1857 5149; x_wconf 81' lang='grc' dir='ltr'><em>τὰ</em></span> 
     </span>
    </p>
   </div>
   <div class='ocr_carea' id='block_1_89' title="bbox 308 5183 648 5253">
    <p class='ocr_par' dir='ltr' id='par_1_89' title="bbox 308 5183 648 5253">
     <span class='ocr_line' id='line_1_89' title="bbox 308 5183 648 5253; baseline 0.006 -16"><span class='ocrx_word' id='word_1_540' title='bbox 308 5183 648 5253; x_wconf 70' lang='grc' dir='ltr'><em>ΰίδραχμᾳ.</em></span> 
     </span>
    </p>
   </div>
   <div class='ocr_carea' id='block_1_90' title="bbox 242 5277 1853 5354">
    <p class='ocr_par' dir='ltr' id='par_1_90' title="bbox 242 5277 1853 5354">
     <span class='ocr_line' id='line_1_90' title="bbox 242 5277 1853 5354; baseline 0.007 -24"><span class='ocrx_word' id='word_1_541' title='bbox 242 5288 345 5354; x_wconf 80' lang='grc' dir='ltr'><em>ιη’,</em></span> <span class='ocrx_word' id='word_1_542' title='bbox 386 5279 530 5351; x_wconf 72' lang='grc' dir='ltr'><em>Περὶ</em></span> <span class='ocrx_word' id='word_1_543' title='bbox 560 5277 680 5334; x_wconf 88' lang='grc' dir='ltr'><em>τῶν</em></span> <span class='ocrx_word' id='word_1_544' title='bbox 702 5280 1029 5348; x_wconf 75' lang='grc' dir='ltr'><em>λεγόντων,</em></span> <span class='ocrx_word' id='word_1_545' title='bbox 1064 5281 1159 5347; x_wconf 82' lang='grc' dir='ltr'><em>τίς</em></span> <span class='ocrx_word' id='word_1_546' title='bbox 1186 5281 1421 5351; x_wconf 65' lang='grc' dir='ltr'><em>μείζων.</em></span> <span class='ocrx_word' id='word_1_547' title='bbox 1465 5283 1599 5354; x_wconf 71' lang='grc' dir='ltr'><em>Περὶ</em></span> <span class='ocrx_word' id='word_1_548' title='bbox 1634 5278 1742 5339; x_wconf 81' lang='grc' dir='ltr'><em>τοῦ</em></span> <span class='ocrx_word' id='word_1_549' title='bbox 1768 5283 1853 5354; x_wconf 80' lang='grc' dir='ltr'><em>μὴ</em></span> 
     </span>
    </p>
   </div>
   <div class='ocr_carea' id='block_1_91' title="bbox 321 5371 1853 5446">
    <p class='ocr_par' dir='ltr' id='par_1_91' title="bbox 321 5371 1853 5446">
     <span class='ocr_line' id='line_1_91' title="bbox 321 5371 1853 5446; baseline 0.001 -17"><span class='ocrx_word' id='word_1_550' title='bbox 321 5371 775 5434; x_wconf 82' lang='grc' dir='ltr'><em>σκανδαλίζειν.</em></span> <span class='ocrx_word' id='word_1_551' title='bbox 838 5371 981 5441; x_wconf 80' lang='grc' dir='ltr'><em>Περὶ</em></span> <span class='ocrx_word' id='word_1_552' title='bbox 1035 5372 1155 5430; x_wconf 86' lang='grc' dir='ltr'><em>τῶν</em></span> <span class='ocrx_word' id='word_1_553' title='bbox 1206 5382 1259 5444; x_wconf 88' lang='grc' dir='ltr'><em>ρ’</em></span> <span class='ocrx_word' id='word_1_554' title='bbox 1308 5377 1624 5446; x_wconf 77' lang='grc' dir='ltr'><em>προΰάτων</em></span> <span class='ocrx_word' id='word_1_555' title='bbox 1664 5391 1853 5445; x_wconf 80' lang='grc' dir='ltr'><em>πηρα-</em></span> 
     </span>
    </p>
   </div>
   <div class='ocr_carea' id='block_1_92' title="bbox 321 5464 1853 5538">
    <p class='ocr_par' dir='ltr' id='par_1_92' title="bbox 321 5464 1853 5538">
     <span class='ocr_line' id='line_1_92' title="bbox 321 5464 1853 5538; baseline 0.001 -16"><span class='ocrx_word' id='word_1_556' title='bbox 321 5466 502 5536; x_wconf 74' lang='grc' dir='ltr'><em>σολή.</em></span> <span class='ocrx_word' id='word_1_557' title='bbox 556 5465 699 5533; x_wconf 74' lang='grc' dir='ltr'><em>Περὶ</em></span> <span class='ocrx_word' id='word_1_558' title='bbox 749 5464 858 5534; x_wconf 84' lang='grc' dir='ltr'><em>τῆς</em></span> <span class='ocrx_word' id='word_1_559' title='bbox 912 5465 1207 5536; x_wconf 77' lang='grc' dir='ltr'><em>ἐλέγξεως</em></span> <span class='ocrx_word' id='word_1_560' title='bbox 1236 5468 1342 5523; x_wconf 88' lang='grc' dir='ltr'><em>τοῦ</em></span> <span class='ocrx_word' id='word_1_561' title='bbox 1388 5470 1678 5536; x_wconf 83' lang='grc' dir='ltr'><em>πλησίου.</em></span> <span class='ocrx_word' id='word_1_562' title='bbox 1714 5471 1853 5538; x_wconf 77' lang='grc' dir='ltr'><em>Περὶ</em></span> 
     </span>
    </p>
   </div>
   <div class='ocr_carea' id='block_1_93' title="bbox 324 5557 1855 5631">
    <p class='ocr_par' dir='ltr' id='par_1_93' title="bbox 324 5557 1855 5631">
     <span class='ocr_line' id='line_1_93' title="bbox 324 5557 1855 5631; baseline 0.001 -16"><span class='ocrx_word' id='word_1_563' title='bbox 324 5558 440 5630; x_wconf 78' lang='grc' dir='ltr'><em>τῆς</em></span> <span class='ocrx_word' id='word_1_564' title='bbox 466 5560 787 5631; x_wconf 77' lang='grc' dir='ltr'><em>δυνάμεως</em></span> <span class='ocrx_word' id='word_1_565' title='bbox 830 5557 937 5614; x_wconf 86' lang='grc' dir='ltr'><em>τοῦ</em></span> <span class='ocrx_word' id='word_1_566' title='bbox 992 5560 1123 5615; x_wconf 85' lang='grc' dir='ltr'><em>δεῖν</em></span> <span class='ocrx_word' id='word_1_567' title='bbox 1161 5561 1261 5615; x_wconf 74' lang='grc' dir='ltr'><em>καὶ</em></span> <span class='ocrx_word' id='word_1_568' title='bbox 1320 5562 1516 5616; x_wconf 79' lang='grc' dir='ltr'><em>λύειν.</em></span> <span class='ocrx_word' id='word_1_569' title='bbox 1556 5562 1697 5631; x_wconf 77' lang='grc' dir='ltr'><em>Περὶ</em></span> <span class='ocrx_word' id='word_1_570' title='bbox 1748 5562 1855 5616; x_wconf 86' lang='grc' dir='ltr'><em>τοῦ</em></span> 
     </span>
    </p>
   </div>
   <div class='ocr_carea' id='block_1_94' title="bbox 325 5653 1216 5724">
    <p class='ocr_par' dir='ltr' id='par_1_94' title="bbox 325 5653 1216 5724">
     <span class='ocr_line' id='line_1_94' title="bbox 325 5653 1216 5724; baseline 0.001 -19"><span class='ocrx_word' id='word_1_571' title='bbox 325 5653 688 5721; x_wconf 74' lang='grc' dir='ltr'><em>ὀφείλοντος</em></span> <span class='ocrx_word' id='word_1_572' title='bbox 711 5655 898 5724; x_wconf 86' lang='grc' dir='ltr'><em>μυρία</em></span> <span class='ocrx_word' id='word_1_573' title='bbox 926 5655 1216 5711; x_wconf 74' lang='grc' dir='ltr'><em>τάλαντα.</em></span> 
     </span>
    </p>
   </div>
   <div class='ocr_carea' id='block_1_95' title="bbox 247 5745 1857 5818">
    <p class='ocr_par' dir='ltr' id='par_1_95' title="bbox 247 5745 1857 5818">
     <span class='ocr_line' id='line_1_95' title="bbox 247 5745 1857 5818; baseline -0.001 -16"><span class='ocrx_word' id='word_1_574' title='bbox 247 5745 343 5802; x_wconf 71' lang='grc' dir='ltr'><em>ω’.</em></span> <span class='ocrx_word' id='word_1_575' title='bbox 384 5747 525 5818; x_wconf 73' lang='grc' dir='ltr'><em>Περὶ</em></span> <span class='ocrx_word' id='word_1_576' title='bbox 556 5745 676 5800; x_wconf 87' lang='grc' dir='ltr'><em>τῶν</em></span> <span class='ocrx_word' id='word_1_577' title='bbox 702 5747 1155 5817; x_wconf 79' lang='grc' dir='ltr'><em>ἐπερωτώντων,</em></span> <span class='ocrx_word' id='word_1_578' title='bbox 1191 5749 1243 5803; x_wconf 81' lang='lat' dir='ltr'><em>ei</em></span> <span class='ocrx_word' id='word_1_579' title='bbox 1273 5746 1518 5813; x_wconf 73' lang='grc' dir='ltr'><em>ἔξεστιν</em></span> <span class='ocrx_word' id='word_1_580' title='bbox 1544 5747 1857 5803; x_wconf 83' lang='grc' dir='ltr'><em>ἀπολῦσαι</em></span> 
     </span>
    </p>
   </div>
   <div class='ocr_carea' id='block_1_96' title="bbox 324 5838 1854 5911">
    <p class='ocr_par' dir='ltr' id='par_1_96' title="bbox 324 5838 1854 5911">
     <span class='ocr_line' id='line_1_96' title="bbox 324 5838 1854 5911; baseline 0.003 -19"><span class='ocrx_word' id='word_1_581' title='bbox 324 5838 440 5907; x_wconf 77' lang='grc' dir='ltr'><em>τὴν</em></span> <span class='ocrx_word' id='word_1_582' title='bbox 477 5840 762 5911; x_wconf 78' lang='grc' dir='ltr'><em>γυναῖκα.</em></span> <span class='ocrx_word' id='word_1_583' title='bbox 813 5842 953 5909; x_wconf 56' lang='grc' dir='ltr'><em>Πεέὶ</em></span> <span class='ocrx_word' id='word_1_584' title='bbox 988 5842 1095 5898; x_wconf 84' lang='grc' dir='ltr'><em>τοῦ</em></span> <span class='ocrx_word' id='word_1_585' title='bbox 1129 5840 1635 5910; x_wconf 76' lang='grc' dir='ltr'><em>ἐπερωτήσαντος</em></span> <span class='ocrx_word' id='word_1_586' title='bbox 1665 5844 1854 5896; x_wconf 88' lang='grc' dir='ltr'><em>πλου-</em></span> 
     </span>
    </p>
   </div>
   <div class='ocr_carea' id='block_1_97' title="bbox 323 5933 917 6004">
    <p class='ocr_par' dir='ltr' id='par_1_97' title="bbox 323 5933 917 6004">
     <span class='ocr_line' id='line_1_97' title="bbox 323 5933 917 6004; baseline 0.005 -18"><span class='ocrx_word' id='word_1_587' title='bbox 323 5933 465 5989; x_wconf 90' lang='grc' dir='ltr'><em>σίου</em></span> <span class='ocrx_word' id='word_1_588' title='bbox 497 5935 611 5990; x_wconf 67' lang='lat' dir='ltr'><em>tor</em></span> <span class='ocrx_word' id='word_1_589' title='bbox 654 5935 917 6004; x_wconf 83' lang='grc' dir='ltr'><em>Ἰησοῦν.</em></span> 
     </span>
    </p>
   </div>
   <div class='ocr_carea' id='block_1_98' title="bbox 252 6023 1859 6101">
    <p class='ocr_par' dir='ltr' id='par_1_98' title="bbox 252 6023 1859 6101">
     <span class='ocr_line' id='line_1_98' title="bbox 252 6023 1859 6101; baseline -0.002 -20"><span class='ocrx_word' id='word_1_590' title='bbox 252 6033 321 6082; x_wconf 77' lang='grc' dir='ltr'><em>κ’.</em></span> <span class='ocrx_word' id='word_1_591' title='bbox 362 6029 503 6101; x_wconf 71' lang='grc' dir='ltr'><em>Περὶ</em></span> <span class='ocrx_word' id='word_1_592' title='bbox 547 6027 672 6084; x_wconf 87' lang='grc' dir='ltr'><em>τῶν</em></span> <span class='ocrx_word' id='word_1_593' title='bbox 715 6027 1145 6099; x_wconf 76' lang='grc' dir='ltr'><em>μισθουμένων</em></span> <span class='ocrx_word' id='word_1_594' title='bbox 1198 6024 1485 6097; x_wconf 73' lang='grc' dir='ltr'><em>ἐργατῶν.</em></span> <span class='ocrx_word' id='word_1_595' title='bbox 1535 6025 1678 6097; x_wconf 73' lang='grc' dir='ltr'><em>Περὶ</em></span> <span class='ocrx_word' id='word_1_596' title='bbox 1737 6023 1859 6079; x_wconf 88' lang='grc' dir='ltr'><em>τῶν</em></span> 
     </span>
    </p>
   </div>
   <div class='ocr_carea' id='block_1_99' title="bbox 318 6115 1747 6189">
    <p class='ocr_par' dir='ltr' id='par_1_99' title="bbox 318 6115 1747 6189">
     <span class='ocr_line' id='line_1_99' title="bbox 318 6115 1747 6189; baseline -0.006 -10"><span class='ocrx_word' id='word_1_597' title='bbox 318 6122 465 6179; x_wconf 83' lang='grc' dir='ltr'><em>υἱῶν</em></span> <span class='ocrx_word' id='word_1_598' title='bbox 489 6122 602 6179; x_wconf 88' lang='grc' dir='ltr'><em>τοῦ</em></span> <span class='ocrx_word' id='word_1_599' title='bbox 634 6119 983 6176; x_wconf 77' lang='grc' dir='ltr'><em>Ζεϐεδαίου.</em></span> <span class='ocrx_word' id='word_1_600' title='bbox 1020 6118 1158 6189; x_wconf 78' lang='grc' dir='ltr'><em>Περὶ</em></span> <span class='ocrx_word' id='word_1_601' title='bbox 1189 6118 1308 6174; x_wconf 84' lang='grc' dir='ltr'><em>τῶν</em></span> <span class='ocrx_word' id='word_1_602' title='bbox 1333 6117 1445 6171; x_wconf 78' lang='grc' dir='ltr'><em>δύο</em></span> <span class='ocrx_word' id='word_1_603' title='bbox 1481 6115 1747 6188; x_wconf 65' lang='grc' dir='ltr'><em>τυφλῶν.</em></span> 
     </span>
    </p>
   </div>
   <div class='ocr_carea' id='block_1_100' title="bbox 2036 4918 2471 4989">
    <p class='ocr_par' dir='ltr' id='par_1_100' title="bbox 2036 4918 2471 4989">
     <span class='ocr_line' id='line_1_100' title="bbox 2036 4918 2471 4989; baseline 0.002 -16"><span class='ocrx_word' id='word_1_604' title='bbox 2036 4918 2304 4975; x_wconf 70' lang='lat' dir='ltr'><strong><em>Christum</em></strong></span> <span class='ocrx_word' id='word_1_605' title='bbox 2335 4920 2471 4989; x_wconf 85' lang='lat' dir='ltr'><strong><em>pati.</em></strong></span> 
     </span>
    </p>
   </div>
   <div class='ocr_carea' id='block_1_101' title="bbox 1932 5010 3571 5086">
    <p class='ocr_par' dir='ltr' id='par_1_101' title="bbox 1932 5010 3571 5086">
     <span class='ocr_line' id='line_1_101' title="bbox 1932 5010 3571 5086; baseline 0 -18"><span class='ocrx_word' id='word_1_606' title='bbox 1932 5012 2051 5069; x_wconf 70' lang='lat'><strong><em>.17.</em></strong></span> <span class='ocrx_word' id='word_1_607' title='bbox 2083 5012 2158 5067; x_wconf 89' lang='lat' dir='ltr'><strong><em>De</em></strong></span> <span class='ocrx_word' id='word_1_608' title='bbox 2194 5013 2667 5086; x_wconf 83' lang='lat' dir='ltr'><strong><em>transﬁguratione</em></strong></span> <span class='ocrx_word' id='word_1_609' title='bbox 2716 5012 2939 5067; x_wconf 83' lang='lat' dir='ltr'><strong><em>Christi.</em></strong></span> <span class='ocrx_word' id='word_1_610' title='bbox 2972 5010 3046 5066; x_wconf 83' lang='lat' dir='ltr'><strong><em>De</em></strong></span> <span class='ocrx_word' id='word_1_611' title='bbox 3076 5012 3337 5069; x_wconf 88' lang='lat' dir='ltr'><strong><em>lunatico.</em></strong></span> <span class='ocrx_word' id='word_1_612' title='bbox 3361 5012 3437 5069; x_wconf 89' lang='lat' dir='ltr'><strong><em>De</em></strong></span> <span class='ocrx_word' id='word_1_613' title='bbox 3459 5018 3571 5071; x_wconf 70' lang='lat' dir='ltr'><strong><em>exi-</em></strong></span> 
     </span>
    </p>
   </div>
   <div class='ocr_carea' id='block_1_102' title="bbox 2033 5105 2693 5177">
    <p class='ocr_par' dir='ltr' id='par_1_102' title="bbox 2033 5105 2693 5177">
     <span class='ocr_line' id='line_1_102' title="bbox 2033 5105 2693 5177; baseline 0.002 -20"><span class='ocrx_word' id='word_1_614' title='bbox 2033 5107 2271 5177; x_wconf 86' lang='lat' dir='ltr'><strong><em>gentibus</em></strong></span> <span class='ocrx_word' id='word_1_615' title='bbox 2304 5105 2693 5164; x_wconf 72' lang='lat' dir='ltr'><strong><em>didrachmas&quot;.</em></strong></span> 
     </span>
    </p>
   </div>
   <div class='ocr_carea' id='block_1_103' title="bbox 1962 5280 3562 5353">
    <p class='ocr_par' dir='ltr' id='par_1_103' title="bbox 1962 5280 3562 5353">
     <span class='ocr_line' id='line_1_103' title="bbox 1962 5280 3562 5353; baseline 0.003 -18"><span class='ocrx_word' id='word_1_616' title='bbox 1962 5281 2048 5336; x_wconf 76' lang='grc'><em>18.</em></span> <span class='ocrx_word' id='word_1_617' title='bbox 2079 5280 2153 5334; x_wconf 85' lang='lat' dir='ltr'><strong><em>De</em></strong></span> <span class='ocrx_word' id='word_1_618' title='bbox 2185 5281 2249 5334; x_wconf 90' lang='lat' dir='ltr'><em>iis</em></span> <span class='ocrx_word' id='word_1_619' title='bbox 2289 5281 2379 5352; x_wconf 88' lang='lat' dir='ltr'><strong><em>qui</em></strong></span> <span class='ocrx_word' id='word_1_620' title='bbox 2422 5281 2766 5352; x_wconf 73' lang='lat' dir='ltr'><strong><em>quwsierunt,</em></strong></span> <span class='ocrx_word' id='word_1_621' title='bbox 2812 5283 2931 5353; x_wconf 85' lang='lat' dir='ltr'><strong><em>quis</em></strong></span> <span class='ocrx_word' id='word_1_622' title='bbox 2968 5283 3159 5353; x_wconf 85' lang='lat' dir='ltr'><strong><em>major.</em></strong></span> <span class='ocrx_word' id='word_1_623' title='bbox 3210 5282 3365 5350; x_wconf 79' lang='lat' dir='ltr'><strong><em>Quod</em></strong></span> <span class='ocrx_word' id='word_1_624' title='bbox 3400 5288 3562 5340; x_wconf 83' lang='lat' dir='ltr'><strong><em>nemi-</em></strong></span> 
     </span>
    </p>
   </div>
   <div class='ocr_carea' id='block_1_104' title="bbox 2034 5372 3564 5435">
    <p class='ocr_par' dir='ltr' id='par_1_104' title="bbox 2034 5372 3564 5435">
     <span class='ocr_line' id='line_1_104' title="bbox 2034 5372 3564 5435; baseline 0.005 -7"><span class='ocrx_word' id='word_1_625' title='bbox 2034 5391 2148 5428; x_wconf 89' lang='lat' dir='ltr'><em>nem</em></span> <span class='ocrx_word' id='word_1_626' title='bbox 2172 5374 2325 5427; x_wconf 87' lang='lat' dir='ltr'><strong><em>liceat</em></strong></span> <span class='ocrx_word' id='word_1_627' title='bbox 2345 5373 2729 5429; x_wconf 80' lang='lat' dir='ltr'><strong><em>scandalizare.</em></strong></span> <span class='ocrx_word' id='word_1_628' title='bbox 2750 5372 3020 5429; x_wconf 81' lang='lat' dir='ltr'><strong><em>l’arabola</em></strong></span> <span class='ocrx_word' id='word_1_629' title='bbox 3044 5378 3108 5431; x_wconf 90' lang='lat' dir='ltr'><em>de</em></span> <span class='ocrx_word' id='word_1_630' title='bbox 3129 5386 3338 5431; x_wconf 85' lang='lat' dir='ltr'><strong><em>centum</em></strong></span> <span class='ocrx_word' id='word_1_631' title='bbox 3360 5379 3564 5435; x_wconf 79' lang='lat' dir='ltr'><strong><em>ovibus.</em></strong></span> 
     </span>
    </p>
   </div>
   <div class='ocr_carea' id='block_1_105' title="bbox 2035 5466 3566 5541">
    <p class='ocr_par' dir='ltr' id='par_1_105' title="bbox 2035 5466 3566 5541">
     <span class='ocr_line' id='line_1_105' title="bbox 2035 5466 3566 5541; baseline 0.006 -23"><span class='ocrx_word' id='word_1_632' title='bbox 2035 5466 2108 5519; x_wconf 90' lang='lat' dir='ltr'><strong><em>De</em></strong></span> <span class='ocrx_word' id='word_1_633' title='bbox 2133 5468 2456 5535; x_wconf 85' lang='lat' dir='ltr'><strong><em>correptione</em></strong></span> <span class='ocrx_word' id='word_1_634' title='bbox 2480 5467 2733 5534; x_wconf 69' lang='lat' dir='ltr'><strong><em>proximi.</em></strong></span> <span class='ocrx_word' id='word_1_635' title='bbox 2755 5467 2834 5522; x_wconf 87' lang='lat' dir='ltr'><strong><em>De</em></strong></span> <span class='ocrx_word' id='word_1_636' title='bbox 2860 5478 3114 5538; x_wconf 87' lang='lat' dir='ltr'><strong><em>potestate</em></strong></span> <span class='ocrx_word' id='word_1_637' title='bbox 3144 5470 3354 5541; x_wconf 84' lang='lat' dir='ltr'><strong><em>ligandi</em></strong></span> <span class='ocrx_word' id='word_1_638' title='bbox 3378 5484 3425 5527; x_wconf 90' lang='lat' dir='ltr'><em>et</em></span> <span class='ocrx_word' id='word_1_639' title='bbox 3455 5475 3566 5527; x_wconf 87' lang='lat' dir='ltr'><strong><em>sol-</em></strong></span> 
     </span>
    </p>
   </div>
   <div class='ocr_carea' id='block_1_106' title="bbox 2032 5558 3117 5627">
    <p class='ocr_par' dir='ltr' id='par_1_106' title="bbox 2032 5558 3117 5627">
     <span class='ocr_line' id='line_1_106' title="bbox 2032 5558 3117 5627; baseline 0.005 -15"><span class='ocrx_word' id='word_1_640' title='bbox 2032 5558 2197 5612; x_wconf 73' lang='lat' dir='ltr'><strong><em>vendi.</em></strong></span> <span class='ocrx_word' id='word_1_641' title='bbox 2227 5558 2299 5612; x_wconf 90' lang='lat' dir='ltr'><strong><em>De</em></strong></span> <span class='ocrx_word' id='word_1_642' title='bbox 2333 5575 2393 5613; x_wconf 91' lang='lat' dir='ltr'><em>eo</em></span> <span class='ocrx_word' id='word_1_643' title='bbox 2420 5561 2510 5627; x_wconf 87' lang='lat' dir='ltr'><strong><em>qui</em></strong></span> <span class='ocrx_word' id='word_1_644' title='bbox 2543 5560 2687 5614; x_wconf 87' lang='lat' dir='ltr'><strong><em>mille</em></strong></span> <span class='ocrx_word' id='word_1_645' title='bbox 2715 5561 2917 5615; x_wconf 86' lang='lat' dir='ltr'><strong><em>talenta</em></strong></span> <span class='ocrx_word' id='word_1_646' title='bbox 2947 5560 3117 5617; x_wconf 89' lang='lat' dir='ltr'><strong><em>debet.</em></strong></span> 
     </span>
    </p>
   </div>
   <div class='ocr_carea' id='block_1_107' title="bbox 1965 5756 3562 5827">
    <p class='ocr_par' dir='ltr' id='par_1_107' title="bbox 1965 5756 3562 5827">
     <span class='ocr_line' id='line_1_107' title="bbox 1965 5756 3562 5827; baseline 0.005 -16"><span class='ocrx_word' id='word_1_647' title='bbox 1965 5756 2048 5811; x_wconf 69' lang='lat'><em>£9.</em></span> <span class='ocrx_word' id='word_1_648' title='bbox 2098 5756 2169 5811; x_wconf 85' lang='lat' dir='ltr'><strong><em>De</em></strong></span> <span class='ocrx_word' id='word_1_649' title='bbox 2216 5760 2593 5827; x_wconf 69' lang='lat' dir='ltr'><strong><em>qnarentibus,</em></strong></span> <span class='ocrx_word' id='word_1_650' title='bbox 2634 5776 2758 5813; x_wconf 90' lang='lat' dir='ltr'><em>num</em></span> <span class='ocrx_word' id='word_1_651' title='bbox 2808 5761 2984 5816; x_wconf 87' lang='lat' dir='ltr'><strong><em>liceret</em></strong></span> <span class='ocrx_word' id='word_1_652' title='bbox 3026 5764 3292 5821; x_wconf 87' lang='lat' dir='ltr'><strong><em>dimittere</em></strong></span> <span class='ocrx_word' id='word_1_653' title='bbox 3326 5782 3562 5820; x_wconf 70' lang='lat' dir='ltr'><strong><em>uxorem.</em></strong></span> 
     </span>
    </p>
   </div>
   <div class='ocr_carea' id='block_1_108' title="bbox 2037 5846 2929 5922">
    <p class='ocr_par' dir='ltr' id='par_1_108' title="bbox 2037 5846 2929 5922">
     <span class='ocr_line' id='line_1_108' title="bbox 2037 5846 2929 5922; baseline 0.009 -21"><span class='ocrx_word' id='word_1_654' title='bbox 2037 5847 2113 5903; x_wconf 86' lang='lat' dir='ltr'><strong><em>De</em></strong></span> <span class='ocrx_word' id='word_1_655' title='bbox 2142 5850 2302 5903; x_wconf 79' lang='lat' dir='ltr'><strong><em>divite</em></strong></span> <span class='ocrx_word' id='word_1_656' title='bbox 2327 5846 2511 5905; x_wconf 72' lang='lat' dir='ltr'><strong><em>Iesum</em></strong></span> <span class='ocrx_word' id='word_1_657' title='bbox 2541 5852 2929 5922; x_wconf 80' lang='lat' dir='ltr'><strong><em>interpellante.</em></strong></span> 
     </span>
    </p>
   </div>
   <div class='ocr_carea' id='block_1_109' title="bbox 1957 6023 3559 6102">
    <p class='ocr_par' dir='ltr' id='par_1_109' title="bbox 1957 6023 3559 6102">
     <span class='ocr_line' id='line_1_109' title="bbox 1957 6023 3559 6102; baseline 0.007 -24"><span class='ocrx_word' id='word_1_658' title='bbox 1957 6023 2048 6079; x_wconf 72' lang='lat'><em>20.</em></span> <span class='ocrx_word' id='word_1_659' title='bbox 2080 6024 2153 6077; x_wconf 82' lang='lat' dir='ltr'><strong><em>De</em></strong></span> <span class='ocrx_word' id='word_1_660' title='bbox 2186 6026 2421 6079; x_wconf 80' lang='lat' dir='ltr'><strong><em>mercede</em></strong></span> <span class='ocrx_word' id='word_1_661' title='bbox 2446 6029 2719 6084; x_wconf 85' lang='lat' dir='ltr'><strong><em>conductis</em></strong></span> <span class='ocrx_word' id='word_1_662' title='bbox 2746 6033 3021 6101; x_wconf 82' lang='lat' dir='ltr'><strong><em>operariis.</em></strong></span> <span class='ocrx_word' id='word_1_663' title='bbox 3052 6032 3124 6089; x_wconf 89' lang='lat' dir='ltr'><strong><em>De</em></strong></span> <span class='ocrx_word' id='word_1_664' title='bbox 3145 6033 3272 6102; x_wconf 77' lang='lat' dir='ltr'><strong><em>[iliis</em></strong></span> <span class='ocrx_word' id='word_1_665' title='bbox 3297 6033 3559 6091; x_wconf 70' lang='lat' dir='ltr'><strong><em>Zebedtti.</em></strong></span> 
     </span>
    </p>
   </div>
   <div class='ocr_carea' id='block_1_110' title="bbox 2035 6116 2535 6174">
    <p class='ocr_par' dir='ltr' id='par_1_110' title="bbox 2035 6116 2535 6174">
     <span class='ocr_line' id='line_1_110' title="bbox 2035 6116 2535 6174; baseline 0.008 -4"><span class='ocrx_word' id='word_1_666' title='bbox 2035 6116 2108 6172; x_wconf 89' lang='lat' dir='ltr'><strong><em>De</em></strong></span> <span class='ocrx_word' id='word_1_667' title='bbox 2134 6116 2338 6172; x_wconf 79' lang='lat' dir='ltr'><strong><em>duobus</em></strong></span> <span class='ocrx_word' id='word_1_668' title='bbox 2364 6120 2535 6174; x_wconf 73' lang='lat' dir='ltr'><strong><em>circis.</em></strong></span> 
     </span>
    </p>
   </div>
  </div>
