4034 6650
238 571 341 638 145

919 583 1372 649 ΕΝΑΒΗΑΤΙΟ
1416 589 1498 649 ΙΝ
1542 590 2057 655 ΕνΑΝὒΕΙᾸΠΜ
2094 597 2486 660 ΜΑΤΤῘΙΕΙ.
2535 627 2601 635 -
2643 604 2802 666 CAP.
2845 607 2889 666 Ι.

3455 613 3562 676 146

228 687 325 740 καὶ
356 685 423 740 τὰ
457 687 561 759 ήθη
599 688 759 760 ἡμῶν
791 691 1162 765 διαφθαρῆναι
1236 698 1503 767 εὐδόκησε
1539 701 1819 774 γραφῆναι

1932 719 2112 772 opera:
2151 709 2384 776 pretium
2443 712 2618 768 visum
2680 726 2803 781 est,
2858 717 2910 786 2
2954 723 3013 772 ιιι
3042 719 3419 780 scriberentur
3497 738 3554 781 ct

224 779 294 862 τὰ
327 780 635 850 Βύαγγέλια
661 822 677 847 ,
711 783 800 836 ἵνα
831 786 894 836 ὲκ
922 786 1129 840 τούτων
1156 789 1544 862 διδασκόμενοι
1571 795 1673 863 τὴν
1700 796 1834 865 ἀλή-

225 853 380 928 θειαν
401 919 414 942 ,
453 874 526 946 μὴ
560 877 978 949 παρασυρῶμεν
1011 880 1118 934 ὑπὸ
1144 882 1238 934 τοῦ
1273 853 1508 954 ψεύδους
1536 853 1646 940 τῶν
1675 853 1832 959 αἱρέ-

224 984 388 1031 σεων,
419 968 552 1039 μηδὲ
581 971 866 1032 παντελῶς
891 972 1237 1044 διαφθαρῶσι
1261 975 1328 1030 τά
1356 978 1461 1050 non
1493 982 1672 1051 ήμῶν.
1699 982 1835 1036 Τέσ-

223 1077 369 1130 σαρα
405 1060 462 1113 δὲ
498 1061 731 1115 δέδωκεν
767 1065 903 1132 ἡμῖν
938 1064 1254 1136 Εὑαγγὲλια
1277 1108 1292 1131 ,
1330 1071 1526 1142 τυχὸν,
1563 1073 1700 1126 διότι
1733 1073 1833 1138 τὰς

222 1152 525 1217 καθολικάς
557 1154 834 1226 τέσσαρας
872 1155 1075 1224 ἀρετὰς
1113 1160 1177 1212 ἐκ
1209 1160 1418 1215 τούτων
1456 1164 1829 1237 μανθάνομεν,

217 1246 322 1318 τὴν
350 1247 628 1320 ἀνδρείαν,
656 1248 756 1318 τὴν
780 1250 1063 1321 φρόνησιν,
1093 1252 1193 1322 τὴν
1217 1253 1583 1327 δικαιοσύνην,
1611 1258 1706 1312 καὶ
1730 1259 1832 1331 τὴν

220 1340 607 1413 σωφροσύνην.
635 1342 748 1412 Τὴν
772 1342 873 1414 μὲν
900 1343 1174 1415 ἀνδρείαν,
1205 1347 1336 1400 ὅταν
1367 1348 1502 1423 λέγῃ
1523 1353 1550 1405 6
1582 1351 1786 1426 Κύριος
1812 1370 1828 1386 ·

222 1451 243 1486 ι
280 1434 375 1505 Μὴ
403 1434 658 1504 φοϐεῖσθε
690 1435 801 1489 ἀπὸ
826 1435 936 1490 τῶν
962 1437 1398 1493 ἀποκτεινόντων
1424 1442 1486 1494 τὸ
1520 1443 1704 1512 σῶμα,
1729 1447 1830 1517 τὴν

215 1527 276 1581 δὲ
310 1526 492 1598 ψυχὴν
528 1528 605 1599 μὴ
639 1528 958 1599 δυναμένων
989 1529 1335 1586 ἀποκτεῖναι.
1380 1552 1397 1584 ι
1438 1533 1550 1604 Τὴν
1596 1537 1653 1589 δὲ
1692 1537 1829 1609 φρό-

215 1638 399 1691 νησιν,
449 1622 579 1675 ὅταν
629 1625 913 1692 παραινῇ·
973 1643 991 1674 ι
1032 1623 1256 1677 Γίνεσθε
1313 1627 1596 1699 φρόνιμοι,
1651 1629 1728 1693 ὡς
1779 1633 1827 1685 οἱ

214 1710 400 1775 ὄφεις.
438 1729 456 1761 ι
488 1711 601 1782 Τὴν
626 1711 682 1764 δὲ
713 1711 1088 1782 δικαιοσύνην,
1121 1715 1249 1767 ὅταν
1274 1715 1505 1789 διδάσκῃ
1525 1734 1539 1747 ·
1579 1737 1595 1770 ι
1629 1720 1828 1784 Καθὼς

222 1798 416 1856 θέλετε
449 1800 534 1853 ἵνα
565 1801 793 1854 ποιῶσιν
821 1803 952 1873 ύμῖν
977 1805 1024 1856 οἱ
1056 1803 1356 1876 ἄνθρωποι,
1389 1809 1481 1860 καὶ
1509 1810 1672 1881 ὑμεῖς
1701 1830 1825 1866 ποι-

213 1892 330 1945 εἴτε
363 1895 549 1954 αὐτοῖς
576 1895 801 1965 ὁμοίως.
839 1915 856 1946 ι
888 1897 1001 1968 Τὴν
1023 1897 1081 1951 δὲ
1114 1901 1502 1972 σωφροσύνην,
1529 1904 1659 1958 ὅταν
1682 1907 1824 1960 ἀπο-

215 1987 512 2059 φαίνηται’
541 2007 557 2040 ι
585 1989 642 2042 ὐ
669 1990 950 2061 ἐμϐλέψας
973 1995 1206 2062 γυκαικὶ
1232 1995 1370 2065 πρὸς
1393 1996 1455 2049 τὸ
1481 1998 1825 2070 ἐπιθυμῆσαι

214 2081 423 2152 αὐτῆς,
455 2082 558 2153 ήδη
592 2060 917 2154 ἐμοίχευσεν
947 2060 1120 2157 αύτὴν
1150 2088 1209 2142 ὲν
1239 2060 1305 2161 τῇ
1338 2091 1538 2164 καρδίᾳ
1569 2060 1759 2148 αὐτοῦ.
1801 2113 1818 2146 ι
1858 2060 1902 2117 Β

213 2173 331 2226 Καὶ
358 2173 536 2237 άλλως
566 2175 622 2228 δὲ
649 2194 662 2208 ·
709 2177 969 2250 Τέσσαρά
993 2181 1134 2234 εἰσιν
1170 2180 1508 2253 Εὖαγγέλια,
1533 2187 1670 2241 διότι
1700 2187 1827 2241 στύ-

213 2265 300 2320 λοι
336 2267 446 2321 εἰσὶ
479 2268 656 2325 ταῦτα
690 2269 787 2324 τοῦ
827 2271 1059 2344 κόσμου.
1095 2274 1203 2329 Τοῦ
1238 2275 1294 2330 δὲ
1332 2277 1543 2350 κόσμου
1577 2279 1825 2352 τέσσαρα

215 2360 361 2431 μέρη
396 2359 644 2430 ἔχοντος,
683 2362 1011 2436 Ἀνατολήν,
1045 2365 1243 2433 Δύσιν,
1271 2369 1513 2440 Ἀρκτον
1554 2372 1649 2425 καὶ
1708 2372 1826 2426 Με-

215 2453 522 2524 σημϐρίαν,
553 2454 793 2524 ἔπρεπεν
823 2452 962 2526 εἶναι
993 2460 1240 2524 καὶτοὺς
1269 2463 1498 2527 στύλους
1523 2465 1822 2538 τέσσαρας.

214 2544 325 2599 Καὶ
361 2545 542 2610 άλλως
573 2547 631 2600 δέ
659 2565 675 2581 ο
709 2549 963 2622 Τέσσαρά
1003 2555 1142 2606 εἰσιν
1175 2553 1490 2624 Εὐαγγέλια
1513 2598 1526 2622 ,
1559 2557 1693 2613 διότι
1729 2562 1825 2613 καὶ

212 2636 462 2708 τέσσαρα
529 2638 704 2694 ταῦτα
750 2643 1031 2715 περιέχει·
1070 2647 1240 2715 ήγουν
1273 2649 1541 2719 δόγματα,
1579 2652 1823 2720 ἐντολὰς,

210 2729 487 2795 ἀπειλὰς,
524 2732 620 2785 καὶ
657 2734 996 2804 ἐπαγγελίας
1020 2755 1032 2769 ⁸
1073 2741 1168 2795 καὶ
1200 2744 1316 2805 τοῖς
1356 2744 1456 2813 μὲν
1491 2744 1822 2800 πιστεύσασι

209 2824 326 2886 τοῖς
350 2821 615 2892 δόγμασι,
643 2827 738 2878 καὶ
763 2827 861 2891 τὰς
890 2829 1113 2896 ἐντολὰς
1138 2836 1434 2905 ητηρήσασι,
1461 2836 1529 2889 τὰ
1558 2838 1823 2908 μέλλοντα

207 2913 400 2982 ἀγαθά
443 2917 916 2986 ἐπαγγέλλονται·
960 2926 1075 2988 τοῖς
1118 2925 1176 2980 δὲ
1221 2927 1298 2999 μὴ
1342 2929 1671 2986 πιστεύσασι
1712 2937 1824 2999 τοῖς

207 3006 507 3078 δόγμασιν,
533 3009 564 3081 ἧ
593 3012 692 3077 τὰς
723 3014 944 3080 ἐντολὰς
977 3020 1053 3089 μὴ
1081 3020 1406 3088 φυλάξασιν,
1435 3024 1492 3077 αἱ
1529 3025 1822 3094 μέλλουσαι

208 3102 571 3157 ἀπειλοῦνται
604 3104 880 3171 κολάσεις.
940 3110 1276 3180 Εὑαγγέλιον
1306 3114 1362 3167 δὲ
1395 3115 1653 3185 λέγεται,
1686 3119 1822 3174 διότι

204 3195 472 3266 ἀγγέλλει
505 3198 637 3268 ἡμῖν
667 3202 974 3272 πράγματα
1004 3200 1064 3258 εὖ
1085 3207 1179 3260 καὶ
1202 3207 1386 3274 καλῶς
1417 3210 1632 3281 ἔχοντα,
1663 3231 1822 3268 tost-

205 3286 362 3343 ἐστιν
396 3290 582 3360 ἀγαθὰ
604 3333 619 3356 ,
689 3292 888 3364 ἄφεσιν
921 3297 1242 3368 ἁμαρτιῶν,
1275 3303 1598 3372 δικαίωσιν,
1637 3307 1823 3362 ἄνοδον

207 3381 288 3445 είς
329 3383 640 3454 οὐρανοὺς,
678 3386 954 3442 υἱοθεσίαν
988 3391 1149 3448 Θεοῦ.
1188 3395 1473 3465 ’Δγγέλλει
1507 3399 1564 3454 δὲ
1602 3402 1698 3455 καὶ
1736 3403 1817 3457 ὅτι

205 3474 458 3539 εὐκόλως
501 3477 679 3533 ταῦτα
725 3479 1100 3554 λαμϐάνομεν.
1145 3488 1238 3560 Μὴ
1288 3489 1398 3562 γὰρ
1443 3493 1825 3565 ἐκοπιὰσαμεν

203 3567 374 3640 ἡμεῖς
410 3569 507 3622 ἐπὶ
537 3574 603 3644 τῇ
637 3573 828 3644 κτήσει
855 3575 1065 3647 τούτων
1097 3580 1206 3634 τῶν
1237 3581 1482 3652 ἀγαθῶν,
1518 3586 1550 3657 ἢ
1581 3586 1642 3651 ἐξ
1677 3588 1825 3642 ἰδίων

204 3661 671 3734 κατορθωμάτων
698 3667 872 3720 ταῦτα
900 3668 1191 3741 ἐλάϐομεν,
1223 3675 1360 3730 ἀλλά
1391 3677 1579 3749 χάριτι
1608 3681 1704 3734 καὶ
1733 3699 1822 3752 φι-

201 3753 539 3827 λανθρωπίᾳ
569 3756 736 3826 Θεοῦ,
769 3759 1114 3830 τηλικούτων
1144 3764 1370 3834 ἀγαθῶν
1401 3767 1612 3843 ἠξιώθη
1623 3789 1745 3842 μεν.

270 3935 447 3991 Κατὰ
485 3937 817 3994 Ματθαῖον.
856 3941 1138 4014 Τέσσαρες
1179 3945 1278 4016 μέν
1312 3949 1452 4002 εἰσιν
1499 3951 1550 4004 οἱ
1589 3953 1822 4024 εὐαγγε-

199 4026 389 4083 λισταί
416 4047 432 4061 ⁸
469 4031 682 4086 τούτων
713 4032 771 4086 δὲ
803 4035 852 4088 οι
890 4035 991 4104 μὲν
1022 4037 1147 4102 δύο,
1183 4041 1465 4108 Ματθαῖος
1505 4047 1598 4101 καὶ
1638 4046 1820 4102 Ἰωάν-

197 4135 319 4192 νης,
351 4117 507 4194 ἦσαν
531 4125 596 4178 ὲκ
623 4125 717 4178 τοῦ
749 4127 914 4199 χοροῦ
942 4129 1051 4183 τῶν
1077 4129 1310 4189 δώδεκα.
1342 4136 1407 4188 Οἱ
1436 4137 1492 4191 δὲ
1518 4137 1633 4205 δύο,
1660 4140 1820 4213 Μάρ-

195 4227 293 4276 κος
324 4231 406 4286 φη
417 4215 486 4286 μὶ
519 4218 616 4270 καὶ
646 4219 886 4288 Λουκᾶς,
919 4222 985 4276 ὲκ
1014 4223 1124 4278 τῶν
1155 4226 1678 4298 έϐδομήκοντα.Ἦν
1705 4235 1763 4290 δὲ
1792 4237 1820 4288 6

195 4303 299 4374 μὲν
333 4305 581 4378 Μάρκος
617 4309 911 4376 ἀκόλουθος
946 4317 1041 4369 καὶ
1081 4319 1334 4391 μαθητής
1376 4323 1585 4396 Πέτρου
1613 4345 1626 4359 ο
1694 4327 1724 4381 6
1760 4329 1818 4382 δὲ

191 4393 449 4463 Λουκᾶς,
489 4399 728 4456 Παύλου.
761 4403 827 4458 '0
854 4405 1034 4460 τοίνυν
1066 4410 1351 4478 Ματθαῖος
1371 4454 1386 4480 ,
1421 4393 1643 4488 πρῶτος
1675 4422 1814 4476 πάν-

189 4501 300 4540 των
325 4488 552 4562 ἔγραψε
579 4493 640 4545 τὸ
675 4493 1012 4566 Εὑαγγέλιον
1037 4500 1278 4572 Ἐϐραΐδι
1308 4511 1460 4580 φωνῇ
1485 4551 1501 4576 ,
1527 4511 1665 4583 πρὸς
1689 4517 1816 4580 τοὺς

189 4578 251 4643 ἐξ
283 4581 579 4650 Ἐϐραίων
616 4586 1044 4657 πιστεύσαντας,
1086 4595 1226 4664 μετά
1264 4598 1410 4652 ὀκτὼ
1437 4578 1545 4673 ίὲτη
1574 4578 1685 4674 ’τῆς
1721 4578 1815 4662 τοῦ

188 4668 438 4741 Χριστοῦ
478 4675 810 4747 ἀναλήψεως
835 4698 850 4712 ο
890 4685 1199 4756 μετέφρασε
1237 4690 1330 4744 καὶ
1362 4668 1816 4772 τοῦτο”Ιωνάννης

187 4763 299 4817 ἀπὸ
339 4763 452 4836 τῆς
490 4766 782 4839 Ἑϐραϊδος
827 4773 1082 4847 γλώττης
1128 4781 1209 4844 είς
1255 4781 1354 4854 τὴν
1390 4785 1696 4859 Ἑλληνίδα,
1744 4763 1820 4857 ῶς

191 4855 449 4925 λέγουσι.
488 4861 728 4932 Μάρκος
761 4864 852 4929 δὲ,
889 4870 1030 4936 μετά
1063 4870 1199 4926 δέκα
1231 4873 1328 4945 ἔτη
1359 4879 1459 4949 τῆς
1494 4855 1817 4954 ἀναλήψεως

187 4947 434 5023 ἔγραψε,
497 4956 658 5026 παρά
702 4959 795 5012 τοῦ
848 4962 1059 5033 Πέτρου
1107 4947 1421 5038 διδαχθείς..
1455 4947 1696 5040 Λουκᾶς-
1725 4947 1813 5043 δὲ,

188 5047 330 5113 μετὰ
372 5048 808 5107 πεντεκαίδεκα.
851 5053 1106 5128 Ἰωάννης
1144 5059 1201 5113 δὲ
1241 5063 1269 5114 6
1312 5063 1813 5139 Θεολογικώτατος,

188 5142 328 5207 μετά
355 5144 678 5213 τριάκοντα
705 5145 800 5198 δύο
820 5163 832 5178 ο
866 5148 1086 5218 λέγουσι
1118 5153 1226 5222 γὰρ
1253 5156 1336 5209 ὅτι
1370 5158 1510 5229 μετά
1534 5163 1626 5217 τὸν
1651 5163 1815 5219 θάνα-

184 5246 274 5285 τον
309 5236 556 5290 ἐκείνων
594 5238 924 5311 ἑπιζήσαντι
962 5245 1114 5317 αύτῴ
1138 5287 1152 5313 ,
1188 5254 1541 5328 προσηνέχθη
1580 5256 1647 5311 τὰ
1681 5259 1812 5331 τρία

187 5323 532 5396 Εὖαγγέλια,
575 5330 667 5383 ἵνα
704 5333 790 5406 ῐδῃ
828 5334 970 5389 α’ὑτά
1001 5341 1094 5392 καὶ
1133 5343 1316 5416 κρίνῃ,
1353 5347 1401 5399 εἰ
1434 5323 1654 5420 ἀληθῶς
1686 5323 1806 5409 σῦν·

185 5420 524 5493 εγράφησαν
549 5440 564 5454 ο
602 5426 631 5477 6
659 5424 715 5478 δὲ
747 5427 1004 5500 Ἰωάννης
1043 5433 1168 5488 ἰδὼν
1201 5438 1363 5504 αὐτὰ,
1426 5443 1521 5496 καὶ
1551 5447 1649 5516 τῆς
1679 5447 1813 5520 ἀλη-

187 5509 335 5579 θείας
368 5516 544 5590 χάριν
580 5517 1161 5595 ὕπεραποδεξάμενος,
1195 5531 1294 5583 ὅσα
1326 5533 1525 5588 ἐκεῖνοι
1553 5509 1814 5610 παρέλει-

184 5603 291 5674 ψιν
313 5649 329 5676 ,
380 5611 563 5676 αὐτὸς
619 5611 1035 5686 ἀνεπλήρωσεν.
1061 5623 1201 5675 Ὅσα
1226 5641 1281 5676 τε
1317 5629 1602 5700 συντόμως
1638 5603 1810 5690 εἶπον

1943 797 2257 870 Evangelia,
2305 819 2413 873 quo
2467 804 2749 863 discentes
2799 824 2866 863 ex
2918 809 3027 866 illis
3076 813 3386 884 veritatem,
3441 833 3551 873 non

1940 891 2223 948 hmreseon
2260 898 2564 955 mendaciis
2600 902 3000 971 deciperemur,
3034 922 3330 979 moresque
3378 914 3550 969 nostri

1939 999 2044 1038 non
2079 1001 2302 1056 prorsus
2336 994 2825 1056 pcssundarcntur.
2863 995 3113 1063 Quatuor
3145 1011 3331 1056 autem
3383 1003 3557 1060 Evan-

1937 1078 2078 1146 gelia
2109 1081 2265 1136 nobis
2301 1082 2471 1150 dedit,
2499 1084 2750 1144 fortassis
2788 1089 2931 1155 ideo,
2957 1095 3084 1162 quia
3111 1105 3354 1164 quatuor
3383 1098 3554 1156 virtu—

1939 1188 2019 1234 tes
2051 1182 2390 1239 universales
2424 1201 2489 1239 ex
2526 1186 2606 1242 cis
2640 1187 2925 1254 discimus,
2961 1189 3371 1260 fortitudinem,
3416 1214 3555 1268 pru-

1936 1272 2200 1339 dentiam,
2234 1274 2504 1345 justitiam
2553 1291 2605 1334 et
2655 1284 3100 1351 temperantiam.
3153 1286 3555 1348 Fortitudinem

1936 1366 2182 1435 quidem,
2223 1384 2346 1424 cum
2381 1371 2512 1426 dicit
2547 1375 2809 1432 Dominus
2861 1396 2875 1433 :
2915 1398 2938 1431 ce
2964 1379 3045 1436 Ne
3108 1381 3412 1441 timueritis
3460 1401 3556 1443 eos

1937 1457 2030 1525 qui
2091 1458 2354 1515 occidunt
2410 1477 2630 1534 corpus,
2707 1467 2946 1522 animam
3022 1479 3207 1527 autem
3300 1473 3555 1531 occidere

1939 1563 2044 1601 non
2093 1553 2362 1619 possunt‘
2416 1570 2428 1604 :
2487 1574 2505 1607 ι
2559 1560 2907 1626 prudentiam
2962 1577 3117 1626 vero,
3173 1566 3396 1632 quando
3451 1567 3548 1619 ad-

1936 1652 2119 1698 monet
2153 1662 2166 1698 :
2201 1665 2219 1697 ι
2252 1646 2441 1702 Estote
2470 1648 2794 1718 prudentes,
2833 1663 2891 1707 ut
2926 1660 3251 1726 serpentes'
3290 1677 3303 1713 :
3339 1678 3358 1710 ι
3384 1658 3552 1728 justi-

1937 1737 2064 1791 tiam
2104 1751 2309 1806 autem,
2357 1742 2578 1811 quando
2596 1745 2757 1801 docet
2785 1767 2796 1800 :
2829 1765 2848 1798 ι
2884 1747 3037 1804 Sicut
3064 1753 3228 1808 vultis
3252 1762 3308 1808 ut
3349 1753 3554 1810 faciant

1934 1829 2089 1884 vobis
2123 1829 2392 1897 homines,
2439 1832 2511 1888 ita
2541 1844 2594 1890 et
2630 1851 2726 1892 vos
2775 1837 2939 1896 facite
2967 1843 3047 1896 eis
3079 1845 3099 1874 ³
3131 1861 3144 1899 :
3185 1865 3201 1896 ι
3237 1855 3554 1915 temperan-

1935 1923 2064 1977 tiam
2097 1939 2336 1994 quoque,
2369 1928 2587 1994 quando
2616 1929 2854 1988 afﬁrmat
2906 1953 2918 1988 :
2963 1954 2982 1987 ‹
3013 1933 3207 1991 Omnis
3229 1938 3320 2007 qui
3383 1955 3547 2007 aspc-

1933 2013 2078 2068 xerit
2108 2015 2420 2084 mulierem,
2454 2031 2510 2074 ut
2541 2025 2896 2094 concupiscat
2929 2028 3199 2097 eam,jam
3239 2035 3549 2089 lllCBCllallLS

1933 2113 2017 2160 est
2087 2122 2208 2161 eam
2265 2109 2319 2163 in
2369 2112 2533 2169 corde
2575 2130 2675 2171 suo
2697 2116 2741 2172 ⁸.
2815 2137 2834 2170 ι
2904 2120 3026 2176 Alio
3088 2139 3312 2194 quoque
3367 2129 3548 2182 modo.

1933 2195 2181 2262 Quatuor
2210 2209 2338 2256 sunt
2368 2203 2685 2276 Evangelia,
2745 2212 2872 2281 quia
2928 2213 3044 2282 ipsa
3101 2227 3229 2272 sunt
3279 2219 3555 2276 columnae

1934 2291 2143 2354 mundi.
2173 2291 2310 2349 Cum
2344 2305 2526 2354 autem
2557 2307 2796 2360 mundus
2830 2316 3064 2375 quatuor
3096 2317 3282 2381 partes
3317 2313 3543 2373 habeat.

1932 2385 2233 2454 Orientem,
2301 2387 2678 2461 Occidentem,
2735 2399 3204 2469 Septentrionem.
3270 2417 3324 2462 et
3387 2407 3552 2463 Meri-

1930 2477 2073 2532 diem
2103 2479 2202 2550 (a),
2222 2481 2517 2541 decebatet
2547 2490 2830 2548 columnas
2855 2505 3092 2564 quatuor
3130 2515 3274 2554 esse.
3307 2501 3428 2555 Alio
3454 2503 3552 2556 de-

1933 2575 2094 2643 nique
2119 2577 2303 2633 modo.
2332 2580 2577 2648 Quatuor
2595 2596 2720 2638 sunt
2740 2584 3056 2657 Evangelia,
3077 2593 3334 2661 quoniam
3361 2605 3410 2649 et
3437 2596 3553 2650 nec

1929 2674 2168 2730 quatuor
2195 2668 2517 2726 continent:
2567 2674 2843 2741 videlicet,
2875 2679 3207 2748 doctrinam,
3263 2688 3548 2748 mandata,

1931 2754 2132 2822 minas,
2167 2766 2222 2812 et
2258 2762 2685 2832 promissiones;
2716 2779 2768 2823 et
2801 2770 2868 2826 iis
2900 2774 3118 2841 quidem
3160 2779 3251 2845 qui
3286 2778 3550 2834 doctrina:

1931 2846 2092 2902 ﬁdem
2155 2851 2527 2923 adhibuerint,
2587 2861 2790 2930 quique
2865 2867 3118 2921 mandata
3182 2872 3548 2935 servaverint,

1929 2939 2110 2996 futura
2172 2943 2311 2999 bona
2357 2950 2792 3018 promittuntur:
2840 2958 2905 3014 iis
2947 2975 3075 3016 vero
3131 2965 3221 3032 qui
3281 2967 3549 3020 doctrinm

1931 3046 2034 3086 non
2068 3035 2420 3103 crediderint,
2470 3056 2570 3095 nec
2621 3047 2877 3101 mandata
2929 3054 3298 3120 servaverint,
3361 3055 3546 3111 futura

1936 3128 2284 3186 intentantur
2325 3135 2616 3204 supplicia.
2658 3141 2727 3193 At
2761 3157 2893 3196 vero
2920 3143 3278 3216 Evangelium
3317 3149 3543 3214 dicitur,

1929 3237 1994 3276 eo
2023 3225 2166 3294 quod
2196 3227 2412 3282 nuntiet
2468 3232 2632 3286 nobis
2688 3250 2775 3290 res
2823 3251 3138 3308 prosperas,
3188 3249 3246 3296 et
3294 3245 3432 3298 bene
3478 3259 3538 3298 se

1929 3314 2214 3384 habentes,
2253 3319 2357 3375 hoc
2386 3330 2468 3378 est
2501 3324 2679 3380 bona:
2715 3343 2910 3400 nempe
2941 3333 3321 3388 remissionem
3361 3349 3547 3403 pecca-

1845 3417 1890 3481 C
1928 3418 2130 3478 torum,
2161 3413 2458 3483 justitiam,
2496 3420 2728 3473 reditum
2764 3423 2815 3476 in
2843 3424 3040 3491 cmlns,
3096 3426 3450 3497 adoptionem
3492 3447 3546 3484 ιιι

1934 3503 2074 3560 ﬁlios
2107 3504 2223 3560 Dei.
2263 3507 2493 3566 Nuntiat
2521 3522 2730 3578 autem,
2761 3517 2909 3584 quod
2948 3516 3109 3574 facile
3141 3530 3196 3575 ct
3221 3523 3393 3592 gratis
3423 3522 3540 3578 lae:

1931 3599 2266 3670 accepimus,
2296 3617 2469 3672 neque
2506 3615 2694 3662 nostro
2732 3607 2923 3665 labore
2957 3616 3190 3669 assecuti
3219 3617 3394 3671 simus
3428 3619 3545 3672 lucc

1931 3689 2094 3757 bona,
2125 3707 2304 3762 neque
2327 3707 2392 3750 ea
2424 3710 2490 3751 ex
2525 3699 2728 3754 nostris
2784 3704 3163 3772 acceperimus
3219 3708 3376 3762 battis
3403 3725 3541 3777 0pc-

1929 3783 2102 3853 ribus,
2133 3787 2229 3842 sed
2268 3790 2442 3858 gratia
2504 3801 2559 3846 et
2608 3793 2987 3852 misericordia
3053 3798 3148 3854 Dei
3206 3801 3334 3855 talia
3406 3803 3545 3857 bona

1928 3880 2210 3932 consecuti
2243 3880 2438 3938 siinus.

1999 3968 2297 4026 Secundum
2333 3974 2669 4034 Matt/neum.
2712 3979 2958 4048 Quatuor
2998 3999 3123 4041 sunt
3173 3991 3542 4062 evangelistac,

1926 4077 2159 4132 quorum
2191 4067 2323 4133 duo,
2357 4068 2649 4129 Matthaeus
2689 4085 2742 4129 et
2789 4073 3053 4142 Joannes,
3101 4098 3166 4134 ex
3215 4099 3448 4139 numero
3491 4097 3547 4139 et

1925 4157 2096 4214 choro
2152 4161 2438 4218 duodecim
2487 4176 2664 4220 sunt:
2708 4171 2797 4224 alii
2860 4187 2990 4227 vero
3049 4177 3180 4238 duo,
3222 4176 3437 4231 Marcus
3490 4191 3546 4232 et

1926 4249 2119 4317 Lucas,
2152 4267 2216 4308 ex
2242 4259 2609 4330 septuaginta.
2648 4260 2780 4318 Erat
2815 4275 2998 4322 autem
3039 4267 3268 4325 Marcus
3301 4270 3543 4340 discipu-

1926 4345 2012 4398 lus
2045 4355 2102 4401 et
2137 4361 2321 4402 comes
2357 4349 2528 4419 Petri,
2576 4352 2753 4411 Lucas
2806 4373 2936 4414 vero
2973 4361 3144 4415 Pauli.
3191 4361 3361 4432 igitur
3409 4363 3543 4418 alat-

1925 4437 2097 4493 thaus
2118 4441 2362 4494 omnium
2393 4443 2602 4512 primus
2625 4449 2849 4518 scripsit
2876 4451 3232 4524 Evangelium
3267 4455 3542 4512 llcbraico

1926 4529 2183 4588 idiomate
2209 4535 2275 4588 ad
2304 4551 2398 4590 eos
2427 4538 2522 4608 qui
2584 4555 2650 4594 ex
2705 4541 2952 4601 llebrmis
2992 4547 3364 4614 crediderant,
3418 4561 3542 4607 octo

1925 4625 2081 4679 annis
2117 4637 2239 4695 post
2295 4642 2631 4701 assumptum
2673 4634 2728 4689 in
2776 4637 2946 4693 caelos
3004 4638 3309 4696 Christum.
3369 4640 3539 4698 Porro

1923 4713 2162 4773 Joannes
2195 4718 2300 4774 hoc
2351 4737 2417 4776 ex
2480 4723 2750 4781 llebraica
2809 4727 2992 4799 lingua
3047 4731 3100 4784 in
3155 4731 3428 4797 Graecam,
3483 4743 3540 4787 ut

1857 4787 1899 4843 θ
1929 4804 2135 4871 ferunt,
2167 4808 2563 4881 interpretatus
2595 4827 2698 4874 est.
2732 4815 2802 4872 At
2827 4818 3044 4875 Marcus
3073 4833 3196 4891 post
3223 4823 3413 4880 decem
3437 4840 3540 4877 an-

1929 4911 2028 4952 nos
2047 4901 2314 4970 assumpti
2334 4900 2563 4970 Christi,
2592 4922 2658 4960 ex
2684 4921 2780 4963 ore
2815 4908 2964 4964 Petri
2991 4913 3242 4980 edoctus,
3276 4915 3536 4983 scripsit:

1927 4989 2102 5046 Lucas
2127 5004 2306 5049 autem
2334 5007 2455 5066 post
2483 5015 2553 5053 xv
2579 5016 2776 5058 annos.
2816 5003 3059 5076 Denique
3083 5005 3326 5064 Joannes
3353 5010 3534 5063 Thco~

1928 5082 2082 5155 logus
2122 5096 2244 5157 post
2284 5091 2506 5162 triginta
2531 5092 2669 5151 duos
2689 5112 2886 5152 arruns.
2909 5098 3174 5154 Rcl‘erunt
3195 5103 3364 5166 enim,
3389 5102 3535 5172 quod

1926 5174 2000 5230 illi
2031 5186 2154 5245 post
2179 5191 2408 5237 mortem
2438 5184 2656 5242 illorum
2682 5193 2964 5259 superstiti
2997 5193 3159 5248 allata
3192 5194 3393 5250 fuerint
3431 5199 3535 5251 tria

1924 5267 2237 5338 Evangelia,
2275 5284 2330 5328 ut
2370 5275 2580 5333 videret
2607 5295 2669 5335 ea
2710 5293 2875 5352 atque
2908 5285 3206 5353 iudicaret,
3263 5306 3393 5343 num
3447 5291 3536 5344 illa

1927 5377 2054 5419 vere
2087 5369 2394 5439 conscripta
2453 5371 2706 5429 fuissent.
2752 5375 2992 5434 Joannes
3019 5392 3234 5448 autem,
3255 5398 3379 5437 cuin
3420 5383 3535 5439 lucc

1927 5457 2171 5526 vidisset,
2217 5471 2280 5516 ut
2320 5475 2437 5518 erat
2469 5468 2789 5535 ampliorem
2823 5472 3072 5528 veritatis
3099 5476 3334 5544 gratiam
3367 5479 3534 5531 sorti-

1928 5557 2034 5616 tus,
2089 5553 2403 5621 adimplcvit
2443 5572 2801 5631 qua-cumque
2858 5563 2927 5618 ab
2982 5565 3103 5619 aliis
3147 5565 3532 5634 ‘prwlcrtnissa

1926 5641 2164 5713 fuerant,
2199 5659 2250 5701 ct
2286 5666 2404 5718 qua!
2427 5653 2762 5711 succinctius
2784 5657 2873 5711 alii
2904 5658 3180 5725 dixerant,
3209 5661 3324 5731 ipse
3360 5662 3532 5718 iusius

260 5770 500 5826 'Mattlt.
543 5788 602 5837 κ,
637 5773 728 5826 28.
810 5777 828 5805 ¹
862 5775 992 5831 Ibid.
1031 5781 1110 5833 lb‘.
1192 5783 1210 5813 ³
1245 5782 1438 5841 Matth.
1472 5805 1565 5852 \‘tt,
1608 5795 1690 5846 1:2.
1773 5796 1791 5825 ⁵

1942 5802 2016 5854 ιιι.
2051 5818 2101 5866 V,
2136 5804 2227 5857 28.

257 5931 356 6018 (ιι)¹
393 5932 541 5987 Edil.
601 5931 730 5986 Lut.
772 5935 919 6018 Quid
963 5943 1180 5996 (vlidcm
1230 5957 1351 6000 stml
1396 5952 1578 6004 mundi
1607 5964 1814 6018 partes,

187 6013 234 6056 ει
276 6005 572 6066 Columnw,
614 6008 803 6059 mundi
841 6019 1015 6089 uulth
1054 6027 1286 6078 quatuor
1324 6022 1512 6086 plagas
1546 6005 1812 6089 ltu'bcnsis,

191 6087 421 6143 quatuor
488 6091 712 6147 quoque
758 6095 870 6131 ωε
935 6081 1206 6140 columnas
1269 6081 1505 6157 dcccbul,
1554 6081 1806 6149 ntmit'ttnt

1925 5959 2245 6084 (lriculcnt,
2313 5969 2687 6038 Occidentem,
2761 5977 3178 6048 δριιιεριινίοησηι
3236 5993 3282 6036 ct
3359 5982 3528 6040 chri-

1925 6049 2079 6084 tlt'm.

1921 6049 2079 6089 (ίίιἸΙι.
