4034 6606
573 427 669 492 M‘i

1448 402 2036 472 THEOPHYLAC‘I‘I
2077 401 2492 465 BULGARLE
2530 399 2888 462 ABGHIKP.

3731 391 3834 458 tts

564 533 617 606 3
650 533 703 587 in
736 543 834 585 suo
866 524 1161 596 Evangelio
1221 521 1462 576 tradidit.
1519 518 1788 586 Quocirca
1847 534 1876 571 a
1926 514 2142 572 sublimi

2252 514 2472 580 ικείνοι,
2503 512 2667 574 αὐτὸς
2701 509 3000 566 δπλάτυνεν
3029 507 3088 561 ιν
3116 505 3195 579 τῷ
3227 508 3344 580 ίδίῳ
3377 506 3721 577 Εὐαγγελίῳ,
3751 505 3839 559 Διὸ

564 618 1078 692 tlteologia'initium
1112 616 1278 682 fecit;
1310 614 1575 683 siquidem
1616 613 1761 667 enim
1795 611 1886 665 alii
1937 609 2136 664 nullam

564 715 809 772 fecerant
849 712 1174 767 mentionem
1233 707 1374 779 quod
1441 707 1676 762 Verbum
1740 705 1833 761 Dei
1871 705 2139 760 exstiterit

563 819 690 863 ante
740 806 956 870 saecula,
991 804 1106 873 ipse
1127 804 1226 858 hac
1246 802 1314 856 de
1342 816 1400 856 re
1451 800 1631 855 divine
1693 798 1948 864 prodidit,
1985 804 2037 851 ut
2069 810 2139 851 ne

565 915 784 976 putetur
810 901 1042 956 Verbum
1073 899 1164 954 Dei
1195 912 1364 967 purus
1390 898 1572 964 homo,
1609 895 1712 949 hoc
1774 903 1879 958 est,
1935 893 2139 962 absque

566 995 768 1050 deitate
822 1006 966 1047 esse.
1022 989 1306 1044 Matthmus
1354 987 1496 1042 enim
1555 986 1622 1039 de
1673 983 1785 1038 sola
1833 981 2136 1038 substantia

566 1084 770 1141 Christi
799 1083 850 1136 in
898 1095 1065 1136 carne
1099 1081 1374 1135 disserens
1401 1079 1466 1132 ad
1528 1075 1782 1131 Hebraeos
1842 1074 2135 1138 scribebat,

563 1175 760 1245 quibus
799 1173 1094 1230 sufﬁciebat
1119 1172 1327 1228 discere
1356 1170 1495 1238 quod
1514 1183 1579 1223 cx
1597 1167 1867 1222 Abraham
1890 1176 1945 1219 et
1968 1163 2137 1226 David

565 1275 726 1322 natus
749 1275 898 1321 esset
922 1264 1190 1320 Christus.
1215 1262 1346 1316 “iam
1367 1263 1456 1330 qui
1482 1275 1544 1316 es
1568 1259 1807 1315 Hebraeis
1819 1257 2134 1324 crediderit,

561 1367 848 1413 contentus
897 1367 1002 1420 est,
1035 1357 1080 1410 si
1118 1356 1317 1410 certior
1343 1353 1433 1408 iiat
1467 1367 1530 1406 ea
1566 1351 1840 1406 Abraham
1871 1359 1925 1404 et
1969 1348 2136 1404 David

565 1459 749 1504 natum
786 1457 932 1503 esset
954 1445 1256 1501 Christum.
1286 1445 1524 1509 Atenim,
1550 1443 1806 1511 numquid
1838 1439 2136 1496 sufficiebat

483 1578 488 1582 ν
565 1555 706 1596 unus
736 1539 1064 1609 evangelista
1092 1539 1113 1592 Τ
1144 1537 1307 1601 Audi,
1341 1536 1636 1592 suiiiciebat
1667 1535 1905 1604 quidem,
1938 1533 2034 1589 sed
2074 1542 2136 1587 ut

565 1630 784 1685 uberius
818 1631 1022 1684 veritas
1060 1640 1476 1692 monstraretur,
1512 1637 1748 1696 quatuor
1792 1627 2136 1681 conscribere

560 1723 814 1792 permissi
863 1731 1010 1778 sunt.
1033 1721 1166 1777 Nam
1196 1737 1317 1775 cum
1374 1721 1572 1775 videris
1624 1723 1720 1776 bos
1755 1730 2009 1790 quatuor,
2041 1719 2133 1788 qui

563 1829 671 1868 non
702 1814 754 1868 in
779 1830 942 1869 unum
960 1797 1134 1870 locum
1159 1821 1548 1878 convenerunt,
1574 1824 1748 1880 neque
1772 1811 2134 1866 consederunt

568 1905 746 1972 simul,
777 1906 897 1960 aliis
924 1905 1117 1960 etaliis
1142 1905 1195 1959 in
1215 1903 1348 1959 locis
1374 1904 1536 1957 vitam
1556 1903 1754 1972 egisse,
1777 1909 1830 1957 et
1847 1901 1912 1956 de
1936 1901 2138 1956 eisdem

571 1999 734 2053 rebus
767 1998 920 2065 quasi
953 2012 1018 2052 ex
1053 2011 1162 2052 uno
1192 2011 1284 2050 ore
1312 1996 1613 2060 scripsisse,
1644 2011 1754 2051 non
1774 1994 2138 2049 admiraberis

566 2083 845 2153 Evangelii
872 2084 1178 2145 veritatem,
1212 2084 1304 2138 sed
1350 2083 1628 2149 fateberis,
1661 2084 1805 2152 quod
1831 2099 1896 2138 ex
1933 2083 2140 2153 Spiritu

565 2185 751 2229 saneto
782 2175 945 2229 locuti
983 2174 1200 2229 fuerint.
1240 2175 1304 2228 Et
1332 2190 1399 2230 ne
1439 2164 1607 2229 mihi.
1631 2177 1782 2232 dicas
1840 2177 1981 2246 quod
2033 2192 2138 2232 non

563 2278 864 2323 consonent
902 2267 954 2322 in
986 2267 1260 2324 omnibus.
1296 2268 1428 2322 Vide
1445 2269 1609 2335 enim,
1646 2270 1696 2322 in
1722 2270 1920 2338 quibus
1949 2268 2139 2324 disso-

565 2369 696 2416 nent
726 2377 739 2415 :
770 2378 896 2416 num
934 2361 1022 2416 ille
1058 2361 1212 2423 dixit,
1244 2359 1413 2416 Natus
1436 2371 1516 2417 est
1555 2361 1826 2428 Christus,
1871 2363 2011 2418 alius
2043 2378 2139 2418 au-

570 2465 676 2509 tem
703 2451 854 2520 dicit,
894 2455 1042 2509 non?
1068 2457 1173 2508 Aut
1195 2455 1331 2509 alius
1350 2455 1562 2522 quidem
1593 2457 1734 2526 quod
1757 2457 2136 2522 resurrexerit,

568 2546 704 2600 alius
735 2560 891 2610 vero,
921 2562 1026 2601 non
1049 2548 1071 2600 ?
1095 2548 1268 2601 Absit.
1303 2545 1610 2602 Concordes
1640 2549 1782 2602 enini
1813 2559 1938 2602 sunt
1967 2549 2020 2602 in
2057 2548 2140 2604 bis

565 2650 688 2707 qua:
742 2638 913 2709 magis
957 2640 1258 2693 necessaria
1290 2649 1342 2693 ot
1403 2641 1692 2710 pra'cipUa.
1765 2640 1932 2710 Igitur
1981 2641 2027 2695 si
2087 2642 2138 2694 in

565 2731 853 2801 praecipuis
881 2746 984 2786 non
1023 2742 1149 2786 sunt
1182 2731 1364 2795 divisi,
1402 2731 1532 2800 quid
1565 2732 1805 2796 miraris,
1836 2732 1880 2786 si
1902 2733 1952 2785 in
1974 2732 2137 2786 mini.

569 2824 671 2879 tuis
697 2822 987 2878 videantur
1006 2827 1214 2877 variare
1240 2825 1262 2876 ?
1297 2838 1420 2877 nam
1454 2823 1553 2877 hac
1579 2823 1642 2878 de
1668 2838 1829 2878 causa
1858 2825 2000 2893 quod
2032 2838 2136 2878 non

569 2916 622 2968 in
664 2915 917 2968 omnibus
947 2923 1270 2979 consonant,
1297 2914 1468 2984 magis
1488 2930 1614 2967 vera
1640 2914 1966 2984 loquuntur:
1996 2913 2139 2968 alio-

569 3005 661 3075 qui
694 3007 928 3074 suspecti
965 3005 1145 3061 haberi
1179 3007 1502 3076 potuissent,
1554 3008 1695 3076 quod
1750 3022 1853 3060 non
1907 3008 2047 3062 inter
2083 3023 2142 3063 se

568 3097 964 3160 eottsedissent,
994 3108 1048 3152 et
1079 3097 1266 3153 habito
1297 3099 1524 3153 consilio
1551 3111 1733 3152 mutuo
1751 3099 2097 3168 scripsissent
2123 3115 2137 3152 :

568 3201 713 3242 nunc
747 3197 925 3241 autem
960 3203 1081 3242 cum
1117 3186 1259 3257 quod
1283 3187 1634 3258 praetermisit
1661 3189 1768 3252 hic,
1788 3188 2005 3255 scripsit
2031 3187 2139 3255 ille,
2166 3214 2209 3278 C

567 3279 683 3333 hac
717 3278 830 3334 sola
857 3291 941 3333 est
989 3293 1150 3334 causa
1207 3294 1374 3349 quare
1435 3278 1486 3332 iu
1548 3277 1868 3349 quibusdam
1930 3280 2144 3335 variare

569 3370 872 3424 videantur.
912 3368 978 3424 Et
1023 3368 1136 3424 bmc
1160 3368 1375 3438 quidem
1403 3369 1481 3424 sic
1506 3383 1563 3424 se
1583 3369 1800 3425 habent.
1830 3366 1938 3424 Nos
1962 3378 2142 3424 autem

563 3453 760 3516 seriem
802 3468 1086 3516 contextus
1117 3461 1512 3531 aggrediantur.

1202 3595 1433 3652 CAPUT
1466 3597 1506 3651 Ι.

991 3711 1068 3767 οε
1096 3712 1399 3782 genealogia
1431 3711 1652 3767 Christi.

642 3823 803 3880 Vens.
843 3824 894 3879 i.
931 3843 946 3874 ι
982 3822 1142 3878 Liber
1169 3824 1557 3894 generationis.
1607 3843 1626 3876 ι
1659 3823 1830 3891 Quam
1891 3825 1961 3880 ob
2018 3841 2149 3880 cau-

572 3931 685 3968 sam
739 3929 843 3968 non
877 3915 1031 3980 dixit,
1069 3914 1227 3980 visio,
1260 3915 1338 3968 vel
1397 3928 1600 3980 sermo,
1658 3917 1803 3970 sicut
1875 3917 2148 3986 propheta:

572 4002 664 4070 qui
699 4015 824 4055 suos
863 4003 1025 4056 libros
1049 4003 1126 4057 sic
1155 4003 1758 4073 inscripserunHVisio
1806 4021 1967 4074 quam
2016 4005 2148 4061 vidit

574 4093 746 4149 isaias
775 4093 815 4158 ⁵,
845 4104 919 4156 ct,
957 4096 1147 4147 Sermo
1174 4095 1265 4164 qui
1284 4100 1455 4150 tactus
1481 4105 1566 4150 est
1598 4100 1664 4152 ad
1693 4096 1904 4154 lsaiam.
1938 4096 2146 4166 Qttaaris

571 4197 627 4238 ut
663 4185 880 4238 discas?
908 4183 1190 4252 Propheta:
1228 4186 1588 4255 loquebantur
1614 4189 1680 4242 ad
1716 4189 1880 4244 duros
1903 4191 2064 4246 corde
2092 4201 2147 4246 et

567 4275 968 4340 inobedientes,
996 4288 1052 4332 et
1081 4277 1199 4331 ideo
1236 4277 1505 4345 dicebant,
1540 4280 1722 4335 divina
1755 4292 1838 4337 est
1880 4282 2039 4351 visio,
2092 4295 2149 4339 et

570 4385 750 4426 sermo
786 4380 867 4425 est
898 4385 962 4424 ex
1003 4370 1130 4436 Deo,
1162 4381 1218 4424 ut
1252 4371 1470 4426 timeret
1507 4373 1764 4442 pepuius,
1801 4387 1978 4431 etnon
2012 4393 2145 4432 con-

573 4471 836 4517 tcmneret
864 4463 1029 4518 dicta.
1058 4463 1340 4519 Matthznus
1361 4473 1561 4532 autem,
1587 4481 1890 4525 sermonem
1914 4470 2146 4528 habebat

2246 605 2340 661 καὶ
2380 605 2486 658 ἀπὸ
2530 604 2809 672 θεολογίας
2848 602 3075 674 ἤρξατο.
3113 599 3267 654 Ἐπεὶ
3307 600 3416 673 γὰρ
3455 601 3505 654 οί
3544 600 3702 655 ἄλλοι
3743 599 3838 654 οὐκ

2245 699 2604 771 ιμνήσθησαν
2627 700 2728 769 τῆς
2761 699 2866 769 πρὸ
2889 695 3102 752 αιὼνων
3127 695 3416 767 ὑπάρξεως
3442 693 3537 748 τοῦ
3568 693 3709 747 Θεοῦ
3743 693 3838 748 M.

2244 808 2363 862 γου,
2389 791 2549 855 αὐτὸς
2578 791 2900 860 εθεολόγησε
2925 790 3054 859 περὶ
3082 788 3309 859 ταύτης,
3337 789 3423 841 ῐνα
3449 788 3525 858 μὴ
3552 787 3836 858 νομισθείη

2244 887 2273 939 ὁ
2309 885 2404 938 τοῦ
2445 883 2579 938 Θεοῦ
2625 884 2819 950 Λόγος,
2858 881 3011 950 ψιλὸς
3051 879 3342 952 ἄνθρωπος
3382 877 3544 943 εἶναι,
3589 880 3837 933 τουτέστι

2243 978 2364 1049 δίχα
2399 977 2671 1047 θεότητος.
2731 973 3010 1036 Ματθαϊος
3037 973 3147 1041 γὰρ
3179 974 3308 1044 περὶ
3339 972 3439 1041 τῆς
3469 971 3615 1026 κατὰ
3656 972 3837 1043 σάρκα

2247 1076 2417 1147 μόνης
2456 1072 2746 1142 ὑπάρξεως
2775 1072 2870 1124 τοῦ
2905 1070 3144 1142 Χριστοῦ
3174 1069 3486 1137 διαλέγεται
3513 1085 3526 1099 °
3562 1068 3701 1139 πρὸς
3733 1070 3836 1139 γὰρ

2254 1167 2540 1238 Ἑϐραίους
2585 1167 2846 1237 ἔγραφεν,
2893 1158 2977 1228 οἷς
3024 1162 3256 1234 ἀρκετὸν
3297 1157 3368 1233 ἦν
3413 1162 3472 1214 τὸ
3518 1162 3714 1232 μαθεῖν
3758 1162 3836 1214 δτι

2243 1262 2354 1315 ἀπὸ
2390 1259 2641 1332 Ἀϐρααμ
2678 1260 2774 1312 καὶ
2810 1258 2976 1311 Δαυῖδ
3014 1255 3280 1326 ἐγεννήθη
3319 1255 3348 1308 δ
3387 1254 3645 1324 Χριστός.
3686 1255 3837 1308 Ἀνα-

2245 1354 2491 1408 παύεται
2511 1353 2620 1424 γὰρ
2645 1354 2673 1405 δ
2703 1350 2761 1416 ἐξ
2796 1350 3068 1422 Ἐϐραίων
3096 1348 3395 1412 πιστεύσας
3415 1389 3430 1413 ,
3462 1349 3596 1401 ὅταν
3627 1349 3835 1417 πληροο

2244 1443 2456 1515 φορηθῇ
2487 1444 2567 1496 ὅτι
2604 1443 2712 1496 ἀπὸ
2741 1441 2906 1494 Δαυῖδ
2941 1441 3092 1494 εστιν
3121 1442 3148 1493 ὁ
3182 1436 3417 1509 Χριστός
3445 1456 3458 1469 ·
3493 1438 3628 1491 ἀλλὰ
3659 1438 3837 1505 λέγεις

2246 1556 2358 1608 μοι,
2385 1539 2486 1600 δτι,
2515 1537 2613 1591 οὐκ
2640 1537 2800 1607 ἢρκει
2842 1530 2920 1597 εἷς
2952 1532 3382 1603 εὐαγγελιστὴςς
3406 1534 3608 1586 Ἀκουε
3634 1532 3834 1594 τοίνυν,

2241 1632 2321 1684 δτι
2348 1632 2511 1702 ἢρκει
2545 1630 2664 1699 μὲν,
2693 1629 2809 1682 ἀλλ’
2833 1628 2920 1681 δια
2947 1627 3136 1699 δειχθῇ
3171 1627 3371 1697 μᾶλλον
3395 1628 3428 1695 ἡ
3461 1625 3720 1696 ἀλήθεια,
3747 1626 3832 1677 διὰ

2240 1724 2398 1776 τοῦτο
2438 1721 2703 1792 τέσσαρες
2745 1719 3200 1790 συνεχωρήθησαν
3238 1718 3466 1786 γράψαι.
3518 1717 3692 1770 Ὅταν
3735 1717 3837 1785 γὰρ

2244 1813 2358 1887 ἴδῃς
2392 1812 2615 1875 τούτους
2650 1811 2776 1874 τοὺς
2812 1809 3119 1880 τέσσαρας,
3159 1811 3236 1879 μὴ
3273 1808 3664 1873 συνελθόντας,
3709 1808 3838 1879 μηδὲ

2174 1881 2214 1939 Β
2245 1881 2692 1974 «diuersam;
2739 1901 3012 1967 ἀλλήλοις,
3056 1900 3353 1954 arma».
3399 1898 3638 1967 ἀλλαχοῦ
3688 1898 3837 1962 ὄντα,

2241 1996 2363 2052 εἶτα
2391 1999 2710 2068 γράψαντας
2739 1995 2866 2066 περὶ
2896 1996 3000 2049 τῶν
3027 1995 3208 2048 αὐτῶν
3233 1993 3424 2064 ὥσπερ
3453 1993 3546 2061 ἀφ’
3570 1993 3693 2056 ἑνὸς
3725 1995 3840 2045 στί-

2245 2108 2438 2161 ματος,
2473 2092 2574 2143 οὐκ
2611 2090 2678 2142 ἂν
2713 2088 3024 2157 θαυμάσαις
3059 2087 3161 2156 τὴν
3194 2083 3290 2138 τοῦ
3331 2083 3672 2153 Εὑαγγελίου
3709 2082 3839 2152 ἁλήο

2243 2183 2414 2244 θειαν,
2446 2184 2541 2236 καί⁵
2570 2184 2748 2243 εἴποις
2777 2181 2852 2244 ὡς
2885 2183 2950 2233 lx
2987 2178 3303 2254 Πνεύματος
3338 2177 3495 2244 ἁγίου
3528 2174 3836 2245 ἑλόλησαν;

2243 2277 2335 2328 καὶ
2371 2275 2445 2343 μή
2485 2290 2577 2338 μοι
2611 2271 2736 2338 λέγε
2770 2273 2854 2324 ὅτι
2885 2271 2985 2340 οὐχ
3015 2267 3394 2339 όμοφωνοῦσιν
3426 2268 3485 2319 ἑν
3519 2269 3694 2319 πᾶσιν
3717 2282 3730 2296 ο
3764 2264 3836 2317 [δε

2243 2367 2351 2436 γὰρ
2385 2369 2440 2419 iv
2469 2367 2609 2418 τίσιν
2637 2365 2738 2432 οὐχ
2767 2361 3169 2433 ὀμοφωνοῦσιν.
3207 2355 3354 2430 Ἀρα
3383 2361 3410 2412 ὁ
3441 2359 3542 2428 μὶν
3573 2352 3732 2410 εἴπεν
3760 2357 3838 2410 δτι

2244 2457 2506 2527 ἐγεννήθη
2529 2458 2556 2508 ὁ
2588 2456 2842 2526 Χριστὸς,
2876 2455 2903 2505 0
2933 2453 2989 2507 δὲ
3022 2453 3166 2520 λέγει
3200 2453 3281 2505 ὅτι
3311 2449 3405 2517 06;
3443 2451 3514 2503 ’Ἡ
3545 2452 3573 2502 ό
3609 2451 3731 2520 μὲν,
3761 2450 3841 2503 ὅτι

2242 2552 2464 2621 ἀνέστη,
2499 2553 2526 2604 ὀ
2557 2551 2636 2614 δὲ,
2665 2551 2744 2602 ὅτι
2775 2547 2872 2613 06;
2905 2545 2996 2616 Μὴ
3031 2546 3263 2614 γένοιτο.
3301 2542 3392 2596 Ἐν
3423 2544 3534 2612 γὰρ
3563 2545 3678 2604 τοῖς
3713 2543 3843 2596 ἀνα-

2243 2643 2583 2712 γκαιοτέροις
2622 2643 2714 2696 καὶ
2749 2639 3102 2709 κυριωτέροις
3133 2636 3533 2708 όμοφωνοῦσιν.
3568 2637 3629 2690 Et
3659 2637 3839 2691 τοίνυν

2244 2735 2302 2786 ὲν
2326 2736 2437 2796 τοῖς
2465 2733 2822 2802 κυριωτέροις
2846 2732 2906 2784 06
2928 2730 3311 2800 διηνέχθησαν,
3339 2731 3388 2783 τί
3413 2729 3721 2802 θαυμάζεις
3745 2729 3838 2782 εὰν

2242 2829 2299 2879 ὲν
2333 2827 2442 2887 τοῖς
2481 2823 2782 2892 ιλαχίστοις
2819 2822 3017 2876 δοκῶσι
3055 2821 3423 2887 διαλλάττεινς
3458 2824 3535 2874 Δι’
3566 2821 3701 2875 αὐτὸ
3734 2821 3839 2891 γὰρ

2242 2918 2400 2972 τοῦτο
2437 2917 2636 2987 μᾶλλον
2663 2916 3047 2986 ἀληθεύουσιν,
3077 2915 3159 2968 ὅτι
3194 2915 3270 2986 μὴ
3303 2915 3444 2967 κατὰ
3476 2915 3656 2967 πάντα
3688 2914 3838 2984 ὠμο-

2245 3008 2525 3078 φώνησαν.
2564 3007 2960 3077 Ἑνομίσθησαν
3000 3007 3110 3075 γὰρ
3151 3005 3238 3069 ἂν,
3285 3006 3366 3057 ὅτι
3408 3003 3840 3071 συγκαθίσαντες

2242 3101 2493 3169 ἀλλήλοις
2525 3101 2621 3154 καὶ
2679 3098 3220 3169 συμδουλευσάμενοι
3259 3095 3507 3166 ἔγραψαν
3527 3112 3540 3124 ’
3575 3094 3670 3146 νῦν
3699 3093 3786 3159 δὲ,
3813 3091 3858 3145 δ.

2244 3191 2573 3261 παρίλειψεν
2599 3185 2776 3255 οὗτος,
2805 3189 3042 3258 ἔγραψεν
3067 3190 3300 3253 ἐκεῖνος,
3328 3188 3424 3241 καὶ
3452 3185 3543 3238 διὰ
3570 3185 3731 3238 τοῦτο
3756 3184 3838 3237 θο-

2247 3284 2433 3338 κοῦσιν
2454 3286 2510 3338 ὲν
2532 3283 3001 3338 τισὶδιαλλάττειν
3021 3297 3034 3310 ⁸
3063 3282 3159 3336 καὶ
3182 3281 3355 3338 ταῦτα
3383 3279 3482 3351 μὲν
3503 3278 3702 3344 οὕτως.
3722 3279 3841 3349 Ἀρ-

2248 3377 2467 3448 ξώμεθα
2495 3377 2550 3430 δὲ
2582 3377 2682 3447 ἤδη
2710 3377 2804 3429 τοῦ
2834 3375 3021 3444 ὕφους.

2859 3600 3107 3655 ΚΕΦΔΛ.
3152 3597 3230 3653 Ᾱ’.

2533 3714 2671 3783 Περὶ
2706 3715 3100 3782 γενεαλογίας
3134 3711 3241 3766 τοῦ
3278 3711 3560 3782 Χριστοῦ.

2327 3851 2344 3882 ε
2378 3829 2569 3894 Βίϐλος
2594 3829 2882 3898 γενέσεως.
2921 3846 2937 3877 ι
2966 3826 3124 3888 Τίνος
3147 3825 3335 3878 ἕνεκεν
3357 3824 3459 3879 οὐκ
3485 3820 3662 3892 εἶπεν,
3710 3824 3839 3896 δρα-

2251 3939 2336 3986 σις
2368 3922 2599 3993 ἢλόγος,
2633 3921 2822 3991 ὥσπερ
2854 3921 2902 3972 0l
2936 3919 3254 3989 προφῆταις
3291 3917 3528 3971 Ἐκεῖνοι
3562 3917 3670 3988 γὰρ
3703 3917 3842 3970 οὕτω

2250 4015 2626 4084 προέγραφον·
2680 4012 2868 4083 ὅρασις
2899 4010 2966 4081 ἣν
2995 4005 3135 4062 εἶδεν
3159 4010 3408 4076 Ἡσαΐας,
3439 4011 3536 4063 καὶ
3567 4012 3595 4063 ὁ
3623 4010 3784 4078 λόγος
3815 4010 3843 4062 ό

2249 4107 2538 4175 γενόμενος
2581 4106 2718 4175 πρὸς
2754 4105 3002 4161 Ἡσαΐαν.
3052 4104 3211 4167 Τίνος
3255 4104 3464 4168 ἕνεκεν,
3507 4101 3694 4174 ζητεῖς
3738 4119 3842 4173 μα·

2248 4198 2388 4264 θεϊν;
2433 4197 2578 4250 Διότι
2626 4199 2674 4249 οἱ
2728 4197 2826 4266 μὲν
2871 4196 3151 4266 προφῆται
3198 4196 3333 4265 πρὸς
3380 4195 3844 4267 σκληροκαρδίους

2248 4289 2550 4356 διελιγοντο
2589 4290 2685 4341 καὶ
2727 4288 2994 4352 ἀπειθεῖς,
3040 4289 3137 4342 καὶ
3178 4288 3267 4342 διὰ
3305 4287 3465 4342 τοῦτο
3509 4288 3719 4357 ελεγον,
3763 4289 3843 4343 ὅτι

2250 4383 2438 4450 ὅρασίς
2477 4383 2592 4433 ἐστι
2635 4379 2786 4445 θεία,
2823 4381 2917 4433 καὶ
2949 4381 3030 4432 δτι
3068 4379 3225 4447 λόγος
3260 4380 3407 4433 ἐστὶν
3440 4381 3506 4434 ὲκ
3539 4380 3678 4434 Θεοῦ
3708 4399 3721 4412 ·
3761 4380 3846 4434 ῐνα

2251 4473 2460 4543 φοϐηθῇ
2488 4475 2514 4525 ὁ
2541 4472 2703 4535 λαὸς,
2730 4473 2823 4524 καὶ
2853 4472 2928 4542 μὴ
2956 4471 3344 4542 καταφρονῶσι
3373 4472 3480 4526 τῶν
3504 4471 3838 4544 λεγομένων.

575 4553 642 4606 ad
672 4555 944 4619 credulos,
1005 4567 1188 4626 gratos
1242 4568 1299 4612 et
1357 4559 1695 4622 obedientes.
1758 4578 1812 4617 ct
1863 4576 2142 4635 propterea

2266 4565 2322 4618 Ὀ
2351 4566 2405 4618 δὲ
2438 4565 2736 4625 Ματθαῐος,
2767 4564 2902 4634 πρὸς
2930 4564 3252 4634 ἀνθρώπους
3277 4561 3391 4636 εἶχε
3419 4567 3840 4628 πιστεύσαντας,

575 4645 708 4700 nihil
741 4645 845 4700 tale
878 4647 1148 4714 praedixit,
1175 4651 1332 4717 quale
1373 4653 1664 4718 pr0pheta3.
1696 4652 1918 4711 Possem
1968 4668 2147 4713 autem

572 4745 626 4789 et
643 4736 784 4790 aliud
808 4735 1009 4801 dicere,
1026 4739 1168 4808 quod
1190 4742 1462 4809 prOpItctm
1483 4755 1660 4798 mente
1681 4745 1934 4803 videbant
1955 4764 2016 4802 ea
2029 4765 2148 4819 qua)

571 4827 847 4893 videbant,
888 4828 1091 4898 Spiritu
1130 4840 1321 4886 sancto
1359 4835 1746 4903 apparitionem
1803 4837 2054 4904 faciente,
2095 4850 2151 4897 et

574 4929 859 4990 propterea
922 4923 1158 4978 visiones
1190 4926 1479 4981 vocabant.
1513 4927 1797 4985 Mattlmus
1827 4942 2005 4989 autem
2038 4949 2143 4990 non

573 5012 904 5081 mentaiiter,
945 5024 999 5069 et
1070 5031 1164 5084 per
1207 5017 1599 5086 apparitionem
1654 5021 1928 5084 Christum
1990 5025 2142 5092 vidit,

574 5105 667 5159 sed
711 5106 1067 5174 corporaliter
1095 5121 1218 5162 cum
1251 5123 1315 5162 eo
1349 5107 1466 5173 fuit,
1498 5118 1549 5163 et
1597 5113 1927 5168 sensibiliter
1976 5116 2150 5172 audiit

574 5212 724 5260 eum,
745 5189 934 5252 videns
950 5213 1072 5252 eum
1098 5198 1148 5253 in
1173 5214 1338 5254 carne
1368 5217 1382 5254 :
1409 5210 1461 5255 et
1479 5201 1682 5257 idcirco
1706 5217 1814 5258 non
1835 5204 1986 5273 dicit,
2009 5207 2145 5263 visio

577 5305 738 5359 quam
778 5289 833 5360 Α
867 5292 994 5354 vidi,
1029 5292 1129 5346 hoc
1154 5301 1258 5358 est,
1281 5292 1567 5362 apparitio,
1611 5295 1728 5361 sed,
1758 5315 1776 5348 ι
1799 5294 1962 5354 Liber
1981 5316 2148 5372 gene-

578 5381 808 5436 rationis
835 5379 984 5438 Jtesu.
1029 5399 1049 5437 ι
1093 5381 1300 5439 Nomen
1343 5382 1469 5439 Jesu
1501 5401 1606 5439 non
1632 5396 1713 5441 est
1742 5375 2014 5456 Graecum,
2053 5393 2146 5446 sed

578 5465 926 5535 llcbraicum,
953 5480 1006 5524 et
1034 5472 1448 5542 interpretatur,
1483 5472 1756 5530 Salvator.
1796 5476 1958 5533 Jesua
2003 5481 2147 5534 enim

578 5558 724 5614 salus
783 5563 926 5630 apud
985 5561 1240 5619 Hebrmos
1297 5566 1514 5621 dicitur.
1550 5585 1569 5619 ι
1614 5568 1890 5625 Christi.»
1946 5571 2147 5628 Christi

581 5650 897 5707 dicebantur
923 5667 1077 5725 rcges
1107 5667 1163 5712 et
1184 5659 1518 5716 sacerdotes.
1563 5661 1964 5734 lnungebantur
2003 5668 2146 5723 enim

647 5859 672 5892 ⁸
697 5858 809 5917 Isa.
847 5881 902 5934 v,
920 5865 1009 5921 21.

2257 4658 2351 4710 καὶ
2388 4657 2738 4727 εὐγνώμονας
2773 4658 2870 4711 καὶ⁷
2900 4658 3195 4722 εὐπειθεῖς.
3232 4659 3342 4712 Καὶ
3371 4659 3461 4712 διὰ
3494 4657 3654 4712 τοῦτο
3691 4657 3843 4712 οὐδὲν

2255 4750 2495 4804 τοιοῦτον
2521 4752 2802 4820 προεῖπεν,
2829 4745 2940 4803 οἷον
2962 4753 3012 4805 0i
3040 4753 3354 4822 προφῆται·
3392 4752 3500 4822 ἔχω
3523 4752 3580 4806 δὲ
3606 4754 3703 4805 καὶ
3728 4753 3845 4806 ἓτε-

2257 4843 2350 4914 ρόν
2382 4860 2434 4895 τι
2475 4845 2669 4905 είπεῖν,
2702 4844 2783 4896 ὅτι
2825 4846 2874 4897 0i
2918 4844 3019 4913 μεν
3056 4845 3335 4914 προφῆται
3369 4844 3576 4914 νοητῶς
3616 4844 3848 4898 ἔϐλεπον

2254 4935 2398 5005 ἅπερ
2441 4934 2704 4999 ἔϐλεπον,
2750 4938 3153 5007 φανταζόμενοι
3193 4936 3370 4990 ταῦτα
3417 4935 3506 4989 διὰ
3545 4936 3640 4990 τοῦ
3685 4937 3846 5006 ἁγίου

2253 5027 2570 5098 Πνεύματος
2593 5044 2605 5058 ·
2637 5028 2718 5082 διὸ
2742 5029 2835 5082 καὶ
2856 5029 3075 5099 ὁράσεις
3100 5029 3273 5082 ταῦτα
3301 5029 3487 5098 ελεγον
3510 5045 3523 5058 ⁸
3550 5031 3580 5082 ό
3603 5028 3661 5082 δὲ
3692 5029 3846 5083 Ματ-

2252 5117 2424 5182 θαῖος,
2465 5118 2524 5170 οὐ
2569 5119 2775 5188 venui);
2814 5115 2921 5172 εἶδε
2963 5118 3054 5172 τὶν
3094 5118 3351 5190 Χριστὸν,
3390 5117 3483 5172 καὶ
3525 5117 3844 5188 ὲφαντάσθη

2251 5209 2446 5275 αὑτὸν,
2499 5208 2912 5279 ἁλλάίσθηττῶς
2963 5209 3112 5279 αὐτῷ
3163 5209 3366 5280 συνῆν,
3417 5209 3514 5262 καὶ
3564 5208 3844 5278 αἰσθητῶς

2251 5303 2448 5374 ἤκουεν
2475 5300 2660 5367 αὑτοῦ,
2689 5300 2903 5370 βλέπων
2929 5302 3094 5357 αὑτὸν
3124 5303 3182 5354 ὲν
3211 5300 3395 5372 σαρκί.
3423 5301 3524 5352 Διὰ
3549 5300 3713 5354 τοῦτο
3736 5301 3846 5354 τοί-

2249 5412 2343 5448 νυν
2368 5395 2467 5448 οὐκ
2496 5389 2670 5459 εἶπεν,
2703 5395 2892 5463 ὅρασις
2945 5394 3011 5464 ην
3048 5390 3207 5458 εἶδον,
3229 5395 3344 5464 ἦτοι
3367 5392 3662 5462 φαντασία,
3681 5394 3840 5460 ἀλλὰ,

2258 5506 2275 5539 ι
2315 5487 2501 5550 Βίϐλος
2520 5487 2786 5554 γενέσεως
2819 5506 2837 5538 ι
2861 5485 3057 5554 Ἰησοῦ.
3080 5487 3153 5540 T0
3170 5485 3372 5556 Ἰησοῦς
3389 5487 3583 5556 ὄνομα,
3609 5487 3842 5557 οὐχἘλ·

2249 5579 2468 5649 ληνικόν
2500 5580 2667 5642 ἐστιν,
2697 5578 2811 5638 ἀλλ’
2846 5577 3136 5648 Ἐϐραῖκόν
3164 5595 3176 5607 ·
3212 5578 3581 5650 ἑρμηνεύεται
3610 5578 3689 5645 δὲ,
3724 5581 3842 5634 Σω-

2254 5673 2380 5744 τήρ.
2415 5671 2540 5725 ἰαὼ
2568 5671 2677 5742 γὰρ
2706 5673 2737 5742 ἡ
2769 5671 3013 5744 σωτηρία
3048 5673 3197 5745 παρὰ
3227 5676 3338 5737 τοῖς
3373 5671 3650 5744 Ἑϐραίοις
3678 5673 3838 5745 λέγει
