4034 6648
274 565 372 631 157

950 561 1404 624 ENARRATIO
1439 560 1522 622 ΙΝ
1561 559 1863 623 EVANGE

1970 561 2073 622 ΗΜ
2113 561 2507 625 ΜΔΤἸῊΕῘ.
2547 587 2620 600 --
2657 561 2820 624 CAP.
2860 561 2914 623 Ι.

3471 557 3579 626 158

267 676 480 751 σῖρὸδρα
511 676 704 740 πιστὸς
756 686 825 746 ην
897 676 1010 738 τοῖς
1041 676 1142 746 μὲν
1184 673 1294 744 γὰρ
1345 672 1573 742 ποιμέσι
1610 671 1863 742 φανερῶς

1974 683 2132 744 paret
2169 676 2245 738 ei,
2286 674 2431 742 quod
2482 673 2535 726 in
2571 671 2677 727 nde
2720 669 2951 726 multum
2987 676 3133 726 esset
3180 670 3393 726 ﬁrmus.
3442 669 3581 728 Nam

261 773 544 845 ὡμίλησεν
590 769 620 822 δ
675 767 930 840 ἄγγελος,
975 767 1054 830 ὡς
1103 765 1406 837 ἀγροίκοις·
1436 763 1614 835 τούτῳ
1656 763 1735 828 δὲ,
1789 762 1866 823 ὡς

263 868 460 936 δικαίῳ
497 865 592 919 καὶ
625 861 826 934 πιστῷ,
860 861 983 916 καθ’
1016 859 1187 913 ὕπνου
1209 875 1223 888 ⁸
1259 860 1377 921 πῶς
1419 858 1475 912 δὲ
1523 858 1625 911 οὐκ
1669 856 1865 927 ἔμελλε

265 957 585 1019 πιστεῦσαι,
614 958 748 1008 ὅταν
780 958 809 1008 ό
853 952 1086 1023 ἄγγελος
1117 951 1399 1005 ἐδίδασκεν
1434 952 1603 1005 αὑτὸν
1629 951 1759 1019 περὶ
1789 944 1866 1004 ὧν

263 1051 432 1113 αὐτὸς
490 1049 633 1103 κατὰ
688 1048 931 1102 διάνοιαν
983 1041 1120 1115 εἶχε,
1150 1044 1245 1098 καὶ
1277 1039 1511 1115 περἰὧν
1557 1046 1657 1098 οὐκ
1683 1045 1864 1110 ἐξεῖπε
1921 1112 1924 1115 ι

261 1158 410 1207 τινες
453 1138 891 1212 Ἐνθυμηθέντος
938 1136 1049 1208 γὰρ
1080 1134 1271 1198 αὑτοῦ,
1319 1135 1434 1189 ἀλλ’
1480 1137 1581 1188 ούκ
1635 1128 1867 1206 ἐκλαλήο

261 1251 481 1298 σαντος,
533 1232 824 1300 ἐφίσταται
891 1228 1041 1298 αύτῷ
1093 1229 1121 1280 ὁ
1160 1228 1416 1298 ἄγγελοςο
1473 1228 1704 1290 εἰκότως
1767 1223 1864 1280 οὖν

259 1327 589 1382 δπίστευσεν
627 1324 712 1378 ὅτι
742 1324 807 1375 ὲκ
829 1321 967 1374 Θεοῦ
998 1322 1137 1373 ἐστι·
1172 1317 1309 1373 Θεοῦ
1343 1321 1455 1391 γὰρ
1492 1321 1554 1373 τὸ
1587 1322 1655 1373 τὰ
1691 1320 1863 1392 ἀπόρ-

261 1421 405 1490 ρητα
459 1415 683 1470 ειδέναι.
721 1433 740 1466 ι
807 1413 1008 1483 Ἰωσὴφ
1057 1412 1174 1474 υίὸς
1220 1411 1468 1464 Audiam
1528 1411 1658 1464 Υἱὸν
1699 1408 1866 1462 Δαυῒδ

259 1508 418 1564 εἶπεν
439 1508 626 1569 αὐτὸν,
661 1505 1102 1576 ἀναμιμνήσκων
1130 1503 1317 1570 αὑτὸν,
1352 1505 1438 1557 ὅτι
1461 1506 1525 1557 ὲκ
1557 1504 1654 1557 τοῦ
1689 1505 1861 1574 σπέρ-

260 1621 442 1675 ματος
491 1599 659 1655 Δαυῒδ
713 1598 1132 1672 προεφήτεύετο
1165 1598 1193 1649 ό
1225 1598 1463 1668 Χριστὸς
1496 1597 1739 1650 ἔσεσθαιο
1769 1597 1863 1650 καὶ

255 1695 488 1750 τοιαῦτα
554 1693 752 1761 λέγων,
813 1691 918 1755 ὅτι,
967 1689 1041 1760 μὴ
1098 1688 1345 1752 ἀπίστει,
1373 1687 1706 1759 ἐνθυμηθεὶς
1764 1688 1860 1741 τοῦ

253 1786 446 1848 Δαυτδ,
473 1785 530 1848 ὃς
555 1764 892 1852 ὶπαγγελίαν
911 1780 1130 1844 ἐδέξατο
1157 1783 1288 1853 περὶ
1318 1782 1413 1834 τοῦ
1433 1781 1694 1852 Χριστοῦ.
1725 1800 1743 1832 ι
1769 1782 1861 1852 Μὴ

254 1876 503 1947 φοϐηθῇς
543 1875 910 1946 παραλαϐεῖν.
958 1892 976 1925 ι
1010 1872 1592 1937 Δείκνυσινέντεῦθεν,
1618 1875 1699 1927 ὅτι
1733 1876 1862 1942 ὲφο-

254 1968 411 2022 σεῐτο
440 1966 612 2038 αὐτὴν
647 1966 814 2036 ἔχειν,
851 1967 926 2035 μή
967 1982 1086 2027 πως
1117 1966 1474 2038 προσκρούσῃ
1501 1965 1578 2036 τῷ
1614 1965 1753 2036 Θεῷ,
1783 1965 1860 2029 ὼς

1970 765 2196 836 angelus
2220 765 2436 833 quidem
2471 763 2812 832 pastoribus,
2837 769 2896 814 ut
2918 761 3256 834 agrestibus,
3287 761 3583 819 manifeste

1970 857 2186 914 locutus
2212 865 2298 910 est
2329 874 2344 911 :
2384 856 2511 910 huic
2538 865 2721 910 autem
2757 864 2814 908 ιιι
2844 852 2993 924 justo
3019 862 3074 908 et
3104 853 3273 918 tideli,
3307 869 3406 923 per
3432 869 3584 910 som-

1969 967 2120 1006 num.
2172 949 2456 1015 Quomodo
2488 954 2671 1003 autem
2709 962 2821 1013 non
2863 946 3177 1000 crediturus
3229 955 3410 1009 esset,
3453 962 3580 1002 eum

1968 1042 2195 1113 angelus
2220 1043 2442 1095 doceret
2484 1055 2607 1096 eum
2643 1041 2711 1093 de
2745 1039 2812 1093 iis
2852 1055 2973 1110 qua:
3010 1040 3122 1106 ipse
3165 1042 3350 1094 animo
3394 1056 3582 1106 versa-

1967 1136 2092 1200 bat,
2140 1144 2194 1189 et
2245 1135 2311 1188 de
2355 1133 2420 1186 iis
2465 1147 2586 1202 qua:
2636 1131 2766 1185 nul'i
2809 1129 3073 1186 dixerat?
3112 1129 3248 1184 Nam
3295 1147 3417 1186 cum
3464 1134 3584 1202 ipse

1968 1228 2238 1298 cogitaret
2279 1236 2329 1280 et
2385 1241 2489 1279 non
2524 1225 2861 1294 loqueretur,
2897 1225 3070 1278 astitit
3107 1224 3356 1292 angelus.
3386 1222 3582 1280 Merito

1966 1304 2134 1390 igitur
2165 1318 2394 1374 credidit
2430 1332 2492 1372 ex
2530 1316 2639 1372 Deo
2673 1331 2817 1373 esse.
2855 1315 2946 1370 Dei
2985 1317 3131 1371 enim
3165 1328 3248 1370 est
3277 1318 3422 1372 scire
3456 1333 3580 1388 qua

1967 1429 2074 1468 non
2099 1411 2347 1467 eﬂamnr.
2376 1430 2394 1464 ι
2427 1410 2628 1480 Joseph
2661 1411 2730 1464 [ili
2755 1411 2943 1465 David.
2981 1429 2998 1462 ι
3030 1409 3225 1465 Filium
3257 1411 3424 1466 David
3452 1426 3578 1467 eum

1966 1503 2126 1567 dixit,
2153 1502 2206 1555 in
2238 1502 2557 1556 memoriam
2591 1502 2857 1555 reducens
2889 1501 3034 1570 quod
3066 1517 3100 1570 p
3121 1503 3406 1556 razdictum
3436 1512 3580 1569 erat,

1965 1593 2209 1648 futurum
2245 1592 2524 1648 Christum
2553 1608 2619 1648 ex
2647 1593 2857 1648 semine
2884 1593 3078 1647 David.
3121 1595 3186 1648 Et
3215 1595 3332 1650 hac
3361 1594 3576 1660 dicens,
3638 1635 3640 1638 μ

1965 1686 2248 1740 admonuit
2283 1695 2342 1740 ut
2376 1700 2483 1740 non
2521 1685 2879 1752 diserederet,
2942 1686 3038 1740 sed
3072 1689 3339 1757 cogitaret
3382 1687 3577 1755 David,

1964 1777 2056 1850 qui
2087 1777 2507 1848 promissionem
2541 1787 2832 1847 acceperat
2853 1779 2919 1834 de
2943 1779 3188 1836 Christo.
3221 1800 3238 1833 ι
3274 1780 3352 1836 Ne
3382 1783 3581 1836 timeas

1964 1873 2235 1942 accipere.
2284 1891 2302 1924 ι
2333 1870 2584 1927 Ostendit
2611 1872 2698 1926 hic
2727 1872 2869 1940 quod
2908 1876 3166 1928 metuerit
3196 1874 3398 1928 habere
3428 1890 3576 1941 eam,

1967 1981 2032 2020 ne
2069 1963 2208 2019 forte
2234 1962 2532 2020 oﬂ‘enderet
2559 1962 2756 2026 Deum,
2784 1963 2861 2018 uti
2893 1965 3204 2019 adulteram
3240 1964 3453 2031 fovens,
3485 1975 3583 2020 aut

257 2060 549 2132 μοιχαλίδα
576 2060 737 2129 ἔχων.
775 2061 848 2112 Ἥ
879 2060 974 2111 καὶ
1004 2057 1218 2123 ἄλλως,
1261 2059 1335 2129 μὴ
1382 2060 1653 2130 φοϐηθῇς,
1699 2078 1857 2113 τουτο

1970 2056 2143 2112 aliter.
2176 2055 2253 2111 Ne
2286 2057 2504 2120 timeas,
2536 2056 2639 2110 hoc
2671 2065 2777 2119 est,
2811 2065 2866 2108 tu
2899 2055 3118 2124 quidem
3154 2055 3316 2110 times
3347 2055 3572 2125 adiungi

253 2155 398 2217 ἐστι,
433 2153 497 2205 σὺ
529 2153 627 2222 μὲν
659 2151 799 2222 φοϐῇ
839 2151 1229 2220 προσάψασθαι
1257 2151 1455 2220 αὐτῆς,
1489 2151 1564 2214 ὡς
1593 2154 1656 2205 ὲκ
1683 2151 1858 2207 Πνεῦ-

257 2262 436 2314 ματος
478 2245 636 2313 ἀγίου
687 2241 1080 2311 συλλύούσηςο
1112 2243 1249 2296 ἀλλὰ
1283 2245 1358 2313 μὴ
1391 2243 1562 2313 φοϐοῦ
1596 2247 1852 2315 παραλα-

251 2339 396 2403 ϐεῖν,
441 2337 746 2402 τουτέστιν,
779 2337 928 2391 ἔνδον
963 2339 1240 2406 κατέχεινο
1272 2341 1338 2409 τῇ
1375 2338 1481 2409 γὰρ
1507 2338 1721 2409 διανοίᾳ
1755 2337 1855 2393 καὶ

252 2434 322 2502 τῇ
355 2430 654 2501 δνθυμήσει
713 2429 812 2502 ήδη
856 2431 1126 2484 ἀπέλυσεν
1170 2432 1365 2503 αὑτήν.
1423 2451 1442 2484 ι
1484 2429 1719 2502 Μαριὰμ
1761 2431 1861 2504 τὴν

252 2523 495 2590 γυναῖκά
525 2539 644 2577 σου.
686 2538 705 2571 ι
767 2519 941 2575 Τοῦτο
984 2520 1262 2590 λέγειὸτι,
1308 2522 1382 2574 Σὺ
1436 2521 1539 2592 μὲν
1593 2523 1725 2587 ἴσως
1775 2540 1860 2575 νο-

257 2613 442 2685 μίξεις
482 2614 567 2666 ὅτι
611 2613 864 2683 μοιχαλίς
920 2615 1094 2668 ἐστιν.
1142 2614 1287 2681 Ἐγὼ
1346 2615 1402 2668 δὲ
1459 2615 1605 2683 λέγω
1649 2632 1732 2668 σοι
1772 2617 1854 2669 ὃτι

251 2688 393 2773 γυνή
427 2704 521 2756 σού
559 2704 1050 2780 ὲστι.-Τουτέστιν,
1098 2707 1198 2776 οὐχ
1250 2706 1356 2759 ὑπό
1388 2723 1534 2770 τινος
1564 2707 1857 2777 διεφθάρη,

253 2794 396 2850 ἀλλὰ
421 2796 486 2866 σή
519 2798 634 2849 ἐστι
667 2796 905 2866 μνηστή.
943 2815 960 2847 ι
999 2796 1072 2849 Τὸ
1105 2808 1217 2867 γαρ
1263 2797 1321 2848 ἐν
1382 2798 1527 2868 αὐτῇ
1562 2798 1851 2867 γεννηθὲν,

254 2892 324 2944 ἐκ
353 2889 676 2960 ΙῘνεύματός
705 2892 853 2942 ἐστιν
895 2890 1074 2958 ἁγίου.
1116 2909 1134 2941 ι
1173 2891 1246 2942 Ού
1282 2890 1392 2962 γὰρ
1427 2893 1587 2960 μόνον
1607 2891 1858 2961 ἀπήλλα-

256 2989 383 3036 κται
431 2983 753 3053 παρανόμου
797 2981 1020 3052 μίξεως,
1060 2981 1195 3034 ἀλλὰ
1221 2982 1313 3035 καὶ
1360 2985 1502 3036 κατά
1540 3001 1662 3036 τινα
1719 2983 1860 3036 θειό-

253 3091 420 3144 τερον
452 3074 654 3147 τρόπον
694 3073 1013 3134 συνέλαϐεν,
1050 3073 1192 3128 ὥστε
1226 3075 1319 3128 καὶ
1352 3077 1511 3146 χαῖρε
1559 3075 1648 3129 διὰ
1696 3075 1861 3129 τοῦτο

258 3164 488 3236 μᾶλλον.

337 3276 357 3310 ι
393 3257 616 3322 Τέξεται
651 3256 708 3310 δὲ
743 3258 880 3312 υίόν.
919 3275 937 3308 ι
974 3256 1094 3310 Ἵνα
1134 3259 1208 3329 μή
1235 3277 1319 3322 τις
1354 3258 1524 3322 εἴποι,
1566 3258 1664 3311 καὶ
1690 3259 1858 3312 πόθεν

1963 2149 2066 2215 illi,
2100 2151 2226 2219 quia
2259 2164 2323 2204 ex
2357 2147 2570 2219 Spiritu
2605 2158 2796 2202 sancto
2827 2150 3100 2217 concepit,
3141 2148 3236 2202 sed
3266 2158 3333 2202 ne
3375 2149 3582 2215 timeas

1965 2244 2237 2312 accipere,
2270 2242 2373 2296 hoc
2399 2250 2503 2306 est,
2539 2241 2682 2295 domi
2714 2251 2765 2294 et
2809 2242 2955 2296 intus
2990 2251 3201 2296 tenere.
3228 2240 3581 2312 Cogitatione

1963 2337 2108 2391 enim
2151 2344 2206 2388 et
2249 2347 2433 2388 mente
2475 2334 2588 2405 jam
2637 2335 3030 2407 amandavcrat
3079 2349 3222 2388 eam.
3269 2344 3287 2386 ι
3349 2334 3579 2389 Marium

1964 2441 2192 2481 uxorem
2222 2436 2392 2491 tuam,
2426 2444 2445 2477 ι
2476 2425 2586 2480 lloc
2612 2426 2764 2481 dicit.
2791 2426 2870 2480 Tu
2897 2425 3116 2498 quidem
3147 2425 3386 2481 fortasse
3412 2437 3578 2495 putas

1965 2517 2273 2572 adulteram
2309 2531 2476 2572 esse:
2511 2530 2613 2584 ego
2664 2525 2849 2571 autem
2899 2515 2992 2570 tibi
3033 2516 3196 2583 dico,
3251 2517 3395 2586 quod
3441 2532 3583 2572 uxor

1971 2618 2062 2662 tua
2103 2609 2220 2663 sit:
2256 2610 2359 2664 hoc
2390 2618 2495 2672 est,
2534 2607 2678 2678 quod
2719 2607 2936 2669 apollo
2973 2608 3161 2662 vitiata
3186 2649 3200 2672 ,
3238 2610 3332 2663 sed
3373 2620 3465 2664 tua
3507 2611 3583 2667 sit

1963 2716 2166 2771 sponsa
2194 2718 2206 2754 :
2241 2719 2259 2752 ι
2292 2701 2445 2769 Quod
2476 2702 2620 2755 enim
2648 2701 2700 2755 in
2723 2715 2783 2755 ea
2812 2711 3022 2766 natum,
3046 2715 3113 2756 ex
3151 2701 3357 2768 Spiritu
3385 2711 3580 2756 sancto

1965 2805 2071 2852 est.
2115 2818 2133 2848 ι
2181 2790 2296 2850 Non
2332 2795 2489 2849 'enim
2523 2795 2698 2849 solum
2743 2793 2915 2849 libera
2949 2802 3035 2850 est
3075 2795 3143 2848 ab
3181 2794 3375 2850 illicito
3403 2795 3575 2861 coitu,

1965 2887 2057 2942 sed
2093 2897 2149 2942 et
2184 2887 2454 2942 diviniore
2487 2887 2725 2956 quodam
2794 2887 2958 2940 modo
3009 2886 3280 2956 concepit,
3334 2895 3389 2942 et
3420 2900 3581 2958 prop-

1970 2989 2127 3037 terea
2167 2979 2370 3034 rectius
2410 2979 2648 3047 gaudere
2687 2977 2873 3034 debes.

2036 3257 2205 3312 Vens.
2267 3257 2359 3314 2|.
2409 3277 2428 3310 ι
2470 3257 2655 3313 Pariet
2691 3267 2872 3312 autem
2924 3257 3116 3313 lilium.
3169 3277 3187 3311 ι
3231 3257 3302 3316 Ut
3350 3275 3418 3316 ne
3456 3263 3582 3332 quis

258 3364 347 3402 σοι
406 3348 708 3413 πιστεύσω,
739 3351 823 3402 ὅτι
878 3349 943 3401 ὲκ
994 3350 1314 3420 Πνεύματός
1368 3353 1484 3404 ἐστι
1514 3369 1528 3418 ;
1560 3353 1701 3423 Φησὶ
1730 3354 1858 3423 περὶ

1970 3349 2137 3415 dicat,
2178 3343 2231 3404 e’t
2273 3349 2417 3404 unde
2458 3349 2552 3404 tibi
2583 3350 2806 3404 credam
2841 3352 2987 3420 quod
3031 3366 3098 3405 ex
3135 3349 3344 3420 Spiritu
3383 3362 3580 3412 sancto

255 3440 354 3494 τοῦ
381 3439 688 3510 μέλλοντος,
720 3439 803 3494 ὅτι
829 3439 1041 3508 τέξεται
1070 3441 1206 3496 υἱόν.
1245 3443 1308 3495 Εἰ
1346 3444 1456 3514 γὰρ
1491 3444 1619 3516 περὶ
1661 3444 1857 3499 τούτου

1970 3446 2092 3501 est?
2139 3445 2271 3500 dicit
2304 3445 2369 3500 de
2401 3442 2586 3500 futuro
2629 3445 2770 3514 quod
2800 3447 3045 3517 paritura
3072 3447 3145 3500 sit
3175 3447 3396 3504 Filium.
3435 3449 3572 3505 Nam

257 3531 570 3604 ἀληθεύσω,
610 3531 835 3603 εὔδηλον
862 3532 945 3586 ὅτι
979 3535 1073 3587 καὶ
1110 3535 1192 3600 τὸ,
1221 3535 1285 3587 ὲκ
1325 3536 1646 3607 Πνεύματος
1675 3537 1856 3605 ἁγίου,

263 3623 470 3695 ἀληθές
506 3627 676 3680 ἐστιν’
708 3627 809 3680 οῦκ
851 3621 972 3680 εἷπε
1003 3627 1081 3691 δὲ,
1106 3627 1324 3694 τέξεταί
1358 3646 1463 3694 σοι,
1497 3628 1613 3681 ἀλλ’
1646 3629 1858 3696 ἁπλῶς,

254 3717 496 3782 τέξεταιο
536 3718 597 3770 ού
633 3718 744 3788 γὰρ
778 3719 970 3790 ἐκείνῳ
1019 3719 1253 3784 ἔτικτεν,
1291 3719 1428 3773 ἀλλά
1458 3722 1522 3791 τῇ
1555 3722 1861 3794 οἰκουμένῃ

256 3809 434 3880 πάσῃο
474 3807 596 3861 οὐδὲ
645 3809 727 3872 είς
763 3811 975 3863 ἐκεῖνον
1018 3812 1180 3881 μόνον
1227 3812 1261 3882 ή
1307 3813 1470 3883 χάρις
1518 3815 1857 3885 περιΐστατο,

255 3899 376 3958 ἀλλ’
413 3903 492 3965 είς
519 3901 732 3966 πάντας
773 3901 1038 3973 ἐξεχεῖτο.
1071 3923 1090 3953 ι
1143 3904 1256 3956 Καὶ
1301 3905 1558 3967 καλέσεις
1595 3905 1654 3958 τὸ
1684 3906 1858 3976 ὄνομα

255 3993 450 4057 αὑτοῦ,
497 3991 722 4064 Ἰησοῦν.
754 4012 772 4044 ι
810 3994 882 4047 Σὺ
918 3993 1200 4059 καλέσεις,
1243 3994 1318 4058 ὼς
1349 3994 1510 4066 δῆθεν
1536 3997 1737 4065 πατὴρ,
1765 4000 1860 4051 κα)⁸

253 4089 338 4152 ὡς
384 4086 642 4158 κηδεμὼν
699 4088 818 4158 τῆς,
853 4088 1158 4158 Παρθένουο
1212 4088 1286 4158 μὴ
1345 4091 1454 4158 γὰρ
1506 4087 1859 4159 ὑπολάμϐανε

269 4179 493 4250 Ἰωσὴφ,
525 4179 608 4233 ὅτι
653 4179 777 4232 ἐπεὶ
813 4179 927 4232 ἀπὸ
975 4179 1294 4248 Πνεύματός
1327 4182 1478 4233 ἐστιν
1509 4182 1542 4250 ή
1573 4180 1859 4251 σύλληψις,

258 4270 505 4340 ἀφήσεις
535 4270 634 4340 τὴν
660 4269 938 4341 Παρθένον
962 4268 1289 4340 ἀϐοήθητον.
1311 4270 1453 4323 Ἀλλ’
1481 4272 1859 4342 ὑπουργήσεις

218 4363 223 4370 ’
255 4363 320 4415 ὲν
353 4361 584 4438 ᾶπασιν.
626 4379 644 4412 ι
676 4361 852 4424 Αὐτὸς
881 4359 993 4430 γὰρ
1044 4356 1211 4413 σώσει
1254 4360 1349 4412 τὸν
1400 4361 1527 4414 λαὸν
1557 4362 1722 4414 αὑτοῦ
1752 4362 1861 4415 ἀπὸ

253 4453 370 4510 τῶν
404 4455 694 4530 ἁμαρτιῶν
756 4454 964 4508 αὐτῶν.
1026 4472 1045 4505 ι
1086 4452 1356 4508 Ἐνταῦθα
1423 4454 1718 4524 ἑρμηνεύει
1749 4497 1762 4518 ,
1800 4453 1862 4507 τδ

269 4534 486 4610 Ἰησοῦς
545 4546 598 4599 τί
652 4547 824 4617 δηλοῖ,
874 4547 956 4600 ὅτι
996 4548 1212 4618 Σωτήρ.
1275 4547 1449 4611 Αὐτὸς
1503 4549 1633 4618 γὰρ,
1701 4550 1856 4618 φησι,

257 4639 431 4694 σώσει
456 4622 551 4693 τὸν
576 4628 706 4694 λαθιν
739 4640 904 4695 αὐτοῦ
935 4640 1035 4693 ὀύ
1072 4641 1235 4710 μόνον
1258 4640 1349 4692 τὸν
1373 4640 1689 4707 Ἰουδαϊκὸν,
1722 4642 1861 4695 ἀλλὰ

1963 3538 2009 3592 si
2053 3539 2119 3592 de
2151 3538 2254 3592 hoc
2293 3552 2486 3592 verum
2540 3538 2730 3593 dixero
2755 3577 2771 3604 ,
2806 3538 3164 3601 manifestum
3209 3549 3292 3594 est
3329 3542 3475 3610 quod
3525 3550 3585 3608 et.

1963 3631 2088 3694 hoc,
2122 3631 2265 3700 quod
2297 3646 2362 3685 ex
2395 3629 2603 3699 Spiritu
2641 3639 2834 3686 sancto
2859 3670 2874 3694 ,
2912 3645 3102 3684 verum
3145 3643 3246 3687 est.
3289 3631 3406 3686 Non
3439 3633 3582 3688 dixit

1963 3733 2181 3789 autem,
2229 3724 2410 3795 pariet
2463 3724 2600 3789 tibi,
2649 3724 2744 3778 sed
2793 3722 3153 3792 simpliciter,
3208 3726 3407 3795 pariet.
3458 3725 3585 3782 Non

1963 3819 2110 3875 enim
2145 3819 2359 3886 peperit
2397 3817 2492 3880 illi,
2528 3816 2626 3873 sed
2658 3817 2754 3871 toti
2785 3816 2904 3871 orbi
2941 3834 2953 3871 :
2995 3831 3170 3886 neque
3199 3818 3275 3872 illi
3305 3819 3409 3873 soli
3445 3835 3584 3890 gra-

1965 3911 2038 3964 tia
2083 3910 2223 3965 facta
2258 3919 2362 3975 est,
2394 3910 2488 3963 sed
2526 3910 2579 3962 in
2610 3923 2806 3964 omnes
2837 3908 3008 3964 effusa
3042 3921 3149 3965 est.
3190 3929 3208 3962 ι
3251 3911 3316 3965 Ει
3353 3913 3578 3969 vocabis

1963 4018 2163 4059 nomen
2212 4004 2332 4073 ejus
2354 4043 2369 4068 ,
2403 4002 2613 4057 Jesmn.
2645 3998 2687 4054 ἰ’
2719 3999 2802 4056 Tu
2824 4003 3071 4069 vocabis,
3104 4013 3290 4075 utpote
3321 4016 3498 4074 pater,
3524 4017 3580 4062 et

1965 4108 2153 4148 curam
2203 4107 2401 4163 gerens
2443 4091 2732 4162 Virginis,
2789 4108 2966 4163 neque
3023 4096 3324 4162 suspiceris
3373 4095 3574 4165 Joseplt

1962 4186 2104 4255 quod
2146 4186 2271 4255 quia
2310 4200 2338 4238 a
2377 4184 2588 4253 Spiritu
2633 4194 2718 4239 est
2755 4189 3066 4254 cOuceptio,
3125 4187 3406 4258 Virginem
3453 4190 3578 4242 ideo

1963 4279 2244 4333 dimittere
2268 4277 2470 4331 debeas
2494 4275 2766 4342 adiutorio
2796 4272 3141 4344 destitutam,
3175 4281 3268 4332 sed
3297 4279 3578 4336 ministra-

1964 4376 2046 4430 bis
2076 4376 2125 4430 ei
2154 4375 2210 4430 in
2237 4374 2514 4429 omnibus.
2547 4392 2566 4426 ι
2598 4374 2648 4428 Is
2677 4375 2822 4428 enim
2851 4365 3086 4429 ealvabit
3121 4375 3382 4446 populum
3411 4391 3574 4430 suum

1966 4484 1998 4524 a
2027 4468 2273 4538 peccatis
2299 4469 2433 4522 suis.
2467 4484 2485 4518 ι
2520 4464 2637 4521 lloc
2672 4467 2790 4523 loco
2817 4468 3213 4536 interpretatur
3245 4469 3374 4535 quid
3405 4469 3576 4537 signi—

1965 4564 2090 4617 ticet
2112 4561 2288 4623 Jesus,
2323 4577 2515 4632 nempe
2549 4562 2915 4617 Salvatorem.
2949 4561 3068 4632 lpse
3093 4564 3263 4624 enim,
3294 4564 3494 4631 inquit,
3518 4563 3576 4633 9

1966 4657 2200 4710 salvabit
2237 4657 2495 4726 populum
2528 4669 2683 4709 suum
2721 4674 2734 4707 :
2774 4669 2882 4710 non
2921 4657 3099 4709 solum
3127 4654 3441 4717 Jmlaicnm,
3479 4662 3577 4711 sed

255 4733 360 4787 καὶ
414 4731 510 4785 τὸν
559 4731 792 4797 ὲθνικδν,
838 4731 936 4785 τὸν
982 4731 1371 4785 σπουδάσαντα
1415 4732 1710 4784 πιστεῦσαι
1764 4735 1860 4786 καὶ

1970 4759 2021 4804 et
2056 4742 2326 4804 Gentile'm
2349 4791 2363 4816 ,
2405 4748 2497 4818 qui
2535 4748 2768 4803 credere
2801 4757 2857 4801 et
2886 4747 3003 4801 ﬁeri
3047 4749 3278 4818 populus
3310 4749 3432 4819 ejus
3469 4766 3576 4809 non

255 4823 520 4894 γενέσθαι
565 4824 697 4876 λαὸν
757 4821 946 4878 αὑτοῦ.
1005 4822 1176 4876 Πόθεν
1227 4822 1284 4876 δὲ
1313 4823 1514 4890 cibost;
1558 4819 1706 4896 'Apa
1752 4824 1863 4877 ἀπὸ

256 4917 560 4989 πολέμωνς
597 4918 754 4988 Οὐχὶ,
816 4916 954 4972 ἀλλὰ
1005 4916 1116 4970 ἀπὸ
1171 4915 1279 4970 τῶν
1330 4917 1618 4988 ἁμαρτιῶν
1659 4915 1858 4970 αὐτῶν·

253 5013 386 5066 ὅθεν
420 5010 581 5082 δῆλον
595 5011 698 5094 ’ὅτι
722 5011 859 5074 Θεός
882 5011 1030 5063 ἔστιν
1055 5012 1084 5064 ό
1108 5010 1534 5082 τεχθησόμενος,
1569 5011 1706 5065 Θεοῦ
1752 5010 1861 5082 γὰρ

259 5107 433 5179 μόνου
466 5104 530 5157 τὸ
560 5105 869 5174 συγχωρεῖν
903 5104 1203 5176 ἁμαρτίας.
1255 5094 1262 5102 ’

342 5218 362 5252 ι
399 5199 572 5252 Τοῦτο
595 5199 652 5252 δὲ
681 5199 803 5253 ὅλον
830 5199 1081 5267 γέγονεν,
1137 5199 1225 5253 ἵνα
1263 5197 1531 5271 πληρωθῇ
1579 5198 1642 5252 τὸ
1695 5197 1862 5272 ῥηθὲν

254 5293 372 5349 ὑπὸ
387 5293 483 5347 τοῦ
513 5295 720 5364 Κυρίου
752 5293 842 5348 διὰ
873 5291 969 5346 τοῦ
1002 5296 1312 5366 προφήτου,
1353 5296 1606 5374 λέγοντος
1630 5312 1666 5352 ο,
1690 5315 1708 5349 ι
1765 5298 1864 5367 Μὴ

253 5390 492 5460 νομίσῃς
515 5390 602 5444 ὅτι
628 5390 823 5444 νεωστὶ
853 5388 1029 5443 ταῦτα
1053 5389 1201 5455 ἔδοξε
1216 5391 1296 5462 τῷ
1317 5391 1457 5463 Θεῷ,
1486 5392 1624 5445 ἀλλὰ
1653 5390 1887 5446 ἄνωθεν

251 5482 361 5536 καὶ
393 5480 454 5546 ἐξ
479 5483 680 5552 ἀρχῆς.
710 5478 872 5545 Οἶδας
900 5482 1031 5553 γὰρ,
1064 5479 1110 5535 ὣ
1137 5483 1360 5554 Ἰωσὴφ,
1388 5485 1514 5548 τοὺς
1547 5485 1855 5558 προφήτας,

253 5572 337 5636 ὡς
371 5573 716 5644 νομομαθής.
749 5575 860 5628 Καὶ
905 5573 1248 5646 ἐνθυμήθητι
1300 5575 1364 5629 τὸ
1407 5576 1572 5654 ῥηθὲν
1607 5578 1716 5631 ύπδ
1763 5577 1857 5631 τοῦ

253 5664 503 5734 Κυρίου·
540 5666 643 5718 οὐκ
667 5662 794 5720 εἷπε
835 5665 897 5718 τὸ
950 5665 1115 5738 ῥηθὲν
1149 5668 1257 5720 ὑπὸ
1305 5667 1555 5734 Ἡσαΐου,
1590 5667 1706 5722 ἀλλ’
1755 5671 1860 5725 ὑπὸ

247 5753 357 5814 τοῦ
388 5757 621 5829 Κυρίου.
653 5759 729 5812 UO
757 5759 865 5831 γὰρ
891 5759 1179 5830 ἄνθρωπος
1213 5761 1498 5833 ἐλάλησεν,
1513 5764 1649 5818 κὰλὶσ
1677 5768 1704 5818 ό
1724 5765 1858 5832 Θεὸς

248 5847 347 5905 διὰ
376 5849 649 5922 στόματος
671 5852 766 5906 τοῦ
794 5853 1088 5926 ἀνθρώπου
1109 5871 1121 5884 ·
1153 5854 1293 5908 ὥστε
1321 5855 1641 5924 ἀξιόπιστος
1659 5860 1689 5913 ό
1720 5877 1858 5931 χρη-

254 5941 422 6014 om.

340 6055 360 6088 ι
393 6037 544 6093 ’Ἰδοὺ
579 6040 613 6113 ή
653 6037 929 6111 Παρθένος
977 6042 1034 6097 ἰν
1086 6045 1289 6118 γαστρὶ
1332 6027 1463 6116 ἔξει.
1508 6064 1526 6099 ι
1590 6047 1761 6102 οαοὶν
1811 6048 1860 6102 οἱ
1941 6051 1945 6057 ’

1966 4843 2391 4899 addubitaverit.
2434 4833 2723 4909 Quomodo
2771 4854 2955 4895 autem
3007 4843 3284 4898 salvabit?
3335 4861 3464 4898 num
3511 4845 3580 4898 ab

1968 4934 2256 4993 hostibus?
2292 4934 2540 5000 minime,
2569 4933 2664 4988 sed
2693 4949 2721 4987 a
2753 4935 2992 5003 peccatis
3023 4936 3138 4990 suis
3172 4953 3186 4990 :
3225 4934 3366 4990 unde
3399 4938 3578 4993 mani-

1966 5027 2190 5092 festum,
2229 5024 2398 5079 Deum
2442 5039 2564 5079 esse
2610 5025 2702 5095 qui
2755 5036 3036 5100 nascetur.
3090 5025 3274 5082 Solius
3309 5029 3453 5082 enim
3482 5011 3582 5084 Dei

1965 5129 2049 5177 est
2085 5119 2403 5175 condonare
2432 5130 2679 5189 peccata.

2039 5212 2326 5269 Vsas.22.
2369 5232 2388 5266 ι
2462 5211 2575 5267 lloc
2629 5222 2810 5267 autem
2867 5222 3041 5268 lotum
3094 5213 3301 5268 factum
3352 5224 3469 5279 est,
3521 5225 3584 5269 nt

1967 5309 2331 5376 adimpleatur
2361 5305 2506 5377 quod
2534 5305 2742 5360 dictum
2775 5316 2859 5360 est
2885 5321 2913 5360 a
2949 5306 3180 5361 Domino
3213 5322 3310 5375 per
3338 5308 3587 5377 prophe-

1969 5413 2102 5468 tam,
2135 5403 2430 5465 dicentem,
2487 5419 2506 5451 ι
2545 5398 2625 5454 Ne
2663 5413 2858 5468 putes,
2905 5401 3050 5470 quod
3088 5416 3264 5469 nuper
3305 5401 3419 5456 hmo
3458 5401 3578 5472 pia-

1967 5508 2094 5552 cere
2128 5494 2456 5564 incmperiut
2500 5491 2645 5557 Deo,
2680 5493 2774 5548 sed
2811 5493 3192 5562 superioribus
3225 5495 3442 5550 sarculis
3466 5536 3480 5558 ,
3522 5505 3580 5551 et

1967 5589 2047 5649 ab.
2069 5575 2249 5642 initio.
2292 5586 2415 5642 Seis
2452 5587 2628 5651 enim,
2662 5601 2696 5641 ο
2725 5584 2963 5656 Ioseph,
3004 5588 3303 5658 prophetas
3333 5607 3346 5642 :
3389 5599 3581 5657 utpote

1967 5681 2023 5736 in
2055 5682 2172 5750 le'ge
2214 5681 2426 5736 doctus.
2465 5663 2530 5733 Et
2569 5680 2948 5736 animadverte
2996 5681 3141 5749 quod
3188 5683 3392 5735 dictum
3425 5695 3508 5737 est
3544 5698 3579 5737 av

1969 5773 2223 5828 Domino.
2270 5771 2388 5826 Non
2432 5782 2614 5826 autem
2651 5773 2827 5836 dixit,
2856 5772 3066 5828 dictum
3096 5774 3163 5829 ab
3195 5773 3332 5829 Isaia
3363 5815 3377 5840 ,
3417 5777 3510 5830 sed
3544 5791 3577 5831 a

1971 5848 2219 5922 Domino.
2256 5864 2374 5922 Non
2407 5868 2552 5920 enim
2585 5866 2752 5921 homo
2777 5867 2995 5924 locutus
3028 5878 3133 5934 est,
3171 5871 3265 5924 sed
3303 5870 3445 5925 Deus
3478 5884 3580 5939 per

1969 5973 2030 6014 os
2065 5945 2300 6012 hominis
2331 5973 2344 6011 :
2380 5957 2523 6012 unde
2556 5957 2660 6013 [ide
2692 5957 2916 6029 dignum
2946 5961 3230 6015 oraculum
3258 5969 3367 6015 est.

2042 6047 2207 6106 \‘sns.
2239 6046 2330 6106 (ὶῦ.
2368 6066 2385 6100 ι
2416 6047 2555 6105 Ecce
2582 6046 2748 6122 Virgo
2779 6048 2831 6105 in
2864 6057 3020 6106 utero
3047 6048 3288 6108 habebit.
3314 6069 3332 6103 ι
3376 6050 3576 6106 Dicunt
