4034 6650
273 615 368 684 llil

864 772 1120 826 ΚΕΦΑΛ.
1165 770 1242 823 B’.

261 870 395 942 Περὶ
416 868 538 924 τῶν
577 865 822 939 Μάγων,
853 865 953 920 καὶ
979 863 1102 918 τῶν
1129 862 1570 931 ἀναιρεθέντων
1601 857 1855 914 παίδων.

334 1027 351 1061 ι
386 1007 495 1061 Τοῦ
525 1008 581 1061 δὲ
625 1003 801 1075 Ἰησοῦ
830 1001 1189 1074 γεννηθέντος
1223 1000 1281 1054 ὲν
1307 999 1560 1072 Βηθλεὲμ
1585 999 1686 1070 τῆς
1723 999 1858 1052 Ἴου-

257 1100 434 1164 δαίας.
475 1118 494 1150 )
561 1097 814 1169 Βηθλεὲμ
874 1093 1244 1170 ἑρμηνεύεται
1299 1089 1449 1156 οἶκος
1489 1094 1679 1166 άρτου.
1723 1093 1859 1146 Ἰου-

257 1194 379 1249 δαία
415 1192 498 1258 δὲ,
559 1190 973 1261 ἐξομολόγησις.
1025 1187 1247 1240 Γένοιτο
1278 1184 1412 1255 γοῦν
1441 1186 1538 1238 καὶ
1576 1185 1729 1255 ἡμᾶς
1761 1181 1859 1237 νῦν

255 1288 338 1341 διὰ
382 1288 486 1358 τῆς
536 1282 1000 1355 δξομολογήσεως,
1037 1280 1296 1350 γενέσθαι
1347 1274 1496 1332 οἷκον
1548 1277 1717 1349 άρτου
1762 1274 1858 1330 τοῦ

259 1377 655 1447 πνευματικοῦ.
693 1395 712 1429 ι
761 1375 851 1430 Ἑν
911 1373 1150 1447 ἡμέραις
1196 1370 1460 1444 Ἡρώδου.
1490 1390 1508 1424 ι
1561 1369 1858 1441 Μέμνηται

254 1475 344 1529 τοῦ
383 1471 655 1543 Ἡρώδου,
721 1472 810 1526 ἵνα
869 1470 936 1524 σὺ
990 1467 1172 1542 μάθῃς
1221 1469 1303 1522 ὅτι
1369 1466 1620 1533 ἐξέλιπον
1650 1465 1700 1518 οἱ
1745 1463 1859 1518 ἀπὸ

258 1569 352 1638 τῆς
397 1567 576 1620 ’ἰούδα
609 1563 782 1635 φυλῆς
812 1563 1074 1634 ἄρχοντες
1105 1561 1195 1614 καὶ
1236 1559 1498 1631 βασιλεῖς,
1535 1558 1630 1612 καὶ
1678 1557 1854 1624 ἀναγ-

255 1655 424 1718 καίως
467 1651 633 1726 ἦλθεν
692 1655 721 1706 ό
775 1650 1030 1722 Χριστός.
1099 1649 1158 1705 Ὀ
1209 1652 1317 1721 γὰρ
1355 1649 1603 1722 Ἡρώδης
1658 1649 1759 1702 ούκ
1792 1643 1862 1720 ἦν

266 1750 544 1815 Ἰουδαῖος,
601 1747 717 1802 ἀλλ’
782 1747 1104 1817 Ἰδουμαῖος,
1165 1745 1536 1816 Ἀντιπάτρου
1596 1745 1747 1809 υἱὸς,
1796 1743 1860 1796 ὲκ

257 1838 517 1906 γυναικὸς
574 1837 930 1908 Ἀραὸίσσης.
989 1835 1356 1889 Ἐκλιπόντων
1406 1836 1463 1889 δὲ
1495 1835 1607 1888 τῶν
1657 1835 1860 1907 ἀρχόν-

255 1951 380 1994 των,
415 1933 449 2000 ἡ
481 1928 781 2002 προσδοκία
811 1927 921 1981 τῶν
954 1927 1124 1980 ἐθνῶν
1155 1922 1346 1998 ἦλθεν,
1379 1927 1454 1991 ὼς
1493 1925 1688 1981 Ἰακὼό
1721 1943 1860 1996 προ-

918 610 1376 676 ΕΝΑΒΒΑΤΙΟ
1423 609 1506 671 ΙΝ
1541 605 1870 670 EVA‘NGEJ

1981 606 2053 666 ΓΜ
2094 603 2488 667 MATTILEI.
2515 630 2565 640 -
2599 601 2760 664 C.’.'P.
2798 601 2880 662 ΙΙ.

1891 727 1939 788 Α

3469 589 3574 658 163

2597 758 2832 819 CAPUT
2873 759 2942 814 ll.

2266 856 2345 914 De
2380 853 2554 926 Magis
2585 867 2634 910 et
2665 853 2931 908 occisione
2953 864 3268 921 puerorum.

2043 991 2206 1058 Vsus,
2242 991 2296 1047 Ι.
2331 1010 2348 1042 ι
2388 989 2526 1046 Cum
2554 996 2738 1044 autem
2772 998 2931 1044 natus
2952 998 3099 1044 esset
3130 986 3290 1044 Iesus
3322 989 3375 1043 in
3413 985 3586 1043 Βειιιο

1964 1085 2100 1142 leem
2151 1084 2323 1140 ludar.
2361 1102 2379 1136 ι
2453 1081 2736 1141 Bethleem
2789 1083 3184 1152 interpretatur
3231 1082 3428 1137 domus
3489 1095 3586 1152 pn-

1966 1180 2086 1245 nis;
2119 1177 2305 1234 Iudaea
2334 1188 2553 1244 autem,
2615 1175 2910 1233 confessio.
2947 1173 3069 1229 Fiat
3134 1175 3326 1247 igithr,
3360 1185 3420 1230 ut
3479 1189 3586 1230 nos

1967 1287 2116 1328 nunc
2167 1287 2269 1343 per
2316 1270 2722 1326 confessionem
2755 1268 2952 1324 ﬁamus
2991 1268 3187 1342 domus
3223 1268 3381 1346 panis
3419 1270 3585 1336 spiri-

1967 1365 2150 1420 tualis.
2189 1385 2207 1417 ι
2254 1366 2309 1420 In
2346 1366 2540 1421 diebus
2571 1363 2827 1419 Herodis.
2864 1380 2882 1416 ι
2931 1361 3183 1418 Meminit
3214 1361 3484 1427 Heroais,
3524 1370 3584 1416 ut

1965 1469 2020 1512 tn
2055 1460 2237 1516 discas
2281 1459 2427 1530 quod
2483 1457 2808 1514 defecerunt
2849 1472 2881 1512 a
2935 1456 3080 1512 tribu
3131 1454 3270 1512 Jnda
3325 1439 3482 1528 reges
3528 1466 3584 1512 et

1964 1551 2282 1625 principes,
2347 1560 2404 1606 et
2452 1549 2775 1606 necessario
2823 1548 2971 1605 venit
3011 1549 3289 1604 Christus.
3341 1546 3586 1605 Herodes

1964 1647 2108 1704 enim
2142 1662 2248 1701 non
2280 1655 2400 1702 erat
2433 1642 2653 1701 Judaus
2704 1644 2799 1700 sed
2827 1643 3119 1708 Idumaeos,
3142 1643 3414 1713 Antipatri
3439 1643 3587 1698 ﬁlius

1965 1758 2032 1797 ex
2077 1755 2250 1796 uxore
2286 1738 2487 1792 Arabe.
2522 1738 2658 1793 Cum
2696 1745 2878 1792 autem
2917 1735 3246 1811 defecissent
3282 1735 3582 1806 principes,

1966 1834 2313 1906 exspectatio
2364 1831 2611 1902 gentium
2647 1831 2819 1896 venit,
2853 1831 2998 1886 sicut
3039 1826 3580 1900 Jacobprmdixit'.

1971 1949 1989 1982 ι
2036 1931 2225 2001 Regis.
2263 1949 2282 1982 ι
2325 1929 2458 1984 Erat
2494 1927 2640 1981 enim
2677 1937 2733 1981 et
2766 1924 2907 1980 alius
2945 1922 3195 1981 llerodes
3237 1920 3581 1979 Tetrarcha:

254 2025 576 2093 ειρήτευσεν.
637 2039 654 2072 ι
691 2019 799 2072 Τοῦ
853 2019 1142 2091 βασιλέως.
1184 2039 1203 2072 ι
1257 2014 1366 2072 Ἦν
1389 2019 1498 2091 γάρ
1547 2020 1642 2072 καὶ
1672 2019 1862 2090 ἕτερος

1981 2036 2021 2080 at
2050 2034 2338 2097 propterea
2371 2021 2519 2094 ponit
2547 2021 2868 2091 dignitatem
2903 2018 3068 2090 regis.
3108 2035 3128 2070 ι
3164 2015 3311 2073 Ecce
3339 2016 3479 2088 Magi
3512 2018 3582 2072 ab

265 2113 538 2184 Ἡρώδης,
581 2111 607 2163 ὁ
634 2111 943 2183 τετράρχης
967 2128 978 2142 ’
1014 2112 1100 2166 διὰ
1131 2111 1293 2166 τοῦτο
1319 2112 1505 2183 τίθησι
1541 2113 1602 2164 τὸ
1643 2111 1862 2182 ἀξίωμα

1981 2119 2198 2174 Oriente
2241 2127 2516 2173 venerunt
2555 2114 2958 2183 Hierosolyma.
3025 2130 3045 2165 ι
3094 2111 3279 2180 Quare
3314 2110 3454 2182 Magi
3488 2127 3584 2167 νε-

253 2207 345 2259 τοῦ
373 2206 644 2276 βασιλέως
667 2222 682 2236 ’
724 2223 742 2256 ι
784 2204 917 2257 Ἰδοὺ
945 2205 1126 2273 Μάγοι
1159 2205 1266 2256 ἀπὸ
1301 2204 1604 2260 Ἀνατολῶν
1631 2205 1866 2274 παρεγέ-

254 2319 408 2354 νοντο
440 2303 521 2364 είς
565 2298 939 2370 Ἱεροσόλυμα.
973 2317 990 2349 ι
1027 2299 1187 2363 Τίνος
1239 2299 1429 2352 ἕνεκεν
1458 2299 1507 2351 oi
1544 2299 1728 2366 Μ’ἁγοι
1775 2298 1867 2369 ἕρ-

255 2411 487 2465 χονται;
523 2394 668 2464 Πρὸς
697 2395 1029 2467 κατάκρισιν
1073 2391 1184 2445 τῶν
1241 2393 1533 2446 Ἰουδαίων.
1572 2391 1636 2446 Εί
1675 2389 1785 2463 γὰρ
1819 2392 1866 2444 οἱ

255 2489 469 2557 Μάγοι,
529 2487 814 2557 ἄνθρωποι
850 2487 1265 2558 εἰδωλολάτραι,
1328 2486 1683 2551 ἐπίστευσαν,
1737 2484 1868 2538 ποία

256 2580 528 2648 ἀπολογία
558 2579 748 2632 λοιπὸν
776 2582 888 2642 τοῖς
936 2576 1245 2643 ἰουδαίοιςς
1282 2577 1440 2648 ’Ἅμα
1474 2577 1552 2642 δὲ,
1588 2577 1682 2631 καὶ
1715 2575 1802 2628 ἴνα
1833 2576 1866 2644 ἡ

254 2671 384 2736 δόξα
412 2671 510 2724 τοῦ
543 2671 781 2741 Χριστοῦ
805 2670 966 2724 πλέον
998 2670 1278 2740 ἐκλάμψῃ,
1302 2669 1731 2743 μαρτυρούντων
1759 2667 1870 2721 τῶν

257 2767 490 2834 Μάγων,
551 2765 663 2818 τῶν
700 2764 938 2836 μάλιστα
993 2766 1107 2825 τοῖς
1152 2763 1406 2833 δαίμοσιν
1460 2762 1868 2833 ὑποκειμένων,

257 2859 353 2913 καὶ
386 2858 601 2930 ἐχθρῶν
633 2859 726 2912 τοῦ
761 2857 918 2911 Θεοῦ.
964 2875 981 2909 ι
1006 2858 1138 2910 Ἀπὸ
1185 2857 1539 2912 Ἀνατολῶν.ι
1569 2858 1682 2912 Καὶ
1709 2856 1871 2911 τοῦτο

258 2950 396 3019 πρὸς
457 2951 785 3021 κατάκρισιν
842 2950 950 3003 τῶν
1018 2948 1311 3020 Ἐϐραίων.
1349 2949 1415 3003 Οἳ
1450 2950 1551 3020 μὲν
1599 2950 1708 3020 γὰρ
1760 2952 1869 3005 ἀπὸ

255 3040 518 3094 τοσούτου
551 3041 921 3111 διαστήματος
967 3036 1155 3113 ἦλθον,
1202 3040 1253 3094 οἱ
1304 3040 1361 3094 δὲ
1406 3039 1649 3112 Ἑϐραῖοι
1689 3040 1860 3094 αὑτοῦ

259 3131 485 3205 ἔχοντες
512 3135 604 3187 τὸν
631 3134 892 3206 Χριστὸν,
929 3133 1178 3188 ἐδίωκον.

334 3229 628 3295 Λέγοντες,
666 3226 776 3281 Ποῦ
811 3230 962 3281 ἐστιν
994 3229 1021 3281 ό
1049 3227 1269 3298 τεχθεὶς
1302 3226 1560 3298 βασιλεὺς
1585 3228 1695 3283 τῶν
1736 3230 1870 3282 ’1ου-

256 3315 465 3384 sum;
498 3336 517 3369 ι
541 3317 776 3385 Λέγουσι
801 3317 1023 3382 τούτους
1050 3319 1177 3382 τοὺς
1206 3319 1454 3387 Μάγους,
1488 3319 1584 3373 τοῦ
1638 3319 1872 3391 Βαλαὰμ

258 3410 574 3477 ἀπογόνους
605 3406 746 3463 εἶναι
775 3409 869 3462 τοῦ
900 3411 1153 3480 μάντεως
1177 3427 1191 3440 ·
1227 3411 1495 3482 εὑρόντας
1516 3410 1575 3464 δὲ
1608 3411 1701 3466 τὸν
1725 3411 1872 3467 ἐκεί·

1976 2213 2181 2266 niunt?
2231 2213 2291 2265 lu
2351 2209 2871 2265 condemnationem
2931 2205 3270 2261 Judaeorum.
3333 2203 3471 2259 Nam
3538 2207 3584 2260 si

1972 2303 2136 2375 Magi,
2174 2304 2425 2360 homines
2449 2301 2619 2358 cultui
2655 2300 2926 2356 idolorum
2964 2299 3172 2364 dediti,
3211 2297 3584 2360 crediderunt,

1971 2413 2136 2470 quam
2190 2407 2380 2468 postea
2436 2395 2821 2466 defensionem
2888 2401 3196 2463 prmtexent
3250 2389 3468 2447 Judaei?
3519 2389 3590 2446 Et

1973 2492 2078 2546 alia
2118 2506 2283 2546 causa
2331 2501 2452 2556 est,
2499 2498 2557 2541 ut
2601 2488 2777 2561 gloria
2811 2486 3019 2542 Christi
3064 2485 3240 2554 magis
3277 2483 3587 2555 ell‘nlgeret,

1975 2583 2354 2640 testimonium
2394 2581 2816 2654 perhibentibus
2856 2578 3051 2648 Magis,
3085 2579 3181 2649 qui
3214 2578 3453 2634 maxime
3489 2579 3587 2634 ad-

1975 2678 2206 2734 Versarii
2258 2685 2417 2732 erant
2471 2676 2620 2740 Deo,
2664 2685 2718 2729 et
2753 2673 2976 2728 obnoxii
3029 2671 3393 2727 damonibus.
3444 2688 3463 2722 ι
3506 2673 3590 2725 Ab

1974 2768 2219 2825 Oriente.
2263 2789 2281 2823 ι
2322 2768 2384 2824 Ει
2423 2769 2529 2824 Ιιοε
2560 2769 2628 2822 ad
2665 2763 3183 2822 condemnationem
3229 2761 3588 2818 Hebraeorqu

1976 2867 2234 2934 pertinet.
2280 2863 2359 2918 llli
2401 2861 2546 2918 enim
2589 2876 2686 2931 per
2728 2869 2938 2915 tantum
2992 2857 3236 2929 spatium
3280 2868 3586 2912 venerunt:

1975 2955 2192 3012 Hebraei
2241 2973 2372 3010 vero
2417 2955 2737 3021 Christum,
2783 2969 2945 3025 quem
2991 2953 3136 3024 apud
3183 2967 3243 3008 se
3290 2951 3587 3017 habebant,

1977 3050 2261 3121 persecuti
2295 3059 2445 3105 sunt.
2887 3059 2890 3064 '

2051 3231 2302 3288 Vrum-2.
2337 3249 2354 3285 ι
2397 3231 2686 3294 Dicentes,
2724 3226 2827 3282 Ubi
2858 3234 2972 3292 est,
3006 3225 3099 3296 qui
3143 3234 3303 3280 natus
3347 3233 3432 3280 est
3473 3224 3587 3280 va

1976 3326 2337 3384 Iudaeorum?
2377 3345 2395 3377 ι
2437 3323 2643 3380 Ferunt
2670 3323 2792 3377 illos
2840 3320 3027 3391 Magos
3067 3319 3232 3375 fuisse
3261 3334 3327 3373 ex
3373 3318 3592 3373 Balaam

1979 3421 2294 3488 coniectore
2322 3416 2657 3489 progenitos.
2694 3415 2832 3468 Nam
2863 3424 2919 3470 ut
2947 3415 3275 3469 invenerunt
3304 3412 3589 3467 oraculum

260 3516 356 3554 νου
384 3499 662 3573 χρησμὸν,
694 3501 777 3568 τὸ,
817 3501 1099 3555 Ἀνατελεῐ
1131 3480 1334 3574 ἄστρον
1359 3500 1651 3568 ὲξΊακὼϐ,
1680 3506 1870 3576 νοῆσαι

1981 3511 2146 3580 illius,
2177 3509 2405 3568 Orietur
2430 3511 2586 3566 stella
2625 3525 2690 3565 ex
2722 3509 2914 3575 Iacob,
2955 3508 3352 3564 intellexerunt
3382 3517 3594 3578 myste-

255 3593 320 3646 τὸ
355 3593 505 3649 κατά
534 3594 772 3666 Χριστὸν
824 3595 1151 3667 μυστήριον,
1205 3597 1302 3651 καὶ
1333 3595 1422 3650 διὰ
1459 3597 1624 3651 τοῦτο
1668 3599 1867 3666 ἐλθεῖν,

1976 3608 2120 3662 rium
2161 3604 2403 3671 Christi,
2462 3615 2517 3660 et
2568 3605 2774 3661 idcirco
2819 3611 3008 3660 natum
3080 3604 3235 3659 adire
3279 3603 3595 3661 voluerunt.

259 3685 525 3750 θελοντας
558 3687 686 3741 ἰδεῖν
736 3686 796 3740 τὸ
821 3687 1038 3758 τεχθέν.
1090 3707 1110 3740 ι
1154 3688 1385 3757 Είδομεν
1427 3688 1539 3760 γὰρ
1576 3690 1747 3744 αὑτοῦ
1780 3691 1870 3745 τὸν

1981 3719 2001 3754 ι
2039 3700 2286 3765 Vidimus
2331 3699 2478 3753 enim
2525 3699 2737 3754 stellam
2767 3698 2888 3770 ejus
2930 3698 2984 3752 in
3021 3694 3270 3753 Oriente.
3309 3715 3327 3749 ι
3364 3696 3596 3764 Quando

258 3779 478 3849 ἀστέρα
509 3783 565 3834 ἐν
617 3783 682 3852 τῇ
729 3779 1012 3852 Ἀνατολῇ.
1051 3799 1071 3833 ι
1125 3781 1295 3834 Ὅταν
1342 3781 1591 3854 ἀκούσῃς
1642 3783 1870 3856 ἀστέρα,

262 3871 340 3942 μὴ
393 3873 631 3944 νομίσης
681 3874 924 3928 τοιοῦτον
982 3869 1124 3928 εἶναι
1153 3875 1389 3940 ἐκεῖνον,
1441 3875 1589 3940 οἴους
1627 3877 1869 3949 ὁρῶμεν,

256 3964 401 4019 ἀλλά
428 3967 581 4020 θείαν
606 3965 837 4038 δύναμιν
862 3967 957 4021 καὶ⁵
984 3966 1310 4039 ἀγγελικὴν,
1330 3968 1412 4033 είς
1443 3968 1618 4024 τύπον
1639 3971 1890 4042 ἀστέρος,

257 4057 627 4128 φαινομένην.
692 4057 845 4110 Ἐπεὶ
872 4058 981 4129 γὰρ
1027 4059 1077 4110 οἱ
1118 4059 1302 4126 Μάγοι
1330 4059 1658 4132 ἀστρολόγοι
1706 4059 1871 4131 ἦσαν,

254 4145 345 4199 διὰ
377 4147 477 4199 τοῦ
511 4147 779 4217 συνήθους
803 4147 990 4211 αὐτοῖς
1023 4149 1414 4220 προσηγάγετο
1443 4150 1644 4215 αὐτοὺς
1693 4153 1722 4205 ὁ
1758 4152 1875 4205 Κύ-

256 4253 403 4307 ριος,
441 4235 632 4306 ὥσπερ
673 4236 768 4290 καὶ
807 4236 904 4290 τὸν
931 4237 1164 4308 Πέτρον,
1226 4236 1385 4292 ἁλιέα
1425 4237 1579 4305 ὄντα,
1614 4238 1725 4294 ἀπὸ
1775 4237 1873 4293 τοῦ

258 4329 518 4399 πλήθους
555 4327 668 4382 τῶν
704 4327 906 4400 ἰχθύων
941 4323 1017 4384 ὦν
1079 4331 1454 4403 ὲσαγήνευσεν
1502 4333 1599 4386 ἐπὶ
1646 4331 1724 4404 τῷ
1756 4332 1876 4386 ὀνό-

256 4437 397 4489 ματι
424 4419 524 4474 τοῦ
552 4418 812 4492 Χριστοῦ,
843 4418 1156 4490 ἐξέπληξεν.
1183 4422 1307 4475 Ὀτι
1335 4423 1391 4476 δὲ
1417 4422 1690 4492 ἀγγελικὴ
1715 4421 1877 4480 δύνα-

257 4531 354 4583 μις
383 4509 459 4586 ἦν
511 4515 538 4566 ό
575 4515 772 4587 ἀστὴρ,
811 4514 974 4585 δῆλον
1006 4517 1115 4568 ἀπ»
1145 4516 1239 4569 τοῦ
1274 4517 1369 4570 καὶ
1393 4517 1451 4572 ὲν
1477 4518 1666 4590 ἡμέρᾳ
1699 4517 1865 4588 ὑπερ-

252 4605 531 4678 λάμπειν,
565 4607 660 4661 καὶ
687 4608 795 4660 άπὸ
829 4605 925 4659 τοῦ
946 4610 1073 4659 κινε
1097 4607 1214 4661 τθαι
1245 4609 1365 4680 μὲν,
1394 4611 1734 4681 κινουμένων
1767 4610 1877 4664 τῶν

251 4699 501 4771 Μάγων,
544 4698 794 4752 ἵστασθαι
814 4698 890 4762 δὲ,
943 4701 1046 4753 ἀνα
1083 4703 1417 4771 ῖαυομένων·
1449 4702 1590 4756 ἀλλά
1617 4705 1715 4757 καὶ
1767 4703 1877 4758 ἀπὸ

254 4793 353 4848 τοῦ
389 4793 612 4866 βορείου
650 4795 874 4864 μέρους,
918 4793 946 4848 ὅ
978 4795 1098 4847 ἐστι
1124 4794 1225 4864 τῆς
1254 4795 1537 4867 Περσίδος,
1573 4799 1652 4862 είς
1688 4797 1750 4850 τὸ
1786 4797 1879 4852 νό-

253 4905 374 4943 τιον
409 4891 674 4955 ἐκινεῖτο,
709 4888 738 4942 ὅ
769 4888 886 4941 ἐστι
931 4890 1030 4959 τῆς
1080 4888 1465 4960 Ἰερουσαλήμ.
1501 4889 1775 4944 Οὐδέποτε
1819 4889 1878 4943 δὲ

255 4982 448 5053 ἀστὴρ
483 4982 594 5035 ἀπ’)
629 4979 723 5033 τοῦ
755 4979 967 5052 βορείου
999 4981 1092 5033 ἐπὶ
1132 4980 1194 5033 τὸ
1216 4981 1393 5033 νότιον
1423 4983 1680 5037 κινεῖται.
1710 4999 1728 5033 ι
1767 4983 1879 5036 Καὶ

256 5074 512 5146 ηλθομεν
556 5073 940 5145 προσκυνῆσαι
999 5071 1169 5143 αὐτῷ.
1209 5091 1228 5125 ι
1279 5072 1570 5129 Φαίνονται
1618 5070 1766 5130 οὗτοι
1828 5077 1877 5130 οἱ

255 5165 481 5234 Μάγοι,
544 5162 788 5235 μεγάλης
819 5162 1024 5235 ἀρετῆς
1061 5165 1237 5228 ὅντες.
1290 5163 1354 5217 Εἰ
1401 5165 1513 5237 γάρ
1545 5168 1603 5219 ἐν
1651 5169 1716 5238 τῇ
1750 5166 1880 5241 ξένῃ

255 5260 423 5331 χώρα
460 5259 793 5328 προσκυνεῖν
830 5256 1043 5337 ἠθελον,
1079 5258 1197 5323 πῶς
1233 5259 1335 5313 οὐκ
1366 5258 1432 5314 ἂν
1472 5261 1531 5313 ὲν
1562 5263 1629 5332 τῇ
1657 5262 1878 5333 Περσίδι

255 5351 761 5425 ἑπαῤῥησιάσαντο
791 5350 886 5402 καὶ
917 5350 1228 5422 ὲκήρυξανς

339 5462 360 5497 ι
412 5443 688 5506 ’Δκούσας
715 5441 776 5497 δὲ
812 5442 1061 5514 Ἡρώδης
1085 5445 1112 5497 ό
1137 5443 1416 5514 βασιλεὺς,
1450 5445 1749 5517 ἐταράχθη,
1782 5447 1879 5501 καλ⁸

256 5542 420 5592 πᾶσα
499 5536 853 5609 Ἱεροσόλυμα
899 5535 1016 5606 μετ’
1071 5536 1262 5592 αὑτοῦ.
1296 5557 1314 5588 ι
1385 5537 1444 5591 '0
1491 5539 1594 5608 μὲν
1633 5537 1881 5612 Ἡρώδης

258 5631 582 5706 ἑταράχθη,
612 5631 688 5695 ὡς
731 5631 1031 5701 ἀλλόφυλος
1066 5633 1198 5706 περὶ
1243 5634 1340 5706 τῆς
1370 5635 1657 5705 βασιλείας
1705 5637 1880 5691 δεδοι-

258 5725 378 5790 κώς
407 5742 424 5758 ·
459 5724 736 5793 ἐγίνωσκε
793 5723 905 5794 γὰρ
949 5724 1032 5777 ὅτι
1067 5725 1290 5790 ἀνάξιος
1335 5723 1405 5798 ἦν
1466 5729 1709 5800 ταύτης·
1748 5732 1798 5783 οί
1824 5730 1883 5783 δὲ

271 5819 560 5884 Ἰουδαῖοι,
579 5817 724 5882 τίνος
755 5816 942 5872 ἕνεκεν
976 5819 1378 5890 ταράττονται;
1409 5819 1517 5874 ἔδει
1544 5820 1653 5892 γάρ
1683 5821 1882 5888 αὐτοὺς

263 5913 484 5986 μᾶλλον
523 5909 762 5984 χαίρειν,
794 5911 876 5965 ὅτι
907 5910 1164 5983 βασιλεὺς
1194 5913 1381 5980 αὐτοῖς
1420 5913 1598 5984 ἔσται,
1635 5919 1741 5975 0-...
1771 5919 1883 5976 τῶν

337 6098 362 6132 ⁸
395 6097 550 6155 Gen.
606 6110 758 6163 nix,
796 6097 830 6154 5
877 6111 1031 6169 seqq.

1975 3795 2137 3850 audis
2189 3793 2429 3858 stellam,
2477 3807 2545 3848 ne
2594 3794 2757 3848 talem
2792 3805 2952 3865 putes
2992 3792 3177 3861 illam,
3222 3792 3412 3861 quales
3442 3794 3598 3848 vide-

1976 3904 2118 3956 mus,
2138 3889 2232 3944 sed
2252 3887 2492 3942 divinam
2519 3886 2779 3942 virtutem
2803 3894 2857 3940 et
2876 3886 3181 3958 angelicam
3209 3885 3262 3940 in
3290 3886 3333 3956 ι
3349 3886 3392 3954 1
3420 3884 3595 3957 ligura

1977 3984 2180 4042 sideris
2217 3993 2599 4052 apparentem.
2651 3983 2792 4038 Nam
2846 3986 3108 4054 quoniam
3151 3983 3416 4053 astrologi
3450 3981 3593 4053 Magi

1977 4086 2172 4143 erant,
2216 4087 2510 4148 propterea
2547 4077 2809 4133 Dominus
2845 4079 3105 4133 fatniliari
3143 4077 3277 4148 ipsis
3306 4078 3466 4146 signo
3496 4089 3593 4130 eos

1979 4171 2247 4235 adduxit,
2285 4171 2430 4226 sicut
2462 4180 2517 4224 et
2553 4169 2777 4227 Petrum
2816 4173 3146 4242 piseatorem
3180 4189 3209 4226 a
3249 4171 3596 4227 multitudine

1978 4269 2247 4340 piscium,
2293 4282 2431 4337 quos
2466 4267 2520 4322 in
2568 4269 2791 4324 nomine
2824 4269 3033 4325 Christi
3080 4279 3336 4340 ceperat,
3404 4280 3595 4336 stupe.

1979 4376 2138 4419 scere
2167 4362 2317 4418 fecit.
2345 4361 2502 4430 Quod
2532 4371 2713 4418 autem
2747 4363 2993 4434 angelica
3021 4364 3197 4418 virtus
3225 4361 3390 4418 fuerit
3414 4361 3593 4425 stella,

1980 4453 2334 4509 manifestum
2381 4468 2448 4509 ex
2477 4467 2577 4519 eo,
2611 4457 2754 4523 quod
2793 4465 2849 4511 et
2885 4456 2938 4509 in
2973 4455 3060 4509 die
3093 4452 3409 4520 refulserit,
3444 4461 3498 4508 et
3528 4453 3598 4509 ad

1982 4556 2187 4600 motum
2225 4545 2508 4616 Magorum
2537 4560 2598 4601 se
2632 4547 2890 4612 moverit,
2924 4560 2978 4601 et
3017 4548 3085 4600 ad
3119 4548 3365 4616 quietem
3403 4541 3594 4600 eorum

1981 4639 2272 4710 quieverit.
2316 4639 2460 4706 Quin
2509 4651 2565 4694 et
2609 4655 2638 4693 a
2682 4640 3100 4711 septentrionali
3134 4650 3319 4709 parte,
3362 4655 3483 4710 qua:
3512 4647 3599 4694 est

1983 4731 2253 4797 Persidis,
2289 4734 2354 4787 ad
2383 4733 2694 4799 meridiem,
2732 4735 2782 4787 in
2823 4750 2927 4804 qua
2958 4744 3042 4788 est
3079 4733 3443 4799 Hierusalem,
3477 4745 3596 4787 mo-

1913 4862 1956 4917 ι)
1987 4827 2235 4881 vehatur.
2281 4825 2803 4896 Nunquam'autcm
2845 4827 3002 4881 stella
3041 4841 3070 4879 a
3109 4825 3486 4896 septentrione
3530 4826 3598 4880 ad

1988 4916 2273 4975 meridiem
2331 4918 2581 4972 vertitur.
2645 4934 2665 4968 ι
2730 4917 2795 4971 Ει
2848 4917 3134 4982 venimus,
3189 4926 3247 4970 ut
3307 4915 3601 4973 adoremus

1985 5024 2136 5065 eum.
2191 5028 2210 5063 ι
2259 5007 2525 5064 Videntur
2577 5010 2632 5064 bi
2688 5008 2830 5081 Magi
2877 5025 3073 5082 magna
3119 5011 3321 5065 virtute
3365 5009 3598 5080 praediti.

1985 5101 2121 5157 Nam
2155 5103 2200 5158 si
2244 5103 2295 5156 in
2339 5102 2514 5156 aliena
2565 5102 2785 5173 regione
2830 5104 3065 5158 adorare
3103 5102 3415 5163 voluerunt,
3460 5117 3603 5170 quo-

1988 5197 2150 5252 modo
2186 5213 2291 5252 non
2325 5197 2377 5252 in
2407 5195 2634 5252 Perside
2665 5197 2782 5267 ipsa
2812 5211 3006 5267 Inagna
3046 5196 3304 5252 libertate
3334 5195 3603 5267 praedica-

1989 5290 2227 5345 verunt?

2070 5463 2240 5519 Vens.
2277 5462 2331 5517 3.
2375 5480 2393 5509 ι
2440 5461 2691 5519 Herodes
2726 5472 2909 5518 autem
2962 5477 3058 5518 rex
3114 5470 3173 5516 ut
3215 5459 3444 5526 audivit,
3481 5470 3604 5514 tur-

1990 5554 2154 5610 batus
2202 5565 2311 5621 est,
2346 5564 2403 5610 et
2457 5555 2641 5612 omnis
2697 5553 3074 5627 Hierosolyma
3111 5569 3236 5608 cum
3289 5553 3401 5608 illo.
3437 5572 3455 5604 ›
3494 5551 3604 5607 lle-

1987 5648 2151 5703 rodes
2185 5648 2407 5717 quidem
2470 5650 2728 5704 turbatus
2787 5657 2894 5713 est,
2949 5657 3008 5702 ut
3061 5648 3389 5716 alienigena,
3433 5661 3604 5717 regno

1990 5755 2091 5796 suo
2137 5741 2359 5804 timens,
2392 5741 2606 5797 sciebat
2659 5741 2806 5796 enim
2837 5742 2982 5811 quod
3027 5742 3118 5796 illo
3145 5741 3404 5810 indignus
3433 5747 3602 5794 esset.

1990 5831 2161 5888 Judaei
2219 5845 2403 5890 autem
2472 5849 2644 5904 quare
2725 5835 3053 5889 turbantur?
3107 5835 3394 5906 oportebat
3452 5832 3601 5888 enim

1992 5924 2230 5996 gaudere
2269 5925 2474 5998 potius,
2508 5926 2655 6000 quod
2701 5941 2886 5999 regem
2936 5926 3039 6000 ipsi
3092 5928 3335 5985 habituri
3387 5938 3598 5992 eS:ettl.
