4034 6648
256 660 355 728 165
380 656 385 662 ’

885 657 1340 721 ENARRATIO
1367 656 1451 719 IN
1493 653 2005 719 EVANGELIUM
2036 654 2531 720 MA'I‘TH.BI.»~
2560 654 2725 717 CAP.
2772 652 2858 715 II.

3448 651 3554 719 166

257 782 361 855 πρὸ
401 777 592 835 πολλοῦ
621 778 795 850 ἐφάνη
828 777 857 831 6
899 776 1097 847 ἀστὴρ,
1128 774 1207 840 ὡς
1259 773 1329 829 ἂν
1381 774 1844 847 προσκυνήσωσιν

1953 772 2130 827 adhuc
2182 770 2235 825 in
2282 769 2469 825 fasciis
2522 770 2824 840 iacentem.
2876 765 3059 839 Aliqui
3108 773 3293 824 autem
3341 766 3549 833 dicunt,

252 871 409 937 αὑτὸν
432 872 510 925 ἔτι
537 872 595 925 εν
625 874 739 933 τοῖς
791 868 1135 945 σπαργάνοις
1176 867 1329 922 ὄντα.
1380 866 1541 930 Τινὲς
1568 864 1626 919 δὲ
1655 865 1847 934 λέγου-

254 971 358 1031 σιν,
394 962 476 1017 ὃτι
510 962 639 1032 ἅμα
671 961 751 1031 τῷ
780 959 1115 1030 γεννηθῆναι
1145 957 1239 1011 τὸν
1286 957 1551 1028 Χριστὸν,
1588 958 1767 1026 ἐφάνη
1817 956 1847 1007 6

249 1057 439 1127 ἀστὴρ.
469 1056 567 1109 καὶ
601 1056 651 1108 οί
684 1055 865 1123 Μάγοι
890 1052 979 1107 διὰ
1019 1050 1118 1107 δύο
1150 1050 1290 1104 ἐτῶν
1314 1047 1504 1122 ἦλθον,
1540 1049 1762 1107 καὶούκ
1786 1051 1846 1104 εν

253 1140 777 1220 σπαργάνοινςνεῦρσν
803 1145 899 1199 τὸν
929 1145 1160 1217 Κύριον,
1184 1142 1309 1197 οὐδὲ
1334 1144 1395 1199 ιν
1414 1146 1480 1217 τῇ
1506 1144 1705 1219 φάτνῃ,
1728 1141 1846 1196 ἀλλ’

248 1241 306 1295 ἂν
336 1240 480 1311 οίκίᾳ
511 1238 657 1310 μετὰ
680 1238 783 1309 τῆς
829 1238 1061 1309 μητρὸς,
1092 1236 1249 1307 διετῆ
1277 1236 1431 1294 hinc;
1478 1236 1644 1292 Ἀλλὰ
1672 1237 1753 1291 σίν
1784 1234 1848 1289 τὸ

252 1330 563 1403 προρρηθὲν
588 1329 681 1401 ἔχε
712 1331 986 1401 κρεῖττον.
1375 1316 1381 1323 ’

320 1439 339 1473 ι
377 1422 486 1476 Καὶ
505 1420 735 1493 πεμψας
756 1421 955 1485 αὐτοὺς
975 1420 1057 1485 είς
1078 1420 1352 1492 Βηθλεὲμ,
1370 1415 1519 1489 εἷπε,
1533 1420 1845 1494 Πορευθέν-

245 1529 334 1581 τες
357 1513 607 1587 ἀκριϐῶς
630 1514 927 1581 ἐξετάσατε
954 1515 1086 1585 περὶ
1116 1514 1211 1569 τοῦ
1238 1513 1474 1571 παιδίου.
1516 1536 1535 1569 ι
1574 1516 1690 1569 Οὐκ
1718 1510 1843 1569 εἷπε

249 1606 371 1675 περὶ
394 1603 488 1657 τοῦ
526 1604 817 1675 βασιλέως,
853 1602 989 1657 ἀλλὰ
1012 1606 1143 1674 περὶ
1169 1604 1266 1659 τοῦ
1296 1607 1514 1659 παιδίου
1539 1621 1553 1636 ·
1579 1605 1704 1658 οὐδὲ
1733 1605 1844 1678 γὰρ

245 1684 305 1751 τδ
328 1696 502 1769 ὄνομα
551 1690 811 1767 ἀνέχεται
833 1712 852 1729 ⁸
882 1695 1012 1750 ὅθεν
1042 1697 1281 1753 δεικνύει
1312 1700 1394 1753 ὅτι
1438 1698 1694 1770 μαίνεται
1723 1700 1845 1753 κατ’

248 1788 432 1843 αὐτοῦ.

318 1902 336 1934 ι
386 1878 559 1937 Ὲπὰν
581 1884 643 1939 δὲ
664 1883 888 1956 sum“,
920 1881 1301 1953 ἀπαγγείλατέ
1340 1901 1452 1955 μοι,
1500 1884 1653 1949 ὅπως
1687 1886 1846 1955 κάγὼ

244 1974 409 2029 ιλθὼν
438 1979 815 2049 προσκυνήσω
843 1976 1019 2050 αὐτῷ.
1046 1978 1111 2031 Ol
1136 1977 1216 2044 εδ,
1250 1978 1590 2041 ἀκούσαντες
1617 1978 1713 2032 τοῦ
1748 1980 1845 2049 βα-

243 2063 432 2130 σιλέως
487 2066 955 2139 επορεύθησαν.»
1024 2066 1239 2121 ’Λδολοι
1290 2068 1401 2139 γὰρ
1445 2068 1602 2131 ὄντες
1663 2069 1840 2134 αὐτοὶ,

241 2157 489 2227 ενόμιςον
518 2137 777 2213 κάκεῖνον
805 2154 1009 2222 ἀδόλως
1040 2158 1242 2228 λέγω.
1280 2176 1300 2210 ι
1327 2137 1440 2212 ttat
1465 2159 1576 2213 ίδοὺ
1608 2160 1639 2213 6
1664 2159 1841 2230 ἀστὴρ
1874 2137 1921 2197 Β

236 2245 295 2301 ὃν
322 2244 467 2305 εἶδον
500 2253 558 2304 ὲν
584 2253 653 2323 τῇ
686 2251 971 2322 ’Δνατολῇ,
1000 2251 1247 2322 προῆγεν
1266 2248 1489 2313 αὑτούς.
1510 2269 1533 2303 a
1579 2251 1842 2322 ’Δπεκρύο

240 2338 305 2408 ϐη
337 2344 479 2413 πρὸς
512 2343 719 2414 μικρὸν
750 2344 782 2395 6
808 2342 987 2415 δοτὴρ
1014 2341 1400 2414 οἰκονομικῶς,
1434 2342 1525 2397 ίνα
1550 2342 1843 2414 ἐρωτήσω-

238 2447 320 2489 σιν
343 2435 498 2489 αὐτοὶ
530 2437 668 2500 τοὺς
711 2435 1024 2502 Ἰουδαίους,
1088 2438 1184 2491 καὶ
1212 2434 1465 2507 ταραχθῇ
1500 2438 1529 2489 6
1567 2436 1840 2507 Ἡρώδης.

238 2527 330 2577 καὶ
353 2526 498 2581 οὓτω
530 2529 983 2601 περιφανεστέρα
1028 2527 1262 2599 γένηται
1290 2526 1324 2595 ἡ
1356 2524 1612 2595 ἀλήθεια.
1656 2525 1841 2590 Ἐξελ-

237 2614 388 2672 θοῦσι
414 2619 473 2673 δὲ
502 2622 697 2686 αὐτοῖς
740 2620 851 2677 ἀπὸ
880 2620 980 2691 τῆς
1015 2618 1397 2691 Ἰερουσαλὴμ,
1432 2619 1603 2675 πάλιν
1642 2620 1841 2691 ιφάνη,

236 2713 601 2782 χειραγωγῶν
634 2714 856 2779 αὐτούς.
891 2714 1058 2769 Ὅθεν
1104 2714 1267 2786 δῆλον
1301 2715 1386 2767 ὅτι
1443 2714 1565 2771 θεία
1608 2713 1843 2784 δύναμις

234 2798 299 2874 ἦν
322 2806 349 2857 6
376 2806 589 2878 ἀστήρ.
622 2825 641 2859 ι
667 2806 815 2870 Ἕως
846 2805 1019 2861 ἐλθὼν
1052 2806 1186 2877 ιστη
1223 2805 1412 2862 ἑπάνω
1441 2800 1505 2860 οὗ
1522 2802 1592 2877 ἦν
1618 2806 1680 2859 τὸ
1710 2822 1843 2862 παι-

234 2892 363 2951 δίον.
409 2915 429 2949 ι
464 2892 584 2952 Kal.
626 2898 785 2953 τοῦτο
821 2896 993 2965 ξένον.
1038 2898 1267 2971 Κατίϐη
1320 2898 1434 2969 γὰρ
1466 2901 1496 2954 6
1529 2898 1709 2971 ἀστὴρ
1734 2898 1845 2953 ἀπὸ

234 2986 325 3040 τοῦ
386 2988 585 3059 ὕψους,
651 2992 747 3046 καὶ
781 2991 1204 3063 προσγειότερος
1263 2993 1583 3064 γενόμενος,
1640 2992 1845 3057 ἔδειξεν

236 3079 420 3144 αὐτοῖς
454 3082 552 3136 τὸν
579 3084 771 3138 τόπον.
806 3085 869 3141 El
904 3084 1017 3155 γὰρ
1047 3084 1107 3151 ιε
1141 3083 1312 3154 ὕψους
1343 3085 1533 3149 αὐτοῖς
1558 3084 1838 3155 ἐφαίνετο,

237 3171 355 3235 πῶς
388 3176 457 3227 ἂν
484 3175 723 3246 ιμελλον
755 3175 943 3240 ίδικῶς
972 3176 1246 3249 γνφρίσαι
1301 3175 1393 3230 τὸν
1422 3176 1589 3231 τόπον
1621 3176 1751 3233 [vlla
1776 3174 1846 3249 ἦν

234 3266 263 3316 6
290 3245 566 3337 Χριστόςς
597 3268 664 3320 Oi
699 3268 810 3339 γὰρ
837 3245 1069 3339 ὰστέρές
1094 3245 1277 3323 πολὺν
1302 3268 1471 3323 τόπον
1501 3245 1849 3340 περιλαμϐα-

235 3370 437 3413 νουσιν.
480 3359 650 3413 Ὅθεν
700 3359 800 3414 καὶ
833 3361 897 3414 σὺ
926 3360 1114 3415 επάνω
1137 3360 1239 3430 τῆς
1275 3362 1376 3432 σῆς
1407 3362 1587 3425 οίκίας
1621 3361 1848 3432 βλέπεις

233 3445 331 3548 την
349 3447 593 3520 σελήνην
620 3450 806 3521 τυχὸν,
823 3451 982 3521 κάγὼ
1008 3451 1155 3508 δοκῶ
1182 3451 1389 3525 ταύτην
1411 3453 1675 3543 ἀνωτέρω
1699 3447 1846 3509 εἶναι
1873 3489 1917 3548 c

233 3534 331 3635 τῆς
369 3541 519 3611 ιμῆς
548 3542 732 3605 οἰκίας
755 3543 949 3614 μόνης.
976 3545 1087 3597 Καὶ
1116 3543 1331 3635 πάντες
1355 3545 1569 3612 ἁπλῶς,
1594 3538 1847 3635 δοκοῦσιν

232 3626 461 3695 ικαστος
486 3632 683 3686 ἐπάνω
712 3632 880 3688 αὐτοῦ
915 3635 1080 3703 μόνου
1112 3634 1369 3691 ἵστασθαι
1399 3636 1501 3706 τὴν
1548 3626 1784 3708 σελήνην
1810 3637 1845 3709 ἢ

232 3718 392 3771 ἄλλον
417 3724 656 3795 ἀστέρα.
691 3725 964 3787 Κάκεῖνος
1018 3722 1112 3777 οὖν
1161 3724 1191 3777 ό
1216 3724 1397 3794 ἀστὴρ
1444 3724 1547 3777 οὐκ
1580 3724 1648 3779 ἂν
1676 3723 1848 3791 ἔδειξε

232 3812 322 3863 τὸν
338 3813 612 3883 Χριστὸν,
641 3818 690 3872 εί
721 3815 801 3887 μὴ
830 3815 1168 3887 συγκατέϐη,
1198 3816 1295 3873 καὶ
1334 3818 1625 3887 μονονουχὶ
1659 3815 1848 3871 ἐπάνω

234 3903 326 3973 τῆς
358 3907 616 3977 κεφαλῆς
648 3908 745 3962 τοῦ
778 3909 995 3963 παιδίου
1020 3909 1176 3981 ἔστη.

308 4014 327 4045 ι
382 3998 617 4063 Ἰδόντες
648 3999 705 4054 δι
730 3999 822 4053 τὸν
878 4002 1099 4072 λστὲρα,
1135 4000 1413 4074 εχάρησαν
1446 4000 1625 4073 χαρὰν
1671 4002 1849 4073 μεγά-

232 4084 331 4157 λην
361 4089 603 4158 σφόδρα.
644 4108 664 4142 ι
709 4091 796 4154 Ὠς
829 4092 890 4143 οὐ
921 4092 1314 4163 πλανηθέντες,
1364 4092 1478 4147 ἀλλ’
1503 4093 1760 4164 εὑρόντες
1784 4092 1846 4146 τὸ

232 4174 603 4246 ζητούμενον,
639 4181 942 4251 ἐχάρησαν.

306 4285 325 4319 ι
364 4271 482 4322 Καὶ
513 4271 769 4335 ἐλθόντες
818 4273 898 4336 είς
928 4273 1028 4344 τὴν
1075 4273 1277 4339 οίκίαν,
1336 4269 1480 4329 εῐδον
1512 4276 1575 4331 τὸ
1629 4275 1845 4331 παιδίον

233 4362 373 4429 μετὰ
416 4364 651 4435 Μαρίας
681 4364 781 4433 τῆς
825 4368 1036 4436 μητρὸς
1100 4368 1293 4423 αὑτοῦ.
1333 4387 1351 4421 ι
1408 4370 1565 4439 Ἀμα
1614 4370 1714 4439 μὲν
1766 4367 1846 4440 τῷ

230 4456 594 4527 γεννηθῆναι,
634 4458 692 4509 ιν
712 4460 779 4528 τῇ
832 4461 1010 4529 φάτνῃ
1044 4460 1362 4513 κατέκλινεν
1397 4462 1430 4529 ὴ
1475 4458 1757 4531 Παρθάνος
1786 4459 1846 4513 τὸ

233 4547 473 4613 παιδίον,
505 4550 573 4602 οὐ
593 4551 702 4620 γὰρ
727 4549 986 4621 εὕρισκον
1011 4551 1133 4605 τότε
1157 4553 1339 4606 οὶκίαν
1363 4568 1378 4585 ο
1419 4554 1559 4623 μετὰ
1585 4553 1759 4607 ταῦτα
1785 4552 1844 4607 δὲ

236 4639 384 4703 εἰκός
418 4644 581 4694 ἐστιν
628 4642 812 4712 εὑρεῖν
868 4642 1067 4711 οἰκίαν,
1095 4644 1224 4698 ἔνθα
1270 4646 1365 4698 καὶ
1391 4644 1441 4697 ol
1474 4646 1659 4714 Μάγοι
1684 4637 1846 4717 εὗρον

232 4732 458 4795 αὐτούς.
532 4734 839 4806 Ἀνέϐησαν
879 4737 980 4806 μὲν
1020 4736 1131 4807 γὰρ
1166 4738 1246 4801 είς
1281 4736 1553 4809 Βηθλεὲμ,
1589 4738 1677 4791 ἵνα
1700 4739 1843 4791 ἀπο-

1950 864 2097 935 quod
2141 879 2268 919 cum
2303 862 2530 919 Christo
2570 872 2701 917 nato
2736 862 3059 933 apparuerit
3107 860 3289 926 stella,
3322 870 3379 917 et
3414 861 3555 933 Magi

1950 972 2052 1029 per
2082 957 2371 1013 biennium
2412 964 2705 1020 venerunt,
2736 964 2793 1013 et
2826 970 2931 1010 non
2969 954 3025 1009 in
3062 952 3305 1008 fasciolis
3332 952 3556 1011 invene-

1935 1058 2077 1105 runt
2110 1064 2360 1120 puerum,
2398 1063 2579 1119 neque
2608 1049 2661 1103 itt
2696 1048 2985 1118 praesepio,
3024 1047 3123 1103 sed
3150 1046 3205 1101 in
3240 1046 3402 1102 domo
3429 1062 3555 1101 cum

1950 1148 2127 1198 matre
2159 1141 2392 1197 bimum.
2423 1140 2531 1197 Sed
2560 1151 2615 1196 tu
2644 1141 2882 1211 priorem
2907 1139 3238 1196 sententiam
3274 1147 3333 1193 ut
3363 1138 3557 1194 melio-

1951 1248 2069 1290 rcm
2109 1234 2270 1289 habe.

2021 1405 2191 1464 Vsns.
2220 1406 2275 1462 8.
2307 1424 2328 1460 ι
2365 1407 2434 1462 Ει
2466 1404 2651 1462 missis
2672 1404 2753 1460 cis
2781 1404 2834 1461 in
2870 1403 3174 1468 Bethleem,
3206 1405 3366 1473 dixit,
3392 1405 3472 1463 lte
3501 1415 3557 1462 et

1948 1500 2247 1578 diligente‘r
2295 1499 2563 1571 inquirite
2599 1500 2668 1556 de
2712 1513 2890 1569 puero
2926 1498 3050 1553 hoc.
3099 1517 3119 1551 ι
3154 1497 3272 1553 Non
3322 1499 3461 1553 dixit
3491 1500 3559 1554 de

1951 1608 2099 1664 rege,
2148 1592 2246 1649 sed
2286 1594 2355 1648 de
2382 1606 2555 1663 puero
2583 1609 2601 1650 ι
2632 1607 2811 1663 neque
2862 1592 3009 1647 enim
3044 1607 3246 1648 nomen
3281 1590 3425 1647 l'erre
3454 1607 3552 1663 pn-

1950 1694 2127 1741 terat:
2192 1686 2580 1741 demonstrans
2648 1683 2917 1756 quantum
2996 1692 3191 1737 contra
3257 1681 3409 1739 illum
3468 1684 3555 1738 itt-

1948 1780 2175 1837 saniret.
2792 1826 2797 1830 .

2022 1870 2185 1927 Vna.
2221 1869 2281 1935 8,
2321 1871 2375 1928 9.
2419 1889 2439 1924 ι
2506 1867 2623 1930 Ubi
2652 1886 2785 1928 veru
2837 1870 3182 1945 repereritis,
3244 1868 3557 1925 renurtiatc

1950 1965 2109 2031 mihi,
2139 1973 2200 2020 ut
2229 1973 2284 2020 es
2324 1979 2427 2035 ego
2474 1964 2692 2021 veniam
2730 1974 2788 2030 et
2844 1965 3073 2023 adorem
3114 1964 3294 2019 illum.
3338 1962 3409 2017 At
3452 1964 3555 2025 ιιη,

1952 2055 2141 2121 audito
2193 2070 2346 2125 rege,
2399 2055 2633 2126 proiecti
2665 2061 2811 2114 sunt.
2852 2071 2871 2106 ι
2925 2052 3037 2124 ipsi
3078 2068 3201 2109 cum
3236 2052 3361 2108 dolo
3401 2067 3559 2109 care-

1953 2157 2097 2209 rent,
2130 2148 2397 2217 putabant
2424 2157 2480 2200 et
2505 2144 2657 2217 illum
2684 2146 2894 2216 absque
2920 2144 3047 2203 dolo
3078 2143 3249 2216 loqui.
3284 2164 3305 2197 ι
3336 2144 3401 2201 Ει
3427 2159 3556 2201 ecce

1947 2241 2129 2306 stella,
2161 2255 2327 2311 qnam
2376 2239 2631 2297 viderant
2664 2240 2718 2294 in
2761 2238 3012 2306 Oriente,
3052 2238 3335 2308 praecessit
3365 2254 3547 2296 eos-»

1946 2330 2172 2387 Occulta
2217 2340 2341 2388 erat
2389 2328 2457 2389 ad
2508 2343 2739 2400 parvum
2793 2336 3015 2398 tempus
3064 2330 3222 2385 stella
3286 2326 3554 2399 singulari

1945 2426 2385 2497 dispensatione,
2434 2432 2495 2478 ut
2544 2423 2767 2483 Iudaeos
2806 2424 3237 2495 interrogarent,
3272 2432 3329 2479 et
3361 2423 3555 2477 turba-

1947 2530 2101 2575 retur
2132 2517 2399 2584 Herodes,
2448 2527 2614 2587 atque
2646 2516 2723 2572 ita
2764 2515 3110 2574 manifestior
3139 2514 3299 2574 ﬂeret
3324 2516 3553 2591 veritas.

1948 2610 2021 2667 Ut
2070 2622 2257 2669 autem
2308 2611 2413 2681 ipsi
2457 2606 2663 2683 egressi
2716 2620 2845 2667 sunt
2888 2625 2917 2671 a
2974 2608 3308 2674 Jerusalem,
3353 2608 3554 2665 iterum

1947 2707 2220 2777 apparuit,
2282 2708 2492 2763 ducens
2548 2718 2667 2761 eos.
2769 2700 2925 2762 Unde
2994 2701 3344 2759 muniit-stum
3407 2699 3555 2772 quod

1948 2798 2110 2855 stella
2139 2807 2263 2854 erat
2302 2800 2481 2854 virtus
2513 2796 2724 2853 divina.
2763 2814 2784 2848 ι
2825 2795 3013 2851 Donec
3054 2809 3346 2866 progressa
3382 2805 3558 2852 staret

1947 2906 2113 2961 supra
2162 2892 2253 2947 ubi
2312 2900 2439 2947 erat
2487 2906 2645 2962 puer.
2685 2910 2706 2945 ι
2763 2889 2833 2947 Ει
2875 2892 2979 2947 hoc
3010 2908 3224 2952 rarum.
3260 2891 3559 2949 Descendit

1949 2983 2098 3040 enim
2149 2981 2312 3042 Stella
2351 2996 2381 3039 a
2434 2985 2776 3050 summitate,
2824 2995 2879 3041 et
2935 2994 3095 3041 terra:
3124 2986 3351 3058 propior
3387 2988 3557 3051 facta,

1948 3074 2188 3131 ostendit
2215 3073 2298 3129 eis
2326 3074 2533 3134 locum.
2571 3074 2711 3132 Nam
2743 3076 2788 3133 si
2818 3090 2887 3132 ex
2914 3078 3235 3135 summitate
3269 3078 3558 3149 apparuis-

1949 3174 2055 3231 set,
2104 3164 2385 3237 quomodo
2432 3165 2705 3222 certiores
2737 3167 2855 3222 ileri
2891 3169 3203 3237 potuissent
3247 3170 3318 3225 de
3349 3170 3472 3226 loco
3502 3171 3558 3226 in

1949 3272 2059 3329 quo
2112 3267 2261 3315 esset
2317 3256 2618 3316 Christus?
2677 3256 2860 3314 Stella:
2904 3261 3052 3315 enim
3093 3262 3321 3318 multum
3372 3264 3555 3320 locum

1936 3350 2443 3435 comprehendunt.
2480 3348 2646 3407 Unde
2686 3361 2742 3406 tu
2780 3367 2947 3423 supra
2986 3354 3211 3410 domum
3266 3364 3413 3412 tuam
3452 3355 3561 3428 13

1951 3442 2102 3497 vides
2154 3441 2336 3499 lunam
2387 3441 2553 3508 forte,
2594 3452 2649 3498 et
2701 3458 2803 3515 ego
2853 3449 3104 3502 eamdem
3139 3448 3296 3503 video
3334 3448 3559 3505 nonnisi

1950 3549 2118 3605 supra
2173 3534 2395 3594 domum
2443 3550 2667 3593 meam:
2718 3545 2783 3597 et,
2814 3538 3115 3610 unicuique
3163 3541 3379 3596 videtur
3409 3551 3559 3599 stare

1950 3643 2060 3684 non
2098 3626 2202 3683 nisi
2232 3642 2399 3697 supra
2432 3627 2654 3684 domum
2692 3644 2847 3685 suam
2883 3630 3069 3689 lunam
3104 3631 3190 3687 vel
3235 3634 3397 3689 aliam
3428 3633 3561 3692 stel—

1950 3721 2083 3776 lam.
2124 3721 2281 3777 Unde
2319 3731 2376 3776 et
2429 3721 2521 3775 illa
2555 3721 2719 3778 stella
2756 3737 2863 3779 non
2907 3726 3345 3782 demonstrasset
3398 3727 3561 3783 Chri-

1950 3824 2117 3881 stum,
2150 3814 2253 3875 nisi
2288 3815 2692 3883 descendisset,
2730 3824 2783 3871 et
2816 3824 3031 3873 tantum
3062 3834 3168 3875 non
3200 3834 3367 3891 supra
3394 3829 3561 3893 caput

1948 3907 2105 3978 pueri
2142 3907 2410 3964 stetisset.

2023 3996 2190 4056 Vsus.
2231 4000 2320 4055 {0.
2361 4017 2379 4050 s
2411 3999 2541 4055 Visa
2577 4010 2760 4055 autem
2786 3999 2967 4067 stella,
2994 4001 3168 4071 gavisi
3200 4013 3327 4060 sunt
3351 4004 3558 4075 gaudio

1948 4103 2149 4160 magno
2196 4093 2373 4145 valde.
2417 4107 2437 4141 ι
2491 4088 2651 4155 Quod
2684 4104 2793 4145 non
2841 4091 3219 4158 aberrassent,
3261 4094 3357 4150 sed
3400 4093 3557 4150 inve-

1947 4178 2161 4236 nissent
2199 4180 2343 4248 quod
2384 4180 2725 4250 quaerebant,
2765 4180 2939 4249 gavisi
2968 4192 3117 4237 sunt.

2021 4270 2189 4330 Vsus.
2225 4274 2312 4329 tl.
2346 4290 2364 4325 ι
2408 4272 2477 4328 Ει
2501 4274 2737 4345 ingrcssi
2762 4277 3006 4343 domum,
3040 4277 3296 4334 viderunt
3319 4295 3555 4352 puerum

1949 4382 2077 4425 cum
2117 4368 2286 4425 Maria
2336 4367 2511 4423 Matre
2549 4367 2693 4437 ejus.
2750 4388 2770 4421 ι
2826 4369 2950 4427 Mox
3005 4372 3227 4441 quidem
3280 4384 3340 4428 ut
3393 4385 3559 4433 natus

1946 4460 2072 4529 fuit,
2122 4462 2413 4520 reclinavit
2444 4461 2615 4532 Virgo
2673 4469 2906 4533 piterum
2945 4464 3000 4519 in
3052 4466 3405 4535 praesepium,
3444 4483 3556 4523 non

1947 4554 2097 4612 enim
2162 4563 2292 4610 tunc
2337 4555 2667 4626 invenerant
2710 4555 2958 4613 domum.
3005 4555 3319 4613 Verisimile
3368 4570 3556 4617 autent

1948 4662 2031 4707 est
2063 4660 2251 4723 postea
2299 4666 2395 4709 eos
2427 4651 2709 4709 invenisse
2751 4654 2999 4721 domum,
3043 4654 3136 4715 ubi
3184 4662 3238 4709 et
3279 4653 3421 4727 Magi
3470 4658 3558 4713 in-

1948 4753 2221 4802 venerunt
2268 4758 2383 4801 eos.
2441 4745 2825 4801 Ascenderant
2878 4746 3027 4801 enim
3060 4748 3112 4801 in
3165 4745 3472 4814 Bethleem,
3502 4759 3562 4806 ut

233 4824 531 4891 γραφῶσιν
559 4828 699 4890 ἐκεῖ,
735 4824 882 4899 καθὰ
908 4828 1004 4879 καὶ
1051 4828 1269 4891 Λουκᾶς
1326 4828 1499 4897 λέγει.
1533 4828 1737 4884 Πολλοῦ
1785 4830 1843 4884 δὲ

1953 4848 2372 4895 recenserentur
2394 4837 2529 4907 illic,
2562 4839 2708 4893 sicut
2747 4850 2802 4892 et
2843 4837 3027 4894 Lucas
3075 4838 3228 4897 dicit.
3265 4838 3434 4895 Multa
3464 4854 3567 4895 au—

233 4914 479 4981 πληθους
510 4915 905 4987 συντρέχοντος
927 4916 1016 4970 διὰ
1038 4916 1137 4989 τὴν
1164 4919 1519 4991 ἀπογραφὴν,
1555 4921 1658 4974 οὐκ
1684 4921 1845 4992 ἔσχον

233 5005 369 5072 πρὸς
429 5006 634 5077 καιρὸν
687 5008 891 5074 οἰκίαν,
927 5009 1045 5063 ἀλλ’
1079 5011 1140 5064 ἑν
1173 5010 1251 5081 τῷ
1286 5011 1543 5082 σπηλαίῳ
1596 5012 1795 5084 ἐτέχθη
1827 5027 1842 5043 ⁶

232 5089 349 5148 εἶτα
373 5098 593 5171 εὑρέθη
621 5100 657 5171 ή
687 5099 856 5166 οίκία,
887 5100 1017 5157 ἔνθα
1044 5100 1240 5173 ὡράθη
1270 5105 1382 5167 τοῖς
1416 5104 1633 5173 Μάγοις
1667 5106 1695 5157 6
1728 5106 1846 5159 Κύ-

237 5201 372 5254 ριος.
434 5208 455 5242 ι
498 5191 621 5245 Καὶ
663 5194 925 5257 πεσόντες
978 5196 1401 5267 προσεκύνησαν
1459 5197 1633 5269 αὐτῷ.
1670 5216 1689 5250 ι
1740 5198 1844 5252 Ἴδε

230 5279 408 5354 ψυχῆς
443 5282 745 5356 ἐλλαμψιν.
779 5287 1001 5360 Πένητα
1035 5287 1286 5355 ἔϐλεπον,
1318 5290 1413 5344 καὶ
1445 5292 1841 5362 προσεκύνουν.

247 5372 824 5449 Ἐπληριγρορήθησαν
863 5378 973 5449 γὰρ
998 5378 1081 5433 ὅτι
1112 5380 1245 5445 Θεός
1276 5382 1416 5448 ἐστι,
1439 5382 1521 5437 διὸ
1546 5383 1640 5435 καὶ
1668 5400 1844 5455 προσ-

230 5463 461 5533 άγουσιν
484 5469 649 5539 αὐτῷ
673 5469 843 5541 δῶρα,
868 5470 944 5535 ὡς
960 5471 1079 5544 Θεῷ
1103 5474 1200 5528 καὶ
1226 5473 1301 5538 ὡς
1334 5474 1845 5546 ἀνθρώπῳ.’Δκουε

237 5563 361 5633 γάρ·
404 5583 423 5616 ι
451 5566 574 5618 Καὶ
601 5566 908 5629 ἀνοίξαντες
937 5568 1065 5631 τοὺς
1096 5568 1407 5641 θησαυροὺς
1435 5570 1641 5637 αὐτῶν,
1676 5588 1845 5641 προσ-

233 5654 477 5726 ήνεγκαν
513 5656 673 5729 αὐτῷ
700 5656 870 5728 δῶρα,
901 5662 1126 5729 χρυσὸν,
1147 5664 1239 5714 καὶ
1266 5662 1511 5729 λίϐανον,
1540 5662 1637 5715 καὶ
1668 5662 1847 5735 σμύρ-

232 5760 351 5802 ναν.
381 5766 403 5799 a
455 5749 573 5803 Τὸν
619 5750 717 5821 μὲν
741 5752 965 5821 χρυσὸν,
1002 5756 1360 5825 προσήγαγον
1408 5756 1581 5829 αὐτῷ,
1635 5757 1711 5814 ὡς
1747 5757 1845 5827 βα-

234 5838 391 5896 σιλεῖ.
428 5840 515 5912 [ᾧ
557 5843 670 5913 γὰρ
702 5843 915 5913 βασιλεί
936 5846 1135 5916 χρυσὸν
1169 5846 1431 5917 τελοῦμεν
1462 5849 1512 5901 οἳ
1532 5849 1638 5901 ὑπὸ
1660 5851 1842 5920 χεῖρα.

231 5930 417 5987 Τδνδὲ
445 5934 697 6002 λίϐανον,
736 5938 811 6003 ὡς
840 5940 984 6012 Θεῷ.
1041 5942 1133 6013 Τῷ
1172 5945 1283 6014 γὰρ
1334 5943 1456 6016 Θεῷ
1496 5946 1716 5999 λίϐανον
1748 5946 1843 5999 θυ-

233 6023 476 6098 μιῶμεν.
539 6029 655 6101 Τὴν
688 6031 745 6085 δὲ
790 6034 1063 6106 σμύρναν,
1117 6036 1195 6099 ὡς
1234 6038 1483 6108 μέλλοντι
1534 6039 1840 6109 γεύσασθαι

238 6115 501 6175 θανάτου.
567 6124 726 6179 Μετὰ
776 6129 884 6199 γὰρ
916 6130 1015 6201 τῆς
1047 6130 1297 6203 σμύρνης
1340 6132 1759 6203 ἑνταφιάζουσιν
1790 6136 1841 6189 oi

196 6628 269 6648 ΔΔ...
278 6628 331 6648 .1

1952 4942 2062 4987 tem
2121 4939 2491 4986 concurrente
2533 4929 2884 4987 multitudine
2930 4940 2989 4985 ut
3049 4943 3393 5000 censeretur,
3446 4948 3559 4990 non

1950 5026 2228 5083 habebant
2256 5026 2323 5083 ad
2352 5038 2569 5098 tempus
2600 5028 2849 5091 domum,
2881 5026 2979 5081 sed
3024 5026 3080 5081 in
3105 5028 3367 5097 spelunca
3394 5038 3565 5086 natus

1950 5128 2028 5175 est
2064 5135 2078 5175 :
2110 5118 2305 5177 deinde
2354 5118 2579 5176 inventa
2638 5120 2824 5183 domo,
2875 5118 3025 5173 visus
3057 5117 3131 5173 ibi
3178 5128 3263 5175 est
3303 5134 3333 5174 a
3384 5118 3561 5194 Magis

1948 5212 2234 5268 Dominus.
2298 5231 2318 5265 ι
2393 5210 2460 5267 Et
2522 5228 2650 5269 cum
2717 5211 3111 5283 procidissent,
3184 5214 3557 5269 adoraverunt

1950 5287 2124 5361 illum.
2197 5322 2217 5356 ι
2274 5302 2409 5360 Vide
2468 5305 2667 5358 animae
2727 5303 3180 5359 illustrationetn.
3247 5302 3553 5375 Pauperem

1948 5395 2212 5452 videbant
2278 5403 2327 5450 et
2400 5394 2727 5450 adorabant.
2776 5393 2963 5449 Multis
3007 5395 3157 5450 enim
3208 5398 3556 5467 argumentis

1946 5488 2255 5549 didicerant
2277 5487 2423 5558 quod
2459 5499 2605 5545 esset
2636 5486 2801 5555 Deus,
2836 5490 2960 5545 ideo
2992 5498 3046 5546 et
3071 5491 3121 5546 ei
3157 5489 3397 5546 ollerunt
3433 5508 3557 5547 ntu-

1949 5596 2082 5637 nera
2116 5592 2176 5636 ut
2210 5581 2321 5637 Deo
2378 5590 2434 5636 et
2468 5591 2527 5635 ut
2553 5581 2785 5636 homini.
2821 5582 2961 5637 Audi
2993 5584 3161 5650 enim,
3202 5600 3221 5634 ι
3257 5574 3322 5638 Ει
3350 5585 3556 5654 apertis

1951 5676 2226 5732 thesauris
2253 5676 2392 5743 suis,
2424 5676 2743 5732 obtulerunt
2798 5676 2849 5732 ei
2885 5679 3051 5743 dona,
3085 5691 3284 5731 aurum
3336 5688 3390 5734 et
3423 5678 3557 5734 thus

1947 5777 2004 5823 et
2048 5768 2348 5838 myrrham.
2406 5786 2427 5822 ι
2473 5767 2682 5823 Aurum
2732 5770 2957 5839 quidem
3015 5770 3337 5825 obtulerunt
3378 5772 3451 5834 ei,
3496 5779 3559 5826 ut

1950 5862 2087 5932 regi.
2125 5866 2334 5917 Aurum
2376 5862 2524 5918 enim
2559 5850 2767 5918 subditi
2804 5864 3024 5933 regibus
3062 5865 3371 5933 pendimus.
3402 5862 3560 5918 Thus

1948 5968 2156 6024 autem,
2185 5968 2244 6010 ut
2277 5957 2411 6011 Deo.
2440 5955 2551 6011 Dco
2586 5958 2731 6011 enim
2768 5957 2895 6012 thus
2932 5958 3233 6011 adolemus.
3273 5954 3555 6029 Myrrham

1948 6063 2101 6114 vero,
2164 6055 2223 6102 ut
2272 6048 2627 6119 degustatum
2687 6060 2947 6105 mortem.
3006 6047 3145 6103 Nam
3203 6047 3375 6105 Judaei
3425 6066 3555 6105 cum

1948 6140 2172 6211 myrrha
2221 6152 2469 6198 mortuos
2522 6142 2825 6211 sepeliunt,
2870 6153 2928 6198 ut
2968 6157 3172 6213 corpus
3214 6150 3431 6197 maneat
3466 6144 3549 6189 in-
