4034 6608
592 458 617 524 ι
630 458 693 522 ’5⁵1

1442 445 2026 511 THEOPHYLACTI
2067 439 2484 507 Βυωλιιικε
2527 438 2885 500 ARCHIEP.

3777 434 3869 500 168

592 577 932 638 corruptum.
973 560 1190 634 Myrrha
1223 560 1370 621 enim
1408 574 1531 615 cum
1565 559 1711 614 sicca
1747 559 1839 624 sit,
1870 555 2160 613 aretacitel

2291 551 2558 615 Ἰουδαῖοι,
2610 551 2700 604 διά
2734 550 2795 602 τὸ
2827 550 3013 619 μένειν
3063 548 3123 600 τὸ
3163 547 3321 619 σῶμα
3354 546 3623 618 ἄσηπτον.
3676 549 3742 603 Ἥ
3769 553 3867 618 γὰρ

593 661 833 716 exsiccat
871 655 1274 716 bumitlitatcm.
1306 663 1361 708 et
1391 668 1494 707 non
1531 652 1662 706 sinit
1695 650 1906 706 innasci
1941 663 2170 704 vermes.

590 741 753 809 Vides
777 749 1053 820 Magorum
1093 748 1274 812 ﬁdem,
1307 747 1452 816 quod
1487 754 1543 799 et
1575 760 1604 798 a
1635 743 1925 816 prOphetia
1955 739 2172 795 Balaam

589 843 893 900 didicerunt
933 840 1220 894 Dominum
1273 848 1328 892 et
1369 838 1536 892 Deum
1582 847 1637 890 et
1686 849 1870 906 regem
1920 847 2062 895 esse.
2110 845 2175 884 ac

589 953 688 1007 pro
737 936 896 992 nobis
960 934 1306 988 moriturum.
1359 929 1498 985 Audi
1561 939 1746 982 autem
1809 925 2171 997 prophetiam,

589 1029 893 1093 licettbans,
926 1025 1118 1095 inquit,
1149 1026 1415 1094 requievit
1445 1031 1502 1075 ut
1535 1020 1621 1074 leo
1653 1019 1732 1092 (α)
1777 1029 1828 1073 et
1861 1029 1919 1072 ut
1951 1017 2164 1071 catulus

587 1118 843 1174 leonis“.
875 1117 1013 1171 Ecce
1041 1118 1241 1186 regiam
1272 1114 1590 1184 dignitatem
1627 1128 1723 1182 per
1753 1111 1967 1167 leonem
2003 1109 2172 1179 signi-

586 1205 731 1277 ficat,
769 1211 1160 1266 mortalitatem
1201 1203 1381 1262 autem
1425 1209 1552 1260 dum
1589 1206 1686 1270 ait,
1737 1205 2026 1259 recubans.
2067 1203 2167 1266 Qui

585 1303 916 1374 benedicuut
982 1312 1054 1367 te,
1100 1300 1530 1354 benedicentur:
1597 1311 1726 1351 ecce
1782 1306 1836 1350 et
1888 1297 2167 1349 deitatem.

585 1395 710 1449 Sola
754 1397 900 1448 enim
934 1391 1029 1447 Dei
1065 1403 1258 1446 natura
1301 1393 1441 1446 banc
1486 1387 1884 1445 benedictionis
1914 1389 2166 1441 virtutem

585 1488 766 1541 habet.

663 1579 822 1634 \‘ens.
853 1581 939 1634 12.
975 1599 991 1633 ι
1035 1581 1101 1634 Et
1133 1580 1355 1636 oraculo
1382 1587 1608 1647 accepto
1637 1575 1949 1660 insomnis,
1989 1588 2053 1627 ne
2081 1589 2168 1628 re-

581 1686 924 1731 verterentur
952 1677 1020 1731 ad
1069 1675 1358 1740 Herodem,
1387 1689 1482 1745 per
1520 1673 1681 1726 aliam
1715 1671 1859 1724 viam
1889 1669 2166 1723 redierunt

581 1769 634 1822 in
664 1769 942 1838 regionem
973 1783 1154 1823 suam.
1197 1786 1214 1819 ι
1254 1764 1388 1820 Vide
1413 1761 1886 1832 consequentiam,
1931 1759 2164 1830 primurn

583 1862 722 1916 Deus
766 1862 886 1917 illos
933 1861 1000 1916 ad
1052 1859 1210 1916 fidem
1257 1875 1354 1929 per
1397 1857 1612 1913 stellam
1660 1856 1917 1910 adduxit:
1969 1851 2162 1907 deinde

578 1969 702 2008 cum
750 1962 1016 2008 venerunt
1078 1952 1130 2006 in
1190 1949 1650 2020 Hierosolymam,
1709 1946 1896 2000 docuit
1924 1958 2020 1999 eos
2065 1957 2162 2012 per

577 2049 921 2118 prophetam,
947 2049 1090 2117 quod
1117 2049 1168 2101 in
1196 2047 1468 2102 Bethleem
1497 2053 1757 2098 nascatur
1786 2059 1800 2096 :
1832 2052 1888 2095 et
1919 2040 2159 2102 tandem,

580 2134 675 2211 per
720 2141 990 2211 angelum.
1045 2141 1107 2192 Et
1154 2140 1229 2193 illi
1294 2139 1559 2194 obediunt
1610 2134 1854 2196 oraculo,
1909 2133 2010 2186 hoc
2057 2141 2160 2194 est,

579 2236 761 2289 divino
812 2234 1106 2303 οοΙΙοψιίο.
1169 2233 1404 2286 Oraculo
1450 2231 1620 2300 igitur
1651 2239 1898 2296 accepto,
1955 2224 2008 2278 id
2056 2233 2160 2287 est,

577 2327 911 2381 rcvelatione
963 2343 992 2379 a
1048 2325 1157 2379 Deo
1189 2326 1397 2386 habita,
1433 2325 1809 2396 imposuerunt
1852 2317 2073 2382 llerodi,
2109 2324 2163 2370 et

577 2432 683 2472 non
736 2418 1034 2472 timuerunt
1082 2431 1149 2471 ne
1194 2415 1332 2470 forte
1380 2415 1767 2479 insectaretur,
1829 2410 1925 2465 sed
1968 2406 2160 2462 confisi

575 2518 706 2564 sunt
739 2510 938 2564 virtute
969 2509 1108 2574 uati,
1133 2509 1356 2578 verique
1391 2515 1558 2562 testes
1591 2505 1832 2561 fuerunt.

649 2687 818 2743 Vatis.
848 2688 933 2742 13.
976 2705 995 2738 ι
1038 2687 1308 2756 Digressis
1352 2695 1530 2740 autem
1569 2685 1696 2748 illis,
1761 2696 1889 2738 ecce
1940 2680 2163 2753 angelus

580 2782 792 2836 Domini
842 2781 894 2834 in
941 2781 1148 2835 somnis
1193 2792 1416 2849 apparet
1452 2778 1675 2848 Joseplt,
1722 2778 1930 2838 dicens.
1967 2775 2159 2844 Surge,

577 2885 632 2928 et
664 2873 854 2942 accipe
902 2887 1130 2941 puerum
1161 2881 1216 2925 ct
1253 2883 1480 2926 matrem
1516 2867 1656 2937 ejus.
1701 2886 1722 2921 ι
1762 2866 1951 2921 Vidisti
1995 2882 2158 2938 quam

579 2969 652 3022 ob
699 2964 806 3037 ιε
853 2980 1077 3019 causam
1127 2963 1432 3034 permiserit
1464 2963 1606 3018 Deus
1645 2961 1966 3031 oesponsari
1998 2960 2160 3032 virgi-

587 3058 753 3112 item?
788 3056 888 3112 llic
921 3056 1063 3110 enim
1097 3066 1323 3126 apparet
1351 3057 1492 3124 quod
1525 3070 1555 3108 a
1593 3053 1700 3108 Deo
1730 3053 1932 3108 factum
1956 3064 2060 3116 est,
2105 3064 2162 3105 ut

580 3149 898 3218 diligentem
941 3147 1060 3217 ejus
1105 3161 1290 3201 curam
1339 3143 1537 3215 Joseph
1579 3156 1816 3217 gereret.
1857 3144 1975 3201 Non
2028 3145 2164 3200 dixit

578 3252 780 3304 autem,
834 3241 1020 3310 accipe
1056 3253 1281 3294 uxorem
1330 3248 1500 3303 tuam,
1551 3240 1646 3293 sed
1704 3249 1932 3292 matrem
1985 3239 2158 3307 pueri.

580 3329 715 3384 Nam
762 3331 1018 3399 quoniam
1074 3329 1310 3398 suspicio
1341 3328 1518 3382 soluta
1574 3328 1692 3396 fuit,
1742 3341 1797 3384 et
1840 3330 2022 3399 justus
2067 3345 2162 3397 per

578 3422 844 3477 miracula
874 3423 926 3476 itt
959 3434 1116 3493 partu
1156 3423 1296 3476 facta
1339 3435 1671 3491 compertum
1711 3425 1901 3477 habuit
1939 3439 2001 3477 ex
2039 3421 2161 3493 Spi-

581 3516 690 3568 ritu
723 3526 915 3570 saneto
944 3529 1064 3570 esse
1095 3517 1300 3580 omnia,
1343 3532 1448 3572 non
1481 3518 1619 3571 ultra
1670 3532 1893 3570 uxorem
1935 3515 2052 3580 eius
2093 3513 2158 3568 il-

587 3607 694 3661 lam
747 3607 1011 3662 nominat.
1047 3625 1066 3658 ι
1121 3607 1187 3662 Ει
1235 3607 1357 3679 fuge
1393 3611 1445 3664 in
1478 3609 1793 3681 Egyptutn.
1845 3627 1864 3660 ι
1900 3607 2058 3678 Fugit
2105 3615 2162 3659 et

582 3698 871 3764 Dominus,
908 3709 966 3754 ut
1004 3701 1259 3755 credatur
1291 3704 1432 3770 quod
1465 3717 1650 3757 revera
1694 3704 1854 3756 homo
1895 3702 1985 3756 sit.
2019 3699 2157 3753 Nam

578 3792 624 3845 si
676 3791 730 3844 in
767 3807 958 3846 manus
999 3793 1278 3848 incidisset
1318 3791 1566 3860 Herodis,
1605 3804 1660 3849 et
1704 3809 1812 3850 non
1844 3792 2036 3848 fuisset
2069 3809 2160 3848 oc-

576 3885 747 3949 cisus,
782 3886 988 3952 Opinati
1019 3885 1248 3941 fuissent
1281 3888 1622 3942 incarnatum
1655 3902 1777 3941 eum
1811 3894 2156 3956 apparenter.

573 3969 631 4024 In
661 3970 954 4042 Egyptum
1003 3981 1183 4028 autem
1236 3972 1394 4045 fugit,
1441 3987 1498 4029 ut
1543 3984 1598 4030 et
1637 3975 1784 4028 illam
1831 3974 2154 4029 sanctiﬁcet.

577 4062 705 4118 Dua:
740 4067 884 4120 enim
933 4078 1059 4122 sunt
1091 4069 1340 4138 regiones
1383 4070 1561 4124 omnis
1609 4068 1864 4136 nequitiae
1911 4066 2156 4130 oflicinze,

577 4155 816 4226 Babylon
884 4158 1135 4214 videlicet
1184 4171 1239 4215 et
1300 4161 1589 4231 Egyptus.
1666 4159 1998 4230 Babylonem
2060 4174 2158 4229 per

577 4243 760 4315 Magos
797 4250 1033 4318 suscepit
1081 4251 1434 4305 adorantem:
1491 4249 1788 4322 Egyptum
1833 4259 2012 4305 autem
2059 4264 2154 4306 sua

574 4339 860 4407 praesentia
938 4341 1324 4397 sanctificavit.
1391 4360 1408 4394 ι
1453 4342 1518 4397 Et
1584 4352 1702 4398 esto
1774 4343 1915 4409 illic,
1983 4345 2154 4398 donec

573 4430 760 4484 dixero
789 4431 904 4484 tibi.
945 4448 963 4484 ι
1001 4430 1129 4486 Esto
1173 4449 1270 4504 pro
1299 4435 1412 4488 eris
1459 4435 1587 4501 illic,
1617 4435 1790 4490 donec
1831 4451 1861 4488 a
1900 4435 2008 4490 Deo
2033 4435 2150 4503 jus-

576 4535 672 4576 sus
704 4520 893 4576 fueris.
942 4521 1168 4592 Oportet
1213 4526 1357 4580 enim
1390 4542 1490 4582 nos
1539 4526 1677 4581 nihil
1722 4525 1903 4583 facere
1957 4538 2157 4596 prauer

2278 645 2521 715 σμύρνα,
2557 643 2701 714 ξηρά
2734 642 2893 705 οὖσα,
2919 642 3164 714 ξηραίνει
3194 643 3292 715 τὴν
3322 642 3623 715 ὑγρότητα,
3651 646 3748 698 καὶ
3776 647 3867 700 οὐκ

2277 740 2344 810 ἑᾷ
2361 736 2652 807 σκώληκας
2683 737 3001 805 γεννᾶσθαι.
3047 734 3211 808 Ὁρᾷς
3255 736 3367 790 τῶν
3406 739 3620 808 Μάγων
3648 739 3750 811 τὴν
3779 740 3867 792 πί-

2277 849 2429 898 στιν;
2479 832 2633 884 Ἐπεὶ
2671 831 2765 884 καὶ
2796 831 2906 884 ἀπὸ
2935 830 3037 900 τῆς
3097 831 3438 904 προφητείας
3492 831 3589 886 τοῦ
3647 832 3869 904 Βαλαάμ

2275 924 2656 994 ἐδιδάχθησαν,
2683 924 2775 976 τὸν
2824 923 3052 992 Κύριον,
3088 925 3182 978 καὶ
3221 924 3355 977 Θεὸν
3399 920 3539 978 εἶναι
3589 928 3686 979 καὶ
3715 926 3866 996 βασι-

2273 1018 2389 1080 λέα,
2427 1021 2519 1072 καὶ
2556 1019 2696 1090 ὑπὲρ
2726 1017 2881 1087 ἡμῶν
2911 1019 3329 1090 τεθνηξόμενον.
3371 1021 3645 1073 Ἀκουσον
3670 1020 3727 1073 δὲ
3775 1023 3872 1091 τῆς

2274 1109 2658 1180 προφητείας·
2696 1109 3085 1172 Κατακλιθεὶς,
3144 1109 3334 1178 φησὶν,
3393 1110 3748 1165 ἀνεπαύσατο
3800 1110 3867 1173 ab;

2272 1201 2431 1262 λέων.
2468 1205 2560 1255 καὶ
2591 1202 2666 1267 ὡς
2702 1202 2962 1272 σκύμνος.
3022 1201 3154 1256 Ἰδοὺ
3187 1201 3247 1255 τὸ
3276 1201 3582 1272 βασιλικὸν,
3637 1203 3726 1257 διά
3773 1203 3864 1256 τού

2272 1294 2505 1357 λέοντος,
2529 1294 2618 1348 διά
2649 1294 2705 1348 δὲ
2737 1295 2855 1359 τοῦ,
2909 1293 3280 1357 κατακλιθεὶς,
3311 1295 3344 1364 ἡ
3377 1294 3670 1363 νέκρωσις.
3692 1296 3755 1349 Oi
3783 1295 3866 1347 εύ-

2271 1385 2559 1454 λογοῦντές
2599 1403 2683 1451 σε,
2732 1385 3098 1457 εὐλόγηνταιο
3133 1385 3298 1455 ίδοὺὴ
3345 1386 3558 1455 θιότης.
3605 1385 3718 1456 Τὴν
3763 1386 3867 1457 γάρ

2269 1479 2366 1551 τῆς
2399 1479 2648 1547 εὐλογίας
2685 1478 2917 1547 δύναμιν
2943 1479 3078 1550 μόνη
3106 1480 3138 1547 ἠ
3177 1478 3493 1546 θείαφύσις
3516 1477 3652 1548 ἔχει.

2347 1591 2366 1624 ε
2410 1574 2520 1627 Καὶ
2568 1572 3042 1645 χρηματισθέντες
3086 1574 3205 1626 κατ’
3243 1572 3376 1643 δναρ
3412 1574 3488 1642 μὴ
3542 1572 3867 1642 ἀνακάμψαι

2269 1668 2406 1738 πρὸς
2447 1668 2719 1740 Ἡρώδην,
2765 1667 2833 1721 δι’
2868 1667 3037 1739 άλλης
3075 1667 3197 1722 ὀδοῦ
3241 1666 3602 1736 ἀνεχώρησαν
3638 1667 3717 1728 εἰς
3773 1666 3868 1736 τὴν

2268 1762 2450 1834 χώραν
2480 1761 2682 1818 αὐτῶν.
2720 1781 2737 1814 ι
2771 1762 2878 1815 Ἴδε
2911 1760 3235 1814 ἀκολουθίαν
3254 1802 3268 1824 ,
3303 1760 3521 1832 πρῶτον
3547 1760 3614 1812 δι’
3639 1761 3867 1832 ἀστέρος

2268 1855 2723 1928 ἐχειραγώγησιν
2772 1854 2973 1916 αὐτοὺς
2997 1855 3024 1907 δ
3067 1853 3202 1917 Θεὸς
3258 1855 3338 1916 είς
3361 1854 3459 1924 τὴν
3499 1853 3717 1905 πίστινο
3753 1848 3867 1904 εἶτα

2271 1949 2525 2012 ἐλθόντας
2555 1949 2635 2012 τίς
2675 1946 3048 2019 Ἰεροσόλυμα,
3105 1946 3344 2011 ἐδίδαξεν
3399 1945 3602 2008 αὐτοὺς
3632 1943 3722 1997 διά
3776 1943 3866 1997 τοῦ

2271 2043 2576 2112 προφήτου,
2605 2041 2688 2095 δτι
2712 2042 2772 2093 ιν
2809 2039 3060 2109 Βηθλεὲμ
3083 2041 3342 2105 γεννᾶται
3363 2055 3376 2066 ’
3407 2038 3500 2090 καὶ
3532 2037 3866 2101 τελευταῖον,

2270 2135 2358 2188 διὰ
2385 2133 2476 2187 τοῦ
2505 2135 2762 2202 ἀγγέλου.
2814 2135 2878 2187 Ol.
2908 2132 2964 2186 δὲ
3018 2132 3299 2186 πείθονται
3353 2130 3430 2202 τῷ
3466 2129 3867 2204 χρηματισμῷ,

2271 2227 2538 2294 τουτέστι,
2579 2229 2647 2298 τῇ
2683 2226 2802 2296 θείᾳ
2832 2226 3039 2296 ὁμιλίᾳ.
3062 2224 3552 2295 Χρηματισθέντες
3603 2224 3723 2290 οὖν,
3755 2227 3869 2296 ἦτοι

2269 2323 2420 2394 παρὰ
2458 2322 2552 2376 τοῦ
2611 2321 2748 2376 Θεοῦ
2808 2320 3155 2388 ἀποκάλυψιν
3204 2320 3512 2389 δεξάμενοι,
3573 2321 3869 2389 ἠπάτησαν

2280 2415 2528 2487 Ἡρώδην
2554 2433 2567 2446 ·
2598 2416 2692 2469 καὶ
2723 2415 2821 2469 οὐκ
2849 2415 3200 2487 ἐφοϐήθησαν
3226 2416 3422 2485 μήπως
3441 2413 3864 2485 ὲπιδιωχθῶσιν,

2269 2511 2382 2564 ἀλλ’
2431 2509 2748 2581 ἐθάρρησαν
2780 2511 2846 2580 τῇ
2873 2508 2968 2561 τοῦ
2992 2505 3348 2577 γεννηθέντος
3383 2505 3640 2575 δυνάμει,
3689 2505 3865 2569 οὕτως

2269 2601 2407 2675 ἦσαν
2442 2603 2722 2673 μάρτυρες
2755 2600 2996 2671 ἀληθεῖς.

2347 2714 2365 2747 ι
2402 2693 2907 2764 Ἀναχωρησάντων
2927 2692 2983 2744 δὲ
3007 2691 3212 2756 αὐτῶν,
3242 2690 3349 2744 ἰδοὺ
3389 2689 3622 2757 ἄγγελος
3661 2687 3866 2760 Κυρίου

2270 2787 2391 2840 κατ’
2433 2787 2568 2854 δναρ
2598 2785 2848 2854 φαίνεται
2881 2784 2958 2854 τῷ
3024 2784 3246 2854 Ἰωσὴφ,
3301 2782 3514 2850 λέγων·
3584 2779 3869 2852 Ἐγερθεὶς

2268 2880 2554 2952 παράλαϐε
2585 2880 2646 2932 τὸ
2669 2879 2880 2932 παιδίον
2916 2878 3013 2931 καὶ
3043 2877 3141 2948 τὴν
3176 2877 3390 2948 μητέρα
3417 2875 3609 2931 αὐτοῦ.
3657 2895 3676 2927 ι
3716 2871 3869 2938 Εἶδες

2267 2975 2355 3028 διὰ
2380 2974 2541 3028 ποίαν
2568 2973 2749 3026 αἰτίαν
2782 2970 3161 3042 συνεχώρησεν
3191 2972 3219 3024 δ
3275 2969 3409 3032 Θεὸς
3463 2967 3866 3041 μνηστευθῑψαι

2270 3068 2367 3139 τὴν
2389 3066 2664 3134 Παρθένον
2686 3082 2699 3129 ;
2745 3064 3013 3124 Ἐνταῦθα.
3033 3063 3141 3134 γὰρ
3166 3061 3529 3134 προφαίνεταί
3558 3078 3666 3126 σοι,
3696 3060 3786 3114 διά
3806 3061 3867 3114 τὸ

2269 3158 2646 3227 ἐπιμελεῖσθαι
2681 3158 2884 3228 ταύτης
2911 3159 3003 3210 καὶ
3033 3156 3319 3228 κήδεσθαι.
3345 3154 3461 3209 Οὐκ
3493 3153 3617 3208 εἶπε
3639 3154 3718 3218 δὲ,
3753 3171 3860 3206 πα-

2191 3289 2233 3346 C
2272 3251 2469 3320 ράλαϐε
2500 3251 2599 3319 τὴν
2626 3251 2860 3320 γυναῖκά
2889 3267 3006 3317 σου,
3055 3249 3195 3303 άλλά
3224 3249 3323 3319 τὴν
3354 3247 3572 3319 μητέρα
3603 3246 3698 3300 τοῦ
3733 3263 3870 3301 παι-

2266 3346 2395 3397 δίου.
2451 3346 2596 3398 Ἐπεὶ
2629 3345 2738 3416 γάρ
2764 3347 2796 3414 ἡ
2826 3343 3034 3414 ὑποψία
3079 3342 3269 3414 ιλύθη,
3311 3344 3404 3394 καὶ
3431 3340 3864 3412 ἑπληροφορήθη

2263 3440 2291 3492 ὁ
2317 3438 2524 3500 δίκαιος
2565 3437 2673 3493 ἀπὸ
2732 3437 2842 3490 τῶν
2883 3439 2942 3490 ὲν
2980 3435 3058 3508 τῷ
3107 3436 3254 3507 τόκῳ
3303 3435 3627 3505 θαυμάτων,
3688 3435 3773 3488 ὅτι
3801 3436 3866 3486 ἐκ

2264 3531 2584 3599 [Ινεύματος
2618 3531 2777 3598 ἁγίου
2808 3529 2925 3582 ἐστὶ
2957 3529 3156 3594 πάντα,
3189 3530 3290 3582 ούκ
3317 3529 3400 3582 ἔτι
3432 3530 3668 3597 γυναῖκα
3696 3527 3866 3582 αὑτοῦ

2260 3622 2515 3692 ὀνομάζει
2545 3623 2773 3693 ταύτην.
2805 3641 2823 3674 ι
2849 3623 2959 3675 Καὶ
2989 3622 3160 3691 φεῦγε
3183 3624 3260 3686 είς
3277 3621 3580 3687 Αἴγυπτον.
3615 3639 3632 3672 ι
3665 3620 3867 3690 Φεύγει

2262 3717 2355 3767 καὶ
2377 3713 2646 3783 δΚύριος,
2671 3713 2759 3767 ἶνα
2794 3713 3159 3784 πιστώσηται,
3193 3713 3276 3766 ὅτι
3306 3713 3478 3776 ὅντως
3516 3714 3613 3766 καὶ
3645 3712 3863 3784 άνθρωο

2262 3823 2362 3870 πος
2381 3802 2469 3875 ἦν.
2505 3807 2566 3859 El
2587 3806 2693 3878 γὰρ
2723 3807 2781 3858 ἑν
2811 3809 2927 3869 ταῖς
2955 3807 3112 3877 χερσὶ
3135 3804 3229 3859 τοῦ
3267 3806 3512 3878 ⁹Ἡρώδου
3543 3805 3862 3876 γενόμενος,

2263 3899 2322 3952 ού
2349 3897 2653 3968 κατεκόπη,
2684 3897 2862 3977 ξδοξεν
2891 3898 2956 3952 ἂν
2979 3897 3123 3950 κατὰ
3154 3896 3456 3966 φαντασίαν
3481 3899 3861 3970 σαρκωθῆναι.

2263 3991 2356 4054 Εἰς
2383 3993 2658 4060 Αιγυπτον
2691 3991 2749 4045 δὲ
2803 3989 3031 4060 φεύγει,
3071 3992 3158 4044 ἴνα
3218 3994 3314 4044 καὶ
3360 3990 3578 4062 ἐκείνην
3629 3993 3861 4064 ἁγιάσῃ.

2262 4083 2365 4136 Δύο
2391 4085 2500 4154 γάρ
2540 4079 2678 4154 ἦσαν
2713 4083 2890 4154 χῶραι
2948 4083 3130 4153 πάσης
3165 4082 3366 4147 κακίας
3420 4085 3789 4154 ἐργαστήρια,
3825 4085 3860 4154 ὴ

2267 4176 2527 4232 Βαϐυλὼν
2578 4180 2673 4231 καὶ
2700 4179 2997 4246 Αἴγυπτος.
3032 4177 3143 4249 Τὴν
3177 4178 3276 4248 μὲν
3298 4176 3391 4230 οὖν
3423 4175 3750 4242 Βαϐυλῶνα,
3773 4178 3863 4232 διὰ

2259 4268 2368 4322 τῶν
2397 4270 2607 4337 Μάγων
2635 4269 2851 4332 ἐδέξατο
2877 4268 3294 4338 προσκυνούσαν
3312 4282 3330 4298 ⁸
3363 4266 3462 4338 τὴν
3489 4268 3545 4321 δὲ
3559 4269 3858 4336 Αἴγυπτον,

2257 4364 2324 4432 τῇ
2349 4362 2544 4414 ἑαυτοῦ
2572 4365 2847 4432 παρουσίᾳ
2880 4361 3128 4431 ἡγίασεν.
3165 4380 3181 4411 ι
3221 4360 3332 4413 Καὶ
3359 4359 3469 4414 ῐσθι
3497 4361 3638 4425 ἐκεῖ,
3662 4360 3767 4424 ἕως
3793 4359 3863 4414 ἂν

2259 4460 2397 4512 εῐπω
2431 4473 2534 4510 σοι.
2578 4476 2594 4508 ι
2658 4456 2818 4519 Ἴσοι,
2857 4455 2980 4508 ἀντὶ
3007 4454 3102 4508 τοῦ
3153 4455 3246 4508 ἔσο
3277 4457 3417 4517 ἐκεῖ.
3447 4455 3613 4527 άχρις
3658 4457 3727 4510 ἂν
3750 4456 3862 4510 άπδ

2257 4547 2392 4602 8εοῦ
2425 4547 2744 4618 κελευσθῇς.
2776 4549 2867 4600 Δεῖ
2891 4549 2997 4618 γὰρ
3038 4547 3188 4616 ἡμᾶς
3220 4545 3388 4617 μηδὲν
3410 4549 3589 4599 ποιεῖν
3625 4545 3734 4611 ἔξω
3758 4545 3861 4617 τῆς

577 4615 814 4669 divinam
848 4615 1202 4671 voluntatem.
1251 4636 1269 4669 ι
1314 4617 1651 4683 Ουοεείιυτυε
1679 4619 1824 4674 enim
1861 4628 1942 4674 est
1981 4619 2153 4674 llero-

2270 4641 2411 4703 θείας
2449 4615 2690 4710 βουλῆςί
2723 4659 2739 4690 ‹
2773 4615 3107 4708 Μέλλει-γάρ
3142 4615 3391 4709 Ἡρώδης
3415 4639 3605 4709 ζητεῖν
3640 4639 3703 4692 τὸ
3733 4615 3862 4692 παις

577 4709 672 4762 des
698 4723 946 4774 puerum,
980 4720 1038 4764 ut
1069 4711 1255 4779 perdat
1302 4712 1472 4766 illum.
1525 4730 1543 4761 ›
1579 4711 1713 4767 Vide
1748 4714 2156 4780 inc0gitantiant

579 4803 837 4867 hominis,
864 4803 956 4872 qui
997 4803 1208 4858 laborat
1238 4814 1293 4857 ut
1323 4804 1560 4858 divinam
1591 4805 1770 4858 vincat
1799 4806 2152 4858 voluntatem.

575 4892 710 4946 Nam
759 4895 802 4946 si
830 4895 1048 4963 quidem
1087 4909 1193 4949 non
1227 4905 1312 4950 est
1341 4911 1404 4950 ex
1437 4895 1570 4962 Deo,
1600 4897 1730 4966 quid
1758 4895 1952 4951 times?
1979 4897 2062 4950 sin
2089 4910 2154 4950 ex

573 4985 685 5042 Deo
703 5001 804 5053 εει,
832 4988 1108 5057 quomodo
1149 4991 1342 5060 perdes
1376 4990 1640 5060 puerum?

651 5078 812 5134 Vens.
847 5083 931 5146 14,
964 5082 1050 5139 l5.
1092 5102 1110 5135 ι
1159 5083 1249 5138 llle
1276 5095 1453 5139 autem
1482 5085 1754 5140 excitatus
1784 5084 1993 5155 accepit
2021 5098 2152 5155 pue—

577 5187 694 5226 rum
722 5185 777 5228 et
805 5185 1031 5229 matrem
1057 5175 1176 5242 ejus
1207 5188 1388 5243 nocte,
1418 5188 1472 5232 et
1499 5182 1723 5234 secessit
1749 5179 1802 5232 in
1836 5176 2152 5251 Egyptum,

577 5274 630 5318 et
658 5263 758 5319 fuit
789 5266 898 5322 illic
931 5283 1100 5337 usque
1136 5271 1202 5324 ad
1229 5271 1432 5325 obitum
1467 5271 1722 5330 llerodis;
1750 5284 1808 5327 ut
1843 5277 2158 5344 impleretur

579 5359 718 5424 quod
751 5358 954 5414 dictum
1000 5371 1083 5416 est
1127 5377 1156 5416 a
1190 5362 1419 5418 Domino
1462 5380 1556 5432 per
1593 5368 1938 5435 prophetam,
1971 5367 2158 5422 dicen-

2259 4734 2392 4798 δίον,
2419 4734 2512 4786 τοῦ
2542 4721 2806 4786 ἀπολέσαι
2835 4735 2988 4790 αὐτό.
3030 4753 3049 4785 ι
3083 4733 3191 4786 Ἴδε
3241 4732 3504 4801 άνοησίαν
3538 4732 3856 4804 ἀνθρώπου.

2259 4827 2356 4898 τὴν
2382 4827 2476 4878 τοῦ
2509 4826 2646 4879 Θεοῦ
2670 4825 2865 4898 βουλὴν
2899 4826 3193 4891 σπουδάζει
3219 4825 3465 4895 νικῆσαι.
3499 4827 3564 4879 Ei
3599 4825 3707 4897 μὲν
3748 4825 3860 4894 γὰρ

2256 4919 2356 4972 οὐκ
2387 4919 2535 4971 ἐστιν
2565 4922 2626 4970 ὲκ
2658 4919 2815 4981 Θεοῦ,
2842 4920 2894 4971 τί
2919 4919 3100 4989 φοϐᾔ;
3139 4917 3205 4972 Εί
3228 4918 3285 4973 δὲ
3315 4919 3381 4974 ἐκ
3403 4917 3540 4973 Θεοῦ
3573 4921 3716 4985 ἐστι,
3738 4919 3859 4982 πῶς

2259 5014 2549 5072 ἁπολέσεις
2583 5011 2642 5065 τὸ
2671 5012 2885 5066 παιδίον
2906 5032 2921 5078 ;

2335 5122 2352 5155 ι
2403 5105 2461 5156 Ὀ
2495 5104 2550 5156 δὲ
2579 5143 2593 5166 ,
2625 5105 2870 5174 ἐγερθεὶς
2914 5103 3196 5174 παρέλαϐε
3243 5103 3306 5157 τὸ
3357 5103 3574 5158 παιδίον
3623 5107 3721 5160 καὶ
3756 5105 3859 5176 τὴν

2257 5196 2468 5266 μητέρα
2499 5195 2660 5248 αὑτοῦ
2695 5196 2912 5260 νυκτὸς,
2943 5196 3039 5250 καὶ
3069 5197 3421 5268 ἀνεχώρησεν
3441 5198 3521 5261 εἰς
3545 5199 3852 5266 Αἴγυπτον,

2254 5289 2348 5340 καὶ
2381 5283 2449 5358 ἦν
2483 5289 2601 5339 ἐκεῖ
2621 5287 2721 5349 ἕως
2746 5289 2846 5357 τῆς
2869 5287 3126 5357 τελευτῆς
3155 5286 3424 5358 Ἦρὼδου’
3459 5288 3549 5342 ἵνα
3584 5289 3854 5363 πληρωθῇ

2254 5381 2314 5432 τὸ
2345 5381 2512 5451 ῥηθὲν
2538 5379 2644 5432 ὑπὸ
2673 5378 2768 5432 τοῦ
2811 5379 3018 5451 Κυρίου
3051 5380 3140 5434 διὰ
3181 5380 3278 5433 τοῦ
3319 5381 3630 5452 προφήτου,
3665 5383 3854 5452 λέγον-

573 5455 724 5506 tem:
776 5450 853 5506 Ex
899 5453 1130 5526 [Egypto
1179 5457 1368 5512 vocavi
1401 5442 1614 5512 'Filium
1662 5475 1863 5514 meum.
1895 5480 1912 5513 ι
1965 5462 2159 5518 Dicunt

2270 5442 2374 5536 :o;'°
2402 5442 2516 5537 "ES
2562 5470 2841 5538 Αἰγύπτου
2873 5442 3111 5525 ἐκάλεσα
3164 5473 3255 5526 τὸν
3282 5442 3412 5526 Υίόν
3443 5442 3579 5542 μου.
3686 5442 3855 5529 Φάσὶν

572 5545 768 5616 Judtei,
809 5552 954 5621 quod
1005 5563 1227 5624 propter
1279 5557 1532 5627 populum
1567 5556 1769 5612 dictum
1804 5558 1871 5614 sit
1907 5557 2031 5622 hac,
2065 5561 2155 5628 qui

646 5738 688 5768 ¹¹
724 5734 889 5792 Nunt.
959 5755 1110 5806 xxiv,
1169 5741 1222 5794 9.

2256 5570 2306 5621 οί
2343 5566 2612 5634 Ἰουδαῖοι,
2643 5565 2727 5618 ὅτι
2769 5567 2858 5622 διὰ
2888 5569 2979 5620 τὸν
3028 5566 3159 5621 λαὸν
3185 5567 3388 5640 ὲρρέθη
3423 5567 3586 5623 τοῦτο
3652 5571 3748 5625 τὸν
3787 5569 3857 5624 ἐκ

646 5924 723 5991 (ai
775 5921 932 5980 Juxta
995 5925 1304 5984 versionem
1361 5928 1466 5983 τῶν
1518 5931 1595 5987 0'.
1666 5932 1893 6005 Vulgata
1960 5935 2157 6003 habet,
2199 5939 2349 6010 quasi
2387 5938 2569 5994 la'eua.
