4034 6650
236 629 332 699 181

922 630 1375 726 sumasne
1411 628 1495 691 IN
1537 623 1831 690 EVANGE

1948 623 2051 686 ΗΜ
2085 624 2578 688 ΜΑΤΤΗᾸΞΙᾮ-
2598 627 2742 690 CAP
2795 627 2895 690 1V.

3461 619 3566 690 189

230 745 341 803 Καὶ
365 744 475 818 γὰρ
508 744 604 800 καὶ
642 742 693 798 οί
737 741 1004 816 Ἐϐραῖοι,
1036 744 1115 809 τῷ
1151 745 1329 816 μάννα
1364 743 1705 815 ἐτράφησαν,
1739 740 1831 794 οὐκ

1948 751 2051 799 est.
2089 740 2222 796 Nam
2260 753 2312 798 et
2365 742 2581 798 Ποιητιιί
2626 742 2790 798 cibati
2829 753 2956 798 sunt
2991 754 3215 805 manna,
3255 739 3400 812 quod
3454 757 3560 796 non

233 840 381 911 ἄρτῳ
417 840 554 902 δντι,
596 836 764 910 and:
781 838 870 893 διά
921 840 1170 911 ῥήματος
1207 837 1368 902 Θεοῦ,
1415 839 1599 892 πᾶσαν
1645 837 1837 909 χρείαν

230 931 340 987 τῶν
381 932 668 1004 Ἐϐραίων,
711 932 1028 1004 πληροῦντι,
1064 933 1157 986 καὶ
1204 933 1382 988 πάντα
1422 931 1695 1004 γινομένῳ
1735 932 1836 984 ὅσα

232 1032 300 1084 ἂν
331 1034 527 1100 φαγεῖν
555 1048 640 1095 τις
680 1031 969 1103 ἐπεθύμει.
1009 1030 1134 1086 Εἴτε
1163 1032 1271 1104 γὰρ
1319 1030 1523 1103 ίχθύοςι,
1557 1033 1670 1086 sive
1701 1029 1836 1097 ὼοῦ,

227 1122 341 1177 εἴτε
382 1125 550 1197 τυροῦ
586 1122 854 1195 ἐπεθύμει
905 1125 947 1199 6
992 1124 1278 1191 Ἰουδαῖος,
1331 1124 1595 1194 τοιαύτην
1644 1122 1836 1192 γεῦσιν

228 1218 498 1288 παρεῖχεν
527 1217 679 1288 αὐτῷ
710 1214 778 1270 ’τὸ
810 1219 1008 1287 μάννα.

306 1325 328 1361 ε
386 1308 521 1362 Τότε
574 1309 994 1382 παραλαμϐάνει
1040 1311 1206 1366 αὑτὸν
1236 1314 1266 1367 6
1310 1312 1557 1383 διάϐολος
1609 1314 1689 1376 εἰς
1733 1313 1832 1384 τὴν

222 1401 396 1472 ἁγίαν
427 1402 604 1466 πόλιν,
633 1406 728 1457 καὶ
757 1403 970 1472 ἵστησιν
1002 1405 1165 1458 αὐτὸν
1195 1405 1289 1460 ἀπὶ
1317 1406 1376 1459 τὸ
1409 1405 1709 1477 πτερύγιον
1738 1405 1834 1459 τοῦ

219 1491 399 1562 ἱεροῦ.
438 1513 460 1548 ι
499 1494 681 1570 Μέρος
706 1513 759 1547 τι
788 1495 882 1548 τοῦ
915 1495 1088 1566 ίεροῦ.
1121 1490 1209 1549 οἷα
1248 1497 1314 1550 τὰ
1352 1497 1482 1567 παρ’
1513 1499 1650 1570 ἡμῖν
1680 1498 1836 1565 λεγό-
1863 1540 1870 1546 ..

1843 1623 1846 1626 λ
1942 1589 2143 1634 cuntur
2171 1578 2403 1652 δίρῤυτα
2439 1596 2449 1631 :
2490 1580 2746 1634 videmur
2779 1579 2927 1634 enim
2961 1580 3102 1634 sicut
3136 1578 3236 1634 alte
3265 1593 3410 1634 esse.

221 1605 369 1658 μενα
399 1588 648 1662 δὶῤῥυταο
669 1567 874 1662 ἴστωρ
903 1590 1011 1660 γὰρ
1038 1591 1312 1661 πτέρυγες
1343 1567 1616 1648 δοκοῦσιν.

301 1700 322 1732 ε
363 1682 475 1735 Καὶ
522 1681 673 1750 λέγει
718 1683 908 1751 αὐτῷ*
950 1683 1011 1736 Ei
1050 1683 1180 1746 Υίὸς
1225 1679 1276 1736 εἷ
1321 1682 1417 1738 τοῦ
1467 1683 1627 1749 Θεοῦ,
1673 1683 1834 1755 βάλλε

217 1773 458 1827 σεαυτὸν
504 1773 680 1830 κάτω.
726 1775 1047 1846 Γέγραπται
1096 1777 1226 1848 γὰρ,
1280 1776 1361 1831 ὅτι
1412 1779 1527 1842 τοῖς
1575 1777 1836 1847 ἀγγέλοις

217 1866 396 1920 αὐτοῦ
430 1867 728 1922 ἐντελεῖται
782 1870 914 1941 περὶ
947 1868 1066 1933 σοῦ,
1117 1872 1214 1924 καὶ
1256 1870 1351 1924 επὶ
1384 1870 1588 1943 χειρῶν
1634 1871 1833 1942 άροῦσί

220 1977 306 2022 σε,
349 1961 562 2031 μήποτε
605 1963 928 2037 προσκόψῃς
969 1964 1106 2036 πρὸς
1153 1964 1303 2018 λίθον
1329 1965 1421 2019 τὸν
1451 1963 1589 2019 πόδα
1633 1981 1756 2019 σου.
1808 1983 1826 2015 ι

215 2053 280 2108 El
314 2055 445 2117 Υἱὸς
475 2052 526 2109 εί
552 2056 645 2112 τοῦ
687 2056 846 2124 Θεοῦ,
882 2060 1170 2129 μονονουχλ⁸
1209 2059 1371 2114 τοῦτο
1401 2058 1569 2128 λέγει’
1591 2058 1732 2127 Ἐγὼ
1763 2060 1823 2113 ού

216 2144 472 2198 πιστεύω
514 2150 579 2217 τῇ
620 2147 682 2213 ἐξ
725 2148 976 2220 οὐρανῶν
1029 2154 1182 2222 φωνῇ
1219 2167 1232 2182 ·
1271 2152 1424 2222 ὅμως
1469 2152 1533 2205 σὺ
1560 2192 1574 2216 ,
1617 2153 1666 2204 εί
1691 2150 1824 2217 Υἱὸς

215 2234 266 2291 εἶ
297 2234 400 2290 τοῦ
434 2236 593 2305 Θεοῦ,
626 2237 800 2306 δεῖξόν
820 2257 946 2313 μοι.
984 2241 1177 2296 Καίτοι
1207 2259 1293 2310 γε,
1325 2237 1371 2296 ὣ
1400 2242 1590 2313 μιαρὲ,
1626 2245 1674 2296 εί
1706 2243 1830 2307 Υἱὸς

217 2324 285 2398 ἦν
327 2328 424 2394 τοῦ
473 2329 632 2396 Θεοῦ,
676 2333 1122 2404 κατεκρήμνισεν
1169 2333 1236 2388 ἂν
1279 2336 1512 2400 ἑαυτόν;
1565 2336 1678 2406 Τῆς
1732 2336 1830 2406 σῆς

215 2423 508 2494 ὠμότητος
536 2425 699 2480 τοῦτό
728 2429 866 2494 ἐστι,
897 2429 957 2483 τὸ
984 2432 1459 2501 κατακρημνίζειν
1486 2431 1612 2495 τοῦς
1639 2431 1831 2502 δαιμο-

213 2516 429 2579 νῶντας
455 2531 467 2545 ⁸
505 2515 642 2570 ε)εοῦ
675 2518 752 2583 δὲ,
804 2519 864 2573 τὺ
896 2520 1114 2586 σώζειν.
1149 2521 1226 2576 Ού
1257 2521 1577 2594 γέγραπται
1632 2523 1689 2578 δὲ
1742 2527 1825 2590 τὸ,

222 2625 242 2658 ι
299 2606 432 2660 Ἐπὶ
463 2610 665 2680 χειρῶν
691 2611 885 2682 άροῦσί
923 2629 1006 2679 σε,
1041 2633 1061 2666 ο
1087 2615 1216 2684 περὶ
1247 2614 1342 2669 τοῦ
1378 2616 1617 2687 Χριστοῦ
1646 2660 1659 2683 ,
1692 2619 1831 2672 ἀλλὰ

214 2699 354 2769 περὶ
383 2701 495 2754 τῶν
521 2703 716 2772 ἁγίων,
742 2705 850 2758 τῶν
877 2705 1148 2790 δεομένων
1205 2708 1460 2780 βοηθείας
1504 2711 1825 2783 ἀγγελικῆς.

227 2793 287 2846 '0
305 2793 367 2848 δδ
389 2795 627 2864 Χριστος
654 2798 718 2851 ού
743 2797 938 2866 δεῖται,
961 2800 1094 2864 Θεὸς
1120 2799 1220 2855 ὧν.

329 2905 351 2939 ε
398 2887 542 2958 Ἔφη
596 2889 745 2960 αὐτῷ
783 2893 812 2944 ό
852 2891 1082 2962 Ἰησοῦςο
1115 2892 1287 2947 Πάλιν
1341 2911 1677 2966 γεγραπται’
1713 2899 1828 2951 Οὐκ

214 2979 579 3052 ἐκπειράσεις
616 2983 821 3055 Κύριον
865 2986 956 3039 τὸν
997 2985 1133 3041 Θεόν
1165 3004 1282 3041 σου.
1321 3007 1339 3040 ι
1378 2987 1634 3060 Ἠμὲρως
1659 2990 1827 3043 αὑτὸν

213 3073 596 3143 ἀποκρούεται
650 3077 680 3128 6
722 3077 998 3146 Χριστὸς,
1048 3079 1319 3138 διδάσκων
1366 3082 1514 3153 ἡμᾶς
1570 3084 1661 3138 διὰ
1729 3085 1828 3154 τῆς

213 3168 534 3238 πραότητος
581 3171 740 3241 νικᾷν
772 3171 899 3236 τοὺς
932 3172 1217 3243 δαίμονας.

355 3347 532 3402 Πάλιν
567 3349 996 3422 παραλαμϐάνει
1046 3353 1210 3409 αὐτὸν
1243 3357 1270 3409 6
1301 3356 1550 3422 διάϐολος
1584 3360 1665 3422 είς
1702 3360 1827 3430 ϐρος

1858 2110 1901 2166 Β

1945 844 2064 890 erat
2097 836 2274 905 panis,
2324 836 2420 891 sed
2454 849 2551 905 per
2596 835 2821 890 verbum
2880 832 2972 888 Dei
3022 832 3286 904 implebat
3337 847 3558 887 Olllllelll

1947 927 2300 984 Hebraeorum
2335 929 2714 999 indigentiam,
2738 939 2793 982 et
2820 927 2984 982 (lebat
3005 924 3190 981 omnia
3217 937 3562 994 quaecunque

1944 1020 2232 1076 comedere
2259 1019 2552 1090 quisquam
2576 1018 2866 1088 cupiebat:
2896 1033 3022 1072 nam
3050 1016 3166 1073 sive
3191 1016 3421 1085 piscem,
3444 1016 3562 1072 sive

1943 1129 2136 1178 ovum,
2191 1115 2306 1169 sive
2344 1127 2566 1169 caseum
2621 1111 3052 1182 concupiscebat
3101 1108 3366 1173 Iudaeus.
3411 1108 3561 1167 illius

1941 1217 2162 1279 gustum
2195 1223 2392 1262 manna
2426 1210 2474 1263 ei
2496 1207 2812 1277 praebebat.

2015 1299 2185 1356 Vens.
2219 1299 2274 1356 5.
2310 1320 2328 1352 ι
2360 1298 2515 1355 'l‘unc
2548 1299 2776 1355 assumit
2798 1313 2925 1354 eum
2953 1296 3205 1354 diabolus
3229 1297 3281 1352 in
3312 1301 3559 1352 sanctam

1942 1393 2533 1460 civitatem,etstatuit
2561 1407 2686 1447 eum
2715 1406 2880 1463 supra
2907 1390 3260 1461 pinnaculum
3295 1389 3495 1460 templi.
3536 1406 3558 1440 ι

1940 1486 2078 1543 Pars
2109 1489 2358 1556 quaedam
2402 1486 2588 1556 templi
2619 1497 2778 1550 erat,
2816 1486 2962 1542 sicut
3004 1501 3126 1556 quas
3160 1485 3304 1557 apud
3339 1500 3437 1541 nos
3473 1484 3558 1541 di-

2019 1671 2182 1726 Vens.
2211 1674 2264 1727 ϐ.
2304 1692 2321 1725 ι
2374 1671 2440 1727 Et
2461 1672 2593 1728 dicit
2624 1673 2696 1737 ci,
2733 1669 2787 1727 Si
2817 1670 2988 1728 Filius
3027 1671 3120 1727 Dei
3158 1686 3218 1726 es
3247 1683 3325 1736 tu,
3355 1670 3559 1726 mittito

1943 1777 1994 1821 te
2019 1766 2292 1822 deorsum.
2327 1766 2606 1837 Scriptum
2631 1775 2712 1822 est
2735 1765 2908 1829 enim,
2936 1765 3156 1835 Angelis
3182 1764 3299 1821 suis
3329 1761 3560 1820 manda-

1940 1858 2020 1914 bit
2044 1859 2108 1915 de
2148 1869 2217 1924 te,
2254 1868 2310 1914 et
2350 1859 2402 1913 in
2439 1859 2693 1914 manibus
2726 1857 3027 1928 portabunt
3066 1867 3139 1920 te,
3178 1871 3243 1911 ne
3273 1855 3416 1912 forte
3450 1854 3559 1910 lm-

1940 1953 2133 2024 pingas
2163 1953 2215 2006 in
2250 1951 2482 2021 lapidem
2527 1945 2720 2021 pedem
2761 1961 2936 2004 tuum.
2973 1969 2992 2002 ι
3035 1948 3092 2005 Si
3133 1947 3303 2006 Filius
3357 1947 3453 2004 Dci
3496 1963 3558 2004 es
3631 1979 3643 2018 η

1943 2057 2021 2110 tu,
2059 2047 2228 2117 quasi
2268 2045 2372 2102 hoc
2415 2045 2560 2101 dicat
2596 2063 2608 2099 :
2655 2045 2770 2114 Ego
2801 2059 2908 2099 non
2959 2043 3127 2099 credo
3175 2041 3292 2099 voci
3338 2043 3560 2100 coalitus

1945 2141 2126 2197 missa
2160 2157 2173 2195 :
2212 2149 2452 2195 attamen
2483 2151 2559 2204 ιιι,
2594 2140 2639 2195 si
2676 2138 2846 2194 Filius
2877 2138 2975 2194 Dei
3002 2152 3087 2201 es,
3120 2137 3353 2192 ostende
3398 2135 3553 2192 mihi.

1943 2237 2206 2304 Quamvis
2231 2233 2405 2290 Filius
2440 2233 2532 2289 Dei
2561 2242 2705 2298 erat,
2741 2246 2872 2287 num
2896 2273 2912 2299 ,
2944 2246 2978 2286 ο
3013 2230 3327 2296 maledicte,
3354 2231 3555 2301 preci-

1942 2331 2122 2402 pitare
2149 2329 2385 2385 debebat
2415 2324 2697 2397 seipsum?
2731 2323 2862 2380 Tua:
2897 2323 3247 2381 crudelitatis
3277 2334 3381 2387 est,
3415 2339 3558 2392 prx-

1942 2423 2175 2494 cipitare
2229 2420 2712 2483 dietuouiozactos,
2767 2416 2860 2472 Dei
2914 2427 3098 2472 autem
3146 2416 3386 2472 salvare.
3435 2415 3554 2473 Non

1941 2529 2124 2572 autem
2153 2517 2421 2584 scriptum
2451 2526 2536 2570 est
2565 2512 2733 2577 istud,
2766 2513 2823 2567 ln
2863 2511 3116 2567 manibus
3148 2513 3445 2580 portabunt
3479 2523 3563 2575 te,

1943 2620 2164 2679 prOpter
2188 2608 2495 2670 Christum,
2521 2608 2615 2662 sed
2650 2615 2875 2676 propter
2903 2615 3155 2667 sanctos.
3184 2606 3276 2675 qui
3310 2605 3556 2676 indigent

1942 2703 2188 2774 angelico
2213 2704 2486 2773 pratsidio.
2506 2699 2763 2756 Christus
2786 2710 2995 2764 autem,
3015 2698 3108 2768 qui
3140 2696 3281 2754 Deus
3309 2709 3417 2764 est,
3445 2713 3552 2754 non

1941 2811 2077 2867 opus
2104 2796 2194 2849 illo
2229 2797 2413 2850 habet.

2015 2887 2179 2944 Vens.
2218 2887 2263 2940 7.
2298 2906 2317 2938 ε
2361 2887 2506 2943 Dixit
2535 2885 2804 2944 illi'Jesus
2835 2905 2848 2942 :
2879 2887 3116 2942 Rursum
3155 2885 3420 2955 scriptum
3444 2892 3552 2951 est,

1940 2980 2056 3038 Non
2087 2981 2318 3036 tentabis
2349 2979 2635 3037 Dominum
2665 2980 2832 3035 Deum
2869 2995 3042 3034 tuum.
3086 3000 3104 3033 ι
3145 2978 3425 3034 Mansuete
3461 2995 3548 3031 rc-

1938 3076 2093 3147 pcllit
2140 3093 2264 3131 eum
2297 3077 2590 3141 Christus.
2635 3078 2836 3132 docens
2875 3086 2927 3130 et
2981 3089 3081 3131 nos
3129 3073 3552 3129 mansuetudine

1939 3173 2216 3223 dannones
2247 3169 2482 3223 vincere.
2710 3174 2715 3178 ’

2017 3349 2179 3407 Vens.
2217 3349 2357 3416 8,9.
2413 3369 2431 3402 ι
2488 3351 2685 3407 lterum
2728 3354 2961 3418 assumit
3019 3367 3145 3408 eum
3196 3351 3447 3409 diabolus
3495 3353 3549 3407 in

212 3439 428 3510 ὑψηλὸν
472 3440 619 3505 λίαν,
653 3444 748 3497 καλ⁵
790 3443 1065 3500 δείκνυσιν
1113 3447 1264 3521 αύτῷ
1293 3450 1482 3514 πάσας
1521 3451 1621 3515 τὰς
1673 3453 1824 3522 βασι-

1948 3453 2180 3498 montem
2215 3443 2491 3499 excelsum
2537 3444 2716 3511 valde,
2759 3455 2814 3500 et
2853 3457 3122 3501 monstrat
3151 3446 3201 3502 ei
3240 3446 3425 3502 omnia
3465 3461 3551 3502 rc-

209 3530 368 3598 λείας
402 3531 502 3586 τοῦ
540 3533 773 3605 κόσμου,
805 3539 900 3591 καὶ
941 3537 1042 3610 τὴν
1067 3539 1230 3605 δόξαν
1278 3542 1483 3606 αὐτῶν,
1534 3545 1628 3598 καὶ
1676 3546 1825 3614 λέγει

210 3625 390 3713 αὐτῷ·
429 3626 620 3681 Ταῦτα
649 3628 829 3684 πάντα
874 3648 957 3686 σοι
989 3632 1172 3694 δώσω.
1208 3635 1307 3688 ἐὰν
1359 3635 1544 3691 πεσὼν
1587 3655 1831 3708 προσκυ-

210 3719 394 3788 νήσῃς
429 3737 543 3790 μοι.
582 3740 600 3772 ι
655 3722 814 3786 Τινὲς
850 3725 948 3792 μὲν
994 3724 1313 3795 νομίζουσιν
1342 3727 1468 3800 ὅρος
1510 3730 1738 3798 ὑψηλὸν,
1771 3735 1831 3786 τὸ

208 3813 311 3879 τῆς
354 3814 807 3886 φιλοχρηματίας
840 3817 1035 3882 πάθος,
1074 3820 1156 3880 είς
1200 3819 1229 3873 δ
1271 3821 1569 3888 σπουδάζει
1616 3825 1829 3894 ἀναγα-

207 3908 332 3974 γεῖν
359 3907 464 3962 τὸν
494 3908 703 3977 Ἰησοῦν
723 3909 753 3964 6
784 3909 1008 3982 ἑχθρόςσ
1044 3912 1161 3966 ἀλλ’
1192 3914 1253 3967 ού
1284 3915 1467 3980 καλῶς
1489 3916 1826 3986 νομίζουσιν.

205 3997 514 4068 Δίσθητῶς
544 4001 653 4070 γὰρ
694 4000 869 4071 ἐφάνη
924 4001 1077 4072 αύτῴ
1121 4005 1149 4056 6
1198 4003 1470 4070 διάϐολος’
1525 4006 1828 4079 λογισμοὺς
1863 4054 1866 4056 .

207 4089 324 4160 γάρ
357 4091 386 4144 6
424 4090 635 4160 Κύριος
684 4092 784 4145 οὐκ
827 4092 1066 4159 ἐδέξατο,
1122 4096 1196 4166 μὴ
1260 4096 1492 4164 γένοιτο.
1543 4100 1827 4166 Δίσθητῶς

206 4178 302 4237 οὖν
336 4183 503 4254 αύτῷ
541 4185 743 4251 ἔδειξεν
779 4189 836 4239 ὲν
881 4186 960 4258 τῷ
1001 4189 1119 4258 ligat
1155 4190 1337 4255 πάσας
1385 4191 1484 4255 τὰς
1522 4191 1826 4263 βασιλείας,

208 4274 358 4328 κατὰ
416 4276 732 4345 φαντασίαν
787 4279 1104 4348 ὑποστήσας
1151 4281 1304 4353 αὐτῷ
1358 4284 1465 4354 πρὸ
1519 4285 1826 4356 ὀφθαλμῶν

204 4365 450 4432 ταύτας,
485 4368 599 4432 καὶ,
633 4387 651 4420 ι
681 4368 868 4422 Ταῦτα
898 4371 1076 4424 πάντα
1106 4387 1188 4424 σοι
1228 4373 1406 4437 δώσω,
1451 4394 1466 4425 ι
1506 4377 1692 4445 φησίν.
1738 4378 1828 4442 Ὠς

205 4457 318 4532 γὰρ
339 4461 482 4514 [διον
511 4460 641 4514 ὄντα
671 4462 763 4514 τὸν
807 4461 1012 4530 κόσμον
1046 4463 1348 4532 λογίζεται,
1384 4467 1488 4520 ὑπὸ
1535 4470 1820 4540 ὑπερηφα-

205 4555 350 4619 vim:
391 4557 562 4610 τοῦτο
617 4556 673 4610 δὲ
705 4559 800 4610 καὶ
823 4557 918 4610 νῦν
953 4558 1104 4626 λέγει
1137 4563 1249 4623 τοῖς
1286 4560 1661 4628 πλεονέκταις,
1683 4566 1826 4623 ὥστε

206 4652 253 4702 οἱ
299 4649 753 4722 προσκυνοῦντες
781 4649 950 4721 αὐτῷ,
985 4655 1184 4727 ὲκείνοι
1215 4655 1391 4708 ταῦτα
1434 4657 1670 4726 Elissam.

283 4763 301 4795 ι
353 4742 503 4796 Τότε
549 4741 700 4810 λέγει
724 4741 876 4812 αύτῷ
907 4745 936 4796 6
983 4743 1210 4814 Ἰησοῦς
1240 4745 1459 4813 ’Ὕπαγε
1489 4749 1666 4802 ὁπίεω
1697 4769 1824 4822 μου,

1934 3552 2038 3606 gna
2087 3537 2273 3591 mundi
2321 3545 2377 3591 et
2423 3536 2655 3608 gloriam
2712 3539 2973 3605 illorum,
3021 3550 3078 3594 et
3110 3540 3244 3595 dicit
3290 3540 3364 3606 ei,
3420 3539 3551 3599 Haec

1936 3630 2122 3684 omnia
2158 3631 2255 3685 tibi
2287 3629 2428 3685 dabo
2451 3673 2466 3694 ,
2501 3631 2543 3685 si
2585 3631 2892 3701 procideris
2933 3642 2985 3687 et
3025 3635 3342 3688 adoravcris
3376 3650 3480 3690 me.
3524 3655 3542 3686 ι

1937 3725 2166 3790 Quidam
2195 3735 2386 3793 putant
2415 3736 2660 3805 moment
2680 3725 2957 3781 exet-latim
2990 3725 3170 3794 valde,
3202 3724 3547 3784 aﬂectionem

1935 3817 2253 3872 etstudium
2293 3816 2346 3870 in
2377 3817 2724 3885 possidendis
2751 3817 2994 3889 divitiis,
3032 3817 3087 3873 in
3119 3835 3279 3887 ιιιιιιιιι
3320 3830 3552 3874 conatur
3626 3815 3632 3822 ”

1935 3909 2192 3966 inimicus
2211 3908 2395 3964 Jesum
2425 3912 2660 3978 ducere;
2691 3911 2785 3967 sed
2822 3926 2928 3966 non
2965 3922 3114 3968 recte
3143 3912 3459 3981 Opinantur.
3490 3913 3550 3968 In

1937 4003 2182 4058 sensibili
2219 4004 2363 4058 enim
2401 4001 2574 4058 forina
2613 4005 2868 4073 apparuit
2907 4006 2956 4060 ei
2999 4005 3269 4060 diabolus.
3311 4005 3416 4076 21
3451 4007 3552 4060 Cu-

1938 4089 2234 4168 gitatiories
2285 4097 2432 4153 enim
2476 4097 2610 4153 tales
2647 4114 2754 4153 non
2802 4099 2994 4154 habuit
3039 4099 3335 4167 Dominus,
3381 4094 3548 4156 absit.

1936 4189 2289 4245 Scusibiliter
2319 4189 2488 4259 igitur
2510 4190 2560 4243 ei
2587 4191 2919 4244 monstravit
2952 4191 3003 4244 in
3041 4199 3227 4246 monte
3254 4190 3437 4245 omnia
3467 4205 3553 4246 re-

1934 4300 2064 4354 gna,
2094 4293 2224 4338 ante
2252 4283 2442 4338 oculos
2467 4297 2528 4337 ea
2549 4296 2814 4351 apparere
2847 4279 3076 4349 faciens,
3103 4293 3179 4351 et,
3209 4281 3335 4340 llaec
3362 4283 3550 4338 omnia

1937 4379 2037 4432 tibi
2060 4378 2222 4442 dabo,
2253 4377 2452 4447 inquit.
2485 4375 2746 4430 Mnndum
2773 4378 2930 4444 quasi
2961 4391 3095 4431 suns
3123 4376 3380 4446 proprius
3401 4386 3550 4433 esse:

1935 4471 2192 4540 proponit
2215 4511 2228 4530 .
2274 4486 2386 4541 pra:
2422 4470 2701 4538 superbia.
2744 4469 2858 4526 Hoc
2889 4478 2944 4523 ct
2987 4486 3134 4525 nunc
3167 4471 3302 4526 dicit
3332 4472 3576 4538 avaris,

1933 4573 1993 4619 ut
2024 4565 2316 4620 adorantes
2344 4579 2470 4619 eum
2500 4562 2686 4617 omnia
2725 4562 2839 4618 hmc
2867 4561 3122 4622 habeant.

2014 4748 2175 4803 Vens.
2212 4747 2298 4802 l0.
2345 4765 2362 4797 ι
2397 4743 2552 4799 Tunc
2589 4745 2720 4799 dicit
2754 4744 2806 4797 ei
2845 4739 3032 4805 Iesus,
3070 4739 3223 4797 Vade
3275 4750 3398 4811 post
3450 4754 3537 4796 me

207 4836 461 4892 Σατανᾶο
497 4836 813 4908 γέγραπται
845 4839 974 4908 γάρ·
1006 4838 1213 4909 Κύριον
1247 4839 1337 4893 τὸν
1364 4841 1498 4896 Θεόν
1536 4859 1630 4896 σου
1655 4861 1825 4917 προσ-

1948 4843 2162 4899 Satana.
2204 4840 2480 4909 Scriptum
2514 4847 2598 4893 est
2641 4837 2808 4900 enim,
2844 4833 3136 4906 Dominum
3179 4831 3346 4890 Deum
3384 4842 3538 4891 tuum

206 4933 507 5003 κυνήσεις,
554 4930 850 5003 καὶααύτῷ
884 4933 1032 5002 μόνῳ
1067 4932 1411 5001 λατρεύσεις.
1463 4956 1479 4987 ι
1577 4938 1825 5009 Ὀργίζε-

206 5038 297 5074 ται
325 5025 355 5075 6
390 5023 609 5094 Κύριος
638 5020 810 5092 αύτῷ,
847 5024 936 5076 ὅτε
968 5019 1078 5077 εῐδε
1105 5024 1273 5079 αὑτὸν
1303 5026 1369 5079 τὰ
1399 5028 1494 5080 τοῦ
1523 5029 1660 5083 Θεοῦ
1699 5049 1825 5100 σφε-

207 5113 602 5186 τεριζόμενον,
634 5117 730 5168 καὶ
759 5113 1037 5183 λέγοντα·ι
1073 5117 1256 5172 Ταῦτα
1284 5119 1464 5174 πάντα
1500 5137 1582 5173 σοι
1604 5122 1818 5182 δώσω.»

209 5207 285 5270 ὡς
322 5208 460 5262 ἴδια.
494 5205 655 5261 Mst
679 5206 742 5260 ’δὲ
773 5207 890 5271 πῶς
927 5208 1233 5275 ὠφελοῦσιν
1278 5213 1335 5264 al
1373 5213 1614 5283 Γραφαίο
1653 5219 1681 5269 6
1719 5218 1828 5288 γὰρ

210 5301 424 5374 Κύριος
457 5299 563 5356 ἀπ’
591 5299 774 5354 αὐτῶν
797 5302 1130 5374 ἐπεστόμισε
1163 5305 1255 5358 τὸν
1289 5304 1502 5376 ἐχθρόν.

287 5415 307 5447 ε
347 5395 495 5448 Τότε
530 5393 759 5463 ἀφίησιν
799 5393 962 5448 αὐτὸν
1001 5380 1329 5460 όδιάϐολος⁹
1362 5400 1459 5452 καὶ
1498 5400 1608 5456 ίδοὺ
1657 5402 1830 5471 ἄγγε-

212 5486 290 5541 λοι
332 5484 685 5559 προσῆλθον,
729 5487 821 5560 καὶ
871 5486 1160 5556 διηκόνουν
1209 5488 1378 5560 αὐτῷ.
1422 5508 1439 5542 ι
1498 5491 1638 5557 Τοὺς
1680 5485 1859 5566 τρεῖ(

214 5581 580 5653 πειρασμοὺς
609 5579 864 5648 ἐνίκησεν
891 5581 920 5634 6
962 5582 1188 5653 Κύριος,
1221 5583 1313 5637 τὸν
1344 5582 1446 5652 τῆς
1477 5602 1829 5658 γαστριμαρ-

211 5675 360 5743 γίας,
387 5676 488 5730 τὸν
508 5673 614 5743 τῆς
638 5673 968 5740 κενοδοξίας,
998 5676 1091 5729 καὶ
1118 5675 1212 5729 τὸν
1242 5676 1341 5748 τῆς
1365 5679 1832 5752 φιλοχρηματίας,

213 5768 382 5839 ἡγουν
438 5768 867 5836 φιλοπλουτίας.
909 5763 1070 5824 Οὗτοι
1119 5771 1227 5842 γάρ
1272 5772 1423 5825 είσιν
1471 5775 1519 5825 οἱ
1571 5774 1831 5846 ἄρχοντες

213 5859 326 5916 τῶν
358 5861 589 5916 παθῶν
619 5861 844 5926 τούτους
875 5861 991 5938 κοῦν
1035 5866 1294 5935 νικήσας,
1335 5869 1431 5920 καὶ
1477 5867 1608 5933 τοὺς
1637 5868 1833 5935 ἄλλους

213 5955 397 6027 πολλῷ
434 5953 844 6028 μᾶλλον.⁶’0οεν
872 5958 901 6011 6
933 5957 1152 6024 Λουκᾶς
1181 5960 1348 6031 φησὶν
1379 5962 1459 6016 ὅτι
1497 5963 1676 6017 πάντα
1709 5981 1832 6018 πει-

217 6048 433 6124 ρασμδν
482 6047 732 6116 ἐτέλεσε,
782 6049 880 6116 τὰς
916 6053 1162 6123 κεφαλάς
1205 6055 1314 6108 τῶν
1363 6056 1694 6126 πειρασμῶν
1742 6075 1832 6112 τε⁴

216 6142 401 6207 λὶσας.
456 6139 639 6199 Ὅθεν
695 6142 792 6198 καὶ
838 6143 1063 6215 ἄγγελοι
1111 6146 1455 6204 διακονοῦσι)
1508 6150 1682 6218 σὲτῷ,
1745 6153 1832 6216 ἵνα

1932 4937 2208 5004 adorabis,
2242 4945 2296 4989 et
2331 4932 2483 4988 illum
2516 4933 2693 4988 solum
2732 4931 2906 4988 coles.
2943 4947 2962 4981 ι
3011 4928 3273 4992 Irascitur
3318 4929 3395 4984 illi
3437 4931 3540 4984 Do-

1935 5033 2148 5093 minus,
2202 5029 2422 5100 quando
2468 5026 2614 5081 videt
2651 5025 2802 5080 illum
2855 5041 2918 5080 ea
2960 5040 3084 5094 qua:
3125 5025 3215 5079 Dei
3265 5035 3390 5079 sunt
3428 5025 3533 5082 sibi

1936 5123 2326 5184 vindicantem,
2353 5130 2407 5175 et
2437 5119 2706 5190 dicentem
2731 5157 2744 5182 ,
2785 5116 2910 5173 ΙΙωο
2938 5118 3120 5172 omnia
3152 5118 3247 5174 tibi
3273 5119 3434 5181 dabo.
3469 5130 3532 5175 nt

1939 5219 2178 5290 propria.
2225 5218 2383 5272 Disce
2414 5226 2597 5272 autem
2637 5216 2916 5286 quomodo
2953 5215 3170 5284 prosint
3221 5215 3549 5288 Scriptum,

1939 5328 2036 5384 per
2068 5327 2207 5381 quas
2241 5311 2504 5366 Dominus
2531 5325 2593 5364 os
2625 5308 2832 5363 inimici
2865 5307 3162 5363 obturavit.

2015 5405 2178 5460 Vens.
2209 5405 2294 5458 ll.
2334 5423 2352 5456 ι
2404 5402 2558 5458 Tunc
2589 5402 2794 5457 omittit
2841 5402 2990 5457 illum
3020 5403 3270 5459 diabolus
3291 5447 3304 5471 ,
3335 5414 3392 5461 ct
3420 5419 3551 5464 ecce

1941 5498 2119 5568 angeli
2161 5498 2492 5555 accedebant
2538 5512 2590 5553 et
2624 5499 3014 5554 ministrabant
3045 5500 3117 5556 ei.
3156 5518 3173 5551 ι
3210 5501 3347 5556 Tres
3374 5511 3554 5558 tenta-

1944 5593 2121 5648 tiones
2155 5591 2434 5659 superavit
2475 5590 2776 5656 Dominus,
2814 5592 2956 5662 gula:
2983 5633 2995 5655 ,
3027 5607 3180 5648 vana:
3229 5593 3450 5664 gloriae,
3496 5609 3551 5651 et

1942 5687 2208 5742 avaritiae.
2245 5686 2354 5740 Illa:
2386 5687 2529 5740 enim
2570 5685 2859 5756 praecipua:
2899 5698 3028 5742 sunt
3063 5685 3402 5743 inductiones.
3439 5687 3550 5744 llas

1943 5778 2109 5848 igitur
2140 5779 2233 5847 qui
2268 5778 2496 5844 vicerit,
2539 5778 2676 5834 alias
2724 5779 2896 5833 multo
2941 5781 3116 5851 magis
3156 5780 3352 5836 vincet.
3393 5780 3552 5840 Unde

1944 5871 2123 5927 Lucas
2153 5873 2286 5927 dicit
2311 5871 2455 5940 quod
2485 5886 2703 5927 omnem
2737 5874 3099 5928 tentationem
3128 5888 3550 5929 consummavi:-

1947 5965 2038 6030 rit,
2069 5967 2509 6035 quandoquidem
2537 5965 2714 6036 capita
2740 5965 3106 6020 tentationum
3135 5966 3282 6020 vicit.
3315 5964 3551 6022 Proinde

1948 6059 2126 6126 angeli
2175 6058 2223 6113 ei
2260 6058 2575 6114 ministrant
2609 6077 2622 6114 :
2658 6074 2766 6129 quo
2799 6068 3270 6116 commonstratur
3304 6059 3448 6129 quod
3498 6071 3554 6114 et

1954 6149 2110 6210 nobis
2137 6160 2259 6224 post
2283 6151 2567 6210 victoriam
2599 6153 2774 6226 angeli
2810 6151 3172 6212 ministraturi
3206 6153 3339 6219 sint,
3364 6151 3548 6210 omnia
