4034 6646
232 577 337 642 ιρι

877 567 1338 633 ENARRATIO
1381 565 1458 625 1N
1504 562 1858 644 EVANGEI.

1971 561 2016 619 Μ
2055 555 2425 619 ΜΛΤΤΗΕΙ
2486 579 2552 587 -
2578 551 2740 613 CAP.
2782 552 2846 613 ν.

3431 543 3538 612 ιρι

220 692 320 746 τοῦ
381 691 488 761 γὰρ
555 684 818 758 σταυροῦ,
885 683 1021 737 ἱῶτά
1069 684 1187 735 ἐστι
1222 682 1284 733 τὸ
1312 679 1472 747 opum
1522 678 1699 742 ξύλον.
1737 677 1830 728 καὶ

1973 683 1990 726 ι
2028 687 2161 741 apex
2198 681 2580 723 transversum
2614 683 2626 720 :
2659 681 2770 734 quo
2802 677 2964 718 sensu
2993 661 3124 718 dicit
3151 660 3295 742 quod
3323 673 3387 715 ea
3420 675 3543 731 qua!

223 784 428 854 κεραία
451 781 512 834 τὸ
541 780 792 848 πλάγιον.
847 777 986 848 Φησὶ
1039 777 1217 827 τοίνυν
1271 774 1356 825 δτι
1391 774 1458 826 τὰ
1521 772 1652 837 περὶ
1717 767 1813 820 τοῦ

226 891 252 925 σ
265 871 468 942 ταυροῦ
501 870 794 942 εἰρημένα,
827 865 1274 938 πληρωθήσεται.

302 985 322 1017 ι
357 968 455 1027 '0,-
493 967 588 1018 ἐὰν
619 959 713 1018 οὖν
743 961 884 1034 λύσῃ
919 959 1051 1029 μίαν
1078 960 1187 1012 τῶν
1219 957 1452 1011 ἐντολῶν
1483 955 1695 1010 τούτων
1717 953 1828 1006 τῶν

222 1058 553 1129 ἐλαχίστων,
606 1055 702 1110 καὶ
752 1051 942 1125 διδάξῃ
973 1054 1117 1106 οὔπω
1148 1054 1276 1117 τοὺς
1311 1051 1664 1122 ἀνθρώπους,
1701 1047 1830 1101 ὲλά-

224 1169 415 1222 χιστος
475 1149 816 1219 κληθήσεται
847 1147 907 1198 ὲν
938 1148 1005 1216 τῇ
1042 1144 1296 1217 βασιλείᾳ
1341 1143 1454 1197 τῶν
1496 1139 1767 1211 οὐρανῶν.
1810 1158 1828 1190 t

238 1246 570 1316 Ἐλαχίστας
630 1241 854 1304 ἐντολάς
913 1240 1084 1309 λέγει,
1123 1237 1188 1303 ἃς
1223 1239 1409 1310 μέλλει
1435 1238 1600 1299 ace;
1650 1251 1832 1303 παρα-

221 1340 459 1394 δοῦναι·
489 1338 551 1389 ού
601 1337 709 1406 γὰρ
764 1335 862 1397 τὰς
925 1334 1181 1402 νομικάς.
1237 1329 1528 1401 Ὀνομάζει
1555 1329 1612 1382 δὲ
1663 1328 1836 1392 αὑτὰς

223 1432 543 1502 ἐλαχίστας,
612 1429 700 1481 διά
753 1426 1086 1480 ταπείνωσιν
1118 1464 1132 1488 ,
1188 1423 1276 1475 ⁴ίνα
1327 1424 1420 1476 καὶ
1456 1423 1515 1474 σὲ
1569 1420 1834 1490 παιδεύσῃ

227 1523 659 1595 μετριοφρονεῖν
710 1521 804 1571 επὶ
833 1520 954 1580 ταῖς
985 1516 1387 1578 διδασκαλίαις.
1431 1514 1749 1584 Ἐλάχιστος
1780 1513 1836 1567 δὲ

224 1617 571 1686 κληθήσεται
595 1614 739 1682 ὲντῇ
777 1610 1057 1681 βασιλείᾳ,
1106 1610 1228 1662 ἀντὶ
1257 1609 1376 1673 τοῦ,
1417 1611 1474 1660 ὲν
1498 1610 1564 1677 τῇ
1601 1607 1840 1660 ἁνοιστά⁹

227 1727 311 1761 σει
347 1709 583 1777 ἔσχατος
629 1713 723 1756 καὶ
778 1703 1204 1774 άπερῤιμμένος
1237 1701 1318 1762 εἰς
1345 1699 1593 1768 γέενναν.
1627 1699 1704 1751 Ού
1729 1699 1840 1768 γὰρ

225 1808 304 1865 εἰς
324 1802 426 1868 τὴν
463 1796 746 1868 βασιλειαν
779 1794 890 1847 τῶν
922 1793 1170 1864 οὐρανῶν
1206 1790 1605 1855 εἰσελεύσεται,
1634 1791 1839 1857 ἄπαγε’

228 1893 370 1946 ἀλλὰ
438 1889 763 1959 βασιλείαν,
829 1886 931 1956 τήν
983 1885 1286 1939 ἀνάστασιν
1343 1885 1472 1937 νόει.
1511 1902 1528 1934 ι
1563 1885 1658 1946 Ὃς
1691 1882 1736 1935 δ’
1777 1880 1844 1936 ἂν

228 1987 439 2056 ποιήσῃ
493 1985 591 2036 καὶ
632 1979 841 2051 διδάξῃ,
873 1972 1028 2042 οὗτος
1091 1978 1266 2049 μέγας
1313 1977 1652 2047 κληθήσεται
1688 1977 1746 2029 ἐν
1773 1976 1838 2045 τῇ

229 2079 491 2150 βασιλεία
514 2077 622 2130 τῶν
651 2075 950 2147 οὐρανῶν.»
989 2074 1218 2145 Πρῶτον
1241 2073 1323 2140 τὲ,
1356 2075 1578 2143 ποιήσῃ,
1607 2072 1702 2126 καὶ
1718 2071 1842 2125 τότε
1873 2056 1922 2117 Β

229 2176 314 2239 τὸ,
348 2171 543 2240 διδάξῃ
579 2186 593 2201 ·
642 2168 762 2231 πῶς
797 2168 908 2240 γάρ
951 2166 1112 2220 ἄλλον
1142 2165 1396 2237 ὁδηγήσω
1433 2166 1514 2228 εἰς
1534 2166 1653 2218 ὁδὸν
1683 2165 1752 2235 ἣν
1779 2165 1841 2218 οὐ

230 2268 549 2331 διώδευσα;
613 2264 786 2318 Πάλιν
817 2262 874 2315 δὲ
915 2261 1011 2316 ἐὰν
1043 2260 1182 2314 ποιῶ
1214 2261 1315 2332 μὲν
1351 2259 1483 2330 ἐγὼ,
1516 2260 1579 2313 ού
1603 2260 1845 2314 διδάσκω

230 2360 314 2421 δὲ,
352 2359 456 2411 οὐκ
486 2357 597 2426 ἔχω
627 2354 884 2408 τοσοῦτον
921 2352 1113 2424 μισθόν
1134 2369 1146 2380 ⁶
1188 2351 1449 2412 πολλάκις
1469 2352 1526 2404 δὲ
1553 2351 1649 2404 καὶ
1670 2351 1844 2405 κατά-

237 2469 449 2521 κρισιν,
483 2451 614 2502 ὃταν
639 2447 728 2501 διὰ
763 2447 960 2515 φθόνον
984 2445 1016 2515 ἢ
1040 2446 1200 2498 δκνον
1228 2445 1288 2496 ού
1315 2444 1573 2498 διδάσκω.

318 2564 336 2594 ι
367 2545 532 2611 Λέγω
565 2543 677 2611 γάρ
725 2541 860 2610 ὑμῖν
905 2540 988 2592 ὅτι
1018 2539 1113 2592 ὲάν
1149 2537 1226 2608 μὴ
1254 2535 1600 2607 περισσεύσῃ
1628 2535 1786 2606 ὑμῶν
1813 2539 1847 2606 ή

236 2636 560 2702 δικαιοσύνη
607 2634 770 2686 πλέον
800 2632 913 2685 τῶν
943 2631 1338 2702 Γραμματέων
1376 2630 1469 2682 καὶ
1512 2627 1849 2699 Φαρισαίων,

238 2733 302 2780 οὑ
337 2730 415 2796 μὴ
446 2725 730 2791 εἰσέλθητε
797 2723 878 2785 εἰς
928 2722 1026 2792 τὴν
1070 2719 1352 2791 βασιλείαν
1374 2719 1483 2772 τῶν
1522 2718 1794 2790 οὐρανῶν.
1829 2737 1846 2770 ι

240 2818 609 2888 Δικαιοσύνην
627 2817 775 2884 λέγει
792 2815 891 2885 τὴν
920 2818 1101 2868 πᾶσαν
1127 2815 1330 2884 ἀρετήν
1351 2830 1363 2843 ·
1381 2812 1455 2874 ὼς
1478 2812 1561 2876 τὸ,
1588 2829 1607 2863 ι
1635 2813 1855 2873 Δίκαιος

240 2905 311 2979 ἦν
349 2907 497 2971 Ἰὼϐ,
552 2909 724 2988 ὅσιος,
764 2905 1117 2975 ἄμεμπτος.»
1165 2902 1360 2973 Φρίξον
1392 2893 1507 2966 οὖν,
1565 2902 1846 2973 ἄνθρωπε,

243 3004 515 3071 ἐννοήσας
547 3000 716 3053 πόσον
768 2997 1180 3066 άπαιτούμεθα.
1244 2991 1380 3050 Εῐτα
1413 2995 1654 3049 διδάσκει
1685 2996 1855 3064 ἡμᾶς,

247 3095 367 3158 πῶς
397 3096 467 3148 ἂν
504 3091 982 3165 περιττεύσωμεν·
1043 3090 1138 3142 καὶ
1173 3089 1470 3155 καταλέγει
1502 3089 1601 3151 τὰς
1631 3088 1854 3158 ἀρετάς.

325 3297 344 3328 ι
367 3273 675 3328 Ἠκούσατε
705 3271 787 3326 δτι
811 3267 1012 3342 ὲρῤέθη
1030 3271 1140 3330 τοῖς
1162 3267 1432 3338 ἀρχαίοις·
1455 3267 1528 3319 Οὐ
1552 3264 1858 3336 φονεύσεις·

247 3371 306 3433 ὸς
332 3369 376 3422 δ’
405 3369 473 3422 ἂν
499 3365 762 3435 φονεύσῃ,
795 3363 979 3432 ἔνοχος
1015 3363 1168 3414 ἔσται
1201 3363 1268 3430 τῇ
1308 3360 1510 3430 κρίσει.
1541 3377 1560 3411 ι
1605 3359 1680 3411 Τὸ
1707 3358 1862 3428 παρὰ

247 3464 398 3525 τινος
455 3458 683 3530 ἐρρέθη,
735 3458 796 3509 ού
831 3455 1001 3523 λέγει.
1037 3455 1098 3508 Ei
1133 3456 1242 3525 γάρ
1298 3449 1476 3516 εἶπεν,
1513 3453 1599 3506 δτι
1666 3453 1729 3505 '0
1762 3452 1860 3522 μὲν

254 3553 456 3621 Πατήρ
515 3566 619 3620 μου
652 3542 772 3600 εἷπε
816 3551 924 3609 τοῖς
977 3545 1252 3615 ἀρχαίοις.
1289 3544 1401 3611 ἐγὼ
1434 3543 1489 3597 δὲ
1521 3544 1667 3611 λέγω
1707 3544 1857 3612 ύμῖν,

253 3645 438 3708 ἔδοξεν
462 3644 530 3694 ἂν
560 3638 1000 3709 άντινομοθετείν
1032 3639 1107 3706 τῷ
1150 3636 1347 3706 "arpi.
1407 3635 1576 3690 Πάλιν
1603 3636 1651 3686 ei
1684 3629 1859 3701 εἶπεν,

251 3738 337 3790 ὃτι
373 3733 520 3802 Ἐγὼ
547 3727 702 3785 εἷπον
731 3733 842 3789 τοῖς
870 3731 1140 3800 ἀρχαίοις,
1173 3728 1616 3798 δυσπαράδεκτος
1639 3727 1706 3781 ἂν
1737 3728 1862 3794 ἐγέ-

254 3845 403 3883 νετο.
423 3825 718 3894 ’Δορίστως
738 3821 832 3876 οὖν
855 3823 1026 3890 λέγει,
1042 3824 1124 3875 ὅτι
1153 3840 1170 3873 ι
1194 3820 1430 3892 Ἐρρέθη
1451 3824 1564 3883 τοῖς
1590 3820 1862 3891 ἀρχαίοιςο

253 3919 502 3973 δείκνυσι
531 3916 588 3967 δὲ
615 3915 699 3966 ὅτι
721 3913 1040 3982 ὲπαλαιώθη
1075 3915 1102 3964 ὁ
1124 3912 1310 3981 νόμος,
1345 3912 1404 3962 ἐν
1433 3909 1511 3980 τῷ
1543 3911 1743 3977 εἰπεῖν,
1781 3913 1865 3964 ὃτι.

259 4028 280 4063 ι
319 4007 560 4080 Ἑρῥὲοη
589 4006 700 4068 τοῖς
744 4005 1013 4074 ἁρχιίοις·
1058 4002 1183 4054 ἐπεὶ
1226 4002 1281 4053 δὲ
1306 4001 1494 4054 λοιπὸν
1516 4001 1864 4071 ὲπαλαιὼθη,

262 4104 365 4156 καὶ
409 4101 582 4168 ἐγγύς
622 4101 768 4150 ἐστιν
798 4093 1135 4165 ἀφανισμοῦ,
1183 4094 1264 4147 δεῖ
1309 4094 1530 4162 ἀφεῖναι
1564 4093 1727 4146 αὑτὸν
1773 4096 1868 4148 καὶ

257 4196 495 4269 δραμεῖν
517 4193 610 4246 ἐπὶ
640 4191 709 4244 τὰ
743 4190 859 4243 νέα.
907 4207 925 4240 ι

338 4401 358 4434 t
395 4378 546 4448 Ἐγὼ
580 4377 637 4430 δὲ
683 4375 828 4442 λέγω
892 4372 1042 4442 ὑμῖν,
1071 4370 1152 4422 ὅτι
1197 4369 1304 4424 πᾶς
1328 4367 1356 4420 ὁ
1391 4365 1750 4436 ὀργιζόμενος
1792 4361 1871 4433 τῷ

260 4473 486 4542 άζελφῷ
543 4466 714 4522 αὑτοῦ
782 4464 928 4534 εἰκῆ,
989 4461 1173 4532 ἔνοχος
1227 4459 1384 4512 ἔσται
1417 4460 1486 4529 τῇ
1514 4457 1716 4528 κρίσει.
1750 4475 1768 4507 r
1805 4457 1871 4508 Οἱ

267 4569 369 4640 μὶν
395 4565 681 4634 προφῆται
709 4558 996 4627 μέλλοντες
1049 4551 1425 4624 προφητεύειν
1480 4551 1668 4618 ελεγον
1691 4565 1702 4578 ο
1729 4549 1870 4602 Τάδε

263 4660 418 4729 λέγει
452 4655 679 4726 Κύριος·
712 4651 741 4703 ὁ
767 4650 823 4703 δὲ
853 4647 1107 4718 Χριστὸς,
1139 4644 1283 4713 Ἐγὼ
1310 4645 1478 4712 λέγω,
1509 4641 1773 4695 δεικνύων
1812 4643 1873 4695 τὸ

1937 768 2003 819 de
2031 779 2195 819 cruce
2237 764 2381 818 dicta
2415 770 2562 823 sunt,
2607 759 3014 828 implebantur.‘

2011 964 2174 1017 Vsus.
2211 981 2228 1014 ι
2261 961 2345 1017 19.
2377 960 2636 1030 Quisquis
2667 959 2833 1028 igitur
2847 957 3074 1013 solverit
3097 972 3263 1011 unum
3294 970 3360 1012 ex
3390 971 3544 1010 man-

1939 1057 2081 1110 datis
2109 1057 2194 1109 his
2223 1055 2486 1116 minimis,
2519 1065 2574 1107 et
2597 1053 2847 1107 docuerit
2877 1052 2956 1107 sic
2982 1051 3256 1114 homines,
3284 1050 3546 1104 minimus

1939 1152 2223 1207 vocabitur
2268 1152 2322 1207 in
2374 1165 2542 1217 regno
2591 1148 2883 1205 uariorum.
2950 1165 2970 1198 ι
3023 1146 3246 1201 Minima
3290 1146 3547 1201 mandata

1939 1247 2090 1310 dicit,
2125 1261 2246 1313 quae
2277 1245 2392 1314 ipse
2424 1243 2726 1297 traditurus
2757 1250 2907 1308 erat,
2947 1255 3056 1295 non
3103 1240 3322 1312 iegaiia.
3355 1237 3549 1295 Nomi-

1942 1351 2038 1394 nat
2068 1349 2252 1393 autem
2297 1352 2362 1392 ea
2405 1337 2659 1400 minima,
2697 1344 2924 1406 propter
2955 1333 3322 1388 humilitatem
3359 1349 3376 1389 :
3408 1341 3461 1386 ut
3496 1341 3553 1387 et

1919 1440 1995 1485 -te
2033 1432 2266 1485 instruat
2309 1429 2556 1485 modeste
2589 1428 2837 1482 docendo
2867 1426 3040 1497 loqui.
3075 1424 3336 1480 Minimus
3366 1435 3549 1479 autem

1942 1525 2233 1580 vocabitur
2265 1524 2317 1578 in
2350 1536 2542 1592 regno,
2579 1522 2682 1576 hoc
2723 1529 2828 1585 est,
2873 1521 2926 1575 in
2975 1519 3381 1576 resurrectione
3427 1518 3556 1572 ulti-

1945 1632 2069 1670 ntus
2123 1625 2174 1669 et
2209 1614 2452 1681 abjeetus
2480 1615 2532 1668 in
2556 1614 2864 1684 gehennam
2897 1631 2911 1667 :
2937 1627 3040 1667 non
3073 1612 3217 1666 enim
3244 1613 3297 1666 in
3327 1625 3553 1682 regnum

1943 1709 2208 1764 caelorum
2242 1706 2602 1774 ingredietur,
2648 1722 2852 1778 apage;
2910 1708 3004 1761 sed
3040 1719 3266 1775 regnum
3298 1717 3555 1760 resurre-

1945 1800 2183 1854 ctionem
2209 1798 2468 1867 intelligo.
2507 1816 2525 1849 ι
2564 1797 2828 1865 Quisquis
2857 1809 3037 1851 autem
3065 1797 3255 1852 fecerit
3283 1794 3559 1851 etdocuc-

1950 1895 2051 1952 rit,
2116 1890 2204 1944 hic
2256 1903 2487 1958 magnus
2548 1889 2835 1943 vocabitur
2892 1888 2944 1941 in
2992 1902 3158 1955 regno
3207 1888 3491 1942 cmiorum.
3533 1905 3551 1937 ο

1950 1983 2196 2038 Primum
2232 1982 2405 2052 ponit,
2439 1980 2632 2036 fecerit
2668 1999 2681 2035 :
2721 1990 2932 2050 postea,
2970 1980 3240 2043 docuerit,
3283 1978 3561 2049 quomodo

1948 2075 2092 2132 enim
2130 2074 2296 2128 alium
2334 2074 2590 2128 inducam
2628 2072 2679 2126 in
2715 2072 2855 2126 viam
2878 2111 2892 2138 ,
2927 2087 3031 2140 qua
3065 2087 3342 2142 nunquam
3375 2082 3562 2127 trans-

1949 2166 2061 2219 ivi?
2100 2167 2370 2220 (la-terum
2403 2164 2447 2219 si
2480 2161 2682 2229 iecero,
2735 2175 2789 2219 et
2848 2179 2953 2218 non
3005 2165 3266 2228 docuero,
3318 2179 3424 2218 non
3457 2164 3561 2218 ha-

1950 2261 2090 2315 bebo
2125 2271 2334 2314 tantam
2374 2259 2684 2312 ritercedem
2716 2275 2728 2310 :
2757 2274 2901 2327 sa‘pe
2936 2257 3101 2312 etiam
3136 2267 3192 2312 et
3226 2259 3565 2312 condemna-

1952 2355 2176 2418 tionem,
2200 2358 2243 2408 si
2268 2354 2488 2424 quando
2511 2363 2738 2422 propter
2759 2353 3022 2406 invidiam
3054 2351 3135 2407 vel
3170 2351 3561 2422 negligentiam

1954 2464 2060 2501 non
2096 2453 2355 2502 docuero.

2029 2539 2193 2594 Vsus.
2233 2539 2324 2595 ΞΟ.
2366 2561 2384 2591 ι
2428 2541 2558 2595 Dico
2604 2538 2751 2594 enim
2789 2537 2945 2593 vobis
2977 2538 3121 2606 quod
3169 2539 3274 2593 nisi
3319 2538 3567 2593 abunda-

1956 2636 2096 2689 verit
2125 2632 2336 2702 justitia
2367 2644 2545 2688 vestra
2578 2633 2698 2703 plus
2735 2646 2897 2706 quam
2940 2628 3257 2685 Scribarum
3289 2643 3342 2685 et
3377 2631 3571 2687 Phari-

1957 2742 2226 2790 szrornm,
2284 2740 2390 2780 non
2450 2725 2732 2780 intrabitis
2790 2725 2843 2778 in
2898 2738 3127 2794 regnum
3193 2722 3481 2780 caelorum.
3541 2742 3564 2778 ι

1958 2814 2233 2870 Justitiam
2271 2813 2402 2870 dicit
2432 2828 2653 2869 onmem
2701 2814 2962 2867 virtutem
3004 2831 3017 2866 :
3059 2813 3202 2868 sicut
3232 2820 3288 2867 et
3328 2828 3452 2868 cum
3483 2812 3566 2868 di-

1960 2909 2122 2974 citur,
2155 2908 2342 2962 Justus
2373 2918 2491 2962 erat
2516 2895 2642 2972 Job,
2684 2905 2827 2977 pius,
2862 2905 3389 2973 irrcprehensibilis.
3425 2903 3570 2960 lior-

1964 3016 2136 3065 resce,
2175 3004 2361 3063 homo,
2400 2998 2859 3054 animadverteris
2895 2991 3096 3067 quanta
3143 3013 3172 3051 a
3206 2997 3365 3053 nobis
3413 3011 3572 3069 repe-

1965 3103 2173 3148 tantur.
2209 3091 2414 3150 Deinde
2447 3092 2609 3170 docet
2638 3106 2740 3147 nos
2772 3093 3054 3161 quomodo
3085 3092 3452 3153 ahundemus,
3516 3099 3575 3147 et

1964 3189 2252 3243 enumerat
2289 3186 2541 3240 virtutes.

2041 3277 2209 3334 Vsus.
2244 3278 2337 3332 2|.
2369 3296 2387 3329 ι
2427 3277 2670 3332 Audistis
2697 3278 2841 3346 quod
2866 3276 3074 3331 dictum
3102 3277 3170 3333 sit
3199 3275 3420 3345 priscis,
3450 3273 3575 3331 Non

1968 3373 2234 3438 occides;
2271 3372 2523 3441 quisquis
2577 3380 2760 3425 autem
2813 3368 3112 3434 occiderit,
3159 3361 3432 3426 obnoxius
3472 3369 3580 3424 erit

1963 3465 2192 3536 judicio.
2237 3483 2257 3517 ›
2322 3465 2438 3520 lloc
2489 3479 2517 3518 a
2566 3474 2720 3519 certo
2772 3462 3010 3532 quodam
3052 3477 3174 3517 csse
3221 3449 3430 3518 dictum
3470 3477 3579 3518 non

1969 3557 2123 3611 dicit.
2178 3554 2235 3610 Si
2279 3554 2425 3608 enim
2467 3554 2717 3618 dixisset,
2773 3555 2918 3625 quod
2968 3555 3133 3610 Pater
3180 3571 3333 3611 meus
3377 3555 3581 3609 dixerit

1947 3649 2200 3722 priscis,
2237 3663 2338 3719 ego
2386 3659 2569 3702 autem
2612 3648 2737 3702 dico
2801 3646 2992 3711 vobis,
3033 3647 3204 3703 videri
3259 3655 3444 3718 posset
3490 3646 3580 3702 di-

1970 3755 2185 3798 versam
2245 3756 2273 3795 a
2326 3739 2492 3796 Patre
2543 3741 2717 3811 legem
2773 3754 3001 3810 ponere.
3053 3740 3254 3795 lterum
3300 3750 3482 3796 autem
3530 3741 3582 3797 si

1971 3835 2223 3896 dixisset,
2277 3832 2391 3903 Ego
2437 3832 2548 3888 dixi
2602 3832 2822 3903 priscis,
2877 3847 3023 3902 aegre
3084 3841 3343 3902 acceptus
3386 3830 3584 3889 fuisset

1970 3941 2175 3982 sermo.
2208 3925 2496 3980 indeﬁnite
2537 3926 2704 3995 igitur
2731 3926 2891 3991 dixit,
2928 3927 3142 3982 Dictum
3171 3935 3256 3981 est
3289 3924 3530 3995 antiquis
3561 3940 3578 3984 :

1973 4035 2069 4089 per
2097 4021 2198 4074 hoc
2238 4028 2420 4072 autent
2456 4017 2601 4088 quod
2644 4018 2803 4082 dicit,
2839 4019 3044 4072 dictum
3078 4029 3158 4072 est
3191 4018 3457 4089 antiquis,
3490 4035 3584 4073 os-

1976 4115 2149 4167 tendit
2176 4114 2520 4182 antiquatam
2549 4127 2670 4169 esse
2714 4113 2886 4183 legem
2921 4131 2936 4167 :
2989 4113 3249 4190 quoniam
3279 4125 3462 4169 autem
3493 4129 3586 4168 vc-

1977 4215 2089 4259 tera
2127 4221 2272 4261 nunc
2301 4207 2584 4277 antiquata
2619 4214 2769 4270 sunt,
2804 4217 2855 4260 et
2892 4205 3064 4260 ferme
3093 4205 3317 4272 abolita,
3347 4215 3585 4276 oportet,

1975 4299 2193 4353 omissis
2227 4299 2355 4364 illis,
2386 4311 2612 4353 currere
2639 4301 2706 4353 ad
2737 4313 2899 4353 nova.

2051 4387 2216 4444 Vsus.
2250 4390 2343 4444 '22.
2401 4408 2420 4441 ι
2471 4390 2585 4460 Ego
2629 4399 2810 4446 autem
2849 4390 2971 4444 dico
3024 4390 3208 4460 vobis,
3246 4388 3443 4446 Omnis
3491 4390 3587 4460 qui

1980 4482 2240 4538 irascitur
2280 4482 2433 4536 l'ratri
2468 4498 2567 4536 suo
2601 4493 2830 4548 temere,
2861 4474 3132 4539 obnoxius
3159 4483 3266 4539 erit
3291 4481 3518 4552 judicio.
3559 4501 3578 4534 ι

1978 4576 2267 4644 Propitetze
2303 4575 2503 4628 dicturi
2539 4575 2724 4627 futura
2764 4574 3042 4640 dicebant,
3077 4573 3206 4630 Haec
3236 4575 3367 4628 dicit
3404 4573 3590 4629 Domi-

1983 4686 2083 4723 nus
2112 4687 2124 4722 :
2154 4667 2408 4722 Christus
2437 4678 2644 4730 autem,
2679 4665 2790 4734 Ego
2819 4668 2964 4731 dico,
2999 4663 3304 4722 ostendens
3326 4667 3587 4720 divinita-

265 4746 690 4818 ἐξουσιαστικδν
743 4742 844 4812 τῆς
894 4741 1178 4810 θεότητος.
1253 4741 1314 4792 Οἱ
1349 4739 1450 4808 μὲν
1485 4737 1614 4809 γὰρ,
1645 4735 1824 4790 δοῦλοι
1855 4755 1858 4766 .

1985 4762 2053 4816 tis
2089 4763 2496 4815 auctoritatem.
2531 4759 2638 4830 27
2668 4759 2744 4814 llli
2773 4761 2919 4814 enim
2958 4761 3103 4814 servi
3133 4769 3312 4824 erant,
3343 4758 3460 4828 ipse
3491 4774 3593 4813 au-

267 4850 296 4901 ὀ
331 4844 417 4909 δὲ,
455 4841 614 4903 Υἱὸς,
661 4840 756 4892 καὶ
789 4835 859 4888 τὰ
889 4834 982 4887 τοῦ
1016 4833 1230 4903 ῐιατρὺς
1262 4834 1443 4884 πάντα
1477 4830 1639 4900 ἔχων.
1690 4831 1749 4882 Ὀ
1786 4829 1877 4900 ὀρ-

268 4937 568 5008 γιζόμενος
602 4932 658 4984 δὲ
693 4928 770 4998 τῷ
801 4925 1015 4994 ἀδελφῷ
1074 4922 1243 4977 αὑτοῦ
1286 4921 1435 4990 εἰκῆ,
1468 4925 1675 4986 ἐκεῖνος
1708 4939 1881 4976 καται

271 5030 529 5101 κρίνεται
565 5042 578 5056 ·
640 5023 737 5075 ἐὰν
791 5022 847 5074 δέ
881 5037 962 5082 τις
1028 5018 1322 5089 ὀργίζηται
1383 5016 1623 5084 εὐλόγως
1656 5017 1750 5068 καὶ
1785 5015 1880 5068 ἐπὶ

273 5120 506 5190 παιδείᾳ
542 5117 638 5171 καὶ
689 5113 834 5168 κατὰ
886 5111 1049 5180 ζῆλον
1096 5109 1493 5179 πνευματικὸν,
1527 5108 1588 5160 ού
1620 5124 1884 5175 κατακρι-

273 5216 533 5287 θήσεται·
590 5207 738 5263 καὶὸ
778 5203 986 5266 Παῦλος
1020 5203 1150 5272 γάρ,
1205 5201 1378 5271 ὀργῆς
1429 5201 1651 5270 ῥήματα
1687 5199 1883 5269 ἐφθέγ-

277 5309 410 5375 ξατο
467 5304 605 5376 πρὸς
645 5304 890 5374 Ἐλύμαν
932 5303 1023 5355 τὸν
1048 5302 1247 5372 μάγον,
1277 5301 1374 5354 καὶ
1403 5301 1539 5370 πρὸς
1571 5299 1662 5352 τὸν
1691 5300 1881 5370 ἀρχιε-

279 5404 406 5472 ρέα,
430 5399 495 5451 ού
526 5397 635 5467 μὴν
688 5398 833 5466 εἰκῆ,
891 5395 1028 5449 ἀλλὰ
1090 5396 1233 5448 κατὰ
1291 5393 1476 5462 ζῆλον.
1508 5393 1643 5444 Τότε
1667 5391 1723 5443 δὲ
1757 5391 1884 5460 εἱκῆ

277 5491 644 5564 ὀργιζόμεθα,
688 5489 817 5541 ὅταν
843 5489 932 5541 διὰ
989 5489 1252 5559 χρήματα
1280 5487 1313 5556 ἢ
1345 5486 1528 5551 δοξαν.
1559 5503 1576 5536 ι
1613 5485 1707 5547 Ὃς
1736 5485 1780 5538 δ’
1821 5486 1886 5538 ἂν

279 5588 414 5656 sint]
435 5583 516 5653 τῷ
541 5581 759 5650 ἁδελφῷ
795 5579 982 5642 αὑτοῦ,
1021 5579 1218 5646 Ῥακὰ,
1247 5580 1430 5647 ἔνοχος
1460 5578 1607 5629 ἔσται
1651 5576 1726 5647 τῷ
1760 5594 1885 5629 σον-

279 5677 463 5749 εδρίῳ.
481 5695 498 5727 ι
523 5675 830 5744 Συνέδριον,
853 5674 912 5724 τὸ
928 5673 1279 5743 δικαστήριον
1305 5674 1412 5725 τῶν
1443 5671 1712 5742 Ἐδραῖων
1731 5674 1888 5740 φησι.

281 5771 356 5826 Τὸ
407 5769 490 5831 δὲ,
525 5789 543 5820 ι
569 5766 764 5833 Ῥακά,
798 5785 816 5818 t
844 5769 1103 5836 σημαίνει
1136 5767 1255 5818 αντὶ
1283 5766 1401 5829 τοῦ,
1437 5767 1520 5818 σύ·
1555 5765 1744 5833 ὥσπερ
1772 5765 1888 5826 ἔθος

282 5864 484 5934 ἔχομεν
517 5862 699 5930 λέγειν
715 5861 850 5928 πρός
877 5878 998 5913 τινα
1031 5859 1551 5930 καταφρονούμενον
1574 5858 1662 5927 ὑφ’
1701 5858 1878 5926 ἡμῶν·

288 5953 531 6009 ’Λπελθε
568 5955 659 6007 σύ.
692 5953 875 6006 Θέλων
909 5948 1001 6006 οὖν
1037 5951 1330 6026 παιδεῦσαι
1363 5953 1510 6021 ἡμᾶς
1543 5954 1638 6004 καὶ
1668 5953 1795 6020 περὶ
1823 5951 1893 6002 τὸ.

288 6047 456 6120 μικρά
499 6046 753 6115 άκρι6.ἰς
787 6041 947 6109 εἶναι,
986 6044 1080 6098 καὶ
1104 6042 1369 6112 ἀλλήλους
1399 6045 1589 6114 τιμᾷν,
1629 6047 1893 6112 παραινεῖ

1987 4866 2092 4908 tetri
2139 4853 2307 4907 Filius
2359 4854 2542 4906 omnia
2574 4869 2692 4921 qua:
2730 4863 2857 4907 sunt
2889 4851 3068 4908 Patris
3111 4855 3162 4906 in
3193 4868 3254 4907 se
3279 4855 3590 4923 possidens.

1984 4945 2088 5011 Qui
2125 4944 2385 4996 irascitur
2430 4941 2588 4996 fratri
2625 4959 2724 4997 suo
2758 4957 2984 5005 temere,
3030 4943 3120 4998 iile
3147 4944 3587 4998 condemnatur:

1985 5035 2030 5090 si
2060 5045 2240 5089 autem
2276 5035 2399 5101 quis
2451 5035 2731 5099 irascitur,
2786 5035 3164 5105 rationejnsta
3218 5046 3416 5098 motus,
3450 5047 3501 5092 et
3537 5049 3596 5093 nt

1987 5126 2151 5180 alium
2185 5126 2424 5190 erudiat,
2467 5141 2520 5181 et
2555 5127 2828 5195 spiritnali
2863 5127 3003 5190 zelo,
3042 5143 3149 5181 non
3201 5129 3597 5180 condemnabi-

1989 5230 2097 5274 tur.
2144 5216 2296 5273 Unde
2338 5228 2392 5273 et
2421 5219 2622 5274 Paulus
2664 5221 2828 5273 verba
2865 5221 2958 5274 ira:
3000 5221 3214 5276 locutus
3249 5220 3430 5276 estad
3472 5221 3599 5291 Ely-

1989 5329 2132 5365 mam
2199 5327 2418 5382 magum
2473 5323 2526 5367 et
2585 5313 2650 5364 ad
2696 5313 3049 5382 pontiﬁcem:
3090 5328 3196 5367 non
3231 5323 3434 5368 temere
3471 5316 3598 5383 qui-

1990 5408 2135 5469 dem,
2202 5407 2295 5460 sed
2352 5405 2491 5459 zelo.
2555 5405 2709 5459 Tunc
2768 5416 2951 5460 autem
3022 5416 3231 5459 temere
3284 5404 3596 5468 irascimur,

1990 5497 2206 5568 quando
2238 5508 2460 5565 propter
2486 5511 2618 5564 epes
2647 5498 2730 5550 vel
2756 5497 3010 5567 glmiam.
3043 5514 3060 5547 ι
3099 5495 3442 5564 Quicumque
3467 5511 3599 5551 vero

1990 5588 2193 5641 dixerit
2241 5586 2395 5640 fratri
2429 5602 2550 5650 suo,
2586 5585 2796 5653 ithaca,
2829 5587 3099 5641 obnoxius
3129 5588 3237 5642 erit
3271 5586 3530 5640 concilio.
3575 5604 3594 5638 ι

1991 5677 2302 5732 Ουιιοὶιῐιιιιι
2344 5687 2503 5730 vocat
2548 5675 2900 5730 ilcbramrum
2942 5674 3206 5729 tribunal.
3242 5673 3428 5728 ithaca
3471 5687 3601 5728 veto

1994 5770 2266 5840 signiﬁcat
2320 5771 2461 5824 idem
2494 5772 2636 5840 quod
2673 5769 2754 5823 Tu
2790 5789 2802 5822 :
2839 5779 2892 5821 ιιι
2923 5785 3042 5823 cum
3077 5769 3140 5821 ad
3189 5769 3425 5836 aliquem
3465 5781 3602 5820 con-

1996 5875 2263 5934 temptum
2297 5880 2324 5916 a
2358 5865 2512 5917 nobis
2540 5865 2797 5926 dicimus,
2833 5864 2930 5918 Abi
2966 5874 3040 5915 tu.
3081 5861 3276 5916 Volens
3311 5860 3601 5928 igiturnos

1994 5969 2047 6010 ct
2085 5959 2149 6010 de
2185 5957 2366 6023 parvis
2393 5955 2655 6010 sollicitos
2679 5971 2825 6020 esse,
2859 5969 2914 6011 et
2938 5971 3035 6009 nos
3059 5955 3296 6008 invicem
3324 5950 3602 6013 venerari,

1999 6054 2260 6104 adrnnort
2312 6052 2528 6104 horum.
2569 6049 2800 6116 Quidam
2837 6049 3025 6104 dicunt
3049 6046 3242 6104 ithaca
3275 6044 3500 6118 Syriaco
3549 6053 3606 6101 et
