4034 6648
267 575 374 643 201
914 571 1359 637 ENARRATIO
1399 571 1480 631 IN
1524 565 2022 630 EVANGELIUM
2065 569 2710 632 MATTH/EI."CAP.
2762 569 2858 629 γι.
3407 570 3513 633 an;

267 688 581 751 λυττῶντας
631 684 941 754 Ἰουδαίους,
976 688 1117 758 ὑπὲρ
1148 686 1375 749 ἑαυτοὺς
1398 683 1715 756 ἠγάπησαν,
1741 679 1831 734 καὶ

1943 681 2086 736 deos
2145 694 2339 738 contra
2385 699 2446 740 se
2506 684 2862 749 insanientes,
2898 682 3017 752 plus
3081 697 3242 749 quam
3306 684 3515 752 seipsos

269 778 476 843 πάντες
507 778 558 830 οι
609 777 754 846 ἆγιοι
792 779 920 841 τοὺς
973 778 1198 850 ἐχθροὺς
1232 777 1432 832 αὐτῶν.
1461 785 1464 788 ’
1496 794 1514 827 t
1557 775 1831 842 Εὐλογεῖῖε

1945 771 2258 841 diligebant,
2303 784 2356 828 et
2387 789 2580 829 omnes
2635 774 2812 829 sancti
2845 789 2973 829 suos
2993 774 3275 829 inimicos.
3311 791 3331 827 ι
3368 774 3513 830 Bene

266 880 400 934 σιοῡς
433 869 861 941 καταρωμένους
893 870 1058 940 ὑμᾶς,
1090 869 1264 934 καλῶς
1299 871 1505 923 ποιεῖτε
1521 871 1632 935 τοῖς
1658 865 1841 937 μισοῦο

279 980 373 1017 σιν
417 964 584 1034 ὑμᾶς,
613 964 706 1016 καὶ
733 961 1096 1033 προσεύχεσθε
1127 961 1267 1033 ὑπὲρ
1292 962 1401 1016 τῶν
1429 961 1842 1032 ιπηρεαζόντων

269 1055 416 1125 ὑμᾶς
472 1056 565 1107 καὶ
599 1054 902 1106 διωκόντων
932 1053 1094 1122 ὑμᾶς.
1134 1073 1151 1104 ι
1192 1053 1281 1117 Ὠς
1315 1054 1424 1124 γὰρ
1446 1051 1741 1121 εὐεργέτας
1761 1050 1843 1102 δεῖ

267 1145 472 1208 αὐτοὺς
498 1143 662 1212 ἔχειν.
701 1143 815 1205 Πᾶς
838 1143 946 1214 γὰρ
969 1145 997 1196 ὸ
1023 1142 1234 1196 διώκων
1266 1144 1358 1196 καὶ
1383 1136 1690 1214 πειράζων,
1715 1143 1840 1194 ἐλα-

270 1231 467 1303 φρύνει.
496 1233 626 1301 ἡμῖν
642 1231 741 1300 τὴν
785 1232 926 1302 ὑπὲρ
958 1233 1065 1285 τῶν
1097 1230 1512 1302 ἁμαρτημάτων
1546 1230 1836 1299 τιμωρίαν.

272 1322 483 1387 ’Δλλως
499 1339 580 1387 τε,
611 1323 708 1375 καὶ
725 1313 858 1375 ὅταν
877 1321 1191 1393 τηλικοῦτον
1208 1321 1442 1376 ἔπαθλον
1457 1320 1674 1376 δίδωσιν
1709 1323 1738 1390 ἡ
1749 1322 1839 1390 μῖν

263 1413 292 1466 δ
321 1413 478 1476 Θεός.
516 1415 720 1466 ’Λκουε
747 1414 872 1482 γάρ·

345 1524 363 1557 t
405 1506 591 1567 Ὅπως
639 1502 871 1574 γένησθε
899 1503 1030 1555 ὐἱοὶ
1067 1501 1162 1554 τοῦ
1201 1502 1412 1574 [ἰατρὸς
1464 1502 1617 1573 ὑμῶν
1655 1499 1749 1555 τοῦ
1783 1502 1840 1552 ἐν

265 1597 386 1659 τοῖς
440 1595 717 1664 οὐρανοῖς’
772 1585 982 1646 ὄτι’τὺν
1027 1593 1178 1664 ἥλιον
1218 1593 1384 1646 αὐτού
1428 1591 1710 1646 ἀνατέλλει
1747 1590 1840 1643 ἐπὶ

267 1687 540 1757 πονηροὺς
571 1688 664 1739 καὶ
695 1686 956 1754 ἀγαθοὺς,
988 1687 1080 1739 καὶ
1115 1685 1296 1757 βρέχει
1327 1685 1420 1738 ἐπὶ
1469 1685 1714 1748 δικαίους
1746 1682 1840 1736 καὶ

263 1777 509 1839 ἀδίκους.
548 1796 565 1827 ι
623 1778 769 1848 Opi;
802 1776 1031 1848 πηλίκον
1057 1777 1260 1844 ἀγαθὸν
1289 1777 1470 1830 δίδωσί
1502 1778 1641 1837 doto
1665 1774 1839 1846 μισῶν

265 1883 328 1920 σε
374 1871 472 1921 καὶ
545 1868 891 1937 ιπηρεάζων,
945 1867 1041 1922 ἐὰν
1076 1869 1236 1938 μόνον
1290 1868 1451 1940 θέλῃς
1506 1867 1835 1938 ὑπομάνεινς

263 1962 478 2031 Βροχὴν
517 1961 572 2014 δὲ
623 1962 718 2015 καὶ
742 1961 895 2030 ἥλιον
935 1961 1067 2024 νόει,
1106 1961 1200 2014 καὶ
1233 1959 1332 2032 τὴν
1365 1961 1568 2030 γνῶσιν
1618 1959 1712 2013 καὶ
1736 1958 1835 2029 τὴν

1945 865 2238 932 precemini
2262 866 2648 920 devoventihus
2668 879 2784 930 vos,
2819 865 3117 922 benefacitc
3149 866 3231 920 his
3261 869 3352 935 qui
3385 868 3516 922 ode-

1947 965 2071 1009 rnnt
2105 972 2217 1025 vos,
2246 968 2296 1012 el
2327 968 2480 1014 orate
2514 973 2607 1028 pro
2645 956 2730 1012 his
2779 958 2869 1025 qui
2905 958 3111 1013 laedunt
3144 967 3198 1013 et
3234 959 3516 1013 insectan-

1947 1055 2030 1099 tur
2061 1063 2177 1103 vos.
2220 1069 2238 1101 ι
2293 1048 2439 1105 Inter
2465 1049 2842 1106 benefactores
2888 1059 3099 1119 oportet
3136 1050 3257 1104 illos
3290 1049 3513 1104 habere.

1944 1142 2131 1196 Omnis
2162 1143 2305 1197 enim
2348 1144 2437 1211 qui
2473 1159 2568 1197 nos
2594 1152 2760 1198 tentat
2783 1152 2838 1198 et
2869 1143 3230 1212 persequitur,
3259 1142 3515 1196 leviorem

1945 1237 2075 1293 facit
2103 1254 2319 1310 pinnam
2350 1256 2509 1308 quam
2548 1256 2644 1311 pro
2689 1239 2930 1310 peccatis
2985 1235 3126 1289 ferre
3171 1235 3513 1290 deberemus.

1943 1330 2117 1384 Etiam
2176 1332 2279 1386 alia
2335 1332 2566 1394 ratione.
2613 1344 2802 1399 nempe
2825 1328 2952 1398 quia
2987 1326 3149 1380 talem
3208 1324 3515 1379 mercedem

1945 1422 2100 1477 nobis
2130 1423 2220 1477 dat
2259 1423 2415 1478 Deus.
2453 1424 2590 1477 Audi
2623 1422 2764 1475 enim
2794 1437 2807 1473 :

2015 1511 2178 1568 Vens.
2204 1513 2292 1569 65.
2334 1530 2353 1564 ‹
2400 1512 2467 1568 Ut
2498 1515 2616 1568 sitis
2648 1511 2741 1568 lilii
2768 1510 2945 1565 Patris
2981 1509 3145 1564 vestri
3197 1509 3288 1578 qui
3329 1498 3412 1562 est
3463 1507 3516 1562 lu

1943 1604 2096 1659 caalis
2130 1622 2146 1659 :
2187 1607 2311 1672 quia
2353 1607 2520 1662 solem
2565 1622 2720 1660 suum
2756 1603 2955 1659 exoriri
3005 1602 3136 1656 sinit
3163 1617 3323 1670 super
3347 1599 3519 1654 honos

1942 1703 1994 1748 ct
2027 1695 2218 1761 malos,
2253 1703 2308 1751 et
2337 1695 2472 1766 pluit
2524 1697 2876 1766 superjustos
2916 1703 2970 1749 et
3001 1692 3250 1762 injustos.
3287 1710 3306 1743 ι
3357 1690 3520 1746 Vides

1941 1797 2204 1854 quantum
2238 1787 2434 1842 bonum
2458 1787 2552 1843 dat
2594 1786 2688 1841 tibi
2719 1788 2808 1856 qui
2837 1797 2887 1840 te
2926 1785 3038 1840 odit
3068 1795 3122 1840 ct
3150 1784 3315 1850 laedit,
3355 1786 3517 1840 modo

1942 1878 2374 1934 sustinere-velis
2399 1897 2413 1931 :
2440 1879 2543 1934 Per
2565 1879 2801 1948 pluviam
2841 1887 3021 1933 autem
3055 1884 3107 1932 et
3143 1876 3312 1931 solem
3353 1877 3517 1932 intel-

1943 1967 2049 2034 lige
2101 1968 2264 2022 etiam
2328 1969 2631 2024 doctrinam
2667 1979 2718 2024 et
2762 1968 3068 2024 scientiam.
3129 1968 3332 2023 Omnes
3367 1968 3514 2023 enim

259 2027 634 2106 διδασκαλίαν·
695 2027 904 2117 πάντας
944 2053 1054 2125 γὰρ
1102 2053 1130 2107 ὁ
1159 2027 1301 2119 Θεὸς.
1338 2027 1563 2124 φωτίζει
1605 2053 1698 2106 καὶ
1754 2027 1831 2105 δέ-

1947 2058 2088 2115 Deus
2124 2059 2362 2116 illustrat
2398 2069 2451 2116 et
2482 2063 2655 2116 docct.

257 2143 470 2196 δάακει.

344 2252 363 2284 ι
413 2235 540 2287 Ἐὰν
561 2233 672 2305 γὰρ
709 2235 959 2310 ἀγαπᾶτε
987 2236 1115 2299 τοὺς
1149 2237 1478 2304 ἀγαπῶντας
1514 2238 1679 2308 ὑμᾶς,
1715 2237 1832 2289 τίνα

264 2325 462 2396 μισθὸν
493 2326 685 2398 ﬁxere;
738 2328 862 2398 οὐχὶ
909 2328 1003 2380 καὶ
1025 2330 1075 2381 oi
1121 2330 1351 2384 τελῶναι
1386 2330 1447 2381 τὸ
1473 2330 1603 2382 αὐτὸ
1647 2328 1833 2384 ποιοῦ-

260 2436 397 2484 σιν;
443 2438 461 2470 ο
517 2419 824 2490 Φρίξωμεν,
887 2422 1017 2474 ὅταν
1068 2421 1203 2491 μηδὲ
1255 2423 1361 2474 τεῒν
1392 2421 1640 2474 τελωνῶν
1687 2416 1836 2491 ὦμεν

258 2513 390 2577 ἴσοι,
438 2512 572 2565 ἀλλὰ
601 2514 696 2565 καὶ
725 2516 851 2576 τοὺς
877 2513 1207 2581 ἀγαπῶντας
1237 2513 1384 2583 ἡμᾶς
1427 2513 1708 2582 μισῶμεν,

339 2621 358 2653 ι
412 2603 632 2655 Καὶὲαν
663 2604 983 2673 ἀσπάζησθε
1002 2606 1127 2668 τοὺς
1165 2606 1353 2673 φίλους
1379 2604 1533 2676 ὑμῶν
1565 2605 1747 2673 μόνον,
1782 2604 1832 2655 τί

258 2695 523 2765 περισσὸν
556 2699 793 2759 ποιεῖτε;
833 2698 970 2767 Οὐχὶ
1017 2699 1113 2750 καὶ
1136 2701 1182 2751 oi
1213 2697 1439 2750 τελῶναι
1478 2696 1620 2749 οὕτω
1648 2694 1828 2747 ποιοῦ-

261 2802 386 2850 σιν;
418 2787 646 2839 Ἔσεσθε
678 2783 769 2840 οὖν
787 2789 939 2858 ὑμεῖς
966 2788 1176 2853 τέλειοι,
1202 2788 1391 2858 ῶσπερ
1419 2789 1446 2840 ὁ
1466 2787 1650 2857 Πατὴρ
1680 2787 1832 2857 ὑμῶν

255 2880 286 2932 6
318 2881 379 2930 ἐν
408 2881 520 2942 τοῖς
543 2879 791 2948 οὐρανοῖς
837 2880 1044 2944 τέλειός
1092 2883 1230 2936 ἐστι.
1277 2900 1294 2932 ι
1324 2881 1395 2933 Τὸ
1434 2879 1542 2948 γὰρ
1572 2881 1697 2942 τοὺς
1731 2879 1833 2947 μὲν

255 2971 371 3025 τῶν
402 2970 710 3041 ἀνθρώπων
739 2973 982 3044 ἀγαπᾷν,
1013 2973 1141 3038 τοὺς
1186 2973 1348 3043 δῆθεν
1378 2973 1588 3042 φίλους,
1624 2973 1746 3034 τοὺς
1775 2971 1833 3025 δὲ

261 3064 468 3132 μισεῖν,
517 3063 720 3126 ἀτελές
746 3065 891 3117 ἐστι·
926 3065 1130 3118 τέλειον
1157 3065 1233 3131 δὲ,
1257 3066 1316 3118 τὸ
1349 3065 1556 3127 πάντας
1585 3065 1830 3136 ἀγαπᾷν.

859 3199 1114 3252 ιιειιιΑΑ.
1151 3197 1243 3266 cr.

256 3332 400 3402 Περὶ
450 3333 893 3403 ἐλεημοσύνης.
955 3333 1307 3402 προσευχῆς
1354 3335 1450 3387 καί
1518 3337 1827 3402 νηστείας.

397 3405 541 3471 Περὶ
572 3405 678 3459 τοῦ
725 3405 1122 3473 καταφρονεῖν
1162 3405 1278 3457 τῶν
1300 3404 1407 3459 τοῦ
1431 3405 1686 3474 κόσμου.

335 3534 353 3566 ι
398 3515 706 3587 Προσέχετε
765 3515 866 3585 τὴν
906 3515 1276 3586 ἐλεημοσύνην
1337 3517 1491 3585 ὑμῶν
1545 3517 1618 3586 μὴ
1657 3521 1828 3571 ποιεῖν

255 3606 568 3677 ἔμπροσθεν
605 3607 713 3660 τῶν
743 3606 1044 3678 ἀνθρώπων
1080 3608 1211 3678 πρὸς
1240 3609 1300 3661 τὸ
1331 3608 1592 3679 θεαθῆναι
1617 3609 1828 3673 αὐτοῖς’

255 3697 391 3751 εἰδὲ
416 3698 578 3768 μήγε,
620 3697 812 3769 μισθὸν
841 3699 939 3751 οὐκ
962 3697 1114 3768 ἔχετε
1149 3699 1300 3768 παρὰ
1324 3697 1402 3768 τῷ
1443 3700 1617 3770 Πατρὶ
1675 3699 1830 3769 ὑμῶν

254 3787 337 3857 τῷ
388 3789 445 3840 ὲν
474 3793 585 3853 τοῖς
617 3790 886 3858 οὐρανοῖς.
939 3808 956 3839 ι
996 3787 1086 3852 El;
1123 3789 1220 3858 τὴν
1253 3790 1519 3859 μεγίστην
1557 3789 1666 3842 τῶν
1697 3792 1826 3860 ἀρεο

253 3879 368 3934 τῶν
421 3879 519 3951 τὴν
570 3881 795 3950 ἀγάπην
855 3880 1170 3948 ἀναγαγὼν,
1221 3881 1315 3933 νῦν
1354 3881 1572 3952 ἀναιρεῖ
1605 3883 1699 3935 καὶ
1730 3885 1829 3953 τὴν

254 3969 584 4036 κενοδοξίαν,
618 3971 738 4041 ἥτις
763 3972 956 4026 ἕπεται
1005 3975 1119 4035 τοῖς
1155 3971 1609 4043 κατορθώμασιν·
1642 3975 1743 4044 ὅρα
1771 3975 1830 4028 δὴ

253 4065 310 4116 τί
365 4063 549 4130 λέγει·
598 4064 922 4134 Προσέχετε,
961 4064 1161 4119 ὡσανεὶ
1217 4065 1346 4135 περὶ
1413 4067 1604 4137 θηρίου
1654 4065 1828 4120 δεινοῦ

251 4153 426 4221 λέγοι,
477 4153 709 4222 πρόσεχε
745 4155 818 4224 μή
861 4169 920 4204 σε
955 4154 1338 4225 διασπαραεῃο
1369 4154 1472 4206 κᾶν
1516 4155 1832 4226 ἔμπροσθεν

252 4244 312 4296 δὲ
350 4243 461 4296 τῶν
487 4243 791 4313 ἀνθρώπων
824 4246 1002 4314 ἑλεῇς,
1025 4245 1084 4295 οὺ
1122 4247 1295 4306 ποιεῖς
1327 4244 1384 4296 δὲ
1414 4235 1572 4297 τοῦτο
1596 4246 1737 4315 πρὸς
1769 4246 1832 4300 τὸ

256 4333 544 4403 θεαθῆναι,
573 4335 634 4386 οὑ
663 4338 989 4406 κατακρίνῃ.
1031 4336 1159 4388 Ἐὰν
1189 4335 1246 4387 δὲ
1284 4336 1485 4388 σκοπὸν
1519 4336 1648 4407 ἔχῃς
1675 4355 1829 4391 κενο-

251 4425 456 4492 δοξίας,
493 4427 538 4477 εί
560 4426 654 4478 καὶ
673 4427 729 4478 ὲν
753 4426 828 4496 τῷ
851 4426 1063 4496 ταμείῳ
1085 4442 1176 4479 σου
1202 4429 1455 4498 ποιήσῃς,
1488 4429 1821 4501 κατακρίνῃ.

255 4513 369 4582 Τὴν
408 4512 630 4587 γνώμην
656 4514 762 4584 γὰρ
790 4515 819 4585 ἢ
848 4514 1064 4578 κολάζει
1096 4515 1402 4586 ἢστεφανοῖ
1435 4519 1462 4570 ὁ
1501 4517 1652 4581 Θεός.

335 4837 353 4872 ι
421 4818 587 4874 Ὅταν
635 4817 729 4875 οὖν
779 4824 940 4893 ποιῇς
991 4823 1384 4894 ιλεημοσύνην,
1450 4826 1524 4897 μὴ
1558 4828 1825 4900 σαλπίσῃς

251 4908 568 4980 εμπροσθιν
612 4926 726 4973 σου,
785 4911 972 4983 ῶσπερ
1029 4913 1079 4964 οί
1131 4915 1426 4984 ὑποκριταὶ
1483 4918 1726 4972 ποιοῦσιν
1769 4922 1828 4973 ὲν

250 5003 374 5063 ταῖς
412 5004 750 5070 συναγωγαῖς
776 5003 868 5057 καὶ
898 5004 955 5057 ὲν
980 5005 1099 5068 ταῖς
1129 5006 1350 5076 ῥύμαις,
1381 5009 1528 5074 ὅπως
1555 5010 1826 5076 δοξασθῶ-

257 5109 345 5146 σιν
377 5093 482 5146 ὑπδ
511 5094 620 5147 τῶν
665 5094 991 5168 ἀνθρώπων.
1037 5114 1056 5147 ι
1116 5098 1190 5151 υύ
1227 5099 1537 5168 σάλπιγγας
1595 5098 1742 5173 εἶχον
1777 5106 1826 5157 οι

253 5186 576 5254 ὑποκριταὶ.
603 5186 740 5242 ἀλλὰ
766 5186 862 5258 τὴν
887 5187 1128 5242 διάνοιαν
1161 5189 1346 5243 αὐτῶν
1378 5191 1605 5264 διαγελᾷ
1635 5194 1828 5248 Evr-a6-

253 5277 346 5344 θα,
382 5279 465 5331 ὅτι
495 5277 784 5346 ὴὸούλοντο
824 5281 922 5353 τὴν
975 5281 1346 5353 ἐλεημοσύνην
1393 5284 1574 5339 αὐτῶν
1629 5285 1823 5340 σαλπί-

251 5367 468 5434 ζισθαι.
500 5369 824 5440 Ὑποκριται
855 5371 911 5424 δέ
959 5374 1098 5425 εἰσιν
1130 5375 1177 5425 oi
1209 5373 1338 5428 ἄλλο
1371 5377 1468 5446 μὲν
1491 5374 1663 5443 ὄντες,
1697 5378 1826 5433 ἄλλο

250 5461 307 5513 δὲ
341 5460 698 5531 φαινόμενοι·
759 5463 854 5515 καὶ
884 5456 1032 5517 οὗτοι
1078 5463 1210 5531 γοῦν
1253 5465 1544 5537 ἐλεήμονες
1574 5467 1673 5538 μὲν
1700 5471 1826 5538 φαί-

252 5569 460 5618 νονται,
522 5552 672 5606 ἄλλοι
719 5553 777 5607 δέ
830 5555 988 5608 είσιν.
1053 5573 1071 5605 ι
1144 5556 1319 5627 ’Δμὴν
1369 5558 1513 5625 λέγω
1561 5559 1710 5626 ὑμῖν,
1744 5561 1824 5613 ὅτι

252 5647 520 5715 ἀπέχουσι
562 5647 654 5698 τὸν
691 5647 882 5716 μισθὸν
919 5649 1125 5702 αὐτῶν.
1177 5668 1195 5700 ι
1240 5649 1654 5720 Ἐπαινούμενοι
1696 5654 1822 5723 γὰρ,

251 5739 316 5789 τὸ
344 5740 453 5790 πᾶν
487 5737 763 5791 ἀπέλαϐον
798 5741 949 5810 παρὰ
979 5742 1088 5792 τῶν
1122 5741 1447 5812 ἀνθρώπων.

330 5847 350 5880 ι
412 5827 518 5882 Σοῦ
551 5828 608 5881 δὲ
661 5830 940 5894 ποιοῦντος
987 5833 1376 5904 ἐλεημοσύνην,
1442 5831 1516 5904 μὴ
1563 5832 1752 5901 γνώτω
1791 5838 1824 5906 ἡ

251 5921 523 5994 ἀριστερά
545 5939 638 5975 σου
679 5923 731 5974 τί
774 5927 916 5976 ποιεῖ
952 5927 983 5995 η
1015 5925 1163 5990 δεξιά
1194 5942 1306 5980 σου.
1349 5947 1367 5978 ι
1419 5926 1827 5997 ’Υπερϐολικῶς

251 6013 415 6068 τοῦτο
447 6010 605 6068 εἶπεν
638 6026 652 6042 °
691 6014 772 6066 ὅτι
809 6015 871 6067 Ei
903 6017 1149 6081 δυνατὸν,
1197 6019 1288 6070 καὶ
1321 6020 1544 6071 σεαυτὶν
1575 6018 1822 6073 λάνθανε.

506 6129 777 6188 ΡΑτιιξιι.
814 6131 850 6189 C
868 6148 902 6188 tt
963 6131 1245 6193 CXXIII.

1858 3386 1905 3450 C

1862 4746 1910 4804 D

2016 2239 2181 2296 Vens.
2205 2240 2294 2295 46.
2330 2259 2348 2292 ε
2375 2240 2507 2294 Nam
2537 2242 2578 2294 si
2605 2242 2906 2295 tlilcxeritis
2926 2241 3207 2308 diligentes
3227 2255 3318 2294 vos
3356 2255 3517 2311 quam

1946 2333 2249 2384 mercedem
2307 2331 2554 2387 habetis?
2592 2346 2772 2387 nonne
2824 2341 2878 2385 et
2928 2331 3203 2401 publicani
3257 2332 3403 2386 idem
3438 2331 3523 2386 [α-

1943 2419 2126 2473 ciunt?
2157 2438 2174 2470 ι
2210 2419 2586 2490 Trepidemus,
2609 2424 2751 2492 quod
2783 2437 2964 2492 neque
2997 2421 3303 2491 publicanis
3329 2437 3522 2479 sumus

1942 2513 2209 2579 aequales;
2244 2515 2337 2568 sed
2366 2523 2612 2568 amantes
2638 2514 2791 2582 ipsos
2845 2513 2980 2582 odio,
3004 2513 3293 2568 habemus.

2014 2600 2178 2656 Vens.
2211 2603 2302 2667 47,
2347 2601 2436 2658 48.
2483 2622 2500 2655 ι
2536 2601 2604 2657 Et
2657 2581 2702 2656 si
2737 2581 3036 2658 dilexeriiis
3063 2603 3273 2657 amicos
3305 2598 3521 2660 vestros

1946 2701 2179 2757 tantum,
2211 2693 2336 2762 quid
2382 2693 2615 2763 amplius
2661 2691 2882 2749 facitis?
2925 2707 3107 2749 nrnne
3153 2701 3206 2747 ct
3241 2693 3518 2763 publicani

1943 2781 2022 2834 sic
2057 2780 2298 2834 faciunt?
2359 2779 2524 2835 Erilis
2564 2781 2728 2850 igitur
2765 2796 2858 2836 vos
2893 2779 3140 2852 perfecti,
3184 2783 3326 2837 sicut
3354 2781 3522 2838 Pater

1943 2878 2122 2923 vester
2157 2871 2246 2939 qui
2280 2870 2331 2924 in
2357 2870 2512 2925 caelis
2547 2879 2652 2936 est,
2682 2869 2952 2938 perfectus
2985 2880 3088 2926 est.
3134 2890 3151 2922 ι
3181 2869 3316 2925 Nam
3341 2872 3519 2928 homi-

1945 2976 2069 3013 num
2087 2959 2222 3016 alios
2245 2962 2488 3031 diligere,
2521 2961 2658 3016 alios
2685 2961 2808 3017 odio
2832 2961 3056 3026 habere,
3079 2962 3516 3031 imperiectorum

1942 3058 2023 3103 est
2059 3067 2074 3105 :
2110 3065 2297 3107 on'ntes
2323 3061 2500 3107 autem
2533 3051 2780 3121 diligere,
2811 3052 3199 3122 perfectorum.

2543 3186 2774 3243 CAPUT
2813 3187 2901 3243 VI.

1943 3321 2017 3377 De
2063 3303 2414 3393 eleemosyua,
2454 3323 2692 3376 oratione
2734 3323 3040 3404 et‘jejmtt'o.
3097 3323 3174 3377 De
3219 3337 3515 3397 cattfemptu

2633 3399 2839 3446 mundi.

2015 3505 2172 3563 Vens.
2208 3506 2258 3560 I.
2305 3523 2324 3558 ι
2365 3505 2643 3562 Attendite
2702 3522 2767 3561 ne
2822 3505 3220 3581 eleemosynam
3276 3518 3514 3568 vestram

1937 3600 2154 3655 faciatis
2215 3612 2399 3652 coram
2459 3597 2770 3652 hominibus
2817 3607 2873 3652 ut
2927 3597 3218 3653 videamini
3273 3601 3342 3654 ab
3384 3602 3514 3666 illis,

1933 3692 2136 3760 alioqui
2165 3688 2468 3744 mercedem
2495 3704 2598 3743 non
2625 3688 2840 3744 habetis
2862 3689 3001 3755 apud
3018 3687 3236 3743 Patrem
3276 3700 3514 3747 vestrum

1932 3787 2025 3856 qui
2063 3793 2146 3839 est
2190 3784 2241 3838 iu
2271 3783 2446 3838 cmlis.
2493 3801 2512 3835 ι
2565 3782 2860 3853 Postquam
2902 3782 2967 3836 ad
3023 3798 3292 3837 mmmam
3344 3784 3515 3840 virtu-

1941 3889 2052 3931 tum
2083 3877 2402 3931 charitatem
2457 3876 2628 3941 duxit,
2663 3889 2804 3929 nunc
2833 3874 2972 3929 tollit
3013 3875 3228 3929 inanem
3262 3876 3514 3945 gloriam,

1934 3985 2054 4039 quae
2094 3969 2246 4038 sequi
2307 3967 2444 4022 solet
2476 3968 2615 4022 bene
2662 3976 2970 4036 operantes.
3011 3965 3144 4022 Vide
3172 3977 3351 4022 autem
3385 3970 3516 4039 quid

1935 4060 2081 4115 dicat
2115 4058 2457 4122 :Attendite,
2513 4057 2711 4127 inquit,
2742 4066 2797 4111 et
2847 4068 3067 4125 cavete;
3098 4063 3253 4130 quasi
3307 4062 3376 4118 de
3408 4065 3512 4118 ali-

1934 4165 2040 4220 qua
2103 4147 2238 4202 mala
2289 4148 2462 4201 bestia
2517 4148 2681 4212 dicat,
2744 4149 2963 4203 attende
3019 4165 3086 4204 ne
3131 4160 3183 4205 te
3227 4150 3511 4211 dilacerct.

1935 4241 2106 4295 Porro
2149 4241 2274 4295 licet
2307 4255 2490 4294 coram
2545 4240 2858 4294 hominibus
2888 4241 3290 4312 eleemosynam
3319 4243 3513 4311 facias,

1935 4349 2039 4389 non
2093 4344 2272 4388 tamen
2327 4332 2449 4387 ideo
2497 4331 2630 4387 facis
2682 4341 2742 4386 ut
2772 4333 3009 4386 videaris
3063 4334 3131 4386 ab
3177 4335 3512 4395 hominibus,

1937 4442 2041 4480 non
2077 4424 2480 4480 condemnaris.
2531 4425 2626 4478 Sin
2662 4434 2843 4479 autem
2878 4439 3029 4477 vana:
3072 4425 3258 4493 glome
3286 4440 3511 4493 scopum

1937 4518 2294 4587 spectaveris,
2365 4515 2579 4570 etiamsi
2624 4516 2676 4569 in
2731 4517 3103 4585 penetralibus
3151 4522 3511 4587 promptuarii

1941 4612 2014 4664 .ui
2065 4609 2283 4674 feceris,
2360 4607 2759 4662 condemnaris.
2821 4607 3163 4661 Voluntatem
3219 4609 3364 4662 enim
3427 4613 3509 4665 vel

1938 4709 2161 4757 coronat
2195 4700 2276 4756 vel
2313 4699 2464 4770 punit
2488 4699 2648 4755 Deus.

2014 4794 2173 4848 Vens.
2195 4792 2250 4847 2.
2285 4810 2303 4842 ι
2328 4791 2510 4860 Itaque
2531 4806 2656 4845 cum
2688 4789 2823 4846 facis
2850 4790 3274 4863 eleemosynam,
3307 4797 3510 4851 netuha

1937 4896 2161 4941 canatur
2184 4884 2288 4956 31
2354 4893 2478 4938 ante
2544 4892 2616 4948 te,
2678 4883 2820 4937 sicut
2866 4883 3164 4954 hypocrita:
3216 4885 3423 4942 faciunt
3454 4890 3508 4942 in

1937 4979 2225 5050 synagogis
2263 4985 2318 5031 et
2353 4976 2404 5029 in
2442 4976 2599 5038 vicis,
2628 4983 2687 5029 ut
2734 4976 3109 5044 gloriﬁcentur
3159 4977 3227 5031 ab
3273 4978 3510 5034 homini-

1936 5072 2053 5125 bus.
2095 5087 2114 5121 ι
2152 5066 2270 5122 Non
2301 5066 2454 5122 tubas
2488 5067 2758 5122 habebant
2789 5066 3104 5136 hypocrita,
3147 5069 3239 5123 sed
3271 5070 3507 5128 animum

1936 5176 2124 5218 eorum
2155 5160 2363 5216 deridet
2403 5159 2504 5214 hoc
2531 5158 2672 5226 loco,
2721 5159 2862 5229 quod
2915 5159 3317 5231 eleemosynam
3350 5178 3507 5220 suam

1935 5249 2188 5306 volebant
2218 5246 2502 5303 celebrari.
2549 5247 2856 5318 Hypocritat
2884 5257 3033 5314 sunt,
3090 5249 3183 5316 qui
3236 5250 3328 5304 alii
3364 5261 3510 5319 sunt,

1936 5345 2024 5397 alii
2053 5349 2314 5412 apparent
2361 5358 2375 5395 :
2421 5348 2476 5395 et
2525 5340 2905 5396 misericordes
2960 5341 3179 5412 quidem
3233 5342 3510 5412 videntur,

1936 5431 2025 5485 alii
2054 5441 2234 5486 autem
2277 5439 2423 5484 sunt.
2477 5447 2497 5481 ι
2526 5431 2697 5484 Amen
2733 5431 2854 5485 dico
2894 5430 3081 5496 vobis,
3123 5430 3266 5501 quod
3309 5432 3514 5491 habent

1937 5521 2244 5576 mercedem
2295 5534 2470 5574 suam.
2533 5539 2553 5572 ›
2606 5518 2742 5575 Cum
2783 5519 3074 5576 laudantur
3113 5521 3283 5588 enim,
3341 5532 3511 5580 totum

1937 5621 2262 5682 acceperunt
2297 5613 2364 5667 ab
2399 5613 2731 5669 hominibus.

2004 5841 2171 5896 Vens.
2207 5840 2262 5897 5.
2299 5857 2316 5891 ‹
2346 5838 2422 5895 Te
2453 5848 2630 5894 autem
2666 5839 2898 5910 faciente
2924 5841 3345 5913 eleemosynam,
3410 5859 3510 5901 ne-

1935 5935 2070 5986 sciat
2102 5931 2321 5984 sinistra
2356 5938 2443 5982 tua
2473 5928 2601 5997 quid
2637 5929 2797 5982 faciat
2823 5929 3044 5982 dextera
3081 5939 3189 5984 tua.
3225 5950 3244 5983 ι
3284 5934 3382 5988 Per
3404 5934 3509 6004 by.

1939 6021 2210 6093 pt‘rlloIch
2242 6024 2339 6078 hoc
2369 6019 2521 6086 dicit,
2547 6022 2698 6088 quasi
2719 6021 2943 6085 dieeret,
2972 6021 3016 6072 si
3043 6025 3312 6090 possibiIC,
3344 6027 3506 6080 etiam

3078 6137 3114 6186 η
