4034 6596
543 492 650 558 203

1404 472 1984 538 ΤΠΕΟΙἮΥΙΛΟΤΙ
2026 467 2435 530 BULGARLE
2477 466 2831 527 ARCIIIEP.

3679 443 3802 522 ’204

546 605 775 673 teipsnm
837 597 1068 668 ignores.
1132 589 1225 642 Vel
1286 586 1448 642 etiam
1522 586 1703 650 aliter,
1763 582 1993 637 Sinistra
2035 589 2118 640 est

2247 579 2292 632 Π
2318 577 2410 631 καὶ
2440 575 2616 639 ἄλλως
2639 591 2652 607 ·
2680 574 2966 646 ἀριστερᾲ,
2998 567 3347 641 ἡκενοδοξία*
3382 565 3557 630 δεξιὰ.
3581 566 3614 634 ἡ
3642 564 3801 632 ἐλεη-

548 695 726 753 inanis
785 690 977 762 gloria,
1051 684 1243 738 dextra
1311 694 1441 736 vero
1497 678 1865 745 eleernosyna,
1917 673 2122 729 nesciat

550 791 714 860 igitur
741 784 1140 851 eleemosynam
1165 773 1342 831 inanis
1365 769 1562 843 gloria.

620 881 782 934 Vens.
813 875 867 930 ι.
908 891 926 926 ι
968 865 1510 932 Utsiteleemosyna
1566 871 1654 916 tna
1710 861 1766 915 in
1819 856 2024 920 abdito,
2071 862 2124 907 et

548 971 710 1026 Pater
743 979 868 1023 tuus
901 962 992 1033 qui
1024 962 1167 1015 videt
1203 958 1256 1012 in
1315 955 1522 1016 abdito.
1561 952 1748 1006 reddet
1777 950 1873 1004 tibi
1923 949 1973 1000 in
2013 962 2126 998 ma-

552 1062 772 1118 nifesto.
823 1077 842 1110 ι
882 1051 1148 1123 Quando?
1189 1048 1343 1102 Tunc
1391 1061 1512 1101 cum
1560 1043 1704 1104 nuda
1753 1051 1807 1095 et
1841 1036 2123 1093 manifesta

547 1155 726 1210 omnia
756 1158 935 1210 erunt.
967 1155 1024 1204 et
1046 1154 1174 1200 tune
1201 1142 1372 1212 magis
1397 1134 1790 1205 gloriﬁcabere.

621 1327 788 1382 Vens.
832 1325 885 1380 5.
921 1342 939 1374 t
985 1321 1048 1375 Et
1075 1319 1292 1391 quando
1315 1328 1462 1380 oras,
1492 1327 1597 1366 non
1624 1310 1735 1364 eris
1761 1305 2127 1378 quemadmo-

552 1424 676 1475 dum
722 1416 1041 1489 hypocritaa.
1080 1411 1168 1480 qui
1205 1416 1391 1463 amant
1451 1407 1503 1460 in
1555 1401 1935 1459 conciliabulis
1967 1407 2022 1453 et
2076 1397 2128 1450 in

552 1509 764 1580 angulis
811 1508 1106 1577 platearum
1153 1509 1360 1556 stantes
1393 1511 1574 1561 orare,
1615 1503 1674 1548 ut
1717 1490 1994 1562 conspicui
2023 1489 2132 1543 sint

551 1600 882 1658 hominibus.
899 1598 1070 1651 Amen
1097 1596 1219 1648 dico
1244 1592 1415 1655 vobis,
1439 1589 1582 1659 quod
1607 1586 1810 1641 habent
1828 1581 2130 1638 mercedem

555 1707 733 1750 snam.
780 1711 798 1745 υ
834 1689 1160 1761 Hypocritas
1190 1692 1243 1738 et
1278 1682 1415 1736 istos
1448 1679 1714 1742 nominat,
1771 1675 1852 1729 uti
1911 1688 2007 1728 eos
2039 1671 2130 1742 qui

553 1789 804 1841 videntur
824 1783 1042 1854 quidem
1059 1777 1338 1833 attendere
1369 1773 1435 1827 ad
1462 1772 1653 1835 Deum,
1682 1768 1776 1823 sed
1801 1769 1867 1822 ad
1890 1767 2136 1820 homines

556 1878 726 1948 magis
761 1874 1070 1934 attendunt,
1110 1885 1138 1922 a
1172 1868 1369 1940 quibus
1423 1865 1643 1929 habent,
1680 1862 1785 1916 hoc
1845 1866 1949 1922 est,
1988 1857 2131 1912 acci-

554 1971 710 2042 piunt
742 1967 1043 2022 mercedem
1071 1977 1244 2018 suam.

629 2060 794 2115 Vens.
819 2058 873 2111 6.
927 2075 944 2106 ι
981 2052 1062 2107 Tu
1097 2059 1302 2116 autem,
1330 2047 1545 2118 quando
1578 2060 1730 2107 oras.
1763 2043 2046 2116 ingredere
2077 2038 2131 2094 itt

557 2148 862 2205 eubicnlnm
897 2156 1072 2206 tuum,
1106 2150 1162 2196 et
1211 2139 1392 2194 clausa
1423 2137 1591 2207 ianua
1640 2146 1728 2188 tua
1769 2147 1863 2186 ora
1917 2131 2131 2186 Patrem

562 2254 710 2295 tnnm
746 2240 798 2292 in
837 2235 1176 2298 abscondito,
1212 2241 1266 2287 et
1294 2230 1458 2285 Pater
1477 2239 1601 2282 tuus
1624 2227 1714 2296 qui
1744 2226 1890 2279 videt
1925 2224 1976 2277 in
2007 2223 2138 2275 abs-

567 2329 810 2391 rondito,
864 2325 1054 2382 reddet
1087 2324 1182 2378 tibi
1235 2323 1289 2376 in
1327 2318 1634 2374 manifesto.
1680 2336 1698 2369 ο
1750 2314 1887 2384 Quid
1934 2311 2135 2382 igitur?

553 2407 614 2474 ἰιι
647 2418 878 2474 ecclesia
905 2431 1009 2470 non
1039 2411 1246 2469 orabo?
1276 2409 1535 2474 Omnino,
1589 2408 1684 2463 sed
1733 2415 1881 2460 recto
1931 2403 2134 2463 animo,

561 2523 615 2564 et
637 2509 774 2564 citra
797 2507 1244 2562 ostentationem.
1296 2501 1470 2556 Locus
1497 2499 1640 2554 enim
1675 2512 1779 2551 non
1829 2505 2009 2556 nocet,
2043 2493 2135 2547 scd

476 2623 485 2631 ·
567 2601 761 2654 modus
791 2609 844 2654 et
875 2596 1126 2653 intentio.
1166 2593 1316 2648 Multi
1340 2592 1484 2647 enim
1513 2593 1676 2645 etiam
1723 2590 1776 2642 in
1813 2587 2138 2641 abscondito

564 2698 804 2755 orantes,
831 2690 933 2744 hoc
961 2695 1018 2741 ut
1048 2684 1359 2740 horninibus
1388 2681 1634 2752 placeant
1670 2678 1900 2735 faciunt.

630 2869 804 2926 Vens.
841 2867 894 2921 7.
928 2883 946 2918 ι
979 2864 1212 2922 Orantes
1268 2871 1475 2925 autem,
1532 2873 1598 2914 ne
1641 2859 1760 2913 sitis
1791 2855 2046 2924 battalogi
2086 2857 2138 2907 itt

570 2965 827 3036 precibus
848 2960 1072 3023 vestris,
1105 2958 1245 3012 sicut
1275 2953 1502 3010 ethnici.
1530 2971 1548 3004 ι
1608 2949 1904 3020 Battalogia
1931 2960 2010 3003 est
2041 2965 2140 3002 nu-

570 3058 796 3126 gacitas,
827 3064 881 3108 ut
909 3051 1138 3120 exempli
1166 3048 1363 3119 gratia,
1394 3055 1578 3114 petere
1608 3043 1809 3112 aliquid
1844 3055 2140 3105 terrenum,

568 3145 820 3218 gloriam,
872 3142 1116 3205 divitias,
1170 3140 1477 3192 victoriam.
1543 3133 1905 3188 Battarisntus
1962 3139 2143 3183 antem

569 3249 653 3295 est
681 3233 1028 3292 lnarticnlata
1056 3247 1184 3296 vos,
1219 3227 1394 3299 qualis
1423 3236 1506 3282 est
1536 3240 1824 3295 puerorum
1851 3239 1867 3281 ς
1903 3232 1957 3277 tu
1981 3223 2146 3293 igitur

571 3344 638 3385 ne
665 3341 843 3396 nugax
865 3334 920 3380 et
954 3322 1309 3391 multiloqnus
1341 3319 1438 3375 sis.
1471 3337 1489 3369 ι
1527 3317 1888 3372 Putantenim
1921 3314 2064 3386 qnod
2091 3315 2143 3369 in

571 3417 910 3488 multiloquio
965 3427 1066 3469 suo
1120 3413 1547 3466 exaudiantur.»
1609 3406 1724 3461 Non
1784 3415 1913 3461 sunt
1970 3404 2147 3476 longa:

572 3524 764 3580 preces
817 3505 1094 3569 faciendae,
1155 3504 1250 3559 scd
1305 3505 1499 3559 breves
1533 3499 1757 3572 quidem
1809 3507 1864 3554 et
1918 3501 2144 3563 crebra,

572 3608 785 3672 oportet
810 3599 953 3653 enim
987 3611 1155 3667 pauca
1206 3595 1492 3665 loquentes
1540 3605 1891 3663 perseverare
1927 3590 1980 3644 in
2019 3605 2146 3659 pre-

573 3695 747 3748 cibus.

643 3783 805 3840 Vtuts.
831 3783 886 3839 8.
933 3801 952 3836 ι
993 3781 1069 3838 Ne
1101 3783 1265 3852 igitur
1292 3779 1670 3835 assimileniini
1697 3778 1815 3845 eis;
1848 3779 1952 3834 scit
2003 3777 2147 3833 enim

578 3877 738 3932 Pater
775 3885 956 3930 vester
987 3873 1181 3944 quibus
1223 3873 1498 3942 indigetis,
1533 3881 1822 3944 antequam
1855 3871 2049 3940 petatis
2081 3869 2150 3922 ab

573 3969 686 4024 illo.
729 3987 748 4019 ι
781 3963 896 4022 Non
927 3967 1070 4020 enim
1097 3973 1153 4019 ut
1182 3963 1500 4028 doceamus,
1533 3937 1806 4032 petimus:
1841 3937 1935 4016 sed
1970 3972 2027 4016 ut
2053 3975 2150 4016 nos

575 4077 604 4115 a
639 4058 1025 4128 temporalibus
1049 4069 1102 4112 et
1146 4056 1501 4110 smeularibus
1562 4056 1708 4108 curis
1741 4053 2146 4117 abstraltamus,

575 4163 630 4206 et
680 4151 853 4204 otiose
900 4157 954 4204 et
1005 4161 1197 4216 tnagna
1246 4161 1370 4200 cum
1405 4144 1634 4200 utilitate
1683 4160 1806 4199 cum
1864 4158 1930 4198 eo
1980 4143 2148 4198 collo-

576 4259 828 4312 quantur.

649 4333 812 4387 Vsus.
851 4333 904 4387 9.
943 4351 961 4383 ι
1003 4330 1095 4386 Sic
1151 4331 1315 4402 igitur
1352 4339 1506 4384 orate
1543 4344 1637 4384 vos
1669 4347 1682 4382 :
1735 4328 1894 4384 Pater
1939 4339 2146 4394 noster,

575 4427 668 4495 qui
720 4439 778 4478 es
831 4425 882 4477 in
919 4425 1092 4477 uelis.
1134 4441 1152 4473 ι
1215 4423 1372 4474 Aliud
1404 4431 1489 4476 est
1521 4432 1722 4486 votum,
1773 4422 1916 4475 aliud
1948 4423 2145 4476 oratio.

584 4515 770 4571 \‘otntn
804 4518 947 4570 enim
983 4525 1066 4570 est
1106 4515 1394 4584 promissio
1440 4527 1623 4568 coram
1675 4512 1808 4577 Deo,
1841 4522 1898 4565 ut
1931 4514 2149 4581 quando

580 4609 842 4679 promittit
869 4610 991 4678 quis
1034 4623 1091 4662 se
1123 4608 1400 4661 abstinere
1430 4620 1458 4659 a
1487 4605 1638 4669 vino,
1666 4605 1746 4659 vel
1775 4603 1879 4658 alia
1915 4605 2148 4673 quadam

584 4718 640 4754 re
685 4718 698 4752 :
757 4702 932 4753 oratio
964 4711 1143 4753 autem
1173 4699 1360 4765 petitio
1391 4698 1682 4750 bonorum.
1728 4694 1925 4748 Dieens
1971 4705 2150 4746 autem

584 4796 766 4853 t'ater,
801 4791 1036 4844 ostendit
1071 4790 1162 4841 tibi
1199 4798 1397 4855 quanta
1431 4789 1566 4842 bona
1603 4788 1678 4840 sis
1731 4794 2029 4850 assecutus,
2073 4783 2153 4838 la-

587 4892 707 4937 ttns
743 4882 885 4934 ﬁlius
909 4878 1024 4933 Dei.
1053 4878 1117 4931 Et
1151 4881 1272 4932 dum
1302 4878 1456 4942 dicit,
1491 4879 1545 4930 ltt
1576 4878 1753 4942 caelis,
1786 4877 2022 4931 ostendit
2055 4877 2151 4930 tibi

581 4978 808 5046 patriam
847 4985 991 5028 tnant
1045 4985 1101 5028 et
1156 4974 1374 5027 domum
1429 4982 1728 5041 paternam.
1792 4971 1927 5026 ﬁam
1971 4972 2014 5026 si
2073 4972 2152 5027 vis

588 5072 784 5122 habere
811 5066 1022 5119 Patrem
1059 5067 1248 5127 Deum,
1280 5065 1331 5118 itt
1373 5063 1481 5134 32
1513 5065 1681 5119 ccelos
1721 5072 1928 5133 specta,
1966 5073 2020 5119 et
2049 5079 2168 5123 non_

585 5163 638 5213 in
683 5169 901 5212 terram.
934 5157 1049 5212 Non
1094 5157 1229 5211 dicis
1265 5165 1466 5221 autem,
1500 5155 1664 5209 Pater
1720 5171 1892 5218 meus,
1932 5153 2027 5209 sed
2061 5155 2156 5210 Pa-

589 5263 672 5305 ter
717 5257 923 5312 noster,
981 5259 1037 5301 ut
1081 5262 1272 5302 omnes
1319 5248 1472 5318 quasi
1533 5246 1728 5302 fratres
1783 5249 1941 5303 unius
1986 5249 2156 5318 patris

589 5340 810 5395 habeas.
873 5357 891 5390 t
928 5337 1313 5393 Sanctiﬁcetur
1353 5353 1547 5394 nomen
1593 5349 1766 5393 tuutn.
1805 5358 1823 5390 ι
1886 5339 1998 5395 lloc
2049 5351 2155 5407 est,

584 5433 747 5488 facito
777 5448 877 5487 nos
915 5441 1155 5496 sanctos,
1191 5441 1250 5486 ut
1296 5441 1349 5487 et
1384 5443 1437 5485 tu
1501 5447 1596 5502 per
1649 5447 1751 5487 nos
1814 5432 2151 5500 gloriﬁceris.

586 5526 736 5580 Sicut
763 5525 908 5579 enim
955 5525 1362 5594 blasphematur
1404 5535 1625 5594 propter
1653 5539 1759 5591 me,
1803 5527 1873 5578 ita
1933 5534 1985 5579 et
2028 5540 2155 5579 san-

588 5617 858 5671 etiileatur
891 5627 1112 5687 propter
1164 5631 1250 5672 me
1312 5617 1455 5672 Deus
1500 5635 1510 5668 ε
1557 5618 1657 5672 hoc
1703 5628 1807 5681 est,
1850 5627 1906 5669 ut
1937 5630 2157 5672 sanctus

589 5711 941 5777 gloriﬁcatur.

661 5798 819 5853 Vens.
855 5801 940 5852 10.
976 5816 994 5850 ι
1031 5799 1297 5853 adveniat
1343 5815 1566 5870 regnum
1610 5812 1778 5855 tuum.
1821 5821 1838 5854 ›
1875 5801 2157 5859 Secundus

586 5889 789 5944 scilicet
812 5888 1074 5946 adventus
1106 5907 1118 5956 ;
1147 5906 1288 5958 nam,
1313 5890 1480 5947 frctus
1503 5897 1637 5948 bona
1668 5895 2018 5961 conscientia,
2041 5912 2160 5966 prc-

2226 672 2454 742 μοσύνη·
2495 670 2569 740 μὴ
2593 668 2911 737 γινωσκέτω
2929 661 3023 719 οῦν
3054 666 3088 734 ἡ
3121 659 3394 726 κενοδοξία
3421 659 3522 729 τὴν
3570 657 3803 726 ἐλεημο-

2227 764 2414 836 σύνην.

2303 875 2322 908 ι
2352 835 2555 916 νὈπως
2593 848 2626 927 ᾖ
2657 869 2751 905 σου
2780 853 2812 922 ἠ
2848 847 3184 919 ἐλεημοσύνη
3227 848 3284 899 tv
3317 844 3394 911 τῷ
3428 837 3684 910 κρυπτῷ.
3712 835 3811 889 καὶ

2224 952 2252 1002 6
2287 950 2477 1018 Πατήρ
2518 964 2612 1000 σου
2666 948 2694 998 6
2725 944 2937 1014 βλέπων
2971 943 3029 993 tv
3065 938 3143 1006 τῷ
3174 953 3425 1006 κρυπτῳ,
3465 928 3630 989 αὐτὸς
3675 929 3787 982 ἀπο

2225 1038 2386 1094 δὼσιι
2420 1055 2503 1091 σοι
2534 1039 2593 1090 tv
2636 1036 2714 1107 τῷ
2748 1033 2987 1105 φανερῷ.
3027 1050 3047 1083 ι
3105 1030 3278 1092 Πότες
3311 1026 3443 1079 Ὀτε
3498 1021 3681 1090 γυμνὰ
3715 1018 3813 1071 καὶ

2227 1130 2440 1200 φανερὰ
2495 1131 2672 1183 πάντα
2730 1126 3115 1192 παρίστανται,
3175 1120 3267 1174 καὶ
3320 1118 3444 1171 τότε
3501 1111 3815 1180 δοξασθήσῃ

2231 1225 2456 1297 μᾶλλον.

2303 1335 2322 1368 ι
2354 1316 2463 1369 Καὶ
2476 1315 2606 1368 ὅταν
2632 1312 2928 1383 προσεύχῃ,
2952 1309 3051 1362 οὐκ
3080 1305 3177 1375 έσῃ
3200 1303 3391 1372 ὥσπερ
3411 1301 3461 1354 oi
3491 1293 3814 1366 ὑποκριταὶ,

2229 1410 2312 1464 δτι
2343 1407 2588 1478 φιλοῦσιν
2635 1407 2694 1458 tv
2747 1409 2866 1467 ταῖς
2899 1400 3246 1470 συναγωγαῖς
3300 1396 3395 1449 καὶ
3443 1395 3503 1446 tv
3531 1392 3673 1478 sui;
3705 1404 3820 1455 γω-

2233 1475 2375 1564 νίαις
2400 1501 2509 1554 τῶν
2541 1497 2815 1551 πλατειῶν
2848 1495 3082 1557 ἑστῶτες
3107 1475 3540 1562 προσεύχεσθαι,
3562 1483 3714 1544 ὅπως
3748 1478 3818 1532 ἂν

2234 1594 2444 1665 φανῶσι
2472 1595 2582 1656 τοῖς
2611 1590 2944 1662 ἀνθρώποις.
2999 1586 3170 1657 ’Δμὴν
3203 1584 3347 1651 λέγω
3394 1581 3545 1649 ὑμῖν,
3575 1577 3658 1629 ὅτι
3684 1573 3820 1626 ἁπέ-

2234 1703 2387 1757 χουσι
2414 1686 2504 1738 τὸν
2535 1683 2726 1754 μισθὸν
2754 1680 2955 1735 αὐτῶν.
3001 1699 3020 1733 ι
3067 1673 3399 1746 Ὑποκριτὰς
3457 1670 3553 1722 καὶ
3592 1666 3822 1726 τούτους

2233 1755 2510 1850 όνομάζει,
2543 1780 2618 1841 ὡς
2643 1775 2939 1837 δοκοῦντας
2971 1772 3072 1843 μιν
3101 1767 3220 1838 Θεῷ
3251 1763 3570 1838 προσέχειν,
3605 1755 3822 1828 ἀνθρὼ-

2236 1889 2357 1936 ποις
2388 1872 2446 1924 δὲ
2469 1871 2834 1942 προσέχοντας
2867 1883 2882 1897 ο
2920 1865 3052 1937 παρ’
3081 1857 3157 1917 ῶν
3193 1861 3487 1930 ἀπέχουσι,
3517 1850 3822 1913 τουτέστιν,

2163 1947 2205 2006 Β
2235 1964 2682 2034 ἀπολαμβάνουσι
2712 1960 2802 2013 τὸν
2839 1957 3027 2030 μισθὸν
3056 1953 3254 2009 αὐτῶν.

2313 2077 2332 2110 ι
2374 2058 2444 2110 Σὺ
2492 2055 2549 2109 δὲ
2579 2055 2707 2107 ὅταν
2747 2050 3052 2122 προσεύχῃ,
3107 2044 3316 2099 εἴσελθε
3350 2044 3433 2106 είς
3472 2042 3534 2095 τδ
3591 2040 3825 2112 ταμεῖόν

2239 2167 2356 2214 σου,
2399 2148 2495 2201 καὶ
2529 2145 2746 2207 κλείσας
2774 2143 2872 2214 τὴν
2901 2141 3073 2212 θύραν
3105 2156 3222 2204 σου,
3251 2136 3549 2206 πρόσευξαι
3598 2134 3678 2203 τῷ
3707 2135 3823 2186 Παο

2236 2241 2326 2310 τρί
2349 2256 2441 2292 σου
2473 2238 2552 2308 τῷ
2574 2239 2632 2291 ὲν
2654 2235 2731 2306 τῷ
2753 2233 3001 2305 κρυπτῷ,
3027 2232 3121 2285 καὶ
3146 2231 3174 2283 6
3200 2230 3392 2300 Πατήρ
3427 2245 3523 2282 σου
3547 2228 3576 2280 6
3606 2225 3824 2298 βλέπων

2237 2336 2296 2386 tv
2329 2332 2407 2403 τῷ
2456 2328 2707 2401 κρυπτῷ,
2758 2324 3035 2380 ἀποδώσει
3075 2339 3155 2374 σοι
3204 2322 3264 2375 έν
3295 2320 3373 2391 τῷ
3407 2318 3654 2389 φανερῷ.
3689 2337 3708 2367 ι
3756 2317 3827 2368 Τί

2238 2426 2362 2491 οὖν,
2392 2427 2450 2478 tv
2486 2421 2753 2492 έκκλησίᾳ
2775 2419 2849 2490 μὴ
2878 2416 3301 2488 προσεύξωμαι;
3336 2414 3448 2467 Καὶ
3481 2413 3624 2466 πάνυ
3649 2429 3662 2440 ·
3688 2410 3828 2464 ἀλλὰ

2244 2520 2382 2591 μετὰ
2430 2515 2658 2586 γνώμης
2697 2513 2884 2584 ὀρθῆς,
2923 2510 3021 2564 καὶ
3075 2508 3216 2561 ὥστε
3257 2507 3332 2576 μὴ
3384 2503 3824 2566 ἐπιδείκνυσθαι,

2242 2613 2363 2665 ἐπεὶ
2390 2613 2417 2664 6
2457 2611 2619 2670 τόπος
2649 2607 2710 2658 ού
2747 2606 2998 2674 βλάπτει,
3033 2600 3150 2654 ἁλλ’
3183 2601 3210 2652 6
3255 2596 3454 2669 τρόπος
3497 2597 3590 2648 καὶ
3638 2597 3668 2648 6
3699 2611 3824 2647 σκο-

2243 2706 2362 2768 πός.
2405 2701 2598 2757 Πολλοὶ
2649 2697 2779 2762 γοῦν
2837 2699 2896 2747 έν
2940 2693 3018 2763 τῷ
3071 2690 3299 2763 κρυπτῷ
3344 2690 3653 2760 εὐχόμενοι,
3689 2685 3831 2755 πρὸς

2241 2793 2737 2863 ἀνθρωπαρεσκίαν
2768 2787 2924 2841 τοῦτο
2949 2784 3216 2838 ποιοῦσιν.

2321 2905 2339 2938 ι
2385 2878 2916 2955 Προσευχόμενοιδὲ,
2946 2877 3022 2947 μὴ
3058 2874 3520 2944 βαττο).ογήσητε,
3550 2869 3742 2955 ῶσπερ
3776 2867 3832 2919 οι

2245 2954 2470 3026 ἐθνικοί.
2508 2988 2526 3020 ι
2588 2967 2921 3034 Βαττολογία
2981 2965 3131 3017 ἐστὶν
3191 2964 3224 3032 ἡ
3257 2961 3497 3030 φλυαρία
3525 2975 3540 2990 ·
3581 2954 3715 3018 οἷον,
3767 2957 3832 3010 τὸ

2247 3066 2418 3117 αίτεῖν
2451 3078 2502 3114 τι
2543 3061 2650 3112 τῶν
2685 3060 2909 3128 γηΐνων,
2942 3054 3124 3120 δόξαν,
3159 3051 3414 3114 πλοῦτον,
3471 3051 3653 3121 νίκην.
3689 3050 3831 3102 Βατ-

2246 3153 2513 3225 ταρισμὸς
2541 3153 2596 3206 δέ
2632 3153 2780 3203 ἔστιν
2803 3151 2836 3218 ἡ
2868 3147 3138 3218 ἄναρθρος
3175 3145 3348 3215 φωνὴ,
3376 3144 3452 3204 ὠς
3496 3144 3529 3213 ἡ
3558 3141 3668 3194 τῶν
3705 3158 3837 3193 παι·-

2249 3248 2378 3300 δίων
2405 3262 2420 3277 ⁸
2449 3247 2513 3298 σὺ
2537 3247 2718 3298 τοίνυν
2751 3243 2825 3312 μὴ
2855 3241 3096 3310 φλύαρος
3130 3241 3242 3292 tuo.
3285 3235 3516 3290 Δοκοῦσι
3565 3236 3700 3304 γὰρ,
3746 3233 3836 3286 δτι

2250 3340 2307 3391 tv
2368 3340 2436 3406 τῇ
2472 3334 2770 3403 πολυλογίᾳ.
2805 3333 2984 3386 αὐτῶν
3015 3329 3564 3398 εἰσακουσθήσονται.
3621 3325 3699 3381 Οὐ
3750 3323 3839 3377 δεῖ

2253 3429 2473 3500 μακρὰς
2516 3427 2789 3480 ποιεῖσθαι
2828 3425 2927 3488 τὰς
2986 3424 3175 3493 εύχας,
3219 3421 3356 3475 ἀλλὰ
3411 3417 3682 3491 βραχείας
3711 3415 3835 3488 μὲν,

2251 3523 2512 3591 συχνάκις
2558 3519 2636 3584 δὲ,
2679 3519 2773 3573 καὶ
2813 3517 2970 3585 ὀλίγα
3006 3514 3434 3588 ᾳθεγγομένους,
3482 3525 3842 3584 προσκαρτε-

2253 3619 2366 3686 ρεῖν
2393 3618 2458 3686 τῇ
2490 3617 2647 3684 εὐχῇ.

2329 3811 2347 3843 ι
2382 3792 2472 3862 Μὴ
2517 3791 2609 3845 οῦν
2638 3791 2940 3861 ὁμοιωθῆτε
2998 3791 3205 3855 αὐτοῖς,
3249 3785 3359 3844 οἶδε
3401 3789 3513 3857 γὰρ
3564 3790 3594 3842 6
3645 3787 3840 3857 Πατὴρ

2254 3884 2407 3953 ὑμῶν
2422 3878 2496 3936 ὧν
2523 3885 2713 3954 χρείαν
2735 3892 2885 3953 εχετε
2912 3883 3016 3955 πρὸ
3045 3882 3140 3936 τοῦ
3171 3884 3315 3953 ὑμᾶς
3349 3882 3571 3950 αίτῆσαι
3595 3880 3780 3934 αὐτόν.
3816 3899 3835 3930 ι

2254 3976 2329 4029 Οὐ
2381 3976 2488 4045 γὰρ
2533 3976 2620 4030 ἵνα
2653 3976 2951 4046 διδάξωμεν
2992 3974 3276 4045 αἰτοῦμεν,
3309 3971 3426 4026 ἀλλ’
3461 3973 3553 4026 ῖνα
3602 3971 3835 4034 ἑαυτοὺς

2253 4067 2728 4138 ἁπασχολὴσαντες
2767 4068 2877 4122 τῶν
2936 4067 3230 4138 βιωτικῶν,
3283 4064 3667 4136 ὠφεληθῶμεν
3714 4065 3840 4132 ὀμιο

2253 4157 2472 4222 λοῦντες
2500 4158 2668 4229 αὐτῷ.

2328 4357 2344 4387 ι
2385 4336 2570 4399 υῦτως
2592 4334 2684 4388 οῦν
2713 4334 3082 4404 προσεύχεσθε
3116 4334 3272 4403 ὑμεῖς
3308 4348 3322 4359 ·
3361 4331 3547 4398 Πάτερ
3583 4330 3772 4401 ἡμῶν,
3811 4333 3838 4384 ό

2253 4432 2312 4482 ὲν
2341 4432 2449 4492 τοῖς
2471 4430 2735 4497 οὐρανοῖς.
2777 4446 2794 4477 ι
2837 4427 2982 4495 Εύχὴ
3042 4424 3192 4490 ἄλλο,
3229 4425 3323 4476 καὶ
3352 4424 3636 4494 προσευχὴ
3683 4421 3836 4477 δλλο.

2253 4524 2401 4592 eam
2430 4523 2529 4587 μὲν
2558 4522 2664 4590 γάρ
2698 4522 2845 4572 ἐστιν
2880 4518 3174 4586 ὑπόσχεσις
3209 4516 3346 4585 πρὸς
3390 4515 3526 4566 θεὸν
3557 4531 3573 4545 ·
3610 4515 3686 4578 ῶς
3712 4516 3842 4566 ὅταν

2184 4647 2230 4703 D
2259 4614 2585 4691 ὑπισχχῆταί
2642 4629 2724 4675 τις
2772 4610 3114 4679 ἀποσχέσθαι
3165 4608 3311 4661 οἴνου
3363 4609 3396 4677 ἢ
3427 4606 3595 4660 ἄλλου
3648 4607 3836 4670 τινός·

2262 4705 2536 4775 προσευχὴ
2585 4704 2663 4762 δὲ,
2715 4701 2936 4769 ἀγαθῶν
2979 4701 3216 4766 αἴτησις.
3304 4699 3486 4768 Πάτερ
3535 4698 3593 4750 δὲ
3646 4697 3840 4761 εἰπὼν,

2257 4792 2494 4845 δείκνυσί
2528 4805 2608 4841 σοι
2641 4790 2799 4841 τίνων
2839 4788 3061 4855 ἀγαθῶν
3095 4787 3355 4858 ἡξιώθης,
3407 4788 3527 4848 uio;
3573 4785 3711 4839 Θεοῦ
3748 4804 3842 4854 γε·

2258 4879 2429 4949 γονώς
2459 4895 2472 4908 ³
2503 4881 2559 4931 tv
2589 4879 2644 4931 δὲ
2678 4878 2755 4947 τῷ
2787 4880 2980 4940 είπεῖν,
3017 4880 3074 4928 tv
3108 4882 3221 4940 τοῖς
3241 4880 3511 4947 οὐρανοῖς,
3549 4878 3719 4944 ἓδειξέ
3759 4895 3844 4929 σοι

2257 4975 2355 5044 τὴν
2383 4974 2617 5044 πατρίδα
2669 4989 2760 5025 σου
2794 4975 2889 5026 καὶ
2941 4970 3031 5024 τὸν
3062 4965 3211 5023 οἶκον
3239 4973 3331 5023 τὸν
3372 4972 3643 5041 πατρικόν
3679 4988 3692 5002 ·
3747 4973 3842 5023 ἐὰν

2259 5067 2368 5135 γὰρ
2400 5064 2556 5136 θέλῃς
2591 5064 2736 5135 ἔχειν
2785 5064 3002 5134 Πατέρα
3028 5064 3118 5116 τὸν
3156 5064 3311 5128 Θεὸν,
3347 5065 3479 5133 πρὶς
3512 5065 3642 5125 τοὺς
3673 5065 3840 5132 ούρα-

2259 5160 2382 5220 νοὺς
2422 5157 2607 5226 βλέπε,
2640 5158 2735 5210 καὶ
2772 5156 2847 5227 μὴ
2910 5157 3046 5227 πρὸς
3089 5156 3228 5225 γῆν·
3267 5156 3328 5207 ού
3359 5156 3539 5223 λέγεις
3602 5155 3682 5220 δὲ,
3731 5155 3843 5209 Πά-

2260 5267 2355 5320 τερ
2382 5266 2506 5318 μου,
2553 5249 2716 5314 ἀλλὰ,
2754 5251 2934 5319 Πάτερ
2958 5248 3134 5317 ἡμῶν,
3160 5247 3234 5311 ῶς
3266 5249 3330 5302 ἂν
3354 5248 3497 5318 ἔχοις
3527 5249 3739 5312 πάντας
3768 5248 3840 5309 ὠ,

2257 5341 2519 5410 ἀδελφοὺς
2547 5341 2662 5402 ἑνὸς
2693 5342 2927 5411 Πατρός.
2964 5359 2982 5392 ι
3023 5341 3369 5410 Ἀγιασθήτω
3387 5345 3446 5394 τὸ
3464 5341 3641 5410 ὄνομα
3669 5357 3786 5396 σου,
3819 5360 3836 5392 i

2259 5435 2543 5497 Τουτέστι,
2572 5432 2803 5503 Ποίησον
2830 5434 2981 5502 ἡμᾶς
3005 5434 3219 5502 ἁγίους,
3249 5434 3337 5487 ῖνα
3374 5436 3472 5486 καὶ
3505 5435 3570 5486 σὺ
3594 5435 3664 5488 δι’
3696 5436 3841 5504 ἡμᾶς

2260 5525 2457 5597 eaeam
2490 5541 2504 5556 ο
2559 5523 2633 5587 ὡς
2686 5525 2793 5596 γὰρ
2824 5523 3225 5596 βλασφημεῖται
3283 5526 3350 5577 δι’
3397 5526 3518 5596 ἐμὲ,
3565 5526 3713 5580 οῦτω
3750 5529 3844 5580 καὶ

2259 5621 2545 5685 ἁγιάζεται
2597 5618 2664 5669 δι’
2718 5618 2816 5689 ἐμὲ
2862 5621 2889 5672 6
2923 5619 3076 5684 Θεὸς,
3115 5621 3415 5683 τουτέστιν,
3453 5619 3530 5685 ὠς
3561 5621 3717 5690 ἅγιος
3759 5623 3845 5676 δε.-

2263 5712 2504 5778 ξαξεται.

2339 5825 2356 5855 ι
2405 5803 2634 5856 Ἐ).οἐτω
2664 5805 2695 5874 ἡ
2721 5804 2966 5874 βασιλεία
2994 5823 3108 5858 σου.
3138 5825 3155 5857 i
3191 5806 3506 5870 Τουτέστιν,
3549 5807 3582 5877 ἡ
3617 5806 3846 5876 δευτέρα

2264 5897 2560 5966 παρουσία·
2601 5897 2628 5947 6
2668 5900 2778 5965 γὰρ
2812 5899 3048 5963 συνειδδς
3077 5899 3214 5968 ἔχων
3249 5900 3835 5968 πεπαῤῥησιασμένον,
