4034 6664
231 683 338 749 9.θῦ

876 677 1329 740 ENARRA'I‘IO
1374 674 1456 737 ΙΝ
1494 668 2003 737 EVANGELIUM
2042 670 2701 734 MA'FTlI:EI.—CAP.
2747 672 2841 733 Vl.

3422 663 3531 729 905

231 797 450 868 εὔχεται
482 792 659 847 ἐλθεῖν
680 792 781 863 τὴν
812 794 1111 847 ἀνάστασιν
1150 793 1245 847 καὶ
1276 782 1379 865 τὴν
1413 789 1620 861 κρίσιν.
1657 808 1675 840 ι
1716 786 1813 840 Γε-

1940 794 2078 839 ratur
2128 796 2183 839 nt
2238 789 2422 841 veniat
2485 785 2816 843 resurrectio
2858 792 2913 839 et
2981 781 3274 853 judicium.
3342 798 3358 829 ι
3402 776 3527 834 Fiat

230 890 449 961 νηθήτω
467 889 530 941 τὸ
564 887 782 959 θέλημά
838 903 931 939 σου
970 886 1047 947 ὡς
1081 886 1140 939 ἐν
1188 885 1406 958 οὐρανῷ
1438 884 1533 938 καὶ
1590 882 1685 936 ἐπὶ
1723 880 1822 951 τῆς

228 984 353 1053 γῆς.
380 981 648 1050 ›“Ωσπερ,
684 980 873 1051 φησὶν,
904 978 954 1031 οἱ
990 979 1219 1048 ἄγγελοι
1242 976 1489 1032 ποιοῦσιν
1518 976 1579 1029 τὸ
1609 971 1824 1045 θέλημά

232 1094 350 1139 σου,
384 1073 530 1128 οὕτω
559 1075 655 1127 καὶ⁸
677 1074 809 1143 ήμίν
832 1072 921 1136 δὸς
952 1076 1131 1125 ποιεῖν
1156 1071 1314 1126 αὑτό.
1588 1106 1589 1109 η

308 1187 327 1218 ι
368 1166 475 1220 Τὸν
506 1164 673 1235 ἄρτον
724 1162 883 1236 ἡμῶν
932 1162 1027 1215 τὸν
1087 1161 1369 1215 ἐπιούσιον
1428 1160 1519 1224 δὸς
1557 1160 1693 1229 ἡμῖν
1727 1157 1827 1229 σή-

231 1275 421 1330 μερον.
467 1276 485 1308 ι
535 1256 871 1321 Ἐπιούσιον,
894 1255 987 1307 τὸν
1016 1253 1111 1307 ἐπὶ⁸
1140 1257 1208 1325 τῇ
1248 1251 1403 1324 οὐσίᾳ
1442 1252 1537 1305 καὶ
1564 1250 1825 1303 συστάσει

225 1350 388 1420 ήμῶν
424 1347 701 1417 αὐτάρκη,
754 1346 919 1414 φησίν
949 1360 964 1375 ⁸
1021 1346 1241 1414 ἀναιρεῖ
1296 1342 1355 1395 δὲ
1406 1344 1507 1414 τὴν
1540 1343 1675 1413 περὶ
1721 1340 1826 1409 τῆς

223 1438 419 1510 αὔριον
441 1438 739 1508 μέριμναν,
770 1439 861 1489 καὶ
888 1438 948 1488 τδ
978 1436 1141 1504 σῶμα
1168 1434 1226 1486 δὲ
1249 1433 1345 1488 τοῦ
1381 1432 1623 1505 Χριστοῦ
1658 1434 1825 1503 ἄρτος

222 1534 376 1585 ἐστὶν
414 1530 691 1593 ἐπιούσιος
721 1545 736 1559 ο
794 1524 856 1584 οὗ
915 1527 1364 1599 μεταλαμὸἀνειν
1432 1526 1825 1597 ἀκατακρίτους

222 1624 524 1696 εὐχόμεθα.

310 1732 328 1763 ‹
374 1712 485 1765 Καὶ
521 1711 659 1779 ἄφες
700 1711 835 1782 ἡμῖν
868 1709 938 1764 τὰ
962 1710 1311 1782 ὀφειλήματα
1355 1710 1538 1781 ήμῶν,
1592 1710 1669 1772 ὡς
1730 1709 1825 1763 καὶ

222 1806 389 1875 ἡμεῖς
426 1802 660 1871 ἀφίεμεν
694 1805 808 1866 τοῖς
845 1803 1158 1872 ὀφειλέταις
1189 1803 1369 1874 ἡμῶν.
1407 1823 1427 1857 ι
1476 1801 1697 1869 Ἐπειδὴ
1729 1804 1824 1855 καὶ

223 1893 366 1966 μετὰ
422 1892 485 1946 τδ
539 1892 828 1963 βάπτισμα
883 1892 1302 1963 ἁμαρτάνομεν,
1366 1891 1684 1962 ἱκετεύομεν
1734 1892 1823 1945 ἵνα

215 1988 408 2058 ἀφήσῃ
449 1988 606 2058 ήμῖν·
651 1984 795 2040 οὕτω
839 1985 895 2039 δὲ
937 1986 1117 2056 ἀφήσε
1190 1986 1264 2048 ὡς
1294 1986 1389 2039 καὶ
1436 1986 1622 2055 ἡμεῖς.
1692 1982 1823 2037 Ἐὰν

215 2079 333 2148 γὲρ
365 2078 827 2151 μησικακῶςιεν,
856 2081 955 2132 οὐκ
985 2080 1186 2149 ἀφήσει
1218 2079 1351 2149 ἡμῖν
1374 2094 1389 2108 ·
1434 2078 1535 2149 ἐμὲ
1566 2078 1676 2148 γὰρ
1706 2076 1822 2147 ἔχει

1932 879 2182 933 voluntas
2233 890 2323 932 tua
2391 880 2536 936 sicut
2580 882 2632 935 in
2690 877 2832 934 cat—lo
2865 887 2921 933 et
2962 877 3014 931 in
3051 885 3217 931 terra.
3266 894 3284 926 ι
3344 872 3527 935 Sicut,

1928 970 2124 1039 inquit,
2163 970 2340 1042 angeli
2376 970 2582 1026 faciunt
2620 970 2955 1025 voluntatem
2992 978 3159 1025 tuam.
3230 967 3304 1020 ita
3334 974 3390 1021 ct
3423 980 3525 1020 nos

1928 1066 1993 1115 da
2025 1079 2145 1116 eam
2188 1062 2389 1117 facere.

2001 1154 2171 1210 Vens.
2212 1157 2300 1212 11.
2332 1176 2350 1208 ι
2396 1156 2597 1211 Panem
2636 1165 2884 1209 nostrum
2921 1151 3519 1222 supersubstantialcm

1928 1250 1994 1304 da
2055 1250 2212 1305 nobis
2266 1249 2444 1304 hodie.
2486 1268 2504 1300 ι
2563 1247 3163 1318 Supcrsnbstaatiatem
3213 1245 3371 1310 dicit,
3430 1244 3529 1313 qui

1928 1343 2248 1398 substantiae
2310 1352 2365 1397 ct
2414 1340 2795 1397 constitutioni
2860 1347 3061 1395 nostra:
3112 1338 3331 1405 sufficit,
3386 1338 3532 1393 tollit

1928 1445 2108 1489 autem
2140 1450 2328 1490 curam
2370 1436 2437 1489 de
2478 1435 2743 1489 crastino.
2780 1430 2925 1499 Quin
2976 1441 3031 1487 et
3078 1446 3279 1501 corpus
3320 1429 3528 1486 Christi

1929 1528 2085 1597 panis
2113 1538 2197 1583 est
2233 1528 2778 1597 supersuhstantialis
2809 1544 2824 1581 :
2881 1525 3036 1596 cujus
3068 1538 3193 1580 esse
3225 1525 3530 1595 participes

1928 1619 2063 1674 citra
2094 1619 2608 1673 condemnationem
2645 1634 2955 1688 precamur.

2002 1711 2167 1766 Vsus.
2202 1710 2291 1766 12.
2323 1728 2341 1761 ι
2380 1709 2449 1763 Ει
2485 1710 2703 1766 dimitte
2735 1710 2892 1765 nobis
2919 1712 3099 1766 debita
3139 1719 3350 1774 nostra,
3386 1709 3533 1766 sicut

1928 1813 1983 1857 et
2039 1820 2140 1860 nos
2194 1805 2523 1860 dimittimus
2568 1803 2912 1860 debitoribus
2955 1805 3183 1859 nostris.
3231 1822 3249 1854 ι
3302 1802 3439 1869 Quia
3474 1813 3530 1857 ct

1928 1906 2051 1965 post
2076 1897 2339 1966 baptisma
2373 1913 2692 1968 peccamus,
2719 1899 3025 1965 'precamur
3061 1905 3123 1951 ut
3155 1895 3397 1950 dimittat
3429 1910 3530 1949 nou

1928 1989 2034 2054 bis,
2088 1994 2165 2045 sic
2198 1999 2383 2045 autem
2419 1990 2680 2055 dimittet,
2740 1989 3203 2060 quemadmodum
3257 1997 3313 2043 et
3365 2002 3526 2043 nos:

1928 2098 2054 2137 nam
2091 2083 2137 2138 si
2196 2083 2451 2138 vindictae
2506 2081 2651 2137 avidi
2684 2092 2738 2137 et
2786 2095 3061 2137 memores
3094 2080 3382 2143 fuerimus,
3418 2095 3526 2133 non

212 2180 245 2231 6
270 2177 410 2241 Θεὸς
442 2174 800 2247 παράδειγμα
827 2190 840 2219 τ
873 2174 968 2228 καὶ
1003 2173 1032 2228 6
1063 2174 1205 2227 ποιῶ
1239 2175 1331 2235 ἐπῖ
1352 2173 1523 2243 ἄλλῳ,
1556 2176 1703 2227 ποιεῖ
1735 2172 1821 2226 ἐπ’

1940 2177 2196 2231 remittet.
2222 2174 2399 2230 llabct
2422 2191 2513 2232 me
2534 2175 2680 2232 Deus
2702 2186 2770 2230 nt-
2789 2175 3105 2246 exemplar:
3134 2183 3185 2228 ct
3209 2174 3354 2244 quod
3382 2171 3527 2227 facio

214 2267 371 2337 ἐμοί.

297 2379 317 2410 ι
360 2360 472 2414 Καὶ
495 2360 571 2431 μὴ
595 2358 922 2429 εἰσενέγκῃς
952 2358 1099 2427 ἡμᾶς
1116 2357 1198 2421 εἰς
1216 2354 1543 2428 πειρασμόν.
1574 2374 1593 2407 ι
1638 2354 1824 2409 ’Ᾱσθε-

213 2455 339 2516 vei;
374 2456 546 2523 ἐσμεν
576 2454 622 2505 ol
657 2452 958 2523 ἀνθρωττοι,
982 2450 1063 2504 διὸ
1097 2450 1159 2503 οὐ
1195 2450 1277 2503 δεῖ
1310 2449 1661 2522 ἐπιρῤίπτειν
1687 2450 1821 2502 ἐαυ-

217 2554 356 2613 tota;
382 2552 494 2613 τοῖς
526 2550 855 2619 πειρασμοῖς
879 2563 895 2578 °
924 2545 1038 2599 ἀλλ’
1082 2544 1425 2614 ἐμπεσόντας
1468 2532 1723 2614 εὔχεσθαι
1747 2542 1823 2613 μὴ

215 2639 614 2708 καταποθῆναι
650 2637 757 2691 ὑπὸ
788 2637 882 2690 τοῦ
915 2634 1250 2707 πειρασμοῦ.
1320 2635 1378 2689 '0
1433 2639 1542 2706 γὰρ
1576 2651 1824 2689 καταπο-

215 2732 339 2791 Οεὶς
371 2730 466 2783 καὶ
489 2726 757 2797 νικηθεὶς,
794 2727 1006 2789 ἐκεῖνος
1055 2723 1354 2795 εἰσηνέχθη
1391 2726 1472 2787 εἰς
1506 2724 1599 2778 τὸν
1629 2723 1824 2794 βόθρον

212 2822 318 2875 τοῦ
355 2819 690 2891 πειρασμοῦ,
728 2818 846 2873 ἀλλ’
883 2818 985 2889 οὐχ
1036 2820 1064 2871 6
1100 2816 1363 2888 ἐμπεσὼν
1416 2819 1539 2888 μὲν,
1591 2802 1824 2888 νικήσας

211 2917 299 2970 δέ.
350 2934 367 2966 ι
392 2913 555 2967 Ἀλλά
576 2911 738 2982 ῥῦσαι
772 2913 921 2983 ἡμᾶς
941 2910 1049 2965 ἀπὸ
1066 2909 1158 2963 τοῦ
1185 2910 1443 2980 πονηροῦ.
1460 2930 1477 2962 ι
1508 2911 1625 2964 Ούκ
1644 2904 1821 2977 εἶπεν,

214 3009 339 3062 ἀπὸ
372 3006 482 3058 τῶν
530 3004 786 3076 πονηρῶν
854 3001 1161 3074 ἀνθρώπων
1189 3019 1202 3031 ·
1240 3002 1301 3054 οὐ
1332 3002 1442 3073 γὰρ
1486 3004 1683 3056 ἐκεῖνοι
1708 3002 1823 3055 ἀδι-

215 3098 420 3153 κοῦσιν
457 3098 629 3167 ἡμᾶς,
673 3095 791 3150 ἀλλ’
832 3098 860 3148 6
892 3093 1152 3164 πονηρός.
1190 3112 1206 3142 ι
1248 3093 1373 3146 Ὂτι
1428 3092 1524 3146 σοῦ
1576 3094 1727 3146 ἐστιν
1788 3093 1821 3163 ή

221 3189 487 3261 βασιλεία
520 3192 616 3243 καὶ
646 3186 931 3258 ήδύναμις
952 3188 1051 3240 καὶ
1075 3188 1107 3255 ἠ
1135 3184 1265 3248 δόξα
1300 3185 1381 3248 είς
1430 3187 1558 3247 τοὺς
1589 3184 1821 3249 αίῶνας,

224 3283 437 3352 Ἀμήν.
477 3300 495 3334 ι
521 3280 793 3351 Θαρσύνει
818 3280 966 3349 ἡμᾶς
999 3277 1253 3330 ἐνταῦθα.
1311 3277 1373 3329 ΕΞ
1414 3278 1530 3347 γὰρ
1564 3275 1823 3345 βασιλεύς

212 3375 365 3434 ἐστι,
396 3373 490 3425 καὶ
512 3371 738 3434 δυνατὸς
766 3372 794 3422 6
825 3368 1023 3439 Πατὴρ
1054 3369 1148 3421 καὶ
1185 3366 1417 3432 ἔνδοξος,
1468 3368 1687 3429 πάντως
1727 3368 1826 3421 καὶ

210 3466 391 3535 ἡμεῖς
424 3464 727 3535 νικήσομεν
775 3462 867 3515 τὸν
924 3461 1188 3532 πονηρὸν,
1244 3462 1338 3515 καὶ
1369 3460 1823 3532 δοξασθησόμεθα

209 3556 355 3608 ῦστε
366 3573 479 3625 ρον.

297 3667 319 3699 ι
347 3646 476 3700 Ἐὰν
496 3645 605 3714 γὰρ
626 3646 802 3715 ἀφῆτε
827 3646 943 3709 τοῖς
968 3646 1283 3717 ἀνθρώποις
1303 3643 1375 3698 τὰ
1388 3641 1821 3715 παραπτώματα

205 3737 435 3799 αὐτῶν,
460 3737 662 3805 ἀφήσει
687 3736 783 3789 καὶ
820 3734 951 3804 ὑμῖν
976 3736 1005 3788 6
1030 3736 1218 3805 [ἰατὴρ
1248 3734 1405 3805 ὑμῶν
1426 3735 1455 3787 6
1477 3734 1751 3805 οὐράνιος.
1794 3752 1814 3786 ι

206 3829 399 3884 Πάλιν
427 3824 845 3895 ἀμνησικάκους
876 3827 1028 3895 ἡμᾶς
1082 3821 1224 3878 εἶναι
1268 3824 1539 3878 διδάσκει.
1604 3825 1821 3894 Ἀναμι-

205 3939 252 3992 μ
280 3924 466 3991 »ἠσκει
497 3917 555 3971 δὲ
585 3919 737 3988 ἡμᾶς
758 3916 849 3969 τοῦ
880 3918 1116 3987 [ἰατρὸς.
1151 3918 1235 3970 ἴνα
1266 3917 1607 3986 αίδεσθῶμεν
1635 3918 1819 3982 αὐτὸν,

201 4014 314 4066 καὶ
363 4011 446 4081 μὴ
483 4008 898 4082 ἐκθηριώμεθα,
931 4009 1177 4063 τοιούτου
1206 4008 1394 4072 παῖδες
1412 4009 1587 4072 ὄντες.

290 4212 312 4245 ι
374 4192 505 4245 Ἐὰν
532 4190 591 4244 δὲ
627 4189 705 4261 μὴ
742 4188 922 4259 ἀφῆτε
952 4189 1063 4250 τοῖς
1095 4187 1408 4258 ἀνθρώποις
1430 4187 1497 4241 τὰ
1520 4188 1824 4257 παραπτώ-

201 4303 379 4356 ματα
412 4284 621 4347 αὐτῶν,
657 4281 781 4334 οὐδὲ
810 4282 840 4333 6
882 4279 1069 4350 [ἰατὴρ
1104 4280 1260 4350 ὑμῶν
1288 4280 1496 4351 ἀφήσει
1541 4281 1612 4333 τὰ
1645 4296 1823 4351 παρα-

192 4379 503 4447 πτώματα
546 4372 725 4444 ὐμῶν.
769 4390 791 4425 ι
828 4372 994 4425 Οὐδὲν
1028 4371 1171 4425 οὕτω
1205 4375 1355 4442 μισεῖ
1385 4375 1415 4426 6
1449 4373 1625 4443 πρᾶος
1663 4372 1819 4437 Θεὸς,

190 4472 241 4523 ὡ
252 4490 277 4532 ;
309 4488 341 4522 τ
353 4469 426 4539 ὴν
456 4466 740 4537 ὡμότητα.

282 4580 303 4611 ι
364 4560 548 4611 Ὀταν
571 4557 627 4609 δὲ
656 4554 978 4626 νηστεύητε,
1008 4554 1085 4625 μὴ
1111 4555 1329 4623 γίνεσθε
1370 4556 1562 4627 ὥσπερ
1590 4559 1640 4611 οί
1692 4558 1823 4611 67:0-

191 4655 433 4722 κριτάς,
462 4650 785 4721 σκυθρωποί
809 4665 825 4681 ο
849 4647 1173 4718 ἀφανίζουσι
1199 4650 1309 4720 γὰρ
1338 4648 1409 4701 τὰ
1432 4652 1703 4721 πρόσωπα
1727 4652 1823 4703 αύ-

190 4747 347 4810 τῶν,
414 4747 567 4805 ὅπως
625 4742 839 4812 φανῶσι
892 4742 1007 4804 τοῖς
1077 4740 1391 4811 ἀνθρώποις
1438 4742 1818 4812 νηστεύοντες.

1927 2266 2043 2330 alii,
2064 2265 2195 2321 facit
2215 2276 2269 2320 et
2297 2266 2453 2321 mihi.

2000 2356 2162 2412 Vens.
2210 2356 2299 2412 l3.
2332 2376 2350 2408 ι
2388 2354 2455 2410 Et
2483 2371 2548 2411 nc
2580 2356 2810 2412 inducas
2844 2370 2943 2411 nos
2975 2356 3029 2410 in
3073 2356 3454 2411 tentationem.
3501 2374 3522 2407 ι

1928 2452 2234 2509 lmbccillcs
2274 2465 2465 2507 sumus
2502 2448 2776 2514 homines,
2811 2449 2934 2505 ideo
2992 2464 3098 2503 non
3131 2449 3398 2504 debemus
3426 2462 3528 2504 nos

1928 2548 2076 2617 ipsos
2113 2547 2166 2600 in
2215 2544 2551 2601 tentationes
2584 2541 2856 2610 injicere:
2912 2541 3010 2598 sed
3059 2542 3102 2598 si
3146 2541 3524 2609 inciderimus,

1926 2640 2197 2695 orandum
2238 2653 2307 2693 ne
2344 2636 2743 2692 absorbeamur
2777 2651 2805 2689 a
2838 2636 3157 2690 teutatione.
3217 2634 3528 2705 Absorptus

1926 2731 2070 2787 enim
2102 2739 2153 2785 et
2200 2730 2398 2794 victus,
2456 2728 2547 2783 ille
2587 2728 2640 2782 in
2695 2726 3024 2799 profundum
3082 2727 3401 2781 tentationis
3438 2728 3527 2780 in-

1928 2826 2123 2879 ductus
2156 2832 2259 2887 est,
2288 2830 2345 2877 at
2384 2836 2491 2877 non
2520 2821 2649 2875 item
2678 2821 2768 2891 qui
2797 2819 3009 2887 incidit,
3045 2829 3099 2875 et
3133 2820 3318 2875 vincit.
3359 2841 3375 2872 ι
3417 2821 3525 2877 Sed

1928 2916 2096 2970 libera
2123 2930 2225 2969 nos
2249 2929 2279 2968 a
2308 2914 2449 2968 malo
2481 2932 2529 2965 ι.
2557 2911 2674 2967 Νοη
2706 2912 2866 2979 dixit,
2898 2926 2927 2965 a
2957 2912 3118 2967 malis
3155 2912 3470 2969 hominibus
3506 2929 3521 2965 :

1929 3023 2035 3062 non
2090 3008 2237 3062 enim
2290 3007 2365 3060 illi
2406 3021 2507 3061 nos
2542 3007 2740 3076 injuria
2792 3004 3054 3070 alliciunt,
3092 3005 3186 3059 sed
3228 3005 3524 3075 malignus.

1934 3120 1950 3151 ι
1983 3100 2252 3165 Quoniam
2285 3109 2437 3154 tuum
2465 3106 2551 3153 est
2582 3112 2837 3169 regnum,
2870 3109 2922 3151 et
2956 3097 3225 3166 petentia,
3267 3108 3322 3153 et
3353 3097 3524 3168 gloria

1929 3192 1981 3245 in
2007 3193 2226 3258 saecula,
2261 3194 2458 3246 Arnen.
2504 3210 2523 3243 ι
2561 3191 2783 3245 Animal
2840 3206 2940 3245 nos
2972 3190 3076 3246 hoc
3108 3190 3247 3245 loco.
3289 3188 3427 3244 Nam
3476 3192 3521 3246 si

1928 3283 2041 3338 [lex
2075 3292 2179 3349 est,
2214 3294 2269 3339 et
2310 3292 2503 3353 potens
2531 3280 2691 3336 Pater
2735 3293 2790 3337 et
2835 3282 3125 3351 gloriosus,
3191 3285 3416 3340 omnino
3470 3295 3527 3341 et

1928 3389 2027 3428 nos
2060 3374 2340 3428 vincemus
2370 3373 2692 3443 malignum,
2724 3382 2775 3427 et
2803 3372 3234 3443 gloriﬁcabimur
3266 3377 3519 3445 posthac.

2002 3637 2167 3693 Vens.
2212 3638 2300 3693 14.
2369 3656 2387 3689 ι
2428 3638 2648 3693 Etenim
2713 3638 2758 3694 si
2814 3639 3142 3696 remiseritis
3208 3641 3526 3698 hominibus

1925 3730 2123 3785 delicta
2165 3746 2287 3796 sua,
2322 3731 2563 3787 remittet
2582 3732 2750 3787 etiam
2792 3732 2947 3787 vobis
2976 3731 3140 3787 Pater
3185 3744 3368 3788 vester
3412 3750 3529 3789 ca:-

1927 3822 2099 3877 lestis.
2136 3843 2155 3875 ›
2190 3825 2396 3879 lterum
2435 3839 2534 3880 nos
2556 3824 2718 3881 docet
2743 3839 2863 3881 esse
2887 3825 3096 3880 alienos
3126 3841 3157 3880 ε
3194 3826 3511 3883 vindicandi

1927 3918 2249 3987 cupiditate.
2277 3916 2597 3972 Memoriam
2631 3926 2813 3972 autem
2840 3920 3007 3987 patris
3042 3918 3301 3985 inculcat,
3345 3930 3403 3974 ut
3439 3934 3526 3975 re-

1929 4024 2213 4078 vereamur
2256 4024 2378 4065 eum
2409 4026 2424 4066 :
2457 4018 2513 4064 et
2543 4024 2666 4065 cum
2706 4009 2824 4079 ejus
2867 4009 3037 4063 simus
3071 4009 3187 4075 lilii,
3222 4026 3329 4065 non
3362 4026 3525 4067 exas-

1927 4113 2202 4167 feremur.

2001 4187 2169 4243 Vens.
2196 4190 2283 4243 15.
2321 4208 2339 4239 ι
2397 4189 2552 4255 Quod
2583 4172 2629 4244 Si
2662 4205 2768 4245 non
2826 4191 3153 4247 remiseritis
3207 4192 3525 4251 hominibus

1927 4282 2125 4337 delicta
2158 4298 2281 4345 sua,
2331 4296 2511 4351 neque
2540 4280 2702 4336 Pater
2737 4290 2919 4336 vester
2946 4284 3191 4337 remittet
3232 4285 3387 4339 vobis
3417 4285 3519 4341 de-

1926 4376 2054 4429 licta
2094 4384 2298 4430 vestra.
2338 4394 2356 4426 ι
2396 4374 2539 4429 Nihil
2577 4378 2727 4430 enim
2758 4375 2830 4429 ita
2885 4376 3001 4430 odit
3033 4376 3303 4448 benignus
3351 4376 3517 4443 Deus,

1928 4479 1978 4519 ut
2005 4468 2403 4523 crudelitatem.
2716 4518 2727 4531 ,

2004 4560 2167 4615 \‘Lns.
2218 4561 2306 4614 i6.
2344 4578 2363 4609 ι
2433 4560 2603 4615 Porro
2638 4576 2760 4615 cum
2820 4562 3222 4631 jejrrnaveritis,
3285 4579 3353 4619 nc
3398 4563 3521 4618 sitis

1928 4655 2070 4708 sicut
2120 4652 2439 4723 hypocrita',
2476 4653 2731 4708 vultuosi.
2788 4653 3092 4709 Obscurant
3153 4654 3297 4708 cnim
3352 4653 3523 4710 facies

1927 4763 2078 4810 suas,
2136 4758 2195 4800 ut
2245 4747 2536 4800 videantur
2588 4744 2900 4798 horninibus
2942 4746 3281 4813 jejunantcs.
3345 4747 3519 4800 Amen

202 4842 267 4893 *Δ
281 4838 413 4909 μὴν
442 4836 589 4904 λέγω
624 4836 777 4904 ὑμῖν,
810 4835 894 4887 ὅτι
927 4834 1198 4904 ἀπέχουσι
1228 4835 1321 4888 τὸν
1341 4834 1531 4905 μισθὸν
1563 4834 1765 4889 αὐτῶν.
1794 4854 1811 4887 ι

1940 4842 2047 4895 lico
2083 4841 2257 4905 vobis,
2300 4839 2443 4908 quod
2494 4840 2699 4893 habent
2748 4839 3055 4892 mercedem
3114 4854 3290 4892 suam.
3348 4857 3366 4889 ι
3415 4836 3526 4893 Ol:-

200 4928 577 4998 Ἀφανισμδς
627 4925 923 4998 προσώπου
970 4926 1122 4979 ἐστὶν
1162 4927 1196 4997 ἡ
1227 4925 1499 4996 ὠχρότης,
1538 4927 1666 4980 ὅταν
1719 4928 1821 4999 οὐχ

1940 4933 2401 4988 scuratio‘i‘acici
2455 4942 2539 4986 est
2567 4932 2785 4999 pallor:
2835 4935 3054 4999 quando
3108 4933 3229 5001 quis
3280 4948 3387 4987 non
3440 4942 3525 4988 est

185 5018 316 5084 οἷός
364 5019 499 5073 ἐστί
548 5036 633 5083 τις
674 5018 962 5089 φαίνηται,
986 5017 1125 5085 ἀλλᾲ
1170 5022 1539 5090 προσποιῆται
1592 5021 1823 5088 στυγνό-

184 5131 373 5185 τητα.

275 5227 294 5258 ‹
344 5207 430 5258 Σὺ
472 5204 527 5256 δὲ
561 5204 861 5275 νηστεύων,
890 5202 1118 5273 ἄλειψαί
1158 5221 1253 5257 σου
1302 5205 1399 5274 τὴν
1429 5204 1693 5275 κεφαλήν,
1722 5208 1816 5259 καὶ

184 5301 250 5351 τὶ
285 5294 613 5370 πρόσωπόν
668 5312 761 5349 σου
791 5296 964 5365 νίψαι,
988 5297 1140 5360 ὅπως
1166 5298 1243 5371 μὴ
1273 5301 1449 5369 φανῇς
1479 5302 1591 5362 τοῖς
1609 5301 1820 5370 ἀνθρώ-

186 5410 323 5455 ποις
348 5389 672 5458 νηστεύων,
690 5390 827 5441 ἀλλά
848 5388 926 5458 τῷ
949 5389 1122 5460 [la-rp!
1148 5406 1243 5441 σου
1262 5389 1341 5459 τῷ
1371 5392 1430 5443 ἐν
1453 5391 1528 5461 τῷ
1556 5393 1815 5462 κρυπτιῖν

182 5488 286 5537 καί
320 5485 355 5535 6
399 5481 609 5549 Πατήρ
640 5498 734 5533 σου
767 5485 795 5534 6
823 5482 1038 5550 βλέπων
1071 5484 1129 5534 ἐν
1153 5483 1231 5553 τῷ
1258 5484 1509 5553 κρυπτῷ,
1543 5486 1817 5539 ἀποδώσει

185 5597 299 5631 σοι.
332 5597 352 5628 ι
394 5575 475 5628 ΟΞ
515 5573 737 5624 παλαιοὶ
772 5576 946 5643 χαρᾶς
980 5571 1126 5644 εἶχον
1154 5578 1383 5645 σημεῖον
1412 5577 1471 5629 τὸ
1495 5576 1817 5646 ἀλείφεσθαι

182 5672 374 5741 ἐλαίῳ
422 5666 579 5737 μετά
630 5666 694 5716 τὸ
742 5666 990 5733 λουτρόν
1043 5668 1138 5720 καὶ
1181 5669 1247 5720 σὺ
1282 5665 1376 5722 οὖν
1424 5669 1569 5722 οὕτω
1611 5673 1818 5741 χαίρων

183 5764 430 5834 φαίνου.
475 5757 699 5810 Ἕλαιον
717 5757 775 5809 δὲ
793 5760 998 5811 νοεῖται
1025 5760 1171 5830 καὶὴ
1195 5760 1555 5832 ἐλεημοσύνη.
1592 5764 1817 5834 Κεφαλὴ

176 5860 235 5911 δὲ
262 5855 447 5926 ήμῶν
485 5851 519 5902 ὀ
564 5850 820 5917 Χριστὸς,
852 5850 913 5902 ὃν
956 5852 1039 5904 δεῖ
1088 5851 1336 5921 ἀλείφειν
1366 5857 1483 5918 ταῖς
1514 5857 1817 5925 ἐλεημοσύ-

178 5966 309 6011 ναις
334 5964 350 5977 ·
389 5942 505 5996 καὶ
538 5941 599 5991 τὸ
638 5943 957 6010 πρόσωπον,
993 5942 1115 6012 ἦτοι
1141 5943 1240 6007 τὰς
1265 5945 1570 6016 αἰσθήσεις,
1604 5948 1817 6003 νίπτειν

174 6043 274 6099 διὰ
308 6032 618 6106 δακρύων.

266 6154 286 6185 ι
346 6129 455 6197 Μὴ
504 6123 869 6195 θησαυρίζετε
917 6126 1046 6194 ύμῖν
1072 6127 1383 6198 θησαυροὺς
1410 6130 1503 6182 ἐπὶ
1539 6132 1637 6202 τῆς
1686 6134 1810 6203 γῆς,

1927 5026 2104 5096 qualis
2140 5035 2385 5095 apparet,
2417 5026 2510 5079 sed
2531 5023 3072 5079 simulattristitiam.

2000 5205 2163 5259 Vsus.
2211 5204 2299 5265 17,
2328 5202 2412 5256 l8.
2455 5220 2473 5253 ι
2513 5201 2591 5255 Tu
2625 5211 2806 5255 autem
2862 5201 3137 5269 jcjuuans,
3174 5218 3313 5272 urge
3358 5214 3524 5271 caput

1929 5310 2102 5362 tuum,
2134 5309 2190 5351 et
2223 5297 2417 5351 faciem
2457 5308 2601 5349 tuam
2652 5294 2793 5356 lava,
2846 5309 2911 5347 ne
2938 5293 3174 5348 videaris
3207 5293 3524 5351 hominibus

1920 5392 2201 5460 jejunans,
2252 5391 2348 5443 sed
2378 5387 2527 5441 Patri
2573 5397 2666 5441 tuo
2700 5388 2792 5456 qui
2823 5395 2906 5439 est
2964 5384 3018 5438 in
3058 5384 3378 5439 abscondito
3412 5398 3425 5435 :
3466 5400 3523 5439 et

1924 5470 2087 5539 Ῥοιοῖ
2119 5494 2243 5537 tuus
2270 5484 2361 5551 qui
2404 5481 2549 5535 videt
2592 5481 2643 5533 in
2696 5477 3038 5542 abscondito,
3090 5478 3279 5531 reddet
3337 5476 3455 5531 tibi.
3496 5496 3515 5527 ι

1925 5577 2095 5631 Prisci
2128 5578 2181 5630 in
2223 5575 2403 5646 gaudii
2437 5575 2653 5644 signum
2698 5572 2993 5637 habebant,
3051 5571 3172 5625 oleo
3219 5572 3348 5641 ungi
3396 5582 3520 5640 post

1922 5669 2181 5724 lotionem
2210 5684 2222 5720 :
2248 5666 2355 5736 33
2394 5676 2445 5721 et
2488 5676 2542 5718 tu
2576 5679 2795 5735 quoque
2836 5665 2917 5718 sic
2955 5664 3110 5717 lactus
3161 5650 3380 5732 appare.
3415 5662 3521 5717 Per

1923 5764 2105 5817 oleum
2138 5772 2319 5815 autem
2350 5769 2403 5814 et
2433 5759 2778 5828 eleemosyna
2831 5757 3177 5827 intelligitur.
3214 5756 3380 5811 Porro
3422 5773 3512 5813 ca-

1924 5866 2018 5921 put
2044 5862 2313 5915 nostrum,
2342 5851 2445 5905 hoc
2472 5863 2575 5915 est,
2599 5850 2901 5913 Christum,
2930 5857 3147 5918 oportet
3173 5848 3512 5922 cleemosyna

1923 5946 2109 6016 inungi
2150 5964 2162 5999 :
2198 5943 2395 5998 faicem
2427 5954 2632 6006 autem,
2664 5942 2767 5997 hoc
2806 5951 2913 6005 cst,
2964 5956 3211 6006 sensum,
3260 5939 3517 6011 lacrysuis

1919 6040 2123 6093 lavare.

1996 6131 2161 6186 Vrns.
2198 6130 2285 6196 18,
2322 6130 2408 6185 19.
2472 6146 2491 6179 ι
2544 6127 2621 6181 Ne
2669 6125 3056 6180 thesaurizeiis
3099 6125 3250 6181 vobis
3287 6126 3509 6181 thesau-
