4034 6608
559 473 694 538 .907

1439 455 2016 523 THEOPHYLACTI
2056 454 2467 516 BUlGARLE
2507 454 2740 514 ARCHI
2757 453 2863 513 ΕΡ.

3727 452 3830 519 288

577 601 679 640 ros
705 597 864 652 super
892 590 1107 642 terram,
1137 575 1225 630 ubi
1255 587 1437 643 aerugo
1459 581 1511 628 et
1545 571 1690 624 tiuca
1729 565 2025 636 corrumpit
2057 581 2068 615 :
2103 571 2152 616 et

2260 561 2394 614 ὅπου
2439 559 2535 628 σὴς
2573 561 2668 614 καὶ
2703 559 2905 629 βρῶσις
2945 558 3242 626 ἀφανίζει·
3291 558 3384 613 καὶ
3423 558 3559 612 ὅπου
3599 555 3832 611 κλέπται

589 676 676 728 ubi
705 673 848 726 fures
874 670 1176 742 perfodiunt
1195 675 1248 720 ct
1272 665 1539 719 furantur.
1563 658 1952 715 T-ltesaurizntc
1971 664 2148 708 autem

586 767 738 820 Vobis
767 767 1044 819 thesauros
1084 761 1134 814 in
1183 757 1342 820 caelo,
1379 754 1466 807 ubi
1521 766 1693 822 neque
1741 763 1944 816 mrugo,
1978 758 2152 814 neque

590 859 734 910 tinea
768 853 1083 921 corrumpit,
1115 860 1167 902 et
1188 847 1276 902 ubi
1305 843 1450 898 fures
1482 859 1588 896 non
1616 838 1942 911 perfodiunt,
1967 847 2138 903 neque

591 950 855 1005 furantur.
894 963 912 995 ι
956 943 1244 1009 Postquam
1276 936 1451 990 inanis
1481 933 1663 1003 gloria:
1702 926 1946 983 morbum
1972 923 2149 993 eiecit,

591 1047 983 1106 consequenter
1024 1034 1088 1086 de
1145 1030 1323 1099 inopia
1366 1027 1622 1096 loquitur.
1693 1019 1950 1075 Homines
2008 1018 2150 1069 cnim

594 1141 812 1200 propter
857 1141 1048 1180 vanam
1108 1123 1331 1192 gloriam
1382 1117 1548 1173 multa
1579 1112 1876 1184 pos.~iduut.
1903 1107 2154 1162 Ostetidit

591 1236 748 1291 quam
781 1219 854 1273 sit
891 1215 1078 1271 inutile
1111 1214 1392 1268 thesauros
1429 1207 1626 1262 habere
1683 1216 1846 1270 super
1901 1209 2099 1253 terram
2136 1210 2148 1246 :

592 1309 719 1378 quia
773 1320 955 1374 azrugo
985 1315 1035 1359 et
1073 1306 1212 1357 tinea
1264 1303 1611 1365 corrumpunt
1661 1293 1812 1348 cibos
1852 1302 1906 1345 et
1953 1296 2149 1378 vestes,

592 1376 741 1453 fures
770 1404 949 1450 autem
985 1408 1173 1447 aurum
1206 1401 1259 1442 et
1304 1397 1604 1456 argentum.
1653 1380 1854 1436 Deinde
1911 1393 1978 1434 ne
2030 1376 2150 1446 quis

592 1492 736 1546 dicat
777 1489 823 1542 ei
855 1505 867 1540 :
902 1486 1005 1540 Sed
1052 1498 1155 1538 non
1207 1480 1384 1536 omnia
1446 1476 1588 1530 furto
1641 1481 1892 1544 pereunt,
1957 1468 2148 1538 inquit.

587 1577 845 1645 Quamvis
873 1573 1004 1628 nihil
1024 1574 1215 1626 horum
1257 1569 1349 1629 sit,
1375 1574 1610 1620 attamen
1630 1566 1709 1618 sic
1737 1561 2008 1616 addictum
2034 1573 2154 1612 esse

583 1667 894 1722 divitiarum
955 1660 1328 1726 sollicitudini,
1380 1657 1649 1728 quomodo
1704 1670 1811 1709 non
1860 1652 2156 1708 miserum?

585 1761 704 1816 ideo
741 1758 870 1812 dicit
893 1771 908 1816 ε

658 1933 821 1990 Vsus.
852 1931 1042 1987 21-25.
1091 1949 1109 1981 ι
1148 1929 1249 1986 Ubi
1291 1928 1433 1983 enim
1493 1933 1576 1980 est
1633 1924 1916 1979 thesaurus
1952 1929 2147 1983 vester,
2188 1904 2229 1959 Β

586 2024 658 2080 ibi
677 2027 781 2078 erit
808 2034 860 2078 et
885 2037 976 2078 cor
999 2030 1257 2076 vestrum.
1283 2017 1526 2072 Lucerna
1551 2013 1795 2084 corporis
1819 2021 1903 2066 est
1924 2011 2148 2064 oculus:

585 2119 628 2170 si
665 2117 828 2188 igitur
857 2113 1046 2169 oculus
1091 2123 1216 2166 tuus
1257 2109 1483 2179 simplex
1519 2104 1701 2168 fuerit,
1740 2112 1910 2160 totum
1958 2114 2153 2168 corpus

584 2217 732 2260 tuum
785 2205 1014 2260 lucidum
1051 2205 1192 2258 erit:
1252 2201 1299 2253 si
1347 2208 1526 2252 autem
1589 2195 1778 2250 oculus
1827 2202 1950 2246 tuus
1980 2191 2151 2245 malus

581 2297 766 2360 fuerit,
797 2305 963 2349 totum
985 2307 1181 2362 corpus
1207 2301 1354 2345 tuum
1385 2289 1727 2343 tenebrosum
1751 2285 1878 2340 erit.
1911 2284 1966 2338 Si
1988 2283 2150 2354 igitur

579 2387 673 2444 lux
693 2400 809 2456 qua
824 2388 874 2439 in
890 2394 938 2439 te
955 2393 1058 2451 est,
1080 2381 1314 2437 tenebrae
1328 2389 1470 2445 sunt,
1492 2379 1726 2432 tenebrae
1740 2377 1864 2446 ipsa:
1881 2375 2143 2446 quantm?»

581 2477 697 2532 Hoc
735 2477 893 2540 dicit,
935 2475 1074 2545 quod
1101 2474 1144 2526 si
1177 2471 1441 2539 adjeceris
1470 2469 1707 2524 animum
1741 2481 1904 2537 opum
1935 2466 2150 2520 sollici-

586 2569 784 2634 tudini,
845 2567 1149 2622 exstinxisti
1207 2563 1510 2628 lucernam,
1567 2559 1935 2614 obtcnebrasti
2006 2567 2150 2612 tuam

584 2658 846 2714 animam.
886 2657 1037 2710 Sicut
1085 2654 1228 2709 enim
1261 2653 1451 2706 oculus
1499 2650 1543 2705 si
1583 2649 1832 2718 simplex,
1891 2649 1992 2703 hoc
2047 2657 2149 2711 est,

582 2764 748 2803 sanus
778 2745 962 2812 fuerit,
996 2745 1262 2798 illuminat
1289 2755 1522 2811 corpus:
1548 2741 1591 2794 si
1617 2753 1795 2793 autem
1822 2739 2015 2798 malus.
2053 2739 2153 2791 lmc

580 2848 664 2892 est
719 2836 1015 2901 morbidus,
1060 2831 1419 2888 obtenebrat:
1456 2829 1526 2882 ita
1564 2839 1617 2882 et
1665 2843 1814 2882 tuens
1847 2835 2152 2881 exca‘catur

583 2945 694 2999 pra:
719 2929 1097 2984 sollicitudine.
1134 2926 1284 2992 Quod
1317 2925 1364 2978 si
1412 2937 1554 2978 mens
1580 2922 1936 2977 obteuebrata
1967 2921 2148 2989 fuerit,

584 3023 646 3074 tit
679 3029 733 3074 et
758 3020 934 3072 anima
969 3019 1274 3080 tenebrosa,
1316 3023 1369 3069 et
1406 3013 1573 3067 multo
1608 3015 1779 3084 magis
1808 3028 2025 3084 corpus.

659 3108 819 3164 Vsus.
839 3109 972 3164 24.1
999 3107 1184 3162 Nullus
1203 3114 1381 3177 potest
1399 3105 1606 3159 duobus
1627 3104 1859 3159 dominis
1875 3105 2098 3158 servire.
2126 3122 2145 3156 ι

2257 651 2600 723 διορύσσουσι
2654 657 2748 706 καὶ
2800 651 3110 705 κλέπτουσι.
3175 649 3545 720 Θησαυρίζετε
3591 649 3650 702 δὲ
3702 650 3830 718 ὑμῖν

2259 746 2563 817 θησαυροὺς
2614 745 2674 797 ιν
2704 743 2938 814 οὐρανῷ.
2984 745 3119 796 ὅπου
3153 741 3279 796 οὔτε
3333 743 3433 812 σὴς
3466 740 3592 795 οῦτε
3628 741 3831 812 βρῶσις

2256 834 2534 904 ἀφανίζει,
2569 834 2663 886 καὶ
2695 833 2829 885 ὅπου
2857 832 3082 884 κλέπται
3128 833 3189 884 οὐ
3253 831 3654 902 διορύσσουσιν,
3713 832 3831 886 ούδδ

2256 927 2608 980 κλέπτουσινο
2642 925 2775 977 ὅπου
2807 924 2914 994 γάρ
2939 925 3086 976 ἐστιν
3125 926 3152 976 ὁ
3179 922 3449 993 θησαυρὸς
3478 923 3659 993 ὑμῶν,
3716 925 3836 977 ἐκεῖ

2256 1017 2408 1070 ἔσται
2441 1017 2536 1069 καὶ
2562 1016 2594 1086 ἡ
2626 1014 2819 1086 καρδία
2846 1015 3019 1082 ὑμῶν.
3061 1031 3082 1064 ε
3127 1013 3282 1065 Ἐπεὶ
3309 1013 3368 1066 τὸ
3393 1013 3492 1082 τῆς
3527 1012 3832 1078 κενοδοξίας

2259 1107 2482 1173 ἐξέϐαλε
2521 1107 2758 1178 νόσημα,
2813 1108 2942 1175 περὶ
2998 1105 3386 1174 άκτημοσύνης
3435 1105 3624 1158 λοιπὸν
3657 1105 3828 1172 λέγει.

2255 1199 2320 1252 Οί
2346 1197 2454 1268 γάρ
2494 1196 2769 1268 ἂνθρωποι
2801 1196 2887 1249 διὰ
2919 1194 3224 1262 κενοδοξίαν
3252 1195 3489 1248 κτῶνται
3532 1196 3603 1250 τὰ
3633 1196 3828 1261 πλείω,

2255 1291 2498 1343 δείκνυσι
2528 1289 2584 1341 δὲ
2616 1286 2709 1342 τοῦ
2757 1288 2850 1341 ἐπὶ
2884 1287 2984 1357 γῆς
3034 1285 3306 1357 θησαυροῦ
3338 1286 3400 1339 τὸ
3445 1287 3676 1358 ἁκερδδς
3702 1304 3716 1318 ·
3750 1289 3834 1342 δτι

2258 1383 2357 1452 σὴς
2393 1381 2492 1452 μὲν
2527 1382 2620 1434 καὶ
2659 1380 2867 1452 βρῶσις
2898 1380 3148 1447 ἀφανίζει
3184 1378 3450 1449 βρώματα
3477 1381 3574 1433 καὶ
3621 1381 3833 1452 ίμάτια,

2256 1475 2485 1528 κλέπται
2515 1473 2592 1534 δι.
2625 1471 2848 1543 χρυσίον
2881 1472 2973 1524 καὶ
2993 1470 3273 1542 ἀργύριον.
3307 1465 3442 1524 Εἶτα
3476 1469 3569 1522 ινα
3595 1471 3674 1541 μὴ
3703 1469 3835 1542 sign

2255 1586 2335 1631 τις
2364 1565 2540 1635 αὐτῷ,
2576 1567 2656 1618 ὅτι
2688 1563 2834 1618 ⁹Δλλ’
2856 1565 2916 1616 οὐ
2945 1564 3143 1626 πάντες
3171 1563 3512 1624 κλέπτον-ται,
3545 1562 3736 1632 φησίν*
3769 1561 3835 1616 Et

2257 1660 2349 1713 καὶ
2390 1657 2558 1728 μηδὲν
2582 1654 2788 1710 τούτων
2824 1654 2994 1718 ἐστὶν,
3030 1653 3148 1707 ἀλλ’
3174 1650 3270 1708 οὖν
3320 1670 3383 1722 γε
3429 1651 3564 1706 αὐτὸ
3592 1653 3752 1707 τοῦτο
3777 1654 3838 1707 τι

2256 1745 2648 1817 προσηλῶσθαί
2677 1763 2736 1798 σε
2769 1747 2835 1814 τῇ
2875 1745 3002 1814 περί
3033 1743 3125 1796 τοῦ
3158 1744 3390 1797 πλούτου
3420 1743 3690 1817 μερίμνῃ,
3721 1743 3836 1807 ταῖς

2255 1842 2354 1893 οὐκ
2392 1839 2602 1903 ἄθλιονς
2644 1839 2724 1891 διδ
2753 1837 2924 1906 λέγει’

2331 1951 2350 1982 ε
2383 1930 2560 1984 Ὅπου
2593 1929 2702 2000 γὰρ
2731 1930 2758 1982 ό
2784 1927 3058 2002 θησαυρὸς
3087 1927 3263 1999 ὑμῶν,
3295 1928 3415 1981 hth
3439 1926 3535 1982 καὶ
3567 1929 3601 1999 ἡ
3635 1925 3836 1999 καρδία

2254 2022 2428 2094 ὑμῶν.
2475 2023 2533 2074 '0
2578 2019 2770 2092 λύχνος
2803 2023 2899 2075 τοῦ
2950 2021 3203 2092 σώματός
3246 2023 3395 2075 ἔστιν
3444 2021 3475 2074 ό
3529 2021 3832 2091 ὀφθαλμός·

2252 2114 2349 2167 ἐὰν
2378 2108 2471 2168 οὖν
2496 2113 2525 2166 ό
2549 2113 2824 2185 ὀφθαλμός
2863 2131 2956 2167 σου
2990 2111 3198 2178 ἁπλοῦς
3226 2107 3284 2186 ᾖ,
3312 2111 3521 2194 ὄλοντο
3552 2112 3718 2184 σῶμά
3741 2129 3834 2166 σου

2252 2205 2510 2274 φωτεινόν
2541 2220 2556 2234 ’
2592 2205 2687 2258 ἐὰν
2718 2205 2774 2258 δὲ
2819 2206 2848 2258 ὀ
2879 2205 3159 2276 ὀφθαλμός
3193 2221 3287 2259 σου
3319 2205 3560 2278 πονηρὸς
3605 2200 3663 2280 ᾗ,
3714 2204 3835 2258 ὅ)ον

2248 2296 2312 2348 τὸ
2340 2294 2502 2366 σῶμά
2533 2311 2627 2348 σου
2658 2295 2938 2348 σκοτεινὸν
2966 2295 3121 2349 ισται
3149 2311 3162 2323 ’
3212 2296 3264 2347 εί
3293 2291 3389 2350 οῦν
3414 2294 3477 2346 τὺ
3520 2294 3639 2362 φῶς
3688 2293 3749 2347 τὸ
3778 2295 3837 2347 ὲν

2253 2386 2338 2439 σοὶ
2368 2375 2558 2449 σκότος
2599 2387 2736 2448 εστὶ,
2765 2385 2828 2439 τδ
2865 2386 3054 2448 σκότος
3096 2384 3298 2452 πόσον;
3365 2401 3386 2436 ι
3422 2383 3599 2438 Τοῦτό
3643 2401 3834 2455 φησιν,

2249 2480 2332 2533 ὅτι
2384 2479 2509 2532 Ἐάν
2553 2478 2909 2549 προσηλώσης
2932 2479 3022 2530 τὸν
3041 2476 3166 2531 νοῦν
3201 2495 3296 2531 σου
3318 2479 3384 2548 τῇ
3404 2477 3512 2530 τῶν
3534 2478 3838 2548 χρημάτων

2252 2571 2514 2640 φροντίδι,
2572 2570 2804 2632 ἔσϐεσας
2853 2570 2944 2622 τὸν
2977 2568 3191 2639 λύχνον,
3241 2568 3530 2632 ὲσκότισάς
3591 2585 3688 2622 σου
3737 2568 3837 2639 τὴν

2249 2661 2448 2730 ψυχήν.
2488 2659 2695 2730 Ὠσπερ
2724 2658 2832 2729 γὰρ
2872 2661 2902 2712 ό
2950 2659 3230 2729 ὀφθαλμὸς
3273 2657 3502 2721 ἁπλοῦς.
3548 2659 3836 2712 τουτέστιν

2252 2752 2410 2821 ὑγιὴς
2445 2751 2539 2816 ὢν,
2567 2751 2790 2818 φωτίζει
2816 2749 2876 2802 τὸ
2908 2748 3092 2819 σῶμα,
3128 2750 3224 2802 ἐὰν
3251 2749 3306 2802 δὲ
3331 2748 3568 2820 πονηρὸς
3592 2745 3649 2822 ᾖ,
3679 2763 3837 2802 τουτ-

2252 2843 2368 2894 ιστι
2416 2842 2674 2911 νοσώδης,
2715 2839 2981 2904 σκοτίζει,
3013 2839 3158 2894 οὕτω
3187 2841 3280 2894 καὶ
3320 2844 3348 2895 ό
3381 2840 3505 2904 νοῦς
3540 2841 3840 2911 τυφλοῦται

2251 2934 2354 2989 ὑπὸ
2384 2934 2481 3004 τῆς
2512 2935 2809 3005 φροντίδος.
2839 2932 2900 2988 Ei
2929 2933 2983 2990 δὲ
3020 2936 3047 2988 δ
3071 2932 3197 2998 νοῦς
3233 2933 3576 3004 σκοτισθείη,
3615 2935 3651 3004 η
3687 2934 3837 3006 ψυχὴ

2253 3028 2443 3090 σκότος
2476 3028 2706 3095 γίνεται,
2741 3029 2834 3081 καὶ
2866 3026 3040 3092 πολλῷ
3073 3029 3272 3097 μᾶλλον
3313 3028 3372 3080 τὸ
3399 3027 3586 3096 σῶμα.

2331 3137 2350 3169 ι
2391 3119 2578 3182 Οὐδεὶς
2626 3119 2848 3173 δύναται
2902 3120 3023 3176 δυσὶ
3054 3124 3266 3190 κυρίοις
3305 3118 3604 3174 δουλεύειν.
3649 3140 3669 3174 ι
3729 3123 3839 3177 Δύο

584 3202 728 3254 Duos
754 3199 999 3253 dominos
1033 3198 1167 3251 dicit
1193 3194 1464 3251 contraria
1494 3193 1888 3264 praecipientes,
1923 3193 2150 3264 exempli

2255 3204 2477 3275 κυρίους
2517 3206 2662 3273 λέγει
2707 3209 2829 3268 τοὺς
2877 3208 2945 3260 τὰ
3011 3208 3232 3260 ὲναντία
3272 3209 3687 3275 ἑπιτάττοντας,
3723 3207 3839 3266 οἷον

589 3290 785 3359 gratia,
819 3297 876 3341 ut
927 3288 1064 3342 Dens
1118 3295 1173 3342 et
1213 3285 1499 3339 Hammon.
1536 3282 1645 3340 Nos
1676 3293 1855 3337 autem
1916 3282 2147 3338 facimus

2257 3297 2389 3351 Θεὸν
2445 3298 2538 3350 καὶ
2571 3299 2922 3367 Μαμμωνᾶν.
2975 3299 3168 3369 Ἡμεῖς
3215 3298 3272 3352 at
3317 3299 3593 3370 ποιοῦμεν
3647 3302 3839 3374 κύριον

586 3380 868 3435 dominum
939 3391 1181 3435 nostrum
1242 3377 1536 3440 diabolum,
1576 3375 1716 3430 sicut
1782 3385 1836 3428 et
1906 3388 2144 3430 ventrem

585 3473 768 3526 deum.
812 3469 1009 3523 Natura
1034 3469 1177 3522 enim
1210 3477 1292 3522 est
1312 3481 1435 3520 vere
1467 3464 1744 3526 Dominus,
1773 3465 1911 3519 Deus
1939 3507 1954 3522 .
1981 3481 2152 3520 mam-

585 3578 748 3617 mona
784 3571 958 3614 autem
994 3570 1074 3614 cst
1113 3559 1396 3630 iniustitia.
1446 3575 1464 3610 ι
1499 3559 1607 3610 Aut
1654 3556 1796 3609 enim
1829 3572 1992 3610 unum
2025 3558 2149 3612 odio

587 3652 805 3707 habebit
859 3659 914 3704 et
944 3649 1166 3704 alterum
1196 3649 1380 3716 diliget
1420 3665 1434 3702 :
1489 3658 1582 3701 aut
1613 3646 1703 3700 uni
1741 3647 2040 3702 adhaerebit
2096 3659 2152 3703 et

587 3743 817 3796 alterum
869 3749 1198 3795 contemnet.
1251 3739 1364 3793 Non
1409 3740 1632 3810 potestis
1694 3738 1804 3793 Deo
1849 3739 2054 3794 servire
2099 3749 2151 3791 ct

585 3848 930 3890 inanimomr.
983 3850 1002 3883 ι
1040 3832 1198 3886 Vides
1229 3831 1369 3900 quod
1412 3847 1514 3886 non
1558 3839 1738 3900 potest
1785 3831 1936 3884 dives
1966 3840 2018 3883 et
2066 3833 2151 3883 in-

581 3927 763 3995 justus
802 3926 906 3978 Deo
960 3923 1191 3980 servire!
1227 3923 1424 3992 Abjicit
1476 3924 1620 3978 enim
1657 3923 1965 3978 divitiarum
2000 3935 2152 3976 amor

587 4028 628 4072 a'
645 4018 771 4072 Dcu.

665 4108 944 4162 Vsas.25.
1003 4125 1032 4158 4
1073 4107 1361 4176 Propterea
1421 4107 1540 4162 dico
1587 4107 1758 4169 vobis,
1819 4121 1884 4158 ne
1937 4103 2150 4160 solliciti

590 4199 707 4252 sitis
743 4199 933 4252 animae
974 4208 1164 4252 vestra:
1211 4199 1337 4267 quid
1368 4200 1510 4253 esuri
1543 4199 1661 4254 sitis
1720 4207 1812 4250 aut
1868 4197 2084 4250 bibiturt
2135 4213 2149 4248 :

589 4301 764 4358 neque
793 4287 1004 4356 corpori
1058 4296 1239 4342 vestro
1290 4289 1486 4357 quibus
1548 4289 1880 4343 indumentis
1916 4289 2085 4342 usuri.
2129 4306 2146 4339 ι

590 4378 742 4446 Quod
771 4387 852 4432 est
889 4381 1007 4442 huc,
1040 4387 1322 4447 prOpterca
1347 4395 1360 4430 :
1389 4379 1434 4430 Δ
1461 4378 1565 4432 Deo
1585 4377 1703 4445 ejici
1738 4390 1956 4448 pr0pter
1986 4379 2151 4446 apes?

590 4469 706 4524 Non
740 4469 975 4523 comedit
1021 4479 1200 4523 autem
1263 4470 1460 4533 anima,
1527 4470 1837 4539 incorporea
1865 4471 2009 4523 enim
2046 4480 2149 4533 est,

2252 3391 2411 3460 ἡμῶν
2461 3391 2552 3443 τὸν
2574 3391 2840 3457 διάϐολονῖ
2871 3391 3062 3462 ὥσπερ
3117 3393 3210 3445 καὶ
3240 3394 3338 3464 τὴν
3388 3394 3597 3448 κοιλίαν
3677 3395 3836 3450 θεόν·

2251 3481 2409 3548 φύσει
2455 3479 2512 3532 δὲ
2564 3481 2658 3534 καὶ
2697 3479 2914 3551 ἀληθῶς
2958 3482 3185 3552 Κύριος,
3232 3485 3260 3536 ὁ
3290 3483 3462 3547 Sed,“
3504 3486 3841 3555 Μαμμωνᾶς

2248 3574 2304 3626 δέ
2341 3574 2553 3644 ἐστινὴ
2597 3573 2803 3627 ἀδικία.
2847 3592 2864 3624 ι
2911 3573 2981 3626 Ἢ
3023 3575 3129 3645 γὰρ
3185 3575 3275 3628 τὸν
3313 3575 3409 3628 ἕνα
3441 3577 3692 3648 μισήσει,
3745 3579 3840 3631 καὶ

2249 3664 2340 3717 τὸν
2371 3664 2558 3734 ἕτερον
2588 3665 2886 3733 ἀγαπήσει,
2918 3666 2950 3736 ἢ
2979 3665 3074 3719 τοῦ
3107 3666 3224 3730 ἑνὸς
3251 3667 3560 3734 ἀνθέξεται,
3618 3669 3724 3722 καὶ·
3739 3669 3838 3723 τοῦ

2253 3757 2440 3824 ἐτέρου
2493 3759 2918 3827 καταφρονήσει.
2975 3759 3050 3811 Ob
3109 3757 3338 3811 δύνασθε
3390 3757 3510 3829 Θεῷ
3565 3758 3840 3813 δουλεύειν

2255 3849 2342 3896 καὶ
2380 3848 2710 3914 μαμμωνᾷ.»
2768 3848 2913 3918 υρᾷς
2937 3847 3016 3900 ὅτι
3039 3849 3139 3900 οὐκ
3163 3847 3276 3900 ἔστι
3300 3848 3525 3902 δυνατὸν
3557 3849 3650 3902 τὸν
3673 3851 3842 3904 πλού-

2257 3953 2368 3988 σιον
2402 3938 2494 3989 καὶ
2529 3939 2713 3990 ἄδικον
2743 3937 2863 4007 Θεῷ
2889 3938 3200 4007 δουλεύειν;
3235 3939 3522 3995 Ἐκϐάλλει
3570 3943 3684 4014 γάρ
3725 3945 3838 3997 αῦ-

2251 4028 2342 4079 τὸν
2368 4026 2829 4098 ήφιλοχρηματία
2859 4027 2970 4081 άπδ
2997 4028 3157 4096 Θεοῦ.

2331 4136 2348 4168 ι
2404 4119 2502 4171 Διὰ
2533 4118 2692 4172 τοῦτο
2742 4119 2886 4189 λέγω
2919 4121 3070 4190 ὑμῖν,
3137 4121 3213 4193 μὴ
3245 4125 3550 4193 μεριμνᾶτε
3586 4127 3655 4196 τῇ
3690 4123 3838 4196 ψυχῇ

2252 4210 2404 4278 ὑμῶν
2426 4210 2475 4262 τί
2507 4211 2717 4284 φάγητε
2747 4215 2841 4265 καλ⁵
2864 4212 2915 4266 τί
2951 4212 3138 4284 πίητε,
3166 4214 3302 4284 μηδὲ
3332 4215 3410 4284 τῷ
3435 4215 3653 4285 σώματι
3683 4218 3841 4286 ὑμῶν

2252 4301 2301 4354 τί
2335 4301 2653 4370 ἐνδύσησθε.
2698 4321 2717 4354 ι
2761 4304 2860 4357 Διὰ
2892 4303 3071 4369 τοῦτο,
3099 4308 3288 4372 ποῖον;
3324 4307 3423 4360 Διὰ
3459 4305 3521 4360 τὸ
3543 4308 3650 4361 ἀπὸ
3701 4307 3840 4362 Θεοῦ

2254 4392 2603 4446 ἐκϐάλλεσθαι
2651 4395 2757 4447 ὑπο
2787 4395 2896 4448 τῶν
2944 4397 3278 4466 χρημάτων
3345 4398 3458 4469 Οὐχ
3515 4398 3732 4470 η’ψυχὴ
3782 4402 3840 4454 δὲ

2253 4482 2445 4544 ἐσθίει,
2479 4485 2775 4556 ἀσώματον
2797 4485 2929 4556 γὰρ,
2959 4487 3098 4540 ἀλλὰ
3147 4488 3289 4543 κατὰ
3319 4493 3418 4558 τὴν
3444 4490 3630 4560 κοινὴν
3675 4492 3836 4562 συνήο

591 4561 685 4614 sed
718 4560 868 4627 juxta
919 4573 1258 4614 communem
1301 4562 1745 4614 consuetudinem
1795 4563 2001 4614 locutus
2046 4571 2147 4614 est.

2254 4578 2410 4631 θειαν
2443 4577 2604 4632 τοῦτο
2638 4574 2778 4632 εἶπε.
2814 4583 2974 4634 Δοκεῖ
3011 4581 3121 4653 γὰρ
3151 4583 3184 4652 ἡ
3233 4582 3382 4653 ψυχὴ
3432 4582 3508 4654 μὴ
3544 4560 3840 4653 ἀνέχεσθαι

590 4650 816 4704 Videtur
851 4661 1029 4705 autem
1061 4653 1239 4705 anima
1275 4666 1380 4704 nou
1419 4665 1576 4718 posse
1633 4666 1751 4705 esse
1802 4655 1853 4704 ιιι
1906 4667 2150 4720 corpore,

593 4741 697 4794 nisi
722 4748 974 4808 pascatur
1004 4753 1153 4794 caro.
1190 4739 1303 4792 Non
1333 4738 1574 4808 explodit
1601 4748 1778 4792 autem
1806 4742 2039 4806 operari,
2063 4739 2155 4792 sed

592 4831 800 4900 seipsos
829 4841 969 4884 t0tos
997 4830 1145 4884 curis
1174 4829 1386 4882 tradere
1447 4838 1499 4882 et
1537 4829 1804 4897 negligere
1838 4828 2023 4890 Deum,
2057 4832 2157 4882 hoc

589 4931 673 4975 est
695 4924 838 4991 quod
869 4921 1147 4992 prohibet,
1176 4919 1427 4991 quoniam
1459 4927 1510 4972 et
1537 4934 1696 4990 agros
1720 4919 1896 4974 colere
1923 4931 2152 4988 Oportet,

588 5023 644 5067 et
677 5016 869 5067 anima:
899 5027 1086 5068 curam
1122 5014 1348 5066 habere.
1392 5029 1410 5062 ι
1459 5009 1645 5065 Nonne
1669 5011 1844 5065 anima
1881 5013 2047 5080 pluris
2071 5023 2155 5066 est

590 5121 750 5174 quam
786 5107 954 5170 cibus,
983 5117 1035 5162 et
1067 5120 1265 5174 corpus
1281 5119 1442 5174 quam
1470 5104 1883 5157 indumentum?
1909 5102 2019 5157 lloc
2049 5114 2151 5168 est,

591 5199 682 5267 qui
717 5198 889 5262 majus
936 5197 1084 5250 dedit
1143 5209 1332 5262 nempe
1370 5195 1603 5248 animam
1647 5204 1701 5246 et
1739 5210 1934 5263 corpus
1977 5195 2152 5263 ipsum

591 5287 701 5360 34
750 5289 1024 5352 formavit,
1075 5302 1178 5341 non
1233 5287 1380 5340 dabit
1427 5297 1481 5341 et
1532 5285 1846 5340 alimentum
1903 5296 1958 5339 et
2004 5287 2155 5339 indu-

592 5383 864 5436 tusculum?

664 5455 828 5530 Vens.
866 5475 954 5528 26.
997 5493 1014 5526 ι
1056 5474 1294 5544 Aspicite
1325 5473 1392 5529 ad
1420 5473 1654 5529 volatilia
1696 5472 1842 5536 cmli,
1902 5470 2023 5541 quia
2050 5485 2154 5524 non

590 5581 799 5636 scrttnt,
826 5583 998 5638 neque
1024 5577 1252 5634 metunt,
1271 5583 1443 5638 neque
1457 5577 1781 5638 congregant
1805 5566 1857 5620 in
1878 5565 2152 5628 horreum,

595 5676 647 5718 ct
683 5663 842 5718 Pater
880 5671 1055 5716 vester
1084 5660 1322 5716 caelestis
1349 5661 1522 5731 pascit
1547 5674 1609 5714 ea
1634 5679 1648 5714 :
1676 5673 1852 5714 nonne
1881 5672 1975 5712 vos
1997 5656 2152 5726 longe

600 5754 902 5828 prmcellitis
956 5752 1083 5808 illa?
1118 5771 1137 5805 ι
1191 5751 1462 5809 Potuisset
1512 5751 1704 5808 afferre
1762 5752 1816 5806 in
1850 5749 2154 5819 exemplum

595 5847 806 5904 Heliam
845 5857 898 5904 et
940 5847 1227 5917 Joannem,
1284 5856 1338 5906 et
1390 5847 1639 5902 meminit
1683 5847 1903 5902 avium:
1959 5853 2016 5928 ut
2055 5857 2155 5897 nos

2257 4667 2396 4722 εἶναι
2429 4671 2582 4738 ἐντῷ
2627 4671 2862 4740 σώματι,
2913 4675 2961 4725 εί
2993 4674 3073 4743 μὴ
3117 4673 3374 4744 τρέφοιτο
3425 4676 3460 4745 ἡ
3509 4675 3667 4744 σάρξ.
3721 4676 3842 4728 us:

2261 4760 2514 4812 ἐκϐάλλει
2540 4762 2593 4813 δὲ
2625 4763 2683 4814 τὸ
2706 4763 3060 4832 ἐργάζεσθαι,
3091 4764 3229 4818 ἀλλὰ
3265 4764 3321 4817 τὸ
3349 4765 3429 4835 μὴ
3477 4765 3678 4818 διδόναι
3699 4765 3841 4830 ὅλως

2259 4853 2482 4915 ἑαυτοὺς
2529 4855 2649 4914 ταῖς
2689 4855 2959 4924 φροντίσι,
3019 4857 3114 4909 καὶ
3178 4856 3406 4927 ἀμελεῖν
3461 4856 3623 4924 Θεοῦ,
3678 4858 3841 4913 τοῦτο

2259 4944 2486 4996 κωλύει.
2549 4943 2701 4996 Ἐπεὶ
2757 4947 2851 4998 καὶ
2881 4949 3150 5016 γεωργεῖν
3201 4949 3304 5013 δεῖ,
3352 4947 3492 5001 ἀλλὰ
3526 4950 3621 5002 καὶ
3657 4948 3842 5020 ψυχῆς

2257 5035 2584 5106 φροντίζειν.
2626 5055 2643 5087 ι
2689 5037 2823 5107 Οὐχὶ
2857 5042 2888 5108 ὴ
2922 5040 3071 5108 ψυχὴ
3102 5038 3286 5091 πλεῖόν
3335 5040 3450 5093 ἔστι
3478 5039 3579 5111 τῆς
3603 5044 3839 5112 τροφῆς.

2257 5126 2351 5178 καὶ⁷
2371 5125 2604 5197 τδ,σῶμα
2632 5129 2724 5182 τοῦ
2747 5131 3042 5200 ἐνδύματος
3068 5131 3444 5198 ;›Τουτὲστιν,
3477 5134 3541 5186 '0
3561 5134 3622 5188 τὸ
3646 5138 3836 5203 μεῖζον

2254 5217 2398 5280 δοὺς.
2428 5218 2526 5288 τὴν
2558 5220 2737 5291 ψυχὴν
2802 5225 2895 5274 καὶ
2925 5223 2986 5275 τὸ
3026 5224 3188 5295 σῶμα
3221 5223 3551 5292 διαπλάσας,
3587 5227 3648 5280 οὐ
3671 5226 3838 5284 δώσει

2255 5311 2350 5362 κατ.
2385 5312 2588 5381 τροφὴν
2609 5317 2700 5365 καὶ
2731 5314 3044 5384 ὲνδύματα;

2333 5502 2350 5534 ε
2410 5484 2750 5555 Ἔμϐλέψατε
2778 5487 2856 5550 είς
2886 5487 2952 5540 τὰ
2984 5489 3205 5544 πετεινά
3231 5488 3327 5542 τοῦ
3358 5490 3621 5561 οὐρανοῦ,
3651 5493 3735 5547 ὅτι
3769 5495 3832 5549 οὗ

2258 5577 2599 5647 σπείρουσιν,
2644 5579 2764 5632 οὐδὲ
2815 5580 3146 5650 θερίζουσιν,
3197 5584 3316 5638 οὐδὲ
3379 5587 3712 5656 συνάγουσιν
3756 5593 3837 5653 είς

2259 5669 2561 5740 ἀποθήκας,
2621 5672 2713 5723 καὶ
2761 5674 2789 5724 ό
2841 5673 3031 5746 Πατὴρ
3078 5676 3233 5746 ὑμῶν
3281 5680 3308 5730 ό
3346 5677 3600 5751 οὐράνιος
3643 5680 3840 5752 τρέφει

2258 5759 2414 5812 αὐτά.
2451 5760 2562 5828 Οὐχ
2599 5759 2754 5829 ὑμεῖς
2779 5764 2978 5831 μᾶλλον
3023 5765 3308 5835 διαφέρετε
3364 5769 3575 5835 abstini;
3608 5789 3628 5822 ι
3665 5770 3840 5824 Δυνά-

2267 5868 2423 5921 pavo;
2449 5857 2810 5922 παρενεγκεῖν
2844 5858 2922 5919 εἰς
2955 5857 3304 5931 παράοειγμα
3329 5851 3422 5915 τὸν
3478 5861 3690 5926 Ἠλίαν,
3741 5862 3838 5916 τδν
