4034 6646
281 583 394 648 209

882 583 1346 647 ENARRATIO
1378 582 1462 646 IN
1501 581 1882 647 EVANGELI

2043 583 2448 647 ΜΑΤἸἩίΕΙ.
2592 587 2752 648 CAP.
2789 587 2925 649 VII.

3488 590 3616 654 Ξῐθ

294 697 578 769 Ἰωάννην,
612 697 892 769 μέμνηται
931 697 1040 752 τῶν
1090 698 1360 753 πετεινῶν
1395 715 1408 732 ·
1451 699 1541 752 ἵνα
1588 699 1738 770 ἡμᾶς
1793 699 1882 752 ιν-

2011 699 2198 755 ntdore
2251 699 2475 766 alliciat,
2513 700 2655 770 quod
2716 716 2817 756 nos
2879 698 3052 770 magis
3088 700 3255 756 etiam
3287 716 3453 770 quant
3503 699 3590 755 illa

279 791 483 864 τρέψῃ,
529 792 610 844 ὅτι
636 792 732 844 καὶ
764 791 971 847 τούτων
1000 791 1337 864 άλογώτεροί
1366 793 1555 862 ἐσμεν.
1587 789 1884 863 Τρέφειδὲ

282 883 430 937 αὐτὰ
456 886 485 937 6
506 882 660 947 Θεὸς,
698 882 874 949 ἔνθεὶς
896 885 1084 950 αὐτοῖς
1105 886 1346 957 φυσικὴν
1397 885 1601 956 γνῶσιν
1630 883 1771 956 πρὸς
1824 883 1885 936 τὸ

279 993 310 1028 τ
323 973 498 1046 ροφάς
523 973 832 1046 συλλέγειν.

362 1089 382 1122 ι
419 1069 516 1134 Τίς
548 1068 606 1123 δὲ
633 1069 693 1136 ἐξ
727 1068 883 1142 ὑμῶν
931 1070 1245 1142 μεριμνῶν,
1298 1071 1522 1127 δύναται
1559 1069 1884 1140 προσθεῖναι

287 1162 386 1215 ἐπὶ
420 1161 519 1235 τὴν
562 1163 780 1236 ἠλικίαν
817 1159 984 1219 αὐτόῦ
1033 1167 1215 1237 πῆχυν
1250 1166 1375 1234 ἕνας
1423 1186 1440 1220 ι
1479 1164 1650 1233 Τοῦτό
1694 1183 1881 1236 φησιν,

283 1257 370 1309 ὅτι
433 1257 549 1310 Κᾶν
596 1260 891 1330 μεριμνᾷς.
956 1259 1112 1314 οὐδὲν
1167 1264 1339 1324 ποιεῖς
1379 1262 1452 1331 μὴ
1495 1260 1746 1324 Θέλοντος
1792 1259 1884 1313 τοῦ

283 1348 448 1402 Θεοῦ.
481 1349 546 1401 Τί
570 1350 749 1405 τοίνυν
773 1351 1043 1422 περιττῶς
1081 1352 1452 1416 κατακόπτεις
1484 1353 1739 1415 σεαυτόν;

370 1460 387 1492 ι
427 1441 533 1494 Καὶ
560 1443 693 1513 περὶ
732 1443 1032 1515 ἐνδύματος
1063 1444 1116 1497 τί
1151 1447 1489 1516 μεριμνᾶτε;
1521 1445 1886 1516 Καταμάθετε

284 1536 357 1590 τά
389 1537 553 1606 κρίνα
586 1537 680 1591 τοῦ
714 1538 910 1607 ἀγροῦ,
951 1537 1069 1602 πῶς
1099 1539 1325 1604 αὐξάνει
1353 1554 1367 1569 ⁸
1414 1540 1476 1593 ού
1520 1541 1710 1610 κοπιᾷ,
1767 1539 1888 1593 οὐδὲ

285 1627 466 1697 νήθει.
486 1629 645 1698 Λέγω
675 1628 728 1682 δὲ
764 1629 916 1699 ὑμῖν,
951 1629 1034 1684 ὅτι
1082 1631 1206 1684 οὐδὲ
1235 1629 1488 1702 Σολομὼν
1524 1634 1582 1684 ὲν
1639 1632 1787 1703 πάσῃ
1820 1633 1886 1702 τῇ

285 1721 415 1792 δΰξῃ
447 1722 612 1776 αὑτοῦ
663 1723 1024 1795 περιεϐάλετο
1063 1725 1140 1788 ὡς
1168 1724 1226 1777 ἓν
1258 1725 1488 1779 τούτων.
1530 1744 1548 1779 ι
1592 1724 1667 1778 Οὐ
1728 1724 1890 1796 μόνον

288 1815 404 1868 ἀπὸ
430 1815 538 1868 τῶν
568 1815 780 1885 ἀλόγων
825 1817 1046 1888 πτηνῶν
1073 1818 1328 1888 ἐντρέπει
1381 1820 1554 1891 ἡμᾶς,
1608 1818 1746 1873 ἀλλὰ
1792 1818 1889 1870 καὶ

286 1907 400 1961 ἀπὸ
438 1909 547 1961 τῶν
585 1910 786 1980 κρίνων
827 1910 936 1964 τῶν
971 1913 1414 1983 μαραινομένων.
1452 1914 1514 1967 Et
1549 1915 1658 1985 γάρ
1688 1915 1715 1965 6
1755 1911 1888 1975 Θεὸς

287 2002 477 2054 ὲκεῖνα
526 2001 700 2064 οὕτως
730 2002 1096 2067 ἐκαλλώπισε,
1131 2005 1314 2058 καίτοι
1370 2006 1647 2076 μηδεμιᾶς
1699 2006 1888 2076 χρείας

284 2092 481 2162 οὖσης,
518 2093 671 2164 πόσῳ
704 2095 907 2164 μᾶλλον
933 2095 1031 2166 τὴν
1053 2096 1252 2167 χρείαν
1286 2098 1396 2151 τῶν
1419 2098 1710 2168 ἡμετέρων
1740 2098 1891 2151 ὲνδυ-

292 2184 485 2254 μάτων
535 2183 965 2256 άποπληρώσει;
997 2186 1252 2240 Δείκνυσι
1300 2188 1378 2252 δὲ,
1414 2189 1523 2252 ὅτι,
1575 2190 1678 2242 κᾶν
1716 2188 1891 2243 πολλὰ

290 2278 665 2348 μεριμνήσῃς,
698 2280 758 2332 ού
782 2279 990 2353 δυνήσῃ
1014 2281 1465 2353 καλλωπισθῆναι
1494 2282 1570 2347 ὠς
1593 2283 1662 2337 τά
1689 2283 1854 2354 κρίνα
1873 2299 1887 2314 ⁸

291 2373 429 2425 ὅπου
463 2389 527 2439 γε
564 2372 816 2443 Σολομὼν
843 2377 871 2427 6
905 2374 1322 2445 φρονιμώτατος
1348 2377 1444 2430 καὶ
1470 2377 1890 2448 τρυφηλότατος

286 2464 378 2516 διά
404 2464 585 2534 πάσης
613 2465 781 2518 αὑτοῦ
830 2467 932 2536 τῆς
981 2467 1264 2539 βασιλείας
1294 2470 1396 2524 οὐκ
1431 2470 1621 2541 ῐσχυσε
1654 2470 1890 2542 περιδα-

287 2555 483 2609 λέσθαι
511 2574 562 2609 τι
595 2557 862 2614 τοιοῦτον.
1631 2611 1637 2618 .

371 2667 392 2702 ι
431 2650 493 2703 Et
531 2649 587 2703 δὲ
623 2651 717 2704 τὸν
763 2653 960 2724 χόρτον
989 2653 1084 2708 τοῦ
1125 2654 1298 2728 άγροῦ
1334 2656 1575 2728 σήμερον
1604 2658 1738 2712 ὅντα
1797 2659 1893 2712 καλ⁵

287 2737 484 2822 αὖριον
518 2741 866 2802 εῑςκλίδανον
902 2742 1232 2814 βαλλόμενον
1264 2747 1293 2799 6
1346 2745 1477 2805 Θεὸς
1499 2744 1673 2807 οὕτως
1716 2748 1893 2817 ἀμφι-

289 2828 530 2893 έννυσιν,
568 2831 628 2881 οὐ
687 2831 866 2901 πολλῷ
912 2833 1114 2902 μᾶλλον
1195 2835 1362 2904 ὑμᾶς,
1437 2836 1803 2904 δλιγόπιστοι;
1865 2855 1882 2888 ι

290 2923 661 2993 Μανθάνομεν
692 2925 965 2990 ἐντεῦθεν,
993 2928 1076 2980 ὅτι
1126 2930 1187 2980 ού
1215 2929 1296 2982 δεῖ
1327 2930 1637 2999 φροντίζειν
1677 2929 1880 2982 καλλω·

293 3016 525 3085 πισμοῦ.
564 3015 735 3069 Τοῦτο
764 3017 872 3087 γὰρ
909 3018 1018 3070 τῶν
1066 3022 1423 3091 προσκαίρων
1455 3023 1665 3075 ἀνθέων
1717 3023 1890 3076 ἐστίν.

294 3104 464 3156 Ὥστε
496 3107 603 3168 πᾶς
633 3105 1140 3177 καλλωπιζόμενος,
1174 3111 1369 3181 χόρτος
1404 3111 1577 3168 ἐστίν.
1626 3111 1805 3182 Ύμᾶς
1833 3112 1889 3165 δὲ

293 3189 441 3257 εῐπε,
465 3198 592 3259 τοὺς
613 3196 888 3266 λογικοὺς,
920 3196 1003 3264 οἷς
1024 3201 1211 3273 ψυχὴν
1243 3204 1338 3256 καὶ
1377 3204 1538 3274 σῶμα
1568 3204 1856 3259 διέπλασεν
1874 3222 1888 3236 ο

289 3288 636 3355 ὀλιγόπιστοι
658 3291 714 3344 δὲ
733 3292 937 3358 πάντες
958 3295 1008 3346 οἱ
1031 3296 1431 3366 μεριμνῶντες.
1457 3298 1519 3351 El
1551 3298 1659 3370 γὰρ
1679 3298 1892 3351 τελείαν

1993 793 2204 848 ratione
2239 791 2624 848 destituamur.
2658 790 2841 847 Pascit
2887 801 3070 847 autem
3123 773 3236 848 eas‘
3276 791 3442 857 Deus,
3500 793 3591 862 qui

1990 886 2186 942 indidit
2237 887 2318 943 eis
2383 886 2684 942 naturalem
2757 885 3048 942 Scientiam
3107 887 3175 941 ad
3247 885 3587 958 colligendas

1989 996 2165 1038 escas.

2066 1073 2230 1128 Vens.
2261 1073 2354 1129 27.
2398 1092 2416 1126 ι
2441 1072 2573 1140 Quis
2607 1079 2791 1128 autem
2819 1087 2886 1128 ex
2920 1072 3076 1128 vobis
3107 1071 3382 1128 sollicitus
3411 1079 3596 1142 potest

1992 1181 2269 1236 apponere
2299 1165 2366 1219 ad
2398 1147 2663 1220 staturam
2701 1179 2856 1219 suam
2890 1163 3136 1219 cubitum
3165 1161 3375 1217 unum?
3403 1179 3422 1214 ι
3478 1160 3596 1216 Hoc

1991 1260 2187 1329 inquit,
2213 1259 2381 1329 quod,
2418 1258 2546 1314 licet
2591 1256 2858 1314 sollicitus
2900 1257 2999 1320 sis.
3035 1255 3172 1311 nihil
3227 1253 3435 1325 poteris
3485 1268 3593 1308 non

1993 1354 2206 1407 volente
2251 1353 2380 1408 lic-0.
2419 1352 2531 1408 Cur
2561 1352 2728 1422 igitur
2763 1350 2817 1406 in
2855 1365 3054 1406 vanum
3074 1349 3290 1405 crucias
3316 1345 3595 1416 teipsum?

2066 1446 2230 1501 Vens.
2268 1445 2360 1511 28,
2390 1445 2481 1500 29.
2544 1455 2564 1498 ἰ
2611 1444 2680 1499 Et
2719 1443 2784 1499 de
2815 1442 3151 1500 vestimento
3184 1441 3312 1512 quid
3377 1439 3594 1496 solliciti

1992 1539 2167 1595 estis?
2194 1538 2552 1594 Considerate
2610 1535 2722 1590 lilia
2761 1535 2902 1605 agri,
2953 1533 3230 1606 quomodo
3289 1541 3543 1590 crescant
3580 1548 3592 1584 :

1994 1648 2099 1687 non
2139 1631 2414 1697 laborant,
2448 1645 2625 1702 neque
2651 1637 2801 1684 nent.
2838 1627 2969 1683 Dico
2997 1638 3182 1683 autem
3234 1626 3411 1691 vobis,
3448 1623 3596 1688 quod

1995 1740 2171 1794 neque
2212 1724 2472 1779 Salomon
2530 1723 2581 1777 in
2621 1724 2771 1778 omni
2799 1720 2970 1792 gloria
3008 1735 3104 1776 sua
3136 1720 3370 1774 amictus
3401 1716 3504 1772 fuit
3539 1725 3617 1770 ut

1994 1834 2161 1873 unum
2194 1833 2260 1872 ex
2293 1818 2402 1872 his.
2431 1836 2447 1868 ι
2477 1815 2595 1871 Non
2626 1816 2800 1872 solum
2828 1829 2926 1882 per
2951 1829 3078 1868 aves
3107 1811 3320 1867 ratione
3345 1818 3597 1865 carentes

1994 1927 2094 1966 nos
2115 1911 2394 1975 admonet,
2431 1911 2526 1965 sed
2556 1919 2610 1965 et
2642 1926 2739 1980 per
2774 1911 2882 1966 lilia
2914 1923 3033 1981 qua:
3064 1912 3430 1961 marcescunt.
3456 1901 3591 1956 Nam

1996 2005 2040 2059 si
2084 2003 2226 2058 Deus
2257 2003 2342 2056 illa
2380 2003 2460 2057 sic
2509 2003 2752 2061 ornavit,
2807 2001 3058 2071 quamvis
3099 1997 3244 2053 nulla
3293 1995 3610 2053 necessitas,

1997 2097 2197 2165 exigat,
2222 2103 2428 2165 quanto
2457 2095 2632 2162 magis
2660 2095 2945 2164 penuriam
2976 2101 3222 2149 nostram
3257 2091 3310 2145 in
3347 2089 3596 2145 vestibus

1996 2188 2312 2260 supplebil?
2347 2188 2598 2244 Ostendit
2622 2199 2810 2243 autem
2845 2188 2988 2256 quod
3026 2185 3153 2241 licet
3176 2183 3404 2240 multum
3441 2181 3595 2237 solli-

1997 2284 2138 2337 citus
2166 2283 2262 2346 sis,
2297 2297 2402 2336 non
2425 2281 2630 2352 poteris
2654 2291 2836 2336 tamen
2859 2279 3042 2344 ornari
3072 2277 3214 2334 sicut
3243 2270 3390 2330 lilia:
3421 2289 3599 2344 quan-

1996 2375 2289 2445 doquidem
2327 2389 2500 2445 neque
2525 2372 2788 2428 Salomon
2818 2371 3282 2442 prudentissimus
3318 2376 3373 2423 et
3395 2365 3598 2422 delica-

1999 2468 2250 2524 tissimus
2284 2467 2336 2523 in
2367 2468 2516 2523 omni
2555 2481 2724 2536 regno
2753 2481 2852 2520 suo
2881 2465 3060 2536 potuit
3103 2460 3290 2518 ornari
3327 2468 3386 2514 ut
3427 2474 3595 2513 unum

1995 2575 2061 2616 ex
2082 2561 2210 2616 illis.

2070 2651 2237 2706 Vens.
2271 2649 2362 2705 30.
2394 2668 2412 2702 ι
2455 2647 2608 2716 Quod
2635 2647 2678 2703 si
2699 2661 2921 2718 gramen
2944 2644 3084 2717 agri,
3114 2645 3260 2717 quod
3293 2643 3454 2699 hodie
3475 2655 3599 2697 cum

1996 2742 2314 2810 sit,cras-in
2347 2741 2623 2796 clibanum
2654 2740 2910 2804 mittitur,
2963 2737 3105 2794 Deus
3157 2737 3237 2792 sic
3290 2735 3475 2800 vestit,
3529 2747 3598 2788 an

1997 2852 2104 2890 non
2138 2833 2309 2890 multo
2337 2833 2513 2903 magis
2542 2831 2698 2887 vobis
2729 2831 2781 2886 id
2810 2830 2994 2896 faciet,
3029 2844 3221 2900 parum
3273 2825 3540 2883 ﬁdentes?
3575 2843 3618 2877 )-

2001 2929 2272 2983 l)iscimus
2301 2927 2402 2981 hoc
2433 2927 2553 2980 loco
2581 2924 2726 2994 quod
2755 2924 2941 2978 nullus
2990 2937 3187 2977 curare
3219 2920 3382 2975 debet
3427 2934 3598 2974 orna-

2001 3032 2136 3075 tutn.
2169 3017 2283 3074 Hoc
2317 3018 2460 3073 enim
2495 3018 2822 3071 caducorum
2862 3014 3060 3070 ﬂorum
3102 3022 3219 3067 est:
3283 3012 3602 3082 quicunque

1997 3129 2130 3183 ergo
2180 3122 2433 3175 ornatur,
2470 3110 2653 3166 fenum
2689 3119 2793 3163 est.
2855 3106 2961 3164 Vos
3003 3115 3185 3160 autem
3219 3104 3379 3172 dixit,
3425 3105 3601 3160 ratio-

2000 3206 2173 3269 nales,
2209 3203 2408 3272 quibus
2461 3202 2605 3256 Deus
2659 3201 2895 3254 animam
2951 3207 3005 3253 et
3063 3212 3268 3266 corpus
3311 3195 3602 3252 formavit.

1997 3295 2196 3350 Parum
2230 3293 2402 3349 ﬁdunt
2448 3303 2628 3346 autem
2653 3305 2844 3345 omnes
2867 3285 3109 3344 solliciti.
3147 3285 3282 3342 Nam
3320 3287 3364 3342 si
3419 3289 3608 3357 perle-

291 3377 442 3450 εἶχον
496 3383 576 3444 είς
628 3381 762 3436 Θεὸν
798 3385 1002 3452 πίστιν,
1055 3386 1156 3439 οὐκ
1208 3387 1274 3442 ἂν
1328 3389 1646 3460 ἑμερίμνων
1708 3389 1884 3453 οὕτως

2011 3397 2142 3445 :tam
2191 3389 2243 3443 in
2293 3387 2460 3440 Deum
2495 3385 2762 3440 haberent
2791 3383 2974 3449 tidem,
3007 3395 3112 3436 ntm
3134 3389 3243 3435 tam
3262 3380 3422 3437 enixe
3451 3379 3601 3437 solli-

290 3473 609 3536 ὲνενδὸτως.

375 3583 393 3617 ι
435 3566 529 3636 Μὴ
552 3565 656 3620 οὖν
681 3568 1081 3640 μεριμνήσητε,
1114 3571 1388 3638 λέγοντες·
1417 3574 1483 3626 Τί
1518 3574 1810 3647 φάγωμεν,
1859 3577 1891 3648 ἢ

290 3659 346 3712 τί
374 3658 669 3729 πίωμεν,ἢ
713 3661 765 3713 τί
824 3661 1284 3734 περισαλώμεθας
1337 3667 1523 3720 Πάντα
1573 3668 1681 3738 γάρ
1720 3669 1896 3722 ταῦτα

293 3746 366 3800 τά
397 3746 524 3818 ἔθνη
578 3749 847 3821 ἐπιζητεῖ.
890 3769 907 3802 ι
949 3751 1023 3804 Τὸ
1064 3751 1163 3822 μὲν
1218 3757 1413 3822 φαγεῖν
1449 3756 1511 3809 ού
1563 3757 1784 3813 κωλύει.
1822 3758 1895 3810 Τὸ

292 3839 353 3893 δὶ
389 3839 591 3908 λέγειν,
633 3841 699 3894 Τί
760 3843 1063 3913 φάγωμεν;
1118 3845 1339 3899 κωλύει.
1403 3849 1468 3900 '0
1529 3847 1784 3917 λέγουσιν
1838 3851 1888 3903 οἱ

294 3930 547 3985 πλούσιοι
596 3931 691 4000 ἀφ’
746 3934 1011 4004 ἑσπέρας·
1074 3934 1139 3988 Τί
1175 3935 1446 4007 φάγωμεν
1500 3937 1719 4011 αὖριον;
1759 3941 1896 4014 ὁρᾷς

291 4025 382 4081 δτι
426 4023 525 4098 τὴν
554 4025 766 4098 τρυφὴν
794 4028 888 4082 καὶ
919 4028 1017 4098 τὴν
1046 4027 1205 4099 ὓϐριν
1249 4029 1467 4083 κωλύει.

376 4223 394 4254 ι
428 4198 549 4259 Οῐδε
580 4203 690 4275 γὰρ
711 4203 740 4256 6
770 4202 962 4274 Πατὴρ
991 4203 1148 4273 ὑμῶν
1182 4205 1210 4258 6
1244 4204 1494 4275 οὐράνιος
1526 4205 1608 4259 ὅτι
1663 4205 1893 4277 χρῄζετε

292 4297 506 4352 τούτων
539 4297 821 4351 ἁπάντων.
864 4298 1089 4365 Ζητεῖτε
1116 4295 1172 4350 δὲ
1229 4297 1449 4368 πρῶτον
1483 4298 1581 4369 τὴν
1615 4299 1896 4368 βασιλείαν

291 4390 393 4446 τοῦ
422 4389 581 4454 Θεοῦ,
614 4387 710 4442 καὶ
771 4389 871 4460 τὴν
913 4389 1267 4461 δικαιοσύνην
1320 4389 1511 4454 αὐτοῦ,
1573 4392 1670 4445 καὶ
1721 4392 1895 4447 ταῦτα

295 4483 482 4534 πάντα
540 4479 978 4550 προστεθήσεται
1040 4481 1194 4551 ὑμῖν.
1236 4501 1252 4532 ι
1297 4481 1559 4537 Βασιλεία
1609 4483 1703 4538 τοῦ
1735 4485 1893 4552 Θεοῦ,

294 4573 328 4643 ἡ
364 4571 670 4636 ἀπόλαυσις
695 4572 804 4624 τῶν
851 4571 1077 4639 ἀγαθῶν
1104 4589 1117 4603 ⁸
1147 4571 1288 4644 αῠτχη
1339 4574 1394 4626 δὲ
1425 4575 1511 4628 διὰ
1542 4576 1895 4645 δικαιοσύνης

294 4665 678 4736 προσγίνεται.
709 4665 898 4728 Ὀστις
923 4665 1015 4720 οὖν
1044 4665 1282 4737 ζητεῖτά
1312 4670 1687 4739 πνευματικὰ,
1719 4687 1895 4740 προσ-

2001 3479 2094 3535 citi
2127 3487 2331 3534 essent.

2076 3569 2237 3626 Vens.
2269 3569 2360 3636 5i,
2390 3570 2480 3625 52.
2533 3566 2612 3622 Ne
2653 3567 2817 3636 igitur
2866 3567 3084 3624 solliciti
3128 3567 3248 3624 sitis
3303 3568 3547 3622 dicentes
3587 3585 3602 3622 :

2001 3665 2142 3733 Quid
2172 3664 2420 3730 edemus,
2453 3672 2543 3716 aut
2608 3660 2742 3732 quid
2776 3661 3050 3726 bibemus,
3091 3668 3184 3715 aut
3225 3660 3426 3732 quibus
3464 3675 3600 3729 ope--

2004 3755 2253 3812 riemur?
2286 3753 2413 3809 Haec
2466 3753 2610 3809 enim
2659 3752 2842 3808 omnia
2873 3762 3067 3824 gentes
3112 3763 3387 3822 qumruut.
3421 3771 3439 3803 ι
3495 3752 3604 3806 (Σο-

2003 3847 2223 3902 medere
2262 3853 2315 3899 et
2341 3845 2533 3900 bibere
2565 3860 2668 3897 non
2696 3843 2969 3912 prohibet,
3007 3842 3190 3898 dicere
3226 3852 3433 3906 autem,
3461 3842 3602 3909 Quid

2002 3937 2388 3993 comedemus?
2429 3937 2682 4008 prohibet
2714 3953 2730 3991 :
2756 3937 2896 3992 sicut
2918 3938 3106 3992 dicunt
3136 3935 3331 3991 divites
3362 3937 3602 4006 πενθεῖ,

2002 4032 2142 4097 Quid
2194 4032 2549 4087 comedemus
2598 4030 2793 4086 ntane?
2856 4029 3016 4085 Vides
3075 4030 3220 4100 quod
3277 4029 3503 4085 delicias
3550 4041 3614 4086 et

2001 4123 2188 4178 luxum
2232 4123 2520 4194 prohibet!

2077 4214 2244 4272 Vsns.
2281 4215 2372 4280 32,
2409 4214 2500 4270 33.
2535 4233 2553 4267 ι
2614 4212 2729 4270 Scit
2752 4217 2898 4271 enim
2940 4217 3101 4275 Pater
3132 4229 3314 4274 vester
3360 4219 3604 4273 cmlestis
3643 4222 3649 4229 '

2001 4309 2145 4377 quod
2205 4306 2421 4364 habetis
2478 4307 2564 4363 bis
2597 4309 2851 4365 omnibus
2903 4326 3062 4383 Opus.
3116 4311 3357 4378 Quaerite
3415 4319 3600 4364 autem

2003 4398 2238 4470 primum
2265 4414 2491 4469 regnum
2528 4399 2620 4454 Dei
2648 4410 2704 4456 et
2726 4400 2999 4471 justitiam
3025 4404 3165 4476 ejus,
3202 4416 3257 4459 et
3279 4404 3395 4458 haec
3415 4404 3601 4458 omnia

2000 4502 2343 4562 apponentur
2373 4494 2550 4549 vobis.
2595 4513 2615 4548 ι
2649 4492 2894 4563 Regnum
2933 4495 3053 4562 Dei,
3094 4498 3370 4553 bonorum
3411 4496 3604 4551 fruitio

2001 4596 2123 4640 est:
2164 4585 2254 4639 illa
2288 4598 2470 4641 autem
2505 4601 2604 4656 per
2626 4587 2896 4658 justitiam
2928 4590 3219 4662 contingit.
3247 4590 3412 4646 Omni
3437 4590 3606 4661 igitur

2000 4679 2266 4748 quaxrenti
2305 4679 2635 4749 spiritualia,
2673 4681 2947 4735 adduntur
2980 4681 3144 4737 etiam
3177 4680 3508 4752 corporalia,
3537 4695 3604 4737 cx

291 4757 506 4810 τίθεται
563 4757 742 4828 τούτῳ
803 4757 898 4810 καὶ
933 4757 1002 4811 τὰ
1048 4762 1341 4830 σωματικὰ
1386 4762 1529 4816 κατὰ
1576 4762 1891 4834 φιλοτιμίαν

2011 4765 2329 4823 liberalitate
2356 4767 2476 4824 Dei.
2981 4783 2985 4787 '

293 4849 458 4904 Θεοῦ.

381 4965 398 4997 ι
433 4945 526 5016 Μὴ
573 4940 669 4999 οὖν
705 4948 1088 5018 μεριμνήσητε
1142 4948 1222 5011 εἰς
1269 4949 1370 5019 τὴν
1417 4948 1609 5021 αὔριον
1637 4966 1650 4979 °
1693 4951 1725 5022 ή
1785 4949 1897 5022 γάρ

292 5035 491 5110 αύριον
518 5041 848 5110 μεριμνήσει
889 5041 1214 5112 τὰέαυτῆςο
1245 5042 1480 5110 ἀρκετὸν
1505 5045 1571 5114 τῇ
1626 5044 1812 5115 ἡμέρᾳ
1864 5045 1900 5116 ἡ

293 5129 467 5181 κακία
502 5129 693 5200 αὐτῆς.
732 5142 754 5182 ι
799 5131 1016 5186 Κακίαν
1068 5132 1283 5204 ἡμέρας
1325 5134 1423 5202 τὴν
1477 5135 1771 5207 συντρισὴν
1804 5136 1899 5190 καὶ

291 5223 396 5292 τὴν
419 5223 664 5277 κάκωσιν
695 5225 846 5294 λέγει
867 5241 881 5255 °
904 5247 910 5252 ·
933 5220 1067 5291 οἷον,
1115 5227 1375 5298 Ἀρκετόν
1410 5245 1490 5281 σοι
1519 5229 1600 5283 ὅτι
1635 5229 1897 5302 συντρίδῃ

296 5314 444 5386 ὑπὲρ
473 5318 572 5384 τῆς
623 5318 887 5388 σήμερον,
921 5321 971 5372 sl
1008 5319 1066 5374 δὲ
1099 5322 1194 5374 καὶ
1225 5321 1368 5390 ὑπὲρ
1420 5322 1519 5393 τῆς
1562 5320 1761 5394 αὔριον
1801 5339 1898 5391 με-

299 5410 613 5480 ριμνήσεις,
651 5411 782 5464 πότε
817 5413 1104 5483 σχολάσεις
1134 5413 1213 5486 τῷ
1253 5415 1394 5486 Θεῷ,
1437 5416 1525 5470 ἀεὶ
1584 5404 1916 5488 συντρίϐων’

299 5502 534 5555 σεαυτὴν
564 5502 706 5574 ὑπὲρ
728 5503 836 5557 τῶν
873 5505 1234 5574 σωματικῶν;

908 5619 1164 5675 ΚΕΦΑΛ.
1214 5619 1288 5675 Z'.

295 5707 441 5784 Περὶ
498 5708 606 5784 τοῦ
646 5711 872 5784 κρίνειν
909 5712 1155 5784 μηδένα
1186 5732 1198 5744 ο
1230 5716 1383 5784 ’περὶ
1425 5713 1528 5769 τοῦ
1556 5717 1767 5780 αιτεῖγ,
1800 5717 1901 5768 καὶ

371 5779 600 5847 furcis"
627 5782 780 5862 ,περὶ
825 5779 932 5839 τοῦ
972 5779 1471 5854 προσέχειν’ἁπὸ
1516 5786 1634 5841 τῶν
1674 5787 1899 5858 ψευδο-

368 5866 719 5920 προφητῶν.

378 5981 398 6013 ι
434 5963 529 6032 Μὴ
560 5965 802 6034 κρίνετε,
844 5966 928 6019 ἵνα
971 5966 1045 6038 μὴ
1076 5969 1341 6040 κριθῆτεε
1388 5991 1403 6023 ι
1443 5973 1578 6041 Οὐχὶ
1627 5971 1688 6026 τὸ
1737 5972 1896 6042 ἑλέγσ

295 6070 420 6129 χειν
457 6056 686 6124 κωλύει,
717 6057 853 6112 ἀλλὰ
885 6060 941 6114 τὸ
978 6065 1347 6134 κατακρίνειν.
1390 6065 1445 6119 Ὀ
1477 6065 1573 6137 μὲν
1606 6066 1714 6137 γὰρ
1745 6066 1898 6136 ἔλεγ-

2077 4937 2246 4994 Vsns.
2281 4939 2371 4996 54.
2406 4959 2434 4992 ι
2458 4939 2536 4997 Ne
2569 4941 2736 5012 igitur
2770 4941 2991 4998 solliciti
3024 4944 3147 5000 sitis
3180 4945 3231 4998 in
3260 4945 3603 5016 crastinum:

2004 5049 2128 5089 nam
2162 5035 2280 5090 dies
2302 5035 2579 5092 crastinus
2609 5050 2798 5090 curam
2822 5037 3048 5093 habebit
3069 5038 3332 5109 suiipsius
3358 5057 3372 5094 :
3403 5038 3611 5096 sufﬁcit

2002 5129 2148 5184 enim
2175 5131 2278 5184 diei
2319 5144 2418 5184 sua
2451 5129 2680 5185 malitia.
2709 5148 2729 5182 ι
2763 5129 3026 5187 Malitiam
3075 5131 3208 5198 diei,
3257 5133 3625 5190 amictionem.

2003 5232 2058 5278 et
2081 5223 2449 5280 calamitatem
2493 5234 2675 5280 vocat.
2703 5225 3084 5282 Sullicitenim
3137 5229 3260 5294 tibi,
3309 5232 3456 5300 quod
3508 5231 3608 5284 ho-

2005 5316 2194 5371 dierna
2223 5315 2518 5373 alllictione
2549 5318 2804 5373 obrueris
2833 5331 2847 5376 :
2878 5321 3021 5388 quod
3078 5320 3122 5374 si
3155 5330 3208 5374 et
3241 5336 3337 5390 pro
3362 5321 3609 5376 crastino

2003 5409 2268 5466 sollicitus
2293 5410 2482 5480 fueris,
2507 5412 2723 5481 quando
2753 5414 2974 5468 vacabis
3007 5414 3384 5485 Deo,~semper
3410 5426 3624 5470 tetnetw

2005 5508 2179 5573 ipsum
2200 5503 2455 5560 crucians
2480 5520 2578 5575 pro
2609 5505 2986 5574 corporalibus
3015 5507 3027 5560 !

2616 5621 2850 5680 CAPUT
2888 5623 3000 5678 VII.

2006 5713 2113 5784 35
2141 5712 2294 5779 Quod
2324 5731 2426 5768 non
2458 5703 2615 5769 licent
2650 5716 2714 5768 de
2743 5731 3010 5783 quoquam
3027 5716 3294 5783 judicare.
3329 5715 3608 5781 Quomodo

2076 5797 2246 5852 petere
2275 5796 2322 5838 et
2354 5802 2588 5855 quaerere
2629 5786 2928 5840 debeamus.
2959 5784 3115 5851 Quod
3146 5787 3294 5840 nobis
3317 5789 3608 5841 cavendum

2078 5857 2142 5909 sit
2174 5873 2204 5907 η
2229 5856 2381 5924 falsis
2407 5857 2696 5926 prophetis.

2082 5967 2246 6024 Vens.
2286 5970 2332 6023 l.
2371 5989 2390 6022 ι
2429 5969 2509 6026 Nc
2538 5971 2813 6040 judicetis,
2849 5979 2904 6022 nl
2940 5986 3006 6024 ne
3031 5970 3374 6039 judicetnini.
3421 5992 3438 6023 ι
3484 5969 3608 6024 Nan

2008 6066 2415 6135 reprehendere
2454 6065 2725 6136 prohibet,
2766 6066 2857 6121 sed
2885 6066 3256 6122 con-lmnnare
3299 6082 3312 6120 :
3360 6084 3482 6120 nam
3522 6083 3576 6120 ru
