  <div class='ocr_page' id='page_1' title='image "/cluster/home/n/w/nwhite01/storage/ocr_20150623/123/uva.x004884189/165.png"; bbox 0 0 4034 6598; ppageno 0'>
   <div class='ocr_carea' id='block_1_1' title="bbox 561 363 3822 450">
    <p class='ocr_par' dir='ltr' id='par_1_1' title="bbox 561 363 3822 450">
     <span class='ocr_line' id='line_1_1' title="bbox 561 363 3822 450; baseline -0.007 -1"><span class='ocrx_word' id='word_1_1' title='bbox 561 386 663 450; x_wconf 64' lang='grc' dir='ltr'><strong>ιιι</strong></span> <span class='ocrx_word' id='word_1_2' title='bbox 1405 380 1982 444; x_wconf 73' lang='lat' dir='ltr'><strong>THEOPHYLACTI</strong></span> <span class='ocrx_word' id='word_1_3' title='bbox 2029 379 2435 440; x_wconf 71' lang='lat' dir='ltr'><strong>BULGARl/E</strong></span> <span class='ocrx_word' id='word_1_4' title='bbox 2463 377 2820 439; x_wconf 75' lang='lat' dir='ltr'><strong>ARCHIEP.</strong></span> <span class='ocrx_word' id='word_1_5' title='bbox 3711 363 3822 427; x_wconf 68' lang='grc' dir='ltr'>2ίὲ</span> 
     </span>
    </p>
   </div>
   <div class='ocr_carea' id='block_1_2' title="bbox 559 477 2152 573">
    <p class='ocr_par' dir='ltr' id='par_1_2' title="bbox 559 491 2128 573">
     <span class='ocr_line' id='line_1_2' title="bbox 559 491 2128 573; baseline -0.009 -17"><span class='ocrx_word' id='word_1_6' title='bbox 559 499 852 573; x_wconf 63' lang='lat' dir='ltr'><strong>prehensio</strong></span> <span class='ocrx_word' id='word_1_7' title='bbox 895 496 1043 551; x_wconf 87' lang='lat' dir='ltr'><strong>utilis</strong></span> <span class='ocrx_word' id='word_1_8' title='bbox 1078 501 1183 558; x_wconf 80' lang='lat' dir='ltr'><strong>est,</strong></span> <span class='ocrx_word' id='word_1_9' title='bbox 1224 492 1601 549; x_wconf 78' lang='lat' dir='ltr'><strong>candemnatio</strong></span> <span class='ocrx_word' id='word_1_10' title='bbox 1634 500 1813 546; x_wconf 87' lang='lat' dir='ltr'><strong>autem</strong></span> <span class='ocrx_word' id='word_1_11' title='bbox 1844 491 2128 560; x_wconf 86' lang='lat' dir='ltr'><strong>probrosa,</strong></span> 
     </span>
    </p>
   </div>
   <div class='ocr_carea' id='block_1_3' title="bbox 2230 477 3823 573">
    <p class='ocr_par' dir='ltr' id='par_1_3' title="bbox 2234 477 3823 562">
     <span class='ocr_line' id='line_1_3' title="bbox 2234 477 3823 562; baseline -0.009 -18"><span class='ocrx_word' id='word_1_12' title='bbox 2234 488 2438 562; x_wconf 73' lang='grc' dir='ltr'>χοςὲπὶ</span> <span class='ocrx_word' id='word_1_13' title='bbox 2464 486 2728 557; x_wconf 68' lang='grc' dir='ltr'>ὠφελείᾳ,</span> <span class='ocrx_word' id='word_1_14' title='bbox 2796 485 2965 546; x_wconf 64' lang='grc' dir='ltr'>ἐστὶν,</span> <span class='ocrx_word' id='word_1_15' title='bbox 3004 483 3037 551; x_wconf 84' lang='grc' dir='ltr'><strong>ή</strong></span> <span class='ocrx_word' id='word_1_16' title='bbox 3072 479 3128 534; x_wconf 70' lang='grc' dir='ltr'>δὲ</span> <span class='ocrx_word' id='word_1_17' title='bbox 3161 478 3490 549; x_wconf 81' lang='grc' dir='ltr'>κατάκρισις</span> <span class='ocrx_word' id='word_1_18' title='bbox 3547 477 3642 530; x_wconf 75' lang='grc' dir='ltr'><strong>ἐπὶ</strong></span> <span class='ocrx_word' id='word_1_19' title='bbox 3677 477 3823 530; x_wconf 56' lang='lat' dir='ltr'><strong>6am-</strong></span> 
     </span>
    </p>
   </div>
   <div class='ocr_carea' id='block_1_4' title="bbox 553 571 2146 663">
    <p class='ocr_par' dir='ltr' id='par_1_4' title="bbox 553 571 2128 663">
     <span class='ocr_line' id='line_1_4' title="bbox 553 571 2128 663; baseline -0.008 -13"><span class='ocrx_word' id='word_1_20' title='bbox 553 571 612 650; x_wconf 76' lang='grc' dir='ltr'><strong>ει</strong></span> <span class='ocrx_word' id='word_1_21' title='bbox 643 593 932 663; x_wconf 86' lang='lat' dir='ltr'><strong>despectus</strong></span> <span class='ocrx_word' id='word_1_22' title='bbox 965 589 1158 662; x_wconf 85' lang='lat' dir='ltr'><strong>plena:</strong></span> <span class='ocrx_word' id='word_1_23' title='bbox 1192 587 1274 642; x_wconf 88' lang='lat' dir='ltr'><strong>vel</strong></span> <span class='ocrx_word' id='word_1_24' title='bbox 1327 587 1482 642; x_wconf 82' lang='lat' dir='ltr'><strong>aliter</strong></span> <span class='ocrx_word' id='word_1_25' title='bbox 1525 585 1764 656; x_wconf 89' lang='lat' dir='ltr'><strong>intellige</strong></span> <span class='ocrx_word' id='word_1_26' title='bbox 1795 585 1863 639; x_wconf 82' lang='lat' dir='ltr'><strong>de</strong></span> <span class='ocrx_word' id='word_1_27' title='bbox 1914 598 1978 639; x_wconf 87' lang='lat' dir='ltr'><strong>eo</strong></span> <span class='ocrx_word' id='word_1_28' title='bbox 2013 585 2128 653; x_wconf 86' lang='lat' dir='ltr'><strong>qui,</strong></span> 
     </span>
    </p>
   </div>
   <div class='ocr_carea' id='block_1_5' title="bbox 2229 571 3822 663">
    <p class='ocr_par' dir='ltr' id='par_1_5' title="bbox 2239 571 3822 654">
     <span class='ocr_line' id='line_1_5' title="bbox 2239 571 3822 654; baseline -0.009 -17"><span class='ocrx_word' id='word_1_29' title='bbox 2239 582 2418 654; x_wconf 87' lang='grc' dir='ltr'>δισμῷ</span> <span class='ocrx_word' id='word_1_30' title='bbox 2448 583 2542 634; x_wconf 75' lang='grc' dir='ltr'><strong>καὶ</strong></span> <span class='ocrx_word' id='word_1_31' title='bbox 2572 576 2946 646; x_wconf 75' lang='grc' dir='ltr'>ὲξουδενώσει,</span> <span class='ocrx_word' id='word_1_32' title='bbox 2989 573 3165 637; x_wconf 70' lang='grc' dir='ltr'>ἄλλως</span> <span class='ocrx_word' id='word_1_33' title='bbox 3191 589 3252 626; x_wconf 88' lang='grc' dir='ltr'><strong>τε</strong></span> <span class='ocrx_word' id='word_1_34' title='bbox 3280 573 3371 625; x_wconf 83' lang='grc' dir='ltr'><strong>καὶ</strong></span> <span class='ocrx_word' id='word_1_35' title='bbox 3397 573 3526 624; x_wconf 83' lang='grc' dir='ltr'>δταν</span> <span class='ocrx_word' id='word_1_36' title='bbox 3566 571 3708 640; x_wconf 77' lang='grc' dir='ltr'>ἔχων</span> <span class='ocrx_word' id='word_1_37' title='bbox 3735 587 3822 632; x_wconf 89' lang='grc' dir='ltr'><strong>τις</strong></span> 
     </span>
    </p>
   </div>
   <div class='ocr_carea' id='block_1_6' title="bbox 562 663 2155 756">
    <p class='ocr_par' dir='ltr' id='par_1_6' title="bbox 562 678 2130 756">
     <span class='ocr_line' id='line_1_6' title="bbox 562 678 2130 756; baseline -0.006 -18"><span class='ocrx_word' id='word_1_38' title='bbox 562 684 775 755; x_wconf 79' lang='lat' dir='ltr'><strong>magnis</strong></span> <span class='ocrx_word' id='word_1_39' title='bbox 805 681 1039 754; x_wconf 80' lang='lat' dir='ltr'><strong>peccatis</strong></span> <span class='ocrx_word' id='word_1_40' title='bbox 1069 679 1357 756; x_wconf 79' lang='lat' dir='ltr'><strong>obnoxius,</strong></span> <span class='ocrx_word' id='word_1_41' title='bbox 1388 678 1681 747; x_wconf 84' lang='lat' dir='ltr'><strong>opprobrat</strong></span> <span class='ocrx_word' id='word_1_42' title='bbox 1708 678 1864 742; x_wconf 88' lang='lat' dir='ltr'><strong>alios,</strong></span> <span class='ocrx_word' id='word_1_43' title='bbox 1889 686 1942 730; x_wconf 85' lang='lat' dir='ltr'><strong>et</strong></span> <span class='ocrx_word' id='word_1_44' title='bbox 1978 691 2130 729; x_wconf 81' lang='lat' dir='ltr'><strong>com-</strong></span> 
     </span>
    </p>
   </div>
   <div class='ocr_carea' id='block_1_7' title="bbox 2228 663 3821 756">
    <p class='ocr_par' dir='ltr' id='par_1_7' title="bbox 2241 663 3821 747">
     <span class='ocr_line' id='line_1_7' title="bbox 2241 663 3821 747; baseline -0.012 -17"><span class='ocrx_word' id='word_1_45' title='bbox 2241 676 2483 747; x_wconf 77' lang='grc' dir='ltr'><strong>μεγάλας</strong></span> <span class='ocrx_word' id='word_1_46' title='bbox 2513 671 2811 744; x_wconf 76' lang='grc' dir='ltr'>ἁμαρτίας.</span> <span class='ocrx_word' id='word_1_47' title='bbox 2843 667 3081 739; x_wconf 77' lang='grc' dir='ltr'><strong>ὀνειδίζῃ</strong></span> <span class='ocrx_word' id='word_1_48' title='bbox 3119 665 3352 734; x_wconf 71' lang='grc' dir='ltr'>ἑτέροις,</span> <span class='ocrx_word' id='word_1_49' title='bbox 3379 663 3478 719; x_wconf 75' lang='grc' dir='ltr'><strong>καὶ</strong></span> <span class='ocrx_word' id='word_1_50' title='bbox 3515 663 3821 734; x_wconf 62' lang='grc' dir='ltr'>κατακρίνει</span> 
     </span>
    </p>
   </div>
   <div class='ocr_carea' id='block_1_8' title="bbox 561 755 2154 846">
    <p class='ocr_par' dir='ltr' id='par_1_8' title="bbox 561 767 2130 846">
     <span class='ocr_line' id='line_1_8' title="bbox 561 767 2130 846; baseline -0.005 -16"><span class='ocrx_word' id='word_1_51' title='bbox 561 777 786 831; x_wconf 88' lang='lat' dir='ltr'><strong>demnat</strong></span> <span class='ocrx_word' id='word_1_52' title='bbox 828 775 1004 830; x_wconf 87' lang='lat' dir='ltr'><strong>minus</strong></span> <span class='ocrx_word' id='word_1_53' title='bbox 1051 772 1368 846; x_wconf 72' lang='lat' dir='ltr'><strong>culpabiles,</strong></span> <span class='ocrx_word' id='word_1_54' title='bbox 1399 782 1452 828; x_wconf 92' lang='lat' dir='ltr'><strong>et</strong></span> <span class='ocrx_word' id='word_1_55' title='bbox 1479 773 1531 827; x_wconf 92' lang='lat' dir='ltr'><strong>in</strong></span> <span class='ocrx_word' id='word_1_56' title='bbox 1560 772 1644 826; x_wconf 87' lang='lat' dir='ltr'><strong>bis</strong></span> <span class='ocrx_word' id='word_1_57' title='bbox 1674 785 1791 839; x_wconf 78' lang='lat' dir='ltr'><strong>qua:</strong></span> <span class='ocrx_word' id='word_1_58' title='bbox 1823 767 1963 822; x_wconf 78' lang='lat' dir='ltr'><strong>Deus</strong></span> <span class='ocrx_word' id='word_1_59' title='bbox 1989 768 2130 836; x_wconf 87' lang='lat' dir='ltr'><strong>judi-</strong></span> 
     </span>
    </p>
   </div>
   <div class='ocr_carea' id='block_1_9' title="bbox 2082 755 3675 846">
    <p class='ocr_par' dir='ltr' id='par_1_9' title="bbox 2089 755 3675 832">
     <span class='ocr_line' id='line_1_9' title="bbox 2089 755 3675 832; baseline -0.009 -10"><span class='ocrx_word' id='word_1_60' title='bbox 2089 768 2130 822; x_wconf 87' lang='lat' dir='ltr'><strong>i-</strong></span> <span class='ocrx_word' id='word_1_61' title='bbox 2236 769 2362 830; x_wconf 77' lang='grc' dir='ltr'>τοὺς</span> <span class='ocrx_word' id='word_1_62' title='bbox 2382 765 2643 820; x_wconf 72' lang='grc' dir='ltr'>ἐλάττονα</span> <span class='ocrx_word' id='word_1_63' title='bbox 2685 763 2928 832; x_wconf 76' lang='grc' dir='ltr'>ἔχοντας,</span> <span class='ocrx_word' id='word_1_64' title='bbox 2956 758 2993 814; x_wconf 75' lang='grc' dir='ltr'>ἃ</span> <span class='ocrx_word' id='word_1_65' title='bbox 3013 761 3042 812; x_wconf 92' lang='grc' dir='ltr'><strong>ὀ</strong></span> <span class='ocrx_word' id='word_1_66' title='bbox 3067 757 3203 821; x_wconf 71' lang='grc' dir='ltr'>Θεὸς</span> <span class='ocrx_word' id='word_1_67' title='bbox 3237 755 3675 828; x_wconf 68' lang='grc' dir='ltr'>μιλλεικρίνειν.</span> 
     </span>
    </p>
   </div>
   <div class='ocr_carea' id='block_1_10' title="bbox 560 876 910 924">
    <p class='ocr_par' dir='ltr' id='par_1_10' title="bbox 560 876 910 924">
     <span class='ocr_line' id='line_1_10' title="bbox 560 876 910 924; baseline -0.009 -1"><span class='ocrx_word' id='word_1_68' title='bbox 560 879 780 924; x_wconf 88' lang='lat' dir='ltr'><strong>caturus</strong></span> <span class='ocrx_word' id='word_1_69' title='bbox 809 876 910 923; x_wconf 79' lang='grc' dir='ltr'>εει.</span> 
     </span>
    </p>
   </div>
   <div class='ocr_carea' id='block_1_11' title="bbox 631 924 2224 1028">
    <p class='ocr_par' dir='ltr' id='par_1_11' title="bbox 631 954 2127 1028">
     <span class='ocr_line' id='line_1_11' title="bbox 631 954 2127 1028; baseline -0.004 -15"><span class='ocrx_word' id='word_1_70' title='bbox 631 958 793 1016; x_wconf 69' lang='grc' dir='ltr'>ναις.</span> <span class='ocrx_word' id='word_1_71' title='bbox 823 958 940 1013; x_wconf 76' lang='lat'><strong>2-5.</strong></span> <span class='ocrx_word' id='word_1_72' title='bbox 975 978 994 1010; x_wconf 80' lang='grc' dir='ltr'><strong>ι</strong></span> <span class='ocrx_word' id='word_1_73' title='bbox 1027 957 1142 1027; x_wconf 87' lang='lat' dir='ltr'><strong>Quo</strong></span> <span class='ocrx_word' id='word_1_74' title='bbox 1163 958 1305 1013; x_wconf 92' lang='lat' dir='ltr'><strong>enim</strong></span> <span class='ocrx_word' id='word_1_75' title='bbox 1331 956 1822 1028; x_wconf 86' lang='lat' dir='ltr'><strong>judiciojndicatis,</strong></span> <span class='ocrx_word' id='word_1_76' title='bbox 1853 954 2127 1025; x_wconf 72' lang='lat' dir='ltr'><strong>judicahi-</strong></span> 
     </span>
    </p>
   </div>
   <div class='ocr_carea' id='block_1_12' title="bbox 2229 924 3822 1028">
    <p class='ocr_par' dir='ltr' id='par_1_12' title="bbox 2299 924 3822 1013">
     <span class='ocr_line' id='line_1_12' title="bbox 2299 924 3822 1013; baseline -0.008 -18"><span class='ocrx_word' id='word_1_77' title='bbox 2299 961 2334 1013; x_wconf 55' lang='grc' dir='ltr'>,ι</span> <span class='ocrx_word' id='word_1_78' title='bbox 2387 942 2474 995; x_wconf 82' lang='grc' dir='ltr'>Ἐν</span> <span class='ocrx_word' id='word_1_79' title='bbox 2497 934 2541 1010; x_wconf 84' lang='grc' dir='ltr'>ᾧ</span> <span class='ocrx_word' id='word_1_80' title='bbox 2571 940 2678 1009; x_wconf 80' lang='grc' dir='ltr'><strong>γάρ</strong></span> <span class='ocrx_word' id='word_1_81' title='bbox 2718 937 2958 1010; x_wconf 83' lang='grc' dir='ltr'>κρίνετε,</span> <span class='ocrx_word' id='word_1_82' title='bbox 2983 933 3319 1007; x_wconf 74' lang='grc' dir='ltr'><strong>κριθήσεσθε</strong></span> <span class='ocrx_word' id='word_1_83' title='bbox 3337 949 3352 964; x_wconf 80' lang='grc'><em>’</em></span> <span class='ocrx_word' id='word_1_84' title='bbox 3374 931 3470 987; x_wconf 84' lang='grc' dir='ltr'><strong>καὶ</strong></span> <span class='ocrx_word' id='word_1_85' title='bbox 3489 934 3548 986; x_wconf 70' lang='grc' dir='ltr'><strong>ἐν</strong></span> <span class='ocrx_word' id='word_1_86' title='bbox 3565 924 3612 1001; x_wconf 78' lang='grc' dir='ltr'>ᾧ</span> <span class='ocrx_word' id='word_1_87' title='bbox 3637 931 3822 1002; x_wconf 81' lang='grc' dir='ltr'>μέτρῳ</span> 
     </span>
    </p>
   </div>
   <div class='ocr_carea' id='block_1_13' title="bbox 562 1023 2155 1122">
    <p class='ocr_par' dir='ltr' id='par_1_13' title="bbox 562 1023 2130 1122">
     <span class='ocr_line' id='line_1_13' title="bbox 562 1023 2130 1122; baseline -0.003 -17"><span class='ocrx_word' id='word_1_88' title='bbox 562 1052 693 1106; x_wconf 89' lang='lat' dir='ltr'><strong>mini</strong></span> <span class='ocrx_word' id='word_1_89' title='bbox 726 1071 740 1108; x_wconf 90' lang='lat'><strong>:</strong></span> <span class='ocrx_word' id='word_1_90' title='bbox 783 1061 840 1108; x_wconf 86' lang='lat' dir='ltr'><strong>et</strong></span> <span class='ocrx_word' id='word_1_91' title='bbox 868 1067 972 1122; x_wconf 87' lang='lat' dir='ltr'><strong>qua</strong></span> <span class='ocrx_word' id='word_1_92' title='bbox 1005 1023 1260 1107; x_wconf 68' lang='lat' dir='ltr'><strong>mensura</strong></span> <span class='ocrx_word' id='word_1_93' title='bbox 1313 1023 1602 1116; x_wconf 81' lang='lat' dir='ltr'><strong>metlmini,</strong></span> <span class='ocrx_word' id='word_1_94' title='bbox 1630 1023 1920 1105; x_wconf 80' lang='lat' dir='ltr'><strong>metientur</strong></span> <span class='ocrx_word' id='word_1_95' title='bbox 1954 1049 2130 1102; x_wconf 81' lang='lat' dir='ltr'><strong>vobis.</strong></span> 
     </span>
    </p>
   </div>
   <div class='ocr_carea' id='block_1_14' title="bbox 2231 1023 3824 1122">
    <p class='ocr_par' dir='ltr' id='par_1_14' title="bbox 2241 1023 3824 1106">
     <span class='ocr_line' id='line_1_14' title="bbox 2241 1023 3824 1106; baseline -0.008 -18"><span class='ocrx_word' id='word_1_96' title='bbox 2241 1035 2514 1106; x_wconf 84' lang='grc' dir='ltr'>μετρεῖτε,</span> <span class='ocrx_word' id='word_1_97' title='bbox 2552 1031 2956 1103; x_wconf 75' lang='grc' dir='ltr'><strong>μετρηθήσεται</strong></span> <span class='ocrx_word' id='word_1_98' title='bbox 2989 1029 3140 1099; x_wconf 82' lang='grc' dir='ltr'>ὑμῖν.</span> <span class='ocrx_word' id='word_1_99' title='bbox 3170 1027 3238 1081; x_wconf 85' lang='grc' dir='ltr'>Τί</span> <span class='ocrx_word' id='word_1_100' title='bbox 3262 1026 3321 1080; x_wconf 64' lang='grc' dir='ltr'>δὲ</span> <span class='ocrx_word' id='word_1_101' title='bbox 3352 1024 3581 1095; x_wconf 77' lang='grc' dir='ltr'>βλέπεις</span> <span class='ocrx_word' id='word_1_102' title='bbox 3605 1023 3666 1076; x_wconf 77' lang='grc' dir='ltr'>τὸ</span> <span class='ocrx_word' id='word_1_103' title='bbox 3688 1024 3824 1092; x_wconf 78' lang='grc' dir='ltr'>καρ-</span> 
     </span>
    </p>
   </div>
   <div class='ocr_carea' id='block_1_15' title="bbox 559 1115 2152 1211">
    <p class='ocr_par' dir='ltr' id='par_1_15' title="bbox 559 1115 2131 1211">
     <span class='ocr_line' id='line_1_15' title="bbox 559 1115 2131 1211; baseline -0.004 -14"><span class='ocrx_word' id='word_1_104' title='bbox 559 1142 696 1210; x_wconf 84' lang='lat' dir='ltr'><strong>Quid</strong></span> <span class='ocrx_word' id='word_1_105' title='bbox 724 1115 903 1199; x_wconf 81' lang='lat' dir='ltr'><strong>autem</strong></span> <span class='ocrx_word' id='word_1_106' title='bbox 941 1143 1090 1198; x_wconf 82' lang='lat' dir='ltr'><strong>vides</strong></span> <span class='ocrx_word' id='word_1_107' title='bbox 1123 1143 1382 1198; x_wconf 83' lang='lat' dir='ltr'><strong>festucam</strong></span> <span class='ocrx_word' id='word_1_108' title='bbox 1410 1156 1530 1211; x_wconf 64' lang='lat' dir='ltr'><strong>qua:</strong></span> <span class='ocrx_word' id='word_1_109' title='bbox 1557 1115 1640 1197; x_wconf 85' lang='lat' dir='ltr'><strong>est</strong></span> <span class='ocrx_word' id='word_1_110' title='bbox 1674 1143 1728 1197; x_wconf 87' lang='lat' dir='ltr'><strong>in</strong></span> <span class='ocrx_word' id='word_1_111' title='bbox 1756 1142 1914 1196; x_wconf 86' lang='lat' dir='ltr'><strong>oculo</strong></span> <span class='ocrx_word' id='word_1_112' title='bbox 1949 1139 2131 1194; x_wconf 82' lang='lat' dir='ltr'><strong>fratris</strong></span> 
     </span>
    </p>
   </div>
   <div class='ocr_carea' id='block_1_16' title="bbox 2228 1115 3821 1211">
    <p class='ocr_par' dir='ltr' id='par_1_16' title="bbox 2239 1115 3821 1194">
     <span class='ocr_line' id='line_1_16' title="bbox 2239 1115 3821 1194; baseline -0.008 -16"><span class='ocrx_word' id='word_1_113' title='bbox 2239 1141 2337 1194; x_wconf 86' lang='grc' dir='ltr'><strong>φος</strong></span> <span class='ocrx_word' id='word_1_114' title='bbox 2369 1127 2430 1177; x_wconf 79' lang='grc' dir='ltr'>τὸ</span> <span class='ocrx_word' id='word_1_115' title='bbox 2465 1126 2524 1176; x_wconf 76' lang='grc' dir='ltr'>ὲν</span> <span class='ocrx_word' id='word_1_116' title='bbox 2556 1123 2634 1192; x_wconf 82' lang='grc' dir='ltr'><strong>τῷ</strong></span> <span class='ocrx_word' id='word_1_117' title='bbox 2667 1120 2935 1193; x_wconf 85' lang='grc' dir='ltr'>ὀφθαλμῷ</span> <span class='ocrx_word' id='word_1_118' title='bbox 2978 1119 3075 1174; x_wconf 89' lang='grc' dir='ltr'><strong>τοῦ</strong></span> <span class='ocrx_word' id='word_1_119' title='bbox 3105 1115 3339 1187; x_wconf 75' lang='grc' dir='ltr'>ἀδελφοῦ</span> <span class='ocrx_word' id='word_1_120' title='bbox 3393 1131 3514 1181; x_wconf 89' lang='grc' dir='ltr'>σου,</span> <span class='ocrx_word' id='word_1_121' title='bbox 3548 1117 3648 1184; x_wconf 68' lang='grc' dir='ltr'><strong>τὴν</strong></span> <span class='ocrx_word' id='word_1_122' title='bbox 3672 1115 3728 1168; x_wconf 74' lang='grc' dir='ltr'>δὲ</span> <span class='ocrx_word' id='word_1_123' title='bbox 3761 1116 3821 1166; x_wconf 68' lang='grc' dir='ltr'><strong>ιν</strong></span> 
     </span>
    </p>
   </div>
   <div class='ocr_carea' id='block_1_17' title="bbox 561 1207 2154 1308">
    <p class='ocr_par' dir='ltr' id='par_1_17' title="bbox 561 1207 2132 1303">
     <span class='ocr_line' id='line_1_17' title="bbox 561 1207 2132 1303; baseline -0.005 -15"><span class='ocrx_word' id='word_1_124' title='bbox 561 1207 658 1298; x_wconf 78' lang='lat' dir='ltr'><strong>tui,</strong></span> <span class='ocrx_word' id='word_1_125' title='bbox 687 1237 894 1290; x_wconf 94' lang='lat' dir='ltr'><strong>trabem</strong></span> <span class='ocrx_word' id='word_1_126' title='bbox 944 1244 1120 1288; x_wconf 84' lang='lat' dir='ltr'><strong>autem</strong></span> <span class='ocrx_word' id='word_1_127' title='bbox 1143 1247 1260 1303; x_wconf 60' lang='lat' dir='ltr'><strong>qua</strong></span> <span class='ocrx_word' id='word_1_128' title='bbox 1278 1240 1362 1288; x_wconf 86' lang='lat' dir='ltr'><strong>est</strong></span> <span class='ocrx_word' id='word_1_129' title='bbox 1389 1207 1440 1286; x_wconf 80' lang='lat' dir='ltr'><strong>in</strong></span> <span class='ocrx_word' id='word_1_130' title='bbox 1463 1231 1620 1287; x_wconf 92' lang='lat' dir='ltr'><strong>ocqu</strong></span> <span class='ocrx_word' id='word_1_131' title='bbox 1666 1240 1759 1287; x_wconf 92' lang='lat' dir='ltr'><strong>tuo</strong></span> <span class='ocrx_word' id='word_1_132' title='bbox 1803 1246 1908 1286; x_wconf 89' lang='lat' dir='ltr'><strong>non</strong></span> <span class='ocrx_word' id='word_1_133' title='bbox 1941 1227 2132 1282; x_wconf 75' lang='lat' dir='ltr'><strong>vides?</strong></span> 
     </span>
    </p>
   </div>
   <div class='ocr_carea' id='block_1_18' title="bbox 2229 1207 3822 1308">
    <p class='ocr_par' dir='ltr' id='par_1_18' title="bbox 2237 1207 3822 1286">
     <span class='ocr_line' id='line_1_18' title="bbox 2237 1207 3822 1286; baseline -0.008 -17"><span class='ocrx_word' id='word_1_134' title='bbox 2237 1215 2320 1286; x_wconf 84' lang='grc' dir='ltr'>τῷ</span> <span class='ocrx_word' id='word_1_135' title='bbox 2353 1214 2431 1284; x_wconf 82' lang='grc' dir='ltr'><strong>σῷ</strong></span> <span class='ocrx_word' id='word_1_136' title='bbox 2482 1213 2748 1284; x_wconf 79' lang='grc' dir='ltr'>ὀφθαλμῷ</span> <span class='ocrx_word' id='word_1_137' title='bbox 2781 1212 2941 1266; x_wconf 84' lang='grc' dir='ltr'>δοκδν</span> <span class='ocrx_word' id='word_1_138' title='bbox 2979 1212 3041 1265; x_wconf 81' lang='grc' dir='ltr'><strong>οὐ</strong></span> <span class='ocrx_word' id='word_1_139' title='bbox 3077 1211 3399 1275; x_wconf 78' lang='grc' dir='ltr'>κατανοεῖςς</span> <span class='ocrx_word' id='word_1_140' title='bbox 3441 1208 3474 1278; x_wconf 77' lang='grc' dir='ltr'>ἢ</span> <span class='ocrx_word' id='word_1_141' title='bbox 3530 1207 3647 1270; x_wconf 74' lang='grc' dir='ltr'><strong>πῶς</strong></span> <span class='ocrx_word' id='word_1_142' title='bbox 3679 1208 3822 1277; x_wconf 74' lang='grc' dir='ltr'>ἐρεῖς</span> 
     </span>
    </p>
   </div>
   <div class='ocr_carea' id='block_1_19' title="bbox 562 1300 2155 1395">
    <p class='ocr_par' dir='ltr' id='par_1_19' title="bbox 562 1300 2130 1395">
     <span class='ocr_line' id='line_1_19' title="bbox 562 1300 2130 1395; baseline -0.007 -15"><span class='ocrx_word' id='word_1_143' title='bbox 562 1327 670 1380; x_wconf 83' lang='lat' dir='ltr'><strong>Aut</strong></span> <span class='ocrx_word' id='word_1_144' title='bbox 701 1325 969 1395; x_wconf 89' lang='lat' dir='ltr'><strong>quomodo</strong></span> <span class='ocrx_word' id='word_1_145' title='bbox 997 1300 1340 1380; x_wconf 36' lang='lat' dir='ltr'><strong>dices—fratri</strong></span> <span class='ocrx_word' id='word_1_146' title='bbox 1380 1331 1492 1389; x_wconf 86' lang='lat' dir='ltr'><strong>tuo,</strong></span> <span class='ocrx_word' id='word_1_147' title='bbox 1531 1318 1662 1376; x_wconf 85' lang='lat' dir='ltr'><strong>Sine</strong></span> <span class='ocrx_word' id='word_1_148' title='bbox 1711 1320 1922 1390; x_wconf 73' lang='lat' dir='ltr'><strong>eiiciam</strong></span> <span class='ocrx_word' id='word_1_149' title='bbox 1964 1318 2130 1372; x_wconf 85' lang='lat' dir='ltr'><strong>festu-</strong></span> 
     </span>
    </p>
   </div>
   <div class='ocr_carea' id='block_1_20' title="bbox 2226 1300 3819 1395">
    <p class='ocr_par' dir='ltr' id='par_1_20' title="bbox 2236 1300 3819 1384">
     <span class='ocr_line' id='line_1_20' title="bbox 2236 1300 3819 1384; baseline -0.006 -23"><span class='ocrx_word' id='word_1_150' title='bbox 2236 1308 2314 1384; x_wconf 69' lang='grc' dir='ltr'><strong>τῷ</strong></span> <span class='ocrx_word' id='word_1_151' title='bbox 2344 1305 2561 1376; x_wconf 79' lang='grc' dir='ltr'>ἀδελφῷ</span> <span class='ocrx_word' id='word_1_152' title='bbox 2599 1323 2716 1371; x_wconf 90' lang='grc' dir='ltr'>σου,</span> <span class='ocrx_word' id='word_1_153' title='bbox 2752 1307 2924 1372; x_wconf 69' lang='grc' dir='ltr'>’Δρφες</span> <span class='ocrx_word' id='word_1_154' title='bbox 2961 1303 3180 1358; x_wconf 77' lang='grc' dir='ltr'>ὲκὸἀλω</span> <span class='ocrx_word' id='word_1_155' title='bbox 3215 1301 3278 1355; x_wconf 84' lang='grc' dir='ltr'>τὸ</span> <span class='ocrx_word' id='word_1_156' title='bbox 3314 1300 3529 1371; x_wconf 85' lang='grc' dir='ltr'>κάρφος</span> <span class='ocrx_word' id='word_1_157' title='bbox 3585 1300 3694 1352; x_wconf 71' lang='grc' dir='ltr'>ἀπὺ</span> <span class='ocrx_word' id='word_1_158' title='bbox 3725 1300 3819 1352; x_wconf 86' lang='grc' dir='ltr'><strong>τοῦ</strong></span> 
     </span>
    </p>
   </div>
   <div class='ocr_carea' id='block_1_21' title="bbox 560 1393 2153 1478">
    <p class='ocr_par' dir='ltr' id='par_1_21' title="bbox 560 1393 2132 1478">
     <span class='ocr_line' id='line_1_21' title="bbox 560 1393 2132 1478; baseline -0.006 -8"><span class='ocrx_word' id='word_1_159' title='bbox 560 1431 680 1470; x_wconf 73' lang='lat' dir='ltr'><strong>ram</strong></span> <span class='ocrx_word' id='word_1_160' title='bbox 720 1393 805 1470; x_wconf 13' lang='lat' dir='ltr'><strong>fex</strong></span> <span class='ocrx_word' id='word_1_161' title='bbox 865 1413 1020 1470; x_wconf 91' lang='lat' dir='ltr'><strong>oculo</strong></span> <span class='ocrx_word' id='word_1_162' title='bbox 1068 1421 1180 1478; x_wconf 87' lang='lat' dir='ltr'><strong>tuo,</strong></span> <span class='ocrx_word' id='word_1_163' title='bbox 1234 1422 1290 1468; x_wconf 91' lang='lat' dir='ltr'><strong>et</strong></span> <span class='ocrx_word' id='word_1_164' title='bbox 1322 1426 1455 1468; x_wconf 88' lang='lat' dir='ltr'><strong>ecce</strong></span> <span class='ocrx_word' id='word_1_165' title='bbox 1516 1413 1664 1467; x_wconf 83' lang='lat' dir='ltr'><strong>trabs</strong></span> <span class='ocrx_word' id='word_1_166' title='bbox 1701 1411 1754 1466; x_wconf 92' lang='lat' dir='ltr'><strong>in</strong></span> <span class='ocrx_word' id='word_1_167' title='bbox 1805 1410 1958 1464; x_wconf 89' lang='lat' dir='ltr'><strong>oculo</strong></span> <span class='ocrx_word' id='word_1_168' title='bbox 2004 1407 2132 1463; x_wconf 79' lang='lat' dir='ltr'><strong>tuo?</strong></span> 
     </span>
    </p>
   </div>
   <div class='ocr_carea' id='block_1_22' title="bbox 2226 1393 3819 1478">
    <p class='ocr_par' dir='ltr' id='par_1_22' title="bbox 2237 1393 3819 1470">
     <span class='ocr_line' id='line_1_22' title="bbox 2237 1393 3819 1470; baseline -0.006 -16"><span class='ocrx_word' id='word_1_169' title='bbox 2237 1398 2520 1470; x_wconf 79' lang='grc' dir='ltr'><strong>ὀφθαλμοῦ</strong></span> <span class='ocrx_word' id='word_1_170' title='bbox 2550 1416 2670 1462; x_wconf 89' lang='grc' dir='ltr'>σου,</span> <span class='ocrx_word' id='word_1_171' title='bbox 2696 1401 2788 1452; x_wconf 74' lang='grc' dir='ltr'>καὶ</span> <span class='ocrx_word' id='word_1_172' title='bbox 2812 1398 2976 1468; x_wconf 79' lang='grc' dir='ltr'>ίδοὺὴ</span> <span class='ocrx_word' id='word_1_173' title='bbox 3001 1397 3155 1458; x_wconf 74' lang='grc' dir='ltr'>δοκὸς</span> <span class='ocrx_word' id='word_1_174' title='bbox 3187 1397 3247 1452; x_wconf 70' lang='grc' dir='ltr'>ἑν</span> <span class='ocrx_word' id='word_1_175' title='bbox 3275 1394 3354 1467; x_wconf 84' lang='grc' dir='ltr'>τῷ</span> <span class='ocrx_word' id='word_1_176' title='bbox 3394 1393 3665 1463; x_wconf 79' lang='grc' dir='ltr'>ὀφθαλμῷ</span> <span class='ocrx_word' id='word_1_177' title='bbox 3687 1410 3780 1445; x_wconf 83' lang='grc' dir='ltr'><strong>σου</strong></span> <span class='ocrx_word' id='word_1_178' title='bbox 3805 1409 3819 1456; x_wconf 90' lang='lat'><strong>;</strong></span> 
     </span>
    </p>
   </div>
   <div class='ocr_carea' id='block_1_23' title="bbox 565 1486 2158 1576">
    <p class='ocr_par' dir='ltr' id='par_1_23' title="bbox 565 1502 2134 1576">
     <span class='ocr_line' id='line_1_23' title="bbox 565 1502 2134 1576; baseline -0.006 -13"><span class='ocrx_word' id='word_1_179' title='bbox 565 1505 873 1576; x_wconf 75' lang='lat' dir='ltr'><strong>llypocrita,</strong></span> <span class='ocrx_word' id='word_1_180' title='bbox 920 1504 1054 1572; x_wconf 84' lang='lat' dir='ltr'><strong>ejice</strong></span> <span class='ocrx_word' id='word_1_181' title='bbox 1099 1505 1331 1574; x_wconf 90' lang='lat' dir='ltr'><strong>primum</strong></span> <span class='ocrx_word' id='word_1_182' title='bbox 1378 1505 1582 1559; x_wconf 87' lang='lat' dir='ltr'><strong>trabem</strong></span> <span class='ocrx_word' id='word_1_183' title='bbox 1631 1519 1701 1558; x_wconf 78' lang='lat' dir='ltr'><strong>ex</strong></span> <span class='ocrx_word' id='word_1_184' title='bbox 1743 1502 1896 1557; x_wconf 83' lang='lat' dir='ltr'><strong>oculo</strong></span> <span class='ocrx_word' id='word_1_185' title='bbox 1934 1511 2044 1566; x_wconf 90' lang='lat' dir='ltr'><strong>tuo,</strong></span> <span class='ocrx_word' id='word_1_186' title='bbox 2078 1511 2134 1554; x_wconf 89' lang='lat' dir='ltr'><strong>ct</strong></span> 
     </span>
    </p>
   </div>
   <div class='ocr_carea' id='block_1_24' title="bbox 2230 1486 3823 1576">
    <p class='ocr_par' dir='ltr' id='par_1_24' title="bbox 2249 1486 3823 1564">
     <span class='ocr_line' id='line_1_24' title="bbox 2249 1486 3823 1564; baseline -0.006 -17"><span class='ocrx_word' id='word_1_187' title='bbox 2249 1492 2575 1564; x_wconf 85' lang='grc' dir='ltr'>’Υποκριτά,</span> <span class='ocrx_word' id='word_1_188' title='bbox 2605 1490 2799 1545; x_wconf 75' lang='grc' dir='ltr'>ἔκϐαλε</span> <span class='ocrx_word' id='word_1_189' title='bbox 2835 1491 3057 1561; x_wconf 83' lang='grc' dir='ltr'>πρῶτον</span> <span class='ocrx_word' id='word_1_190' title='bbox 3086 1489 3186 1562; x_wconf 79' lang='grc' dir='ltr'>τὴν</span> <span class='ocrx_word' id='word_1_191' title='bbox 3210 1489 3368 1543; x_wconf 82' lang='grc' dir='ltr'>δοκὸν</span> <span class='ocrx_word' id='word_1_192' title='bbox 3402 1490 3464 1540; x_wconf 81' lang='grc' dir='ltr'>ἑκ</span> <span class='ocrx_word' id='word_1_193' title='bbox 3487 1486 3582 1540; x_wconf 90' lang='grc' dir='ltr'><strong>τοῦ</strong></span> <span class='ocrx_word' id='word_1_194' title='bbox 3618 1487 3823 1554; x_wconf 65' lang='grc' dir='ltr'>ὀφθαλ-</span> 
     </span>
    </p>
   </div>
   <div class='ocr_carea' id='block_1_25' title="bbox 561 1578 2154 1674">
    <p class='ocr_par' dir='ltr' id='par_1_25' title="bbox 561 1594 2132 1666">
     <span class='ocr_line' id='line_1_25' title="bbox 561 1594 2132 1666; baseline -0.001 -18"><span class='ocrx_word' id='word_1_195' title='bbox 561 1609 688 1650; x_wconf 88' lang='lat' dir='ltr'><strong>tunc</strong></span> <span class='ocrx_word' id='word_1_196' title='bbox 733 1595 936 1651; x_wconf 90' lang='lat' dir='ltr'><strong>videbis</strong></span> <span class='ocrx_word' id='word_1_197' title='bbox 987 1606 1046 1650; x_wconf 92' lang='lat' dir='ltr'><strong>ut</strong></span> <span class='ocrx_word' id='word_1_198' title='bbox 1097 1596 1286 1666; x_wconf 88' lang='lat' dir='ltr'><strong>ejicias</strong></span> <span class='ocrx_word' id='word_1_199' title='bbox 1330 1595 1595 1652; x_wconf 76' lang='lat' dir='ltr'><strong>festucam</strong></span> <span class='ocrx_word' id='word_1_200' title='bbox 1646 1610 1712 1648; x_wconf 84' lang='lat' dir='ltr'><strong>cx</strong></span> <span class='ocrx_word' id='word_1_201' title='bbox 1750 1594 1905 1649; x_wconf 92' lang='lat' dir='ltr'><strong>oculo</strong></span> <span class='ocrx_word' id='word_1_202' title='bbox 1949 1594 2132 1649; x_wconf 82' lang='lat' dir='ltr'><strong>fratris</strong></span> 
     </span>
    </p>
   </div>
   <div class='ocr_carea' id='block_1_26' title="bbox 2229 1578 3822 1674">
    <p class='ocr_par' dir='ltr' id='par_1_26' title="bbox 2240 1578 3822 1674">
     <span class='ocr_line' id='line_1_26' title="bbox 2240 1578 3822 1674; baseline -0.006 -35"><span class='ocrx_word' id='word_1_203' title='bbox 2240 1585 2343 1655; x_wconf 88' lang='grc' dir='ltr'><strong>μοῦ</strong></span> <span class='ocrx_word' id='word_1_204' title='bbox 2373 1583 2490 1649; x_wconf 90' lang='grc' dir='ltr'>σοῦ,</span> <span class='ocrx_word' id='word_1_205' title='bbox 2519 1585 2614 1638; x_wconf 78' lang='grc' dir='ltr'>καὶ</span> <span class='ocrx_word' id='word_1_206' title='bbox 2653 1585 2773 1636; x_wconf 76' lang='grc' dir='ltr'>τότε</span> <span class='ocrx_word' id='word_1_207' title='bbox 2808 1581 3120 1650; x_wconf 74' lang='grc' dir='ltr'>διαϐλέψεις</span> <span class='ocrx_word' id='word_1_208' title='bbox 3158 1581 3408 1634; x_wconf 61' lang='grc' dir='ltr'>ἐκϐαλεῖν</span> <span class='ocrx_word' id='word_1_209' title='bbox 3428 1578 3490 1632; x_wconf 81' lang='grc' dir='ltr'>τὸ</span> <span class='ocrx_word' id='word_1_210' title='bbox 3505 1580 3731 1674; x_wconf 56' lang='grc' dir='ltr'>,κάρφος</span> <span class='ocrx_word' id='word_1_211' title='bbox 3757 1581 3822 1630; x_wconf 79' lang='grc' dir='ltr'>ἐκ</span> 
     </span>
    </p>
   </div>
   <div class='ocr_carea' id='block_1_27' title="bbox 560 1667 2153 1758">
    <p class='ocr_par' dir='ltr' id='par_1_27' title="bbox 560 1687 2127 1758">
     <span class='ocr_line' id='line_1_27' title="bbox 560 1687 2127 1758; baseline 0.001 -18"><span class='ocrx_word' id='word_1_212' title='bbox 560 1691 652 1743; x_wconf 82' lang='lat' dir='ltr'><strong>tui.</strong></span> <span class='ocrx_word' id='word_1_213' title='bbox 691 1707 709 1740; x_wconf 76' lang='grc' dir='ltr'><strong>ι</strong></span> <span class='ocrx_word' id='word_1_214' title='bbox 737 1687 1060 1758; x_wconf 82' lang='lat' dir='ltr'><strong>Carpturum</strong></span> <span class='ocrx_word' id='word_1_215' title='bbox 1107 1688 1240 1744; x_wconf 90' lang='lat' dir='ltr'><strong>alios</strong></span> <span class='ocrx_word' id='word_1_216' title='bbox 1272 1697 1488 1758; x_wconf 90' lang='lat' dir='ltr'><strong>oportet</strong></span> <span class='ocrx_word' id='word_1_217' title='bbox 1532 1687 1936 1742; x_wconf 82' lang='lat' dir='ltr'><strong>immaculatum</strong></span> <span class='ocrx_word' id='word_1_218' title='bbox 1987 1703 2127 1744; x_wconf 87' lang='lat' dir='ltr'><strong>esse.</strong></span> 
     </span>
    </p>
   </div>
   <div class='ocr_carea' id='block_1_28' title="bbox 2228 1667 3821 1758">
    <p class='ocr_par' dir='ltr' id='par_1_28' title="bbox 2235 1667 3821 1745">
     <span class='ocr_line' id='line_1_28' title="bbox 2235 1667 3821 1745; baseline -0.008 -15"><span class='ocrx_word' id='word_1_219' title='bbox 2235 1675 2331 1730; x_wconf 89' lang='grc' dir='ltr'><strong>τοῦ</strong></span> <span class='ocrx_word' id='word_1_220' title='bbox 2371 1672 2654 1745; x_wconf 77' lang='grc' dir='ltr'>ὀφθαλμοῦ</span> <span class='ocrx_word' id='word_1_221' title='bbox 2720 1671 2815 1726; x_wconf 87' lang='grc' dir='ltr'><strong>τοῦ</strong></span> <span class='ocrx_word' id='word_1_222' title='bbox 2869 1669 3104 1739; x_wconf 80' lang='grc' dir='ltr'>ἀδελφοῦ</span> <span class='ocrx_word' id='word_1_223' title='bbox 3160 1687 3278 1724; x_wconf 89' lang='grc' dir='ltr'>σου.</span> <span class='ocrx_word' id='word_1_224' title='bbox 3319 1688 3338 1721; x_wconf 78' lang='grc' dir='ltr'><strong>ι</strong></span> <span class='ocrx_word' id='word_1_225' title='bbox 3383 1667 3527 1721; x_wconf 73' lang='grc' dir='ltr'><strong>Τὸν⁷</strong></span> <span class='ocrx_word' id='word_1_226' title='bbox 3551 1667 3821 1736; x_wconf 80' lang='grc' dir='ltr'>μέλλοντα</span> 
     </span>
    </p>
   </div>
   <div class='ocr_carea' id='block_1_29' title="bbox 559 1757 2152 1849">
    <p class='ocr_par' dir='ltr' id='par_1_29' title="bbox 559 1757 2129 1849">
     <span class='ocr_line' id='line_1_29' title="bbox 559 1757 2129 1849; baseline -0.001 -16"><span class='ocrx_word' id='word_1_227' title='bbox 559 1779 690 1833; x_wconf 84' lang='lat' dir='ltr'><strong>Nam</strong></span> <span class='ocrx_word' id='word_1_228' title='bbox 724 1757 926 1834; x_wconf 78' lang='lat' dir='ltr'><strong>habens</strong></span> <span class='ocrx_word' id='word_1_229' title='bbox 956 1781 1160 1836; x_wconf 83' lang='lat' dir='ltr'><strong>trabem</strong></span> <span class='ocrx_word' id='word_1_230' title='bbox 1196 1781 1248 1834; x_wconf 90' lang='lat' dir='ltr'><strong>in</strong></span> <span class='ocrx_word' id='word_1_231' title='bbox 1281 1757 1436 1834; x_wconf 90' lang='lat' dir='ltr'><strong>oculo</strong></span> <span class='ocrx_word' id='word_1_232' title='bbox 1474 1795 1594 1844; x_wconf 89' lang='lat' dir='ltr'><strong>suo,</strong></span> <span class='ocrx_word' id='word_1_233' title='bbox 1632 1781 1732 1834; x_wconf 82' lang='lat' dir='ltr'><strong>hoc</strong></span> <span class='ocrx_word' id='word_1_234' title='bbox 1758 1790 1842 1834; x_wconf 91' lang='lat' dir='ltr'><strong>est</strong></span> <span class='ocrx_word' id='word_1_235' title='bbox 1877 1794 2129 1849; x_wconf 88' lang='lat' dir='ltr'><strong>magnum</strong></span> 
     </span>
    </p>
   </div>
   <div class='ocr_carea' id='block_1_30' title="bbox 2229 1757 3822 1849">
    <p class='ocr_par' dir='ltr' id='par_1_30' title="bbox 2239 1757 3822 1839">
     <span class='ocr_line' id='line_1_30' title="bbox 2239 1757 3822 1839; baseline -0.008 -16"><span class='ocrx_word' id='word_1_236' title='bbox 2239 1769 2590 1839; x_wconf 69' lang='grc' dir='ltr'><strong>ἐπιπλήττειν</strong></span> <span class='ocrx_word' id='word_1_237' title='bbox 2652 1765 2834 1830; x_wconf 74' lang='grc' dir='ltr'>ἄλλοις</span> <span class='ocrx_word' id='word_1_238' title='bbox 2858 1766 2940 1819; x_wconf 86' lang='grc' dir='ltr'><strong>δεῖ</strong></span> <span class='ocrx_word' id='word_1_239' title='bbox 2968 1764 3206 1835; x_wconf 75' lang='grc' dir='ltr'>ἄμωμον</span> <span class='ocrx_word' id='word_1_240' title='bbox 3235 1757 3394 1817; x_wconf 72' lang='grc' dir='ltr'>εἶναι.</span> <span class='ocrx_word' id='word_1_241' title='bbox 3431 1762 3495 1815; x_wconf 81' lang='lat' dir='ltr'><strong>Ei</strong></span> <span class='ocrx_word' id='word_1_242' title='bbox 3525 1760 3636 1831; x_wconf 75' lang='grc' dir='ltr'>γὰρ</span> <span class='ocrx_word' id='word_1_243' title='bbox 3659 1759 3822 1821; x_wconf 64' lang='grc' dir='ltr'>αὐτὸς</span> 
     </span>
    </p>
   </div>
   <div class='ocr_carea' id='block_1_31' title="bbox 559 1851 2152 1941">
    <p class='ocr_par' dir='ltr' id='par_1_31' title="bbox 559 1869 2134 1941">
     <span class='ocr_line' id='line_1_31' title="bbox 559 1869 2134 1941; baseline 0 -19"><span class='ocrx_word' id='word_1_244' title='bbox 559 1872 785 1938; x_wconf 76' lang='lat' dir='ltr'><strong>lignum,</strong></span> <span class='ocrx_word' id='word_1_245' title='bbox 823 1870 1028 1926; x_wconf 79' lang='lat' dir='ltr'><strong>Scilicet</strong></span> <span class='ocrx_word' id='word_1_246' title='bbox 1083 1879 1387 1941; x_wconf 81' lang='lat' dir='ltr'><strong>peccatum,</strong></span> <span class='ocrx_word' id='word_1_247' title='bbox 1437 1882 1488 1923; x_wconf 91' lang='lat' dir='ltr'><strong>et</strong></span> <span class='ocrx_word' id='word_1_248' title='bbox 1534 1870 1924 1940; x_wconf 81' lang='lat' dir='ltr'><strong>reprehendens</strong></span> <span class='ocrx_word' id='word_1_249' title='bbox 1968 1869 2134 1922; x_wconf 87' lang='lat' dir='ltr'><strong>alium</strong></span> 
     </span>
    </p>
   </div>
   <div class='ocr_carea' id='block_1_32' title="bbox 2226 1851 3819 1941">
    <p class='ocr_par' dir='ltr' id='par_1_32' title="bbox 2237 1851 3819 1929">
     <span class='ocr_line' id='line_1_32' title="bbox 2237 1851 3819 1929; baseline -0.009 -15"><span class='ocrx_word' id='word_1_250' title='bbox 2237 1860 2392 1914; x_wconf 72' lang='grc' dir='ltr'>δοκὸν</span> <span class='ocrx_word' id='word_1_251' title='bbox 2426 1859 2568 1929; x_wconf 70' lang='grc' dir='ltr'>ἔχων</span> <span class='ocrx_word' id='word_1_252' title='bbox 2601 1859 2658 1914; x_wconf 80' lang='grc' dir='ltr'>ὲν</span> <span class='ocrx_word' id='word_1_253' title='bbox 2687 1857 2765 1928; x_wconf 84' lang='grc' dir='ltr'>τῷ</span> <span class='ocrx_word' id='word_1_254' title='bbox 2814 1855 3101 1926; x_wconf 81' lang='grc' dir='ltr'>ὀφθαλμῷ,</span> <span class='ocrx_word' id='word_1_255' title='bbox 3129 1852 3401 1916; x_wconf 72' lang='grc' dir='ltr'>τουτέστι,</span> <span class='ocrx_word' id='word_1_256' title='bbox 3456 1852 3601 1922; x_wconf 81' lang='grc' dir='ltr'>μέγα</span> <span class='ocrx_word' id='word_1_257' title='bbox 3641 1851 3819 1916; x_wconf 79' lang='grc' dir='ltr'>ξύλον,</span> 
     </span>
    </p>
   </div>
   <div class='ocr_carea' id='block_1_33' title="bbox 564 1945 2157 2031">
    <p class='ocr_par' dir='ltr' id='par_1_33' title="bbox 564 1959 2128 2031">
     <span class='ocr_line' id='line_1_33' title="bbox 564 1959 2128 2031; baseline -0.002 -13"><span class='ocrx_word' id='word_1_258' title='bbox 564 1967 821 2018; x_wconf 66' lang='lat' dir='ltr'><strong>festucam</strong></span> <span class='ocrx_word' id='word_1_259' title='bbox 886 1964 1194 2029; x_wconf 88' lang='lat' dir='ltr'><strong>habentem,</strong></span> <span class='ocrx_word' id='word_1_260' title='bbox 1253 1961 1701 2031; x_wconf 86' lang='lat' dir='ltr'><strong>impudentiorem</strong></span> <span class='ocrx_word' id='word_1_261' title='bbox 1767 1961 1915 2016; x_wconf 89' lang='lat' dir='ltr'><strong>illum</strong></span> <span class='ocrx_word' id='word_1_262' title='bbox 1979 1959 2128 2015; x_wconf 83' lang='lat' dir='ltr'><strong>facit.</strong></span> 
     </span>
    </p>
   </div>
   <div class='ocr_carea' id='block_1_34' title="bbox 2226 1945 3819 2031">
    <p class='ocr_par' dir='ltr' id='par_1_34' title="bbox 2238 1945 3819 2023">
     <span class='ocr_line' id='line_1_34' title="bbox 2238 1945 3819 2023; baseline -0.006 -18"><span class='ocrx_word' id='word_1_263' title='bbox 2238 1953 2358 2022; x_wconf 82' lang='grc' dir='ltr'>ήτοι</span> <span class='ocrx_word' id='word_1_264' title='bbox 2402 1951 2732 2023; x_wconf 76' lang='grc' dir='ltr'>ἁμάρτημα,</span> <span class='ocrx_word' id='word_1_265' title='bbox 2785 1949 3160 2018; x_wconf 68' lang='grc' dir='ltr'>ἐπιμέμφεται</span> <span class='ocrx_word' id='word_1_266' title='bbox 3190 1947 3334 2017; x_wconf 81' lang='grc' dir='ltr'>ἀλλῳ</span> <span class='ocrx_word' id='word_1_267' title='bbox 3365 1947 3576 2015; x_wconf 72' lang='grc' dir='ltr'>κάρφος</span> <span class='ocrx_word' id='word_1_268' title='bbox 3619 1945 3819 2015; x_wconf 78' lang='grc' dir='ltr'>ἔχοντι,</span> 
     </span>
    </p>
   </div>
   <div class='ocr_carea' id='block_1_35' title="bbox 561 2039 2154 2126">
    <p class='ocr_par' dir='ltr' id='par_1_35' title="bbox 561 2056 2134 2126">
     <span class='ocr_line' id='line_1_35' title="bbox 561 2056 2134 2126; baseline -0.002 -15"><span class='ocrx_word' id='word_1_269' title='bbox 561 2056 808 2111; x_wconf 69' lang='lat' dir='ltr'><strong>Ostendit</strong></span> <span class='ocrx_word' id='word_1_270' title='bbox 833 2066 1007 2110; x_wconf 87' lang='lat' dir='ltr'><strong>autem</strong></span> <span class='ocrx_word' id='word_1_271' title='bbox 1037 2056 1310 2120; x_wconf 85' lang='lat' dir='ltr'><strong>Dominus,</strong></span> <span class='ocrx_word' id='word_1_272' title='bbox 1331 2056 1472 2122; x_wconf 89' lang='lat' dir='ltr'><strong>quod</strong></span> <span class='ocrx_word' id='word_1_273' title='bbox 1507 2069 1731 2126; x_wconf 88' lang='lat' dir='ltr'><strong>magnus</strong></span> <span class='ocrx_word' id='word_1_274' title='bbox 1755 2064 2004 2124; x_wconf 88' lang='lat' dir='ltr'><strong>peccator</strong></span> <span class='ocrx_word' id='word_1_275' title='bbox 2029 2068 2134 2108; x_wconf 91' lang='lat' dir='ltr'><strong>non</strong></span> 
     </span>
    </p>
   </div>
   <div class='ocr_carea' id='block_1_36' title="bbox 2225 2039 3818 2126">
    <p class='ocr_par' dir='ltr' id='par_1_36' title="bbox 2238 2039 3818 2116">
     <span class='ocr_line' id='line_1_36' title="bbox 2238 2039 3818 2116; baseline -0.006 -16"><span class='ocrx_word' id='word_1_276' title='bbox 2238 2046 2656 2116; x_wconf 79' lang='grc' dir='ltr'>ἀναισχύντερον</span> <span class='ocrx_word' id='word_1_277' title='bbox 2682 2044 2886 2098; x_wconf 72' lang='grc' dir='ltr'>ἐκεῖνον</span> <span class='ocrx_word' id='word_1_278' title='bbox 2904 2041 3148 2109; x_wconf 74' lang='grc' dir='ltr'>ἐποίησε.</span> <span class='ocrx_word' id='word_1_279' title='bbox 3178 2040 3428 2094; x_wconf 84' lang='grc' dir='ltr'>Δείκνυσι</span> <span class='ocrx_word' id='word_1_280' title='bbox 3450 2040 3506 2092; x_wconf 73' lang='grc' dir='ltr'>δὲ</span> <span class='ocrx_word' id='word_1_281' title='bbox 3534 2039 3564 2090; x_wconf 91' lang='lat'><strong>6</strong></span> <span class='ocrx_word' id='word_1_282' title='bbox 3589 2039 3818 2109; x_wconf 81' lang='grc' dir='ltr'>Κύριος,</span> 
     </span>
    </p>
   </div>
   <div class='ocr_carea' id='block_1_37' title="bbox 561 2131 2154 2216">
    <p class='ocr_par' dir='ltr' id='par_1_37' title="bbox 561 2145 2138 2216">
     <span class='ocr_line' id='line_1_37' title="bbox 561 2145 2138 2216; baseline -0.001 -16"><span class='ocrx_word' id='word_1_283' title='bbox 561 2158 739 2216; x_wconf 77' lang='lat' dir='ltr'><strong>potest</strong></span> <span class='ocrx_word' id='word_1_284' title='bbox 779 2149 914 2202; x_wconf 82' lang='lat' dir='ltr'><strong>bene</strong></span> <span class='ocrx_word' id='word_1_285' title='bbox 962 2147 1144 2202; x_wconf 89' lang='lat' dir='ltr'><strong>videre</strong></span> <span class='ocrx_word' id='word_1_286' title='bbox 1177 2157 1452 2216; x_wconf 80' lang='lat' dir='ltr'><strong>peccatum</strong></span> <span class='ocrx_word' id='word_1_287' title='bbox 1505 2145 1710 2201; x_wconf 64' lang='lat' dir='ltr'><strong>fratris:</strong></span> <span class='ocrx_word' id='word_1_288' title='bbox 1755 2145 1887 2201; x_wconf 82' lang='lat' dir='ltr'><strong>Nam</strong></span> <span class='ocrx_word' id='word_1_289' title='bbox 1921 2145 2012 2216; x_wconf 89' lang='lat' dir='ltr'><strong>qui</strong></span> <span class='ocrx_word' id='word_1_290' title='bbox 2040 2145 2138 2199; x_wconf 87' lang='lat' dir='ltr'><strong>ba-</strong></span> 
     </span>
    </p>
   </div>
   <div class='ocr_carea' id='block_1_38' title="bbox 2225 2131 3818 2216">
    <p class='ocr_par' dir='ltr' id='par_1_38' title="bbox 2236 2131 3818 2202">
     <span class='ocr_line' id='line_1_38' title="bbox 2236 2131 3818 2202; baseline -0.007 -9"><span class='ocrx_word' id='word_1_291' title='bbox 2236 2141 2314 2193; x_wconf 86' lang='grc' dir='ltr'><strong>δτι</strong></span> <span class='ocrx_word' id='word_1_292' title='bbox 2333 2138 2454 2191; x_wconf 65' lang='grc' dir='ltr'>οὐδὲ</span> <span class='ocrx_word' id='word_1_293' title='bbox 2482 2137 2709 2191; x_wconf 87' lang='grc' dir='ltr'>δύναται</span> <span class='ocrx_word' id='word_1_294' title='bbox 2751 2136 2884 2190; x_wconf 83' lang='grc' dir='ltr'>ίδεῖν</span> <span class='ocrx_word' id='word_1_295' title='bbox 2918 2134 3097 2198; x_wconf 87' lang='grc' dir='ltr'>καλῶς</span> <span class='ocrx_word' id='word_1_296' title='bbox 3122 2133 3185 2188; x_wconf 80' lang='grc' dir='ltr'>τὸ</span> <span class='ocrx_word' id='word_1_297' title='bbox 3217 2132 3310 2188; x_wconf 86' lang='grc' dir='ltr'><strong>τοῦ</strong></span> <span class='ocrx_word' id='word_1_298' title='bbox 3342 2131 3576 2200; x_wconf 80' lang='grc' dir='ltr'>ἀδελφοῦ</span> <span class='ocrx_word' id='word_1_299' title='bbox 3633 2131 3818 2202; x_wconf 76' lang='grc' dir='ltr'>ἀμάρ-</span> 
     </span>
    </p>
   </div>
   <div class='ocr_carea' id='block_1_39' title="bbox 572 2223 2165 2306">
    <p class='ocr_par' dir='ltr' id='par_1_39' title="bbox 572 2237 2133 2306">
     <span class='ocr_line' id='line_1_39' title="bbox 572 2237 2133 2306; baseline -0.001 -14"><span class='ocrx_word' id='word_1_300' title='bbox 572 2240 745 2292; x_wconf 80' lang='lat' dir='ltr'><strong>bnerit</strong></span> <span class='ocrx_word' id='word_1_301' title='bbox 804 2239 856 2292; x_wconf 91' lang='lat' dir='ltr'><strong>in</strong></span> <span class='ocrx_word' id='word_1_302' title='bbox 910 2237 1067 2294; x_wconf 90' lang='lat' dir='ltr'><strong>oculo</strong></span> <span class='ocrx_word' id='word_1_303' title='bbox 1114 2239 1343 2303; x_wconf 84' lang='lat' dir='ltr'><strong>trabem,</strong></span> <span class='ocrx_word' id='word_1_304' title='bbox 1399 2238 1670 2306; x_wconf 85' lang='lat' dir='ltr'><strong>quomodo</strong></span> <span class='ocrx_word' id='word_1_305' title='bbox 1718 2238 1901 2292; x_wconf 85' lang='lat' dir='ltr'><strong>videre</strong></span> <span class='ocrx_word' id='word_1_306' title='bbox 1954 2244 2133 2306; x_wconf 84' lang='lat' dir='ltr'><strong>potest</strong></span> 
     </span>
    </p>
   </div>
   <div class='ocr_carea' id='block_1_40' title="bbox 2227 2223 3820 2306">
    <p class='ocr_par' dir='ltr' id='par_1_40' title="bbox 2235 2223 3820 2300">
     <span class='ocr_line' id='line_1_40' title="bbox 2235 2223 3820 2300; baseline -0.007 -16"><span class='ocrx_word' id='word_1_307' title='bbox 2235 2247 2385 2300; x_wconf 80' lang='grc' dir='ltr'>τημα</span> <span class='ocrx_word' id='word_1_308' title='bbox 2428 2231 2458 2282; x_wconf 83' lang='lat'><strong>6</strong></span> <span class='ocrx_word' id='word_1_309' title='bbox 2503 2228 2719 2300; x_wconf 79' lang='grc' dir='ltr'>μεγάλα</span> <span class='ocrx_word' id='word_1_310' title='bbox 2764 2225 3103 2297; x_wconf 78' lang='grc' dir='ltr'><strong>ἁμαρτάνων</strong></span> <span class='ocrx_word' id='word_1_311' title='bbox 3137 2242 3153 2257; x_wconf 82' lang='grc'>⁶</span> <span class='ocrx_word' id='word_1_312' title='bbox 3180 2227 3210 2279; x_wconf 86' lang='grc' dir='ltr'><strong>ὀ</strong></span> <span class='ocrx_word' id='word_1_313' title='bbox 3240 2223 3348 2296; x_wconf 78' lang='grc' dir='ltr'>γὰρ</span> <span class='ocrx_word' id='word_1_314' title='bbox 3383 2223 3526 2293; x_wconf 72' lang='grc' dir='ltr'>ἔχων</span> <span class='ocrx_word' id='word_1_315' title='bbox 3563 2224 3721 2276; x_wconf 71' lang='grc' dir='ltr'>δοκὸν</span> <span class='ocrx_word' id='word_1_316' title='bbox 3760 2225 3820 2275; x_wconf 79' lang='grc' dir='ltr'><strong>ὲν</strong></span> 
     </span>
    </p>
   </div>
   <div class='ocr_carea' id='block_1_41' title="bbox 561 2314 2154 2394">
    <p class='ocr_par' dir='ltr' id='par_1_41' title="bbox 561 2325 1808 2382">
     <span class='ocr_line' id='line_1_41' title="bbox 561 2325 1808 2382; baseline 0 -5"><span class='ocrx_word' id='word_1_317' title='bbox 561 2327 726 2382; x_wconf 77' lang='lat' dir='ltr'><strong>alium</strong></span> <span class='ocrx_word' id='word_1_318' title='bbox 761 2327 1108 2380; x_wconf 82' lang='lat' dir='ltr'><strong>mediocriter</strong></span> <span class='ocrx_word' id='word_1_319' title='bbox 1141 2325 1376 2380; x_wconf 79' lang='lat' dir='ltr'><strong>malum?</strong></span> <span class='ocrx_word' id='word_1_320' title='bbox 1796 2330 1808 2349; x_wconf 88' lang='lat'><strong>&#39;</strong></span> 
     </span>
    </p>
   </div>
   <div class='ocr_carea' id='block_1_42' title="bbox 2226 2314 3819 2394">
    <p class='ocr_par' dir='ltr' id='par_1_42' title="bbox 2233 2314 3819 2394">
     <span class='ocr_line' id='line_1_42' title="bbox 2233 2314 3819 2394; baseline -0.006 -19"><span class='ocrx_word' id='word_1_321' title='bbox 2233 2322 2313 2394; x_wconf 85' lang='grc' dir='ltr'><strong>τῷ</strong></span> <span class='ocrx_word' id='word_1_322' title='bbox 2334 2320 2623 2391; x_wconf 83' lang='grc' dir='ltr'>ὀφθαλμῷ,</span> <span class='ocrx_word' id='word_1_323' title='bbox 2656 2319 2772 2383; x_wconf 86' lang='grc' dir='ltr'><strong>πῶς</strong></span> <span class='ocrx_word' id='word_1_324' title='bbox 2803 2318 2868 2372; x_wconf 80' lang='grc' dir='ltr'><strong>ἀν</strong></span> <span class='ocrx_word' id='word_1_325' title='bbox 2898 2317 3004 2376; x_wconf 86' lang='grc' dir='ltr'>ῖδοι</span> <span class='ocrx_word' id='word_1_326' title='bbox 3029 2315 3191 2372; x_wconf 79' lang='grc' dir='ltr'>ἀλλον</span> <span class='ocrx_word' id='word_1_327' title='bbox 3221 2316 3461 2388; x_wconf 85' lang='grc' dir='ltr'>μετρίως</span> <span class='ocrx_word' id='word_1_328' title='bbox 3497 2314 3819 2385; x_wconf 81' lang='grc' dir='ltr'>βλαπτόμε-</span> 
     </span>
    </p>
   </div>
   <div class='ocr_carea' id='block_1_43' title="bbox 637 2431 2230 2578">
    <p class='ocr_par' dir='ltr' id='par_1_43' title="bbox 637 2500 2133 2572">
     <span class='ocr_line' id='line_1_43' title="bbox 637 2500 2133 2572; baseline 0.001 -18"><span class='ocrx_word' id='word_1_329' title='bbox 637 2501 800 2557; x_wconf 72' lang='lat' dir='ltr'><strong>Vsus.</strong></span> <span class='ocrx_word' id='word_1_330' title='bbox 837 2500 889 2558; x_wconf 86' lang='lat'><em>6.</em></span> <span class='ocrx_word' id='word_1_331' title='bbox 921 2521 939 2553; x_wconf 84' lang='grc' dir='ltr'><strong>ι</strong></span> <span class='ocrx_word' id='word_1_332' title='bbox 974 2502 1051 2560; x_wconf 74' lang='lat' dir='ltr'><strong>Ne</strong></span> <span class='ocrx_word' id='word_1_333' title='bbox 1085 2502 1222 2557; x_wconf 81' lang='lat' dir='ltr'><strong>dctis</strong></span> <span class='ocrx_word' id='word_1_334' title='bbox 1249 2511 1494 2558; x_wconf 86' lang='lat' dir='ltr'><strong>sanctum</strong></span> <span class='ocrx_word' id='word_1_335' title='bbox 1521 2503 1768 2566; x_wconf 83' lang='lat' dir='ltr'><strong>canibus,</strong></span> <span class='ocrx_word' id='word_1_336' title='bbox 1801 2515 1974 2572; x_wconf 83' lang='lat' dir='ltr'><strong>neque</strong></span> <span class='ocrx_word' id='word_1_337' title='bbox 2004 2503 2133 2557; x_wconf 86' lang='lat' dir='ltr'><strong>mit-</strong></span> 
     </span>
    </p>
   </div>
   <div class='ocr_carea' id='block_1_44' title="bbox 2228 2431 3821 2578">
    <p class='ocr_par' dir='ltr' id='par_1_44' title="bbox 2237 2431 3821 2578">
     <span class='ocr_line' id='line_1_44' title="bbox 2237 2431 3821 2578; baseline -0.006 -18"><span class='ocrx_word' id='word_1_338' title='bbox 2237 2431 2457 2578; x_wconf 45' lang='lat' dir='ltr'><strong>“tam</strong></span> <span class='ocrx_word' id='word_1_339' title='bbox 2500 2506 2635 2559; x_wconf 86' lang='grc' dir='ltr'>δῶτε</span> <span class='ocrx_word' id='word_1_340' title='bbox 2662 2505 2723 2559; x_wconf 81' lang='grc' dir='ltr'><strong>τδ</strong></span> <span class='ocrx_word' id='word_1_341' title='bbox 2757 2506 2911 2574; x_wconf 79' lang='grc' dir='ltr'>ἅγιον</span> <span class='ocrx_word' id='word_1_342' title='bbox 2944 2507 3056 2568; x_wconf 87' lang='grc' dir='ltr'>τοῖς</span> <span class='ocrx_word' id='word_1_343' title='bbox 3087 2501 3237 2570; x_wconf 79' lang='grc' dir='ltr'>κυσὶ,</span> <span class='ocrx_word' id='word_1_344' title='bbox 3281 2501 3417 2574; x_wconf 75' lang='grc' dir='ltr'>μηδὲ</span> <span class='ocrx_word' id='word_1_345' title='bbox 3452 2484 3658 2572; x_wconf 63' lang='grc' dir='ltr'>βάλητε</span> <span class='ocrx_word' id='word_1_346' title='bbox 3692 2498 3821 2561; x_wconf 64' lang='grc' dir='ltr'>τοὺς</span> 
     </span>
    </p>
   </div>
   <div class='ocr_carea' id='block_1_45' title="bbox 566 2592 2159 2671">
    <p class='ocr_par' dir='ltr' id='par_1_45' title="bbox 566 2593 2134 2664">
     <span class='ocr_line' id='line_1_45' title="bbox 566 2593 2134 2664; baseline 0.003 -20"><span class='ocrx_word' id='word_1_347' title='bbox 566 2593 700 2648; x_wconf 81' lang='lat' dir='ltr'><strong>tatis</strong></span> <span class='ocrx_word' id='word_1_348' title='bbox 728 2594 1048 2663; x_wconf 76' lang='lat' dir='ltr'><strong>margaritas</strong></span> <span class='ocrx_word' id='word_1_349' title='bbox 1075 2603 1283 2648; x_wconf 86' lang='lat' dir='ltr'><strong>vestras</strong></span> <span class='ocrx_word' id='word_1_350' title='bbox 1307 2604 1430 2648; x_wconf 89' lang='lat' dir='ltr'><strong>ante</strong></span> <span class='ocrx_word' id='word_1_351' title='bbox 1462 2607 1673 2664; x_wconf 87' lang='lat' dir='ltr'><strong>porcos,</strong></span> <span class='ocrx_word' id='word_1_352' title='bbox 1709 2608 1776 2650; x_wconf 88' lang='lat' dir='ltr'><strong>ne</strong></span> <span class='ocrx_word' id='word_1_353' title='bbox 1820 2593 1957 2649; x_wconf 86' lang='lat' dir='ltr'><strong>forte</strong></span> <span class='ocrx_word' id='word_1_354' title='bbox 2002 2608 2134 2649; x_wconf 89' lang='lat' dir='ltr'><strong>con-</strong></span> 
     </span>
    </p>
   </div>
   <div class='ocr_carea' id='block_1_46' title="bbox 2228 2592 3821 2671">
    <p class='ocr_par' dir='ltr' id='par_1_46' title="bbox 2239 2592 3821 2671">
     <span class='ocr_line' id='line_1_46' title="bbox 2239 2592 3821 2671; baseline -0.008 -17"><span class='ocrx_word' id='word_1_355' title='bbox 2239 2599 2586 2671; x_wconf 88' lang='grc' dir='ltr'>μαργαρίτας</span> <span class='ocrx_word' id='word_1_356' title='bbox 2617 2598 2771 2669; x_wconf 82' lang='grc' dir='ltr'>ὑμῶν</span> <span class='ocrx_word' id='word_1_357' title='bbox 2820 2597 3133 2668; x_wconf 69' lang='grc' dir='ltr'>ἔμπροσθεν</span> <span class='ocrx_word' id='word_1_358' title='bbox 3183 2595 3294 2649; x_wconf 85' lang='grc' dir='ltr'><strong>τῶν</strong></span> <span class='ocrx_word' id='word_1_359' title='bbox 3337 2594 3563 2664; x_wconf 82' lang='grc' dir='ltr'><strong>χοίρων,</strong></span> <span class='ocrx_word' id='word_1_360' title='bbox 3604 2592 3821 2662; x_wconf 81' lang='grc' dir='ltr'>μήποτε</span> 
     </span>
    </p>
   </div>
   <div class='ocr_carea' id='block_1_47' title="bbox 561 2684 2154 2761">
    <p class='ocr_par' dir='ltr' id='par_1_47' title="bbox 561 2684 2126 2754">
     <span class='ocr_line' id='line_1_47' title="bbox 561 2684 2126 2754; baseline 0.001 -20"><span class='ocrx_word' id='word_1_361' title='bbox 561 2684 772 2738; x_wconf 73' lang='grc' dir='ltr'>ι-ιιιεειιι</span> <span class='ocrx_word' id='word_1_362' title='bbox 790 2698 883 2740; x_wconf 86' lang='lat' dir='ltr'><strong>eas</strong></span> <span class='ocrx_word' id='word_1_363' title='bbox 899 2684 1120 2754; x_wconf 87' lang='lat' dir='ltr'><strong>pedibus</strong></span> <span class='ocrx_word' id='word_1_364' title='bbox 1135 2685 1268 2750; x_wconf 88' lang='lat' dir='ltr'><strong>suis,</strong></span> <span class='ocrx_word' id='word_1_365' title='bbox 1283 2694 1333 2739; x_wconf 89' lang='lat' dir='ltr'><strong>et</strong></span> <span class='ocrx_word' id='word_1_366' title='bbox 1347 2684 1593 2738; x_wconf 78' lang='lat' dir='ltr'><strong>conversi</strong></span> <span class='ocrx_word' id='word_1_367' title='bbox 1608 2685 1946 2754; x_wconf 77' lang='lat' dir='ltr'><strong>tlisrutnpaut</strong></span> <span class='ocrx_word' id='word_1_368' title='bbox 1964 2699 2078 2740; x_wconf 87' lang='lat' dir='ltr'><strong>vos.</strong></span> <span class='ocrx_word' id='word_1_369' title='bbox 2106 2703 2126 2735; x_wconf 75' lang='grc' dir='ltr'><strong>ι</strong></span> 
     </span>
    </p>
   </div>
   <div class='ocr_carea' id='block_1_48' title="bbox 2227 2684 3820 2761">
    <p class='ocr_par' dir='ltr' id='par_1_48' title="bbox 2235 2684 3820 2761">
     <span class='ocr_line' id='line_1_48' title="bbox 2235 2684 3820 2761; baseline -0.008 -13"><span class='ocrx_word' id='word_1_370' title='bbox 2235 2694 2702 2761; x_wconf 79' lang='grc' dir='ltr'>καταπατήσωσιν</span> <span class='ocrx_word' id='word_1_371' title='bbox 2758 2692 2958 2754; x_wconf 76' lang='grc' dir='ltr'>αὐτοὺς</span> <span class='ocrx_word' id='word_1_372' title='bbox 3017 2693 3076 2746; x_wconf 78' lang='grc' dir='ltr'><strong>ἐν</strong></span> <span class='ocrx_word' id='word_1_373' title='bbox 3125 2692 3237 2754; x_wconf 87' lang='grc' dir='ltr'>τοῖς</span> <span class='ocrx_word' id='word_1_374' title='bbox 3273 2689 3435 2741; x_wconf 75' lang='grc' dir='ltr'>ποσὶν</span> <span class='ocrx_word' id='word_1_375' title='bbox 3466 2685 3672 2748; x_wconf 75' lang='grc' dir='ltr'>αὐτῶν,</span> <span class='ocrx_word' id='word_1_376' title='bbox 3723 2684 3820 2736; x_wconf 81' lang='grc' dir='ltr'><strong>καὶ</strong></span> 
     </span>
    </p>
   </div>
   <div class='ocr_carea' id='block_1_49' title="bbox 561 2777 2154 2856">
    <p class='ocr_par' dir='ltr' id='par_1_49' title="bbox 561 2777 2128 2850">
     <span class='ocr_line' id='line_1_49' title="bbox 561 2777 2128 2850; baseline 0.001 -20"><span class='ocrx_word' id='word_1_377' title='bbox 561 2779 737 2832; x_wconf 87' lang='lat' dir='ltr'><strong>Canes</strong></span> <span class='ocrx_word' id='word_1_378' title='bbox 785 2785 910 2832; x_wconf 80' lang='lat' dir='ltr'><strong>sunt</strong></span> <span class='ocrx_word' id='word_1_379' title='bbox 951 2777 1190 2832; x_wconf 79' lang='lat' dir='ltr'><strong>inﬁdeles</strong></span> <span class='ocrx_word' id='word_1_380' title='bbox 1228 2795 1240 2832; x_wconf 88' lang='lat'><strong>:</strong></span> <span class='ocrx_word' id='word_1_381' title='bbox 1279 2779 1423 2848; x_wconf 87' lang='lat' dir='ltr'><strong>porci</strong></span> <span class='ocrx_word' id='word_1_382' title='bbox 1461 2786 1660 2844; x_wconf 80' lang='lat' dir='ltr'><strong>autem,</strong></span> <span class='ocrx_word' id='word_1_383' title='bbox 1695 2779 1879 2834; x_wconf 78' lang='lat' dir='ltr'><strong>ﬁdeles</strong></span> <span class='ocrx_word' id='word_1_384' title='bbox 1911 2778 2128 2850; x_wconf 83' lang='lat' dir='ltr'><strong>quidem</strong></span> 
     </span>
    </p>
   </div>
   <div class='ocr_carea' id='block_1_50' title="bbox 2225 2777 3818 2856">
    <p class='ocr_par' dir='ltr' id='par_1_50' title="bbox 2234 2778 3818 2856">
     <span class='ocr_line' id='line_1_50' title="bbox 2234 2778 3818 2856; baseline -0.009 -16"><span class='ocrx_word' id='word_1_385' title='bbox 2234 2784 2564 2856; x_wconf 80' lang='grc' dir='ltr'>στραφέντες</span> <span class='ocrx_word' id='word_1_386' title='bbox 2594 2782 2832 2854; x_wconf 75' lang='grc' dir='ltr'><strong>ῥήξωσιν</strong></span> <span class='ocrx_word' id='word_1_387' title='bbox 2861 2783 3027 2852; x_wconf 80' lang='grc' dir='ltr'>ὑμᾶς.</span> <span class='ocrx_word' id='word_1_388' title='bbox 3063 2800 3082 2833; x_wconf 75' lang='grc' dir='ltr'><strong>ι</strong></span> <span class='ocrx_word' id='word_1_389' title='bbox 3120 2781 3298 2840; x_wconf 80' lang='grc' dir='ltr'>Κύνες</span> <span class='ocrx_word' id='word_1_390' title='bbox 3327 2781 3468 2833; x_wconf 81' lang='grc' dir='ltr'>εἰσὶν</span> <span class='ocrx_word' id='word_1_391' title='bbox 3497 2779 3547 2831; x_wconf 84' lang='lat' dir='ltr'><strong>oi</strong></span> <span class='ocrx_word' id='word_1_392' title='bbox 3573 2778 3818 2837; x_wconf 73' lang='grc' dir='ltr'>ἄπιστοι,</span> 
     </span>
    </p>
   </div>
   <div class='ocr_carea' id='block_1_51' title="bbox 563 2869 2156 2948">
    <p class='ocr_par' dir='ltr' id='par_1_51' title="bbox 563 2870 2133 2942">
     <span class='ocr_line' id='line_1_51' title="bbox 563 2870 2133 2942; baseline 0 -18"><span class='ocrx_word' id='word_1_393' title='bbox 563 2881 716 2933; x_wconf 86' lang='lat' dir='ltr'><strong>sunt,</strong></span> <span class='ocrx_word' id='word_1_394' title='bbox 757 2871 848 2924; x_wconf 84' lang='lat' dir='ltr'><strong>sed</strong></span> <span class='ocrx_word' id='word_1_395' title='bbox 883 2871 1201 2924; x_wconf 84' lang='lat' dir='ltr'><strong>lutulentam</strong></span> <span class='ocrx_word' id='word_1_396' title='bbox 1257 2871 1421 2924; x_wconf 76' lang='lat' dir='ltr'><strong>vitam</strong></span> <span class='ocrx_word' id='word_1_397' title='bbox 1452 2881 1702 2941; x_wconf 80' lang='lat' dir='ltr'><strong>agentes.</strong></span> <span class='ocrx_word' id='word_1_398' title='bbox 1744 2870 1994 2942; x_wconf 76' lang='lat' dir='ltr'><strong>Mysteria</strong></span> <span class='ocrx_word' id='word_1_399' title='bbox 2037 2872 2133 2941; x_wconf 83' lang='lat' dir='ltr'><strong>igi-</strong></span> 
     </span>
    </p>
   </div>
   <div class='ocr_carea' id='block_1_52' title="bbox 2226 2869 3819 2948">
    <p class='ocr_par' dir='ltr' id='par_1_52' title="bbox 2233 2869 3819 2948">
     <span class='ocr_line' id='line_1_52' title="bbox 2233 2869 3819 2948; baseline -0.005 -18"><span class='ocrx_word' id='word_1_400' title='bbox 2233 2880 2405 2948; x_wconf 82' lang='grc' dir='ltr'>χοῖροι</span> <span class='ocrx_word' id='word_1_401' title='bbox 2429 2877 2573 2941; x_wconf 69' lang='grc' dir='ltr'>δὲ,οί</span> <span class='ocrx_word' id='word_1_402' title='bbox 2608 2877 2790 2929; x_wconf 76' lang='grc' dir='ltr'>πιστοὶ</span> <span class='ocrx_word' id='word_1_403' title='bbox 2824 2876 2945 2945; x_wconf 74' lang='grc' dir='ltr'>μὲν,</span> <span class='ocrx_word' id='word_1_404' title='bbox 2996 2872 3314 2946; x_wconf 70' lang='grc' dir='ltr'>βορϐορώδη</span> <span class='ocrx_word' id='word_1_405' title='bbox 3344 2871 3401 2926; x_wconf 78' lang='grc' dir='ltr'>δὲ</span> <span class='ocrx_word' id='word_1_406' title='bbox 3438 2871 3557 2941; x_wconf 85' lang='grc' dir='ltr'>βίον</span> <span class='ocrx_word' id='word_1_407' title='bbox 3579 2869 3819 2939; x_wconf 80' lang='grc' dir='ltr'>ἔχοντες.</span> 
     </span>
    </p>
   </div>
   <div class='ocr_carea' id='block_1_53' title="bbox 566 2962 2159 3040">
    <p class='ocr_par' dir='ltr' id='par_1_53' title="bbox 566 2962 2134 3033">
     <span class='ocr_line' id='line_1_53' title="bbox 566 2962 2134 3033; baseline 0.003 -18"><span class='ocrx_word' id='word_1_408' title='bbox 566 2975 655 3016; x_wconf 90' lang='lat' dir='ltr'><strong>tur</strong></span> <span class='ocrx_word' id='word_1_409' title='bbox 711 2963 1006 3018; x_wconf 79' lang='lat' dir='ltr'><strong>incredulis</strong></span> <span class='ocrx_word' id='word_1_410' title='bbox 1053 2978 1156 3016; x_wconf 87' lang='lat' dir='ltr'><strong>non</strong></span> <span class='ocrx_word' id='word_1_411' title='bbox 1187 2972 1312 3017; x_wconf 84' lang='lat' dir='ltr'><strong>sunt</strong></span> <span class='ocrx_word' id='word_1_412' title='bbox 1351 2962 1645 3031; x_wconf 87' lang='lat' dir='ltr'><strong>prodenda,</strong></span> <span class='ocrx_word' id='word_1_413' title='bbox 1698 2979 1871 3033; x_wconf 85' lang='lat' dir='ltr'><strong>neque</strong></span> <span class='ocrx_word' id='word_1_414' title='bbox 1914 2964 2044 3026; x_wconf 80' lang='lat' dir='ltr'><strong>clari</strong></span> <span class='ocrx_word' id='word_1_415' title='bbox 2081 2974 2134 3020; x_wconf 86' lang='lat' dir='ltr'><strong>ct</strong></span> 
     </span>
    </p>
   </div>
   <div class='ocr_carea' id='block_1_54' title="bbox 2226 2962 3819 3040">
    <p class='ocr_par' dir='ltr' id='par_1_54' title="bbox 2233 2964 3819 3040">
     <span class='ocr_line' id='line_1_54' title="bbox 2233 2964 3819 3040; baseline -0.006 -17"><span class='ocrx_word' id='word_1_416' title='bbox 2233 2973 2325 3022; x_wconf 87' lang='grc' dir='ltr'>Δεῖ</span> <span class='ocrx_word' id='word_1_417' title='bbox 2356 2969 2536 3023; x_wconf 81' lang='grc' dir='ltr'><strong>τοίνυν</strong></span> <span class='ocrx_word' id='word_1_418' title='bbox 2573 2969 2640 3022; x_wconf 84' lang='grc' dir='ltr'><strong>τά</strong></span> <span class='ocrx_word' id='word_1_419' title='bbox 2679 2969 2958 3040; x_wconf 80' lang='grc' dir='ltr'>μυστήρια</span> <span class='ocrx_word' id='word_1_420' title='bbox 3021 2968 3098 3037; x_wconf 77' lang='grc' dir='ltr'>μὴ</span> <span class='ocrx_word' id='word_1_421' title='bbox 3146 2966 3327 3034; x_wconf 79' lang='grc' dir='ltr'>λέγειν</span> <span class='ocrx_word' id='word_1_422' title='bbox 3378 2965 3495 3026; x_wconf 87' lang='grc' dir='ltr'>τοῖς</span> <span class='ocrx_word' id='word_1_423' title='bbox 3537 2964 3819 3023; x_wconf 83' lang='grc' dir='ltr'>ἀπίστοις,</span> 
     </span>
    </p>
   </div>
   <div class='ocr_carea' id='block_1_55' title="bbox 567 3055 2160 3134">
    <p class='ocr_par' dir='ltr' id='par_1_55' title="bbox 567 3055 2132 3127">
     <span class='ocr_line' id='line_1_55' title="bbox 567 3055 2132 3127; baseline 0.003 -19"><span class='ocrx_word' id='word_1_424' title='bbox 567 3057 876 3126; x_wconf 79' lang='lat' dir='ltr'><strong>margaritis</strong></span> <span class='ocrx_word' id='word_1_425' title='bbox 900 3056 1102 3111; x_wconf 84' lang='lat' dir='ltr'><strong>similes</strong></span> <span class='ocrx_word' id='word_1_426' title='bbox 1123 3071 1402 3110; x_wconf 84' lang='lat' dir='ltr'><strong>sermones</strong></span> <span class='ocrx_word' id='word_1_427' title='bbox 1436 3055 1503 3109; x_wconf 92' lang='lat' dir='ltr'><strong>de</strong></span> <span class='ocrx_word' id='word_1_428' title='bbox 1539 3057 1802 3127; x_wconf 76' lang='lat' dir='ltr'><strong>theologia</strong></span> <span class='ocrx_word' id='word_1_429' title='bbox 1839 3057 2132 3112; x_wconf 73' lang='lat' dir='ltr'><strong>immundis</strong></span> 
     </span>
    </p>
   </div>
   <div class='ocr_carea' id='block_1_56' title="bbox 2221 3055 3814 3134">
    <p class='ocr_par' dir='ltr' id='par_1_56' title="bbox 2239 3055 3814 3134">
     <span class='ocr_line' id='line_1_56' title="bbox 2239 3055 3814 3134; baseline -0.006 -18"><span class='ocrx_word' id='word_1_430' title='bbox 2239 3063 2373 3134; x_wconf 74' lang='grc' dir='ltr'>μηδὲ</span> <span class='ocrx_word' id='word_1_431' title='bbox 2406 3063 2529 3124; x_wconf 77' lang='grc' dir='ltr'>τοὺς</span> <span class='ocrx_word' id='word_1_432' title='bbox 2558 3061 2845 3133; x_wconf 63' lang='grc' dir='ltr'>λαμπροὺς</span> <span class='ocrx_word' id='word_1_433' title='bbox 2891 3062 2984 3114; x_wconf 71' lang='grc' dir='ltr'>καὶ</span> <span class='ocrx_word' id='word_1_434' title='bbox 3014 3059 3397 3130; x_wconf 79' lang='grc' dir='ltr'>μαργαρώδεις</span> <span class='ocrx_word' id='word_1_435' title='bbox 3431 3056 3628 3124; x_wconf 83' lang='grc' dir='ltr'>λόγους</span> <span class='ocrx_word' id='word_1_436' title='bbox 3684 3055 3814 3115; x_wconf 68' lang='grc' dir='ltr'>τοὺς</span> 
     </span>
    </p>
   </div>
   <div class='ocr_carea' id='block_1_57' title="bbox 561 3147 2154 3224">
    <p class='ocr_par' dir='ltr' id='par_1_57' title="bbox 561 3147 2133 3214">
     <span class='ocr_line' id='line_1_57' title="bbox 561 3147 2133 3214; baseline 0 -12"><span class='ocrx_word' id='word_1_437' title='bbox 561 3149 1020 3208; x_wconf 84' lang='lat' dir='ltr'><strong>communicandi.</strong></span> <span class='ocrx_word' id='word_1_438' title='bbox 1056 3147 1209 3202; x_wconf 73' lang='lat' dir='ltr'><strong>Porci</strong></span> <span class='ocrx_word' id='word_1_439' title='bbox 1265 3149 1406 3204; x_wconf 61' lang='lat' dir='ltr'><strong>enim</strong></span> <span class='ocrx_word' id='word_1_440' title='bbox 1461 3149 1804 3214; x_wconf 85' lang='lat' dir='ltr'><strong>conculcant,</strong></span> <span class='ocrx_word' id='word_1_441' title='bbox 1843 3150 1956 3205; x_wconf 86' lang='lat' dir='ltr'><strong>sive</strong></span> <span class='ocrx_word' id='word_1_442' title='bbox 2003 3165 2133 3204; x_wconf 72' lang='grc' dir='ltr'><strong>(οη-</strong></span> 
     </span>
    </p>
   </div>
   <div class='ocr_carea' id='block_1_58' title="bbox 2226 3147 3819 3224">
    <p class='ocr_par' dir='ltr' id='par_1_58' title="bbox 2236 3148 3819 3224">
     <span class='ocr_line' id='line_1_58' title="bbox 2236 3148 3819 3224; baseline -0.007 -17"><span class='ocrx_word' id='word_1_443' title='bbox 2236 3156 2364 3224; x_wconf 74' lang='grc' dir='ltr'>περὶ</span> <span class='ocrx_word' id='word_1_444' title='bbox 2395 3153 2672 3220; x_wconf 76' lang='grc' dir='ltr'>θεολογίας</span> <span class='ocrx_word' id='word_1_445' title='bbox 2725 3155 2837 3216; x_wconf 84' lang='grc' dir='ltr'>τοῖς</span> <span class='ocrx_word' id='word_1_446' title='bbox 2868 3151 3200 3222; x_wconf 76' lang='grc' dir='ltr'>ἀκαθάρτοις</span> <span class='ocrx_word' id='word_1_447' title='bbox 3232 3153 3280 3203; x_wconf 89' lang='grc' dir='ltr'>οί</span> <span class='ocrx_word' id='word_1_448' title='bbox 3314 3150 3412 3219; x_wconf 78' lang='grc' dir='ltr'>μὲν</span> <span class='ocrx_word' id='word_1_449' title='bbox 3455 3149 3570 3216; x_wconf 78' lang='grc' dir='ltr'>γὰρ</span> <span class='ocrx_word' id='word_1_450' title='bbox 3618 3148 3819 3216; x_wconf 81' lang='grc' dir='ltr'>χοῖροι,</span> 
     </span>
    </p>
   </div>
   <div class='ocr_carea' id='block_1_59' title="bbox 564 3236 2157 3311">
    <p class='ocr_par' dir='ltr' id='par_1_59' title="bbox 564 3238 2128 3306">
     <span class='ocr_line' id='line_1_59' title="bbox 564 3238 2128 3306; baseline 0.005 -19"><span class='ocrx_word' id='word_1_451' title='bbox 564 3248 810 3291; x_wconf 86' lang='lat' dir='ltr'><strong>temnunt</strong></span> <span class='ocrx_word' id='word_1_452' title='bbox 847 3252 964 3306; x_wconf 74' lang='lat' dir='ltr'><strong>qua:</strong></span> <span class='ocrx_word' id='word_1_453' title='bbox 1007 3238 1277 3300; x_wconf 87' lang='lat' dir='ltr'><strong>dicuntur,</strong></span> <span class='ocrx_word' id='word_1_454' title='bbox 1311 3253 1472 3293; x_wconf 86' lang='lat' dir='ltr'><strong>canes</strong></span> <span class='ocrx_word' id='word_1_455' title='bbox 1505 3248 1681 3294; x_wconf 89' lang='lat' dir='ltr'><strong>autem</strong></span> <span class='ocrx_word' id='word_1_456' title='bbox 1705 3241 1950 3295; x_wconf 81' lang='lat' dir='ltr'><strong>conversi</strong></span> <span class='ocrx_word' id='word_1_457' title='bbox 1985 3242 2128 3295; x_wconf 88' lang='lat' dir='ltr'><strong>lacc-</strong></span> 
     </span>
    </p>
   </div>
   <div class='ocr_carea' id='block_1_60' title="bbox 2225 3236 3818 3311">
    <p class='ocr_par' dir='ltr' id='par_1_60' title="bbox 2238 3236 3818 3311">
     <span class='ocr_line' id='line_1_60' title="bbox 2238 3236 3818 3311; baseline -0.006 -15"><span class='ocrx_word' id='word_1_458' title='bbox 2238 3244 2663 3306; x_wconf 79' lang='grc' dir='ltr'>καταπατοῦσιν,</span> <span class='ocrx_word' id='word_1_459' title='bbox 2695 3243 2813 3311; x_wconf 73' lang='grc' dir='ltr'>ἦτοι</span> <span class='ocrx_word' id='word_1_460' title='bbox 2875 3240 3276 3310; x_wconf 79' lang='grc' dir='ltr'>καταφρονοῦσι</span> <span class='ocrx_word' id='word_1_461' title='bbox 3316 3239 3426 3291; x_wconf 79' lang='grc' dir='ltr'><strong>τῶν</strong></span> <span class='ocrx_word' id='word_1_462' title='bbox 3475 3236 3818 3304; x_wconf 81' lang='grc' dir='ltr'>λεγομένων,</span> 
     </span>
    </p>
   </div>
   <div class='ocr_carea' id='block_1_61' title="bbox 562 3322 2155 3404">
    <p class='ocr_par' dir='ltr' id='par_1_61' title="bbox 562 3328 2128 3400">
     <span class='ocr_line' id='line_1_61' title="bbox 562 3328 2128 3400; baseline 0.002 -19"><span class='ocrx_word' id='word_1_463' title='bbox 562 3337 685 3382; x_wconf 86' lang='lat' dir='ltr'><strong>rant</strong></span> <span class='ocrx_word' id='word_1_464' title='bbox 715 3343 814 3384; x_wconf 90' lang='lat' dir='ltr'><strong>nos</strong></span> <span class='ocrx_word' id='word_1_465' title='bbox 866 3347 878 3381; x_wconf 91' lang='lat'><strong>:</strong></span> <span class='ocrx_word' id='word_1_466' title='bbox 916 3332 1056 3397; x_wconf 81' lang='lat' dir='ltr'><strong>quod</strong></span> <span class='ocrx_word' id='word_1_467' title='bbox 1091 3328 1332 3384; x_wconf 88' lang='lat' dir='ltr'><strong>fecerunt</strong></span> <span class='ocrx_word' id='word_1_468' title='bbox 1361 3332 1681 3400; x_wconf 83' lang='lat' dir='ltr'><strong>philosophi,</strong></span> <span class='ocrx_word' id='word_1_469' title='bbox 1709 3347 1828 3385; x_wconf 90' lang='lat' dir='ltr'><strong>cum</strong></span> <span class='ocrx_word' id='word_1_470' title='bbox 1880 3333 2128 3385; x_wconf 78' lang='lat' dir='ltr'><strong>audirent</strong></span> 
     </span>
    </p>
   </div>
   <div class='ocr_carea' id='block_1_62' title="bbox 2229 3322 3822 3404">
    <p class='ocr_par' dir='ltr' id='par_1_62' title="bbox 2235 3322 3822 3404">
     <span class='ocr_line' id='line_1_62' title="bbox 2235 3322 3822 3404; baseline -0.006 -15"><span class='ocrx_word' id='word_1_471' title='bbox 2235 3338 2282 3389; x_wconf 88' lang='grc' dir='ltr'><strong>οί</strong></span> <span class='ocrx_word' id='word_1_472' title='bbox 2315 3337 2370 3388; x_wconf 76' lang='grc' dir='ltr'>δὲ</span> <span class='ocrx_word' id='word_1_473' title='bbox 2404 3335 2562 3398; x_wconf 83' lang='grc' dir='ltr'>κύνες</span> <span class='ocrx_word' id='word_1_474' title='bbox 2611 3337 2944 3404; x_wconf 79' lang='grc' dir='ltr'>στραφέντες</span> <span class='ocrx_word' id='word_1_475' title='bbox 2972 3331 3470 3404; x_wconf 80' lang='grc' dir='ltr'>διασπαράττουσιν</span> <span class='ocrx_word' id='word_1_476' title='bbox 3501 3330 3650 3399; x_wconf 77' lang='grc' dir='ltr'>ἡμᾶς</span> <span class='ocrx_word' id='word_1_477' title='bbox 3671 3347 3685 3360; x_wconf 93' lang='grc'><strong>·</strong></span> <span class='ocrx_word' id='word_1_478' title='bbox 3725 3322 3822 3380; x_wconf 78' lang='grc' dir='ltr'>οἷα</span> 
     </span>
    </p>
   </div>
   <div class='ocr_carea' id='block_1_63' title="bbox 561 3419 2154 3496">
    <p class='ocr_par' dir='ltr' id='par_1_63' title="bbox 561 3422 2126 3479">
     <span class='ocr_line' id='line_1_63' title="bbox 561 3422 2126 3479; baseline -0.001 -3"><span class='ocrx_word' id='word_1_479' title='bbox 561 3423 881 3476; x_wconf 77' lang='lat' dir='ltr'><strong>cruciﬁxum</strong></span> <span class='ocrx_word' id='word_1_480' title='bbox 923 3422 1224 3478; x_wconf 63' lang='lat' dir='ltr'><strong>Christum.</strong></span> <span class='ocrx_word' id='word_1_481' title='bbox 1261 3423 1565 3479; x_wconf 83' lang='lat' dir='ltr'><strong>Dilacerant</strong></span> <span class='ocrx_word' id='word_1_482' title='bbox 1639 3438 1817 3478; x_wconf 87' lang='lat' dir='ltr'><strong>autem</strong></span> <span class='ocrx_word' id='word_1_483' title='bbox 1878 3441 1976 3479; x_wconf 85' lang='lat' dir='ltr'><strong>nos</strong></span> <span class='ocrx_word' id='word_1_484' title='bbox 2037 3441 2126 3477; x_wconf 77' lang='lat' dir='ltr'><strong>ra-</strong></span> 
     </span>
    </p>
   </div>
   <div class='ocr_carea' id='block_1_64' title="bbox 2231 3419 3824 3496">
    <p class='ocr_par' dir='ltr' id='par_1_64' title="bbox 2237 3419 3824 3496">
     <span class='ocr_line' id='line_1_64' title="bbox 2237 3419 3824 3496; baseline -0.006 -17"><span class='ocrx_word' id='word_1_485' title='bbox 2237 3426 2387 3480; x_wconf 73' lang='grc' dir='ltr'>ποιοῖ</span> <span class='ocrx_word' id='word_1_486' title='bbox 2399 3445 2481 3480; x_wconf 82' lang='grc' dir='ltr'><strong>σιν</strong></span> <span class='ocrx_word' id='word_1_487' title='bbox 2503 3429 2554 3480; x_wconf 87' lang='grc' dir='ltr'><strong>οί</strong></span> <span class='ocrx_word' id='word_1_488' title='bbox 2584 3427 2865 3496; x_wconf 83' lang='grc' dir='ltr'>λεγόμενοι</span> <span class='ocrx_word' id='word_1_489' title='bbox 2885 3424 3193 3495; x_wconf 80' lang='grc' dir='ltr'>φιλόσοφοι,</span> <span class='ocrx_word' id='word_1_490' title='bbox 3225 3425 3355 3476; x_wconf 84' lang='grc' dir='ltr'>ὅταν</span> <span class='ocrx_word' id='word_1_491' title='bbox 3389 3421 3702 3474; x_wconf 78' lang='grc' dir='ltr'>ἀκούσωσιν</span> <span class='ocrx_word' id='word_1_492' title='bbox 3737 3419 3824 3471; x_wconf 84' lang='grc' dir='ltr'>ὅτι</span> 
     </span>
    </p>
   </div>
   <div class='ocr_carea' id='block_1_65' title="bbox 563 3508 2156 3588">
    <p class='ocr_par' dir='ltr' id='par_1_65' title="bbox 563 3517 1800 3584">
     <span class='ocr_line' id='line_1_65' title="bbox 563 3517 1800 3584; baseline 0.005 -16"><span class='ocrx_word' id='word_1_493' title='bbox 563 3517 896 3579; x_wconf 85' lang='lat' dir='ltr'><strong>tiocinando,</strong></span> <span class='ocrx_word' id='word_1_494' title='bbox 968 3517 1295 3584; x_wconf 82' lang='lat' dir='ltr'><strong>impossibile</strong></span> <span class='ocrx_word' id='word_1_495' title='bbox 1321 3533 1439 3573; x_wconf 82' lang='lat' dir='ltr'><strong>esse</strong></span> <span class='ocrx_word' id='word_1_496' title='bbox 1469 3520 1800 3574; x_wconf 72' lang='lat' dir='ltr'><strong>cavillantes.</strong></span> 
     </span>
    </p>
   </div>
   <div class='ocr_carea' id='block_1_66' title="bbox 2232 3508 3825 3588">
    <p class='ocr_par' dir='ltr' id='par_1_66' title="bbox 2237 3508 3825 3588">
     <span class='ocr_line' id='line_1_66' title="bbox 2237 3508 3825 3588; baseline -0.004 -20"><span class='ocrx_word' id='word_1_497' title='bbox 2237 3517 2552 3588; x_wconf 75' lang='grc' dir='ltr'>ἐσταυρώθη</span> <span class='ocrx_word' id='word_1_498' title='bbox 2595 3517 2748 3580; x_wconf 80' lang='grc' dir='ltr'>Θεὸς,</span> <span class='ocrx_word' id='word_1_499' title='bbox 2789 3518 3196 3586; x_wconf 81' lang='grc' dir='ltr'>σπαράττουσιν</span> <span class='ocrx_word' id='word_1_500' title='bbox 3242 3513 3390 3584; x_wconf 76' lang='grc' dir='ltr'>ἡμᾶς</span> <span class='ocrx_word' id='word_1_501' title='bbox 3424 3513 3540 3574; x_wconf 88' lang='grc' dir='ltr'>τοῖς</span> <span class='ocrx_word' id='word_1_502' title='bbox 3570 3508 3825 3577; x_wconf 80' lang='grc' dir='ltr'>συλλογι-</span> 
     </span>
    </p>
   </div>
   <div class='ocr_carea' id='block_1_67' title="bbox 2240 3604 3442 3676">
    <p class='ocr_par' dir='ltr' id='par_1_67' title="bbox 2240 3604 3442 3676">
     <span class='ocr_line' id='line_1_67' title="bbox 2240 3604 3442 3676; baseline -0.002 -18"><span class='ocrx_word' id='word_1_503' title='bbox 2240 3612 2412 3676; x_wconf 74' lang='grc' dir='ltr'>σμοῖς,</span> <span class='ocrx_word' id='word_1_504' title='bbox 2442 3609 2700 3661; x_wconf 87' lang='grc' dir='ltr'>ἀδύνατον</span> <span class='ocrx_word' id='word_1_505' title='bbox 2723 3604 3038 3660; x_wconf 75' lang='grc' dir='ltr'>εἶναιτοῦτο</span> <span class='ocrx_word' id='word_1_506' title='bbox 3074 3605 3442 3672; x_wconf 77' lang='grc' dir='ltr'>σοφιζόμενοι.</span> 
     </span>
    </p>
   </div>
   <div class='ocr_carea' id='block_1_68' title="bbox 633 3690 2226 3772">
    <p class='ocr_par' dir='ltr' id='par_1_68' title="bbox 633 3696 2128 3772">
     <span class='ocr_line' id='line_1_68' title="bbox 633 3696 2128 3772; baseline 0.001 -22"><span class='ocrx_word' id='word_1_507' title='bbox 633 3697 796 3752; x_wconf 75' lang='lat' dir='ltr'><strong>Vens.</strong></span> <span class='ocrx_word' id='word_1_508' title='bbox 827 3696 878 3761; x_wconf 86' lang='lat'><strong>7,</strong></span> <span class='ocrx_word' id='word_1_509' title='bbox 907 3697 957 3751; x_wconf 90' lang='lat'><strong>8.</strong></span> <span class='ocrx_word' id='word_1_510' title='bbox 995 3715 1012 3748; x_wconf 84' lang='grc' dir='ltr'><strong>ι</strong></span> <span class='ocrx_word' id='word_1_511' title='bbox 1054 3697 1241 3760; x_wconf 81' lang='lat' dir='ltr'><strong>Potite.</strong></span> <span class='ocrx_word' id='word_1_512' title='bbox 1267 3707 1323 3752; x_wconf 89' lang='lat' dir='ltr'><strong>et</strong></span> <span class='ocrx_word' id='word_1_513' title='bbox 1372 3697 1586 3753; x_wconf 86' lang='lat' dir='ltr'><strong>dabitur</strong></span> <span class='ocrx_word' id='word_1_514' title='bbox 1642 3701 1792 3754; x_wconf 69' lang='lat' dir='ltr'><strong>vobis</strong></span> <span class='ocrx_word' id='word_1_515' title='bbox 1831 3719 1843 3755; x_wconf 88' lang='lat'><strong>:</strong></span> <span class='ocrx_word' id='word_1_516' title='bbox 1881 3704 2128 3772; x_wconf 68' lang='lat' dir='ltr'><strong>quaerite,</strong></span> 
     </span>
    </p>
   </div>
   <div class='ocr_carea' id='block_1_69' title="bbox 2232 3690 3825 3772">
    <p class='ocr_par' dir='ltr' id='par_1_69' title="bbox 2315 3690 3825 3767">
     <span class='ocr_line' id='line_1_69' title="bbox 2315 3690 3825 3767; baseline -0.005 -17"><span class='ocrx_word' id='word_1_517' title='bbox 2315 3719 2333 3750; x_wconf 81' lang='grc' dir='ltr'><strong>ι</strong></span> <span class='ocrx_word' id='word_1_518' title='bbox 2366 3702 2597 3761; x_wconf 75' lang='grc' dir='ltr'>Αἰτεῖτε,</span> <span class='ocrx_word' id='word_1_519' title='bbox 2633 3699 2729 3752; x_wconf 77' lang='grc' dir='ltr'>καὶ</span> <span class='ocrx_word' id='word_1_520' title='bbox 2759 3697 3044 3767; x_wconf 79' lang='grc' dir='ltr'>δοθήσεται</span> <span class='ocrx_word' id='word_1_521' title='bbox 3079 3697 3237 3764; x_wconf 79' lang='grc' dir='ltr'>ὑμῖν·</span> <span class='ocrx_word' id='word_1_522' title='bbox 3298 3692 3538 3761; x_wconf 80' lang='grc' dir='ltr'>ζητεῖτε.</span> <span class='ocrx_word' id='word_1_523' title='bbox 3581 3691 3680 3744; x_wconf 77' lang='grc' dir='ltr'>καὶ</span> <span class='ocrx_word' id='word_1_524' title='bbox 3728 3690 3825 3742; x_wconf 79' lang='grc' dir='ltr'>εύ-</span> 
     </span>
    </p>
   </div>
   <div class='ocr_carea' id='block_1_70' title="bbox 557 3780 2150 3864">
    <p class='ocr_par' dir='ltr' id='par_1_70' title="bbox 557 3790 2130 3859">
     <span class='ocr_line' id='line_1_70' title="bbox 557 3790 2130 3859; baseline 0.001 -12"><span class='ocrx_word' id='word_1_525' title='bbox 557 3801 614 3847; x_wconf 82' lang='lat' dir='ltr'><strong>cl</strong></span> <span class='ocrx_word' id='word_1_526' title='bbox 645 3790 934 3846; x_wconf 78' lang='lat' dir='ltr'><strong>invenietis</strong></span> <span class='ocrx_word' id='word_1_527' title='bbox 969 3807 981 3841; x_wconf 89' lang='lat'><strong>:</strong></span> <span class='ocrx_word' id='word_1_528' title='bbox 1011 3791 1238 3857; x_wconf 81' lang='lat' dir='ltr'><strong>pulsate,</strong></span> <span class='ocrx_word' id='word_1_529' title='bbox 1290 3798 1346 3845; x_wconf 92' lang='lat' dir='ltr'><strong>et</strong></span> <span class='ocrx_word' id='word_1_530' title='bbox 1397 3790 1674 3859; x_wconf 78' lang='lat' dir='ltr'><strong>aperietur</strong></span> <span class='ocrx_word' id='word_1_531' title='bbox 1714 3793 1884 3846; x_wconf 74' lang='lat' dir='ltr'><strong>vobis.</strong></span> <span class='ocrx_word' id='word_1_532' title='bbox 1942 3793 2130 3848; x_wconf 87' lang='lat' dir='ltr'><strong>Omnis</strong></span> 
     </span>
    </p>
   </div>
   <div class='ocr_carea' id='block_1_71' title="bbox 2235 3780 3828 3864">
    <p class='ocr_par' dir='ltr' id='par_1_71' title="bbox 2243 3780 3828 3864">
     <span class='ocr_line' id='line_1_71' title="bbox 2243 3780 3828 3864; baseline -0.008 -18"><span class='ocrx_word' id='word_1_533' title='bbox 2243 3795 2435 3864; x_wconf 83' lang='grc' dir='ltr'>ρήσετε</span> <span class='ocrx_word' id='word_1_534' title='bbox 2462 3809 2474 3820; x_wconf 86' lang='grc'><strong>·</strong></span> <span class='ocrx_word' id='word_1_535' title='bbox 2507 3791 2756 3861; x_wconf 79' lang='grc' dir='ltr'>κρούετε,</span> <span class='ocrx_word' id='word_1_536' title='bbox 2788 3793 2880 3843; x_wconf 71' lang='grc' dir='ltr'>καὶ</span> <span class='ocrx_word' id='word_1_537' title='bbox 2913 3790 3271 3859; x_wconf 83' lang='grc' dir='ltr'>ἀνοιγήσεται</span> <span class='ocrx_word' id='word_1_538' title='bbox 3301 3786 3433 3855; x_wconf 77' lang='grc' dir='ltr'>ὑμῖν</span> <span class='ocrx_word' id='word_1_539' title='bbox 3458 3800 3470 3814; x_wconf 88' lang='grc'><strong>·</strong></span> <span class='ocrx_word' id='word_1_540' title='bbox 3511 3786 3622 3846; x_wconf 73' lang='grc' dir='ltr'>πᾶς</span> <span class='ocrx_word' id='word_1_541' title='bbox 3651 3780 3763 3851; x_wconf 91' lang='grc' dir='ltr'><strong>γάρ</strong></span> <span class='ocrx_word' id='word_1_542' title='bbox 3799 3784 3828 3835; x_wconf 91' lang='grc' dir='ltr'><strong>ὀ</strong></span> 
     </span>
    </p>
   </div>
   <div class='ocr_carea' id='block_1_72' title="bbox 560 3875 2153 3954">
    <p class='ocr_par' dir='ltr' id='par_1_72' title="bbox 560 3882 2132 3953">
     <span class='ocr_line' id='line_1_72' title="bbox 560 3882 2132 3953; baseline 0.001 -13"><span class='ocrx_word' id='word_1_543' title='bbox 560 3885 705 3940; x_wconf 90' lang='lat' dir='ltr'><strong>enim</strong></span> <span class='ocrx_word' id='word_1_544' title='bbox 737 3883 829 3953; x_wconf 88' lang='lat' dir='ltr'><strong>qui</strong></span> <span class='ocrx_word' id='word_1_545' title='bbox 865 3883 1014 3953; x_wconf 86' lang='lat' dir='ltr'><strong>petit,</strong></span> <span class='ocrx_word' id='word_1_546' title='bbox 1058 3882 1253 3952; x_wconf 86' lang='lat' dir='ltr'><strong>accipit</strong></span> <span class='ocrx_word' id='word_1_547' title='bbox 1289 3894 1383 3938; x_wconf 88' lang='lat' dir='ltr'><strong>:et</strong></span> <span class='ocrx_word' id='word_1_548' title='bbox 1418 3883 1505 3952; x_wconf 87' lang='lat' dir='ltr'><strong>qui</strong></span> <span class='ocrx_word' id='word_1_549' title='bbox 1535 3887 1747 3953; x_wconf 68' lang='lat' dir='ltr'><strong>quaerit.</strong></span> <span class='ocrx_word' id='word_1_550' title='bbox 1784 3887 1988 3941; x_wconf 87' lang='lat' dir='ltr'><strong>invenit</strong></span> <span class='ocrx_word' id='word_1_551' title='bbox 2025 3907 2037 3942; x_wconf 93' lang='lat'><strong>:</strong></span> <span class='ocrx_word' id='word_1_552' title='bbox 2078 3898 2132 3942; x_wconf 90' lang='lat' dir='ltr'><strong>et</strong></span> 
     </span>
    </p>
   </div>
   <div class='ocr_carea' id='block_1_73' title="bbox 2235 3875 3828 3954">
    <p class='ocr_par' dir='ltr' id='par_1_73' title="bbox 2239 3875 3828 3954">
     <span class='ocr_line' id='line_1_73' title="bbox 2239 3875 3828 3954; baseline -0.004 -18"><span class='ocrx_word' id='word_1_553' title='bbox 2239 3884 2403 3937; x_wconf 76' lang='grc' dir='ltr'>αἰτῶν</span> <span class='ocrx_word' id='word_1_554' title='bbox 2457 3883 2743 3954; x_wconf 76' lang='grc' dir='ltr'>λαμϐάνει,</span> <span class='ocrx_word' id='word_1_555' title='bbox 2797 3885 2892 3937; x_wconf 80' lang='grc' dir='ltr'>καὶ</span> <span class='ocrx_word' id='word_1_556' title='bbox 2942 3885 2971 3936; x_wconf 90' lang='grc' dir='ltr'><strong>ὀ</strong></span> <span class='ocrx_word' id='word_1_557' title='bbox 3024 3882 3205 3950; x_wconf 88' lang='grc' dir='ltr'>ζητῶν</span> <span class='ocrx_word' id='word_1_558' title='bbox 3258 3879 3530 3949; x_wconf 79' lang='grc' dir='ltr'>εὑρίσκει,</span> <span class='ocrx_word' id='word_1_559' title='bbox 3584 3878 3683 3932; x_wconf 74' lang='grc' dir='ltr'><strong>καὶ</strong></span> <span class='ocrx_word' id='word_1_560' title='bbox 3744 3875 3828 3946; x_wconf 82' lang='grc' dir='ltr'>τῷ</span> 
     </span>
    </p>
   </div>
   <div class='ocr_carea' id='block_1_74' title="bbox 560 3972 2153 4048">
    <p class='ocr_par' dir='ltr' id='par_1_74' title="bbox 560 3975 2131 4048">
     <span class='ocr_line' id='line_1_74' title="bbox 560 3975 2131 4048; baseline 0.001 -16"><span class='ocrx_word' id='word_1_561' title='bbox 560 3978 792 4048; x_wconf 83' lang='lat' dir='ltr'><strong>pulsanti</strong></span> <span class='ocrx_word' id='word_1_562' title='bbox 819 3977 1109 4047; x_wconf 87' lang='lat' dir='ltr'><strong>aperietur.</strong></span> <span class='ocrx_word' id='word_1_563' title='bbox 1144 3995 1160 4027; x_wconf 77' lang='grc' dir='ltr'><strong>ι</strong></span> <span class='ocrx_word' id='word_1_564' title='bbox 1190 3975 1653 4046; x_wconf 85' lang='lat' dir='ltr'><strong>lmperavitnobis</strong></span> <span class='ocrx_word' id='word_1_565' title='bbox 1685 3979 1734 4032; x_wconf 93' lang='lat' dir='ltr'><strong>in</strong></span> <span class='ocrx_word' id='word_1_566' title='bbox 1761 3981 2131 4046; x_wconf 81' lang='lat' dir='ltr'><strong>superioribus</strong></span> 
     </span>
    </p>
   </div>
   <div class='ocr_carea' id='block_1_75' title="bbox 2234 3972 3827 4048">
    <p class='ocr_par' dir='ltr' id='par_1_75' title="bbox 2238 3972 3827 4048">
     <span class='ocr_line' id='line_1_75' title="bbox 2238 3972 3827 4048; baseline -0.004 -19"><span class='ocrx_word' id='word_1_567' title='bbox 2238 3977 2487 4048; x_wconf 82' lang='grc' dir='ltr'>κρούοντι</span> <span class='ocrx_word' id='word_1_568' title='bbox 2515 3977 2888 4046; x_wconf 83' lang='grc' dir='ltr'>ἀνοιγήσεται.</span> <span class='ocrx_word' id='word_1_569' title='bbox 2923 3995 2940 4027; x_wconf 74' lang='grc' dir='ltr'><strong>ι</strong></span> <span class='ocrx_word' id='word_1_570' title='bbox 2989 3973 3286 4041; x_wconf 77' lang='grc' dir='ltr'>Ἐπέταξεν</span> <span class='ocrx_word' id='word_1_571' title='bbox 3308 3974 3440 4044; x_wconf 85' lang='grc' dir='ltr'>ήμῖν</span> <span class='ocrx_word' id='word_1_572' title='bbox 3468 3973 3528 4024; x_wconf 76' lang='grc' dir='ltr'>ὲν</span> <span class='ocrx_word' id='word_1_573' title='bbox 3548 3972 3664 4034; x_wconf 83' lang='grc' dir='ltr'>τοῖς</span> <span class='ocrx_word' id='word_1_574' title='bbox 3693 3988 3827 4040; x_wconf 89' lang='grc' dir='ltr'>προ-</span> 
     </span>
    </p>
   </div>
   <div class='ocr_carea' id='block_1_76' title="bbox 560 4060 2153 4140">
    <p class='ocr_par' dir='ltr' id='par_1_76' title="bbox 560 4068 2130 4140">
     <span class='ocr_line' id='line_1_76' title="bbox 560 4068 2130 4140; baseline 0.001 -17"><span class='ocrx_word' id='word_1_575' title='bbox 560 4085 753 4136; x_wconf 70' lang='lat' dir='ltr'><strong>magna</strong></span> <span class='ocrx_word' id='word_1_576' title='bbox 803 4080 856 4122; x_wconf 90' lang='lat' dir='ltr'><strong>et</strong></span> <span class='ocrx_word' id='word_1_577' title='bbox 886 4068 1123 4121; x_wconf 67' lang='lat' dir='ltr'><strong>difficilia</strong></span> <span class='ocrx_word' id='word_1_578' title='bbox 1157 4087 1169 4122; x_wconf 90' lang='lat'>:</span> <span class='ocrx_word' id='word_1_579' title='bbox 1227 4070 1466 4124; x_wconf 64' lang='lat' dir='ltr'><strong>omendit</strong></span> <span class='ocrx_word' id='word_1_580' title='bbox 1499 4070 1661 4140; x_wconf 82' lang='lat' dir='ltr'><strong>igitur</strong></span> <span class='ocrx_word' id='word_1_581' title='bbox 1715 4070 1816 4125; x_wconf 91' lang='lat' dir='ltr'><strong>hoc</strong></span> <span class='ocrx_word' id='word_1_582' title='bbox 1851 4070 1968 4124; x_wconf 89' lang='lat' dir='ltr'><strong>loco</strong></span> <span class='ocrx_word' id='word_1_583' title='bbox 1998 4086 2130 4140; x_wconf 84' lang='lat' dir='ltr'><strong>quo-</strong></span> 
     </span>
    </p>
   </div>
   <div class='ocr_carea' id='block_1_77' title="bbox 2234 4060 3827 4140">
    <p class='ocr_par' dir='ltr' id='par_1_77' title="bbox 2236 4060 3827 4140">
     <span class='ocr_line' id='line_1_77' title="bbox 2236 4060 3827 4140; baseline -0.005 -19"><span class='ocrx_word' id='word_1_584' title='bbox 2236 4069 2458 4123; x_wconf 76' lang='grc' dir='ltr'>λαϐοῦσι</span> <span class='ocrx_word' id='word_1_585' title='bbox 2503 4069 2716 4140; x_wconf 80' lang='grc' dir='ltr'>μεγάλα</span> <span class='ocrx_word' id='word_1_586' title='bbox 2758 4071 2853 4121; x_wconf 68' lang='grc' dir='ltr'>καὶ</span> <span class='ocrx_word' id='word_1_587' title='bbox 2883 4068 3122 4139; x_wconf 83' lang='grc' dir='ltr'>χαλεπά.</span> <span class='ocrx_word' id='word_1_588' title='bbox 3156 4066 3440 4119; x_wconf 87' lang='grc' dir='ltr'>Δείκνυσιν</span> <span class='ocrx_word' id='word_1_589' title='bbox 3462 4063 3558 4116; x_wconf 77' lang='grc' dir='ltr'>οὖν</span> <span class='ocrx_word' id='word_1_590' title='bbox 3587 4060 3827 4115; x_wconf 69' lang='grc' dir='ltr'>ἐνταῦθα</span> 
     </span>
    </p>
   </div>
   <div class='ocr_carea' id='block_1_78' title="bbox 562 4154 2155 4234">
    <p class='ocr_par' dir='ltr' id='par_1_78' title="bbox 562 4161 2129 4234">
     <span class='ocr_line' id='line_1_78' title="bbox 562 4161 2129 4234; baseline 0.003 -20"><span class='ocrx_word' id='word_1_591' title='bbox 562 4165 722 4216; x_wconf 79' lang='lat' dir='ltr'><strong>modo</strong></span> <span class='ocrx_word' id='word_1_592' title='bbox 755 4164 1009 4229; x_wconf 81' lang='lat' dir='ltr'><strong>imperata</strong></span> <span class='ocrx_word' id='word_1_593' title='bbox 1036 4161 1404 4229; x_wconf 77' lang='lat' dir='ltr'><strong>perficiantur,</strong></span> <span class='ocrx_word' id='word_1_594' title='bbox 1448 4177 1636 4234; x_wconf 89' lang='lat' dir='ltr'><strong>nempe</strong></span> <span class='ocrx_word' id='word_1_595' title='bbox 1658 4179 1752 4233; x_wconf 84' lang='lat' dir='ltr'><strong>per</strong></span> <span class='ocrx_word' id='word_1_596' title='bbox 1781 4178 1968 4231; x_wconf 88' lang='lat' dir='ltr'><strong>preces</strong></span> <span class='ocrx_word' id='word_1_597' title='bbox 1986 4179 2129 4219; x_wconf 89' lang='lat' dir='ltr'><strong>con-</strong></span> 
     </span>
    </p>
   </div>
   <div class='ocr_carea' id='block_1_79' title="bbox 2231 4154 3824 4234">
    <p class='ocr_par' dir='ltr' id='par_1_79' title="bbox 2239 4154 3824 4232">
     <span class='ocr_line' id='line_1_79' title="bbox 2239 4154 3824 4232; baseline -0.008 -14"><span class='ocrx_word' id='word_1_598' title='bbox 2239 4166 2354 4225; x_wconf 89' lang='grc' dir='ltr'><strong>πῶς</strong></span> <span class='ocrx_word' id='word_1_599' title='bbox 2410 4161 2939 4232; x_wconf 77' lang='grc' dir='ltr'>κατορθωθήσονται,</span> <span class='ocrx_word' id='word_1_600' title='bbox 2997 4161 3091 4212; x_wconf 75' lang='grc' dir='ltr'><strong>καὶ</strong></span> <span class='ocrx_word' id='word_1_601' title='bbox 3121 4161 3205 4213; x_wconf 83' lang='grc' dir='ltr'>ὅτι</span> <span class='ocrx_word' id='word_1_602' title='bbox 3239 4159 3328 4212; x_wconf 80' lang='grc' dir='ltr'><strong>διά</strong></span> <span class='ocrx_word' id='word_1_603' title='bbox 3364 4157 3466 4226; x_wconf 77' lang='grc' dir='ltr'>τῆς</span> <span class='ocrx_word' id='word_1_604' title='bbox 3499 4155 3672 4226; x_wconf 79' lang='grc' dir='ltr'>εὐχῆς</span> <span class='ocrx_word' id='word_1_605' title='bbox 3718 4154 3824 4224; x_wconf 79' lang='grc' dir='ltr'>τῆς</span> 
     </span>
    </p>
   </div>
   <div class='ocr_carea' id='block_1_80' title="bbox 559 4247 2152 4326">
    <p class='ocr_par' dir='ltr' id='par_1_80' title="bbox 559 4251 2126 4326">
     <span class='ocr_line' id='line_1_80' title="bbox 559 4251 2126 4326; baseline 0.001 -19"><span class='ocrx_word' id='word_1_606' title='bbox 559 4255 758 4308; x_wconf 69' lang='lat' dir='ltr'><strong>tinnis.</strong></span> <span class='ocrx_word' id='word_1_607' title='bbox 798 4251 970 4307; x_wconf 85' lang='lat' dir='ltr'><strong>Petite</strong></span> <span class='ocrx_word' id='word_1_608' title='bbox 1025 4253 1195 4318; x_wconf 87' lang='lat' dir='ltr'><strong>enim,</strong></span> <span class='ocrx_word' id='word_1_609' title='bbox 1229 4254 1512 4316; x_wconf 81' lang='lat' dir='ltr'><strong>tlixil,ltoc</strong></span> <span class='ocrx_word' id='word_1_610' title='bbox 1571 4265 1673 4320; x_wconf 88' lang='lat' dir='ltr'><strong>est,</strong></span> <span class='ocrx_word' id='word_1_611' title='bbox 1725 4271 1959 4326; x_wconf 88' lang='lat' dir='ltr'><strong>semper.</strong></span> <span class='ocrx_word' id='word_1_612' title='bbox 2012 4255 2126 4311; x_wconf 82' lang='lat' dir='ltr'><strong>Non</strong></span> 
     </span>
    </p>
   </div>
   <div class='ocr_carea' id='block_1_81' title="bbox 2233 4247 3826 4326">
    <p class='ocr_par' dir='ltr' id='par_1_81' title="bbox 2236 4247 3826 4324">
     <span class='ocr_line' id='line_1_81' title="bbox 2236 4247 3826 4324; baseline -0.006 -15"><span class='ocrx_word' id='word_1_613' title='bbox 2236 4255 2537 4324; x_wconf 82' lang='grc' dir='ltr'>διηνεκοῦς.</span> <span class='ocrx_word' id='word_1_614' title='bbox 2571 4255 2780 4307; x_wconf 80' lang='grc' dir='ltr'>Αἰτεῖτε</span> <span class='ocrx_word' id='word_1_615' title='bbox 2800 4254 2930 4322; x_wconf 72' lang='grc' dir='ltr'>γὰρ,</span> <span class='ocrx_word' id='word_1_616' title='bbox 2962 4248 3139 4317; x_wconf 75' lang='grc' dir='ltr'>εἶπεν,</span> <span class='ocrx_word' id='word_1_617' title='bbox 3167 4251 3287 4305; x_wconf 77' lang='grc' dir='ltr'>ἀντὶ</span> <span class='ocrx_word' id='word_1_618' title='bbox 3339 4247 3432 4301; x_wconf 85' lang='grc' dir='ltr'><strong>τοῦ</strong></span> <span class='ocrx_word' id='word_1_619' title='bbox 3476 4248 3588 4308; x_wconf 77' lang='grc' dir='ltr'>ἀεὶ,</span> <span class='ocrx_word' id='word_1_620' title='bbox 3613 4247 3676 4300; x_wconf 83' lang='grc' dir='ltr'><strong>οὐ</strong></span> <span class='ocrx_word' id='word_1_621' title='bbox 3713 4247 3826 4317; x_wconf 82' lang='grc' dir='ltr'><strong>γάρ</strong></span> 
     </span>
    </p>
   </div>
   <div class='ocr_carea' id='block_1_82' title="bbox 558 4339 2151 4416">
    <p class='ocr_par' dir='ltr' id='par_1_82' title="bbox 558 4342 2132 4416">
     <span class='ocr_line' id='line_1_82' title="bbox 558 4342 2132 4416; baseline 0.004 -24"><span class='ocrx_word' id='word_1_622' title='bbox 558 4345 701 4395; x_wconf 76' lang='lat' dir='ltr'><strong>enim</strong></span> <span class='ocrx_word' id='word_1_623' title='bbox 755 4342 912 4406; x_wconf 74' lang='lat' dir='ltr'><strong>dixit,</strong></span> <span class='ocrx_word' id='word_1_624' title='bbox 963 4342 1158 4410; x_wconf 88' lang='lat' dir='ltr'><strong>petatis</strong></span> <span class='ocrx_word' id='word_1_625' title='bbox 1182 4343 1370 4396; x_wconf 89' lang='lat' dir='ltr'><strong>semel.</strong></span> <span class='ocrx_word' id='word_1_626' title='bbox 1414 4342 1615 4399; x_wconf 88' lang='lat' dir='ltr'><strong>Deinde</strong></span> <span class='ocrx_word' id='word_1_627' title='bbox 1663 4353 1716 4399; x_wconf 88' lang='lat' dir='ltr'><strong>et</strong></span> <span class='ocrx_word' id='word_1_628' title='bbox 1745 4345 1988 4416; x_wconf 77' lang='lat' dir='ltr'><strong>exemplo</strong></span> <span class='ocrx_word' id='word_1_629' title='bbox 2030 4347 2132 4400; x_wconf 82' lang='lat' dir='ltr'><strong>htt-</strong></span> 
     </span>
    </p>
   </div>
   <div class='ocr_carea' id='block_1_83' title="bbox 2232 4339 3825 4416">
    <p class='ocr_par' dir='ltr' id='par_1_83' title="bbox 2237 4339 3825 4416">
     <span class='ocr_line' id='line_1_83' title="bbox 2237 4339 3825 4416; baseline -0.006 -16"><span class='ocrx_word' id='word_1_630' title='bbox 2237 4343 2415 4416; x_wconf 82' lang='grc' dir='ltr'>εἶπεν,</span> <span class='ocrx_word' id='word_1_631' title='bbox 2455 4347 2763 4416; x_wconf 72' lang='grc' dir='ltr'>Δίτήσασθε</span> <span class='ocrx_word' id='word_1_632' title='bbox 2791 4345 2957 4408; x_wconf 76' lang='grc' dir='ltr'>ἅπαξ.</span> <span class='ocrx_word' id='word_1_633' title='bbox 3001 4340 3131 4397; x_wconf 73' lang='grc' dir='ltr'>Εἶτα</span> <span class='ocrx_word' id='word_1_634' title='bbox 3165 4343 3258 4396; x_wconf 73' lang='grc' dir='ltr'><strong>καὶ</strong></span> <span class='ocrx_word' id='word_1_635' title='bbox 3290 4341 3399 4395; x_wconf 81' lang='grc' dir='ltr'>ἀπὸ</span> <span class='ocrx_word' id='word_1_636' title='bbox 3416 4339 3825 4409; x_wconf 71' lang='grc' dir='ltr'>ὑποδείγματος</span> 
     </span>
    </p>
   </div>
   <div class='ocr_carea' id='block_1_84' title="bbox 561 4436 2154 4512">
    <p class='ocr_par' dir='ltr' id='par_1_84' title="bbox 561 4436 1272 4489">
     <span class='ocr_line' id='line_1_84' title="bbox 561 4436 1272 4489; baseline -0.001 -2"><span class='ocrx_word' id='word_1_637' title='bbox 561 4451 718 4488; x_wconf 69' lang='lat' dir='ltr'><strong>multo</strong></span> <span class='ocrx_word' id='word_1_638' title='bbox 741 4437 1022 4488; x_wconf 84' lang='lat' dir='ltr'><strong>conlirutat</strong></span> <span class='ocrx_word' id='word_1_639' title='bbox 1052 4436 1272 4489; x_wconf 86' lang='lat' dir='ltr'><strong>dictum.</strong></span> 
     </span>
    </p>
   </div>
   <div class='ocr_carea' id='block_1_85' title="bbox 1552 4436 3145 4512">
    <p class='ocr_par' dir='ltr' id='par_1_85' title="bbox 2236 4437 3145 4512">
     <span class='ocr_line' id='line_1_85' title="bbox 2236 4437 3145 4512; baseline -0.006 -18"><span class='ocrx_word' id='word_1_640' title='bbox 2236 4439 2578 4512; x_wconf 84' lang='grc' dir='ltr'>ἀνθρωπίνου</span> <span class='ocrx_word' id='word_1_641' title='bbox 2612 4438 2822 4508; x_wconf 80' lang='grc' dir='ltr'>βεϐαιοῖ</span> <span class='ocrx_word' id='word_1_642' title='bbox 2851 4437 2910 4490; x_wconf 87' lang='grc' dir='ltr'>τὸ</span> <span class='ocrx_word' id='word_1_643' title='bbox 2937 4437 3145 4506; x_wconf 80' lang='grc' dir='ltr'>λεχθέν.</span> 
     </span>
    </p>
   </div>
   <div class='ocr_carea' id='block_1_86' title="bbox 635 4525 2228 4616">
    <p class='ocr_par' dir='ltr' id='par_1_86' title="bbox 635 4526 2206 4616">
     <span class='ocr_line' id='line_1_86' title="bbox 635 4526 2206 4616; baseline 0.006 -39"><span class='ocrx_word' id='word_1_644' title='bbox 635 4526 796 4579; x_wconf 68' lang='lat' dir='ltr'><strong>\‘nns.</strong></span> <span class='ocrx_word' id='word_1_645' title='bbox 827 4527 881 4588; x_wconf 80' lang='grc' dir='ltr'><strong>θ,</strong></span> <span class='ocrx_word' id='word_1_646' title='bbox 915 4529 997 4580; x_wconf 82' lang='lat' dir='ltr'><strong>l0.</strong></span> <span class='ocrx_word' id='word_1_647' title='bbox 1041 4547 1058 4577; x_wconf 83' lang='grc' dir='ltr'><strong>ι</strong></span> <span class='ocrx_word' id='word_1_648' title='bbox 1110 4530 1187 4581; x_wconf 83' lang='lat' dir='ltr'><strong>An</strong></span> <span class='ocrx_word' id='word_1_649' title='bbox 1227 4530 1508 4597; x_wconf 76' lang='lat' dir='ltr'><strong>quisquam</strong></span> <span class='ocrx_word' id='word_1_650' title='bbox 1539 4539 1623 4583; x_wconf 90' lang='lat' dir='ltr'><strong>est</strong></span> <span class='ocrx_word' id='word_1_651' title='bbox 1651 4546 1718 4586; x_wconf 80' lang='lat' dir='ltr'><strong>ex</strong></span> <span class='ocrx_word' id='word_1_652' title='bbox 1750 4531 1900 4587; x_wconf 90' lang='lat' dir='ltr'><strong>vobis</strong></span> <span class='ocrx_word' id='word_1_653' title='bbox 1944 4533 2125 4597; x_wconf 84' lang='lat' dir='ltr'><strong>homo.</strong></span> <span class='ocrx_word' id='word_1_654' title='bbox 2162 4561 2206 4616; x_wconf 72' lang='grc' dir='ltr'>ο</span> 
     </span>
    </p>
   </div>
   <div class='ocr_carea' id='block_1_87' title="bbox 2232 4525 3825 4616">
    <p class='ocr_par' dir='ltr' id='par_1_87' title="bbox 2316 4525 3825 4598">
     <span class='ocr_line' id='line_1_87' title="bbox 2316 4525 3825 4598; baseline -0.003 -16"><span class='ocrx_word' id='word_1_655' title='bbox 2316 4549 2334 4582; x_wconf 79' lang='grc' dir='ltr'><strong>ι</strong></span> <span class='ocrx_word' id='word_1_656' title='bbox 2361 4532 2430 4584; x_wconf 80' lang='grc' dir='ltr'><strong>Ἦ</strong></span> <span class='ocrx_word' id='word_1_657' title='bbox 2461 4531 2547 4592; x_wconf 90' lang='grc' dir='ltr'><strong>τίς</strong></span> <span class='ocrx_word' id='word_1_658' title='bbox 2582 4531 2729 4584; x_wconf 80' lang='grc' dir='ltr'>ἐστιν</span> <span class='ocrx_word' id='word_1_659' title='bbox 2760 4529 3046 4598; x_wconf 81' lang='grc' dir='ltr'>ἄνθρωπος</span> <span class='ocrx_word' id='word_1_660' title='bbox 3067 4527 3122 4593; x_wconf 75' lang='grc' dir='ltr'><strong>ἐξ</strong></span> <span class='ocrx_word' id='word_1_661' title='bbox 3148 4526 3325 4594; x_wconf 80' lang='grc' dir='ltr'>ὑμῶν,</span> <span class='ocrx_word' id='word_1_662' title='bbox 3355 4525 3414 4578; x_wconf 86' lang='grc' dir='ltr'><strong>δν</strong></span> <span class='ocrx_word' id='word_1_663' title='bbox 3445 4526 3544 4577; x_wconf 69' lang='grc' dir='ltr'><strong>ἐὰν</strong></span> <span class='ocrx_word' id='word_1_664' title='bbox 3564 4525 3772 4597; x_wconf 76' lang='grc' dir='ltr'>αίτήσῃ</span> <span class='ocrx_word' id='word_1_665' title='bbox 3797 4525 3825 4578; x_wconf 88' lang='lat'><strong>6</strong></span> 
     </span>
    </p>
   </div>
   <div class='ocr_carea' id='block_1_88' title="bbox 560 4616 2153 4692">
    <p class='ocr_par' dir='ltr' id='par_1_88' title="bbox 560 4620 2124 4690">
     <span class='ocr_line' id='line_1_88' title="bbox 560 4620 2124 4690; baseline 0.006 -21"><span class='ocrx_word' id='word_1_666' title='bbox 560 4637 722 4686; x_wconf 70' lang='lat' dir='ltr'><strong>quem</strong></span> <span class='ocrx_word' id='word_1_667' title='bbox 753 4620 797 4671; x_wconf 85' lang='lat' dir='ltr'><strong>si</strong></span> <span class='ocrx_word' id='word_1_668' title='bbox 833 4620 1044 4687; x_wconf 75' lang='lat' dir='ltr'><strong>petierit</strong></span> <span class='ocrx_word' id='word_1_669' title='bbox 1067 4620 1208 4673; x_wconf 81' lang='lat' dir='ltr'><strong>ﬁlius</strong></span> <span class='ocrx_word' id='word_1_670' title='bbox 1239 4622 1353 4688; x_wconf 73' lang='lat' dir='ltr'><strong>eius</strong></span> <span class='ocrx_word' id='word_1_671' title='bbox 1382 4636 1594 4688; x_wconf 82' lang='lat' dir='ltr'><strong>panem,</strong></span> <span class='ocrx_word' id='word_1_672' title='bbox 1633 4623 1866 4690; x_wconf 85' lang='lat' dir='ltr'><strong>lapidem</strong></span> <span class='ocrx_word' id='word_1_673' title='bbox 1898 4626 2124 4678; x_wconf 83' lang='lat' dir='ltr'><strong>daturus</strong></span> 
     </span>
    </p>
   </div>
   <div class='ocr_carea' id='block_1_89' title="bbox 2234 4616 3827 4692">
    <p class='ocr_par' dir='ltr' id='par_1_89' title="bbox 2239 4616 3827 4692">
     <span class='ocr_line' id='line_1_89' title="bbox 2239 4616 3827 4692; baseline -0.001 -21"><span class='ocrx_word' id='word_1_674' title='bbox 2239 4622 2348 4683; x_wconf 73' lang='grc' dir='ltr'>υίὸς</span> <span class='ocrx_word' id='word_1_675' title='bbox 2388 4621 2554 4674; x_wconf 81' lang='grc' dir='ltr'>αὐτοῦ</span> <span class='ocrx_word' id='word_1_676' title='bbox 2591 4623 2775 4692; x_wconf 79' lang='grc' dir='ltr'>ἄρτον,</span> <span class='ocrx_word' id='word_1_677' title='bbox 2815 4623 2889 4690; x_wconf 82' lang='grc' dir='ltr'>μὴ</span> <span class='ocrx_word' id='word_1_678' title='bbox 2924 4621 3072 4674; x_wconf 78' lang='grc' dir='ltr'>λίθον</span> <span class='ocrx_word' id='word_1_679' title='bbox 3103 4618 3360 4671; x_wconf 76' lang='grc' dir='ltr'>ἐπιδώσει</span> <span class='ocrx_word' id='word_1_680' title='bbox 3383 4616 3570 4686; x_wconf 71' lang='grc' dir='ltr'>αύτῷς</span> <span class='ocrx_word' id='word_1_681' title='bbox 3603 4618 3698 4670; x_wconf 80' lang='grc' dir='ltr'><strong>καὶ</strong></span> <span class='ocrx_word' id='word_1_682' title='bbox 3726 4618 3827 4670; x_wconf 70' lang='grc' dir='ltr'><strong>ἐὰν</strong></span> 
     </span>
    </p>
   </div>
   <div class='ocr_carea' id='block_1_90' title="bbox 559 4709 2152 4786">
    <p class='ocr_par' dir='ltr' id='par_1_90' title="bbox 559 4710 2132 4783">
     <span class='ocr_line' id='line_1_90' title="bbox 559 4710 2132 4783; baseline 0.002 -19"><span class='ocrx_word' id='word_1_683' title='bbox 559 4715 629 4764; x_wconf 76' lang='lat' dir='ltr'><strong>sit</strong></span> <span class='ocrx_word' id='word_1_684' title='bbox 656 4710 774 4764; x_wconf 89' lang='lat' dir='ltr'><strong>illi?</strong></span> <span class='ocrx_word' id='word_1_685' title='bbox 807 4720 897 4764; x_wconf 83' lang='lat' dir='ltr'><strong>aut</strong></span> <span class='ocrx_word' id='word_1_686' title='bbox 919 4712 960 4764; x_wconf 91' lang='lat' dir='ltr'><strong>si</strong></span> <span class='ocrx_word' id='word_1_687' title='bbox 1017 4711 1217 4780; x_wconf 88' lang='lat' dir='ltr'><strong>piscem</strong></span> <span class='ocrx_word' id='word_1_688' title='bbox 1253 4712 1485 4779; x_wconf 83' lang='lat' dir='ltr'><strong>petierit,</strong></span> <span class='ocrx_word' id='word_1_689' title='bbox 1517 4727 1641 4766; x_wconf 91' lang='lat' dir='ltr'><strong>num</strong></span> <span class='ocrx_word' id='word_1_690' title='bbox 1701 4722 2003 4783; x_wconf 77' lang='lat' dir='ltr'><strong>serpentem</strong></span> <span class='ocrx_word' id='word_1_691' title='bbox 2036 4712 2132 4767; x_wconf 86' lang='lat' dir='ltr'><strong>ad-</strong></span> 
     </span>
    </p>
   </div>
   <div class='ocr_carea' id='block_1_91' title="bbox 2232 4709 3825 4786">
    <p class='ocr_par' dir='ltr' id='par_1_91' title="bbox 2239 4709 3825 4786">
     <span class='ocr_line' id='line_1_91' title="bbox 2239 4709 3825 4786; baseline -0.001 -22"><span class='ocrx_word' id='word_1_692' title='bbox 2239 4712 2391 4783; x_wconf 77' lang='grc' dir='ltr'>ἰχθῦν</span> <span class='ocrx_word' id='word_1_693' title='bbox 2427 4714 2646 4786; x_wconf 74' lang='grc' dir='ltr'>αἰτήσῃ,</span> <span class='ocrx_word' id='word_1_694' title='bbox 2681 4713 2757 4782; x_wconf 81' lang='grc' dir='ltr'>μὴ</span> <span class='ocrx_word' id='word_1_695' title='bbox 2799 4712 2922 4780; x_wconf 80' lang='grc' dir='ltr'>ὅφιν</span> <span class='ocrx_word' id='word_1_696' title='bbox 2973 4711 3232 4764; x_wconf 73' lang='grc' dir='ltr'>ἐπιδώσει</span> <span class='ocrx_word' id='word_1_697' title='bbox 3282 4709 3470 4779; x_wconf 80' lang='grc' dir='ltr'>αὑτῷς</span> <span class='ocrx_word' id='word_1_698' title='bbox 3508 4729 3526 4760; x_wconf 74' lang='grc' dir='ltr'><strong>ι</strong></span> <span class='ocrx_word' id='word_1_699' title='bbox 3569 4710 3825 4764; x_wconf 85' lang='grc' dir='ltr'>Παιδεύει</span> 
     </span>
    </p>
   </div>
   <div class='ocr_carea' id='block_1_92' title="bbox 561 4801 2154 4874">
    <p class='ocr_par' dir='ltr' id='par_1_92' title="bbox 561 4801 2132 4872">
     <span class='ocr_line' id='line_1_92' title="bbox 561 4801 2132 4872; baseline 0.001 -16"><span class='ocrx_word' id='word_1_700' title='bbox 561 4806 648 4856; x_wconf 82' lang='lat' dir='ltr'><strong>det</strong></span> <span class='ocrx_word' id='word_1_701' title='bbox 673 4801 788 4871; x_wconf 75' lang='lat' dir='ltr'><strong>illi?</strong></span> <span class='ocrx_word' id='word_1_702' title='bbox 832 4821 849 4852; x_wconf 75' lang='grc' dir='ltr'><strong>ι</strong></span> <span class='ocrx_word' id='word_1_703' title='bbox 887 4801 1066 4855; x_wconf 80' lang='lat' dir='ltr'><strong>Erudit</strong></span> <span class='ocrx_word' id='word_1_704' title='bbox 1093 4803 1193 4857; x_wconf 85' lang='lat' dir='ltr'><strong>hoc</strong></span> <span class='ocrx_word' id='word_1_705' title='bbox 1232 4801 1348 4856; x_wconf 84' lang='lat' dir='ltr'><strong>loco</strong></span> <span class='ocrx_word' id='word_1_706' title='bbox 1376 4806 1519 4870; x_wconf 88' lang='lat' dir='ltr'><strong>quod</strong></span> <span class='ocrx_word' id='word_1_707' title='bbox 1547 4814 1758 4872; x_wconf 89' lang='lat' dir='ltr'><strong>oportet</strong></span> <span class='ocrx_word' id='word_1_708' title='bbox 1785 4807 2132 4859; x_wconf 84' lang='lat' dir='ltr'><strong>vehementer</strong></span> 
     </span>
    </p>
   </div>
   <div class='ocr_carea' id='block_1_93' title="bbox 2231 4801 3824 4874">
    <p class='ocr_par' dir='ltr' id='par_1_93' title="bbox 2235 4801 3824 4874">
     <span class='ocr_line' id='line_1_93' title="bbox 2235 4801 3824 4874; baseline -0.002 -17"><span class='ocrx_word' id='word_1_709' title='bbox 2235 4804 2470 4858; x_wconf 74' lang='grc' dir='ltr'>ἐνταῦθα</span> <span class='ocrx_word' id='word_1_710' title='bbox 2506 4804 2587 4857; x_wconf 85' lang='grc' dir='ltr'><strong>δτι</strong></span> <span class='ocrx_word' id='word_1_711' title='bbox 2623 4805 2705 4856; x_wconf 88' lang='grc' dir='ltr'><strong>δεῖ</strong></span> <span class='ocrx_word' id='word_1_712' title='bbox 2739 4804 2833 4857; x_wconf 76' lang='grc' dir='ltr'>καὶ</span> <span class='ocrx_word' id='word_1_713' title='bbox 2868 4802 3118 4874; x_wconf 82' lang='grc' dir='ltr'>σφοδρῶς</span> <span class='ocrx_word' id='word_1_714' title='bbox 3148 4804 3342 4862; x_wconf 88' lang='grc' dir='ltr'>αίτεῖν,</span> <span class='ocrx_word' id='word_1_715' title='bbox 3377 4801 3476 4854; x_wconf 72' lang='grc' dir='ltr'><strong>καὶ</strong></span> <span class='ocrx_word' id='word_1_716' title='bbox 3511 4801 3581 4854; x_wconf 70' lang='grc' dir='ltr'>τὰ</span> <span class='ocrx_word' id='word_1_717' title='bbox 3609 4802 3824 4870; x_wconf 75' lang='grc' dir='ltr'>συμφὲ-</span> 
     </span>
    </p>
   </div>
   <div class='ocr_carea' id='block_1_94' title="bbox 559 4894 2152 4967">
    <p class='ocr_par' dir='ltr' id='par_1_94' title="bbox 559 4895 2129 4965">
     <span class='ocr_line' id='line_1_94' title="bbox 559 4895 2129 4965; baseline 0.001 -17"><span class='ocrx_word' id='word_1_718' title='bbox 559 4906 762 4964; x_wconf 81' lang='lat' dir='ltr'><strong>petere,</strong></span> <span class='ocrx_word' id='word_1_719' title='bbox 813 4905 861 4948; x_wconf 91' lang='lat' dir='ltr'><strong>ct</strong></span> <span class='ocrx_word' id='word_1_720' title='bbox 915 4895 1062 4948; x_wconf 91' lang='lat' dir='ltr'><strong>utilia</strong></span> <span class='ocrx_word' id='word_1_721' title='bbox 1112 4905 1314 4964; x_wconf 88' lang='lat' dir='ltr'><strong>petere.</strong></span> <span class='ocrx_word' id='word_1_722' title='bbox 1386 4896 1535 4951; x_wconf 90' lang='lat' dir='ltr'><strong>Sicut</strong></span> <span class='ocrx_word' id='word_1_723' title='bbox 1562 4897 1707 4951; x_wconf 90' lang='lat' dir='ltr'><strong>enim</strong></span> <span class='ocrx_word' id='word_1_724' title='bbox 1757 4911 1871 4963; x_wconf 84' lang='lat' dir='ltr'><strong>vos,</strong></span> <span class='ocrx_word' id='word_1_725' title='bbox 1931 4897 2129 4965; x_wconf 85' lang='lat' dir='ltr'><strong>inquit,</strong></span> 
     </span>
    </p>
   </div>
   <div class='ocr_carea' id='block_1_95' title="bbox 2233 4894 3826 4967">
    <p class='ocr_par' dir='ltr' id='par_1_95' title="bbox 2235 4894 3826 4967">
     <span class='ocr_line' id='line_1_95' title="bbox 2235 4894 3826 4967; baseline -0.001 -19"><span class='ocrx_word' id='word_1_726' title='bbox 2235 4914 2394 4966; x_wconf 87' lang='grc' dir='ltr'>ροντα</span> <span class='ocrx_word' id='word_1_727' title='bbox 2431 4898 2623 4951; x_wconf 78' lang='grc' dir='ltr'>αἰτεῖν.</span> <span class='ocrx_word' id='word_1_728' title='bbox 2661 4896 2850 4965; x_wconf 85' lang='grc' dir='ltr'>Ὑμεῖς</span> <span class='ocrx_word' id='word_1_729' title='bbox 2866 4899 2997 4967; x_wconf 74' lang='grc' dir='ltr'>γὰρ,</span> <span class='ocrx_word' id='word_1_730' title='bbox 3022 4896 3182 4965; x_wconf 76' lang='grc' dir='ltr'>φησὶ,</span> <span class='ocrx_word' id='word_1_731' title='bbox 3217 4895 3446 4966; x_wconf 82' lang='grc' dir='ltr'>βλέπετε</span> <span class='ocrx_word' id='word_1_732' title='bbox 3470 4895 3598 4958; x_wconf 75' lang='grc' dir='ltr'>τοὺς</span> <span class='ocrx_word' id='word_1_733' title='bbox 3622 4894 3826 4956; x_wconf 84' lang='grc' dir='ltr'>παῖδας</span> 
     </span>
    </p>
   </div>
   <div class='ocr_carea' id='block_1_96' title="bbox 557 4984 2150 5060">
    <p class='ocr_par' dir='ltr' id='par_1_96' title="bbox 557 4984 2131 5059">
     <span class='ocr_line' id='line_1_96' title="bbox 557 4984 2131 5059; baseline 0.004 -24"><span class='ocrx_word' id='word_1_734' title='bbox 557 4985 800 5040; x_wconf 77' lang='lat' dir='ltr'><strong>videntes</strong></span> <span class='ocrx_word' id='word_1_735' title='bbox 838 4984 975 5039; x_wconf 89' lang='lat' dir='ltr'><strong>lilios</strong></span> <span class='ocrx_word' id='word_1_736' title='bbox 1028 4997 1236 5040; x_wconf 88' lang='lat' dir='ltr'><strong>vestros</strong></span> <span class='ocrx_word' id='word_1_737' title='bbox 1282 4986 1431 5040; x_wconf 89' lang='lat' dir='ltr'><strong>utilia</strong></span> <span class='ocrx_word' id='word_1_738' title='bbox 1457 4997 1660 5056; x_wconf 85' lang='lat' dir='ltr'><strong>petere,</strong></span> <span class='ocrx_word' id='word_1_739' title='bbox 1704 4986 1814 5059; x_wconf 78' lang='lat'><strong>36</strong></span> <span class='ocrx_word' id='word_1_740' title='bbox 1843 5001 2033 5058; x_wconf 89' lang='lat' dir='ltr'><strong>panem</strong></span> <span class='ocrx_word' id='word_1_741' title='bbox 2076 4996 2131 5042; x_wconf 85' lang='lat' dir='ltr'><strong>et</strong></span> 
     </span>
    </p>
   </div>
   <div class='ocr_carea' id='block_1_97' title="bbox 2233 4984 3826 5060">
    <p class='ocr_par' dir='ltr' id='par_1_97' title="bbox 2233 4986 3826 5060">
     <span class='ocr_line' id='line_1_97' title="bbox 2233 4986 3826 5060; baseline -0.003 -18"><span class='ocrx_word' id='word_1_742' title='bbox 2233 4991 2389 5060; x_wconf 87' lang='grc' dir='ltr'>ὑμῶν</span> <span class='ocrx_word' id='word_1_743' title='bbox 2418 4991 2485 5043; x_wconf 89' lang='grc' dir='ltr'><strong>τά</strong></span> <span class='ocrx_word' id='word_1_744' title='bbox 2512 4991 2791 5060; x_wconf 79' lang='grc' dir='ltr'>πρέποντα</span> <span class='ocrx_word' id='word_1_745' title='bbox 2820 4989 3131 5051; x_wconf 75' lang='grc' dir='ltr'>αἰτοῦντας,</span> <span class='ocrx_word' id='word_1_746' title='bbox 3174 4988 3340 5060; x_wconf 82' lang='grc' dir='ltr'>ἄρτον</span> <span class='ocrx_word' id='word_1_747' title='bbox 3379 4989 3473 5040; x_wconf 88' lang='grc' dir='ltr'><strong>καί</strong></span> <span class='ocrx_word' id='word_1_748' title='bbox 3508 4986 3685 5058; x_wconf 71' lang='grc' dir='ltr'>ἰχθῦν,</span> <span class='ocrx_word' id='word_1_749' title='bbox 3728 4986 3826 5039; x_wconf 76' lang='grc' dir='ltr'><strong>καὶ</strong></span> 
     </span>
    </p>
   </div>
   <div class='ocr_carea' id='block_1_98' title="bbox 488 5077 2081 5150">
    <p class='ocr_par' dir='ltr' id='par_1_98' title="bbox 488 5077 2081 5150">
     <span class='ocr_line' id='line_1_98' title="bbox 488 5077 2081 5150; baseline 0.003 -22"><span class='ocrx_word' id='word_1_750' title='bbox 488 5093 492 5096; x_wconf 71' lang='grc'><strong>’</strong></span> <span class='ocrx_word' id='word_1_751' title='bbox 557 5078 781 5142; x_wconf 85' lang='lat' dir='ltr'><strong>piscem,</strong></span> <span class='ocrx_word' id='word_1_752' title='bbox 801 5077 938 5131; x_wconf 85' lang='lat' dir='ltr'><strong>datis</strong></span> <span class='ocrx_word' id='word_1_753' title='bbox 967 5078 1144 5131; x_wconf 79' lang='lat' dir='ltr'><strong>omnia</strong></span> <span class='ocrx_word' id='word_1_754' title='bbox 1172 5093 1290 5146; x_wconf 76' lang='lat' dir='ltr'><strong>qua:</strong></span> <span class='ocrx_word' id='word_1_755' title='bbox 1312 5078 1597 5144; x_wconf 81' lang='lat' dir='ltr'><strong>petierint;</strong></span> <span class='ocrx_word' id='word_1_756' title='bbox 1630 5079 1702 5132; x_wconf 89' lang='lat' dir='ltr'><strong>ita</strong></span> <span class='ocrx_word' id='word_1_757' title='bbox 1732 5089 1785 5133; x_wconf 86' lang='lat' dir='ltr'><strong>et</strong></span> <span class='ocrx_word' id='word_1_758' title='bbox 1816 5093 1908 5134; x_wconf 85' lang='lat' dir='ltr'><strong>vos</strong></span> <span class='ocrx_word' id='word_1_759' title='bbox 1925 5082 2081 5150; x_wconf 81' lang='lat' dir='ltr'><strong>spitu;</strong></span> 
     </span>
    </p>
   </div>
   <div class='ocr_carea' id='block_1_99' title="bbox 2232 5077 3825 5150">
    <p class='ocr_par' dir='ltr' id='par_1_99' title="bbox 2232 5079 3825 5149">
     <span class='ocr_line' id='line_1_99' title="bbox 2232 5079 3825 5149; baseline -0.006 -9"><span class='ocrx_word' id='word_1_760' title='bbox 2232 5085 2353 5140; x_wconf 87' lang='grc' dir='ltr'>τότε</span> <span class='ocrx_word' id='word_1_761' title='bbox 2385 5084 2555 5138; x_wconf 88' lang='grc' dir='ltr'>δίδοτε</span> <span class='ocrx_word' id='word_1_762' title='bbox 2614 5083 2798 5146; x_wconf 74' lang='grc' dir='ltr'>αὐτοῖς</span> <span class='ocrx_word' id='word_1_763' title='bbox 2853 5082 2981 5135; x_wconf 84' lang='grc' dir='ltr'>ὅταν</span> <span class='ocrx_word' id='word_1_764' title='bbox 3037 5081 3264 5134; x_wconf 85' lang='grc' dir='ltr'>τοιαῦτα</span> <span class='ocrx_word' id='word_1_765' title='bbox 3316 5079 3558 5149; x_wconf 79' lang='grc' dir='ltr'>ζητῶσιν</span> <span class='ocrx_word' id='word_1_766' title='bbox 3595 5094 3609 5109; x_wconf 87' lang='grc'><strong>·</strong></span> <span class='ocrx_word' id='word_1_767' title='bbox 3645 5079 3825 5142; x_wconf 73' lang='grc' dir='ltr'>οὕτως</span> 
     </span>
    </p>
   </div>
   <div class='ocr_carea' id='block_1_100' title="bbox 560 5167 3827 5246">
    <p class='ocr_par' dir='ltr' id='par_1_100' title="bbox 560 5167 3827 5246">
     <span class='ocr_line' id='line_1_100' title="bbox 560 5167 3827 5246; baseline -0.005 -9"><span class='ocrx_word' id='word_1_768' title='bbox 560 5167 630 5220; x_wconf 57' lang='lat' dir='ltr'><strong>“il</strong></span> <span class='ocrx_word' id='word_1_769' title='bbox 663 5167 907 5237; x_wconf 68' lang='grc' dir='ltr'>ιιιιεετὶιο,</span> <span class='ocrx_word' id='word_1_770' title='bbox 939 5184 1043 5220; x_wconf 77' lang='lat'><strong>&quot;0“</strong></span> <span class='ocrx_word' id='word_1_771' title='bbox 1087 5167 1345 5222; x_wconf 65' lang='grc' dir='ltr'>οδιιιειιίειο</span> <span class='ocrx_word' id='word_1_772' title='bbox 2231 5176 2321 5231; x_wconf 77' lang='grc' dir='ltr'>οὖν</span> <span class='ocrx_word' id='word_1_773' title='bbox 2352 5176 2444 5230; x_wconf 72' lang='grc' dir='ltr'>καὶ</span> <span class='ocrx_word' id='word_1_774' title='bbox 2478 5177 2635 5246; x_wconf 83' lang='grc' dir='ltr'>ὑμεῖς</span> <span class='ocrx_word' id='word_1_775' title='bbox 2664 5174 2734 5226; x_wconf 92' lang='grc' dir='ltr'><strong>τά</strong></span> <span class='ocrx_word' id='word_1_776' title='bbox 2781 5173 3136 5242; x_wconf 83' lang='grc' dir='ltr'>πνευματικά</span> <span class='ocrx_word' id='word_1_777' title='bbox 3165 5171 3404 5243; x_wconf 83' lang='grc' dir='ltr'>ζητεῖτε,</span> <span class='ocrx_word' id='word_1_778' title='bbox 3446 5171 3523 5241; x_wconf 82' lang='grc' dir='ltr'>μὴ</span> <span class='ocrx_word' id='word_1_779' title='bbox 3555 5170 3625 5225; x_wconf 63' lang='grc' dir='ltr'>τὰ</span> <span class='ocrx_word' id='word_1_780' title='bbox 3681 5185 3827 5240; x_wconf 84' lang='grc' dir='ltr'>σαρ-</span> 
     </span>
    </p>
   </div>
   <div class='ocr_carea' id='block_1_101' title="bbox 2231 5271 2384 5322">
    <p class='ocr_par' dir='ltr' id='par_1_101' title="bbox 2231 5271 2384 5322">
     <span class='ocr_line' id='line_1_101' title="bbox 2231 5271 2384 5322; baseline -0.013 0"><span class='ocrx_word' id='word_1_781' title='bbox 2231 5271 2384 5322; x_wconf 72' lang='grc' dir='ltr'>κικὰ.</span> 
     </span>
    </p>
   </div>
   <div class='ocr_carea' id='block_1_102' title="bbox 627 5347 2220 5426">
    <p class='ocr_par' dir='ltr' id='par_1_102' title="bbox 627 5347 2126 5418">
     <span class='ocr_line' id='line_1_102' title="bbox 627 5347 2126 5418; baseline 0.006 -16"><span class='ocrx_word' id='word_1_782' title='bbox 627 5348 790 5402; x_wconf 70' lang='lat' dir='ltr'><strong>Vens.</strong></span> <span class='ocrx_word' id='word_1_783' title='bbox 829 5349 914 5403; x_wconf 84' lang='lat' dir='ltr'><strong>ll.</strong></span> <span class='ocrx_word' id='word_1_784' title='bbox 960 5366 978 5400; x_wconf 82' lang='grc' dir='ltr'><strong>ι</strong></span> <span class='ocrx_word' id='word_1_785' title='bbox 1018 5347 1072 5403; x_wconf 90' lang='lat' dir='ltr'><strong>Si</strong></span> <span class='ocrx_word' id='word_1_786' title='bbox 1106 5347 1270 5418; x_wconf 86' lang='lat' dir='ltr'><strong>igitur</strong></span> <span class='ocrx_word' id='word_1_787' title='bbox 1299 5361 1415 5414; x_wconf 85' lang='lat' dir='ltr'><strong>vos,</strong></span> <span class='ocrx_word' id='word_1_788' title='bbox 1450 5364 1573 5402; x_wconf 89' lang='lat' dir='ltr'><strong>cum</strong></span> <span class='ocrx_word' id='word_1_789' title='bbox 1606 5350 1726 5405; x_wconf 87' lang='lat' dir='ltr'><strong>sitis</strong></span> <span class='ocrx_word' id='word_1_790' title='bbox 1770 5353 1917 5417; x_wconf 82' lang='lat' dir='ltr'><strong>ntali,</strong></span> <span class='ocrx_word' id='word_1_791' title='bbox 1956 5359 2126 5410; x_wconf 81' lang='lat' dir='ltr'><strong>nostis</strong></span> 
     </span>
    </p>
   </div>
   <div class='ocr_carea' id='block_1_103' title="bbox 2237 5347 3830 5426">
    <p class='ocr_par' dir='ltr' id='par_1_103' title="bbox 2314 5353 3830 5426">
     <span class='ocr_line' id='line_1_103' title="bbox 2314 5353 3830 5426; baseline -0.001 -16"><span class='ocrx_word' id='word_1_792' title='bbox 2314 5358 2407 5410; x_wconf 77' lang='grc' dir='ltr'><strong>«Εἰ</strong></span> <span class='ocrx_word' id='word_1_793' title='bbox 2438 5355 2530 5410; x_wconf 79' lang='grc' dir='ltr'>οὖν</span> <span class='ocrx_word' id='word_1_794' title='bbox 2555 5356 2715 5426; x_wconf 84' lang='grc' dir='ltr'>ὑμεῖς</span> <span class='ocrx_word' id='word_1_795' title='bbox 2752 5357 2977 5426; x_wconf 74' lang='grc' dir='ltr'>πονηροὶ</span> <span class='ocrx_word' id='word_1_796' title='bbox 3001 5355 3371 5418; x_wconf 72' lang='grc' dir='ltr'>δντες.οῖδατε</span> <span class='ocrx_word' id='word_1_797' title='bbox 3396 5355 3610 5424; x_wconf 76' lang='grc' dir='ltr'>δόματα</span> <span class='ocrx_word' id='word_1_798' title='bbox 3640 5353 3830 5420; x_wconf 84' lang='grc' dir='ltr'>ἀγαθά</span> 
     </span>
    </p>
   </div>
   <div class='ocr_carea' id='block_1_104' title="bbox 557 5440 2150 5521">
    <p class='ocr_par' dir='ltr' id='par_1_104' title="bbox 557 5440 2131 5513">
     <span class='ocr_line' id='line_1_104' title="bbox 557 5440 2131 5513; baseline 0.005 -23"><span class='ocrx_word' id='word_1_799' title='bbox 557 5440 697 5493; x_wconf 84' lang='lat' dir='ltr'><strong>dona</strong></span> <span class='ocrx_word' id='word_1_800' title='bbox 734 5441 872 5494; x_wconf 88' lang='lat' dir='ltr'><strong>bona</strong></span> <span class='ocrx_word' id='word_1_801' title='bbox 929 5441 1060 5495; x_wconf 87' lang='lat' dir='ltr'><strong>dare</strong></span> <span class='ocrx_word' id='word_1_802' title='bbox 1107 5440 1232 5494; x_wconf 82' lang='lat' dir='ltr'><strong>ﬁliis</strong></span> <span class='ocrx_word' id='word_1_803' title='bbox 1262 5440 1480 5504; x_wconf 83' lang='lat' dir='ltr'><strong>vestris,</strong></span> <span class='ocrx_word' id='word_1_804' title='bbox 1516 5451 1719 5511; x_wconf 88' lang='lat' dir='ltr'><strong>quanto</strong></span> <span class='ocrx_word' id='word_1_805' title='bbox 1769 5444 1939 5513; x_wconf 83' lang='lat' dir='ltr'><strong>magis</strong></span> <span class='ocrx_word' id='word_1_806' title='bbox 1974 5444 2131 5500; x_wconf 85' lang='lat' dir='ltr'><strong>Pater</strong></span> 
     </span>
    </p>
   </div>
   <div class='ocr_carea' id='block_1_105' title="bbox 2233 5440 3826 5521">
    <p class='ocr_par' dir='ltr' id='par_1_105' title="bbox 2233 5446 3826 5521">
     <span class='ocr_line' id='line_1_105' title="bbox 2233 5446 3826 5521; baseline 0 -21"><span class='ocrx_word' id='word_1_807' title='bbox 2233 5448 2430 5502; x_wconf 77' lang='grc' dir='ltr'>διδόναι</span> <span class='ocrx_word' id='word_1_808' title='bbox 2482 5450 2595 5510; x_wconf 86' lang='grc' dir='ltr'>τοῖς</span> <span class='ocrx_word' id='word_1_809' title='bbox 2630 5448 2842 5512; x_wconf 78' lang='grc' dir='ltr'>τέκνοις</span> <span class='ocrx_word' id='word_1_810' title='bbox 2865 5448 3044 5518; x_wconf 84' lang='grc' dir='ltr'>ὑμῶν,</span> <span class='ocrx_word' id='word_1_811' title='bbox 3078 5449 3229 5518; x_wconf 84' lang='grc' dir='ltr'>πόσῳ</span> <span class='ocrx_word' id='word_1_812' title='bbox 3288 5446 3489 5517; x_wconf 83' lang='grc' dir='ltr'>μᾶλλον</span> <span class='ocrx_word' id='word_1_813' title='bbox 3544 5449 3574 5500; x_wconf 89' lang='lat'><strong>6</strong></span> <span class='ocrx_word' id='word_1_814' title='bbox 3631 5447 3826 5521; x_wconf 78' lang='grc' dir='ltr'>Πατὴρ</span> 
     </span>
    </p>
   </div>
   <div class='ocr_carea' id='block_1_106' title="bbox 558 5533 2151 5609">
    <p class='ocr_par' dir='ltr' id='par_1_106' title="bbox 558 5533 2124 5605">
     <span class='ocr_line' id='line_1_106' title="bbox 558 5533 2124 5605; baseline 0.004 -24"><span class='ocrx_word' id='word_1_815' title='bbox 558 5543 740 5586; x_wconf 82' lang='lat' dir='ltr'><strong>vester</strong></span> <span class='ocrx_word' id='word_1_816' title='bbox 769 5533 858 5600; x_wconf 91' lang='lat' dir='ltr'><strong>qui</strong></span> <span class='ocrx_word' id='word_1_817' title='bbox 902 5533 952 5585; x_wconf 87' lang='lat' dir='ltr'><strong>itt</strong></span> <span class='ocrx_word' id='word_1_818' title='bbox 981 5533 1133 5587; x_wconf 65' lang='lat' dir='ltr'><strong>(telis</strong></span> <span class='ocrx_word' id='word_1_819' title='bbox 1163 5543 1267 5596; x_wconf 88' lang='lat' dir='ltr'><strong>est,</strong></span> <span class='ocrx_word' id='word_1_820' title='bbox 1301 5533 1448 5585; x_wconf 87' lang='lat' dir='ltr'><strong>dabit</strong></span> <span class='ocrx_word' id='word_1_821' title='bbox 1475 5535 1613 5588; x_wconf 87' lang='lat' dir='ltr'><strong>bona</strong></span> <span class='ocrx_word' id='word_1_822' title='bbox 1646 5535 1952 5605; x_wconf 87' lang='lat' dir='ltr'><strong>petentibus</strong></span> <span class='ocrx_word' id='word_1_823' title='bbox 1976 5539 2067 5590; x_wconf 83' lang='lat' dir='ltr'><strong>se!</strong></span> <span class='ocrx_word' id='word_1_824' title='bbox 2107 5557 2124 5588; x_wconf 85' lang='grc'><strong>›</strong></span> 
     </span>
    </p>
   </div>
   <div class='ocr_carea' id='block_1_107' title="bbox 2235 5533 3828 5609">
    <p class='ocr_par' dir='ltr' id='par_1_107' title="bbox 2235 5538 3828 5609">
     <span class='ocr_line' id='line_1_107' title="bbox 2235 5538 3828 5609; baseline 0.002 -18"><span class='ocrx_word' id='word_1_825' title='bbox 2235 5539 2384 5609; x_wconf 84' lang='grc' dir='ltr'>ὑμῶν</span> <span class='ocrx_word' id='word_1_826' title='bbox 2413 5543 2442 5592; x_wconf 83' lang='grc' dir='ltr'><strong>ὀ</strong></span> <span class='ocrx_word' id='word_1_827' title='bbox 2487 5542 2545 5592; x_wconf 77' lang='grc' dir='ltr'>ὲν</span> <span class='ocrx_word' id='word_1_828' title='bbox 2567 5541 2678 5602; x_wconf 91' lang='grc' dir='ltr'>τοῖς</span> <span class='ocrx_word' id='word_1_829' title='bbox 2708 5541 2957 5607; x_wconf 79' lang='grc' dir='ltr'>οὐρανοῖς</span> <span class='ocrx_word' id='word_1_830' title='bbox 2980 5539 3144 5593; x_wconf 88' lang='grc' dir='ltr'>δώσει</span> <span class='ocrx_word' id='word_1_831' title='bbox 3193 5538 3375 5606; x_wconf 79' lang='grc' dir='ltr'>ἀγαθὰ</span> <span class='ocrx_word' id='word_1_832' title='bbox 3401 5539 3520 5600; x_wconf 83' lang='grc' dir='ltr'>τοῖς</span> <span class='ocrx_word' id='word_1_833' title='bbox 3571 5538 3828 5594; x_wconf 82' lang='grc' dir='ltr'>αἰτοῦσιν</span> 
     </span>
    </p>
   </div>
   <div class='ocr_carea' id='block_1_108' title="bbox 556 5622 2149 5704">
    <p class='ocr_par' dir='ltr' id='par_1_108' title="bbox 556 5622 2128 5697">
     <span class='ocr_line' id='line_1_108' title="bbox 556 5622 2128 5697; baseline 0.004 -22"><span class='ocrx_word' id='word_1_834' title='bbox 556 5622 722 5678; x_wconf 71' lang='lat' dir='ltr'><strong>.‘lalos</strong></span> <span class='ocrx_word' id='word_1_835' title='bbox 747 5624 984 5679; x_wconf 73' lang='lat' dir='ltr'><strong>nominat</strong></span> <span class='ocrx_word' id='word_1_836' title='bbox 1020 5626 1267 5680; x_wconf 81' lang='lat' dir='ltr'><strong>homines</strong></span> <span class='ocrx_word' id='word_1_837' title='bbox 1289 5625 1353 5678; x_wconf 87' lang='lat' dir='ltr'><strong>ad</strong></span> <span class='ocrx_word' id='word_1_838' title='bbox 1385 5625 1548 5680; x_wconf 86' lang='lat' dir='ltr'><strong>Deum</strong></span> <span class='ocrx_word' id='word_1_839' title='bbox 1595 5637 1961 5696; x_wconf 87' lang='lat' dir='ltr'><strong>comparatos,</strong></span> <span class='ocrx_word' id='word_1_840' title='bbox 1995 5645 2128 5697; x_wconf 84' lang='lat' dir='ltr'><strong>qun-</strong></span> 
     </span>
    </p>
   </div>
   <div class='ocr_carea' id='block_1_109' title="bbox 2237 5622 3830 5704">
    <p class='ocr_par' dir='ltr' id='par_1_109' title="bbox 2237 5631 3830 5704">
     <span class='ocr_line' id='line_1_109' title="bbox 2237 5631 3830 5704; baseline 0 -18"><span class='ocrx_word' id='word_1_841' title='bbox 2237 5633 2396 5686; x_wconf 73' lang='grc' dir='ltr'>αὐτόν</span> <span class='ocrx_word' id='word_1_842' title='bbox 2422 5649 2435 5696; x_wconf 87' lang='grc'><strong>;</strong></span> <span class='ocrx_word' id='word_1_843' title='bbox 2468 5633 2772 5702; x_wconf 75' lang='grc' dir='ltr'>»Πονηροὺς</span> <span class='ocrx_word' id='word_1_844' title='bbox 2791 5635 3048 5704; x_wconf 77' lang='grc' dir='ltr'>ὀνομάζει</span> <span class='ocrx_word' id='word_1_845' title='bbox 3076 5636 3202 5696; x_wconf 83' lang='grc' dir='ltr'>τοὺς</span> <span class='ocrx_word' id='word_1_846' title='bbox 3226 5631 3573 5702; x_wconf 78' lang='grc' dir='ltr'>ἀνθρώπους,</span> <span class='ocrx_word' id='word_1_847' title='bbox 3591 5633 3667 5696; x_wconf 84' lang='grc' dir='ltr'>ὡς</span> <span class='ocrx_word' id='word_1_848' title='bbox 3689 5633 3830 5703; x_wconf 65' lang='grc' dir='ltr'>πρὸς</span> 
     </span>
    </p>
   </div>
   <div class='ocr_carea' id='block_1_110' title="bbox 555 5703 2148 5797">
    <p class='ocr_par' dir='ltr' id='par_1_110' title="bbox 555 5718 2123 5787">
     <span class='ocr_line' id='line_1_110' title="bbox 555 5718 2123 5787; baseline 0.003 -17"><span class='ocrx_word' id='word_1_849' title='bbox 555 5734 696 5770; x_wconf 77' lang='lat' dir='ltr'><strong>mam</strong></span> <span class='ocrx_word' id='word_1_850' title='bbox 727 5728 916 5770; x_wconf 72' lang='lat' dir='ltr'><strong>natura</strong></span> <span class='ocrx_word' id='word_1_851' title='bbox 946 5729 1130 5770; x_wconf 74' lang='lat' dir='ltr'><strong>nostra</strong></span> <span class='ocrx_word' id='word_1_852' title='bbox 1160 5718 1296 5771; x_wconf 83' lang='lat' dir='ltr'><strong>bona</strong></span> <span class='ocrx_word' id='word_1_853' title='bbox 1326 5727 1428 5780; x_wconf 76' lang='lat' dir='ltr'><strong>est,</strong></span> <span class='ocrx_word' id='word_1_854' title='bbox 1464 5729 1645 5787; x_wconf 88' lang='lat' dir='ltr'><strong>utpote</strong></span> <span class='ocrx_word' id='word_1_855' title='bbox 1670 5736 1700 5774; x_wconf 69' lang='grc' dir='ltr'><strong>ει</strong></span> <span class='ocrx_word' id='word_1_856' title='bbox 1733 5720 1839 5773; x_wconf 79' lang='lat' dir='ltr'><strong>Uco</strong></span> <span class='ocrx_word' id='word_1_857' title='bbox 1873 5722 2123 5776; x_wconf 69' lang='lat' dir='ltr'><strong>condztt:</strong></span> 
     </span>
    </p>
   </div>
   <div class='ocr_carea' id='block_1_111' title="bbox 2236 5703 3829 5797">
    <p class='ocr_par' dir='ltr' id='par_1_111' title="bbox 2236 5724 3829 5797">
     <span class='ocr_line' id='line_1_111' title="bbox 2236 5724 3829 5797; baseline 0.003 -21"><span class='ocrx_word' id='word_1_858' title='bbox 2236 5726 2321 5776; x_wconf 77' lang='grc' dir='ltr'>τὸν</span> <span class='ocrx_word' id='word_1_859' title='bbox 2374 5724 2507 5776; x_wconf 80' lang='grc' dir='ltr'>Θεὸν</span> <span class='ocrx_word' id='word_1_860' title='bbox 2555 5727 2862 5792; x_wconf 81' lang='grc' dir='ltr'>συγκρίνων</span> <span class='ocrx_word' id='word_1_861' title='bbox 2897 5726 3117 5789; x_wconf 70' lang='grc' dir='ltr'>αὐτοὺς,</span> <span class='ocrx_word' id='word_1_862' title='bbox 3183 5727 3304 5778; x_wconf 70' lang='grc' dir='ltr'>ἐπεὶ</span> <span class='ocrx_word' id='word_1_863' title='bbox 3359 5727 3390 5796; x_wconf 79' lang='grc' dir='ltr'>ἡ</span> <span class='ocrx_word' id='word_1_864' title='bbox 3449 5728 3613 5793; x_wconf 81' lang='grc' dir='ltr'>φύσις</span> <span class='ocrx_word' id='word_1_865' title='bbox 3663 5731 3829 5797; x_wconf 74' lang='grc' dir='ltr'>ἡμῶν</span> 
     </span>
    </p>
   </div>
   <div class='ocr_carea' id='block_1_112' title="bbox 556 5808 2149 5899">
    <p class='ocr_par' dir='ltr' id='par_1_112' title="bbox 556 5808 1430 5864">
     <span class='ocr_line' id='line_1_112' title="bbox 556 5808 1430 5864; baseline 0.001 -1"><span class='ocrx_word' id='word_1_866' title='bbox 556 5809 828 5864; x_wconf 76' lang='lat' dir='ltr'><strong>voluntate</strong></span> <span class='ocrx_word' id='word_1_867' title='bbox 859 5819 1032 5864; x_wconf 77' lang='lat' dir='ltr'><strong>autem</strong></span> <span class='ocrx_word' id='word_1_868' title='bbox 1065 5808 1189 5864; x_wconf 76' lang='lat' dir='ltr'><strong>mali</strong></span> <span class='ocrx_word' id='word_1_869' title='bbox 1225 5825 1430 5864; x_wconf 78' lang='lat' dir='ltr'><strong>sumus.</strong></span> 
     </span>
    </p>
   </div>
   <div class='ocr_carea' id='block_1_113' title="bbox 2238 5808 3831 5899">
    <p class='ocr_par' dir='ltr' id='par_1_113' title="bbox 2238 5818 3831 5899">
     <span class='ocr_line' id='line_1_113' title="bbox 2238 5818 3831 5899; baseline 0.011 -31"><span class='ocrx_word' id='word_1_870' title='bbox 2238 5818 2417 5888; x_wconf 71' lang='grc' dir='ltr'>αγαθὴ</span> <span class='ocrx_word' id='word_1_871' title='bbox 2449 5820 2616 5883; x_wconf 79' lang='grc' dir='ltr'>ἐστιν,</span> <span class='ocrx_word' id='word_1_872' title='bbox 2658 5820 2732 5884; x_wconf 82' lang='grc' dir='ltr'>ὡς</span> <span class='ocrx_word' id='word_1_873' title='bbox 2766 5821 2900 5875; x_wconf 72' lang='grc' dir='ltr'>Θεοῦ</span> <span class='ocrx_word' id='word_1_874' title='bbox 2923 5822 3342 5895; x_wconf 63' lang='grc' dir='ltr'>δημιούργημα,</span> <span class='ocrx_word' id='word_1_875' title='bbox 3375 5824 3518 5880; x_wconf 80' lang='grc' dir='ltr'><strong>κατά</strong></span> <span class='ocrx_word' id='word_1_876' title='bbox 3550 5826 3608 5880; x_wconf 69' lang='grc' dir='ltr'>δὲ</span> <span class='ocrx_word' id='word_1_877' title='bbox 3638 5829 3831 5899; x_wconf 71' lang='grc' dir='ltr'>προαίο</span> 
     </span>
    </p>
   </div>
   <div class='ocr_carea' id='block_1_114' title="bbox 2239 5913 2853 5984">
    <p class='ocr_par' dir='ltr' id='par_1_114' title="bbox 2239 5913 2853 5984">
     <span class='ocr_line' id='line_1_114' title="bbox 2239 5913 2853 5984; baseline 0.007 -20"><span class='ocrx_word' id='word_1_878' title='bbox 2239 5928 2386 5981; x_wconf 64' lang='lat' dir='ltr'><strong>pinv</strong></span> <span class='ocrx_word' id='word_1_879' title='bbox 2419 5913 2853 5984; x_wconf 64' lang='grc' dir='ltr'>πονηρευόμεθα.</span> 
     </span>
    </p>
   </div>
  </div>
