4034 6654
273 563 379 626 213

881 563 1327 624 ENARRATIO
1369 565 1448 624 ΙΝ
1484 560 1870 624 EVANGELI

1987 577 2005 619 μ
2032 558 2541 630 ΜΑΤΉΒΕΙᾸ-
2564 565 2726 626 CAP.
2768 563 2902 628 VII.

3445 563 3551 626 2H

352 698 370 729 ι
409 677 595 731 Πάντα
624 675 718 730 οὖν
761 677 861 730 ὅσα
907 677 973 731 ἂν
1007 677 1197 752 θέλητε
1234 678 1322 732 ἵνα
1365 676 1595 730 ποιῶσιν
1648 674 1778 744 ύμῖν
1812 671 1861 723 οἱ

2041 675 2207 733 Vens.
2254 678 2342 732 12.
2380 697 2398 731 ι
2443 677 2638 734 Omnia
2687 680 2855 751 igitur
2883 692 3228 750 quaecunque
3275 677 3555 734 volueritis

272 770 576 840 ἄνθρωποι,
608 768 706 823 καὶ
736 769 896 840 ὑμεῖς
927 774 1132 824 ποιεῖτε
1167 771 1373 834 αὐτοῖς.
1411 763 1582 833 Οὗτος
1610 769 1720 838 γάρ
1741 768 1857 819 ἐστι

273 865 306 917 ὁ
333 862 494 930 νόμος
529 862 623 913 καὶ
675 862 724 914 οἱ
762 864 1060 933 προφῆται.
1115 882 1134 916 ι
1183 863 1456 932 Σύντομον
1483 863 1726 916 δείκνυσι
1760 858 1860 927 τὴν

274 958 359 1020 είς
387 955 587 1025 ἀρετὴν
618 954 756 1009 ὀδόν.
789 957 852 1008 Ol
881 954 987 1027 γὰρ
1035 955 1312 1027 ἄνθρωποι
1340 958 1555 1011 οἴκοθεν
1592 953 1860 1024 γινώσκο-

277 1064 379 1118 μεν
395 1048 456 1101 τὸ
483 1047 626 1103 δέον.
653 1047 718 1101 El
746 1047 854 1117 γὰρ
879 1047 1052 1111 Θέλεις
1081 1048 1518 1118 εύεργετεῖσθαι,
1555 1047 1856 1115 εὐεργέτει.

274 1141 339 1194 Ei
371 1139 551 1203 θέλεις
586 1137 908 1209 ἀγαπᾶσθαι
940 1140 1092 1210 παρὰ
1126 1140 1232 1193 τῶν
1266 1139 1500 1210 ἐχθρῶν,
1549 1134 1739 1205 ἀγάπα
1769 1136 1862 1188 καὶ

276 1231 345 1283 σὺ
401 1230 529 1293 τοὺς
575 1230 826 1301 ἐχθρούς.
871 1232 983 1285 Καὶ
1008 1233 1118 1302 γὰρ
1152 1234 1180 1286 ὁ
1210 1232 1373 1302 νόμος
1396 1230 1490 1284 τοῦ
1525 1230 1660 1284 Θεοῦ
1689 1230 1785 1283 καὶ
1811 1231 1862 1281 οἱ

275 1320 557 1389 προφῆται
590 1322 777 1374 ἐκεῖνα
817 1320 1092 1391 λέγουσιν,
1139 1321 1175 1376 ἃ
1206 1323 1300 1375 καὶ
1347 1325 1376 1375 ὁ
1417 1321 1646 1392 φυσικὸς
1697 1321 1860 1388 νόμος

275 1413 412 1481 ἡμῖν
439 1412 809 1468 διατάττεται.

355 1522 375 1554 ι
419 1503 706 1558 Εἰσέλθετε
745 1505 833 1558 διὰ
863 1507 962 1574 τῆς
986 1505 1181 1573 στενῆς
1218 1504 1415 1575 πύλης,
1449 1504 1532 1557 ὃτι
1567 1503 1800 1556 πλατεῖα
1828 1503 1862 1572 ὴ

275 1596 446 1667 πύλη,
478 1598 572 1650 καὶ
604 1597 980 1668 εὐρύχωροςὴ
1034 1598 1150 1661 ὁδὸς
1201 1599 1235 1668 ἡ
1290 1598 1584 1665 ἀπάγουσα
1626 1599 1706 1658 εἰς
1764 1595 1865 1665 τὴν

275 1688 584 1750 ἀπώλειαν,
613 1689 706 1740 καὶ
738 1687 922 1741 πολλοί
953 1691 1092 1742 εἰσιν
1132 1690 1182 1741 οι
1234 1688 1613 1760 εἰσερχόμενοι
1663 1687 1733 1741 δι’
1760 1688 1862 1740 αύ-

275 1779 400 1848 τῆς.
451 1798 469 1832 ι
500 1779 699 1851 Στενὴν
745 1780 925 1851 πύλην
965 1780 1114 1848 λέγει
1166 1782 1291 1844 τοὺς
1323 1782 1690 1852 πειρασμοὺς,
1735 1779 1866 1843 τούς

275 1888 340 1924 τε
391 1872 696 1938 ἑκουσίους,
735 1867 849 1926 οἷον
892 1873 1146 1944 νηστείαν
1198 1873 1294 1926 καὶ
1347 1874 1532 1935 τᾶλλα,
1584 1875 1681 1926 καὶ
1738 1875 1879 1935 τοὺς,

1964 779 2025 825 ut
2069 769 2275 826 faciant
2325 773 2478 827 vobis
2517 773 2787 838 homines,
2820 782 2874 827 et
2927 787 3024 827 vos
3071 772 3233 827 facile
3278 771 3380 826 eis.
3430 771 3560 828 Haec

1962 866 2107 917 enim
2157 861 2388 927 est'lex,
2422 875 2475 920 et
2508 867 2802 934 prophetae.
2850 885 2868 918 ι
2912 865 3136 921 Brevem
3177 866 3244 920 ad
3299 866 3556 920 virtutem

1965 957 2110 1010 viam
2145 959 2404 1013 ostendit.
2435 958 2509 1012 Ex
2538 959 2699 1014 nobis
2733 959 2879 1014 enim
2924 962 3127 1014 scimus
3155 957 3285 1028 quid
3320 957 3463 1012 facto
3489 955 3562 1011 sit

1965 1065 2119 1120 opus.
2151 1050 2283 1106 Nam
2316 1052 2360 1106 si
2385 1052 2466 1105 vis
2487 1051 2746 1106 beneficia
2783 1052 3056 1121 accipere,
3094 1049 3322 1106 benefac
3351 1068 3364 1104 :
3402 1048 3445 1104 si
3479 1049 3562 1103 vis

1965 1144 2116 1214 diligi
2147 1146 2216 1200 ab
2240 1145 2499 1209 inimicis,
2542 1145 2706 1214 dilige
2740 1155 2793 1200 tu
2826 1147 2992 1200 etiam
3038 1144 3310 1199 inimicos.
3345 1142 3557 1198 Etenim

1967 1237 2051 1291 lex
2079 1237 2168 1291 Dei
2193 1247 2245 1292 et
2271 1239 2546 1309 pr0pbct:e
2575 1239 2664 1293 illa
2689 1239 2878 1293 dicunt
2909 1257 2921 1293 :
2955 1253 3075 1308 qnze
3105 1247 3159 1292 et
3193 1235 3457 1291 naturalis
3477 1235 3560 1290 lex
3594 1255 3605 1261 ·

1965 1332 2225 1401 prmcipit.

2042 1516 2206 1572 Vens.
2246 1516 2334 1570 15.
2367 1535 2383 1568 ι
2448 1517 2668 1571 lntroite
2701 1531 2797 1587 per
2826 1524 3118 1585 angustam
3166 1521 3403 1582 portam,
3437 1509 3564 1580 quia

1969 1612 2074 1664 lata
2106 1621 2186 1664 cst
2211 1621 2360 1680 porta
2387 1619 2440 1667 et
2463 1612 2703 1678 spatiosa
2754 1611 2837 1664 via
2865 1625 2987 1680 quae
3005 1609 3152 1663 ducit
3172 1607 3237 1662 ad
3259 1606 3564 1667 interitum,

1970 1715 2022 1757 et
2057 1705 2206 1759 multi
2235 1713 2362 1759 sunt
2391 1705 2482 1774 qui
2506 1705 2888 1773 ingrediuntur
2918 1719 3013 1772 per
3028 1717 3169 1756 eam.
3212 1719 3230 1751 ι
3259 1701 3557 1770 Angustam

1973 1809 2184 1866 portam
2242 1808 2398 1852 vocat
2432 1799 2779 1859 tentationes,
2835 1807 2947 1852 tum
2982 1793 3344 1854 voluntarias,
3396 1791 3566 1847 veluti

1965 1889 2230 1958 jejunium
2266 1899 2319 1945 ct
2354 1889 2457 1944 alia
2493 1906 2508 1946 :
2564 1901 2673 1943 tum
2707 1899 2905 1960 praeter
2943 1898 3193 1942 nostram
3232 1885 3566 1940 voluntatem

275 1964 590 2031 ἀκουσίους,
615 1961 728 2019 οἷον
751 1966 946 2035 δεσμὰ,
983 1965 1280 2034 διωγμούς.
1310 1966 1482 2019 ’Ὠσπε
1494 1984 1525 2038 ρ
1553 1964 1647 2021 οὖν
1703 1967 1868 2020 πολύ-

1987 1982 2313 2047 :venientcs,
2362 1990 2421 2035 ut
2453 1981 2689 2045 vincula,
2728 1979 3158 2051 persecutiones.
3198 1975 3568 2044 Quemadmo-

279 2073 486 2126 σαρκος
530 2055 841 2128 ἄνθρωπος,
881 2058 915 2129 ἢ
965 2057 1137 2111 πολλὰ
1173 2057 1483 2127 βαστάζων,
1545 2059 1606 2112 ού
1641 2059 1868 2112 δύναται

275 2146 368 2200 διὰ
405 2148 514 2218 τῆς.
567 2151 760 2218 στενῆς
789 2150 1076 2215 εἰσελθεῖν,
1113 2151 1288 2214 οὕτως
1336 2150 1459 2203 οὐδὲ
1511 2153 1788 2222 τρυφηλὸς
1833 2154 1866 2222 ἢ

279 2238 562 2303 πλούσιοςο
585 2239 675 2293 διὰ
708 2239 764 2292 δὲ
795 2240 894 2308 τῆς
925 2240 1271 2302 πλατείας.οἱ
1306 2240 1542 2293 τοιοῦτοι
1592 2240 1868 2310 εἰσέρχον-
1901 2255 1909 2264 ·

275 2350 396 2388 ⁸ιαι.
429 2331 700 2387 Δεικνύων
729 2332 785 2386 δὲ
815 2334 899 2386 ὅτι
944 2334 1040 2386 καὶ
1074 2334 1107 2404 ἡ
1145 2333 1482 2404 στενοχωρία
1527 2333 1870 2404 πρόσκαιρός

276 2427 424 2488 ἐστι,
447 2425 541 2480 καὶ
563 2426 596 2496 ἡ
629 2424 908 2494 πλατύτης
935 2424 1231 2496 παροδικὴ,
1266 2425 1444 2496 πύλην
1467 2427 1562 2478 καὶ
1595 2426 1716 2478 ὁδὸν
1741 2427 1870 2479 ἐκά-

277 2517 438 2570 λεσεο
463 2519 563 2588 τήν
584 2533 643 2571 τε
665 2517 773 2587 γὰρ
797 2518 994 2588 πύλην,
1019 2519 1135 2589 ἦτοι
1177 2519 1278 2589 τὴν
1310 2518 1704 2580 κακοπάθειαν,
1730 2536 1871 2586 παρ-

285 2611 509 2681 έρχεται
537 2613 566 2664 ὁ
605 2611 957 2679 κακοπαθῶν,
1004 2614 1097 2665 καὶ
1127 2613 1229 2682 τὴν
1266 2612 1483 2683 τρυφὴν
1527 2613 1584 2666 δὲ
1640 2613 1715 2674 ὡς
1752 2613 1872 2665 ὁδὸν

279 2702 574 2774 παροδεύει
604 2704 632 2756 ὀ
653 2703 905 2776 τρυφῶν·
941 2704 1064 2757 ἐπεὶ
1091 2700 1184 2758 οῦν
1213 2706 1502 2776 ἀμφότερα
1528 2705 1871 2775 πρόσκαιρα,

278 2796 344 2850 τὸ
383 2798 634 2868 κρεῖττον
667 2798 936 2869 αἱρετέον.

418 2889 484 2945 Τί
518 2892 681 2962 στενὴ
710 2893 742 2962 ἡ
774 2892 940 2963 πύλη,
964 2893 1060 2946 καὶ
1083 2891 1422 2963 τεθλιμμένη
1456 2895 1489 2960 ἡ
1521 2893 1638 2956 ὁδὸς
1669 2895 1704 2963 ἡ
1731 2893 1873 2947 απά-

279 2999 458 3052 γουσα
490 2985 569 3049 εἰς
598 2983 698 3056 τὴν
725 2985 904 3057 ζωὴν,
939 2986 1034 3039 καὶ
1061 2985 1232 3054 ὀλίγοι
1263 2986 1402 3039 εἰσὶν
1437 2987 1484 3039 ol
1520 2986 1870 3056 εὑρίσκοντες

279 3075 490 3145 αὐτὴν]
542 3095 559 3128 ι
595 3077 985 3146 Θαυμαστικόν
1039 3080 1155 3131 ἐστι
1188 3077 1249 3130 τὸ
1275 3078 1362 3130 Τί.
1421 3078 1706 3147 Θαυμὰζει
1741 3078 1870 3149 γὰρ,

285 3168 473 3238 βαϐαὶ,
530 3169 695 3222 πόσον
753 3171 870 3224 ἐστὶ
927 3173 1123 3240 στενήι
1182 3170 1317 3235 Πῶς
1345 3167 1442 3223 οὖν
1497 3171 1734 3241 ἀλλαχοῦ
1788 3171 1874 3225 λέ·-

283 3278 398 3331 γει·
430 3261 489 3316 ’0
517 3263 681 3331 ζυγός
712 3281 814 3334 μου
846 3264 1116 3334 ὲλαφρός;
1143 3264 1244 3318 Διὰ
1271 3263 1368 3328 τὰς
1393 3263 1694 3335 μελλούσας
1721 3265 1873 3318 ἀντι-

283 3355 485 3418 δόσεις.

365 3467 384 3499 ι
422 3446 728 3519 Προσέχετε
759 3446 817 3501 δὲ
846 3446 954 3502 ἀπὸ
984 3446 1095 3502 τῶν
1143 3447 1630 3520 ψευδοπροφητῶν,
1674 3447 1876 3512 οἵτινες

285 3539 540 3609 ἔρχονται
575 3542 710 3611 πρὸς
748 3541 892 3610 ὑμᾶς
919 3542 977 3594 ὲν
1024 3539 1290 3612 ἐνδύμασι
1317 3540 1634 3612 προεάτων,
1670 3540 1875 3596 ἔσωθεν

284 3633 346 3688 δέ
390 3635 497 3688 είσι
543 3633 700 3687 λύκοι
740 3634 1027 3704 ἅρπαγεςο
1072 3633 1184 3689 ἅπδ
1234 3634 1344 3688 τῶν
1403 3634 1640 3704 καρπῶν
1693 3636 1874 3688 αὐτῶν

285 3725 660 3794 ἐπιγνώσεσθε
691 3727 945 3792 αύτούς.»
974 3727 1278 3797 Πανοῦργοί
1301 3729 1408 3782 εἰσι
1432 3729 1526 3781 καὶ
1549 3727 1799 3782 ἐπιθέται
1825 3729 1876 3782 οι

285 3820 582 3888 αἱρετικοὶ,
609 3820 698 3874 διὰ
727 3819 887 3874 τοῦτο
911 3820 1080 3889 λέγει,
1107 3821 1436 3890 Προσέχετε.
1465 3820 1877 3891 Χρηστολογίαν

289 3911 393 3981 μὲν
417 3912 528 3982 γὰρ
560 3911 976 3984 προϐάλλονται,
1018 3915 1113 3966 καὶ
1150 3913 1264 3985 βίον
1325 3913 1718 3984 ὑποκρίνονται
1782 3932 1876 3968 σε·

289 4005 449 4079 μνὸν,
479 4005 596 4059 ἀλλ’
651 4006 855 4060 ἔσωθέν
900 4010 1018 4061 ἐστι
1064 4007 1127 4060 τὸ
1161 4007 1479 4078 ἄγκιστρον.
1513 4006 1760 4078 Ἕνδυμα
1820 4008 1876 4062 δὲ

285 4098 597 4170 προϐάτου,
675 4100 770 4152 καὶ
822 4101 857 4169 ὴ
920 4099 1188 4170 πραότης,
1242 4094 1389 4174 ᾗτινι
1440 4101 1679 4172 χρῶνταί
1736 4120 1880 4168 τινες

286 4177 762 4262 σχηματιζόμενα
820 4190 913 4245 διὰ
961 4190 1024 4244 τὸ
1085 4190 1407 4245 κολακεύειν
1436 4195 1533 4247 καὶ
1572 4193 1876 4267 ὲξαπατᾷν.

298 4282 439 4338 Ἀπὺ
466 4282 523 4337 δὲ
544 4281 638 4335 τοῦ
669 4281 888 4353 καρποῦ
927 4284 1313 4353 γνωρίζονται,
1349 4285 1625 4352 τουτέστι,
1651 4287 1762 4339 τῶν
1785 4286 1880 4358 έρ-

285 4393 406 4446 γων
434 4375 643 4430 καὶτοῦ
677 4375 816 4444 βίου.
852 4375 975 4430 Κᾶν
1005 4378 1115 4448 γὰρ
1142 4377 1548 4448 ὑποκρίνωνται
1581 4378 1720 4450 πρὸς
1755 4396 1879 4433 και-

287 4469 406 4540 ρὸν,
441 4466 582 4522 ἀλλὰ
605 4470 719 4530 τοῖς
751 4467 1483 4540 προσέχουσιν-έλέγχονται.
1667 4534 1669 4537 τ

367 4580 387 4612 ι
418 4561 568 4632 Μήτι
625 4559 980 4628 συλλέγουσιν
1043 4560 1154 4614 ἀπὸ
1186 4560 1441 4616 ἀκανθῶν
1486 4561 1787 4635 σταφυλὴν,
1845 4563 1879 4634 ἢ

285 4655 400 4708 ἀπὸ
422 4653 691 4725 τριδόλων
715 4654 892 4721 σῦκα;
923 4654 1080 4709 Οὕτω
1108 4655 1217 4709 πᾶν
1240 4656 1459 4727 δένδρον
1510 4657 1718 4727 ἀγαθὸν
1743 4675 1878 4730 καρ-

1974 2076 2099 2128 dum
2129 2087 2308 2129 autem
2339 2075 2742 2143 corpulentum,
2775 2074 2860 2128 vel
2891 2073 3125 2128 sarcinis
3151 2077 3433 2134 onustum,
3469 2082 3570 2138 per

1973 2174 2263 2233 angustam
2309 2163 2517 2230 ingredi
2574 2165 2761 2234 neqult
2796 2181 2810 2219 :
2851 2164 2924 2218 ita
2973 2177 3150 2231 neque
3184 2160 3450 2215 delicatus
3482 2157 3567 2214 vel

1974 2257 2146 2319 dives,
2203 2271 2299 2324 per
2357 2256 2520 2310 latam
2570 2266 2754 2311 autem
2809 2254 2946 2312 tales
3003 2256 3231 2309 vadunt.
3290 2250 3567 2306 Caeterum

1973 2350 2270 2404 ostendens
2296 2352 2438 2420 quod
2466 2357 2522 2404 et
2561 2349 2810 2420 angustia
2845 2346 3178 2417 temporaria
3219 2346 3312 2407 sit,
3361 2351 3415 2399 et
3443 2341 3570 2398 lati-

1974 2440 2105 2494 tudo
2140 2441 2481 2504 transitoria,
2511 2450 2725 2509 portam
2767 2449 2821 2495 et
2865 2439 3004 2494 viam
3034 2436 3272 2493 vocavit.
3297 2434 3405 2490 Per
3435 2433 3573 2488 allii-

1974 2534 2210 2589 ctionem
2242 2534 2386 2589 enim
2412 2534 2506 2606 qui
2525 2532 2800 2605 amigitur,
2830 2533 2987 2603 quasi
3009 2547 3103 2603 per
3121 2543 3333 2600 portam
3355 2528 3573 2591 transit,

1973 2636 2027 2680 ct
2059 2625 2322 2680 delicatus
2351 2640 2446 2694 per
2480 2625 2707 2680 delicias
2732 2624 2888 2694 quasi
2923 2638 3021 2693 per
3053 2624 3196 2679 viam
3232 2622 3569 2693 ingreditur:

1975 2727 2028 2772 et
2061 2718 2188 2787 quia
2218 2730 2448 2786 utraque
2482 2716 2841 2788 temporaria,
2868 2714 3103 2784 eligatur
3127 2729 3250 2785 qua:
3285 2712 3497 2767 melior.

2051 2897 2214 2950 Vens.
2271 2896 2356 2950 M.
2392 2914 2409 2947 ι
2457 2895 2629 2962 Quam
2673 2906 2900 2964 angusta
2966 2903 3050 2950 est
3089 2903 3242 2964 porta
3277 2901 3330 2945 ct
3384 2890 3573 2946 stricta

1980 2990 2064 3042 via
2104 3004 2225 3057 qua
2257 2989 2410 3043 ducit
2455 2987 2521 3042 ad
2571 2988 2760 3050 vitam,
2795 2996 2850 3040 et
2879 2986 3037 3056 pauci
3069 2995 3197 3039 sunt
3227 2983 3571 3038 invenientes

1977 3080 2129 3134 eain!
2194 3097 2212 3131 ι
2284 3077 2623 3134 Admirativa
2667 3077 2839 3133 dictio
2870 3087 2979 3141 est,
3027 3072 3204 3143 Quid?
3251 3074 3576 3130 Admiratur

1979 3171 2146 3238 enim,
2189 3185 2361 3240 papa),
2397 3185 2559 3240 quam
2615 3170 2880 3242 angusta!
2932 3168 3217 3238 Quomodo
3251 3167 3418 3240 igitur
3447 3167 3575 3222 alibi

1981 3264 2134 3332 dicit,
2173 3262 2325 3321 Onus
2362 3279 2545 3321 meum
2596 3264 2751 3320 leve?
2795 3273 3018 3335 propter
3069 3262 3284 3318 futuras
3340 3260 3580 3315 rctribu--

1980 3357 2172 3412 tiones.

2053 3449 2219 3506 Vens.
2245 3449 2332 3511 15,
2366 3448 2451 3503 16.
2495 3469 2514 3501 ι
2546 3449 2821 3504 Attcndite
2844 3458 3027 3506 autem
3049 3464 3080 3503 a
3098 3447 3248 3502 falsis
3272 3446 3573 3517 prophetis,

1979 3543 2073 3613 qui
2094 3542 2404 3596 veniuntad
2431 3556 2527 3596 vos
2553 3541 2606 3596 in
2646 3539 2991 3595 vestimentis
3012 3538 3218 3604 ovium,
3253 3540 3348 3592 sed
3381 3535 3582 3591 intrin-

1981 3651 2141 3693 secus
2182 3646 2310 3691 sunt
2347 3635 2457 3705 lupi
2507 3649 2758 3705 rapaces,
2790 3649 2818 3688 a
2853 3632 3122 3688 fructibus
3156 3647 3344 3688 eorum
3378 3646 3582 3701 cogno-

1981 3728 2149 3784 scetis
2173 3742 2285 3784 eos.
2323 3745 2342 3778 ι
2383 3725 2529 3780 Vafri
2554 3735 2682 3781 sunt
2708 3736 2762 3780 ct
2793 3726 3120 3794 impostores
3148 3722 3411 3788 haeretici,
3452 3737 3582 3792 pro-

1983 3833 2170 3892 pterea
2223 3822 2378 3888 dicit,
2415 3821 2702 3886 attendite,
2747 3821 2849 3874 hoc
2888 3827 2993 3885 est,
3036 3827 3248 3873 cavete.
3301 3815 3579 3871 Blandilo-

1982 3915 2258 3983 quentiam
2291 3913 2441 3969 enim
2479 3919 2807 3982 praetexunt,
2857 3919 2914 3965 et
2944 3911 3109 3966 vitam
3155 3908 3419 3966 simulant
3449 3923 3580 3963 san-

1984 4017 2150 4073 ctam,
2211 4005 2305 4061 sed
2353 4006 2682 4060 intrinsecus
2734 4005 2867 4060 latet
2921 4005 3138 4059 bamus.
3197 4003 3579 4058 ludumcntum

1985 4111 2165 4154 autem
2198 4100 2315 4154 ovis
2338 4111 2423 4154 cst
2455 4107 2509 4153 et
2533 4101 2918 4165 mansuetudo,
2948 4113 3112 4167 quam
3155 4109 3421 4168 usurpant
3449 4096 3577 4150 dum

1984 4190 2278 4244 adulantur
2298 4201 2353 4244 et
2372 4189 2668 4257 decipiunt.
2688 4194 2731 4244 Α
2750 4189 2928 4244 fructu
2950 4198 3128 4245 autem
3150 4198 3582 4259 cognoscuntur,

1985 4281 2090 4336 boc
2119 4291 2225 4344 est,
2264 4280 2331 4336 ab
2362 4281 2620 4349 operibus
2641 4291 2697 4337 et
2727 4281 2860 4337 vita.
2904 4279 3040 4335 Nam
3083 4281 3212 4336 licet
3251 4280 3319 4335 ad
3370 4291 3582 4350 tempus

1985 4372 2266 4434 simulent,
2295 4371 2392 4427 sed
2413 4373 2719 4442 produntur
2751 4385 3006 4428 successu
3035 4371 3316 4441 temporis.

2605 4467 2644 4496 Α

2059 4555 2229 4612 Vens.
2267 4556 2354 4623 l6,
2384 4557 2472 4610 17.
2502 4574 2520 4607 ι
2557 4555 2808 4626 Nunquid
2835 4554 3097 4626 colligunt.
3129 4569 3157 4608 a
3194 4553 3368 4624 spinis
3398 4568 3579 4616 uvam,

1987 4651 2128 4705 vela
2168 4650 2383 4706 tribulis
2424 4650 2600 4705 licus?
2644 4648 2734 4705 Sic
2758 4649 2938 4706 omnis
2983 4647 3323 4703 arhorbona
3372 4646 3581 4702 fructus

286 4744 429 4808 ποὺς
468 4743 668 4805 καλοὺς
714 4746 898 4796 ποιεῖ’
945 4743 1004 4797 τδ
1029 4743 1087 4796 δὲ
1115 4744 1324 4815 σαπρὸν
1351 4725 1574 4816 δένδρον
1624 4725 1873 4818 καρποὺς

1988 4745 2159 4799 bonos
2214 4743 2392 4799 facit:
2458 4743 2621 4798 arbor
2675 4754 2854 4798 autem
2910 4743 3085 4814 putris
3137 4742 3348 4800 fructus
3410 4743 3583 4799 malos

288 4835 568 4906 πονηροὺς
612 4837 776 4889 ποιεῖ.
817 4854 835 4887 ι
874 4835 1144 4891 Ἀκανθαι
1207 4837 1306 4891 καὶ
1365 4838 1603 4910 τρίϐολοί
1652 4842 1792 4895 εἰσιν
1822 4843 1873 4896 ol

1987 4835 2139 4891 facit.
2182 4855 2199 4886 ι
2237 4833 2419 4905 Spinae
2449 4846 2505 4890 et
2539 4835 2723 4890 tribuli
2763 4845 2890 4890 sunt
2923 4834 3241 4907 hypocritm.
3292 4835 3494 4903 Spinm,
3525 4843 3581 4890 ut

289 4925 626 4997 ὑποκριταίο
664 4925 919 4992 ἄκανθαι,
955 4926 1033 4992 ὡς
1062 4928 1393 5002 πλήττοντες
1421 4930 1718 5004 λαθραίως.
1761 4933 1873 5004 τρί-

1989 4927 2201 4983 occulte
2231 4927 2581 4983 vulnerantes
2615 4945 2628 4982 :
2663 4926 2872 4990 tribuli,
2898 4936 2956 4980 ut
2996 4925 3131 4981 vafri
3184 4937 3240 4982 et
3273 4928 3579 4983 versatiles.

288 5017 441 5072 σολοι
483 5018 562 5081 δὲ,
604 5017 681 5081 ὼς
739 5016 1040 5090 πανοῦργοι
1095 5021 1194 5074 καὶ
1250 5021 1609 5095 πολύτροποι.
1665 5025 1881 5097 Σαπρὸν

286 5110 348 5163 δὲ
378 5109 623 5181 δένδρον,
674 5110 784 5174 πᾶς
806 5109 866 5166 ὃν
919 5112 1086 5184 σήπει
1124 5115 1154 5167 δ
1189 5114 1355 5184 ὑγρὸς
1395 5117 1490 5169 καὶ
1519 5114 1883 5187 ἐκλελυμένος

291 5198 435 5270 βίος.

372 5309 393 5342 ι
425 5292 502 5346 Οὐ
534 5292 762 5348 δύναται
788 5294 1006 5368 δένδρον
1044 5298 1250 5366 ἀγαθὸν
1293 5300 1544 5371 καρποὺς
1603 5304 1883 5374 πονηροὺς

287 5385 489 5448 ποιεῖν,
513 5385 636 5439 οὐδὲ
651 5385 867 5457 δένδρον
910 5389 1116 5460 σαπρὸν
1140 5393 1388 5462 καρποὺς
1420 5393 1621 5458 καλοὺς
1636 5399 1832 5450 ποιεῖν.
1859 5416 1878 5448 ι

291 5477 444 5540 Ἕως
463 5471 528 5533 οὗ
558 5479 676 5532 ιστι
706 5481 939 5552 σαπρὸν,
971 5483 1034 5535 ού
1055 5482 1301 5538 δύναταιο
1331 5485 1427 5541 ἐὰν
1458 5487 1516 5540 δὲ
1539 5488 1881 5560 μεταϐληθῇ,

281 5571 536 5626 δύναται.
564 5571 712 5643 Ὅρα
766 5575 896 5645 γὰρ,
949 5577 1032 5629 ὅτι
1071 5578 1173 5632 ούκ
1225 5576 1402 5645 εἶπεν,
1432 5579 1514 5634 Οὐ
1565 5580 1880 5652 δυνήσεται,

283 5663 407 5718 ἀλλ’
440 5665 525 5719 ὅτι
555 5665 614 5720 ὲν
647 5667 761 5737 ὅσῳ
791 5668 910 5722 ἐστὶ
951 5670 1183 5740 σαπρὸν,
1215 5673 1359 5728 καλὰ
1395 5675 1458 5729 ού
1494 5658 1680 5745 γεννᾷ.

363 5863 385 5898 ι
422 5845 542 5900 Πᾶν
560 5844 782 5915 δένδρον
818 5846 893 5917 μὴ
936 5848 1123 5902 ποιοῦν
1152 5850 1366 5920 καρπὸν
1392 5852 1576 5915 καλὸν,
1605 5854 1877 5908 ἐκκόπτε-

280 5951 397 6003 ται,
427 5939 526 5992 καὶ
561 5937 643 6000 είς
686 5936 797 6008 πῦρ
827 5938 1098 6006 βάλλεται.
1124 5941 1339 6012 Ἀραγε
1371 5944 1482 5998 ἀπὸ
1516 5944 1624 5997 τῶν
1653 5946 1885 6015 καρπῶν

270 6026 1122 6099 ἀὐτῶνἱπιγνὼσεσθξίαῦτούς.
1158 6053 1174 6084 ι
1213 6033 1399 6088 Ταῦτα
1424 6036 1558 6107 πρὸς
1599 6037 1886 6104 Ἰουδαίους

1989 5021 2168 5076 Αιὺοι·
2198 5032 2379 5077 autem
2436 5021 2634 5092 putris,
2665 5021 2848 5076 onmis
2886 5020 2976 5090 qui
3011 5020 3156 5075 molli
3219 5029 3274 5076 ct
3318 5021 3582 5077 dissoluta

1988 5116 2098 5170 vita
2135 5115 2418 5186 putrescit.

2061 5290 2228 5347 Vens.
2255 5292 2342 5352 18.
2385 5311 2406 5346 ι
2449 5291 2564 5347 Non
2591 5301 2771 5363 potest
2798 5293 2963 5349 arbor
2987 5293 3126 5348 bona
3160 5294 3371 5350 fructus
3411 5294 3582 5348 malos

1947 5423 1960 5438 .
1994 5386 2196 5447 facere.
2239 5401 2417 5457 neque
2465 5387 2629 5441 arbor
2668 5386 2848 5455 putris
2906 5386 3117 5442 fructus
3161 5386 3333 5468 bonos
3363 5385 3470 5456 37
3506 5385 3585 5437 fu-

1989 5495 2132 5535 ccre.
2179 5497 2196 5530 ι
2232 5476 2502 5545 Quamdiu
2531 5489 2616 5533 est
2652 5478 2848 5547 putris,
2885 5492 2994 5533 non
3025 5487 3241 5547 potest;
3281 5475 3370 5531 ubi
3403 5488 3584 5533 autem

1989 5585 2253 5626 conversa
2293 5569 2478 5634 fuerit,
2520 5577 2717 5640 potest.
2743 5565 2879 5624 Vide
2904 5570 3050 5624 enim
3087 5569 3229 5638 quod
3272 5584 3379 5624 nou
3427 5569 3584 5634 dixit,

1993 5663 2112 5720 Non
2155 5665 2394 5734 poterit:
2460 5665 2558 5719 sed
2615 5673 2886 5734 quatenus
2931 5672 3017 5718 est
3040 5663 3234 5733 putris,
3283 5661 3422 5717 bona
3477 5678 3584 5718 non

1992 5758 2152 5828 parit.

2068 5847 2234 5904 Vens.
2270 5848 2469 5914 l9,20.
2500 5867 2517 5900 ι
2556 5848 2749 5905 Omnis
2776 5849 2942 5905 arbor
2968 5865 3073 5904 non
3108 5848 3317 5905 faciens
3349 5848 3585 5903 fructum

1991 5945 2216 6010 bonum,
2250 5942 2610 6007 exscinditur,
2640 5951 2694 5998 et
2717 5942 2771 5996 in
2806 5943 2983 6013 ignem
3018 5942 3272 5996 mittitur.
3300 5940 3496 6012 Utique
3523 5959 3584 5995 ex

1994 6035 2259 6093 fructibus
2291 6035 2530 6106 ipsorum
2565 6035 2874 6107 agnoscatis
2903 6049 3016 6103 cos,
3052 6053 3069 6087 ι
3097 6033 3194 6090 llis
3221 6033 3434 6089 .lndzcos
3466 6048 3560 6101 per
