4034 6650
235 557 336 623 221

837 562 1279 626 ENARRATIO
1308 563 1394 625 IN
1434 562 1816 625 EVANGELI

1934 560 1940 622 ζ
1972 562 2366 624 ΜᾹΤΤΗιΕῐ.
2408 586 2472 600 --
2504 563 2668 623 CAP.
2706 560 2878 624 VIII.

3424 557 3534 623 292

310 692 328 725 ι
366 675 474 728 Καὶ
528 657 749 728 ἐλθὼνό
782 678 993 751 Ἰησοὴ
1036 679 1118 741 είς
1181 680 1283 748 τὴν
1344 676 1524 731 οίκίαν
1578 676 1813 747 Πέτρου,

1997 674 2163 731 Vens.
2202 676 2288 741 H,
2325 676 2410 731 l5.
2454 695 2473 728 ι
2517 674 2584 729 Ει
2614 675 2892 744 ingressus
2916 669 3076 726 Jesus
3099 672 3153 727 in
3180 672 3406 729 domum
3429 675 3563 749 Pe—_

228 759 342 818 εἶδε
370 765 470 833 τὴν
504 764 777 834 πενθερὰν
799 758 965 822 αὑτοῦ
997 768 1345 841 βεόλημένην
1381 770 1477 822 καὶ
1506 767 1825 837 πυρέσσου-

230 872 357 911 σαν.
409 856 519 912 Καὶ
576 857 755 928 ἥψατο
801 860 903 929 τῆς
960 862 1144 931 χειρὸς
1201 861 1398 931 αὐτῆς,
1465 862 1560 914 καὶ
1608 861 1824 930 ἀφῆκεν

229 946 407 1018 αὐτὴν
442 950 469 1001 6
502 948 758 1018 πυρετός.
786 951 898 1003 Καὶ
927 950 1135 1022 ἠγέρθη
1167 952 1261 1004 καὶ
1281 952 1522 1022 διηκόνει
1554 952 1763 1011 αὐτοῖς.
1796 968 1816 1002 ι

230 1038 497 1111 Εἰσῆλθεν
522 1041 601 1105 εῖς
630 1040 729 1112 τὴν
758 1043 966 1115 Πέτρου
990 1043 1169 1098 οἰκίαν
1196 1044 1285 1098 διά
1300 1044 1361 1096 τὸ
1392 1045 1608 1113 φαγεῖν.
1648 1042 1822 1112 Ἀψά-

232 1147 400 1202 μενος
422 1131 478 1185 δὲ
512 1131 616 1202 τῆς
646 1133 855 1203 χειρὸς,
874 1134 938 1188 οὐ
983 1132 1144 1203 μόνον
1176 1133 1269 1186 τὸν
1308 1132 1545 1205 πυρετὸν
1577 1132 1821 1197 ἔσϐεσεν,

227 1222 370 1277 ἀλλά
399 1223 494 1276 καὶ¹
524 1224 770 1294 καθαρὰν
791 1225 981 1293 ὑγείαν
1008 1224 1263 1279 ἀπέδωκε
1302 1228 1369 1295 τῇ
1399 1225 1645 1293 γυναικὶ,
1680 1224 1823 1277 ὥστε

227 1317 327 1370 καὶ
359 1316 458 1387 τὴν
481 1314 712 1387 δύναμιν
757 1317 1075 1373 ἐπανελθεῖν
1107 1319 1201 1372 καὶ
1245 1317 1462 1388 ἰσχύσαι
1526 1317 1822 1371 διακονεῖν.

227 1408 425 1462 Καίτοι
459 1409 621 1480 ἴσμεν
656 1411 741 1463 ὅτι
792 1411 961 1474 πολὺς
1004 1410 1197 1483 χρόνος
1224 1412 1305 1475 είς
1335 1412 1653 1481 ἀνάρῤωσιν
1710 1413 1823 1473 τοῖς

225 1498 448 1554 νοσοῦσι
476 1503 914 1571 παρεκτείνεται.
938 1503 1061 1557 Τῶν
1095 1502 1273 1557 ἄλλων
1324 1503 1381 1556 δὲ
1415 1503 1823 1571 εὐαγγελιστῶν

225 1590 499 1644 εἰπόντων
537 1593 621 1644 ὅτι
663 1592 1048 1661 παρεκάλεσαν
1108 1593 1296 1656 αὑτὸν,
1323 1593 1418 1646 καὶ
1450 1592 1595 1645 οὕτω
1615 1592 1822 1663 ταύτην

224 1684 623 1755 ἐθεράπευσεν,
660 1688 687 1738 6
710 1683 997 1747 Ματθαῖος
1019 1684 1121 1739 οὐκ
1151 1679 1275 1738 εῐπε
1310 1682 1490 1750 τοῦτο,
1524 1684 1822 1755 συντομίας

223 1779 545 1847 φροντίσας.
572 1774 737 1833 Εἶπον
765 1778 873 1847 γάρ
893 1795 975 1831 σοι
1015 1778 1110 1831 καὶ
1127 1778 1453 1848 ἀρχόμενος,
1492 1776 1575 1829 ὅτι
1608 1776 1637 1828 6
1671 1793 1820 1847 παρ-

222 1871 416 1924 έλιπεν
466 1864 638 1935 οὗτος,
678 1870 825 1940 λέγει
863 1870 1054 1934 ἄλλος’
1098 1870 1240 1941 μάθε
1286 1872 1341 1924 δὲ
1398 1870 1492 1923 καὶ
1528 1871 1611 1924 ὅτι
1645 1871 1673 1922 6
1724 1871 1824 1937 γά-

223 1978 329 2031 μος
359 1962 513 2015 οὐδὲν
532 1962 734 2017 κωλύει
774 1963 875 2035 τὴν
906 1964 1130 2034 ἀρετὴν,
1161 1964 1189 2017 6
1217 1963 1327 2035 γὰρ
1378 1965 1683 2034 κορυφαῖος
1708 1962 1821 2015 τῶν

216 2054 543 2108 ἀποστόλων
572 2054 841 2127 πενθερὰν
878 2052 1047 2126 εἶχεν.

302 2164 325 2197 ε
370 2146 561 2217 Ὀψίας
594 2148 651 2201 δὲ
685 2150 1008 2219 γενομένης,
1035 2149 1420 2219 προσήνεγκαν
1454 2147 1606 2217 αὐτῴ
1640 2148 1824 2218 δαιμο-

213 2240 540 2308 νιζομένους
572 2239 820 2306 πολλοὺς,
860 2242 957 2294 καὶ
977 2239 1200 2305 ἐξέϐαλε
1222 2241 1291 2294 τά
1317 2240 1609 2309 πνεύματα
1638 2240 1809 2309 λόγῳ,

210 2334 319 2386 xxi.
349 2333 559 2397 πάντας
582 2335 709 2397 τοὺς
734 2335 918 2397 κακῶς
951 2334 1179 2404 ἔχοντας
1244 2333 1642 2402 ἐθεράπευσεν,
1672 2334 1823 2396 ὅπως

210 2429 491 2499 πληρωθῇ
548 2429 607 2483 τὺ
643 2429 813 2501 ῥηθὲν
840 2430 927 2484 διὰ
968 2430 1194 2483 Ἡσαΐου
1244 2428 1339 2482 τοῦ
1398 2431 1704 2503 προφήτου,
1735 2429 1824 2481 λέ-

209 2540 411 2594 γοντος
454 2539 468 2553 ⁸
502 2522 675 2588 Αὐτὸς
724 2525 823 2587 τάς
859 2523 1149 2587 ἀσθενείας
1186 2524 1344 2595 ἡμῶν
1368 2522 1551 2587 ἔλασε,
1584 2522 1679 2576 καὶ
1723 2524 1823 2586 τάς

208 2616 411 2680 νόσους
429 2614 753 2669 ἐδάστασεν.
792 2633 811 2667 ι
858 2616 1051 2685 Ὀψίας
1086 2617 1183 2668 καὶ
1230 2615 1383 2685 παρά
1413 2614 1607 2686 καιρὸν
1643 2632 1821 2685 προσ-

207 2710 354 2781 ῆγον
423 2709 549 2772 τοὺς
608 2707 953 2778 ἀρρώστους,
989 2705 1157 2770 αὐτὸς
1191 2704 1249 2758 δὲ
1302 2704 1685 2776 φιλάνθρωπος
1748 2703 1824 2757 ὢν

207 2804 557 2874 ιθεράπευσε
584 2802 815 2864 πάντας.
836 2796 969 2854 Εἶτα
992 2799 1080 2853 ῖνα
1101 2798 1175 2869 μὴ
1198 2799 1529 2869 ἀπιστήσῃς,
1552 2797 1672 2861 πῶς
1694 2814 1825 2849 τοσ-

206 2899 361 2953 αὔτα
395 2898 680 2967 νοσήματα
746 2898 806 2947 ὲν
865 2894 1059 2965 βραχεῖ
1106 2892 1533 2963 ἐθεραπεύοντο,
1578 2890 1823 2962 παράγει

206 2994 309 3045 τὸν
353 2991 586 3045 Ἡσαΐαν
610 3006 683 3058 μα
694 2987 1022 3058 ρτυροῦντα.
1041 2985 1301 3053 Καίτοιγε
1320 2986 1347 3037 6
1369 2983 1662 3054 προφήτης
1692 2982 1823 3053 περὶ

206 3085 506 3157 ἀμαρτιῶν
564 3082 724 3136 τοῦτο
772 3080 944 3149 λέγει,
979 3081 1007 3133 6
1058 3079 1340 3138 Ματθαῖος
1368 3077 1427 3129 δὲ
1479 3076 1611 3146 περ)⁸
1668 3092 1828 3145 νοση-

210 3177 408 3250 μάτων
434 3175 570 3229 αὐτὸ
598 3173 839 3237 τέθεικε,
865 3173 962 3225 καὶ
994 3170 1105 3242 γὰρ
1151 3170 1220 3223 τὰ
1254 3170 1425 3221 πλείω
1452 3166 1513 3231 ἐξ
1569 3167 1827 3238 ἁμαρτη-

208 3273 409 3344 μάτων
439 3269 705 3337 γίνονται.

1932 771 2022 832 tri,
2062 771 2193 824 vidit
2240 784 2460 824 socrum
2512 770 2633 840 ejus
2687 770 3109 825 decumbentem
3142 768 3536 825 etfebricitan-

1930 871 2061 925 tem,
2094 859 2378 930 tetigitque
2435 874 2654 913 manum
2710 859 2875 924 illius,
2908 868 2962 914 et
2991 858 3216 927 reliquit
3246 859 3399 914 illam
3441 863 3534 925 ,Γο-

1929 954 2042 1007 bris
2074 970 2088 1005 :
2116 961 2170 1007 et
2194 953 2456 1016 surrexit,
2492 967 2557 1006 ac
2593 952 2931 1006 ministravit
2985 951 3113 1006 illis.
3151 972 3169 1004 ι
3207 952 3437 1007 Intravit
3477 954 3531 1008 in

1928 1046 2145 1099 domum
2181 1043 2351 1127 Petgi,
2393 1052 2451 1096 ut
2484 1044 2798 1098 eomederet
2848 1062 2868 1097 ς
2908 1056 2964 1099 et
3000 1045 3281 1115 attingens
3308 1061 3531 1100 manum

1926 1135 2066 1202 ejus,
2105 1151 2211 1189 non
2252 1135 2429 1190 soluat
2464 1133 2660 1189 febrim
2690 1136 2980 1198 exstinxit,
3014 1138 3109 1190 sed
3136 1147 3192 1191 et
3243 1138 3541 1192 sanitatem.

1929 1228 2199 1298 integram
2230 1228 2503 1298 praestitit,
2538 1228 2611 1281 ita
2642 1237 2699 1281 ut
2732 1229 2969 1296 receptis
2998 1226 3204 1282 viribus
3228 1229 3396 1283 etiam
3430 1229 3534 1282 mi-

1929 1322 2167 1375 nistrare
2199 1320 2425 1373 valeret.
2463 1318 2681 1374 Scimus
2716 1318 2917 1385 alioqui
2941 1319 3112 1371 multo
3138 1323 3227 1374 vix
3285 1328 3531 1388 tempore

1927 1412 2377 1467 convalescentes
2432 1410 2769 1467 conﬁrmari.
2834 1412 2971 1471 Cum
3028 1413 3118 1466 alii
3180 1412 3533 1482 evangelista:

1927 1506 2110 1559 dicant
2132 1504 2275 1573 quod
2306 1504 2649 1557 ohsecrarint
2675 1518 2823 1568 eum,
2857 1514 2909 1558 et
2938 1505 3017 1559 sic
3043 1514 3237 1559 curata
3273 1504 3365 1568 sit,
3394 1502 3531 1557 Mal-

1930 1601 2223 1653 thamshoc
2270 1598 2554 1652 brevitatis
2610 1600 2875 1654 rationem
2907 1600 3116 1653 hahens
3154 1599 3531 1666 praetermisit.

1927 1690 2182 1749 Dicebam
2218 1692 2364 1744 enim
2401 1691 2575 1744 tibiin
2606 1691 2900 1761 principio,
2936 1693 3103 1746 alium
3141 1693 3344 1752 dicere,
3386 1694 3534 1760 quod

1926 1779 2064 1834 alios
2093 1778 2204 1851 40
2230 1779 2451 1833 omittit.
2477 1778 2650 1834 Porro
2675 1782 2825 1835 disce
2848 1780 2935 1835 hic
2971 1782 3111 1849 quod
3141 1781 3341 1849 nuptiae
3364 1794 3469 1834 non
3504 1796 3532 1832 a

1927 1872 2125 1926 virtute
2157 1872 2447 1943 prohibent
2479 1890 2493 1926 :
2532 1874 2785 1946 princeps
2832 1876 2979 1929 enim
3036 1875 3410 1945 apostolorum
3443 1890 3532 1929 so-

1928 1980 2082 2020 crum
2120 1968 2332 2022 habuit.

2002 2143 2167 2199 \'ens.
2200 2143 2406 2208 16,17.
2451 2163 2469 2196 ι
2515 2144 2757 2215 Vespere
2790 2155 2973 2199 autem
3012 2145 3180 2209 facto,
3228 2146 3536 2200 attulerunt

1929 2240 1976 2291 ei
2004 2239 2367 2293 daemoniacos
2432 2240 2655 2304 multos,
2688 2251 2744 2296 et
2774 2240 2937 2310 ejecit
2995 2240 3223 2310 spiritus
3266 2240 3454 2304 verbo,
3480 2252 3535 2291 et

1928 2342 2119 2381 omnes
2157 2328 2298 2382 tnale
2333 2329 2603 2401 habentes
2627 2332 2864 2393 curavit,
2902 2340 2953 2384 ut
2990 2330 3289 2400 impleatur
3325 2330 3533 2391 dictum

1940 2436 2038 2490 per
2066 2419 2261 2475 lsaiam
2316 2414 2637 2491 prophetam
2672 2422 2970 2489 dicentem,
3004 2423 3124 2494 Ipse
3188 2422 3537 2478 inﬁrmitates

1933 2524 2152 2569 nostras
2195 2515 2437 2584 suscepit
2484 2525 2540 2572 et
2588 2518 2808 2572 morbos
2860 2520 3116 2587 portavit.
3152 2538 3171 2571 ι
3206 2517 3443 2586 Vespere
3483 2529 3539 2573 et

1931 2610 2311 2679 intempestive
2341 2611 2627 2680 languidos
2658 2612 3023 2667 adducebant.
3058 2612 3179 2680 Ipse
3217 2623 3431 2676 autem,
3454 2625 3538 2664 ut-

1931 2714 2055 2771 pote
2086 2702 2417 2767 miSericors,
2457 2706 2674 2758 curavit
2720 2720 2933 2760 omnes.
2960 2704 3163 2759 Deinde
3214 2720 3280 2759 ne
3326 2706 3539 2759 discre-

1931 2796 2029 2849 das
2074 2789 2349 2864 quomodo
2377 2806 2463 2852 tot
2488 2798 2706 2852 morbos
2736 2808 2845 2853 tam
2880 2798 3031 2853 brevi
3074 2810 3321 2869 tempore
3374 2814 3540 2855 cura-

1931 2889 2095 2951 verit,
2159 2886 2317 2943 ail‘ert
2376 2888 2571 2943 Isaiam
2610 2902 2802 2946 testem
2844 2932 2857 2944 .
2915 2893 3131 2946 tametsi
3161 2892 3427 2963 propheta
3470 2894 3538 2947 de

1935 2978 2174 3046 peccatis
2192 2982 2291 3032 hoe
2310 2980 2474 3044 dicat,
2500 2981 2784 3037 Matthaeus
2812 2993 2992 3037 autem
3016 2984 3083 3037 de
3104 2983 3310 3036 morbis
3335 2983 3535 3054 posuit,

1933 3083 1999 3124 eo
2038 3072 2186 3140 quod
2219 3057 2469 3141 plerique
2514 3088 2582 3133 ex
2621 3077 2862 3144 peccatis
2893 3077 3172 3131 accidant.

292 3320 521 3415 «W‘l'iz‘ov
542 3320 601 3411 δὲ
635 3360 663 3411 6
698 3352 908 3427 Ἰησοῦς
957 3354 1190 3417 πολλοὺς
1220 3352 1415 3424 ὄχλους
1444 3351 1575 3422 περὶ
1633 3320 1819 3412 αὑτὸν,

2010 3334 2176 3391 Vens.
2228 3336 2316 3391 l8.
2354 3355 2372 3385 ε
2413 3336 2549 3391 Cum
2606 3338 2832 3394 vidisset
2896 3354 3078 3395 autem
3128 3337 3289 3395 Jt-sus
3354 3343 3541 3397 turbas

205 3456 509 3510 ικέλευσεν
532 3449 792 3504 ἀπελθεῖν
819 3451 901 3512 είς
940 3448 999 3501 τὸ
1052 3446 1252 3515 πέραν.
1296 3466 1313 3497 ι
1342 3445 1417 3498 Οὐ
1442 3445 1552 3514 γάρ
1576 3440 1643 3514 ἦν
1675 3443 1826 3513 φιλό-

204 3548 393 3614 δοξος,
426 3546 547 3617 ἃμα
576 3544 635 3598 δὲ
682 3543 779 3596 καὶ
810 3541 919 3595 τῶν
957 3539 1229 3595 Ἰουδαίων
1262 3539 1355 3591 τὸν
1410 3536 1608 3607 φθόνον
1639 3535 1827 3589 ἐκκλί-

203 3660 350 3697 νων.

294 3752 317 3784 ε
362 3732 474 3786 Καὶ
523 3725 842 3801 προσελθὼν
886 3717 969 3787 εἷς
1021 3719 1413 3794 γραμματεὺς,
1448 3716 1602 3771 εἶπεν
1651 3715 1822 3787 αὐτῷ·

201 3823 548 3886 Διδάσκαλε,
586 3818 944 3888 ἀκολουθήσω
988 3833 1092 3877 σοι,
1128 3816 1265 3868 ὅπου
1308 3814 1403 3865 ἐὰν
1434 3813 1679 3883 ἀπέρχῃ.
1712 3810 1825 3863 Καὶ

201 3920 367 3989 λέγει
410 3913 561 3985 αὐτῷ
590 3915 618 3967 6
654 3909 887 3983 Ἰησοῦς·
925 3910 992 3963 Ai
1031 3906 1315 3968 ἀλώπεκες
1344 3904 1587 3973 φωλεοὺς
1618 3904 1822 3974 ἔχουσι,

200 4010 403 4070 καίτά
454 4006 683 4061 πετεινά
712 4005 806 4059 τοῦ
867 4001 1106 4073 ούρανοῦ
1154 3996 1631 4065 κατασκηνώσεις
1681 3997 1710 4048 6
1764 3995 1822 4046 δὲ

202 4106 343 4167 Υἱὸς
369 4098 772 4170 τοῦἀνθρὼπου
788 4095 889 4149 οὐκ
921 4093 1034 4164 ἔχει
1058 4089 1160 4144 ποῦ
1182 4089 1285 4159 τὴν
1305 4087 1552 4157 κεφαλὴν
1581 4086 1738 4155 κλίνῃ
1755 4126 1768 4139 .
1798 4102 1817 4135 ι

203 4192 576 4268 Γραμματέα
607 4186 872 4257 λέγειτὺν
906 4184 967 4237 τὸ
1000 4182 1238 4255 γράμμα
1266 4178 1361 4233 τοῦ
1386 4179 1554 4249 νόμου
1588 4176 1822 4230 ἐπιστά-

202 4306 404 4363 μενον.
463 4279 633 4346 Οὗτος
656 4280 748 4335 οὖν
783 4277 907 4334 ίδὼν
938 4277 1008 4331 τὰ
1064 4274 1237 4329 πολλά
1268 4274 1497 4363 σῃμεῖαί,
1545 4272 1816 4363 προσεξό-

198 4349 386 4455 κησεν
412 4380 478 4432 ἐκ
524 4375 732 4430 τούτων
794 4370 1056 4444 χρήματα
1110 4366 1370 4434 συνάγειν
1422 4349 1513 4416 τὶν
1584 4360 1818 4431 Ἰησοῦν,

198 4454 290 4532 διδ
355 4474 458 4529 καὶ
514 4466 814 4533 σπουδάζει
863 4462 1180 4520 ἀκολουθεῖν
1241 4459 1394 4529 αὑτῷ
1437 4458 1525 4511 ἵνα
1582 4457 1679 4509 καὶ
1724 4454 1823 4507 αύο

199 4574 298 4635 τὸς
347 4565 620 4636 συλλέγῃ.
672 4564 732 4617 ’0
762 4562 819 4616 δὲ
837 4557 1071 4631 Χριστὸς
1118 4556 1257 4627 πρὸς
1294 4552 1663 4625 τὴνηδιάνοιαν
1715 4549 1818 4602 αὐ-

202 4663 305 4717 τοῦ
388 4654 677 4721 ἀπαντῶν,
728 4651 1013 4725 μονονουχὶ
1080 4648 1240 4703 τοῦτό
1286 4662 1420 4716 φησι
1446 4659 1460 4675 ο
1500 4642 1818 4715 Προσδοκᾷς

1936 3429 2135 3483 multas
2164 3431 2371 3483 circum
2403 3446 2543 3496 sese,
2576 3430 2739 3497 jussit
2770 3444 2827 3485 ut
2860 3433 3077 3487 abirent
3110 3434 3161 3485 in
3222 3433 3537 3488 ulteriorem

1933 3523 2129 3589 ripam.
2167 3540 2186 3574 ι
2223 3520 2339 3574 Non
2371 3533 2488 3575 erat
2522 3522 3011 3592 gloriaeqtnesitor,
3043 3535 3098 3578 et
3133 3538 3229 3593 per
3252 3525 3353 3578 hoc
3370 3526 3539 3579 etiam

1929 3610 2239 3666 Judzeorum
2259 3612 2571 3667 declinabat
2598 3613 2884 3668 invidiam.

2012 3702 2180 3759 Vens.
2240 3706 2331 3768 i9.
2367 3705 2459 3761 ΞΟ.
2505 3725 2522 3757 ι
2570 3705 2633 3759 Ει
2684 3722 2806 3761 cum
2865 3709 3065 3764 adisset
3126 3728 3266 3767 unus
3323 3713 3539 3774 Srriha,

1930 3798 2070 3853 dixit
2095 3797 2145 3875 ei
2174 3816 2188 3864 ;
2228 3797 2562 3867 Praeceptor,
2597 3814 2796 3867 sequar
2824 3812 2877 3856 te
2932 3818 3261 3875 quocunth
3296 3807 3445 3862 ieris.
3475 3809 3543 3862 Et

1930 3893 2063 3947 dicit
2092 3874 2145 3946 ei
2187 3890 2349 3958 Jesus
2380 3909 2395 3945 :
2430 3892 2643 3961 Vulpes
2668 3893 2857 3948 foveas
2912 3894 3143 3960 habent,
3177 3908 3235 3952 et
3290 3900 3539 3953 volucres

1927 3984 2054 4040 caeli
2092 3985 2292 4040 nidos:
2331 3995 2386 4038 at
2415 3984 2584 4040 Filius
2641 3986 2878 4040 hominis
2907 4003 3013 4041 non
3046 3989 3210 4045 habet
3256 3992 3344 4046 ubi
3377 4002 3542 4061 caput

1928 4077 2180 4131 reclinet.
2230 4096 2249 4129 ι
2288 4074 2540 4131 Scribant
2594 4077 2751 4144 dicit,
2779 4079 3020 4133 litteram
3076 4082 3208 4151 legis
3242 4084 3535 4139 scientem.

1929 4167 2027 4223 llic
2073 4170 2241 4238 igitur
2282 4178 2341 4223 ut
2387 4169 2521 4223 vidit
2557 4169 2724 4223 multa
2781 4170 2960 4240 signa,
3000 4173 3305 4230 arbitratus
3345 4185 3433 4229 est
3464 4192 3533 4229 ex

1929 4261 2013 4315 his
2057 4259 2239 4316 Jcsum
2302 4270 2568 4332 qutestum
2624 4260 2827 4327 facere,
2862 4273 2918 4317 et
2974 4264 3180 4319 idcirco
3217 4266 3432 4335 laborat
3473 4280 3537 4322 ut

1926 4367 2050 4407 eum
2115 4355 2269 4424 sequi
2328 4361 2537 4424 posset,
2573 4368 2682 4422 quo
2714 4361 2767 4406 et
2800 4354 2918 4422 ipse
2982 4354 3191 4424 aliquid
3224 4356 3535 4427 colligeret.

1924 4448 2179 4503 Christus
2212 4458 2418 4514 autem,
2459 4449 2773 4521 cogitationi
2801 4450 3253 4519 ejusoccurrens,
3285 4454 3440 4523 quasi
3486 4454 3540 4507 in

1932 4539 2078 4593 hunc
2098 4541 2321 4594 modum
2357 4540 2492 4595 dicit
2519 4559 2532 4594 :
2555 4544 2635 4595 An
2668 4551 2829 4609 putas
2856 4557 2943 4597 me
2974 4544 3127 4611 sequi
3163 4552 3221 4596 ut
3253 4558 3385 4611 opes
3422 4543 3541 4597 col-

1931 4632 2107 4698 ligas?
2138 4648 2244 4687 non
2310 4633 2461 4688 vides
2522 4649 2589 4689 ne
2639 4635 2862 4689 domum
2910 4635 3135 4705 quidem
3199 4635 3330 4689 mihi
3376 4636 3541 4689 esse?

199 4750 533 4809 ἀκολουθῶν
566 4722 1026 4819 έμοὶξχρήματα
1075 4739 1381 4806 συλλέγεινο
1412 4736 1511 4806 οὐχ
1555 4735 1688 4805 ὁρᾷς
1736 4734 1821 4786 ὃτι

1934 4722 2115 4780 Talem
2146 4740 2271 4781 esse
2329 4736 2548 4795 oportet
2584 4736 2640 4781 et
2678 4742 2806 4781 eum
2834 4730 2926 4795 qui
2973 4742 3059 4781 tne
3111 4728 3379 4795 sequitur.
3416 4727 3542 4781 llzec

200 4846 405 4908 ἀοικὸς
442 4844 596 4913 είμι;
636 4838 895 4901 τοιοῦτος
929 4835 1023 4890 καὶ
1057 4835 1085 4887 6
1123 4828 1436 4886 ἀκολουθῶν
1487 4828 1613 4898 ἐμοὶ
1664 4826 1822 4895 ὀφεί-

197 4949 280 4995 λει
308 4934 486 4994 εἶναι.
518 4932 705 4989 Ταῦτα
738 4932 796 4986 6's
823 4930 1011 4998 ἔλεγεν
1040 4927 1172 4980 ὡσεὶ
1201 4924 1369 4996 πείσῃ
1420 4922 1586 4975 αὺτὸν
1642 4936 1818 4989 μετα-

196 5031 490 5104 ὄληθέντσ.
513 5024 834 5083 ἀκολουθεῖν
871 5040 887 5054 ·
923 5021 952 5073 6
980 5021 1036 5074 δὲ
1070 5018 1365 5088 ἀναχωρεῖ.
1421 5014 1578 5076 Τινές
1600 5012 1658 5066 δὲ
1675 5011 1822 5066 ἀλώ-

195 5143 389 5186 πεκας
418 5123 517 5176 καὶ
547 5118 793 5183 πετεινὰ,
815 5117 941 5179 τοὺς
968 5114 1233 5184 δαίμονας
1258 5111 1499 5180 λέγουσι.
1525 5108 1697 5177 Φησὶν
1726 5105 1821 5160 οὖν

1928 4827 2108 4870 autem
2160 4815 2399 4879 dicebat,
2453 4832 2565 4885 quo
2619 4817 2975 4887 persuaderet
3028 4818 3130 4881 illi,
3198 4828 3256 4871 ut
3315 4816 3545 4872 mutatis

1928 4912 2173 4965 morihns
2202 4920 2530 4979 sequeretur
2573 4929 2587 4965 :
2626 4918 2681 4965 at
2715 4910 2809 4965 ille
2831 4912 3083 4966 secessit.
3122 4908 3383 4965 Nonnulli
3421 4910 3542 4964 vul-

1928 5016 2023 5073 pes
2055 5012 2109 5056 et
2138 5001 2378 5057 volatilia
2423 5001 2674 5058 ditibOIOS
2720 5003 2910 5059 dicunt
2945 5022 2959 5057 :
2988 5003 3141 5071 qu:tsl
3172 5003 3405 5067 diceret,
3430 5004 3544 5059 dte-

1936 5112 2126 5150 tnones
2164 5096 2215 5149 iu
2248 5105 2300 5150 te
2334 5095 2583 5150 habitant
2617 5104 2671 5151 et
2702 5110 2805 5165 ego
2841 5096 2897 5150 in
2931 5096 3112 5149 anima
3152 5107 3241 5149 tua
3297 5096 3538 5165 quietem

192 5224 283 5276 ὅτι
319 5220 394 5272 Oi.
426 5214 687 5281 δαίμονες
719 5211 777 5264 ὲν
804 5210 890 5263 σοὶ
934 5204 1338 5269 ἀναπαύονται,
1369 5199 1602 5271 καῖὲγὼ
1631 5198 1821 5253 λοιπὸν

1934 5202 2040 5250 nun
2072 5194 2315 5251 invenio.

193 5312 300 5367 οὐκ
333 5308 457 5380 ἔχω
492 5307 549 5360 ὲν
574 5305 643 5374 τῇ
673 5304 739 5373 σῇ
757 5301 904 5371 ψυχῇ
922 5299 1265 5353 ἀνάπαυσιν.

279 5426 299 5458 ε
324 5405 569 5470 Ἕτερος
587 5398 646 5451 δὲ
664 5396 773 5450 τῶν
794 5392 1052 5465 μαθητῶν
1067 5388 1233 5445 αὑτοῦ
1251 5384 1405 5441 εἶπεν
1424 5384 1596 5457 αὐτῷ’
1622 5384 1821 5455 Κύριε,

193 5493 514 5568 ἐπίτρεψόν
575 5508 665 5563 μοι
700 5488 919 5560 πρῶτον
948 5485 1209 5541 ἀπελθεῖν
1246 5484 1340 5535 καὶ
1362 5482 1535 5550 θάψαι
1557 5479 1649 5532 τὸν
1707 5496 1813 5531 πα-

193 5596 340 5667 τέρα
373 5607 509 5663 μου.
556 5585 615 5641 Ὀ
647 5584 704 5638 δὲ
730 5581 939 5654 Ἰησοῦς
964 5576 1119 5633 εἶπεν
1148 5576 1319 5647 αὐτῷ’
1355 5571 1673 5627 Ἀκολούθει
1700 5588 1822 5667 Δμοι,

2002 5377 2172 5435 Vens.
2217 5377 2313 5439 2|,
2363 5377 2435 5431 22
2472 5396 2491 5429 ι
2545 5377 2699 5432 Alius
2750 5388 2933 5431 autem
2986 5391 3051 5430 ex
3101 5373 3379 5442 discipulis
3424 5372 3542 5427 suis

1933 5443 2070 5528 dixit
2101 5474 2147 5529 ei
2192 5494 2206 5527 :
2248 5472 2498 5536 Domine,
2527 5472 2784 5541 permitte
2834 5470 2964 5523 mihi
2996 5468 3233 5537 primum
3284 5468 3437 5520 abire
3484 5475 3544 5518 ιιι

1926 5565 2188 5636 sepeliant
2217 5573 2429 5632 patrem
2454 5578 2655 5616 meum.
2678 5566 2746 5615 At
2776 5559 2935 5615 Jesus
2965 5559 3102 5613 dixit
3137 5557 3211 5611 illi
3245 5574 3259 5610 :
3294 5556 3541 5621 Sequere

196 5643 490 5754 καλῂᾶέρες
522 5681 651 5742 τοὺς
682 5643 1111 5747 νεκροὺςψθάψαι
1134 5643 1495 5734 τοὺςτὲαυτῶν
1514 5664 1768 5737 νεκρούς.
1802 5682 1819 5713 t

1934 5674 2037 5721 tne,
2064 5666 2118 5709 et
2156 5657 2275 5711 sine
2314 5664 2561 5708 mortuos
2589 5652 2819 5722 sepelire
2851 5660 3097 5705 mortuos
3127 5662 3280 5702 suos.
3320 5665 3339 5698 ι
3373 5643 3534 5699 Post-

193 5780 341 5839 Μεθ’
366 5778 400 5832 ὃ
454 5774 619 5829 δώσει
646 5788 731 5833 τις
757 5767 954 5824 ἑαυτὸν
988 5767 1068 5838 τῷ
1096 5764 1244 5836 Θεῷ,
1278 5764 1379 5817 ούκ
1410 5760 1619 5831 ὀφείλει
1663 5758 1826 5827 στρὲ-
1929 5764 2091 5846 quam
2112 5842 2122 5846 Δ
2147 5762 2239 5846 qui
2291 5761 2415 5801 sese
2447 5758 2735 5846 tradiderit

1351 5857 1446 5910 καὶ
1475 5853 1606 5916 τοὺς
1640 5854 1821 5921 γονεῖς

1934 5843 2053 5896 vita:
2112 5841 2270 5911 Itujus
2300 5853 2463 5894 curas
2492 5838 2736 5892 converti
2767 5853 2779 5889 :
2812 5842 3029 5904 oportet
3067 5844 3197 5886 sane
3229 5838 3282 5882 et
3330 5842 3534 5897 parcn-

1308 5945 1583 6001 Ἐνταῦθα
1633 5917 1691 5995 δὲ
1730 5943 1821 5995 καὶ

1934 5946 2012 6005 tes
2046 5933 2321 6000 venerari,
2355 5932 2450 5987 scd
2470 5930 2643 6000 magis
2676 5937 2893 5997 oportet
2923 5924 3169 5980 venerari
3206 5922 3397 5976 Deum.
3425 5917 3537 5973 llu-

195 5872 414 5946 φεσθαι
441 5868 524 5931 είς
550 5865 623 5920 τά
646 5862 898 5936 βιωτικά.
930 5861 1022 5914 Δεῖ
1066 5860 1168 5931 μὲν
1195 5860 1304 5929 γὰρ

194 5962 398 6033 τιμᾷν.
433 5954 576 6011 ἀλλὰ
602 5954 696 6008 τὸν
735 5952 870 6006 Θεὸν
923 5951 1221 6023 προτιμᾷν.

195 6055 449 6114 ἄπεπτος
494 6042 566 6119 ἦν
621 6046 652 6100 6
705 6044 896 6114 γονεὺς
928 6081 943 6109 ,
990 6041 1086 6097 καὶ
1121 6041 1303 6114 δῆλον,
1340 6040 1407 6095 ἐκ
1465 6035 1561 6094 τοῦ
1610 6035 1818 6106 λέγειν’

1929 5764 2091 5819 quant
2147 5747 2239 5816 qui
2291 5761 2415 5801 sese
2447 5744 2731 5800 tradiderit
2761 5744 2891 5809 Deo,
2919 5757 3025 5796 non
3050 5741 3209 5796 debet
3254 5736 3434 5792 denuo
3466 5737 3535 5791 ad

1925 6030 2017 6101 jus
2056 6036 2236 6084 autem
2278 6035 2433 6096 pater
2461 6021 2774 6080 incredulus
2810 6027 2949 6086 erat,
2984 6016 3129 6086 quod
3183 6013 3534 6071 manifestum
