4034 6664
245 627 358 691 ἳὲὗ

911 615 1362 683 ENARRA'LIO
1403 613 1485 676 1N
1518 606 2029 676 EVANGELIUM
2079 606 2470 671 MATTH/EI.
2498 629 2569 644 -
2593 606 2753 669 CAP.
2797 606 2902 667 IX.

3451 602 3559 668 2:26

248 743 347 814 τὴν
381 737 690 811 ὑπερϐολὴν
719 737 816 809 τῆς
848 735 1048 806 κακίας
1076 733 1278 797 αὐτῶν,
1313 733 1389 802 μὴ
1428 731 1720 800 ἀναμεῖναι
1746 727 1838 782 τδν

1964 722 2088 796 ιιιοὰ
2122 721 2513 778 existimabant
2537 721 2841 786 Christum,
2870 733 2975 774 non
3009 716 3271 774 furentem
3321 716 3558 773 immen-

250 833 445 903 καιρὸν
477 833 580 902 τῆς
599 831 876 895 κολάσεῖυς
897 847 910 862 ο
943 831 1081 901 ὅπερ
1116 828 1220 881 οὑκ
1242 825 1390 880 ἔστιν
1424 841 1439 856 ν
1477 823 1580 887 ἓως
1616 823 1726 894 γὰρ
1743 821 1844 893 τῆς

255 926 573 991 συντελείας
598 923 799 980 ἐῶνται
828 923 1086 978 παλαίειν
1107 921 1273 991 ἡμῖν.

332 1121 353 1155 ι
391 1097 503 1157 Ἦν
531 1101 590 1158 δὶ
624 1101 848 1172 μακρὰν
875 1098 972 1154 ἀπ’
1004 1097 1184 1152 αὐτῶν
1203 1097 1380 1167 ἀγέλη.
1401 1095 1601 1166 χοίρων
1632 1092 1847 1146 πολλῶν

253 1193 565 1269 βοσκομινη
595 1210 609 1224 ·
644 1194 694 1248 oi
720 1194 777 1246 δὲ
800 1193 1050 1263 δαίμονες
1073 1189 1423 1259 παρεκάλουν
1458 1186 1645 1249 αὑτὸν,
1666 1185 1847 1252 λέγον-

248 1305 367 1354 τες’
401 1287 464 1341 Ei
499 1286 965 1356 ὲκϐάλλειςὴμᾶς,
994 1281 1288 1353 ἐπίτρεψον
1320 1282 1452 1350 ἡμῖν
1480 1278 1737 1332 ἀπελθεῖν
1764 1279 1847 1341 είς

247 1382 351 1455 τὴν
368 1381 570 1451 ἀγέλην
583 1379 692 1432 τῶν
711 1377 1052 1451 χοίρωνλία)⁸
1069 1369 1222 1428 εἶπαν
1241 1373 1445 1436 αὐτοῖς’
1467 1371 1760 1437 Ὑπάγετε.
1777 1367 1841 1423 Oi

249 1475 312 1528 δὲ
364 1471 673 1539 ἐξελθόντες
695 1467 936 1538 ἀπῆλθον
969 1468 1049 1530 είς
1072 1466 1170 1536 τὴν
1188 1463 1396 1534 ἀγέλην
1423 1463 1531 1516 τῶν
1553 1461 1778 1532 χοίρων.
1818 1479 1838 1513 ι

251 1565 319 1619 Ol
347 1564 447 1635 μὲν
474 1564 730 1634 δαίμονες
767 1559 1031 1638 αἰτοῦσιν,
1064 1557 1140 1621 ὡς
1167 1557 1259 1621 ἂν,
1301 1557 1427 1618 τοὺς
1471 1554 1690 1625 χοίρους
1719 1554 1843 1606 πνί-

253 1655 472 1721 ξαντες,
504 1653 790 1723 λυπήσωσι
851 1649 978 1711 τοὺς
1017 1646 1290 1708 δεσπότας
1342 1642 1713 1710 αὑτῶν,ὦστε
1768 1640 1845 1712 μὴ

250 1743 665 1818 παραδέξασθαι
689 1741 782 1795 τὸν
810 1739 1069 1811 Χριστόν.
1112 1737 1170 1791 '0
1200 1737 1258 1791 δὲ
1305 1736 1540 1808 Χριστὸς
1572 1733 1847 1804 συχχωρεῖ

249 1841 368 1902 τοῖς
390 1837 631 1908 δαίμοσι,
659 1832 924 1888 δεικνύων
980 1829 1140 1883 ποίαν
1189 1830 1420 1900 πικρίαν
1464 1825 1653 1897 ἔχουσι
1706 1827 1845 1897 πρὸς

249 1931 384 1994 τοὺς
415 1923 763 2000 ἀνθρώπους,
795 1925 891 1979 καὶ
926 1925 1033 1988 ὅτι,
1066 1926 1116 1978 εί
1147 1921 1399 1988 ἐξουσίαν
1429 1915 1573 1990 εἶχον
1601 1917 1695 1971 καὶ
1744 1919 1846 1972 οὐκ

253 2021 580 2087 ἐκωλύοντο,
606 2020 793 2092 χεῖρον
845 2016 914 2070 ἂν
939 2015 1050 2069 τῶν
1095 2014 1295 2085 χοίρων
1343 2009 1584 2065 διέθεντο
1633 2009 1783 2080 ἡμᾶς
1827 2023 1841 2038 ο

1961 832 2052 872 sas
2105 817 2343 886 ipsorum
2396 806 2649 878 malitias,
2699 829 2802 866 non
2857 806 3302 881 exspectaturum
3345 820 3558 880 tempus

1959 909 2390 979 suppliciorum:
2421 907 2472 961 id
2497 910 2639 976 quod
2673 921 2779 959 non
2798 914 2916 960 est;
2956 919 3078 957 nam
3113 919 3285 971 usque
3320 906 3384 957 ad
3420 919 3556 956 con-

1956 1003 2378 1059 summationetn
2433 1000 2614 1054 mundi
2662 1001 2923 1053 sinuntur
2961 1008 3175 1052 certare
3241 997 3550 1051 nobiscum.

2025 1095 2190 1150 Vsus.
2224 1093 2416 1150 50-52.
2458 1113 2475 1145 ι
2519 1093 2648 1146 Erat
2699 1102 2879 1146 autem
2911 1091 3098 1160 procul
3152 1090 3219 1144 ab
3272 1089 3377 1143 illis
3421 1104 3551 1159 grex

1957 1205 2244 1259 porcorum
2295 1187 2588 1241 multorum
2622 1199 2891 1255 pascens;
2925 1184 3201 1237 dwmoucs
3235 1194 3415 1236 autem
3464 1197 3557 1234 ro-

1953 1280 2295 1351 gabanteum
2333 1278 2577 1332 dicentes
2610 1275 2705 1330 :Si
2750 1275 2902 1345 ejicis
2931 1289 3053 1338 nos.
3091 1273 3348 1344 permitte
3398 1274 3556 1328 nobis

1955 1382 2014 1427 ut
2048 1387 2237 1428 eamus
2267 1371 2320 1424 in
2355 1385 2572 1442 gregem
2628 1383 2939 1439 porcorum.
2966 1364 3034 1420 Et
3075 1367 3152 1420 ait
3183 1365 3289 1419 illis
3314 1385 3328 1420 :
3357 1367 3544 1421 Abite.

1952 1463 2031 1519 illi
2057 1478 2183 1519 vero
2223 1461 2430 1533 egressi
2484 1460 2739 1516 abierunt
2797 1458 2850 1514 in
2908 1458 3125 1530 gregem
3184 1473 3550 1528 porcorum.»

1953 1559 2236 1612 Daemones
2267 1565 2480 1626 petunt,
2519 1565 2606 1629 ut.
2637 1554 2720 1610 vel
2776 1553 3058 1609 suﬂocatis
3113 1553 3293 1624 porcis
3351 1554 3558 1608 contri-

1953 1659 2099 1706 stent
2126 1649 2377 1704 domiuos
2403 1648 2639 1712 illorum,
2672 1658 2731 1702 ut
2777 1663 2845 1702 ne
2883 1647 3160 1702 Christum
3188 1647 3551 1718 susciperent.

1953 1743 2206 1798 Christus
2263 1753 2443 1796 autem
2499 1741 2752 1797 concedit
2785 1741 3124 1804 daemonibus
3173 1757 3189 1795 :
3239 1751 3554 1796 monstrans

1954 1850 2058 1906 qua
2086 1834 2451 1888 amaritudine
2469 1844 2522 1888 ct
2551 1835 2830 1902 odioerga
2856 1834 3104 1889 homines
3129 1833 3398 1899 ferantur,
3429 1843 3481 1889 et
3504 1833 3552 1889 si

1953 1935 2194 1998 potestas
2221 1927 2304 1982 eis
2345 1928 2592 1994 daretur,
2646 1936 2700 1979 et
2760 1942 2866 1981 non
2920 1926 3365 1995 prohiberentur,
3395 1925 3551 1998 pejus

1955 2033 2055 2074 nos
2091 2034 2250 2088 quam
2285 2033 2482 2090 porcos
2513 2018 2640 2073 illos
2697 2015 3022 2088 amigerent.
3086 2017 3203 2090 ipse
3258 2020 3404 2075 enim
3455 2035 3552 2077 cu-

251 2116 464 2179 ικεῖνος
505 2113 615 2186 γὰρ
673 2111 934 2181 φυλάττει
993 2108 1120 2173 τοὺς
1158 2106 1558 2179 δαιμονῶντας,
1584 2103 1727 2158 ὥστε
1767 2101 1845 2176 μὴ

1964 2110 2113 2169 ttodit
2135 2111 2522 2176 demoniacos,
2555 2125 2625 2166 ne
2653 2111 2864 2181 seipsos
2886 2099 3169 2166 occidant.

253 2207 507 2280 φονεύειν
534 2206 783 2270 ἑαυτούς.

335 2320 354 2354 ι
376 2302 614 2356 Καὶίδου
645 2299 874 2373 ὥρμησε
904 2299 1056 2352 πᾶσα
1086 2283 1318 2368 ἠαγέλη
1350 2295 1460 2349 τῶν
1488 2293 1689 2365 χοίρων
1708 2293 1850 2347 κατὰ

249 2394 352 2451 τοῦ
378 2392 627 2465 κρημνοῦ
654 2393 734 2457 είς
763 2391 864 2463 τὴν
899 2389 1198 2454 Θάλασσαν,
1221 2389 1318 2442 καὶ
1348 2387 1624 2440 ἀπέθανον
1643 2387 1702 2438 ὲν
1730 2385 1844 2448 τοῖς

253 2487 470 2542 ὕδασιν.
505 2487 570 2540 Οἱ
597 2485 655 2540 δὲ
692 2484 983 2556 βόσκοντες
1006 2481 1233 2551 ἔφυγον,
1261 2482 1357 2534 atat
1387 2477 1718 2540 ἀπελθόντες
1765 2476 1846 2539 είς

249 2579 356 2651 τὴν
397 2578 573 2642 πόλιν,
607 2575 950 2647 ἀπήγγειλαν
989 2574 1190 2636 πάντα,
1237 2571 1333 2625 καὶ
1365 2569 1435 2624 τὰ
1461 2569 1570 2622 τῶν
1598 2569 1848 2638 δαιμονι-

251 2669 526 2741 ζομένων.
553 2668 662 2724 Καὶ
695 2661 809 2721 Maii
836 2667 986 2720 πᾶσα
1020 2666 1054 2736 ἡ
1085 2663 1241 2727 πόλις
1277 2661 1504 2733 ιξῆλθεν
1529 2663 1611 2724 είς
1646 2659 1844 2714 συνάν-

249 2778 416 2833 τησιν
454 2761 531 2833 τῷ
573 2757 775 2832 Ἰησοῦ,
800 2758 897 2813 καὶ
952 2757 1155 2821 ίδόντες
1192 2755 1381 2820 αὑτὸν,
1441 2753 1843 2826 παρεκάλεσαν,

249 2855 406 2918 ὅπως
436 2852 649 2925 μεταδῇ
682 2851 794 2908 ἀπὸ
825 2851 935 2905 τῶν
967 2851 1132 2921 ὁρίων
1164 2849 1367 2903 αὐτῶν.
1419 2865 1437 2899 ι
1469 2847 1843 2917 Λυπηθέντες,

253 2951 358 3003 καὶ
394 2947 651 3014 δόξαντες
677 2945 858 3018 χεῖρόν
891 2962 943 2998 τι
986 2944 1123 3016 μετὰ
1178 2941 1351 2996 ταῦτα
1399 2939 1612 3006 παθεῖν,
1647 2957 1846 3010 παραι-

245 3040 482 3095 τοῦνται
516 3041 701 3094 αὐτόν.
732 3040 804 3093 Σὺ
835 3038 893 3092 δὲ
927 3037 1090 3108 μάθε,
1122 3038 1204 3090 ὅτι
1233 3035 1362 3090 ἔνθα
1413 3033 1679 3106 χοιρὼδης
1707 3031 1845 3103 βίος,

251 3133 283 3186 ό
312 3132 551 3204 Χριστὸς
575 3132 674 3203 μὶν
705 3131 767 3187 οὐ
801 3131 952 3203 μένει
974 3131 1110 3197 ἐκεῖ,
1130 3129 1383 3200 δαίμονες
1405 3128 1482 3182 δέ.

866 3365 1116 3419 ΚΕΦΑΛ.
1153 3363 1230 3416 Θ’.

2023 2289 2189 2345 Vsus.
2215 2288 2305 2354 53,
2341 2289 2430 2343 54.
2469 2307 2486 2342 ι
2518 2286 2584 2342 Ει
2609 2305 2738 2346 ecce
2771 2289 3053 2347 ferebatur
3085 2303 3230 2348 totus
3250 2307 3382 2364 grex
3417 2308 3547 2362 por-

1951 2394 2141 2435 corum
2179 2396 2276 2450 per
2307 2394 2548 2450 praeceps
2573 2381 2633 2435 in
2672 2395 2847 2448 mare,
2876 2391 2931 2437 ct
2974 2384 3329 2455 perieruntin
3368 2388 3547 2456 aquis.

1950 2474 2123 2530 Porro
2153 2474 2246 2546 qui
2279 2474 2596 2544 pascebant,
2635 2473 2984 2546 aufugerunt,
3013 2487 3066 2532 et
3099 2476 3333 2547 digressi
3368 2479 3420 2531 in
3453 2478 3538 2532 ci-

1950 2567 2196 2633 vitalem,
2224 2567 2675 2622 renuntiaverunt
2723 2570 2930 2632 omnia,
2965 2579 3019 2624 et
3070 2569 3202 2640 quid
3259 2570 3551 2625 accidisset

1947 2658 2324 2715 dmmoniacis.
2366 2659 2433 2715 Et
2465 2675 2594 2716 ecce
2621 2670 2738 2717 tota
2770 2662 2967 2735 civitas
2991 2661 3102 2735 42
3134 2662 3304 2717 exivit
3339 2663 3393 2717 in
3450 2677 3549 2718 oc-

1950 2763 2171 2805 cursum
2193 2747 2322 2804 Jesu
2369 2768 2382 2805 :
2422 2758 2478 2804 et
2545 2764 2668 2804 cum
2708 2733 2977 2807 vidissent
3017 2733 3228 2818 filium,
3287 2753 3554 2823 rogabant

1949 2849 2007 2894 ut
2030 2839 2317 2894 decederet
2349 2855 2378 2894 a
2413 2840 2613 2896 ﬁnibus
2639 2841 2777 2900 suis.
2821 2861 2840 2894 ι
2876 2841 3132 2896 Tristitia
3161 2841 3338 2898 aﬂ’ecti
3369 2855 3550 2910 erant,

1948 2939 2001 2984 et
2057 2929 2454 2984 existimabant
2505 2945 2564 2984 se
2595 2932 2822 3002 gravius
2872 2932 3130 3001 quiddam
3178 2947 3464 3002 passuros,
3496 2942 3553 2987 et

1951 3023 2074 3084 ideo
2097 3024 2534 3092 deprecabantur
2561 3038 2709 3079 eum.
2753 3023 2835 3077 Tu
2861 3035 3044 3079 autem
3083 3025 3232 3079 disce
3285 3026 3428 3094 quod
3462 3022 3556 3081 ubi

1949 3125 2034 3170 est
2073 3115 2180 3170 vita
2214 3118 2463 3185 porcina,
2492 3118 2564 3173 ibi
2606 3133 2712 3172 non
2763 3126 2944 3172 manet
3004 3103 3274 3185 Christus,
3309 3118 3404 3173 sed
3435 3118 3556 3172 dia-

1949 3208 2127 3263 holus.

2577 3365 2810 3422 CAPUT
2847 3365 2936 3421 IX.

253 3478 526 3558 Περὶςοξ
546 3479 980 3558 παραλυτικοῦ.
1016 3483 1154 3558 Ιζερι
1195 3478 1655 3558 τοῦιπᾳτθαίογ..
1708 3477 1847 3544 Περὶ

1964 3479 2034 3535 οι
2077 3480 2397 3558 ηαναίμιὶεο.
2432 3481 2509 3536 De
2540 3481 2780 3558 Mutlltwi
2803 3483 3095 3558 vocaliaite.
3128 3480 3204 3536 De
3233 3480 3550 3558 ‘Solvratoris

327 3552 439 3605 τοῦ
477 3550 769 3617 Σωτῆρος
799 3550 950 3618 μετὰ
1008 3550 1128 3603 τῶν
1184 3550 1463 3603 τελωνῶν
1509 3550 1846 3614 ἐσθίοντος.

333 3619 606 3690 Περίτῆς
642 3622 935 3688 θυγατρὸς
982 3621 1505 3689 ἀρχισυναγώγου.
1551 3621 1689 3687 Περὶ
1735 3619 1849 3690 τῆς

331 3689 793 3760 αίμορῤοούσης.
820 3692 955 3759 Περὶ
991 3692 1106 3743 τῶν
1141 3691 1252 3744 δύο
1277 3690 1541 3760 τυφλῶν.
1571 3690 1707 3757 Περὶ
1742 3689 1848 3742 τοῦ

331 3759 821 3831 δαιμονιζομένου
841 3760 1067 3829 κωφοῦ.

335 3893 359 3928 e
394 3875 505 3928 Καὶ
533 3875 707 3945 ἐμϐὰς
749 3877 827 3940 είς
881 3875 942 3928 τὸ
968 3875 1172 3940 πλοῖον,
1208 3875 1503 3948 διεπίρασε
1547 3875 1641 3930 καὶ
1685 3870 1851 3946 ἦλθεν

251 3971 341 4033 είς
393 3967 493 4038 τὴν
547 3967 683 4022 ίδίαν
739 3967 916 4021 πόλιν.
975 3968 1086 4023 Καὶ
1147 3968 1258 4022 ίδοὺ
1315 3969 1657 4039 προσέφερον
1701 3964 1851 4036 αὺτῷ

254 4045 634 4133 παραλυτικὸν
683 4062 778 4115 ἐπὶ
814 4055 1001 4129 κλίνης
1055 4061 1414 4132 βεϐλημένον.
1475 4080 1494 4111 ι
1553 4059 1712 4114 Ὶδίαν
1755 4059 1853 4112 πό-

254 4156 346 4211 λιν
396 4153 496 4222 τὴν
533 4154 908 4224 Καπερναοὺμ
950 4152 1120 4222 λέγει,
1155 4155 1274 4212 ἐκεῖ
1319 4153 1430 4224 γὰρ
1447 4151 1582 4224 ῷκει
1614 4168 1627 4182 ·
1660 4153 1707 4224 ἠ
1751 4152 1851 4222 μὲν

255 4246 375 4314 γὰρ
431 4242 679 4314 Βηθλεὲμ
733 4243 920 4295 ιτεκεν
956 4282 972 4309 ,
1028 4244 1064 4316 ἡ
1129 4241 1187 4296 δὲ
1240 4242 1500 4314 Ναζαρὲτ
1572 4241 1802 4314 ἔθρεψεν
1835 4283 1851 4309 ,

253 4337 289 4407 ἡ
335 4334 394 4386 δὲ
453 4335 830 4405 Καπερναοὺμ
863 4328 976 4403 εἶχε
1024 4332 1292 4404 διηνεκῶς
1342 4334 1622 4388 οἰκοῦντα.
1697 4332 1757 4388 Ὀ
1795 4333 1852 4386 δὲ

256 4424 578 4497 παράλυτος
631 4419 788 4488 οὗτος
863 4424 1048 4496 ἕτερός
1125 4425 1245 4477 ἐστι
1296 4426 1448 4495 παρὰ
1505 4427 1596 4480 τὸν
1655 4425 1712 4478 ὲν
1774 4425 1854 4496 τῷ

269 4521 520 4592 Ἰωάννῃ·
556 4518 897 4597 ἐκεῖνος”μὲν
957 4518 1279 4589 γὰργπαρἆ
1334 4520 1400 4588 τῇ
1443 4514 1753 4589 προϐατικῇ
1795 4520 1854 4572 ἒν

271 4612 658 4684 Ἰερουσαλὴμ,
700 4605 855 4675 οὗτος
899 4611 979 4675 δὲ,
1029 4616 1080 4664 ὲν
1108 4609 1505 4682 Καπερναούμ.
1531 4611 1639 4664 Καὶ
1683 4613 1712 4665 ό
1752 4611 1853 4683 μὲν

255 4707 362 4762 οὐκ
383 4701 529 4774 εἶχεν
562 4703 875 4774 ἄνθρωπον,
908 4697 1064 4768 οὗτος
1109 4701 1165 4756 δὲ
1212 4704 1316 4756 ὑπὸ
1343 4704 1626 4773 τεσσάρων
1649 4702 1853 4774 βαστά-

2026 3551 2306 3621 γεῙρσιίωω
2338 3569 2456 3606 cum
2507 3552 2828 3620 publicanis.
2857 3553 2929 3605 De
2989 3554 3127 3621 lilia,
3160 3553 3412 3621 principis
3459 3571 3551 3621 sy-

2026 3571 2306 3621 rqrcuom
2338 3571 2456 3606 cum
2507 3571 2828 3620 puaucams.
2857 3571 2929 3605 ue
2989 3571 3104 3620 [tua
3160 3571 3412 3621 prim-mis
3459 3571 3484 3609 ι
3526 3582 3551 3596 ο

2026 3637 2266 3692 nagogw.
2321 3625 2393 3676 De
2439 3623 2859 3677 ha'morrliausa.
2904 3622 2980 3677 De
3002 3618 3206 3678 duobus
3241 3626 3415 3680 caecis.
3476 3571 3553 3677 iis

2023 3697 2186 3747 mrdo
2204 3693 2556 3748 dwmoniaco.

2039 3875 2192 3931 iens.
2212 3877 2261 3941 l,
2286 3877 2338 3931 2.
2369 3899 2388 3930 ι
2411 3875 2478 3932 Et
2501 3878 2780 3948 ingressus
2806 3892 3024 3943 navem,
3070 3873 3287 3950 trajecit
3307 3894 3372 3935 ac
3401 3880 3553 3935 venit

1954 3969 2191 4024 insuam
2223 3969 2524 4024 civitatem.
2569 3969 2634 4024 Et
2665 3985 2797 4026 ecce
2856 3972 3204 4025 adduxerunt
3255 3971 3332 4026 illi
3388 3987 3556 4042 para-

1953 4063 2174 4132 lyticum
2229 4062 2287 4117 in
2332 4063 2473 4118 lecto
2507 4065 2947 4119 dccumbeutetn.
2991 4084 3010 4117 ι
3071 4062 3239 4118 Suam
3271 4066 3551 4119 civitatem

1954 4153 2292 4224 Capernauin
2347 4154 2517 4221 dicit;
2547 4155 2655 4210 illic
2680 4155 2823 4209 enim
2879 4156 3166 4212 habitabat
3194 4175 3207 4209 :
3236 4153 3551 4209 Bethlchem

1954 4249 2101 4301 enim
2119 4245 2349 4317 peperit,
2370 4245 2645 4302 Nazareth
2662 4247 3294 4318 educavit,Capernaum
3324 4247 3558 4315 prmbuit

1954 4338 2310 4394 domicilium.
2347 4341 2692 4409 Paralyticus
2724 4348 2904 4395 autem
2937 4342 3040 4396 iste
3078 4340 3223 4395 alius
3256 4349 3344 4395 est
3388 4354 3553 4409 quam

1958 4431 2005 4485 is
2034 4429 2124 4499 qui
2155 4432 2297 4500 apud
2331 4427 2622 4511 Joannem.
2653 4430 2750 4484 ille
2781 4432 2928 4486 enim
2948 4441 3070 4486 erat
3115 4435 3182 4485 ad
3209 4431 3550 4502 probaticam

1957 4521 2013 4576 in
2065 4519 2393 4586 Jerusalem,
2431 4522 2519 4576 hic
2580 4530 2763 4598 autem
2831 4523 2886 4576 in
2937 4521 3310 4591 Capernauni.
3350 4519 3417 4575 Et
3464 4519 3557 4576 ille

1957 4607 2176 4682 quidem
2205 4627 2312 4666 non
2345 4613 2535 4667 habuit
2585 4613 2884 4680 hominem,
2918 4616 3007 4669 hic
3032 4624 3216 4668 autem
3259 4629 3288 4668 a
3321 4624 3559 4683 quatuor

1960 4713 2226 4773 portatur,
2253 4704 2394 4758 sicut
2428 4703 2640 4758 Marcus
2666 4704 2822 4770 dicit,
2857 4713 2913 4759 et
2948 4719 3046 4774 per
3078 4714 3278 4758 tectum
3311 4706 3554 4758 demitti-

254 4798 440 4864 ζεται,
472 4797 545 4858 ὼς
581 4797 853 4865 όΜάρκος
879 4797 1068 4865 φησὶν,
1101 4794 1243 4848 ὥστε
1287 4796 1382 4848 καὶ
1417 4794 1504 4848 διὰ
1530 4793 1631 4865 τῆς
1653 4795 1849 4864 στέγης

1964 4805 2051 4848 tur
2095 4813 2108 4849 :
2144 4795 2286 4864 quod
2342 4810 2370 4847 a
2401 4792 2658 4849 Matthazo
2719 4797 3176 4864 praetermissum.
3219 4813 3239 4846 ι
3309 4793 3556 4864 Cumque

256 4887 624 4960 χαλασθῆναι,
679 4888 817 4956 ὅπερ
855 4889 883 4940 ό
939 4885 1221 4948 Ματθαῖος
1267 4887 1621 4957 παρέλειψεν.
1679 4905 1699 4938 ι
1745 4888 1855 4941 Καὶ

261 4980 393 5034 ιδὼν
420 4982 449 5034 ό
491 4977 698 5049 Ἰησοῦς
725 4979 825 5049 τὴν
878 4979 1062 5031 πίστιν
1117 4977 1324 5036 αὐτῶν.
1365 4997 1383 5029 ι
1418 4978 1490 5030 Ἦ
1528 4977 1636 5032 τῶν
1680 4995 1856 5051 προσ-

258 5072 631 5141 ενεγκάντων,
657 5073 753 5124 καὶ
793 5069 905 5142 γὰρ
926 5070 1186 5132 πολλάκις
1208 5071 1295 5124 διὰ
1319 5073 1419 5142 τὴν
1462 5071 1574 5124 τῶν
1621 5089 1858 5143 προσφε-

265 5163 476 5235 ρόντων
525 5162 710 5216 πίστιν
761 5145 1195 5232 θαυμτουργεῖ,
1225 5160 1257 5231 ἢ
1291 5160 1388 5213 καὶ
1415 5159 1581 5224 αὑτοῦ
1607 5160 1843 5216 ἐκείνου.

266 5276 287 5310 ι
312 5252 451 5310 Εἷπε
472 5255 549 5325 τῷ
577 5253 957 5326 παραλυτικῷ·
981 5253 1213 5326 Θάρσει,
1230 5252 1439 5319 τέκνον,
1464 5253 1741 5322 ἀφέωνταί
1774 5270 1856 5306 σοι

261 5351 325 5405 αι
346 5347 614 5419 ἁμαρτίαι
645 5363 763 5400 σου.
799 5346 1045 5418 ›,Τέκνον
1073 5344 1249 5410 καλεῖ,
1282 5343 1316 5416 ἢ
1344 5344 1419 5410 ὡς
1443 5344 1669 5414 πλάσμα
1696 5345 1852 5410 Θεοῦ,

264 5439 304 5510 ἢ
334 5437 412 5497 ὼς
445 5435 840 5490 πιστεύσαντα·
877 5435 1091 5498 δεικνὺς
1115 5435 1193 5500 δὲ,
1221 5435 1305 5488 ὅτι
1337 5435 1572 5505 μάλιστα
1615 5436 1649 5505 ἡ
1678 5435 1857 5506 παρὰ-

259 5534 424 5594 λυσις
455 5529 516 5594 ὲξ
539 5528 847 5602 ἁμαρτιῶν,
875 5527 993 5582 λύει
1021 5529 1238 5600 πρῶτον
1263 5528 1499 5591 ὲκείνας.

346 5643 369 5680 ι
398 5622 506 5680 Καὶ
531 5622 643 5677 ίδού
664 5639 808 5686 τινες
823 5621 931 5674 τῶν
950 5622 1330 5692 Γραμματέων
1360 5617 1515 5675 εἷπον
1532 5621 1590 5673 ὲν
1612 5620 1852 5683 ἑαυτοῖς-

263 5713 443 5781 οῦτος
475 5714 812 5787 βλασφημεῖ.
836 5713 947 5768 Καὶ
982 5713 1102 5766 ἰδὼν
1123 5716 1151 5766 ό
1176 5712 1381 5784 Ἰησοῦς
1400 5714 1500 5774 τὰς
1528 5713 1858 5784 ἐνθυμήσεις

262 5809 475 5877 αὐτῶν,
509 5803 664 5861 εἶπεν
699 5823 716 5839 ⁸
750 5807 868 5860 Ἵνα
898 5806 950 5859 τί
979 5807 1137 5876 ὑμεῖς
1178 5805 1498 5877 ἐνθυμεῖσθε
1548 5806 1764 5875 πονηρὰ
1799 5808 1857 5858 ὲν

263 5906 392 5968 ταῖς
425 5902 686 5973 καρδίαις
719 5899 906 5971 opm;
937 5900 1003 5952 Τί
1031 5900 1141 5970 γάρ
1193 5902 1342 5952 ἐστιν
1373 5900 1754 5968 εὐκοπώτερον
1777 5901 1857 5951 εἰ-

263 6001 417 6063 πεῖν,
457 5993 766 6064 Ἀφέωνταί
787 6010 879 6046 σου
901 5994 958 6048 αἱ
985 5992 1331 6065 ἁμαρτίαι,ἢ
1366 5994 1566 6057 εἰπεῖν,
1602 5992 1856 6065 Ἔγειραι

261 6091 364 6152 καὶ
394 6089 728 6162 περιπάτει;
776 6105 795 6139 ι
840 6088 935 6141 Ἐκ
968 6085 1063 6142 τοῦ
1098 6086 1212 6157 τὰς,
1243 6086 1569 6160 ἐνθυμήσεις
1626 6087 1852 6150 ειδέναι,

1963 4885 2188 4941 vidisset
2209 4884 2370 4942 Jesus
2396 4887 2557 4941 ﬁdem
2591 4885 2830 4942 illorum.
2875 4904 2896 4939 ι
2929 4888 3039 4941 Aut
3066 4902 3255 4942 eorum
3281 4887 3371 4956 qui
3421 4886 3556 4942 alie-

1961 4978 2174 5044 rebant,
2225 4978 2495 5048 siquidem
2556 4977 2876 5048 frequenter
2930 4989 3151 5048 propter
3209 4978 3556 5035 aﬂerentium

1960 5069 2119 5125 iidem
2152 5069 2412 5124 miracula
2444 5067 2577 5124 facit
2609 5087 2620 5124 :
2656 5079 2749 5124 aut
2774 5069 2920 5124 illius
2947 5071 3111 5125 etiam
3141 5070 3328 5140 ipsius.
3367 5089 3385 5122 ι
3414 5072 3559 5127 Dixit

1960 5161 2298 5231 paralytico:
2331 5161 2580 5226 Conﬁde,
2629 5161 2734 5228 liii;
2765 5162 3120 5217 remittuntur
3179 5162 3273 5215 tibi
3334 5172 3555 5232 peccata

1963 5265 2076 5312 tua.
2117 5233 2370 5309 i‘i‘ilium
2404 5265 2581 5320 vocat,
2623 5254 2706 5309 vel
2737 5264 3047 5310 creaturam
3080 5253 3200 5320 Dei,
3231 5255 3313 5309 vel
3348 5266 3553 5309 uteum

1963 5348 2057 5420 qui
2083 5348 2424 5412 crediderat;
2455 5346 2741 5402 declarans
2769 5357 2950 5401 autem
2979 5348 3121 5417 quod
3152 5347 3440 5418 paralysis
3485 5361 3556 5402 ex

1961 5440 2202 5509 peccatis
2228 5447 2398 5502 esset,
2430 5439 2665 5506 primum
2693 5447 2913 5507 peccata
2950 5436 3136 5491 solvit.

2029 5619 2333 5677 Vsas.3-5.
2365 5639 2382 5674 ι
2411 5621 2475 5675 Ει
2495 5637 2625 5678 ecce
2652 5620 2857 5678 Scriba:
2879 5622 3100 5693 quidam
3125 5622 3379 5678 dixerunt
3413 5623 3555 5677 intra

1959 5717 2289 5783 semetipsos
2321 5735 2333 5770 :
2360 5715 2457 5769 llic
2479 5717 2844 5786 hlasphemat.
2881 5715 2948 5772 Et
3000 5729 3058 5771 ut
3087 5718 3226 5773 vidit
3269 5716 3432 5771 Jesus
3460 5732 3554 5769 co-

1959 5809 2251 5877 gitationes
2287 5809 2521 5874 illorum,
2556 5810 2689 5862 dixit
2734 5828 2746 5862 :
2789 5810 2991 5881 thuid
3038 5828 3133 5866 vos
3210 5810 3346 5863 mala
3406 5810 3553 5879 εοείο

1963 5903 2088 5956 Iulis
2146 5903 2196 5954 in
2247 5904 2503 5957 cordibus
2540 5905 2956 5972 vestris?‘Quid
3015 5905 3160 5959 enim
3207 5914 3292 5958 est
3340 5901 3556 5958 facilius

1961 5997 2128 6061 dictu,
2151 5994 2525 6051 ltemittuntur
2556 5997 2648 6051 tibi
2679 6011 2898 6066 peccata
2919 6009 3030 6064 tua,
3052 6015 3119 6052 an
3153 5999 3353 6061 dicere,
3380 5995 3554 6064 Surge

1961 6099 2016 6144 ct
2051 6088 2270 6145 ambula
2302 6089 2326 6145 ?
2364 6110 2382 6143 ι
2427 6089 2524 6146 νει
2561 6105 2627 6146 cx
2658 6092 2761 6148 hoc
2797 6092 2942 6162 quod
2987 6093 3344 6163 cogitationes
3383 6091 3553 6144 resci-
