4034 6590
589 487 691 548 5227

1434 471 2020 537 TlIEOPlIYLACTI
2051 470 2156 531 ‘BU
2170 465 2478 529 1.0.6le
2525 463 2882 526 ARCHIEP.

3729 460 3830 523 223

591 597 693 659 vit,
725 593 964 651 nstt'ndit
1000 610 1056 646 ssi
1090 592 1275 646 Dctam.
1319 588 1510 659 Arguit
1561 591 1725 660 igitur
1779 604 1875 644 eos
1898 591 2070 644 ferme
2093 593 2172 640 sic

2287 583 2549 636 Ssixvuuw
2583 579 2945 633 ἑαυτδνθεὸν.
2994 575 3236 645 Ἐλέγχει
3279 575 3409 643 γοῦν
3452 576 3664 641 αὐτοὺς
3694 576 3858 645 λέγων

591 689 781 742 dicens
821 701 834 738 :
873 682 982 738 Vos
1032 682 1251 752 quidem
1307 679 1511 750 putatis
1566 697 1653 736 me
1683 681 2075 752 hlasphemum,
2107 692 2172 732 eo

593 780 738 848 quod
768 775 1024 846 pollicear
1056 789 1141 828 me
1165 774 1459 840 remittere
1485 782 1731 841 peccata,
1781 772 1832 825 id
1865 770 2006 840 quod
2056 783 2172 822 ma-

591 884 750 941 gnum
775 867 992 936 quidem
1031 873 1114 920 est
1153 881 1166 929 ;
1207 865 1421 918 videtur
1453 873 1634 916 autem
1687 863 1840 916 vobis
1891 863 2032 929 quod
2071 875 2172 929 ego

593 977 686 1028 per
735 959 839 1014 hoc
889 957 1141 1026 eﬂugium
1209 971 1445 1025 qumram
1511 966 1568 1009 ut
1626 971 1731 1009 non
1786 954 2170 1024 reprehendar.

595 1051 702 1118 Ego
738 1050 897 1119 igitur
921 1057 974 1103 et
1028 1062 1093 1101 ex
1134 1047 1381 1114 corporis
1419 1061 1549 1100 cura
1599 1045 1755 1098 (idem
1811 1044 1963 1099 vobis
2033 1042 2173 1097 facio

590 1141 732 1205 quod
761 1141 970 1192 animas
1007 1153 1233 1191 sancm:
1277 1134 1378 1190 Per
1439 1151 1552 1189 rem
1610 1136 1875 1190 minorem
1925 1132 2168 1205 quidem,

592 1231 684 1284 sed
712 1246 832 1299 qua:
860 1227 1126 1284 diﬁicilior
1152 1230 1418 1293 videatur,
1446 1226 1780 1282 conﬁrmans
1811 1235 1864 1282 el
1910 1236 2167 1296 peccato-

594 1331 770 1375 torum
795 1322 1192 1382 remissionem,
1219 1335 1335 1389 qua
1363 1334 1553 1388 magna
1584 1319 1804 1386 quidem
1833 1325 1938 1384 est,
1964 1318 2056 1372 sed
2092 1316 2171 1370 l'a-

595 1413 749 1466 cilior
782 1413 931 1467 vobis
952 1414 1182 1472 videtur,
1214 1426 1277 1464 eo
1309 1411 1450 1476 quod
1481 1409 1663 1462 minus
1688 1419 1967 1477 appareat.

670 1501 832 1556 Vens.
857 1501 974 1556 6.8.
1001 1518 1020 1552 ι
1056 1501 1124 1557 Ut
1156 1511 1332 1554 autent
1356 1499 1690 1568 sciatisquod
1725 1507 2044 1568 potestatem
2074 1497 2171 1552 ha-

596 1596 713 1648 beat
742 1593 911 1648 Filius
933 1593 1168 1646 hominis
1188 1606 1348 1660 super
1381 1601 1579 1646 terram
1616 1591 1895 1645 remittere
1924 1598 2167 1659 peccata,

596 1698 720 1739 tunc
741 1685 870 1737 dicit
907 1684 1227 1753 paralytico,
1257 1683 1430 1752 Surge
1463 1699 1477 1737 :
1506 1693 1560 1736 et
1601 1683 1726 1736 tolle
1759 1681 1953 1736 lectum
1990 1690 2168 1746 tuum,

593 1783 648 1828 ct
673 1775 804 1828 vade
856 1773 1152 1828 indomnm
1207 1782 1376 1826 tuam.
1425 1771 1784 1841 Surrexitque
1829 1772 1916 1827 ille
1963 1783 2015 1826 et
2039 1773 2172 1826 abiit

595 1869 648 1922 iu
679 1867 898 1923 domum
920 1882 1096 1922 suam.
1133 1867 1198 1920 Et
1221 1881 1342 1920 cum
1365 1866 1628 1920 vidissent
1662 1866 1864 1931 turbr,
1888 1866 2170 1918 admirata:

2276 671 2500 726 τοιαῦτα
2533 687 2550 703 ο
2591 669 2785 740 Ὑμεῖς
2821 668 2919 739 μιν
2961 665 3212 736 νομίζετᾶ
3266 684 3335 737 με
3393 665 3749 738 βλάσφημον,
3785 666 3858 728 ῶς

2271 767 2649 836 ὑποσχόμενον
2677 764 2896 832 ἁῳιέναι
2919 760 3222 830 ἁμαρτίας,
3255 761 3395 830 ὅπερ
3421 761 3572 830 μέγα
3602 761 3706 831 μέν
3726 761 3859 813 ἔστι·

2273 861 2482 914 δοκεῖτε
2520 858 2577 910 δι
2603 873 2671 928 με
2693 858 2771 918 εις
2807 855 2964 922 τοῦτο
2994 851 3364 920 καταφεύγειν
3394 852 3471 915 ὡς
3498 853 3568 907 ἂν
3598 852 3676 921 μὴ
3711 851 3862 918 ιλεγ-

2272 950 2409 1020 χθῶ.
2487 944 2628 1015 Ἐγὼ
2674 945 2731 999 δι
2786 946 2853 996 ἐκ
2904 943 3006 1011 τῆς
3081 940 3175 994 τοῦ
3255 941 3507 1012 σώματος
3569 937 3866 1012 θεραπείας

2274 1042 2617 1111 πιστὼσομαι
2648 1039 2743 1091 καὶ
2785 1036 2885 1106 τὴν
2916 1035 3015 1104 τῆς
3055 1033 3260 1107 ψυχῆς,
3294 1035 3384 1088 διὰ
3427 1033 3526 1088 τοῦ
3576 1034 3864 1097 tum»;

2276 1133 2399 1203 μὲν,
2427 1130 2834 1201 δυσκολωτέρου
2863 1127 2922 1182 δι
2959 1125 3269 1190 δοκοῦντος,
3311 1127 3549 1194 βεϐαιῶν
3603 1126 3702 1180 καί
3766 1126 3862 1196 τὴν

2271 1225 2382 1279 τῶν
2407 1224 2699 1295 ἁμαρτιῶν
2753 1222 2971 1290 ἄφεσιν,
3000 1219 3122 1288 ἧτις
3142 1217 3352 1290 μεγάλη
3377 1217 3498 1289 μὲν,
3520 1217 3866 1289 εὖχολοιτὶρα

2271 1316 2327 1369 δὲ
2367 1316 2497 1385 ὑμῖν
2527 1315 2679 1368 δοκεῖ
2695 1314 2785 1368 διά
2813 1313 2874 1366 τδ
2896 1308 3108 1380 ἀφανὴς
3131 1303 3293 1363 εἶναι.

2349 1522 2368 1556 ι
2395 1503 2512 1555 Ἵνα
2529 1500 2586 1554 δὲ
2609 1499 2808 1568 εἰδῆτε,
2833 1498 2917 1550 δτι
2941 1493 3191 1560 ἐξουσίαν
3217 1494 3329 1564 ἔχει
3347 1493 3376 1544 6
3398 1492 3524 1550 Υίδς
3544 1491 3642 1546 τοῦ
3670 1492 3867 1562 ἀνθρω-

2272 1612 2375 1648 mu
2393 1595 2485 1647 ἐπὶ
2502 1591 2720 1662 τῆςξγῆς
2739 1589 2956 1659 ἀφιέναι
2970 1589 3003 1642 ά
3011 1587 3266 1658 μαρτίας,
3285 1585 3406 1638 τότε
3423 1584 3573 1652 λέγει
3595 1584 3677 1654 τῷ
3692 1600 3868 1654 παραυ

2270 1683 2491 1753 λυτικῷο
2533 1679 2811 1750 Ἐγερθεὶς
2832 1717 2848 1743 ,
2881 1675 3016 1750 ἆρόν
3055 1694 3148 1730 σου
3170 1679 3269 1746 τὴν
3308 1675 3520 1743 κλίνην,
3547 1674 3645 1727 καὶ
3695 1674 3868 1742 ὕπαγε

2273 1781 2354 1838 εἰς
2392 1776 2484 1829 τὸν
2533 1769 2685 1828 οἶκόν
2734 1788 2850 1825 σου.
2886 1771 2998 1824 Καὶ
3031 1769 3304 1838 ἐγερθεὶς,
3334 1765 3583 1836 ἀπῆλθεν
3631 1768 3717 1829 είς
3782 1767 3867 1819 τὸν

2275 1865 2426 1920 οἷκον
2471 1865 2662 1920 αὑτοῦ.
2705 1863 2927 1924 Ἰδόντες
2945 1859 3002 1912 δὲ
3017 1859 3068 1912 οι
3092 1856 3239 1928 δχλοι
3272 1856 3614 1927 ἰθαύμασαν,
3635 1857 3735 1909 καὶ
3757 1856 3852 1907 ἐδά-

595 1958 1253 2028 ευυιεικιοτὶῐίοστετιιηι
1277 1957 1464 2020 Deum,
1498 1957 1589 2025 qni
1647 1957 1794 2010 dedit
1858 1957 2168 2010 hominibus

2287 1960 2446 2025 Ξασαν
2479 1956 2572 2009 τὸν
2603 1954 2737 2008 Θεὸν
2781 1953 2875 2006 τὸν
2921 1951 3081 2004 δόντα
3136 1947 3388 2014 ἐξουσίαν
3439 1947 3711 2017 τοιαύτην
3758 1950 3866 2007 τοῖς

599 2056 924 2116 potestatem
963 2048 1145 2102 talem.
1186 2067 1202 2099 ι
1236 2047 1476 2116 lnjunxit
1505 2049 1553 2100 ei
1591 2058 1649 2100 ut
1683 2047 1880 2100 lectum
1913 2058 2172 2117 gestaret,

599 2148 658 2194 ut
716 2152 785 2192 ne
831 2137 1113 2208 phantasia
1151 2137 1419 2202 videatur,
1449 2146 1502 2191 et
1553 2148 1610 2190 ut
1640 2138 1807 2192 turhze
1848 2138 2030 2201 simul,
2057 2154 2178 2208 quae

599 2231 891 2284 maximum
929 2231 1146 2298 quidem
1200 2231 1467 2294 omnium,
1497 2244 1688 2298 purum
1709 2239 1886 2284 tamen
1904 2229 2175 2284 hominem

598 2320 876 2388 putabant,
901 2319 1230 2372 miraculum
1261 2319 1595 2372 intueantur.

673 2411 836 2466 Vatis.
870 2411 954 2466 9.:
985 2409 1049 2464 Et
1081 2413 1396 2479 preteriens
1416 2407 1576 2462 Jesus
1600 2407 1707 2480 43
1739 2409 1906 2476 illinc,
1929 2409 2058 2464 vidit
2084 2410 2179 2463 ho-

601 2504 796 2557 minem
813 2507 1086 2556 sedentem
1117 2502 1169 2554 in
1191 2502 1410 2565 telonio,
1431 2502 1520 2568 qui
1545 2501 1826 2557 Slatthmus
1843 2503 2123 2557 dicebatur
2155 2521 2169 2556 :

600 2603 654 2647 et
703 2593 831 2646 dicit
892 2594 990 2656 illi,
1019 2592 1258 2661 Sequere
1310 2607 1414 2646 me.
1443 2589 1510 2645 Et
1549 2607 1782 2659 surgens
1830 2605 2049 2648 secutus
2098 2606 2180 2648 est

598 2699 744 2738 eum.
779 2702 796 2733 ι
821 2682 1077 2737 Noncum
1119 2683 1277 2736 Petro
1307 2692 1360 2736 et
1392 2679 1603 2736 Joanne
1629 2684 1772 2737 hunc
1812 2687 2050 2748 vocavit,
2085 2686 2180 2739 sed

598 2777 815 2842 quando
851 2774 984 2828 vidit
1013 2774 1540 2843 obtemperaturum.
1589 2777 1680 2828 Sic
1711 2787 1764 2828 et
1808 2774 2031 2830 Paulum
2072 2792 2168 2831 vo-

599 2869 742 2921 cavit
768 2875 950 2935 postea
986 2880 1085 2920 suo
1118 2877 1380 2932 tempore.
1442 2866 1728 2919 Admirare
1781 2877 1957 2919 autem
2016 2882 2182 2922 evan-

601 2959 869 3026 gelistam,
900 2960 1178 3027 quomodo
1207 2960 1370 3010 vitam
1425 2973 1579 3011 suam
1609 2958 1876 3026 invulgat,
1933 2962 2180 3024 quamvis

603 3049 691 3102 alii
723 3048 1058 3116 nmnencjns
1083 3050 1451 3115 oceultarnnt,
1491 3065 1613 3102 emn
1662 3051 1990 3118 appellantes
2031 3050 2180 3107 Levi.

603 3140 697 3194 Dei
729 3149 908 3194 autem
941 3156 1074 3210 opus
1109 3139 1230 3206 fuit,
1261 3141 1375 3196 solo
1396 3142 1559 3196 verbo
1594 3157 1715 3194 eum
1748 3141 2013 3196 converti.

675 3321 835 3376 Vens.
875 3322 957 3388 ιο,
991 3319 1080 3376 il.
1123 3342 1142 3374 ι
1185 3323 1249 3376 Et
1289 3322 1486 3378 factum
1513 3336 1594 3380 est
1624 3327 1716 3382 illo
1751 3329 2173 3383 recumbentein

601 3415 782 3478 domn,
818 3429 944 3469 ecce
983 3414 1134 3468 multi
1172 3415 1438 3483 publicani
1467 3426 1520 3470 et
1544 3429 1859 3487 peccatores
1891 3429 2176 3486 venerunt,

603 3515 655 3558 ct
692 3505 1052 3559 rccubuerunt
1083 3521 1204 3560 cum
1233 3505 1357 3560 Jesu
1385 3517 1440 3562 et
1462 3507 1743 3578 discipulis
1781 3511 1918 3579 ejus.
1951 3511 2015 3565 Et
2049 3527 2172 3566 enm

606 3594 869 3648 vidissent
917 3597 1202 3658 Phariszci,
1253 3598 1508 3652 dixerunt
1545 3601 1825 3672 discipulis
1868 3604 2026 3673 ejus:
2069 3605 2180 3659 Cur

607 3703 726 3740 cum
757 3688 1057 3757 publicanis
1088 3700 1141 3742 et
1184 3694 1560 3757 peccatoribus
1595 3697 1760 3748 sumit
1803 3697 1981 3750 cibum
2043 3714 2176 3766 prato

606 3791 792 3848 ceptor
820 3782 1028 3834 vester?
1071 3799 1089 3832 ι
1126 3781 1380 3837 Gaudens
1415 3783 1696 3840 Mattheus
1731 3790 1874 3856 quod
1909 3791 1972 3842 ad
2009 3806 2068 3844 se
2095 3791 2181 3843 di-

605 3870 854 3923 vertisset
901 3867 1079 3935 .lesus,
1113 3869 1430 3937 publicanos
1467 3872 1603 3926 alios
1658 3875 1891 3930 vocavit.
1935 3874 2182 3929 Christus

603 3970 784 4013 autem
815 3961 973 4013 simul
1010 3961 1330 4016 vescebatur
1359 3978 1480 4016 cum
1526 3963 1624 4029 eis,
1667 3975 1724 4018 ut
1769 3967 1850 4019 eis
1883 3970 2161 4036 prodesset

607 4052 822 4106 tametsi
867 4064 1086 4122 propter
1123 4057 1224 4108 hoc
1267 4055 1406 4109 male
1440 4057 1674 4110 audiret.
1712 4057 1972 4112 Pharisaei
2003 4060 2179 4124 enim,

608 4141 849 4195 volentes
885 4144 1175 4210 discipulos
1208 4145 1273 4198 ab
1310 4160 1376 4199 eo
1421 4148 1650 4202 avellere
1673 4188 1688 4212 ,
1724 4150 2051 4204 accusabant
2084 4166 2181 4217 pu-

611 4234 936 4286 blicanorum
963 4236 1286 4291 convivium.

681 4321 843 4378 VEBS.
877 4326 1062 4390 12,5.
1103 4348 1120 4378 ι
1158 4327 1339 4394 Jesus,
1371 4332 1457 4385 ubi
1480 4334 1854 4398 audivit,dixit
1888 4336 2028 4390 illis:
2063 4337 2179 4394 Non

607 4430 743 4483 opus
791 4416 989 4469 habent
1041 4418 1076 4470 ii
1118 4418 1207 4487 qui
1249 4419 1446 4486 valent,
1500 4423 1730 4489 medico,
1774 4426 1868 4478 sed
1906 4427 2044 4480 male
2086 4430 2181 4481 ha-

612 4509 820 4559 bentes.
854 4505 926 4560 Ite
955 4520 1152 4576 autem,
1178 4521 1230 4563 et
1255 4512 1441 4568 discite
1483 4515 1611 4584 quid
1639 4517 1730 4571 sit.
1759 4515 2179 4574 Misericordiam

2277 2050 2605 2120 ἀνθρώποις.
2635 2065 2652 2100 ι
2688 2043 3029 2117 Προσίταξεν
3059 2041 3208 2111 αύτῷ
3229 2041 3327 2112 τὴν
3361 2040 3552 2110 κλίνην
3581 2039 3864 2110 βαστάσαι.

2279 2143 2367 2195 ἵνα
2410 2143 2484 2212 μὴ
2523 2140 2798 2209 φαντασία
2820 2136 2973 2208 δόξῃ,
3007 2136 3102 2188 καὶ
3151 2135 3266 2205 ἃμα
3297 2135 3384 2188 ῖνα
3409 2133 3597 2187 ίδωσιν
3645 2132 3697 2186 οἱ
3729 2131 3866 2202 δχλοι

2277 2236 2338 2287 τὸ
2396 2236 2638 2302 σημεῖον,
2685 2231 2736 2282 οἳ
2794 2229 2871 2293 ῶς
2921 2228 3078 2298 ψιλὸν
3129 2227 3230 2298 μὲν
3262 2227 3554 2297 ἄνθρωπον
3611 2225 3850 2296 ἐνόμιζε..

2277 2327 2463 2387 αὑτὸν,
2491 2326 2778 2396 κρείττονα
2837 2324 3028 2394 μέντοι
3059 2324 3296 2378 πάντων.

2358 2435 2377 2469 ι
2411 2419 2522 2471 Kal
2561 2419 2830 2485 παράγων
2852 2418 2881 2469 6
2919 2413 3127 2486 Ἰησοῦς
3155 2413 3388 2480 ἐκεῖθεν,
3416 2409 3559 2466 εἶδεν
3584 2411 3867 2483 ἄνθρωπον

2281 2505 2598 2574 καθήμενον
2645 2506 2742 2556 ἐπὶ
2799 2504 2860 2555 τδ
2917 2502 3196 2564 τελώνιον,
3229 2504 3510 2558 Ματοαῖον
3549 2503 3863 2572 λεγόμενον,

2283 2597 2377 2650 καὶ
2397 2598 2554 2664 λέγει
2583 2595 2753 2664 αὐτῷ’
2787 2594 3104 2648 Ἀκολούθει
3132 2611 3244 2665 μοι.
3262 2595 3371 2648 Καὶ
3391 2595 3632 2658 ἀναστὰς
3659 2593 3867 2665 ἠκολού-

2284 2688 2450 2760 θησεν
2477 2688 2646 2758 αὐτῷ.
2685 2707 2704 2740 ι
2734 2687 2810 2740 Οὐ
2846 2687 2987 2756 μετά
3012 2686 3221 2756 Πέτρου
3239 2686 3334 2738 καὶ
3384 2685 3639 2739 Ἰωάννου
3685 2686 3865 2739 τοῦτον

2283 2780 2569 2844 ἐκάλεσεν,
2599 2779 2714 2832 ἀλλ’
2755 2779 2843 2831 ὅτε
2895 2777 3013 2848 ᾔδει
3058 2777 3517 2848 πεισθησόμενον.
3573 2777 3734 2832 Οὕτω
3761 2777 3863 2846 γάρ

2283 2874 2377 2926 καὶ
2405 2872 2618 2926 Παῦλον
2654 2871 2914 2925 ἐκάλεσεν
2947 2869 3179 2940 ὕστερον
3235 2870 3324 2924 ὅτε
3359 2870 3552 2942 καιρὸς
3610 2865 3704 2942 ἦν.
3732 2870 3866 2924 Θαύ-

2288 2981 2460 3034 μασον
2505 2963 2558 3016 δὲ
2621 2964 2714 3016 τὸν
2772 2962 3192 3033 εὐαγγελιστὴν,
3247 2963 3366 3026 πῶς
3417 2962 3866 3033 ἑκπομπεύειτῇν

2285 3056 2478 3109 ἑαυτοῦ
2507 3057 2642 3125 βίον,
2669 3055 2846 3110 καίτοι
2875 3057 2924 3107 oi
2955 3055 3105 3109 ἄλλοι
3129 3055 3372 3125 ἔκρυψαν
3402 3056 3463 3109 τὸ
3482 3056 3657 3125 ὄνομα
3685 3053 3868 3119 αὑτοῦ,

2286 3147 2419 3201 Λευῖ
2449 3147 2996 3218 προσαγορεύσαντες
3032 3148 3195 3202 αὐτόν
3233 3163 3246 3178 ·
3279 3147 3417 3201 Θεοῦ
3469 3147 3527 3201 δὲ
3567 3149 3750 3218 ἔργον,
3797 3145 3868 3215 τῷ

2285 3237 2431 3307 λόγῳ
2463 3239 2609 3308 μόνῳ
2652 3241 3031 3310 μεταστρέψαι
3055 3239 3241 3292 αὐτόν.

2363 3348 2381 3380 ι
2411 3331 2520 3382 Καὶ
2557 3331 2774 3398 ἐγένετο
2805 3322 2971 3383 αύτοῦ
3006 3331 3371 3399 ἀνακειμένου
3401 3331 3458 3382 ὲν
3486 3332 3553 3400 τῇ
3581 3330 3752 3402 οἰκίᾳ,
3783 3331 3870 3382 καὶ

2289 3420 2398 3473 ίδοὺ
2426 3421 2606 3473 πολλοὶ
2621 3421 2849 3474 τελῶναι
2875 3422 2968 3474 καὶ
3001 3421 3340 3492 ἁμαρτωλοὶ,
3374 3422 3625 3482 ἐλθόντες
3677 3438 3869 3475 συνεν·

2286 3514 2494 3567 έκειντο
2513 3514 2588 3584 τῷ
2616 3515 2792 3584 Ἰησοῦ
2821 3519 2914 3567 καὶ
2940 3517 3054 3578 τοῖς
3116 3515 3384 3585 μαθηταῖς
3405 3517 3595 3569 αὐτοῦ·
3619 3519 3715 3570 καὶ
3745 3517 3872 3570 166-:-

2285 3622 2375 3668 τες
2408 3607 2457 3656 οί
2488 3606 2792 3674 Φαρισαῖοι,
2835 3601 2988 3658 εἷπον
3025 3609 3138 3668 τοῖς
3182 3607 3456 3678 μαθηταῖς
3493 3607 3689 3660 αὐτοῦ’
3725 3605 3873 3660 Διατί

2291 3696 2430 3766 μετὰ
2453 3697 2561 3749 τῶν
2588 3697 2835 3749 τελωνῶν
2863 3701 2959 3751 καὶ
2995 3699 3335 3768 ἁμαρτωλῶν
3369 3697 3543 3751 ἐσθίει
3571 3701 3600 3751 6
3623 3700 3876 3752 διδάσκα-

2289 3786 2378 3849 λος
2413 3788 2596 3856 ὐμῶν;
2643 3807 2658 3836 ι
2691 3787 3130 3857 Εὗφραινόμενος
3157 3791 3182 3841 6
3213 3788 3489 3852 Ματθαῖος
3518 3792 3586 3859 τῇ
3622 3789 3718 3841 τοῦ
3746 3791 3875 3860 Χρι-

2291 3877 2417 3929 στοῦ
2444 3877 2700 3948 ὑποδοχῇ,
2740 3881 2864 3942 τοὺς
2895 3877 3134 3941 τελώνας
3162 3881 3412 3942 ἐκάλεσε,
3454 3885 3802 3935 συνεστιᾶται
3824 3881 3879 3934 δί

2290 3969 2472 4031 αὐτοῖς
2507 3970 2535 4022 6
2574 3971 2832 4040 Χριστὸς,
2881 3970 3022 4023 ὥστε
3057 3971 3341 4040 ὠφελῆσαι
3374 3972 3598 4038 αὐτοὺς,
3651 3973 3758 4026 κᾶν
3794 3972 3877 4025 διὰ

2288 4060 2446 4114 τοῦτο
2475 4061 2709 4130 ὲψέγετο
2726 4078 2738 4091 ·
2763 4064 2813 4116 οἱ
2840 4064 2947 4135 γὰρ
2972 4064 3286 4133 Φαρισαῖοι,
3312 4062 3559 4127 θέλοντες
3577 4065 3880 4133 ἀποστῆσαι

2288 4152 2453 4206 αὑτοῦ
2493 4155 2618 4216 τοὺς
2645 4147 2914 4224 μαθητὰς,
2955 4155 3235 4208 διέϐαλλον
3275 4156 3376 4223 τὴν
3413 4155 3557 4225 μετὰ
3583 4157 3692 4210 τῶν
3715 4157 3877 4209 τελω-

2288 4247 2396 4298 νῶν
2433 4247 2800 4300 συνεστίασιν.

2364 4357 2382 4389 ι
2437 4340 2496 4392 '0
2532 4341 2586 4393 δὲ
2636 4341 2841 4410 Ἰησοῦς
2873 4342 3135 4405 ἀκούσας,
3173 4337 3326 4396 εἶπεν
3355 4344 3564 4408 αὐτοῖς·
3595 4345 3672 4398 Οὐ
3698 4345 3881 4416 χρείαν

2289 4431 2502 4500 ἔχουσιν
2533 4435 2581 4485 oi
2621 4433 2900 4502 ἰσχύοντες
2935 4436 3141 4504 ίατροῦ,
3177 4437 3294 4488 ἀλλ’
3337 4437 3387 4489 οἱ
3420 4438 3611 4502 κακῶς
3643 4439 3878 4509 ἔχοντες.

2292 4523 2654 4594 Πορευθέντες
2683 4525 2739 4577 δὲ
2771 4526 2972 4593 μάθετε
3010 4527 3062 4577 τί
3106 4527 3223 4579 ἐστι
3257 4528 3340 4579 τό·
3381 4527 3574 4580 Ἔλεον
3607 4530 3766 4595 θέλω,
3795 4531 3885 4582 καὶ

616 4596 758 4658 volo,
803 4605 854 4647 ct
896 4613 999 4648 non
1049 4599 1396 4654 sacriﬁcium.
1447 4602 1564 4657 Non
1613 4608 1756 4660 enim
1820 4610 1936 4662 veni
1987 4627 2178 4667 vocare

2287 4619 2345 4669 ού
2367 4617 2574 4670 θυσίαν.
2596 4617 2672 4671 Οὐ
2694 4618 2799 4688 γὰρ
2817 4615 2979 4688 ἦλθον
3005 4619 3133 4672 καλέ
3145 4636 3232 4674 σαι
3256 4619 3519 4685 δικαίους,
3543 4624 3683 4676 άλλά
3704 4625 3882 4693 ἁμαρ-

610 4687 802 4754 justus,
833 4689 925 4740 sed
957 4696 1270 4756 peccatores
1308 4696 1374 4744 ad
1397 4695 1793 4760 pcenitentiam.
1837 4716 1856 4750 ι
1894 4697 2010 4752 Νοιι
2044 4705 2186 4766 veni,

619 4775 812 4843 inquit,
832 4779 1441 4848 nunctanqnatnjudex,
1478 4786 1569 4836 sed
1601 4793 1658 4837 ut
1681 4785 1920 4840 medicus
1946 4803 1958 4838 :
1981 4791 2120 4842 unde
2138 4801 2191 4843 et

618 4866 865 4918 lictorem
895 4865 1032 4922 fero.
1066 4869 1254 4938 Arguit
1287 4881 1464 4927 autem
1509 4873 1628 4928 illos
1674 4885 1730 4928 ut
1775 4876 2076 4946 imperitos,
2111 4881 2191 4932 di-

616 4971 767 5026 cens,
801 4957 899 5023 Ite,
929 4971 980 5013 ct
1009 4962 1223 5030 discite,
1257 4963 1359 5019 hoc
1386 4975 1490 5030 est,
1522 4967 1644 5034 quia
1679 4967 1943 5023 haetenus
1971 4986 2075 5023 non
2108 4971 2194 5024 di-

615 5053 845 5120 dicistis,
881 5054 959 5107 vel
1005 5055 1193 5110 saltem
1243 5073 1392 5112 nunc
1419 5059 1491 5114 ite
1522 5068 1576 5113 et
1621 5061 1830 5127 discite,
1870 5066 2014 5132 quod
2050 5062 2194 5119 Deus

617 5146 786 5214 pluris
821 5145 947 5200 facit
981 5148 1404 5202 misericordiam
1440 5151 1492 5202 itt
1533 5164 1865 5218 pCCcatores,
1907 5171 2066 5223 quam
2103 5174 2192 5210 su-

619 5239 900 5292 criftcimn.
944 5238 1094 5304 Quod
1141 5252 1320 5293 autem
1367 5241 1517 5306 dicit,
1567 5241 1683 5296 Non
1719 5248 1835 5300 veni
1885 5263 2076 5302 voeare
2108 5251 2196 5319 ju-

621 5338 755 5393 stus,
814 5345 908 5398 per
944 5331 1168 5383 ironiam
1206 5333 1358 5394 dicit,
1402 5334 1500 5386 hoc
1531 5344 1636 5397 est,
1672 5349 1784 5401 vos,
1815 5341 1903 5403 qui
1930 5338 2197 5406 justiﬁca-

623 5421 690 5474 tis
721 5419 1074 5490 vosmetipsos
1107 5439 1119 5475 :
1151 5425 1274 5491 quia
1316 5424 1497 5477 nullus
1541 5424 1816 5478 hominum
1855 5440 1972 5482 erat
1995 5431 2196 5499 justus.

627 5511 779 5564 Venit
827 5513 990 5582 igitur
1034 5530 1229 5571 vocare
1284 5526 1623 5584 peccatores,
1676 5533 1780 5573 non
1833 5531 1890 5574 ut
1947 5536 2197 5580 maneant

621 5617 950 5676 peccatores,
982 5606 1075 5661 sed
1105 5616 1163 5662 ut
1197 5607 1539 5678 resipiscant.

622 5890 733 5926 πω.
750 5912 763 5926 .

2282 4709 2483 4771 ’πωλους
2513 4711 2591 4770 εἰς
2626 4712 2935 4778 μετάνοιαν.
2976 4732 2993 4762 ι
3043 4713 3161 4767 Ούκ
3202 4709 3387 4781 ἦλθον,
3453 4716 3614 4784 φησὶ,
3671 4716 3768 4768 νῦν
3813 4715 3884 4776 ὡς

2289 4799 2508 4870 κριτὴς,
2537 4801 2652 4852 ἀλλ’
2683 4802 2757 4862 ὡς
2790 4803 2999 4873 ἰατρὸς,
3025 4797 3148 4856 ὅθεν
3171 4805 3264 4857 καὶ
3288 4805 3557 4869 δυσωδίας
3589 4808 3878 4878 ἀνέχομαι.

2293 4891 2536 4960 Ἐλέγχει
2566 4893 2622 4944 δὲ
2653 4895 2848 4955 αὐτοὺς
2876 4897 2968 4947 καὶ
2991 4895 3066 4958 ὡς
3092 4896 3345 4966 ἀμαθεῖς,
3369 4896 3570 4966 λέγων’
3594 4899 3882 4970 Πορευθέν

2289 5000 2384 5046 τες
2421 4985 2643 5053 μάθετε,
2679 4988 2982 5051 τουτέστιν,
3016 4989 3137 5040 ἐπεὶ
3169 4989 3334 5059 μέχρι
3365 4988 3462 5042 τοῦ
3489 4991 3586 5043 νῦν
3613 4993 3716 5045 οὐκ
3756 4994 3886 5062 ἐμάι

2297 5076 2439 5139 θετε,
2475 5078 2576 5131 κᾶν
2617 5079 2723 5130 ἀπὸ
2748 5079 2841 5132 τοῦ
2873 5079 2966 5133 νῦν
2996 5082 3261 5135 ἀπέλθετε
3306 5086 3400 5136 καὶ
3434 5083 3663 5152 μάθετε,
3692 5087 3773 5138 ὅτι
3803 5085 3887 5136 τὸν

2300 5171 2379 5229 εἰς
2421 5171 2545 5231 τοὺς
2589 5171 2953 5241 ἁμαρτωλοὺς
2994 5173 3144 5226 ἔλεον
3181 5177 3428 5246 προτιμᾷ
3471 5177 3581 5230 τῶν
3625 5179 3822 5233 θυσιῶν
3863 5177 3887 5228 6

2296 5259 2448 5322 Θεύς.
2478 5260 2552 5312 Τὸ
2579 5261 2655 5325 δὲ,
2685 5263 2798 5314 Ούκ
2831 5259 2996 5332 ἦλθον
3040 5265 3264 5320 καλέσαι
3307 5266 3574 5333 δικαίους,
3608 5270 3889 5341 εἰρωνευὸ-

2298 5368 2456 5422 μενος
2498 5351 2670 5419 λέγει,
2703 5354 2986 5406 τουτέστιν
3028 5357 3172 5423 ὑμᾶς
3216 5357 3343 5420 τοὺς
3384 5359 3737 5424 δικαιοῦντας
3765 5362 3886 5414 ἑαυ-

2298 5444 2445 5506 τοὺς,
2479 5446 2603 5496 ἐπεὶ
2625 5446 2804 5508 οὐδεὶς
2833 5445 2942 5499 τῶν
2963 5445 3264 5518 ἀνθρώπων
3286 5450 3406 5503 ἐστὶ
3434 5451 3666 5515 δίκαιος.
3695 5446 3888 5506 Ἦλθον

2299 5533 2392 5586 οὖν
2427 5537 2653 5590 καλέσαι
2681 5538 3062 5606 ἁμαρτωλοὺς,
3091 5543 3190 5614 οὐχ
3217 5542 3302 5596 ῖνα
3334 5545 3598 5614 μείνωσιν
3630 5547 3885 5618 άμαρτωυ

2303 5624 2405 5691 λοὶ,
2440 5628 2557 5680 ἀλλ’
2605 5630 2692 5681 ἵνα
2740 5634 3140 5703 μετανοήσωσι.

695 5803 930 5904 (1η)ΕιΙὶι.
974 5805 1094 5861 Lut.
1172 5807 1397 5865 Videant
1462 5813 1802 5884 miraculum,
1871 5818 2161 5874 maximum
2215 5827 2422 5893 quidem
2501 5829 2736 5884 omnium
2783 5836 3172 5904 eastimabant,
3223 5855 3417 5904 purum
3486 5851 3667 5898 tamen
3727 5845 3886 5899 [torni-
