4034 6596
562 488 664 550 ΞΞἹ

1408 472 1994 538 TIIEOPIIYLACTI
2025 471 2131 531 ’ΒΕ
2143 465 2452 529 LGARUE
2499 463 2857 526 ARCHIEP.

3703 458 3811 522 233

565 600 666 660 vit,
699 595 938 653 ostendit
974 611 1030 648 ει·
1064 593 1250 647 Deum.
1293 590 1484 660 Arguit
1535 591 1699 662 igitur
1753 605 1848 645 eos
1872 591 2044 644 l'ertne
2067 593 2147 640 sic

2267 583 2524 636 Ξείκνυσιν
2557 578 2919 633 έαυτδνθεὸν.
2968 573 3210 644 Ἐλέγχει
3253 573 3383 642 γοῦν
3425 574 3635 639 αὐτοὺς
3667 575 3840 643 λέγων

565 691 754 744 dicens
794 703 808 740 :
847 684 957 740 Vos
1007 683 1225 754 quidem
1281 681 1485 751 putatis
1540 697 1627 738 me
1657 682 2050 753 blaspliemum,
2081 693 2146 732 eo

567 782 712 851 quod
742 776 998 848 pollicear
1031 790 1115 828 me
1139 775 1433 842 .remittere
1459 783 1704 842 peccata,
1755 773 1806 826 id
1839 771 1980 840 quod
2031 783 2146 823 meo

564 886 724 942 gnum
749 868 967 938 quidem
1005 875 1088 921 est
1127 883 1141 930 ;
1181 866 1396 918 videtur
1427 875 1608 917 autem
1661 863 1814 917 vobis
1865 864 2006 930 quod
2046 875 2147 930 ego

567 979 660 1030 per
709 961 813 1016 hoc
864 958 1116 1028 eﬂ'ugium
1183 972 1419 1026 quaeram
1485 968 1542 1010 ut
1600 972 1706 1010 non
1761 955 2145 1025 reprehendar.

569 1054 677 1120 Ego
713 1053 872 1121 igitur
895 1059 949 1105 et
1002 1064 1068 1103 ex
1109 1047 1356 1115 corporis
1394 1063 1524 1101 cura
1574 1046 1729 1100 ﬁdem
1786 1045 1938 1099 vobis
2007 1043 2148 1096 facio

564 1144 706 1208 quod
735 1142 944 1194 animas
981 1154 1207 1192 sancm:
1253 1135 1352 1192 Per
1414 1151 1526 1190 rem
1584 1137 1849 1190 minorem
1900 1133 2144 1205 quidem,

565 1234 658 1287 sed
686 1248 806 1301 quae
835 1229 1100 1285 dilIicilior
1127 1231 1392 1295 videatur,
1421 1227 1755 1283 conﬁrmans
1785 1235 1840 1282 et
1885 1236 2142 1296 peccato-

568 1334 744 1377 torum
770 1323 1167 1384 remissionem,
1193 1337 1310 1390 que
1337 1335 1528 1389 magna
1559 1319 1778 1387 quidem
1808 1325 1912 1385 est,
1939 1318 2032 1372 sed
2066 1316 2146 1370 fa-

569 1415 724 1468 cilior
756 1415 906 1468 vobis
928 1415 1156 1474 videtur,
1188 1427 1252 1465 eo
1284 1413 1425 1477 quod
1456 1410 1638 1464 minus
1663 1419 1942 1478 appareat.

645 1503 806 1558 Vens.
832 1502 949 1557 6-8.
975 1520 994 1553 ι
1030 1502 1099 1558 Ut
1131 1512 1307 1555 autem
1331 1500 1665 1568 sciatisquod
1700 1508 2019 1568 potestatem
2049 1497 2146 1551 ba-

570 1599 688 1651 beat
716 1595 886 1649 Filius
907 1594 1144 1648 hominis
1163 1607 1324 1660 super
1356 1602 1554 1647 terram
1591 1592 1871 1645 remittere
1899 1599 2142 1659 peccata.

570 1701 695 1741 tunc
716 1687 845 1739 dicit
881 1685 1202 1754 paralytico,
1233 1684 1404 1753 Surge
1439 1700 1453 1738 :
1481 1693 1535 1737 et
1575 1683 1702 1736 tolle
1734 1682 1928 1736 lectum
1965 1691 2143 1746 tuum,

567 1785 622 1830 ct
647 1777 779 1830 vade
830 1776 880 1829 in
908 1775 1128 1829 domum
1181 1783 1351 1828 tuam.
1401 1772 1759 1842 Surrexitque
1804 1773 1892 1828 ille
1937 1783 1990 1826 et
2014 1773 2148 1826 abiit

569 1871 622 1925 in
654 1870 872 1925 domum
895 1884 1072 1923 suam.
1108 1869 1173 1922 Et
1196 1882 1316 1922 cmn
1341 1867 1604 1920 vidissent
1638 1866 1840 1931 ιυτιιτε,
1863 1867 2146 1919 admiratae

2250 671 2474 726 τοιαῦτα
2507 687 2524 703 ’
2565 669 2759 739 ’Υμεῖς
2795 667 2893 738 μιν
2935 663 3187 735 νομίζετέ
3241 682 3309 736 με
3367 664 3722 736 βλάσφημον,
3760 665 3838 726 ὡς

2246 767 2623 837 ὑποσχόμενον
2651 763 2870 831 ἀφιέναι
2894 759 3196 829 ἁμαρτίας.
3230 760 3370 829 ὅπερ
3395 759 3546 829 μέγα
3575 759 3679 829 μέν
3700 759 3840 810 ἔστι·

2247 861 2456 914 δοκεῖτε
2494 858 2551 910 δέ
2577 873 2645 927 με
2667 857 2746 918 εἰς
2781 854 2939 908 τοῦτο
2969 851 3339 919 καταφεύγειν
3368 851 3445 914 ὡς
3472 851 3541 904 ἂν
3571 850 3648 919 μὴ
3685 849 3843 917 ἰλιγ-

2247 950 2384 1020 χθῶ.
2461 944 2603 1015 Ἐγὼ
2648 945 2705 998 δὲ
2760 945 2827 996 ἐκ
2878 942 2980 1011 τῆς
3055 938 3149 992 τοῦ
3230 940 3481 1010 σώματος
3542 934 3847 1010 θεραπείας

2249 1043 2592 1111 πιστὼσομαι
2622 1038 2717 1091 καὶ
2759 1036 2860 1105 τὴν
2891 1034 2989 1103 τῆς
3030 1032 3234 1106 ψυχῆς,
3268 1033 3358 1086 διὰ
3402 1031 3501 1086 τοῦ
3549 1032 3845 1094 ἐλάττονος

2251 1133 2374 1203 μὲν,
2403 1129 2809 1200 δυσκολωτέρου
2838 1126 2897 1181 δι
2933 1123 3244 1189 δοκοῦντος,
3285 1125 3522 1192 βεδαιῶν
3576 1124 3675 1178 καί
3741 1124 3843 1193 τὴν

2246 1224 2357 1278 τῶν
2383 1223 2674 1294 ἁμαρτιῶν
2728 1221 2946 1290 ἄφεσιν,
2974 1218 3096 1286 ἥτις
3117 1215 3328 1288 μεγάλη
3352 1216 3472 1288 μὲν,
3496 1215 3847 1286 εὐκολωτέρα

2246 1316 2302 1369 δὲ
2343 1316 2472 1385 ὑμῖν
2502 1314 2654 1367 δοκεῖ
2670 1313 2760 1368 διὰ
2789 1312 2850 1365 τὸ
2871 1307 3082 1379 ἀφανὴς
3106 1301 3267 1362 εἰναι.

2324 1522 2343 1555 ι
2369 1503 2488 1555 Ἵνα
2505 1500 2562 1553 δὲ
2584 1498 2782 1567 εἰδῆτε,
2808 1497 2892 1550 ὅτι
2916 1493 3166 1559 ἐξουσίαν
3191 1492 3304 1562 ἔχει
3322 1490 3351 1543 6
3373 1491 3500 1550 Υἰδς
3519 1489 3616 1544 τοῦ
3643 1490 3849 1559 ἀνθρω-

2247 1612 2350 1648 mu
2368 1595 2460 1647 ἐπὶ
2478 1591 2696 1661 τῆςξγῆς
2714 1589 2931 1658 ἀφιέναι
2945 1586 3242 1656 ἁμαρτίας,
3261 1583 3381 1636 τότε
3399 1582 3547 1650 λέγει
3568 1582 3650 1652 τῷ
3666 1597 3850 1652 παρα-

2245 1682 2466 1753 λυτικῷ·
2509 1679 2823 1751 Ἐγερθεὶς,
2857 1674 2991 1748 ἆρόν
3031 1693 3124 1729 σου
3146 1678 3245 1744 τὴν
3285 1673 3496 1742 κλίνην,
3521 1672 3620 1724 καὶ
3668 1672 3850 1740 ὕπαγε

2249 1780 2330 1838 εἰς
2367 1775 2460 1828 τὸν
2509 1769 2660 1827 οἶκόν
2709 1787 2825 1824 σου.
2861 1771 2973 1823 Καὶ
3006 1767 3279 1838 ἐγερθεὶς,
3310 1764 3556 1834 ἀπῆλθεν
3605 1766 3691 1827 εἰς
3758 1765 3850 1817 τὸν

2251 1865 2401 1920 οἰκον
2447 1865 2638 1919 αὐτοῦ.
2680 1863 2903 1924 Ἰδόντες
2920 1858 2978 1912 δὲ
2992 1859 3043 1911 οἰ
3068 1855 3215 1927 ὄχλοι
3248 1854 3588 1925 έθαύμασαν,
3609 1855 3711 1908 καὶ
3734 1854 3840 1906 ἐδάη

568 1960 1228 2030 ευηιεικίοεὶηεαινετυιιι
1253 1958 1440 2020 Deum,
1473 1957 1564 2026 qui
1623 1957 1770 2011 dedit
1834 1957 2145 2011 hominibus

2267 1961 2422 2025 ξασαν
2455 1955 2548 2008 τὸν
2579 1953 2713 2007 Θεὸν
2757 1953 2850 2006 τὸν
2896 1950 3056 2004 δόντα
3111 1946 3364 2012 ἑξουσίαν
3415 1945 3686 2015 τοιαύτην
3734 1948 3849 2005 τοῖς

573 2057 899 2119 potestatem
939 2049 1121 2104 talem.
1161 2068 1177 2100 ι
1211 2048 1452 2118 lnjuuxit
1481 2050 1528 2101 ei
1567 2059 1625 2100 ut
1658 2048 1855 2101 lectum
1889 2058 2148 2117 gestaret,

574 2150 632 2196 ut
690 2154 760 2194 ne
805 2139 1087 2210 phantasia
1126 2139 1395 2203 videatur,
1426 2147 1478 2192 et
1528 2149 1586 2192 ut
1615 2139 1784 2192 turbat
1824 2138 2006 2202 simul,
2033 2153 2154 2208 qua:

573 2233 866 2287 maximum
904 2232 1122 2300 quidem
1176 2233 1444 2295 omnium,
1473 2245 1664 2298 purum
1685 2240 1862 2284 tamen
1881 2230 2150 2284 hominem

573 2323 852 2391 putabant,
877 2320 1206 2374 miraculum
1236 2320 1571 2374 intueantur.

649 2413 812 2468 Vens.
846 2413 930 2468 9.:
960 2411 1025 2465 Et
1057 2415 1372 2481 praeteriens
1392 2409 1552 2464 Jesus
1576 2408 1683 2481 53
1715 2409 1882 2476 illinc,
1905 2410 2034 2464 vidit
2061 2409 2156 2463 lto-

577 2507 771 2559 minem
789 2509 1062 2559 sedentem
1093 2504 1144 2556 in
1167 2503 1386 2565 telonio,
1407 2503 1496 2570 qui
1521 2501 1803 2557 Mattbazus
1820 2503 2099 2558 dicebatur
2131 2521 2146 2556 :

575 2605 630 2649 et
679 2595 808 2648 dicit
868 2596 966 2658 illi,
995 2593 1234 2663 Sequere
1285 2608 1390 2647 tne.
1419 2591 1486 2646 Et
1526 2608 1758 2660 surgens
1807 2606 2026 2648 secutus
2075 2606 2157 2647 est

574 2701 721 2739 eum.
755 2704 772 2735 ι
798 2684 913 2737 Non
934 2700 1053 2739 cum
1095 2685 1252 2738 Petro
1283 2694 1336 2738 et
1369 2681 1579 2738 Joanne
1604 2685 1748 2738 hunc
1787 2687 2028 2748 vocavit,
2061 2687 2156 2739 sed

575 2779 791 2844 quando
827 2776 960 2830 vidit
989 2775 1516 2844 obtemperaturum.
1565 2777 1657 2830 Sic
1687 2788 1740 2829 et
1784 2775 2008 2830 Paulum
2049 2793 2144 2831 vo-

575 2870 718 2923 cavit
744 2877 927 2937 postea
962 2882 1062 2922 sua
1094 2879 1357 2935 tempore.
1419 2867 1704 2920 Admirare
1757 2878 1933 2920 autem
1993 2881 2160 2922 evan-

577 2961 844 3028 gelistam,
877 2962 1154 3029 quomodo
1183 2962 1346 3013 vitam
1401 2975 1555 3014 suam
1586 2959 1852 3027 invulgat,
1909 2962 2158 3024 quamvis

579 3052 667 3104 alii
699 3067 893 3104 nomen
915 3050 1034 3118 ejus
1057 3052 1428 3117 occultarum,
1468 3066 1590 3104 eum
1639 3052 1967 3119 appellantes
2009 3050 2158 3107 Levi.

579 3143 674 3197 Dei
705 3151 884 3197 autem
916 3159 1049 3212 opus
1084 3141 1206 3209 fuit,
1237 3143 1351 3197 solo
1373 3144 1536 3197 verbo
1571 3159 1691 3195 eum
1725 3143 1990 3196 converti.

651 3324 810 3379 Vens.
851 3325 933 3389 l0,
967 3322 1056 3379 ll.
1098 3344 1117 3376 ι
1160 3325 1224 3379 Et
1264 3324 1462 3379 factum
1489 3337 1571 3382 est
1601 3328 1693 3382 illo
1728 3330 2074 3383 recumbente
2099 3329 2150 3382 in

577 3418 758 3482 domo,
793 3432 920 3471 ecce
959 3417 1110 3470 multi
1148 3417 1414 3486 publicani
1443 3427 1496 3472 et
1521 3430 1836 3488 peccatores
1867 3430 2153 3485 venerunt,

579 3518 631 3561 et
667 3507 1028 3561 recubuerunt
1059 3523 1180 3562 cum
1209 3507 1333 3562 Jesu
1362 3519 1416 3563 et
1439 3508 1720 3580 discipulis
1757 3512 1894 3580 ejus.
1929 3511 1994 3565 Et
2026 3527 2150 3566 cum

582 3597 844 3651 vidissent
894 3599 1178 3660 Pharisaei,
1229 3600 1484 3654 dixerunt
1522 3602 1803 3672 discipulis
1845 3604 2004 3674 ejus:
2047 3605 2157 3659 Cur

583 3705 703 3743 cum
734 3691 1034 3759 publicanis
1064 3703 1117 3744 et
1160 3695 1537 3760 peccatoribus
1572 3697 1738 3748 sumit
1781 3697 1958 3750 cibum
2021 3714 2153 3766 pra»

582 3794 768 3851 ceptor
796 3785 1004 3836 vester?
1048 3801 1064 3834 ι
1103 3783 1357 3838 Gaudeas
1392 3784 1673 3841 Mattheus
1708 3790 1852 3856 quod
1887 3791 1950 3842 ad
1987 3805 2045 3844 se
2073 3791 2158 3843 di-

581 3873 830 3926 vertisset
877 3869 1055 3937 Jesus,
1089 3871 1407 3940 publicanos
1443 3873 1580 3926 alios
1635 3875 1869 3931 vocavit.
1912 3874 2160 3929 Christus

580 3972 761 4016 autem
791 3963 950 4016 simul
987 3963 1306 4017 vescebatur
1337 3979 1457 4018 cum
1504 3964 1602 4030 eis,
1645 3975 1702 4018 ut
1747 3967 1828 4020 eis
1861 3969 2138 4035 prodesset

583 4055 799 4108 tametsi
843 4066 1062 4124 propter
1099 4059 1200 4110 ltoc
1243 4056 1382 4110 male
1417 4058 1651 4111 audiret.
1690 4057 1950 4112 Pharisaei
1981 4059 2157 4123 enim,

584 4144 825 4198 volentes
861 4147 1151 4213 discipulos
1185 4147 1250 4200 ab
1287 4162 1353 4200 co
1398 4148 1627 4202 avellere
1651 4189 1665 4212 ,
1702 4150 2029 4204 accusabant
2062 4165 2159 4217 pu-

587 4237 913 4289 blicanorum
940 4239 1264 4293 convivium.

657 4325 820 4381 Vens.
852 4329 1038 4393 12,13.
1080 4350 1096 4381 ι
1135 4329 1316 4395 .lesus,
1347 4333 1435 4385 ubi
1458 4335 1832 4399 audivit,dixit
1867 4335 2006 4390 illis:
2041 4337 2158 4393 Non

583 4433 719 4486 opus
768 4419 965 4472 habent
1018 4421 1052 4472 ii
1095 4421 1184 4490 qui
1226 4421 1424 4486 valent,
1477 4423 1708 4490 medico,
1752 4426 1845 4478 sed
1884 4427 2022 4480 male
2065 4429 2159 4481 ba-

589 4511 796 4563 ltei-tes.
831 4508 902 4564 Itc
931 4523 1129 4577 autem,
1154 4523 1207 4566 et
1232 4514 1420 4569 discite
1462 4515 1589 4584 quid
1617 4518 1708 4571 sit.
1737 4515 2157 4574 Misericordiatn

2253 2049 2581 2120 ἀνθρώποις.
2610 2065 2628 2099 ι
2662 2042 3004 2116 Προσέταξεν
3035 2040 3184 2109 αὐτῷ
3205 2040 3303 2111 τὴν
3337 2038 3527 2110 κλίνην
3555 2037 3846 2108 βαστάσαι.

2255 2142 2343 2195 ῖνα
2387 2143 2461 2211 μὴ
2499 2139 2774 2208 φαντασία
2796 2135 2949 2207 δόξῃ,
2983 2135 3078 2188 καὶ
3126 2134 3242 2204 ἄμα
3273 2133 3360 2187 ἵνα
3386 2131 3572 2185 ἴδωσιν
3620 2130 3672 2184 οἰ
3705 2129 3849 2200 δχλοι

2253 2235 2314 2287 τὸ
2371 2235 2615 2302 σημεῖον,
2661 2230 2712 2282 οῖ
2770 2229 2846 2292 ῶς
2897 2227 3054 2297 ψιλὸν
3105 2226 3206 2297 μὲν
3238 2225 3529 2295 ἄνθρωπον
3586 2222 3833 2294 ἑνόμιζω

2254 2327 2439 2386 αὑτὸν,
2468 2325 2755 2395 κρείττονα
2813 2323 3005 2392 μέντοι
3035 2323 3273 2376 πάντων.

2335 2435 2353 2469 ι
2387 2418 2499 2470 Καὶ
2537 2418 2807 2484 παράγων
2828 2417 2857 2468 6
2895 2413 3104 2485 Ἰησοῦς
3131 2411 3364 2478 ἐκεῖθεν,
3393 2407 3535 2465 εἶδεν
3560 2409 3851 2481 ἄνθρωπον

2258 2505 2574 2574 καθήμενον
2621 2505 2718 2556 ἐπὶ
2775 2503 2836 2554 τὸ
2893 2501 3172 2564 τελώνιον,
3206 2503 3486 2556 Ματοαῖον
3525 2501 3846 2569 λεγόμενον,

2259 2597 2354 2650 καὶ
2374 2597 2530 2664 λέγει
2559 2595 2730 2663 αὐτῷ’
2764 2593 3080 2647 Ἀκολούθει
3108 2610 3220 2664 μοι.
3239 2594 3348 2646 Καὶ
3368 2593 3608 2655 ἀναστὰς
3635 2591 3852 2662 ἠκολούο

2260 2688 2427 2759 θησςν
2453 2687 2622 2758 αὐτῷ.
2662 2706 2681 2738 ι
2711 2687 2786 2739 Οὑ
2823 2686 2964 2754 μετὰ
2988 2685 3198 2755 Πέτρου
3215 2685 3311 2737 καὶ
3361 2682 3616 2738 Ἰωάννου
3659 2683 3849 2737 τοῦτον

2260 2780 2546 2843 ἐκάλεσεν,
2577 2778 2690 2831 ἀλλ’
2731 2779 2819 2830 ὅτε
2871 2776 2991 2846 ᾔδει
3035 2775 3494 2846 πεισθησόμενον.
3549 2775 3711 2829 Οὕτω
3739 2775 3848 2844 γὰρ

2259 2873 2354 2926 καὶ
2383 2871 2594 2925 Παῦλον
2631 2870 2891 2924 ἐκάλεσεν
2924 2867 3156 2939 ὕστερον
3212 2869 3302 2922 ὅτε
3337 2867 3527 2940 καιρὸς
3587 2863 3681 2938 ἦν.
3709 2868 3851 2922 Θαύ-

2265 2981 2436 3034 μασον
2482 2963 2536 3016 δὲ
2598 2963 2691 3016 τὸν
2749 2960 3169 3031 εύαγγελιστὴν,
3224 2961 3343 3024 πῶς
3393 2959 3852 3030 ὲκπομπεύειτὲν

2263 3055 2455 3109 ἐαυτοῦ
2485 3056 2619 3124 βίον,
2646 3055 2823 3108 καίτοι
2851 3055 2901 3106 οἰ
2932 3054 3083 3108 ἄλλοι
3106 3053 3349 3124 έκρυψαν
3378 3054 3439 3107 τὺ
3459 3053 3633 3122 ὄνομα
3661 3050 3852 3118 αὑτοῦ,

2263 3146 2396 3201 Λευῒ
2426 3145 2973 3217 προσαγορεύσαντες
3009 3146 3172 3200 αὐτόν
3210 3162 3224 3176 ο
3256 3145 3394 3199 Θεοῦ
3445 3145 3504 3199 δὶ
3543 3146 3730 3216 Εργον,
3778 3143 3853 3214 τῷ

2263 3237 2408 3307 λόγῳ
2441 3238 2586 3307 μόνῳ
2629 3239 3008 3308 μεταστρέψαι
3031 3237 3218 3290 αὐτόν.

2340 3347 2358 3380 ι
2387 3329 2497 3382 Καὶ
2535 3329 2752 3396 ἐγένετο
2782 3320 2948 3381 αύτοῦ
2983 3328 3348 3397 ἀνακειμένου
3378 3329 3436 3381 ὲν
3463 3329 3529 3397 τῇ
3556 3327 3732 3398 οἰκίᾳ,
3763 3329 3854 3379 καὶ

2266 3419 2376 3472 ἰδοὺ
2403 3420 2584 3472 πολλοὶ
2598 3419 2827 3472 τελῶναι
2852 3420 2946 3472 καὶ
2979 3419 3317 3490 ἁμαρτωλοὶ,
3352 3420 3601 3480 ἐλθόντες
3654 3435 3853 3472 συνίίν⁸

2264 3514 2471 3566 έκειντο
2491 3513 2566 3582 τῷ
2594 3513 2769 3583 Ἰησοῦ
2799 3516 2892 3566 καί
2917 3516 3030 3576 τοῖς
3093 3513 3360 3583 μαθηταῖς
3382 3514 3571 3566 αὐτοῦ’
3597 3515 3693 3567 καὶ
3725 3514 3856 3568 E66:—

2262 3621 2353 3667 τες
2386 3605 2434 3656 οἰ
2466 3605 2770 3673 Φαρισαῖοι,
2812 3600 2965 3656 εἷπον
3003 3606 3115 3666 τοῖς
3159 3604 3432 3675 μαθηταῖς
3470 3604 3665 3657 αὐτοῦ·
3703 3603 3856 3658 Διατί

2269 3695 2407 3765 μετὰ
2431 3696 2538 3748 τῶν
2566 3695 2812 3747 τελωνῶν
2841 3699 2936 3749 καὶ
2973 3697 3312 3765 ἁμαρτωλῶν
3346 3695 3520 3749 ἐσθίει
3547 3698 3577 3748 6
3601 3697 3858 3749 διδάσκα-

2267 3786 2356 3848 λος
2391 3787 2574 3855 ὐμῶν;
2620 3805 2636 3835 ι
2669 3786 3108 3856 Εὗφραινόμενος
3135 3789 3160 3838 6
3190 3787 3466 3849 Ματθαῖος
3496 3789 3562 3857 τῇ
3599 3787 3696 3839 τοῦ
3725 3788 3858 3858 Χρι-

2269 3875 2395 3929 στοῦ
2422 3876 2678 3946 ὑποδοχῇ,
2718 3879 2842 3940 τοὺς
2872 3875 3112 3938 τελώνας
3139 3879 3389 3940 ἐκάλεσε,
3431 3882 3782 3932 συνεστιᾶται
3804 3878 3861 3931 δὲ

2268 3969 2450 4030 αὐτοῖς
2485 3969 2513 4021 6
2551 3969 2809 4038 Χριστὸς,
2859 3968 3000 4021 ὥστε
3035 3968 3320 4038 ὠφελῆσαι
3352 3970 3575 4035 αὐτοὺς,
3628 3970 3737 4024 κᾶν
3774 3970 3859 4023 διὰ

2266 4059 2424 4112 τοῦτο
2453 4059 2717 4128 ἐψέγετοο
2741 4062 2791 4114 οἰ
2818 4062 2925 4133 γὰρ
2950 4062 3263 4131 Φαρισαῖοι,
3290 4061 3536 4124 θέλοντες
3553 4063 3861 4132 ἀποστῆσαι

2266 4150 2431 4204 αὑτοῦ
2471 4154 2596 4215 τοὺς
2623 4146 2891 4222 μαθητὰς,
2933 4153 3213 4206 διέΰαλλον
3253 4153 3354 4220 τὴν
3391 4153 3534 4222 μετὰ
3559 4154 3670 4207 τῶν
3693 4153 3858 4208 τελω-

2267 4245 2374 4296 νῶν
2412 4243 2778 4298 συνεστίασιν.

2343 4355 2361 4387 ι
2416 4339 2474 4391 Ὀ
2511 4339 2565 4392 δὲ
2614 4339 2819 4408 Ἰησοῦς
2852 4340 3113 4403 ἀκούσας,
3151 4334 3305 4394 εἶπεν
3333 4341 3541 4404 αὐτοῖς·
3571 4342 3650 4395 Οὑ
3675 4342 3862 4414 χρείαν

2268 4430 2480 4499 ἔχουσιν
2512 4433 2560 4483 οἰ
2599 4432 2879 4500 ἰσχύοντες
2913 4433 3120 4502 ἰατροῦ,
3155 4434 3272 4486 ἀλλ’
3315 4435 3365 4486 οἰ
3398 4434 3588 4499 κακῶς
3620 4435 3858 4506 ἔχοντες.

2271 4522 2632 4594 Πορευθέντες
2662 4523 2717 4575 δὲ
2750 4523 2950 4591 μάθετε
2989 4524 3041 4574 τί
3084 4525 3201 4576 ἐστι
3235 4525 3318 4577 τό·
3360 4524 3550 4577 Ἔλεον
3584 4527 3745 4592 θέλω,
3775 4529 3864 4580 καί

591 4600 734 4662 vnio,
779 4609 830 4650 ct
873 4615 975 4652 non
1025 4602 1374 4656 sacriﬁcium.
1425 4603 1542 4658 Non
1591 4608 1734 4660 enim
1798 4609 1914 4662 veni
1965 4626 2155 4667 vocare

2267 4617 2324 4668 οὐ
2345 4615 2651 4670 θυσίαν.οὑ
2673 4616 2778 4686 γὰρ
2796 4613 2957 4686 ἦλθον
2985 4617 3211 4671 καλέσαι
3235 4617 3496 4681 δικαίους,
3521 4620 3660 4673 ἀλλὰ
3681 4623 3862 4691 ἁμαρ-

586 4690 779 4757 jnstos,
810 4693 901 4744 sed
933 4699 1248 4758 peccatores
1286 4698 1352 4746 ad
1375 4696 1771 4762 ptenitentiam.
1817 4716 1835 4750 ι
1873 4697 1989 4751 Non
2022 4705 2165 4766 vcni,

595 4779 788 4847 inquit,
807 4781 1419 4850 mmctanquamjudex,
1457 4786 1548 4836 sed
1580 4793 1636 4837 ut
1659 4786 1898 4840 medicus
1924 4802 1937 4838 :
1959 4792 2099 4841 unde
2117 4801 2171 4842 et

594 4869 842 4922 lictorem
873 4869 1010 4924 fero.
1043 4871 1232 4940 Arguit
1265 4883 1443 4927 autem
1488 4873 1606 4929 illos
1652 4885 1709 4928 ut
1753 4876 2055 4946 imperitos,
2091 4880 2170 4931 di-

591 4975 743 5029 cens,
778 4959 876 5025 Ite,
906 4973 958 5015 ct
987 4964 1202 5031 discite,
1235 4964 1338 5019 hoc
1365 4975 1469 5030 est,
1501 4967 1622 5035 quia
1657 4969 1922 5023 hactenus
1949 4985 2054 5022 non
2087 4970 2174 5023 di-

591 5057 822 5123 dicistis,
859 5056 937 5110 vel
983 5057 1172 5111 saltem
1222 5073 1370 5112 nunc
1397 5060 1470 5114 ite
1501 5068 1555 5113 ct
1599 5061 1809 5126 discite,
1849 5066 1994 5132 quod
2030 5061 2174 5118 Deus

593 5149 764 5218 pluris
799 5147 925 5202 facit
959 5149 1382 5203 misericordiam
1419 5151 1472 5202 in
1509 5164 1844 5219 peccatores,
1886 5171 2046 5222 quam
2082 5173 2172 5209 sa-

596 5242 878 5294 criﬁcium.
923 5241 1072 5306 Quod
1120 5253 1299 5295 autem
1345 5242 1496 5306 dicit,
1546 5241 1662 5297 Non
1698 5248 1814 5299 veni
1863 5262 2056 5302 voeare
2087 5249 2175 5318 jn-

598 5342 733 5395 stos,
792 5347 886 5400 per
923 5333 1147 5385 ironiam
1185 5335 1336 5395 dicit,
1381 5335 1479 5386 ltoc
1510 5344 1615 5397 est,
1651 5350 1762 5400 vos,
1795 5341 1883 5402 qui
1910 5338 2177 5406 justiﬁca-

600 5424 667 5477 tis
700 5422 1054 5493 vosmetipsos
1086 5441 1098 5476 :
1130 5427 1252 5492 quia
1295 5425 1475 5478 nullus
1519 5424 1796 5479 hominum
1834 5439 1951 5481 erat
1975 5431 2176 5499 justus.

604 5514 757 5568 Venit
805 5515 968 5584 igitur
1012 5531 1208 5572 vocare
1262 5527 1602 5586 peccatores,
1656 5533 1761 5574 non
1812 5531 1869 5574 ut
1927 5534 2178 5579 maneant

599 5619 929 5678 peccatores,
961 5608 1054 5663 sed
1084 5618 1142 5664 ut
1175 5608 1519 5680 resipiscant.

601 5893 712 5930 ilco.
728 5916 741 5929 .

2261 4707 2463 4769 τωλοὺς
2492 4709 2570 4768 εἰς
2605 4710 2914 4777 μετάνοιαν.
2956 4729 2972 4760 ι
3023 4710 3139 4765 Οὐκ
3181 4707 3366 4778 ἦλθον,
3431 4713 3590 4780 φησὶ,
3647 4712 3747 4764 νῦν
3793 4711 3862 4774 ὡς

2269 4798 2487 4868 κριτὴς,
2516 4799 2632 4850 ἀλλ’
2662 4801 2736 4860 ῶς
2769 4801 2978 4870 ἰατρὸς,
3005 4799 3126 4853 ὅθεν
3150 4803 3243 4854 καὶ
3267 4802 3535 4865 δυσωδίας
3565 4804 3857 4874 ἀνέχομαι.

2273 4890 2515 4958 Ἐλὲγχει
2545 4891 2601 4942 δὲ
2633 4892 2828 4953 αὐτοὺς
2856 4894 2948 4944 καὶ
2970 4893 3044 4956 ὡς
3072 4894 3323 4962 ἀμαθεῖς,
3348 4894 3546 4962 λέγων’
3571 4895 3843 4966 Πορέυθέν

2269 4999 2363 5044 τες
2399 4983 2622 5052 μάθετε,
2658 4985 2962 5048 τουτέστιν,
2995 4986 3116 5037 ἐπεὶ
3149 4987 3313 5056 μέχρι
3344 4985 3440 5038 τοῦ
3467 4987 3562 5040 νῦν
3591 4988 3693 5041 οὐκ
3734 4990 3865 5058 ἐμὰο

2276 5074 2418 5136 θετε,
2454 5075 2556 5129 κᾶν
2596 5077 2703 5127 ἀπὸ
2728 5076 2821 5128 τοῦ
2853 5077 2945 5130 νῦν
2975 5078 3239 5132 ἀπέλθετε
3285 5083 3378 5132 καὶ
3413 5079 3639 5149 μάθετε,
3668 5083 3752 5134 ὅτι
3782 5081 3865 5133 τὸν

2279 5169 2358 5227 εἰς
2400 5168 2524 5229 τοὺς
2568 5167 2932 5238 ἁμαρτωλοὺς
2974 5170 3123 5222 ἔλεον
3161 5175 3406 5243 προτιμᾷ
3449 5173 3557 5226 τῶν
3602 5176 3800 5228 θυσιῶν
3840 5174 3865 5226 6

2276 5257 2428 5320 636;.
2458 5258 2531 5310 Τὸ
2559 5259 2635 5323 δὲ,
2665 5260 2778 5312 υύκ
2811 5255 2976 5329 ἦλθον
3021 5261 3244 5316 καλέσαι
3287 5263 3550 5329 δικαίους,
3585 5266 3867 5337 εἰρωνευὸ-

2278 5366 2436 5420 μενος
2477 5349 2650 5416 λέγει,
2684 5351 2966 5403 τουτέστιν
3008 5353 3152 5420 ὑμᾶς
3196 5355 3323 5417 τοὺς
3363 5355 3714 5420 δικαιοῦντας
3744 5359 3864 5411 ἑαυ-

2277 5442 2424 5504 τοὺς,
2459 5443 2583 5493 ἐπεὶ
2605 5443 2784 5504 οὐδεὶς
2813 5442 2922 5495 τῶν
2943 5441 3244 5515 ἀνθρώπων
3265 5447 3385 5499 εστὶ
3414 5447 3642 5511 δίκαιος.
3671 5443 3867 5503 Ἦλθον

2279 5531 2372 5584 οῦν
2407 5533 2633 5587 καλέσαι
2661 5535 3042 5603 ἁμαρτωλοὺς,
3071 5539 3170 5610 οὐχ
3196 5538 3282 5592 ἵνα
3315 5541 3574 5610 μείνωσιν
3607 5542 3864 5614 ἁμαρτω·

2283 5621 2385 5688 λοὶ,
2421 5625 2537 5677 ἀλλ’
2585 5627 2673 5678 ἵνα
2721 5629 3120 5699 μετανοήσωσι.

673 5805 909 5900 ωειίἰι.
952 5807 1073 5863 Lut.
1151 5809 1376 5866 Videant
1441 5814 1781 5884 miraculum,
1851 5817 2142 5873 maximum
2195 5823 2402 5891 quidem
2481 5825 2716 5881 omnium
2764 5831 3153 5900 castinmbanl,
3205 5851 3399 5900 purum
3466 5845 3643 5894 tamen
3705 5841 3866 5896 homi-
