4034 6646
216 599 321 662 229

272 730 287 759 t
335 707 470 763 Τότε
510 711 907 782 προσέρχονται
945 712 1096 783 αὐτῷ
1131 713 1181 765 οἱ
1236 712 1485 784 μαθηταί⁵
1526 712 1803 775 Ἰωάννου,
1843 724 1884 776 Α

190 804 474 866 λὲξνυντες⁹
511 807 672 859 Διατί
720 808 881 876 ἡμεῖς
915 809 1013 861 καὶ
1061 808 1112 861 οἱ
1143 809 1433 878 Φαρισαῖοι
1467 807 1809 877 νηστεύομεν

192 894 382 957 πῖλλά,
409 896 459 948 οἱ
482 895 537 950 δὲ
568 896 812 967 μαθηταί
839 913 937 951 σου
966 896 1029 952 ού
1056 897 1448 970 νηστεύουσιν;
1488 917 1505 950 ι
1533 898 1598 950 Ol.
1629 898 1810 968 μαθη-

189 990 279 1041 ταὶ
326 989 606 1059 Ἰωάννου,
664 990 993 1061 φθονοῦντες
1047 995 1114 1063 τῇ
1168 992 1296 1063 δόξῃ
1367 990 1466 1045 τοῦ
1530 992 1804 1063 Χριστοῦ,

190 1081 521 1148 ἐγκαλοῦσιν
569 1083 720 1155 αύτῷ
771 1085 847 1156 μὴ
891 1084 1244 1154 νηστεύοντι-
1286 1087 1653 1158 διηποροῦντο
1699 1088 1810 1157 γὰρ

193 1180 347 1238 ἴσως,
369 1179 491 1242 πῶς
517 1179 649 1233 ἄνευ
676 1182 967 1250 ἀσκήσεως
989 1180 1060 1234 τὰ
1088 1180 1236 1251 πάθη
1265 1183 1413 1252 νικᾷ,
1442 1181 1581 1252 ὅπερ
1624 1180 1810 1236 ’ῐωάνα

192 1287 285 1339 vn:
308 1270 409 1322 ούκ
438 1270 667 1340 ἴσχυσεν
690 1286 703 1298 ·
737 1269 971 1340 ⁴ὴγνόουν
999 1270 1109 1341 γὰρ
1145 1270 1227 1325 ὅτι
1265 1271 1524 1343 Ἰωάννης
1555 1272 1658 1342 μὲν
1714 1273 1810 1327 άν-

194 1359 409 1429 θρωπος
440 1360 621 1427 ψιλὸς,
660 1363 754 1414 καὶ
785 1358 847 1426 ἐξ
891 1361 1098 1433 ἀρετῆς
1134 1361 1350 1426 δίκαιος
1373 1379 1389 1393 ο
1438 1364 1680 1435 Χριστὸς
1725 1366 1806 1429 δὲ,

196 1455 529 1525 αὖτοαρετὴ,
565 1456 639 1519 ὡς
661 1456 814 1518 Θεός.

271 1658 289 1689 ‹
328 1635 502 1691 Εἶπεν
533 1636 629 1691 οὖν
653 1637 841 1702 αὐτοῖς
873 1640 901 1693 6
950 1637 1185 1709 Ἰησοῦς·
1213 1640 1306 1711 Μὴ
1338 1640 1596 1697 δύνανται
1626 1645 1673 1696 oi
1702 1645 1810 1698 υίοὶ

196 1730 285 1783 τοῦ
330 1732 629 1802 νυμφῶνος
672 1731 913 1794 πενθεῖν,
969 1733 1055 1803 ἐφ’
1106 1734 1233 1787 ὅσον
1284 1735 1403 1804 μετ’
1445 1736 1629 1789 αὐτῶν
1663 1738 1810 1789 ἐστιν

193 1824 222 1876 6
252 1825 527 1895 νυμφίου
564 1823 914 1877 Ἐλεύσονται
954 1824 1010 1878 δὲ
1037 1825 1244 1896 ἡμέραι
1273 1827 1405 1880 ὅταν
1453 1826 1676 1898 ἀπαρθῇ
1714 1828 1808 1880 ἀπ’

194 1916 372 1968 αὐτῶν
418 1918 448 1969 6
489 1915 748 1984 νυμφίος,
786 1916 878 1968 καὶ
917 1916 1040 1968 τότε
1090 1914 1507 1983 νηστεύσουσιν.
1551 1918 1806 1987 »Χαρᾶς,

196 2008 389 2077 φησὶν,
424 2007 452 2059 6
488 2007 688 2077 παρὼν
720 2007 936 2078 καιρὸς,
968 2006 1077 2069 ἕως
1124 2000 1185 2061 οὗ
1222 2008 1361 2077 μετά
1390 2008 1501 2061 τῶν
1549 1984 1809 2079 μαθητῶν

867 598 1321 663 ENARRATIO
1362 603 1440 663 IN
1475 602 1724 663 EVANG
1738 603 1803 662 Ε]

1918 602 1984 661 '.\l
2033 602 2419 662 ΜᾹΤΤΗΕΙ.
2460 628 2523 639 ·“
2563 604 2721 664 C.\l‘.
2766 604 2868 663 lX.

3410 602 3518 669 230

1989 711 2154 767 Vens.
2222 713 2308 767 Η.
2371 732 2387 764 t
2451 713 2603 767 'l'une
2662 715 2930 769 accedunt
2969 714 3035 767 ad
3089 728 3211 769 eum
3267 714 3515 784 discipuli

1912 804 2159 869 Joannis,
2190 805 2431 861 dicentes
2463 822 2478 859 :
2514 805 2693 871 Quare
2714 822 2811 861 nos
2839 817 2893 860 et
2914 805 3174 860 Pltarisa‘i
3204 805 3519 876 jt-jnnamus

1914 898 2254 967 frequenter,
2289 898 2536 967 discipuli
2567 909 2747 953 autem
2774 900 2849 953 tui
2880 913 2987 952 non
3010 899 3305 968 jejunant?
3336 919 3355 950 ι
3386 898 3507 955 Dis-

1915 993 2079 1060 cipuli
2147 991 2375 1048 Joannis
2406 994 2647 1050 invident
2672 994 2857 1066 gloria:
2887 993 3113 1060 Christi,
3146 1006 3199 1050 et
3226 996 3521 1063 reprehen-

1912 1086 2048 1139 dunt
2088 1101 2211 1139 eum
2258 1101 2363 1140 non
2393 1085 2755 1156 jejunantem.
2821 1086 3158 1142 Dubitabant
3208 1088 3354 1142 enim
3407 1086 3520 1145 for—

1916 1189 2062 1234 tasse
2109 1179 2385 1248 quomodo
2436 1184 2680 1232 vinceret
2727 1180 2935 1246 absque
2983 1180 3231 1247 corporis
3279 1181 3519 1251 castiga.

1918 1276 2063 1327 tione
2096 1271 2435 1335 affectiones,
2470 1270 2520 1323 id
2556 1270 2700 1340 quod
2729 1268 2973 1325 Joannes
3000 1286 3103 1324 non
3138 1273 3333 1340 potuit.
3364 1272 3521 1341 igno-

1915 1365 2111 1419 rahant
2164 1364 2308 1416 enim
2358 1361 2500 1431 quod
2541 1360 2778 1415 Joannes
2825 1361 2988 1415 homo
3027 1372 3173 1416 esset
3217 1378 3408 1431 purus,
3460 1374 3516 1417 et

1916 1458 2118 1511 virtute
2145 1457 2346 1525 justus.
2377 1454 2635 1509 Christus
2670 1463 2851 1508 autem
2910 1444 3084 1507 virtus
3140 1454 3290 1522 ipsa,
3334 1465 3521 1523 utpote

1919 1548 2081 1605 Deus.

1998 1566 2027 1602 u
2067 1591 2081 1605 .

1991 1564 2152 1695 \‘zus.
2190 1640 2276 1695 15.
2313 1658 2330 1691 ι
2372 1636 2515 1692 Dixit
2541 1636 2706 1707 igitur
2735 1635 2842 1689 illis
2873 1634 3074 1689 .lcsus:
3114 1632 3253 1688 Num
3289 1645 3520 1705 possunt

1918 1737 2010 1790 ﬁlii
2045 1735 2271 1789 thalami
2323 1734 2510 1802 lugere
2562 1732 2804 1802 quandiu
2851 1744 2974 1784 eum
3012 1730 3092 1784 eis
3122 1740 3205 1784 est
3247 1731 3519 1800 sponsus?

1918 1829 2152 1885 Venient
2186 1838 2369 1884 autem
2414 1829 2533 1883 dies
2574 1842 2696 1881 cum
2740 1825 3023 1880 auferetur
3055 1825 3123 1879 ab
3154 1826 3234 1879 eis
3260 1840 3515 1892 sponsus,

1914 1934 1969 1979 et
2022 1934 2152 1981 tunc
2201 1924 2551 1995 jejuuahunt.
2607 1940 2625 1972 ι
2699 1919 2969 1982 Ριειιεοηε,
3034 1918 3231 1988 inquit,
3285 1928 3516 1988 tempus,

1918 2027 2131 2084 tempus
2181 2016 2362 2087 gaudii
2414 2024 2519 2079 est,
2569 2014 2808 2083 quandiu
2869 2025 2996 2067 eum
3030 2010 3314 2080 discipulis
3368 2026 3513 2066 sunt.

191 2075 325 2166 είμι.
352 2075 619 2169 Νυμφίον
644 2096 753 2167 γὰρ
786 2075 981 2152 ἑαυτὸν
1008 2075 1289 2169 ὀνομάζει,
1321 2098 1397 2163 ὡς
1427 2075 1803 2173 ἁρμοζόμενον

1918 2075 2210 2181 Sponsum“
2238 2109 2386 2165 enim
2435 2109 2675 2178 seipsum
2727 2116 2907 2170 vocat,
2955 2104 3099 2174 quod
3149 2112 3364 2173 cooptet
3413 2104 3516 2159 sibi

191 2188 369 2259 ἐαυτῷ
398 2192 504 2261 τὴν
552 2189 681 2242 νέαν
732 2191 1084 2261 συναγωγὴν,
1131 2190 1518 2263 ἀποθανούσης
1556 2194 1657 2263 τῆς
1699 2213 1806 2247 πα-

189 2279 346 2342 λαιᾶς
367 2297 380 2311 ·
411 2282 571 2344 υἱοὺς
603 2282 659 2333 δὲ
687 2281 1001 2351 νυμφῶνος,
1035 2282 1163 2345 τοὺς
1223 2283 1579 2348 ἀποστόλους.
1612 2286 1809 2338 Ἔσται

188 2374 280 2431 οὖν
298 2376 520 2444 καιρὸς,
550 2374 741 2445 φησὶν,
767 2375 879 2441 ὅτε,
908 2374 1045 2446 ἐμοῦ
1065 2375 1333 2440 παθόντος
1355 2379 1450 2432 καὶ
1468 2366 1809 2449 ἀναληφθέν-

188 2486 295 2532 ‹ος,
327 2468 727 2539 νηστεύσουσιν
773 2470 832 2522 ἐν
866 2468 1014 2539 λιμῴ
1062 2470 1155 2522 καὶ
1183 2469 1312 2540 δίψῃ
1347 2470 1696 2542 διωκόμενοι.
1736 2471 1809 2525 Τὸ

190 2561 382 2625 ἀτελὲς
411 2562 471 2615 δὲ.
497 2562 609 2615 τῶν
644 2559 911 2633 μαθητῶν
934 2561 1224 2624 δεικνύων,
1259 2563 1483 2627 ἐπάγει·

264 2765 282 2796 ι
323 2745 520 2811 Οὐδεὶς
557 2746 613 2799 δέ
648 2746 937 2800 ἐπιϐάλλει
973 2748 1258 2819 ἐπίϐλημα
1307 2750 1511 2819 ῥάκους
1554 2750 1804 2817 ἀγνάφου

190 2838 281 2891 ἐπὶ
310 2841 519 2911 ίματίῳ
544 2840 781 2912 παλαιῷ,
808 2841 953 2911 αἴρει
979 2844 1089 2913 γὰρ
1112 2844 1172 2896 τὸ
1197 2844 1473 2914 πλήρωμα
1499 2844 1667 2897 αὐτοῦ
1700 2844 1807 2897 ἀπὸ

188 2932 280 2987 τοῦ
314 2934 562 3005 ἱματίου,
604 2936 700 2989 καὶ
737 2939 923 3007 χεῖρον
960 2937 1170 3007 σχίσμα
1218 2938 1451 3005 γίνεται.
1494 2937 1627 2991 Οὐδὲ
1671 2937 1803 3007 βάλε

189 3024 371 3078 λουσιν
414 3020 565 3077 οἶνον
602 3025 721 3077 νέον
754 3028 833 3088 είς
868 3028 1074 3090 ἀσκοὺς
1117 3027 1383 3091 παλαιούς
1410 3044 1425 3058 ⁸
1460 3030 1508 3082 εί
1545 3028 1601 3081 δὲ
1635 3029 1803 3098 μήγε,

192 3117 498 3189 ῥήγνυνται
522 3118 571 3171 οί
595 3118 781 3185 ἀσκοὶ,
811 3119 949 3171 καὶό
969 3115 1113 3183 οἶνος
1138 3121 1406 3189 ἐκχεῖται,
1437 3119 1531 3174 καὶ
1559 3120 1609 3173 oi
1642 3121 1805 3173 ὀισκο)⁵

191 3212 549 3266 ἀπὸλ).υνται’
597 3213 738 3268 ἀλλὰ
782 3214 1075 3285 βάλλουσιν
1120 3211 1267 3269 οἶνον
1314 3217 1435 3269 νέον
1487 3218 1568 3279 είς
1600 3217 1806 3279 ἀσκοὺς

195 3306 437 3369 καινοὺς,
472 3306 569 3359 καὶ
595 3308 889 3379 ἀμφότερα
923 3307 1460 3379 συντηροῦνται.›οΰ
1474 3327 1580 3375 πω,
1610 3312 1802 3380 φησὶν,

1914 2221 2106 2261 novam
2140 2203 2641 2274 congregationem,
2671 2208 2884 2254 mortua
2907 2197 3217 2262 veteri,hoc
3246 2207 3350 2261 est,
3384 2212 3515 2269 syrt-

1912 2311 2103 2367 agoga.
2158 2294 2327 2350 Filios
2416 2304 2598 2348 autem
2670 2290 2921 2354 thalami,
2987 2288 3265 2357 apostolos
3334 2297 3513 2341 \‘OCaI.

1914 2392 2154 2462 Tempus
2188 2390 2314 2457 erit,
2351 2387 2549 2458 inquit,
2584 2386 2801 2455 jejunii,
2834 2399 2958 2439 cum
2990 2398 3091 2453 ego
3115 2396 3307 2452 passus
3338 2381 3511 2442 fuero.

1912 2492 1967 2540 et
2014 2492 2325 2551 assumptus
2370 2482 2424 2535 in
2475 2479 2703 2535 caelum.
2747 2476 3081 2547 Jejunabunt
3126 2474 3268 2529 fante
3296 2482 3351 2529 et
3399 2477 3511 2537 siti,

1913 2576 2353 2649 persecutionem
2386 2574 2680 2643 patientes.
2714 2569 2966 2623 Ostendit
2998 2578 3177 2623 autem
3211 2582 3373 2638 quam
3411 2571 3517 2619 itu-

1911 2670 2142 2741 perfrcti
2171 2670 2282 2725 sint
2308 2666 2585 2735 discipuli,
2614 2674 2669 2719 et
2692 2664 2830 2718 dicit
2858 2682 2871 2717 :

1983 2763 2148 2819 Vsus.
2192 2763 2277 2827 16,
2312 2763 2399 2815 17.
2448 2778 2467 2811 ι
2509 2757 2698 2812 Nullus
2739 2765 2921 2811 autem
2956 2752 3203 2806 iutmittit
3234 2765 3518 2805 assumm-

1914 2870 2024 2912 tttnt
2065 2856 2227 2927 panni
2264 2855 2417 2909 rudis
2456 2853 2510 2906 in
2544 2862 2698 2906 veste
2741 2849 2914 2903 veteri
2952 2865 2965 2900 :
3015 2846 3155 2900 tollit
3195 2845 3340 2899 enim
3390 2860 3518 2910 sup-

1910 2951 2240 3019 plementum
2295 2947 2441 3002 illius
2503 2960 2533 2999 a
2583 2943 2937 3005 vestimento,
2988 2938 3099 3011 [‘4
3146 2937 3405 3008 po-jorque
3460 2939 3516 2989 tit

1913 3053 2159 3114 ruptura.
2191 3040 2375 3111 Neque
2415 3039 2635 3092 mittunt
2670 3038 2855 3089 viuum
2894 3048 3092 3085 novum
3141 3030 3194 3082 itt
3232 3038 3381 3081 utres
3420 3041 3514 3079 ve-

1914 3148 2057 3193 teres
2089 3156 2100 3189 :
2154 3133 2356 3202 alioqui
2412 3114 2738 3199 rumpuntur
2770 3138 2942 3190 utres,
2985 3131 3039 3176 et
3072 3122 3255 3173 vinum
3286 3118 3515 3174 elluntlio

1912 3236 2021 3291 tur,
2057 3232 2111 3278 et
2142 3235 2291 3277 utres
2340 3229 2613 3289 pereunt:
2663 3218 2757 3272 sed
2801 3220 3023 3270 ntittttut
3079 3212 3263 3265 viuum
3311 3225 3510 3263 novutu

1883 3284 1966 3370 ⁸ἱη
2003 3327 2159 3369 utres
2184 3326 2378 3377 novos,
2416 3320 2467 3366 et
2506 3319 2741 3379 utraque
2764 3305 2927 3361 simul
2958 3311 3266 3357 servantur.
3307 3318 3325 3351 ι
3362 3298 3513 3353 Nun-

192 3398 239 3450 οἱ
272 3399 519 3469 μαθηταὶ
548 3400 842 3469 γεγόνασιν
877 3402 1116 3473 ἰσχυροὶ,
1155 3402 1294 3456 ἀλλά
1330 3401 1800 3469 συγκαταϐάσεως

1918 3409 2065 3469 dum,
2100 3405 2297 3473 inquit,
2350 3402 2479 3455 facti
2528 3410 2657 3454 sunt
2698 3396 2949 3465 discipuli
3006 3392 3200 3456 fortes,
3244 3391 3339 3499 sed
3376 3404 3515 3492 opus

191 3487 436 3542 δέονται⁹
467 3489 566 3543 καὶ
592 3490 653 3543 οὺ
680 3490 788 3561 χρὴ
821 3491 991 3561 βάρος
1051 3493 1236 3556 αὐτοῖς
1268 3492 1573 3547 ἐπιτιθέναι
1597 3494 1800 3546 ἐπιτα-

191 3580 441 3647 γμάτων.
470 3580 661 3635 Ταῦτα
683 3583 740 3635 δὲ
764 3583 943 3651 ἔλεγε,
968 3584 1239 3638 διδάσκων
1260 3587 1354 3640 καὶ
1375 3586 1503 3650 τοὺς
1528 3587 1802 3658 μαθητὰς,

196 3672 278 3724 ἵνα
296 3674 392 3726 καὶ
420 3674 605 3739 αὐτοὶ,
635 3676 768 3728 ὅταν
797 3676 1151 3746 μαθητεύωσι
1175 3678 1274 3748 τὴν
1300 3680 1651 3750 οἰκουμένην,
1682 3697 1807 3748 συγ-

193 3763 593 3818 καταϐαίνωσι.
640 3764 835 3831 Ῥάκος
883 3765 977 3823 οὖν
1036 3770 1279 3840 ἀγναφον
1329 3773 1362 3842 ἡ
1407 3774 1655 3843 νηστεία,
1713 3774 1807 3826 καὶ

193 3850 335 3921 οἶνος
368 3856 533 3922 νέος*
572 3859 790 3930 ἱμάτιον
838 3862 896 3915 δὲ
941 3861 1175 3916 παλαιὸν
1222 3864 1318 3917 καὶ
1360 3865 1544 3933 ἀσκοὶ,
1572 3868 1605 3937 ἡ
1637 3866 1805 3919 ἀσθέ-

194 3966 309 4002 νεια
336 3951 449 4004 τῶν
480 3951 765 4022 μαθητῶν.

268 4060 287 4092 ι
332 4041 524 4094 Ταῦτα
562 4042 730 4096 αὐτοῦ
784 4042 1074 4109 λαλοῦντος
1107 4048 1314 4115 αὐτοῖς,
1348 4050 1458 4105 ίδοὺ
1498 4053 1684 4124 ἄρχων
1718 4071 1803 4116 τις

192 4134 530 4205 προσεκύνει
554 4135 725 4207 αὐτῷ,
758 4137 935 4206 λέγων
956 4156 971 4171 ο
1016 4139 1081 4194 Ἡ
1110 4141 1357 4213 θυγάτηρ
1396 4162 1497 4213 μου
1524 4146 1652 4216 ἄρτι
1681 4150 1801 4201 ἐτε-

192 4225 483 4296 λεύτησεν,
504 4228 643 4281 ἀλλά
661 4228 836 4283 ἐλθὼν
856 4232 1047 4296 ἐπίθες
1069 4233 1170 4304 τὴν
1194 4236 1354 4305 χεῖρά
1378 4253 1473 4289 σου
1497 4238 1585 4290 ἐπ’
1604 4238 1799 4309 αὐτὴν,

190 4320 284 4374 xxi
313 4317 579 4389 ζήσεται”
636 4321 729 4373 καὶ
780 4321 1035 4392 ἐγερθεὶς
1080 4325 1108 4376 6
1175 4325 1382 4394 Ἰησοῦς
1428 4328 1804 4400 ἠκολούθησεν

191 4410 361 4481 αὐτῷ,
393 4412 492 4465 καὶ
519 4412 568 4464 οἱ
602 4412 847 4485 μαθηταὶ⁸
872 4414 1062 4472 αὑτοῦ.
1101 4435 1119 4469 ι
1155 4418 1415 4472 Φαίνεται
1449 4422 1635 4474 πίστιν
1662 4422 1803 4492 ἔχων

190 4498 367 4571 οὗτος,
401 4507 453 4559 ἐι
488 4508 584 4559 καὶ
631 4506 707 4578 μὴ
742 4508 989 4578 μεγάλην
1011 4525 1026 4539 ’
1060 4511 1375 4581 παρακαλεῖ
1416 4514 1527 4584 γάρ
1556 4514 1649 4567 τὸν
1694 4514 1804 4584 Ἰη-

194 4591 341 4663 σσῦν,
380 4598 508 4667 οὐχὶ
538 4596 682 4669 λόγῳ
728 4599 877 4669 μόνῳ
920 4600 1122 4665 είπεῖν,
1158 4602 1300 4655 ἀ).λά
1330 4606 1427 4656 καὶ
1476 4604 1676 4673 ἐλθεῖν,
1708 4607 1803 4659 καὶ

190 4688 291 4758 τὴν
314 4691 481 4759 χεῖρα
508 4686 803 4743 ἐπιθεῖναι.
829 4689 1295 4761 Τετελευτηκέναι
1322 4694 1380 4746 δὲ
1405 4692 1554 4762 λέγει
1578 4694 1678 4768 την
1708 4696 1804 4751 θυ-

1917 3498 2117 3553 habent
2158 3494 2525 3563 indulgentia,
2572 3504 2748 3558 neque
2780 3488 3004 3556 gravius
3054 3484 3224 3538 moles
3258 3481 3362 3535 illis
3409 3481 3515 3534 im-

1917 3593 2163 3661 ponenda
2199 3587 2609 3644 mandatorum.
2650 3582 2778 3637 llzec
2818 3590 3000 3633 autem
3041 3578 3277 3641 dicebat,
3311 3574 3515 3628 docens

1915 3692 1971 3736 et
2006 3678 2323 3747 discipulos,
2358 3684 2415 3728 ut
2450 3683 2504 3727 et
2540 3671 2641 3739 ipsi
2672 3668 2887 3726 docturi
2915 3669 3126 3730 orbem,
3171 3663 3515 3733 indulgentes

1917 3776 2044 3829 sint.
2095 3771 2316 3824 Paunus
2371 3768 2514 3822 enim
2562 3762 2713 3818 rudis
2755 3760 3025 3831 jejunium
3077 3766 3185 3823 est,
3230 3765 3284 3810 et
3326 3756 3513 3807 vinum

1918 3882 2115 3921 novum
2165 3882 2178 3919 :
2236 3862 2404 3916 vestis
2453 3869 2637 3913 autem
2698 3864 2849 3911 vetus
2886 3861 2940 3909 et
2991 3863 3166 3916 utres,
3222 3847 3512 3904 inﬁrmitas

1914 3958 2330 4025 discipulorum.

1992 4049 2155 4102 Vens.
2199 4046 2285 4109 18,
2331 4044 2416 4097 1η.
2461 4061 2480 4094 t
2526 4048 2661 4095 Cum
2700 4040 2815 4093 haec
2863 4034 2967 4089 illis
3000 4032 3339 4103 loqueretur,
3381 4044 3511 4085 ecce

1918 4143 2169 4210 princeps
2221 4137 2439 4207 quidam
2475 4134 2702 4189 accessit
2759 4139 2815 4186 et
2848 4128 3097 4183 adoravit
3129 4140 3253 4181 eum
3281 4125 3466 4178 dicens
3494 4142 3508 4177 :

1916 4236 2052 4290 Filia
2091 4248 2207 4287 mea
2238 4260 2243 4267 ι
2271 4231 2431 4285 modo
2462 4226 2721 4283 defuncta
2773 4232 2897 4289 est;
2927 4221 3019 4276 sed
3062 4222 3220 4283 veni,
3267 4226 3322 4271 et
3370 4232 3511 4285 puttc

1919 4345 2140 4384 manum
2182 4336 2327 4380 tuatn
2371 4338 2537 4393 super
2567 4335 2711 4385 eam,
2757 4328 2814 4373 et
2844 4317 3011 4371 vivet.
3048 4313 3393 4381 Surgensque
3421 4307 3512 4363 Je-

1916 4439 2009 4478 sus
2038 4430 2261 4474 st-cutus
2283 4428 2366 4472 est
2388 4431 2511 4471 eum
2549 4422 2606 4468 et
2643 4409 2890 4480 discipuli
2919 4408 3055 4478 ejus.
3106 4424 3125 4458 ι
3152 4403 3378 4457 Videtur
3419 4401 3510 4454 ille

1920 4515 2077 4570 ﬁdem
2109 4512 2330 4575 habere,
2352 4510 2601 4579 quamvis
2626 4519 2733 4559 non
2767 4516 3042 4573 magnam.
3074 4496 3339 4553 Obsecrat
3363 4493 3507 4546 enim

1914 4606 2123 4669 Jesum,
2153 4617 2260 4657 non
2292 4610 2351 4654 ut
2382 4598 2555 4652 solum
2572 4597 2798 4650 verbum
2825 4593 2991 4655 dicat,
3017 4586 3112 4642 sed
3136 4594 3191 4638 et
3220 4592 3278 4635 ut
3304 4581 3505 4644 veniat,

1914 4705 1967 4751 et
2003 4708 2224 4749 manum
2283 4693 2551 4759 imponat.
2600 4684 2919 4739 Defunctam
2970 4686 3150 4731 autem
3198 4686 3321 4727 esse
3372 4670 3508 4725 dicit

190 4782 423 4849 γατέρα,
452 4781 629 4834 καίτοι
664 4781 759 4835 τοῦ
804 4784 991 4836 Λουκᾶ
1016 4783 1274 4853 λέγοντος
1323 4787 1401 4850 ὡς
1443 4786 1504 4841 οὗ
1518 4806 1602 4843 πω
1633 4764 1801 4844 -τετε-

1918 4790 2104 4853 ﬁliam,
2157 4785 2404 4855 quamvis
2448 4779 2590 4851 apud
2632 4776 2836 4841 Lucam
2870 4772 3085 4827 dicatur
3120 4766 3360 4867 nondum
3410 4764 3505 4815 tle-

190 4870 483 4943 λεύτηκεν,
528 4870 561 4942 ἢ
604 4872 681 4936 ὡς
714 4875 1138 4945 στοχαζόμενος,
1190 4877 1278 4931 διά
1322 4879 1385 4932 τὸ
1430 4880 1489 4932 ἐν
1538 4883 1802 4953 ἐσχάταις

189 4964 492 5028 ἀναπνοαῖς
518 4966 692 5036 αὐτὴν
716 4967 967 5036 ἀφεῖναι,
1021 4969 1054 5039 ἦ
1084 4966 1338 5034 αὐξάνων
1361 4971 1459 5044 τὴν
1486 4976 1796 5048 συμφορὰν,

188 5054 261 5118 ὡς
289 5060 372 5121 εἰς
402 5057 555 5109 ἔλεον
586 5057 819 5112 ἑλκύσαι
846 5060 937 5113 τὸν
968 5061 1228 5131 Χριστόν.

266 5266 283 5299 ι
316 5248 429 5302 Καὶ
464 5250 573 5304 ίδοὺ
601 5253 737 5320 γυνὴ
767 5250 1144 5323 αἱμορροοῦσα
1177 5250 1389 5307 δώδεκα
1416 5252 1537 5323 ἐτη,
1566 5254 1796 5325 προσελ-

188 5339 357 5397 Caeca
409 5344 658 5414 ὄπισθεν,
701 5349 881 5419 ἥψατο
930 5349 1024 5402 τοῦ
1059 5343 1390 5421 ’κρασπέδου
1434 5350 1529 5404 τοῦ
1573 5352 1791 5422 ἱματίου

186 5432 373 5488 αὐτοῦ.
410 5437 603 5506 Ἔλεγε
629 5438 737 5510 γὰρ
767 5440 825 5493 ἐν
853 5442 1046 5512 ἐαυτῇ·
1081 5442 1210 5495 Ἐὰν
1248 5443 1412 5511 μόνον
1439 5442 1668 5513 ἅψωμαι
1694 5444 1789 5497 τοῦ

187 5526 409 5593 ἱματίου
439 5528 627 5594 αὑτοῦ,
653 5531 994 5603 σωθήσομαι.
1019 5534 1081 5587 Ὀ
1106 5534 1163 5586 δὲ
1200 5535 1408 5605 Ἰησοῦς
1431 5536 1791 5607 ἐπιστραφεὶς

183 5618 281 5671 καὶ
313 5619 442 5673 ἰδὼν
470 5622 662 5693 αὐτὴν,
685 5618 829 5677 εἷπε·
864 5626 1094 5696 Θάρσει,
1130 5628 1391 5699 θύγατερ,
1422 5628 1454 5699 ἡ
1482 5628 1660 5691 πίστις
1694 5646 1788 5683 σου

184 5709 399 5765 σέσωκέ
431 5728 527 5794 σε..
561 5715 669 5767 Καὶ
704 5714 885 5787 ἐσώθη
933 5720 965 5787 ἡ
1007 5718 1145 5791 γυνὴ
1176 5720 1283 5772 ἀπὸ
1316 5721 1416 5791 τῆς
1448 5720 1598 5791 ὦρας
1635 5722 1783 5773 ἐκεί-

179 5820 297 5875 νης.
336 5824 356 5855 ι
405 5806 745 5879 Ἀκάθαρτος
776 5807 912 5864 οὖσα
941 5811 1030 5866 διὰ
1072 5813 1133 5866 τὸ
1172 5813 1366 5880 πάθος,
1415 5815 1476 5866 οὐ
1509 5816 1784 5885 προσῆλθε

179 5895 435 5968 φανερῶς
487 5900 521 5970 ή
566 5902 727 5971 γυνὴ,
762 5903 1139 5976 εὐλαϐουμένη
1185 5908 1382 5976 μήπως
1443 5909 1693 5981 κωλυθῇ·
1736 5912 1785 5963 εί

176 5994 269 6046 καὶ
287 5995 516 6066 ἐνόμισε
539 5996 597 6049 δὲ
613 5996 919 6064 λανθάνειν,
944 6001 1087 6073 πλὴν
1105 6003 1339 6073 ἦλπισεν
1364 6005 1557 6073 ὑγείας
1576 6008 1781 6076 τυχεῖν,

174 6089 217 6137 εἰ
254 6086 424 6156 μόνον
456 6086 555 6141 τοῦ
590 6088 762 6161 ἄκρου
788 6090 881 6145 τοῦ
920 6092 1137 6162 ἱματίου
1173 6095 1391 6165 ἅψεται.
1426 6099 1597 6152 Τοῦτο
1646 6102 1778 6171 γὰρ,

1912 4884 2117 4946 functa,
2148 4854 2281 4933 dicit
2312 4888 2494 4931 autem
2545 4870 2694 4927 velut
2745 4866 3079 4937 coniectans,
3113 4874 3179 4915 eo
3219 4854 3361 4926 quod
3412 4868 3501 4907 re-

1910 4976 2145 5046 liquerat
2178 4987 2298 5025 eam
2333 4971 2445 5039 jam
2485 4974 2793 5023 extremum
2829 4957 3175 5014 exhalantem
3220 4947 3501 5048 spirituttt,

1909 5039 1993 5122 vt-‘l
2040 5077 2098 5121 ut
2128 5079 2334 5133 augens
2377 5058 2769 5119 calamitatem,
2813 5065 2922 5122 quo
2958 5047 3027 5103 ad
3066 5039 3495 5099 misericordiam

1908 5169 2231 5234 provocaret
2262 5157 2566 5211 Christum.
3389 5225 3400 5237 .
3451 5225 3462 5236 .

1978 5256 2145 5311 Vsus.
2202 5250 2393 5305 20-22.
2442 5266 2461 5299 ι
2522 5246 2588 5301 Ει
2628 5256 2756 5299 ecce
2802 5237 3002 5294 mulier
3054 5246 3175 5303 quae
3213 5239 3495 5297 sangutnts

1906 5345 2174 5420 proﬂuvio
2224 5341 2563 5397 laboraverat
2624 5334 2787 5388 anuis
2834 5327 3145 5389 duodecim,
3174 5319 3413 5420 accessit.
3461 5329 3491 5368 ε

1906 5412 2078 5512 lergo,
2112 5426 2183 5496 eti
2212 5437 2387 5507 tetigit
2433 5432 2700 5489 ﬁmbriam
2752 5420 3057 5481 vestimenti
3089 5418 3243 5487 ejus;
3277 5412 3493 5467 dicebat

1902 5541 2045 5592 enim
2071 5538 2219 5590 intra
2255 5532 2609 5600 semetipsum
2647 5544 2660 5581 :
2697 5524 2753 5580 Si
2783 5529 2996 5576 tantum
3024 5515 3249 5584 tetigero
3283 5519 3489 5561 vestem

1899 5636 2040 5701 ejus,
2091 5632 2239 5685 salva
2286 5644 2402 5682 ero.
2454 5625 2614 5681 Jesus
2648 5631 2831 5676 autem
2871 5624 3203 5672 conversus.
3251 5613 3309 5659 υι
3345 5605 3491 5701 fill“

1901 5695 2067 5787 illam,
2099 5725 2270 5778 dixit:
2300 5720 2545 5783 Cunﬁde,
2580 5716 2713 5779 ﬁlia,
2744 5712 2878 5766 ﬁdes
2904 5718 2992 5761 tua
3027 5704 3230 5760 salvam
3262 5708 3315 5752 te
3337 5695 3489 5753 fecit.

1903 5820 1963 5872 Ει
2014 5818 2160 5872 salva
2201 5817 2341 5869 facta
2396 5812 2499 5866 fuit
2548 5808 2748 5864 mulier
2779 5820 2844 5859 ex
2888 5802 3021 5857 liora
3066 5798 3177 5853 illa.
3222 5813 3242 5847 ι
3293 5790 3488 5845 Mulier

1896 5915 2010 5969 haec
2045 5912 2304 5981 quoniam
2349 5908 2419 5962 ob
2455 5906 2705 5961 morbum
2759 5896 3038 5955 immunda
3068 5900 3208 5955 erat,
3245 5901 3353 5942 non
3394 5899 3487 5938 ac-

1894 6006 2061 6062 cessit
2110 6004 2419 6070 manifeste,
2453 6000 2627 6054 verita
2675 6013 2745 6053 ne
2788 5994 2930 6049 forte
2970 6007 3077 6063 quo
3108 5997 3266 6061 pacto
3297 5982 3485 6054 prohi—

1894 6104 2135 6155 herctttr.
2175 6098 2435 6164 Quamvis
2475 6105 2654 6150 autem
2706 6092 2927 6163 putabat
2977 6106 3035 6147 se
3073 6105 3239 6163 posse
3286 6090 3479 6152 latere,
