4034 6586
557 419 656 484 931

1420 400 2008 470 THEOPHYLACTI
2064 393 2479 459 BULGARIE
2523 389 2880 451 ARCHIEP.

3758 376 3857 442 232

555 537 937 585 verumtamen
974 520 1210 595 speravit
1243 535 1300 575 se
1346 519 1639 574 sanitatem
1677 520 2077 574 assecuturam,
2103 505 2150 562 si

2269 503 2318 556 ιδ
2357 501 2692 574 κράσπεδον·
2723 498 2838 552 ἀλλ’
2870 497 2898 548 δ
2926 493 3118 565 Σωτὴρ
3153 494 3379 564 φανεροῖ
3406 492 3584 561 αὖιήν
3608 507 3620 518 ⁸
3660 490 3760 560 οὐχ
3785 492 3857 543 ὡς

553 635 760 680 tantum
795 636 1061 676 summam
1108 615 1224 683 ejus
1259 623 1460 667 vestem
1497 609 1861 674 contingeret,
1892 618 2012 674 quae
2047 616 2144 671 per

553 715 820 772 tliubriam
863 707 1221 778 significatur.
1257 707 1324 758 At
1365 702 1615 754 Salvator
1651 699 1836 768 prodit
1861 710 2003 757 eam,
2041 708 2147 746 non

551 816 608 859 ut
662 819 851 858 amans
891 804 1096 870 gloriae,
1147 800 1238 852 sed
1283 809 1340 850 ut
1392 795 1550 848 tidem
1593 795 1737 847 illius
1792 791 1860 844 ad
1908 798 2146 841 nostram

551 898 837 950 utilitatmu
867 894 1188 952 declararet,
1219 901 1272 945 et
1299 901 1354 941 ιιι
1387 890 1438 941 in
1471 887 1572 940 fide
1598 886 1962 938 roboraretur
1987 881 2148 934 etiam

551 989 1029 1056 arebisyuagogus.
1071 982 1295 1036 Cunlile
1341 994 1518 1031 autem
1571 976 1700 1029 dicit
1749 975 1821 1035 ei,
1871 988 1934 1026 eo
2007 970 2149 1040 quod

553 1078 739 1130 timida
796 1085 961 1138 erat,
1015 1076 1139 1144 quia
1200 1073 1383 1126 l‘ntlitn
1442 1071 1642 1123 donum
1720 1073 2031 1134 acceperat.
2087 1060 2156 1114 Et

553 1169 714 1223 tiliam
747 1177 926 1231 vocat,
973 1177 1030 1220 ut
1080 1165 1316 1220 ﬁdelem.
1370 1159 1624 1216 Ostendit
1673 1159 1802 1210 item
1839 1157 1984 1224 quod
2039 1153 2147 1207 nisi

553 1260 832 1315 habuisset
874 1260 1055 1322 Iidem,
1092 1256 1406 1322 neutiquam
1466 1251 1759 1320 recepisset
1797 1247 2145 1312 beneﬁcium,
2191 1275 2198 1279 -

551 1352 802 1420 quamvis
847 1362 1066 1405 sanctas
1133 1347 1448 1414 contigisset
1485 1350 1684 1395 vestes.
1733 1339 1930 1393 Dicunt
1954 1347 2145 1391 autem

550 1444 693 1510 quod
742 1451 971 1495 statuam
1028 1437 1337 1491 Scrvatoris
1381 1433 1608 1496 fecerit,
1647 1431 1713 1484 ad
1763 1430 1919 1497 cujus
1982 1429 2146 1497 pedes

2249 594 2410 663 δόξης
2462 594 2624 663 ὲρῶν,
2674 590 2786 644 ἀλλ’
2828 592 2912 642 ῖνα
2952 588 3051 658 τὴν
3092 587 3278 639 πίστιν
3316 585 3486 653 αὐτῆς
3525 583 3683 655 δείξῃ
3723 585 3857 651 πρὸς

2247 687 2522 755 ῶιρέλειαν
2547 683 2728 754 ήμῶν,
2763 683 2858 735 καὶ
2883 681 2969 734 ἴνα
2999 679 3249 749 πιστωθῄ
3278 679 3371 732 καὶ
3398 676 3426 729 ὁ
3461 677 3856 746 ἀρχισυνάγω-

2250 797 2364 848 γος.
2387 780 2591 849 Θάρσει
2618 778 2699 840 δὲ,
2723 776 2872 843 λέγει
2898 777 3058 845 αὐτῇ,
3079 774 3214 826 διότι
3241 771 3485 840 ἐφοϐήθη
3510 761 3592 832 εὼς
3611 770 3859 837 κλέψασα

2249 873 2350 943 τὴν
2403 871 2634 939 δωρεὰν,
2685 869 2780 920 καὶ
2826 866 3105 935 θυγατέρα
3161 865 3218 917 δὲ
3270 867 3448 928 καλεῖ,
3507 861 3587 924 ὡς
3637 862 3857 931 πιστήν.

2253 965 2506 1017 Δείκνυσι
2535 963 2591 1015 δὲ
2621 964 2728 1025 ὅτι,
2763 960 2860 1012 ἐὰν
2903 961 2980 1030 μὴ
3017 962 3200 1010 πίστιν
3247 959 3628 1026 προσήγαγεν,
3663 955 3764 1007 ούκ
3797 952 3861 1006 ἂν

2251 1055 2414 1110 ἔλαϐε
2442 1056 2540 1124 τὴν
2580 1055 2762 1123 χάριν,
2803 1051 2906 1105 κᾶν
2933 1051 3001 1104 τὰ
3039 1051 3232 1119 ἱμάτια
3266 1050 3399 1117 ἅγια
3430 1044 3598 1119 ἦσαν.
3624 1049 3860 1116 Λέγουσι

2250 1149 2305 1202 δὲ
2341 1148 2416 1210 ὡς
2467 1146 2762 1216 ἀνδριάντα
2815 1144 2956 1214 αῦτη
2990 1143 3083 1196 τοῦ
3124 1143 3383 1211 Σωτῆρος
3424 1141 3756 1210 εἰργάσατο,
3799 1136 3860 1194 0'5

2250 1242 2404 1312 παρὰ
2434 1240 2561 1303 τοὺς
2591 1241 2758 1302 πόδας
2789 1237 2987 1306 ἐφύετο
3037 1236 3242 1306 βοτάνη
3269 1237 3389 1299 ταῖς
3421 1234 3861 1306 αίμορῥοούσαις

2251 1333 2546 1406 βοηθοῦσα,
2595 1333 2657 1386 ὃν
2687 1335 2744 1386 ὲν
2783 1333 2896 1395 τοῖς
2947 1328 3244 1383 Ἰουλιανοῦ
3286 1328 3504 1400 χρόνοις
3544 1329 3594 1380 οἱ
3642 1326 3860 1392 ἀσεϐεῖς

2252 1426 2604 1495 συνέτριψαν.

555 1533 872 1586 nascebntttt
949 1530 1114 1583 herba
1157 1541 1276 1596 ηιιιε
1350 1523 1614 1594 proﬂuvio
1685 1519 1965 1592 sanguinis
2032 1517 2406 1574 laborantibus
2455 1518 2766 1582 medeatur,
2822 1529 2986 1585 quam
3037 1511 3237 1568 Juliani
3292 1513 3635 1582 temporibus
3709 1509 3859 1583 impii

551 1624 944 1680 contriverunt.

626 1714 786 1769 Vens.
823 1713 916 1774 23.
947 1713 1040 1765 Ἡ.
1076 1730 1093 1762 ι
1127 1709 1191 1764 Et
1218 1726 1342 1764 eum
1373 1709 1612 1764 venisset
1646 1705 1805 1762 Jesus
1834 1705 1888 1759 in
1921 1704 2142 1758 domum

2335 1722 2352 1754 ι
2386 1701 2498 1754 Kal
2529 1700 2701 1755 ἐλθὼν
2730 1701 2758 1752 ὁ
2784 1699 2993 1771 Ἰησοῦς
3011 1702 3090 1764 εις
3109 1699 3206 1772 τήν
3235 1701 3419 1756 οἰκίαν
3451 1700 3544 1755 τοῦ
3575 1702 3857 1773 ἄρχοντος.

553 1808 833 1878 principis,
881 1816 937 1860 et
985 1804 1208 1859 vidisset
1259 1803 1512 1856 tibicines
1557 1810 1613 1856 et
1679 1801 1893 1854 turbam
1946 1797 2147 1852 tumul-

2269 1799 2349 1850 ιαί
2387 1795 2510 1849 ίδὼν
2549 1798 2674 1858 τοὺς
2704 1795 2968 1866 αὐλητὰς,
2996 1797 3090 1848 καὶ
3124 1796 3216 1847 τὸν
3242 1795 3400 1866 δχλον
3431 1795 3857 1866 θορυϐούμενον,

556 1911 818 1963 tuantem,
858 1899 988 1952 dicit
1023 1897 1130 1951 illis
1161 1913 1175 1950 :
1211 1895 1482 1959 Secedite,
1518 1910 1623 1948 non
1655 1893 1799 1948 enim
1838 1900 2048 1946 mortua
2067 1901 2151 1946 est

553 1991 982 2052 adulescentula,
1022 1990 1114 2043 sed
1157 1989 1380 2042 dormit.
1427 1986 1492 2040 Et
1540 1985 1863 2040 deridebant
1896 1984 2068 2038 illum.
2120 2001 2138 2034 ι

555 2080 824 2148 Quoniam
877 2081 1118 2132 nondum
1171 2089 1336 2148 nupta
1400 2087 1540 2143 erat,
1581 2075 1851 2132 deﬂebant
1893 2092 2010 2131 eam
2054 2092 2153 2129 nu-

555 2173 811 2243 ptialibus
870 2172 1038 2233 tibiis.
1097 2174 1394 2226 secundum
1453 2171 1634 2241 legem
1707 2171 1809 2226 hoc
1862 2169 2148 2224 facientes.

557 2265 808 2321 Dormire
849 2275 1031 2319 autem
1075 2265 1207 2319 dicit
1255 2265 1425 2329 illam,
1463 2279 1529 2320 eo
1559 2263 1703 2333 quod
1731 2262 1870 2334 apud
1916 2279 1975 2318 se
2005 2278 2154 2317 mors

568 2374 795 2414 somnus
836 2371 1028 2413 esset:
1075 2358 1292 2413 valebat
1339 2358 1484 2413 enim
1535 2356 1698 2413 facile
1729 2358 2019 2412 suscitare.
2052 2355 2155 2412 Ce-

562 2463 737 2506 terum
770 2453 913 2520 quod
939 2451 1252 2506 deriserunt
1280 2465 1429 2515 eum,
1463 2466 1530 2505 ne
1567 2450 1782 2505 mireris
1809 2469 1821 2504 :
1851 2467 1977 2505 nam
2009 2452 2157 2506 testi-

563 2543 801 2595 monium
847 2543 1079 2609 amplius
1127 2543 1260 2596 dant
1303 2543 1590 2605 miraculo,
1625 2543 1770 2611 quod
1819 2558 1946 2598 vere
2003 2559 2155 2598 mor-

561 2641 709 2686 tuam
748 2634 1046 2688 suscitarit.
1082 2632 1159 2689 Ne
1190 2636 1313 2704 quis
1349 2637 1493 2690 enim
1539 2635 1747 2690 diceret
1792 2636 1936 2705 quod
1972 2638 2026 2691 in
2054 2652 2153 2692 ex-

559 2741 718 2782 cessu
754 2728 986 2796 quodam
1031 2735 1201 2794 esSet,
1237 2728 1442 2783 idcirco
1473 2727 1526 2784 in
1577 2726 1829 2784 confesso
1861 2740 1980 2784 erat
2013 2730 2152 2800 apud

560 2832 753 2873 omnes
786 2819 901 2887 ejus
937 2835 1102 2873 trors.

638 2907 802 2964 Vens.
833 2909 924 2975 25,
961 2909 1050 2964 26.
1089 2929 1108 2962 ‹
1154 2910 1254 2966 Ubi
1295 2911 1403 2984 45
1438 2924 1616 2970 autem
1658 2917 1828 2987 ejecta
1857 2927 1937 2972 est
1972 2917 2151 2979 turba,

562 2999 842 3070 ingressus
873 3009 976 3063 est,
1021 3012 1073 3053 et
1111 3004 1284 3057 tenuit
1319 3020 1538 3059 manum
1586 3007 1732 3064 illius
1764 3027 1777 3063 :
1821 3021 1874 3063 et
1914 3009 2154 3063 surrexit

565 3091 994 3147 adolescentula.
1030 3092 1093 3146 Et
1121 3097 1398 3150 emanavit
1427 3097 1567 3152 fama
1613 3100 1701 3153 illa
1750 3101 1802 3153 in
1840 3110 2006 3155 lotam
2046 3111 2154 3155 ter-

2255 1891 2404 1959 λέγει
2435 1891 2642 1953 αὐτοῖς·
2676 1891 3072 1959 Ἀναχωρεῖτε,
3106 1889 3167 1942 ού
3199 1889 3311 1959 γὰρ
3345 1889 3588 1943 ἀπέθανε
3612 1889 3675 1942 τὸ
3707 1890 3859 1959 κορά-

2256 1998 2392 2046 σιον,
2427 1982 2562 2034 ἀλλὰ
2599 1981 2875 2034 καθεύδει.
2899 1983 3008 2034 Kal
3036 1981 3350 2049 κατεγέλων
3381 1981 3610 2035 αὑτοῦ.»
3634 1981 3858 2052 Ἐπειδὴ

2254 2075 2466 2144 ἄγαμος
2487 2070 2576 2145 ἦν,
2603 2074 2740 2145 μετὰ
2760 2073 2869 2127 τῶν
2886 2075 3143 2144 γαμικῶν
3167 2074 3346 2128 αὐλῶν
3371 2076 3545 2146 αὑτήν
3567 2075 3858 2148 ἐθρήνουν,

2257 2169 2406 2236 παρὰ
2438 2169 2530 2220 τῖν
2557 2167 2722 2237 νόμον
2754 2167 2912 2219 τοῦτο
2945 2165 3229 2230 ποιοῦντες
3250 2183 3265 2198 ο
3301 2168 3593 2221 καθεύδειν
3617 2169 3678 2221 δὲ
3713 2169 3858 2236 λέγει

2254 2261 2446 2331 αὐτὴν,
2469 2260 2606 2313 διότι
2627 2260 2757 2330 παρ’
2783 2260 2932 2330 αύτῷ
2954 2264 2980 2312 ὀ
3003 2260 3235 2324 Θάνατος
3257 2260 3426 2323 ὕπνος
3450 2255 3541 2332 ἦν,
3569 2262 3860 2332 δυναμένῳ

2255 2351 2498 2414 εὐκόλως
2542 2351 2874 2420 ἀναστῆσαι.
2929 2350 2990 2403 Εί
3041 2350 3100 2404 δὶ
3131 2349 3511 2420 καταγελῶσιν
3563 2353 3757 2419 αὑτοῦ,
3789 2350 3859 2423 μὴ

2256 2445 2575 2516 θαυμάσῃς·
2616 2443 2957 2515 μαρτυροῦσι
2992 2445 3100 2512 γὰρ
3136 2443 3341 2513 μᾶλλον
3371 2441 3451 2513 τῷ
3482 2442 3751 2513 θαύματι,
3788 2443 3858 2504 ὡς

2255 2540 2460 2607 νεκρὰν
2490 2537 2568 2608 τῷ
2608 2539 2727 2590 δντι
2759 2536 3204 2607 ἁναστήσαντοςο
3237 2535 3325 2589 ῐνα
3357 2536 3465 2606 γὰρ
3509 2537 3678 2606 μήτις
3730 2535 3859 2606 λέγῃ

2255 2631 2339 2683 ὅτι
2390 2632 2623 2700 κάτοχος
2671 2628 2910 2697 ἐγένετο,
2961 2629 3052 2682 διὰ
3106 2627 3268 2682 τοῦτο
3322 2627 3659 2702 ὡμολογήθη
3711 2627 3860 2701 παρὰ

2257 2723 2477 2776 πάντων
2508 2722 2823 2777 ἀποθανεῖν.

2337 2928 2354 2960 ι
2396 2908 2529 2962 Ὅτε
2568 2908 2624 2961 δὲ
2671 2907 2938 2981 ἐξεϐλήθη
2973 2911 3002 2963 ὁ
3051 2909 3232 2981 ὄχλος,
3287 2907 3552 2963 εἰσελθὼν
3591 2910 3859 2992 ἐκράτησε

2257 3003 2357 3072 τῆς
2393 3004 2572 3074 χειρὸς
2598 3001 2790 3071 αὐτῆς,
2821 3003 2916 3056 καὶ
2943 3002 3153 3072 ηγέρθη
3179 3003 3238 3054 τὸ
3268 3003 3554 3074 κοράσιον,
3587 3003 3686 3056 καὶ
3709 3001 3863 3072 ὶξῆλ-

2261 3094 2351 3147 θεν
2380 3098 2411 3165 ἡ
2444 3098 2602 3166 φήμη
2630 3094 2771 3164 αὓτη
2805 3097 2884 3158 εἰς
2908 3095 3039 3166 ὃλην
3065 3095 3166 3167 τὴν
3205 3095 3311 3165 γῆν
3347 3094 3591 3164 εκείνην.
3629 3113 3648 3147 ι
3696 3096 3861 3149 Ἔνθα

565 3199 678 3237 ram
711 3184 879 3238 illam.
927 3204 944 3236 ι
986 3185 1086 3241 Ubi
1119 3189 1272 3241 turba
1301 3199 1378 3244 est
1407 3199 1461 3246 et
1489 3193 1857 3257 tumultuatio,
1897 3209 2001 3247 non
2030 3208 2153 3262 ope-

2269 3188 2416 3258 δχλος
2445 3191 2540 3240 καὶ
2575 3189 2988 3259 περισπασμὸς,
3025 3189 3086 3241 ού
3116 3189 3532 3259 θαυματουργεῖ
3557 3190 3586 3241 ό
3629 3189 3858 3260 Ἰησοῦς.

565 3282 716 3328 ratur
757 3277 1022 3330 miracula
1064 3273 1247 3333 Jesus.
1285 3277 1458 3335 Tenet
1501 3292 1680 3336 autem
1717 3298 1956 3350 manum,
1987 3285 2156 3337 virtu-

567 3373 674 3417 tem
727 3364 798 3418 illi
834 3365 989 3422 dans.
1043 3366 1109 3421 Et
1156 3377 1235 3431 tu,
1289 3371 1335 3425 si
1387 3381 1637 3428 mortuus
1681 3372 1852 3428 fueris
1894 3376 2153 3442 peccatis,

563 3459 698 3506 tunc
728 3467 916 3522 surges
951 3456 1167 3523 quando
1210 3457 1584 3526 apprehendet
1617 3476 1839 3515 manum
1878 3471 2046 3528 tuam,
2081 3465 2154 3516 ita

565 3557 622 3600 ut
652 3547 893 3614 opereris
941 3548 1114 3616 ejecta
1154 3551 1334 3615 turba,
1375 3561 1430 3606 et
1474 3553 1898 3609 tumultuatione
1942 3557 2153 3611 sedata.

636 3655 803 3712 Vzns.
859 3657 948 3712 ‘27.
1004 3678 1021 3710 ι
1067 3659 1130 3713 Ει
1180 3676 1300 3714 cum
1361 3662 1704 3718 discessisset
1764 3666 1911 3721 illine
1970 3666 2154 3733 Jesus,

566 3749 738 3801 secuti
772 3758 898 3802 sunt
933 3750 1081 3803 illum
1125 3752 1231 3804 duo
1265 3752 1416 3817 creei,
1449 3753 1749 3809 clamantes
1803 3767 1858 3811 et
1893 3759 2154 3824 dicentes,

567 3839 820 3895 Miserere
854 3843 1048 3907 nostri,
1083 3842 1179 3896 Fili
1214 3842 1402 3898 David.
1436 3863 1455 3896 ι
1479 3846 1615 3901 (Σωσί
1651 3858 1705 3900 ιιι
1738 3847 1847 3903 Deo
1881 3851 2154 3918 dicebant,

568 3929 864 3984 Miserere:
917 3943 972 3983 ιιι
1015 3920 1215 3984 homini
1277 3945 1455 3988 autent
1501 3938 1773 4001 dicebant,
1810 3924 1911 3995 Fili
1966 3942 2152 3997 David.

566 4020 792 4075 Celebre
834 4025 976 4074 enim
1008 4034 1126 4076 erat
1165 4026 1304 4093 apud
1333 4023 1568 4091 Judzros,
1605 4029 1852 4084 Messian:
1887 4047 1917 4085 e
1948 4034 2154 4088 semine

569 4114 732 4167 DaVid
769 4128 1078 4172 venturum.

639 4226 806 4280 Vsus.
841 4227 932 4280 28.
982 4246 999 4278 ι
1041 4229 1109 4281 At
1151 4245 1274 4284 eum
1323 4232 1561 4287 venisset
1607 4234 1658 4287 in
1695 4236 1858 4302 aedes,
1905 4237 2157 4293 adierunt

568 4318 715 4372 illum
759 4321 906 4373 ea-ci.
943 4321 1007 4372 lit
1046 4321 1177 4374 dicit
1218 4322 1322 4376 illis
1359 4323 1514 4378 Jesus
1546 4325 1812 4381 :Creditis
1843 4331 1984 4396 quod
2030 4346 2157 4398 pos-

570 4410 670 4460 sim
698 4411 798 4461 boc
833 4409 1052 4463 facere?
1080 4413 1266 4466 dicunt
1305 4414 1377 4466 illi
1406 4432 1418 4468 :
1456 4415 1653 4482 Etiam,
1695 4418 1938 4475 Domine.
1975 4440 1993 4472 ι
2023 4421 2158 4475 Tra-

568 4501 644 4552 bit
677 4515 858 4555 secum
892 4517 1065 4557 catt-os
1092 4519 1263 4573 usque
1292 4507 1344 4560 in
1391 4509 1632 4576 domum,
1677 4521 1735 4565 ut
1767 4525 2034 4568 monstret
2067 4531 2155 4570 so-

568 4591 735 4642 lidam
765 4591 978 4645 illorum
1032 4595 1212 4660 tidem,
1250 4607 1298 4650 et
1347 4600 1931 4658 eondemnetJudtcos.
1978 4602 2152 4660 Inter-

571 4689 723 4750 rogat
750 4693 927 4736 autem
963 4700 1058 4739 eos
1085 4703 1152 4740 an
1184 4691 1431 4757 credant,
1463 4693 1754 4748 ostendens
1785 4693 1944 4749 ﬁdem
1972 4706 2152 4751 omnia

569 4772 851 4840 perficere.

647 4887 808 4944 Vsus.
841 4891 930 4955 29,
970 4894 1062 4958 50,
1109 4914 1127 4946 ι
1166 4893 1319 4952 Tunc
1364 4897 1535 4969 tetigit
1577 4900 1761 4956 oculos
1796 4901 2028 4969 illorum,
2078 4907 2158 4959 di-

570 4997 699 5036 cens
735 5001 750 5038 :
784 4984 1088 5040 Secundum
1123 4998 1357 5044 vestram
1388 4991 1545 5045 fidem
1575 4991 1669 5046 ﬁat
1700 4995 1869 5049 vobis.
1902 4995 1964 5048 Et
1985 5000 2157 5065 aperti

570 5084 696 5127 sunt
741 5074 949 5131 illorum
1006 5080 1168 5133 oculi.
1215 5101 1232 5132 ι
1289 5081 1346 5136 In
1397 5085 1554 5136 domo
1602 5088 1832 5139 seorsim
1884 5101 2062 5150 curat,
2101 5099 2160 5145 ut

572 5164 773 5218 vitetur
806 5167 984 5223 inanis
1023 5172 1211 5240 gloria.
1246 5174 1349 5228 Per
1383 5176 1566 5229 omnia
1598 5177 1742 5231 enim
1781 5180 1940 5234 docet
1974 5185 2158 5236 mode-

573 5255 732 5310 stiam
759 5267 808 5310 et
844 5259 1198 5318 humilitatem
1238 5268 1455 5321 mentis.

650 5369 812 5423 \‘sns.
845 5371 932 5433 50.
978 5374 1066 5428 3i.
1113 5395 1131 5426 ι
1172 5378 1240 5430 Ει
1275 5379 1657 5437 interminatus
1703 5394 1787 5438 est
1829 5385 1936 5439 illis
1980 5386 2157 5454 Jesns,

573 5460 799 5517 dicens:
837 5463 1021 5520 Videte
1063 5483 1130 5520 ne
1162 5476 1285 5536 «nus
1316 5474 1470 5526 sciat.
1523 5474 1596 5527 Illi
1634 5488 1813 5530 autem
1863 5489 1919 5531 ut
1953 5482 2158 5547 egressi

577 5564 723 5617 sunt,
754 5555 1172 5613 diﬂ'atnaverunt
1207 5563 1355 5616 illum
1384 5566 1434 5617 in
1468 5575 1578 5620 tota
1615 5579 1754 5623 terra
1792 5571 1902 5626 illa.
1946 5591 1963 5622 ι
2001 5573 2160 5627 Vides

575 5649 842 5714 quomodo
882 5648 1076 5704 fastum
1134 5652 1376 5721 fugerit?
1435 5655 1512 5709 Illi
1557 5673 1682 5712 vero
1726 5676 1831 5714 non
1870 5670 1926 5714 ut
1977 5663 2160 5716 inobe-

574 5735 800 5800 ditantes,
834 5741 924 5792 sed
959 5749 1014 5794 ut
1044 5745 1205 5810 grnli,
1232 5745 1663 5814 divulgaverunt.
1700 5749 1959 5816 Quamvis
1979 5764 2159 5806 autem

573 5824 766 5886 alicubi
816 5829 996 5885 dicere
1031 5834 1258 5902 videtur,
1297 5837 1417 5905 Abi,
1467 5849 1519 5893 et
1559 5857 1717 5894 narra
1753 5843 1980 5912 gloriam
2043 5844 2158 5909 Dei,

2261 3281 2468 3351 Κρατεῖ
2490 3280 2545 3332 δὲ
2578 3281 2677 3349 τῆς
2708 3280 2914 3352 χειρὸς,
2962 3280 3198 3345 ἐντιθεὶς
3242 3280 3478 3351 δύναμιν
3501 3297 3518 3312 ο
3551 3282 3650 3335 καὶ
3688 3283 3754 3335 σὺ
3785 3282 3859 3346 δι,

2261 3371 2356 3424 ἐὰν
2399 3371 2683 3441 νεκρωθῇς
2727 3374 2849 3434 ταῖς
2908 3372 3236 3443 ἁμαρτίαις,
3271 3372 3392 3424 τότε
3442 3373 3730 3445 ἀναστήσῃ
3777 3374 3860 3426 ὅτι

2261 3464 2530 3533 κρατήσει
2566 3481 2658 3515 σου
2693 3462 2792 3530 τῆς
2846 3465 3033 3534 χειρὸς
3064 3465 3162 3534 τῆς
3195 3465 3538 3536 πρακτικῆς,
3567 3465 3665 3519 τὸν
3708 3466 3858 3538 δχλον

2260 3559 2354 3610 καὶ
2382 3558 2473 3609 τὸν
2504 3557 2893 3628 περισπασμὸν
2919 3556 3191 3613 ἐκϐαλών.

2338 3692 2354 3722 ι
2395 3671 2496 3724 Καὶ
2531 3670 2839 3740 παράγοντι
2872 3672 3086 3724 ἐκεῖθεν
3120 3669 3198 3742 τῷ
3243 3672 3442 3745 Ἰησοῦ,
3484 3674 3862 3748 ἠκολούθησαν

2260 3763 2411 3831 αύτῴ
2453 3763 2546 3814 δύο
2578 3763 2788 3829 τυφλοῖ,
2823 3764 3121 3832 κράζοντες
3157 3764 3253 3817 καὶ
3281 3766 3555 3830 λέγοντες·
3608 3768 3861 3838 Ἐλέησον

2260 3857 2427 3924 ἡμᾶς,
2459 3855 2555 3908 Υἱὲ
2587 3857 2772 3907 Δαυῖό.
2802 3874 2816 3904 ι
2849 3857 2910 3908 Ol
2933 3856 3121 3925 τυφλοὶ
3150 3855 3225 3920 ὡς
3260 3859 3355 3910 αὲν
3382 3858 3503 3930 Θεῷ
3548 3860 3738 3930 ἔλεγον
3782 3864 3860 3925 τὸ,

2261 3945 2536 4015 Ἐ).ἐησον“
2559 3947 2634 4008 ὡς
2667 3946 2722 3998 δὲ
2747 3945 3024 4016 ἀνθρώπῳ
3066 3947 3144 4008 τὸ,
3178 3947 3269 4000 Υἱὲ
3297 3950 3482 4002 Δαυῖδ.
3521 3951 3864 4021 Ἐθρυλλεῖτο

2260 4039 2368 4107 γὰρ
2399 4039 2547 4106 τωρ-ἂι
2575 4041 2684 4099 τοῖς
2729 4036 3006 4100 Ἰουδαίοις
3047 4039 3122 4102 ὡς
3158 4040 3184 4091 ό
3217 4041 3462 4106 Μεσσίας
3502 4043 3566 4094 ἐκ
3608 4047 3862 4118 σπέρμα-

2259 4146 2350 4192 τος
2381 4128 2547 4181 Δαυῖδ
2586 4128 2889 4182 ἐλεύσεται.

2337 4262 2355 4293 ι
2407 4245 2646 4296 Ἐλθόντι
2688 4244 2744 4296 δὲ
2775 4244 2852 4306 είς
2890 4245 2988 4312 τὴν
3025 4244 3224 4309 οἰκίαν,
3274 4248 3582 4317 προσῆλθον
3628 4251 3783 4323 αὑτῷ
3817 4254 3864 4306 nl

2261 4336 2474 4403 τυφλοί.
2511 4336 2619 4388 Καὶ
2669 4335 2816 4401 λέγει
2847 4337 3028 4397 αὐτοῖς
3075 4338 3104 4388 ό
3135 4337 3349 4407 Ἰησοῦς
3376 4356 3388 4370 ·
3437 4341 3736 4396 Πιστεύετε
3787 4348 3865 4399 ὅτι

2260 4425 2496 4518 δύναμαι
2522 4425 2679 4479 τοῦτο
2702 4427 2956 4498 ποιῆσαις
2979 4430 3247 4496 Λέγουσιν
3272 4431 3445 4502 αύτῷ·
3471 4433 3605 4497 Nal,
3631 4435 3859 4506 Κύριε.»

2183 4551 2236 4611 D
2264 4520 2535 4591 Παρέλκει
2560 4523 2684 4584 τοὺς
2711 4522 2948 4590 τυφλοὺς
2972 4523 3098 4591 ἄχρι
3129 4523 3226 4577 καὶ
3253 4527 3353 4594 τῆς
3375 4526 3576 4592 οἰκίας,
3605 4529 3694 4582 ἴνα
3718 4529 3868 4603 δείξῃ

2264 4611 2364 4680 τὴν
2407 4612 2669 4680 ἐπίμονον
2717 4613 2899 4666 αὐτῶν
2955 4616 3166 4679 πίστιν,
3220 4617 3316 4668 καὶ
3370 4626 3684 4690 κατακρίνῃ
3742 4625 3866 4686 τοὺς

2267 4702 2578 4762 Ἰουδαίους.
2613 4703 2823 4773 Ἐρωτᾷ
2849 4704 2905 4756 δὲ
2951 4705 3149 4768 αὐτοὺς
3183 4709 3232 4759 εί
3262 4708 3616 4776 πιστεύουσι,
3648 4711 3864 4779 δεικνὺς

2265 4793 2346 4845 ὅτι
2374 4793 2548 4845 πάντα
2579 4796 2612 4864 ή
2648 4796 2829 4859 πίστις
2864 4798 3145 4868 κατορθοῖ.

2357 4928 2374 4958 ι
2417 4909 2551 4961 τότε
2578 4910 2759 4978 ἥψατο
2788 4913 2896 4964 τῶν
2927 4912 3226 4982 ὀφθαλμῶν
3257 4915 3460 4978 αὐτῶν,
3480 4917 3680 4986 λέγων·
3713 4921 3866 4976 Κατὰ

2267 5001 2366 5069 τὴν
2412 5002 2591 5054 πίστιν
2630 5003 2782 5071 ὑμῶν
2825 5003 3113 5074 γενηθήτω
3163 5007 3316 5077 ὑμῖν.
3352 5009 3462 5062 Καὶ
3507 5011 3867 5082 ἀνεῴχθησαν

2268 5093 2449 5146 αὐτῶν
2477 5095 2526 5146 οί
2556 5096 2845 5164 ὀφθαλμοί.
2882 5117 2900 5148 ι
2950 5097 3041 5151 Ἐν
3075 5101 3225 5167 οίκίᾳ
3272 5099 3575 5172 θεραπεύει
3627 5108 3725 5159 καὶ
3751 5109 3867 5160 κατ’

2272 5184 2428 5248 ἰδίαν,
2455 5185 2542 5238 διὰ
2575 5187 2634 5239 τὸ
2660 5188 2999 5256 ἁφιλόδοξον.
3034 5193 3326 5264 Πανταχοῦ
3358 5196 3469 5264 γὰρ
3499 5213 3866 5271 ταπεινοφροο

2269 5278 2379 5328 νεῖν
2407 5276 2670 5331 διδάσκει.

2349 5409 2365 5440 ι
2417 5392 2527 5444 Kal
2590 5392 2994 5463 ἐνεϐριμήσατο
3061 5397 3245 5462 αὐτοῖς
3297 5400 3327 5452 ὁ
3382 5400 3620 5470 Ἰησοῦς,
3670 5403 3864 5476 λέγων·

2285 5481 2477 5552 Ὁρᾶτε
2525 5484 2714 5552 μηδεὶς
2749 5489 3087 5553 γινωσκέτω.
3123 5491 3188 5542 Ol
3242 5493 3299 5545 δὲ
3334 5491 3646 5560 ἐξελθόντες
3683 5499 3866 5568 διεφή..

2276 5593 2439 5645 μισαν
2475 5577 2636 5629 αὑτὸν
2662 5580 2719 5630 ὲν
2743 5579 2836 5649 ὅλῃ
2860 5583 2924 5649 τῇ
2953 5584 3022 5650 γῇ
3058 5584 3266 5655 ἐκείνῃ.
3292 5604 3308 5636 ι
3354 5585 3517 5658 Ὁρᾷς
3535 5589 3597 5642 τὸ
3628 5591 3860 5660 acu-1:03;

2285 5670 2514 5722 Ἐκεῖνοι
2561 5671 2640 5737 δὲ,
2700 5673 2798 5742 οὐχ
2845 5675 2918 5736 ὡς
2957 5677 3337 5744 ἀπειθοῦντες,
3381 5682 3497 5733 dux
3530 5683 3607 5748 ὡς
3649 5689 3867 5758 εὐχαρ-

2275 5761 2522 5825 στοῦντες
2555 5765 2906 5835 διεφήμισαν,
2936 5767 2995 5818 Εἰ
3014 5767 3067 5819 δξ
3098 5770 3334 5842 ἀλλαχοῦ
3361 5775 3637 5842 φαίνεται,
3659 5779 3859 5849 λέγων’

2279 5850 2540 5917 Ἂπελθε,
2565 5854 2656 5905 κ..ιὶ
2691 5853 2884 5922 διηγοῦ
2923 5855 3017 5926 τὴν
3038 5856 3195 5925 δόξαν
3226 5864 3317 5916 τοῦ
3351 5864 3508 5934 Θεοῦ,
3537 5869 3697 5923 οὐδὲν
3722 5875 3864 5926 ἐναν-
