4034 6652
202 686 306 748 ἓῒΠ

877 686 1324 748 ENARRATIO
1364 685 1444 747 IN
1483 681 1986 747 EVANGELIUM
2015 684 2398 744 MATTIUEI.
2432 709 2492 720 -
2523 684 2679 745 CAP.
2717 685 2788 743 X.

3340 682 3447 746 238

201 814 490 870 ακριοειαν
544 797 738 859 αὐτοὺς
791 797 1080 867 γυμνάζει,
1133 798 1223 850 διά
1253 796 1411 850 τοῦτο
1454 797 1777 865 ἀπερίττους

1883 793 1969 846 dio
2000 807 2094 845 eos
2124 800 2359 856 exercet,
2400 802 2452 845 et
2485 801 2765 861 propterea
2816 788 2996 844 omnia
3041 790 3110 844 ab
3145 791 3228 845 his
3259 805 3446 860 super-

201 891 399 952 αὑτοὺς
438 887 714 950 παντελῶς
768 886 937 939 ποιῶν
980 889 1088 940 καὶ
1116 887 1477 958 ἀμερίμνους,
1530 885 1651 938 οὐδὲ
1684 886 1776 954 pd-

201 980 358 1041 ϐδους
393 980 670 1048 συγχωρεῖ
689 978 857 1047 ἔχειν.
883 978 1056 1032 Τοῦτο
1087 979 1248 1049 γάρή
1275 978 1511 1049 ἀκριϐής
1535 978 1778 1046 ἀκτήμο-

203 1073 362 1139 σύνη,
411 1070 642 1122 ποιοῦσα
683 1069 1036 1124 πιστεύεσθαι
1083 1071 1173 1124 τὸν
1205 1073 1333 1141 περὶ
1395 1067 1779 1139 ἀκτημοσύνης

201 1160 539 1228 διδᾴσκοντα.
583 1157 716 1213 Εἶτα
751 1161 836 1213 ἵνα
864 1163 938 1231 μὴ
963 1161 1183 1229 λέγωσι,
1219 1161 1390 1215 Πόθεν
1415 1156 1780 1230 διατραφησόο

204 1251 379 1320 μεθα;
415 1251 612 1318 φησίν
652 1269 670 1302 t
705 1251 888 1315 ’Ἄξιος
919 1255 948 1304 6
1001 1252 1242 1320 ὲργάτης
1290 1250 1389 1318 τῆς
1425 1250 1633 1320 τροφῆς
1682 1251 1781 1303 αὖ·

200 1339 316 1400 τοῦ,
360 1358 380 1390 ι
444 1340 743 1403 τουτέστιν,
799 1343 863 1393 εκ
919 1340 1030 1392 τῶν
1097 1338 1357 1409 μαθητῶν
1408 1339 1778 1411 τραφήσεσθε.

203 1429 554 1498 Χρεωστοῦσι
585 1432 692 1500 γὰρ
721 1433 879 1483 τοῦτο
909 1431 1036 1498 ὑμῖν
1071 1431 1146 1492 ὠς
1170 1431 1445 1500 ἐργάταις.
1475 1431 1694 1501 Τροφῆς
1723 1429 1780 1482 δὲ

203 1516 378 1587 εἶπεν,
400 1526 460 1573 οὐ
484 1521 716 1591 τρυφῆς.
745 1521 823 1573 Οὐ
872 1523 980 1590 γὰρ
1010 1521 1091 1574 δεῖ
1127 1523 1339 1594 τρυφᾷν
1369 1523 1492 1586 τοὺς
1517 1521 1740 1574 διδασγά
1759 1551 1781 1561 -

201 1613 350 1674 λους.

279 1723 297 1755 ι
336 1705 425 1765 Εἰς
459 1690 526 1773 ἦν
552 1703 599 1755 δ’
647 1703 713 1756 ἂν
747 1703 902 1756 πόλιν
942 1703 1199 1774 ήκὼμην
1236 1702 1540 1774 εἰσέλθητε,
1595 1701 1781 1770 ἐξετά-

199 1810 332 1846 σατε
384 1795 468 1857 τίς
521 1796 578 1847 ὲν
608 1794 746 1863 αὐτῇ
787 1795 937 1860 ἄξιός
975 1797 1114 1861 ἐστι,
1141 1797 1304 1849 κάκεῖ
1333 1797 1555 1864 μείνατε
1576 1798 1679 1860 ἓως
1715 1797 1782 1850 ἂν

197 1889 475 1958 ἐξέλθητε.
526 1910 543 1941 ι
602 1893 715 1945 Οὐκ
771 1894 849 1956 εἰς
889 1892 1096 1956 πάντας
1145 1893 1357 1947 κελεύει
1384 1893 1663 1964 ἔρχεσθαι,
1695 1893 1782 1946 ἵνα

200 1982 278 2052 μὴ
306 1985 415 2045 τοῖς
448 1984 688 2050 ἀναξίοις
723 1985 1069 2056 μιγνύμενοι,
1093 1977 1488 2040 διαϐάλλοινται
1511 2003 1525 2016 ν
1552 1985 1647 2038 ἐὰν
1674 1985 1782 2053 γὰρ

196 2075 280 2135 είς
314 2075 438 2132 τοὺς
475 2076 657 2141 ἀξίους
686 2077 880 2145 μόνους
927 2075 1219 2148 ἐρχωνται,
1266 2073 1484 2136 παντως
1520 2076 1615 2126 καὶ
1662 2075 1776 2126 διας

193 2167 589 2238 τραφήσονται.
622 2167 851 2219 Κελεύει
880 2167 936 2219 δὲ
990 2167 1340 2238 προσμένειν,
1377 2165 1471 2218 καὶ
1505 2161 1581 2234 μὴ
1603 2164 1780 2216 οίκίαν

195 2232 262 2314 ἐξ
286 2252 463 2312 οἰκίας
495 2252 765 2320 ἀμείϐειν,
798 2253 888 2306 ἴνα
919 2253 992 2323 μὴ
1027 2232 1105 2314 ῶς
1130 2232 1539 2322 γαστρίμαργοι
1567 2232 1780 2320 ψέγων-

193 2358 306 2406 ται,
344 2343 436 2397 καὶ
474 2343 667 2408 δόξωσι
688 2345 814 2406 τοὺς
841 2344 1057 2414 πρῶτον
1083 2343 1413 2414 δεξαμένους
1437 2341 1704 2413 ὑϐρίζειν.

276 2451 294 2483 r
331 2433 720 2503 Εἰσερχόμενοι
767 2434 824 2486 δὲ
851 2434 932 2496 είς
969 2433 1071 2503 τήν
1099 2433 1302 2495 οίκίαν,
1327 2417 1650 2486 ἀσπάσασθε
1678 2426 1778 2484 αὒ-

193 2524 317 2593 τὴν.
348 2524 595 2590 λέγοντες
616 2539 631 2554 ⁸
687 2526 893 2595 Εἰρήνη
921 2524 998 2594 τῷ
1025 2525 1159 2594 οἴκῳ
1181 2523 1356 2592 τούτῳ
1374 2505 1399 2552 ’⁸
1425 2523 1520 2575 καὶ
1548 2521 1644 2574 ἐὰν
1679 2520 1779 2589 μὲν

198 2612 232 2686 ᾗ
272 2618 305 2683 ή
331 2616 478 2667 οξκία
524 2616 670 2681 ἀξία,
727 2615 930 2668 ἐλθέτω
968 2618 1001 2686 ή
1044 2616 1234 2686 εἰρήνη
1289 2611 1443 2682 ὑμῶν
1471 2614 1558 2665 ἐπ’
1584 2612 1775 2683 αὑτήν,

197 2706 296 2758 εάν
314 2706 372 2758 δὲ
398 2705 473 2776 μὴ
552 2704 698 2769 ἀξία,
719 2706 753 2775 ή
784 2705 976 2776 εἰρήνη
1001 2704 1155 2774 ὑμῶν
1176 2704 1314 2774 πρὸς
1346 2703 1490 2772 ὑμᾶς
1515 2702 1778 2770 ἐπιστρα-

194 2800 370 2868 φήτω.
416 2817 436 2849 ι
485 2797 800 2868 Ἀσπασμδν
823 2794 920 2850 καὶ
953 2799 1174 2867 εἰρήνην
1224 2797 1326 2866 τὴν
1360 2795 1613 2861 εὐλογίαν
1645 2791 1775 2856 νόει,

190 2889 316 2959 ﬁn;
340 2889 650 2960 παραμένει
673 2888 856 2959 μόνοις
879 2892 993 2951 τοῖς
1017 2884 1192 2953 ἀξίοις
1214 2903 1228 2918 ·
1288 2887 1429 2958 μάθε
1458 2885 1550 2940 οὖν
1589 2885 1774 2940 ἐντεῦ-

194 2981 286 3030 θεν
321 2979 404 3030 ὅτι
441 2978 677 3045 μάλιστα
697 2979 766 3031 τὰ
799 2978 1043 3048 ἡμέτερα
1067 2977 1203 3046 ἔργα
1229 2976 1544 3047 εὐλογοῦσιν
1569 2977 1737 3048 ήμᾶς.

272 3088 292 3118 ε
323 3069 435 3122 Καὶ
456 3068 514 3131 ὃς
547 3069 612 3121 ἂν
643 3069 718 3138 μὴ
739 3067 960 3139 δέξηται
1001 3069 1168 3138 ὑμᾶς,
1220 3062 1356 3137 μηδὲ
1409 3066 1623 3136 ἀκούσῃ
1649 3068 1778 3127 τοὺς

195 3159 389 3225 λόγους
415 3159 590 3227 ὑμῶν,
621 3158 966 3228 ἐξερχόμενοι
1025 3159 1125 3229 τῆς
1171 3158 1348 3219 οίκίας
1378 3157 1410 3226 ἢ
1444 3158 1543 3226 τῆς
1571 3158 1777 3219 πόλεως

191 3250 434 3318 ἐκείνης,
469 3248 788 3312 ἐκτινάξατε
814 3249 906 3300 τὸν
937 3247 1216 3318 κονιορτὸν
1239 3247 1350 3302 τῶν
1373 3248 1548 3300 ποδῶν
1595 3249 1770 3318 ὑμῶν.

204 3346 382 3414 Ἀμὴν
406 3344 548 3410 λέγω
582 3345 710 3414 ὑμῖν
733 3343 1090 3415 ἀνεκτότερον
1129 3343 1282 3397 ἔσται
1307 3347 1378 3414 γῇ
1410 3342 1657 3414 Σοδόμων
1679 3343 1777 3396 καὶ

191 3436 488 3505 Γομόρρων
509 3436 566 3487 ὲν
597 3435 782 3506 ἡμέρα
814 3438 1070 3505 κρίσεως,
1112 3435 1145 3504 ἢ
1175 3438 1242 3504 τῇ
1295 3435 1449 3488 πόλει
1503 3436 1710 3506 ἐκείνῃ.
1749 3455 1767 3488 ι
1800 3477 1846 3538 c

203 3523 578 3578 Ἐκτινάσσειν
630 3524 878 3594 βούλεται
933 3525 1024 3576 τὸν
1077 3523 1376 3592 κονιορτὸν,
1407 3521 1773 3588 δεικνύοντας,

189 3618 273 3668 ὅτι
294 3615 448 3669 οὐδὲν
474 3615 666 3669 ἔλαϐον
695 3616 925 3680 ὲκεῐθεν,
949 3613 1036 3666 διὰ
1057 3615 1156 3686 τὴν
1194 3613 1479 3667 ἀπείθειαν
1500 3614 1702 3680 αὐτῶν,
1738 3613 1772 3685 ἢ

189 3704 335 3759 ὥστε
399 3707 701 3778 μαρτύριον
765 3704 902 3760 εἶναι
968 3707 1065 3776 τῆς
1108 3700 1326 3776 μακρᾶς
1374 3705 1680 3777 ὁδοιπορίας
1710 3706 1777 3776 ήν

190 3801 472 3864 ιϐἀδισαν,
503 3800 599 3853 καὶ
620 3801 816 3863 αὐτοὺς
840 3801 941 3852 οὐκ
970 3800 1279 3868 ὠφέλησανσ
1305 3801 1658 3869 ἀνεκτότερον
1683 3796 1778 3854 οὖν

190 3892 351 3945 ἔσται
371 3893 484 3954 τοῖς
513 3891 789 3962 Σοδόμοις,
821 3892 854 3960 ή
888 3893 1002 3953 τοῖς
1028 3888 1340 3954 ἀπειθοῦσι,
1363 3889 1498 3942 διότι
1542 3891 1592 3942 oi
1622 3891 1777 3944 Σοδοο

191 3985 350 4052 μῖται
387 3981 627 4037 ἐνταῦθα
651 3981 1030 4046 κολασθέντες,
1066 3983 1183 4034 ἐκεῖ
1215 3980 1581 4052 μετριώτερον
1612 3981 1780 4034 κολαδ

189 4073 510 4140 σθήσονται.

269 4188 289 4219 ε
334 4167 466 4220 ’ἰδοὺ
494 4166 605 4236 ἐγὼ
636 4166 951 4221 ἀποστέλλω
977 4167 1121 4237 ὑμᾶς
1153 4165 1230 4230 ὡς
1258 4166 1505 4238 πρόϐατα
1531 4167 1590 4218 ὲν
1625 4165 1778 4236 μέσῳ

186 4258 393 4314 λύκων.
445 4277 466 4309 ι
522 4257 884 4312 Καθώπλισεν
957 4259 1155 4321 αὐτοὺς
1234 4258 1509 4328 σημείοις,
1558 4257 1783 4326 εποίησε

189 4350 416 4422 θαρρεῖν
445 4351 577 4419 περὶ
605 4349 705 4418 τῆς
734 4347 963 4418 τροφῆς.
981 4349 1080 4411 τὰς
1107 4349 1216 4400 τῶν
1241 4347 1407 4412 ἀξίων
1430 4346 1646 4414 ἀνοίξας
1677 4346 1774 4400 θύε-

190 4457 315 4510 ρας.
342 4439 509 4507 Λέγει
541 4439 637 4494 νῦν
664 4440 759 4494 καὶ
781 4441 851 4494 τὰ
901 4440 1294 4511 συμϐησόμενα
1322 4439 1491 4504 δεινὰ,
1515 4439 1614 4510 τὴν
1641 4439 1776 4510 πρόο

188 4548 396 4599 γνωσιν
427 4531 661 4594 δεικνύς.
690 4530 1104 4602 Παραμυθείται
1121 4531 1200 4596 δὲ,
1223 4530 1312 4583 διὰ
1335 4530 1429 4583 τοῦ
1451 4530 1580 4599 ἐγώ.
1615 4531 1775 4599 Ἐγὼ,

189 4621 382 4692 φησιν,
413 4623 442 4674 6
486 4623 766 4694 κραταιός.
826 4622 987 4674 Ὥστε
1020 4620 1277 4692 θαρρεῖτε
1306 4636 1319 4650 ⁸
1355 4622 1644 4691 ἀχείρωτοι
1670 4624 1779 4693 γὰρ

188 4714 406 4768 εσεσθε.
457 4713 772 4784 Ἐτοιμάζει
806 4714 863 4766 δὲ
899 4715 1098 4776 αὐτοὺς
1128 4713 1264 4784 πρὸς
1305 4713 1366 4765 τὸ
1395 4713 1627 4784 πάσχειν
1653 4729 1666 4742 ·
1704 4715 1782 4776 ὡς

1878 881 1981 937 Ilua
2012 881 2208 944 aul'ert,
2228 893 2282 934 et
2313 897 2473 935 curas
2517 885 2596 935 eis
2635 882 2845 937 adimit.
2871 882 3003 937 Nam
3032 895 3210 950 neque
3242 883 3448 952 virgam

1877 988 1972 1028 eos
2002 973 2202 1027 habere
2248 973 2397 1036 sinit,
2425 975 2570 1040 quod
2620 984 2825 1029 exacta
2880 973 3214 1043 paupertatis
3244 984 3327 1028 est
3358 980 3452 1027 :et

1878 1068 2070 1135 dignos
2095 1065 2198 1120 llde
2231 1066 2357 1120 facit
2386 1081 2498 1130 eos,
2517 1067 2607 1134 qui
2625 1077 2994 1135 paupertatem
3023 1067 3270 1122 doceant.
3291 1064 3452 1122 Dein-

1879 1156 1944 1210 de
1961 1169 2029 1210 ne
2047 1156 2249 1219 dicant,
2269 1155 2552 1220 Quomodo
2572 1153 2958 1208 educabimur?
2977 1155 3147 1225 inquit
3169 1171 3182 1209 :
3205 1171 3224 1206 ι
3249 1151 3454 1224 Dignus

1881 1253 1964 1299 est
1991 1246 2272 1314 operarius
2303 1245 2425 1301 cibo
2452 1260 2574 1312 suo,
2604 1262 2622 1295 ι
2657 1239 2760 1299 hoc
2787 1253 2892 1310 est,
2912 1260 2942 1298 ε
2969 1245 3246 1316 discipulis
3271 1260 3456 1315 pasce-

1881 1335 2034 1390 mini.
2056 1333 2338 1392 Debebunt
2381 1337 2524 1393 enim
2575 1337 2679 1391 hoc
2721 1332 2876 1390 vobis
2908 1345 2966 1388 ut
2995 1337 3281 1404 operariis.
3307 1336 3454 1391 Dixit

1880 1434 2060 1479 autem
2095 1423 2241 1492 cibo,
2266 1442 2369 1481 non
2400 1425 2551 1482 luxu.
2569 1427 2754 1496 Neque
2782 1426 2927 1482 enim
2969 1425 3208 1481 deliciari
3240 1434 3456 1497 oportet

1880 1514 2153 1569 doctores.

1955 1693 2119 1752 Vens.
2143 1696 2232 1754 11.
2265 1718 2284 1750 ι
2315 1693 2369 1752 lu
2401 1711 2779 1769 quamcunque
2828 1699 3106 1756 civitatem
3153 1699 3238 1756 vel
3272 1703 3450 1755 vicum

1883 1788 2094 1846 fueritis
2148 1791 2399 1859 ingressi,
2476 1793 2747 1862 exquirite
2805 1794 2926 1862 quis
2992 1795 3044 1848 in
3121 1806 3185 1848 ea
3260 1794 3458 1864 dignus

1882 1882 1989 1937 sit:
2019 1893 2180 1952 atque
2225 1884 2334 1938 illic
2388 1896 2621 1949 manete,
2665 1885 2836 1940 donec
2890 1888 3120 1941 exeatis.
3160 1905 3180 1939 ι
3217 1885 3333 1941 Non
3389 1890 3454 1940 ad

1881 1982 2070 2026 Omnes
2094 1973 2256 2041 jussit
2285 1975 2385 2039 ire,
2411 1988 2478 2028 ne
2511 1973 2655 2028 misti
2687 1975 2923 2044 indignis
2955 1987 3270 2047 arguantur.
3319 1977 3454 2032 Nam

1883 2057 1929 2110 si
1979 2056 2046 2110 ad
2092 2058 2238 2112 solos
2282 2060 2477 2130 dignos
2542 2060 2724 2126 ierint,
2767 2063 2990 2117 omnino
3042 2074 3097 2119 et
3147 2076 3454 2133 pascentur.

1814 2129 1856 2185 Β
1884 2145 2044 2201 lubet
2065 2150 2244 2203 autem
2278 2129 2516 2217 manere,
2541 2162 2596 2205 et
2625 2166 2730 2206 non
2763 2147 2829 2208 de
2859 2155 3087 2211 domoin
3107 2129 3323 2211 domum
3355 2158 3455 2219 irc,

1889 2258 1955 2298 ne
2005 2255 2258 2314 tanquam
2292 2246 2463 2316 gnlosi
2503 2249 2644 2303 male
2675 2249 2918 2317 audiant,
2940 2261 2994 2307 et
3030 2254 3324 2324 videantur,
3349 2255 3460 2326 pri-

1888 2351 2005 2390 mos
2040 2338 2131 2405 qui
2163 2349 2537 2406 susceperant,
2563 2340 2759 2410 injuria
2792 2342 3030 2400 allicere.

1955 2427 2120 2481 Vens.
2144 2424 2234 2492 12,
2262 2429 2348 2486 l5.
2375 2449 2394 2482 ι
2434 2431 2566 2485 Cum
2593 2443 2774 2488 autem
2801 2436 3078 2494 iutrabitis
3100 2436 3344 2501 domum,
3366 2453 3459 2493 sa-

1888 2519 2126 2574 lutabitis
2145 2518 2289 2574 illam
2311 2522 2555 2579 dicentes
2573 2543 2587 2577 :
2603 2516 2712 2580 Pax
2731 2525 2858 2581 huic
2875 2528 3056 2584 domui
3073 2549 3088 2584 :
3103 2541 3158 2585 et
3177 2532 3222 2585 si
3241 2532 3456 2601 qnidem

1887 2608 2252 2667 fueritdomus
2265 2613 2447 2683 digna,
2474 2618 2652 2670 veniat
2671 2633 2772 2686 pax
2791 2628 2964 2673 vestra
2985 2635 3145 2691 supra
3171 2622 3317 2676 illam
3342 2625 3474 2678 :siu.

1888 2701 2064 2754 minus
2086 2697 2246 2757 fuerit
2269 2699 2454 2773 digna,
2504 2720 2606 2775 pax
2633 2718 2812 2762 vestra
2841 2711 2908 2764 ad
2943 2725 3035 2765 vos
3071 2723 3392 2771 revertatur.
3434 2735 3453 2767 ι

1885 2788 1989 2845 Pcr
2014 2791 2395 2848 salutationem
2418 2803 2472 2850 et
2489 2811 2697 2864 pacem,
2718 2799 3147 2857 benedictionem
3175 2803 3413 2875 intelligo
3438 2844 3456 2872 ,

1884 2899 2005 2953 qua:
2066 2886 2206 2955 apud
2259 2887 2407 2941 solos
2460 2890 2652 2958 dignos
2703 2902 2905 2946 manet.
2949 2891 3108 2949 Disce
3158 2894 3323 2965 igitur
3358 2899 3459 2953 hoc

1884 2979 2004 3032 loco
2048 2979 2188 3048 quod
2243 2993 2423 3035 nostra
2477 2983 2709 3039 maxime
2755 2999 2920 3054 Opera
2971 3001 3072 3040 nos
3115 2987 3456 3044 benedicant.

1957 3067 2119 3121 Vens.
2161 3069 2248 3133 ﬂ,
2278 3070 2364 3124 l5.
2422 3090 2441 3122 ι
2482 3072 2545 3124 Et
2571 3075 2880 3144 quicunque
2911 3091 3016 3129 non
3046 3078 3321 3145 exceperit
3341 3094 3454 3143 vos,

1887 3173 2060 3227 neque
2085 3161 2317 3214 audierit
2363 3176 2644 3217 sermones
2690 3176 2923 3229 vestros,
2949 3178 3209 3222 exeuntes
3237 3183 3301 3223 ex
3333 3172 3459 3225 tcdi~

1887 3247 1985 3301 bus
2017 3256 2111 3301 aut
2133 3247 2355 3304 civitate
2383 3249 2490 3316 illa,
2517 3252 2757 3307 excutite
2805 3252 2920 3324 48
2961 3253 3232 3323 pulverem
3263 3261 3458 3327 pedum

1885 3352 2210 3397 vestrorum.
2236 3346 2403 3397 Amen
2439 3343 2560 3398 dico
2600 3345 2770 3410 vobis,
2805 3348 3142 3404 tolerabilius
3167 3353 3271 3405 erit
3303 3361 3461 3407 terra:

1886 3430 2242 3487 Sodomorum
2277 3442 2330 3487 et
2356 3431 2827 3488 Gomorrhadrum
2863 3435 2919 3490 in
2952 3435 3039 3491 die
3059 3435 3270 3505 judicii,
3296 3456 3459 3511 quam

1883 3525 2086 3579 civitati
2121 3525 2216 3578 illi.
2252 3545 2270 3576 ι
2303 3518 2572 3579 Excutere
2616 3524 2734 3578 vult
2773 3525 3070 3594 pulverem,
3095 3539 3463 3586 monstrantes

1883 3615 2024 3683 quod
2057 3613 2190 3668 nihil
2221 3613 2368 3668 illim:
2397 3615 2706 3681 acceperint
2727 3625 2947 3682 propter
2970 3617 3222 3670 duritiam
3247 3617 3460 3672 illorum

1883 3700 1973 3775 qui
2026 3703 2340 3773 persuaderi
2391 3719 2494 3758 non
2545 3714 2856 3774 potuerunt,
2882 3706 2965 3760 vel
3011 3707 3156 3775 quod
3187 3713 3461 3762 testantur

1881 3812 1940 3851 se
1971 3798 2182 3852 illorum
2217 3798 2433 3850 nomine
2463 3812 2716 3864 maguum
2743 3797 2846 3852 iter
2872 3797 3194 3866 confecisse,
3212 3799 3456 3870 nihilque

1882 3883 1987 3942 illis
2053 3887 2339 3958 profuisse.
2390 3885 2749 3941 Tolerabilius
2810 3888 2973 3958 igitur
3037 3891 3145 3944 erit
3204 3888 3458 3945 Sodomis

1881 3994 2042 4048 quam
2075 3979 2391 4044 incredulis,
2415 3993 2480 4034 eo
2512 3978 2654 4048 quod
2688 3977 2984 4034 Sodomita:
3013 3980 3101 4035 hic
3131 3981 3330 4050 puniti,
3353 3983 3459 4037 ali-

1885 4071 1936 4124 bi
1972 4071 2158 4124 Initiua
2185 4072 2499 4139 punientur.

1956 4156 2120 4216 Vens.
2185 4161 2272 4214 16.
2327 4179 2348 4212 ι
2402 4161 2541 4216 Ecce
2602 4175 2703 4231 ego
2762 4165 2916 4216 mitto
2975 4178 3069 4218 vos
3128 4164 3268 4220 sicut
3329 4181 3462 4221 ovcs

1885 4252 1938 4306 in
1996 4252 2173 4306 medio
2225 4252 2498 4321 luporum.
2555 4271 2574 4304 ι
2629 4254 2954 4309 Armaverat
3001 4270 3096 4311 eos
3153 4257 3458 4323 miraculis,

1884 4343 1952 4398 de
2033 4343 2170 4398 cibis
2216 4343 2411 4397 bonam
2489 4344 2742 4399 fiduciam
2791 4345 2897 4400 illis
2951 4347 3177 4414 fecerat,
3250 4351 3457 4418 apertis

1884 4435 2169 4505 dignorum
2204 4428 2406 4504 januis.
2452 4434 2590 4491 Dicit
2619 4453 2760 4491 nunc
2792 4447 2849 4492 et
2891 4440 3077 4508 gravia
3124 4455 3245 4509 quae
3297 4455 3462 4496 even-

1884 4538 2002 4580 tura
2078 4536 2272 4590 erant,
2347 4541 2503 4582 suam
2588 4530 2988 4599 praescientiam
3078 4531 3458 4589 manifestans.

1882 4619 2212 4674 Consolatur
2263 4629 2442 4673 autem
2493 4635 2590 4688 per
2639 4621 2740 4674 hoc
2791 4622 2934 4689 quod
2982 4621 3137 4688 dicit,
3178 4637 3298 4694 ego.
3327 4623 3458 4695 Ego,

1883 4710 2078 4781 inquit,
2125 4719 2315 4779 potens
2353 4711 2465 4776 ille,
2510 4721 2563 4765 et
2599 4711 2828 4780 proinde
2862 4713 3046 4769 ﬁdite:
3077 4715 3265 4771 invicti
3313 4719 3461 4772 enim

185 4807 300 4872 γὰρ
330 4803 591 4857 ἀδύνατον
619 4806 676 4856 εν
702 4805 856 4874 μέσῳ
885 4803 1063 4855 λύκων
1088 4802 1359 4872 πρόϐατον
1405 4801 1481 4872 μή
1520 4803 1773 4870 πάσχειν,

1885 4803 2057 4857 eritis.
2084 4801 2309 4857 Instruit
2339 4813 2519 4857 autem
2548 4818 2642 4858 eos
2671 4805 2735 4858 ad
2769 4805 3099 4874 passionem.
3126 4806 3262 4862 Nam
3318 4808 3461 4864 sicut

185 4895 336 4950 οὕτω
363 4897 457 4950 καὶ
491 4897 637 4965 ὑμᾶς
666 4896 870 4966 μεταξὺ
905 4895 1014 4948 τῶν
1053 4895 1348 4958 Ἰουδαίων,
1381 4895 1517 4946 ἀλλὰ
1544 4895 1646 4948 κᾶν
1670 4895 1778 4947 τιά-

187 5007 381 5060 σχητε,
416 4991 491 5060 μή
541 4989 854 5060 ὀργίζεσθεο
883 4989 959 5052 ὡς
979 4988 1228 5059 πρόϐατα
1248 4988 1355 5057 γὰρ
1380 4987 1588 5057 πράους
1635 4986 1780 5056 ὑμᾶς

185 5075 332 5131 εἶναι
375 5077 662 5146 βούλομαι,
721 5077 819 5131 καὶ
852 5076 997 5130 οὕτω
1035 5077 1236 5147 μᾶλλον
1271 5077 1449 5146 νικᾷν.
1489 5094 1507 5127 ι
1560 5073 1779 5129 Γίνεσθε

184 5161 282 5217 οὖν
313 5165 572 5234 φρόνιμοι
605 5163 680 5227 ὡς
704 5168 753 5219 οἱ
786 5165 961 5235 ὄφεις,
998 5168 1092 5218 καὶ
1126 5165 1377 5236 ἀκέραιοι
1407 5163 1482 5227 ὡς
1534 5167 1590 5218 αί
1632 5183 1781 5237 περιο

186 5258 403 5326 στεραί.
443 5275 461 5307 ›
491 5257 646 5310 Θέλει
685 5262 810 5322 τοὺς
840 5258 1089 5330 μαθητὰς
1133 5260 1228 5312 καὶ
1265 5260 1565 5329 φρονίμους
1605 5255 1770 5312 εἶναι.

186 5347 310 5399 Ἵνα
334 5357 445 5417 γαρ
468 5352 565 5418 μή,
599 5350 848 5417 πρόϐατα
876 5352 1099 5412 τούτους
1121 5351 1358 5415 ἀκούων,
1387 5353 1513 5421 νοῇς
1545 5351 1627 5403 δτι
1663 5349 1781 5419 ὴλί-

185 5448 303 5497 υιον
328 5444 409 5497 δεῖ
437 5439 579 5497 εἶναι
611 5445 703 5497 τὸν
735 5447 1084 5515 Χριστιανὸν,
1113 5447 1278 5515 φησὶν
1313 5448 1394 5499 ὅτι
1419 5445 1501 5500 δεῖ
1527 5447 1619 5499 καὶ
1648 5445 1780 5516 φρό-

181 5555 344 5608 νιμον
385 5534 546 5601 εἶναι,
599 5540 778 5594 εἰδότα
823 5538 939 5602 πῶς
959 5537 1040 5592 δεῖ
1069 5537 1507 5608 ἀναστρέφεσθαι
1535 5540 1593 5590 ὲν
1628 5539 1778 5609 μέσῳ

179 5635 399 5689 πολλῶν
436 5635 666 5705 ἐχθρῶν.
705 5635 796 5695 '0;
820 5634 930 5704 γὰρ
958 5635 986 5686 6
1018 5634 1142 5702 δφις
1211 5633 1320 5686 πᾶν
1358 5631 1458 5702 μὲν
1502 5632 1564 5684 τὸ
1592 5631 1776 5685 λοιπὸν

179 5727 349 5798 σῶμα
398 5727 582 5780 δίδωσι
637 5726 996 5796 πλήττεσθαι,
1051 5723 1152 5796 τὴν
1183 5723 1242 5777 δὲ
1292 5721 1535 5794 κεφαλήν
1595 5725 1774 5794 τηρεῖ,

177 5821 325 5875 οὓτω
350 5821 445 5875 καὶ
475 5821 504 5872 6
535 5820 862 5890 Χριστιανὸς
899 5820 1079 5871 πάντα
1109 5816 1176 5870 τὰ
1212 5815 1410 5870 ἑαυτοῦ
1441 5815 1650 5880 διδότω,
1681 5815 1777 5867 καὶ

175 5916 241 5969 τδ
271 5915 436 5985 σῶμα
469 5912 640 5968 αὑτοῦ
667 5917 776 5977 τοῖς
798 5912 1095 5983 πλήττουσι
1114 5927 1126 5940 ·
1155 5911 1256 5981 τήν
1278 5910 1335 5962 δὲ
1368 5908 1633 5979 κεφαλήν,
1652 5908 1776 5978 ἥτις

179 6009 334 6062 ἐστὶν
387 6011 416 6061 ὁ
447 6007 687 6075 Χριστὸς
720 6007 814 6059 καὶ
850 6007 882 6075 ή
919 6007 998 6068 είς
1031 6004 1194 6057 αὑτὸν
1251 6003 1454 6069 πίστις,
1501 6003 1734 6072 τηρείτω
1760 6017 1771 6030 ·

174 6104 270 6158 καὶ
299 6101 495 6172 ὥσπερ
524 6103 552 6155 6
582 6100 707 6170 δφις
752 6103 913 6170 στενῇ
964 6117 1072 6154 τινι
1110 6081 1231 6172 ὁτιή
1273 6097 1773 6174 περισφιγγόμενος

1887 4895 2219 4965 impossibile
2248 4905 2330 4949 est
2361 4909 2492 4950 oves
2534 4896 2584 4948 in
2634 4897 2810 4950 medio
2859 4897 3107 4966 luporum
3158 4898 3295 4954 nihil
3329 4901 3460 4970 pati.

1887 4989 1960 5041 ita
2001 4998 2057 5041 ct
2099 5002 2197 5042 vos
2241 4989 2382 5040 inter
2424 4985 2660 5054 Judaeos,
2686 5005 2872 5043 verum
2907 4989 3030 5044 licet
3058 4990 3365 5060 patiamini,
3391 5010 3460 5048 ne

1884 5077 2274 5132 succenseatis.
2308 5077 2438 5131 Volo
2485 5079 2630 5132 enim
2679 5095 2773 5132 vos
2819 5092 3136 5137 mansuetos
3162 5085 3464 5145 esse,sit-ut

1883 5185 2033 5235 oves,
2062 5180 2118 5224 et
2160 5170 2240 5223 sic
2273 5169 2444 5238 magis
2480 5169 2718 5224 vincere.
2749 5189 2768 5221 ι
2810 5169 2997 5225 Estote
3031 5172 3194 5240 igitur
3227 5176 3464 5250 prudeu-
3569 5220 3571 5223 .

1886 5272 1964 5314 tes
1994 5262 2138 5314 sicut
2186 5269 2568 5329 serpentes.ct
2618 5261 2892 5329 simplices
2941 5263 3084 5316 velut
3122 5264 3406 5320 columba.
3437 5285 3459 5319 ι

1882 5353 2009 5407 Vult
2035 5353 2329 5424 discipulos
2358 5355 2521 5408 etiam
2575 5355 2866 5424 prudentes
2914 5372 3054 5410 esse.
3083 5357 3292 5411 idcirco
3334 5374 3461 5413 cum

1883 5447 2124 5502 audieris
2156 5444 2503 5502 Christianos
2533 5449 2636 5501 dici
2684 5461 2836 5511 oves,
2861 5465 2972 5502 non
3008 5448 3277 5518 intelligas
3317 5453 3464 5518 quod

1881 5550 2132 5610 oporteat
2158 5556 2253 5595 eos
2289 5541 2535 5609 stupidos
2572 5553 2718 5602 esse,
2752 5555 2872 5592 nam
2900 5549 2953 5594 et
2979 5541 3275 5608 prudentes
3301 5556 3465 5609 Opor-

1885 5645 1960 5688 tet
1993 5647 2134 5697 esse,
2159 5642 2213 5686 et
2241 5633 2384 5687 scire
2433 5631 2710 5702 quomodo
2745 5632 3068 5686 versandum
3099 5634 3171 5687 sit
3201 5634 3254 5687 in
3288 5637 3466 5689 medio

1884 5725 2178 5778 multorum
2237 5723 2606 5778 inimicorum.
2635 5724 2790 5777 Sicut
2835 5725 2981 5778 enim
3022 5740 3253 5795 serpens
3292 5738 3462 5782 totum

1879 5829 2075 5883 corpus
2113 5811 2301 5880 objicit
2333 5823 2390 5865 ut
2418 5813 2774 5882 percutiatur,
2801 5823 2964 5884 caput
3010 5825 3192 5868 autem
3239 5829 3418 5870 servat
3446 5834 3459 5877 ;

1879 5909 1954 5962 ita
2002 5919 2057 5962 ct
2104 5906 2471 5969 Christianus,
2523 5906 2719 5976 inquit,
2767 5906 2950 5960 omnia
3007 5922 3104 5960 sua
3135 5908 3247 5970 det,
3293 5919 3456 5977 atque

1879 6002 2044 6055 etiam
2095 6015 2294 6069 corpus
2345 6013 2505 6055 suum
2547 6001 3008 6069 percutientibus;
3068 6011 3232 6070 caput
3280 6014 3463 6055 autem

1880 6094 2022 6164 quod
2058 6104 2139 6149 est
2171 6090 2444 6156 Christus,
2468 6100 2525 6147 et
2551 6090 2711 6148 fidem
2747 6091 2801 6148 in
2830 6090 2978 6146 illum
3007 6101 3206 6148 servet.
3228 6089 3287 6145 Et
3323 6089 3465 6152 sicut
