4034 6588
659 507 764 567 239

1526 499 2106 559 THEOPHYLACTI
2153 496 2562 558 BULGARL‘E
2604 495 2962 554 ARCHlEP.

3780 495 3883 561 ιω

658 628 878 683 serpens
913 615 964 666 in
993 622 1217 678 angusto
1240 609 1467 678 quodam
1503 610 1760 662 foramine
1787 609 2198 675 circuiustriugit

2309 605 2400 657 καὶ
2424 605 2851 672 διεξερχόμενος,
2878 601 3166 654 ἀποδύεται
3189 601 3247 654 τὸ
3273 602 3500 656 παλαιὸν
3522 604 3729 675 δέρμα,
3746 607 3883 661 οὕτω

656 724 735 769 se,
755 715 806 758 et
836 703 1102 757 transiens
1132 699 1320 769 pellem
1356 710 1581 753 veterem
1612 700 1905 769 exspoliat:
1939 698 2010 752 ita
2032 709 2086 751 et
2114 714 2209 750 nos

657 814 751 867 per
789 805 1070 864 angustam
1103 794 1240 844 viam
1292 792 1625 854 iliceilamus,
1648 804 1701 844 ut
1758 801 1988 844 veterem
2043 805 2206 842 exua—

657 901 774 938 iuus
802 879 1488 954 hominem.Verumtamen
1531 877 1652 946 quia
1689 889 1742 928 et
1793 890 2012 943 serpens
2061 877 2207 927 noci-

659 990 753 1028 vus
788 972 1059 1038 est,jubet
1093 985 1189 1022 nos
1217 968 1486 1037 simplices
1527 983 1664 1028 esse,
1694 971 1791 1021 lioc
1823 979 1925 1030 est,
1951 968 2204 1026 sincerus,

653 1077 703 1117 et
734 1065 936 1131 absque
966 1061 1184 1123 malitia,
1212 1060 1524 1128 nullumque
1572 1058 1922 1122 offendentes,
1949 1063 2086 1114 sicut
2120 1075 2206 1112 co-

652 1157 844 1209 lumba:
874 1172 887 1207 :
917 1154 1014 1207 illae
1057 1153 1195 1205 enim
1252 1167 1374 1205 cum
1435 1150 1752 1203 auferuntur
1809 1153 1887 1204 eis
1937 1150 2121 1211 fartus,
2153 1161 2205 1202 et

651 1247 1073 1315 persecutionem
1112 1245 1404 1312 patiuntur,
1437 1258 1620 1296 rursus
1673 1244 1736 1295 ad
1789 1243 2031 1296 dominos
2079 1259 2210 1314 suos

651 1346 1008 1390 revertuntur.
1038 1335 1163 1388 Esto
1208 1335 1371 1402 igitur
1414 1335 1647 1401 prudens
1697 1334 1851 1400 sicut!
1880 1336 2202 1400 serpens,iia

651 1441 705 1482 ut
741 1445 804 1482 ne
837 1428 1128 1480 deridearis
1159 1425 1226 1478 ob
1262 1426 1423 1476 vitam
1470 1424 1536 1476 ab
1577 1425 1712 1484 aliis,
1743 1425 1835 1477 sed
1887 1424 2062 1476 omnia
2115 1435 2200 1476 tua

646 1523 779 1574 citra
814 1519 981 1571 labem
1015 1517 1277 1584 perlicias.
1309 1515 1443 1584 Erga
1477 1516 1607 1567 alios
1641 1525 1815 1566 autem
1853 1530 1918 1567 ne
1955 1516 2060 1566 illis
2102 1531 2201 1566 no-

648 1626 792 1671 ceas,
833 1610 906 1663 sls
944 1606 1083 1660 velut
1116 1605 1384 1666 columba,
1425 1609 1522 1659 hoc
1557 1615 1657 1664 est,
1691 1605 1997 1673 neutiquam
2053 1606 2199 1657 mali-

725 1795 880 1846 \'sns.
928 1793 1010 1853 Π,
1077 1790 1159 1843 18.
1216 1809 1231 1840 ι
1274 1790 1468 1843 Cavete
1503 1795 1678 1840 autem
1741 1790 1805 1839 ab
1863 1788 2195 1850 hominibus,

649 1883 858 1936 tradent
888 1886 1027 1934 enim
1061 1897 1152 1934 vos
1180 1883 1228 1933 in
1280 1880 1530 1942 concilia,
1555 1889 1607 1931 et
1644 1880 1692 1931 in
1735 1880 2019 1947 synagogis
2086 1881 2198 1932 suis

2314 698 2406 749 καὶ
2437 698 2588 765 ἡμεῖς
2610 695 2695 746 διὰ
2719 700 2815 763 τῆς
2847 695 3032 763 στενῆς
3063 693 3180 746 ἑδοῦ
3211 693 3502 759 ὁδεύοντες,
3537 697 3628 748 τὸν
3657 698 3880 751 παλαιὸν

2311 788 2666 856 auos-amne:
2700 786 3002 854 ἄνθρωπον.
3051 785 3201 836 Ἐπεὶ
3226 787 3280 837 δὲ
3311 785 3338 836 6
3372 785 3493 852 δφις
3528 787 3624 838 καὶ
3656 786 3882 856 βλαπτι-

2310 880 2399 940 κός
2431 882 2568 940 ἐστι,
2631 878 2842 930 κελεύει
2878 879 3022 946 ἡμᾶς
3053 877 3341 944 ἀκεραίους
3375 873 3538 941 εἶναι,
3580 881 3879 940 τουτέστιν.

2308 971 2512 1032 ἁπλοῦς
2573 978 2663 1023 καὶ
2723 971 3029 1038 ἀπονήρους
3073 969 3164 1021 καὶ
3219 971 3293 1037 μὴ
3330 969 3687 1036 βλαπτικοὺς,
3716 973 3789 1035 ὡς
3827 975 3880 1025 al

2307 1064 2657 1131 περιστεραί³
2697 1057 2852 1116 αὗται
2889 1064 3017 1130 γὰρ,
3045 1064 3137 1114 καὶ
3183 1061 3586 1128 ἀφαιρούμεναι
3617 1065 3684 1116 τα
3714 1065 3878 1118 τέκνα

2307 1157 2398 1205 καὶ
2424 1154 2773 1222 διωκόμεναι,
2833 1149 2984 1214 αὖθις
3043 1152 3538 1221 ἐπανακάμπτουσι
3590 1155 3729 1224 πρὸς
3756 1158 3876 1218 τοὺς

2302 1245 2586 1306 δεσπότας.
2626 1245 2755 1296 Ἐσο
2782 1241 2873 1296 οὖν
2906 1245 3164 1312 φρόνιμος
3219 1244 3291 1305 ὡς
3322 1244 3464 1310 ὄφις,
3509 1243 3651 1296 ὥστε
3677 1245 3756 1313 μὴ
3787 1261 3877 1311 γε·

2304 1337 2493 1388 λᾶαθαι
2522 1338 2574 1387 ὲν
2599 1337 2674 1405 τῷ
2700 1336 2818 1404 βέῳ,
2847 1336 2978 1387 ἀλλα
3009 1337 3190 1387 πάντα
3225 1338 3291 1386 τα
3326 1333 3466 1386 κατὰ
3503 1335 3563 1386 σὲ
3603 1337 3877 1404 ἁμώμητα

2303 1425 2624 1476 διατιθέναι·
2656 1426 2788 1491 πρὸς
2842 1425 2894 1475 δὲ
2944 1424 3002 1475 τὸ
3034 1424 3294 1490 βλάπτειν
3341 1423 3584 1491 ἑτέρους,
3619 1423 3710 1475 ἔσο
3746 1424 3874 1474 ὡσεὶ

2307 1529 2366 1563 πε
2380 1516 2620 1582 ριστερα,
2648 1515 2950 1576 τουτέστιν,
2993 1513 3288 1580 ἀπόνηρος.

2379 1804 2392 1832 ι
2439 1784 2736 1852 Προσέχετε
2767 1785 2820 1836 δὲ
2847 1786 2944 1836 ἀπ·
2985 1785 3090 1836 τῶν
3130 1785 3451 1856 ἀνθρώπων,
3489 1789 3870 1858 παραδώσουσι

2302 1877 2409 1946 γὰρ
2444 1879 2584 1946 ὑμᾶς
2621 1881 2696 1940 είς
2731 1882 3000 1948 συνέδρια,
3033 1881 3126 1932 καὶ
3153 1883 3210 1933 ὲν
3241 1887 3358 1945 ταῖς
3409 1887 3751 1950 συναγωγαῖς
3779 1887 3869 1936 αύ-

647 1973 984 2038 l'lagellabunt
1045 1987 1167 2032 vos,
1216 1980 1267 2023 et
1311 1973 1374 2021 ad
1431 1970 1594 2022 dna-es
1639 1978 1690 2022 et
1737 1983 1888 2038 reges
1937 1969 2198 2022 dueemini

2305 1970 2411 2021 τῶν
2440 1971 2876 2037 μαστιγώσουσιν
2930 1970 3095 2038 ὑμᾶς,
3148 1972 3240 2022 καὶ
3267 1973 3357 2024 ἐπὶ
3384 1972 3659 2040 ἡγεμόνας
3696 1972 3750 2024 δὲ
3782 1973 3871 2023 καὶ

644 2074 860 2134 propter
913 2079 1020 2124 me.
1052 2064 1102 2117 in
1155 2062 1516 2116 testimonium
1583 2061 1709 2128 ipsis
1763 2077 1824 2115 ac
1879 2060 2146 2127 gentibus.
2179 2079 2195 2111 ι

649 2157 804 2209 Vides
837 2156 936 2208 boc
965 2169 1082 2207 esse
1114 2153 1410 2219 prudentis,
1443 2166 1652 2214 cavere,
1673 2163 1725 2204 et
1756 2167 1859 2206 non
1891 2152 2016 2205 dare
2043 2166 2202 2204 occa-

644 2249 850 2301 sionem
912 2245 1207 2297 volentibus
1270 2243 1658 2311 persequi,sed
1710 2248 1996 2308 prudenter
2047 2255 2202 2310 agere

647 2352 732 2391 res
768 2345 999 2389 nostras.
1031 2335 1084 2388 Si
1118 2333 1395 2403 pecuniam
1427 2332 1654 2386 voluerit
1693 2333 1782 2400 qui
1838 2332 2201 2401 persequitur,

646 2431 688 2480 si
720 2430 1002 2490 honorem,
1032 2426 1094 2479 da
1131 2436 1185 2477 ut
1223 2440 1289 2477 ne
1310 2425 1654 2478 occasionem
1688 2424 1878 2477 habeat
1912 2442 1923 2475 :
1952 2423 1994 2477 si
2024 2434 2199 2477 autem

649 2521 803 2573 tidem
839 2518 1034 2581 aufert,
1067 2516 1271 2571 custodi
1305 2526 1452 2568 tuum
1489 2514 1802 2582 caput.Non
1834 2522 2015 2567 autem
2044 2514 2201 2568 disci-

646 2610 798 2677 pulos
831 2609 1092 2660 missurus
1120 2615 1236 2659 erat
1268 2608 1333 2658 ad
1365 2603 1577 2660 Judzeos
1608 2605 1801 2669 solum,
1825 2607 1917 2658 sed
1949 2605 2107 2658 etiam
2136 2603 2200 2656 ad

644 2708 829 2765 gentes
860 2714 874 2749 :
902 2697 1102 2750 idcirco
1131 2694 1260 2748 dicit
1282 2712 1297 2748 :
1317 2693 1374 2747 ln
1403 2695 1762 2748 testimonium
1794 2693 1922 2762 ipsis
1949 2705 2000 2746 et
2030 2694 2204 2760 genti-

646 2797 771 2853 bus,
803 2789 905 2842 boc
937 2788 1115 2853 est,in
1142 2793 1320 2839 notam
1352 2795 1404 2839 et
1433 2785 1482 2836 in
1516 2783 1984 2854 reprehensionem
2016 2798 2198 2836 eorum

642 2881 731 2948 qui
762 2893 864 2931 non
893 2879 1133 2931 credunt.

717 3057 884 3111 Vens.
917 3055 1110 3119 19,20.
1141 3073 1158 3104 ι
1207 3055 1272 3106 At
1320 3071 1440 3108 cum
1491 3053 1803 3105 tradiderint
1845 3052 1955 3122 49
1994 3069 2103 3115 γον,
2139 3067 2202 3104 ue

644 3154 759 3206 sitis
785 3153 995 3206 solliciti
1037 3149 1303 3219 quomodo
1335 3155 1426 3199 aut
1457 3147 1581 3213 quid
1620 3146 1944 3213 loquamini;
1991 3145 2202 3197 dabitur

643 3246 786 3295 enim
809 3242 959 3295 vobis
1002 3242 1054 3294 in
1104 3240 1190 3291 illa
1233 3241 1359 3291 bora
1407 3237 1530 3304 quid
1570 3237 1881 3304 loquamini.
1910 3234 2022 3288 Non
2058 3235 2200 3289 enim

646 3345 741 3385 vos
785 3331 918 3385 estis
967 3329 1039 3382 illi
1090 3329 1389 3396 loquentes,
1428 3327 1519 3379 sed
1553 3325 1785 3393 Spiritus
1831 3323 2005 3378 Patris
2041 3325 2200 3376 vestri

641 3424 732 3492 qui
802 3421 1035 3490 loquitur
1096 3420 1147 3473 in
1223 3418 1394 3472 vobis.
1443 3437 1460 3467 ι
1517 3416 1591 3471 Ne
1639 3418 1818 3471 dicant
1861 3433 1873 3469 :
1919 3416 2195 3482 Quomodo

644 3512 971 3580 persuadere
1023 3510 1315 3578 poterimus
1374 3508 1549 3560 idiota!
1604 3507 1864 3573 sapientia
1913 3505 2196 3574 praeditos?

638 3605 790 3672 jubet
819 3600 1067 3654 fiduciam
1123 3598 1341 3659 habere,
1369 3609 1421 3651 et
1453 3598 1865 3651 sollicitudinem
1895 3599 2190 3666 deponere:

646 3708 768 3746 nam
888 3706 1010 3744 cum
1081 3690 1220 3743 inter
1299 3689 1482 3742 fideles
1565 3704 1869 3748 sermonem
1964 3686 2194 3741 habituri

643 3798 849 3843 sumus,
892 3783 1106 3849 dignum
1153 3788 1234 3832 est
1291 3790 1348 3832 ut
1401 3779 1854 3848 prasineditemur,
1909 3787 1962 3832 et
2018 3778 2192 3844 parati

644 3878 815 3927 simus
880 3874 944 3924 ad
1023 3870 1413 3934 defensionem,
1470 3870 1923 3938 quemadmodum
1995 3867 2188 3922 Petrus

643 3967 893 4020 :ulmonet
927 3965 990 4016 *⁸.
1025 3964 1166 4017 Inter
1198 3963 1382 4015 turbas
1432 3972 1606 4016 autem
1645 3970 1698 4015 et
1730 3974 1880 4030 reges
1925 3959 2197 4013 insanien-

644 4069 723 4108 tes
774 4069 927 4107 suum
981 4054 1245 4121 promittit
1280 4054 1462 4117 ποιων,
1489 4067 1556 4105 ne
1618 4052 1920 4105 timeamus.
1944 4049 2194 4103 Nostrum

643 4155 725 4197 est
788 4145 931 4196 enim
967 4144 1209 4196 confiteri
1242 4165 1253 4195 ;
1287 4144 1556 4210 sapienter
1611 4153 1789 4194 autem
1852 4143 2194 4210 respondere,

648 4234 759 4285 Dei.
786 4232 850 4284 Et
873 4246 938 4285 ne
970 4231 1260 4299 suspiceris
1297 4231 1590 4282 naturalem
1630 4243 1753 4283 esse
1785 4229 1835 4281 in
1861 4227 2197 4282 defendendo

648 4323 986 4385 industriam,
1022 4321 1242 4390 inquit:
1288 4318 1401 4373 Non
1431 4335 1526 4376 vos
1583 4320 1883 4386 loquimini,
1930 4321 2022 4374 sed
2081 4319 2199 4388 Spi-

649 4413 802 4465 ritus.

717 4499 878 4555 Vsus.
906 4499 993 4555 21.
1031 4516 1048 4549 ι
1086 4498 1283 4552 Tradet
1308 4509 1485 4552 autem
1508 4498 1671 4552 frater
1707 4497 1928 4552 fratrem
1961 4499 2012 4551 in
2046 4513 2192 4552 mor—

649 4602 774 4654 tem,
819 4599 874 4642 et
935 4600 1085 4659 pater
1125 4591 1314 4650 tilium,
1370 4597 1422 4643 et
1474 4591 1750 4659 insuigent
1807 4589 1898 4642 filii
1943 4591 2196 4642 adversus

2306 2061 2537 2130 βασιλεῖς
2568 2061 2866 2130 ἀχθήσεσθε
2910 2063 3093 2112 ἕνεκεν
3141 2061 3296 2128 ἐμοῦ,
3332 2065 3408 2122 είς
3445 2064 3748 2134 μαρτύριον
3775 2064 3864 2112 αῦο

2304 2155 2415 2212 τοῖς
2447 2156 2534 2202 καὶ
2565 2156 2673 2213 τοῖς
2703 2152 2926 2202 ἔθνεσιν.
2968 2170 2983 2200 i
3040 2152 3222 2219 Ὁρᾷς,
3270 2152 3424 2203 τοῦτό
3462 2154 3664 2205 ἔστιτὸ
3692 2153 3871 2222 φρόνει

2307 2260 2403 2310 μον
2435 2237 2591 2304 εἶναι,
2624 2244 2682 2293 τὸ
2709 2243 2992 2311 προσέχειν
3033 2243 3124 2292 καὶ
3159 2244 3231 2310 μὴ
3257 2242 3454 2294 διδόναι
3481 2244 3737 2312 ἀφορμὴν
3768 2244 3870 2303 τοζς

2303 2332 2515 2384 Θέλουσι
2574 2333 2796 2394 Θλίδειν,
2859 2332 2990 2384 ἀλλὰ
3046 2337 3322 2399 φρονίμως
3372 2332 3593 2383 διοικεῖν
3628 2333 3697 2385 τὰ
3752 2328 3868 2384 καθ’

2305 2425 2524 2484 ἑαυτούς
2545 2439 2557 2452 ·
2591 2423 2655 2474 ἂν
2696 2425 2951 2491 χρήματα
2982 2423 3110 2490 Θέλῃ
3153 2425 3179 2474 6
3206 2421 3436 2485 διώκων,
3471 2422 3537 2480 ἂν
3569 2422 3756 2491 τιμὴν,
3788 2423 3869 2483 δὸς

2306 2516 2387 2566 ἵνα
2421 2515 2495 2582 μὴ
2523 2515 2618 2582 ἔχῃ
2646 2516 2931 2581 ἀφορμήν·
2977 2514 3040 2565 ἂν
3093 2513 3149 2563 δὲ
3190 2512 3284 2582 τὴν
3317 2513 3500 2564 πίστιν
3550 2511 3869 2581 ἀφαιρῆται,

2304 2604 2534 2671 φύλαττέ
2593 2621 2684 2655 σου
2729 2605 2828 2669 τὴν
2875 2603 3135 2671 κεφαλήν.
3170 2603 3244 2653 Οὐ
3280 2604 3440 2669 μόνον
3467 2599 3527 2653 δὲ
3561 2602 3700 2669 πρὸς
3748 2603 3871 2653 ἰου-

2302 2695 2480 2755 δαίους
2510 2695 2750 2760 πέμπειν
2781 2692 2962 2762 μέλλει
2989 2693 3111 2755 τοὺς
3144 2691 3415 2761 μαθητὰς,
3450 2691 3585 2744 ἀλλὰ
3613 2692 3709 2743 καὶ
3738 2693 3869 2762 πρὸς

2300 2787 2368 2838 τὰ
2399 2786 2547 2853 ἔθνη,
2572 2785 2649 2836 διὸ
2679 2785 2768 2836 καὶ
2790 2784 2960 2850 λέγει,
2989 2785 3081 2846 El;
3113 2783 3411 2853 μαρτύριον
3440 2783 3624 2843 αὐτοῖς
3650 2783 3870 2844 καὶτοῖς

2303 2877 2502 2940 ἔθνεσι,
2533 2875 2806 2927 τουτέστιν
2842 2878 2919 2935 είς
2961 2877 3178 2942 ἔλεγχον
3229 2874 3407 2926 αὐτῶν
3460 2874 3535 2942 μὴ
3591 2874 3869 2928 πιστευόν·

2302 2988 2428 3025 των.

2379 3081 2394 3110 ι
2430 3062 2593 3113 Ὅταν
2626 3061 2680 3113 δὲ
2711 3061 3077 3128 παραδιδῶσιν
3136 3063 3300 3130 ὑμᾶς,
3363 3061 3438 3130 μὴ
3499 3059 3868 3131 μεριμνήσητε

2303 3152 2418 3214 πῶς
2449 3154 2481 3220 ἢ
2515 3154 2564 3204 τί
2615 3153 2906 3222 λαλήσητε,
2966 3153 3250 3222 δοθήσεται
3300 3152 3406 3222 γὰρ
3437 3153 3567 3222 ὑμῖν
3601 3156 3658 3205 ὲν
3694 3153 3873 3222 ἐκείνῃ

2301 3244 2365 3312 τῇ
2396 3243 2512 3312 ὥρᾳ
2534 3244 2583 3293 τί
2617 3241 2906 3311 λαλήσητε.
2946 3245 3017 3296 Ού
3057 3247 3164 3314 γὰρ
3196 3244 3353 3312 ὑμιῖς
3383 3245 3506 3295 ἐστι
3555 3245 3606 3295 οι
3655 3242 3870 3294 λαλοῦν-

2301 3349 2414 3397 τες,
2454 3333 2588 3385 ἀλλὰ
2625 3335 2682 3384 τὸ
2707 3332 2931 3402 Πνεῦμα
2977 3334 3070 3386 τοῦ
3113 3336 3324 3404 [ἰατρὸς
3355 3335 3530 3403 ὑμῶν,
3568 3333 3627 3386 τὸ
3685 3332 3872 3385 λαλοῦν

2303 3425 2359 3474 ἐν
2391 3425 2539 3491 ὑμῖν.
2599 3441 2616 3472 ι
2665 3424 2783 3475 ἰνα
2840 3425 2915 3492 μὴ
2950 3424 3166 3486 εἴπωσι,
3205 3426 3312 3476 Καὶ
3372 3425 3483 3486 πῶς
3536 3424 3870 3492 δυνησόμεθα

2302 3518 2482 3567 πεῖσαι
2513 3514 2706 3582 σοφοὺς
2733 3515 2936 3568 ίδιῶται
2964 3515 3151 3580 δντες;
3201 3515 3410 3568 κελεύει
3469 3516 3722 3586 θαρρεῖν,
3777 3516 3864 3566 καὶ

2307 3606 2381 3674 μὴ
2425 3608 2696 3674 μεριμνᾷν
2731 3621 2741 3633 ·
2779 3608 2906 3658 ὅταν
2943 3607 3038 3673 μὶν
3072 3608 3178 3674 γὰρ
3231 3607 3517 3674 μέλλωμεν
3548 3607 3756 3674 μεταξὺ
3789 3621 3860 3656 πι-

2307 3695 2445 3748 στῶν
2471 3695 2833 3764 διαλέγεσθαι,
2885 3697 2964 3748 δεῖ
3020 3700 3162 3765 ἡμᾶς
3213 3698 3574 3766 προμελετᾷν,
3611 3700 3705 3750 καὶ
3739 3698 3868 3749 ἑτοί-

2306 3804 2436 3856 μους
2462 3783 2595 3839 εἷναι
2629 3788 2762 3856 πρὸς
2792 3787 3106 3852 ἀπολογίαν,
3158 3789 3231 3849 ὡς
3264 3790 3292 3839 6
3323 3787 3523 3855 Πέτρος
3581 3790 3865 3858 παραινεῖ·

2305 3879 2505 3947 μεταξὺ
2529 3879 2584 3930 δὲ
2613 3879 2784 3947 δχλων
2814 3879 2903 3931 καὶ
2939 3877 3198 3947 βασιλέων
3233 3880 3600 3947 μαινομένων,
3627 3880 3725 3947 τὴν
3748 3879 3868 3928 ἑαυ-

2301 3967 2392 4020 τοῦ
2421 3970 2757 4038 ὑπισχνεῖται
2799 3970 2972 4038 ἰσχὺν,
3035 3970 3120 4021 ἵνα
3174 3968 3249 4038 μὴ
3280 3968 3608 4038 φοόηθῶμεν
3635 3986 3649 3999 ·
3687 3970 3748 4020 τὸ
3776 3968 3868 4036 μὲν

2303 4059 2411 4127 γὰρ
2440 4060 2740 4128 ὁμολογεῖν,
2769 4059 3037 4128 ἡμέτερον
3060 4075 3072 4087 '
3101 4059 3159 4111 τὸ
3175 4059 3231 4112 δι
3253 4058 3432 4126 σοφῶς
3463 4059 3867 4126 ἀπολογεῖσθαι,

2303 4149 2456 4203 Θεοῦ.
2493 4150 2600 4203 Καὶ
2624 4152 2709 4203 ἵνα
2742 4151 2815 4220 μὴ
2848 4150 3121 4220 ὑπολάϐῃς
3153 4152 3232 4203 δτι
3268 4151 3470 4220 φυσική
3499 4153 3650 4204 ἐστιν
3678 4153 3710 4221 ἡ
3743 4152 3867 4220 πρὸς

2303 4242 2398 4305 τὰς
2427 4242 2718 4310 ἀπολογίας
2750 4242 3140 4311 ἐπιτηδειότης,
3194 4243 3377 4310 φησὶν,
3411 4241 3523 4310 Οὐχ
3575 4241 3736 4311 ὑμεῖς
3776 4242 3865 4292 λα-

2304 4335 2467 4396 λεῖτε,
2504 4334 2635 4384 ἀλλὰ
2667 4335 2725 4384 τὸ
2761 4332 2999 4401 Πνεῦμα.

2381 4525 2397 4557 ι
2445 4507 2761 4576 Παραδώσει
2799 4509 2852 4561 δὲ
2884 4509 3110 4577 ἀδελφὸς
3145 4506 3371 4576 ἀδελφὸν
3402 4509 3479 4570 είς
3504 4508 3757 4573 θάνατον,
3783 4511 3867 4559 καὶ

2308 4599 2488 4668 πατὴρ
2513 4598 2719 4652 τέκνον.
2745 4601 2849 4652 Καὶ
2877 4600 3346 4669 ἐπαναστήσονται
3367 4599 3531 4651 τέκνα
3563 4602 3656 4652 ἐπὶ
3679 4602 3868 4666 γονεῖς,

648 4689 917 4744 parentes,
946 4692 999 4731 et
1027 4687 1194 4731 morte
1223 4676 1456 4730 officient
1480 4692 1588 4731 eos.
1635 4697 1652 4728 ι
1681 4679 1927 4731 Ρτιεάἰοὶι
1949 4679 2198 4732 eiseven-

2305 4688 2394 4740 καὶ
2427 4688 2826 4741 (θανατώσουσιν
2851 4691 3062 4752 αὐτούς.
3098 4710 3114 4740 ›
3147 4691 3404 4758 ΙΙρολέγει
3430 4691 3613 4752 αὐτοῖς
3650 4691 3716 4743 τὰ
3744 4707 3868 4759 συμ-

651 4781 879 4829 tura,ne
916 4769 1199 4820 turbentur
1230 4783 1348 4820 eum
1381 4767 1694 4821 acciderint.
1735 4766 1981 4822 Ostendit
2021 4780 2197 4822 autem

648 4871 699 4912 et
733 4859 1129 4927 praedicationis
1159 4861 1288 4919 vim.
1319 4863 1584 4927 quomodo
1607 4873 1851 4914 naturam
1878 4861 2046 4930 ipsam
2070 4878 2201 4916 con-

649 4959 884 5001 temnere
937 4947 1118 5001 faciat.
1155 4947 1250 5002 llic
1295 4951 1439 5002 enim
1489 4950 1936 5004 Cbristianismus
1989 4962 2091 5014 est,
2148 4962 2201 5004 et

650 5040 922 5092 insaniant
967 5039 1175 5093 illorum
1209 5039 1424 5094 interim
1463 5040 1788 5107 manifestat,
1839 5045 1979 5110 quod
2029 5058 2199 5111 neque

651 5129 1000 5183 familiaribus
1031 5142 1270 5198 parcunt.

729 5219 887 5275 \r'slts.
936 5222 1028 5277 ἓξ.
1089 5241 1104 5273 ι
1155 5224 1218 5277 Et
1268 5225 1420 5278 eritis
1472 5225 1593 5278 odio
1643 5224 1808 5279 habiti
1858 5226 1925 5279 ab
1952 5226 2198 5280 omnibus

651 5322 866 5377 prepter
919 5327 1107 5365 nomen
1160 5329 1355 5368 meum.
1395 5314 1492 5380 Qui
1551 5325 1726 5369 autem
1774 5316 2198 5384 perseveraverit

648 5415 814 5465 usque
843 5399 894 5452 in
926 5399 1108 5463 linem,
1140 5401 1223 5455 liie
1255 5405 1434 5458 salvus
1467 5406 1592 5458 erit.
1638 5423 1655 5456 ι
1689 5405 1769 5457 Ab
1799 5406 2066 5468 omnibus,
2099 5406 2197 5457 lioc

647 5500 744 5550 t'rl,
779 5505 806 5542 a
838 5489 1034 5545 multis.
1066 5491 1178 5546 Non
1207 5494 1346 5546 enim
1387 5509 1572 5551 omnes
1613 5494 1731 5550 illos
1760 5497 1882 5549 odio
1913 5513 2196 5565 perseque-

647 5585 840 5633 imltllll‘
884 5599 894 5633 :
932 5599 1050 5636 nam
1103 5584 1342 5638 nonnulli
1394 5597 1446 5640 et
1502 5587 1656 5641 fidem
1703 5600 2040 5655 acceperant.
2093 5587 2191 5653 Qui

646 5686 820 5723 antem
859 5689 1022 5740 usque
1053 5675 1105 5728 in
1134 5678 1290 5730 tinem
1329 5682 1768 5747 perseveraverit,
1803 5693 1852 5732 et
1881 5697 1984 5733 non
2020 5682 2191 5735 solum

647 5776 750 5810 mro
773 5763 928 5824 perit,
971 5765 1053 5816 ille
1078 5775 1291 5820 (Literna:
1327 5768 1442 5820 vitm
1479 5771 1744 5841 particeps
1778 5781 1900 5824 erit.

714 5878 759 5906 “
794 5878 814 5931 Ι
849 5878 992 5936 Pctr.
1027 5897 1108 5936 ni.

2306 4781 2603 4849 δησόμενα,
2648 4782 2732 4833 ἵνα
2768 4783 2896 4835 ὅταν
2933 4785 3219 4848 γένωνται,
3259 4783 3335 4851 μὴ
3369 4781 3743 4852 Θορυσηθῶσι·
3767 4782 3868 4835 δεί-

2307 4859 2462 4924 κνυσῖ
2496 4873 2554 4924 δὲ
2604 4873 2696 4925 καὶ
2729 4873 2825 4943 τὴν
2884 4873 2976 4925 τοῦ
3035 4875 3391 4944 κηρύγματος
3446 4873 3701 4940 δύναμιν,
3761 4873 3868 4935 πῶς

2306 4967 2450 5015 ποιεῖ
2476 4967 2834 5034 καταφρονεῖν
2879 4966 2976 5034 τῆς
3013 4967 3224 5034 φύσεως
3243 4953 3265 4997 ·’
3293 4965 3529 5027 τοιοῦτος
3560 4967 3669 5037 γὰρ
3691 4967 3720 5017 6
3745 4967 3867 5036 Χρι-

2310 5055 2622 5123 στιανισμὸς
2645 5072 2657 5084 ·
2691 5056 2824 5107 ἀλλὰ
2854 5059 2944 5107 καὶ
2975 5058 3072 5126 τὴν
3100 5059 3299 5125 μανίαν
3332 5056 3558 5110 ἐκείνων
3599 5057 3864 5128 δμῳαίνει,

2305 5148 2386 5198 ὅτι
2418 5147 2534 5199 οὐδὲ
2561 5148 2664 5199 τῶν
2699 5149 3041 5200 οἰκειοτάτων
3081 5149 3381 5216 φείσονται.

2381 5257 2398 5287 ι
2442 5240 2547 5291 Καὶ
2576 5239 2762 5291 ἔσεσθε
2798 5242 3113 5309 μισούμενοι
3141 5242 3246 5293 ὑπὸ
3276 5242 3492 5295 πάντων
3514 5243 3606 5297 διὰ
3625 5246 3686 5300 τδ
3711 5246 3866 5315 ὄνομα

2303 5348 2402 5398 μου
2423 5347 2436 5358 ·
2467 5332 2493 5382 6
2524 5331 2578 5382 δὲ
2624 5331 2920 5400 ὑπομείνας
2972 5335 3049 5395 εις
3084 5333 3253 5396 τέλος,
3285 5329 3435 5397 οὗτος
3489 5337 3808 5408 σωθήσεται.
3847 5359 3862 5389 ι

2305 5419 2374 5469 T6
2403 5420 2506 5470 ὑπὸ
2534 5420 2770 5482 πάντων,
2807 5422 2928 5472 ἀντὶ
2961 5421 3074 5483 τοῦ,
3105 5423 3210 5474 ὑπὸ
3241 5424 3473 5483 πολλῶν.
3496 5427 3572 5480 Οὐ
3601 5431 3710 5497 γὰρ
3743 5428 3868 5480 πὰνο

2302 5525 2390 5569 τες
2424 5509 2644 5577 ἑμίσουν
2673 5511 2892 5571 αὐτούς.
2926 5506 3102 5564 τ-Ησαν
3131 5512 3239 5583 γὰρ
3268 5515 3360 5567 καὶ
3389 5515 3440 5566 οι
3492 5516 3866 5586 παραδεξόμε-

2303 5616 2380 5650 νοι
2402 5600 2499 5666 τὴν
2525 5598 2703 5650 πίστιν
2729 5615 2739 5626 ·
2773 5601 2799 5651 6
2828 5600 2881 5652 δὲ
2933 5600 3058 5670 ἄχρι
3085 5603 3273 5665 τέλους
3315 5603 3643 5672 ὑπομείνας,
3676 5608 3768 5661 καὶ
3797 5609 3869 5676 μὴ

2305 5691 2360 5740 ἐν
2389 5693 2454 5759 τῇ
2482 5692 2620 5758 ἀρχῇ
2652 5691 2833 5758 μόνον,
2860 5693 3060 5753 ἐκεῖνος
3090 5693 3188 5761 τῆς
3216 5694 3438 5747 αἰωνίου
3470 5698 3686 5763 μεθέξει
3711 5698 3861 5766 (toﬁ;
