4034 6654
259 553 354 594 CH

263 553 359 616 351
895 556 1336 617 ENARRATIU
1368 555 1444 614 IN
1479 549 1973 613 EVANGELIUM
2020 548 2400 609 ΜΑῙῚῚΙῈῘ.
2432 574 2505 584 -
2539 549 2694 608 CAP.
2736 546 2840 606 ΧΓ.

337 688 354 719 ι
397 670 563 722 Ὀταν
585 668 638 719 δὲ
665 667 934 720 διώκωσιν
964 669 1105 737 ὑμᾶς
1127 672 1183 722 ὲν
1211 673 1275 738 τῇ
1307 670 1457 720 πόλει
1495 667 1685 737 ταύτῃ.
1705 663 1836 734 φεύ-
1866 668 1911 722 Α

257 779 384 830 γετε
415 767 494 826 εἰς
523 761 620 831 τήν
653 761 841 828 ἄλλην.
893 763 1066 832 Ἀμὴν
1102 763 1245 829 λέγω
1288 763 1437 830 ύμῖν,
1493 763 1554 814 ού
1593 761 1666 829 μὴ
1689 759 1838 812 τελέ-

261 872 393 925 σητε
429 855 524 917 τὰς
557 854 736 914 πόλεις
761 853 852 907 τοῦ
895 855 1113 923 Ἰσραὴλ
1142 855 1247 918 ἓως
1280 855 1344 907 ἂν
1371 854 1499 925 ἔλοῃ
1531 855 1558 907 ὁ
1585 853 1712 916 Υἱὸς
1740 851 1834 905 τού

259 943 569 1013 ἀνθρώπου.
620 961 637 994 ι
681 943 760 995 Τὰ
794 943 892 1012 μὲν
916 943 1029 996 ἄνω
1058 942 1313 1012 ρηθέντα,
1350 941 1582 1013 φοϐερρι,
1614 935 1725 992 οἷον
1751 940 1832 1002 τὸ,

262 1034 688 1105 Παραδώσουσιν
748 1035 914 1101 ὑμᾶς,
956 1033 1049 1086 καὶ
1093 1034 1175 1097 τὸ,
1210 1032 1438 1084 Ἐσεσθε
1493 1030 1833 1100 μισούμενοι,

261 1127 389 1193 περὶ
414 1125 524 1177 τῶν
557 1125 694 1194 μετὰ
723 1125 824 1197 τὴν
864 1124 1156 1193 Ἀνάληψιν
1191 1121 1625 1193 συμὸησομὲνων
1651 1116 1791 1190 ἦσαν
1819 1135 1834 1150 ο

270 1221 331 1271 τὸ
363 1219 419 1270 δὲ
448 1218 541 1270 νῦν
574 1218 887 1288 λεγόμενον,
913 1217 1043 1286 περὶ
1072 1215 1180 1269 τῶν
1209 1216 1314 1286 πρὸ
1337 1215 1430 1267 τοῦ
1469 1213 1726 1282 σταυροῦ.
1761 1210 1834 1264 Οὐ

259 1309 335 1378 μὴ
356 1309 466 1378 γὰρ
493 1310 749 1377 τελέσητε
788 1310 885 1372 τὰς
905 1309 1088 1370 πόλεις
1117 1307 1211 1361 τοῦ
1252 1307 1470 1377 Ἰσραὴλ
1492 1305 1834 1373 διωκόμενοι,

258 1401 354 1453 καὶ
374 1400 536 1464 εὐθὺς
567 1401 860 1470 ἐλεύσομαι
893 1401 1031 1470 πρὸς
1065 1400 1226 1469 ὑμᾶς.
1264 1398 1494 1452 Κελεύει
1530 1397 1586 1450 δὲ
1613 1395 1838 1463 φεύγειν

256 1492 644 1559 διωκομένους.
711 1492 784 1544 Τὸ
812 1493 919 1561 γὰρ
967 1491 1250 1560 προδήλως
1283 1489 1495 1559 ῥίπτειν
1523 1488 1717 1542 ἑαυτὸν
1758 1491 1839 1551 εἰς

259 1584 526 1648 κίνδυνον,
571 1585 663 1636 καὶ
705 1585 877 1636 αἴτιον
922 1582 1170 1650 γίνεσθαι
1201 1581 1578 1652 κατακρίσεως
1607 1582 1719 1645 τοῖς
1745 1597 1839 1650 φοι

257 1679 496 1743 νευταῖς,
529 1678 622 1730 καὶ
655 1676 884 1747 ζημιοῦν
919 1678 1046 1740 τοὺς
1081 1675 1371 1747 μέλλοντας
1403 1675 1728 1745 ὠφελεῖσθαι
1752 1675 1838 1729 διὰ

256 1767 353 1819 τοῦ
396 1766 770 1836 κηρύγματος,
799 1766 1104 1820 διαῦολικὸν
1139 1767 1254 1820 ἐστι
1283 1784 1296 1797 ’
1332 1767 1393 1819 τὸ
1429 1765 1560 1835 γοῦν
1599 1766 1745 1827 Ἕως
1773 1765 1839 1818 ἂν

258 1856 392 1929 ελοῃ
441 1859 469 1910 ὁ
496 1858 622 1921 Υἰὸς
671 1857 765 1911 τοῦ
807 1856 1120 1927 ἀνθρώπου,
1156 1857 1230 1927 μὴ
1269 1857 1529 1925 περὶτῆς
1580 1855 1841 1926 δευτέρας

258 1948 568 2018 παρουσίας
598 1949 798 2021 νοήσῃς
819 1988 834 2013 ,
875 1947 1013 2002 ἀλλὰ
1054 1947 1184 2017 περὶ
1218 1945 1314 2016 τῆς
1347 1945 1451 2016 πρὸ
1480 1945 1573 1998 τοῦ
1603 1944 1838 2015 σταυροῦ

3411 541 3524 602 Eli!

2014 665 2177 720 Vens.
2214 666 2302 721 23.
2351 685 2368 717 ι
2407 665 2540 721 Cum
2577 675 2755 717 autem
2794 677 2887 716 vos
2917 660 3116 714 fuerint
3157 660 3426 728 persecuti
3468 661 3523 713 in

1941 763 2164 814 civitate
2198 761 2319 824 hac,
2351 760 2516 829 fugite
2549 759 2600 812 in
2632 758 2808 811 aliam.
2848 757 3018 809 Amen
3050 754 3171 806 dico
3207 753 3383 813 vobis,
3416 768 3521 806 ηοιι

1941 853 2446 926 perambulaveritis
2491 867 2681 906 omnes
2713 850 2961 905 civitates
2996 846 3179 908 lsrael,
3212 846 3385 900 donec
3419 859 3516 896 ve-

1941 950 2054 1003 niat
2089 947 2258 1000 Filius
2292 945 2547 999 hominis.
2583 964 2600 994 ι
2637 942 2765 1008 Quae.
2797 957 2959 1009 supra
2998 937 3139 993 dicta
3177 947 3322 999 sunt,
3356 937 3518 991 terri-

1942 1041 2274 1094 bilia-erant
2312 1057 2322 1092 :
2364 1047 2420 1091 ut
2455 1038 2598 1105 quod
2640 1034 2855 1089 tradent
2890 1047 3006 1095 vos,
3047 1042 3101 1084 et
3157 1030 3312 1084 eritis
3365 1028 3515 1088 odio,

1939 1143 2060 1201 post
2103 1131 2222 1200 ejus
2271 1129 2652 1183 Ascensiouem
2709 1125 2886 1180 futura
2917 1131 3118 1179 erant:
3162 1120 3304 1190 quod
3341 1129 3523 1173 autem

1943 1237 2104 1286 nunc,
2135 1221 2331 1275 dicitur
2363 1220 2426 1273 de
2468 1219 2552 1272 his
2609 1233 2729 1288 qua:
2764 1227 2888 1270 ante
2914 1229 3153 1271 crucem.
3204 1212 3321 1266 Non
3374 1211 3518 1265 enim

1942 1312 2446 1383 perambulaveritis
2475 1312 2723 1366 civitates
2748 1309 2914 1365 Israel
2946 1309 2996 1362 in
3025 1305 3517 1376 persccutionihus.

1941 1414 1994 1462 et
2044 1407 2226 1460 statim
2277 1405 2488 1459 veniam
2522 1404 2587 1458 ad
2624 1418 2736 1457 vos.
2774 1399 2937 1456 iubet
2989 1408 3169 1454 autem
3214 1397 3401 1466 fugere
3435 1413 3529 1450 eo:

1941 1497 2032 1568 qui
2067 1507 2484 1568 persequuntur.
2531 1494 2816 1549 Enimvero
2859 1504 3062 1548 temere
3123 1505 3182 1544 se
3227 1489 3280 1542 in
3315 1489 3533 1556 pericu-

1945 1591 2052 1645 lum
2081 1588 2324 1660 injicere,
2359 1595 2414 1642 et
2441 1597 2718 1642 auctorem
2760 1584 2872 1638 ﬁeri
2918 1581 3389 1638 condcmnationis
3428 1580 3530 1633 ho‘

1945 1683 2178 1748 micidis,
2218 1690 2273 1746 et
2305 1682 2501 1734 damno
2533 1693 2652 1734 esse
2702 1679 2788 1733 his
2815 1677 3012 1748 quibus
3052 1691 3146 1745 per
3182 1675 3531 1745 praedicatio-

1946 1791 2064 1828 nem
2100 1774 2355 1843 prodesse
2393 1779 2631 1843 paterat,
2657 1770 2984 1826 diabolicum
3014 1778 3116 1823 est.
3151 1769 3330 1822 Donec
3360 1768 3540 1821 veniat

1944 1865 2114 1920 Filius
2147 1865 2400 1924 hominis.
2451 1880 2555 1918 non
2587 1865 2654 1918 de
2693 1864 2932 1917 secundo
2979 1862 3211 1915 adventu
3239 1859 3534 1929 intelligas.

1949 1958 2041 2012 sed
2070 1958 2136 2012 de
2165 1966 2431 2013 conventu
2464 1965 2520 2011 et
2558 1955 2926 2010 consolatione
2957 1963 3083 2008 ante
3112 1967 3355 2007 crucem.
3388 1950 3538 2003 Missi

261 2040 553 2104 συνουσίας
581 2042 676 2094 καὶ
718 2040 1090 2112 παραμυθίας.
1139 2039 1557 2101 Ἀποσταλέντες
1606 2039 1715 2109 γὰρ
1751 2038 1844 2091 καὶ

1965 2053 2093 2106 3nim
2140 2052 2206 2104 ad
2237 2048 2668 2119 praedicandum,
2705 2047 2902 2101 iterum
2946 2046 3010 2099 ad
3052 2043 3327 2099 Christum
3361 2042 3539 2100 redie.

261 2133 621 2201 κηρύξαντες,
657 2134 817 2186 πάλιν
838 2132 1268 2205 ύπεστράφησαν
1299 2132 1435 2202 πρὸς
1470 2132 1562 2184 τὸν
1585 2131 1841 2202 Χριστὸν,

261 2226 358 2278 καὶ
389 2225 625 2295 συνῆσαν
647 2226 812 2296 αύτῷ.

339 2337 357 2366 ε
406 2317 518 2369 Οὐκ
569 2316 683 2369 ἐστι
743 2317 992 2387 μαθητὴς
1043 2317 1182 2387 ὑπὲρ
1211 2317 1302 2368 τὸν
1347 2314 1688 2375 διδάσκαλον,
1721 2311 1844 2365 οὐδὲ

258 2406 447 2470 δοῦλος
479 2407 619 2478 ὑπὲρ
646 2407 738 2460 τὸν
767 2408 956 2477 κύριον
1003 2407 1200 2460 αὐτοῦ·
1233 2405 1468 2476 ἀρκετὸν
1513 2404 1591 2475 τῷ
1626 2404 1844 2474 μαθητῇ

263 2500 354 2553 ἵνα
378 2499 602 2570 γένηται
633 2500 708 2563 ὡς
737 2503 765 2553 ὁ
795 2499 1114 2562 διδάσκαλος
1153 2500 1341 2560 αὑτοῦ,
1369 2498 1462 2551 καὶ
1488 2502 1515 2551 ὀ
1549 2497 1736 2559 δοῦλος
1769 2496 1848 2560 ὡς

261 2593 291 2643 ὁ
321 2592 512 2662 κύριος
556 2591 744 2647 αὐτοῦ.
778 2611 794 2642 ι
835 2592 1084 2644 Διδάσκει
1130 2591 1364 2644 ἐνταῦθα
1389 2575 1694 2660 ³ἁνέχεσθαι
1739 2588 1846 2641 τῶν

264 2683 502 2754 ὕϐρεων.
559 2683 619 2736 Εἰ
650 2683 759 2752 γὰρ
818 2682 929 2751 ἐγὼ
978 2684 1006 2736 ὁ
1062 2683 1380 2745 διδάσκαλος
1434 2684 1528 2736 καὶ
1579 2683 1848 2753 δεσπότης

264 2775 599 2845 ἠνεσχόμην,
643 2774 823 2844 πολλῷ
889 2774 1092 2842 μᾶλλον
1126 2775 1284 2844 ὑμεῖς
1345 2777 1393 2827 οἰ
1429 2773 1692 2843 ’μαθηταὶ
1754 2774 1850 2826 καὶ

264 2865 467 2920 δοῦλοι.
522 2867 763 2938 Ἐρωτᾷς
788 2867 842 2919 δὲ
871 2867 989 2929 πῶς
1022 2883 1155 2935 φησι
1185 2868 1266 2930 τὸ,
1294 2867 1409 2918 Ούκ
1460 2867 1573 2918 ἔστι
1603 2865 1851 2936 μαθητὴς

266 2959 408 3030 ὑπὲρ
441 2959 535 3011 τὸν
573 2958 913 3021 διδάσκαλον,
953 2959 1088 3012 ὅπου
1120 2975 1182 3025 γε
1219 2957 1447 3020 πολλοὺς
1503 2956 1722 3028 ὁρῶμεν
1754 2974 1851 3026 p.1-

265 3051 440 3120 Οητάς
464 3051 748 3121 κρείττους
768 3050 874 3103 τῶν
894 3049 1268 3116 διδασκάλων;
1303 3049 1459 3103 Μάθε
1492 3048 1584 3101 οὖν
1615 3050 1716 3104 ὅτι.
1747 3048 1852 3110 ἕως

265 3140 334 3193 ἂν
363 3133 465 3193 ὦσι
499 3140 763 3210 μαθηταὶ,
798 3140 1056 3203 ἐλάττους
1099 3141 1206 3193 εἰσὶ
1241 3141 1348 3193 τῶν
1373 3140 1730 3205 διδασκάλων,
1759 3140 1853 3192 ἐὰν

265 3225 323 3277 δὲ
357 3226 642 3296 κρείττους
668 3227 954 3294 γένωνται,
995 3228 1096 3281 ούκ
1124 3229 1204 3281 ἔτι
1233 3229 1418 3282 λοιπόν
1457 3231 1562 3281 εἰσι
1587 3230 1852 3300 μαθηταὶ,

1955 2153 2100 2209 runt,
2136 2152 2189 2198 et
2219 2157 2340 2197 cum
2377 2155 2442 2196 co
2473 2138 2781 2195 conversati
2815 2145 2962 2192 sunt.

2027 2327 2190 2381 Vitas.
2223 2324 2315 2379 24.
2356 2341 2374 2375 ι
2415 2321 2532 2378 Νοη
2567 2332 2650 2378 est
2689 2319 2990 2390 discipulus
3039 2332 3198 2387 supra
3244 2326 3543 2388 praecepto-

1955 2432 2090 2482 rem,
2129 2429 2304 2483 neque
2342 2427 2536 2469 servus
2582 2427 2744 2482 supra
2771 2411 3050 2464 dominum
3105 2425 3260 2463 suum
3291 2425 3304 2461 :
3342 2408 3546 2461 sufficit

1955 2508 2097 2563 enim
2129 2494 2398 2576 discipulo
2423 2513 2483 2559 ut
2503 2505 2574 2560 sit
2602 2505 2743 2558 sicut
2763 2509 3068 2572 praeceptor
3095 2515 3247 2565 suus,
3272 2509 3326 2554 ct
3353 2514 3546 2555 servus

1955 2599 2094 2656 sicut
2154 2598 2404 2653 dominus
2437 2611 2584 2651 suus.
2621 2614 2638 2646 ι
2678 2595 2847 2649 Docet
2872 2594 2975 2648 hoc
3019 2593 3136 2647 loco
3167 2589 3417 2646 ferendas
3465 2593 3549 2644 iu-

1952 2692 2144 2758 jurlas.
2176 2689 2309 2744 Nam
2339 2688 2383 2742 si
2425 2702 2522 2759 ego
2555 2696 2857 2756 praeceptor
2889 2696 2942 2739 et
2976 2683 3238 2737 Dominus
3285 2681 3541 2740 sustinui,

1959 2783 2128 2837 multo
2156 2781 2330 2850 magis
2365 2794 2459 2833 vos
2493 2777 2741 2846 discipuli
2775 2785 2831 2831 et
2878 2775 3041 2830 servi.
3092 2773 3402 2843 Interrogas
3445 2786 3547 2824 au-

1960 2885 2066 2927 tcm
2099 2873 2367 2942 quomodo
2403 2869 2558 2932 dicit,
2592 2866 2708 2924 Non
2737 2877 2821 2923 est
2855 2866 3151 2935 discipulus
3205 2881 3366 2934 supra
3403 2881 3544 2932 prm—

1957 2975 2254 3036 ceptorem,
2305 2978 2426 3018 cum
2475 2962 2754 3016 videamus
2796 2959 2994 3013 multos
3059 2956 3354 3027 discipulos
3408 2972 3548 3023 prae-

1960 3059 2269 3129 ceptoribus
2313 3055 2640 3125 antecellere
2663 3055 2686 3107 ?
2711 3052 2951 3123 lntellige
2985 3051 3150 3122 igitur
3183 3050 3328 3120 quod
3372 3049 3545 3102 donec

1962 3152 2162 3209 fuerint
2189 3148 2462 3220 discipuli,
2499 3149 2739 3202 minores
2773 3145 2880 3217 50
2913 3153 3074 3199 erunt
3102 3141 3546 3212 praeceptoribus.

1963 3241 2104 3312 quod
2133 3244 2174 3296 si
2205 3239 2614 3311 praestantiores
2645 3237 2864 3302 fuerint,
2901 3250 3011 3290 non
3041 3243 3202 3288 erunt
3240 3231 3351 3302 jam
3381 3231 3548 3286 disci-

266 3314 462 3385 ὥσπερ
490 3315 585 3370 καὶ
608 3318 632 3368 ὁ
657 3315 862 3380 δοῦλος,
891 3317 996 3381 ἓως
1028 3317 1093 3370 ἂν
1176 3319 1380 3386 δοῦλος,
1402 3320 1502 3372 οὐκ
1535 3319 1682 3372 ἔστιν
1716 3322 1855 3394 ὑπὲρ

1965 3333 2074 3401 puli
2110 3349 2123 3388 :
2156 3331 2616 3401 quemadmodum
2645 3337 2700 3383 et
2722 3343 2920 3384 servus
2950 3325 3194 3395 quandiu
3232 3334 3314 3384 est
3339 3337 3552 3387 servus,

266 3406 362 3459 τὸν
388 3407 578 3477 κύριον
611 3407 800 3463 αὐτοῦ.

348 3518 367 3550 ι
405 3500 466 3553 Ei
494 3500 584 3552 τὸν
643 3500 1028 3575 οἰκοδεσπότην
1098 3504 1427 3569 Βεελζεϐοἰδλ
1481 3508 1853 3573 ἀπεκάλεσαν,

271 3590 428 3661 πόσῳ
464 3591 666 3658 μᾶλλον
697 3594 823 3656 τοὺς
852 3595 1132 3658 οἰκιακοὺς
1153 3597 1351 3663 aurati;
1412 3599 1504 3670 Μὴ
1561 3597 1654 3653 οὖν
1685 3602 1858 3672 φοϐή-

272 3681 407 3751 θῆτε
459 3683 696 3747 αὐτοὺς,
730 3685 885 3737 οὐδὲν
913 3687 1020 3759 γάρ
1069 3689 1186 3741 ἐστι
1233 3689 1654 3761 κεκαλυμμένον
1706 3691 1734 3744 ὃ
1759 3695 1861 3748 ούκ

271 3771 822 3844 ἀποκαλυφθήσεται,
849 3777 944 3828 καὶ
971 3779 1211 3847 κρυπτὸν
1232 3777 1260 3831 ὃ
1299 3780 1358 3832 ού
1397 3782 1800 3854 γνωσθήσεται,
1838 3806 1854 3837 ι

274 3865 730 3936 Παραμυθείσθε,
767 3868 954 3938 φησὶν,
989 3870 1098 3925 ἀπὸ
1127 3871 1234 3923 τῶν
1258 3872 1408 3942 ὲμῶν
1435 3889 1449 3904 ο
1513 3877 1562 3926 εἰ
1604 3877 1713 3947 γὰρ
1761 3879 1862 3947 ἐμὲ

273 3958 516 4028 ἄρχοντα
546 3958 654 4011 ἰὦν
685 3960 978 4030 δαιμονίων
1010 3964 1300 4030 ἐκάλεσαν,
1345 3965 1398 4016 τί
1437 3965 1610 4022 δεινὸν
1640 3972 1687 4022 εἰ
1720 3971 1863 4040 ὑμᾶς

271 4051 592 4106 διαϐαλοῦσι
619 4054 746 4115 τοὺς
773 4054 1006 4117 οἰκείους
1025 4056 1148 4125 ἐμοί
1175 4074 1188 4119 ;
1217 4059 1512 4121 Οἰκιακοῦς
1535 4061 1644 4132 γὰρ
1670 4063 1866 4127 αὐτοὺς

274 4148 559 4202 ἐκάλεσεν.
593 4148 734 4202 Ἀλλ’
763 4149 824 4202 ού
856 4149 1098 4218 δούλους,
1119 4151 1218 4220 τὴν
1251 4153 1386 4222 πρὸς
1417 4156 1616 4219 αὐτοὺς
1651 4158 1868 4222 δεικνὺς

274 4240 610 4311 οἰκειότητα.
662 4240 825 4294 Ἀλλὰ
848 4241 1124 4313 Θαρῤεἶτε.
1156 4245 1228 4296 Οὐ
1261 4245 1368 4315 γὰρ
1421 4247 1453 4317 ὴ
1484 4248 1712 4317 ἀλήθεια
1739 4267 1869 4319 συγ-

276 4331 640 4404 κρυόήσεται,
667 4331 781 4384 ἀλλ’
809 4333 836 4384 ὁ
864 4332 1055 4402 χρόνος
1092 4334 1254 4399 δείξει
1299 4338 1393 4390 καὶ
1415 4338 1514 4408 τὴν
1548 4340 1702 4410 ὑμῶν
1733 4344 1868 4413 ἀρε.

278 4425 403 4495 τὴν,
430 4425 525 4478 καὶ
549 4423 647 4495 τήν
678 4424 789 4477 τῶν
815 4424 1216 4481 διαὸαλλόντων
1267 4429 1489 4494 κακίαν,
1522 4432 1584 4484 ού
1616 4435 1722 4504 γάρ
1753 4437 1869 4491 ἐστι

278 4517 525 4587 κρυπτὸν
552 4516 580 4569 ὃ
607 4517 668 4569 ού
697 4517 1107 4588 γνωσθήσεται·
1141 4519 1283 4573 ὥστε
1305 4521 1354 4573 εἰ
1379 4523 1473 4576 καὶ
1499 4522 1867 4593 διαϐαλοῦσιν,

277 4608 396 4664 ἀλλ’
439 4605 666 4677 ὕστερον
696 4606 1009 4677 γνωριοῦσικ
1049 4607 1216 4676 ὑμᾶς.

357 4820 377 4852 ι
414 4802 479 4854 ’0
502 4800 647 4867 λέγω
675 4801 799 4868 ύμῖν
830 4800 887 4852 ὲν
912 4801 976 4870 τῇ
1019 4799 1231 4870 σκοτίᾳ.
1273 4797 1462 4850 εἴπατε
1509 4797 1567 4850 ἐν
1599 4797 1677 4868 τῷ
1710 4798 1869 4866 φωτί.

280 4893 394 4946 Καὶ
415 4890 444 4943 ὃ
471 4892 551 4953 εἰς
583 4891 643 4942 τὸ
680 4890 772 4954 οὖς
795 4890 1046 4954 ἀκούετε,
1102 4889 1378 4961 κηρύξατε
1420 4890 1512 4941 ἐπὶ
1547 4889 1656 4942 τῶν
1689 4891 1872 4962 δωμά-

279 4998 410 5036 των.
442 4998 460 5032 ι
502 4979 702 5049 Ἀπερ,
738 4981 894 5047 φησὶ,
936 4979 1122 5048 μόνοις
1154 4979 1282 5047 ὑμῖν
1340 4970 1516 5042 εἷπον,
1565 4979 1658 5031 καὶ
1687 4980 1744 5031 ὲν
1793 4981 1873 5032 ἐνὶ

278 5074 457 5142 τόπῳ,
486 5069 645 5125 τοῦτο
675 5072 785 5142 γάρ
820 5073 934 5124 ἐστι
959 5071 1021 5124 τὸ
1043 5070 1178 5140 πρὸς
1212 5070 1272 5123 τὸ
1312 5065 1404 5132 οὖς
1433 5069 1526 5123 καὶ
1555 5071 1612 5124 ὲν
1644 5074 1710 5142 τῇ
1742 5089 1870 5126 σκο-

277 5162 564 5234 τίᾳ.μετὰ
616 5162 930 5235 παρρησίας
983 5162 1229 5227 διδάξστε
1284 5161 1376 5215 καὶ
1443 5161 1869 5232 μεγαλοφὼνως,

280 5257 426 5308 ὣστε
453 5253 663 5317 πάντας
699 5253 919 5314 ἀκούειν
969 5253 1144 5322 ὑμῶν.
1182 5252 1340 5305 Ἐπεὶ
1393 5251 1449 5305 δὲ
1479 5256 1544 5323 τῇ
1587 5256 1872 5326 παρρησίᾳ

280 5349 508 5400 ἕπονται
531 5344 624 5398 καὶ
653 5344 908 5406 κίνδυνοι.
941 5345 1139 5412 ἐπάγει
1175 5361 1188 5376 ο

360 5457 380 5490 ι
425 5437 534 5490 Καὶ
590 5435 662 5506 μὴ
700 5436 974 5508 φοϐηθῆτε
1029 5437 1138 5491 ἀπὸ
1189 5437 1298 5490 τῶν
1345 5437 1780 5494 ἀποκτεινόντων
1811 5441 1873 5493 τὸ

284 5530 468 5597 σῶμα,
501 5527 600 5595 τὴν
641 5527 698 5580 δὲ
723 5527 904 5598 ψυχὴν
936 5528 1011 5598 μὴ
1043 5527 1356 5598 δυναμένων
1389 5530 1732 5596 ἀποκτεῖναι,
1771 5549 1870 5600 φοι

283 5622 489 5692 δήθητε
518 5620 574 5674 δὲ
605 5620 807 5689 μᾶλλον
835 5620 925 5673 τὸν
951 5619 1248 5688 δυνάμενον
1267 5621 1358 5673 καὶ
1386 5620 1564 5692 ψυχὴν
1585 5622 1680 5674 καὶ
1711 5623 1877 5692 σῶμα

280 5712 554 5766 ἀπολέσαι
581 5711 868 5784 ὲνγεὲννῃ.
888 5731 905 5764 ι
941 5710 1192 5765 Διδάσκει
1222 5715 1315 5765 καὶ
1333 5713 1568 5767 Θανάτου
1596 5732 1869 5784 καταφρο-

282 5805 394 5857 νεῖν
418 5819 433 5834 ·
477 5801 831 5871 φοϐερωτέρα
855 5802 985 5871 γὰρ,
1021 5805 1207 5871 φησὶν,
1245 5805 1276 5873 ἡ
1305 5807 1361 5856 ὲν
1401 5804 1596 5877 γεέννῃ
1618 5806 1870 5868 κόλασις

281 5897 327 5947 οἰ
363 5894 464 5964 μὲν
504 5893 614 5965 γὰρ
671 5893 1025 5956 θανατοῦντες
1093 5894 1259 5964 μόνης
1342 5896 1545 5966 σαρκὸς
1592 5897 1871 5950 ποιοῦνται

285 5986 517 6058 φορὰ-λ,
559 5985 654 6052 τὴν
683 5983 738 6036 δὲ
769 5984 944 6054 ᾐυχὴν
993 5986 1152 6056 τύχον
1186 5988 1274 6039 καὶ
1303 5987 1717 6057 εὐεργετοῦσινο
1761 5991 1786 6041 ὁ
1818 5989 1874 6041 δὲ

1961 3441 2066 3481 non
2099 3427 2203 3479 erit
2227 3439 2389 3493 supra
2425 3423 2702 3477 dominum
2732 3436 2912 3477 suum.

2034 3516 2197 3572 Vens.
2225 3517 2314 3580 25,
2357 3515 2447 3570 26.
2485 3534 2502 3566 ι
2547 3514 2604 3568 Si
2665 3515 2842 3586 ipsum
2899 3513 3350 3584 patremfamilias
3392 3525 3554 3563 voca-

1962 3617 2158 3663 verunt
2189 3606 2519 3670 Beelzebub,
2563 3615 2767 3674 quanto
2804 3605 2975 3674 magis
3007 3603 3337 3659 domesticos
3363 3602 3505 3655 illius
3535 3600 3560 3652 τ

1964 3699 2041 3753 Ne
2070 3699 2237 3769 igitur
2265 3697 2499 3752 timeatis
2522 3709 2618 3750 eos
2649 3710 2662 3747 :
2700 3694 2834 3760 nihil
2864 3694 3012 3749 enim
3040 3704 3124 3749 est
3150 3703 3381 3757 tectum,
3411 3692 3556 3759 quod

1969 3808 2071 3848 non
2112 3791 2183 3845 sit
2221 3787 2574 3859 relegandum
2607 3805 2622 3842 :
2653 3796 2705 3842 et
2735 3785 2866 3840 nihil
2915 3784 3190 3841 occultum
3225 3785 3357 3854 quin
3397 3783 3558 3857 .futn-
3625 3807 3630 3816 ί

1968 3897 2084 3936 rum
2119 3891 2177 3935 nt
2209 3882 2435 3936 sciatur.
2470 3899 2487 3931 ι
2530 3877 2994 3942 Consolationem,
3033 3876 3229 3945 inquit,
3263 3877 3498 3948 accipite
3531 3893 3560 3943 τι
3603 3937 3611 3948 ,

1970 3987 2075 4026 me.
2112 3971 2166 4024 Si
2217 3969 2362 4024 enim
2404 3983 2492 4022 me
2525 3967 2826 4037 principem
2880 3966 3269 4021 daemoniorum
3327 3981 3557 4039 vocave-

1971 4072 2118 4126 runt,
2149 4063 2278 4131 quid
2307 4077 2468 4132 grave
2493 4062 2536 4114 si
2571 4068 2625 4116 et
2650 4075 2750 4116 vos
2777 4058 3076 4114 familiares
3116 4073 3265 4113 meos
3296 4056 3562 4113 COIIViCiis

1973 4153 2580 4210 taxent‘lDomcsticos
2630 4154 2886 4214 vocavit,
2955 4167 3059 4207 non
3112 4164 3296 4206 autem
3350 4166 3559 4210 servos,

1973 4263 2125 4304 suam
2159 4261 2287 4317 erga
2320 4245 2440 4302 illos
2467 4247 2753 4302 declarans
2796 4246 3248 4305 familiaritatem.
3291 4243 3396 4300 Sed
3428 4259 3558 4298 con-

1972 4335 2143 4402 lidite,
2177 4335 2383 4391 veritas
2420 4351 2527 4392 non
2583 4336 2966 4400 Occultabitur,
3005 4336 3098 4390 sed
3160 4346 3371 4405 tempus
3412 4349 3566 4387 reve-

1977 4426 2187 4480 labitet
2213 4433 2449 4481 vestram
2486 4426 2767 4491 virtutem,
2819 4436 2871 4482 et
2915 4426 3344 4480 conviciatorum
3402 4423 3561 4477 mali-

1978 4518 2128 4572 tiam.
2163 4517 2306 4573 Nihil
2338 4517 2482 4573 enim
2514 4526 2600 4572 est
2645 4516 2944 4584 occultum,
2980 4517 3121 4586 quod
3176 4532 3280 4571 non
3330 4516 3558 4571 sciatur.

1976 4609 2129 4665 Licet
2183 4608 2347 4679 igitur
2397 4624 2542 4663 nunc
2603 4608 2932 4673 traducaut,
2979 4616 3158 4664 tamen
3231 4618 3418 4678 postea
3471 4623 3571 4663 vos

1906 4708 1949 4762 D
1979 4701 2142 4756 etiam
2175 4700 2352 4755 claros
2385 4699 2632 4755 reddent.

2053 4793 2212 4849 Vens.
2245 4794 2336 4850 27.
2379 4812 2397 4845 ι
2436 4792 2586 4860 Quod
2615 4794 2735 4849 dico
2762 4793 2917 4851 vobis
2946 4796 2998 4849 in
3039 4795 3297 4866 tenehrjs,
3328 4797 3431 4852 hoc
3477 4800 3565 4852 di-

1975 4889 2081 4943 cite
2122 4887 2174 4941 in
2208 4886 2326 4941 luce
2358 4903 2372 4940 :
2400 4886 2622 4956 etquod
2654 4886 2706 4940 in
2758 4902 2948 4942 aurem
2996 4888 3216 4952 auditis,
3271 4888 3567 4957 praediuite

1977 4979 2028 5032 in
2067 4979 2244 5034 tectis.
2297 4995 2316 5028 ι
2358 4974 2414 5030 ld
2435 4977 2577 5045 quod
2611 4990 2857 5031 seorsum
2907 4977 3016 5031 dixi
3074 4978 3246 5040 vobis,
3285 4991 3340 5033 et
3376 4981 3430 5032 iu
3460 4997 3564 5032 uno

1974 5072 2114 5134 loco,
2151 5073 2252 5125 hoc
2278 5084 2362 5126 est
2385 5069 2624 5135 enim,in
2655 5083 2840 5125 aurem
2893 5078 2948 5123 et
2985 5068 3329 5137 intenebris,
3397 5071 3567 5128 fiden-

1977 5176 2059 5220 ter
2097 5165 2286 5220 docete
2339 5172 2395 5216 et
2428 5176 2626 5232 magna
2661 5175 2816 5228 voce,
2871 5161 2943 5216 ita
2974 5169 3034 5216 ut
3083 5176 3273 5217 omnes
3325 5178 3420 5218 vos
3471 5180 3565 5217 au—

1977 5258 2146 5311 diant.
2189 5254 2323 5321 Quia
2384 5262 2564 5309 autem
2619 5253 2832 5309 dicendi
2883 5253 3197 5309 libertatem
3242 5265 3290 5310 et
3329 5255 3564 5323 pericula

1976 5355 2300 5414 sequuntur,
2335 5343 2517 5399 subdit
2556 5363 2567 5398 :

2049 5438 2212 5493 Vens.
2241 5438 2333 5495 28.
2376 5457 2394 5492 ι
2437 5439 2504 5493 Ει
2563 5455 2629 5496 ne
2684 5438 2918 5494 timeatis
2951 5439 3019 5493 ab
3054 5437 3140 5494 his
3169 5439 3258 5508 qui
3311 5441 3566 5495 occidunt

1979 5545 2215 5598 corpus,
2270 5531 2511 5585 animam
2563 5539 2746 5585 autem
2805 5544 2913 5584 non
2965 5539 3194 5599 possunt
3263 5532 3562 5586 occidere:

1979 5622 2164 5676 timete
2185 5633 2365 5676 autem
2406 5622 2578 5692 magis
2617 5636 2740 5676 eum
2775 5623 2866 5690 qui
2914 5629 3095 5690 potest
3119 5631 3174 5675 et
3216 5622 3459 5675 animam
3514 5630 3566 5675 et

1976 5728 2173 5782 corpus
2208 5715 2434 5782 perdere
2481 5713 2534 5765 in
2583 5713 2906 5783 gehennam.
2972 5732 2989 5764 ι
3031 5712 3194 5766 Docet
3232 5722 3285 5767 et
3332 5722 3560 5767 mortem

1979 5804 2446 5858 contemnendam.
2481 5802 2803 5857 Terribilius
2849 5804 3030 5867 enim,
3057 5803 3256 5872 inquit,
3300 5803 3562 5872 gehennae

1979 5894 2298 5962 supplicium
2343 5904 2447 5949 est.
2483 5893 2585 5958 Qui
2630 5894 2772 5948 enim
2805 5895 3083 5955 occidunt,
3133 5893 3307 5947 solum
3365 5909 3564 5962 corpus

1982 5989 2310 6051 destruunt,
2380 5988 2573 6042 au‘nta:
2633 5995 2812 6040 autem
2880 5985 3124 6041 fortassis
3195 5984 3543 6042 hencluciuut
