4030 6658
124 627 227 691 ‘269

735 615 1186 681 ENAHRATIO
1223 614 1308 673 ΙΝ
1348 606 1727 670 EVANGELJ

1839 604 1857 662 l
1896 596 2287 661 ΜᾹΤἸἭᾹΞΙ.
2326 618 2370 629 ὀ
2416 594 2577 657 CAP.
2622 594 2760 655 ΧΠ.

3320 593 3434 661 itu

126 742 251 815 ὁμὴ
288 740 540 808 συνάγων
576 737 691 808 μετ’
724 732 881 805 ἐμοῦ,
918 730 1223 804 σκορπίζει.
1277 750 1294 779 ι
1345 727 1490 790 Πῶς,
1525 726 1713 793 φησὶν,

1839 727 1874 773 :t
1894 717 1985 787 qui
2014 730 2119 768 non
2143 711 2347 780 coliigit
2377 726 2609 773 mecum,
2639 708 2919 781 dispergit.
2956 727 2973 761 ι
2997 709 3305 777 Quomodo,
3348 714 3425 768 in-

130 836 159 888 δ
196 832 530 897 Βεελζεὸοἰιλ
572 828 766 899 ἐμελλέ
815 844 905 895 μοι
938 827 1237 894 συνεργεῖν,
1273 823 1332 884 δέ
1361 820 1717 887 ἀντιπράττει

136 946 223 998 μοι
257 927 464 997 μᾶλλον
493 944 506 988 ;
547 922 688 992 Ἐγὼ
725 923 824 992 μὲν
853 920 961 989 γὰρ
984 918 1185 989 ἀρετὴν
1217 917 1479 975 διδάσκω,
1512 916 1719 974 ἐκεῖνος

125 1023 181 1075 δὲ
211 1021 433 1073 κακίαν.
478 1016 600 1079 Πῶς
627 1014 719 1068 οὖν
744 1018 861 1067 ὲστι
898 1012 1017 1083 μετ’
1048 1009 1185 1081 ἐμοῦ
1211 1028 1224 1076 ;
1261 1008 1431 1075 Κάγὼ
1460 1007 1559 1077 μὲν
1591 1023 1718 1058 συν-

129 1115 246 1179 άγω
304 1112 434 1172 τοὺς
494 1106 826 1178 ἀνθρώπους
894 1108 975 1165 εὶς
1027 1104 1327 1172 σωτηρίαν,
1389 1103 1601 1163 ἐκεῖνος
1661 1099 1718 1152 δὲ

130 1201 456 1274 σκορπίζει·
513 1202 813 1256 αἰνίττεται
860 1199 922 1252 δὲ
957 1199 1053 1251 καὶ
1090 1198 1217 1262 τοὺς
1252 1198 1604 1267 Φαρισαίους,
1636 1196 1718 1249 ὅτι

126 1293 292 1349 αὐτοῦ
330 1293 674 1357 διδάσκοντος
710 1292 803 1344 καὶ
851 1289 1189 1359 ὠφελοῦντος
1229 1288 1479 1351 πολλοὺς,
1518 1290 1719 1341 ἐκεῖνοι

125 1386 482 1441 ὲσκεδάννυον
507 1384 600 1437 τὸν
630 1384 777 1449 λαδν,
806 1382 952 1436 ὥστε
980 1384 1053 1453 μὴ
1096 1377 1501 1451 προσέρχεσθαι
1544 1378 1715 1447 αὐτῷ.

125 1479 413 1532 Δείκνυσιν
436 1474 531 1531 οὖν
564 1478 764 1537 αὐτοὺς
803 1474 1183 1544 δαιμονιώδεις
1321 1472 1461 1526 sm.

202 1592 221 1623 ι
259 1573 359 1624 Διά
388 1571 547 1625 τοῦτο
574 1570 719 1637 λέγω
748 1570 877 1639 ὑμῖν
900 1583 913 1596 ’
970 1568 1124 1621 Πᾶσα
1151 1564 1397 1636 ἁμαρτία
1430 1565 1522 1617 καὶ
1556 1564 1720 1633 βλασ-

124 1663 308 1733 φημία
337 1662 674 1732 ἀφεθήσεται
690 1663 803 1722 τοῖς
830 1658 1168 1727 ἀνθρώποις,
1191 1658 1223 1726 ἡ
1253 1657 1310 1709 δὲ
1336 1656 1431 1708 τοῦ
1458 1656 1716 1724 Πνεῦμαο
1756 1700 1761 1707 .

123 1772 216 1816 τος
276 1753 598 1824 βλασφημία
662 1753 763 1804 οὐκ
815 1750 1152 1820 ἀφεθήσεται
1220 1749 1333 1809 τοῖς
1384 1745 1717 1816 ἀνθρώποις.

125 1848 236 1900 Καὶ
264 1846 323 1909 δς
358 1846 454 1899 ἐὰν
486 1847 619 1917 εἴπῃ
644 1843 803 1911 λόγον
834 1842 975 1897 κατὰ
996 1841 1086 1894 τοῦ
1112 1839 1244 1894 1⁸ίοῦ
1274 1840 1367 1893 τοῦ
1400 1839 1715 1909 ἀνθρώπου,

1823 810 1962 880 quit,
1998 806 2303 861 Beelzebub
2333 804 2464 857 mihi
2497 811 2889 871 cooperatnrns
2920 812 3025 868 cst,
3060 804 3153 873 qui
3202 814 3427 859 contra-

1827 905 1967 953 riunt
1997 900 2130 953 mihi
2171 896 2472 966 operatur?
2504 896 2619 965 Ego
2658 895 2878 965 quidem
2948 895 3205 950 virtutem
3228 896 3423 961 doceo,

1826 994 1918 1047 ille
1966 1002 2146 1045 autem
2192 988 2479 1051 malitiam,
2529 989 2806 1057 quomodo
2858 986 3024 1056 igitur
3054 994 3140 1041 est
3172 989 3429 1043 mecum?

1825 1086 1893 1139 Et
1936 1099 2037 1155 ego
2069 1082 2292 1152 quidem
2338 1094 2613 1150 congrego
2653 1078 2905 1135 homines
2937 1081 3005 1134 ad
3041 1078 3298 1146 salutem,
3336 1080 3430 1134 ille

1825 1188 2007 1233 autem
2040 1174 2321 1245 dispergit.
2374 1170 2541 1226 Notat
2589 1180 2773 1225 autem
2811 1169 3140 1233 Pharisaaos,
3178 1171 3323 1241 quod
3368 1185 3429 1224 se

1823 1276 2057 1329 docente
2109 1280 2166 1326 ct
2203 1269 2389 1324 inuitis
2415 1268 2673 1337 prodesse
2699 1265 2976 1336 cupiente,
3014 1264 3115 1333 ipsi
3147 1264 3432 1334 disperge-

1827 1376 1949 1420 rent
1988 1364 2243 1434 pupulum
2292 1362 2391 1423 ita,
2448 1374 2515 1413 ne
2552 1361 2877 1413 accederent
2923 1358 2990 1410 ad
3020 1372 3101 1412 se.
3140 1354 3301 1413 Unde
3333 1370 3430 1414 os-

1828 1458 2000 1512 tendit
2022 1472 2121 1511 eos
2148 1470 2333 1510 revera
2370 1452 2655 1509 daemoniis
2693 1451 2903 1519 plenos.

1900 1554 2063 1607 Vens.
2084 1553 2143 1606 3i
2159 1550 2265 1615 .52
2286 1556 2329 1620 ιι
2342 1548 2549 1605 idcirco
2578 1548 2701 1603 dico
2724 1547 2911 1602 vobis:
2941 1545 3119 1603 Omne
3140 1556 3430 1616 peceatum

1825 1660 1877 1705 et
1908 1648 2215 1705 convicium
2248 1647 2559 1701 remittetur
2583 1643 2919 1707 hominibus,
2954 1654 3007 1697 at
3032 1643 3343 1699 convicium
3378 1644 3433 1697 in

1825 1737 2089 1806 Spiritum
2134 1747 2386 1790 sanctum
2449 1749 2554 1789 non
2618 1733 2931 1789 remittetur
2978 1731 3309 1787 hominibus.
3367 1730 3435 1785 Et

1822 1831 2071 1901 quisquis
2120 1831 2321 1885 dixerit
2356 1829 2582 1885 verbum
2632 1830 2895 1883 adversus
2927 1827 3125 1883 Filium
3165 1827 3428 1888 hominis.

124 1936 469 2006 ἀφεθήσεται
504 1934 654 2005 αὐτῷ
675 1952 687 1965 ο
711 1933 769 1997 ὃς
793 1933 836 1985 δ’
857 1934 923 1986 ἂν
956 1935 1087 2005 εἴπῃ
1108 1931 1249 1984 κατὰ
1272 1932 1365 1984 τοῦ
1399 1930 1721 2000 Πνεύματος

1839 1924 2137 1995 remittetur
2164 1923 2243 1977 illi
2271 1945 2281 1977 :
2316 1924 2409 1993 qui
2433 1933 2615 1977 autem
2643 1922 2843 1977 dixerit
2867 1925 3130 1978 adversus
3158 1916 3428 1991 Spiritum

122 2027 221 2082 τοῦ
272 2029 451 2096 ἁγίου,
506 2028 607 2079 οὐκ
663 2026 1002 2097 ἀφεθήσεται
1044 2023 1210 2093 αὐτῷ
1255 2023 1379 2076 οὔτε
1414 2026 1472 2077 ὲν
1505 2023 1581 2092 τῷ
1624 2024 1719 2075 νῦν

1839 2027 2097 2078 sanctum.
2135 2032 2247 2072 non
2284 2017 2596 2071 remittetur
2620 2016 2693 2079 ei,
2742 2029 2921 2085 neque
2960 2015 3014 2068 in
3042 2016 3297 2084 praesenti
3330 2029 3434 2071 sae—

124 2089 467 2180 uit‘bvt,‘obts
495 2119 553 2170 ὲν
595 2115 674 2185 τῷ
700 2089 971 2186 μέλλοντι.
1012 2134 1029 2165 ι
1068 2089 1241 2168 Τοῦτο
1269 2113 1512 2166 ἐνταῦθα
1543 2089 1713 2179 λέγει,

1839 2111 1975 2173 :ulo,
2005 2124 2181 2178 neque
2207 2109 2260 2161 in
2300 2106 2505 2162 futuro.
2546 2123 2567 2159 ι
2605 2107 2749 2161 Dicit
2777 2107 2887 2160 hoc
2930 2104 3051 2161 loco
3079 2120 3243 2160 omne
3274 2106 3429 2159 aliud

118 2214 209 2265 ὅτι
244 2212 396 2264 πᾶσα
430 2209 530 2280 μὲν
579 2208 712 2277 ἄλλη
746 2208 1015 2279 ἁμαρτία,
1050 2208 1158 2260 κᾶν
1206 2208 1410 2277 μικρὰν
1440 2207 1569 2273 γοῦν
1604 2207 1717 2276 ἔχει

1839 2210 2107 2258 >οεοειιυιιι
2155 2198 2237 2253 vel
2270 2213 2493 2269 parvam
2528 2197 2723 2252 saltem
2750 2195 2960 2252 habere
2988 2198 3433 2263 excusationem,

123 2303 457 2371 ἀπολογίαν,
497 2296 609 2355 οἷον
640 2302 887 2372 πορνεία,
920 2302 1119 2371 κλοπή.
1148 2301 1587 2370 Καταφειῖγομεν
1612 2301 1721 2368 γὰρ

1839 2301 2013 2360 ιιροιο
2046 2291 2464 2354 scortationem,
2501 2288 2710 2344 furtum
2747 2306 2759 2341 :
2795 2288 3143 2358 confugimus
3169 2286 3315 2343 enim
3363 2288 3433 2341 ad

126 2400 210 2460 ιίς
242 2398 345 2466 τὴν
373 2396 723 2466 ἀνθρωπίνην
758 2395 1069 2461 ἀσθένειαν,
1106 2396 1199 2447 καὶ
1248 2392 1719 2463 συγγνωστότεροί

1839 2399 2120 2437 ιιιηιιιοιιιιι
2158 2382 2558 2446 inﬁrmitatem,
2590 2391 2643 2435 et
2680 2381 2739 2433 lit
2768 2380 2940 2435 venire
2972 2379 3127 2435 locus
3158 2398 3171 2435 :
3208 2379 3435 2451 quando

124 2491 319 2559 ἐσμεν.
351 2488 519 2541 Ὅταν
551 2488 608 2541 δέ
643 2505 726 2550 τις
755 2488 929 2558 βλέπῃ
951 2486 1208 2557 θαύματα
1229 2488 1317 2540 διὰ
1347 2487 1440 2539 τοῦ
1468 2487 1721 2556 Πνεῦμαρ

1839 2488 2015 2532 autem
2047 2476 2172 2545 quis
2196 2476 2394 2530 viderit
2431 2474 2693 2529 miracula
2744 2488 2840 2544 per
2880 2472 3144 2543 Spiritum
3174 2481 3435 2528 sanctum

120 2596 217 2644 τος
253 2579 578 2649 τελούμενα,
610 2579 702 2632 καὶ
724 2578 989 2649 διαϐάλλῃ
1018 2578 1193 2632 ταῦτα
1218 2578 1293 2641 ὡς
1321 2578 1427 2630 ὑπὸ
1466 2578 1720 2647 δαίμονος

1839 2570 1968 2631 iieri.
2003 2578 2056 2625 et
2089 2568 2428 2625 accusaverit
2468 2582 2531 2621 ea
2553 2568 2715 2637 quasi
2749 2583 2778 2620 a
2810 2565 3031 2619 diabolo
3068 2562 3214 2620 facta
3244 2582 3259 2619 :
3296 2577 3436 2634 qna-

120 2674 419 2743 γινόμενα,
473 2674 633 2727 ποίαν
706 2672 821 2737 ἕξει
867 2667 1022 2735 οὗτος
1069 2672 1400 2739 ἁπολογίαν;
1449 2672 1722 2741 Πρόδηλον

1839 2663 1935 2719 lem
1969 2664 2255 2719 habiturus
2281 2662 2475 2719 estille
2500 2659 2949 2717 excusationem?
2978 2658 3324 2715 Manifestum
3348 2669 3436 2714 est

120 2766 237 2835 γὰρ
266 2766 353 2819 ὅτι
375 2761 484 2818 οἶδε
519 2766 618 2834 μὲν
656 2766 739 2818 ὅτι
768 2765 876 2817 ἀπὸ
904 2765 1225 2834 Πνεύματος
1253 2764 1414 2833 ἁγίου
1457 2766 1722 2833 γίνονται,

1839 2756 1972 2811 enim
1996 2756 2283 2813 scireeum
2316 2757 2461 2827 quod
2498 2770 2526 2808 a
2555 2754 2761 2825 Spiritu
2791 2765 2985 2811 sancto
3020 2754 3173 2820 ﬂant,
3206 2767 3303 2808 sua
3338 2768 3437 2806 au~

119 2856 450 2910 ἐθελοκακεῖ
504 2857 581 2910 δέ.
630 2856 753 2918 Πῶς
805 2851 899 2909 οὖν
952 2856 982 2908 ὁ
1031 2855 1275 2921 τοιοῦτος
1336 2858 1723 2923 συγγνωστόςς

1839 2863 1939 2909 lem
1964 2863 2161 2918 sponte
2177 2853 2321 2908 male
2335 2852 2550 2923 operari
2578 2870 2592 2904 :
2619 2852 2896 2920 quomodo
2932 2848 3103 2919 igitur
3134 2846 3261 2905 talis
3276 2849 3435 2905 venia

118 2948 307 3001 Ὅταν
340 2946 441 3017 μὲν
470 2946 568 3001 οὖν
591 2946 820 3001 ἔϐλεπον
846 2949 897 3001 οι
938 2947 1176 3001 Ἰουδαῖοι
1217 2948 1309 3000 τὸν
1339 2947 1545 3016 Κύριον
1586 2949 1729 3019 τρώ-

1839 2950 2021 3021 dignus
2041 2950 2182 3004 erit?
2207 2948 2392 3018 Itaque
2420 2946 2589 3002 Judaii
2618 2945 2839 3015 quando
2874 2943 3129 3000 viderunt
3152 2944 3437 2999 Christum

120 3057 301 3109 γοντα
333 3042 429 3095 καὶ
480 3040 730 3105 πίνοντα,
765 3042 859 3094 καὶ
888 3042 1031 3111 μετὰ
1063 3041 1315 3095 τελωνῶν
1344 3041 1597 3111 διάγοντα
1630 3044 1727 3095 καὶ

1839 3043 2251 3096 manducantem
2283 3048 2339 3095 et
2371 3040 2672 3102 bibentem,
2716 3053 2780 3095 ac
2815 3050 3128 3095 versantem
3174 3052 3300 3093 cum
3333 3053 3437 3107 pn-

124 3132 374 3203 πορνῶν,
405 3133 501 3185 κα)⁸
531 3132 702 3187 τᾶλλα
735 3134 914 3187 πάντα
950 3132 1025 3195 ὡς
1055 3134 1181 3185 Υἱδν
1210 3133 1504 3204 ἀνθρώπου
1549 3136 1726 3205 πράτ-

1839 3133 2063 3187 blicanis
2108 3142 2163 3187 et
2188 3130 2593 3195 meretricibus,
2636 3120 2855 3201 aliaque
2884 3130 3067 3185 omnia
3103 3145 3257 3185 more
3309 3127 3438 3185 Fili

118 3241 321 3290 τοντα,
349 3220 469 3279 εἶτα
491 3225 771 3279 διέϐαλλον
800 3226 965 3279 αὑτὸν
987 3227 1063 3289 ὼς
1096 3228 1273 3296 φάγον
1294 3226 1390 3280 καὶ
1413 3230 1723 3299 οἰνοπότην,

1839 3227 2099 3290 hominis,
2139 3212 2455 3294 iacientem,
2506 3236 2561 3280 et
2605 3225 2801 3281 deinde
2847 3235 3157 3296 arguerunt
3207 3239 3331 3279 eum
3379 3234 3441 3278 ut

121 3317 279 3389 ὑπὲρ
321 3316 516 3371 τούτου
555 3316 889 3388 συγγνώμης
924 3318 1086 3385 ἄξιοι,
1142 3330 1235 3373 καὶ
1274 3320 1397 3373 οὐδὲ
1434 3322 1729 3391 μετάνοιαν

1839 3304 2210 3387 comedonem,
2245 3330 2301 3376 et
2336 3320 2449 3374 viui
2493 3328 2739 3389 potorem
2770 3335 2783 3371 :
2845 3318 2900 3372 in
2951 3320 3055 3373 hoc
3082 3325 3243 3372 erant
3281 3316 3441 3371 venia

121 3408 614 3479 ἁπαιτηθήσονται
639 3410 779 3481 ὑπὲρ
816 3410 1031 3465 τούτου.
1078 3412 1309 3466 Δοκοῦσι
1354 3413 1462 3483 γὰρ
1490 3414 1732 3482 εὐλόγως

1839 3411 2011 3483 digni,
2062 3423 2118 3467 et
2171 3428 2351 3483 neque
2380 3412 2702 3483 paenitentia
2735 3427 2903 3481 super
2944 3412 3049 3466 hoc
3098 3412 3167 3465 ab
3196 3409 3281 3464 eis
3330 3408 3431 3480 θ]

125 3502 615 3567 σκανδαλίζεσθαι.
667 3504 837 3557 Ὅταν
871 3504 928 3557 δὲ
964 3504 1257 3575 βλέποντες
1300 3506 1466 3557 αὑτὸν
1512 3506 1731 3576 θαυμα-

123 3592 498 3665 ωυργοῦντα,
542 3594 825 3649 διέῦαλλον
868 3589 962 3649 καὶ
996 3596 1387 3668 ἐϐλασφήμουν
1416 3600 1477 3652 τὸ
1506 3598 1732 3667 Πνεῦμα

124 3689 197 3739 τὸ
220 3688 405 3756 ἇγιον,
427 3687 683 3755 λέγοντες
715 3690 848 3741 αὐτὸ
883 3689 1251 3759 δαιμονιῶδες
1280 3686 1445 3755 εἶναι,
1485 3691 1602 3754 πῶς
1631 3692 1735 3759 ἁφ-

120 3783 401 3851 εθήσιιται
440 3783 600 3837 τοῦτο
624 3784 686 3837 τὸ
718 3784 1025 3855 ἁμάρτημα
1058 3786 1266 3849 αὐτοῖς,
1298 3786 1394 3839 ὲάν
1432 3784 1507 3855 μὴ
1565 3803 1731 3854 μετα-

132 3874 455 3941 νοήσωσινς
490 3873 656 3926 Ὥστε
689 3874 928 3942 γίνωσκε
958 3874 1034 3939 ώς
1064 3877 1093 3929 ὁ
1125 3876 1227 3945 μὲν
1254 3876 1333 3938 είς
1360 3875 1456 3927 τὸν
1478 3876 1607 3928 Υἰὸν
1631 3876 1725 3928 τοῦ

125 3962 435 4035 ἀνθρώπου
483 3962 846 4035 βλασφημῶν,
886 3964 1255 4035 ἀνθρωπικῶς
1286 3965 1467 4030 ζῶντα
1511 3968 1730 4036 βλέπων

122 4055 330 4118 αὑτὸν,
368 4053 463 4107 καὶ
504 4053 682 4123 λέγων
728 4055 892 4107 αὐτὸν
932 4055 1087 4123 φίλον
1119 4056 1357 4127 πορνῶν,
1392 4059 1489 4111 καὶ
1536 4059 1733 4127 φάγον,

124 4144 234 4199 καὶ
284 4142 593 4212 οἰνοπότην,
638 4143 728 4196 διὰ
768 4144 830 4196 τὸ
860 4144 1036 4199 ταῦτα
1072 4147 1165 4198 τὸν
1204 4146 1443 4216 Χριστὸν
1481 4152 1674 4213 ποιεῖν,
1708 4152 1738 4201 ὁ

123 4236 390 4298 τοιοῦτος
420 4235 529 4289 κᾶν
580 4236 656 4307 μὴ
689 4239 1021 4309 μετανοήσῃ,
1068 4240 1130 4290 οὗ
1164 4238 1325 4291 δώσει
1372 4240 1513 4310 ὑπὲρ
1546 4242 1737 4294 τούτου

123 4330 304 4396 λόγον
328 4344 342 4356 ·
374 4323 815 4395 συγγινώσκεται
836 4328 944 4399 γάρ
972 4328 1047 4392 ώς
1082 4330 1157 4401 μὴ
1192 4332 1387 4402 νοήσας
1418 4333 1583 4385 αὐτὸν
1606 4333 1738 4386 Θεὸν

123 4426 281 4479 ὄντα
309 4426 558 4495 κρυπτὸν
578 4440 593 4455 ·
631 4426 660 4478 ὁ
702 4425 758 4477 δὲ
788 4427 869 4487 είς
898 4424 959 4477 τὸ
984 4423 1141 4491 ἅγιον
1192 4424 1439 4493 Πνεῦμα,
1490 4426 1610 4494 ἦτοι
1641 4425 1737 4488 τὰς

126 4517 531 4590 πνευματικὰς
558 4517 789 4587 πράξεις
816 4517 909 4570 τοῦ
946 4516 1211 4587 Χριστοῦ,
1250 4515 1609 4587 βλασφημῶν,
1643 4518 1739 4571 καὶ

120 4612 321 4679 λέγων
375 4611 545 4673 αὑτὰς
592 4610 994 4679 δαιμονιώδεις,
1030 4611 1125 4663 ἐὰν
1174 4611 1249 4681 μὴ
1304 4613 1639 4682 μετανοήσῃ,
1676 4613 1738 4663 οὐ

124 4700 634 4771 συγγνωσθήσεται
657 4717 669 4729 ·
710 4702 785 4771 μὴ
810 4703 920 4772 γὰρ
956 4700 1176 4769 εὖ).ογόν
1206 4719 1330 4754 τινα
1371 4700 1627 4771 ἀφορμὴν
1661 4703 1740 4765 εἰς

1836 3508 2110 3577 exigetur.
2154 3507 2499 3563 Videbantur
2536 3507 2685 3561 enim
2759 3504 3169 3560 rationabiliter
3210 3502 3440 3559 on'endi.

1836 3601 2070 3667 Quando
2118 3612 2299 3655 autem
2336 3602 2593 3655 viderunt
2645 3615 2768 3654 eum
2802 3599 3021 3669 operari
3066 3597 3352 3663 miracula,
3388 3611 3446 3653 et

1837 3704 2165 3762 arguerunt,
2196 3702 2253 3748 et
2276 3694 2728 3764 blasphemarunt
2751 3692 3019 3761 Spiritum
3049 3698 3321 3755 sanctum,
3355 3689 3445 3761 di:-

1840 3797 2031 3842 centes
2062 3788 2167 3841 hoc
2219 3787 2619 3840 dmmoniacum
2648 3800 2795 3846 esse.
2826 3784 3101 3854 quomodo
3130 3783 3447 3837 remittetur

1839 3878 1945 3931 hoc
2001 3885 2285 3947 peccatum
2338 3876 2443 3929 nisi
2506 3874 2889 3944 pmnitentiam
2948 3870 3202 3943 egerint?
3248 3871 3315 3927 Et
3369 3874 3445 3928 ita

1838 3970 1990 4036 disce
2024 3966 2170 4038 quod
2199 3966 2290 4021 ille
2322 3968 2417 4037 qui
2456 3967 2804 4036 blasphemat
2828 3968 2883 4021 in
2932 3964 3128 4021 Filium
3175 3968 3441 4029 hominis,

1839 4059 2029 4115 videns
2087 4072 2212 4112 eum
2246 4058 2490 4111 humano
2523 4072 2678 4111 more
2723 4057 2930 4120 vivere,
2960 4064 3016 4112 et
3070 4056 3267 4110 dicens
3300 4076 3315 4111 :
3346 4055 3447 4112 llic

1842 4152 2252 4207 meretricarius
2286 4161 2395 4216 est,
2420 4164 2586 4204 vorax
2614 4158 2669 4205 et
2700 4150 2810 4203 vini
2846 4159 3026 4219 potor,
3046 4150 3172 4203 dum
3190 4148 3447 4203 Christus

1840 4246 1942 4300 hoc
1970 4243 2099 4300 facit
2124 4263 2135 4297 :
2174 4243 2294 4298 talis
2322 4244 2426 4298 etsi
2451 4258 2557 4297 non
2587 4243 2875 4312 paeniteat,
2900 4241 2969 4296 de
2995 4242 3099 4297 hoc
3122 4256 3228 4296 non
3256 4240 3449 4296 reddet

1839 4339 2132 4395 rationem.
2191 4336 2415 4393 Veniam
2448 4338 2594 4390 enim
2643 4337 2881 4406 accepit,
2916 4346 3178 4406 tanquam
3199 4335 3293 4405 qui
3326 4350 3442 4389 non

1840 4433 2172 4487 intellexerit
2194 4431 2343 4485 illum
2373 4431 2542 4485 fuisse
2565 4430 2757 4497 Deum,
2784 4445 2851 4485 eo
2873 4430 3017 4499 quod
3046 4438 3157 4483 tam
3191 4428 3448 4485 occultus

1842 4523 2028 4579 fuerit.
2056 4524 2158 4590 Qui
2192 4532 2374 4577 autem
2405 4522 2747 4593 blasphemat
2786 4523 2839 4577 in
2878 4521 3143 4591 Spiritum
3170 4533 3445 4585 sanctum,

1842 4616 1947 4670 hoc
1976 4624 2080 4679 est,
2125 4602 2188 4669 in
2238 4615 2545 4685 spiritualia
2599 4630 2767 4685 opera
2805 4613 3031 4680 Christi,
3088 4627 3145 4669 et
3188 4615 3323 4669 dicit
3370 4631 3439 4670 ea

1842 4724 1968 4766 esse
1993 4708 2287 4773 diabolica,
2322 4708 2431 4763 nisi
2461 4707 2844 4777 paenitentiam
2869 4707 3064 4775 egerit,
3095 4707 3309 4761 veniam
3336 4722 3444 4762 non

118 4794 200 4845 τὸ
271 4790 587 4847 διαὸάλλειν
648 4788 814 4861 εἶχεν,
858 4791 1051 4861 ῶσπερ
1078 4792 1338 4854 ἐκείνοςό
1372 4791 1463 4843 τὸν
1506 4792 1732 4861 Χριστὸν

1848 4809 2195 4870 asseqnetur.
2227 4798 2345 4855 Non
2392 4802 2540 4854 enim
2584 4799 2964 4853 rationabilem
3005 4813 3230 4854 causam
3258 4798 3449 4854 habuit

118 4886 290 4953 ὀρῶν
330 4883 472 4954 μετὰ
499 4884 721 4953 πορνῶν
750 4884 880 4937 ὄντα
914 4885 1008 4937 καὶ
1046 4884 1321 4948 τελωνῶν,
1355 4878 1477 4937 εἶτα
1517 4883 1742 4936 διαϐάλ-

114 4983 289 5043 low;
328 4976 448 5029 Οὐκ
480 4977 816 5046 ἀφεθήσεται
842 4975 935 5031 οὖν
975 4977 1153 5048 τούτῳ
1181 4976 1304 5031 οὔτε
1350 4976 1585 5030 ἐνταῦθα
1617 4977 1739 5030 οὔτε

115 5073 299 5124 ἐκεῖ·
346 5069 487 5123 ἀλλά
536 5070 631 5122 καὶ
678 5070 913 5137 ἐνταῦθα
964 5070 1060 5123 καὶ
1120 5073 1238 5123 ἐκεῖ
1266 5070 1739 5141 τιμωρηθήσεται.

114 5165 346 5222 Πολλοὶ
374 5165 483 5233 γάρ
520 5164 755 5217 ἐνταῦθα
802 5166 903 5235 μὲν
950 5165 1305 5230 κολάζονται,
1364 5166 1485 5217 ἐκεῖ
1516 5165 1573 5217 δὲ
1629 5164 1739 5217 οὐδ’

1846 4904 1905 4948 ιιι
1929 4894 2385 4957 caluinniaretnr,
2408 4892 2869 4958 quemadmodum
2895 4892 2985 4947 ille
3031 4894 3123 4963 qui
3157 4892 3445 4947 Christum

1846 4982 2035 5035 videns
2064 4996 2189 5035 cum
2222 4981 2610 5036 meretricibus
2648 4990 2705 5036 et
2735 4981 3041 5049 publicanis
3069 4982 3302 5045 versari,
3333 4991 3447 5037 tum

1848 5072 2304 5126 calumniabatur.
2346 5070 2465 5127 Non
2507 5072 2817 5127 remittetur
2862 5073 3027 5143 igitur
3064 5072 3147 5128 vel
3206 5073 3317 5140 hic,
3364 5076 3450 5129 vel

1849 5164 1976 5218 alibi
2006 5179 2022 5217 :
2058 5164 2152 5218 sed
2177 5173 2231 5217 et
2264 5165 2350 5218 hic
2377 5172 2435 5219 et
2465 5164 2596 5218 alibi
2630 5163 2908 5234 punietur.
2960 5164 3113 5219 Multi
3143 5164 3290 5219 enim
3322 5173 3453 5219 sunt

110 5263 281 5323 ὅλως
309 5274 321 5287 ⁸
356 5258 437 5319 ὡς
469 5260 496 5310 ὁ
527 5258 739 5329 πτωχὸς
772 5260 1041 5330 Λάζαρος.
1078 5260 1264 5313 Ἀλλοι
1294 5260 1370 5323 δὲ,
1407 5260 1504 5312 καὶ
1530 5253 1631 5312 ὧδε
1652 5261 1732 5313 κειἸ

1848 5258 1941 5327 qui
1965 5259 2052 5313 hic
2073 5258 2290 5326 quidem
2314 5258 2637 5328 puniuntur,
2666 5258 2763 5313 sed
2791 5259 2916 5315 alibi
2941 5273 3172 5328 prorsus
3191 5261 3439 5315 immune

1126 5420 1213 5477 Ex
1268 5417 1615 5482 collatione
1650 5419 1836 5482 codd.
1880 5423 2105 5482 Venet.
2144 5422 2205 5481 S.
2233 5423 2456 5483 Marci.

102 5606 334 5652 autem
374 5591 517 5663 citis,
569 5593 831 5647 damonia
878 5593 1055 5646 eidem
1099 5594 1344 5661 subjecta
1379 5604 1556 5658 vocat;
1619 5611 1741 5663 qua:

1853 5597 1999 5650 xime
2052 5596 2319 5657 invisam,
2384 5595 2707 5663 alligaverit.
2774 5593 2871 5649 Est
2922 5608 3052 5647 vero
3102 5593 3225 5646 talis
3288 5607 3447 5659 argu-

106 5666 363 5725 scilicet
398 5662 546 5716 velut
580 5677 728 5734 arma
768 5664 938 5734 ipsius
968 5674 1095 5717 sunt
1123 5682 1135 5717 :
1176 5680 1300 5719 vasa
1333 5666 1477 5718 enim
1502 5676 1557 5719 et
1588 5662 1743 5719 arma
1854 5667 2019 5720 menti
2053 5665 2199 5719 illius
2220 5682 2439 5734 scapus.
2478 5662 2951 5731 Quemadmodum
2970 5678 3131 5734 nemo
3160 5664 3211 5717 in
3234 5664 3452 5717 domum

108 5742 579 5805 nuncupantur,
646 5731 826 5799 Quare
860 5804 863 5805 ν
902 5731 1099 5805 Lucas
1155 5746 1485 5788 armaturam
1574 5737 1745 5804 ipsius
1855 5737 2085 5805 alicujus
2117 5731 2601 5803 potentisiutrare,
2624 5750 2866 5805 vasaque
2894 5734 3010 5801 ejus
3044 5732 3453 5802 abipsovcusto-

100 5808 373 5876 eadem,
400 5803 701 5876 appellavit
730 5821 748 5861 ;
778 5804 902 5876 quia
941 5818 1055 5876 per
1090 5804 1179 5859 illa
1229 5807 1459 5860 miseros
1496 5803 1746 5862 homines
1856 5809 1970 5861 dita
1988 5803 2230 5875 diripere
2255 5817 2453 5876 potest,
2485 5809 2529 5860 si
2562 5807 2713 5875 prius
2751 5803 2857 5859 non
2875 5806 3183 5873 alligaverit
3213 5804 3406 5857 fortem
3436 5822 3451 5858 :

104 5877 251 5945 sibi
289 5873 515 5947 subigit.
543 5873 798 5929 Christus
832 5874 1015 5947 itaque
1048 5875 1147 5930 hoc
1178 5877 1427 5945 exemplo
1456 5891 1749 5947 argumen-

102 5942 263 6005 ium
324 5942 614 6008 ell'orniat,
665 5942 962 5999 ostendens
990 5947 1133 6013 quod
1166 5963 1273 5999 nun
1316 5942 1491 6001 solum
1521 5942 1748 6002 'nnllatn

102 6032 274 6077 cum
341 6014 587 6083 principe
653 6016 1043 6069 daemoniorum
1131 6017 1425 6071 amicitiam
1506 6016 1743 6083 haheat;

107 6103 345 6149 verum
407 6084 571 6139 etiam
630 6088 772 6155 quod
832 6087 1088 6140 virtutem
1138 6088 1289 6155 ejus,
1360 6100 1418 6143 ut
1476 6088 1580 6143 sibi
1632 6104 1746 6143 nia-

1860 5880 1943 5933 sic
1976 5888 2030 5931 et
2066 5878 2181 5945 ipse
2205 5875 2481 5946 nunquam
2508 5878 2775 5931 daemonia
2805 5876 3143 5946 diripuisset,
3168 5875 3275 5929 nisi
3304 5876 3471 5946 prius,

1861 5950 2164 6020 principem
2196 5944 2457 6015 ipsorum,
2494 5948 2588 6017 qui
2624 5947 2783 6003 furtis
2822 5944 2941 6012 est,
2992 5947 3289 6017 alligasset.
3346 5944 3457 6010 Qui

1860 6033 2053 6075 nonest
2086 6036 2307 6087 merum,
2346 6038 2364 6071 ι
2395 6030 2499 6076 etc.
