4030 6636
134 593 236 657 273

774 591 1229 652 ENARRATlO
1261 591 1340 649 ΙΝ
1386 587 1712 650 EVANGE]

1826 588 1892 646 tu
1933 540 2323 649 riturum.
2362 611 2428 620 ——
2456 587 2616 647 CAP.
2659 540 2805 647 ΧΠ.

3317 584 3422 648 ετι

137 705 222 756 δεῖ
250 700 483 755 ἐνταῦθα
535 699 701 769 ἡμᾶς,
750 701 830 752 ὅτι
879 702 970 752 καὶ
1007 702 1149 769 ὑπὲρ
1200 700 1293 752 τοῦ
1339 699 1510 771 ἀργοῦ
1565 699 1712 766 λόγοι

1832 698 2024 751 Terret
2061 700 2146 755 hic
2184 715 2302 763 nos,
2336 699 2593 768 quoniam
2625 709 2679 753 et
2710 714 2807 767 pro
2837 699 3015 755 otioso
3041 698 3208 754 verbo
3251 701 3422 761 ratio-

135 793 378 864 δώσομεν
404 792 590 860 λόγον,
619 793 894 858 τουτέστι,
924 793 1017 845 τοῦ
1041 793 1292 861 ψευδοῦς,
1327 793 1419 845 τοῦ
1457 809 1725 860 συκοφαν-

135 886 308 950 τικοῦ,
333 886 364 954 ἥ
391 886 487 938 καὶ
512 886 605 936 τοῦ
634 886 870 938 ἀτάκτου
897 886 990 937 καὶ
1019 885 1360 953 γελοιώδους.
1385 881 1516 937 Εἶτα
1541 885 1724 952 τίθησι

138 975 446 1045 μαρτυρίαν
471 977 578 1028 ἀπὸ
614 975 711 1044 τῆς
736 975 981 1045 Γραφῆς,
1023 977 1108 1029 ἵνα
1142 977 1217 1048 μὴ
1243 977 1368 1047 δόξῃ
1401 978 1578 1029 οἰκεῖά
1603 993 1724 1029 τινα

133 1068 308 1135 λέγειν
336 1085 350 1096 ο
390 1087 406 1117 ‹
433 1069 526 1120 Ἐκ
546 1067 656 1119 τῶν
685 1068 859 1137 λόγων
885 1086 977 1121 σου
1006 1069 1365 1140 δικαιωθήσῃ.
1397 1069 1492 1122 καὶ
1523 1070 1586 1122 lx
1615 1069 1725 1124 τῶν

130 1159 303 1227 λόγων
332 1177 425 1212 σου
451 1160 917 1232 καταδικασθήσῃ.
963 1179 980 1211 ι

205 1267 223 1298 ι
265 1248 401 1301 Τότε
433 1248 817 1320 ἀπεκρίθησαν
866 1267 1011 1314 τινες
1056 1251 1164 1304 τῶν
1201 1253 1581 1323 γραμματέων
1630 1254 1724 1306 καὶ

125 1340 458 1410 Φαρισαίων,
493 1340 777 1408 λέγοντες·
812 1343 1139 1408 Διδάσκαλε,
1178 1343 1418 1414 θέλομεν
1465 1349 1573 1400 ἀπὸ
1626 1347 1721 1400 σοῦ

127 1437 352 1504 σημεῖον
406 1435 553 1489 ἰδεῖν.
605 1455 622 1486 ι
663 1435 972 1506 Θαυμάξων
1005 1439 1032 1490 ό
1081 1439 1500 1511 εὐαγγελιστής,
1547 1458 1720 1512 προσ-

126 1524 290 1593 ἐθηκε
341 1525 424 1588 τὸ,
475 1525 617 1578 τότε.
657 1526 785 1579 Ὅτε
823 1528 931 1597 γὰρ
976 1528 1319 1598 ὑποταγῆναι
1372 1531 1482 1583 ἔδει
1532 1531 1620 1585 διὰ
1652 1531 1722 1585 τὰ

125 1617 510 1685 προγεγονότα
556 1616 834 1684 θαύματα,
891 1619 1014 1671 τότε
1063 1622 1291 1690 σημεῖον
1345 1621 1623 1676 αἰτοῦσινο
1663 1623 1722 1688 ἐξ

122 1706 358 1777 οὐρανοῦ
389 1707 444 1759 δὲ
478 1705 725 1759 θέλουσιν
766 1708 896 1760 ίδεῖν
944 1713 1194 1780 σημεῖον,
1234 1712 1307 1776 ὠς
1345 1713 1504 1776 ἄλλος
1557 1715 1721 1783 εὐαγ-

121 1800 382 1868 γελιστὴς
426 1799 594 1867 λέγει.
647 1801 898 1854 Ἐδόκουν
937 1803 1068 1872 γὰρ,
1119 1805 1296 1858 ὃτιτά
1343 1808 1436 1861 ἐπὶ
1485 1808 1583 1877 τῆς
1619 1809 1720 1878 γῆς

120 1892 403 1960 θαύματα,
459 1893 568 1944 ἀπὸ
619 1892 719 1958 τῆς
767 1893 860 1946 τοῦ
914 1895 1162 1948 διαϐόλου
1217 1897 1502 1967 δυνάμεως
1555 1904 1716 1952 ποιεῖ·

120 1985 523 2054 κοσμοκράτωρ
548 1987 656 2053 γὰρ
703 1987 728 2038 ό
753 1986 1020 2050 διάϐολος.
1066 1989 1131 2040 Τί
1174 1986 1268 2041 οὖν
1295 1991 1322 2041 ό
1349 1991 1575 2061 Σωτήρ;

198 2095 217 2126 ς
273 2078 332 2129 Ὀ
357 2076 434 2141 δὲ,
463 2077 783 2147 ἀποκριθεὶς
827 2074 979 2130 εἶπεν
1013 2081 1198 2144 αὐτοῖς
1232 2098 1244 2111 ·
1292 2083 1460 2136 Γενεὰ
1503 2086 1717 2153 πονηρά
1752 2059 1792 2113 Β

125 2170 226 2220 καὶ
264 2168 513 2237 μοιχαλὶς
550 2171 775 2237 σημεῖον
824 2170 1096 2241 ἐπιζητεῖ,
1147 2174 1240 2225 καὶ
1279 2179 1507 2244 σημεῖον
1535 2177 1595 2228 οὐ
1635 2177 1717 2229 δο-

114 2261 350 2328 θήσεται
379 2260 542 2328 αὐτῇ,
579 2262 625 2311 εί
651 2259 808 2329 μὴτὸ
840 2264 1068 2331 σημεῖον
1107 2263 1263 2316 Ἰωνᾶ
1279 2265 1375 2315 τοῦ
1404 2268 1711 2336 προφήτου.

114 2353 337 2421 Ἰὶστῖερ
365 2353 473 2420 γὰρ
505 2347 572 2422 ἦν
620 2353 802 2415 Ἰωνᾶς
839 2355 895 2405 ὲν
915 2357 980 2423 τῇ
1010 2355 1186 2426 κοιλίᾳ
1220 2355 1315 2409 τοῦ
1347 2359 1545 2428 κήτους
1567 2363 1717 2429 τρεῖς

119 2445 346 2512 ἡμέρας
403 2445 495 2497 καὶ
527 2446 674 2514 τρεῖς
715 2446 937 2510 νύκτας,
973 2446 1145 2510 οὕτως
1195 2449 1350 2501 ἔσται
1403 2452 1496 2504 καὶ
1530 2453 1557 2503 ό
1585 2452 1714 2515 Υἱὸς

111 2536 212 2588 τοῦ
255 2535 550 2607 ἀνθρώπου
593 2539 649 2589 ὲν
690 2541 757 2608 τῇ
796 2539 996 2611 καρδίᾳ
1050 2540 1152 2610 τῆς
1186 2542 1290 2611 γῆς
1318 2547 1467 2614 τρεῖς
1503 2545 1715 2615 ἡμέρας

113 2631 212 2682 καί
272 2632 424 2698 τρεῖς
481 2629 702 2692 νύκτας.
747 2650 764 2682 ο
813 2633 1064 2703 ιιονηρὰν
1119 2633 1220 2701 μὲν
1269 2636 1463 2703 γενεὰν
1515 2638 1716 2701 αὐτοὺς

111 2721 295 2784 καλεῖ,
331 2722 404 2784 ὡς
436 2722 784 2791 ἑηρεαστάς
840 2725 936 2776 καὶ
982 2725 1257 2796 δολερούς.
1295 2729 1602 2797 Μοιχαλίδα
1633 2730 1711 2798 δὲ,

107 2815 187 2874 ὡς
223 2812 635 2880 ἀφισταμένους
666 2815 774 2868 ἀπὸ
800 2814 894 2867 τοῦ
927 2815 1083 2882 Θεοῦ,
1121 2819 1211 2870 καὶ
1259 2817 1479 2888 δαίμοσι
1509 2821 1713 2875 κολλωο

116 2902 342 2972 μένους.
393 2904 628 2971 Σημεῖον
657 2905 713 2956 δὲ
747 2905 895 2974 λέγει
928 2908 1029 2976 τὴν
1081 2909 1382 2962 ἀνάστασιν
1415 2912 1605 2978 αὐτοῦ,
1637 2914 1712 2980 ᾡς

108 2995 462 3063 παράδοξον·
506 2999 562 3049 ὲν
596 3001 700 3068 γὰρ
737 3000 801 3068 τῇ
836 2998 1035 3070 καρδία
1083 3000 1184 3068 τῆς
1238 3001 1363 3072 γῆς,
1398 3002 1477 3072 τῷ
1526 3021 1710 3058 κατω-

102 3089 264 3140 τάτω
296 3088 440 3154 λέγω
470 3088 644 3159 τόπῳ,
682 3089 758 3158 τῷ
785 3090 885 3162 ᾄδῃ
909 3091 1154 3162 δηλονότι
1183 3093 1450 3158 καταϐὰς,
1480 3097 1713 3167 τριήμε-

107 3195 210 3247 ρος
268 3179 503 3247 ἀνέστη·
555 3183 654 3243 τὰς
716 3185 864 3253 τρεῖς
918 3184 975 3236 δὲ
1032 3184 1247 3255 ἡμέρας
1285 3189 1381 3239 καὶ
1428 3187 1528 3250 τὰς
1561 3192 1711 3259 τρεῖς

106 3273 348 3334 νύκτας,
407 3273 516 3326 ἀπὸ
569 3276 769 3344 μέρους
827 3277 1020 3344 νόησον
1081 3278 1174 3330 καὶ
1231 3277 1306 3349 μὴ
1355 3279 1704 3351 ὁλοκλήρους,

1831 805 1956 841 ncni
1991 790 2170 844 daturi
2206 804 2412 853 sumus,
2455 790 2556 842 hoc
2589 796 2697 851 est,
2735 804 2832 858 pro
2869 788 3178 853 mendacio,
3210 789 3422 843 calum-

1832 881 1943 946 nia,
1979 890 2072 933 aut
2109 881 2273 934 etiam
2311 894 2409 948 pro
2441 879 2768 933 inordinatis
2808 889 2862 934 et
2908 879 3176 934 ridiculis.
3219 877 3425 934 Deinde

1832 973 1978 1041 ponit
2004 972 2370 1026 testimonium
2397 986 2462 1027 ex
2490 970 2790 1038 Scriptura,
2836 985 2904 1024 ne
2935 971 3184 1026 videatur
3200 971 3421 1042 propria

1830 1064 2028 1117 dicere.
2058 1061 2136 1116 Ex
2160 1063 2511 1118 sermonibus
2546 1061 3089 1130 tuisjustiﬁcaberis,
3130 1071 3185 1117 et
3215 1077 3280 1118 ex
3305 1079 3424 1119 ser-

1828 1156 2084 1210 monibus
2119 1152 2225 1208 tuis
2253 1155 2733 1219 condemnaberis.

1901 1246 2064 1300 Vens.
2107 1245 2196 1300 38.
2235 1245 2388 1300 Tunc
2421 1247 2824 1310 responderunt
2856 1245 3078 1314 quidam
3111 1258 3176 1299 ex
3225 1245 3426 1300 scribis

1828 1352 1881 1394 et
1911 1339 2226 1405 Pharisais,
2251 1340 2494 1393 dicentes
2520 1355 2534 1394 :
2565 1337 3120 1409 Magister,volumus
3155 1339 3219 1390 ad
3265 1348 3316 1392 te
3345 1337 3424 1392 si-

1827 1443 1991 1494 gnum
2017 1427 2220 1482 videre.
2248 1444 2268 1479 ι
2291 1425 2582 1482 Admirans
2610 1428 2944 1498 evangelista
2964 1429 3236 1497 apposuit,
3268 1438 3416 1484 tunc.

1827 1518 1962 1572 Cum
2034 1522 2179 1574 enim
2227 1519 2448 1574 obedire
2504 1520 2627 1575 illos
2674 1528 2952 1589 oporteret
3000 1529 3220 1590 propter
3265 1524 3424 1590 signa

1826 1613 2209 1681 prtecedentia,
2247 1621 2374 1666 tunc
2416 1612 2628 1682 signum
2681 1621 2893 1681 petunt.
2941 1611 3016 1666 De
3058 1612 3199 1667 caelo
3237 1620 3420 1666 autem

1825 1705 2015 1760 volunt
2056 1705 2270 1775 signum
2304 1705 2493 1760 videre
2523 1706 2666 1760 sicut
2705 1705 2845 1760 alius
2882 1704 3219 1774 evangelista
3253 1705 3420 1761 dicit:

1826 1801 2087 1869 putabant
2120 1799 2264 1854 enim
2310 1799 2453 1868 quod
2494 1798 2647 1869 signa
2689 1813 2853 1868 super
2891 1808 3092 1852 terram
3154 1807 3423 1867 potestate

1824 1892 2027 1946 diaboli
2076 1892 2318 1946 iaceret:
2369 1890 2556 1944 mundi
2604 1891 2748 1944 enim
2794 1901 2975 1946 reetor
3010 1900 3090 1946 est
3151 1889 3420 1944 diabolus.

1829 1984 1966 2050 Quid
2003 1984 2167 2053 igitur
2188 1983 2258 2037 ad
2285 1983 2401 2037 haec
2432 1982 2721 2036 Salvator?

1899 2075 2061 2130 Vens.
2095 2077 2185 2142 59,
2216 2074 2304 2130 40.
2341 2094 2359 2126 t
2401 2078 2469 2128 At
2507 2076 2594 2130 ille
2627 2076 2967 2144 respondens
2997 2077 3131 2130 dixit
3158 2077 3284 2131 illis:
3310 2076 3419 2130 Ge-

1823 2171 2037 2223 neratio
2070 2185 2234 2238 prava
2267 2179 2320 2223 et
2352 2169 2595 2223 adultera
2622 2168 2836 2238 signum
2866 2170 3082 2236 qurerit,
3116 2180 3164 2223 et
3203 2173 3421 2237 signum

1822 2277 1928 2314 non
1961 2262 2181 2315 dabitur
2209 2261 2307 2326 illi,
2343 2261 2442 2313 nisi
2471 2261 2686 2329 signum
2717 2259 2867 2314 lenae
2889 2260 3390 2328 proplretaQucm

1820 2355 2114 2408 admodum
2151 2355 2296 2408 enim
2356 2352 2456 2407 fuit
2507 2351 2673 2407 Jonas
2736 2352 2786 2405 in
2835 2362 3026 2406 ventre
3077 2353 3181 2406 ceti
3245 2352 3420 2406 tribus

1820 2447 2011 2502 diebus
2040 2462 2104 2502 ac
2135 2447 2308 2501 tribus
2335 2447 2615 2510 noctibus,
2649 2445 2732 2501 sic
2769 2445 2874 2498 erit
2902 2443 3071 2499 Filius
3101 2444 3337 2500 hominis
3364 2447 3419 2499 in

1819 2541 1984 2595 corde
2028 2550 2188 2594 terra:
2223 2540 2396 2595 tribus
2419 2540 2610 2595 diebus
2635 2549 2690 2593 et
2715 2540 2886 2591 tribus
2908 2537 3181 2593 noctibus.
3220 2557 3236 2590 ι
3282 2538 3420 2592 Pra-

1822 2648 1939 2686 vam
1986 2633 2391 2702 generationem
2450 2641 2608 2685 vocat
2649 2645 2766 2694 eos,
2802 2630 2925 2696 quia
2963 2631 3149 2684 dolose
3202 2646 3420 2698 semper

1821 2725 2136 2780 tentabant:
2185 2723 2485 2779 adulteram
2534 2731 2740 2786 autem.
2789 2724 2917 2793 quia
2959 2724 3344 2780 desciscebant
3387 2741 3417 2780 a

1825 2817 1952 2882 Deo,
1995 2827 2050 2870 et
2077 2815 2428 2870 adhzerebant
2464 2814 2821 2870 daemonibus.
2861 2814 3089 2885 Signum
3122 2826 3302 2870 autem
3333 2817 3420 2870 di-

1820 2912 1895 2965 cit
1920 2907 2380 2964 resurrectionem
2399 2920 2576 2968 suam,
2602 2913 2661 2958 ut
2684 2907 3085 2961 admirabilem.
3109 2905 3414 2978 Postquam

1818 3003 1962 3057 enim
1987 3001 2042 3054 in
2065 3015 2162 3056 cor
2187 3009 2366 3062 terra,
2399 2998 2452 3052 in
2491 2998 2739 3052 intimum
2765 2999 2992 3070 inquam
3025 3000 3223 3064 locum,
3251 3001 3424 3056 infer-

1818 3111 1944 3151 num
1993 3094 2225 3157 scilicet,
2271 3092 2574 3158 descendit,
2599 3093 2758 3147 tertio
2794 3092 2883 3148 die
2923 3095 3244 3148 resurrexit.
3280 3095 3416 3149 Tres

1819 3193 1998 3239 autem
2033 3183 2151 3238 dies
2187 3191 2241 3238 et
2281 3188 2394 3237 tres
2424 3191 2614 3236 noctes
2641 3196 2670 3235 a
2697 3191 2853 3252 parte
2881 3181 3175 3252 intelligas,
3209 3195 3263 3237 et
3305 3200 3410 3238 non

1818 3279 2076 3344 integras.
2110 3275 2358 3333 Mortuus
2389 3275 2535 3331 enim
2568 3282 2654 3330 est
2681 3274 2733 3328 in
2777 3273 3097 3338 Parasceve,
3146 3289 3265 3344 qua:
3295 3277 3414 3345 ipsa

116 3364 397 3416 Ἀπέθανε
452 3366 551 3436 μὲν
579 3367 690 3438 γὰρ
725 3371 789 3438 τῇ
827 3373 1175 3441 παρασκευῇ,
1217 3372 1317 3437 μία
1343 3373 1481 3444 αὕτη
1526 3375 1712 3445 ἡμέρα

1826 3385 1925 3424 una
1950 3369 2066 3424 dies
2088 3378 2205 3424 est:
2238 3377 2295 3422 et
2335 3375 2582 3422 mortuus
2608 3365 2710 3421 luit
2734 3364 2996 3428 Sabbato.
3032 3380 3159 3421 ecce
3211 3377 3264 3420 et
3307 3369 3417 3423 alia

99 3453 200 3527 ἦν·
246 3457 341 3508 καὶ
372 3455 448 3524 τῷ
495 3459 758 3529 Σαὸὅάτῳ
793 3465 1006 3531 νεκρὸς,
1058 3464 1165 3518 ἰδοὺ
1199 3468 1295 3517 καὶ
1330 3465 1464 3536 άλλη
1493 3467 1701 3538 ήμέρω

101 3549 208 3600 καὶ
239 3550 270 3617 ἡ
303 3548 401 3612 νὺξ
429 3549 484 3601 δὲ
516 3551 614 3621 τῆς
662 3554 969 3620 Κυριακῆς,
1008 3555 1088 3606 ἔτι
1123 3557 1315 3628 νεκρὸν
1369 3560 1533 3612 αὐτὸν
1579 3579 1710 3615 κατ-

100 3642 298 3694 έλαῦε.
331 3642 471 3711 Τρία
497 3638 590 3696 οὖν
619 3646 991 3715 ήμερονύκτια
1023 3649 1130 3702 ἀπὸ
1164 3652 1364 3719 μέρους
1407 3653 1707 3723 ἀριθμοῦνο

98 3751 227 3788 ται.
277 3733 435 3787 Ἐπεὶ
466 3736 559 3787 καὶ
594 3735 765 3800 οὕτως
795 3730 1070 3809 εἰώθαμεν
1127 3743 1390 3806 πολλάκις
1426 3747 1704 3816 ἀριθμεῖν.

183 3846 202 3878 ι
252 3825 482 3896 ⁵Ἄνδρες
532 3827 815 3881 Νινευῗται
863 3833 1265 3902 ἀναστήσονται
1317 3839 1374 3888 ἐν
1412 3840 1477 3907 τῇ
1527 3839 1706 3908 κρίσει

98 3917 256 3985 μετά
288 3916 389 3985 τῆς
421 3919 616 3984 γενεᾶς
650 3920 872 3988 ταύτης,
911 3924 1006 3973 καὶ
1050 3926 1476 3995 κατακρινοῦσιν
1514 3929 1707 4000 αὐτὴν,

92 4011 185 4062 ὅτι
258 4009 592 4078 μετενόησαν
662 4014 742 4073 εὶς
790 4012 850 4063 τὸ
899 4015 1166 4084 κήρυγμα
1233 4018 1408 4083 Ἰωνᾶ,
1457 4020 1552 4071 καὶ
1598 4023 1706 4074 ίδοὺ

95 4108 298 4159 πλεῖον
331 4106 490 4158 Ἰωνᾶ
515 4101 634 4158 ὦδε.
681 4125 697 4157 ι
748 4109 808 4158 ’0
846 4111 943 4178 μὲν
985 4111 1193 4174 Ἰωνᾶς,
1228 4115 1380 4181 φησὶ,
1431 4116 1569 4182 μετά
1610 4117 1708 4183 τήν

92 4202 166 4251 ἐκ
213 4197 312 4250 τοῦ
348 4199 550 4264 κήτους
603 4199 799 4266 ἔξοδον,
849 4203 1094 4271 κηρύξας
1139 4206 1462 4276 ἐπιστεύθη·
1506 4208 1617 4275 ἐγὼ
1652 4207 1709 4260 δὲ

90 4291 230 4344 οὐδὲ
267 4290 412 4358 μετὰ
442 4291 539 4361 τὴν
565 4293 862 4348 ἀνάστασιν
895 4297 1024 4364 ὑμῖν
1054 4298 1512 4370 πιστευθήσομαι.
1548 4302 1710 4356 Ὀοεν

94 4384 201 4435 καὶ
239 4383 718 4454 κατακριθήσεσθε
754 4388 857 4439 ὑπὸ
894 4388 1001 4440 τῶν
1034 4390 1336 4443 Νινευῖτῶν
1374 4394 1706 4447 πιστευσάν-

94 4494 213 4528 των
249 4475 327 4544 τῷ
356 4475 528 4546 δούλῳ
567 4495 666 4546 μου
710 4479 867 4550 Ἰωνᾷ
893 4484 1066 4552 χωρὶς
1108 4485 1377 4552 σημείων,
1413 4487 1708 4541 καὶταῦτα

91 4568 413 4638 Βαρϐάρων
450 4568 639 4622 ὄντων·
681 4571 837 4641 ὑμεῖς
870 4575 920 4625 οἱ
954 4578 1263 4647 προφήταις
1291 4579 1707 4651 συντεθραμμέ-

91 4677 210 4722 νοι,
245 4659 295 4710 οἱ
333 4662 539 4726 σημεῖα
587 4661 807 4727 ἰδόντες,
851 4665 925 4735 μὴ
974 4668 1307 4723 πιστεύσατε
1360 4674 1485 4742 ἐμοὶ
1509 4674 1587 4744 τῷ
1618 4674 1706 4728 δε-

1810 3468 1964 3525 dics:
1999 3479 2106 3520 nox
2138 3473 2317 3519 autem
2345 3462 2642 3518 Dominicze
2690 3463 2870 3533 ipsum
2921 3464 3102 3518 adhuc
3135 3475 3414 3520 mortuum

1813 3557 2198 3631 apprehendit.
2243 3555 2378 3612 Tres
2408 3556 2574 3627 igitur
2599 3557 2717 3612 dies
2746 3567 2802 3612 et
2833 3567 3022 3613 noctes
3050 3574 3077 3611 a
3111 3569 3263 3627 parte
3312 3576 3416 3613 nu-

1814 3662 2120 3716 merantur,
2156 3651 2280 3720 quia
2313 3659 2369 3704 et
2401 3651 2479 3705 sic
2511 3664 2655 3720 saepe
2679 3665 2970 3705 numerare
3003 3652 3412 3707 consuevimus.

1887 3836 2050 3892 Vens.
2081 3837 2172 3891 4|.
2205 3854 2222 3888 ι
2249 3835 2365 3890 Viri
2416 3833 2666 3888 Ninivitze
2708 3845 2933 3904 surgent
2965 3835 3017 3888 in
3059 3835 3264 3905 judicio
3287 3850 3409 3888 cum

1816 3931 2173 3998 generatione
2213 3930 2336 3992 hac,
2371 3937 2425 3980 et
2467 3928 2916 3981 condemnabunt
2952 3941 3096 3992 eam,
3130 3927 3274 3995 quod
3307 3927 3411 3997 ipsi

1816 4023 2190 4090 paenitentiam
2217 4020 2428 4090 egerint
2447 4020 2512 4073 ad
2533 4019 2974 4088 praedicationem
2992 4019 3179 4074 Jonae:
3210 4026 3264 4074 et
3285 4033 3414 4074 ecce

1816 4117 1932 4183 plus
1987 4130 2147 4182 quant
2196 4111 2365 4166 Jonas
2415 4121 2499 4167 est
2557 4111 2660 4166 hoc
2709 4111 2850 4166 loco.
2892 4129 2910 4162 ι
2957 4108 3290 4181 Postquam,
3329 4111 3417 4165 itt-

1815 4207 1956 4275 quit,
1984 4206 2151 4260 Jonas
2173 4205 2304 4259 exiit
2333 4219 2360 4258 a
2391 4217 2534 4271 ceto,
2559 4214 2614 4259 et
2645 4204 2984 4274 praedicavit,
3021 4204 3408 4259 crediderunt:

1814 4302 1868 4354 in
1910 4317 1993 4355 tne
2029 4311 2232 4364 autem,
2270 4301 2431 4355 etiam
2462 4316 2583 4355 cum
2627 4316 2922 4356 surrexere
2945 4341 2960 4366 ,
2993 4314 3100 4355 non
3149 4299 3412 4354 credetis.

1816 4392 1968 4448 Unde
2035 4403 2090 4447 ct
2141 4393 2638 4448 condctnnabimini
2693 4410 2722 4446 a
2781 4393 3060 4458 Ninivitis,
3133 4395 3225 4462 qui
3289 4407 3415 4449 cre-

1813 4485 2076 4540 diderunt.
2148 4502 2304 4539 servo
2368 4501 2485 4538 meo
2579 4484 2727 4540 Jonte
2813 4485 3022 4555 absque
3107 4485 3410 4550 miraculis,

1813 4579 2062 4646 quamvis
2129 4577 2352 4633 Barbati
2404 4578 2644 4634 fuerint:
2685 4595 2781 4634 vos
2804 4591 2988 4635 autem
3040 4581 3241 4635 assueti
3285 4597 3415 4650 pro-

1813 4671 2012 4739 pltetis,
2038 4670 2167 4725 visis
2198 4671 2389 4740 signis,
2424 4687 2528 4726 non
2550 4673 2773 4727 creditis
2805 4673 2937 4727 milii
2972 4674 3236 4728 Domino:
3267 4675 3413 4745 quod

85 4750 306 4817 σπότη.
349 4749 518 4802 Τοῦτο
572 4753 678 4823 γάρ
729 4757 985 4825 σημαίνει
1029 4758 1112 4823 τὸ,
1149 4761 1257 4814 Καὶ
1308 4762 1441 4816 ἰδοὺ
1488 4764 1705 4819 πλεῖον

1826 4765 2104 4834 signiﬁcat,
2145 4764 2364 4819 dicens:
2396 4766 2460 4816 Et
2492 4780 2607 4817 ecce
2631 4763 2748 4832 plus
2772 4765 2913 4819 Jona
2936 4765 3033 4822 hoc
3064 4768 3200 4821 loco.

87 4841 280 4898 Ἰωνᾶ
304 4836 442 4896 ὧδε.

171 4953 193 4984 ι
246 4934 555 4987 Βασίλισσα
583 4935 758 4990 Νότου
789 4939 1148 5010 ἐγερθήσεται
1172 4944 1229 4996 ἐν
1252 4947 1316 5015 τῇ
1349 4946 1529 5016 κρίσει
1568 4949 1707 5017 μετά

81 5028 200 5095 τῆς
246 5029 452 5094 γενεᾶς
478 5030 703 5100 ταύτης,
729 5035 823 5086 καὶ
856 5039 1181 5106 κατακρινεῖ
1211 5039 1407 5110 αὐτὴν,
1433 5042 1518 5095 ὅτι
1543 5039 1707 5114 ἦλθεν

77 5124 150 5173 ἐκ
188 5119 305 5172 τῶν
342 5121 598 5189 περάτων
632 5124 730 5192 τῆς
762 5128 868 5197 γῆς
909 5129 1143 5182 ἀκοῦσαι
1172 5130 1271 5202 τὴν
1318 5132 1512 5202 σοφίαν
1545 5135 1706 5188 Σολοο

77 5213 354 5278 ὦντος·
405 5211 500 5263 καὶ
535 5214 645 5266 ἰδοὺ
678 5214 859 5268 πλεῖον
892 5218 1239 5288 Σολομῶντος
1270 5215 1392 5276 ὧδε.
1434 5244 1451 5274 ι
1507 5226 1570 5278 Ἡ
1603 5227 1702 5295 μὲν

74 5305 425 5375 βασίλισσα,
460 5304 617 5372 φησὶ,
656 5307 929 5375 μακρόθεν
973 5305 1127 5379 ἦλθε,
1172 5315 1350 5366 καίτοι
1375 5319 1510 5386 γυνὴ
1539 5318 1700 5370 ἀσθε-

76 5398 185 5466 νὴς
222 5394 388 5457 οὖσα,
423 5393 510 5445 ἵνα
546 5396 674 5464 περὶ
707 5396 940 5468 δένδρων
974 5405 1068 5455 καὶ
1111 5403 1283 5466 ξύλων
1327 5412 1421 5460 καὶ
1453 5412 1699 5478 φυσικῶν

79 5505 259 5541 τινων
282 5487 524 5558 ἀκούσῃ.
567 5488 756 5558 Ὑμεῖς
786 5491 861 5553 δὲ,
896 5495 989 5546 καὶ
1007 5495 1229 5550 ἐλθόντα
1266 5517 1331 5564 με
1358 5503 1494 5570 πρὸς
1530 5503 1696 5572 ὑμᾶς,

70 5583 182 5636 καὶ
218 5582 523 5652 ἀπόρρητα
555 5581 803 5649 λέγοντα,
834 5586 933 5638 οὐκ
958 5588 1228 5651 ἐδέξασθε.

161 5695 183 5726 ι
227 5673 407 5726 Ὅταν
439 5672 497 5726 δὲ
531 5666 593 5726 τὸ
620 5675 926 5746 ἀκάθαρτον
965 5681 1184 5750 πνεῦμα
1234 5684 1426 5754 ἐξέλθῃ
1459 5687 1566 5740 ἀπὸ
1600 5688 1694 5740 τοῦ

1890 4950 2051 5005 Vens.
2078 4951 2168 5005 42.
2209 4969 2226 5000 ‹
2277 4950 2482 5021 Regina
2521 4953 2702 5006 Austri
2751 4953 3082 5008 excitabitur
3113 4955 3164 5007 in
3201 4954 3412 5024 judicio

1812 5060 1934 5098 cum
1982 5043 2333 5114 generatione
2387 5044 2587 5108 ltac,ct
2624 5046 3012 5099 condemnabit
3072 5061 3228 5100 eam:
3280 5048 3408 5116 quia

1812 5136 2011 5191 venita
2054 5135 2253 5190 ﬁnibus
2278 5143 2438 5190 terra:
2467 5147 2525 5189 ut
2552 5137 2765 5191 audiret
2792 5137 3118 5205 sapientiam
3157 5135 3409 5193 Salomo-

1813 5231 1937 5295 nis;
1975 5241 2028 5282 ct
2089 5245 2215 5284 ecce
2248 5230 2368 5298 plus
2399 5245 2561 5299 quam
2597 5230 2850 5284 Salomon
2915 5230 3016 5284 hoc
3056 5231 3194 5285 loco.
3237 5251 3255 5282 ι
3296 5230 3408 5286 Re-

1809 5320 1958 5387 gina,
1990 5320 2236 5387 inquit,a
2290 5320 2447 5385 longe
2508 5320 2673 5384 venit,
2718 5320 2967 5388 quamvis
3029 5318 3407 5375 esset'mulier

1814 5413 2050 5472 inlirma,
2079 5422 2134 5463 nt
2157 5411 2221 5464 de
2249 5411 2535 5465 arboribus
2564 5419 2616 5465 et
2650 5411 2808 5478 lignis
2834 5423 2886 5465 et
2914 5410 3253 5466 naturalibus
3280 5412 3404 5480 qui-

1812 5505 2035 5558 busdam
2067 5505 2283 5558 audiret
2307 5522 2318 5556 :
2349 5519 2442 5557 vos
2485 5513 2662 5557 autem
2690 5519 2796 5569 me,
2953 5519 3073 5556 cum
3092 5505 3157 5558 ad
3184 5519 3276 5560 vos
3309 5521 3405 5559 vc-

1807 5597 1980 5651 net‘im
2021 5605 2072 5650 et
2096 5611 2293 5648 arcana
2323 5596 2574 5660 dixerim,
2608 5611 2712 5650 non
2743 5596 3078 5663 suscepistis.

1881 5688 2044 5742 Vens.
2093 5688 2283 5741 45-45.
2334 5707 2351 5739 ι
2400 5688 2535 5741 Cum
2583 5699 2760 5742 autem
2823 5687 3138 5742 immundus
3177 5685 3402 5755 spiritus

1103 5842 1196 5903 Ex
1231 5841 1579 5905 collatione
1616 5843 1806 5905 codd.
1843 5844 2067 5905 Venet.
2102 5845 2162 5906 S.
2201 5843 2423 5906 Marci.

66 5961 372 6035 procedat.
415 5958 524 6035 sed
559 5960 605 6013 si
638 5961 753 6035 quis
796 5962 957 6016 bonus
990 5964 1057 6035 (id
1085 5967 1490 6033 aediﬁcationem
1544 5970 1688 6034 ﬁdei,

67 6030 136 6093 ia
169 6035 269 6087 det
317 6031 558 6102 gratiam
595 6030 950 6088 audientibus.
976 6033 1156 6091 Nolite
1187 6030 1500 6094 contristare
1522 6030 1694 6109 Spiri-

1801 5979 1910 6040 tum
1965 5980 2205 6023 sanctum
2244 5968 2375 6032 Dei;
2431 5983 2539 6038 quo
2573 5969 2702 6038 quid
2762 5967 2960 6040 pejus_
2996 5981 3120 6025 csse
3176 5970 3400 6039 potest?

1809 6039 1998 6096 Terret
2055 6055 2232 6094 autem
2297 6041 2551 6105 hic.nos,
2596 6058 2613 6091 ι
2644 6047 2749 6095 etc.
