4030 6626
359 582 469 645 289

435 715 452 746 ι
493 693 626 744 ’τότε
661 692 709 743 οἱ
737 689 933 742 δίκαιοι
971 685 1344 756 ὲκλάμνᾷουσιν
1372 682 1445 745 ὡς
1476 683 1502 734 6
1556 681 1707 752 ἥλιος
1780 682 1836 730 ὲν
1873 681 1938 749 τῇ
1975 684 2019 735 Α

357 788 603 858 βασιλείᾳ
650 783 742 838 τοῦ
777 781 986 850 Πατρός
1038 779 1218 832 αὐτῶν
1243 795 1254 807 ·
1293 780 1319 828 6
1350 777 1490 846 ἔχων
1530 769 1645 827 ὦτα
1703 772 1944 835 ἀκούειν,

353 882 617 936 ἀκουέτω.
657 897 675 927 ι
724 876 880 929 Ἐπεὶ
912 878 940 927 6
995 873 1144 942 ἥλιος
1189 872 1337 922 δοκεῖ
1381 871 1516 939 ἡμῖν
1551 868 1773 918 πάντων
1833 863 1943 916 τῶν

351 974 597 1039 ἀστέρων
641 967 1048 1038 λαμπρότατος,
1112 962 1200 1014 διὰ
1256 960 1413 1013 τοῦτο
1472 955 1753 1027 συγκρίνει
1811 953 1946 1022 πρὸς

351 1067 444 1117 τὸν
485 1062 634 1132 ἥλιον
679 1061 777 1132 τὴν
821 1059 928 1111 τῶν
956 1056 1180 1109 δικαίων
1217 1051 1602 1121 λαμπρότητα.
1663 1047 1819 1100 Ἐπεὶ
1854 1047 1947 1099 καὶ

353 1158 490 1227 ὑπὲρ
517 1158 607 1209 τὸν
655 1154 804 1222 ἥλιον
837 1149 1112 1221 λάμψουσι
1133 1165 1146 1177 ’
1175 1148 1387 1218 μήποτε
1437 1145 1492 1198 δὲ
1532 1143 1724 1210 ἐπειδὴ
1756 1141 1946 1204 Ἤλιος

347 1246 694 1315 δικαιοσύνης
741 1243 890 1295 ἐστὶν
947 1244 975 1294 6
1030 1237 1285 1307 Χριστὸς,
1319 1236 1442 1288 τότε
1479 1237 1528 1286 οἱ
1595 1234 1796 1285 δίκαιοι
1853 1235 1945 1284 ὲκ-

350 1337 658 1408 λάμψουσιν
719 1333 793 1396 ὡς
845 1334 872 1384 6
925 1327 1183 1400 Χριστός·
1211 1327 1438 1379 ἔσονται
1465 1324 1574 1394 γὰρ
1625 1323 1722 1376 xui.
1784 1321 1942 1374 αὐτοὶ

353 1431 490 1484 θεοί.

426 1587 444 1618 ι
490 1565 659 1618 Πάλιν
687 1561 844 1630 ὁμοία
877 1557 1023 1611 ἐστὶν
1051 1557 1083 1626 ὴ
1113 1553 1362 1623 βασιλεία
1403 1551 1511 1604 τῶν
1540 1549 1792 1619 οὐρανῶν
1837 1547 1936 1616 θη-

350 1655 540 1726 σαυρῷ
588 1647 960 1721 κεκρυμμένῳ
997 1648 1053 1698 ὲν
1096 1644 1274 1714 ἀγρῷ,
1309 1642 1368 1696 6v
1412 1640 1599 1711 εὑρὼν
1648 1637 1939 1716 ἄνθρωπος

273 1763 307 1771 ‘“‘
349 1747 580 1820 ἔκρυψε,
602 1746 695 1798 καὶ
719 1744 827 1820 ἀπὸ
851 1741 951 1810 τῆς
973 1739 1150 1809 χαρᾶς
1174 1736 1338 1790 αὑτοῦ
1371 1734 1595 1800 ὑπάγει,
1626 1732 1807 1786 πάντα
1832 1731 1934 1782 ὅσα

348 1841 465 1911 ἔχει
488 1837 679 1902 πωλεῖ,
720 1836 813 1888 καὶ
841 1831 1102 1903 ἀγοράζει
1140 1830 1231 1883 τὸν
1264 1828 1430 1897 ἀγρὸν
1466 1827 1695 1880 ἐκεῖνον.
1742 1821 1939 1911 Ἀγρὸς

347 1909 631 2001 ὁηκόσμος,
661 1926 932 1998 θησαυρὸς
973 1925 1035 1978 τὸ
1083 1925 1347 1994 κήρυγμα
1391 1919 1486 1972 καὶ
1515 1919 1547 1986 ἠ
1577 1915 1781 1985 γνῶσις
1840 1909 1935 1966 τοῦ

347 2019 608 2095 Χριστοῦ.
647 2019 972 2090 Κέκρυπται
1002 2017 1057 2070 δὲ
1102 2018 1160 2068 ὲν
1203 2013 1280 2083 τῷ
1334 2012 1545 2080 κόσμῳ.
1571 2008 1772 2075 Σοφίαν
1802 2005 1932 2075 γὰρ,

981 569 1445 634 ENARRATIO'
1472 570 1552 629 1N
1597 564 1930 628 EVANGEI

2046 567 2100 628 Μ
2149 561 2536 630 ΜΑΤἸἩΕῙ.
2568 565 2816 628 --CAP.
2859 567 3035 628 XIII.

3539 574 3648 637 290

2132 677 2294 732 Vens.
2340 678 2428 732 43.
2472 695 2491 729 ‹
2526 676 2696 746 l'l‘unc
2739 676 2872 743 justi
2921 676 3203 749 fulgebunt
3251 678 3393 735 sicut
3450 684 3527 735 sol
3583 690 3632 736 in

2052 787 2219 841 regno
2245 769 2422 841 Patris
2447 771 2553 824 sui.
2577 769 2678 836 Qui
2697 770 2858 823 habet
2889 785 3049 824 aures
3082 771 3355 838 audiendi,
3380 775 3582 830 audiat.
3624 797 3642 828 ι

2053 864 2322 930 Quoniam
2349 864 2430 918 sol
2467 864 2677 917 videtur
2711 863 2869 918 nobis
2929 864 3184 920 omnibus
3218 867 3396 920 stellis
3431 869 3646 939 fulgen-

2053 959 2182 1023 tior,
2220 969 2512 1028 propterea
2534 969 2813 1026 comparat
2839 958 2947 1028 7o
2972 958 3072 1012 soli
3108 958 3379 1026 iustorum
3411 962 3639 1016 clarita—

2051 1060 2180 1104 tem.
2205 1049 2340 1103 Nam
2361 1058 2417 1104 et
2447 1063 2610 1114 super
2641 1049 2809 1105 solem
2841 1049 3145 1118 fulgebunt,
3171 1050 3404 1126 fortasse
3435 1060 3643 1114 autem,

2049 1143 2173 1212 quia
2216 1141 2308 1206 Sol
2340 1142 2567 1212 justitiae
2594 1142 2868 1196 Christus.
2895 1141 3204 1212 Tuncjusti
3272 1142 3557 1213 fulgebunt
3589 1155 3648 1198 nt

2047 1237 2318 1292 Christus.
2359 1237 2534 1292 Erunt
2564 1238 2710 1292 cnim
2747 1249 2801 1292 et
2830 1229 2933 1307 ipsi
2970 1238 3065 1293 dii.

2115 1555 2400 1611 Vens“.
2442 1569 2697 1632 «.tterum
2748 1554 2930 1608 simile
2960 1562 3044 1608 est
3092 1568 3320 1624 regnum
3373 1556 3639 1612 cmlorum

2043 1651 2302 1703 tltesziuro
2341 1650 2395 1701 in
2442 1663 2574 1716 agro
2599 1647 2938 1710 abscondito,
2995 1662 3154 1716 quem
3213 1649 3378 1702 homo
3411 1651 3500 1718 qui
3557 1652 3638 1702 in-

2042 1743 2210 1802 venit.
2277 1741 2581 1802 abscondit,
2627 1749 2682 1793 ct
2742 1755 2851 1807 prae
2922 1739 3120 1809 gaudio
3169 1739 3316 1796 illius
3383 1743 3530 1795 vadit
3586 1755 3644 1796 et

2041 1834 2222 1887 vendit
2286 1833 2536 1888 universa
2617 1847 2740 1902 quae
2799 1832 3010 1897 habet,
3098 1841 3154 1887 et
3231 1833 3366 1887 emit
3445 1850 3636 1902 agrum

2039 1925 2214 1981 illum.
2274 1944 2292 1977 ι
2354 1926 2520 1995 Ager,
2589 1924 2826 1978 mundus
2884 1940 2899 1977 :
2965 1924 3270 1988 thesaurus,
3328 1927 3639 1994 pnedieatio

2038 2029 2091 2073 et
2116 2018 2348 2073 scientia
2389 2017 2617 2073 Christi.
2661 2017 2922 2072 Occultus
2964 2026 3049 2070 est
3091 2028 3271 2070 autem
3305 2018 3358 2070 in
3406 2019 3630 2074 mundo.

350 2108 523 2181 φησὶν
549 2107 578 2160 6
629 2107 864 2172 Παῦλος,
893 2105 1237 2176 κηρύττομεν
1274 2102 1374 2170 τὴν
1405 2095 1930 2168 ἀποκεκρυμμένην·

2044 2107 2386 2179 Sapientiam
2424 2110 2594 2172 cnim,
2638 2107 2816 2176 inquit
2867 2110 3086 2171 l’aultts,
3118 2110 3476 2177 praedicamus
3507 2113 3636 2164 alts-

347 2209 378 2260 6
427 2204 484 2258 5t
515 2202 697 2272 ζητῶν
728 2202 827 2272 τὴν
870 2200 963 2252 τοῦ
1017 2197 1148 2251 Θεοῦ
1200 2196 1424 2264 γνῶσιν,
1455 2193 1701 2262 εὑρίσκει
1742 2193 1933 2261 αὐτήν·

346 2299 443 2351 καί
481 2298 657 2349 πάντα
703 2295 800 2347 ὅσα
840 2292 989 2363 ἔχει,
1048 2290 1159 2343 εἴτε
1214 2289 1462 2358 δόγματα
1510 2287 1788 2356 ἑλληνικά,
1826 2285 1937 2337 εἴτε

347 2391 454 2460 ἢθη
505 2367 796 2458 πονηράυ
828 2386 935 2438 εἴτε
987 2385 1280 2454 χρήματα,
1338 2385 1518 2449 ῥίπτει
1555 2379 1780 2440 εὐθέως,
1842 2377 1936 2431 καὶ

349 2479 612 2550 ἀγοράζει
639 2479 731 2530 τὸν
759 2477 951 2548 ἀγρὸν,
1017 2475 1268 2527 τουτέστι
1296 2513 1308 2534 ,
1336 2473 1427 2523 τὸν
1480 2472 1683 2541 κόσμον
1703 2488 1715 2500 ·
1747 2470 1934 2539 κτῆμα

345 2576 456 2642 γὰρ
511 2572 638 2623 ἴδιον
679 2571 791 2638 ἔχει
824 2569 916 2627 τὸν
961 2566 1186 2634 κόσμον,
1226 2567 1254 2617 6
1289 2563 1386 2633 τὴν
1420 2563 1619 2631 γνῶσιν
1661 2561 1755 2614 τοῦ
1802 2563 1934 2630 Χρι-

348 2664 476 2719 στοῦ
509 2665 669 2734 ἔχων·
701 2661 851 2718 οὐδὲν
892 2660 1000 2728 γὰρ
1035 2659 1194 2728 ἔχων,
1223 2660 1290 2709 τὰ
1321 2658 1497 2710 πάντα
1541 2655 1784 2726 κατέχει,
1839 2655 1935 2707 καὶ

344 2758 508 2811 δοῦλα
556 2759 669 2827 ἔχει
698 2755 766 2807 τὰ
796 2755 1058 2823 στοιχεῖα,
1088 2751 1393 2804 ἐπιτάττων
1420 2751 1603 2811 αὐτοῖς
1635 2747 1707 2810 ῶς
1743 2747 1771 2798 6
1823 2749 1932 2816 Ἰη-

348 2849 500 2913 σοῦς,
533 2849 607 2910 ὡς
633 2847 860 2914 Μωσῆς.

422 2983 440 3016 ι
493 2963 662 3017 Πάλιν
709 2961 872 3031 ὁμοία
922 2960 1069 3012 ἐστὶν
1123 2958 1155 3028 ἡ
1220 2955 1466 3026 βασιλεία
1523 2955 1632 3007 τῶν
1685 2952 1932 3024 οὐρανῶν

344 3055 618 3125 ἀνθρώπῳ
659 3053 886 3123 ἐμπόρῳ
937 3049 1189 3120 ζητοῦντι
1245 3047 1444 3108 καλοὺς
1478 3045 1841 3117 μαργαρίτας,
1871 3044 1933 3108 ὃς

343 3147 522 3219 εὑρὼν
547 3147 643 3199 ἕνα
672 3145 968 3212 πολύτιμον
995 3143 1362 3213 μαργαρίτην,
1388 3139 1643 3194 ἀπελθὼν
1675 3139 1930 3209 πέπρακε

344 3241 524 3294 πάντα
561 3241 663 3293 ὅσα
693 3233 829 3307 εἶχε,
854 3239 947 3290 καὶ
993 3236 1269 3306 ἠγόρασεν
1318 3233 1505 3286 αὐτόν.
1538 3251 1556 3283 ι
1589 3230 1868 3298 Θάλασσα,
1902 3233 1931 3286 6

345 3333 539 3404 παρὼν
571 3331 704 3400 βίος.
737 3332 1034 3400 Ἔμποροι,
1062 3331 1111 3381 oi
1145 3329 1232 3382 διὰ
1251 3327 1442 3380 τούτου
1477 3325 1930 3396 διερχόμενοικαὶ

341 3426 637 3498 ζητοῦντες
691 3423 892 3492 γνῶσίν
925 3440 1046 3476 τινα
1085 3411 1286 3491 εὖρεῐν.
1319 3421 1510 3474 Πολλοὶ
1553 3421 1652 3490 μὲν
1687 3419 1782 3472 οῦν
1838 3419 1926 3471 δο-

2041 2203 2338 2257 conditam.
2394 2203 2656 2268 Qnrereus
2703 2211 2883 2254 autem
2941 2200 3223 2255 scientiam
3271 2202 3382 2266 Dei,
3431 2203 3638 2256 invenit

2041 2309 2160 2350 eam
2195 2314 2207 2348 :
2243 2304 2291 2347 et
2333 2295 2515 2348 omnia
2561 2309 2680 2362 qum
2707 2292 2891 2353 habet,
2936 2292 3050 2344 sive
3087 2292 3305 2360 gentilia
3357 2291 3635 2360 dogmata,

2039 2381 2157 2441 sive
2193 2388 2365 2441 malos
2413 2402 2618 2450 mores,
2655 2387 2772 2440 sive
2813 2384 3055 2448 divitias,
3094 2384 3278 2452 abjicit
3339 2385 3546 2443 statim,
3581 2399 3638 2437 et

2041 2483 2225 2536 vendit
2263 2498 2473 2552 agrum,
2510 2481 2560 2535 id
2594 2492 2699 2546 est,
2738 2480 3019 2533 mundum.
3045 2477 3179 2531 Nam
3206 2480 3298 2548 qui
3339 2478 3631 2532 scientiam

2040 2578 2204 2632 habet
2230 2577 2457 2638 Christi,
2487 2578 2887 2644 possessionem
2936 2575 3213 2645 propriam
3270 2575 3434 2628 habet
3480 2591 3636 2627 tuttu-

2039 2673 2158 2724 dant
2194 2686 2209 2734 ;
2249 2671 2382 2723 nihil
2416 2669 2558 2723 enim
2591 2671 2816 2734 habens,
2875 2670 3056 2722 omnia
3111 2669 3367 2735 possidet,
3411 2678 3466 2722 et
3524 2668 3633 2721 elc-

2039 2764 2216 2808 menta
2251 2756 2300 2808 ei
2324 2756 2590 2820 serviunt,
2620 2766 2674 2808 et
2704 2755 2932 2824 imperat
2963 2754 3090 2818 illis,
3122 2756 3263 2808 sicut
3294 2765 3349 2808 et
3379 2751 3537 2808 Jesus
3577 2767 3634 2806 et.

2038 2846 2273 2918 Moyses.

2118 2961 2281 3016 Vens.
2327 2961 2417 3026 65,
2455 2961 2545 3015 16.
2584 2978 2602 3012 ι
2633 2960 2830 3015 lterum
2855 2960 3031 3014 simile
3064 2970 3147 3013 est
3199 2976 3423 3028 regnum
3459 2961 3633 3014 coelo-

2036 3068 2154 3106 rum
2189 3051 2393 3106 homini
2422 3052 2747 3121 negotiatori
2785 3053 3048 3121 quaerenti
3082 3051 3251 3106 bonas
3278 3054 3629 3120 margaritas,

2035 3147 2127 3215 qui
2201 3161 2324 3200 cum
2397 3130 2606 3200 invenit
2666 3161 2831 3200 unam
2896 3147 3188 3213 pretiosam
3237 3147 3630 3216 margaritam,

2041 3237 2232 3292 abiens
2263 3238 2504 3291 vendidit
2534 3237 2718 3290 omnia
2749 3251 2870 3305 quae
2894 3236 3223 3306 possidebat,
3260 3247 3313 3290 et
3358 3233 3632 3291 mercatus

2031 3340 2116 3384 est
2139 3328 2306 3383 illam.
2345 3347 2362 3380 ι
2399 3326 2546 3382 Mare
2572 3336 2656 3381 est
2689 3343 2929 3396 praesens
2955 3329 3085 3381 vita.
3112 3326 3509 3396 NegOtiatores,
3538 3329 3630 3396 qui

2035 3437 2133 3492 per
2176 3424 2312 3475 hanc
2336 3421 2615 3474 ambulant
2637 3430 2691 3474 et
2724 3429 2974 3488 qumrunt
3017 3420 3303 3473 scientiam
3336 3421 3627 3484 quamdam

341 3520 504 3574 κοῦσι
541 3518 900 3588 μαργαρῖται,
937 3515 991 3566 αἱ
1040 3515 1150 3567 τῶν
1180 3513 1392 3580 πολλῶν
1425 3511 1607 3581 σοφῶν
1639 3509 1819 3576 δόξαν
1846 3503 1928 3572 εἷς

2039 3517 2298 3570 invenire.
2333 3515 2513 3568 Multae
2537 3515 2682 3566 enim
2715 3514 3046 3582 margaritae,
3080 3511 3374 3565 multorum
3417 3512 3631 3581 sapien-

338 3611 397 3664 δὲ
427 3623 454 3664 ο
502 3609 817 3677 πολύτιμος.
867 3607 982 3660 Μία
1020 3606 1128 3676 γὰρ
1180 3608 1213 3675 ή
1268 3605 1517 3674 ἀλήθεια,
1553 3604 1672 3673 ἦτις
1702 3601 1851 3655 ἐστὶν
1899 3605 1927 3655 ὁ

338 3703 596 3774 Χριστός.
658 3701 866 3768 Ὥσπερ
905 3698 997 3752 οὖν
1028 3701 1054 3751 6
1083 3696 1428 3768 μαργαρίτης
1459 3696 1754 3764 ἱστορεῖται
1800 3709 1926 3760 γεν-

344 3798 541 3852 νᾶσθαι
571 3799 629 3848 ἐν
662 3795 894 3863 ὀστρέῳ,
929 3788 1081 3862 ᾧπερ
1139 3791 1413 3858 ἀνοίγοντι
1439 3789 1539 3850 τὰς
1572 3789 1802 3857 πτύχας,
1844 3789 1928 3839 ὲν-

340 3891 574 3960 σκήπτει
604 3887 883 3956 ἀστραπήο
916 3880 1036 3937 εἶτα
1082 3884 1244 3935 πάλιν
1276 3881 1655 3950 συγκλείοντος
1696 3879 1924 3942 ταύτας,

337 3975 402 4028 ὲκ
441 3975 538 4043 τῆς
569 3971 860 4043 ἀστραπῆς
911 3971 1006 4024 καὶ
1039 3970 1135 4039 τῆς
1168 3969 1362 4041 δρόσου
1417 3967 1857 4036 συλλαμϐάνεται
1897 3968 1926 4019 6

339 4065 712 4136 μαργαρίτης,
750 4065 842 4115 καὶ
881 4062 966 4115 διὰ
1018 4060 1176 4113 τοῦτο
1207 4058 1531 4120 λευκότατός
1565 4062 1733 4110 ἐστιν·
1767 4055 1912 4109 οὕτω

334 4157 436 4208 καὶ
473 4157 501 4207 ὁ
541 4155 773 4225 Χριστὸς
805 4154 861 4204 ὲν
893 4154 957 4219 τῇ
987 4150 1244 4220 Παρθένῳ
1274 4146 1579 4216 συνελήφθη
1611 4146 1668 4211 ἐξ
1721 4147 1925 4214 ἀστρα·

337 4253 448 4320 πῆς
479 4255 578 4320 τῆς
611 4247 835 4311 ἄνωθεν,
867 4246 956 4298 τοῦ
992 4245 1150 4312 ἁγίου
1179 4242 1516 4310 Πνεῦματος·
1557 4244 1651 4292 καί
1672 4238 1862 4307 ὥσπερ
1897 4239 1925 4290 6

343 4341 696 4412 μαργαρίτην
742 4338 899 4408 ἔχων,
939 4335 1200 4396 πολλάκις
1228 4333 1476 4401 κατέχων
1512 4329 1702 4381 τοῦτον
1736 4331 1794 4379 ἐν
1854 4329 1921 4398 τῇ

333 4436 503 4504 χειρὶ,
541 4432 702 4494 αὐτὸς
738 4431 835 4498 μὲν
876 4424 983 4480 οἶδε
1021 4427 1184 4479 πότον
1235 4425 1466 4477 πλοῦτον
1513 4423 1645 4493 ἔχει,
1685 4419 1834 4474 ἄλλοι
1867 4419 1924 4470 δὲ

331 4524 644 4591 ἀγνοοῦσιν·
686 4521 830 4573 οὕτω
886 4521 977 4572 καὶ
1010 4519 1070 4570 τὸ
1101 4521 1363 4587 κήρυγμα
1423 4519 1480 4568 ὲν
1521 4518 1633 4578 τοῖς
1690 4513 1922 4581 ἀφανέσι

331 4616 427 4667 καὶ
456 4613 701 4666 εὐτελέσι
729 4611 1050 4683 κρύπτεται.
1083 4611 1171 4660 Δεῖ
1206 4606 1297 4661 οὖν
1331 4607 1518 4661 τοῦτον
1558 4607 1650 4659 τὸν
1709 4621 1926 4675 μαργα-

331 4707 496 4777 ρίτην
522 4704 776 4768 κτᾶσθαι,
809 4705 986 4755 πάντα
1012 4702 1270 4763 διδόντας.

408 4842 427 4874 ι
501 4820 668 4873 Πάλιν
715 4819 876 4887 ὁμοία
937 4816 1144 4884 ὲοτὶνή
1202 4815 1448 4884 βασιλεία
1516 4815 1623 4868 τῶν
1677 4818 1920 4888 οὐρανῶν

2035 3617 2145 3661 tum
2177 3608 2485 3676 opiniones.
2522 3604 2640 3659 Una
2705 3616 2882 3658 autem
2928 3605 3188 3673 pretiosa,
3224 3619 3328 3657 una
3374 3613 3457 3657 est
3488 3605 3630 3659 veri-

2032 3712 2138 3767 tas,
2171 3716 2289 3769 qua:
2316 3700 2528 3753 scilicet
2573 3697 2826 3752 Christus
2859 3709 2962 3752 est.
2995 3697 3163 3767 Igitur
3191 3697 3331 3750 sient
3379 3697 3444 3750 de
3485 3713 3630 3748 mar-

2030 3794 2204 3863 garita
2252 3793 2484 3845 traditur
2525 3792 2668 3859 quod
2717 3791 2768 3841 iu
2821 3790 3028 3844 concha
3077 3799 3358 3850 nascatur,
3398 3803 3518 3855 qua:
3569 3804 3626 3839 su

2031 3885 2207 3954 aperit
2265 3883 2789 3952 tempore'l‘ulgnris,
2839 3891 2892 3935 et
2938 3881 3060 3934 dein
3125 3881 3324 3933 iterum
3371 3879 3572 3934 claudit
3611 3921 3622 3931 .

2031 3978 2339 4044 concipitur
2373 3978 2555 4044 itaque
2581 3983 2692 4028 tum
2722 3991 2788 4030 ex
2817 3974 3026 4043 fulgore
3053 3984 3105 4028 et
3135 3989 3276 4038 rore,
3314 3981 3626 4042 propterea-

2029 4084 2133 4139 que
2161 4069 2388 4122 candida
2421 4077 2497 4122 est
2534 4085 2547 4121 :
2584 4067 2662 4121 sic
2707 4077 2760 4120 ct
2787 4066 3034 4120 Christus
3073 4066 3123 4118 in
3159 4063 3379 4130 Virgine
3425 4078 3624 4117 conce-

2028 4170 2217 4229 ceptus
2247 4167 2347 4226 est,
2377 4175 2439 4214 ex
2467 4175 2698 4228 superno
2731 4158 2940 4227 fulgore
2979 4200 2992 4223 ,
3023 4157 3254 4229 Spiritus
3285 4157 3456 4211 sancti
3482 4158 3628 4209 scili-

2029 4264 2134 4308 cet.
2163 4254 2226 4306 Et
2284 4254 2424 4306 sicut
2475 4265 2618 4321 sape
2676 4251 3024 4320 margaritam
3081 4260 3269 4303 tenens
3321 4249 3373 4301 in
3439 4262 3624 4308 manu,

2031 4347 2141 4415 ipse
2165 4348 2266 4399 st-it
2290 4353 2521 4413 quantas
2547 4345 2744 4397 habeat
2763 4342 3001 4404 divitias,
3026 4341 3109 4394 alii
3131 4351 3306 4394 autem
3333 4339 3624 4409 ignorant:

2031 4437 2100 4488 ita
2137 4446 2190 4489 et
2228 4435 2538 4503 prardicatio
2565 4435 2615 4486 in
2653 4431 2904 4486 obscuris
2935 4441 2988 4485 et
3010 4429 3349 4495 simplicibus
3383 4430 3621 4482 abscon-

2030 4530 2141 4582 dita
2176 4537 2278 4583 est.
2308 4528 2472 4582 Docet
2505 4527 2669 4598 igitur
2703 4539 2761 4581 ut.
2791 4525 2932 4580 datis
2961 4523 3216 4578 omnibus
3265 4523 3616 4592 margaritam

2030 4623 2166 4675 hanc
2188 4620 2586 4689 possideamus.

2105 4821 2267 4875 Vens.
2300 4820 2488 4875 47-50.
2525 4839 2542 4872 ι
2591 4819 2788 4874 ltermn
2831 4819 3010 4875 simile
3053 4829 3135 4876 est
3188 4834 3410 4888 regnum
3446 4820 3619 4874 cmlo-

327 4918 548 4984 σαγήνῃ
589 4914 844 4984 βληθείσῃ
885 4914 964 4973 εἰς
1027 4911 1127 4980 τὴν
1171 4911 1446 4963 θάλασσαν
1487 4911 1581 4962 καὶ
1620 4913 1681 4964 ἐκ
1725 4913 1922 4975 παντὸς

2039 4931 2147 4968 runt
2198 4930 2433 4985 sugente,
2463 4931 2584 4984 qua:
2618 4916 2668 4967 iu
2707 4929 2855 4968 mare
2889 4916 3053 4968 missa
3106 4929 3173 4968 ex
3213 4914 3358 4966 omni
3417 4928 3620 4982 genere

325 5011 523 5075 γένους
539 5004 957 5074 συναγωγούσῃ,
978 5003 1044 5072 ἣν
1068 5002 1153 5053 ὅτε
1177 5000 1470 5070 ἐπληρώθη
1491 5002 1926 5064 ἀναϐιϐάσαντες

323 5101 420 5153 ἐπὶ
456 5099 550 5152 τόν
575 5096 843 5165 αἰγιαλὸν,
873 5095 967 5147 καὶ
997 5093 1339 5157 καθίσαντες,
1371 5092 1659 5157 συνέλεξαν
1685 5093 1750 5146 τὰ
1783 5094 1924 5146 καλά

321 5193 405 5255 είς
435 5193 660 5259 ἀγγεῖα,
691 5188 759 5240 τὰ
818 5187 872 5240 δὲ
916 5184 1099 5255 σαπρά
1145 5183 1248 5248 ἔξω
1293 5183 1484 5237 ἔϐαλον
1514 5201 1528 5216 ο
1564 5184 1736 5247 οὕτως
1771 5185 1924 5238 ἔσται

321 5285 381 5336 ὲν
414 5287 493 5354 τῇ
516 5280 800 5350 συντελείᾳ
833 5278 928 5331 τοῦ
976 5279 1192 5341 αἰῶνος.
1250 5276 1662 5340 Ἐξελεύσονται
1719 5280 1766 5330 οί
1817 5279 1921 5345 ἄγ-

325 5379 502 5442 γελοι,
532 5375 627 5426 καὶ
678 5371 963 5440 ἀφοριοῦσι
1001 5372 1123 5434 τοὺς
1167 5374 1436 5441 πονηροὺς
1478 5373 1543 5424 ἐκ
1598 5371 1765 5440 μέσου
1811 5372 1922 5424 τῶν

320 5467 576 5530 δικαίων,
633 5465 726 5517 καὶ
764 5463 1013 5533 βαλοῦσιν
1060 5465 1256 5526 αὐτοὺς
1287 5464 1365 5525 εἰς
1399 5465 1496 5533 τὴν
1543 5465 1774 5532 κάμινον
1821 5463 1915 5518 τοῦ

322 5559 523 5629 πυρός·
559 5560 675 5611 ἐκεῖ
726 5556 878 5610 ἔσται
1005 5557 1281 5625 κλαυθμὸς
1337 5557 1430 5608 καὶ
1460 5559 1486 5608 6
1532 5556 1778 5624 βρυγμὸς
1808 5557 1917 5609 τῶν

317 5651 580 5705 ὀδόντων.
620 5669 637 5700 ι
665 5650 876 5720 Φοϐερά
900 5650 1036 5717 αῦτη
1060 5651 1090 5717 ἡ
1110 5648 1418 5718 παραϐολὴο
1449 5649 1687 5701 δείκνυσι
1707 5651 1814 5720 γὰρ
1831 5651 1915 5703 ὅτι

321 5746 426 5797 κᾶν
466 5743 838 5811 πιστεύωμεν,
879 5742 954 5811 μὴ
978 5742 1189 5812 ἔχωμεν
1231 5743 1285 5795 δὲ
1321 5743 1434 5811 βίον
1478 5742 1700 5808 ἀγαθὸν,
1733 5746 1810 5806 είς
1856 5743 1916 5794 τὸ

319 5835 434 5904 τνῦρ
459 5833 811 5907 ῥιφησόμεθα
833 5850 845 5862 ⁸
877 5837 1084 5904 σαγήνη
1124 5835 1220 5903 μὲν
1257 5836 1361 5903 γὰρ
1393 5837 1423 5902 ἡ
1451 5834 1772 5886 διδασκαλία
1805 5835 1913 5888 τῶν

315 5927 524 5981 ἁλιέων
563 5926 901 5990 ἀποστόλων,
934 5927 967 5997 ἡ
1000 5927 1212 5995 ὲπλάκη
1256 5926 1362 5976 ἀπό
1405 5942 1461 5976 τε
1523 5927 1766 5994 σημείων
1820 5930 1910 5980 καὶ

320 6017 650 6091 μαρτυριῶν
695 6020 1074 6090 προφητικῶν.
1116 6021 1182 6072 Ἀ
1224 6017 1332 6087 γὰρ
1375 6017 1652 6071 ἐδίδασκον
1692 6021 1737 6072 oi
1767 6021 1907 6072 ἀπό-

2023 5007 2395 5076 cougregavit,
2430 5023 2594 5076 quant
2635 5016 2694 5060 ut
2750 5006 2965 5072 impleta
3003 5005 3197 5059 fuisset
3245 5005 3609 5058 subtlttcettlus

2023 5100 2090 5151 ad
2126 5099 2299 5164 littus,
2328 5111 2383 5154 et
2433 5101 2686 5153 sedentes
2737 5099 3073 5168 collegerunt
3139 5113 3252 5169 ζειαὶ
3296 5101 3431 5152 bona
3468 5111 3614 5163 sunt,

2021 5196 2075 5250 in
2109 5209 2234 5247 vasa
2264 5212 2278 5247 :
2318 5208 2437 5261 qum
2475 5207 2604 5248 vero
2657 5192 2821 5257 mala,
2851 5192 2998 5247 foras
3051 5193 3354 5261 eiecerunt.
3386 5191 3477 5245 Sic
3507 5197 3614 5244 erit

2027 5288 2077 5341 in
2116 5285 2584 5342 consmnntatione
2613 5288 2816 5339 satculi.
2883 5284 3119 5338 Exibunt
3148 5286 3347 5353 angeli,
3375 5295 3428 5339 et
3458 5300 3614 5353 sepa-

2022 5381 2217 5433 rahunt
2253 5378 2419 5431 malos
2461 5379 2525 5431 de
2561 5379 2738 5431 medio
2761 5378 3054 5443 iustorum,
3080 5388 3136 5433 et
3179 5379 3393 5431 mittent
3426 5393 3520 5430 eos
3563 5379 3613 5430 in

2027 5471 2297 5524 caminum
2329 5471 2488 5537 ignis,
2522 5471 2590 5523 ibi
2625 5471 2727 5523 erit
2765 5469 2922 5523 ﬂetus
2954 5479 3006 5523 et
3034 5470 3238 5524 stridor
3284 5472 3554 5523 dentium.
3592 5489 3608 5518 ι

2027 5561 2314 5616 Terribilis
2349 5573 2430 5615 eat
2469 5563 2582 5616 hzec
2625 5562 2880 5631 parabola
2913 5580 2926 5627 ;
2977 5562 3214 5615 ostendit
3247 5563 3390 5614 enim
3443 5562 3612 5629 quod,

2024 5653 2148 5706 licet
2195 5656 2502 5719 credamus,
2539 5669 2642 5706 non
2716 5655 3008 5707 habeamus
3064 5665 3243 5706 autem
3289 5653 3454 5705 vitam
3517 5654 3620 5704 lto-

2027 5762 2174 5808 nam,
2215 5746 2269 5798 in
2325 5747 2503 5814 ight‘lll
2547 5745 2921 5814 projiciemur.
2977 5743 3189 5815 Sagena
3256 5746 3474 5812 quidem
3529 5754 3614 5796 est

2023 5840 2267 5893 tloetriua
2325 5840 2657 5906 piscatorum
2695 5841 3083 5906 apostolorum,
3119 5854 3238 5908 qum
3278 5854 3343 5891 ex
3382 5840 3614 5889 miracu-

2021 5931 2085 5983 lis
2138 5939 2191 5984 et
2246 5930 2572 5982 testimoniis
2621 5931 3002 5998 prolthetarum
3039 5944 3286 5983 connexa
3345 5939 3446 5981 est.
3482 5931 3614 5993 Quae

2019 6022 2162 6077 enim
2217 6020 2486 6076 docebant
2545 6023 2797 6091 apostoli,
2862 6023 3150 6079 firmabant
3209 6021 3506 6084 miraculis,
3561 6029 3615 6071 et
