4030 6602
620 517 727 582 299

1453 500 2028 566 THEOPHYLACTI
2065 495 2474 560 BULGARIIE
2499 477 2858 554 ARCHIEP.

3761 479 3863 544 300

619 640 708 686 rat
737 638 793 686 et
829 627 1026 698 pisces,
1055 633 1110 678 ut
1141 619 1387 678 ostendat
1414 617 1556 689 quod
1588 618 1704 688 ipse
1738 616 1808 672 sit
1835 616 1926 687 qui
1980 626 2182 672 terram

2304 613 2368 665 ἱτι
2400 611 2564 672 αὐτός
2585 609 2737 660 εστιν
2786 607 2815 658 ό
2846 606 2947 673 γῆς
2994 602 3088 655 καὶ
3150 598 3435 671 θαλάσσης
3490 598 3860 668 Δημιουρτδς,

616 731 672 775 et
699 733 848 774 mare
873 712 1192 776 condiderit,
1222 718 1277 764 et
1300 723 1489 764 omnes
1519 706 1650 773 cibi,
1673 705 1868 776 quibus
1889 705 2181 769 vescimur,

622 813 692 867 ab
721 810 836 880 ipso
868 805 1022 862 nobis
1055 802 1268 863 dentur.
1300 811 1354 856 et
1387 814 1485 869 per
1515 801 1692 868 ipsum
1733 796 2181 865 multiplicentur.

626 902 888 957 Ceterum
925 897 979 950 in
1026 896 1240 948 deserto
1271 891 1328 946 tit
1375 889 1717 952 miraculum,
1763 903 1828 943 ue
1857 887 1978 956 quis
2009 885 2186 953 opine-

622 1003 710 1046 tur
750 1003 780 1042 e
815 986 1036 1042 civitate
1064 983 1242 1036 vicina
1276 991 1486 1050 emptos
1523 993 1711 1049 panes,
1743 974 2185 1043 multitudinique

619 1077 962 1140 distributos;
987 1071 1093 1142 '75
1119 1073 1392 1126 desertum
1419 1071 1562 1124 enim
1584 1079 1701 1124 erat
1722 1085 1736 1122 ε
1762 1075 1816 1120 et
1843 1067 1944 1121 hoc
1967 1065 2183 1135 quidem

617 1158 915 1226 secundum
969 1165 1272 1219 historiam.
1301 1162 1460 1218 Juxta
1507 1174 1783 1231 anngOgen
1809 1168 1986 1212 autem
2017 1157 2182 1212 disce.

615 1259 904 1330 Postquam
962 1257 1221 1323 Herodes,
1277 1257 1377 1310 hoc
1426 1264 1531 1320 est,
1578 1251 1814 1307 carnalis
1851 1262 1904 1304 et
1960 1249 2180 1319 pellicea

617 1369 770 1410 mens
794 1351 1097 1407 ludarorum
1124 1351 1220 1420 (ita
1250 1349 1395 1402 enim
1431 1346 1665 1400 Herodes
1697 1342 1875 1409 sonat)
1901 1340 2186 1396 decollavit

618 1445 905 1510 Joannem,
939 1443 1324 1514 prepltetarum
1364 1449 1548 1506 caput,
1576 1435 1678 1489 hoc
1715 1444 1820 1498 est,
1863 1434 1929 1488 de
1968 1432 2188 1488 Christo

620 1536 1036 1609 praedicentibus
1067 1548 1172 1586 non
1205 1529 1453 1593 credidit,
1488 1527 1689 1582 secedit
1721 1525 1880 1580 Jesus
1911 1525 1963 1578 in
2000 1524 2187 1578 deser-

621 1641 731 1684 tum
769 1627 969 1689 locum,
1015 1624 1082 1678 ad
1113 1634 1299 1694 gentes
1331 1636 1362 1674 a
1404 1621 1512 1674 Deo
1551 1619 1866 1681 destitutas,
1898 1624 1952 1670 et
1980 1623 2189 1668 sanavit

619 1720 860 1775 iuttrmas
884 1715 1115 1778 animas,
1149 1720 1204 1767 et
1247 1712 1440 1768 deinde
1469 1709 1613 1776 pavit
1648 1723 1761 1762 cas.
1790 1706 1923 1760 Nam
1963 1706 2060 1760 nisi
2111 1720 2189 1760 re-

621 1809 828 1866 miserit
883 1803 1038 1862 nobis
1086 1813 1326 1875 peccata,
1383 1812 1439 1856 et
1493 1797 1769 1854 sanaverit
1815 1795 2034 1850 morbos
2095 1810 2188 1864 per

622 1901 968 1971 baptismum,
1005 1910 1113 1951 non
1154 1903 1341 1964 pascet
1392 1905 1490 1946 nos
1535 1887 1918 1944 communione
1949 1884 2189 1954 impollu-

2292 705 2388 758 καὶ
2438 704 2519 756 ὅτι
2568 702 2603 754 ἀ
2647 699 2768 754 καθ’
2828 698 3068 764 ιιαίστην
3099 692 3392 762 iudicetur,
3425 689 3596 745 αὐτοῦ
3634 689 3865 754 διδόντος

2289 797 2562 865 ἐσθίομεν,
2618 794 2710 847 καὶ
2754 790 2846 844 ὑπ’
2899 786 3066 843 αὐτοῦ
3105 785 3510 855 πληθύνονταιν
3564 785 3624 836 ιν
3672 784 3864 854 ἐρήμῳ

2286 893 2342 946 δὶ
2375 891 2435 944 τὸ
2487 886 2696 956 θαῦμα.
2725 885 2800 948 ὡς
2833 883 2899 937 ἀν
2951 881 3027 951 μὴ
3056 879 3251 954 νομίσῃ
3294 896 3408 944 τις,
3456 879 3538 933 δτι
3571 878 3638 930 iit
3661 874 3866 938 πόλεως

2292 984 2533 1053 γείτονος
2597 980 2838 1050 ἠγόρασε
2887 975 3012 1040 τοὺς
3057 976 3277 1048 ἄρτους,
3329 973 3427 1027 καὶ
3491 974 3730 1043 διένειμε
3792 969 3868 1040 τῷ

2289 1074 2502 1145 πλήθει,
2544 1072 2750 1143 Ιρημος
2773 1069 2883 1141 γὰρ
2913 1065 3002 1140 ἦν*
3031 1068 3127 1122 καὶ
3147 1067 3288 1121 οὕτω
3312 1067 3412 1136 μὲν
3438 1064 3561 1120 καθ’
3601 1063 3863 1135 ίστορίαν.

2290 1167 2448 1221 Κατά
2481 1165 2538 1218 δὲ
2596 1162 2909 1233 ἀναγωγὴν,
2967 1159 3105 1220 uae:
3149 1160 3230 1212 ὅτι
3265 1158 3455 1228 ιπειδὴ
3519 1155 3788 1226 Ἡρώδης,
3841 1155 3870 1207 ό

2292 1259 2547 1329 σάρκινος
2587 1255 2684 1309 καὶ
2705 1253 3027 1326 δερμάτυος
3074 1251 3182 1304 τῶν
3225 1249 3494 1303 Ἰουδαίων
3536 1247 3682 1310 νοῦς,
3714 1245 3872 1300 τοῦτο

2290 1352 2398 1420 γὰρ
2439 1348 2685 1418 Ἡρώδης
2715 1346 3106 1418 ἑρμηνεύεται,
3137 1341 3511 1410 ἀπεκειράλισε
3540 1340 3633 1394 τὸν
3683 1337 3870 1392 Ἰωάνο

2291 1462 2412 1511 νην,
2452 1442 2512 1493 τὸ
2555 1440 2664 1493 τῶν
2714 1438 3015 1512 προφητῶν
3067 1435 3388 1506 κεφάλαιον,
3442 1433 3713 1493 τουτέστι,
3758 1434 3873 1494 τοῖς

2290 1537 2419 1606 περὶ
2454 1531 2694 1605 Χριστοῦ
2746 1531 3198 1603 προφητεύσασιν
3231 1529 3332 1581 οὐκ
3361 1526 3706 1588 ὶπίστευσεν,
3740 1526 3868 1578 ἀνα-

2290 1629 2458 1699 χωρεῖ
2518 1625 2705 1679 λοιπὸν
2747 1627 2777 1678 ό
2820 1623 3029 1694 Ἰησοῦς
3082 1622 3163 1685 είς
3209 1621 3418 1690 ἔρημον
3460 1618 3649 1681 τόπον,
3691 1619 3771 1678 sl;
3804 1617 3874 1669 τὰ

2291 1723 2440 1791 ἔθνη,
2474 1720 2544 1774 ea
2568 1721 2754 1791 ἔρημα
2807 1717 2902 1770 τοῦ
2935 1714 3097 1778 Θεοῦ,
3145 1716 3242 1769 καὶ
3290 1712 3586 1783 θεραπεύει
3619 1711 3744 1773 τοὺς
3775 1709 3875 1782 ἀρ-

2293 1815 2534 1886 ρώστους
2578 1811 2722 1865 κατά
2747 1809 2946 1879 ψυχὴν,
3003 1805 3122 1860 εἷτα
3168 1807 3258 1860 καὶ
3307 1804 3494 1875 τρέφει
3524 1803 3768 1864 τούτους.
3812 1798 3877 1855 ει

2296 1909 2370 1979 μὴ
2403 1907 2512 1976 γὰρ
2553 1907 2754 1975 ἀφήσει
2786 1904 2917 1972 ἡμῖν
2945 1900 3045 1963 τὰς
3080 1899 3381 1970 ἁμαρτίας,
3421 1898 3513 1950 καὶ
3536 1894 3874 1966 θεραπεύσει

625 2005 804 2048 torum
857 1987 1258 2059 mysteriorum.
1306 1983 1495 2037 Nullus
1543 1982 1685 2036 enim
1729 1995 1834 2034 non
1883 1979 2190 2048 baptizatus

2304 1965 2388 2063 ri;
2415 1965 2725 2071 etp-pmori};
2749 1965 2839 2048 διά
2862 1994 2956 2048 τοῦ
2988 1965 3387 2064 βαπτίσματος,
3408 1991 3470 2042 οὐ
3503 1965 3697 2058 θρέιίει
3727 1988 3874 2057 ἡμᾶς

619 2081 1004 2138 communicat.
1033 2077 1154 2132 Jam
1195 2076 1433 2146 quinque
1474 2072 1642 2128 millia
1669 2071 1886 2143 signant
1915 2085 2011 2124 eos
2053 2083 2191 2138 quo-

619 2189 738 2228 rum
771 2172 1010 2242 quinque
1044 2183 1241 2226 sensus
1274 2167 1413 2221 male
1448 2165 1626 2221 οπεοιὶ
1666 2171 1844 2228 erant,
1886 2174 1939 2218 et
1978 2161 2071 2231 qui
2095 2175 2189 2230 per

629 2266 867 2335 quinque
913 2277 1078 2333 panes
1121 2270 1405 2315 curantur.
1451 2259 1742 2314 Enimvero
1781 2255 1908 2324 quia
1951 2253 2189 2322 quinque

620 2372 818 2416 sensus
842 2356 1281 2418 intirmubantur,
1313 2360 1444 2421 quot
1483 2351 1649 2420 plaga:
1689 2358 1872 2411 erant,
1917 2355 1995 2399 tot
2034 2353 2189 2398 erant

619 2462 672 2508 et
692 2451 1004 2521 emplastra.
1030 2449 1141 2504 Duo
1163 2463 1292 2502 vero
1314 2448 1512 2522 pisces,
1533 2444 1859 2515 piscatorum
1885 2451 2187 2497 sermones.

623 2543 773 2600 Unus
803 2544 989 2613 piscis,
1037 2540 1427 2609 Evangelium;
1481 2539 1618 2591 alius
1652 2535 1836 2605 piscis,
1877 2532 2186 2602 Apostolus.

623 2635 852 2705 Quidam
882 2636 1122 2704 quinque
1171 2647 1359 2703 panes,
1395 2630 1638 2699 quinque
1668 2628 1832 2682 libros
1881 2625 2081 2694 Moysis
2116 2623 2193 2677 in-

624 2725 972 2789 tellexerunt,
1006 2723 1283 2785 Genesim,
1320 2718 1587 2782 Exodum,
1622 2715 1946 2777 beviticum,
1989 2713 2190 2767 Nume-

623 2832 736 2880 ros,
766 2814 1263 2872 Deuteronomium.
1290 2809 1582 2864 Duodecim
1616 2817 1796 2862 autem
1841 2805 2055 2874 cophini
2081 2806 2195 2858 lue-

615 2916 750 2963 runt
780 2906 976 2961 sublati
1021 2907 1088 2958 ab
1137 2901 1416 2974 apostolis,
1465 2910 1521 2954 et
1568 2898 1788 2968 portati.
1847 2898 2194 2963 Quacunque

619 3001 769 3063 enim
801 2999 900 3054 nos
936 2997 1105 3051 turba:
1142 2998 1444 3059 comedere,
1485 2992 1585 3046 hoc
1613 2999 1716 3057 est,
1758 2989 2058 3055 intelligere
2086 3002 2190 3040 nou

624 3092 930 3163 potuimus,
993 3103 1180 3144 eorum
1241 3085 1466 3155 apostoli
1523 3097 1752 3153 capaces
1801 3089 2084 3151 portarunt
2140 3089 2195 3133 et

623 3185 951 3238 diviserunt.
981 3179 1187 3234 Praeter
1219 3177 1480 3232 mulieres
1513 3189 1577 3229 ac
1619 3172 1875 3244 parvulos
1910 3188 1924 3224 :
1963 3171 2194 3240 exigitur

2292 2096 2358 2164 τῇ
2394 2092 2678 2162 μεταδόσει
2710 2089 2818 2142 τῶν
2860 2087 3146 2158 ἀχράντων
3177 2083 3515 2156 μυστηρίων.
3551 2082 3747 2144 Οὐδεὶς
3768 2080 3874 2150 γὰρ

2293 2185 2628 2244 ἀϐάπτιστος
2657 2177 3089 2250 μεταλαμϐάνει.
3121 2175 3560 2245 Πεντακισχίλιοι
3592 2173 3671 2239 δὲ,
3704 2174 3753 2225 οί
3778 2171 3874 2232 τάς

2294 2279 2456 2329 πέντε
2493 2263 2780 2343 αἰσθήσεις
2813 2270 2999 2333 κακῶς
3034 2269 3391 2338 διακείμενοι,
3421 2264 3470 2318 οἳ
3504 2267 3598 2317 καὶ
3643 2265 3735 2318 διὰ
3765 2263 3872 2317 τῶν

2294 2367 2454 2419 πέντε
2484 2365 2665 2436 ἀρτων
2682 2362 3099 2435 θεραπεύονται.
3147 2357 3303 2411 Ἐπεὶ
3332 2357 3442 2426 γὰρ
3469 2359 3524 2409 αἱ
3555 2355 3723 2408 πέντε
3752 2357 3871 2419 uie-

2295 2459 2482 2530 θήσεις
2516 2458 2760 2521 ἐνόσουν,
2805 2457 2926 2508 ὅσαι
2981 2454 3039 2506 ai
3093 2452 3320 2522 πληγαὶ,
3362 2449 3628 2504 τοσαῦται
3689 2449 3784 2502 καὶ
3819 2449 3872 2501 ui

2295 2552 2658 2620 ἔμπλαστροι.
2706 2549 2810 2600 Δύο
2857 2548 2913 2600 δὲ
2957 2545 3161 2614 ίχθύες,
3200 2545 3249 2597 oi
3292 2544 3400 2596 τῶν
3455 2543 3651 2596 ἀλιέων
3703 2540 3873 2608 λόγοι.

2296 2638 2390 2705 Εἷς
2421 2643 2572 2712 ίχθὺς
2597 2641 2656 2694 τὸ
2686 2639 3043 2709 Εὐαγγέλιον,
3075 2639 3261 2708 ἕτερος
3285 2635 3436 2705 ἰχθὺς
3461 2636 3488 2687 ό
3526 2633 3874 2696 Ἀπόστολος.

2296 2737 2452 2798 Τινὲς
2483 2737 2538 2788 δὲ
2583 2736 2746 2786 πέντε
2775 2733 2992 2803 ἀρτους,
3029 2731 3125 2799 τὴν
3168 2731 3539 2795 [Ιεντάτευχον
3576 2725 3672 2779 τοῦ
3738 2727 3875 2780 Μω-

2298 2829 2434 2891 σέως
2470 2828 2717 2896 ἐνόησαν,
2772 2825 3015 2884 Γένεσιν,
3057 2822 3300 2885 Ἐξοδον,
3339 2818 3648 2883 Λευιτικὸν,
3694 2818 3880 2888 Ἀριθ-

2298 2920 2452 2989 μοὺς,
2505 2917 2945 2988 Δευτερονόμιον.
3006 2915 3226 2966 Δώδεκα
3256 2913 3313 2966 δὲ
3382 2912 3598 2981 κόφινοι
3641 2906 3786 2983 ἦσαν
3831 2913 3882 2963 cl

2297 3012 2555 3082 ἀρθέντες
2615 3011 2720 3065 ὑπὸ
2776 3010 2884 3062 τῶν
2935 3008 3253 3062 ἀποστόλων
3309 3007 3403 3060 καὶ
3447 3005 3876 3076 βασταχθέντες.

2298 3105 2442 3158 Ὅσα
2469 3105 2579 3173 γὰρ
2611 3103 2772 3174 ἡμεῖς
2801 3103 2848 3154 oi
2879 3101 3047 3171 ὀχλοι,
3079 3102 3140 3153 οὐ
3161 3097 3440 3168 δυνάμεθα
3469 3099 3692 3166 φαγεῖν,
3719 3114 3883 3150 τουτ-

2296 3198 2437 3262 έστι,
2498 3197 2712 3262 νοῆσαι,
2763 3194 2938 3249 ταῦτα
2996 3195 3045 3247 oi
3090 3192 3379 3249 ἀπόστολοι
3426 3191 3743 3244 ὲὸἀστασαν
3791 3191 3890 3243 καὶ

618 3273 768 3328 enim
800 3286 829 3325 a
855 3259 1167 3326 Christiano
1195 3282 1261 3324 ne
1285 3269 1416 3339 quid
1449 3266 1656 3336 puerile
1686 3265 1767 3318 vel
1806 3263 2062 3318 muliebre
2085 3276 2194 3332 prae

2304 3259 2607 3359 ἐχώρησαν..
2645 3259 2829 3356 Χωρὶς
2860 3286 2916 3340 δὲ
2963 3285 3241 3354 γυναικῶν
3283 3284 3378 3337 καὶ
3421 3283 3676 3346 παιδίων,
3728 3283 3888 3336 οὐδὲν

624 3381 683 3422 se
710 3364 868 3421 ferat.

697 3548 860 3604 Vsus.
881 3547 971 3602 τε.
995 3565 1013 3598 ι
1054 3543 1119 3601 Et
1150 3544 1331 3599 statim
1359 3544 1533 3614 coegit
1563 3541 1717 3597 Jcsus
1750 3540 2038 3611 discipulos
2067 3554 2194 3596 suos

627 3646 829 3698 intrare
863 3642 915 3695 in
943 3640 1141 3703 navim,
1165 3647 1216 3694 et
1269 3638 1572 3707 praecedere
1601 3650 1659 3689 se
1689 3637 1739 3688 in
1779 3635 2087 3688 ulteriorem
2115 3633 2196 3687 ‘ri-

628 3750 773 3806 pam,
824 3737 994 3817 donec
1053 3732 1344 3787 dimisisset
1407 3729 1611 3783 turbas.
1665 3747 1682 3779 ι
1744 3728 1810 3784 Ut
1866 3727 2198 3797 signiﬁcaret

627 3840 790 3897 quatn
842 3823 1095 3880 indivulsi
1151 3831 1336 3879 essent
1383 3837 1413 3876 a
1471 3822 1698 3876 Domino
1746 3818 2197 3888 discipuli,dixit,

627 3919 837 3988 Coegit,
875 3930 1088 3984 semper
1129 3916 1273 3979 enim
1323 3915 1372 3968 ei
1425 3913 1612 3968 adesse
1650 3912 1922 3966 Volebam.
1968 3912 2202 3966 Dimittit

630 4018 809 4061 autem
861 4015 916 4060 et
949 4006 1156 4069 turbas,
1183 4004 1368 4058 uolens
1410 4005 1554 4071 ipsas
1604 4003 1882 4072 subsequi,
1923 4016 1990 4057 ne
2043 4017 2196 4056 arro-

629 4100 821 4169 gantia:
851 4096 1124 4153 studiosus
1169 4096 1458 4150 videretur.

704 4283 979 4346 \‘sns.23,
1008 4282 1097 4336 24.
1129 4299 1147 4334 t
1210 4281 1275 4336 Et
1324 4283 1561 4337 dimissis
1609 4284 1801 4347 turbis,
1846 4287 2088 4342 ascendit
2147 4289 2199 4342 in

630 4384 869 4428 montem
901 4373 966 4426 ad
997 4373 1258 4426 orandum
1288 4385 1553 4428 seorsum.
1577 4371 1709 4427 Cum
1742 4383 1919 4428 autem
1952 4374 2201 4431 advenis-

632 4474 714 4518 set
758 4476 1003 4532 vespera,
1029 4459 1178 4516 solus
1211 4469 1329 4514 erat
1357 4459 1484 4514 illic.
1511 4458 1774 4514 Caeterum
1809 4461 1961 4514 navis
1987 4461 2095 4528 jam
2144 4461 2198 4514 in

634 4555 807 4609 medio
840 4554 1001 4608 maris
1035 4561 1174 4618 erat,
1215 4561 1267 4605 et
1312 4549 1668 4606 aﬂlictabatur
1700 4566 1730 4606 a
1761 4551 2009 4609 ﬂuctibus
2035 4573 2048 4608 :
2077 4570 2197 4608 nam

2302 3383 2409 3451 γὰρ
2442 3382 2707 3454 νηπιῶδες
2733 3382 2765 3452 ἢ
2797 3381 3112 3448 γυναικεῖον
3144 3379 3234 3432 καὶ
3263 3376 3524 3447 ἄνανδρον
3551 3379 3882 3432 ἀπαιτεῖτιι

2300 3475 2328 3525 ό
2358 3474 2686 3544 Χριστιανὸς
2717 3474 2886 3544 ἔχειν.

2377 3585 2393 3615 ε
2434 3567 2541 3619 Καὶ
2572 3566 2772 3628 εὐθέως
2809 3566 3174 3634 ἡνάγκασενό
3214 3563 3423 3635 Ἰησοῦς
3461 3563 3590 3626 τοὺς
3633 3563 3889 3634 μαθητὰς

2301 3656 2466 3710 αὐτοῦ
2503 3657 2736 3727 ιμὸῆναι
2769 3657 2846 3721 εἰς
2899 3657 2959 3709 τδ
3006 3657 3213 3719 πλοῖον,
3256 3657 3360 3709 καὶ
3393 3654 3660 3726 προάγειν
3721 3655 3886 3710 αὐτὸν

2302 3749 2379 3811 είς
2419 3748 2479 3802 τὸ
2512 3749 2706 3816 πέραν,
2747 3747 2851 3810 ἕως
2897 3740 2958 3801 οὗ
3004 3746 3256 3818 ἀπολύσῃ
3311 3747 3438 3808 τοὺς
3492 3746 3710 3815 δχλους.
3755 3767 3776 3799 s
3819 3747 3894 3798 Τὸ

2302 3839 2756 3891 δυσαπόσπαστον
2783 3838 3158 3907 αἰνιττόμενος
3197 3837 3306 3890 τῶν
3357 3835 3641 3906 μαθητῶν,
3675 3833 3800 3890 εἷπε
3833 3839 3892 3889 τὸ

2316 3932 2676 3997 Ἠνάγκασεν,
2705 3929 2896 4000 ἧθελον
2920 3930 3028 4001 γὰρ
3046 3931 3132 3984 ἀεὶ
3154 3930 3302 3995 αύτῷ
3328 3932 3586 3984 συνεῖναι.
3629 3930 3892 3984 ’Δπολύει

2302 4023 2356 4076 δὲ
2387 4025 2511 4086 τοὺς
2539 4023 2749 4094 δχλους,
2797 4025 2859 4077 ού
2911 4023 3082 4078 θόλων
3114 4022 3473 4095 δπισύρεσθαι
3533 4023 3762 4087 αὐτοὺς,
3804 4025 3890 4077 ἵνα

2307 4116 2380 4186 μὴ
2406 4116 2531 4188 δόξῃ
2560 4116 2915 4185 φιλόκομπος.

2385 4314 2402 4345 r
2448 4297 2556 4348 Καὶ
2588 4295 2865 4354 ἀπολύσας
2905 4297 3035 4359 τοὺς
3068 4297 3281 4368 ὔχλους,
3338 4297 3509 4369 ἀνέϐη
3544 4303 3628 4362 είς
3657 4299 3720 4352 τὸ
3770 4299 3898 4371 δρος

2305 4388 2425 4440 κατ’
2464 4387 2598 4439 ίδίαν
2632 4386 3060 4456 προσεύξασθαν
3092 4388 3250 4458 ὀψίας
3280 4388 3336 4442 δὲ
3364 4391 3691 4462 γενομένης,
3729 4393 3900 4462 μόνος

2303 4469 2372 4545 ἦν
2411 4475 2552 4526 ἐκεῖ·
2582 4475 2643 4526 τὸ
2680 4475 2735 4526 δὲ
2783 4475 2964 4528 πλοῖον
2996 4477 3097 4547 ἠδη
3160 4479 3325 4547 μέσον
3356 4479 3456 4549 τῆς
3492 4479 3773 4552 θαλάσσης
3805 4477 3897 4554 ἦν,

2309 4566 2730 4638 βασανιζόμενον
2769 4568 2872 4621 ὑπὸ
2900 4569 3008 4623 τῶν
3033 4572 3321 4640 κυμάτων,
3369 4567 3436 4644 ἦν
3486 4573 3598 4643 γὰρ
3647 4575 3902 4637 ἐναντίος

638 4657 826 4702 ventus
885 4655 1002 4700 erat
1058 4645 1336 4700 adversus.
1397 4664 1414 4696 ι
1471 4643 1772 4700 Ostendens
1845 4647 1997 4701 nobis
2057 4647 2194 4716 quod

2305 4662 2332 4712 ό
2364 4660 2584 4730 ἀνεμος.
2627 4680 2644 4710 ι
2698 4661 2973 4715 Δεικνύων
3019 4665 3155 4734 ἡμῖν
3208 4664 3289 4718 ὅτι
3325 4643 3406 4718 δεῖ
3455 4663 3904 4735 ἀπερισπάστως

634 4746 874 4808 oporteat
942 4738 1148 4806 absque
1215 4736 1565 4790 distractione
1625 4737 1816 4792 mentis
1875 4740 2104 4806 precari,
2151 4740 2202 4792 in

639 4841 869 4885 montem
903 4829 1144 4882 ascendit
1177 4845 1193 4881 :
1223 4828 1400 4882 omnia
1451 4827 1596 4882 enim
1646 4837 1862 4898 propter
1909 4845 2006 4884 nos
2051 4827 2203 4895 facit,

637 4936 807 4992 neque
845 4920 987 4975 enim
1027 4920 1138 4987 ipse
1197 4917 1444 4986 precibus
1497 4933 1632 4988 opus
1686 4919 1867 4976 habet.
1911 4917 2090 4990 Usque
2140 4922 2205 4974 ad

639 5024 913 5081 \esperam
968 5018 1144 5062 autem
1204 5018 1478 5078 precatur,
1525 5010 1722 5063 docens
1771 5011 1914 5078 quod
1958 5024 2055 5064 nos
2101 5023 2205 5062 non

637 5102 816 5157 statim
853 5101 920 5154 ab
963 5100 1301 5156 orationibus
1343 5099 1619 5156 discedere
1667 5101 1980 5166 debeamus,
2023 5102 2114 5156 sed
2154 5114 2206 5154 et

641 5203 796 5250 nocte
848 5193 1182 5266 potissimum
1242 5194 1347 5248 illis
1401 5207 1612 5257 vacare,
1659 5203 1786 5249 tunc
1838 5196 1981 5248 enim
2037 5196 2208 5263 major

641 5285 813 5351 quies.
871 5282 1139 5337 Permittit
1193 5292 1372 5336 autem
1422 5282 1718 5351 discipulos
1761 5284 1812 5336 in
1865 5293 2204 5352 tempestate,

641 5391 750 5445 quo
811 5375 1022 5430 discant
1087 5375 1413 5430 tentationes
1470 5374 1613 5430 ferre
1665 5375 1896 5442 fortiter,
1948 5393 2206 5446 suamque

643 5481 938 5538 agitoscant
974 5470 1243 5523 virtutem.
1286 5467 1343 5522 ln
1395 5468 1570 5524 medio
1617 5481 1796 5523 autem
1853 5470 2019 5525 maris
2060 5471 2209 5525 navi-

643 5565 812 5632 giutu,
835 5561 1011 5631 signat
1038 5563 1292 5631 majorem
1325 5576 1446 5618 esse
1487 5563 1754 5618 timorem.

716 5652 880 5708 Vsus.
901 5653 1089 5708 25.27.
1121 5673 1138 5706 ι
1162 5654 1362 5721 Quarta
1387 5665 1562 5711 autem
1596 5659 1956 5729 nuclisvigilia
1977 5660 2109 5715 abiit
2141 5663 2206 5715 ad

646 5748 762 5801 illos
790 5745 1274 5811 Jesus,;rnbulaus
1306 5763 1465 5818 super
1505 5765 1675 5815 mare,
1703 5759 1754 5805 et
1807 5753 1895 5807 ubi
1948 5753 2207 5809 vidissent

646 5853 767 5890 eum
823 5839 1070 5909 discipuli
1127 5852 1288 5909 super
1347 5856 1497 5898 mare
1555 5844 1944 5914 ambulantem,
2010 5849 2207 5903 turbati

566 5925 573 5930 ’
642 5929 1399 6003 sant,diceutes:Spectrum
1450 5942 1636 6004 est,ac
1665 5951 1776 6010 pra:
1833 5949 1976 5996 metu
2025 5940 2207 5997 excla-

2315 4754 2732 4823 προσεύχεσθαι,
2767 4757 2847 4818 είς
2880 4756 2941 4808 τὸ
2974 4756 3098 4826 δρος
3125 4757 3436 4824 ἀναϐαίνει,
3469 4757 3651 4811 πάντα
3682 4760 3796 4831 γὰρ
3829 4760 3904 4813 δι’

2309 4844 2458 4909 ἡμᾶς
2495 4848 2656 4906 ποιεῖ,
2698 4846 2760 4898 οὐ
2795 4846 2904 4917 γάρ
2951 4848 3112 4910 αὐτὸς
3145 4849 3316 4902 ἐδεῖτο
3377 4851 3713 4922 προσευχῆς.
3750 4853 3904 4915 Ἕως

2310 4933 2366 4985 δὲ
2397 4933 2555 5001 ὀψίας
2606 4936 2843 5006 εὔχεται,
2893 4938 3160 4992 διδάσκων
3198 4943 3346 5010 ἡμᾶς
3383 4943 3458 5014 μὴ
3515 4942 3732 5013 ταχέως
3764 4945 3905 5015 ἀφίο

2312 5023 2542 5076 στασθαι
2580 5026 2677 5095 τῆς
2714 5028 3021 5099 προσευχῆς
3047 5047 3061 5061 ο
3096 5029 3232 5083 ἀλλὰ
3271 5033 3363 5085 καὶ
3395 5032 3494 5101 τῆς
3535 5035 3736 5097 νυκτὸς
3796 5035 3910 5105 μά-

2311 5116 2469 5170 λιστα
2487 5117 2646 5171 τοῦτο
2677 5121 2869 5185 ποιεῖν,
2909 5124 3028 5173 τότε
3066 5125 3175 5193 γὰρ
3200 5124 3398 5194 ἡσυχία
3439 5125 3633 5196 πολλή.
3673 5126 3908 5198 Συγχω-

2313 5208 2399 5277 ρεῖ
2451 5208 2505 5261 δὲ
2539 5212 2664 5282 τοὺς
2712 5211 2960 5282 μαθητὰς
3009 5213 3465 5286 κλυδωνισθῆναι,
3522 5218 3608 5270 ῖνα
3679 5219 3908 5288 μάθωσι

2310 5301 2572 5366 γενναίως
2597 5304 2782 5373 φέρειν
2811 5306 2935 5368 τοὺς
2974 5310 3335 5378 πειρασμοὺς,
3369 5310 3463 5362 καὶ
3495 5311 3770 5379 ἔπιτνῶσι
3796 5314 3912 5383 τὴν

2312 5392 2475 5444 αὑτοῦ
2516 5394 2764 5463 δύναμιν.
2813 5397 2971 5452 Ἀλλά
3029 5401 3121 5452 καὶ
3170 5401 3335 5469 μέσον
3360 5401 3458 5472 τῆς
3501 5401 3786 5477 θαλάσσης
3835 5410 3910 5460 τὸ

2315 5483 2519 5548 πλοῖον,
2553 5487 2623 5548 ὡς
2660 5488 2882 5556 μείζονα
2923 5486 3059 5543 εἶναι
3093 5491 3182 5545 τὸν
3211 5494 3394 5560 φόὸον.

2390 5687 2406 5718 ι
2447 5669 2693 5740 Τετάρτῃ
2716 5670 2770 5724 δὲ
2801 5671 3015 5745 φυλακῇ
3041 5679 3139 5744 τῆς
3173 5678 3364 5741 νυκτὸς
3400 5679 3613 5750 ἀπῆλθε
3648 5685 3918 5754 πρδςαὺυ

2311 5761 2436 5824 τοὺς
2477 5764 2506 5815 ό
2552 5761 2761 5833 Ἰησοῦς
2798 5767 3120 5836 περιπατῶν
3153 5769 3245 5822 ἐπὶ
3289 5771 3386 5839 τῆς
3441 5771 3759 5846 θαλάσσηςο
3799 5781 3922 5834 καὶ

2318 5854 2517 5916 [δόντες
2543 5855 2708 5908 αὐτὸν
2739 5855 2789 5908 oi
2819 5857 3064 5929 μαθηταὶ
3085 5860 3180 5914 ἐπὶ
3200 5863 3298 5932 τὴν
3321 5862 3604 5920 θάλασσαν
3653 5885 3917 5942 περιπει-

2315 5946 2530 6014 τοῦντα,
2565 5948 2968 6022 ἐταράχθησαν,
3005 5949 3259 6022 λέγοντες
3301 5956 3380 6010 ὅτι
3409 5956 3718 6033 Φάντασμά
3757 5964 3916 6037 ἐστι,
