4030 6654
134 637 228 700 301

134 749 225 802 καὶ
270 745 379 800 ἀπὸ
433 743 526 798 τοῦ
573 743 739 812 φόϐου
787 743 1046 815 ἔκραξαν.
1099 745 1317 806 Εὐθέως
1351 743 1406 797 δὲ
1464 743 1721 815 ἐλάλησεν

1833 751 2118 799 tnaverunt
2150 759 2165 809 ;

133 841 316 902 αὐτοῖς
365 841 393 891 6
433 835 659 906 Ἰησοῦς,
701 836 914 905 λέγων·
958 837 1250 908 Θαρσεῖτε,
1283 835 1395 905 ἐγώ
1439 837 1579 906 είμι,
1641 837 1716 908 μὴ

135 931 404 1000 φοϐεῖσθε.
433 949 450 980 ι
485 930 600 982 Οὐκ
623 928 736 1000 (21)
755 928 959 993 εὐθέως
990 930 1172 993 αὐτοῖς
1198 930 1402 1000 ἐπέστη
1421 928 1598 983 λύσων
1627 927 1717 981 τὸν

134 1025 394 1097 χειμῶνα,
463 1024 738 1077 παιδεύων
794 1024 869 1094 μὴ
931 1023 1144 1094 ταχέως
1202 1022 1359 1076 λύσιν
1392 1025 1566 1076 αίτεῖν
1608 1022 1717 1076 τῶν

136 1114 450 1185 συμφορῶν,
481 1115 619 1170 ἀλλὰ
654 1114 843 1186 φέρειν
869 1114 1156 1182 γενναίως,
1188 1115 1323 1168 ἀλλὰ
1356 1115 1487 1182 περὶ
1515 1116 1716 1186 τετάρ-

131 1194 229 1278 την
261 1206 510 1276 φυλακήν
530 1224 544 1238 ·
567 1207 650 1270 είς
678 1207 916 1277 τέσσαρα
941 1207 1050 1278 γάρ
1080 1207 1374 1279 διαιρεῖται
1402 1206 1546 1277 ήνὺξ
1569 1206 1719 1279 παρὰ

130 1301 240 1362 τοῖς
307 1299 674 1368 φυλάσσουσιν
730 1299 795 1353 ἐκ
857 1300 1111 1370 διαδοχῆς
1169 1299 1556 1370 στρατιώταις,
1612 1298 1717 1354 ἀνά

129 1398 279 1466 τρεῖς
329 1396 478 1464 ὥρας
541 1395 774 1466 ἐχούσης
834 1397 1074 1466 ἑκάστης
1134 1398 1407 1466 φυλακῆς.
1470 1397 1530 1450 '0
1587 1395 1718 1465 γοῦν

132 1487 335 1558 Κύριος
369 1489 506 1557 μετά
535 1491 633 1556 τὴν
662 1490 892 1559 ἐννάτην
920 1489 1072 1559 ὤραν
1101 1490 1199 1560 τῆς
1225 1490 1440 1553 νυκτὸς,
1474 1501 1718 1562 περιπα-

129 1579 235 1632 τῶν
263 1579 450 1632 ἐπάνω
478 1578 572 1632 τοῦ
601 1578 818 1643 ὕδατος,
845 1579 922 1644 ὡς
951 1580 1102 1643 Θεὸς,
1140 1580 1368 1651 ἐπέστη.
1425 1581 1489 1634 Ol
1517 1581 1601 1644 δὲ,
1630 1581 1719 1636 διὰ

128 1670 190 1723 τὸ
232 1670 404 1739 ἄηθες
437 1671 530 1724 καὶ
554 1670 726 1736 ξένον,
758 1671 948 1738 ἔδοξαν
975 1673 1274 1741 φάντασμα
1303 1668 1468 1728 εῖναι.
1503 1673 1578 1727 Oti
1607 1672 1718 1745 γάρ

127 1761 236 1815 άπὸ
272 1762 370 1815 τοῦ
401 1762 575 1826 εῖδους
620 1761 928 1834 ἐγνώρισαν
977 1764 1162 1832 αὐτὸν,
1204 1765 1322 1836 ἅμα
1357 1766 1459 1836 μὲν
1498 1766 1594 1819 καὶ
1630 1765 1719 1820 διά

125 1855 232 1926 τὴν
284 1855 476 1920 νύκτα,
513 1854 630 1924 ἃμα
660 1855 715 1908 δὲ
748 1856 843 1909 καὶ
873 1856 960 1909 διὰ
986 1856 1076 1909 τὸν
1108 1857 1293 1926 φόϐον·
1324 1859 1353 1911 6
1401 1857 1479 1923 δὲ,
1535 1874 1716 1928 παραυ

127 1947 396 2020 θαρρύνει
430 1945 647 2017 πρῶτον
674 1947 894 2014 αὐτοὺς,
917 1948 1111 2017 λέγων·
1155 1948 1297 2016 Ἐγώ
1318 1950 1454 2020 ειμι,
1486 1951 1514 2002 6
1542 1950 1718 2003 πάντα

125 2043 455 2110 δυνάμενος,
484 2039 758 2111 θαρσεῖτε.

802 635 1247 695 ENARRATIO
1293 633 1373 694 ΙΝ
1415 633 1715 694 EVANGE

1832 634 1925 696 1M
1966 632 2357 694 ΜΑΤΤΗΑΞΙ.
2401 654 2469 668 ·-·-
2513 633 2671 694 CAP.
2711 633 2865 694 XIV.

3318 633 3426 699 302

2251 743 2345 798 sed
2395 742 2579 798 statim
2639 741 2854 798 locutus
2926 750 3009 797 est
3091 741 3198 799 illis
3265 743 3426 802 Jesus

1826 835 2016 892 dicens
2048 853 2062 890 :
2088 833 2286 899 Fidite,
2316 850 2418 906 ego
2451 851 2593 901 sum,
2630 849 2700 890 ne
2723 834 3061 891 tcrreamini.
3093 855 3111 889 ι
3147 836 3264 892 Non
3311 849 3427 893 sta-

1830 930 1924 984 tim
1957 929 2128 983 astitit
2161 928 2241 984 eis
2283 938 2340 982 ut
2386 936 2767 998 tempestatem
2800 930 3038 992 sedaret,
3078 931 3280 986 docens
3316 945 3426 987 non

1827 1024 1937 1078 cito
1967 1025 2252 1091 petendam
2287 1023 2678 1078 adversitatum
2729 1020 3079 1088 solutionem,
3106 1022 3203 1078 sed
3236 1021 3424 1078 ferenv

1827 1117 1924 1172 das
1952 1116 2168 1173 fortiter
2196 1135 2211 1175 :
2239 1126 2293 1170 at
2323 1116 2468 1170 circa
2507 1125 2760 1185 quartam
2793 1114 3057 1186 vigiliam.
3095 1116 3155 1170 In
3189 1126 3427 1186 quatuor

1830 1209 1942 1280 76
1982 1218 2168 1278 partes
2212 1216 2426 1262 noctem
2470 1207 2718 1260 dividunt
2750 1209 3008 1261 custodes
3033 1205 3190 1277 juxta
3222 1206 3426 1260 milita-

1830 1317 1944 1357 rem
2001 1300 2369 1370 disciplinam,
2434 1298 2663 1370 singulis
2720 1314 2816 1369 per
2879 1307 2989 1354 tres
3043 1298 3208 1353 horas
3265 1312 3422 1354 suam

1826 1393 2176 1449 servantibus
2217 1391 2832 1448 custodiam.Dominus
2865 1398 3044 1446 autem
3072 1401 3194 1462 post
3218 1406 3421 1447 nonam

1827 1487 2018 1543 horam
2077 1487 2250 1542 noctis
2309 1485 2597 1540 ambulans
2678 1498 2842 1553 supra
2898 1498 3119 1553 aquam,
3161 1495 3420 1555 tanquam

1827 1582 1993 1648 Deus,
2025 1579 2328 1636 astitit.ll|i
2361 1589 2540 1634 autem
2580 1591 2692 1632 rem
2746 1585 2855 1632 tam
2907 1593 3086 1631 raram
3144 1592 3208 1630 ac
3232 1575 3423 1631 insoli-

1829 1683 1936 1728 tam
2004 1681 2338 1744 spectantes,
2394 1671 2654 1740 putabant
2714 1679 2992 1739 spectrum
3049 1683 3190 1724 esse.
3235 1668 3423 1738 Neque

1827 1767 1970 1820 enim
2032 1781 2060 1819 a
2114 1764 2297 1834 specie
2375 1765 2550 1835 ipsum
2592 1762 3015 1833 cognoscebant,
3060 1760 3258 1830 partim
3299 1776 3423 1828 pro-

1826 1868 1947 1930 pter
1972 1867 2210 1925 noctem,
2234 1857 2434 1928 partim
2467 1866 2691 1927 propter
2722 1864 2947 1911 metum.
2973 1854 3066 1909 llle
3091 1865 3271 1908 autem
3303 1853 3421 1908 ani-

1832 1966 1990 2005 mans
2022 1949 2143 2004 illos
2179 1949 2412 2020 primum
2448 1947 2580 2004 dixit
2605 1966 2618 2002 ι
2641 1944 2752 2019 Ego
2787 1962 2930 2015 sum,
2955 1948 3048 2018 qui
3083 1946 3266 2002 omnia
3295 1959 3423 2016 pos-

1826 2058 1945 2098 sum
1974 2060 1987 2096 :
2017 2042 2184 2097 ﬁdite.

204 2149 224 2182 ε
282 2131 706 2204 ’Δποκριθεὶςδὲ
742 2134 890 2205 αύτῷ
923 2136 950 2188 6
981 2136 1188 2207 Πέτρος
1221 2131 1346 2188 εἷπε
1369 2150 1384 2165 ⁸
1436 2136 1632 2208 Κύριε,
1669 2138 1719 2191 sl

1901 2136 2068 2192 Vsus.
2090 2136 2181 2191 28.
2217 2153 2236 2188 ι
2292 2134 2650 2205 Respondens
2674 2143 2854 2189 autem
2886 2133 2960 2188 illi
2997 2131 3193 2189 Petrus
3231 2132 3368 2188 dixit
3403 2151 3416 2186 :

126 2225 192 2277 ei:
219 2221 292 2287 εί,
354 2225 612 2279 κέλευσόν
660 2243 728 2296 με
761 2227 895 2298 πρὸς
951 2228 1009 2280 σέ
1049 2228 1224 2283 ἐλθεῖν
1255 2230 1348 2283 ἐπὶ
1381 2230 1450 2283 τά
1480 2229 1666 2286 ὕδατα.
1694 2247 1712 2282 ι

123 2316 475 2388 Θερμότατος
503 2315 580 2371 ὢν
605 2320 633 2371 6
657 2320 863 2388 Πέτρος
892 2322 993 2392 τὴν
1027 2324 1167 2392 πρδις
1194 2322 1432 2393 Χριστὸν
1469 2323 1716 2395 ἀγάπην,

123 2411 394 2483 ἐπιθυμεῖ
421 2413 631 2482 ταχέως
665 2414 832 2482 ἐγγὺς
859 2416 1025 2469 αὑτοῦ
1051 2417 1307 2484 γενέσθαι
1338 2416 1436 2471 καὶ
1468 2419 1576 2490 πρὸ
1608 2417 1722 2472 τῶν

122 2501 329 2556 ἄλλων.
380 2502 636 2557 Πιστεύει
688 2505 744 2558 δὲ
780 2505 914 2560 ὄτιὸ
977 2507 1186 2578 Ἰησοῦς
1229 2509 1289 2561 ού
1338 2509 1501 2580 μόνον
1557 2510 1720 2574 αὐτὸς

123 2597 428 2665 περιπατεῖ
472 2595 565 2648 ἐπὶ
598 2596 708 2649 τῶν
747 2596 983 2664 ὑδάτων,
1045 2598 1183 2654 άλλά
1239 2601 1336 2654 καὶ
1377 2600 1526 2672 αύτῷ
1559 2599 1720 2655 τοῦτο

123 2685 317 2740 δώσει’
341 2689 445 2742 οὐκ
469 2683 591 2742 εἷπε
622 2689 701 2755 δὲ,
727 2690 1001 2745 Κέλευσόν
1039 2709 1106 2761 με
1138 2691 1380 2763 βαδίσαι,
1406 2694 1544 2752 ἀλλὰ
1573 2693 1718 2766 Πρὸς

125 2780 188 2832 σὲ
223 2779 423 2835 ἐλθεῖν.
458 2782 531 2835 Τὸ
560 2781 660 2852 μὲν
694 2784 803 2856 γὰρ
843 2783 1159 2851 ἐπιδείξεως
1194 2780 1296 2856 ἦν’
1326 2787 1388 2841 τὸ
1415 2787 1472 2840 δέ
1498 2787 1719 2858 ἀγάπης

120 2869 228 2940 τῆς
256 2871 395 2942 πρὸς
423 2872 677 2942 Χριστόν.

209 2984 231 3017 ε
279 2967 338 3019 '0
369 2966 424 3019 δέ
456 2962 629 3020 εἶπεν⁸
650 2966 829 3022 Ἐλθέ.
855 2969 966 3022 Καὶ
1000 2968 1244 3034 καταϐάς
1270 2968 1380 3024 άπὸ
1409 2969 1502 3024 τοῦ
1533 2968 1718 3023 πλοίου

119 3058 151 3111 6
195 3058 427 3129 Πέτρος,
461 3059 790 3129 περιεπάτει
815 3060 908 3113 ἐπὶ
927 3059 994 3114 τά
1025 3059 1217 3127 ὕδατα,
1245 3060 1425 3114 ἐλθεῖν
1452 3060 1586 3131 πρὸς
1626 3061 1720 3116 τὸν

137 3147 359 3220 Ἰησοῦν
382 3167 395 3180 ·
431 3149 643 3220 βλέπων
680 3151 737 3204 δὲ
771 3150 863 3205 τὸν
909 3153 1112 3222 άνεμον
1161 3152 1402 3222 ἰσχυρὸν,
1442 3151 1712 3224 ἐφοϐήθη,

122 3244 229 3295 καὶ
287 3242 598 3314 ἀρξάμενος
645 3244 1168 3309 καταποντίζεσθαι,
1228 3244 1451 3314 ἐκραξε,
1499 3245 1718 3314 λέγων·

125 3335 335 3408 Κύριε,
367 3337 540 3392 σῶσόν
573 3356 662 3409 με.
704 3358 722 3390 ι
770 3339 1128 3410 ’Υπέστρωσε
1156 3336 1236 3408 τῷ
1266 3339 1462 3409 Πέτρῳ
1491 3337 1591 3410 τὴν
1622 3339 1721 3393 θά-

121 3428 345 3482 λασσαν
380 3430 408 3482 6
431 3429 658 3501 Κύριος,
690 3430 907 3494 δεικνὺς
933 3431 1029 3500 τὴν
1054 3429 1249 3486 ἑαυτοῦ
1274 3429 1542 3500 δύναμιν.
1576 3431 1720 3500 Ὅρα

120 3517 185 3571 δὲ
226 3519 350 3578 πῶς
387 3519 482 3572 τοῦ
515 3519 762 3590 μείζονος
813 3522 1240 3592 περιγενόμενος
1293 3524 1322 3577 6
1351 3522 1582 3592 Πέτρος,
1624 3522 1722 3592 τῆς

120 3609 419 3680 Θαλάσσης
468 3611 631 3680 λέγω,
670 3612 762 3667 τὸν
812 3613 1014 3682 ἄνεμον
1048 3614 1315 3685 ἐφοϐήθη,
1361 3615 1532 3678 οὔτως
1573 3613 1723 3667 ἐστὶν

118 3700 377 3771 ἀσθενὴς
409 3703 440 3772 ἡ
471 3701 791 3774 ἀνθρωπίνη
824 3703 987 3772 φύσις
1019 3717 1030 3731 ·
1080 3705 1176 3756 καὶ
1229 3705 1430 3759 αὐτίκα
1474 3705 1564 3758 ὅτε
1597 3704 1724 3773 tepo-

117 3793 305 3864 ϐήθη,
347 3793 469 3846 τότε
497 3794 709 3866 ήρξατο
735 3794 1228 3861 καταποντίζεσθαι
1249 3813 1263 3829 ο
1301 3796 1389 3850 ὅτε
1421 3797 1531 3866 γὰρ
1556 3796 1725 3866 ἠσθέ·

115 3887 360 3956 νησενὴ
393 3886 596 3950 πίστις,
627 3886 743 3939 τότε
794 3886 1073 3956 βυθίζεται
1105 3888 1134 3940 6
1179 3887 1406 3959 Πέτρος.
1444 3887 1616 3942 Τοῦτο
1665 3889 1724 3942 δέ

114 3977 226 4030 καὶ
273 3974 442 4030 αὑτὸν
465 3976 695 4047 ἐποίησε
741 3979 818 4048 μὴ
851 3978 1283 4049 ὑψηλοφρονεῖν,
1341 3984 1436 4034 καὶ
1467 3982 1596 4044 τοὺς
1629 3981 1725 4036 άλ-

113 4068 261 4132 λους
299 4066 552 4138 μαθητάς
579 4069 1055 4139 παρεμυθήσατο.
1077 4072 1239 4136 ἰσως
1266 4072 1376 4142 γάρ
1405 4073 1718 4146 ἐφθόνησαν

113 4159 295 4230 αὐτῷ
317 4177 332 4191 ο
362 4158 497 4213 άλλά
536 4164 629 4213 καὶ
674 4161 842 4215 πόσον
891 4161 1156 4234 ὑπερέχει
1182 4165 1211 4216 6
1261 4164 1495 4234 Χριστὸς
1531 4165 1720 4230 αὑτοῦ,

109 4252 367 4317 ἔδειξεν.

206 4365 227 4396 ε
288 4342 508 4406 Εὐθέως
539 4343 596 4397 δέ
626 4343 654 4398 6
692 4345 902 4416 Ἰησοῦς
937 4347 1189 4426 ἐκτείνας
1216 4345 1314 4417 τὴν
1368 4348 1552 4417 χεῖρα,
1603 4354 1728 4400 ἐπε·

107 4435 338 4490 λάϐετο
363 4435 550 4498 αὑτοῦ,
591 4437 688 4490 καὶ⁵
723 4437 876 4506 λέγει
927 4439 1108 4510 αὐτῷ’
1152 4438 1520 4508 Ὀλιγόπιστε,
1565 4441 1646 4506 είς
1671 4442 1726 4495 τί

108 4531 435 4593 ἐδίστασας
460 4546 474 4595 ;
509 4529 618 4586 Καὶ
650 4530 939 4601 ἐμϐάντων
965 4532 1146 4586 αὐτῶν
1170 4533 1248 4596 είς
1277 4533 1338 4585 τὸ
1371 4533 1574 4599 πλοῖον,
1601 4537 1724 4589 ἐκό-

109 4637 322 4676 πασεν
349 4620 378 4673 6
404 4621 604 4692 ἄνεμος
628 4638 644 4656 ο
674 4623 724 4674 oi
748 4620 805 4675 δὲ
837 4623 894 4675 ἐν
923 4622 1001 4694 τῷ
1025 4623 1215 4695 πλοίῳ,
1249 4625 1496 4689 ἐλθόντες
1526 4644 1723 4699 προσεο

104 4715 388 4785 κύνησαν
416 4713 588 4785 αύτῷ,
622 4714 873 4782 λέγοντες
897 4731 914 4748 ⁸
942 4716 1187 4787 Ἀληθῶς
1225 4717 1362 4772 Θεοῦ
1407 4718 1536 4783 Υἱὸς
1593 4715 1660 4774 εί.
1701 4739 1718 4771 ι

1829 2231 2079 2294 Domine,
2131 2230 2177 2284 si
2210 2238 2262 2284 tu
2311 2228 2596 2300 es,jubeto
2649 2243 2736 2282 tne
2787 2229 2972 2283 venire
3029 2227 3096 2283 ad
3149 2236 3202 2282 te
3255 2241 3422 2297 super

1828 2339 2018 2395 aquas.
2056 2341 2074 2374 ι
2108 2321 2532 2379 Ferventissima
2569 2319 2717 2375 Petri
2753 2334 2882 2389 erga
2912 2316 3192 2374 Christum
3232 2317 3421 2373 chari—

1831 2426 1913 2470 tas
1937 2423 2054 2468 erat
2080 2431 2092 2468 :
2122 2411 2468 2469 desiderabat
2493 2409 2640 2465 enim
2673 2409 2859 2464 statim
2889 2421 3059 2476 prope
3089 2405 3241 2462 illum
3274 2419 3416 2472 esse,

1827 2516 1882 2562 ct
1922 2521 2043 2576 pra:-
2069 2506 2211 2560 aliis.
2231 2504 2476 2560 Credidit
2506 2510 2690 2557 autem
2726 2499 2870 2570 quod
2907 2498 3064 2554 Jesus
3098 2513 3204 2553 non
3239 2497 3416 2552 solum

1830 2597 1946 2666 ipse
1962 2595 2265 2651 ambularet
2292 2607 2460 2664 super
2499 2605 2692 2660 aquas,
2712 2591 2805 2646 sed
2826 2597 2880 2645 et
2897 2589 2998 2644 sibi
3019 2588 3247 2644 daturus
3273 2594 3422 2644 esset

1829 2691 1952 2746 hoc.
1975 2689 2091 2745 Non
2112 2688 2249 2745 dixit
2279 2697 2484 2753 autem,
2509 2685 2648 2740 Jube
2676 2700 2762 2739 me
2784 2684 3090 2747 ambulare,
3114 2684 3233 2746 sed,
3260 2682 3342 2736 Ad
3369 2689 3422 2736 te

1828 2783 1930 2838 ire.
1955 2781 2089 2836 Nam
2127 2781 2257 2836 illud
2293 2779 2677 2836 ostentationis
2703 2787 2805 2844 est,
2837 2778 2941 2832 hoc
2977 2784 3161 2830 autem
3215 2774 3423 2829 amoris

1829 2873 1882 2929 in
1909 2873 2209 2929 Christum.

1900 2969 2066 3026 Vsus.
2114 2968 2318 3034 29,50.
2354 2987 2372 3020 ι
2411 2968 2508 3024 ille
2560 2977 2742 3024 autem
2786 2966 2956 3022 dixit:
2989 2964 3156 3032 Veni;
3189 2971 3245 3019 et
3296 2976 3420 3019 cum

1829 3063 2200 3119 descendisset
2233 3077 2264 3117 e
2301 3063 2424 3118 navi
2464 3061 2682 3125 Petrus,
2702 3060 3017 3114 ambulabat
3044 3071 3210 3128 super
3227 3069 3420 3126 aquas.

1828 3167 1890 3210 ut
1919 3156 2022 3211 iret
2063 3155 2130 3210 ad
2164 3154 2371 3210 Jesum.
2417 3152 2687 3209 Caeterum
2745 3167 2868 3207 cum
2930 3150 3138 3206 videret
3199 3157 3427 3204 ventum

1830 3247 2089 3310 validum,
2134 3245 2355 3300 territus
2409 3252 2617 3301 estzet
2669 3258 2792 3298 cum
2849 3241 3112 3312 coepisset
3150 3236 3422 3308 demergi,

1828 3340 2085 3396 clamavit
2139 3340 2345 3404 dicens,
2398 3337 2646 3402 Domine,
2691 3351 2848 3392 serva
2900 3349 3004 3390 nte.
3039 3353 3057 3386 ι
3112 3332 3426 3388 Suhstravit

1831 3433 2090 3492 Dominus
2144 3430 2309 3487 Petro
2365 3446 2538 3496 mare,
2584 3444 2740 3484 suam
2783 3428 3072 3483 declarans
3140 3425 3422 3480 virtutem.

1826 3528 2062 3582 Attende
2089 3534 2272 3581 autem
2291 3526 2435 3596 quod
2465 3525 2660 3595 majori
2688 3523 2956 3593 periculo,
2999 3536 3197 3591 nempe
3220 3519 3417 3585 maris,

1827 3627 2108 3689 superato,
2155 3628 2376 3672 ventum
2415 3616 2638 3672 timuit:
2671 3615 2745 3669 ita
2774 3613 2994 3672 inﬁrma
3051 3621 3138 3668 est
3176 3611 3416 3666 humana

1829 3721 2028 3766 natura
2075 3728 2090 3764 :
2132 3718 2188 3764 et
2245 3708 2430 3764 statim
2491 3717 2552 3762 ut
2608 3707 2812 3770 timuit,
2861 3705 3028 3775 caepit
3089 3703 3418 3774 submergi:

1827 3805 2044 3876 quando
2073 3803 2218 3858 enim
2262 3802 2396 3857 ﬁdes
2451 3799 2667 3855 inﬁrma
2731 3807 2835 3863 est,
2862 3808 2991 3854 tunc
3041 3798 3093 3852 in
3152 3795 3421 3869 profunda

1828 3895 2110 3951 descendit
2136 3893 2352 3950 Petrus.
2375 3893 2488 3949 Hoc
2523 3901 2702 3947 autem
2737 3891 2888 3955 fecit,
2913 3905 2979 3946 ne
3030 3891 3122 3946 ille
3169 3891 3422 3958 superbi-

1831 3999 1937 4054 ret,
1965 3997 2022 4043 et
2050 3987 2186 4043 alios
2217 3986 2491 4042 solaretur
2524 3983 2845 4054 discipulos.
2871 3982 3035 4039 Forte
3088 3982 3234 4037 enim
3279 3982 3423 4037 invi-

1828 4080 2056 4146 dissent,
2091 4079 2184 4137 sed
2231 4087 2286 4134 et
2338 4077 2594 4134 Christus
2623 4085 2886 4146 quantum
2937 4076 3113 4145 ipsum
3170 4085 3422 4145 superet,

1827 4173 2088 4230 ostendit.

1905 4356 2067 4412 Vens.
2095 4355 2289 4411 51-55.
2324 4374 2343 4407 ι
2392 4353 2694 4412 Confestim
2749 4367 2928 4412 autem
2980 4356 3143 4413 Jesus
3197 4369 3421 4414 extenta

1832 4464 1991 4504 manu
2044 4449 2406 4520 apprehendit
2452 4459 2680 4516 eum,et
2709 4449 2849 4505 dixit
2899 4451 3220 4507 illizl’arvze
3275 4453 3420 4519 ﬁdei,

1830 4543 1898 4598 ad
1946 4542 2076 4611 quid
2127 4541 2470 4596 formidasti?
2517 4542 2584 4596 Et
2636 4542 2902 4614 ingressis
2951 4545 3061 4601 illis
3109 4547 3162 4600 in
3213 4550 3422 4614 navim,

1830 4633 2146 4703 conquievit
2173 4641 2386 4688 ventus.
2414 4634 2583 4687 Porro
2611 4634 2706 4702 qui
2758 4635 2810 4689 in
2869 4635 2992 4689 navi
3041 4647 3202 4692 erant
3238 4654 3429 4695 acces-

1832 4734 2019 4780 serunt
2053 4725 2120 4779 ad
2153 4738 2297 4786 eum,
2323 4733 2378 4779 et
2411 4724 2798 4788 adoraverunt,
2826 4725 3108 4783 dicentes:
3143 4727 3278 4784 Vere
3329 4731 3426 4788 Dei

102 4804 419 4862 Δεικνύων
443 4808 471 4858 6
499 4806 755 4878 Χριστὸς,
786 4805 868 4862 ὅτι
892 4806 992 4880 οὐχ
1019 4811 1046 4864 6
1070 4809 1270 4880 άνεμος
1297 4809 1469 4874 αῐτιος
1495 4812 1588 4865 τοῦ
1629 4830 1721 4865 κα-

1833 4813 2003 4870 Filius
2032 4829 2111 4869 es.
2146 4833 2164 4867 ι
2190 4814 2494 4870 Ostendens
2515 4814 2769 4870 Christus
2804 4831 2908 4871 nou
2935 4826 3184 4885 ventum,
3204 4823 3296 4876 sed
3326 4839 3426 4892 pu-

97 4896 596 4966 ταποντισθῆναι,
627 4897 742 4952 ἀλλ’
797 4901 831 4970 ἡ
895 4901 1255 4973 μικροψυχία,
1303 4903 1368 4956 οὐ
1408 4902 1487 4974 τῷ
1533 4905 1727 4976 ἀνέμῳ

99 4991 404 5061 ἐπιτιμᾷ,
449 4988 588 5044 ἀλλὰ
624 4989 703 5060 τῷ
742 4992 1216 5063 μικροψυχήσαντι
1260 4995 1478 5067 Πέτρῳ.
1511 4996 1604 5049 Διὸ
1635 4997 1728 5049 καὶ

97 5080 531 5145 ἀναϐαστάσας
560 5081 745 5149 αὑτὸν,
777 5081 1007 5154 ιστησεν
1037 5085 1132 5138 ἐπὶ
1164 5085 1260 5140 τοῦ
1305 5085 1522 5152 ὓδατος,
1555 5088 1727 5153 ἐάσας

94 5179 207 5232 τὸν
243 5177 471 5245 ἄνεμον
507 5177 682 5229 πνεῖν.
739 5173 856 5230 οὐκ
904 5177 984 5240 είς
1013 5177 1075 5230 τὸ
1132 5180 1242 5231 πᾶν
1286 5178 1342 5232 δέ
1391 5181 1673 5235 ἐδίστασεν
1701 5183 1730 5235 6

97 5271 381 5340 Πέτρος,
413 5265 530 5319 ἀλλ’
560 5267 644 5330 εις
669 5283 748 5331 τι,
785 5268 1054 5332 τουτέστι,
1105 5269 1350 5341 μερικῶς
1371 5286 1384 5300 ο
1419 5271 1539 5326 καθ’
1568 5271 1597 5324 6
1629 5273 1729 5342 μιν

92 5363 224 5435 γὰρ
247 5357 540 5429 ἐφοϐήθη,
561 5359 704 5412 κατά
725 5357 887 5412 τοῦτο
905 5358 1175 5430 ἠπίστησε
1197 5377 1210 5391 ο
1235 5359 1360 5415 καθ’
1379 5362 1406 5416 6
1429 5363 1485 5417 δὲ
1508 5365 1727 5435 ἐκραξε,

101 5457 340 5530 Κύριε.
390 5450 568 5504 σῶσόν
607 5469 696 5521 με,
739 5453 883 5506 κατὰ
913 5451 1075 5505 τοῦτο
1108 5454 1300 5508 ἰάσατο
1329 5455 1427 5526 τὴν
1449 5457 1730 5512 ἀπιστίαν.

94 5550 205 5604 Διδ
231 5542 661 5612 ὀλιγόπιστος
676 5543 887 5607 ἀκούει,
917 5544 1144 5598 άλλόύκ
1177 5545 1456 5614 ἄπιστος.
1475 5547 1540 5604 Ol
1558 5545 1652 5604 οὖν
1672 5551 1731 5603 ἐν

93 5643 187 5712 τῷ
223 5635 454 5707 πλοίῳ,
485 5637 582 5690 καὶ
606 5637 764 5691 αὐτοὶ
791 5636 886 5690 τοῦ
924 5637 1095 5707 φόϐου
1143 5640 1517 5711 ἀπελύθησαν.
1577 5643 1732 5694 Ἐκόο

96 5749 265 5789 πασε
332 5727 456 5798 γὰρ
507 5730 536 5780 6
575 5728 814 5798 ἄνεμος·
851 5729 947 5782 καὶ
979 5729 1043 5800 δὴ
1093 5731 1315 5800 γνόντες
1366 5730 1477 5784 ἀπὸ
1524 5731 1731 5785 τούτων

89 5831 198 5884 τὸν
255 5819 517 5893 Ἰησοῦν,
551 5819 876 5890 ὁμολογοῦσι
903 5824 1003 5893 την
1033 5823 1198 5877 αὑτοῦ
1229 5804 1483 5893 θεόθτητα.
1511 5824 1586 5879 Ού
1622 5822 1732 5894 γὰρ

1832 4906 2259 4962 sillanimitatem
2291 4907 2677 4977 submergendi
2710 4922 2934 4964 causam
2970 4925 3111 4976 esse,
3147 4928 3254 4968 non
3289 4931 3428 4969 Ven-

1835 5010 1946 5056 tum
1974 4999 2241 5068 increpat,
2267 5001 2360 5055 sed
2387 4999 2608 5070 Petrum
2642 5001 3062 5071 pusillanimem.
3085 5004 3210 5061 ideo
3239 5017 3294 5062 et
3325 5023 3426 5078 ap-

1833 5093 2162 5164 prehensum
2216 5107 2338 5148 eum
2409 5095 2599 5149 statuit
2663 5110 2828 5165 super
2893 5113 3090 5168 aquam
3155 5104 3474 5170 permisso.

1836 5195 1996 5241 vento
2039 5185 2192 5240 ﬂare.
2219 5184 2336 5240 Non
2388 5172 2614 5242 omnino
2663 5198 2844 5244 autem
2887 5189 3169 5247 dubitabat
3205 5192 3424 5259 Petrus,

1837 5279 1930 5334 sed
1975 5280 2271 5334 secundum
2306 5279 2459 5348 quid,
2481 5281 2719 5348 hoc-est,
2741 5295 2808 5337 ex
2839 5293 3012 5352 parte,
3033 5300 3156 5339 nam
3188 5287 3346 5356 juxta
3374 5289 3426 5343 id

1837 5371 1983 5441 quod
2034 5370 2321 5436 dubitavit,
2364 5370 2676 5428 incredulus
2727 5373 2828 5429 fuit
2869 5392 2880 5428 :
2920 5375 3073 5444 juxta
3129 5378 3183 5434 id
3241 5391 3422 5436 autem

1831 5465 1977 5532 quod
2013 5463 2289 5531 clamavit,
2318 5464 2566 5533 Domine,
2604 5479 2762 5521 serva
2797 5483 2904 5532 me,
2931 5470 3144 5524 curavit
3172 5472 3427 5527 incredu-

1830 5555 2061 5611 Iitatem.
2106 5557 2234 5612 Ideo
2279 5573 2456 5626 parum
2479 5559 2606 5627 ﬁdei
2652 5559 2876 5626 dicitur,
2928 5577 3034 5616 non
3084 5565 3418 5620 incredulus.

1832 5645 1999 5716 Igitur
2028 5647 2121 5718 qui
2153 5648 2204 5702 in
2240 5650 2387 5714 navi,
2420 5659 2476 5704 et
2502 5650 2603 5718 ipsi
2632 5661 2776 5705 metu
2815 5653 2975 5708 soluti
3007 5666 3152 5710 sunt.
3173 5655 3421 5712 Cessavit

1830 5739 1976 5791 enim
2008 5749 2221 5794 ventus.
2248 5738 2316 5793 Et
2348 5752 2416 5794 ex
2450 5739 2534 5794 his
2563 5741 2779 5811 cognito
2809 5741 2959 5810 Jesu,
2995 5745 3232 5801 confessi
3293 5761 3425 5803 sunt

1832 5829 1950 5896 ejus
1987 5829 2267 5888 deitatem.
2295 5830 2483 5901 Neque
2510 5833 2657 5887 enim
2692 5835 2928 5890 hominis
2963 5846 3048 5892 est
3079 5854 3246 5910 super
3272 5853 3424 5895 mare

1087 5947 1175 6007 Ex
1208 5945 1553 6010 collatione
1591 5947 1780 6010 codd.
1818 5953 2052 6016 Venet.
2088 5958 2148 6018 S.
2189 5957 2407 6020 Marci.

91 6078 223 6152 (it)
263 6070 435 6130 Edit.
476 6067 602 6122 Lut.
655 6068 838 6122 omisit
877 6068 1012 6134 o-Jx;
1045 6069 1245 6124 habent
1312 6072 1469 6126 codd.
1506 6072 1565 6128 S.
1596 6071 1757 6131 Marci
1799 6075 1868 6131 50
1903 6088 1955 6132 et
1998 6079 2088 6134 31.
