4030 6626
128 566 158 624 3
168 566 233 626 05

810 563 1263 626 ENARRATIO
1302 564 1383 625 IN
1438 562 1737 626 EVANGE

1847 565 1947 625 ΗΜ
1989 562 2379 625 ΜΛΤἸῚΙΕΙ.
2418 585 2488 597 -
2522 561 2682 621 CAP.
2753 557 2873 619 XV.

3295 584 3298 586 ·
3324 554 3430 619 3Οὸ

130 673 348 743 πατέρα
376 691 472 725 σου
535 673 630 725 καὶ
667 673 764 742 τὴν
799 675 1014 745 μητέρα
1036 693 1048 705 ·
1087 678 1181 729 καὶ
1213 679 1239 729 6
1271 676 1587 744 κακολογῶν
1629 691 1729 728 πα-

1847 672 2048 728 llonora
2101 683 2306 741 patrem
2377 683 2523 725 tutnn
2583 679 2636 725 et
2699 676 2926 724 matrem
2961 678 3056 722 :et
3113 668 3203 736 qui
3263 667 3429 719 male-

129 770 265 832 τέρα
293 767 324 834 ἢ
348 768 580 836 μητέρα,
606 767 821 838 θανάτῳ
841 769 1165 823 τελευτάτω.
1209 771 1400 838 Ὑμεῖς
1427 770 1484 822 δὲ
1511 769 1723 838 λέγετε·

135 861 231 918 ’ος
278 858 346 911 ἂν
383 859 512 929 εἴπῃ
544 858 620 927 τῷ
662 859 882 930 πατρὶῆ
913 862 978 930 τῇ
1012 860 1180 930 μητρί
1207 877 1225 892 ·
1252 860 1435 928 Δῶρον
1465 860 1494 912 ὃ
1546 859 1642 912 ἐὰν
1667 859 1726 925 ea

131 949 269 1016 ἐμοῦ
309 950 621 1020 ὠφεληθῇς,
659 951 753 1004 καὶ
776 951 835 1004 οῦ
870 952 948 1022 μὴ
963 953 1170 1024 τιμήσῃ
1201 953 1292 1006 τὸν
1321 952 1538 1023 πατέρα
1557 950 1725 1006 αὑτοῦ

131 1041 302 1110 ἢτὴν
361 1041 572 1113 μητέρα
601 1057 612 1070 ⁸
678 1044 774 1095 καὶ
810 1041 1136 1114 ὴκυρώσατε
1185 1045 1284 1112 τὴν
1349 1041 1575 1113 ἐντολήν
1626 1042 1720 1094 τοῦ

129 1133 270 1186 θεοῦ
297 1134 385 1188 διὰ
418 1134 519 1206 τὴν
546 1136 850 1206 παράδοσιν
900 1135 1077 1206 ὑμῶν.
1126 1156 1142 1188 ι
1193 1140 1254 1190 Οί
1286 1137 1386 1207 μὲν
1434 1137 1726 1207 Φαρισαῖοι

129 1227 480 1296 κατηγόρουν
510 1227 620 1279 τῶν
650 1228 935 1297 μαθητῶν,
980 1229 1057 1292 ώς
1104 1230 1326 1300 ἐντολὴν
1351 1230 1461 1282 τῶν
1488 1228 1730 1300 πρεσϐυ-

128 1319 307 1387 τέρων
333 1320 784 1391 παρασαινόντων
805 1339 818 1351 ·
858 1323 889 1377 ὀ
921 1323 980 1375 δὲ
1001 1322 1237 1392 Χριστὸς
1258 1322 1494 1376 δεικνύει
1529 1323 1727 1384 αὐτοὺς

127 1411 222 1462 τὸν
250 1410 348 1462 τοῦ
403 1411 538 1464 Θεοῦ
583 1412 746 1479 νόμον
778 1412 1250 1483 παραδαίνοντας·
1289 1413 1568 1466 ἐδίδασκον
1618 1413 1728 1482 γὰρ

129 1502 258 1562 τοὺς
286 1501 488 1563 παῖδας
519 1503 686 1570 μηδὲν
714 1503 917 1556 διδόναι
944 1506 1058 1567 τοῖς
1093 1503 1365 1572 γονεῦσιν,
1390 1504 1506 1558 ἀλλ’
1538 1507 1727 1558 ἀνατι-

131 1592 284 1643 θέναι
303 1592 404 1645 ὅσα
433 1593 616 1662 ἔχουσι
643 1593 719 1662 τῷ
746 1595 1135 1666 γαζοφυλακίῳ
1166 1595 1260 1648 τοῦ
1288 1596 1458 1667 ἱεροῦ.
1482 1594 1591 1650 Ἦν
1617 1598 1726 1668 γάρ

132 1681 292 1751 ἐντῷ
325 1683 457 1754 ἱερῷ
497 1684 793 1755 θησαυρὸς,
828 1687 887 1738 ὲν
931 1679 976 1752 ᾧ
1026 1689 1056 1739 6
1098 1687 1430 1758 βουλόμενος
1475 1689 1722 1755 1ἔϐαλλεν,

134 1775 392 1828 ἐκαλεῖτο
415 1776 470 1830 δὲ
492 1793 648 1839 ουτος
679 1777 844 1845 γάζα.
891 1778 950 1832 '0
975 1779 1032 1832 δὲ
1057 1780 1332 1852 θησαυρὸς
1369 1785 1481 1842 τοῖς
1521 1782 1721 1853 πένησι

132 1867 416 1920 διεδίδοτο.
443 1869 506 1921 Ol
538 1868 718 1921 τοίνυν
739 1871 1024 1939 Φαρισαῖοι
1059 1871 1340 1936 πείθοντες
1372 1875 1498 1936 τοὺς
1525 1874 1724 1937 παῖδας

137 1960 311 2028 μηδὲν
351 1960 553 2016 διδόναι
600 1964 715 2025 τοῖς
763 1963 1036 2031 γονεῦσιν,
1070 1964 1187 2016 ἀλλ’
1236 1965 1548 2020 ἀνατιθέναι
1584 1968 1724 2022 αὑτά

1831 768 2031 820 dixerit
2063 767 2202 833 patri
2239 777 2330 818 aut
2361 764 2541 829 matri,
2575 773 2752 817 morte
2783 761 3049 815 moriatur
3078 777 3090 813 :
3118 775 3214 813 vos
3247 769 3428 811 autem

1832 856 2048 910 dicitis:
2079 856 2399 924 Quicunque
2439 855 2636 910 dixerit
2670 853 2808 923 patri
2848 861 2940 905 aut
2988 851 3168 913 matrl,
3217 851 3428 903 bonum

1833 948 1923 1003 Dei
1962 959 2065 1013 est,
2101 948 2366 1017 quidquid
2395 949 2507 1017 {per
2553 961 2638 1000 me
2671 946 2725 998 lu
2773 953 2923 997 tuum
2974 957 3263 997 cessurum
3308 949 3430 995 erat

1830 1042 2198 1104 commodum.
2246 1053 2300 1095 et
2351 1055 2459 1096 non
2516 1038 2804 1094 honorabit
2837 1037 2949 1106 78
2978 1045 3190 1107 patrem
3242 1048 3426 1099 suum,

1831 1144 1924 1187 aut
1976 1143 2207 1188 matrem
2243 1147 2437 1188 suam:
2468 1142 2524 1187 et
2579 1131 2798 1186 irritum
2843 1128 3056 1184 fecistis
3096 1134 3427 1196 praeceptum

1833 1225 1928 1280 Dei
1960 1234 2184 1296 prepter
2214 1223 2567 1277 traditionem
2608 1230 2870 1276 vestram.
2900 1238 2918 1270 ι
2958 1216 3218 1272 Pharisaei
3261 1231 3427 1272 accu-

1841 1318 2041 1373 sabant
2070 1317 2367 1386 discipulos
2397 1315 2552 1386 quasi
2586 1313 2902 1367 mandatum
2941 1311 3220 1366 seniorum
3278 1324 3423 1380 prte-

1833 1411 2158 1466 varicantes.
2184 1409 2440 1464 Christus
2476 1417 2657 1462 autem
2685 1404 2925 1460 ostendit
2955 1404 3101 1473 ipsos
3129 1400 3222 1456 Dei
3252 1402 3426 1470 legem

1832 1503 2202 1572 pracvaricari.
2229 1501 2505 1556 Docebant
2538 1500 2682 1553 enim
2732 1511 2930 1566 pueros
2970 1511 3036 1551 ne
3068 1495 3199 1566 quid
3231 1495 3430 1547 darent

1837 1598 2177 1665 parentibus,
2229 1596 2323 1650 scd
2377 1594 2634 1648 ullerrent
2671 1604 3008 1661 qua‘cunque
3051 1587 3325 1642 habebant
3371 1587 3426 1640 in

1833 1688 2284 1760 gazophylacium
2320 1685 2526 1754 templi.
2553 1684 2685 1738 Erat
2737 1693 2917 1738 autem
2960 1682 3013 1735 in
3057 1679 3256 1748 templo
3299 1679 3424 1733 the-

1830 1797 2045 1848 saurus,
2073 1783 2126 1835 in
2156 1795 2315 1850 quem
2347 1779 2596 1849 quisquis
2627 1777 2841 1831 volebat
2889 1773 3170 1844 quidpiam
3214 1771 3421 1825 immit-

1833 1881 1994 1936 teret,
2047 1873 2456 1940 vocabaturqne
2501 1870 2590 1923 ille
2617 1868 2862 1940 gaza.At
2909 1865 3340 1920 distribuebatur
3372 1865 3426 1933 in

1831 1979 2098 2034 pauperes
2147 1965 2456 2018 thesaurus.
2503 1961 2762 2017 Pharisaei
2829 1960 2993 2029 igitur
3039 1957 3432 2025 persuadentes

135 2052 211 2120 τῷ
241 2052 506 2124 θησαυρῷ
536 2054 629 2108 τοῦ
663 2055 832 2123 ἱεροῦ,
861 2056 1143 2110 ἐδίδασκον
1171 2058 1370 2122 αὐτοὺς
1416 2058 1600 2126 λέγειν
1643 2061 1724 2113 ὅτι

1847 2059 2016 2114 meris
2054 2072 2119 2112 ne
2149 2056 2280 2125 quid
2312 2055 2506 2109 darent
2550 2051 2892 2122 parentibus,
2921 2049 3015 2104 sed
3065 2047 3326 2102 oll'errent
3375 2044 3431 2099 in

136 2142 323 2213 Δῶρόν
351 2145 490 2205 ἐστι,
515 2146 819 2211 τουτέστιν,
846 2148 1269 2218 άνατεθειμένον
1295 2149 1374 2220 τῷ
1403 2149 1525 2222 Θεῷ
1553 2154 1724 2215 ἐστιν,

137 2229 183 2287 ὦ
226 2234 428 2305 πάτερ,
469 2235 498 2288 ὃ
528 2237 712 2306 ζητεῖς
744 2236 804 2302 ἐξ
833 2239 969 2308 ἐμοῦ
996 2239 1376 2311 ὠφεληθῆναι.
1414 2243 1526 2295 Καὶ
1553 2241 1726 2307 οὕτως

137 2327 399 2399 ἐμέριζον
427 2331 582 2382 αὐτοὶ
638 2330 778 2400 μετὰ
817 2331 928 2386 τῶν
969 2332 1176 2386 παίδων
1205 2335 1274 2387 τά
1303 2335 1586 2405 χρήματα,
1634 2337 1729 2389 καὶ

137 2422 186 2472 οἱ
225 2422 405 2486 γονεῖς
436 2422 913 2493 κατελιμπάνοντο
943 2425 1357 2496 ἀγηροκόμητοι
1382 2444 1395 2459 ⁸
1425 2428 1646 2481 ἐποίουν
1670 2428 1730 2482 δὲ

140 2512 301 2565 τοῦτο
333 2513 427 2568 καὶ
457 2515 506 2566 oi
536 2515 834 2569 δανεισταί.
893 2517 1022 2570 Ἐάν
1075 2518 1184 2589 γάρ
1219 2532 1297 2581 τις
1346 2518 1587 2572 ἐδάνεισέ
1621 2536 1729 2573 τινι

140 2606 429 2672 χρήματα,
455 2603 572 2658 εἶτα
594 2606 854 2670 δύσκολος
882 2610 911 2662 6
940 2609 1223 2679 χρεώστης
1250 2605 1318 2680 ἧν
1353 2612 1449 2664 καὶ
1473 2612 1575 2664 οὐκ
1597 2612 1730 2665 άπε-

138 2693 286 2748 δίδου
318 2696 378 2748 τὸ
405 2698 777 2767 ὀφειλόμενον,
823 2702 1013 2769 ἔλεγεν
1043 2704 1071 2755 6
1099 2703 1386 2773 δανειστὴς
1437 2704 1574 2772 πρὸς
1601 2704 1697 2758 τοῦ
1717 2733 1730 2744 -

140 2804 234 2839 τον
270 2788 360 2840 τὸν
387 2791 681 2860 ἀγνώμονα
719 2793 1005 2864 χρεώστην
1029 2810 1042 2823 ·
1083 2795 1305 2865 Κορϐάν
1334 2797 1483 2849 ἐστιν
1512 2796 1540 2850 δ
1580 2797 1732 2865 ὀφεί-

141 2877 259 2940 λεις
321 2898 435 2948 μοι,
482 2883 754 2949 τουτέστι,
803 2884 976 2954 δῶρον
1007 2886 1086 2954 τῷ
1127 2887 1246 2954 Θεῷ
1287 2888 1730 2958 ἁνατεθειμένον.

153 2971 214 3022 Ὀ
243 2971 336 3025 οῦν
363 2971 644 3041 χρεώστης
667 2975 739 3037 ὡς
758 2975 835 3044 τῷ
849 2975 968 3046 Θεῷ
987 2975 1172 3030 ἔκτοτε
1187 2979 1440 3045 ὀφείλων,
1469 2981 1564 3034 καὶ
1586 2981 1734 3034 ἄκων

142 3063 448 3116 κατέϐαλλε
470 3079 481 3090 ·
517 3064 676 3118 τοῦτο
697 3066 980 3121 ἐδίδασκον
1005 3071 1132 3133 τοὺς
1161 3071 1356 3135 παῖδας
1383 3074 1429 3123 oi
1447 3073 1734 3143 Φαρισαῖοι

147 3171 350 3205 ποιειν.

223 3264 241 3296 ι
316 3247 680 3318 Ὑποκριταὶ,
733 3252 913 3315 καλῶς
965 3255 1340 3323 προεφήτευσε
1405 3258 1529 3325 περὶ
1581 3256 1736 3324 ὑμῶν

1832 2149 2146 2204 thesaurum
2184 2146 2392 2215 templi,
2453 2146 2722 2200 docebant
2796 2143 2944 2211 ipsos
3009 2148 3070 2195 ut
3132 2140 3430 2193 dicerent:

1837 2239 2044 2293 Donum
2078 2237 2172 2293 Dei
2204 2250 2311 2302 eat,
2340 2237 2391 2292 id
2413 2246 2515 2301 est,
2559 2237 2796 2297 oblatum
2822 2233 2934 2287 Deo
2968 2241 3073 2297 est,
3106 2246 3139 2285 o
3170 2239 3346 2301 pater,
3381 2227 3432 2281 id

1831 2336 1975 2404 quod
2005 2349 2101 2403 per
2127 2349 2212 2388 me
2246 2333 2338 2389 tibi
2372 2333 2489 2388 usui
2531 2347 2654 2388 esse
2692 2331 2866 2401 cupis.
2919 2329 2982 2384 Et
3007 2327 3088 2382 sic
3117 2325 3430 2396 partieban-

1832 2433 1922 2481 tur
1953 2427 2054 2497 ipsi
2093 2441 2216 2481 cum
2247 2425 2374 2480 filiis
2405 2438 2574 2493 opes:
2603 2433 2659 2477 et
2687 2431 2942 2492 parentes
2981 2419 3432 2488 relinquebantur

1831 2529 1888 2573 et
1925 2518 2438 2581 conteninebantur,
2464 2530 2564 2571 nec
2612 2514 2666 2572 in
2722 2523 2940 2570 senecta
2994 2512 3301 2567 alebantur.
3332 2497 3433 2563 Fa-

1835 2612 2053 2667 ciebant
2081 2619 2263 2664 autem
2299 2611 2400 2664 hoc
2430 2619 2485 2664 et
2517 2608 2839 2663 creditores.
2860 2607 2917 2660 Si
2951 2606 3077 2677 quis
3107 2604 3252 2660 enim
3308 2603 3434 2657 cui-

1835 2703 1979 2773 piam
2039 2711 2228 2756 mutno
2282 2702 2524 2757 dedisset
2575 2699 2952 2770 pecuniaszet
3004 2697 3203 2753 deinde
3259 2697 3436 2750 malus

1833 2795 2050 2850 debitor
2083 2811 2188 2848 non
2224 2793 2477 2848 redderet
2513 2792 2780 2855 debitum,
2806 2789 3024 2843 dicebat
3074 2788 3314 2843 creditor
3368 2787 3435 2840 ad

1840 2885 1990 2939 illum
2033 2888 2302 2957 ingratum
2333 2885 2636 2939 debitorem
2670 2882 2926 2938 :Corban
2960 2891 3044 2936 est
3079 2880 3222 2949 quod
3271 2880 3438 2935 debes

1839 2979 1993 3041 mihi,
2024 2979 2126 3033 hoc
2158 2988 2259 3041 est,
2286 2978 2488 3033 donum
2548 2977 2654 3031 Deo
2700 2975 2962 3029 oblatum.
2995 2974 3215 3028 Debitor
3269 2973 3439 3043 igitur

1840 3081 1969 3123 tunc
2003 3071 2156 3138 quasi
2200 3069 2308 3124 Deo
2336 3070 2559 3132 debens,
2585 3069 2750 3125 etiam
2798 3069 3006 3121 invitus
3033 3065 3435 3120 dinunterabat.

1843 3161 1954 3216 lloc
1991 3163 2260 3217 docebant
2296 3161 2558 3216 Pharisaei
2590 3176 2787 3230 pueros
2820 3159 3022 3214 facere.

1920 3255 2082 3312 Vens.
2112 3259 2142 3310 7
2175 3257 2230 3312 9.
2276 3275 2295 3307 ι
2354 3254 2686 3326 llypocritze,
2737 3252 2874 3308 bene
2951 3252 3300 3323 prophelavit
3375 3253 3441 3304 de

150 3340 412 3404 Ἡσαΐας,
441 3341 617 3409 λέγων
644 3361 654 3373 ο
689 3345 934 3412 Ἐγγεζει
968 3363 1055 3415 μοι
1088 3349 1115 3399 6
1146 3348 1272 3411 λαὸς
1317 3343 1472 3412 οὗτος
1502 3349 1577 3420 τῷ
1612 3351 1731 3405 στό”

1847 3348 2002 3404 vobis
2036 3348 2203 3403 Isaias
2240 3347 2429 3402 dicens
2464 3344 2908 3414 :Appropinquat
2934 3344 3067 3398 mihi
3097 3345 3328 3414 populus
3352 3343 3442 3398 hic

148 3447 287 3499 ματι
322 3432 524 3495 αὐτῶν,
552 3437 645 3487 καὶ
675 3439 787 3500 τοῖς
821 3437 1024 3506 χείλεσί
1058 3457 1126 3507 με
1185 3444 1343 3510 τιμᾷ,
1387 3444 1419 3512 ἡ
1452 3443 1508 3495 δὲ
1539 3445 1738 3515 καρδία

142 3525 331 3578 αὔτῶν
363 3529 556 3599 πόρρω
599 3530 794 3600 ἀπέχει
828 3533 924 3585 ἀπ’
953 3534 1110 3603 ἐμοῦ.
1145 3535 1343 3603 Μάτην
1376 3535 1433 3588 δὲ
1487 3536 1740 3590 σέϐονταί

148 3638 242 3684 με,
271 3619 620 3684 διδάσκοντες
644 3623 992 3688 διδασκαλίας
1021 3627 1337 3695 ἐντάλματα
1359 3628 1686 3698 ἀνθρώπων.
1718 3647 1735 3681 ι

145 3709 405 3760 Δείκνυσι
434 3709 518 3761 διὰ
549 3712 645 3781 τῆς
687 3713 910 3766 Ἡσαΐου
955 3717 1163 3783 φωνῆς,
1195 3718 1288 3769 καὶ⁹
1327 3717 1459 3785 περὶ
1496 3717 1588 3769 τὸν
1624 3719 1738 3770 111-

149 3801 290 3868 τέρα
336 3801 503 3854 αὑτοῦ
537 3801 814 3868 τοιούτους
843 3804 1003 3868 ὄντας
1062 3807 1283 3870 αὐτοὺς,
1321 3802 1424 3859 οἷοι
1477 3809 1572 3860 καὶ
1616 3810 1744 3880 περὶ

146 3893 320 3944 αὑτὸν
350 3893 699 3962 εὑρίσκονται
724 3913 735 3924 ⁸
775 3897 1004 3968 πονηροὶ
1037 3897 1143 3968 γάρ
1179 3898 1354 3962 ὄντες,
1396 3900 1490 3953 καὶ
1510 3900 1602 3954 διὰ
1633 3901 1744 3953 τῶν

151 3985 414 4056 πονηρῶν
445 3985 622 4056 ἔργων
655 3989 1025 4060 μακρύνοντες
1051 3991 1284 4053 ἑαυτοὺς
1315 3991 1408 4044 τοῦ
1439 3991 1598 4056 Θεοῦ,
1627 3995 1747 4046 στό-

154 4097 292 4147 ματι
329 4078 492 4147 μόνον
532 4080 756 4133 ἐλάλουν
800 4081 864 4133 τά
898 4081 992 4134 τοῦ
1021 4083 1158 4135 Θεοῦ
1195 4084 1372 4151 λόγια.
1415 4085 1609 4154 Μάτην
1637 4085 1747 4157 γὰρ

151 4171 380 4234 πάντως
415 4172 662 4226 σέϐονται
687 4175 780 4226 καὶ
804 4175 1022 4229 δοκοῦσι
1062 4177 1226 4248 τιμᾷν
1260 4178 1352 4231 τὸν
1396 4177 1551 4242 Θεὸν,
1581 4181 1628 4232 οἱ
1657 4179 1746 4233 διά

149 4263 264 4315 τῶν
294 4263 476 4333 ἔργων
506 4264 668 4319 αὑτὸν
696 4267 1079 4336 ἀτιμάζοντες.

238 4374 257 4406 ι
303 4354 417 4409 Καὶ
441 4357 958 4428 προσκαλεσάμενος
989 4360 1080 4414 τὸν
1119 4361 1298 4432 ὄχλον,
1333 4360 1488 4418 εἷπεν
1519 4365 1704 4429 αὐτοῖς
1730 4381 1743 4394 ⁸

168 4448 432 4504 Ἀκούετε
482 4452 575 4502 καὶ
636 4451 868 4507 συνίετε.
908 4453 985 4507 Οὐ
1023 4454 1083 4506 τὸ
1123 4457 1508 4527 εἰσερχόμενον
1555 4459 1633 4521 εἰς
1689 4458 1750 4510 τὸ

157 4544 339 4613 στόμα
367 4545 537 4596 κοινοῖ
560 4545 651 4597 τὸν
677 4545 987 4614 ἄνθρωπον,
1026 4548 1164 4602 άλλά
1216 4551 1277 4603 τὸ
1300 4552 1745 4623 ἐκπορευόμενον

157 4639 227 4687 ὲκ
257 4634 354 4688 τοῦ
382 4635 672 4706 στόματος,
706 4638 867 4694 τοῦτο
897 4643 1065 4694 κοινοῖ
1092 4642 1184 4695 τὸν
1217 4643 1533 4714 ἄνθρωπον.
1575 4663 1592 4695 ι
1630 4645 1749 4699 Οὐκ

159 4728 243 4778 ἔτι
274 4728 388 4789 τοῖς
419 4727 752 4797 Φαρασαίοις
788 4730 1136 4800 διαλέγεται,
1193 4733 1271 4798 ώς
1321 4735 1737 4803 άθεραπεύτοις,

1861 4727 2174 4793 Ρὶιιιῐὶδωὶε,
2226 4739 2412 4797 utpote
2454 4727 2851 4782 incurabilibns
2881 4744 2894 4779 :
2929 4725 3099 4780 turbae
3150 4736 3331 4780 autem
3367 4726 3448 4779 lo-
3546 4777 3558 4792 ,

153 4814 240 4883 τῷ
267 4813 413 4884 ὄχλῳ
439 4815 518 4868 δέ.
551 4817 663 4869 Καὶ
691 4817 779 4872 διὰ
822 4819 918 4871 τοῦ
945 4822 1430 4891 προσκαλέσασθαι
1473 4825 1624 4880 δοκεῖ
1665 4844 1751 4879 τι-

158 4911 275 4978 μᾷν
329 4908 551 4972 αὐτοὺς,
599 4910 686 4964 ἵνα
728 4905 1145 4981 παραδέξωνται
1201 4917 1295 4969 τὸν
1337 4917 1496 4986 λόγον
1556 4921 1747 4986 αὐτοῦ,

157 4998 257 5051 καί
288 5015 457 5067 φησιν
479 5015 491 5027 ·
527 5000 780 5054 ’Δκουετε
818 5004 912 5055 καὶ
943 5005 1176 5071 συνίετε,
1219 5008 1515 5062 διανιστῶν
1547 5003 1750 5075 αὐτοὺς

155 5095 241 5153 εἰς
285 5095 584 5165 προσοχὴν.
618 5093 738 5148 Τῶν
778 5095 835 5148 δὲ
879 5098 1192 5168 Φαρισαίων
1239 5101 1584 5170 αἰτιωμένων
1623 5106 1748 5169 τοὺς

159 5184 421 5253 μαθητάς
450 5186 525 5247 ὡς
575 5186 826 5251 ἀνίπτοις
867 5189 1056 5258 χερσὶν
1105 5190 1428 5257 ἑσθίοντας,,
1460 5195 1487 5247 ό
1543 5196 1753 5267 Κύριος

159 5274 297 5343 περὶ
332 5273 640 5344 βρωμάτων
669 5275 841 5344 λέγει,
877 5279 959 5331 ὅτι
993 5278 1146 5332 οὐδὲν
1191 5281 1390 5352 βρῶμα
1444 5288 1617 5338 κοινοῖ
1661 5289 1753 5341 τὸν

159 5368 478 5446 ἄνθρωπον,
532 5372 779 5422 τουτέστι
835 5370 1078 5440 μολύνει.
1125 5373 1234 5425 Καὶ
1283 5375 1332 5427 εἰ
1377 5375 1436 5435 τὸ
1472 5377 1666 5447 βρῶμα
1691 5381 1749 5431 οὑ

164 5460 419 5528 μολύνει,
453 5461 633 5530 πολλῷ
661 5463 863 5531 μᾶλλον
907 5464 967 5516 τὸ
1001 5464 1249 5529 ἀνίπτοις
1299 5469 1489 5539 χερσὶν
1529 5471 1754 5526 ἐσθίειν.

159 5553 408 5609 ΓιΙολύνει
441 5555 549 5623 γάρ
597 5556 687 5608 τδιν
727 5557 879 5619 ἐντὸς
911 5557 1228 5626 ἄνθρωπον,
1276 5562 1337 5614 τὸ
1397 5562 1578 5629 λέγειν
1610 5565 1645 5616 ἃ
1682 5567 1757 5634 μὴ

159 5651 264 5702 ξεῖ.
302 5648 615 5700 Λίνίττεται
649 5649 703 5701 δὲ
748 5650 834 5701 διὰ
866 5651 1061 5704 τούτου
1099 5653 1221 5716 τοὺς
1273 5655 1626 5723 Φαρισαίους,
1665 5677 1759 5726 μο-

160 5743 498 5812 λυνομένους
538 5741 602 5794 ἐκ
631 5743 722 5795 τοῦ
747 5743 926 5810 λέγειν
967 5744 1306 5812 φθονούντων
1366 5747 1586 5816 ῥήματα
1613 5766 1625 5781 ·
1656 5753 1758 5819 ὅρα

161 5837 222 5888 at
256 5835 486 5904 σοφίαν,
541 5835 657 5897 πῶς
700 5836 818 5888 οὗτε
875 5837 1126 5906 φανερῶς
1162 5840 1222 5890 τὸ
1273 5839 1498 5893 ἄνιπτον
1557 5841 1759 5895 ἐσθίειν

1846 3457 1942 3497 ore
1981 3456 2102 3505 suo,
2128 3449 2182 3494 et
2211 3439 2370 3494 labiis
2409 3453 2499 3492 me
2532 3439 2785 3503 honorat,
2829 3447 3088 3492 caeterum
3119 3452 3214 3490 cor
3249 3451 3440 3490 eorum

1847 3531 2034 3601 procul
2064 3531 2218 3586 abest
2251 3545 2280 3583 a
2311 3543 2416 3584 me.
2436 3526 2542 3583 Sed
2577 3529 2781 3583 [rustra
2833 3543 2920 3582 me
2956 3527 3142 3582 colunt
3184 3527 3445 3581 docentes

1848 3634 2118 3695 praecepta
2149 3622 2413 3680 doctrinae
2449 3622 2750 3675 hominum.
2788 3642 2804 3672 ι
2841 3618 3092 3676 Ostendit
3125 3620 3276 3674 Isaia:
3310 3635 3444 3673 voce

1849 3717 1992 3785 quod
2048 3717 2212 3770 etiam
2259 3713 2394 3768 tales
2433 3714 2545 3768 sint
2580 3729 2708 3782 erga
2757 3712 2978 3767 Patrem
3022 3728 3203 3776 suum,
3254 3713 3444 3780 quales

1847 3820 1901 3863 et
1928 3823 2056 3878 erga
2099 3823 2157 3862 se
2188 3807 2569 3863 inveniuntur.
2618 3803 2750 3859 Nam
2803 3820 2926 3860 cum
2966 3804 3092 3858 mali
3133 3814 3338 3866 essent,
3391 3814 3446 3858 et

1849 3911 2071 3969 propter
2103 3899 2243 3954 mala
2282 3914 2445 3969 opera
2481 3897 2693 3969 longius
2728 3914 2757 3954 a
2791 3897 2900 3952 Deo
2938 3898 3285 3958 recederent,
3309 3897 3444 3951 divi-

1852 4007 1977 4046 num
2027 3991 2102 4062 (α)
2144 4004 2453 4044 sermonem
2490 3988 2610 4042 solo
2662 4002 2757 4041 ore
2796 3987 3181 4054 loquebantur.
3210 3986 3447 4041 Frustra

1851 4083 1994 4137 enim
2023 4082 2210 4136 colunt
2236 4092 2288 4134 et
2317 4089 2512 4150 putant
2534 4095 2592 4134 se
2627 4079 2810 4135 celere
2831 4078 3018 4146 Deum,
3043 4079 3134 4150 qui
3162 4093 3262 4149 per
3279 4093 3446 4148 opera

1851 4175 2001 4230 illum
2039 4176 2403 4230 dehonorant.

1931 4359 2204 4422 Vens.lO,
2234 4359 2320 4413 il.
2359 4376 2376 4409 ι
2419 4357 2481 4411 Ει
2529 4356 2922 4427 θιινοεαιὶεῖσιι
2968 4371 3027 4412 se
3072 4356 3269 4420 turbis,
3313 4355 3450 4411 dixit

1853 4454 1969 4509 ris:
2012 4454 2207 4507 Audite
2237 4462 2288 4507 et
2337 4451 2642 4520 intelligitc.
2682 4451 2794 4506 Non
2835 4449 2978 4520 quod
3021 4450 3324 4519 ingreditur
3362 4465 3444 4516 os,

1856 4547 2092 4614 impurat
2125 4545 2403 4600 hominem
2432 4563 2446 4597 :
2472 4544 2566 4599 sed
2597 4543 2738 4612 quod
2786 4545 3066 4611 egreditur
3095 4557 3158 4600 ex
3190 4558 3307 4606 ore,
3344 4543 3448 4597 hoc

1857 4639 2128 4705 impurum
2176 4634 2706 4712 reddit‘lmntinem.
2773 4653 2788 4682 ι
2832 4631 2948 4688 Νοη
3005 4632 3246 4702 loquitur
3301 4632 3449 4688 ultra

1861 4826 2069 4894 quitur,
2120 4833 2172 4877 et
2216 4837 2312 4892 per
2340 4822 2487 4890 quod
2517 4822 2645 4880 illos
2699 4821 2763 4876 ad
2819 4835 2877 4875 se
2914 4819 3144 4874 advocat
3183 4821 3448 4876 honorem

1859 4917 1966 4972 illis
1994 4913 2211 4973 deferre
2243 4913 2480 4977 videtur,
2506 4920 2561 4965 dt
2592 4911 2886 4979 suscipiant
2920 4926 3224 4967 sermonem
3253 4928 3446 4967 suum:

1859 5019 1914 5066 et
1955 5006 2152 5077 inquit,
2203 5005 2421 5071 Audite,
2443 5013 2497 5061 et
2539 5004 2850 5070 intelligite,
2877 5005 3121 5059 excitans
3155 5015 3340 5070 eos,et
3372 5015 3450 5058 at-

1857 5112 2036 5158 tentus
2071 5101 2298 5155 faciens.
2329 5098 2466 5164 Quia
2498 5107 2677 5152 autem
2715 5098 2972 5152 l‘harismi
3028 5099 3326 5167 arguebant
3362 5100 3436 5153 di-

1854 5196 2094 5267 scipulos
2119 5193 2264 5265 quod
2300 5192 2466 5249 illotis
2497 5191 2748 5245 manibus
2775 5191 3146 5254 cnmederent,
3181 5191 3448 5248 Dominus

1855 5292 1922 5347 de
1944 5289 2082 5343 cibis
2105 5288 2235 5342 dicit
2256 5284 2396 5354 quod
2429 5283 2608 5337 nullus
2631 5284 2784 5336 cibus
2807 5283 3117 5351 coinquinet
3146 5283 3445 5348 hominem,

1861 5382 1939 5436 vel
1971 5383 2230 5453 impuret.
2257 5375 2385 5433 Etsi
2421 5377 2575 5431 cibus
2612 5393 2719 5430 non
2755 5377 3027 5444 inquinat,
3054 5378 3221 5431 multo
3253 5381 3446 5449 magis,

1860 5475 2024 5529 illotis
2082 5472 2368 5527 comedere
2425 5469 2694 5523 manibus.
2725 5466 3058 5533 Coinquinat
3115 5467 3256 5520 enim
3299 5469 3447 5523 intus

1862 5567 2134 5620 hominem
2178 5563 2360 5616 dicere
2394 5577 2514 5629 qna:
2544 5576 2648 5611 non
2681 5568 2913 5626 oportet.
2939 5557 3106 5613 Νυιηι
3145 5571 3325 5614 autem
3366 5561 3448 5612 la-

1860 5668 2034 5711 tenter
2067 5657 2371 5709 Pharisreus
2410 5668 2502 5721 per
2537 5652 2620 5703 illa
2670 5651 2960 5719 \'erba,qui
3020 5652 3264 5706 dicentes
3302 5653 3444 5706 invio

1859 5750 2050 5802 dorum
2094 5749 2252 5800 verba
2286 5744 2798 5812 eoinquinabantur.
2833 5741 2964 5798 Vide
2997 5756 3179 5799 autent
3231 5747 3452 5814 sapicn~

1861 5844 2013 5902 tium,
2057 5839 2327 5902 quomodo
2388 5851 2561 5905 neque
2618 5835 2909 5891 Ittaiilcsic
2969 5836 3134 5893 illotis
3195 5843 3447 5893 tndnilniu

234 6019 310 6094 μ)
353 6018 496 6069 ι’ζιὲιι.
537 6014 651 6070 Lm.
689 6034 798 6071 tum
835 6019 960 6072 mali
991 6031 1180 6082 (sunt,
1205 6033 1415 6092 pt'uptti'
1442 6020 1578 6073 mula
1608 6037 1724 6088 upcr

1847 6038 1953 6091 mur
1988 6021 2180 6088 [iri/unt
2214 6039 2240 6072 (ι
2271 6021 2396 6088 Dte,
2431 6031 2474 6074 ct
2510 6022 2742 6073 dictum:
