4030 6622
136 557 241 618 305

816 557 1270 619 ENARHATIO
1309 558 1390 619 IN
1445 556 1954 620 EV’ANGELIUM
1995 557 2384 619 MATTIL‘EI.
2424 579 2494 592 -
2527 555 2687 616 CAP.
2758 553 2877 614 XV.

3329 550 3436 614 336

139 666 354 735 πατέρα
382 683 478 719 σου
541 665 636 718 καὶ
674 665 770 735 τὴν
805 669 1020 738 μητέρα
1042 686 1054 698 ·
1093 671 1188 722 καὶ
1221 672 1246 722 ὀ
1277 670 1593 738 κακολογῶν
1635 685 1736 722 πα-

1849 666 2054 722 ΙΙοιιοτει
2108 678 2312 736 patrem
2383 678 2528 719 tnnm
2589 675 2642 719 et
2704 672 2930 718 matrem
2965 673 3061 718 :et
3118 663 3208 732 qui
3268 663 3434 715 male-

137 762 271 824 τέρα
299 760 330 827 ἢ
353 760 586 829 μητέρα,
612 759 827 831 θανάτῳ
847 763 1171 817 τελευτάτω.
1215 765 1407 832 ’Υμεῐς
1433 763 1490 816 δὲ
1518 762 1729 832 λέγετεο

144 853 238 910 Ὃς
284 850 352 903 ἂν
389 851 519 921 εἴπῃ
550 851 627 920 τῷ
668 853 888 923 πατρὶῆ
919 855 984 924 τῇ
1018 853 1186 924 μητρί
1213 870 1231 886 ο
1257 854 1442 921 Δῶρον
1471 854 1500 906 ὃ
1552 853 1647 906 ἐὰν
1674 853 1732 919 ἐξ

139 941 275 1008 ἐμοῦ
314 942 628 1012 ὠφεληθῇς,
665 944 760 997 καὶ
782 945 841 996 οὐ
876 945 954 1014 μὴ
969 947 1177 1017 τιμήσῃ
1207 947 1298 1000 τὸν
1327 946 1544 1016 πατέρα
1563 943 1730 1000 αὐτοῦ

139 1032 308 1102 ἦτὴν
366 1034 577 1104 μητέρα
607 1049 618 1062 ⁸
684 1037 779 1088 καὶ
817 1035 1142 1107 ἠκυρώσατε
1191 1039 1290 1106 τὴν
1355 1035 1580 1106 ἐντολὴν
1631 1036 1726 1088 τοῦ

136 1126 276 1178 θεοῦ
301 1126 391 1180 διὰ
424 1127 525 1198 τὴν
552 1129 856 1198 παράδοσιν
906 1129 1083 1198 ὑμῶν.
1132 1149 1148 1181 ι
1199 1133 1260 1183 Οἱ
1291 1130 1391 1200 μὲν
1440 1131 1732 1201 Φαρισαῖοι

136 1219 485 1288 κατηγόρουν
516 1219 625 1272 τῶν
655 1220 941 1290 μαθητῶν,
986 1222 1063 1285 ὡς
1109 1223 1330 1293 ἐντολὴν
1357 1223 1467 1275 τῶν
1493 1222 1735 1293 πρεσϐυ-

133 1311 313 1379 τέρων
337 1313 789 1383 παραϐαινόντων
811 1332 824 1344 ·
863 1315 894 1369 ὁ
928 1315 986 1368 δὲ
1007 1316 1242 1386 Χριστὸς
1263 1316 1500 1369 δεικνύει
1534 1317 1734 1379 αὐτοὺς

133 1403 226 1454 τὸν
255 1402 353 1455 τοῦ
409 1404 544 1456 Θεοῦ
588 1405 752 1473 νόμον
783 1405 1256 1477 παραϐαίνοντας·
1294 1406 1573 1459 ἐδίδασκον
1623 1406 1733 1476 γὰρ

134 1494 262 1554 τοὺς
291 1493 493 1556 παῖδας
525 1495 692 1563 μηδὲν
720 1495 923 1549 διδόναι
949 1499 1064 1560 τοῖς
1099 1497 1370 1565 γονεῦσιν,
1395 1497 1510 1551 ἀλλ’
1544 1500 1732 1553 ἀνατι-

135 1583 288 1636 θέναι
307 1584 409 1637 ὅσα
438 1585 621 1654 ἔχουσι
648 1585 724 1655 τῷ
752 1588 1141 1660 γαζοφυλακίῳ
1171 1589 1265 1642 τοῦ
1293 1589 1463 1660 ίεροῦ.
1487 1587 1597 1643 Ἦν
1622 1591 1731 1661 γάρ

137 1674 298 1744 ἐντῷ
329 1676 462 1746 ἱερῷ
501 1677 799 1748 θησαυρὸς,
833 1679 892 1731 ὲν
937 1673 982 1746 ᾧ
1032 1681 1060 1732 ὁ
1103 1679 1434 1752 βουλόμενος
1480 1683 1727 1748 ἔϐαλλεν,

138 1767 395 1821 ἐκαλεῖτο
420 1769 475 1822 δὲ
497 1786 653 1831 ουτος
684 1769 850 1837 γάςα.
896 1771 955 1824 Ὀ
980 1772 1036 1825 δὲ
1062 1773 1336 1845 θησαυρὸς
1373 1779 1485 1836 τοῖς
1526 1776 1726 1846 πένησι

135 1859 420 1912 διεδίδετο.
448 1862 511 1913 Oi
542 1860 722 1914 τοίνυν
743 1863 1029 1931 Φαρισαῖοι
1063 1864 1344 1929 πείθοντες
1376 1869 1502 1929 τοὺς
1529 1868 1729 1930 παῖδας

141 1952 315 2020 μηδὲν
355 1952 558 2008 διδόναι
605 1957 720 2018 τοῖς
767 1955 1041 2023 γονεῦσιν,
1075 1957 1192 2009 ἀλλ’
1241 1957 1552 2013 ἀνατιθέναι
1588 1961 1728 2015 αὐτὰ

1837 761 2038 814 dixerit
2070 761 2208 827 patri
2246 771 2336 812 aut
2366 759 2546 823 matri,
2580 768 2757 812 morte
2787 756 3054 810 moriatur
3083 773 3095 808 :
3125 770 3219 808 vos
3252 765 3433 807 autem

1837 850 2054 904 dicitis:
2085 849 2405 919 Quicunque
2444 849 2641 904 dixerit
2675 848 2813 917 patri
2852 856 2944 900 ant
2993 847 3172 909 matri,
3222 847 3434 899 bonum

1839 942 1929 998 Dei
1969 952 2071 1008 est,
2107 942 2372 1012 quidquid
2400 943 2512 1011 {per
2558 956 2642 995 me
2675 941 2730 993 in
2778 948 2928 992 tuum
2979 953 3268 992 cessurum
3313 944 3435 990 erat

1836 1036 2204 1098 commodum,
2252 1047 2306 1090 et
2358 1050 2464 1090 non
2521 1033 2809 1089 honorabit
2841 1032 2953 1102 78
2983 1040 3195 1102 patrem
3246 1044 3431 1094 suum,

1837 1138 1930 1181 aut
1981 1138 2212 1183 matrem
2249 1142 2401 1182 suam
2429 1144 2442 1180 :
2472 1136 2528 1181 et
2584 1125 2802 1181 irritum
2847 1124 3061 1179 fecistis
3100 1129 3432 1191 prmptum

1839 1219 1934 1274 Dei
1966 1228 2189 1290 propter
2219 1218 2572 1272 traditionem
2612 1225 2875 1270 vestram.
2905 1232 2922 1264 ι
2962 1212 3222 1267 Phariszei
3266 1227 3432 1266 accu-

1846 1311 2046 1367 sabant
2076 1311 2372 1380 discipulos
2402 1309 2556 1380 quasi
2591 1308 2907 1362 mandatum
2945 1306 3224 1361 seniorum
3282 1318 3428 1376 prte-

1839 1405 2162 1460 varicantes.
2189 1403 2444 1458 Christus
2481 1411 2661 1456 autem
2689 1399 2930 1454 ostendit
2959 1399 3105 1468 ipsos
3133 1395 3227 1450 Dei
3255 1397 3431 1466 legem

1837 1497 2207 1566 pracvaricari.
2235 1495 2510 1550 Docehant
2543 1494 2686 1547 enim
2737 1506 2934 1560 pueros
2973 1507 3040 1546 ne
3072 1490 3204 1561 quid
3235 1490 3434 1543 darent

1843 1591 2180 1659 parentibus,
2233 1589 2328 1643 sed
2382 1587 2639 1641 oﬂ‘errent
2676 1598 3012 1656 qua‘cunque
3054 1582 3328 1637 habebant
3375 1583 3431 1635 in

1837 1681 2288 1753 gazophylacium
2323 1678 2531 1748 templi.
2558 1677 2689 1732 Erat
2741 1687 2922 1731 autem
2964 1677 3017 1729 in
3061 1673 3260 1742 templo
3303 1674 3429 1728 the-

1835 1790 2049 1840 saurus,
2077 1776 2130 1829 in
2160 1788 2319 1843 quem
2351 1773 2600 1843 quisquis
2632 1771 2846 1824 volebat
2893 1767 3174 1838 quidpiam
3217 1767 3425 1820 immit-

1837 1874 1999 1929 teret,
2052 1867 2460 1933 vocabaturque
2505 1864 2594 1917 ille
2621 1862 2866 1934 gaza.At
2913 1860 3344 1914 distribuebatur
3376 1860 3430 1928 in

1835 1973 2103 2026 pauperes
2151 1958 2461 2011 thesaurus.
2508 1954 2766 2010 Pharisaei
2833 1953 2997 2024 igitur
3043 1951 3436 2020 persuadentes

139 2045 215 2112 τῷ
244 2044 510 2116 θησαυρῷ
541 2046 633 2100 τοῦ
667 2047 836 2115 ίεροῦ,
866 2048 1148 2102 ἐδίδασκον
1176 2051 1374 2114 αὐτοὺς
1420 2051 1603 2119 λέγειν
1647 2054 1728 2106 ὃτι

1849 2052 2020 2120 pueris
2057 2066 2124 2105 ne
2153 2049 2284 2118 quid
2316 2049 2510 2103 darent
2553 2045 2896 2115 parentibus,
2925 2043 3019 2099 sed
3070 2041 3330 2097 oﬂ'errent
3380 2039 3436 2094 in

137 2134 326 2205 Δῶρον
355 2137 494 2196 ἐστι,
520 2139 823 2203 τουτέστιν,
850 2141 1273 2210 ἀνατεθειμένον
1300 2142 1378 2212 τῷ
1407 2142 1528 2214 Θεῷ
1557 2147 1728 2208 ἐστιν,

138 2221 184 2278 ὦ
228 2226 432 2296 πάτερ,
473 2227 502 2279 ὃ
532 2229 716 2298 ζητεῖς
747 2229 808 2294 ἐξ
837 2231 973 2301 ἐμοῦ
1001 2231 1380 2304 ὠφεληθῆναι.
1417 2235 1530 2288 Καὶ
1557 2234 1730 2301 οὓτως

139 2319 402 2390 ὲμέριζον
430 2322 586 2374 αὐτοὶ
642 2322 782 2392 μετὰ
821 2323 932 2378 τῶν
973 2325 1181 2379 παίδων
1209 2327 1277 2380 τὰ
1307 2327 1589 2398 χρήματα,
1637 2330 1732 2383 καὶ

138 2414 188 2464 οἱ
226 2413 409 2478 γονεῖς
439 2414 917 2485 κατελιμπάνοντο
948 2417 1361 2489 ἀγηροκόμητοι
1385 2437 1399 2452 ο
1428 2421 1649 2474 ἐποίουν
1674 2422 1733 2475 δὲ

141 2503 303 2557 τοῦτο
335 2505 431 2559 καὶ
460 2507 509 2558 οί
540 2507 837 2561 δανεισταί.
897 2510 1026 2562 Ἐὰν
1079 2510 1188 2581 γάρ
1223 2525 1301 2574 τις
1350 2511 1590 2565 ἐδάνεισὲ
1624 2529 1733 2566 τινι

142 2597 432 2665 χρήματα,
458 2595 575 2651 εἶτα
598 2598 857 2662 δύσκολος
886 2602 915 2654 ὁ
943 2601 1228 2671 χρεώστης
1253 2598 1322 2672 ἦν
1357 2604 1452 2657 καὶ
1475 2605 1578 2657 οὐκ
1600 2605 1733 2659 ἀπε-

140 2686 288 2740 δίδου
320 2688 381 2740 τὸ
407 2690 780 2760 ὀφειλόμενον,
827 2693 1017 2761 ἔλεγεν
1048 2697 1075 2747 ὁ
1103 2695 1390 2766 δανειστὴς
1439 2697 1577 2765 πρὸς
1604 2698 1700 2751 τοῦ
1719 2726 1732 2738 ο

143 2796 236 2830 τον
272 2780 362 2832 τὸν
389 2782 685 2852 ἀγνώμονα
722 2784 1009 2856 χρεώστην
1033 2802 1046 2816 ’
1088 2787 1308 2858 Κορϐάν
1337 2789 1486 2842 ἐστιν
1515 2789 1543 2842 ὃ
1583 2790 1734 2858 ὀφεί-

145 2869 261 2932 λεις
323 2889 437 2939 μοι,
485 2875 757 2942 τουτέστι,
807 2876 978 2947 δῶρον
1011 2878 1090 2947 τῷ
1131 2879 1248 2947 Θεῷ
1290 2881 1732 2950 ἁνατεθειμένον.

157 2963 216 3015 Ὁ
245 2962 338 3017 οῦν
365 2963 646 3033 χρεώστης
670 2967 742 3029 ώς
761 2967 838 3036 τῷ
853 2967 971 3038 Θεῷ
990 2967 1175 3022 ἔκτοτε
1190 2971 1443 3038 ὀφείλων,
1472 2974 1566 3026 καὶ
1588 2974 1737 3027 ἄκων

146 3055 451 3108 κατέϐαλλε
472 3071 484 3082 ·
519 3056 678 3110 τοῦτο
699 3059 984 3113 ἐδίδασκον
1009 3063 1136 3125 τοὺς
1165 3064 1360 3127 παῖδας
1385 3066 1432 3116 οἱ
1449 3066 1736 3135 Φαρισαῖοι

151 3162 352 3196 ποιειν.

225 3257 244 3288 ι
317 3238 683 3310 Ὑποκριται,
735 3245 916 3308 καλῶς
968 3247 1343 3315 προεφήτευσε
1407 3251 1531 3318 περέ
1584 3249 1738 3317 ὑμῶν

153 3332 414 3397 Ίισαῖας,
443 3333 619 3401 λέγων
646 3353 657 3366 ’
691 3337 936 3405 Ἐγγίζει
971 3355 1058 3407 μοι
1092 3341 1118 3391 ό
1149 3340 1274 3403 λαὺς
1320 3335 1473 3405 οὗτος
1503 3342 1579 3413 τῷ
1614 3344 1733 3397 στό-

150 3439 289 3490 ματι
323 3424 527 3487 αὐτῶν,
554 3429 648 3480 καὶ
678 3431 789 3492 τοῖς
823 3430 1027 3498 χείλεσί
1061 3449 1128 3499 με
1188 3436 1345 3503 τιμᾷ,
1389 3436 1421 3505 ὴ
1453 3435 1510 3488 δὲ
1541 3437 1740 3508 καρδία

143 3518 332 3570 αὑτῶν
364 3521 559 3590 ττόρρω
601 3522 796 3592 ἀπέχει
830 3526 926 3578 ἀπ’
954 3526 1112 3595 ἐμοῦ.
1147 3527 1345 3595 Μάτην
1377 3527 1435 3580 δὲ
1489 3528 1742 3582 σέϐονταί

149 3629 244 3676 με,
273 3610 623 3676 διδάσκοντες
647 3615 994 3680 διδασκαλίας
1022 3619 1339 3688 ἐντάλματα
1361 3619 1688 3690 ἀνθρώπων.
1720 3640 1737 3673 ι

145 3701 406 3752 Δείκνυσι
436 3701 520 3753 διὰ
551 3704 646 3773 τῆς
689 3705 912 3758 Ἡσαΐου
957 3709 1165 3777 φωνῆς,
1196 3710 1289 3761 καὶ
1329 3709 1461 3778 περὶ
1498 3709 1589 3762 τὸν
1625 3711 1740 3763 Πα-

147 3793 291 3859 τέρα
337 3793 505 3846 αὑτοῦ
539 3793 815 3859 τοιούτους
845 3796 1004 3860 ὄντας
1063 3799 1285 3862 αὐτοὺς,
1323 3794 1426 3851 οἷοι
1478 3800 1574 3853 καὶ
1617 3803 1746 3872 περὶ¹

147 3885 322 3936 αὑτὸν
351 3885 736 3954 εὑρίσκονται·
777 3889 1005 3960 πονηροὶ
1038 3889 1144 3961 γὰρ
1180 3891 1355 3954 ὄντες,
1397 3892 1492 3944 καὶ
1511 3893 1604 3946 διὰ
1634 3893 1745 3946 τῶν

151 3977 415 4048 πονηρῶν
446 3977 624 4048 ἔργων
657 3981 1026 4052 μικρύνοντες
1052 3983 1286 4045 ἑαυτοὺς
1316 3983 1409 4036 τοῦ
1440 3984 1599 4049 Θεοῦ,
1628 3987 1749 4039 στό-

154 4089 294 4139 ματι
330 4071 492 4139 μόνον
533 4072 758 4124 ἐλάλουν
802 4073 864 4125 τὰ
899 4074 993 4126 τοῦ
1022 4075 1158 4128 Θεοῦ
1195 4076 1373 4144 λόγια.
1416 4077 1610 4147 Μάτην
1638 4078 1748 4149 γὰρ

151 4161 380 4225 πάντως
416 4163 663 4219 σέϐονται
689 4167 781 4218 καὶ
805 4166 1023 4221 δοκοῦσι
1063 4170 1227 4240 τιμᾷν
1261 4170 1353 4224 τὸν
1397 4169 1552 4236 Θεὸν,
1583 4174 1630 4225 οἱ
1658 4172 1748 4226 διὰ

149 4253 266 4306 τῶν
295 4254 477 4324 ἔργων
506 4256 669 4310 αὑτὸν
697 4259 1080 4328 ἀτιμάζοντες.

239 4365 258 4397 ι
304 4346 417 4400 Καὶ
441 4349 959 4420 προσκαλεσάμενος
989 4352 1081 4406 τὸν
1120 4353 1299 4424 ὄχλον,
1333 4353 1489 4410 εἶπεν
1521 4358 1705 4421 αὐτοῖς
1731 4373 1745 4387 '

169 4439 432 4496 Ἀκούετε
483 4444 576 4495 καὶ
637 4443 868 4499 συνίετε.
909 4445 986 4499 Οὐ
1024 4446 1083 4499 τὸ
1123 4449 1509 4520 είσερχόμενον
1555 4452 1634 4514 εἰς
1690 4451 1751 4503 τὸ

157 4536 339 4605 στόμα
367 4538 538 4588 κοινοῖ
560 4537 652 4589 τὸν
677 4537 988 4607 ἄνθρωπον,
1026 4540 1165 4594 ἀλλὰ
1217 4543 1278 4595 τὸ
1301 4545 1745 4615 ἐκπορευόμενον

157 4631 227 4680 ἐκ
257 4627 353 4681 τοῦ
382 4629 672 4698 στόματος,
706 4630 867 4686 τοῦτο
897 4635 1066 4686 κοινοῖ
1093 4633 1185 4688 τὸν
1217 4634 1534 4706 ἄνθρωπον.
1575 4655 1593 4688 ι
1631 4638 1749 4692 Οὐκ

158 4719 244 4770 ἐτι
275 4721 387 4781 τοῖς
419 4719 751 4790 Φαρασαίοις
787 4722 1136 4791 διαλέγεται,
1194 4724 1271 4789 ὡς
1322 4727 1739 4796 ὰθεραπεύτοις,

1861 4720 2174 4786 Ριιίιτὶδωὶε,
2226 4732 2412 4790 utpote
2455 4721 2852 4776 incnrabilibus
2882 4737 2895 4773 :
2930 4719 3100 4775 turbae
3152 4730 3333 4775 autem
3369 4721 3450 4774 lo-
3547 4772 3560 4787 .

154 4805 240 4874 τῷ
267 4805 413 4876 ὄχλῳ
439 4807 517 4860 δέ.
551 4809 662 4862 Καὶ
690 4810 778 4864 διὰ
822 4811 917 4864 τοῦ
944 4814 1431 4884 προσκαλέσασθαι
1473 4818 1625 4872 δοκεῖ
1666 4837 1752 4872 τι-

159 4902 275 4970 μᾷν
329 4900 550 4964 αὐτοὺς,
599 4902 685 4956 ἵνα
728 4899 1145 4973 παραδέξωνται
1202 4909 1296 4962 τὸν
1337 4909 1497 4979 λόγον
1557 4913 1748 4979 αὑτοῦ,

157 4989 257 5043 καί
288 5007 456 5058 φησιν
478 5007 490 5020 ·
527 4992 779 5046 ’Δκούετε
818 4997 912 5048 καὶ
941 4998 1176 5064 συνίετε,
1219 5001 1516 5054 διανιστῶν
1549 4993 1750 5067 αὐτοὺς

156 5086 241 5144 εἰς
286 5086 584 5156 προσοχὴν.
617 5086 738 5139 Τῶν
778 5087 835 5140 δὲ
879 5091 1192 5160 Φαρισαίων
1239 5094 1584 5164 αίτιωμένων
1624 5099 1749 5161 τοὺς

159 5175 420 5244 μαθητὰς
449 5177 525 5238 ώς
575 5177 826 5242 ἀνίπτοις
867 5183 1054 5251 χερσὶν
1104 5183 1428 5250 ἐσθίοντας,,
1459 5187 1486 5240 ὁ
1543 5189 1752 5259 Κύριος

160 5265 297 5334 περὶ
332 5263 640 5334 βρωμάτων
670 5267 841 5335 λέγει,
877 5271 958 5323 ὅτι
993 5271 1144 5325 οὐδὲν
1190 5274 1390 5344 βρῶμα
1443 5281 1616 5331 κοινοῖ
1660 5280 1752 5334 τὸν

157 5359 478 5438 ἄνθρωπον,
531 5362 780 5414 τουτέστι
835 5362 1077 5431 μολύνει.
1123 5365 1232 5417 Καὶ
1282 5367 1331 5418 εί
1377 5367 1436 5428 τὸ
1472 5370 1666 5440 βρῶμα
1691 5373 1748 5424 οὐ

163 5451 417 5520 μολύνει,
452 5451 634 5522 πολλῷ
661 5453 864 5522 μᾶλλον
908 5455 968 5508 τὸ
1001 5457 1248 5521 ἀνίπτοις
1298 5461 1488 5530 χερσὶν
1528 5463 1753 5519 ἐσθίειν.

157 5545 407 5600 Γιίολὺνει
440 5546 549 5615 γὰρ
597 5547 688 5598 τὶν
729 5547 880 5611 ἐντὸς
912 5549 1228 5618 ἄνθρωπον,
1275 5553 1336 5606 τὸ
1397 5554 1578 5621 λέγειν
1610 5557 1644 5608 ἃ
1681 5559 1756 5626 μὴ

157 5642 262 5693 (ei.
300 5639 616 5691 Λίνίττεται
650 5640 704 5692 δὲ
750 5642 834 5693 διὰ
866 5643 1059 5696 τούτου
1097 5646 1221 5708 τοὺς
1273 5647 1625 5715 Φαρισαίους,
1664 5669 1758 5718 μο-

159 5735 498 5804 λυνομένους
537 5733 603 5784 ὲκ
632 5734 724 5786 τοῦ
749 5735 927 5802 λέγειν
969 5736 1305 5803 φθονούντων
1365 5740 1586 5809 ῥήματα
1612 5758 1624 5773 ο
1656 5745 1758 5810 ὅρα

157 5829 218 5881 ea
253 5829 484 5897 σοφίαν,
540 5825 659 5888 πῶς
703 5826 820 5880 οὗτε
876 5829 1126 5898 φανερῶς
1162 5832 1222 5882 τὸ
1271 5832 1497 5884 ἄνιπτον
1557 5833 1758 5886 ἐσθίειν

1836 2143 2149 2198 thesaurum
2187 2139 2396 2208 templi.
2457 2140 2726 2193 docebat
2800 2137 2948 2205 ipsos
3013 2143 3074 2189 ut
3137 2134 3434 2188 dicerent:

1841 2233 2047 2287 Donum
2081 2231 2176 2286 Dei
2207 2243 2314 2295 est,
2343 2230 2394 2285 id
2417 2240 2519 2295 est,
2562 2230 2800 2291 oblatum
2826 2227 2938 2282 Deo
2973 2236 3077 2292 est,
3110 2241 3143 2280 ο
3173 2234 3350 2296 pater,
3385 2223 3436 2276 id

1835 2330 1978 2398 quod
2009 2343 2104 2396 per
2130 2343 2215 2382 me
2249 2327 2341 2382 tibi
2375 2327 2493 2381 usui
2535 2341 2658 2382 esse
2696 2326 2869 2396 cupis.
2922 2323 2987 2378 Et
3011 2322 3092 2377 sie
3121 2320 3434 2392 partieban-

1835 2426 1926 2474 tur
1956 2419 2056 2489 ipsi
2096 2434 2219 2474 cum
2250 2418 2378 2473 ﬁliis
2409 2431 2540 2487 opes
2565 2435 2578 2472 :
2607 2428 2663 2472 et
2690 2425 2945 2486 parentes
2984 2414 3435 2483 relinquebantur

1834 2523 1891 2566 et
1928 2510 2442 2575 contemnebantur,
2468 2524 2568 2565 nec
2616 2508 2670 2566 in
2725 2518 2943 2564 senecta
2997 2507 3304 2562 alebantur.
3336 2493 3437 2558 Ιτα-

1837 2604 2055 2660 ciebant
2083 2611 2266 2658 autem
2302 2604 2404 2659 hoc
2433 2613 2490 2658 et
2520 2602 2843 2657 creditores.
2864 2601 2921 2656 Si
2955 2601 3081 2672 quis
3111 2600 3256 2655 enim
3311 2598 3436 2653 cui-

1837 2697 1982 2766 piam
2041 2704 2231 2750 mutuo
2285 2695 2528 2752 dedisset
2579 2694 2955 2765 pecuniaszet
3007 2692 3206 2748 deinde
3262 2691 3438 2745 malus

1835 2787 2053 2842 debitor
2085 2804 2192 2842 non
2226 2787 2481 2842 redderet
2517 2786 2782 2849 debitum,
2809 2784 3028 2838 dicebat
3077 2783 3316 2838 creditor
3371 2783 3438 2835 ad

1842 2878 1992 2932 illum
2034 2881 2305 2950 ingratum
2336 2879 2640 2934 debitorem
2673 2895 2685 2932 :
2713 2877 2929 2933 Corban
2963 2886 3047 2931 est
3082 2875 3226 2945 quod
3273 2875 3440 2930 debes

1841 2972 1995 3036 mihi,
2027 2973 2129 3027 hoc
2161 2982 2262 3035 est,
2289 2972 2491 3027 donum
2552 2972 2658 3025 Deo
2703 2970 2966 3023 oblatum.
2998 2969 3218 3023 Debitor
3272 2969 3441 3038 igitur

1843 3073 1972 3116 tunc
2005 3065 2158 3131 quasi
2203 3063 2311 3118 Deo
2339 3064 2563 3126 debens,
2589 3063 2752 3118 etiam
2801 3063 3009 3115 invitus
3037 3061 3436 3115 dintnnerabat.

1845 3154 1957 3210 lloc
1993 3157 2263 3210 docebant
2299 3155 2562 3210 Pinarini
2593 3170 2790 3224 pueros
2823 3153 3026 3209 facere.

1921 3249 2084 3305 Vens.
2114 3252 2145 3304 7
2178 3251 2233 3305 9.
2279 3269 2298 3301 ι
2358 3247 2690 3320 ilypocritte,
2740 3246 2878 3302 bene
2955 3247 3302 3316 prophetarit
3377 3248 3442 3300 de

1848 3341 2004 3398 vobis
2037 3341 2206 3396 Isaias
2243 3341 2432 3396 dicens
2467 3338 2911 3407 :Appropinquat
2936 3338 3070 3392 mihi
3099 3338 3330 3408 pepulus
3354 3338 3444 3392 hic

1847 3450 1944 3490 ore
1983 3449 2103 3499 suo,
2129 3442 2184 3488 et
2213 3433 2372 3488 labiis
2413 3447 2501 3486 me
2535 3433 2788 3497 honorat,
2832 3441 3091 3486 caeterum
3121 3446 3217 3484 cor
3251 3445 3441 3484 eorum

1849 3526 2036 3594 procul
2066 3524 2220 3580 abest
2253 3539 2283 3577 a
2313 3537 2418 3577 me.
2439 3520 2545 3577 Sed
2579 3523 2783 3576 frustra
2835 3537 2923 3576 me
2959 3521 3144 3576 colunt
3187 3521 3446 3576 docentes

1849 3627 2120 3688 prarcepta
2151 3615 2416 3674 doctrina:
2452 3615 2752 3670 hominum.
2791 3636 2806 3666 ι
2843 3611 3094 3670 Ostendit
3126 3613 3279 3668 Isaite
3312 3629 3446 3668 voce

1851 3705 1995 3778 quod
2050 3710 2214 3763 etiam
2261 3707 2396 3762 tales
2436 3709 2547 3762 sint
2583 3722 2710 3776 erga
2759 3705 2980 3761 Patrem
3025 3722 3206 3770 suum,
3256 3708 3447 3775 quales

1849 3813 1902 3856 et
1930 3816 2058 3871 erga
2101 3816 2158 3855 se
2190 3801 2572 3854 inveniuntur.
2620 3797 2752 3853 Nam
2805 3814 2928 3854 cum
2968 3798 3094 3852 mali
3135 3808 3340 3861 essent,
3393 3809 3448 3853 et

1851 3902 2073 3962 pr0pter
2103 3892 2245 3946 mala
2284 3908 2448 3962 opera
2482 3891 2695 3963 longius
2729 3907 2759 3947 a
2793 3891 2902 3946 Deo
2940 3893 3286 3954 recederent,
3311 3892 3446 3946 divi-

1853 4001 1978 4038 num
2027 3984 2103 4055 (α)
2146 3997 2455 4037 sermonem
2491 3981 2611 4037 solo
2663 3996 2759 4034 ore
2797 3980 3184 4048 loquebantur.
3213 3980 3449 4036 Frustra

1851 4076 1995 4130 enim
2025 4075 2212 4129 colunt
2238 4084 2290 4128 et
2319 4083 2514 4144 putant
2536 4088 2593 4128 se
2629 4073 2811 4130 colere
2832 4073 3021 4141 Deum,
3045 4073 3136 4144 qui
3165 4088 3264 4144 per
3282 4087 3448 4143 opera

1853 4168 2002 4223 illum
2040 4169 2405 4223 dehonorant.

1931 4352 2321 4416 Vens.10,il.
2360 4370 2378 4403 ι
2420 4351 2482 4405 Ει
2529 4350 2923 4421 ειινοειιιίεῖοὰ
2970 4366 3029 4406 se
3074 4351 3271 4414 turbis,
3316 4350 3452 4406 dixit

1853 4447 1970 4502 eis:
2013 4448 2209 4501 Audite
2237 4456 2289 4501 ct
2337 4444 2643 4515 intelligite.
2683 4445 2795 4500 Non
2836 4443 2980 4514 quod
3023 4445 3326 4514 ingreditur
3363 4461 3445 4510 os,

1857 4541 2092 4608 impnrat
2126 4539 2404 4594 hominem
2433 4556 2447 4590 :
2473 4537 2567 4592 sed
2598 4537 2739 4606 quod
2786 4539 3068 4605 egreditur
3097 4552 3160 4595 ex
3192 4552 3309 4601 ore,
3346 4539 3449 4592 hoc

1857 4632 2128 4698 impurum
2175 4628 2706 4706 redditdiominem.
2774 4647 2790 4676 ι
2834 4625 2949 4682 Non
3006 4627 3248 4696 loquitur
3302 4627 3451 4682 ultra

1861 4820 2069 4887 quitur,
2119 4827 2172 4870 et
2216 4830 2312 4885 per
2340 4815 2488 4884 quod
2517 4815 2646 4874 illos
2699 4814 2764 4870 ad
2820 4828 2878 4868 se
2915 4813 3146 4868 advocat
3185 4815 3449 4869 honorem

1859 4909 1965 4965 illis
1994 4906 2210 4968 deferre
2243 4907 2480 4970 videtur,
2506 4913 2562 4958 ιιι
2592 4905 2888 4972 suscipiant
2921 4919 3226 4961 sermonem
3255 4922 3447 4961 suum:

1858 5012 1913 5057 et
1954 4999 2152 5070 inquit,
2202 4998 2497 5064 Audite,et
2539 4997 2851 5065 intelligile,
2877 4998 3122 5053 excitans
3156 5009 3342 5065 cos,et
3373 5009 3451 5054 at-

1857 5104 2035 5151 tentos
2071 5093 2297 5148 faciens.
2329 5091 2466 5158 Quia
2497 5101 2676 5145 autem
2714 5091 2974 5146 Pharismi
3028 5093 3328 5162 arguebant
3364 5095 3440 5147 di—

1853 5188 2093 5259 scipulos
2118 5185 2263 5257 quod
2299 5186 2465 5243 illetis
2497 5185 2748 5238 manibus
2775 5185 3147 5250 comederent,
3182 5186 3450 5242 Dominus

1854 5285 1922 5340 de
1943 5281 2081 5336 cibis
2103 5280 2234 5334 dicit
2255 5277 2396 5346 quod
2428 5277 2607 5330 nullus
2630 5277 2783 5330 cibus
2806 5277 3117 5346 coinquinet
3147 5278 3447 5344 hominem,

1859 5374 1938 5429 vel
1970 5375 2229 5446 impuret.
2255 5367 2319 5426 Et
2343 5372 2385 5424 si
2421 5371 2575 5424 ribus
2611 5387 2720 5424 non
2754 5370 3028 5438 inquinat,
3055 5374 3222 5426 multo
3253 5376 3447 5444 magis,

1859 5467 2022 5522 illotis
2081 5465 2366 5520 comedere
2425 5459 3058 5528 man-ibus.Coinquinat
3115 5463 3257 5515 enim
3300 5464 3448 5518 intus

1860 5559 2132 5612 [neminem
2176 5556 2359 5609 dicere
2393 5570 2513 5623 quzn
2543 5569 2647 5606 non
2681 5562 2914 5620 oportet.
2939 5551 3107 5607 Nubit
3145 5566 3326 5608 autem
3367 5556 3448 5608 la-

1859 5661 2032 5704 tenter
2066 5649 2370 5702 [‘ltarisrcus
2408 5662 2502 5715 per
2535 5645 2618 5697 illa
2670 5645 2960 5713 \'erba,qui
3020 5646 3264 5700 dicentes
3303 5648 3445 5700 invio

1857 5743 2048 5795 dorum
2091 5743 2250 5794 verba
2285 5738 2798 5806 coinquinabantur.
2833 5735 2965 5792 Vide
2997 5751 3179 5793 autem
3232 5741 3453 5806 sapien-

1860 5837 2011 5896 tiam,
2055 5834 2325 5896 quomodo
2387 5845 2560 5899 neque
2617 5829 2909 5886 manifeste
2969 5830 3134 5887 illotis
3195 5835 3447 5886 manilium

229 6013 305 6087 ιιι)
347 6012 494 6063 Ιίζδίὶι.
536 6007 652 6062 Lut.
691 6024 799 6063 tum
836 6011 960 6063 limit
991 6023 1179 6076 (soriti,
1205 6023 1414 6083 pt'upttt‘
1440 6011 1578 6065 mulu
1607 6029 1739 6081 εψςις

1849 6030 1952 6083 ἠδι-
1987 6014 2179 6082 flebunt
2212 6033 2238 6067 τι
2269 6016 2396 6082 υίυ,
2431 6024 2473 6067 cl
2509 6015 2742 6067 u'itinmrs
