  <div class='ocr_page' id='page_1' title='image "/cluster/home/n/w/nwhite01/storage/ocr_20150623/123/uva.x004884189/220.png"; bbox 0 0 4030 6622; ppageno 0'>
   <div class='ocr_carea' id='block_1_1' title="bbox 511 158 1101 183">
    <p class='ocr_par' dir='ltr' id='par_1_1' title="bbox 629 160 1100 181">
     <span class='ocr_line' id='line_1_1' title="bbox 629 160 1100 181; baseline 0.002 -20"><span class='ocrx_word' id='word_1_1' title='bbox 629 172 834 181; x_wconf 41' lang='lat' dir='ltr'><strong>f—</strong></span> <span class='ocrx_word' id='word_1_2' title='bbox 890 162 1060 170; x_wconf 24' lang='grc' dir='ltr'><strong>-νάῗ-</strong></span> <span class='ocrx_word' id='word_1_3' title='bbox 1078 160 1100 162; x_wconf 41' lang='lat'><em>7</em></span> 
     </span>
    </p>
   </div>
   <div class='ocr_carea' id='block_1_2' title="bbox 216 546 326 610">
    <p class='ocr_par' dir='ltr' id='par_1_2' title="bbox 216 546 326 610">
     <span class='ocr_line' id='line_1_2' title="bbox 216 546 326 610; baseline -0.009 0"><span class='ocrx_word' id='word_1_4' title='bbox 216 546 326 610; x_wconf 76' lang='lat'><strong>309</strong></span> 
     </span>
    </p>
   </div>
   <div class='ocr_carea' id='block_1_3' title="bbox 939 473 2948 596">
    <p class='ocr_par' dir='ltr' id='par_1_3' title="bbox 939 473 2948 596">
     <span class='ocr_line' id='line_1_3' title="bbox 939 473 2948 596; baseline -0.008 0"><span class='ocrx_word' id='word_1_5' title='bbox 939 528 1391 596; x_wconf 73' lang='lat' dir='ltr'><strong>ENARRATIO</strong></span> <span class='ocrx_word' id='word_1_6' title='bbox 1422 528 1502 591; x_wconf 89' lang='lat' dir='ltr'><strong>lN</strong></span> <span class='ocrx_word' id='word_1_7' title='bbox 1534 473 2046 588; x_wconf 51' lang='lat' dir='ltr'><strong>EVANGELIUM</strong></span> <span class='ocrx_word' id='word_1_8' title='bbox 2097 518 2490 584; x_wconf 67' lang='lat' dir='ltr'><strong>MATTH/Ei.</strong></span> <span class='ocrx_word' id='word_1_9' title='bbox 2529 543 2598 556; x_wconf 87' lang='grc'><strong>--·</strong></span> <span class='ocrx_word' id='word_1_10' title='bbox 2635 519 2798 580; x_wconf 77' lang='lat' dir='ltr'><strong>CAP.</strong></span> <span class='ocrx_word' id='word_1_11' title='bbox 2825 519 2948 581; x_wconf 81' lang='lat' dir='ltr'><strong>XV.</strong></span> 
     </span>
    </p>
   </div>
   <div class='ocr_carea' id='block_1_4' title="bbox 3400 513 3508 577">
    <p class='ocr_par' dir='ltr' id='par_1_4' title="bbox 3400 513 3508 577">
     <span class='ocr_line' id='line_1_4' title="bbox 3400 513 3508 577; baseline 0.019 -2"><span class='ocrx_word' id='word_1_12' title='bbox 3400 513 3508 577; x_wconf 76' lang='lat'><strong>310</strong></span> 
     </span>
    </p>
   </div>
   <div class='ocr_carea' id='block_1_5' title="bbox 220 631 1824 724">
    <p class='ocr_par' dir='ltr' id='par_1_5' title="bbox 220 639 1810 724">
     <span class='ocr_line' id='line_1_5' title="bbox 220 639 1810 724; baseline -0.012 -13"><span class='ocrx_word' id='word_1_13' title='bbox 220 657 409 720; x_wconf 83' lang='grc' dir='ltr'>κακῶς</span> <span class='ocrx_word' id='word_1_14' title='bbox 442 650 835 724; x_wconf 76' lang='grc' dir='ltr'>δαιμονίζεται.</span> <span class='ocrx_word' id='word_1_15' title='bbox 879 649 938 704; x_wconf 91' lang='lat'><strong>&#39;0</strong></span> <span class='ocrx_word' id='word_1_16' title='bbox 969 649 1024 702; x_wconf 64' lang='grc' dir='ltr'><strong>δέ</strong></span> <span class='ocrx_word' id='word_1_17' title='bbox 1062 647 1162 703; x_wconf 80' lang='grc' dir='ltr'>οὐκ</span> <span class='ocrx_word' id='word_1_18' title='bbox 1212 643 1489 716; x_wconf 76' lang='grc' dir='ltr'><strong>ἀπεκρίθη</strong></span> <span class='ocrx_word' id='word_1_19' title='bbox 1535 643 1672 713; x_wconf 76' lang='grc' dir='ltr'>αὐτῇ</span> <span class='ocrx_word' id='word_1_20' title='bbox 1721 639 1810 693; x_wconf 81' lang='grc' dir='ltr'>λόο</span> 
     </span>
    </p>
   </div>
   <div class='ocr_carea' id='block_1_6' title="bbox 1933 631 3501 724">
    <p class='ocr_par' dir='ltr' id='par_1_6' title="bbox 1933 631 3501 705">
     <span class='ocr_line' id='line_1_6' title="bbox 1933 631 3501 705; baseline -0.001 -16"><span class='ocrx_word' id='word_1_21' title='bbox 1933 637 2053 692; x_wconf 82' lang='lat' dir='ltr'><strong>usle</strong></span> <span class='ocrx_word' id='word_1_22' title='bbox 2079 653 2105 691; x_wconf 66' lang='grc' dir='ltr'><strong>α</strong></span> <span class='ocrx_word' id='word_1_23' title='bbox 2139 636 2410 691; x_wconf 70' lang='lat' dir='ltr'><strong>daemonio</strong></span> <span class='ocrx_word' id='word_1_24' title='bbox 2439 635 2697 705; x_wconf 82' lang='lat' dir='ltr'><strong>agitatur.</strong></span> <span class='ocrx_word' id='word_1_25' title='bbox 2726 633 2818 690; x_wconf 85' lang='lat' dir='ltr'><strong>ille</strong></span> <span class='ocrx_word' id='word_1_26' title='bbox 2849 649 2982 690; x_wconf 87' lang='lat' dir='ltr'><strong>vero</strong></span> <span class='ocrx_word' id='word_1_27' title='bbox 3015 649 3122 689; x_wconf 90' lang='lat' dir='ltr'><strong>non</strong></span> <span class='ocrx_word' id='word_1_28' title='bbox 3151 631 3430 700; x_wconf 86' lang='lat' dir='ltr'><strong>respondit</strong></span> <span class='ocrx_word' id='word_1_29' title='bbox 3452 634 3501 688; x_wconf 86' lang='lat' dir='ltr'><strong>ei</strong></span> 
     </span>
    </p>
   </div>
   <div class='ocr_carea' id='block_1_7' title="bbox 222 732 1809 815">
    <p class='ocr_par' dir='ltr' id='par_1_7' title="bbox 222 732 1809 815">
     <span class='ocr_line' id='line_1_7' title="bbox 222 732 1809 815; baseline -0.011 -12"><span class='ocrx_word' id='word_1_30' title='bbox 222 765 340 815; x_wconf 90' lang='grc' dir='ltr'>γον.</span> <span class='ocrx_word' id='word_1_31' title='bbox 389 767 406 799; x_wconf 75' lang='grc' dir='ltr'><strong>ι</strong></span> <span class='ocrx_word' id='word_1_32' title='bbox 435 745 595 805; x_wconf 84' lang='grc' dir='ltr'>Τίνος</span> <span class='ocrx_word' id='word_1_33' title='bbox 631 745 819 797; x_wconf 66' lang='grc' dir='ltr'>ἕνεκεν</span> <span class='ocrx_word' id='word_1_34' title='bbox 845 743 969 806; x_wconf 59' lang='grc' dir='ltr'>τους</span> <span class='ocrx_word' id='word_1_35' title='bbox 1003 739 1253 809; x_wconf 78' lang='grc' dir='ltr'>μαθητάς</span> <span class='ocrx_word' id='word_1_36' title='bbox 1292 734 1547 798; x_wconf 78' lang='grc' dir='ltr'><strong>κωλύσας</strong></span> <span class='ocrx_word' id='word_1_37' title='bbox 1584 737 1662 796; x_wconf 86' lang='grc' dir='ltr'><strong>είς</strong></span> <span class='ocrx_word' id='word_1_38' title='bbox 1691 732 1809 788; x_wconf 77' lang='grc' dir='ltr'>ὁδὸν</span> 
     </span>
    </p>
   </div>
   <div class='ocr_carea' id='block_1_8' title="bbox 224 823 1810 900">
    <p class='ocr_par' dir='ltr' id='par_1_8' title="bbox 224 823 1810 900">
     <span class='ocr_line' id='line_1_8' title="bbox 224 823 1810 900; baseline -0.011 -8"><span class='ocrx_word' id='word_1_39' title='bbox 224 838 398 892; x_wconf 73' lang='grc' dir='ltr'>ἐθνῶν</span> <span class='ocrx_word' id='word_1_40' title='bbox 437 835 732 898; x_wconf 77' lang='grc' dir='ltr'>ἀπελθεῖν,</span> <span class='ocrx_word' id='word_1_41' title='bbox 771 833 931 895; x_wconf 74' lang='grc' dir='ltr'>αὐτὸς</span> <span class='ocrx_word' id='word_1_42' title='bbox 961 833 1041 895; x_wconf 82' lang='grc' dir='ltr'><strong>είς</strong></span> <span class='ocrx_word' id='word_1_43' title='bbox 1079 829 1259 900; x_wconf 89' lang='grc' dir='ltr'>Τύρον</span> <span class='ocrx_word' id='word_1_44' title='bbox 1307 827 1402 882; x_wconf 84' lang='grc' dir='ltr'>καὶ</span> <span class='ocrx_word' id='word_1_45' title='bbox 1437 825 1679 890; x_wconf 83' lang='grc' dir='ltr'>Σιδῶνα,</span> <span class='ocrx_word' id='word_1_46' title='bbox 1710 823 1810 887; x_wconf 83' lang='grc' dir='ltr'><strong>τὰς</strong></span> 
     </span>
    </p>
   </div>
   <div class='ocr_carea' id='block_1_9' title="bbox 220 913 1811 995">
    <p class='ocr_par' dir='ltr' id='par_1_9' title="bbox 220 913 1811 995">
     <span class='ocr_line' id='line_1_9' title="bbox 220 913 1811 995; baseline -0.01 -10"><span class='ocrx_word' id='word_1_47' title='bbox 220 929 448 991; x_wconf 73' lang='grc' dir='ltr'>ιθνικάς</span> <span class='ocrx_word' id='word_1_48' title='bbox 475 926 682 991; x_wconf 85' lang='grc' dir='ltr'>πόλεις,</span> <span class='ocrx_word' id='word_1_49' title='bbox 714 923 1116 995; x_wconf 75' lang='grc' dir='ltr'>παραγίνεταις</span> <span class='ocrx_word' id='word_1_50' title='bbox 1153 921 1307 974; x_wconf 84' lang='grc' dir='ltr'>Μάθε</span> <span class='ocrx_word' id='word_1_51' title='bbox 1347 919 1441 973; x_wconf 82' lang='grc' dir='ltr'>οὖν</span> <span class='ocrx_word' id='word_1_52' title='bbox 1489 920 1571 972; x_wconf 83' lang='grc' dir='ltr'>ὅτι</span> <span class='ocrx_word' id='word_1_53' title='bbox 1606 920 1704 990; x_wconf 80' lang='grc' dir='ltr'><strong>οὐχ</strong></span> <span class='ocrx_word' id='word_1_54' title='bbox 1735 913 1811 981; x_wconf 80' lang='grc' dir='ltr'><strong>ὡς</strong></span> 
     </span>
    </p>
   </div>
   <div class='ocr_carea' id='block_1_10' title="bbox 223 1012 1804 1093">
    <p class='ocr_par' dir='ltr' id='par_1_10' title="bbox 223 1012 1804 1093">
     <span class='ocr_line' id='line_1_10' title="bbox 223 1012 1804 1093; baseline -0.009 -16"><span class='ocrx_word' id='word_1_55' title='bbox 223 1020 480 1093; x_wconf 72' lang='grc' dir='ltr'>κηρύεων</span> <span class='ocrx_word' id='word_1_56' title='bbox 509 1015 671 1090; x_wconf 78' lang='grc' dir='ltr'>ἦλθεν</span> <span class='ocrx_word' id='word_1_57' title='bbox 706 1019 843 1082; x_wconf 72' lang='grc' dir='ltr'>ἐκεῖ,</span> <span class='ocrx_word' id='word_1_58' title='bbox 877 1017 1001 1070; x_wconf 64' lang='grc' dir='ltr'>ἐπεὶ</span> <span class='ocrx_word' id='word_1_59' title='bbox 1029 1015 1104 1080; x_wconf 81' lang='grc' dir='ltr'>ὡς</span> <span class='ocrx_word' id='word_1_60' title='bbox 1134 1015 1162 1067; x_wconf 83' lang='lat'><strong>6</strong></span> <span class='ocrx_word' id='word_1_61' title='bbox 1198 1012 1428 1088; x_wconf 80' lang='grc' dir='ltr'>Μάρκος</span> <span class='ocrx_word' id='word_1_62' title='bbox 1459 1014 1618 1083; x_wconf 74' lang='grc' dir='ltr'>φησὶ,</span> <span class='ocrx_word' id='word_1_63' title='bbox 1647 1031 1666 1062; x_wconf 83' lang='grc' dir='ltr'><strong>ι</strong></span> <span class='ocrx_word' id='word_1_64' title='bbox 1705 1012 1804 1066; x_wconf 79' lang='grc' dir='ltr'>καὶ</span> 
     </span>
    </p>
   </div>
   <div class='ocr_carea' id='block_1_11' title="bbox 217 1099 1810 1186">
    <p class='ocr_par' dir='ltr' id='par_1_11' title="bbox 217 1099 1810 1186">
     <span class='ocr_line' id='line_1_11' title="bbox 217 1099 1810 1186; baseline -0.008 -16"><span class='ocrx_word' id='word_1_65' title='bbox 217 1099 463 1186; x_wconf 63' lang='grc' dir='ltr'>ὶκρυψεν</span> <span class='ocrx_word' id='word_1_66' title='bbox 489 1112 701 1168; x_wconf 79' lang='grc' dir='ltr'>έαυτόν.</span> <span class='ocrx_word' id='word_1_67' title='bbox 746 1129 764 1162; x_wconf 77' lang='grc' dir='ltr'><strong>ι</strong></span> <span class='ocrx_word' id='word_1_68' title='bbox 815 1111 1025 1173; x_wconf 81' lang='grc' dir='ltr'>’Δλλως</span> <span class='ocrx_word' id='word_1_69' title='bbox 1055 1122 1115 1162; x_wconf 85' lang='grc' dir='ltr'><strong>τε</strong></span> <span class='ocrx_word' id='word_1_70' title='bbox 1138 1149 1152 1173; x_wconf 93' lang='grc'><strong>,</strong></span> <span class='ocrx_word' id='word_1_71' title='bbox 1197 1109 1318 1162; x_wconf 74' lang='grc' dir='ltr'>ἐπεὶ</span> <span class='ocrx_word' id='word_1_72' title='bbox 1347 1103 1452 1160; x_wconf 70' lang='grc' dir='ltr'>εἶδε</span> <span class='ocrx_word' id='word_1_73' title='bbox 1487 1109 1612 1169; x_wconf 81' lang='grc' dir='ltr'>τοὺς</span> <span class='ocrx_word' id='word_1_74' title='bbox 1640 1107 1810 1175; x_wconf 70' lang='grc' dir='ltr'>Φαριο</span> 
     </span>
    </p>
   </div>
   <div class='ocr_carea' id='block_1_12' title="bbox 226 1199 1808 1277">
    <p class='ocr_par' dir='ltr' id='par_1_12' title="bbox 226 1199 1808 1277">
     <span class='ocr_line' id='line_1_12' title="bbox 226 1199 1808 1277; baseline -0.008 -15"><span class='ocrx_word' id='word_1_75' title='bbox 226 1208 416 1270; x_wconf 89' lang='grc' dir='ltr'>σαίους</span> <span class='ocrx_word' id='word_1_76' title='bbox 462 1207 537 1277; x_wconf 77' lang='grc' dir='ltr'>μὴ</span> <span class='ocrx_word' id='word_1_77' title='bbox 587 1204 917 1274; x_wconf 74' lang='grc' dir='ltr'><strong>δεξαμένους</strong></span> <span class='ocrx_word' id='word_1_78' title='bbox 962 1203 1054 1257; x_wconf 76' lang='grc' dir='ltr'>τὸν</span> <span class='ocrx_word' id='word_1_79' title='bbox 1101 1204 1230 1274; x_wconf 74' lang='grc' dir='ltr'>περὶ</span> <span class='ocrx_word' id='word_1_80' title='bbox 1279 1201 1588 1274; x_wconf 82' lang='grc' dir='ltr'><strong>βρωμάτων</strong></span> <span class='ocrx_word' id='word_1_81' title='bbox 1629 1199 1808 1268; x_wconf 83' lang='grc' dir='ltr'>λόγον,</span> 
     </span>
    </p>
   </div>
   <div class='ocr_carea' id='block_1_13' title="bbox 228 1291 1812 1378">
    <p class='ocr_par' dir='ltr' id='par_1_13' title="bbox 228 1291 1812 1378">
     <span class='ocr_line' id='line_1_13' title="bbox 228 1291 1812 1378; baseline -0.006 -25"><span class='ocrx_word' id='word_1_82' title='bbox 228 1297 550 1378; x_wconf 61' lang='grc' dir='ltr'>μεταϐαίνει</span> <span class='ocrx_word' id='word_1_83' title='bbox 586 1298 679 1350; x_wconf 69' lang='lat' dir='ltr'><strong>hri.</strong></span> <span class='ocrx_word' id='word_1_84' title='bbox 721 1297 791 1350; x_wconf 86' lang='grc' dir='ltr'><strong>τά</strong></span> <span class='ocrx_word' id='word_1_85' title='bbox 833 1297 983 1366; x_wconf 82' lang='grc' dir='ltr'>ιθνη.</span> <span class='ocrx_word' id='word_1_86' title='bbox 1043 1294 1298 1364; x_wconf 83' lang='grc' dir='ltr'>Ἐλέησον</span> <span class='ocrx_word' id='word_1_87' title='bbox 1350 1294 1406 1348; x_wconf 59' lang='grc' dir='ltr'><strong>δέ</strong></span> <span class='ocrx_word' id='word_1_88' title='bbox 1471 1293 1654 1362; x_wconf 87' lang='grc' dir='ltr'>λέγει,</span> <span class='ocrx_word' id='word_1_89' title='bbox 1691 1291 1812 1361; x_wconf 79' lang='grc' dir='ltr'><strong>οὐχὶ</strong></span> 
     </span>
    </p>
   </div>
   <div class='ocr_carea' id='block_1_14' title="bbox 224 1385 1814 1463">
    <p class='ocr_par' dir='ltr' id='par_1_14' title="bbox 224 1385 1814 1463">
     <span class='ocr_line' id='line_1_14' title="bbox 224 1385 1814 1463; baseline -0.004 -17"><span class='ocrx_word' id='word_1_90' title='bbox 224 1395 328 1463; x_wconf 79' lang='grc' dir='ltr'>τὴν</span> <span class='ocrx_word' id='word_1_91' title='bbox 361 1391 637 1462; x_wconf 85' lang='grc' dir='ltr'>θυγατέρα</span> <span class='ocrx_word' id='word_1_92' title='bbox 679 1407 800 1462; x_wconf 91' lang='grc' dir='ltr'>μου·</span> <span class='ocrx_word' id='word_1_93' title='bbox 833 1389 1015 1461; x_wconf 70' lang='grc' dir='ltr'>εκείνη</span> <span class='ocrx_word' id='word_1_94' title='bbox 1044 1390 1154 1461; x_wconf 92' lang='grc' dir='ltr'><strong>γάρ</strong></span> <span class='ocrx_word' id='word_1_95' title='bbox 1193 1389 1533 1460; x_wconf 75' lang='grc' dir='ltr'>ἀναισθητεῖ,</span> <span class='ocrx_word' id='word_1_96' title='bbox 1565 1385 1684 1441; x_wconf 82' lang='grc' dir='ltr'>ἀλλ’</span> <span class='ocrx_word' id='word_1_97' title='bbox 1713 1387 1814 1458; x_wconf 66' lang='grc' dir='ltr'><strong>ἐμὲ</strong></span> 
     </span>
    </p>
   </div>
   <div class='ocr_carea' id='block_1_15' title="bbox 226 1481 1811 1556">
    <p class='ocr_par' dir='ltr' id='par_1_15' title="bbox 226 1481 1811 1556">
     <span class='ocr_line' id='line_1_15' title="bbox 226 1481 1811 1556; baseline -0.004 -18"><span class='ocrx_word' id='word_1_98' title='bbox 226 1485 326 1556; x_wconf 80' lang='grc' dir='ltr'>τὴν</span> <span class='ocrx_word' id='word_1_99' title='bbox 374 1484 442 1537; x_wconf 88' lang='grc' dir='ltr'><strong>τά</strong></span> <span class='ocrx_word' id='word_1_100' title='bbox 476 1483 624 1537; x_wconf 86' lang='grc' dir='ltr'>δεινά</span> <span class='ocrx_word' id='word_1_101' title='bbox 675 1482 990 1552; x_wconf 80' lang='grc' dir='ltr'><strong>πάσχουσαν</strong></span> <span class='ocrx_word' id='word_1_102' title='bbox 1022 1483 1118 1536; x_wconf 75' lang='grc' dir='ltr'>καὶ</span> <span class='ocrx_word' id='word_1_103' title='bbox 1147 1482 1569 1552; x_wconf 78' lang='grc' dir='ltr'>αίσθανομένην.</span> <span class='ocrx_word' id='word_1_104' title='bbox 1605 1481 1717 1534; x_wconf 76' lang='grc' dir='ltr'><strong>Καὶ</strong></span> <span class='ocrx_word' id='word_1_105' title='bbox 1751 1481 1811 1533; x_wconf 89' lang='grc' dir='ltr'><strong>ού</strong></span> 
     </span>
    </p>
   </div>
   <div class='ocr_carea' id='block_1_16' title="bbox 225 1572 1813 1643">
    <p class='ocr_par' dir='ltr' id='par_1_16' title="bbox 225 1572 1813 1643">
     <span class='ocr_line' id='line_1_16' title="bbox 225 1572 1813 1643; baseline -0.001 -16"><span class='ocrx_word' id='word_1_106' title='bbox 225 1574 400 1642; x_wconf 81' lang='grc' dir='ltr'>λέγει,</span> <span class='ocrx_word' id='word_1_107' title='bbox 424 1575 594 1639; x_wconf 66' lang='grc' dir='ltr'>Ἐλθέ,</span> <span class='ocrx_word' id='word_1_108' title='bbox 624 1575 718 1628; x_wconf 82' lang='grc' dir='ltr'>καὶ</span> <span class='ocrx_word' id='word_1_109' title='bbox 741 1574 910 1640; x_wconf 79' lang='grc' dir='ltr'>ίασαι,</span> <span class='ocrx_word' id='word_1_110' title='bbox 937 1575 1051 1628; x_wconf 80' lang='grc' dir='ltr'>ἀλλ’</span> <span class='ocrx_word' id='word_1_111' title='bbox 1081 1574 1359 1643; x_wconf 87' lang='grc' dir='ltr'>Ἐλέησον.</span> <span class='ocrx_word' id='word_1_112' title='bbox 1382 1575 1439 1624; x_wconf 85' lang='grc'><strong>’0</strong></span> <span class='ocrx_word' id='word_1_113' title='bbox 1455 1572 1511 1625; x_wconf 71' lang='grc' dir='ltr'><strong>δέ</strong></span> <span class='ocrx_word' id='word_1_114' title='bbox 1538 1572 1639 1626; x_wconf 86' lang='grc' dir='ltr'>οὐκ</span> <span class='ocrx_word' id='word_1_115' title='bbox 1672 1575 1813 1627; x_wconf 83' lang='grc' dir='ltr'>ἀπο-</span> 
     </span>
    </p>
   </div>
   <div class='ocr_carea' id='block_1_17' title="bbox 227 1663 1816 1738">
    <p class='ocr_par' dir='ltr' id='par_1_17' title="bbox 227 1663 1816 1738">
     <span class='ocr_line' id='line_1_17' title="bbox 227 1663 1816 1738; baseline 0 -20"><span class='ocrx_word' id='word_1_116' title='bbox 227 1670 477 1737; x_wconf 87' lang='grc' dir='ltr'>κρίνεται</span> <span class='ocrx_word' id='word_1_117' title='bbox 509 1668 647 1738; x_wconf 76' lang='grc' dir='ltr'>αὐτῇ</span> <span class='ocrx_word' id='word_1_118' title='bbox 681 1667 840 1733; x_wconf 87' lang='grc' dir='ltr'>λόγον</span> <span class='ocrx_word' id='word_1_119' title='bbox 863 1705 877 1728; x_wconf 87' lang='grc'><strong>,</strong></span> <span class='ocrx_word' id='word_1_120' title='bbox 902 1667 1001 1735; x_wconf 83' lang='grc' dir='ltr'><strong>οὐχ</strong></span> <span class='ocrx_word' id='word_1_121' title='bbox 1032 1665 1108 1727; x_wconf 85' lang='grc' dir='ltr'>ὼς</span> <span class='ocrx_word' id='word_1_122' title='bbox 1136 1663 1533 1735; x_wconf 80' lang='grc' dir='ltr'>καταφρονῶν,</span> <span class='ocrx_word' id='word_1_123' title='bbox 1582 1663 1698 1716; x_wconf 82' lang='grc' dir='ltr'>ἀλλ’</span> <span class='ocrx_word' id='word_1_124' title='bbox 1728 1663 1816 1718; x_wconf 84' lang='grc' dir='ltr'>ῐνα</span> 
     </span>
    </p>
   </div>
   <div class='ocr_carea' id='block_1_18' title="bbox 221 1752 1812 1832">
    <p class='ocr_par' dir='ltr' id='par_1_18' title="bbox 221 1752 1812 1832">
     <span class='ocr_line' id='line_1_18' title="bbox 221 1752 1812 1832; baseline -0.003 -20"><span class='ocrx_word' id='word_1_125' title='bbox 221 1758 401 1832; x_wconf 80' lang='grc' dir='ltr'>δείξῃ,</span> <span class='ocrx_word' id='word_1_126' title='bbox 432 1761 514 1812; x_wconf 84' lang='grc' dir='ltr'><strong>δτι</strong></span> <span class='ocrx_word' id='word_1_127' title='bbox 553 1757 641 1811; x_wconf 88' lang='grc' dir='ltr'><strong>διά</strong></span> <span class='ocrx_word' id='word_1_128' title='bbox 669 1757 795 1822; x_wconf 81' lang='grc' dir='ltr'>τοὺς</span> <span class='ocrx_word' id='word_1_129' title='bbox 857 1756 1145 1819; x_wconf 79' lang='grc' dir='ltr'><strong>Ἰουδαίους</strong></span> <span class='ocrx_word' id='word_1_130' title='bbox 1173 1752 1305 1826; x_wconf 81' lang='grc' dir='ltr'>ἦλθε</span> <span class='ocrx_word' id='word_1_131' title='bbox 1347 1755 1778 1826; x_wconf 76' lang='grc' dir='ltr'>προηγουμένως</span> <span class='ocrx_word' id='word_1_132' title='bbox 1799 1771 1812 1786; x_wconf 89' lang='grc'><strong>·</strong></span> 
     </span>
    </p>
   </div>
   <div class='ocr_carea' id='block_1_19' title="bbox 228 1846 1817 1920">
    <p class='ocr_par' dir='ltr' id='par_1_19' title="bbox 228 1846 1817 1920">
     <span class='ocr_line' id='line_1_19' title="bbox 228 1846 1817 1920; baseline 0 -20"><span class='ocrx_word' id='word_1_133' title='bbox 228 1850 324 1902; x_wconf 78' lang='grc' dir='ltr'>καὶ</span> <span class='ocrx_word' id='word_1_134' title='bbox 364 1847 616 1920; x_wconf 70' lang='grc' dir='ltr'>ἐμφράξῃ</span> <span class='ocrx_word' id='word_1_135' title='bbox 663 1849 760 1909; x_wconf 68' lang='grc' dir='ltr'><strong>τὰς</strong></span> <span class='ocrx_word' id='word_1_136' title='bbox 799 1847 1170 1916; x_wconf 77' lang='grc' dir='ltr'>συκοφαντίας</span> <span class='ocrx_word' id='word_1_137' title='bbox 1213 1847 1416 1908; x_wconf 83' lang='grc' dir='ltr'>αὐτῶν,</span> <span class='ocrx_word' id='word_1_138' title='bbox 1455 1846 1529 1917; x_wconf 80' lang='grc' dir='ltr'>μὴ</span> <span class='ocrx_word' id='word_1_139' title='bbox 1581 1848 1817 1918; x_wconf 67' lang='grc' dir='ltr'>ἑχόντων</span> 
     </span>
    </p>
   </div>
   <div class='ocr_carea' id='block_1_20' title="bbox 228 1938 1814 2010">
    <p class='ocr_par' dir='ltr' id='par_1_20' title="bbox 228 1938 1814 2010">
     <span class='ocr_line' id='line_1_20' title="bbox 228 1938 1814 2010; baseline 0.002 -19"><span class='ocrx_word' id='word_1_140' title='bbox 228 1939 456 2009; x_wconf 79' lang='grc' dir='ltr'>ὕστερον</span> <span class='ocrx_word' id='word_1_141' title='bbox 489 1938 702 2008; x_wconf 83' lang='grc' dir='ltr'>λέγειν,</span> <span class='ocrx_word' id='word_1_142' title='bbox 749 1940 834 1992; x_wconf 85' lang='grc' dir='ltr'>ὅτι</span> <span class='ocrx_word' id='word_1_143' title='bbox 868 1941 996 2003; x_wconf 78' lang='grc' dir='ltr'>τοὺς</span> <span class='ocrx_word' id='word_1_144' title='bbox 1043 1940 1297 2002; x_wconf 79' lang='grc' dir='ltr'>έθνικοὺς</span> <span class='ocrx_word' id='word_1_145' title='bbox 1349 1940 1661 2007; x_wconf 73' lang='grc' dir='ltr'>εύεργετεῐο</span> <span class='ocrx_word' id='word_1_146' title='bbox 1697 1941 1814 2010; x_wconf 66' lang='grc' dir='ltr'>ἃμα</span> 
     </span>
    </p>
   </div>
   <div class='ocr_carea' id='block_1_21' title="bbox 226 2027 1815 2099">
    <p class='ocr_par' dir='ltr' id='par_1_21' title="bbox 226 2027 1815 2099">
     <span class='ocr_line' id='line_1_21' title="bbox 226 2027 1815 2099; baseline 0.004 -20"><span class='ocrx_word' id='word_1_147' title='bbox 226 2028 307 2093; x_wconf 71' lang='grc' dir='ltr'><strong>δέ,</strong></span> <span class='ocrx_word' id='word_1_148' title='bbox 341 2029 429 2081; x_wconf 84' lang='grc' dir='ltr'>ῐνα</span> <span class='ocrx_word' id='word_1_149' title='bbox 468 2029 561 2080; x_wconf 70' lang='grc' dir='ltr'>καὶ</span> <span class='ocrx_word' id='word_1_150' title='bbox 589 2027 689 2098; x_wconf 71' lang='grc' dir='ltr'>τὴν</span> <span class='ocrx_word' id='word_1_151' title='bbox 717 2027 979 2099; x_wconf 75' lang='grc' dir='ltr'>ιπίμονον</span> <span class='ocrx_word' id='word_1_152' title='bbox 1018 2029 1203 2082; x_wconf 71' lang='grc' dir='ltr'>πίστιν</span> <span class='ocrx_word' id='word_1_153' title='bbox 1249 2029 1348 2099; x_wconf 73' lang='grc' dir='ltr'>τῆς</span> <span class='ocrx_word' id='word_1_154' title='bbox 1391 2031 1650 2098; x_wconf 78' lang='grc' dir='ltr'>γυναικὸς</span> <span class='ocrx_word' id='word_1_155' title='bbox 1691 2033 1815 2084; x_wconf 77' lang='grc' dir='ltr'>ἑπι-</span> 
     </span>
    </p>
   </div>
   <div class='ocr_carea' id='block_1_22' title="bbox 226 2121 400 2193">
    <p class='ocr_par' dir='ltr' id='par_1_22' title="bbox 226 2121 400 2193">
     <span class='ocr_line' id='line_1_22' title="bbox 226 2121 400 2193; baseline 0.006 -19"><span class='ocrx_word' id='word_1_156' title='bbox 226 2121 400 2193; x_wconf 77' lang='grc' dir='ltr'>δείξῃ.</span> 
     </span>
    </p>
   </div>
   <div class='ocr_carea' id='block_1_23' title="bbox 307 2213 1819 2289">
    <p class='ocr_par' dir='ltr' id='par_1_23' title="bbox 307 2213 1819 2289">
     <span class='ocr_line' id='line_1_23' title="bbox 307 2213 1819 2289; baseline 0.003 -23"><span class='ocrx_word' id='word_1_157' title='bbox 307 2232 328 2266; x_wconf 83' lang='grc' dir='ltr'><strong>ι</strong></span> <span class='ocrx_word' id='word_1_158' title='bbox 370 2214 484 2268; x_wconf 76' lang='grc' dir='ltr'><strong>Καὶ</strong></span> <span class='ocrx_word' id='word_1_159' title='bbox 521 2213 914 2286; x_wconf 79' lang='grc' dir='ltr'>προσελθόντες</span> <span class='ocrx_word' id='word_1_160' title='bbox 964 2216 1015 2269; x_wconf 82' lang='lat' dir='ltr'><strong>oi</strong></span> <span class='ocrx_word' id='word_1_161' title='bbox 1066 2216 1309 2287; x_wconf 77' lang='grc' dir='ltr'>μαθηταὶ</span> <span class='ocrx_word' id='word_1_162' title='bbox 1357 2217 1562 2282; x_wconf 82' lang='grc' dir='ltr'>αὑτοῦ,</span> <span class='ocrx_word' id='word_1_163' title='bbox 1590 2218 1819 2289; x_wconf 71' lang='grc' dir='ltr'>ἠρώτων</span> 
     </span>
    </p>
   </div>
   <div class='ocr_carea' id='block_1_24' title="bbox 228 2306 1820 2382">
    <p class='ocr_par' dir='ltr' id='par_1_24' title="bbox 228 2306 1820 2382">
     <span class='ocr_line' id='line_1_24' title="bbox 228 2306 1820 2382; baseline 0.003 -20"><span class='ocrx_word' id='word_1_164' title='bbox 228 2306 418 2374; x_wconf 77' lang='grc' dir='ltr'>αὐτὸν,</span> <span class='ocrx_word' id='word_1_165' title='bbox 441 2306 712 2374; x_wconf 83' lang='grc' dir='ltr'>λέγοντες·</span> <span class='ocrx_word' id='word_1_166' title='bbox 732 2308 1030 2362; x_wconf 78' lang='grc' dir='ltr'>’Δπόλυσον</span> <span class='ocrx_word' id='word_1_167' title='bbox 1059 2309 1249 2380; x_wconf 77' lang='grc' dir='ltr'>αὐτὴν,</span> <span class='ocrx_word' id='word_1_168' title='bbox 1265 2311 1346 2364; x_wconf 83' lang='grc' dir='ltr'>ὅτι</span> <span class='ocrx_word' id='word_1_169' title='bbox 1366 2309 1562 2382; x_wconf 76' lang='grc' dir='ltr'>κράζει</span> <span class='ocrx_word' id='word_1_170' title='bbox 1593 2313 1820 2366; x_wconf 85' lang='grc' dir='ltr'>δπισθεν</span> 
     </span>
    </p>
   </div>
   <div class='ocr_carea' id='block_1_25' title="bbox 231 2399 1820 2477">
    <p class='ocr_par' dir='ltr' id='par_1_25' title="bbox 231 2399 1820 2477">
     <span class='ocr_line' id='line_1_25' title="bbox 231 2399 1820 2477; baseline 0.004 -25"><span class='ocrx_word' id='word_1_171' title='bbox 231 2401 414 2470; x_wconf 69' lang='grc' dir='ltr'>ἡμῶν.</span> <span class='ocrx_word' id='word_1_172' title='bbox 448 2399 507 2453; x_wconf 85' lang='lat'><strong>&#39;0</strong></span> <span class='ocrx_word' id='word_1_173' title='bbox 531 2400 608 2463; x_wconf 72' lang='grc' dir='ltr'>δὲ,</span> <span class='ocrx_word' id='word_1_174' title='bbox 634 2400 958 2473; x_wconf 77' lang='grc' dir='ltr'><strong>ἀποκριθεὶς</strong></span> <span class='ocrx_word' id='word_1_175' title='bbox 981 2399 1157 2456; x_wconf 76' lang='grc' dir='ltr'>εἶπεν·</span> <span class='ocrx_word' id='word_1_176' title='bbox 1185 2404 1301 2457; x_wconf 85' lang='grc' dir='ltr'><strong>Οὐκ</strong></span> <span class='ocrx_word' id='word_1_177' title='bbox 1325 2404 1643 2474; x_wconf 79' lang='grc' dir='ltr'><strong>ἀπεστάλην</strong></span> <span class='ocrx_word' id='word_1_178' title='bbox 1667 2407 1714 2458; x_wconf 85' lang='grc' dir='ltr'><strong>εί</strong></span> <span class='ocrx_word' id='word_1_179' title='bbox 1744 2406 1820 2477; x_wconf 81' lang='grc' dir='ltr'>μὴ</span> 
     </span>
    </p>
   </div>
   <div class='ocr_carea' id='block_1_26' title="bbox 230 2491 1822 2569">
    <p class='ocr_par' dir='ltr' id='par_1_26' title="bbox 230 2491 1822 2569">
     <span class='ocr_line' id='line_1_26' title="bbox 230 2491 1822 2569; baseline 0.004 -25"><span class='ocrx_word' id='word_1_180' title='bbox 230 2493 315 2556; x_wconf 83' lang='grc' dir='ltr'><strong>είς</strong></span> <span class='ocrx_word' id='word_1_181' title='bbox 345 2493 415 2545; x_wconf 78' lang='grc' dir='ltr'><strong>τά</strong></span> <span class='ocrx_word' id='word_1_182' title='bbox 451 2491 705 2563; x_wconf 69' lang='grc' dir='ltr'>πρόϐατα</span> <span class='ocrx_word' id='word_1_183' title='bbox 747 2493 815 2546; x_wconf 82' lang='grc' dir='ltr'><strong>τά</strong></span> <span class='ocrx_word' id='word_1_184' title='bbox 848 2494 1172 2549; x_wconf 75' lang='grc' dir='ltr'>ἀπολωλότα</span> <span class='ocrx_word' id='word_1_185' title='bbox 1201 2497 1354 2550; x_wconf 83' lang='grc' dir='ltr'>οίκου</span> <span class='ocrx_word' id='word_1_186' title='bbox 1398 2497 1636 2569; x_wconf 79' lang='grc' dir='ltr'>Ἰσραήλ.</span> <span class='ocrx_word' id='word_1_187' title='bbox 1698 2518 1714 2550; x_wconf 75' lang='grc' dir='ltr'><strong>ι</strong></span> <span class='ocrx_word' id='word_1_188' title='bbox 1759 2500 1822 2551; x_wconf 85' lang='lat' dir='ltr'><strong>Ol</strong></span> 
     </span>
    </p>
   </div>
   <div class='ocr_carea' id='block_1_27' title="bbox 233 2584 1819 2658">
    <p class='ocr_par' dir='ltr' id='par_1_27' title="bbox 233 2584 1819 2658">
     <span class='ocr_line' id='line_1_27' title="bbox 233 2584 1819 2658; baseline 0.003 -21"><span class='ocrx_word' id='word_1_189' title='bbox 233 2584 480 2655; x_wconf 77' lang='grc' dir='ltr'>μαθηταὶ</span> <span class='ocrx_word' id='word_1_190' title='bbox 528 2584 893 2656; x_wconf 80' lang='grc' dir='ltr'>βαρυνθέντες</span> <span class='ocrx_word' id='word_1_191' title='bbox 951 2590 1016 2656; x_wconf 78' lang='grc' dir='ltr'>τῇ</span> <span class='ocrx_word' id='word_1_192' title='bbox 1077 2590 1298 2658; x_wconf 75' lang='grc' dir='ltr'>κραυγῇ</span> <span class='ocrx_word' id='word_1_193' title='bbox 1357 2590 1459 2658; x_wconf 81' lang='grc' dir='ltr'>τῆς</span> <span class='ocrx_word' id='word_1_194' title='bbox 1524 2588 1819 2656; x_wconf 79' lang='grc' dir='ltr'>γυναικὸς,</span> 
     </span>
    </p>
   </div>
   <div class='ocr_carea' id='block_1_28' title="bbox 227 2676 1824 2752">
    <p class='ocr_par' dir='ltr' id='par_1_28' title="bbox 227 2676 1824 2752">
     <span class='ocr_line' id='line_1_28' title="bbox 227 2676 1824 2752; baseline 0.003 -22"><span class='ocrx_word' id='word_1_195' title='bbox 227 2676 496 2748; x_wconf 69' lang='grc' dir='ltr'>ἠρώτων,</span> <span class='ocrx_word' id='word_1_196' title='bbox 526 2678 613 2732; x_wconf 80' lang='grc' dir='ltr'>ῐνα</span> <span class='ocrx_word' id='word_1_197' title='bbox 648 2677 896 2752; x_wconf 83' lang='grc' dir='ltr'>ἀπολύσῃ</span> <span class='ocrx_word' id='word_1_198' title='bbox 928 2680 1101 2751; x_wconf 78' lang='grc' dir='ltr'>αὐτὴν</span> <span class='ocrx_word' id='word_1_199' title='bbox 1122 2720 1136 2742; x_wconf 86' lang='grc'><strong>,</strong></span> <span class='ocrx_word' id='word_1_200' title='bbox 1165 2680 1441 2744; x_wconf 84' lang='grc' dir='ltr'>τουτέστι,</span> <span class='ocrx_word' id='word_1_201' title='bbox 1473 2681 1824 2751; x_wconf 79' lang='grc' dir='ltr'>παρεκάλουν</span> 
     </span>
    </p>
   </div>
   <div class='ocr_carea' id='block_1_29' title="bbox 228 2769 1825 2842">
    <p class='ocr_par' dir='ltr' id='par_1_29' title="bbox 228 2769 1825 2842">
     <span class='ocr_line' id='line_1_29' title="bbox 228 2769 1825 2842; baseline 0.004 -22"><span class='ocrx_word' id='word_1_202' title='bbox 228 2769 671 2840; x_wconf 78' lang='grc' dir='ltr'>ἀποπέμψασθαι</span> <span class='ocrx_word' id='word_1_203' title='bbox 711 2772 904 2842; x_wconf 80' lang='grc' dir='ltr'>αὑτήν.</span> <span class='ocrx_word' id='word_1_204' title='bbox 965 2772 1138 2826; x_wconf 85' lang='grc' dir='ltr'>Τοῦτο</span> <span class='ocrx_word' id='word_1_205' title='bbox 1183 2773 1238 2826; x_wconf 70' lang='grc' dir='ltr'>οδ</span> <span class='ocrx_word' id='word_1_206' title='bbox 1301 2772 1542 2836; x_wconf 73' lang='grc' dir='ltr'>ἐποίουν,</span> <span class='ocrx_word' id='word_1_207' title='bbox 1591 2773 1689 2842; x_wconf 76' lang='grc' dir='ltr'><strong>οὐχ</strong></span> <span class='ocrx_word' id='word_1_208' title='bbox 1749 2772 1825 2836; x_wconf 79' lang='grc' dir='ltr'>ὡς</span> 
     </span>
    </p>
   </div>
   <div class='ocr_carea' id='block_1_30' title="bbox 228 2859 1825 2932">
    <p class='ocr_par' dir='ltr' id='par_1_30' title="bbox 228 2859 1825 2932">
     <span class='ocr_line' id='line_1_30' title="bbox 228 2859 1825 2932; baseline 0.003 -20"><span class='ocrx_word' id='word_1_209' title='bbox 228 2859 609 2931; x_wconf 80' lang='grc' dir='ltr'>άσπλαγχνοι,</span> <span class='ocrx_word' id='word_1_210' title='bbox 647 2862 785 2917; x_wconf 86' lang='grc' dir='ltr'><strong>ἀλλά</strong></span> <span class='ocrx_word' id='word_1_211' title='bbox 817 2863 1020 2932; x_wconf 76' lang='grc' dir='ltr'>μᾶλλον</span> <span class='ocrx_word' id='word_1_212' title='bbox 1056 2863 1307 2927; x_wconf 87' lang='grc' dir='ltr'>θέλοντες</span> <span class='ocrx_word' id='word_1_213' title='bbox 1341 2867 1527 2917; x_wconf 81' lang='grc' dir='ltr'>πείσαι</span> <span class='ocrx_word' id='word_1_214' title='bbox 1569 2863 1663 2916; x_wconf 81' lang='grc' dir='ltr'><strong>τὸν</strong></span> <span class='ocrx_word' id='word_1_215' title='bbox 1707 2863 1825 2917; x_wconf 76' lang='grc' dir='ltr'><strong>Κύ-</strong></span> 
     </span>
    </p>
   </div>
   <div class='ocr_carea' id='block_1_31' title="bbox 234 2952 1836 3026">
    <p class='ocr_par' dir='ltr' id='par_1_31' title="bbox 234 2952 1836 3026">
     <span class='ocr_line' id='line_1_31' title="bbox 234 2952 1836 3026; baseline 0.003 -22"><span class='ocrx_word' id='word_1_216' title='bbox 234 2968 355 3020; x_wconf 84' lang='grc' dir='ltr'>ριον</span> <span class='ocrx_word' id='word_1_217' title='bbox 382 2952 605 3022; x_wconf 61' lang='lat' dir='ltr'><strong>mam</strong></span> <span class='ocrx_word' id='word_1_218' title='bbox 633 2955 827 3025; x_wconf 82' lang='grc' dir='ltr'>αὐτήν.</span> <span class='ocrx_word' id='word_1_219' title='bbox 854 2955 918 3007; x_wconf 85' lang='lat'><strong>&#39;0</strong></span> <span class='ocrx_word' id='word_1_220' title='bbox 939 2954 1019 3008; x_wconf 86' lang='grc' dir='ltr'>δέ·</span> <span class='ocrx_word' id='word_1_221' title='bbox 1050 2955 1166 3008; x_wconf 87' lang='grc' dir='ltr'><strong>Ούκ</strong></span> <span class='ocrx_word' id='word_1_222' title='bbox 1196 2956 1535 3026; x_wconf 86' lang='grc' dir='ltr'>ἀπεστάλην,</span> <span class='ocrx_word' id='word_1_223' title='bbox 1561 2955 1746 3025; x_wconf 76' lang='grc' dir='ltr'>φησὶν,</span> <span class='ocrx_word' id='word_1_224' title='bbox 1777 2957 1836 3009; x_wconf 77' lang='grc' dir='ltr'>ει</span> 
     </span>
    </p>
   </div>
   <div class='ocr_carea' id='block_1_32' title="bbox 231 3042 1823 3118">
    <p class='ocr_par' dir='ltr' id='par_1_32' title="bbox 231 3042 1823 3118">
     <span class='ocr_line' id='line_1_32' title="bbox 231 3042 1823 3118; baseline 0.004 -22"><span class='ocrx_word' id='word_1_225' title='bbox 231 3042 313 3112; x_wconf 81' lang='grc' dir='ltr'>μὴ</span> <span class='ocrx_word' id='word_1_226' title='bbox 345 3048 428 3108; x_wconf 79' lang='grc' dir='ltr'><strong>εις</strong></span> <span class='ocrx_word' id='word_1_227' title='bbox 457 3045 583 3108; x_wconf 78' lang='grc' dir='ltr'>τοὺς</span> <span class='ocrx_word' id='word_1_228' title='bbox 625 3046 931 3110; x_wconf 82' lang='grc' dir='ltr'>Ἰουδαίους,</span> <span class='ocrx_word' id='word_1_229' title='bbox 971 3048 1022 3100; x_wconf 73' lang='grc' dir='ltr'>οἳ</span> <span class='ocrx_word' id='word_1_230' title='bbox 1065 3048 1385 3102; x_wconf 82' lang='grc' dir='ltr'>ἀπολωλότα</span> <span class='ocrx_word' id='word_1_231' title='bbox 1413 3049 1518 3102; x_wconf 57' lang='grc' dir='ltr'><strong>εἰσὶ⁵</strong></span> <span class='ocrx_word' id='word_1_232' title='bbox 1550 3049 1823 3118; x_wconf 80' lang='grc' dir='ltr'>πρόσατα,</span> 
     </span>
    </p>
   </div>
   <div class='ocr_carea' id='block_1_33' title="bbox 231 3135 1792 3208">
    <p class='ocr_par' dir='ltr' id='par_1_33' title="bbox 231 3135 1792 3208">
     <span class='ocr_line' id='line_1_33' title="bbox 231 3135 1792 3208; baseline 0.002 -18"><span class='ocrx_word' id='word_1_233' title='bbox 231 3135 344 3190; x_wconf 74' lang='grc' dir='ltr'><strong>ἀπδ</strong></span> <span class='ocrx_word' id='word_1_234' title='bbox 373 3137 572 3199; x_wconf 78' lang='grc' dir='ltr'>κακίας</span> <span class='ocrx_word' id='word_1_235' title='bbox 614 3137 724 3191; x_wconf 83' lang='grc' dir='ltr'><strong>τῶν</strong></span> <span class='ocrx_word' id='word_1_236' title='bbox 754 3139 1231 3208; x_wconf 73' lang='grc' dir='ltr'>ιμπιστευθέντων</span> <span class='ocrx_word' id='word_1_237' title='bbox 1269 3140 1428 3193; x_wconf 87' lang='grc' dir='ltr'>αὐτά.</span> <span class='ocrx_word' id='word_1_238' title='bbox 1462 3139 1564 3193; x_wconf 88' lang='grc' dir='ltr'>Διά</span> <span class='ocrx_word' id='word_1_239' title='bbox 1607 3140 1664 3193; x_wconf 74' lang='grc' dir='ltr'>δὲ</span> <span class='ocrx_word' id='word_1_240' title='bbox 1698 3141 1792 3193; x_wconf 89' lang='grc' dir='ltr'><strong>τού</strong></span> 
     </span>
    </p>
   </div>
   <div class='ocr_carea' id='block_1_34' title="bbox 235 3229 1824 3303">
    <p class='ocr_par' dir='ltr' id='par_1_34' title="bbox 235 3229 1824 3303">
     <span class='ocr_line' id='line_1_34' title="bbox 235 3229 1824 3303; baseline 0.003 -19"><span class='ocrx_word' id='word_1_241' title='bbox 235 3245 348 3284; x_wconf 78' lang='grc' dir='ltr'><strong>των</strong></span> <span class='ocrx_word' id='word_1_242' title='bbox 379 3229 700 3300; x_wconf 84' lang='grc' dir='ltr'>δημοσιεύει</span> <span class='ocrx_word' id='word_1_243' title='bbox 733 3232 832 3302; x_wconf 75' lang='grc' dir='ltr'>τὴν</span> <span class='ocrx_word' id='word_1_244' title='bbox 871 3231 1054 3286; x_wconf 87' lang='grc' dir='ltr'>πίστιν</span> <span class='ocrx_word' id='word_1_245' title='bbox 1091 3234 1192 3303; x_wconf 83' lang='grc' dir='ltr'>τῆς</span> <span class='ocrx_word' id='word_1_246' title='bbox 1223 3234 1484 3301; x_wconf 80' lang='grc' dir='ltr'>γυναικὸς</span> <span class='ocrx_word' id='word_1_247' title='bbox 1517 3233 1610 3286; x_wconf 71' lang='grc' dir='ltr'><strong>ἐπὶ</strong></span> <span class='ocrx_word' id='word_1_248' title='bbox 1642 3234 1824 3289; x_wconf 86' lang='grc' dir='ltr'>πλέον.</span> 
     </span>
    </p>
   </div>
   <div class='ocr_carea' id='block_1_35' title="bbox 1916 723 3508 797">
    <p class='ocr_par' dir='ltr' id='par_1_35' title="bbox 1916 723 3508 797">
     <span class='ocr_line' id='line_1_35' title="bbox 1916 723 3508 797; baseline -0.005 -13"><span class='ocrx_word' id='word_1_249' title='bbox 1916 731 2157 786; x_wconf 71' lang='lat' dir='ltr'><strong>verbum.</strong></span> <span class='ocrx_word' id='word_1_250' title='bbox 2203 748 2220 783; x_wconf 75' lang='grc' dir='ltr'><strong>ι</strong></span> <span class='ocrx_word' id='word_1_251' title='bbox 2257 729 2440 796; x_wconf 81' lang='lat' dir='ltr'><strong>Quare</strong></span> <span class='ocrx_word' id='word_1_252' title='bbox 2483 727 2779 797; x_wconf 79' lang='lat' dir='ltr'><strong>discipulos</strong></span> <span class='ocrx_word' id='word_1_253' title='bbox 2819 727 3098 797; x_wconf 71' lang='lat' dir='ltr'><strong>prohibuit</strong></span> <span class='ocrx_word' id='word_1_254' title='bbox 3148 725 3228 780; x_wconf 91' lang='lat' dir='ltr'><strong>ire</strong></span> <span class='ocrx_word' id='word_1_255' title='bbox 3276 724 3331 778; x_wconf 88' lang='lat' dir='ltr'><strong>in</strong></span> <span class='ocrx_word' id='word_1_256' title='bbox 3366 723 3508 777; x_wconf 86' lang='lat' dir='ltr'><strong>viam</strong></span> 
     </span>
    </p>
   </div>
   <div class='ocr_carea' id='block_1_36' title="bbox 1912 802 3508 894">
    <p class='ocr_par' dir='ltr' id='par_1_36' title="bbox 1912 802 3508 894">
     <span class='ocr_line' id='line_1_36' title="bbox 1912 802 3508 894; baseline -0.01 -14"><span class='ocrx_word' id='word_1_257' title='bbox 1912 825 2175 894; x_wconf 78' lang='lat' dir='ltr'><strong>gentium,</strong></span> <span class='ocrx_word' id='word_1_258' title='bbox 2218 823 2331 893; x_wconf 88' lang='lat' dir='ltr'><strong>ipse</strong></span> <span class='ocrx_word' id='word_1_259' title='bbox 2362 829 2542 875; x_wconf 84' lang='lat' dir='ltr'><strong>autem</strong></span> <span class='ocrx_word' id='word_1_260' title='bbox 2574 821 2628 872; x_wconf 92' lang='lat' dir='ltr'><strong>in</strong></span> <span class='ocrx_word' id='word_1_261' title='bbox 2661 819 2862 889; x_wconf 83' lang='lat' dir='ltr'><strong>Tyrum</strong></span> <span class='ocrx_word' id='word_1_262' title='bbox 2912 827 2969 872; x_wconf 92' lang='lat' dir='ltr'><strong>et</strong></span> <span class='ocrx_word' id='word_1_263' title='bbox 3010 802 3294 880; x_wconf 86' lang='lat' dir='ltr'><strong>Sidonem,</strong></span> <span class='ocrx_word' id='word_1_264' title='bbox 3327 814 3508 885; x_wconf 82' lang='lat' dir='ltr'><strong>genti-</strong></span> 
     </span>
    </p>
   </div>
   <div class='ocr_carea' id='block_1_37' title="bbox 1913 905 3512 979">
    <p class='ocr_par' dir='ltr' id='par_1_37' title="bbox 1913 905 3512 979">
     <span class='ocr_line' id='line_1_37' title="bbox 1913 905 3512 979; baseline -0.006 -11"><span class='ocrx_word' id='word_1_265' title='bbox 1913 914 2042 968; x_wconf 90' lang='lat' dir='ltr'><strong>lium</strong></span> <span class='ocrx_word' id='word_1_266' title='bbox 2078 914 2350 974; x_wconf 86' lang='lat' dir='ltr'><strong>civitates,</strong></span> <span class='ocrx_word' id='word_1_267' title='bbox 2379 909 2517 964; x_wconf 71' lang='lat' dir='ltr'><strong>ivit?</strong></span> <span class='ocrx_word' id='word_1_268' title='bbox 2541 909 2698 964; x_wconf 81' lang='lat' dir='ltr'><strong>Disce</strong></span> <span class='ocrx_word' id='word_1_269' title='bbox 2730 908 2896 977; x_wconf 71' lang='lat' dir='ltr'><strong>igitur</strong></span> <span class='ocrx_word' id='word_1_270' title='bbox 2919 907 3065 979; x_wconf 84' lang='lat' dir='ltr'><strong>quod</strong></span> <span class='ocrx_word' id='word_1_271' title='bbox 3090 923 3196 961; x_wconf 88' lang='lat' dir='ltr'><strong>non</strong></span> <span class='ocrx_word' id='word_1_272' title='bbox 3229 917 3287 961; x_wconf 91' lang='lat' dir='ltr'><strong>ut</strong></span> <span class='ocrx_word' id='word_1_273' title='bbox 3313 905 3512 976; x_wconf 63' lang='lat' dir='ltr'><strong>pradi-</strong></span> 
     </span>
    </p>
   </div>
   <div class='ocr_carea' id='block_1_38' title="bbox 1914 997 3512 1072">
    <p class='ocr_par' dir='ltr' id='par_1_38' title="bbox 1914 997 3512 1072">
     <span class='ocr_line' id='line_1_38' title="bbox 1914 997 3512 1072; baseline -0.009 -10"><span class='ocrx_word' id='word_1_274' title='bbox 1914 1015 2132 1062; x_wconf 81' lang='lat' dir='ltr'><strong>caturus</strong></span> <span class='ocrx_word' id='word_1_275' title='bbox 2160 1005 2254 1060; x_wconf 88' lang='lat' dir='ltr'><strong>ivit</strong></span> <span class='ocrx_word' id='word_1_276' title='bbox 2283 1003 2431 1068; x_wconf 81' lang='lat' dir='ltr'><strong>illuc,</strong></span> <span class='ocrx_word' id='word_1_277' title='bbox 2465 1003 2595 1072; x_wconf 82' lang='lat' dir='ltr'><strong>quia</strong></span> <span class='ocrx_word' id='word_1_278' title='bbox 2624 1001 2706 1071; x_wconf 85' lang='lat' dir='ltr'><strong>(ut</strong></span> <span class='ocrx_word' id='word_1_279' title='bbox 2726 1001 2938 1057; x_wconf 83' lang='lat' dir='ltr'><strong>Marcus</strong></span> <span class='ocrx_word' id='word_1_280' title='bbox 2965 999 3118 1064; x_wconf 90' lang='lat' dir='ltr'><strong>dicit)</strong></span> <span class='ocrx_word' id='word_1_281' title='bbox 3142 1017 3161 1051; x_wconf 86' lang='grc' dir='ltr'><strong>ι</strong></span> <span class='ocrx_word' id='word_1_282' title='bbox 3187 1008 3241 1054; x_wconf 94' lang='lat' dir='ltr'><strong>et</strong></span> <span class='ocrx_word' id='word_1_283' title='bbox 3270 997 3512 1054; x_wconf 88' lang='lat' dir='ltr'><strong>occulta-</strong></span> 
     </span>
    </p>
   </div>
   <div class='ocr_carea' id='block_1_39' title="bbox 1915 1088 3514 1164">
    <p class='ocr_par' dir='ltr' id='par_1_39' title="bbox 1915 1088 3514 1164">
     <span class='ocr_line' id='line_1_39' title="bbox 1915 1088 3514 1164; baseline -0.004 -15"><span class='ocrx_word' id='word_1_284' title='bbox 1915 1099 1991 1154; x_wconf 90' lang='lat' dir='ltr'><strong>vit</strong></span> <span class='ocrx_word' id='word_1_285' title='bbox 2022 1113 2100 1153; x_wconf 90' lang='lat' dir='ltr'><strong>se.</strong></span> <span class='ocrx_word' id='word_1_286' title='bbox 2138 1116 2156 1150; x_wconf 76' lang='grc' dir='ltr'><strong>ι</strong></span> <span class='ocrx_word' id='word_1_287' title='bbox 2185 1095 2280 1153; x_wconf 81' lang='lat' dir='ltr'><strong>Vel</strong></span> <span class='ocrx_word' id='word_1_288' title='bbox 2320 1095 2478 1150; x_wconf 81' lang='lat' dir='ltr'><strong>aliter</strong></span> <span class='ocrx_word' id='word_1_289' title='bbox 2502 1095 2583 1150; x_wconf 89' lang='lat' dir='ltr'><strong>sic</strong></span> <span class='ocrx_word' id='word_1_290' title='bbox 2613 1113 2626 1149; x_wconf 87' lang='lat'><strong>:</strong></span> <span class='ocrx_word' id='word_1_291' title='bbox 2662 1093 2790 1164; x_wconf 85' lang='lat' dir='ltr'><strong>quia</strong></span> <span class='ocrx_word' id='word_1_292' title='bbox 2825 1093 2961 1148; x_wconf 83' lang='lat' dir='ltr'><strong>vidit</strong></span> <span class='ocrx_word' id='word_1_293' title='bbox 3015 1092 3320 1147; x_wconf 65' lang='lat' dir='ltr'><strong>Phariseos</strong></span> <span class='ocrx_word' id='word_1_294' title='bbox 3370 1088 3514 1144; x_wconf 86' lang='lat' dir='ltr'><strong>nolle</strong></span> 
     </span>
    </p>
   </div>
   <div class='ocr_carea' id='block_1_40' title="bbox 1914 1185 3505 1260">
    <p class='ocr_par' dir='ltr' id='par_1_40' title="bbox 1914 1185 3505 1260">
     <span class='ocr_line' id='line_1_40' title="bbox 1914 1185 3505 1260; baseline -0.008 -14"><span class='ocrx_word' id='word_1_295' title='bbox 1914 1191 2190 1260; x_wconf 76' lang='lat' dir='ltr'><strong>suscipere</strong></span> <span class='ocrx_word' id='word_1_296' title='bbox 2218 1199 2532 1245; x_wconf 84' lang='lat' dir='ltr'><strong>sermonem</strong></span> <span class='ocrx_word' id='word_1_297' title='bbox 2551 1185 2619 1242; x_wconf 90' lang='lat' dir='ltr'><strong>de</strong></span> <span class='ocrx_word' id='word_1_298' title='bbox 2642 1186 2755 1258; x_wconf 73' lang='lat'><strong>80</strong></span> <span class='ocrx_word' id='word_1_299' title='bbox 2773 1187 2938 1251; x_wconf 82' lang='lat' dir='ltr'><strong>cibis,</strong></span> <span class='ocrx_word' id='word_1_300' title='bbox 2977 1185 3172 1241; x_wconf 81' lang='lat' dir='ltr'><strong>transit</strong></span> <span class='ocrx_word' id='word_1_301' title='bbox 3195 1185 3261 1239; x_wconf 81' lang='lat' dir='ltr'><strong>ad</strong></span> <span class='ocrx_word' id='word_1_302' title='bbox 3289 1192 3505 1254; x_wconf 78' lang='lat' dir='ltr'><strong>gentes.</strong></span> 
     </span>
    </p>
   </div>
   <div class='ocr_carea' id='block_1_41' title="bbox 1917 1275 3511 1344">
    <p class='ocr_par' dir='ltr' id='par_1_41' title="bbox 1917 1275 3511 1344">
     <span class='ocr_line' id='line_1_41' title="bbox 1917 1275 3511 1344; baseline -0.006 -6"><span class='ocrx_word' id='word_1_303' title='bbox 1917 1283 2175 1339; x_wconf 74' lang='lat' dir='ltr'><strong>Miserere</strong></span> <span class='ocrx_word' id='word_1_304' title='bbox 2219 1292 2425 1344; x_wconf 86' lang='lat' dir='ltr'><strong>autem,</strong></span> <span class='ocrx_word' id='word_1_305' title='bbox 2475 1280 2608 1334; x_wconf 87' lang='lat' dir='ltr'><strong>dicit</strong></span> <span class='ocrx_word' id='word_1_306' title='bbox 2660 1293 2766 1332; x_wconf 87' lang='lat' dir='ltr'><strong>non</strong></span> <span class='ocrx_word' id='word_1_307' title='bbox 2835 1279 2958 1333; x_wconf 76' lang='lat' dir='ltr'><strong>illire</strong></span> <span class='ocrx_word' id='word_1_308' title='bbox 3015 1289 3170 1339; x_wconf 69' lang='lat' dir='ltr'><strong>mere,</strong></span> <span class='ocrx_word' id='word_1_309' title='bbox 3230 1277 3316 1329; x_wconf 83' lang='lat' dir='ltr'><strong>illa</strong></span> <span class='ocrx_word' id='word_1_310' title='bbox 3365 1275 3511 1330; x_wconf 89' lang='lat' dir='ltr'><strong>enim</strong></span> 
     </span>
    </p>
   </div>
   <div class='ocr_carea' id='block_1_42' title="bbox 1915 1367 3518 1442">
    <p class='ocr_par' dir='ltr' id='par_1_42' title="bbox 1915 1367 3518 1442">
     <span class='ocr_line' id='line_1_42' title="bbox 1915 1367 3518 1442; baseline -0.006 -12"><span class='ocrx_word' id='word_1_311' title='bbox 1915 1391 2078 1430; x_wconf 88' lang='lat' dir='ltr'><strong>sensu</strong></span> <span class='ocrx_word' id='word_1_312' title='bbox 2138 1384 2312 1438; x_wconf 83' lang='lat' dir='ltr'><strong>caret,</strong></span> <span class='ocrx_word' id='word_1_313' title='bbox 2357 1372 2451 1428; x_wconf 89' lang='lat' dir='ltr'><strong>sed</strong></span> <span class='ocrx_word' id='word_1_314' title='bbox 2489 1373 2618 1435; x_wconf 87' lang='lat' dir='ltr'><strong>mei,</strong></span> <span class='ocrx_word' id='word_1_315' title='bbox 2661 1387 2782 1442; x_wconf 64' lang='lat' dir='ltr'><strong>quae</strong></span> <span class='ocrx_word' id='word_1_316' title='bbox 2837 1379 2946 1424; x_wconf 88' lang='lat' dir='ltr'><strong>tam</strong></span> <span class='ocrx_word' id='word_1_317' title='bbox 3014 1369 3197 1438; x_wconf 76' lang='lat' dir='ltr'><strong>gravia</strong></span> <span class='ocrx_word' id='word_1_318' title='bbox 3259 1367 3437 1435; x_wconf 78' lang='lat' dir='ltr'><strong>patior</strong></span> <span class='ocrx_word' id='word_1_319' title='bbox 3460 1374 3518 1422; x_wconf 73' lang='lat' dir='ltr'><strong>et</strong></span> 
     </span>
    </p>
   </div>
   <div class='ocr_carea' id='block_1_43' title="bbox 1917 1458 3519 1528">
    <p class='ocr_par' dir='ltr' id='par_1_43' title="bbox 1917 1458 3519 1528">
     <span class='ocr_line' id='line_1_43' title="bbox 1917 1458 3519 1528; baseline -0.006 -7"><span class='ocrx_word' id='word_1_320' title='bbox 1917 1467 2110 1524; x_wconf 79' lang='lat' dir='ltr'><strong>sentio.</strong></span> <span class='ocrx_word' id='word_1_321' title='bbox 2151 1464 2261 1519; x_wconf 79' lang='lat' dir='ltr'><strong>Nec</strong></span> <span class='ocrx_word' id='word_1_322' title='bbox 2285 1464 2442 1528; x_wconf 86' lang='lat' dir='ltr'><strong>dicit,</strong></span> <span class='ocrx_word' id='word_1_323' title='bbox 2478 1461 2638 1526; x_wconf 76' lang='lat' dir='ltr'><strong>Veni,</strong></span> <span class='ocrx_word' id='word_1_324' title='bbox 2691 1471 2750 1518; x_wconf 90' lang='lat' dir='ltr'><strong>et</strong></span> <span class='ocrx_word' id='word_1_325' title='bbox 2773 1477 2928 1528; x_wconf 88' lang='lat' dir='ltr'><strong>sana,</strong></span> <span class='ocrx_word' id='word_1_326' title='bbox 2964 1461 3084 1525; x_wconf 88' lang='lat' dir='ltr'><strong>sed,</strong></span> <span class='ocrx_word' id='word_1_327' title='bbox 3124 1459 3410 1514; x_wconf 81' lang='lat' dir='ltr'><strong>Miserere.</strong></span> <span class='ocrx_word' id='word_1_328' title='bbox 3452 1458 3519 1511; x_wconf 78' lang='lat' dir='ltr'><strong>At</strong></span> 
     </span>
    </p>
   </div>
   <div class='ocr_carea' id='block_1_44' title="bbox 1919 1555 3511 1630">
    <p class='ocr_par' dir='ltr' id='par_1_44' title="bbox 1919 1555 3511 1630">
     <span class='ocr_line' id='line_1_44' title="bbox 1919 1555 3511 1630; baseline -0.008 -15"><span class='ocrx_word' id='word_1_329' title='bbox 1919 1561 2006 1615; x_wconf 90' lang='lat' dir='ltr'><strong>ille</strong></span> <span class='ocrx_word' id='word_1_330' title='bbox 2040 1576 2146 1615; x_wconf 90' lang='lat' dir='ltr'><strong>non</strong></span> <span class='ocrx_word' id='word_1_331' title='bbox 2181 1558 2463 1630; x_wconf 87' lang='lat' dir='ltr'><strong>respondit</strong></span> <span class='ocrx_word' id='word_1_332' title='bbox 2489 1557 2538 1612; x_wconf 89' lang='lat' dir='ltr'><strong>ei</strong></span> <span class='ocrx_word' id='word_1_333' title='bbox 2579 1557 2825 1622; x_wconf 77' lang='lat' dir='ltr'><strong>verbum,</strong></span> <span class='ocrx_word' id='word_1_334' title='bbox 2861 1571 2966 1610; x_wconf 91' lang='lat' dir='ltr'><strong>non</strong></span> <span class='ocrx_word' id='word_1_335' title='bbox 3001 1555 3141 1623; x_wconf 88' lang='lat' dir='ltr'><strong>quod</strong></span> <span class='ocrx_word' id='word_1_336' title='bbox 3172 1559 3511 1612; x_wconf 85' lang='lat' dir='ltr'><strong>contemnat,</strong></span> 
     </span>
    </p>
   </div>
   <div class='ocr_carea' id='block_1_45' title="bbox 1917 1647 3514 1720">
    <p class='ocr_par' dir='ltr' id='par_1_45' title="bbox 1917 1647 3514 1720">
     <span class='ocr_line' id='line_1_45' title="bbox 1917 1647 3514 1720; baseline -0.006 -12"><span class='ocrx_word' id='word_1_337' title='bbox 1917 1651 2009 1708; x_wconf 87' lang='lat' dir='ltr'><strong>sed</strong></span> <span class='ocrx_word' id='word_1_338' title='bbox 2036 1661 2093 1706; x_wconf 91' lang='lat' dir='ltr'><strong>ut</strong></span> <span class='ocrx_word' id='word_1_339' title='bbox 2128 1652 2378 1707; x_wconf 87' lang='lat' dir='ltr'><strong>ostendat</strong></span> <span class='ocrx_word' id='word_1_340' title='bbox 2409 1650 2554 1720; x_wconf 90' lang='lat' dir='ltr'><strong>quod</strong></span> <span class='ocrx_word' id='word_1_341' title='bbox 2606 1658 2830 1719; x_wconf 78' lang='lat' dir='ltr'><strong>propter</strong></span> <span class='ocrx_word' id='word_1_342' title='bbox 2862 1647 3078 1704; x_wconf 70' lang='lat' dir='ltr'><strong>Iudaeos</strong></span> <span class='ocrx_word' id='word_1_343' title='bbox 3133 1647 3388 1717; x_wconf 83' lang='lat' dir='ltr'><strong>inprimis</strong></span> <span class='ocrx_word' id='word_1_344' title='bbox 3424 1661 3514 1699; x_wconf 90' lang='lat' dir='ltr'><strong>ve-</strong></span> 
     </span>
    </p>
   </div>
   <div class='ocr_carea' id='block_1_46' title="bbox 1919 1737 3512 1806">
    <p class='ocr_par' dir='ltr' id='par_1_46' title="bbox 1919 1737 3512 1806">
     <span class='ocr_line' id='line_1_46' title="bbox 1919 1737 3512 1806; baseline -0.008 -6"><span class='ocrx_word' id='word_1_345' title='bbox 1919 1745 2057 1800; x_wconf 90' lang='lat' dir='ltr'><strong>nerit</strong></span> <span class='ocrx_word' id='word_1_346' title='bbox 2086 1762 2099 1798; x_wconf 92' lang='lat'><strong>:</strong></span> <span class='ocrx_word' id='word_1_347' title='bbox 2130 1754 2186 1800; x_wconf 90' lang='lat' dir='ltr'><strong>et</strong></span> <span class='ocrx_word' id='word_1_348' title='bbox 2219 1753 2278 1799; x_wconf 93' lang='lat' dir='ltr'><strong>ut</strong></span> <span class='ocrx_word' id='word_1_349' title='bbox 2303 1743 2553 1798; x_wconf 85' lang='lat' dir='ltr'><strong>occludat</strong></span> <span class='ocrx_word' id='word_1_350' title='bbox 2590 1740 2892 1797; x_wconf 85' lang='lat' dir='ltr'><strong>calumnias</strong></span> <span class='ocrx_word' id='word_1_351' title='bbox 2949 1753 3165 1802; x_wconf 90' lang='lat' dir='ltr'><strong>eorum,</strong></span> <span class='ocrx_word' id='word_1_352' title='bbox 3209 1753 3277 1792; x_wconf 88' lang='lat' dir='ltr'><strong>ne</strong></span> <span class='ocrx_word' id='word_1_353' title='bbox 3301 1737 3512 1806; x_wconf 79' lang='lat' dir='ltr'><strong>possint</strong></span> 
     </span>
    </p>
   </div>
   <div class='ocr_carea' id='block_1_47' title="bbox 1919 1829 3513 1908">
    <p class='ocr_par' dir='ltr' id='par_1_47' title="bbox 1919 1829 3513 1908">
     <span class='ocr_line' id='line_1_47' title="bbox 1919 1829 3513 1908; baseline -0.004 -18"><span class='ocrx_word' id='word_1_354' title='bbox 1919 1841 2103 1908; x_wconf 84' lang='lat' dir='ltr'><strong>postea</strong></span> <span class='ocrx_word' id='word_1_355' title='bbox 2137 1836 2319 1892; x_wconf 89' lang='lat' dir='ltr'><strong>dicere</strong></span> <span class='ocrx_word' id='word_1_356' title='bbox 2349 1835 2494 1906; x_wconf 87' lang='lat' dir='ltr'><strong>quod</strong></span> <span class='ocrx_word' id='word_1_357' title='bbox 2528 1832 2822 1904; x_wconf 70' lang='lat' dir='ltr'><strong>gentilibus</strong></span> <span class='ocrx_word' id='word_1_358' title='bbox 2841 1829 3197 1895; x_wconf 81' lang='lat' dir='ltr'><strong>benefecerit,</strong></span> <span class='ocrx_word' id='word_1_359' title='bbox 3216 1829 3349 1899; x_wconf 90' lang='lat' dir='ltr'><strong>ipsis</strong></span> <span class='ocrx_word' id='word_1_360' title='bbox 3377 1844 3513 1883; x_wconf 87' lang='lat' dir='ltr'><strong>con-</strong></span> 
     </span>
    </p>
   </div>
   <div class='ocr_carea' id='block_1_48' title="bbox 1922 1920 3512 1998">
    <p class='ocr_par' dir='ltr' id='par_1_48' title="bbox 1922 1920 3512 1998">
     <span class='ocr_line' id='line_1_48' title="bbox 1922 1920 3512 1998; baseline -0.005 -16"><span class='ocrx_word' id='word_1_361' title='bbox 1922 1929 2175 1998; x_wconf 85' lang='lat' dir='ltr'><strong>temptis;</strong></span> <span class='ocrx_word' id='word_1_362' title='bbox 2213 1929 2278 1983; x_wconf 85' lang='lat' dir='ltr'><strong>ad</strong></span> <span class='ocrx_word' id='word_1_363' title='bbox 2311 1928 2448 1989; x_wconf 70' lang='lat' dir='ltr'><strong>haec,</strong></span> <span class='ocrx_word' id='word_1_364' title='bbox 2493 1934 2552 1980; x_wconf 91' lang='lat' dir='ltr'><strong>ut</strong></span> <span class='ocrx_word' id='word_1_365' title='bbox 2579 1927 2742 1981; x_wconf 89' lang='lat' dir='ltr'><strong>etiam</strong></span> <span class='ocrx_word' id='word_1_366' title='bbox 2775 1925 2990 1980; x_wconf 77' lang='lat' dir='ltr'><strong>ﬁrmam</strong></span> <span class='ocrx_word' id='word_1_367' title='bbox 3043 1921 3290 1979; x_wconf 76' lang='lat' dir='ltr'><strong>mulieris</strong></span> <span class='ocrx_word' id='word_1_368' title='bbox 3348 1920 3512 1976; x_wconf 78' lang='lat' dir='ltr'><strong>ﬁdem</strong></span> 
     </span>
    </p>
   </div>
   <div class='ocr_carea' id='block_1_49' title="bbox 1922 2019 2505 2078">
    <p class='ocr_par' dir='ltr' id='par_1_49' title="bbox 1922 2019 2505 2078">
     <span class='ocr_line' id='line_1_49' title="bbox 1922 2019 2505 2078; baseline -0.007 0"><span class='ocrx_word' id='word_1_369' title='bbox 1922 2022 2265 2078; x_wconf 76' lang='lat' dir='ltr'><strong>manifestam</strong></span> <span class='ocrx_word' id='word_1_370' title='bbox 2294 2019 2505 2078; x_wconf 82' lang='lat' dir='ltr'><strong>reddat.</strong></span> 
     </span>
    </p>
   </div>
   <div class='ocr_carea' id='block_1_50' title="bbox 2002 2201 3524 2274">
    <p class='ocr_par' dir='ltr' id='par_1_50' title="bbox 2002 2201 3524 2274">
     <span class='ocr_line' id='line_1_50' title="bbox 2002 2201 3524 2274; baseline -0.002 -17"><span class='ocrx_word' id='word_1_371' title='bbox 2002 2207 2163 2270; x_wconf 55' lang='lat' dir='ltr'><strong>Vena,</strong></span> <span class='ocrx_word' id='word_1_372' title='bbox 2196 2207 2388 2272; x_wconf 57' lang='lat'><strong>23,94.</strong></span> <span class='ocrx_word' id='word_1_373' title='bbox 2423 2225 2441 2258; x_wconf 84' lang='grc' dir='ltr'><strong>ι</strong></span> <span class='ocrx_word' id='word_1_374' title='bbox 2481 2205 2545 2260; x_wconf 85' lang='lat' dir='ltr'><strong>Et</strong></span> <span class='ocrx_word' id='word_1_375' title='bbox 2578 2205 2902 2260; x_wconf 79' lang='lat' dir='ltr'><strong>accedentes</strong></span> <span class='ocrx_word' id='word_1_376' title='bbox 2938 2201 3185 2274; x_wconf 87' lang='lat' dir='ltr'><strong>discipuli</strong></span> <span class='ocrx_word' id='word_1_377' title='bbox 3215 2201 3332 2271; x_wconf 77' lang='lat' dir='ltr'><strong>ejus</strong></span> <span class='ocrx_word' id='word_1_378' title='bbox 3364 2215 3524 2272; x_wconf 86' lang='lat' dir='ltr'><strong>roga-</strong></span> 
     </span>
    </p>
   </div>
   <div class='ocr_carea' id='block_1_51' title="bbox 1925 2293 3526 2364">
    <p class='ocr_par' dir='ltr' id='par_1_51' title="bbox 1925 2293 3526 2364">
     <span class='ocr_line' id='line_1_51' title="bbox 1925 2293 3526 2364; baseline -0.004 -12"><span class='ocrx_word' id='word_1_379' title='bbox 1925 2299 2248 2364; x_wconf 84' lang='lat' dir='ltr'><strong>bantillum,</strong></span> <span class='ocrx_word' id='word_1_380' title='bbox 2301 2300 2594 2354; x_wconf 87' lang='lat' dir='ltr'><strong>dicentes:</strong></span> <span class='ocrx_word' id='word_1_381' title='bbox 2649 2296 2852 2352; x_wconf 91' lang='lat' dir='ltr'><strong>Omitte</strong></span> <span class='ocrx_word' id='word_1_382' title='bbox 2914 2295 3083 2362; x_wconf 82' lang='lat' dir='ltr'><strong>illam,</strong></span> <span class='ocrx_word' id='word_1_383' title='bbox 3141 2309 3266 2349; x_wconf 84' lang='lat' dir='ltr'><strong>nam</strong></span> <span class='ocrx_word' id='word_1_384' title='bbox 3325 2293 3526 2348; x_wconf 85' lang='lat' dir='ltr'><strong>clamat</strong></span> 
     </span>
    </p>
   </div>
   <div class='ocr_carea' id='block_1_52' title="bbox 1927 2386 3525 2461">
    <p class='ocr_par' dir='ltr' id='par_1_52' title="bbox 1927 2386 3525 2461">
     <span class='ocr_line' id='line_1_52' title="bbox 1927 2386 3525 2461; baseline -0.003 -19"><span class='ocrx_word' id='word_1_385' title='bbox 1927 2401 2046 2461; x_wconf 78' lang='lat' dir='ltr'><strong>post</strong></span> <span class='ocrx_word' id='word_1_386' title='bbox 2066 2407 2190 2448; x_wconf 87' lang='lat' dir='ltr'><strong>nos.</strong></span> <span class='ocrx_word' id='word_1_387' title='bbox 2225 2390 2296 2446; x_wconf 85' lang='lat' dir='ltr'><strong>At</strong></span> <span class='ocrx_word' id='word_1_388' title='bbox 2324 2389 2413 2446; x_wconf 87' lang='lat' dir='ltr'><strong>ille</strong></span> <span class='ocrx_word' id='word_1_389' title='bbox 2443 2391 2783 2460; x_wconf 88' lang='lat' dir='ltr'><strong>respondens</strong></span> <span class='ocrx_word' id='word_1_390' title='bbox 2820 2389 2988 2444; x_wconf 80' lang='lat' dir='ltr'><strong>dixit:</strong></span> <span class='ocrx_word' id='word_1_391' title='bbox 3034 2386 3148 2442; x_wconf 81' lang='lat' dir='ltr'><strong>Non</strong></span> <span class='ocrx_word' id='word_1_392' title='bbox 3174 2403 3294 2443; x_wconf 88' lang='lat' dir='ltr'><strong>sum</strong></span> <span class='ocrx_word' id='word_1_393' title='bbox 3323 2387 3525 2441; x_wconf 86' lang='lat' dir='ltr'><strong>missus</strong></span> 
     </span>
    </p>
   </div>
   <div class='ocr_carea' id='block_1_53' title="bbox 1928 2481 3527 2554">
    <p class='ocr_par' dir='ltr' id='par_1_53' title="bbox 1928 2481 3527 2554">
     <span class='ocr_line' id='line_1_53' title="bbox 1928 2481 3527 2554; baseline -0.003 -16"><span class='ocrx_word' id='word_1_394' title='bbox 1928 2484 2031 2539; x_wconf 83' lang='lat' dir='ltr'><strong>nisi</strong></span> <span class='ocrx_word' id='word_1_395' title='bbox 2060 2485 2126 2539; x_wconf 91' lang='lat' dir='ltr'><strong>ad</strong></span> <span class='ocrx_word' id='word_1_396' title='bbox 2160 2499 2292 2540; x_wconf 87' lang='lat' dir='ltr'><strong>oves</strong></span> <span class='ocrx_word' id='word_1_397' title='bbox 2318 2499 2440 2554; x_wconf 69' lang='lat' dir='ltr'><strong>qua:</strong></span> <span class='ocrx_word' id='word_1_398' title='bbox 2463 2484 2742 2553; x_wconf 89' lang='lat' dir='ltr'><strong>perierunt</strong></span> <span class='ocrx_word' id='word_1_399' title='bbox 2768 2485 2964 2539; x_wconf 86' lang='lat' dir='ltr'><strong>domus</strong></span> <span class='ocrx_word' id='word_1_400' title='bbox 2985 2482 3172 2539; x_wconf 85' lang='lat' dir='ltr'><strong>israel.</strong></span> <span class='ocrx_word' id='word_1_401' title='bbox 3209 2501 3228 2534; x_wconf 75' lang='grc' dir='ltr'><strong>ι</strong></span> <span class='ocrx_word' id='word_1_402' title='bbox 3267 2481 3527 2551; x_wconf 86' lang='lat' dir='ltr'><strong>Discipuli</strong></span> 
     </span>
    </p>
   </div>
   <div class='ocr_carea' id='block_1_54' title="bbox 1927 2575 3521 2648">
    <p class='ocr_par' dir='ltr' id='par_1_54' title="bbox 1927 2575 3521 2648">
     <span class='ocr_line' id='line_1_54' title="bbox 1927 2575 3521 2648; baseline -0.003 -18"><span class='ocrx_word' id='word_1_403' title='bbox 1927 2578 2197 2648; x_wconf 72' lang='lat' dir='ltr'><strong>gravatim</strong></span> <span class='ocrx_word' id='word_1_404' title='bbox 2250 2577 2490 2634; x_wconf 71' lang='lat' dir='ltr'><strong>ferentes</strong></span> <span class='ocrx_word' id='word_1_405' title='bbox 2547 2577 2844 2631; x_wconf 85' lang='lat' dir='ltr'><strong>clamorem</strong></span> <span class='ocrx_word' id='word_1_406' title='bbox 2910 2575 3176 2642; x_wconf 84' lang='lat' dir='ltr'><strong>mulieris,</strong></span> <span class='ocrx_word' id='word_1_407' title='bbox 3209 2577 3521 2646; x_wconf 81' lang='lat' dir='ltr'><strong>rogabant:</strong></span> 
     </span>
    </p>
   </div>
   <div class='ocr_carea' id='block_1_55' title="bbox 1929 2667 3529 2740">
    <p class='ocr_par' dir='ltr' id='par_1_55' title="bbox 1929 2667 3529 2740">
     <span class='ocr_line' id='line_1_55' title="bbox 1929 2667 3529 2740; baseline -0.002 -15"><span class='ocrx_word' id='word_1_408' title='bbox 1929 2671 2152 2727; x_wconf 86' lang='lat' dir='ltr'><strong>Dimitte</strong></span> <span class='ocrx_word' id='word_1_409' title='bbox 2175 2687 2322 2736; x_wconf 83' lang='lat' dir='ltr'><strong>eam,</strong></span> <span class='ocrx_word' id='word_1_410' title='bbox 2349 2673 2452 2727; x_wconf 90' lang='lat' dir='ltr'><strong>boc</strong></span> <span class='ocrx_word' id='word_1_411' title='bbox 2478 2681 2582 2735; x_wconf 78' lang='lat' dir='ltr'><strong>est,</strong></span> <span class='ocrx_word' id='word_1_412' title='bbox 2636 2670 3006 2727; x_wconf 77' lang='lat' dir='ltr'><strong>obsecrabant</strong></span> <span class='ocrx_word' id='word_1_413' title='bbox 3041 2680 3100 2724; x_wconf 91' lang='lat' dir='ltr'><strong>ut</strong></span> <span class='ocrx_word' id='word_1_414' title='bbox 3149 2670 3432 2740; x_wconf 83' lang='lat' dir='ltr'><strong>ablegaret</strong></span> <span class='ocrx_word' id='word_1_415' title='bbox 3467 2667 3529 2722; x_wconf 89' lang='lat' dir='ltr'><strong>il-</strong></span> 
     </span>
    </p>
   </div>
   <div class='ocr_carea' id='block_1_56' title="bbox 1929 2759 3527 2829">
    <p class='ocr_par' dir='ltr' id='par_1_56' title="bbox 1929 2759 3527 2829">
     <span class='ocr_line' id='line_1_56' title="bbox 1929 2759 3527 2829; baseline -0.001 -15"><span class='ocrx_word' id='word_1_416' title='bbox 1929 2763 2033 2816; x_wconf 87' lang='lat' dir='ltr'><strong>lam</strong></span> <span class='ocrx_word' id='word_1_417' title='bbox 2073 2778 2100 2817; x_wconf 86' lang='lat' dir='ltr'><strong>a</strong></span> <span class='ocrx_word' id='word_1_418' title='bbox 2148 2779 2227 2819; x_wconf 88' lang='lat' dir='ltr'><strong>se.</strong></span> <span class='ocrx_word' id='word_1_419' title='bbox 2271 2762 2384 2818; x_wconf 87' lang='lat' dir='ltr'><strong>Hoc</strong></span> <span class='ocrx_word' id='word_1_420' title='bbox 2426 2774 2606 2818; x_wconf 86' lang='lat' dir='ltr'><strong>autem</strong></span> <span class='ocrx_word' id='word_1_421' title='bbox 2639 2762 2925 2818; x_wconf 80' lang='lat' dir='ltr'><strong>faciebant</strong></span> <span class='ocrx_word' id='word_1_422' title='bbox 2960 2778 3064 2817; x_wconf 91' lang='lat' dir='ltr'><strong>non</strong></span> <span class='ocrx_word' id='word_1_423' title='bbox 3135 2771 3389 2829; x_wconf 84' lang='lat' dir='ltr'><strong>tanquam</strong></span> <span class='ocrx_word' id='word_1_424' title='bbox 3424 2759 3527 2813; x_wconf 88' lang='lat' dir='ltr'><strong>im-</strong></span> 
     </span>
    </p>
   </div>
   <div class='ocr_carea' id='block_1_57' title="bbox 1929 2854 3531 2927">
    <p class='ocr_par' dir='ltr' id='par_1_57' title="bbox 1929 2854 3531 2927">
     <span class='ocr_line' id='line_1_57' title="bbox 1929 2854 3531 2927; baseline -0.003 -16"><span class='ocrx_word' id='word_1_425' title='bbox 1929 2857 2335 2920; x_wconf 85' lang='lat' dir='ltr'><strong>misericordes,</strong></span> <span class='ocrx_word' id='word_1_426' title='bbox 2369 2857 2462 2913; x_wconf 90' lang='lat' dir='ltr'><strong>sed</strong></span> <span class='ocrx_word' id='word_1_427' title='bbox 2500 2857 2672 2927; x_wconf 81' lang='lat' dir='ltr'><strong>magis</strong></span> <span class='ocrx_word' id='word_1_428' title='bbox 2703 2856 2952 2913; x_wconf 87' lang='lat' dir='ltr'><strong>volentes</strong></span> <span class='ocrx_word' id='word_1_429' title='bbox 2981 2857 3314 2926; x_wconf 82' lang='lat' dir='ltr'><strong>persuadere</strong></span> <span class='ocrx_word' id='word_1_430' title='bbox 3349 2854 3531 2909; x_wconf 87' lang='lat' dir='ltr'><strong>Domi-</strong></span> 
     </span>
    </p>
   </div>
   <div class='ocr_carea' id='block_1_58' title="bbox 1930 2947 3531 3018">
    <p class='ocr_par' dir='ltr' id='par_1_58' title="bbox 1930 2947 3531 3018">
     <span class='ocr_line' id='line_1_58' title="bbox 1930 2947 3531 3018; baseline -0.003 -13"><span class='ocrx_word' id='word_1_431' title='bbox 1930 2966 2006 3005; x_wconf 88' lang='lat' dir='ltr'><strong>no</strong></span> <span class='ocrx_word' id='word_1_432' title='bbox 2035 2959 2095 3004; x_wconf 93' lang='lat' dir='ltr'><strong>ut</strong></span> <span class='ocrx_word' id='word_1_433' title='bbox 2125 2950 2478 3006; x_wconf 83' lang='lat' dir='ltr'><strong>misereretur</strong></span> <span class='ocrx_word' id='word_1_434' title='bbox 2511 2951 2580 3004; x_wconf 90' lang='lat' dir='ltr'><strong>ei.</strong></span> <span class='ocrx_word' id='word_1_435' title='bbox 2616 2950 2683 3003; x_wconf 77' lang='lat' dir='ltr'><strong>At</strong></span> <span class='ocrx_word' id='word_1_436' title='bbox 2715 2949 2803 3005; x_wconf 90' lang='lat' dir='ltr'><strong>ille</strong></span> <span class='ocrx_word' id='word_1_437' title='bbox 2834 2949 3010 3018; x_wconf 89' lang='lat' dir='ltr'><strong>inquit</strong></span> <span class='ocrx_word' id='word_1_438' title='bbox 3045 2967 3057 3004; x_wconf 92' lang='lat'><strong>:</strong></span> <span class='ocrx_word' id='word_1_439' title='bbox 3095 2947 3212 3004; x_wconf 83' lang='lat' dir='ltr'><strong>Non</strong></span> <span class='ocrx_word' id='word_1_440' title='bbox 3246 2963 3368 3004; x_wconf 91' lang='lat' dir='ltr'><strong>sum</strong></span> <span class='ocrx_word' id='word_1_441' title='bbox 3398 2947 3531 3003; x_wconf 82' lang='lat' dir='ltr'><strong>mis-</strong></span> 
     </span>
    </p>
   </div>
   <div class='ocr_carea' id='block_1_59' title="bbox 1910 3041 3528 3114">
    <p class='ocr_par' dir='ltr' id='par_1_59' title="bbox 1910 3041 3528 3114">
     <span class='ocr_line' id='line_1_59' title="bbox 1910 3041 3528 3114; baseline -0.002 -14"><span class='ocrx_word' id='word_1_442' title='bbox 1910 3059 2024 3111; x_wconf 39' lang='lat' dir='ltr'><strong>,sus</strong></span> <span class='ocrx_word' id='word_1_443' title='bbox 2045 3044 2148 3098; x_wconf 90' lang='lat' dir='ltr'><strong>nisi</strong></span> <span class='ocrx_word' id='word_1_444' title='bbox 2182 3043 2247 3097; x_wconf 81' lang='lat' dir='ltr'><strong>ad</strong></span> <span class='ocrx_word' id='word_1_445' title='bbox 2288 3041 2528 3108; x_wconf 62' lang='lat' dir='ltr'><strong>Judaeos,</strong></span> <span class='ocrx_word' id='word_1_446' title='bbox 2563 3045 2656 3114; x_wconf 90' lang='lat' dir='ltr'><strong>qui</strong></span> <span class='ocrx_word' id='word_1_447' title='bbox 2711 3050 2838 3098; x_wconf 92' lang='lat' dir='ltr'><strong>sunt</strong></span> <span class='ocrx_word' id='word_1_448' title='bbox 2873 3057 3003 3098; x_wconf 89' lang='lat' dir='ltr'><strong>oves</strong></span> <span class='ocrx_word' id='word_1_449' title='bbox 3046 3043 3271 3113; x_wconf 69' lang='lat' dir='ltr'><strong>perditae</strong></span> <span class='ocrx_word' id='word_1_450' title='bbox 3296 3057 3394 3110; x_wconf 89' lang='lat' dir='ltr'><strong>per</strong></span> <span class='ocrx_word' id='word_1_451' title='bbox 3425 3057 3528 3097; x_wconf 90' lang='lat' dir='ltr'><strong>eo-</strong></span> 
     </span>
    </p>
   </div>
   <div class='ocr_carea' id='block_1_60' title="bbox 1932 3130 3533 3202">
    <p class='ocr_par' dir='ltr' id='par_1_60' title="bbox 1932 3130 3533 3202">
     <span class='ocr_line' id='line_1_60' title="bbox 1932 3130 3533 3202; baseline -0.001 -14"><span class='ocrx_word' id='word_1_452' title='bbox 1932 3149 2054 3188; x_wconf 91' lang='lat' dir='ltr'><strong>rum</strong></span> <span class='ocrx_word' id='word_1_453' title='bbox 2089 3133 2377 3199; x_wconf 83' lang='lat' dir='ltr'><strong>mslitiam,</strong></span> <span class='ocrx_word' id='word_1_454' title='bbox 2420 3135 2617 3202; x_wconf 87' lang='lat' dir='ltr'><strong>quibus</strong></span> <span class='ocrx_word' id='word_1_455' title='bbox 2655 3131 2874 3188; x_wconf 78' lang='lat' dir='ltr'><strong>fuerant</strong></span> <span class='ocrx_word' id='word_1_456' title='bbox 2906 3132 3263 3188; x_wconf 64' lang='lat' dir='ltr'><strong>concreditaa.</strong></span> <span class='ocrx_word' id='word_1_457' title='bbox 3293 3130 3398 3187; x_wconf 85' lang='lat' dir='ltr'><strong>Per</strong></span> <span class='ocrx_word' id='word_1_458' title='bbox 3431 3134 3533 3187; x_wconf 81' lang='lat' dir='ltr'><strong>hoc</strong></span> 
     </span>
    </p>
   </div>
   <div class='ocr_carea' id='block_1_61' title="bbox 1935 3224 3096 3304">
    <p class='ocr_par' dir='ltr' id='par_1_61' title="bbox 1935 3224 3096 3304">
     <span class='ocr_line' id='line_1_61' title="bbox 1935 3224 3096 3304; baseline -0.002 -22"><span class='ocrx_word' id='word_1_459' title='bbox 1935 3234 2113 3304; x_wconf 77' lang='lat' dir='ltr'><strong>autem</strong></span> <span class='ocrx_word' id='word_1_460' title='bbox 2144 3227 2375 3292; x_wconf 83' lang='lat' dir='ltr'><strong>amplius</strong></span> <span class='ocrx_word' id='word_1_461' title='bbox 2397 3226 2615 3294; x_wconf 80' lang='lat' dir='ltr'><strong>evulgat</strong></span> <span class='ocrx_word' id='word_1_462' title='bbox 2645 3227 2806 3281; x_wconf 86' lang='lat' dir='ltr'><strong>iidem</strong></span> <span class='ocrx_word' id='word_1_463' title='bbox 2831 3224 3096 3280; x_wconf 88' lang='lat' dir='ltr'><strong>mulieris.</strong></span> 
     </span>
    </p>
   </div>
   <div class='ocr_carea' id='block_1_62' title="bbox 313 3303 1824 3396">
    <p class='ocr_par' dir='ltr' id='par_1_62' title="bbox 313 3322 1822 3396">
     <span class='ocr_line' id='line_1_62' title="bbox 313 3322 1822 3396; baseline 0.005 -24"><span class='ocrx_word' id='word_1_464' title='bbox 313 3341 334 3372; x_wconf 81' lang='grc' dir='ltr'>σ</span> <span class='ocrx_word' id='word_1_465' title='bbox 385 3322 454 3376; x_wconf 83' lang='grc' dir='ltr'><em>Ἦ</em></span> <span class='ocrx_word' id='word_1_466' title='bbox 498 3323 577 3388; x_wconf 76' lang='grc' dir='ltr'>δὲ,</span> <span class='ocrx_word' id='word_1_467' title='bbox 615 3323 848 3378; x_wconf 68' lang='grc' dir='ltr'>ἐλθοῦσα</span> <span class='ocrx_word' id='word_1_468' title='bbox 888 3326 1301 3396; x_wconf 83' lang='grc' dir='ltr'>προσεκύνησεν</span> <span class='ocrx_word' id='word_1_469' title='bbox 1336 3326 1514 3396; x_wconf 84' lang='grc' dir='ltr'>αὐτῷ,</span> <span class='ocrx_word' id='word_1_470' title='bbox 1551 3325 1784 3393; x_wconf 86' lang='grc' dir='ltr'>λέγουσα</span> <span class='ocrx_word' id='word_1_471' title='bbox 1808 3367 1822 3388; x_wconf 89' lang='grc'><strong>,</strong></span> 
     </span>
    </p>
   </div>
   <div class='ocr_carea' id='block_1_63' title="bbox 1933 3303 3531 3396">
    <p class='ocr_par' dir='ltr' id='par_1_63' title="bbox 1969 3303 3531 3386">
     <span class='ocr_line' id='line_1_63' title="bbox 1969 3303 3531 3386; baseline -0.002 -14"><span class='ocrx_word' id='word_1_472' title='bbox 1969 3305 1976 3308; x_wconf 80' lang='grc'><em>”</em></span> <span class='ocrx_word' id='word_1_473' title='bbox 2013 3317 2172 3375; x_wconf 74' lang='lat' dir='ltr'><strong>Vsus.</strong></span> <span class='ocrx_word' id='word_1_474' title='bbox 2201 3319 2413 3386; x_wconf 69' lang='lat'><strong>25,27.</strong></span> <span class='ocrx_word' id='word_1_475' title='bbox 2449 3331 2468 3370; x_wconf 80' lang='grc' dir='ltr'><strong>ι</strong></span> <span class='ocrx_word' id='word_1_476' title='bbox 2507 3317 2600 3373; x_wconf 86' lang='lat' dir='ltr'><strong>illa</strong></span> <span class='ocrx_word' id='word_1_477' title='bbox 2651 3334 2779 3375; x_wconf 89' lang='lat' dir='ltr'><strong>vero</strong></span> <span class='ocrx_word' id='word_1_478' title='bbox 2811 3318 2959 3374; x_wconf 88' lang='lat' dir='ltr'><strong>venit</strong></span> <span class='ocrx_word' id='word_1_479' title='bbox 2992 3326 3046 3372; x_wconf 90' lang='lat' dir='ltr'><strong>et</strong></span> <span class='ocrx_word' id='word_1_480' title='bbox 3104 3303 3355 3372; x_wconf 81' lang='lat' dir='ltr'><strong>adoravit</strong></span> <span class='ocrx_word' id='word_1_481' title='bbox 3381 3317 3531 3370; x_wconf 90' lang='lat' dir='ltr'><strong>illum</strong></span> 
     </span>
    </p>
   </div>
   <div class='ocr_carea' id='block_1_64' title="bbox 239 3412 1821 3488">
    <p class='ocr_par' dir='ltr' id='par_1_64' title="bbox 239 3412 1821 3488">
     <span class='ocr_line' id='line_1_64' title="bbox 239 3412 1821 3488; baseline 0.001 -21"><span class='ocrx_word' id='word_1_482' title='bbox 239 3412 440 3486; x_wconf 77' lang='grc' dir='ltr'>Κύριε,</span> <span class='ocrx_word' id='word_1_483' title='bbox 473 3414 657 3487; x_wconf 83' lang='grc' dir='ltr'>βοήθει</span> <span class='ocrx_word' id='word_1_484' title='bbox 682 3434 794 3487; x_wconf 85' lang='grc' dir='ltr'>μοι.</span> <span class='ocrx_word' id='word_1_485' title='bbox 838 3417 896 3470; x_wconf 84' lang='grc'><strong>⁸0</strong></span> <span class='ocrx_word' id='word_1_486' title='bbox 919 3417 995 3482; x_wconf 77' lang='grc' dir='ltr'>δὲ,</span> <span class='ocrx_word' id='word_1_487' title='bbox 1025 3417 1346 3488; x_wconf 70' lang='grc' dir='ltr'>ἀποκριθεὶς</span> <span class='ocrx_word' id='word_1_488' title='bbox 1370 3416 1546 3472; x_wconf 75' lang='grc' dir='ltr'>εἶπεν·</span> <span class='ocrx_word' id='word_1_489' title='bbox 1571 3419 1684 3472; x_wconf 89' lang='grc' dir='ltr'>υύκ</span> <span class='ocrx_word' id='word_1_490' title='bbox 1706 3419 1821 3470; x_wconf 73' lang='grc' dir='ltr'>ἐστι</span> 
     </span>
    </p>
   </div>
   <div class='ocr_carea' id='block_1_65' title="bbox 237 3505 1824 3581">
    <p class='ocr_par' dir='ltr' id='par_1_65' title="bbox 237 3505 1824 3581">
     <span class='ocr_line' id='line_1_65' title="bbox 237 3505 1824 3581; baseline 0.003 -23"><span class='ocrx_word' id='word_1_491' title='bbox 237 3505 405 3560; x_wconf 84' lang='grc' dir='ltr'>καλὸν</span> <span class='ocrx_word' id='word_1_492' title='bbox 440 3507 623 3560; x_wconf 72' lang='grc' dir='ltr'>λαϐεῖν</span> <span class='ocrx_word' id='word_1_493' title='bbox 652 3509 744 3562; x_wconf 87' lang='grc' dir='ltr'><strong>τδν</strong></span> <span class='ocrx_word' id='word_1_494' title='bbox 770 3509 934 3580; x_wconf 74' lang='grc' dir='ltr'>ἄρτον</span> <span class='ocrx_word' id='word_1_495' title='bbox 965 3509 1076 3563; x_wconf 83' lang='grc' dir='ltr'><strong>τῶν</strong></span> <span class='ocrx_word' id='word_1_496' title='bbox 1109 3511 1338 3574; x_wconf 83' lang='grc' dir='ltr'>τέκνων,</span> <span class='ocrx_word' id='word_1_497' title='bbox 1378 3512 1471 3564; x_wconf 76' lang='grc' dir='ltr'>καὶ</span> <span class='ocrx_word' id='word_1_498' title='bbox 1502 3510 1684 3581; x_wconf 77' lang='grc' dir='ltr'>βαλεῖν</span> <span class='ocrx_word' id='word_1_499' title='bbox 1707 3512 1824 3574; x_wconf 81' lang='grc' dir='ltr'>τοῖς</span> 
     </span>
    </p>
   </div>
   <div class='ocr_carea' id='block_1_66' title="bbox 235 3593 1826 3671">
    <p class='ocr_par' dir='ltr' id='par_1_66' title="bbox 235 3593 1826 3671">
     <span class='ocr_line' id='line_1_66' title="bbox 235 3593 1826 3671; baseline 0.003 -22"><span class='ocrx_word' id='word_1_500' title='bbox 235 3597 539 3668; x_wconf 78' lang='grc' dir='ltr'>κυναρίοις.</span> <span class='ocrx_word' id='word_1_501' title='bbox 578 3597 640 3651; x_wconf 84' lang='lat' dir='ltr'><strong>&#39;H</strong></span> <span class='ocrx_word' id='word_1_502' title='bbox 667 3598 723 3651; x_wconf 69' lang='grc' dir='ltr'>δὲ</span> <span class='ocrx_word' id='word_1_503' title='bbox 750 3593 893 3652; x_wconf 76' lang='grc' dir='ltr'><strong>εἷπε⁸</strong></span> <span class='ocrx_word' id='word_1_504' title='bbox 925 3599 1053 3664; x_wconf 76' lang='grc' dir='ltr'>Ναὶ,</span> <span class='ocrx_word' id='word_1_505' title='bbox 1082 3600 1278 3670; x_wconf 71' lang='grc' dir='ltr'>Κύριε*</span> <span class='ocrx_word' id='word_1_506' title='bbox 1304 3602 1398 3654; x_wconf 76' lang='grc' dir='ltr'>καὶ</span> <span class='ocrx_word' id='word_1_507' title='bbox 1428 3603 1538 3671; x_wconf 72' lang='grc' dir='ltr'>γὰρ</span> <span class='ocrx_word' id='word_1_508' title='bbox 1564 3603 1632 3655; x_wconf 77' lang='grc' dir='ltr'>τὰ</span> <span class='ocrx_word' id='word_1_509' title='bbox 1662 3602 1826 3655; x_wconf 83' lang='grc' dir='ltr'>κυνά-</span> 
     </span>
    </p>
   </div>
   <div class='ocr_carea' id='block_1_67' title="bbox 239 3689 1826 3766">
    <p class='ocr_par' dir='ltr' id='par_1_67' title="bbox 239 3689 1826 3766">
     <span class='ocr_line' id='line_1_67' title="bbox 239 3689 1826 3766; baseline 0.006 -25"><span class='ocrx_word' id='word_1_510' title='bbox 239 3706 336 3761; x_wconf 87' lang='grc' dir='ltr'><strong>ρια</strong></span> <span class='ocrx_word' id='word_1_511' title='bbox 370 3689 539 3742; x_wconf 70' lang='grc' dir='ltr'>ἐσθίει</span> <span class='ocrx_word' id='word_1_512' title='bbox 577 3690 684 3742; x_wconf 77' lang='grc' dir='ltr'>ἀπὸ</span> <span class='ocrx_word' id='word_1_513' title='bbox 713 3691 822 3743; x_wconf 84' lang='grc' dir='ltr'>τῶν</span> <span class='ocrx_word' id='word_1_514' title='bbox 861 3691 1060 3762; x_wconf 73' lang='grc' dir='ltr'>ψιχίων</span> <span class='ocrx_word' id='word_1_515' title='bbox 1100 3693 1209 3748; x_wconf 82' lang='grc' dir='ltr'>τῶν</span> <span class='ocrx_word' id='word_1_516' title='bbox 1242 3694 1554 3748; x_wconf 80' lang='grc' dir='ltr'>πιπτόντων</span> <span class='ocrx_word' id='word_1_517' title='bbox 1586 3697 1694 3749; x_wconf 85' lang='grc' dir='ltr'>ἀπὸ</span> <span class='ocrx_word' id='word_1_518' title='bbox 1728 3700 1826 3766; x_wconf 79' lang='grc' dir='ltr'>τῆς</span> 
     </span>
    </p>
   </div>
   <div class='ocr_carea' id='block_1_68' title="bbox 237 3769 1829 3860">
    <p class='ocr_par' dir='ltr' id='par_1_68' title="bbox 237 3769 1829 3860">
     <span class='ocr_line' id='line_1_68' title="bbox 237 3769 1829 3860; baseline 0.004 -26"><span class='ocrx_word' id='word_1_519' title='bbox 237 3779 522 3852; x_wconf 75' lang='grc' dir='ltr'>τραπέζης</span> <span class='ocrx_word' id='word_1_520' title='bbox 562 3782 670 3835; x_wconf 84' lang='grc' dir='ltr'>τῶν</span> <span class='ocrx_word' id='word_1_521' title='bbox 711 3783 916 3853; x_wconf 83' lang='grc' dir='ltr'>κυρίων</span> <span class='ocrx_word' id='word_1_522' title='bbox 947 3784 1148 3838; x_wconf 84' lang='grc' dir='ltr'>αὐτῶν.</span> <span class='ocrx_word' id='word_1_523' title='bbox 1183 3803 1201 3836; x_wconf 75' lang='grc' dir='ltr'><strong>ι</strong></span> <span class='ocrx_word' id='word_1_524' title='bbox 1259 3785 1410 3837; x_wconf 78' lang='grc' dir='ltr'>Ἐπεὶ</span> <span class='ocrx_word' id='word_1_525' title='bbox 1440 3769 1581 3838; x_wconf 72' lang='grc' dir='ltr'>εἶδέν</span> <span class='ocrx_word' id='word_1_526' title='bbox 1614 3789 1646 3857; x_wconf 82' lang='grc' dir='ltr'>ἠ</span> <span class='ocrx_word' id='word_1_527' title='bbox 1691 3789 1829 3860; x_wconf 78' lang='grc' dir='ltr'>γυνὴ</span> 
     </span>
    </p>
   </div>
   <div class='ocr_carea' id='block_1_69' title="bbox 238 3873 1831 3950">
    <p class='ocr_par' dir='ltr' id='par_1_69' title="bbox 238 3873 1831 3950">
     <span class='ocr_line' id='line_1_69' title="bbox 238 3873 1831 3950; baseline 0.004 -25"><span class='ocrx_word' id='word_1_528' title='bbox 238 3874 368 3935; x_wconf 75' lang='grc' dir='ltr'>τοὺς</span> <span class='ocrx_word' id='word_1_529' title='bbox 393 3873 729 3944; x_wconf 79' lang='grc' dir='ltr'>συνηγόρους</span> <span class='ocrx_word' id='word_1_530' title='bbox 757 3875 929 3944; x_wconf 84' lang='grc' dir='ltr'>αὐτῆς</span> <span class='ocrx_word' id='word_1_531' title='bbox 986 3877 1111 3938; x_wconf 80' lang='grc' dir='ltr'>τοὺς</span> <span class='ocrx_word' id='word_1_532' title='bbox 1141 3877 1495 3942; x_wconf 88' lang='grc' dir='ltr'>ἀποστόλους,</span> <span class='ocrx_word' id='word_1_533' title='bbox 1529 3879 1831 3950; x_wconf 85' lang='grc' dir='ltr'>ἀποτυχόν-</span> 
     </span>
    </p>
   </div>
   <div class='ocr_carea' id='block_1_70' title="bbox 239 3962 1827 4038">
    <p class='ocr_par' dir='ltr' id='par_1_70' title="bbox 239 3962 1827 4038">
     <span class='ocr_line' id='line_1_70' title="bbox 239 3962 1827 4038; baseline 0.007 -23"><span class='ocrx_word' id='word_1_534' title='bbox 239 3981 364 4027; x_wconf 86' lang='grc' dir='ltr'>τας,</span> <span class='ocrx_word' id='word_1_535' title='bbox 411 3962 574 4016; x_wconf 89' lang='grc' dir='ltr'>πάλιν</span> <span class='ocrx_word' id='word_1_536' title='bbox 607 3965 858 4033; x_wconf 86' lang='grc' dir='ltr'>πρόσεισι</span> <span class='ocrx_word' id='word_1_537' title='bbox 894 3966 1136 4037; x_wconf 84' lang='grc' dir='ltr'>θερμῶς,</span> <span class='ocrx_word' id='word_1_538' title='bbox 1172 3967 1269 4020; x_wconf 72' lang='grc' dir='ltr'>καὶ</span> <span class='ocrx_word' id='word_1_539' title='bbox 1303 3968 1506 4038; x_wconf 81' lang='grc' dir='ltr'>Κύριον</span> <span class='ocrx_word' id='word_1_540' title='bbox 1539 3972 1827 4027; x_wconf 75' lang='grc' dir='ltr'>ἀποκαλεῖ.</span> 
     </span>
    </p>
   </div>
   <div class='ocr_carea' id='block_1_71' title="bbox 254 4057 1831 4127">
    <p class='ocr_par' dir='ltr' id='par_1_71' title="bbox 254 4057 1831 4127">
     <span class='ocr_line' id='line_1_71' title="bbox 254 4057 1831 4127; baseline 0.004 -17"><span class='ocrx_word' id='word_1_541' title='bbox 254 4057 414 4110; x_wconf 80' lang='grc' dir='ltr'>Ἐπεὶ</span> <span class='ocrx_word' id='word_1_542' title='bbox 436 4057 493 4108; x_wconf 76' lang='grc' dir='ltr'>δὲ</span> <span class='ocrx_word' id='word_1_543' title='bbox 522 4057 549 4107; x_wconf 88' lang='grc' dir='ltr'><strong>ό</strong></span> <span class='ocrx_word' id='word_1_544' title='bbox 572 4057 806 4126; x_wconf 83' lang='grc' dir='ltr'>Χριστὸς</span> <span class='ocrx_word' id='word_1_545' title='bbox 835 4057 975 4110; x_wconf 81' lang='grc' dir='ltr'>κύνα</span> <span class='ocrx_word' id='word_1_546' title='bbox 995 4058 1166 4124; x_wconf 78' lang='grc' dir='ltr'>αὐτὴν</span> <span class='ocrx_word' id='word_1_547' title='bbox 1188 4060 1478 4125; x_wconf 75' lang='grc' dir='ltr'>ἀποκαλεῖ,</span> <span class='ocrx_word' id='word_1_548' title='bbox 1509 4063 1596 4114; x_wconf 74' lang='grc' dir='ltr'><strong>διὰ</strong></span> <span class='ocrx_word' id='word_1_549' title='bbox 1624 4064 1683 4116; x_wconf 86' lang='grc' dir='ltr'>τὸ</span> <span class='ocrx_word' id='word_1_550' title='bbox 1705 4064 1831 4127; x_wconf 80' lang='grc' dir='ltr'>τοὺς</span> 
     </span>
    </p>
   </div>
   <div class='ocr_carea' id='block_1_72' title="bbox 241 4148 1831 4222">
    <p class='ocr_par' dir='ltr' id='par_1_72' title="bbox 241 4148 1831 4222">
     <span class='ocr_line' id='line_1_72' title="bbox 241 4148 1831 4222; baseline 0.006 -22"><span class='ocrx_word' id='word_1_551' title='bbox 241 4148 494 4210; x_wconf 73' lang='grc' dir='ltr'>ὲθνικοὺς</span> <span class='ocrx_word' id='word_1_552' title='bbox 510 4148 822 4218; x_wconf 83' lang='grc' dir='ltr'>ἀκάθαρτον</span> <span class='ocrx_word' id='word_1_553' title='bbox 841 4149 953 4218; x_wconf 82' lang='grc' dir='ltr'>βίον</span> <span class='ocrx_word' id='word_1_554' title='bbox 979 4149 1123 4219; x_wconf 73' lang='grc' dir='ltr'>ἔχειν</span> <span class='ocrx_word' id='word_1_555' title='bbox 1150 4153 1384 4221; x_wconf 77' lang='grc' dir='ltr'>καὶπερὶ</span> <span class='ocrx_word' id='word_1_556' title='bbox 1408 4152 1476 4205; x_wconf 88' lang='grc' dir='ltr'><strong>τά</strong></span> <span class='ocrx_word' id='word_1_557' title='bbox 1496 4155 1708 4222; x_wconf 82' lang='grc' dir='ltr'>αἵματα</span> <span class='ocrx_word' id='word_1_558' title='bbox 1724 4156 1831 4210; x_wconf 85' lang='grc' dir='ltr'>τῶν</span> 
     </span>
    </p>
   </div>
   <div class='ocr_carea' id='block_1_73' title="bbox 241 4239 1830 4314">
    <p class='ocr_par' dir='ltr' id='par_1_73' title="bbox 241 4239 1830 4314">
     <span class='ocr_line' id='line_1_73' title="bbox 241 4239 1830 4314; baseline 0.005 -22"><span class='ocrx_word' id='word_1_559' title='bbox 241 4259 264 4292; x_wconf 86' lang='grc' dir='ltr'><strong>ε</strong></span> <span class='ocrx_word' id='word_1_560' title='bbox 276 4239 612 4293; x_wconf 85' lang='grc' dir='ltr'>ίδωλοθύτων</span> <span class='ocrx_word' id='word_1_561' title='bbox 629 4240 1090 4310; x_wconf 84' lang='grc' dir='ltr'>ἀναστρέφεσθαι,</span> <span class='ocrx_word' id='word_1_562' title='bbox 1107 4243 1273 4294; x_wconf 86' lang='grc' dir='ltr'>τέκνα</span> <span class='ocrx_word' id='word_1_563' title='bbox 1290 4242 1348 4295; x_wconf 76' lang='grc' dir='ltr'>δὲ</span> <span class='ocrx_word' id='word_1_564' title='bbox 1363 4245 1490 4306; x_wconf 78' lang='grc' dir='ltr'>τοὺς</span> <span class='ocrx_word' id='word_1_565' title='bbox 1521 4244 1830 4314; x_wconf 78' lang='grc' dir='ltr'>Ἰουδαίους,</span> 
     </span>
    </p>
   </div>
   <div class='ocr_carea' id='block_1_74' title="bbox 241 4332 1832 4406">
    <p class='ocr_par' dir='ltr' id='par_1_74' title="bbox 241 4332 1832 4406">
     <span class='ocr_line' id='line_1_74' title="bbox 241 4332 1832 4406; baseline 0.004 -21"><span class='ocrx_word' id='word_1_566' title='bbox 241 4334 435 4401; x_wconf 68' lang='grc' dir='ltr'>ἐκείνη</span> <span class='ocrx_word' id='word_1_567' title='bbox 495 4333 735 4395; x_wconf 79' lang='grc' dir='ltr'>συνετῶς</span> <span class='ocrx_word' id='word_1_568' title='bbox 795 4332 1154 4403; x_wconf 83' lang='grc' dir='ltr'>ἀποκρίνεται</span> <span class='ocrx_word' id='word_1_569' title='bbox 1185 4336 1282 4388; x_wconf 79' lang='grc' dir='ltr'>καὶ</span> <span class='ocrx_word' id='word_1_570' title='bbox 1323 4335 1467 4404; x_wconf 87' lang='grc' dir='ltr'>μάλα</span> <span class='ocrx_word' id='word_1_571' title='bbox 1515 4338 1715 4406; x_wconf 79' lang='grc' dir='ltr'>σοφῶς,</span> <span class='ocrx_word' id='word_1_572' title='bbox 1749 4339 1832 4391; x_wconf 82' lang='grc' dir='ltr'>ὅτι</span> 
     </span>
    </p>
   </div>
   <div class='ocr_carea' id='block_1_75' title="bbox 243 4424 1834 4494">
    <p class='ocr_par' dir='ltr' id='par_1_75' title="bbox 243 4424 1834 4494">
     <span class='ocr_line' id='line_1_75' title="bbox 243 4424 1834 4494; baseline 0.001 -16"><span class='ocrx_word' id='word_1_573' title='bbox 243 4427 306 4478; x_wconf 80' lang='lat' dir='ltr'><strong>El</strong></span> <span class='ocrx_word' id='word_1_574' title='bbox 341 4427 432 4477; x_wconf 67' lang='grc' dir='ltr'>καὶ</span> <span class='ocrx_word' id='word_1_575' title='bbox 467 4425 612 4478; x_wconf 87' lang='grc' dir='ltr'>κύων</span> <span class='ocrx_word' id='word_1_576' title='bbox 644 4425 760 4494; x_wconf 69' lang='grc' dir='ltr'>εἰμὶ</span> <span class='ocrx_word' id='word_1_577' title='bbox 791 4426 884 4477; x_wconf 71' lang='grc' dir='ltr'>καὶ</span> <span class='ocrx_word' id='word_1_578' title='bbox 916 4425 1016 4478; x_wconf 86' lang='grc' dir='ltr'><strong>ούκ</strong></span> <span class='ocrx_word' id='word_1_579' title='bbox 1055 4424 1184 4488; x_wconf 76' lang='grc' dir='ltr'>ἀξία</span> <span class='ocrx_word' id='word_1_580' title='bbox 1212 4425 1374 4493; x_wconf 73' lang='grc' dir='ltr'>ἄρτον</span> <span class='ocrx_word' id='word_1_581' title='bbox 1417 4427 1603 4480; x_wconf 78' lang='grc' dir='ltr'>λαϐεῖν</span> <span class='ocrx_word' id='word_1_582' title='bbox 1631 4469 1644 4489; x_wconf 86' lang='lat'><strong>,</strong></span> <span class='ocrx_word' id='word_1_583' title='bbox 1677 4446 1834 4480; x_wconf 87' lang='grc' dir='ltr'>τουτ-</span> 
     </span>
    </p>
   </div>
   <div class='ocr_carea' id='block_1_76' title="bbox 242 4516 1834 4587">
    <p class='ocr_par' dir='ltr' id='par_1_76' title="bbox 242 4516 1834 4587">
     <span class='ocr_line' id='line_1_76' title="bbox 242 4516 1834 4587; baseline 0.001 -17"><span class='ocrx_word' id='word_1_584' title='bbox 242 4519 384 4580; x_wconf 83' lang='grc' dir='ltr'>έστι,</span> <span class='ocrx_word' id='word_1_585' title='bbox 438 4516 666 4586; x_wconf 85' lang='grc' dir='ltr'>δύναμίν</span> <span class='ocrx_word' id='word_1_586' title='bbox 710 4533 832 4571; x_wconf 86' lang='grc' dir='ltr'>τινα</span> <span class='ocrx_word' id='word_1_587' title='bbox 861 4519 952 4569; x_wconf 80' lang='grc' dir='ltr'>καὶ</span> <span class='ocrx_word' id='word_1_588' title='bbox 974 4519 1116 4586; x_wconf 73' lang='grc' dir='ltr'>μέγα</span> <span class='ocrx_word' id='word_1_589' title='bbox 1145 4523 1393 4587; x_wconf 74' lang='grc' dir='ltr'>σημεῖον·</span> <span class='ocrx_word' id='word_1_590' title='bbox 1419 4519 1533 4572; x_wconf 79' lang='grc' dir='ltr'>ἀλλ’</span> <span class='ocrx_word' id='word_1_591' title='bbox 1557 4516 1650 4573; x_wconf 74' lang='grc' dir='ltr'><strong>οὖν</strong></span> <span class='ocrx_word' id='word_1_592' title='bbox 1676 4519 1834 4573; x_wconf 80' lang='grc' dir='ltr'>τοῦτο</span> 
     </span>
    </p>
   </div>
   <div class='ocr_carea' id='block_1_77' title="bbox 241 4609 1831 4682">
    <p class='ocr_par' dir='ltr' id='par_1_77' title="bbox 241 4609 1831 4682">
     <span class='ocr_line' id='line_1_77' title="bbox 241 4609 1831 4682; baseline 0.002 -20"><span class='ocrx_word' id='word_1_593' title='bbox 241 4612 303 4662; x_wconf 74' lang='grc' dir='ltr'><strong>τὸ</strong></span> <span class='ocrx_word' id='word_1_594' title='bbox 342 4610 540 4679; x_wconf 84' lang='grc' dir='ltr'>μικρὸν</span> <span class='ocrx_word' id='word_1_595' title='bbox 579 4610 678 4678; x_wconf 81' lang='grc' dir='ltr'>μὲν</span> <span class='ocrx_word' id='word_1_596' title='bbox 721 4611 794 4671; x_wconf 83' lang='grc' dir='ltr'>ὡς</span> <span class='ocrx_word' id='word_1_597' title='bbox 850 4610 986 4680; x_wconf 84' lang='grc' dir='ltr'>πρὸς</span> <span class='ocrx_word' id='word_1_598' title='bbox 1020 4613 1122 4679; x_wconf 77' lang='grc' dir='ltr'>τὴν</span> <span class='ocrx_word' id='word_1_599' title='bbox 1153 4609 1252 4680; x_wconf 79' lang='grc' dir='ltr'>σὴν</span> <span class='ocrx_word' id='word_1_600' title='bbox 1301 4609 1566 4680; x_wconf 88' lang='grc' dir='ltr'>δύναμιν,</span> <span class='ocrx_word' id='word_1_601' title='bbox 1602 4613 1728 4682; x_wconf 69' lang='grc' dir='ltr'>ἐμοὶ</span> <span class='ocrx_word' id='word_1_602' title='bbox 1776 4614 1831 4666; x_wconf 79' lang='grc' dir='ltr'>δὲ</span> 
     </span>
    </p>
   </div>
   <div class='ocr_carea' id='block_1_78' title="bbox 247 4678 1908 4774">
    <p class='ocr_par' dir='ltr' id='par_1_78' title="bbox 247 4678 1908 4774">
     <span class='ocr_line' id='line_1_78' title="bbox 247 4678 1908 4774; baseline 0.002 -22"><span class='ocrx_word' id='word_1_603' title='bbox 247 4704 414 4769; x_wconf 84' lang='grc' dir='ltr'>μέγα,</span> <span class='ocrx_word' id='word_1_604' title='bbox 446 4678 553 4763; x_wconf 82' lang='grc' dir='ltr'>δός’</span> <span class='ocrx_word' id='word_1_605' title='bbox 586 4701 776 4771; x_wconf 73' lang='grc' dir='ltr'>ὥσπερ</span> <span class='ocrx_word' id='word_1_606' title='bbox 804 4678 1023 4764; x_wconf 66' lang='grc' dir='ltr'>καὶτὰς</span> <span class='ocrx_word' id='word_1_607' title='bbox 1049 4678 1237 4771; x_wconf 69' lang='grc' dir='ltr'>ψίχας,</span> <span class='ocrx_word' id='word_1_608' title='bbox 1272 4703 1321 4754; x_wconf 82' lang='lat' dir='ltr'><strong>oi</strong></span> <span class='ocrx_word' id='word_1_609' title='bbox 1355 4678 1455 4771; x_wconf 85' lang='grc' dir='ltr'>μὲν</span> <span class='ocrx_word' id='word_1_610' title='bbox 1481 4705 1605 4766; x_wconf 71' lang='grc' dir='ltr'>τοὺς</span> <span class='ocrx_word' id='word_1_611' title='bbox 1630 4678 1829 4774; x_wconf 78' lang='grc' dir='ltr'>άρτους</span> <span class='ocrx_word' id='word_1_612' title='bbox 1868 4678 1908 4733; x_wconf 78' lang='lat' dir='ltr'><strong>D</strong></span> 
     </span>
    </p>
   </div>
   <div class='ocr_carea' id='block_1_79' title="bbox 243 4790 1831 4862">
    <p class='ocr_par' dir='ltr' id='par_1_79' title="bbox 243 4790 1831 4862">
     <span class='ocr_line' id='line_1_79' title="bbox 243 4790 1831 4862; baseline 0.003 -22"><span class='ocrx_word' id='word_1_613' title='bbox 243 4790 520 4851; x_wconf 80' lang='grc' dir='ltr'>ἐσθίοντες</span> <span class='ocrx_word' id='word_1_614' title='bbox 559 4791 617 4842; x_wconf 83' lang='grc' dir='ltr'><strong>ού</strong></span> <span class='ocrx_word' id='word_1_615' title='bbox 654 4791 795 4860; x_wconf 83' lang='grc' dir='ltr'>μέγα</span> <span class='ocrx_word' id='word_1_616' title='bbox 823 4808 876 4842; x_wconf 90' lang='grc' dir='ltr'><strong>τι</strong></span> <span class='ocrx_word' id='word_1_617' title='bbox 908 4791 1144 4861; x_wconf 74' lang='grc' dir='ltr'>ἔχουσιν,</span> <span class='ocrx_word' id='word_1_618' title='bbox 1183 4793 1229 4843; x_wconf 84' lang='lat' dir='ltr'><strong>oi</strong></span> <span class='ocrx_word' id='word_1_619' title='bbox 1258 4791 1314 4844; x_wconf 72' lang='grc' dir='ltr'>δὲ</span> <span class='ocrx_word' id='word_1_620' title='bbox 1352 4792 1512 4855; x_wconf 79' lang='grc' dir='ltr'>κύνες</span> <span class='ocrx_word' id='word_1_621' title='bbox 1542 4793 1705 4862; x_wconf 86' lang='grc' dir='ltr'>μέγα,</span> <span class='ocrx_word' id='word_1_622' title='bbox 1738 4795 1831 4845; x_wconf 77' lang='grc' dir='ltr'>καὶ</span> 
     </span>
    </p>
   </div>
   <div class='ocr_carea' id='block_1_80' title="bbox 241 4883 906 4953">
    <p class='ocr_par' dir='ltr' id='par_1_80' title="bbox 241 4883 906 4953">
     <span class='ocr_line' id='line_1_80' title="bbox 241 4883 906 4953; baseline 0.008 -20"><span class='ocrx_word' id='word_1_623' title='bbox 241 4885 312 4933; x_wconf 74' lang='grc' dir='ltr'>ἐκ</span> <span class='ocrx_word' id='word_1_624' title='bbox 351 4883 556 4935; x_wconf 82' lang='grc' dir='ltr'>τούτων</span> <span class='ocrx_word' id='word_1_625' title='bbox 596 4883 906 4953; x_wconf 65' lang='grc' dir='ltr'>τρέφονται.</span> 
     </span>
    </p>
   </div>
   <div class='ocr_carea' id='block_1_81' title="bbox 323 4970 1833 5048">
    <p class='ocr_par' dir='ltr' id='par_1_81' title="bbox 323 4970 1833 5048">
     <span class='ocr_line' id='line_1_81' title="bbox 323 4970 1833 5048; baseline 0.005 -26"><span class='ocrx_word' id='word_1_626' title='bbox 323 4990 341 5022; x_wconf 82' lang='grc' dir='ltr'><strong>ι</strong></span> <span class='ocrx_word' id='word_1_627' title='bbox 375 4973 507 5024; x_wconf 82' lang='grc' dir='ltr'>Τότε</span> <span class='ocrx_word' id='word_1_628' title='bbox 534 4975 855 5043; x_wconf 74' lang='grc' dir='ltr'>ἀποκριθεὶς</span> <span class='ocrx_word' id='word_1_629' title='bbox 884 4976 910 5028; x_wconf 81' lang='grc' dir='ltr'>ὁ</span> <span class='ocrx_word' id='word_1_630' title='bbox 945 4977 1169 5045; x_wconf 81' lang='grc' dir='ltr'>Ἰησοῦς,</span> <span class='ocrx_word' id='word_1_631' title='bbox 1199 4970 1350 5030; x_wconf 72' lang='grc' dir='ltr'>εἶπεν</span> <span class='ocrx_word' id='word_1_632' title='bbox 1377 4977 1536 5048; x_wconf 75' lang='grc' dir='ltr'>αὐτῇ·</span> <span class='ocrx_word' id='word_1_633' title='bbox 1563 4973 1632 5030; x_wconf 80' lang='grc' dir='ltr'><strong>Ὦ</strong></span> <span class='ocrx_word' id='word_1_634' title='bbox 1652 4978 1833 5046; x_wconf 84' lang='grc' dir='ltr'>γύναι,</span> 
     </span>
    </p>
   </div>
   <div class='ocr_carea' id='block_1_82' title="bbox 245 5066 1836 5136">
    <p class='ocr_par' dir='ltr' id='par_1_82' title="bbox 245 5066 1836 5136">
     <span class='ocr_line' id='line_1_82' title="bbox 245 5066 1836 5136; baseline 0.004 -20"><span class='ocrx_word' id='word_1_635' title='bbox 245 5066 464 5135; x_wconf 78' lang='grc' dir='ltr'>μεγάλη</span> <span class='ocrx_word' id='word_1_636' title='bbox 495 5083 587 5118; x_wconf 88' lang='grc' dir='ltr'><strong>σου</strong></span> <span class='ocrx_word' id='word_1_637' title='bbox 624 5068 656 5135; x_wconf 80' lang='grc' dir='ltr'>ἡ</span> <span class='ocrx_word' id='word_1_638' title='bbox 697 5066 876 5129; x_wconf 82' lang='grc' dir='ltr'>πίστις</span> <span class='ocrx_word' id='word_1_639' title='bbox 898 5106 911 5128; x_wconf 91' lang='grc'><strong>,</strong></span> <span class='ocrx_word' id='word_1_640' title='bbox 943 5069 1228 5136; x_wconf 75' lang='grc' dir='ltr'>γενηθήτω</span> <span class='ocrx_word' id='word_1_641' title='bbox 1272 5087 1352 5122; x_wconf 81' lang='grc' dir='ltr'><strong>σοι</strong></span> <span class='ocrx_word' id='word_1_642' title='bbox 1385 5071 1458 5132; x_wconf 81' lang='grc' dir='ltr'>ὡς</span> <span class='ocrx_word' id='word_1_643' title='bbox 1491 5070 1662 5131; x_wconf 78' lang='grc' dir='ltr'>θέλεις</span> <span class='ocrx_word' id='word_1_644' title='bbox 1690 5087 1700 5098; x_wconf 92' lang='grc'><strong>·</strong></span> <span class='ocrx_word' id='word_1_645' title='bbox 1743 5071 1836 5123; x_wconf 71' lang='grc' dir='ltr'>καὶ</span> 
     </span>
    </p>
   </div>
   <div class='ocr_carea' id='block_1_83' title="bbox 244 5159 1834 5231">
    <p class='ocr_par' dir='ltr' id='par_1_83' title="bbox 244 5159 1834 5231">
     <span class='ocr_line' id='line_1_83' title="bbox 244 5159 1834 5231; baseline 0.001 -21"><span class='ocrx_word' id='word_1_646' title='bbox 244 5159 373 5229; x_wconf 82' lang='grc' dir='ltr'>ίάθη</span> <span class='ocrx_word' id='word_1_647' title='bbox 399 5161 432 5227; x_wconf 78' lang='grc' dir='ltr'>ἡ</span> <span class='ocrx_word' id='word_1_648' title='bbox 462 5160 710 5228; x_wconf 82' lang='grc' dir='ltr'>θυγάτηρ</span> <span class='ocrx_word' id='word_1_649' title='bbox 742 5160 914 5228; x_wconf 74' lang='grc' dir='ltr'>αὐτῆς</span> <span class='ocrx_word' id='word_1_650' title='bbox 942 5162 1048 5212; x_wconf 65' lang='grc' dir='ltr'>ἀπὸ</span> <span class='ocrx_word' id='word_1_651' title='bbox 1071 5165 1168 5228; x_wconf 82' lang='grc' dir='ltr'>τῆς</span> <span class='ocrx_word' id='word_1_652' title='bbox 1195 5162 1343 5229; x_wconf 81' lang='grc' dir='ltr'>ὥρας</span> <span class='ocrx_word' id='word_1_653' title='bbox 1366 5163 1602 5231; x_wconf 77' lang='grc' dir='ltr'>ἐκείνης.</span> <span class='ocrx_word' id='word_1_654' title='bbox 1642 5163 1834 5229; x_wconf 76' lang='grc' dir='ltr'>Ἐφαν-</span> 
     </span>
    </p>
   </div>
   <div class='ocr_carea' id='block_1_84' title="bbox 243 5251 1835 5322">
    <p class='ocr_par' dir='ltr' id='par_1_84' title="bbox 243 5251 1835 5322">
     <span class='ocr_line' id='line_1_84' title="bbox 243 5251 1835 5322; baseline 0.002 -18"><span class='ocrx_word' id='word_1_655' title='bbox 243 5252 420 5321; x_wconf 81' lang='grc' dir='ltr'>έρωσε</span> <span class='ocrx_word' id='word_1_656' title='bbox 475 5251 568 5302; x_wconf 77' lang='grc' dir='ltr'>νῦν</span> <span class='ocrx_word' id='word_1_657' title='bbox 609 5253 636 5302; x_wconf 76' lang='grc' dir='ltr'>ὁ</span> <span class='ocrx_word' id='word_1_658' title='bbox 684 5251 888 5321; x_wconf 78' lang='grc' dir='ltr'>Ἰησοῦς</span> <span class='ocrx_word' id='word_1_659' title='bbox 934 5257 1033 5322; x_wconf 77' lang='grc' dir='ltr'>τὴν</span> <span class='ocrx_word' id='word_1_660' title='bbox 1064 5255 1244 5306; x_wconf 78' lang='grc' dir='ltr'>αἰτίαν</span> <span class='ocrx_word' id='word_1_661' title='bbox 1278 5255 1344 5305; x_wconf 77' lang='grc' dir='ltr'>δι’</span> <span class='ocrx_word' id='word_1_662' title='bbox 1392 5255 1457 5322; x_wconf 82' lang='grc' dir='ltr'>ἢν</span> <span class='ocrx_word' id='word_1_663' title='bbox 1512 5255 1835 5308; x_wconf 76' lang='grc' dir='ltr'>ἀνεϐάλλετο</span> 
     </span>
    </p>
   </div>
   <div class='ocr_carea' id='block_1_85' title="bbox 242 5344 1834 5416">
    <p class='ocr_par' dir='ltr' id='par_1_85' title="bbox 242 5344 1834 5416">
     <span class='ocr_line' id='line_1_85' title="bbox 242 5344 1834 5416; baseline 0.003 -21"><span class='ocrx_word' id='word_1_664' title='bbox 242 5345 344 5415; x_wconf 74' lang='grc' dir='ltr'>τὴν</span> <span class='ocrx_word' id='word_1_665' title='bbox 386 5344 684 5414; x_wconf 79' lang='grc' dir='ltr'>Θεραπείαν</span> <span class='ocrx_word' id='word_1_666' title='bbox 717 5345 774 5407; x_wconf 74' lang='grc' dir='ltr'><strong>ἐξ</strong></span> <span class='ocrx_word' id='word_1_667' title='bbox 817 5346 1028 5414; x_wconf 72' lang='grc' dir='ltr'>ἁρχῆς’</span> <span class='ocrx_word' id='word_1_668' title='bbox 1067 5348 1152 5397; x_wconf 75' lang='grc' dir='ltr'>ἵνα</span> <span class='ocrx_word' id='word_1_669' title='bbox 1202 5346 1311 5415; x_wconf 79' lang='grc' dir='ltr'><strong>γὰρ</strong></span> <span class='ocrx_word' id='word_1_670' title='bbox 1358 5349 1389 5414; x_wconf 79' lang='grc' dir='ltr'>ἡ</span> <span class='ocrx_word' id='word_1_671' title='bbox 1432 5348 1614 5408; x_wconf 85' lang='grc' dir='ltr'>πίστις</span> <span class='ocrx_word' id='word_1_672' title='bbox 1666 5348 1761 5399; x_wconf 61' lang='grc' dir='ltr'>καὶ</span> <span class='ocrx_word' id='word_1_673' title='bbox 1802 5349 1834 5416; x_wconf 84' lang='grc' dir='ltr'>ἡ</span> 
     </span>
    </p>
   </div>
   <div class='ocr_carea' id='block_1_86' title="bbox 243 5435 1835 5507">
    <p class='ocr_par' dir='ltr' id='par_1_86' title="bbox 243 5435 1835 5507">
     <span class='ocr_line' id='line_1_86' title="bbox 243 5435 1835 5507; baseline 0.001 -18"><span class='ocrx_word' id='word_1_674' title='bbox 243 5435 466 5498; x_wconf 84' lang='grc' dir='ltr'>σύνεσις</span> <span class='ocrx_word' id='word_1_675' title='bbox 503 5436 603 5503; x_wconf 74' lang='grc' dir='ltr'>τῆς</span> <span class='ocrx_word' id='word_1_676' title='bbox 637 5437 896 5503; x_wconf 73' lang='grc' dir='ltr'>γυναικὸς</span> <span class='ocrx_word' id='word_1_677' title='bbox 927 5441 1198 5507; x_wconf 76' lang='grc' dir='ltr'>ἀναφανῇ,</span> <span class='ocrx_word' id='word_1_678' title='bbox 1231 5439 1320 5491; x_wconf 78' lang='grc' dir='ltr'>διὰ</span> <span class='ocrx_word' id='word_1_679' title='bbox 1358 5438 1518 5492; x_wconf 78' lang='grc' dir='ltr'>τοῦτο</span> <span class='ocrx_word' id='word_1_680' title='bbox 1545 5437 1645 5490; x_wconf 82' lang='grc' dir='ltr'>οὐκ</span> <span class='ocrx_word' id='word_1_681' title='bbox 1673 5439 1835 5501; x_wconf 68' lang='grc' dir='ltr'>εὐθὺς</span> 
     </span>
    </p>
   </div>
   <div class='ocr_carea' id='block_1_87' title="bbox 241 5529 1837 5599">
    <p class='ocr_par' dir='ltr' id='par_1_87' title="bbox 241 5529 1837 5599">
     <span class='ocr_line' id='line_1_87' title="bbox 241 5529 1837 5599; baseline 0.003 -20"><span class='ocrx_word' id='word_1_682' title='bbox 241 5529 304 5593; x_wconf 77' lang='grc' dir='ltr'><strong>ἐξ</strong></span> <span class='ocrx_word' id='word_1_683' title='bbox 336 5530 514 5599; x_wconf 82' lang='grc' dir='ltr'>ἀρχῆς</span> <span class='ocrx_word' id='word_1_684' title='bbox 543 5529 867 5583; x_wconf 81' lang='grc' dir='ltr'>κατένευσεν</span> <span class='ocrx_word' id='word_1_685' title='bbox 901 5532 928 5583; x_wconf 84' lang='grc' dir='ltr'><strong>ό</strong></span> <span class='ocrx_word' id='word_1_686' title='bbox 968 5531 1200 5598; x_wconf 80' lang='grc' dir='ltr'>Χριστὸς</span> <span class='ocrx_word' id='word_1_687' title='bbox 1226 5571 1238 5591; x_wconf 85' lang='grc'><strong>,</strong></span> <span class='ocrx_word' id='word_1_688' title='bbox 1274 5531 1410 5583; x_wconf 69' lang='grc' dir='ltr'>ἀλλὰ</span> <span class='ocrx_word' id='word_1_689' title='bbox 1452 5536 1548 5584; x_wconf 75' lang='grc' dir='ltr'>καὶ</span> <span class='ocrx_word' id='word_1_690' title='bbox 1581 5532 1837 5598; x_wconf 83' lang='grc' dir='ltr'>ἀποπέμ-</span> 
     </span>
    </p>
   </div>
   <div class='ocr_carea' id='block_1_88' title="bbox 245 5619 1835 5694">
    <p class='ocr_par' dir='ltr' id='par_1_88' title="bbox 245 5619 1835 5694">
     <span class='ocr_line' id='line_1_88' title="bbox 245 5619 1835 5694; baseline 0.006 -25"><span class='ocrx_word' id='word_1_691' title='bbox 245 5636 411 5671; x_wconf 82' lang='grc' dir='ltr'>πεται</span> <span class='ocrx_word' id='word_1_692' title='bbox 449 5619 671 5688; x_wconf 77' lang='grc' dir='ltr'>μᾶλλον.</span> <span class='ocrx_word' id='word_1_693' title='bbox 699 5620 810 5670; x_wconf 74' lang='grc' dir='ltr'><strong>Νῦν</strong></span> <span class='ocrx_word' id='word_1_694' title='bbox 837 5623 891 5673; x_wconf 73' lang='grc' dir='ltr'>δὲ</span> <span class='ocrx_word' id='word_1_695' title='bbox 923 5623 1046 5672; x_wconf 75' lang='grc' dir='ltr'>ἐπεὶ</span> <span class='ocrx_word' id='word_1_696' title='bbox 1073 5622 1411 5691; x_wconf 79' lang='grc' dir='ltr'>ἐξεκαλύφθη</span> <span class='ocrx_word' id='word_1_697' title='bbox 1445 5625 1475 5691; x_wconf 83' lang='grc' dir='ltr'>ἡ</span> <span class='ocrx_word' id='word_1_698' title='bbox 1505 5623 1688 5685; x_wconf 80' lang='grc' dir='ltr'>πίστις</span> <span class='ocrx_word' id='word_1_699' title='bbox 1722 5626 1835 5694; x_wconf 67' lang='lat'><strong>(22)</strong></span> 
     </span>
    </p>
   </div>
   <div class='ocr_carea' id='block_1_89' title="bbox 238 5712 1834 5786">
    <p class='ocr_par' dir='ltr' id='par_1_89' title="bbox 238 5712 1834 5786">
     <span class='ocr_line' id='line_1_89' title="bbox 238 5712 1834 5786; baseline 0.001 -20"><span class='ocrx_word' id='word_1_700' title='bbox 238 5712 444 5780; x_wconf 78' lang='grc' dir='ltr'>αὐτῆς,</span> <span class='ocrx_word' id='word_1_701' title='bbox 513 5713 853 5774; x_wconf 71' lang='grc' dir='ltr'>ἐπαινεῖται,</span> <span class='ocrx_word' id='word_1_702' title='bbox 915 5717 1216 5767; x_wconf 68' lang='grc' dir='ltr'>ἀκούουσα·</span> <span class='ocrx_word' id='word_1_703' title='bbox 1283 5735 1299 5766; x_wconf 81' lang='grc' dir='ltr'><strong>ι</strong></span> <span class='ocrx_word' id='word_1_704' title='bbox 1362 5715 1588 5782; x_wconf 81' lang='grc' dir='ltr'>Μεγάλη</span> <span class='ocrx_word' id='word_1_705' title='bbox 1651 5733 1742 5767; x_wconf 87' lang='grc' dir='ltr'><strong>σου</strong></span> <span class='ocrx_word' id='word_1_706' title='bbox 1804 5721 1834 5786; x_wconf 81' lang='grc' dir='ltr'><strong>ἡ</strong></span> 
     </span>
    </p>
   </div>
   <div class='ocr_carea' id='block_1_90' title="bbox 1928 3411 3534 3481">
    <p class='ocr_par' dir='ltr' id='par_1_90' title="bbox 1928 3411 3534 3481">
     <span class='ocr_line' id='line_1_90' title="bbox 1928 3411 3534 3481; baseline -0.002 -12"><span class='ocrx_word' id='word_1_707' title='bbox 1928 3415 2151 3469; x_wconf 80' lang='lat' dir='ltr'><strong>dicens:</strong></span> <span class='ocrx_word' id='word_1_708' title='bbox 2185 3413 2430 3475; x_wconf 91' lang='lat' dir='ltr'><strong>Domine,</strong></span> <span class='ocrx_word' id='word_1_709' title='bbox 2457 3427 2713 3467; x_wconf 84' lang='lat' dir='ltr'><strong>succurre</strong></span> <span class='ocrx_word' id='word_1_710' title='bbox 2737 3412 2893 3467; x_wconf 85' lang='lat' dir='ltr'><strong>mihi.</strong></span> <span class='ocrx_word' id='word_1_711' title='bbox 2923 3414 2990 3466; x_wconf 79' lang='lat' dir='ltr'><strong>At</strong></span> <span class='ocrx_word' id='word_1_712' title='bbox 3014 3411 3103 3465; x_wconf 87' lang='lat' dir='ltr'><strong>ille</strong></span> <span class='ocrx_word' id='word_1_713' title='bbox 3138 3412 3436 3481; x_wconf 75' lang='lat' dir='ltr'><strong>respondit,</strong></span> <span class='ocrx_word' id='word_1_714' title='bbox 3472 3425 3534 3465; x_wconf 82' lang='lat' dir='ltr'><strong>ac</strong></span> 
     </span>
    </p>
   </div>
   <div class='ocr_carea' id='block_1_91' title="bbox 1930 3504 3534 3575">
    <p class='ocr_par' dir='ltr' id='par_1_91' title="bbox 1930 3504 3534 3575">
     <span class='ocr_line' id='line_1_91' title="bbox 1930 3504 3534 3575; baseline -0.002 -14"><span class='ocrx_word' id='word_1_715' title='bbox 1930 3506 2099 3562; x_wconf 78' lang='lat' dir='ltr'><strong>dixit:</strong></span> <span class='ocrx_word' id='word_1_716' title='bbox 2131 3506 2246 3561; x_wconf 81' lang='lat' dir='ltr'><strong>Non</strong></span> <span class='ocrx_word' id='word_1_717' title='bbox 2275 3504 2587 3566; x_wconf 54' lang='lat' dir='ltr'><strong>esbbonnm</strong></span> <span class='ocrx_word' id='word_1_718' title='bbox 2613 3515 2828 3560; x_wconf 84' lang='lat' dir='ltr'><strong>sumere</strong></span> <span class='ocrx_word' id='word_1_719' title='bbox 2856 3519 3049 3575; x_wconf 86' lang='lat' dir='ltr'><strong>panem</strong></span> <span class='ocrx_word' id='word_1_720' title='bbox 3073 3505 3333 3568; x_wconf 77' lang='lat' dir='ltr'><strong>ﬁliorum,</strong></span> <span class='ocrx_word' id='word_1_721' title='bbox 3364 3514 3417 3560; x_wconf 90' lang='lat' dir='ltr'><strong>et</strong></span> <span class='ocrx_word' id='word_1_722' title='bbox 3443 3504 3534 3558; x_wconf 85' lang='lat' dir='ltr'><strong>ob-</strong></span> 
     </span>
    </p>
   </div>
   <div class='ocr_carea' id='block_1_92' title="bbox 1927 3587 3529 3668">
    <p class='ocr_par' dir='ltr' id='par_1_92' title="bbox 1927 3587 3529 3668">
     <span class='ocr_line' id='line_1_92' title="bbox 1927 3587 3529 3668; baseline 0.001 -17"><span class='ocrx_word' id='word_1_723' title='bbox 1927 3599 2097 3668; x_wconf 69' lang='lat' dir='ltr'><strong>iicere</strong></span> <span class='ocrx_word' id='word_1_724' title='bbox 2153 3597 2382 3652; x_wconf 83' lang='lat' dir='ltr'><strong>catellis.</strong></span> <span class='ocrx_word' id='word_1_725' title='bbox 2433 3587 2546 3652; x_wconf 67' lang='lat' dir='ltr'><strong>illa.</strong></span> <span class='ocrx_word' id='word_1_726' title='bbox 2573 3607 2756 3652; x_wconf 85' lang='lat' dir='ltr'><strong>autem</strong></span> <span class='ocrx_word' id='word_1_727' title='bbox 2794 3597 2931 3651; x_wconf 81' lang='lat' dir='ltr'><strong>dixit</strong></span> <span class='ocrx_word' id='word_1_728' title='bbox 2970 3615 2983 3650; x_wconf 90' lang='lat'><strong>:</strong></span> <span class='ocrx_word' id='word_1_729' title='bbox 3019 3598 3220 3662; x_wconf 83' lang='lat' dir='ltr'><strong>Etiam,</strong></span> <span class='ocrx_word' id='word_1_730' title='bbox 3278 3597 3529 3653; x_wconf 81' lang='lat' dir='ltr'><strong>Domine.</strong></span> 
     </span>
    </p>
   </div>
   <div class='ocr_carea' id='block_1_93' title="bbox 1933 3688 3532 3760">
    <p class='ocr_par' dir='ltr' id='par_1_93' title="bbox 1933 3688 3532 3760">
     <span class='ocr_line' id='line_1_93' title="bbox 1933 3688 3532 3760; baseline 0.001 -16"><span class='ocrx_word' id='word_1_731' title='bbox 1933 3690 2142 3744; x_wconf 82' lang='lat' dir='ltr'><strong>Etenim</strong></span> <span class='ocrx_word' id='word_1_732' title='bbox 2175 3688 2351 3745; x_wconf 86' lang='lat' dir='ltr'><strong>catelli</strong></span> <span class='ocrx_word' id='word_1_733' title='bbox 2377 3691 2672 3744; x_wconf 87' lang='lat' dir='ltr'><strong>comedunt</strong></span> <span class='ocrx_word' id='word_1_734' title='bbox 2713 3689 2780 3744; x_wconf 88' lang='lat' dir='ltr'><strong>de</strong></span> <span class='ocrx_word' id='word_1_735' title='bbox 2826 3691 2981 3744; x_wconf 87' lang='lat' dir='ltr'><strong>micis</strong></span> <span class='ocrx_word' id='word_1_736' title='bbox 3039 3705 3162 3760; x_wconf 73' lang='lat' dir='ltr'><strong>quae</strong></span> <span class='ocrx_word' id='word_1_737' title='bbox 3215 3692 3416 3745; x_wconf 88' lang='lat' dir='ltr'><strong>cadunt</strong></span> <span class='ocrx_word' id='word_1_738' title='bbox 3465 3692 3532 3745; x_wconf 89' lang='lat' dir='ltr'><strong>de</strong></span> 
     </span>
    </p>
   </div>
   <div class='ocr_carea' id='block_1_94' title="bbox 1934 3783 3529 3850">
    <p class='ocr_par' dir='ltr' id='par_1_94' title="bbox 1934 3783 3529 3850">
     <span class='ocr_line' id='line_1_94' title="bbox 1934 3783 3529 3850; baseline -0.001 -15"><span class='ocrx_word' id='word_1_739' title='bbox 1934 3798 2117 3838; x_wconf 80' lang='lat' dir='ltr'><strong>mensa</strong></span> <span class='ocrx_word' id='word_1_740' title='bbox 2153 3783 2500 3837; x_wconf 91' lang='lat' dir='ltr'><strong>dominorum</strong></span> <span class='ocrx_word' id='word_1_741' title='bbox 2539 3798 2782 3837; x_wconf 89' lang='lat' dir='ltr'><strong>suorum.</strong></span> <span class='ocrx_word' id='word_1_742' title='bbox 2828 3802 2845 3833; x_wconf 74' lang='grc' dir='ltr'><strong>ι</strong></span> <span class='ocrx_word' id='word_1_743' title='bbox 2912 3783 3208 3850; x_wconf 80' lang='lat' dir='ltr'><strong>Postquam</strong></span> <span class='ocrx_word' id='word_1_744' title='bbox 3242 3783 3373 3836; x_wconf 84' lang='lat' dir='ltr'><strong>vidit</strong></span> <span class='ocrx_word' id='word_1_745' title='bbox 3406 3799 3494 3836; x_wconf 91' lang='lat' dir='ltr'><strong>mu</strong></span> <span class='ocrx_word' id='word_1_746' title='bbox 3517 3812 3529 3823; x_wconf 81' lang='grc' dir='ltr'><strong><em>ο</em></strong></span> 
     </span>
    </p>
   </div>
   <div class='ocr_carea' id='block_1_95' title="bbox 1936 3879 3531 3949">
    <p class='ocr_par' dir='ltr' id='par_1_95' title="bbox 1936 3879 3531 3949">
     <span class='ocr_line' id='line_1_95' title="bbox 1936 3879 3531 3949; baseline 0.001 -18"><span class='ocrx_word' id='word_1_747' title='bbox 1936 3879 2035 3935; x_wconf 89' lang='lat' dir='ltr'><strong>lier</strong></span> <span class='ocrx_word' id='word_1_748' title='bbox 2064 3888 2325 3948; x_wconf 83' lang='lat' dir='ltr'><strong>patronos</strong></span> <span class='ocrx_word' id='word_1_749' title='bbox 2383 3894 2511 3934; x_wconf 88' lang='lat' dir='ltr'><strong>suos</strong></span> <span class='ocrx_word' id='word_1_750' title='bbox 2560 3879 2831 3948; x_wconf 86' lang='lat' dir='ltr'><strong>repulsam</strong></span> <span class='ocrx_word' id='word_1_751' title='bbox 2876 3895 3088 3949; x_wconf 83' lang='lat' dir='ltr'><strong>passos,</strong></span> <span class='ocrx_word' id='word_1_752' title='bbox 3118 3880 3314 3934; x_wconf 87' lang='lat' dir='ltr'><strong>iterum</strong></span> <span class='ocrx_word' id='word_1_753' title='bbox 3344 3879 3531 3933; x_wconf 81' lang='lat' dir='ltr'><strong>Dmni-</strong></span> 
     </span>
    </p>
   </div>
   <div class='ocr_carea' id='block_1_96' title="bbox 1936 3970 3531 4033">
    <p class='ocr_par' dir='ltr' id='par_1_96' title="bbox 1936 3970 3531 4033">
     <span class='ocr_line' id='line_1_96' title="bbox 1936 3970 3531 4033; baseline -0.002 -7"><span class='ocrx_word' id='word_1_754' title='bbox 1936 3985 2065 4026; x_wconf 92' lang='lat' dir='ltr'><strong>num</strong></span> <span class='ocrx_word' id='word_1_755' title='bbox 2121 3970 2397 4024; x_wconf 78' lang='lat' dir='ltr'><strong>ferventer</strong></span> <span class='ocrx_word' id='word_1_756' title='bbox 2449 3970 2678 4033; x_wconf 82' lang='lat' dir='ltr'><strong>accedit,</strong></span> <span class='ocrx_word' id='word_1_757' title='bbox 2713 3978 2768 4024; x_wconf 87' lang='lat' dir='ltr'><strong>et</strong></span> <span class='ocrx_word' id='word_1_758' title='bbox 2825 3971 3046 4025; x_wconf 90' lang='lat' dir='ltr'><strong>invocat</strong></span> <span class='ocrx_word' id='word_1_759' title='bbox 3096 3978 3154 4025; x_wconf 88' lang='lat' dir='ltr'><strong>ut</strong></span> <span class='ocrx_word' id='word_1_760' title='bbox 3218 3971 3531 4025; x_wconf 89' lang='lat' dir='ltr'><strong>Dominum.</strong></span> 
     </span>
    </p>
   </div>
   <div class='ocr_carea' id='block_1_97' title="bbox 1935 4059 3534 4126">
    <p class='ocr_par' dir='ltr' id='par_1_97' title="bbox 1935 4059 3534 4126">
     <span class='ocr_line' id='line_1_97' title="bbox 1935 4059 3534 4126; baseline 0.001 -13"><span class='ocrx_word' id='word_1_761' title='bbox 1935 4063 2073 4126; x_wconf 79' lang='lat' dir='ltr'><strong>Quia</strong></span> <span class='ocrx_word' id='word_1_762' title='bbox 2109 4071 2288 4115; x_wconf 88' lang='lat' dir='ltr'><strong>autem</strong></span> <span class='ocrx_word' id='word_1_763' title='bbox 2362 4059 2616 4115; x_wconf 81' lang='lat' dir='ltr'><strong>Christus</strong></span> <span class='ocrx_word' id='word_1_764' title='bbox 2685 4076 2878 4116; x_wconf 88' lang='lat' dir='ltr'><strong>canem</strong></span> <span class='ocrx_word' id='word_1_765' title='bbox 2947 4062 3089 4115; x_wconf 78' lang='lat' dir='ltr'><strong>illam</strong></span> <span class='ocrx_word' id='word_1_766' title='bbox 3170 4061 3414 4126; x_wconf 76' lang='lat' dir='ltr'><strong>dixerat,</strong></span> <span class='ocrx_word' id='word_1_767' title='bbox 3469 4077 3534 4115; x_wconf 88' lang='lat' dir='ltr'><strong>eo</strong></span> 
     </span>
    </p>
   </div>
   <div class='ocr_carea' id='block_1_98' title="bbox 1936 4151 3534 4223">
    <p class='ocr_par' dir='ltr' id='par_1_98' title="bbox 1936 4151 3534 4223">
     <span class='ocr_line' id='line_1_98' title="bbox 1936 4151 3534 4223; baseline 0.002 -18"><span class='ocrx_word' id='word_1_768' title='bbox 1936 4152 2081 4220; x_wconf 91' lang='lat' dir='ltr'><strong>quod</strong></span> <span class='ocrx_word' id='word_1_769' title='bbox 2115 4152 2344 4221; x_wconf 73' lang='lat' dir='ltr'><strong>gentiles</strong></span> <span class='ocrx_word' id='word_1_770' title='bbox 2373 4151 2642 4220; x_wconf 88' lang='lat' dir='ltr'><strong>impuram</strong></span> <span class='ocrx_word' id='word_1_771' title='bbox 2689 4163 2915 4223; x_wconf 85' lang='lat' dir='ltr'><strong>agerent</strong></span> <span class='ocrx_word' id='word_1_772' title='bbox 2956 4155 3144 4218; x_wconf 82' lang='lat' dir='ltr'><strong>vitam,</strong></span> <span class='ocrx_word' id='word_1_773' title='bbox 3212 4162 3266 4206; x_wconf 86' lang='lat' dir='ltr'><strong>et</strong></span> <span class='ocrx_word' id='word_1_774' title='bbox 3318 4157 3370 4208; x_wconf 91' lang='lat' dir='ltr'><strong>in</strong></span> <span class='ocrx_word' id='word_1_775' title='bbox 3411 4171 3534 4208; x_wconf 87' lang='lat' dir='ltr'><strong>san-</strong></span> 
     </span>
    </p>
   </div>
   <div class='ocr_carea' id='block_1_99' title="bbox 1938 4241 3534 4313">
    <p class='ocr_par' dir='ltr' id='par_1_99' title="bbox 1938 4241 3534 4313">
     <span class='ocr_line' id='line_1_99' title="bbox 1938 4241 3534 4313; baseline 0.003 -18"><span class='ocrx_word' id='word_1_776' title='bbox 1938 4245 2098 4313; x_wconf 80' lang='lat' dir='ltr'><strong>guine</strong></span> <span class='ocrx_word' id='word_1_777' title='bbox 2125 4241 2284 4297; x_wconf 88' lang='lat' dir='ltr'><strong>idolis</strong></span> <span class='ocrx_word' id='word_1_778' title='bbox 2324 4242 2727 4297; x_wconf 87' lang='lat' dir='ltr'><strong>immolatorum</strong></span> <span class='ocrx_word' id='word_1_779' title='bbox 2781 4253 3156 4306; x_wconf 86' lang='lat' dir='ltr'><strong>versarentur,</strong></span> <span class='ocrx_word' id='word_1_780' title='bbox 3225 4244 3364 4298; x_wconf 79' lang='lat' dir='ltr'><strong>ﬁlius</strong></span> <span class='ocrx_word' id='word_1_781' title='bbox 3405 4261 3534 4299; x_wconf 82' lang='lat' dir='ltr'><strong>vero</strong></span> 
     </span>
    </p>
   </div>
   <div class='ocr_carea' id='block_1_100' title="bbox 1937 4334 3534 4404">
    <p class='ocr_par' dir='ltr' id='par_1_100' title="bbox 1937 4334 3534 4404">
     <span class='ocr_line' id='line_1_100' title="bbox 1937 4334 3534 4404; baseline 0 -14"><span class='ocrx_word' id='word_1_782' title='bbox 1937 4336 2202 4391; x_wconf 64' lang='lat' dir='ltr'><strong>Iudaeos:</strong></span> <span class='ocrx_word' id='word_1_783' title='bbox 2263 4334 2352 4390; x_wconf 84' lang='lat' dir='ltr'><strong>illa</strong></span> <span class='ocrx_word' id='word_1_784' title='bbox 2403 4335 2556 4389; x_wconf 88' lang='lat' dir='ltr'><strong>valde</strong></span> <span class='ocrx_word' id='word_1_785' title='bbox 2592 4335 2865 4403; x_wconf 85' lang='lat' dir='ltr'><strong>sapienter</strong></span> <span class='ocrx_word' id='word_1_786' title='bbox 2892 4343 2948 4388; x_wconf 90' lang='lat' dir='ltr'><strong>et</strong></span> <span class='ocrx_word' id='word_1_787' title='bbox 3005 4350 3202 4404; x_wconf 79' lang='lat' dir='ltr'><strong>magno</strong></span> <span class='ocrx_word' id='word_1_788' title='bbox 3264 4335 3534 4390; x_wconf 87' lang='lat' dir='ltr'><strong>intellectu</strong></span> 
     </span>
    </p>
   </div>
   <div class='ocr_carea' id='block_1_101' title="bbox 1942 4426 3538 4496">
    <p class='ocr_par' dir='ltr' id='par_1_101' title="bbox 1942 4426 3538 4496">
     <span class='ocr_line' id='line_1_101' title="bbox 1942 4426 3538 4496; baseline 0 -16"><span class='ocrx_word' id='word_1_789' title='bbox 1942 4428 2222 4496; x_wconf 87' lang='lat' dir='ltr'><strong>respondit</strong></span> <span class='ocrx_word' id='word_1_790' title='bbox 2255 4428 2560 4493; x_wconf 87' lang='lat' dir='ltr'><strong>:Quamvis</strong></span> <span class='ocrx_word' id='word_1_791' title='bbox 2589 4437 2642 4480; x_wconf 90' lang='lat' dir='ltr'><strong>et</strong></span> <span class='ocrx_word' id='word_1_792' title='bbox 2695 4428 2846 4480; x_wconf 85' lang='lat' dir='ltr'><strong>canis</strong></span> <span class='ocrx_word' id='word_1_793' title='bbox 2894 4426 3019 4491; x_wconf 87' lang='lat' dir='ltr'><strong>sim,</strong></span> <span class='ocrx_word' id='word_1_794' title='bbox 3052 4437 3108 4480; x_wconf 91' lang='lat' dir='ltr'><strong>et</strong></span> <span class='ocrx_word' id='word_1_795' title='bbox 3170 4428 3389 4489; x_wconf 69' lang='lat' dir='ltr'><strong>indigna</strong></span> <span class='ocrx_word' id='word_1_796' title='bbox 3416 4443 3538 4496; x_wconf 64' lang='lat' dir='ltr'><strong>qur.</strong></span> 
     </span>
    </p>
   </div>
   <div class='ocr_carea' id='block_1_102' title="bbox 1943 4521 3537 4590">
    <p class='ocr_par' dir='ltr' id='par_1_102' title="bbox 1943 4521 3537 4590">
     <span class='ocr_line' id='line_1_102' title="bbox 1943 4521 3537 4590; baseline 0 -17"><span class='ocrx_word' id='word_1_797' title='bbox 1943 4535 2134 4590; x_wconf 89' lang='lat' dir='ltr'><strong>panem</strong></span> <span class='ocrx_word' id='word_1_798' title='bbox 2161 4521 2451 4590; x_wconf 85' lang='lat' dir='ltr'><strong>accipiam,</strong></span> <span class='ocrx_word' id='word_1_799' title='bbox 2484 4522 2584 4576; x_wconf 89' lang='lat' dir='ltr'><strong>hoc</strong></span> <span class='ocrx_word' id='word_1_800' title='bbox 2614 4531 2720 4587; x_wconf 87' lang='lat' dir='ltr'><strong>est,</strong></span> <span class='ocrx_word' id='word_1_801' title='bbox 2751 4521 3029 4584; x_wconf 85' lang='lat' dir='ltr'><strong>virtutem,</strong></span> <span class='ocrx_word' id='word_1_802' title='bbox 3072 4531 3123 4575; x_wconf 88' lang='lat' dir='ltr'><strong>et</strong></span> <span class='ocrx_word' id='word_1_803' title='bbox 3151 4521 3360 4588; x_wconf 74' lang='lat' dir='ltr'><strong>signum</strong></span> <span class='ocrx_word' id='word_1_804' title='bbox 3417 4539 3537 4574; x_wconf 81' lang='lat' dir='ltr'><strong>mu-</strong></span> 
     </span>
    </p>
   </div>
   <div class='ocr_carea' id='block_1_103' title="bbox 1946 4610 3537 4682">
    <p class='ocr_par' dir='ltr' id='par_1_103' title="bbox 1946 4610 3537 4682">
     <span class='ocr_line' id='line_1_103' title="bbox 1946 4610 3537 4682; baseline 0.003 -20"><span class='ocrx_word' id='word_1_805' title='bbox 1946 4626 2156 4679; x_wconf 78' lang='lat' dir='ltr'><strong>gnum:</strong></span> <span class='ocrx_word' id='word_1_806' title='bbox 2202 4611 2296 4666; x_wconf 87' lang='lat' dir='ltr'><strong>sed</strong></span> <span class='ocrx_word' id='word_1_807' title='bbox 2329 4610 2433 4664; x_wconf 87' lang='lat' dir='ltr'><strong>hoc</strong></span> <span class='ocrx_word' id='word_1_808' title='bbox 2460 4627 2681 4680; x_wconf 82' lang='lat' dir='ltr'><strong>parvum</strong></span> <span class='ocrx_word' id='word_1_809' title='bbox 2735 4613 2902 4682; x_wconf 87' lang='lat' dir='ltr'><strong>quid,</strong></span> <span class='ocrx_word' id='word_1_810' title='bbox 2945 4622 3204 4682; x_wconf 90' lang='lat' dir='ltr'><strong>quantum</strong></span> <span class='ocrx_word' id='word_1_811' title='bbox 3262 4614 3328 4666; x_wconf 85' lang='lat' dir='ltr'><strong>ad</strong></span> <span class='ocrx_word' id='word_1_812' title='bbox 3370 4615 3537 4666; x_wconf 52' lang='lat' dir='ltr'><strong>vittuo</strong></span> 
     </span>
    </p>
   </div>
   <div class='ocr_carea' id='block_1_104' title="bbox 1940 4703 3535 4777">
    <p class='ocr_par' dir='ltr' id='par_1_104' title="bbox 1940 4703 3535 4777">
     <span class='ocr_line' id='line_1_104' title="bbox 1940 4703 3535 4777; baseline 0.003 -21"><span class='ocrx_word' id='word_1_813' title='bbox 1940 4713 2047 4758; x_wconf 90' lang='lat' dir='ltr'><strong>tem</strong></span> <span class='ocrx_word' id='word_1_814' title='bbox 2086 4713 2229 4758; x_wconf 86' lang='lat' dir='ltr'><strong>tuam</strong></span> <span class='ocrx_word' id='word_1_815' title='bbox 2266 4703 2486 4768; x_wconf 88' lang='lat' dir='ltr'><strong>attinet,</strong></span> <span class='ocrx_word' id='word_1_816' title='bbox 2533 4705 2663 4757; x_wconf 87' lang='lat' dir='ltr'><strong>mihi</strong></span> <span class='ocrx_word' id='word_1_817' title='bbox 2703 4715 2884 4761; x_wconf 88' lang='lat' dir='ltr'><strong>autem</strong></span> <span class='ocrx_word' id='word_1_818' title='bbox 2933 4722 3186 4777; x_wconf 78' lang='lat' dir='ltr'><strong>magnum</strong></span> <span class='ocrx_word' id='word_1_819' title='bbox 3233 4705 3416 4767; x_wconf 82' lang='lat' dir='ltr'><strong>fuerit,</strong></span> <span class='ocrx_word' id='word_1_820' title='bbox 3446 4707 3535 4767; x_wconf 80' lang='lat' dir='ltr'><strong>du.</strong></span> 
     </span>
    </p>
   </div>
   <div class='ocr_carea' id='block_1_105' title="bbox 1938 4797 3534 4868">
    <p class='ocr_par' dir='ltr' id='par_1_105' title="bbox 1938 4797 3534 4868">
     <span class='ocr_line' id='line_1_105' title="bbox 1938 4797 3534 4868; baseline 0.002 -19"><span class='ocrx_word' id='word_1_821' title='bbox 1938 4797 2079 4850; x_wconf 88' lang='lat' dir='ltr'><strong>sicut</strong></span> <span class='ocrx_word' id='word_1_822' title='bbox 2106 4806 2159 4849; x_wconf 90' lang='lat' dir='ltr'><strong>et</strong></span> <span class='ocrx_word' id='word_1_823' title='bbox 2191 4797 2281 4864; x_wconf 86' lang='lat' dir='ltr'><strong>qui</strong></span> <span class='ocrx_word' id='word_1_824' title='bbox 2311 4811 2484 4865; x_wconf 78' lang='lat' dir='ltr'><strong>panes</strong></span> <span class='ocrx_word' id='word_1_825' title='bbox 2513 4799 2826 4859; x_wconf 86' lang='lat' dir='ltr'><strong>comedunt,</strong></span> <span class='ocrx_word' id='word_1_826' title='bbox 2863 4814 2966 4852; x_wconf 90' lang='lat' dir='ltr'><strong>non</strong></span> <span class='ocrx_word' id='word_1_827' title='bbox 3030 4801 3207 4868; x_wconf 75' lang='lat' dir='ltr'><strong>magni</strong></span> <span class='ocrx_word' id='word_1_828' title='bbox 3243 4798 3454 4854; x_wconf 78' lang='lat' dir='ltr'><strong>faciunt</strong></span> <span class='ocrx_word' id='word_1_829' title='bbox 3491 4801 3534 4853; x_wconf 80' lang='lat' dir='ltr'><strong>si</strong></span> 
     </span>
    </p>
   </div>
   <div class='ocr_carea' id='block_1_106' title="bbox 1941 4889 3461 4959">
    <p class='ocr_par' dir='ltr' id='par_1_106' title="bbox 1941 4889 3461 4959">
     <span class='ocr_line' id='line_1_106' title="bbox 1941 4889 3461 4959; baseline 0.003 -18"><span class='ocrx_word' id='word_1_830' title='bbox 1941 4890 2111 4942; x_wconf 73' lang='lat' dir='ltr'><strong>micas</strong></span> <span class='ocrx_word' id='word_1_831' title='bbox 2147 4889 2275 4943; x_wconf 90' lang='lat' dir='ltr'><strong>dent</strong></span> <span class='ocrx_word' id='word_1_832' title='bbox 2310 4908 2321 4941; x_wconf 91' lang='lat'><strong>:</strong></span> <span class='ocrx_word' id='word_1_833' title='bbox 2362 4905 2528 4943; x_wconf 81' lang='lat' dir='ltr'><strong>canes</strong></span> <span class='ocrx_word' id='word_1_834' title='bbox 2552 4897 2729 4943; x_wconf 71' lang='lat' dir='ltr'><strong>autem</strong></span> <span class='ocrx_word' id='word_1_835' title='bbox 2763 4891 2901 4944; x_wconf 88' lang='lat' dir='ltr'><strong>bene</strong></span> <span class='ocrx_word' id='word_1_836' title='bbox 2925 4907 2987 4946; x_wconf 77' lang='lat' dir='ltr'><strong>ex</strong></span> <span class='ocrx_word' id='word_1_837' title='bbox 3019 4893 3103 4945; x_wconf 86' lang='lat' dir='ltr'><strong>bis</strong></span> <span class='ocrx_word' id='word_1_838' title='bbox 3146 4903 3461 4959; x_wconf 77' lang='lat' dir='ltr'><strong>pascuntur.</strong></span> 
     </span>
    </p>
   </div>
   <div class='ocr_carea' id='block_1_107' title="bbox 2020 4981 3538 5048">
    <p class='ocr_par' dir='ltr' id='par_1_107' title="bbox 2020 4981 3538 5048">
     <span class='ocr_line' id='line_1_107' title="bbox 2020 4981 3538 5048; baseline 0.004 -15"><span class='ocrx_word' id='word_1_839' title='bbox 2020 4981 2179 5034; x_wconf 71' lang='lat' dir='ltr'><strong>Vens.</strong></span> <span class='ocrx_word' id='word_1_840' title='bbox 2205 4983 2296 5036; x_wconf 73' lang='lat'><strong>28.</strong></span> <span class='ocrx_word' id='word_1_841' title='bbox 2339 5001 2355 5032; x_wconf 82' lang='grc' dir='ltr'><strong>ι</strong></span> <span class='ocrx_word' id='word_1_842' title='bbox 2395 4981 2548 5036; x_wconf 86' lang='lat' dir='ltr'><strong>Tunc</strong></span> <span class='ocrx_word' id='word_1_843' title='bbox 2602 4985 2938 5048; x_wconf 84' lang='lat' dir='ltr'><strong>respondens</strong></span> <span class='ocrx_word' id='word_1_844' title='bbox 2975 4983 3133 5038; x_wconf 73' lang='lat' dir='ltr'><strong>Iesus</strong></span> <span class='ocrx_word' id='word_1_845' title='bbox 3166 4987 3303 5037; x_wconf 75' lang='lat' dir='ltr'><strong>dixit</strong></span> <span class='ocrx_word' id='word_1_846' title='bbox 3340 4985 3411 5037; x_wconf 89' lang='lat' dir='ltr'><strong>illi</strong></span> <span class='ocrx_word' id='word_1_847' title='bbox 3451 5003 3461 5039; x_wconf 91' lang='lat'><strong>:</strong></span> <span class='ocrx_word' id='word_1_848' title='bbox 3495 4985 3538 5039; x_wconf 83' lang='lat'>0</span> 
     </span>
    </p>
   </div>
   <div class='ocr_carea' id='block_1_108' title="bbox 1947 5074 3538 5143">
    <p class='ocr_par' dir='ltr' id='par_1_108' title="bbox 1947 5074 3538 5143">
     <span class='ocr_line' id='line_1_108' title="bbox 1947 5074 3538 5143; baseline 0.003 -17"><span class='ocrx_word' id='word_1_849' title='bbox 1947 5074 2161 5136; x_wconf 83' lang='lat' dir='ltr'><strong>mulier,</strong></span> <span class='ocrx_word' id='word_1_850' title='bbox 2197 5090 2387 5143; x_wconf 82' lang='lat' dir='ltr'><strong>magna</strong></span> <span class='ocrx_word' id='word_1_851' title='bbox 2415 5085 2497 5128; x_wconf 89' lang='lat' dir='ltr'><strong>est</strong></span> <span class='ocrx_word' id='word_1_852' title='bbox 2550 5075 2683 5127; x_wconf 73' lang='lat' dir='ltr'><strong>iides</strong></span> <span class='ocrx_word' id='word_1_853' title='bbox 2711 5083 2822 5138; x_wconf 85' lang='lat' dir='ltr'><strong>tua,</strong></span> <span class='ocrx_word' id='word_1_854' title='bbox 2879 5077 2968 5127; x_wconf 83' lang='lat' dir='ltr'><strong>ﬁat</strong></span> <span class='ocrx_word' id='word_1_855' title='bbox 2999 5077 3090 5128; x_wconf 79' lang='grc' dir='ltr'><strong>ιίιιί</strong></span> <span class='ocrx_word' id='word_1_856' title='bbox 3127 5078 3269 5130; x_wconf 77' lang='lat' dir='ltr'><strong>sicut</strong></span> <span class='ocrx_word' id='word_1_857' title='bbox 3334 5079 3433 5131; x_wconf 70' lang='lat' dir='ltr'><strong>vis.</strong></span> <span class='ocrx_word' id='word_1_858' title='bbox 3473 5080 3538 5132; x_wconf 79' lang='lat' dir='ltr'><strong>Et</strong></span> 
     </span>
    </p>
   </div>
   <div class='ocr_carea' id='block_1_109' title="bbox 1944 5166 3539 5232">
    <p class='ocr_par' dir='ltr' id='par_1_109' title="bbox 1944 5166 3539 5232">
     <span class='ocr_line' id='line_1_109' title="bbox 1944 5166 3539 5232; baseline 0.004 -15"><span class='ocrx_word' id='word_1_859' title='bbox 1944 5174 2130 5218; x_wconf 61' lang='lat' dir='ltr'><strong>sanata</strong></span> <span class='ocrx_word' id='word_1_860' title='bbox 2172 5175 2255 5219; x_wconf 80' lang='lat' dir='ltr'><strong>est</strong></span> <span class='ocrx_word' id='word_1_861' title='bbox 2293 5167 2398 5218; x_wconf 82' lang='lat' dir='ltr'><strong>ﬁlia</strong></span> <span class='ocrx_word' id='word_1_862' title='bbox 2433 5166 2548 5232; x_wconf 81' lang='lat' dir='ltr'><strong>eius</strong></span> <span class='ocrx_word' id='word_1_863' title='bbox 2577 5182 2638 5219; x_wconf 80' lang='lat' dir='ltr'><strong>ex</strong></span> <span class='ocrx_word' id='word_1_864' title='bbox 2667 5167 2752 5219; x_wconf 87' lang='lat' dir='ltr'><strong>illa</strong></span> <span class='ocrx_word' id='word_1_865' title='bbox 2788 5167 2941 5220; x_wconf 75' lang='lat' dir='ltr'><strong>liora.</strong></span> <span class='ocrx_word' id='word_1_866' title='bbox 2981 5187 2997 5216; x_wconf 77' lang='grc' dir='ltr'><strong>ι</strong></span> <span class='ocrx_word' id='word_1_867' title='bbox 3044 5168 3191 5221; x_wconf 77' lang='lat' dir='ltr'><strong>Nunc</strong></span> <span class='ocrx_word' id='word_1_868' title='bbox 3230 5169 3539 5223; x_wconf 79' lang='lat' dir='ltr'><strong>inaniiestat</strong></span> 
     </span>
    </p>
   </div>
   <div class='ocr_carea' id='block_1_110' title="bbox 1943 5255 3531 5328">
    <p class='ocr_par' dir='ltr' id='par_1_110' title="bbox 1943 5255 3531 5328">
     <span class='ocr_line' id='line_1_110' title="bbox 1943 5255 3531 5328; baseline 0.005 -19"><span class='ocrx_word' id='word_1_869' title='bbox 1943 5255 2098 5311; x_wconf 78' lang='lat' dir='ltr'><strong>Jesus</strong></span> <span class='ocrx_word' id='word_1_870' title='bbox 2125 5273 2346 5312; x_wconf 82' lang='lat' dir='ltr'><strong>causam</strong></span> <span class='ocrx_word' id='word_1_871' title='bbox 2400 5270 2620 5326; x_wconf 74' lang='lat' dir='ltr'><strong>propter</strong></span> <span class='ocrx_word' id='word_1_872' title='bbox 2663 5275 2825 5328; x_wconf 88' lang='lat' dir='ltr'><strong>quam</strong></span> <span class='ocrx_word' id='word_1_873' title='bbox 2882 5264 3222 5314; x_wconf 77' lang='lat' dir='ltr'><strong>sanatinnmu</strong></span> <span class='ocrx_word' id='word_1_874' title='bbox 3274 5266 3341 5315; x_wconf 83' lang='lat' dir='ltr'><strong>ab</strong></span> <span class='ocrx_word' id='word_1_875' title='bbox 3376 5263 3531 5318; x_wconf 82' lang='lat' dir='ltr'><strong>initio</strong></span> 
     </span>
    </p>
   </div>
   <div class='ocr_carea' id='block_1_111' title="bbox 1945 5351 3534 5420">
    <p class='ocr_par' dir='ltr' id='par_1_111' title="bbox 1945 5351 3534 5420">
     <span class='ocr_line' id='line_1_111' title="bbox 1945 5351 3534 5420; baseline 0.004 -20"><span class='ocrx_word' id='word_1_876' title='bbox 1945 5351 2241 5411; x_wconf 85' lang='lat' dir='ltr'><strong>distulerit,</strong></span> <span class='ocrx_word' id='word_1_877' title='bbox 2279 5366 2468 5417; x_wconf 85' lang='lat' dir='ltr'><strong>nempe</strong></span> <span class='ocrx_word' id='word_1_878' title='bbox 2507 5361 2564 5402; x_wconf 91' lang='lat' dir='ltr'><strong>ut</strong></span> <span class='ocrx_word' id='word_1_879' title='bbox 2597 5352 2727 5404; x_wconf 85' lang='lat' dir='ltr'><strong>iidcs</strong></span> <span class='ocrx_word' id='word_1_880' title='bbox 2757 5361 2810 5404; x_wconf 81' lang='lat' dir='ltr'><strong>et</strong></span> <span class='ocrx_word' id='word_1_881' title='bbox 2842 5354 3125 5420; x_wconf 76' lang='lat' dir='ltr'><strong>prudmtiu</strong></span> <span class='ocrx_word' id='word_1_882' title='bbox 3159 5354 3402 5410; x_wconf 86' lang='lat' dir='ltr'><strong>mulieris</strong></span> <span class='ocrx_word' id='word_1_883' title='bbox 3428 5356 3534 5408; x_wconf 80' lang='lat' dir='ltr'><strong>cla-</strong></span> 
     </span>
    </p>
   </div>
   <div class='ocr_carea' id='block_1_112' title="bbox 1950 5444 3509 5508">
    <p class='ocr_par' dir='ltr' id='par_1_112' title="bbox 1950 5444 3509 5508">
     <span class='ocr_line' id='line_1_112' title="bbox 1950 5444 3509 5508; baseline 0.003 -15"><span class='ocrx_word' id='word_1_884' title='bbox 1950 5451 2145 5496; x_wconf 66' lang='lat' dir='ltr'><strong>resmt.</strong></span> <span class='ocrx_word' id='word_1_885' title='bbox 2193 5444 2480 5508; x_wconf 73' lang='lat' dir='ltr'><strong>i‘rOpterea</strong></span> <span class='ocrx_word' id='word_1_886' title='bbox 2509 5460 2613 5497; x_wconf 90' lang='lat' dir='ltr'><strong>non</strong></span> <span class='ocrx_word' id='word_1_887' title='bbox 2643 5447 2824 5498; x_wconf 82' lang='lat' dir='ltr'><strong>statim</strong></span> <span class='ocrx_word' id='word_1_888' title='bbox 2851 5445 2915 5496; x_wconf 79' lang='lat' dir='ltr'><strong>ali</strong></span> <span class='ocrx_word' id='word_1_889' title='bbox 2950 5446 3102 5499; x_wconf 90' lang='lat' dir='ltr'><strong>initio</strong></span> <span class='ocrx_word' id='word_1_890' title='bbox 3131 5449 3328 5499; x_wconf 82' lang='lat' dir='ltr'><strong>annuit</strong></span> <span class='ocrx_word' id='word_1_891' title='bbox 3380 5448 3509 5500; x_wconf 73' lang='grc' dir='ltr'><strong>(ἸΙιιί</strong></span> 
     </span>
    </p>
   </div>
   <div class='ocr_carea' id='block_1_113' title="bbox 1945 5536 3535 5605">
    <p class='ocr_par' dir='ltr' id='par_1_113' title="bbox 1945 5536 3535 5605">
     <span class='ocr_line' id='line_1_113' title="bbox 1945 5536 3535 5605; baseline 0.003 -19"><span class='ocrx_word' id='word_1_892' title='bbox 1945 5549 2084 5596; x_wconf 73' lang='lat' dir='ltr'><strong>stus,</strong></span> <span class='ocrx_word' id='word_1_893' title='bbox 2121 5536 2213 5589; x_wconf 84' lang='lat' dir='ltr'><strong>scd</strong></span> <span class='ocrx_word' id='word_1_894' title='bbox 2250 5537 2421 5605; x_wconf 73' lang='lat' dir='ltr'><strong>magis</strong></span> <span class='ocrx_word' id='word_1_895' title='bbox 2456 5536 2599 5589; x_wconf 83' lang='lat' dir='ltr'><strong>illam</strong></span> <span class='ocrx_word' id='word_1_896' title='bbox 2637 5553 2663 5588; x_wconf 86' lang='lat' dir='ltr'><strong>a</strong></span> <span class='ocrx_word' id='word_1_897' title='bbox 2697 5553 2754 5590; x_wconf 84' lang='lat' dir='ltr'><strong>se</strong></span> <span class='ocrx_word' id='word_1_898' title='bbox 2794 5539 3103 5591; x_wconf 79' lang='lat' dir='ltr'><strong>amandavit</strong></span> <span class='ocrx_word' id='word_1_899' title='bbox 3134 5559 3144 5591; x_wconf 88' lang='lat'><strong>:</strong></span> <span class='ocrx_word' id='word_1_900' title='bbox 3183 5556 3326 5592; x_wconf 77' lang='lat' dir='ltr'><strong>nunc</strong></span> <span class='ocrx_word' id='word_1_901' title='bbox 3357 5551 3535 5592; x_wconf 77' lang='lat' dir='ltr'><strong>nuit‘m</strong></span> 
     </span>
    </p>
   </div>
   <div class='ocr_carea' id='block_1_114' title="bbox 1944 5629 3533 5697">
    <p class='ocr_par' dir='ltr' id='par_1_114' title="bbox 1944 5629 3533 5697">
     <span class='ocr_line' id='line_1_114' title="bbox 1944 5629 3533 5697; baseline 0.002 -17"><span class='ocrx_word' id='word_1_902' title='bbox 1944 5629 2381 5696; x_wconf 86' lang='lat' dir='ltr'><strong>quandoquidem</strong></span> <span class='ocrx_word' id='word_1_903' title='bbox 2445 5631 2561 5697; x_wconf 73' lang='lat' dir='ltr'><strong>ejus</strong></span> <span class='ocrx_word' id='word_1_904' title='bbox 2608 5630 2739 5683; x_wconf 85' lang='lat' dir='ltr'><strong>iidcs</strong></span> <span class='ocrx_word' id='word_1_905' title='bbox 2798 5630 3139 5683; x_wconf 70' lang='lat' dir='ltr'><strong>manifestata</strong></span> <span class='ocrx_word' id='word_1_906' title='bbox 3191 5641 3293 5692; x_wconf 78' lang='lat' dir='ltr'><strong>est,</strong></span> <span class='ocrx_word' id='word_1_907' title='bbox 3360 5632 3533 5683; x_wconf 68' lang='grc' dir='ltr'>Ιιιιιιιςιι</span> 
     </span>
    </p>
   </div>
   <div class='ocr_carea' id='block_1_115' title="bbox 1939 5721 3529 5792">
    <p class='ocr_par' dir='ltr' id='par_1_115' title="bbox 1939 5721 3529 5792">
     <span class='ocr_line' id='line_1_115' title="bbox 1939 5721 3529 5792; baseline 0.003 -24"><span class='ocrx_word' id='word_1_908' title='bbox 1939 5736 2091 5772; x_wconf 65' lang='lat' dir='ltr'><strong>mnu:</strong></span> <span class='ocrx_word' id='word_1_909' title='bbox 2140 5740 2154 5767; x_wconf 83' lang='grc' dir='ltr'><strong>ι</strong></span> <span class='ocrx_word' id='word_1_910' title='bbox 2184 5721 2372 5792; x_wconf 67' lang='lat' dir='ltr'><strong>Magna</strong></span> <span class='ocrx_word' id='word_1_911' title='bbox 2399 5731 2481 5776; x_wconf 84' lang='lat' dir='ltr'><strong>cst</strong></span> <span class='ocrx_word' id='word_1_912' title='bbox 2515 5722 2646 5776; x_wconf 83' lang='lat' dir='ltr'><strong>lidcs</strong></span> <span class='ocrx_word' id='word_1_913' title='bbox 2673 5732 2780 5775; x_wconf 81' lang='lat' dir='ltr'><strong>tua.</strong></span> <span class='ocrx_word' id='word_1_914' title='bbox 2815 5742 2825 5762; x_wconf 78' lang='grc' dir='ltr'><strong>ι</strong></span> <span class='ocrx_word' id='word_1_915' title='bbox 2860 5722 2970 5776; x_wconf 79' lang='lat' dir='ltr'><strong>lluc</strong></span> <span class='ocrx_word' id='word_1_916' title='bbox 3003 5725 3350 5790; x_wconf 70' lang='lat' dir='ltr'><strong>autemquod</strong></span> <span class='ocrx_word' id='word_1_917' title='bbox 3377 5724 3529 5780; x_wconf 69' lang='lat' dir='ltr'><strong>«iiut,</strong></span> 
     </span>
    </p>
   </div>
   <div class='ocr_carea' id='block_1_116' title="bbox 1201 5853 2527 5918">
    <p class='ocr_par' dir='ltr' id='par_1_116' title="bbox 1201 5853 2527 5918">
     <span class='ocr_line' id='line_1_116' title="bbox 1201 5853 2527 5918; baseline 0.006 -10"><span class='ocrx_word' id='word_1_918' title='bbox 1201 5855 1276 5908; x_wconf 60' lang='lat' dir='ltr'><strong>iit</strong></span> <span class='ocrx_word' id='word_1_919' title='bbox 1318 5853 1662 5914; x_wconf 69' lang='lat' dir='ltr'><strong>milulinnv</strong></span> <span class='ocrx_word' id='word_1_920' title='bbox 1707 5857 1886 5914; x_wconf 68' lang='lat' dir='ltr'><strong>l&#39;ti&#39;iti.</strong></span> <span class='ocrx_word' id='word_1_921' title='bbox 1940 5860 2160 5915; x_wconf 66' lang='lat' dir='ltr'><strong>Venet.</strong></span> <span class='ocrx_word' id='word_1_922' title='bbox 2209 5860 2266 5916; x_wconf 76' lang='grc' dir='ltr'><strong>Ξ.</strong></span> <span class='ocrx_word' id='word_1_923' title='bbox 2313 5859 2527 5918; x_wconf 69' lang='lat' dir='ltr'><strong>Marci.</strong></span> 
     </span>
    </p>
   </div>
   <div class='ocr_carea' id='block_1_117' title="bbox 273 5927 1323 5994">
    <p class='ocr_par' dir='ltr' id='par_1_117' title="bbox 273 5927 1323 5994">
     <span class='ocr_line' id='line_1_117' title="bbox 273 5927 1323 5994; baseline 0.016 -19"><span class='ocrx_word' id='word_1_924' title='bbox 273 5927 386 5977; x_wconf 55' lang='lat' dir='ltr'><strong>(7323i</strong></span> <span class='ocrx_word' id='word_1_925' title='bbox 428 5928 533 5979; x_wconf 54' lang='lat' dir='ltr'><strong>Kal</strong></span> <span class='ocrx_word' id='word_1_926' title='bbox 577 5931 604 5990; x_wconf 60' lang='grc' dir='ltr'><strong>ἡ</strong></span> <span class='ocrx_word' id='word_1_927' title='bbox 645 5930 852 5994; x_wconf 58' lang='grc' dir='ltr'>’ὠνίοις</span> <span class='ocrx_word' id='word_1_928' title='bbox 885 5935 1006 5987; x_wconf 79' lang='lat' dir='ltr'><strong>.t.lil.</strong></span> <span class='ocrx_word' id='word_1_929' title='bbox 1049 5938 1202 5989; x_wconf 71' lang='lat' dir='ltr'><strong>tiitltl.</strong></span> <span class='ocrx_word' id='word_1_930' title='bbox 1238 5940 1323 5994; x_wconf 69' lang='grc'><strong>29.</strong></span> 
     </span>
    </p>
   </div>
  </div>
