4030 6550
610 387 711 454 311

1528 389 2114 450 THEOPHYLACTI
2159 379 2563 451 BULGAR'ME
2606 391 2964 454 ARCHIEP.

3753 389 3863 455 312

615 501 734 558 Fiat
777 501 871 556 tibi
933 502 1069 556 sicut
1120 501 1220 565 vis,
1274 500 1508 557 ostendit
1553 501 1694 570 quod
1729 501 1829 555 nisi
1879 502 2036 556 (idem
2086 503 2164 553 ha-

2284 503 2484 566 πίστις·
2527 523 2544 555 ι
2574 505 2635 557 τὸ
2656 505 2732 568 δι,
2758 505 3046 575 Γενηθήτω
3065 521 3145 556 σοι
3176 504 3250 568 ὠς
3282 496 3477 570 θέλεις,
3499 503 3693 566 εἰπὼν,
3725 505 3862 559 εδει-

611 595 833 658 buisset,
865 593 992 647 nihil
1028 591 1224 647 fuisset
1271 600 1539 646 assecuta.
1590 593 1768 662 Atque
1799 595 1871 647 ita
1923 594 1968 648 si
1997 592 2177 648 volue-

613 686 782 739 rimus
809 693 861 738 et
893 698 1008 746 nos,
1048 682 1176 737 nihil
1208 693 1349 738 vetat
1377 694 1429 736 et
1463 699 1560 739 nos
1588 684 1803 753 assequi
1843 699 1965 752 qua
1998 684 2177 737 volue—

612 777 800 830 rimus.
833 775 1065 828 Observa
1099 784 1275 827 autem
1319 775 1461 843 quod
1493 776 1618 829 licet
1664 775 1836 828 sancti
1884 785 2043 828 orent
2082 790 2178 845 pro

612 865 787 929 nobis,
822 865 960 918 sicut
993 880 1086 933 pro
1129 865 1215 918 illa
1263 867 1510 933 apostoli,
1542 874 1775 919 attamen
1811 881 1909 920 nos
1939 881 2036 934 pro
2081 882 2174 919 no-

610 957 690 1013 bis
726 957 855 1026 ipsis
889 965 1132 1023 petentes
1163 958 1330 1024 magis
1380 957 1647 1009 audimur.
1700 955 1794 1010 Est
1820 966 2000 1010 autem
2035 956 2175 1010 Cha-

608 1063 790 1101 nanara
852 1049 1149 1118 symbolum
1215 1049 1464 1103 Ecclesia:
1524 1062 1553 1102 e
1599 1050 1850 1119 gentibus
1911 1049 2168 1103 collecta.

604 1141 710 1210 81
738 1137 869 1192 Nam
898 1151 949 1193 et
972 1149 1158 1209 gentes
1191 1140 1340 1208 prius
1382 1139 1608 1209 repulsa:
1671 1139 1911 1202 fuerunt,
1941 1149 1994 1194 et
2026 1148 2170 1208 post-

604 1246 668 1284 ea
703 1235 754 1285 in
790 1233 1022 1288 ﬁliorum
1062 1232 1303 1287 ordinem
1363 1242 1632 1302 provectae
1675 1233 2026 1288 obtinuerunt
2078 1247 2170 1300 pa-

606 1337 750 1386 nem,
792 1338 1006 1394 corpus,
1059 1323 1299 1392 inquam,
1352 1324 1582 1380 Domini.
1634 1323 1802 1379 Judaei
1843 1333 2024 1378 autem
2083 1339 2171 1377 ca-

607 1431 703 1470 nes
730 1414 872 1482 facti,
941 1432 1004 1470 ex
1064 1400 1220 1471 micis
1282 1415 1532 1472 videntur
1566 1419 1735 1486 pasci,
1776 1419 1878 1472 hoc
1908 1427 2009 1482 est,
2049 1433 2169 1488 par-

605 1509 768 1561 vitate
790 1517 842 1562 et
873 1507 1078 1564 vilitate
1118 1509 1326 1562 litteras.
1364 1509 1645 1578 Significat
1677 1511 1820 1564 enim
1875 1511 2048 1582 Tyrus
2079 1527 2170 1565 co-

603 1598 940 1662 hibitionem,
997 1600 1163 1654 Sidon
1227 1609 1403 1655 autem
1453 1610 1710 1654 venantes
1770 1620 1782 1655 :
1839 1602 2166 1667 Chananaes,

601 1700 895 1758 prmparata
951 1691 1338 1748 humiliationi.
1365 1692 1608 1746 Gentiles
1650 1693 1813 1761 igitur
1839 1694 1930 1762 qui
1963 1693 2167 1747 malitia

602 1780 945 1845 tenebantur,
1003 1782 1144 1836 inter
1205 1796 1342 1851 quos
1389 1782 1605 1835 fuerunt
1643 1792 1929 1838 venatores
1960 1784 2165 1836 anima-

2280 594 2368 657 ξεν
2400 595 2481 646 ὃτι
2514 596 2609 647 ἐὰν
2661 596 2738 665 μὴ
2776 597 2966 648 πίστιν
3008 591 3174 665 εἶχεν,
3203 597 3300 648 οὐκ
3342 595 3408 648 ἂν
3442 597 3602 662 ἔτυχε
3636 596 3736 664 τῆς
3777 598 3864 648 αί-

2276 685 2511 752 τήσεωςο
2543 685 2684 738 ὥστε
2721 687 2821 738 εὰν
2851 685 3094 754 θέλωμεν
3130 688 3224 738 καὶ
3260 688 3442 752 ἡμεῖς,
3477 687 3629 738 οὐδὲν
3654 685 3716 737 τὸ
3753 704 3862 736 κω.

2278 775 2402 827 λύον
2432 778 2616 844 τυχεῖν
2644 771 2720 830 ὧν
2749 777 2993 846 θέλομεν,
3026 775 3339 845 Σημείωσαι
3373 777 3427 828 δὶ
3459 777 3541 829 ὅτι
3574 776 3860 842 κὶνᾟγιοι

2277 863 2500 916 αἰτῶσιν
2535 865 2671 934 ὑπὲρ
2701 866 2876 934 ἡμῶν,
2906 865 3094 933 ὥσπερ
3131 866 3270 935 ὑπὲρ
3296 865 3510 933 ἐκείνης
3544 867 3594 917 οί
3623 867 3860 919 ἀπόστο-

2277 956 2379 1017 λοι,
2427 957 2545 1008 ἀλλ’
2576 956 2669 1010 οὖν
2713 959 2870 1026 ἡμεῖς
2909 959 3049 1025 ὑπὲρ
3092 955 3304 1008 ἑαυτῶν
3341 956 3638 1017 αἰτοῦντας,
3696 956 3862 1008 πλέον

2276 1048 2531 1116 ὰνύομεν.
2565 1049 2840 1117 Σύμϐολον
2872 1050 2984 1118 δδή
3022 1048 3301 1102 Χαναναία
3349 1051 3442 1100 καὶ
3469 1049 3566 1116 τῆς
3601 1049 3659 1114 ἐξ
3690 1048 3861 1100 ιθνῶν

2289 1141 2634 1209 Ἐκκλησίας.
2664 1142 2773 1194 Καὶ
2809 1142 2917 1211 γὰρ
2943 1142 3034 1194 καὶ
3070 1142 3140 1194 τὰ
3167 1142 3294 1209 ἔθνη
3330 1141 3631 1208 ἀπωσμένα
3662 1141 3864 1208 προτε-

2277 1250 2390 1302 ρον,
2423 1233 2652 1296 ὕστερον
2685 1236 2764 1295 είς
2791 1234 2887 1301 τὴν
2913 1234 3023 1286 τῶν
3058 1232 3190 1286 υίῶν
3210 1233 3364 1295 τάξιν
3393 1232 3860 1298 mammona“,

2274 1327 2369 1378 καὶ
2399 1323 2491 1377 τοῦ
2522 1326 2689 1394 ἄρτου
2741 1326 3087 1394 ἠξιώθησαν,
3133 1325 3227 1378 τοῦ
3270 1323 3522 1393 σώματος
3567 1324 3714 1390 λέγω
3764 1325 3860 1378 τοῦ

2275 1416 2501 1483 Κυρίου.
2538 1417 2600 1468 Ol
2631 1417 2687 1469 δὲ
2731 1417 2997 1478 Ἰουδαῖοι,
3030 1416 3188 1478 κύνες
3216 1417 3465 1482 ἐγένοντο
3486 1456 3498 1476 ,
3533 1418 3594 1467 ἐκ
3626 1416 3740 1466 τῶν
3773 1415 3863 1483 ψι-

2271 1503 2404 1572 χίων
2430 1504 2712 1566 δοκοῦντες
2739 1507 3054 1576 τρέψεσθαι..
3089 1506 3360 1566 τουτέστι,
3386 1505 3494 1556 τῶν
3527 1504 3742 1575 μιιρῶν
3767 1506 3862 1556 καὶ

2271 1595 2504 1648 εὐτελῶν
2526 1598 2617 1649 τοῦ
2652 1599 2999 1667 γράμματος.
3028 1597 3294 1667 Σημαίνει
3323 1597 3432 1665 δὲή
3461 1597 3662 1664 Τύρος,
3699 1611 3862 1649 συνο-

2272 1690 2391 1759 χήνο
2414 1689 2521 1757 ἠδὲ
2543 1689 2730 1754 Σιδὼν,
2753 1691 3052 1760 θηρῶντες.
3079 1689 3360 1743 Χαναναία
3377 1689 3454 1752 δὲ,
3474 1688 3862 1757 ἡτοιμασμένη

2270 1781 2335 1847 τῇ
2361 1780 2703 1832 ταπεινώσει·
2731 1781 2779 1833 oi
2805 1781 2938 1847 γοῦν
2964 1781 3314 1848 συνεχόμενοι
3345 1783 3409 1847 τῇ
3439 1779 3607 1848 κακία
3633 1777 3860 1840 ἐθνικοὶ,

601 1885 720 1924 rum
772 1871 1065 1936 daemones,
1114 1873 1412 1927 humilitate
1470 1885 1597 1928 sunt
1665 1877 1970 1944 praeparati.
2023 1873 2163 1930 Justi

2271 1872 2326 1921 εν
2355 1866 2435 1933 οἷς
2473 1867 2614 1942 ἦσαν
2642 1875 2689 1924 oi
2725 1873 3000 1942 θηρῶντες
3040 1847 3137 1935 τὰς
3167 1847 3349 1940 ψυχὰς
3379 1847 3635 1938 δαίμονες
3656 1910 3671 1933 ,
3709 1863 3856 1923 οὗτοι

601 1963 744 2016 enim
775 1965 988 2018 sublimi
1025 1979 1185 2036 regno
1218 1966 1308 2020 Dei
1339 1974 1462 2020 sunt
1493 1957 1802 2035 praep-arati.

678 2143 835 2199 Vens.
868 2145 958 2211 29,
1021 2145 1110 2200 5|.
1148 2165 1166 2196 ι
1223 2147 1285 2200 Ει
1319 2163 1637 2216 progressus
1693 2149 1836 2204 illinc
1871 2148 2044 2216 Jesus,
2079 2166 2168 2204 ve-

604 2239 682 2290 nit
706 2239 855 2308 juxta
881 2254 1030 2295 mare
1055 2240 1309 2305 Galliam,
1337 2252 1391 2296 et
1423 2256 1719 2298 conscenso
1743 2252 1922 2297 monte
1945 2245 2168 2298 sedebat

605 2329 761 2382 illic:
802 2338 854 2382 et
886 2341 1234 2387 accesserunt
1294 2333 1360 2387 sd
1393 2349 1516 2388 eum
1565 2336 1736 2389 turbae
1800 2335 2004 2398 multae,
2068 2336 2168 2390 hs-

603 2422 790 2477 bentes
823 2437 1006 2478 secum
1035 2423 1276 2492 claudos,
1335 2441 1530 2492 caecos,
1581 2429 1801 2494 surdos,
1839 2429 2080 2495 mutilos,
2115 2439 2169 2484 et

603 2513 736 2568 alios
764 2515 978 2583 multos,
1008 2526 1061 2572 et
1089 2516 1397 2584 abiecerunt
1427 2532 1522 2573 eos
1571 2530 1695 2575 ante
1731 2521 1891 2588 pedes
1922 2519 2070 2584 Jesn,
2116 2531 2170 2575 et

604 2607 812 2660 sanavit
839 2622 951 2674 eos,
981 2609 1113 2662 adeo
1143 2618 1201 2663 ut
1230 2609 1395 2663 turbae
1425 2611 1629 2665 miratae
1681 2612 1787 2666 sint
1846 2627 1966 2666 cum
2016 2613 2167 2668 vide-

605 2704 724 2748 rent
784 2707 959 2751 mutos
1027 2697 1196 2766 loqui,
1257 2701 1473 2756 mutilos
1524 2716 1644 2758 esse
1698 2718 1877 2768 sanos,
1950 2705 2168 2759 claudos

600 2786 894 2859 ambulare,
923 2803 1096 2843 caecos
1127 2790 1308 2846 videre
1344 2811 1356 2845 :
1395 2803 1447 2845 et
1473 2794 1846 2863 gloriﬁcabant
1895 2796 2057 2849 Deum
2095 2795 2168 2850 ls-

602 2878 730 2933 rael.
771 2897 788 2930 ι
824 2879 940 2934 Non
969 2882 1229 2935 continuo
1254 2885 1570 2939 rersaturin
1605 2885 1809 2950 Iudaea,
1838 2888 1931 2941 sed
1981 2889 2032 2941 in
2057 2889 2165 2942 Ga-

601 2971 756 3036 lilaaa,
827 2983 1046 3042 propter
1094 2976 1315 3031 multam
1353 2978 1781 3033 incredulitatem
1835 2979 2162 3036 Judaorum.

595 3063 800 3116 Galilzei
827 3066 970 3118 enim
1001 3065 1271 3122 ﬁdeliores
1302 3067 1408 3123 illis
1432 3078 1609 3123 erant.
1646 3070 1777 3124 Vide
1817 3072 1979 3140 igitur
2007 3073 2164 3127 (idem

2273 1963 2364 2014 καὶ
2395 1965 2460 2032 τῇ
2507 1963 2834 2015 ταπεινώσει
2891 1965 3027 2014 εἰσὶν
3073 1962 3506 2031 ἡτοιμασμένοι·
3543 1965 3591 2013 οἱ
3637 1963 3750 2032 γὰρ
3776 1960 3857 2013 δί-

2273 2070 2439 2112 καιοι,
2469 2054 2542 2121 τῷ
2568 2053 2691 2122 ὕψει
2719 2054 2818 2122 τῆς
2845 2053 3119 2122 βαπλείας
3143 2054 3236 2106 τοῦ
3260 2051 3395 2106 Θεοῦ
3418 2051 3854 2122 ἡτοιμάσθησαν.

2348 2163 2366 2194 ε
2413 2147 2518 2198 Καὶ
2549 2145 2786 2214 μεταϐὰς
2819 2146 3028 2198 ἐκεῖθεν
3058 2148 3086 2198 ό
3130 2144 3360 2214 Ἰησοῦς,
3389 2141 3520 2215 ἦλθε
3570 2147 3725 2216 παρὰ
3759 2145 3858 2214 τὴν

2272 2238 2546 2291 θάλασσαν
2584 2239 2682 2307 τῆς
2723 2239 3014 2300 Γαλιλαίας
3039 2276 3054 2298 .
3109 2238 3205 2290 καὶ
3255 2237 3463 2298 ἀναϐὰς
3499 2238 3577 2300 είς
3610 2237 3674 2289 τὸ
3711 2237 3856 2306 δρος,

2270 2332 2506 2401 δκάθητο
2551 2333 2686 2384 ὲκεῐ·
2741 2333 2835 2385 καὶ
2883 2331 3191 2401 προσῆλθον
3242 2327 3392 2401 αὐτῷ
3439 2333 3587 2400 δχλοι
3632 2331 3855 2392 πολλοὶ,

2271 2425 2484 2494 ἔχοντες
2516 2424 2632 2492 μεθ’
2667 2424 2875 2477 ἑαυτῶν
2900 2424 3125 2492 χωλοὺς,
3157 2423 3414 2490 τυφλοὺς,
3447 2419 3689 2491 κωφοὺς,
3723 2420 3854 2474 κυλ-

2272 2520 2419 2580 λοὺς,
2451 2519 2544 2570 καλ.
2572 2518 2790 2587 ἑτέρους
2823 2518 3073 2582 πολλοὺς,
3099 2517 3195 2569 καὶ
3223 2515 3454 2586 ἔρριψαν
3479 2515 3676 2575 αὐτοὺς
3705 2514 3857 2582 παρὰ

2271 2611 2396 2672 τοὺς
2429 2610 2594 2672 πόδας
2637 2610 2730 2661 τοῦ
2791 2609 3000 2677 Ἰησοῦ,
3052 2610 3146 2660 καὶ
3199 2610 3564 2676 ἐθεράπευσεν
3618 2607 3854 2668 αὐτούς·

2269 2703 2408 2754 ὥστε
2445 2703 2569 2765 τοὺς
2609 2702 2797 2770 δχλους
2832 2700 3111 2768 Θαυμάσαι
3147 2700 3466 2770 βλέποντας,
3507 2699 3726 2765 κωφοὺς
3769 2699 3858 2749 λαο

2256 2792 2516 2858 λσιῦντας,
2551 2794 2775 2854 κυλλους
2809 2795 3002 2858 ὑγιεῖς,
3035 2793 3241 2860 χωλοὺς
3270 2788 3732 2861 περιπατοῦντας,
3766 2807 3858 2843 τυ·-

2270 2889 2434 2954 φλοὺς
2474 2889 2789 2954 βλέποντας·
2833 2889 2923 2939 καὶ
2955 2887 3214 2950 ἐδόξασαν
3250 2886 3342 2938 τὸν
3375 2885 3507 2937 Θεὸν
3553 2885 3792 2954 Ἰσραήλ.
3836 2903 3852 2933 ι

2270 2982 2344 3033 Οὐ
2379 2984 2441 3050 τῇ
2489 2982 2719 3051 Ἰουδαίᾳ
2747 2980 2984 3048 συνεχῶς
3009 2980 3284 3048 ἐπιδημεῖ,
3312 2979 3446 3030 ἀλλὰ
3472 2982 3537 3046 τῇ
3572 2977 3856 3047 Γαλιλαία,

2268 3073 2354 3126 διὰ
2381 3074 2477 3142 τὴν
2508 3074 2703 3142 πολλὴν
2737 3073 2988 3124 ἀπιστίαν
3018 3072 3124 3124 τῶν
3169 3071 3458 3123 Ἰουδαίων·
3491 3072 3540 3121 οἱ
3562 3073 3672 3142 γὰρ
3699 3071 3858 3123 Γαλι-

597 3155 830 3218 illorum,
871 3159 1140 3225 quomodo
1185 3167 1238 3212 et
1298 3162 1352 3212 in
1389 3168 1622 3214 montem
1659 3163 1957 3217 ascendant
1985 3164 2162 3220 claudi

2271 3165 2407 3218 λαῖοι
2441 3166 2749 3233 πιστότεροι
2783 3160 2922 3233 ἦσαν
2971 3164 3215 3216 ἐκείνων.
3275 3162 3379 3215 Ἴδε
3409 3157 3501 3215 οὖν
3531 3161 3634 3230 τὴν
3674 3161 3856 3213 πίστιν

594 3247 916 3301 exsislentes
946 3255 1000 3301 et
1021 3250 1185 3302 caci:
1218 3263 1322 3303 non
1343 3264 1534 3320 segnes
1554 3261 1700 3317 sunt,
1723 3255 1816 3310 sed
1842 3265 1894 3309 et
1921 3262 1987 3310 ad
2003 3258 2166 3326 pedes

591 3340 718 3395 Jesu
749 3341 1099 3409 objiciuntur,
1142 3354 1322 3412 utpote
1353 3346 1499 3399 illum
1529 3363 1686 3418 supra
1745 3351 2016 3406 hominem
2041 3367 2162 3408 esse

593 3435 987 3499 existimantes,
1017 3436 1156 3489 unde
1182 3445 1234 3490 et
1272 3438 1588 3496 sanitatem.
1613 3443 1845 3497 assecuti
1889 3454 2035 3500 sunt.
2095 3446 2161 3500 Et

595 3536 648 3578 tu
669 3525 831 3594 igitur
847 3526 1078 3580 ascende
1101 3527 1152 3580 in
1193 3537 1424 3583 montem
1459 3532 1852 3599 mandatorum,
1883 3536 1970 3590 ubi
2010 3538 2159 3593 sedet

592 3615 787 3670 Jesns:
822 3615 938 3670 etsi
976 3631 1151 3671 caecus
1200 3617 1389 3683 lueris,
1448 3637 1552 3676 non
1592 3624 1778 3679 valens
1832 3627 2016 3688 videre
2069 3646 2162 3697 per

592 3707 821 3776 teipsum
853 3708 994 3775 quod
1019 3707 1218 3762 bonum
1246 3725 1258 3761 :
1284 3719 1338 3762 et
1368 3711 1412 3765 si
1452 3711 1694 3779 claudus,
1718 3714 1907 3772 videns
1941 3717 2159 3786 quidem

593 3797 736 3866 quod
771 3799 995 3864 bonum,
1033 3816 1136 3854 non
1164 3799 1345 3858 valens
1375 3813 1551 3859 autem
1590 3807 1656 3861 ad
1695 3809 1797 3864 hoc
1833 3812 2114 3878 pervenire
2145 3833 2157 3867 :

593 3899 650 3943 et
681 3889 722 3943 si
753 3891 968 3957 surdus,
1003 3893 1094 3960 qui
1127 3907 1299 3963 neque
1334 3896 1500 3951 alium
1532 3898 1718 3954 audias
1756 3903 2155 3972 admonentem,

595 3996 766 4050 neque
797 3982 960 4038 alium
1011 3985 1302 4042 admonere
1335 3988 1517 4046 valeas
1549 4007 1564 4045 :
1598 4003 1651 4046 et
1699 3991 1742 4048 si
1795 3996 2021 4051 mutilus
2061 3999 2157 4064 sis,

592 4089 697 4128 non
725 4073 908 4130 valens
925 4079 1214 4131 extendere
1245 4094 1458 4135 manum
1521 4085 1586 4136 ad
1643 4085 2041 4157 eieemosynam
2068 4110 2080 4143 :
2109 4102 2159 4143 et

593 4165 640 4216 si
667 4163 772 4217 alio
803 4166 1030 4233 quodam
1060 4168 1245 4221 morbo
1273 4178 1504 4238 teneare,
1538 4184 1849 4240 prosternas
1900 4188 1949 4234 te
1976 4179 2041 4233 ad
2067 4195 2158 4250 pe-

597 4254 689 4308 des
721 4253 844 4309 Jesu
870 4297 884 4321 ,
913 4267 966 4310 et
1001 4258 1226 4326 vestigia
1274 4261 1394 4316 vita:
1447 4264 1587 4318 illius
1635 4269 1836 4337 attinge
1859 4309 1873 4334 ,
1928 4273 2158 4327 curatio-

595 4361 827 4415 nemque
859 4347 1098 4404 habebis.

666 4439 827 4496 Vsus.
875 4441 963 4497 52.
1008 4463 1027 4496 ι
1063 4444 1218 4499 Jesus
1240 4457 1416 4502 autem
1448 4452 1652 4507 vocatis
1698 4454 1762 4506 ad
1791 4469 1851 4510 se
1879 4455 2159 4525 discipulis

2273 3259 2476 3320 αὐτῶν,
2506 3257 2620 3318 πῶς
2654 3257 2746 3310 καὶ
2776 3259 2854 3319 είς
2893 3256 2953 3307 τὺ
2980 3256 3104 3326 ὅρος
3137 3254 3458 3324 ἀνέρχονται
3500 3253 3663 3322 χωλοὶ
3705 3252 3855 3318 ὄντες

2273 3351 2366 3402 καὶ
2397 3349 2608 3414 τυφλοὶ,
2643 3349 2737 3402 καὶ
2765 3348 2825 3400 οὐ
2854 3345 3230 3408 κατοκνοῦσιν,
3258 3346 3394 3398 ἀλλὰ
3430 3348 3521 3398 καὶ
3563 3346 3700 3416 πρὸς
3734 3348 3855 3407 τοὺς

2273 3441 2438 3502 πόδας
2471 3439 2753 3509 ῥίπτονται
2783 3437 2877 3491 τοῦ
2931 3436 3106 3508 Ἰησοῦ
3134 3481 3146 3503 ,
3179 3438 3254 3500 ὡς
3284 3438 3425 3506 ὑπὲρ
3455 3437 3749 3508 ἄνθρωπον
3774 3437 3855 3490 δο-

2271 3535 2493 3594 κοῦντες
2531 3534 2713 3594 αὑτὸν,
2757 3533 2879 3585 ὅθεν
2919 3535 3009 3584 καὶ
3038 3534 3136 3600 τῆς
3171 3534 3364 3593 ἰάσεως
3401 3532 3614 3599 ἔτυχον.
3653 3532 3764 3584 Καὶ
3793 3530 3853 3583 σὺ

2271 3621 2362 3676 οὖν
2393 3624 2580 3677 ἄνελθε
2605 3626 2683 3686 είς
2719 3623 2777 3676 τὸ
2817 3623 2943 3693 δρος
2981 3625 3089 3676 τῶν
3119 3624 3371 3686 ιντολῶν,
3406 3623 3533 3675 ἔνθα
3562 3623 3799 3692 κάθηται
3828 3625 3853 3674 ὸ

2275 3714 2510 3784 Κύριος·
2554 3716 2660 3767 κᾶν
2702 3715 2902 3782 τυφλὸς
2949 3710 3036 3785 ᾖς,
3076 3716 3150 3785 μὴ
3197 3715 3491 3785 δυνάμενος
3526 3715 3622 3783 ἀφ’
3659 3714 3852 3768 ἑαυτοῦ

2274 3806 2401 3858 ίδείν
2435 3807 2495 3858 τὸ
2527 3808 2690 3860 καλόν
2711 3824 2724 3836 ·
2754 3803 2858 3858 κᾶν
2892 3807 3085 3874 χωλὸς,
3119 3808 3332 3875 βλέπων
3367 3807 3463 3876 μὲν
3495 3807 3554 3858 τὸ
3582 3806 3769 3868 καλὸν,
3793 3805 3849 3858 οὔ

2267 3898 2569 3966 δυνάμενος
2590 3899 2647 3950 δὲ
2667 3901 2744 3960 είς
2772 3897 2902 3950 αὐτὸ
2931 3896 3104 3949 ἐλθεῖν
3124 3911 3137 3924 ·
3173 3896 3273 3948 κᾶν
3295 3897 3498 3963 κωφὸς,
3530 3898 3670 3966 μήτε
3697 3897 3850 3950 ἄλλου

2271 3991 2484 4044 ἀκούων
2508 3990 2932 4061 παραινοῦντος,
2986 3990 3123 4059 μήτε
3159 3989 3303 4058 ἄλλῳ
3335 3988 3664 4054 παραινέσαι
3700 3987 3851 4039 δυνά-

2275 4101 2433 4153 μενος
2457 4099 2470 4113 ⁸
2509 4084 2613 4136 κᾶν
2645 4084 2858 4146 κυλλδς,
2892 4084 3160 4141 τουτέστι,
3193 4081 3292 4151 τὴν
3326 4085 3479 4148 χεῖρα
3510 4082 3589 4143 εἰς
3626 4081 3850 4150 ἐλεημο-

2273 4177 2438 4246 σύνην
2472 4175 2545 4244 μὴ
2590 4175 2890 4243 δυνάμενος
2927 4175 3198 4225 ἐκτεῖναιο
3236 4172 3341 4224 κᾶν
3383 4171 3515 4224 ἄλλο
3570 4189 3623 4223 τι
3670 4175 3849 4240 νοσῇς,

2270 4270 2452 4320 πεσὼν
2503 4268 2652 4336 παρὰ
2684 4267 2809 4329 τοὺς
2839 4265 3005 4324 πόδας
3043 4264 3138 4316 τοῦ
3183 4261 3362 4333 Ἰησοῦ
3397 4263 3489 4315 καὶ
3536 4262 3645 4315 τῶν
3697 4263 3850 4333 ίχνῶν

2265 4358 2358 4412 τοῦ
2388 4359 2502 4424 βίου
2526 4359 2732 4411 ἐκείνου
2762 4358 3056 4426 ἁψάμενος,
3085 4355 3494 4424 θεραπευθήσῃ.

2348 4473 2364 4503 ι
2422 4452 2478 4503 Ὀ
2512 4452 2567 4503 δὲ
2609 4451 2816 4521 Ἰησοῦς
2861 4449 3380 4519 προσκαλεσάμενος
3429 4449 3557 4510 τους
3604 4448 3847 4520 μαθητὰς

596 4535 710 4586 suis
737 4533 870 4586 dixit
903 4551 916 4587 :
950 4533 1171 4591 Miseret
1227 4554 1310 4592 me
1342 4542 1532 4605 turbae,
1566 4555 1848 4613 prepterea
1881 4549 2020 4615 quod
2049 4549 2159 4616 jam

2271 4543 2457 4608 αὑτοῦ,
2499 4539 2618 4596 εἷπε
2643 4559 2655 4573 ·
2709 4542 3152 4610 Σπλαγχνίζομαι
3182 4542 3274 4592 ἐπὶ
3305 4543 3395 4592 τὸν
3423 4541 3604 4610 ὄχλον,
3641 4542 3726 4595 ὅτι
3754 4543 3849 4612 ήδη

600 4625 779 4678 triduo
822 4638 1170 4693 perseverant
1215 4633 1351 4699 apud
1385 4649 1488 4696 me,
1515 4643 1568 4688 et
1602 4650 1704 4688 non
1749 4637 1947 4691 habent
2024 4643 2162 4708 quod

596 4713 759 4767 edant
793 4732 805 4767 :
834 4718 1178 4773 etdimittere
1225 4736 1315 4775 eos
1354 4721 1570 4791 jejunos
1603 4725 1748 4791 nolo,
1806 4742 1873 4783 ne
1911 4728 2166 4784 deliciam

596 4804 649 4857 in
683 4807 788 4859 via.
831 4824 848 4857 ι
903 4805 1094 4862 Turba:
1143 4811 1354 4878 quidem
1383 4830 1489 4868 non
1556 4816 1825 4870 audebant
1873 4834 2038 4887 panes
2074 4836 2167 4888 pe-

600 4905 732 4959 tere,
766 4904 948 4964 utpote
978 4901 1067 4966 qui
1116 4901 1180 4952 ad
1241 4901 1604 4971 recipiendam
1658 4906 1942 4960 sanitatem
1999 4921 2163 4960 vene-

598 4995 718 5040 rant
751 5003 770 5041 :
800 4987 912 5053 ipse
939 4999 1115 5044 autem
1143 4992 1446 5048 misericors
1471 4996 1762 5060 exsistens,
1801 5012 1982 5051 curam
2005 4998 2115 5067 agit
2148 5015 2161 5052 :

595 5089 741 5134 etne
770 5081 891 5148 quis
921 5083 1100 5138 dicere
1136 5085 1301 5152 possit
1324 5088 1462 5152 quod
1518 5088 1620 5141 alia
1672 5090 1859 5142 viatica
1911 5090 2161 5155 habeant,

593 5171 788 5238 inquit,
848 5175 988 5241 quod
1051 5176 1096 5230 si
1155 5179 1315 5231 etiam
1377 5179 1707 5244 habuissent,
1767 5181 1994 5237 fuissent
2037 5197 2162 5236 con-

596 5273 848 5332 sumpta:
883 5275 990 5321 tres
1011 5270 1150 5324 enim
1197 5269 1304 5338 jam
1340 5271 1454 5326 dies
1487 5283 1628 5326 sunt.
1685 5274 1932 5329 OStendit
1985 5284 2161 5330 autem

596 5355 741 5421 quod
765 5356 972 5428 alonge
1002 5362 1263 5427 venerint,
1289 5363 1540 5430 dicendo,
1573 5363 1650 5418 Ne
1683 5367 1933 5421 deliciam
1966 5369 2016 5420 in
2055 5369 2156 5420 via.

598 5444 721 5500 Ιιςεε
748 5458 921 5501 autem
977 5449 1195 5503 dieitad
1263 5453 1574 5522 discipulos,
1641 5457 1874 5509 excitare
1919 5473 2011 5510 eos
2067 5474 2159 5512 vo-

598 5541 714 5592 lens
744 5541 1000 5595 utdicant
1035 5542 1130 5611 ipsi
1162 5547 1298 5611 quod
1343 5547 1510 5613 possit
1557 5562 1649 5601 eos
1717 5548 1878 5614 alere,
1903 5552 2039 5604 sicut
2107 5561 2159 5602 et

596 5632 830 5699 quinque
884 5633 1102 5686 millia:
1166 5638 1259 5691 sed
1311 5637 1382 5690 illi
1454 5641 1624 5694 adhuc
1687 5642 1946 5710 sapientia
2005 5659 2160 5697 ρει-ρ-

597 5722 745 5773 bnlil.

673 5810 831 5866 Vens.
865 5816 950 5869 I53.
987 5835 1004 5867 ι
1065 5816 1126 5872 Ει
1153 5819 1334 5875 dicunt
1395 5820 1467 5876 illi
1502 5822 1747 5892 disripuli
1815 5824 1928 5893 ejus
1967 5869 1974 5877 .
2007 5825 2156 5881 l'nde

2271 4633 2482 4701 ἡμέρας
2523 4637 2672 4700 τρεῖς
2709 4633 3077 4702 προσμένουσί
3124 4649 3250 4700 μοι,
3306 4635 3398 4682 καὶ
3432 4633 3531 4683 οὐκ
3573 4632 3760 4700 ἔχουσι
3803 4633 3850 4684 τί

2271 4726 2519 4793 φάγωσι,
2558 4724 2651 4775 καὶ
2682 4723 2949 4776 ἀπολῦσαι
2982 4724 3179 4786 αὐτοὺς
3223 4724 3440 4791 νήστεις
3483 4723 3542 4775 οὐ
3580 4723 3742 4789 θέλω,
3779 4727 3848 4794 μή

2269 4833 2399 4868 ποτε
2436 4813 2734 4868 ἐκλυθῶσιν
2762 4815 2817 4866 ἐν
2848 4817 2910 4885 τῇ
2953 4813 3076 4883 ὁδῷ.
3118 4833 3134 4864 ι
3174 4815 3236 4866 Ol
3275 4815 3374 4883 μὲν
3401 4814 3548 4883 ὄχλοι
3579 4815 3679 4867 οὐκ
3705 4817 3846 4868 ἐτόλ-

2272 4925 2388 4975 μων
2422 4907 2613 4975 ἇρτους
2646 4903 2888 4972 αίτῆσαι,
2920 4903 2994 4966 ὡς
3024 4904 3115 4956 ἐπὶ
3139 4903 3406 4973 θεραπεία
3437 4903 3708 4966 ἐλθόντες.
3747 4905 3845 4956 Αὑ-

2268 4998 2353 5059 τὸς
2375 4997 2426 5048 δὲ
2456 4997 2836 5065 φιλάνθρωπος
2868 4994 2963 5057 ὢν,
2999 4995 3296 5064 φροντίζει·
3330 4996 3416 5048 ἵνα
3447 4995 3504 5046 δὲ
3536 4995 3613 5065 μὴ
3639 4996 3740 5068 ἔχῃ
3769 5013 3844 5057 τις

2268 5093 2443 5142 εἰπεῖν
2475 5091 2577 5152 ὅτι,
2609 5091 2778 5140 Ἂλλα
2811 5089 2994 5156 ἐφόδια
3012 5090 3214 5157 ἔχουσι,
3249 5088 3436 5156 φησὶν,
3467 5088 3526 5139 Εἰ
3557 5089 3651 5140 καὶ
3683 5085 3841 5155 εἶχον,

2266 5181 2625 5250 ἀνηλώθησαν
2653 5183 2736 5234 ἄν’
2767 5184 2916 5251 τρεῖς
2945 5181 3052 5249 γὰρ
3089 5180 3186 5250 ἤδη
3213 5181 3416 5249 ἡμέραι
3437 5180 3564 5236 είσί,
3595 5180 3842 5231 Δείκνυσι

2267 5276 2320 5328 δὲ
2349 5278 2429 5328 ὅτι
2465 5278 2558 5329 καὶ
2610 5276 2884 5346 μακρόθεν
2916 5273 3100 5346 ἦλθον,
3136 5277 3192 5326 ἐν
3225 5275 3302 5344 τῷ
3355 5276 3555 5342 λέγειν,
3613 5274 3730 5329 Ἰνα
3771 5277 3838 5344 μὴ

2266 5367 2564 5420 ἐκλυθῶσιν
2596 5369 2652 5419 ὲν
2681 5371 2745 5436 τῇ
2775 5369 2896 5437 ὸδῴο
2930 5367 3099 5420 ταῦτα
3129 5368 3183 5419 δὲ
3226 5367 3377 5433 λέγει
3409 5367 3544 5436 πρὸς
3575 5367 3701 5430 τοὺς
3738 5385 3838 5437 μα-

2266 5458 2430 5528 θητὰς
2454 5499 2464 5519 ,
2504 5458 2767 5526 διεγεῖραι
2808 5458 3004 5519 αὐτοὺς
3038 5458 3360 5527 βουλόμενος
3394 5458 3528 5526 πρὸς
3566 5459 3624 5509 τὸ
3672 5461 3837 5512 sinsi-2

2264 5551 2432 5619 αὐτῷ,
2460 5554 2539 5601 ὅτι
2562 5553 2794 5602 Δύνασαι
2823 5553 3018 5612 αὐτοὺς
3052 5550 3336 5619 θρέψαιώς
3368 5551 3462 5602 καὶ
3484 5553 3610 5614 τοὺς
3643 5569 3835 5606 1:5th-

2267 5643 2580 5711 κισχιλξουςο
2612 5643 2725 5695 ἀλλ’
2759 5646 2954 5696 ἐκεῖνοι
2983 5645 3392 5714 ἁνοηταίνουσιν
3421 5641 3520 5695 ἔτι.

2344 5847 2360 5879 ‹
2406 5829 2511 5882 Καὶ
2564 5829 2813 5897 λέγουσιν
2850 5830 2995 5899 αὐτῷ
3049 5833 3094 5883 οἱ
3152 5829 3391 5899 μαθηταὶ
3449 5827 3636 5882 αἱροῦ·
3675 5829 3832 5884 ila-(lu:
