4030 6622
339 540 444 607 317

1055 535 1507 599 ENARRATIO
1552 537 1636 599 IN
1675 533 2184 600 EVANGELIUM
2213 524 2608 600 MATTHIEI.
2635 562 2705 575 -
2735 538 2897 603 CAP.
2932 537 3091 603 XVI-

3518 538 3627 607 318

343 659 542 724 ἄρτους
579 654 691 709 τῶν
739 649 1220 721 πεντακισχιλίων.
1273 641 1371 703 καὶ
1426 647 1625 711 πόσους
1664 646 1911 715 κοφίνους

2033 642 2371 715 intelligitis,
2406 659 2581 717 neque
2636 647 2896 702 memoria
2964 647 3159 704 tenetis
3208 647 3452 720 quinque
3500 651 3625 710 illos

343 730 602 811 ἱλάσετες
633 744 755 799 οὐδε
810 741 1137 808 τοὺςίπτὰ⁵
1172 740 1372 811 ἄρτους
1414 739 1523 794 τῶν
1578 756 1927 811 τετρακισχι-

342 838 494 900 λίων,
523 837 618 890 καὶ
670 837 845 901 πόσας
904 833 1175 904 σπυρίδας
1202 832 1426 887 ἐλάϐετε
1453 850 1468 898 ;
1504 831 1629 896 Πῶς
1657 832 1718 885 οὐ
1750 833 1923 885 νοεῖτε

340 933 423 987 ὅτι
452 929 519 983 οὐ
553 930 682 1001 περὶ
730 928 899 1001 ἄρτου
937 923 1092 981 εἷπον
1122 928 1275 997 ὑμῖν,
1330 925 1639 997 Προσέχετε
1689 924 1799 978 ἀπὸ
1823 924 1925 994 τῆς

341 1022 524 1093 ζύμης
550 1021 662 1075 τῶν
693 1019 1006 1093 Φαρισαίων
1038 1020 1132 1073 καὶ
1154 1016 1564 1083 Σαδδουκαίων;
1592 1016 1730 1070 Τότε
1756 1013 1923 1085 συνῆ-

342 1131 444 1170 καν
472 1114 557 1167 ὅτι
584 1112 685 1166 οὐκ
720 1108 845 1165 εἶπε
877 1096 1171 1180 προσέχειν
1202 1110 1311 1163 ἀπὸ
1340 1110 1438 1179 τῆς
1473 1108 1654 1179 ζύμης
1694 1106 1790 1161 τοῦ
1822 1106 1923 1179 ἄρα

338 1222 457 1268 του,
482 1203 622 1257 ἀλλὰ
642 1203 753 1257 ἀπὸ
772 1202 872 1273 τῆς
901 1202 1121 1271 διδαχῆς
1149 1201 1259 1255 τῶν
1294 1200 1609 1271 Φαρισαίων
1656 1199 1753 1253 καὶ
1782 1199 1923 1253 Σαδ-

337 1297 629 1350 δουκαίων.
676 1295 961 1366 Ἐνόμιζον
978 1292 1239 1348 ὅτιτοῢτο
1273 1292 1465 1363 ἔλεγεν
1494 1292 1704 1357 αὐτοῖς,
1734 1292 1797 1346 τὸ
1824 1310 1924 1361 φυο

340 1386 634 1442 λάττεσθαι
668 1387 762 1440 τὸν
788 1389 853 1440 lx
899 1385 1009 1439 τῶν
1054 1384 1368 1438 Ἰουδαϊκῶν
1403 1383 1714 1455 βρωμάτων
1763 1384 1925 1452 μολυ-

339 1478 501 1548 σμδν,
532 1471 613 1532 δτι
639 1478 733 1531 καὶ
783 1476 1146 1544 διελογίζοντο
1210 1476 1293 1530 δτι
1332 1474 1663 1545 ἄρτουςεοῦκ
1692 1474 1885 1528 ἔλαϐον
1905 1490 1920 1506 ·

337 1569 592 1635 ὀνειδίζει
620 1564 714 1623 οὖν
742 1567 928 1631 αὐτοῖς
975 1567 1051 1632 ὡς
1099 1568 1350 1637 ἀνοήτοις
1380 1568 1474 1621 καὶ
1531 1567 1922 1636 όλιγοπίστοις.

339 1660 481 1715 Καθ’
504 1661 533 1715 δ
567 1643 808 1733 μὶν⁸γὰρ
841 1660 942 1715 οὐκ
979 1660 1336 1730 ιμνήσθησαν
1375 1658 1565 1723 πόσοις
1594 1661 1783 1731 ἄρτοις
1823 1660 1923 1713 πό-

338 1770 468 1817 σους
491 1752 739 1823 ἔθρεψεν,
763 1751 1002 1821 ἀνόητοι*
1046 1751 1169 1805 καθ’
1208 1750 1237 1804 δ
1258 1750 1316 1804 δὲ
1348 1751 1684 1821 ἠπίστησαν,
1709 1753 1793 1806 ὅτι
1820 1753 1924 1806 κᾶν

341 1843 427 1915 μὴ·
449 1842 733 1914 ἠγόρασαν
777 1841 978 1913 ἄρτους
1038 1841 1098 1907 ἐξ
1145 1842 1453 1917 Ἰουδαίων,
1504 1842 1739 1912 ἠδύνατο
1782 1861 1925 1917 παρ-

340 1938 572 2003 αγαγεῖν
599 1936 783 2000 αὐτὸς,
808 1935 949 1991 κατὰ
969 1935 1129 1989 τοῦτο
1160 1934 1498 2005 ὀλιγόπιστοι
1519 1951 1534 1967 ο
1565 1935 1641 1999 ὡς
1669 1936 1725 1989 δὲ
1743 1936 1923 1989 ἐπετί-

338 2043 514 2099 μησεν
544 2028 730 2092 αὐτοῖς
760 2028 1144 2098 σφοδρότερον,
1164 2028 1226 2081 οὐ
1251 2028 1364 2097 γὰρ
1383 2025 1715 2098 πανταχοῦη
1744 2029 1920 2100 πραό-

332 2136 433 2189 της
465 2118 653 2185 καλὸν,
682 2120 887 2183 εὐθέως
914 2121 1157 2189 συνῆκαν
1177 2120 1258 2174 ὅτι
1306 2118 1488 2189 ζύμην
1518 2118 1617 2190 τὴν
1661 2119 1919 2173 διδασκα-

256 2196 267 2199 ﬂ
334 2211 459 2265 λίαν
489 2212 740 2267 ἐκάλεσε.
773 2210 1044 2267 Τοσοῦτον
1095 2211 1271 2283 ἰσχύει
1319 2209 1601 2282 πανταχοῦ
1634 2212 1667 2282 ἡ
1694 2210 1920 2281 εὔλογος

332 2305 678 2376 ιπιτίμησις.
786 2310 789 2313 ’

424 2594 443 2629 t
468 2576 673 2633 Ἐλθὼν
698 2577 756 2632 δὲ
861 2578 1070 2650 Ἰησοῦς
1100 2580 1178 2643 είς
1205 2579 1274 2633 τὰ
1293 2580 1436 2654 μέρη
1454 2582 1798 2653 Καισαρείας
1819 2582 1921 2652 τῆς

327 2670 620 2735 Φιλίππου,
658 2670 848 2743 ἠρώτα
874 2671 1002 2734 τοὺς
1034 2672 1287 2744 μαθητὰς
1315 2673 1509 2737 αὑτοῦ,
1538 2673 1749 2743 λέγων’
1781 2676 1916 2729 Τίνα

332 2779 399 2834 με
428 2762 683 2831 λέγουσιν
708 2766 757 2817 oi
787 2761 1068 2834 ἄνθρωποι
1099 2761 1260 2829 εἶναι,
1297 2766 1389 2820 τὸν
1414 2766 1543 2820 Υίὸν
1571 2765 1666 2820 τοῦ
1702 2766 1919 2837 ἀνθρώ-

326 2869 472 2921 πους
514 2873 533 2907 ι
567 2853 849 2925 Ἐμνήσθη
905 2854 1000 2907 τοῦ
1047 2855 1334 2920 κτίσαντος
1367 2856 1470 2929 τὴν
1517 2858 1692 2924 πόλιν,
1728 2860 1915 2931 ἐπειδή

323 2947 441 2999 ἐστι
474 2947 570 3000 καὶ
592 2945 729 3017 ἄλλη
782 2946 1108 3018 Καισάρεια,
1141 2949 1175 3019 ή
1216 2949 1558 3020 Στράτωνος,
1600 2952 1695 3003 καὶ
1726 2950 1826 3005 οὐκ
1855 2952 1914 3005 ἐν

324 3036 537 3107 ἐκείνῃ.
596 3036 713 3090 ἀλλ’
742 3038 802 3090 ὲν
830 3037 1004 3109 ταύτῃ
1060 3039 1261 3103 αὐτοὺς
1307 3040 1513 3111 ἐρωτᾷ.
1557 3040 1757 3111 Πόρρω
1804 3042 1915 3113 γὰρ

321 3125 432 3178 τῶν
467 3126 742 3181 Ἰουδαίων
770 3128 977 3195 ἀπάγει
1035 3130 1163 3193 τοὺς
1198 3129 1476 3201 μαθητάς,
1499 3130 1577 3195 ὡς
1609 3131 1674 3185 ἂν
1710 3132 1916 3202 μηδένα

321 3215 670 3288 φοὸούμενοι,
713 3218 854 3288 μετὰ
883 3214 1195 3292 παρρησίας
1224 3221 1442 3275 εἴπωσι.
1473 3222 1699 3292 Πρῶτον
1726 3223 1782 3277 δὲ
1809 3224 1909 3294 τὴν

1949 1986 1998 2048 Β

2030 749 2221 805 panes,
2261 752 2383 793 cum
2417 737 2665 809 homines
2696 749 2881 795 essent
2910 740 3151 811 quinque
3180 742 3370 808 millia,
3406 752 3460 799 et
3488 756 3626 815 quot

2026 829 2293 899 caphinos
2325 830 2695 887 sustuleritisl
2749 846 2924 901 neque
2978 841 3183 903 septem
3248 834 3369 890 illos
3428 851 3621 906 panes,

2028 934 2153 974 cum
2187 932 2370 977 essent
2401 929 2638 992 quatuor
2673 922 2863 988 millia,
2902 929 2957 979 et
2986 932 3121 993 quot
3152 932 3368 993 sportas
3395 941 3627 999 accepe-

2027 1010 2193 1066 ritis?
2230 1012 2331 1078 Qui
2374 1012 2435 1067 lit
2480 1022 2542 1067 ut
2584 1027 2691 1067 non
2740 1013 3056 1083 intelligatis
3104 1030 3191 1071 me
3228 1029 3335 1070 non
3385 1020 3451 1071 de
3481 1034 3622 1087 pauc

2027 1103 2230 1159 dixisse
2244 1104 2400 1160 vobis
2425 1104 2559 1160 illud
2579 1145 2593 1170 ,
2614 1113 2675 1160 ut
2695 1105 2964 1161 caveretis
2978 1122 3003 1160 ε
3019 1104 3134 1178 84
3151 1106 3418 1182 fermento
3431 1109 3596 1164 Phari
3612 1139 3628 1152 -

2028 1208 2261 1250 sreorum
2278 1206 2331 1253 et
2358 1196 2784 1253 Sadducazorum
2807 1198 2831 1251 ’ἰ
2854 1197 3011 1253 Tunc
3041 1198 3453 1263 intellexerunt,
3477 1200 3621 1268 quod

2027 1304 2135 1346 non
2153 1290 2407 1361 iussisset
2431 1303 2627 1346 cavere
2651 1304 2681 1343 a
2719 1287 2989 1344 fermento
3008 1289 3187 1359 panis,
3204 1291 3300 1345 sed
3319 1306 3347 1345 a
3372 1293 3621 1347 doctrina

2030 1382 2436 1438 Phariszeorum
2459 1389 2511 1435 et
2535 1380 2985 1441 Sadducaorum.
3021 1398 3039 1431 ι
3064 1379 3461 1436 Existimabam
3480 1382 3625 1451 quod

2031 1475 2134 1529 hoc
2161 1471 2372 1527 diceret
2402 1471 2542 1537 illis,
2575 1480 2632 1525 ut
2661 1470 3003 1526 custodirent
3025 1486 3084 1527 se
3109 1488 3175 1528 ne
3199 1473 3627 1542 coinquinarcn-

2029 1571 2123 1618 tur
2153 1579 2180 1617 a
2210 1562 2348 1618 cibis
2375 1560 2618 1617 Judaicis
2639 1603 2655 1629 ,
2706 1562 2936 1632 ideoque
2971 1561 3336 1631 loquebantur
3376 1564 3522 1619 inter
3566 1580 3626 1621 se

2026 1659 2168 1729 quod
2220 1671 2387 1727 panes
2424 1651 2529 1711 non
2558 1656 2920 1726 accepissent.
2982 1655 3289 1724 Exprobrat
3319 1657 3486 1725 igitur
3518 1655 3626 1712 illis

2026 1750 2167 1820 quod
2193 1759 2301 1804 tam
2331 1750 2532 1819 stupidi
2565 1757 2620 1805 et
2650 1755 2760 1802 tam
2790 1762 2972 1817 parvre
3001 1746 3128 1802 ﬁdei
3157 1756 3344 1802 essent
3370 1765 3383 1800 :
3412 1748 3623 1817 impru-

2026 1842 2216 1898 dentes
2247 1844 2391 1895 enim
2427 1850 2585 1895 erant
2623 1848 2679 1895 et
2702 1839 2937 1909 stupidi,
2981 1840 3125 1909 quod
3157 1854 3262 1894 nou
3294 1840 3617 1909 cogitabant
3702 1892 3707 1893 ,

2027 1949 2194 2005 quam
2217 1934 2406 2005 paucis
2435 1933 2666 2004 panibus
2694 1933 2893 1988 multos
2924 1947 3086 2002 supra
3113 1931 3375 2000 aluisset;
3402 1942 3455 1989 et
3480 1932 3621 2003 quod

2025 2040 2211 2097 paucae
2243 2024 2389 2091 ﬁdei,
2422 2026 2565 2096 quod
2593 2024 2719 2095 quia
2751 2039 2857 2079 non
2884 2033 3134 2078 emerant
3157 2039 3188 2078 a
3215 2022 3423 2079 Judais‘
3454 2038 3622 2093 panes

2025 2116 2336 2173 diliiderent
2388 2118 2564 2186 ipsum
2622 2130 2779 2185 posse
2826 2115 3081 2171 alicunde
3118 2117 3425 2187 acquirere.
3464 2117 3528 2172 Et
3558 2126 3620 2172 ut

2023 2211 2210 2263 acrius
2253 2223 2348 2263 eos
2386 2206 2708 2278 perstrinxit
2745 2211 2876 2277 (non
2918 2206 3062 2261 enim
3108 2206 3309 2277 ubique
3358 2206 3501 2261 bona
3537 2217 3623 2263 est

2024 2301 2431 2375 mansuetudo),
2456 2300 2642 2355 statim
2713 2298 3106 2353 intellexerunt
3128 2298 3269 2365 quod
3297 2298 3622 2355 fermentum

2026 2392 2332 2448 doctrinam
2354 2388 2875 2447 vocasset.1‘antunt
2898 2390 3100 2461 ubique
3116 2391 3263 2447 valet
3284 2390 3622 2449 rationabilis

2023 2482 2347 2555 increpatio.

2097 2575 2267 2630 Vsus.
2302 2575 2388 2631 l3.
2426 2594 2444 2627 ε
2481 2575 2618 2631 Cum
2650 2576 2889 2633 venisset
2924 2586 3106 2632 autem
3137 2575 3299 2633 Jesus
3340 2577 3395 2631 in
3436 2584 3623 2648 partes

2021 2670 2282 2726 Caesarea:
2339 2668 2621 2742 Philippi,
2670 2669 3046 2741 interrogabat
3092 2669 3397 2741 discipulos
3450 2684 3620 2737 suos,

2022 2763 2248 2818 dicens:
2292 2760 2463 2829 Quem
2523 2776 2609 2816 me
2664 2762 2853 2817 dicunt
2904 2762 3153 2819 homines
3210 2777 3367 2825 esse.
3420 2761 3616 2818 Filium

2023 2856 2304 2911 hominis?
2346 2874 2365 2907 ι
2413 2854 2663 2910 Meminit
2704 2854 2823 2925 ejus
2865 2855 2956 2927 qui
3004 2854 3283 2911 civitatem
3333 2854 3618 2923 condidit,

2022 2946 2147 3016 quia
2176 2953 2336 3000 estet
2367 2944 2471 2999 alia
2507 2944 2759 3001 Caesarea
2792 2943 3071 3005 Stratonis
3098 2985 3114 3012 ,
3144 2954 3199 2999 et
3231 2959 3339 3000 non
3384 2946 3439 2999 in
3491 2944 3616 3010 illa,

2020 3038 2115 3094 sed
2162 3038 2215 3091 in
2253 3036 2356 3092 hac
2398 3036 2519 3092 illos
2569 3037 2894 3108 interrogat.
2943 3036 3138 3093 Procul
3168 3036 3314 3092 enim
3359 3051 3388 3090 a
3419 3033 3624 3092 Judaeis

2022 3129 2246 3184 abducit
2296 3128 2613 3199 discipulos,
2666 3140 2726 3184 ut
2782 3128 2990 3184 nullum
3040 3128 3295 3184 timentes
3346 3128 3515 3184 libere
3558 3141 3623 3184 ac

2022 3220 2255 3275 lldenter
2300 3220 2505 3275 dicant.
2544 3220 2788 3275 Primum
2825 3232 3007 3275 autem
3044 3230 3399 3289 percontatur
3436 3220 3622 3278 multi-

319 3308 416 3364 τοῦ
441 3309 680 3381 πλήθους
705 3312 892 3383 ἐρωτᾷ
922 3312 1218 3384 ὑπόληψιν,
1262 3314 1353 3368 ἵνα
1398 3316 1478 3375 είς
1528 3314 1757 3385 μείζονα
1813 3316 1911 3369 ἄν-

2028 3310 2233 3366 tudinis
2268 3312 2601 3381 opinionem,
2646 3321 2706 3366 ttt
2753 3312 2819 3367 ad
2868 3312 3245 3383 sublimiorem
3276 3315 3624 3369 adducantur

327 3403 625 3475 ενεχθῶσιν
650 3404 885 3469 ἔννοιαν,
916 3406 1011 3459 καὶ
1035 3406 1111 3477 μὴ
1129 3407 1210 3469 είς
1234 3406 1333 3475 τὴν
1354 3405 1524 3478 αὐτὴν
1544 3407 1911 3477 ταπεινότητα

2023 3402 2436 3471 cogitationem,
2466 3412 2522 3455 et
2562 3401 2724 3470 nein
2756 3403 3030 3469 eamdem,
3070 3404 3124 3457 iu
3158 3419 3321 3474 quam
3355 3403 3620 3475 plerique,

320 3498 436 3559 τοῖς
470 3494 687 3561 πολλοῖς
716 3498 957 3559 πέσωσιν
978 3514 992 3527 ·
1023 3498 1126 3551 οὐκ
1154 3499 1337 3569 ἐρωτᾷ
1360 3498 1438 3565 δὲ,
1468 3498 1606 3554 Τίνα
1636 3516 1705 3567 με
1722 3499 1914 3568 λόγου·

321 3603 414 3653 σιν
440 3589 492 3641 oi
508 3589 800 3659 Φαρισαῖοι
826 3608 840 3657 ;
866 3589 1005 3656 ἀλλ’,
1033 3591 1097 3645 Oi
1122 3589 1426 3660 ἄνθρωποι,
1457 3590 1699 3662 περὶτοῦ
1721 3588 1911 3646 ἄδόλου

320 3675 570 3749 πλήθους
602 3678 799 3747 λέγων.

398 3789 421 3824 ε
457 3771 518 3824 Οί
547 3769 603 3822 δὲ
630 3764 917 3824 εἷπονολοί
975 3770 1075 3841 μὲν
1124 3772 1382 3843 Ἰωάννην
1431 3771 1524 3837 τὸν
1573 3774 1909 3844 Βαπτιστὴν,

319 3861 474 3917 ἄλλοι
508 3861 566 3915 δὲ
610 3861 831 3914 Ἠλίανο
886 3861 1065 3933 ῑτεροι
1122 3861 1180 3915 δὲ
1217 3862 1580 3934 Ἰερεμίαν,ἢ
1636 3863 1737 3918 ἕνα
1795 3864 1907 3917 τῶν

324 3953 644 4025 προερητῶν.
682 3972 699 4005 ι
739 3953 804 4006 Oi
860 3945 1260 4024 pt‘f'lwdvv'qv
1312 3954 1479 4009 αὐτὸν
1521 3956 1909 4025 ὀνομάζοντες,

317 4039 461 4115 ἦσαν
487 4042 561 4106 ὠς
596 4045 625 4094 ὁ
666 4042 937 4115 Ἡρώδης,
969 4042 1291 4112 νομίζοντες
1340 4045 1433 4098 τὸν
1476 4046 1732 4115 Ἰωάννην
1770 4047 1910 4117 μετὰ

320 4137 419 4207 τὴν
454 4136 757 4190 ἀνάστασιν
792 4135 1072 4190 καὶτοῦτο
1102 4137 1162 4188 τὸ
1186 4139 1439 4208 χάρισμα
1468 4137 1679 4205 λαϐεῖν,
1711 4139 1771 4191 τὸ
1802 4139 1902 4209 τῆς

320 4227 802 4300 θαυματουργίας·
832 4230 881 4282 oi
942 4228 999 4283 δὲ
1042 4230 1263 4295 Ἠλίαν,
1315 4230 1404 4283 διὰ
1458 4230 1517 4283 τὸ
1569 4230 1907 4297 ἐλεγκτικὸν,

319 4320 413 4374 καὶ
447 4320 538 4374 διὰ
564 4321 625 4373 τὸ
650 4319 1058 4391 προσδοκᾶσθαι
1100 4322 1178 4375 ὅτι
1217 4320 1497 4375 ἐλεύσεται
1523 4338 1535 4351 ·
1574 4322 1623 4375 oi
1651 4321 1708 4375 δὲ
1742 4322 1909 4391 Ἱερε-

319 4411 472 4481 μίαν,
514 4410 603 4464 διὰ
623 4412 687 4463 τὸ
720 4410 992 4481 αὐτοφυὲς
1024 4410 1127 4480 τῆς
1186 4410 1365 4477 saepiae;
1410 4412 1508 4464 καὶ
1551 4410 1684 4463 ἄνευ
1734 4411 1910 4480 μαοῇ-

258 4556 261 4563 ,
323 4521 504 4567 σεως·
536 4507 563 4555 ὁ
620 4506 731 4575 γὰρ
773 4492 1067 4575 Ἱερεμίας,
1122 4521 1136 4533 ·
1172 4507 1252 4567 εἰς
1284 4504 1360 4557 ὢν
1417 4505 1497 4567 είς
1566 4503 1907 4574 προφητείαν

312 4596 549 4668 ἐτάχθη.

386 4798 407 4831 ι
452 4778 619 4847 Λέγει
684 4778 868 4842 αὐτοῖς
889 4795 902 4808 ·
941 4778 1134 4847 Ὑμεῖς
1172 4779 1229 4832 δὲ
1253 4778 1473 4849 τίναιμε
1496 4778 1684 4846 λέγετε
1715 4775 1854 4833 εἶναι
1888 4798 1904 4847 ;

309 4869 668 4940 Ἀποκριθεὶς
702 4870 756 4921 δὲ
786 4871 971 4940 Σίμων
991 4871 1221 4941 Πέτρος,
1246 4870 1366 4924 εἷπε
1387 4886 1399 4899 ·
1432 4872 1503 4925 Σὺ
1534 4867 1588 4923 εἴ
1611 4870 1637 4922 ό
1666 4872 1904 4941 Χριστὸς

309 4962 337 5011 ὁ
364 4963 491 5025 Υἱὸς
519 4963 613 5014 τοῦ
647 4961 781 5014 Θεοῦ
812 4963 905 5015 τοῦ
950 4962 1172 5025 ζῶντος.
1210 4982 1227 5013 ι
1262 4963 1373 5015 Καὶ
1405 4962 1565 5015 πάλιν
1583 4962 1659 5025 ὼς
1696 4963 1901 5033 θερμὸς

306 5054 335 5107 ὁ
368 5056 574 5124 Πέτρος
620 5052 900 5125 προπηδᾷ,
956 5054 1051 5107 καὶ
1098 5053 1355 5123 ὁμολογεῖ
1388 5054 1607 5123 ἀληθῶς
1630 5054 1793 5108 αὑτὸν
1822 5051 1902 5108 εἴ·

307 5164 394 5201 ναι
432 5147 523 5199 τὸν
563 5146 691 5197 Υἱόν
723 5145 816 5199 τοῦ
858 5145 1015 5200 Θεοῦ.
1047 5148 1119 5199 Οὐ
1172 5148 1281 5216 γὰρ
1330 5142 1475 5211 εἷπε,
1513 5148 1583 5200 Σὺ
1615 5143 1667 5201 εί
1699 5149 1727 5201 ὁ
1764 5149 1902 5216 Χρι-

306 5237 429 5299 στδς
458 5237 586 5300 Υἱὸς
612 5236 705 5289 τοῦ
741 5236 902 5301 Θεοῦ,
934 5240 1101 5308 χωρὶς
1135 5238 1227 5291 τοῦ
1252 5241 1285 5293 δ
1319 5238 1550 5310 ἄρθρου,
1594 5241 1730 5293 ἀλλὰ
1759 5244 1900 5312 μετὰ

301 5329 397 5383 τοῦ
430 5329 661 5400 ἀρηρου,
709 5332 740 5381 ό
779 5330 936 5393 Υιδς,
970 5332 1273 5395 τουτέστιν,
1306 5331 1468 5394 αὐτὸς
1508 5335 1715 5397 ἐκεῖνος
1758 5336 1786 5388 ὁ
1820 5328 1900 5399 εἷς

303 5422 398 5473 καὶ
430 5422 616 5490 μόνος,
641 5420 701 5471 οὐ
732 5423 917 5489 χᾱριτι
962 5421 1112 5485 Υἱὸς,
1151 5420 1269 5473 ἀλλ’
1313 5424 1341 5474 ὁ
1375 5422 1433 5488 ἐξ
1465 5424 1635 5494 αὐτῆς
1666 5426 1764 5495 τῆς
1803 5427 1896 5478 οὒ-

303 5512 422 5577 σίας
454 5514 548 5564 τοῦ
580 5512 792 5581 Πατρός
823 5512 1133 5582 γεννηθεὶς,
1160 5514 1283 5567 ἐπεὶ
1311 5515 1405 5567 καί⁵
1448 5516 1673 5585 Χριστοὶ
1706 5518 1894 5571 πολλοὶ

297 5599 459 5676 ἦσαν,
486 5606 533 5656 οἱ
568 5606 733 5672 ἱερεῖς
755 5604 957 5668 πάντες
981 5609 1073 5659 καὶ
1100 5606 1148 5657 οί
1176 5606 1435 5676 βασιλεῖς,
1458 5609 1572 5661 ἀλλ’
1601 5612 1629 5663 ὁ
1658 5612 1898 5681 Χριστὸς

299 5696 443 5766 μετὰ
471 5695 565 5748 τοῦ
600 5694 833 5765 ἄρθρου,
864 5690 943 5757 εἷς
976 5698 1146 5752 ἐστιν.

370 5808 389 5840 ε
432 5789 546 5842 Καὶ
568 5787 890 5857 ἀποκριθεὶς
916 5792 943 5842 ὁ
974 5790 1205 5859 Ἰησοῦς,
1234 5787 1387 5844 εἶπεν
1410 5792 1582 5863 αὐτῷ·
1605 5795 1893 5865 Μακάριος

294 5878 359 5948 εἷ,
392 5881 584 5952 Σίμων
612 5881 727 5950 Bap
761 5882 939 5946 Ἰωνὰ,
974 5883 1056 5935 ὅτι
1083 5884 1222 5953 σὰρξ
1263 5886 1361 5937 καὶ
1391 5880 1532 5955 αἷμα
1558 5887 1658 5940 οὑκ
1682 5888 1897 5941 ἀπεκάο

293 5973 427 6046 λυψέ
486 5992 590 6038 τοι,
646 5974 761 6027 ἀλλ’
799 5977 823 6026 ὁ
876 5976 1067 6047 Πατήρ
1102 5994 1203 6047 μου
1235 5980 1261 6031 ὁ
1289 5980 1346 6033 ὲν
1390 5982 1503 6041 τοῖς
1557 5979 1832 6049 οὐρανοῖς.
1872 6000 1888 6033 ι

2018 3496 2217 3551 cadant
2263 3496 2658 3553 humilitatem.
2707 3496 2822 3553 Non
2865 3499 3171 3569 interrogat
3203 3510 3410 3561 autem,
3443 3499 3617 3566 Quem

2016 3602 2105 3643 me
2156 3589 2345 3645 dicunt
2384 3588 2696 3647 Pharisaei?
2728 3591 2857 3658 sed,
2907 3588 3210 3647 Homines:
3265 3594 3333 3646 de
3383 3592 3620 3664 simplici

2016 3678 2362 3736 multitudine
2384 3680 2592 3737 dicens.

2094 3766 2261 3824 Vsus.
2323 3770 2413 3829 id.
2494 3787 2513 3821 ι
2566 3770 2644 3825 Illi
2690 3786 2823 3827 vero
2874 3772 3175 3829 dicebant:
3226 3774 3333 3830 Alii
3392 3776 3614 3847 quidem

2015 3860 2280 3916 Joannem
2331 3861 2673 3931 Baptistam,
2731 3864 2825 3921 alii
2872 3879 3004 3921 vero
3054 3866 3254 3936 Eliam,
3297 3869 3390 3924 alii
3438 3880 3621 3928 autem

2018 3950 2377 4018 Hieremiam,
2409 3963 2507 4009 aut
2535 3969 2701 4008 unum
2734 3970 2802 4010 ex
2831 3958 3137 4027 prophetis.
3176 3978 3196 4011 ι
3227 3959 3329 4026 Qui
3352 3957 3618 4017 Joannem

2015 4040 2168 4097 illum
2211 4044 2594 4112 nominabant,
2635 4057 2793 4102 erant
2839 4062 2906 4103 cx
2944 4050 3029 4105 bis
3069 4052 3160 4122 qui
3226 4067 3350 4107 cum
3400 4053 3615 4113 Herode

2014 4131 2280 4205 pu'tabant
2352 4135 2618 4194 Joannem
2702 4149 2823 4211 post
2911 4145 3371 4201 resurrectionem
3448 4149 3618 4204 etiam

2016 4227 2219 4282 donum
2279 4232 2559 4301 accepisse
2606 4233 2873 4303 operandi
2929 4234 3215 4294 miracula.
3277 4238 3378 4304 Qui
3433 4250 3618 4297 autem

2014 4318 2187 4374 Ellam
2210 4359 2227 4387 ,
2260 4324 2621 4379 movebantur
2643 4340 2708 4381 ex
2736 4340 2803 4383 eo
2832 4327 2976 4399 quod
3012 4329 3214 4385 acriter
3244 4332 3616 4401 reprehende-

2012 4414 2128 4481 bat,
2156 4425 2208 4469 et
2235 4420 2651 4488 exspectabant,
2687 4423 2830 4490 quod
2859 4424 3091 4479 veniret.
3111 4426 3211 4492 Qui
3243 4443 3377 4483 vero
3410 4427 3606 4486 Hiere-

2014 4508 2201 4573 miam,
2242 4509 2353 4572 hoc,
2375 4511 2650 4580 dicebant,
2676 4517 2819 4584 quod
2852 4517 3017 4573 simili
3050 4520 3316 4589 sapientia
3349 4524 3615 4591 praeditus

2013 4612 2182 4670 esset,
2232 4619 2466 4674 quama
2516 4607 2665 4662 nullo
2712 4608 2999 4666 didicerat.
3055 4611 3268 4667 Etenim
3307 4613 3614 4672 Hieremias

1939 4680 1983 4735 θ
2012 4710 2135 4750 cum
2167 4711 2301 4763 puer
2337 4704 2508 4765 esset,
2542 4699 2595 4753 in
2634 4702 2954 4771 prophetam
2985 4714 3303 4774 assumptus
3332 4716 3435 4761 est.

2080 4786 2249 4843 Vsus.
2280 4790 2368 4855 15,
2412 4790 2501 4845 l6:
2540 4811 2557 4843 ι
2595 4792 2739 4855 Dicit
2786 4794 2933 4850 illis:
2972 4794 3077 4850 Vos
3110 4804 3290 4851 autem
3324 4814 3483 4867 quem
3524 4816 3612 4857 me

2010 4880 2191 4936 dicitis
2249 4883 2414 4957 esse?
2476 4879 2833 4954 Respondens
2894 4896 3077 4940 autem
3160 4886 3350 4945 Simon
3416 4891 3611 4948 Petrus

2007 4971 2186 5029 dixit:
2225 4974 2305 5029 Tu
2355 4990 2412 5030 es
2456 4975 2714 5032 Christus
2757 4976 2847 5032 ille
2896 4978 3067 5032 Filius
3128 4980 3224 5036 Dei
3286 4983 3542 5037 viventis.
3584 5003 3603 5036 ι

2006 5064 2209 5121 iterum
2246 5076 2301 5121 ut
2336 5066 2636 5123 ferventior
2669 5068 2866 5125 Petrus
2913 5071 3145 5139 prosilit,
3178 5082 3232 5127 et
3261 5088 3388 5129 vere
3432 5077 3603 5129 conli—

2010 5167 2157 5213 tetur
2182 5158 2360 5228 ipsum
2394 5174 2517 5213 esse
2540 5160 2735 5214 Filium
2769 5161 2886 5216 Dei.
2928 5161 3041 5217 Non
3066 5164 3211 5217 enim
3248 5163 3408 5233 dixit,
3440 5168 3519 5222 Tu
3542 5184 3606 5223 es

2004 5248 2256 5305 Christus
2314 5247 2486 5304 Filius
2547 5250 2685 5315 Dei,
2742 5254 2952 5321 absque
3006 5255 3261 5324 articulo,
3317 5260 3414 5315 sed
3478 5277 3603 5317 cum

2003 5338 2253 5403 articulo,
2308 5339 2399 5393 ille
2429 5337 2627 5401 Filius,
2661 5340 2767 5395 hoc
2803 5352 2910 5407 est,
2947 5342 3038 5398 ille
3066 5343 3201 5413 ipse,
3236 5348 3325 5415 qui
3360 5349 3508 5402 solus
3548 5362 3604 5403 et

2003 5432 2241 5485 unicus:
2292 5448 2398 5487 non
2439 5434 2613 5502 gratia
2665 5433 2858 5498 Filius,
2904 5436 2998 5490 sed
3045 5436 3135 5505 qui
3170 5452 3234 5491 ex
3272 5442 3386 5507 ipsa
3423 5437 3604 5497 intris

2003 5522 2311 5577 substantia
2372 5524 2627 5592 genitus:
2677 5524 2802 5593 quia
2858 5534 2912 5579 et
2962 5526 3113 5581 multi
3146 5526 3353 5583 Christi
3403 5540 3598 5598 erant,

2001 5615 2317 5669 sacerdotes
2355 5626 2411 5670 ct
2452 5630 2605 5687 reges
2632 5631 2858 5683 omnes,
2891 5618 2984 5673 sed
3016 5618 3266 5674 Christus
3300 5636 3422 5676 cum
3457 5623 3595 5677 arti-

2002 5706 2125 5761 culo
2163 5721 2301 5759 unus
2332 5714 2437 5761 est.

2072 5798 2238 5851 Vsus.
2272 5798 2357 5851 i7.
2417 5816 2434 5850 ι
2510 5800 2576 5853 Et
2629 5800 2970 5868 respondens
3022 5800 3226 5867 Iesus,
3288 5805 3426 5859 dixit
3481 5806 3593 5861 illi:

2007 5891 2204 5945 Beatus
2233 5907 2311 5956 es,
2347 5891 2659 5946 Simon'Bur
2683 5890 2839 5959 Jona,
2865 5909 2988 5961 quta
3018 5910 3144 5950 caro
3168 5906 3219 5952 et
3243 5900 3464 5971 sanguis
3491 5917 3596 5955 non

2008 5980 2264 6037 revelat-it
2316 5982 2451 6047 tibi,
2502 5983 2595 6039 scd
2643 5983 2805 6039 Pater
2837 6000 2986 6042 meus
3034 5990 3124 6057 qui
3154 5997 3234 6044 cst
3275 5990 3325 6044 in
3356 5990 3525 6047 caelis.
3570 6010 3585 6041 ι
