4030 6640
333 521 437 587 317

1047 517 1499 581 ENARRATIO
1544 518 1628 581 IN
1668 515 2176 582 EVANGELIUM
2205 508 2600 583 MATTH/El.
2628 544 2696 557 -
2727 521 2890 585 CAP.
2924 520 3084 584 XVI-

3512 521 3620 589 3l8

336 640 534 705 ἄρτους
572 635 683 689 τῶν
731 630 1212 701 πεντακισχιλίων,
1265 622 1363 684 καὶ
1418 630 1617 693 πόσους
1656 629 1901 697 κοφίνους

2026 624 2363 697 lntelligitis,
2398 642 2572 699 neque
2628 630 2888 685 memoria
2956 629 3151 686 tenetis
3200 630 3444 703 quinque
3493 634 3617 693 illos

336 710 595 792 ἱλάσετες
625 724 747 779 οὐδὲ
802 722 1127 789 τοὺς·ἑπτά’
1164 721 1365 792 ἀρτους
1406 721 1515 775 τῶν
1570 738 1919 793 τετρακισχι-

334 819 486 881 λίων,
515 818 610 871 καὶ
662 818 837 881 πόσας
896 814 1167 886 σπυρίδας
1194 813 1419 869 ὲλάδετε
1445 832 1461 880 ς
1496 813 1621 877 Πῶς
1648 813 1710 866 οὐ
1743 815 1916 867 νοεῖτε

331 914 416 968 ὅτι
445 910 511 964 οὐ
545 911 674 982 περὶ
722 909 891 982 ἀρτου
930 904 1084 961 εἷπον
1114 909 1267 978 ὑμῖν,
1322 907 1632 978 Προσέχετε
1680 905 1792 959 ἀπὸ
1815 906 1918 976 τῆς

332 1003 515 1073 ζύμης
543 1002 653 1057 τῶν
684 1000 997 1073 Φαρισαίων
1030 1000 1124 1053 καὶ
1146 997 1556 1065 Σαδδουκαίων;
1584 998 1723 1051 Τότε
1748 995 1917 1067 συνῆ-

332 1111 436 1151 καν
464 1095 550 1147 δτι
576 1092 677 1147 οὐκ
713 1088 837 1145 εῐπε
869 1078 1163 1161 προσέχειν
1194 1091 1303 1144 ἀπὸ
1332 1091 1430 1161 τῆς
1465 1090 1646 1161 ζύμης
1687 1087 1783 1143 τοῦ
1814 1088 1915 1159 ἀρ-

328 1202 449 1248 του,
474 1183 614 1238 ἀλλά
634 1184 744 1237 ἀπὸ
764 1183 863 1254 τῆς
892 1182 1113 1252 διδαχῆς
1140 1182 1251 1236 τῶν
1286 1181 1601 1252 Φαρισαίων
1648 1181 1745 1235 καὶ
1776 1181 1915 1234 Σαδ-

326 1277 620 1331 δουκαίων.
667 1276 953 1347 Ἐνόμιζον
970 1274 1230 1329 δτιτοῦτο
1265 1273 1456 1343 ἔλεγεν
1486 1274 1695 1339 αὐτοῖς,
1726 1273 1789 1328 τδ
1815 1292 1916 1342 φυ-

328 1366 626 1423 λάττεσθαι
660 1367 754 1422 τὸν
780 1370 844 1421 ὲκ
891 1366 1001 1420 τῶν
1046 1364 1359 1420 Ἰουδαϊκῶν
1395 1364 1706 1436 βρωμάτων
1755 1365 1917 1434 μολυ-

328 1460 493 1529 σμδν,
524 1452 605 1513 δῗδ
630 1459 726 1513 καὶ
775 1457 1138 1525 διελογίζοντο
1202 1457 1286 1511 δτι
1323 1454 1655 1527 ἀρτουςηύκ
1684 1456 1877 1510 ἔλαῦον
1898 1472 1912 1488 ο

325 1550 583 1616 ὀνειδίζει
612 1546 705 1605 οῦν
733 1548 919 1613 αὐτοῖς
966 1549 1043 1614 ὡς
1091 1549 1342 1619 ἀνοήτοις
1372 1549 1466 1602 καὶ
1523 1548 1913 1617 ὀλιγοπίστοις.

327 1641 472 1697 Καθ’
495 1642 525 1696 δ
558 1624 799 1714 μιν⁶γὰρ
832 1642 933 1696 οὐκ
971 1640 1327 1712 ιμνήσθησαν
1366 1640 1558 1705 πόσοις
1586 1642 1775 1712 ἄρτοις
1814 1643 1914 1695 πό-

326 1750 460 1798 σους
482 1732 731 1803 ἔθρεψεν,
754 1732 993 1802 ἀνόητον
1037 1732 1160 1786 καθ’
1198 1732 1228 1785 ὃ
1250 1731 1307 1785 δι
1340 1732 1675 1803 ἠπίστησαν,
1701 1734 1785 1787 ὅτι
1812 1734 1915 1787 κᾶν

329 1824 419 1895 μὴν
440 1823 724 1894 ἠγόρασαν
768 1822 969 1893 ἄρτους
1030 1822 1089 1888 ἐξ
1136 1822 1445 1897 Ἰουδαίων,
1495 1823 1731 1893 ἠδύνατο
1773 1842 1915 1897 παρ-

328 1918 563 1985 αγαγεῖν
590 1916 774 1981 αὐτὸς,
799 1916 940 1971 κατὰ
961 1916 1120 1970 τοῦτο
1152 1915 1489 1986 ὀλιγόπιστοι
1510 1932 1526 1948 ’
1556 1916 1632 1980 ὼς
1661 1917 1718 1971 δὲ
1735 1917 1914 1971 ἐπετί-

326 2024 505 2080 μησεν
535 2008 721 2073 αὐτοῖς
751 2009 1135 2079 σφοδρότερον,
1156 2009 1217 2063 οὐ
1242 2010 1355 2079 γὰρ
1374 2006 1706 2079 πανταχοῦή
1735 2010 1911 2081 πραό-

319 2117 423 2170 της
454 2099 645 2165 καλὸν,
674 2101 879 2164 εὐθέως
904 2101 1149 2170 συνῆκαν
1168 2102 1250 2155 ὅτι
1297 2099 1480 2171 ζύμην
1508 2100 1608 2171 τὴν
1652 2100 1911 2155 διδασκα-

242 2176 257 2181 ﬂ
322 2192 449 2247 λίαν
480 2192 731 2247 ἐκάλεσε.
765 2190 1035 2247 Τοσοῦτον
1086 2192 1261 2264 ἰσχύει
1310 2191 1592 2264 πανταχοῦ
1625 2192 1911 2263 liable-{0;

319 2285 669 2356 ἐπιτίμησις.
776 2290 779 2293 ’

414 2575 434 2609 ε
458 2556 664 2614 Ἐλθὼν
689 2558 747 2613 δὶ
852 2558 1061 2631 Ἰησοῦς
1091 2561 1169 2625 είς
1195 2560 1264 2615 τὰ
1283 2562 1426 2635 μέρη
1444 2564 1789 2635 Καισαρείας
1810 2564 1912 2634 τῆς

314 2652 611 2716 Φιλίππου,
649 2651 839 2724 ήρώτα
864 2652 993 2715 τοὺς
1024 2653 1277 2725 μαθητὰς
1306 2654 1499 2719 αὐτοῦ,
1528 2654 1740 2725 λέγων’
1772 2657 1906 2710 Τίνα

319 2760 389 2815 με
417 2743 674 2811 λέγουσιν
698 2746 747 2798 oi
778 2742 1059 2816 ἄνθρωποι
1089 2742 1251 2810 εἶναι,
1286 2747 1379 2800 τὸν
1403 2747 1533 2801 Υίδν
1561 2747 1656 2801 τοῦ
1691 2748 1791 2802 ἀνθ
1802 2748 1909 2818 ρώ-

313 2849 462 2902 που;
504 2853 523 2887 ι
558 2834 840 2906 Ἐμνήσθη
896 2836 991 2888 τοῦ
1038 2836 1324 2901 κτίσαντος
1358 2838 1459 2910 τήν
1507 2840 1682 2906 πόλιν,
1718 2841 1905 2913 ἐπειδή

310 2927 431 2979 ἐστι
464 2928 561 2981 καὶ
582 2926 719 2997 ἄλλη
772 2927 1099 2999 Καισάρεια,
1132 2930 1165 3000 ή
1206 2930 1548 3001 Στράτωνος.
1590 2934 1685 2985 καὶ
1715 2932 1816 2985 οὐκ
1846 2934 1905 2987 ὲν

310 3016 527 3089 ὲκείνῃ,
586 3016 703 3071 ἀλλ’
732 3019 793 3071 ὲν
820 3017 994 3089 ταύτῃ
1051 3019 1251 3083 αὐτοὺς
1297 3020 1502 3092 ιρωτᾷ.
1546 3022 1746 3093 Πόρῤω
1794 3023 1905 3095 γάρ

308 3106 422 3159 τῶν
457 3106 732 3161 Ἰουδαίων
759 3109 967 3177 ἀπάγει
1025 3110 1153 3173 τοὺς
1188 3109 1466 3181 μαθητὰς,
1488 3111 1567 3176 ὡς
1598 3112 1663 3167 ἂν
1700 3113 1906 3184 μηδένα

307 3196 660 3268 φοϐούμενοι,
704 3198 843 3269 μετά
873 3195 1185 3274 παρρησίας
1214 3202 1432 3256 εἴπωσι.
1462 3203 1689 3273 Πρῶτον
1716 3204 1772 3258 δὲ
1799 3205 1899 3275 τὴν

1940 1968 1989 2028 Β

2022 732 2213 787 panes,
2253 734 2376 775 cum
2409 719 2657 776 homines
2688 731 2874 777 essent
2902 723 3143 793 quinque
3173 724 3363 791 millia,
3399 735 3453 782 et
3481 739 3619 797 quot

2019 811 2285 881 cephinos
2317 812 2687 869 sustuleritisi
2741 829 2916 884 neque
2969 824 3175 885 septem
3241 817 3362 873 illos
3420 833 3614 889 panes,

2020 916 2146 956 cum
2179 914 2363 959 essent
2393 913 2630 975 quatuor
2665 904 2854 970 millia,
2894 912 2949 961 et
2978 915 3113 976 quot
3144 916 3361 976 sportas
3387 924 3619 981 accepe-

2018 992 2186 1048 ritis?
2222 993 2323 1060 Qui
2366 994 2428 1050 iit
2472 1004 2534 1049 ut
2576 1009 2684 1049 non
2733 995 3047 1066 intelligatis
3095 1013 3183 1053 me
3220 1012 3327 1053 non
3377 1002 3445 1054 de
3474 1017 3614 1070 pauc

2019 1084 2223 1141 dixisse
2236 1086 2391 1143 vobis
2416 1086 2550 1142 illud
2570 1126 2585 1152 ,
2606 1095 2666 1143 ut
2686 1088 2955 1143 caveretis
2969 1104 2995 1143 a
3010 1087 3125 1161 86
3144 1088 3411 1164 fermento
3424 1092 3589 1147 Phari
3605 1122 3620 1135 -

2019 1190 2253 1232 amorum
2270 1188 2324 1234 et
2350 1179 2775 1235 Sadducatorum
2800 1180 2823 1234 ?
2846 1178 3002 1235 Tunc
3032 1181 3445 1246 intellexerunt,
3470 1183 3613 1251 quod

2018 1286 2127 1327 non
2145 1272 2399 1343 jussisset
2423 1286 2618 1328 cavere
2642 1286 2672 1325 a
2711 1269 2980 1326 fermento
3000 1272 3179 1341 panis,
3196 1273 3292 1327 sed
3311 1288 3341 1327 a
3365 1276 3613 1330 doctrina

2023 1364 2427 1420 Pharismorum
2450 1372 2502 1417 et
2526 1361 2977 1421 Sadducaorum.
3013 1380 3031 1414 ι
3055 1362 3454 1418 Existimabam
3473 1365 3617 1434 quod

2023 1456 2126 1511 hoc
2152 1453 2364 1509 diceret
2393 1453 2534 1519 illis,
2566 1461 2623 1507 ut
2653 1452 2995 1509 custodirent
3016 1451 3076 1509 se
3101 1470 3167 1510 ne
3191 1455 3619 1525 coinquinarcn-

2021 1553 2114 1600 tur
2144 1560 2172 1598 a
2202 1543 2339 1599 cibis
2366 1542 2609 1599 Judaicis
2630 1585 2645 1611 ,
2698 1544 2927 1615 ideoque
2962 1543 3329 1614 loquebantur
3368 1546 3515 1602 inter
3558 1564 3618 1603 sc

2017 1640 2160 1710 quod
2211 1653 2378 1708 panes
2415 1633 2520 1693 non
2550 1637 2911 1707 accepissent.
2973 1637 3282 1706 Exprohrat
3312 1639 3478 1708 igitur
3510 1638 3618 1695 illis

2017 1731 2158 1801 quod
2185 1740 2292 1785 tam
2322 1731 2524 1801 stupidi
2556 1739 2611 1786 et
2642 1737 2750 1784 tam
2781 1744 2963 1799 parvae
2992 1729 3120 1785 fidei
3148 1739 3336 1785 essent
3362 1748 3375 1783 :
3405 1731 3615 1800 impru-

2018 1823 2209 1878 dentes
2238 1826 2382 1877 enim
2418 1831 2575 1877 erant
2615 1830 2671 1877 et
2692 1822 2892 1891 stupidi
2914 1862 2928 1887 ,
2972 1822 3117 1892 quod
3149 1837 3255 1877 non
3286 1823 3609 1892 cogitabant

2018 1931 2185 1986 quam
2207 1916 2397 1987 paucis
2426 1915 2657 1986 panibus
2686 1915 2884 1970 multos
2915 1929 3078 1985 supra
3105 1914 3367 1983 aluisset;
3394 1924 3447 1972 et
3472 1915 3613 1986 quod

2016 2022 2203 2078 pauca:
2233 2006 2379 2073 fidei,
2413 2007 2556 2078 quod
2584 2007 2710 2078 quia
2742 2021 2848 2061 non
2876 2016 3126 2061 emerant
3149 2022 3179 2061 a
3207 2005 3415 2062 Judteis
3446 2022 3614 2076 panes

2016 2097 2327 2155 difﬁderent
2379 2100 2555 2168 ipsum
2612 2112 2769 2167 posse
2817 2097 3072 2154 alicunde
3109 2099 3416 2170 acquirere.
3455 2100 3520 2155 Et
3551 2110 3612 2155 ut

2014 2193 2201 2245 acrius
2244 2205 2338 2245 eos
2377 2188 2699 2260 perstrinxit
2736 2193 2867 2259 (non
2909 2189 3054 2244 enim
3099 2189 3301 2260 ubique
3350 2189 3492 2245 bona
3529 2201 3615 2247 est

2015 2283 2422 2354 mansuetudo),
2447 2281 2633 2338 statim
2704 2281 3097 2336 intellexerunt
3119 2281 3261 2349 quod
3288 2281 3614 2338 fermentum

2017 2356 2323 2430 doctrinam
2346 2370 2866 2430 vocasset.Tantum
2888 2373 3091 2444 ubique
3107 2374 3254 2430 valet
3276 2372 3614 2431 rationabilis

2014 2468 2337 2537 increpatio.

2087 2556 2258 2613 Vnus.
2293 2558 2379 2613 15.
2416 2576 2435 2609 ι
2471 2557 2609 2613 Cum
2640 2558 2879 2615 venisset
2915 2568 3097 2615 autem
3128 2558 3289 2615 Jesus
3331 2560 3386 2614 in
3427 2567 3615 2631 partes

2011 2651 2273 2707 Caesarea:
2330 2650 2611 2724 Philippi,
2661 2651 3037 2723 interrogabat
3084 2650 3387 2723 discipulos
3441 2667 3611 2719 suos,

2012 2744 2239 2799 dicens:
2282 2742 2454 2810 Quem
2514 2758 2600 2798 me
2654 2744 2843 2799 dicunt
2895 2744 3143 2801 homines
3200 2759 3358 2807 esse.
3410 2743 3607 2801 Filium

2013 2837 2295 2893 hominis?
2338 2855 2356 2888 ι
2404 2836 2652 2892 Meminit
2694 2836 2813 2907 ejus
2856 2837 2946 2908 qui
2994 2837 3275 2893 civitatem
3324 2837 3610 2905 condidit,

2012 2926 2138 2997 quia
2167 2934 2327 2981 estet
2358 2925 2462 2981 alia
2498 2926 2749 2983 Caesarea
2782 2926 3061 2988 Stratonis
3088 2967 3104 2994 ,
3135 2936 3190 2981 et
3222 2942 3330 2982 non
3375 2928 3430 2982 in
3482 2927 3607 2993 illa,

2010 3020 2106 3075 sed
2152 3019 2206 3073 in
2244 3018 2347 3074 hac
2388 3017 2510 3074 illos
2560 3018 3128 3090 interrogat.'Procul
3159 3018 3306 3075 enim
3350 3034 3379 3072 a
3410 3016 3615 3075 Judaeis

2012 3110 2237 3165 abducit
2287 3110 2604 3181 discipulos,
2656 3122 2717 3166 ut
2772 3110 2980 3167 nullum
3030 3111 3286 3166 timentes
3337 3110 3506 3167 libere
3548 3124 3614 3167 ac

2013 3201 2246 3256 ﬁdenter
2290 3202 2495 3257 dicant.
2534 3202 2778 3257 Primum
2815 3214 2997 3257 autem
3034 3213 3390 3272 percontatur
3428 3202 3613 3261 multi-

306 3289 405 3345 τοῦ
430 3290 670 3362 πλήθους
695 3292 881 3364 ἐρωτᾷ
911 3292 1208 3364 ὑπόληψιν,
1252 3294 1342 3349 ῐνα
1387 3296 1469 3356 είς
1518 3294 1747 3366 μείζονα
1803 3297 1901 3350 ἀν-

2018 3292 2223 3347 tudinis
2258 3294 2591 3362 opinionem,
2636 3303 2695 3348 ut
2743 3295 2810 3349 ad
2858 3295 3235 3367 sublimiorem
3266 3298 3615 3352 adducantur

313 3384 615 3456 ενεχθῶσιν
641 3385 874 3450 ἔννοιαν,
905 3387 1001 3440 καὶ
1025 3386 1100 3457 μὴ
1119 3387 1200 3449 είς
1224 3386 1323 3457 τὴν
1344 3386 1514 3459 αὐτὴν
1533 3388 1901 3458 ταπεινότητι

2013 3382 2426 3452 cogitationem,
2456 3393 2512 3436 et
2553 3383 2714 3452 negin
2746 3385 3021 3452 eamdem,
3060 3387 3114 3441 in
3148 3402 3311 3457 quam
3345 3386 3611 3457 plerique,

305 3479 424 3540 τοῖς
458 3475 677 3541 πολλοῖς
706 3479 947 3541 πέσωσιν
968 3494 981 3508 ⁸
1012 3479 1115 3532 οὐκ
1144 3480 1327 3549 ἐρωτᾷ
1350 3479 1428 3545 δὲ,
1456 3479 1596 3535 Τίνα
1625 3497 1694 3549 με
1712 3479 1903 3549 λέγου-

306 3584 402 3634 σιν
428 3569 481 3621 oi
497 3570 790 3640 Φαρισαῖοι
815 3589 830 3637 ;
856 3570 994 3636 ἀλλ’,
1022 3572 1086 3625 Οἱ
1111 3569 1416 3640 ἄνθρωποι,
1447 3572 1577 3643 περὶ
1593 3571 1688 3626 τοῦ
1702 3570 1902 3627 ἀδόλου

305 3656 559 3731 πλήθους
592 3659 789 3728 λέγων.

386 3769 409 3805 ε
445 3752 507 3804 Οί
537 3751 592 3803 δὲ
618 3745 809 3804 εἷπον*
844 3752 907 3805 0i
964 3751 1064 3822 μὲν
1114 3753 1371 3825 Ἰωάννην
1420 3752 1514 3819 τὸν
1562 3755 1898 3826 Βαπτιστην,

304 3841 463 3898 ἄλλοι
496 3841 556 3896 δὶ
599 3841 821 3896 Ἠλίανυ
875 3842 1054 3914 ἕτεροι
1112 3842 1169 3896 δὲ
1206 3843 1569 3916 Ἰερεμίαν,ἢ
1626 3845 1726 3899 ἕνα
1784 3845 1895 3899 τῶν

308 3934 634 4006 προφητῶν.
672 3954 689 3986 ι
728 3934 794 3987 Οί
849 3926 1249 4005 μὲνιἸωάννην
1301 3935 1467 3990 αὐτὸν
1509 3937 1898 4007 ὀνομάζοντες,

302 4020 450 4097 ἦσαν
475 4024 549 4087 ὡς
585 4026 614 4075 6
656 4023 925 4095 Ἡρώδης,
960 4024 1280 4093 νομίζοντες
1328 4028 1421 4079 τὸν
1465 4028 1721 4097 Ἰωάννην
1758 4028 1899 4098 μετά

304 4118 407 4188 τὴν
443 4116 747 4171 ἀνάστασιν
780 4116 1060 4171 καὶτοῦτο
1091 4118 1150 4169 τὸ
1175 4120 1428 4189 χάρισμα
1457 4120 1667 4185 λαδεϊν,
1700 4121 1760 4171 τὸ
1790 4121 1891 4191 τῆς

305 4208 870 4281 θαυματουργίαςόί
928 4205 987 4263 δὲ
1031 4211 1251 4276 Ἠλίαν,
1304 4211 1393 4265 διὰ
1446 4212 1506 4264 τὸ
1556 4212 1895 4279 ἐλεγκτικὸν,

304 4302 401 4355 καὶ
436 4302 526 4355 διὰ
553 4302 613 4354 τὸ
638 4300 1047 4373 προσδοκᾶσθαι
1089 4302 1167 4355 ὅτ’
1206 4302 1524 4356 ἐλεύσεται·
1562 4303 1611 4356 oi
1640 4302 1696 4355 δὲ
1730 4302 1898 4373 Ἱερε-

305 4392 460 4461 μίαν,
503 4391 591 4445 δ.ὀι
612 4392 675 4443 τὸ
708 4391 981 4461 αὐτοφυὲς
1012 4390 1115 4461 τῆς
1174 4391 1354 4459 rogata;
1400 4393 1496 4445 καὶ
1540 4391 1672 4444 ἄνευ
1722 4392 1898 4461 μαθή-

248 4536 251 4541 .
308 4501 450 4547 σεως
478 4502 493 4515 ·
525 4488 553 4535 6
609 4488 719 4556 γὰρ
762 4483 1056 4557 Ἱερεμίας,
1110 4502 1124 4513 ί
1161 4488 1241 4548 λῖς
1272 4485 1348 4537 ὢν
1405 4486 1485 4548 είς
1555 4484 1896 4556 προφητείαν

299 4578 538 4648 ἐτάχθη.

374 4779 394 4811 ι
440 4760 608 4826 Λέγει
673 4758 890 4823 αὐτοῖς*
930 4759 1123 4828 Ὑμεῖς
1161 4760 1217 4813 δὲ
1241 4759 1365 4814 τίνα
1396 4777 1461 4830 με
1484 4760 1672 4828 λέγετε
1703 4757 1842 4815 εἶναι
1876 4779 1892 4828 ;

295 4849 657 4921 Ἀποκριθεὶς
690 4850 745 4902 δὲ
774 4851 959 4920 Σίμων
980 4852 1209 4923 Πέτρος,
1234 4851 1353 4905 εἶπε
1376 4867 1388 4881 ⁸
1420 4854 1491 4907 Σὺ
1522 4849 1576 4905 εἴ
1598 4853 1625 4904 6
1654 4854 1892 4923 Χριστὸς

295 4942 323 4992 6
350 4943 480 5005 Υἱὸς
508 4943 603 4995 τοῦ
635 4941 770 4995 Θεοῦ
800 4943 893 4995 τοῦ
938 4942 1160 5006 ζῶντος.
1198 4963 1215 4993 ι
1251 4945 1361 4997 Καὶ
1393 4945 1553 4997 πάλιν
1571 4944 1647 5007 ὠς
1684 4945 1889 5015 θερμὸς

292 5036 321 5087 6
354 5036 563 5105 Πέτρος
610 5034 888 5105 προπηδᾷ,
944 5035 1039 5087 καὶ
1087 5034 1343 5105 ὁμολογεῖ
1376 5035 1594 5105 ἀληθῶς
1618 5037 1781 5091 αὐτὸν
1809 5034 1889 5090 εἴ·

293 5145 380 5181 ναι
420 5128 513 5179 τὸν
554 5127 679 5178 Υίὸν
711 5126 805 5180 τοῦ
846 5126 1002 5181 Θεοῦ.
1034 5128 1108 5181 Ub
1161 5129 1269 5197 γὰρ
1319 5124 1464 5191 εἷπε,
1501 5130 1572 5182 Σὺ
1603 5126 1653 5183 εί
1687 5131 1714 5183 6
1752 5131 1888 5199 Χρι-

293 5218 417 5281 στὸς
450 5218 575 5280 Υἱὸς
601 5217 694 5270 τοῦ
730 5216 890 5282 Θεοῦ,
922 5220 1089 5289 χωρὶς
1124 5219 1216 5272 τοῦ
1241 5222 1273 5274 ὀ
1308 5220 1539 5291 ἄρθρου,
1582 5223 1717 5275 ἀλλὰ
1746 5226 1887 5294 μετά

289 5310 384 5362 τοῦ
419 5308 649 5380 ἄρθρου,
698 5313 728 5362 ό
768 5310 925 5375 Υιὸς,
959 5312 1261 5377 τουτέστιν,
1294 5312 1456 5376 αὐτὸς
1498 5316 1703 5377 ἐκεῖνος
1746 5318 1774 5369 6
1807 5311 1887 5381 εἷς

292 5403 387 5454 καὶ
421 5402 605 5471 μόνος,
629 5401 689 5453 οὐ
720 5403 905 5470 χαριτι
950 5401 1101 5466 Υἱὸς,
1139 5401 1257 5454 ἀλλ’
1302 5405 1329 5455 6
1363 5402 1422 5469 ἐξ
1454 5406 1623 5475 αὐτῆς
1654 5407 1752 5475 τῆς
1791 5408 1884 5460 οὐ·

292 5493 412 5557 σίας
445 5493 538 5544 τοῦ
569 5493 781 5561 Πατρος
812 5492 1121 5563 γεννηθεὶς,
1149 5495 1271 5547 ἐπεὶ⁵
1300 5496 1394 5547 καὶ
1436 5497 1661 5565 Χριστοὶ
1694 5498 1881 5552 πολλοὶ

288 5578 451 5655 ἦσαν,
477 5586 523 5636 οἱ
558 5586 721 5651 ἱερεῖς
744 5585 945 5648 πάντες
969 5589 1063 5639 καὶ
1089 5586 1137 5637 οἱ
1164 5586 1424 5656 βασιλεῖς,
1446 5590 1560 5642 ἀλλ’
1590 5593 1617 5643 6
1646 5592 1885 5662 Χριστὸς

291 5675 434 5744 μετὰ
463 5675 554 5727 τοῦ
589 5674 823 5744 ἄρθρου,
853 5669 932 5737 εἷς
964 5678 1135 5731 ἐστιν.

362 5787 379 5819 ι
424 5768 535 5821 Καὶ
556 5766 879 5836 ἀποκριθεὶς
905 5771 932 5821 ὁ
964 5770 1193 5838 Ἰησοῦς,
1222 5767 1375 5824 εἶπεν
1399 5771 1571 5844 αὐτῷ’
1593 5774 1881 5844 Μακάριος

289 5855 353 5925 εἴ,
385 5860 572 5931 Σίμων
600 5860 716 5929 Βὰρ
751 5860 928 5925 Ἰωνᾶ,
964 5862 1044 5915 ὅτι
1072 5862 1211 5932 σὰρξ
1252 5864 1350 5917 καὶ
1380 5860 1519 5935 αἷμα
1547 5866 1646 5920 οὐκ
1670 5868 1885 5922 ἀπεκάο

290 5950 422 6025 λυψέ
476 5971 576 6017 τοι,
633 5953 751 6007 ἀλλ’
790 5956 811 6005 ὁ
866 5955 1056 6026 Πατήρ
1091 5973 1192 6026 μου
1224 5959 1250 6011 6
1278 5958 1334 6011 ὲν
1378 5961 1491 6021 τοῖς
1546 5959 1819 6029 οὐρανοῖς.
1861 5982 1876 6014 ι

2008 3477 2207 3533 cadant
2254 3478 2648 3535 humilitatem:
2697 3479 2812 3535 Non
2855 3481 3161 3552 interrogat
3193 3494 3400 3544 autem,
3434 3481 3607 3549 Quem

2006 3584 2095 3624 me
2146 3570 2335 3626 dicunt
2373 3570 2686 3628 Pharisaei?
2719 3573 2847 3640 sed,
2898 3571 3201 3630 Homines:
3255 3577 3323 3629 de
3372 3575 3611 3647 simplici

2006 3660 2352 3718 multitudine
2374 3662 2583 3718 dicens.

2083 3748 2251 3805 Vens.
2312 3752 2403 3810 Μ.
2484 3769 2503 3803 ι
2557 3751 2635 3807 illi
2681 3768 2813 3809 vero
2863 3755 3165 3811 dicebant:
3215 3757 3323 3813 Alii
3382 3759 3605 3831 quidem

2004 3842 2270 3897 Joannem
2320 3842 2664 3913 Baptistam,
2722 3845 2815 3902 alii
2861 3861 2994 3903 vero
3044 3848 3243 3919 Etiam,
3287 3851 3379 3907 alii
3428 3863 3611 3910 autem

2006 3931 2367 4000 Hieremiam,
2399 3945 2497 3990 aut
2525 3951 2692 3990 unum
2724 3952 2793 3991 ex
2822 3939 3127 4009 prophetis.
3166 3960 3185 3993 ι
3217 3941 3318 4008 Qui
3342 3940 3609 3999 Joannem

2004 4022 2157 4079 illum
2201 4025 2583 4094 nominabant,
2625 4038 2784 4083 erant
2829 4044 2895 4084 ex
2934 4032 3019 4087 his
3058 4033 3150 4103 qui
3216 4048 3340 4090 cum
3390 4035 3604 4096 Herode

2002 4113 2269 4187 pu'tabant
2341 4117 2609 4175 Joannem
2692 4131 2813 4193 post
2900 4127 3361 4183 resurrectionem
3438 4132 3608 4187 etiam

2004 4209 2209 4264 donum
2268 4213 2549 4282 accepisse
2596 4214 2863 4284 operandi
2918 4216 3205 4276 miracula.
3267 4220 3368 4286 Qui
3423 4232 3607 4279 autem

2002 4299 2176 4356 Ellam
2199 4340 2216 4368 ,
2248 4305 2611 4360 movebantur
2632 4322 2697 4363 ex
2725 4322 2792 4364 eo
2821 4309 2965 4381 quod
3001 4311 3204 4367 acriter
3234 4314 3605 4383 reprehende-

2000 4395 2116 4463 bat,
2144 4407 2196 4451 et
2223 4401 2641 4469 exspectabant,
2676 4404 2820 4471 quod
2848 4406 3200 4475 veniret.Qui
3233 4425 3366 4466 vero
3400 4409 3595 4467 Hiere-

2003 4489 2190 4555 miatu,
2230 4490 2343 4554 hoc
2364 4492 2639 4561 dicebant,
2666 4498 2809 4565 quod
2841 4498 3007 4554 simili
3040 4502 3306 4571 sapientia
3339 4507 3603 4573 praeditus

2002 4594 2170 4651 esset,
2220 4601 2455 4655 quama
2506 4588 2654 4643 nullo
2702 4590 2988 4647 didicerat.
3044 4592 3258 4649 Etenim
3297 4595 3603 4654 iiieremias

1927 4661 1971 4717 D
2000 4692 2124 4731 cum
2155 4692 2289 4745 puer
2325 4686 2497 4747 esset,
2532 4679 2583 4734 in
2622 4684 2944 4752 prophetam
2974 4697 3292 4755 assumptus
3322 4698 3425 4743 est.

2069 4767 2237 4824 Vens.
2268 4771 2356 4835 15,
2399 4771 2489 4827 l6:
2529 4792 2546 4824 ι
2583 4774 2729 4828 Dicit
2774 4776 2923 4831 illis:
2962 4776 3067 4832 Vos
3101 4786 3280 4833 autem
3314 4795 3473 4849 quem
3513 4798 3602 4840 me

1997 4861 2180 4917 dicitis
2238 4864 2402 4939 esse?
2464 4860 2822 4936 Respondens
2883 4877 3067 4922 autem
3150 4869 3340 4927 Simon
3406 4872 3600 4929 Petrus

1995 4952 2174 5009 dixit:
2213 4954 2293 5010 Tu
2343 4972 2400 5011 es
2444 4957 2703 5014 Christus
2746 4958 2836 5014 ille
2884 4960 3057 5015 Filius
3118 4961 3214 5019 Dei
3276 4964 3531 5019 viventis.
3573 4985 3593 5019 ι

1994 5045 2198 5102 lterum
2233 5058 2289 5102 ut
2324 5047 2625 5105 ferventior
2658 5050 2855 5106 Petrus
2902 5053 3134 5121 prosilit,
3168 5064 3222 5110 et
3251 5070 3377 5111 vere
3420 5059 3593 5113 conli-

1997 5150 2145 5196 tetur
2170 5140 2348 5210 ipsum
2382 5157 2504 5196 esse
2528 5142 2725 5197 Filium
2758 5143 2875 5199 Dei.
2917 5144 3030 5199 Non
3055 5146 3201 5200 enim
3237 5146 3397 5215 dixit,
3430 5150 3508 5203 Tu
3532 5166 3596 5206 es

1991 5230 2244 5287 Christus
2301 5229 2474 5287 Filius
2536 5234 2674 5299 Dei,
2731 5236 2941 5305 absque
2995 5238 3250 5307 articulo,
3306 5242 3403 5296 sed
3467 5259 3593 5298 cum

1989 5321 2240 5384 articulo,
2296 5321 2387 5375 ille
2419 5320 2615 5385 Filius,
2649 5323 2757 5378 hoc
2792 5334 2899 5390 est,
2936 5325 3027 5381 ille
3055 5326 3189 5397 ipse,
3224 5331 3314 5399 qui
3348 5331 3497 5384 solus
3538 5342 3594 5385 et

1989 5415 2228 5468 unicus:
2279 5430 2386 5469 non
2427 5418 2603 5484 gratia
2654 5416 2847 5481 Filius,
2893 5420 2988 5473 sed
3034 5420 3124 5488 qui
3158 5436 3222 5475 ex
3260 5424 3373 5490 ipsa
3411 5419 3593 5479 latris

1990 5504 2299 5559 substantia
2359 5507 2616 5575 genitus:
2666 5507 2791 5575 quia
2848 5517 2901 5562 et
2952 5508 3102 5563 multi
3134 5509 3341 5566 Christi
3392 5524 3586 5581 erant,

1987 5597 2305 5651 sacerdotes
2343 5608 2398 5652 ct
2440 5613 2594 5670 reges
2621 5614 2847 5665 omnes,
2879 5600 2973 5655 sed
3005 5601 3253 5656 Christus
3289 5619 3411 5659 cum
3445 5606 3582 5659 arti-

1988 5687 2111 5741 culo
2150 5702 2289 5741 unus
2320 5697 2425 5743 est.

2060 5779 2225 5833 Vens.
2260 5780 2345 5833 i7.
2406 5798 2422 5831 ι
2498 5782 2564 5835 Et
2617 5783 2958 5850 respondens
3011 5782 3215 5848 Jesus,
3276 5786 3415 5840 dixit
3469 5787 3581 5840 illi:

1994 5871 2192 5926 Beatus
2221 5888 2301 5939 cs,
2336 5872 2647 5927 Slmon-Bar
2672 5872 2828 5939 Jona,
2854 5890 2976 5943 quia
3006 5892 3133 5931 caro
3158 5886 3207 5932 et
3232 5881 3452 5951 sanguis
3479 5896 3584 5934 nntt

1995 5962 2253 6019 revelant
2306 5964 2441 6028 tibi,
2491 5964 2585 6018 scd
2632 5964 2792 6019 Pater
2826 5981 2974 6022 meus
3022 5969 3112 6037 qui
3143 5976 3223 6023 est
3264 5969 3314 6023 in
3344 5971 3513 6026 cmlis.
3558 5988 3571 6019 ι
