4030 6622
323 606 421 669 921

363 606 421 667 21
1030 597 1480 663 ENARRATIO
1520 597 1600 657 IN
1648 593 2155 655 EVANGELIUM
2184 590 2581 654 MATTHXEI.
2614 614 2680 623 -
2722 588 2885 648 CAP.
2930 585 3088 647 XVI.

3492 578 3599 642 323

400 738 417 769 ι
450 719 585 772 Τότε
603 713 931 771 διεστείλατο
946 715 1058 773 τοῖς
1082 710 1350 781 μαθηταῖς
1382 704 1549 761 αὑτοῦ
1583 706 1669 760 ῖνα
1706 703 1902 777 μηδενὶ

2080 703 2249 758 Vens.
2280 701 2371 757 20.
2436 720 2455 755 ι
2511 701 2667 756 Tunc
2702 697 2871 754 edixit
2926 692 3203 764 discipulis
3244 692 3361 748 suis
3397 708 3463 748 ne
3506 697 3597 751 cui

323 813 554 864 εἴπωσιν
594 809 674 861 ὃτι
707 803 870 867 αὐτός
919 804 1068 855 ἐστιν
1116 805 1144 856 6
1188 802 1444 872 Χριστός.
1486 820 1504 853 ι
1558 798 1843 853 Ἐϐούλετο
1874 798 1905 850 6

324 902 583 973 Χριστὸς,
608 898 714 968 πρὸ
738 896 835 948 τοῦ
882 894 1114 965 σταυροῦ
1165 893 1557 956 συσκιὼζεσθαι
1616 890 1717 963 τὴν
1778 890 1905 959 περὶ

323 993 492 1045 αὑτοῦ
544 990 721 1053 δόξαν.
757 988 820 1040 Ei
847 988 955 1056 γάρ
1012 987 1251 1055 ἤκουσαν
1274 988 1322 1039 οί
1353 984 1633 1055 ἄνθρωποι
1664 982 1772 1053 πρὸ
1804 981 1900 1034 τοῦ

326 1086 533 1145 πάθους
552 1084 632 1134 ὅτι
665 1081 793 1143 Θεός
821 1082 990 1142 ἐστιν,
1015 1073 1133 1130 εἶτα
1160 1077 1388 1132 ἔϐλεπον
1413 1078 1577 1132 αὑτὸν
1601 1076 1901 1145 πάσχοντα,

322 1177 441 1237 πῶς
480 1176 580 1226 οὐκ
617 1173 681 1225 ἂν
721 1168 1254 1239 ἔσκανδαλῶθησαη
1285 1170 1383 1222 Διά
1435 1167 1591 1221 τοῦτο
1642 1165 1734 1219 οὖν
1772 1163 1905 1235 κρύ-

324 1287 448 1323 πτει
498 1266 691 1321 ἑαυτὸν
718 1270 829 1330 τοῖς
872 1264 1105 1328 πολλοῖς,
1151 1264 1238 1317 ἵνα
1275 1264 1413 1335 μετά
1462 1264 1563 1333 τὴν
1607 1262 1905 1317 ἀνάστασιν

323 1362 767 1423 ἀσκανδαλίστως
833 1359 1089 1428 γνωσθῇ,
1163 1356 1257 1409 τοῦ
1340 1355 1658 1427 Πνεύματος
1726 1354 1905 1410 πάντα

322 1454 736 1525 ἐξομαλίζοντος
783 1453 870 1507 διὰ
899 1452 1006 1505 τῶν
1041 1449 1521 1520 θαυματουργιῶν.

400 1653 419 1685 ι
445 1635 577 1687 Ἀπὸ
602 1638 719 1685 τότε
748 1634 954 1703 ἤρξατο
982 1634 1008 1684 6
1027 1627 1241 1702 Ἰησοῦς
1290 1629 1555 1682 δεικνύειν
1584 1630 1696 1691 τοῖς
1732 1628 1908 1696 μαθη-

323 1729 449 1789 ταῖς
489 1725 655 1778 αὐτοῦ
682 1726 764 1778 ὅτι
798 1725 879 1777 δεῖ
908 1724 1073 1776 αὐτὸν
1115 1722 1372 1777 ἀπελθεῖν
1420 1723 1498 1785 εἰς
1530 1722 1904 1791 Ἰεροσόλυμα,

328 1822 423 1871 καὶ
461 1819 633 1871 πολλὰ
667 1817 860 1870 παθεῖν
889 1817 997 1871 ἀπὸ
1033 1817 1143 1868 τῶν
1175 1816 1565 1886 πρεσϐυτέρων
1600 1815 1694 1866 καὶ
1726 1817 1912 1885 ἀρχιε-

329 1910 469 1977 ρέων
497 1908 592 1961 καὶ
622 1908 1028 1977 Γραμματέων,
1078 1908 1169 1958 καὶ
1227 1905 1655 1973 ἀποκτανθῆναι,
1702 1906 1797 1959 καὶ¹
1841 1906 1906 1973 τῇ

325 2003 486 2072 τρίτῃ
517 2000 700 2070 ἡμέρα
732 1999 1047 2070 ἐγερθῆναι.
1085 2018 1101 2049 ι
1127 1997 1392 2069 Προλέγει
1418 1997 1599 2059 αὐτοῖς
1624 1997 1682 2048 τὸ
1714 1995 1902 2057 πάθος,

327 2093 414 2145 ἵνα
439 2094 513 2163 μὴ
538 2092 785 2154 ἐλθόντος
810 2091 1254 2160 ἀπροσδοκήτως,
1283 2088 1766 2150 σκανδαλισθῶσιν,
1799 2090 1907 2154 οἰη-

326 2182 512 2243 θέντες
559 2182 632 2242 ὼς
686 2182 833 2235 ἄκων
871 2181 965 2233 καὶ
1013 2181 1222 2247 ἀγνοῶν
1278 2178 1589 2233 πέπονθεν⁵
1622 2180 1745 2231 ἐπεὶ
1803 2179 1910 2247 γὰρ

326 2272 567 2336 ἥκουσαν
596 2271 682 2322 διὰ
717 2272 815 2339 τῆς
871 2270 965 2322 τοῦ
1020 2270 1231 2339 Πέτρου
1289 2269 1580 2339 ὁμολογίας
1620 2270 1752 2321 ὅτιὸ
1786 2270 1912 2331 Υἱὸς

328 2361 420 2415 τοῦ
456 2361 593 2414 Θεοῦ
622 2364 761 2425 ἐστι,
786 2360 906 2413 τότε
942 2361 1319 2414 ἀποκαλύπτει
1362 2361 1546 2423 αὐτοῖς
1578 2360 1671 2413 καὶ
1710 2359 1775 2412 τὰ
1816 2357 1911 2411 τοῦ

330 2453 560 2516 πάθους.
589 2455 745 2507 Μετὰ
792 2454 847 2507 δὲ
898 2453 965 2505 τά
994 2452 1234 2524 λυπηρὰ,
1268 2454 1464 2521 ἐπάγει
1494 2454 1589 2507 καλ⁸
1612 2452 1672 2505 τὸ
1699 2452 1911 2521 χαρμό-

332 2562 514 2609 συνον,
539 2546 599 2597 τὸ
634 2546 690 2596 ὲν
719 2548 783 2615 τῇ
810 2544 970 2616 τρίτῃ
997 2545 1182 2615 ἡμέρᾳ
1204 2544 1518 2614 ἐγερθῆναι.

406 2655 424 2687 ι
456 2638 564 2689 Kal.
590 2635 1030 2706 προσλαϐόμενος
1060 2636 1223 2689 αὐτὸν
1248 2638 1275 2687 6
1312 2636 1539 2709 Πέτρος,
1561 2633 1763 2705 ἤρξατο
1792 2636 1914 2687 ἐπι-

326 2730 496 2799 τιμᾷν
529 2728 699 2798 αὐτῷ,
726 2727 898 2794 λέγων
919 2746 934 2761 σ
972 2726 1159 2789 Ἵλεώς
1191 2744 1295 2788 σοι,
1329 2728 1524 2795 Κύριε,
1565 2728 1625 2779 οὐ
1660 2727 1734 2797 μὴ
1759 2726 1913 2780 ἔσται

331 2834 413 2869 σοι
446 2816 629 2871 τοῦτο.
679 2838 695 2869 ι
742 2820 807 2870 'U
839 2818 938 2887 μὲν
997 2818 1380 2889 ἀπεκαλύφθη,
1430 2821 1457 2871 6
1495 2819 1699 2889 Πέτρος
1736 2818 1913 2888 ὀρθῶς

327 2908 706 2980 ὡμολόγησεν,
736 2910 764 2962 ὃ
793 2910 848 2963 δὲ
867 2913 967 2964 οὐκ
999 2912 1385 2983 ἀπεκαλύφθη,
1417 2913 1622 2982 ἐσφάλη
1649 2928 1661 2939 ·
1695 2914 1783 2966 ἵνα
1812 2914 1915 2982 μά-

331 3003 516 3074 θωμεν
566 3004 648 3056 ὅτι
700 3002 873 3072 χωρὶς
920 3001 1055 3055 Θεοῦ
1114 3004 1233 3056 οὐδὲ
1289 3005 1466 3057 ἐκεῖνο
1522 3004 1825 3073 ὲςιθέγξατο
1856 3006 1914 3057 τὸ

334 3100 498 3171 μέγα.
533 3096 624 3167 Μὴ
677 3094 850 3146 θέλων
878 3090 971 3147 οὖν
1015 3095 1207 3147 παθεῖν
1248 3096 1336 3151 τὸν
1359 3094 1595 3165 Χριστὸν
1627 3099 1655 3149 6
1685 3096 1913 3166 Πέτρος,

330 3191 427 3244 καὶ
459 3189 670 3257 ἀγνοῶν
702 3186 761 3238 τὸ
795 3184 893 3253 τῆς
946 3188 1304 3250 ἀναστάσεως
1350 3190 1692 3259 μυστήριονθ
1730 3188 1913 3251 Ἵλεώς

333 3302 439 3349 σοι,
490 3280 681 3351 Κῦριε,
715 3278 775 3330 οὐ
809 3277 887 3347 μὴ
932 3280 1087 3332 ἔσται
1132 3298 1214 3334 σοι
1245 3281 1423 3347 τοῦτο,
1454 3281 1639 3352 φησίν.

408 3491 429 3522 ι
478 3471 535 3523 Ὁ
563 3472 619 3525 δὲ
648 3475 912 3543 στραφεὶς
946 3470 1065 3525 εἷπε
1093 3468 1169 3541 τῷ
1192 3468 1385 3539 Πέτρῳ
1404 3482 1419 3496 ⁸
1457 3466 1675 3533 ’Ὕπαγε
1739 3464 1918 3518 ὀπίσω

336 3578 463 3630 μου,
520 3563 757 3626 Σατανᾶ,
820 3563 1116 3618 σκάνδαλόν
1152 3576 1253 3630 μου
1301 3556 1371 3625 εἴ,
1398 3559 1481 3612 ὅτι
1507 3559 1566 3610 οὐ
1600 3560 1819 3628 φρονεῖς
1848 3556 1917 3608 τὰ

332 3651 428 3705 τοῦ
459 3652 618 3715 Θεοῦ,
652 3654 791 3709 ἀλλά
824 3656 891 3708 τὰ
916 3653 1025 3707 τῶν
1063 3653 1391 3721 ἀνθρώπιον.
1437 3669 1455 3701 ι
1492 3650 1623 3702 Ὅτε
1655 3649 1753 3719 μὲν
1780 3649 1918 3719 ὀρθὰ

335 3745 517 3797 ἐλάλει
548 3745 573 3796 6
604 3746 830 3816 Πέτρος,
868 3746 1163 3815 μακαρίζει
1196 3743 1361 3797 αὐτὸν
1384 3744 1411 3795 6
1450 3741 1706 3810 Χριστὸς,
1738 3742 1824 3794 ὅτε
1863 3740 1919 3792 δὲ

336 3835 549 3903 ἀλόγως
580 3836 866 3897 ἐδειλίασε,
898 3836 993 3889 καὶ
1020 3836 1121 3890 οὐκ
1144 3834 1303 3905 ἤθελε
1349 3833 1544 3887 παθεῖν
1576 3833 1762 3897 αὑτὸν,
1793 3832 1922 3884 ἐπέ-

336 3923 563 3994 πληξεν.
618 3924 790 3977 εἰπών
814 3940 830 3957 ο
865 3923 1085 3991 Ὕπαγε
1124 3924 1300 3975 ὀπίσω
1349 3939 1484 3990 μου,
1519 3921 1757 3974 Σατανᾶ.
1816 3923 1922 3974 Σα-

334 4015 507 4078 τανᾶς
530 4015 609 4079 δὲ,
650 4018 677 4068 6
722 4015 1106 4086 ἀντικείμενος
1162 4013 1401 4082 λέγεται.
1436 4012 1657 4081 ’Υπαγε
1681 4008 1774 4066 οὖν
1799 4013 1925 4067 ὀπί-

338 4123 419 4160 σω
452 4124 588 4177 μου,
617 4106 888 4172 τουτέστι,
918 4108 993 4178 μὴ
1026 4106 1322 4161 ἀνθίστασο
1345 4148 1360 4173 ,
1390 4106 1504 4160 ἀλλ’
1534 4106 1818 4162 ἀκολούθει
1843 4108 1923 4179 τῷ

339 4197 614 4267 θελήματί
647 4214 774 4267 μου.
805 4198 979 4252 Καλεῖ
998 4197 1057 4252 δὲ
1088 4196 1271 4261 οὕτως
1299 4199 1393 4251 τὸν
1429 4197 1661 4269 Πέτρον,
1684 4200 1805 4253 ἐπεὶ
1829 4200 1925 4253 καὶ

333 4289 415 4360 τῷ
439 4290 658 4360 Σατανᾷ
692 4289 954 4362 ἀθέλητον
982 4286 1132 4362 ἦν’τδ
1160 4290 1354 4345 παθεῖν
1398 4289 1491 4343 τὸν
1525 4290 1761 4361 Χριστόν
1782 4309 1795 4322 '
1822 4306 1926 4361 φη-

337 4400 423 4435 σ.ν
460 4382 556 4436 οὖν
587 4384 694 4447 ὅτι,
729 4383 801 4436 Σὺ
822 4384 927 4454 μὲν
970 4383 1299 4455 ἀνθρωπίνῳ
1347 4383 1597 4455 λογισμῷ
1651 4384 1828 4447 δοκεῖς
1862 4384 1924 4436 τὸ

335 4473 511 4535 πάθος
543 4474 800 4544 ἀπρεπές
836 4490 928 4544 μοι
963 4469 1102 4528 εἶναι
1123 4492 1139 4507 ·
1166 4476 1227 4527 οὐ
1266 4480 1406 4539 νοεῖς
1440 4477 1494 4527 ιι
1516 4476 1598 4528 ὅτι
1621 4476 1648 4527 6
1673 4475 1809 4537 Θεὸς
1837 4475 1925 4529 διὰ

333 4565 531 4617 τοὺτου
577 4564 855 4635 σωτηρίαν
881 4564 1204 4635 ἐργάζεται,
1234 4567 1333 4619 ιώ.
1351 4566 1432 4619 ὅτι
1462 4564 1622 4619 τοῦτο
1646 4567 1772 4637 ἐμοὶ
1794 4566 1929 4639 πρέ-

338 4673 433 4710 πει
458 4657 717 4727 μάλιστα.

2006 798 2252 853 dicerent
2285 795 2428 865 quod
2472 794 2586 863 ipse
2622 802 2768 846 esset
2798 788 3071 843 Christus.
3114 805 3135 842 ι
3182 783 3405 840 Volebat
3434 785 3596 840 Chri-

2008 900 2125 945 stus
2152 897 2282 943 ante
2317 901 2535 943 crucem
2570 883 2856 938 obscurari
2888 894 3045 935 suam
3076 877 3327 947 gloriam.
3381 877 3515 932 Nam
3554 879 3600 933 si

2009 977 2347 1033 audivissent
2401 976 2650 1029 homines
2710 982 2836 1028 ante
2887 972 3202 1040 passionem
3256 970 3400 1039 quod
3462 968 3604 1023 Deus

2008 1080 2175 1135 esset,
2216 1080 2272 1125 et
2305 1068 2498 1122 deinde
2526 1067 2796 1121 vidissent
2834 1078 2955 1118 eum
2991 1063 3137 1132 pati,
3175 1063 3446 1132 quomodo
3494 1076 3599 1115 non

2008 1162 2237 1219 fuissent
2268 1159 2503 1215 ofTensi?
2549 1158 2841 1226 Pr0pterea
2895 1156 3062 1225 igitur
3111 1154 3350 1209 occultat
3386 1153 3499 1223 86
3528 1168 3587 1207 se

2008 1254 2221 1317 multis,
2266 1262 2323 1306 ut
2359 1260 2481 1322 post
2532 1249 2990 1305 resurrectionem
3028 1249 3235 1315 absque
3274 1245 3603 1299 oﬂendiculo

2010 1360 2040 1399 a
2071 1346 2258 1399 multis
2288 1346 2516 1407 sciatur,
2544 1344 2753 1412 Spiritu
2784 1351 2974 1397 sancto
2996 1343 3179 1396 omnia
3211 1338 3601 1394 miraculorum

2010 1437 2420 1506 Operationibus
2454 1437 2798 1505 adaequante.

2087 1622 2248 1675 Vsus.
2274 1619 2364 1672 Ἥ.
2391 1638 2408 1671 ι
2438 1618 2514 1672 Ex
2532 1632 2595 1672 eo
2622 1628 2867 1687 tempore
2887 1618 3044 1688 coepit
3066 1616 3227 1671 .lesus
3253 1616 3493 1669 indicare
3516 1615 3603 1668 di-

2012 1714 2238 1783 scipulis
2254 1713 2368 1768 suis
2393 1712 2537 1781 quod
2553 1719 2767 1780 oportet
2782 1710 2953 1778 ipsum
2976 1710 3125 1763 abire
3147 1707 3601 1777 Hierosolymam,

2013 1818 2068 1860 et
2090 1805 2258 1860 multa
2284 1804 2394 1872 pati
2424 1819 2453 1856 a
2480 1804 2789 1857 senioribus
2814 1812 2865 1856 et
2891 1800 3227 1870 principibus
3251 1798 3601 1853 sacerdotum

2013 1912 2067 1955 et
2113 1901 2343 1963 scribis,
2384 1909 2439 1954 et
2472 1898 2684 1961 occidi,
2742 1908 2797 1952 et
2834 1897 2995 1951 tertio
3045 1896 3133 1949 die
3192 1894 3533 1949 resuscitari.
3575 1909 3595 1944 ι

2022 1992 2272 2047 Prmdicit
2314 1991 2418 2046 illis
2450 1990 2798 2059 passionem,
2842 2003 2909 2042 ne
2961 1988 3334 2057 inexspectata
3369 1986 3456 2037 illa
3507 1999 3602 2038 ve-

2021 2088 2204 2140 niente
2239 2084 2581 2147 offendatur,
2637 2092 2891 2153 putantes
2942 2080 3085 2150 quod
3140 2080 3343 2133 invitus
3398 2087 3451 2131 et
3500 2094 3602 2130 non

2016 2179 2304 2247 przesciens
2332 2191 2527 2247 Passus
2558 2188 2725 2229 esset.
2768 2174 3061 2241 Postquam
3089 2172 3234 2225 enim
3268 2170 3595 2223 audiverunt

2017 2286 2109 2338 per
2154 2268 2558 2323 confessionem
2607 2264 2749 2320 Petri
2801 2262 2945 2334 quod
2977 2262 3151 2316 Filius
3192 2262 3262 2314 sit
3300 2260 3417 2322 Dei,
3477 2270 3607 2313 tunc

2019 2363 2279 2417 revelavit
2328 2361 2437 2416 illis
2498 2372 2553 2415 et
2609 2358 2941 2430 passionem.
2996 2355 3124 2410 Post
3182 2354 3359 2407 tristia
3424 2361 3604 2405 autem

2015 2456 2199 2509 subdit
2246 2464 2301 2508 et
2345 2453 2621 2517 laetitiam,
2672 2465 2867 2520 nempe
2912 2450 3054 2519 quod
3101 2448 3188 2503 die
3230 2448 3390 2501 tertio
3421 2459 3592 2499 resur.

2014 2561 2190 2620 geret.

2089 2642 2255 2695 V'Etts.
2289 2637 2379 2692 2‘2.
2440 2656 2459 2688 ι
2500 2638 2563 2691 Et
2614 2652 2735 2690 cum
2799 2634 3119 2689 abduxisset
3174 2632 3323 2687 illum
3378 2629 3607 2692 Petrus,

2016 2734 2185 2801 cmpit
2232 2733 2515 2798 increpare
2553 2729 2726 2795 illum,
2765 2728 2953 2782 dicens
2986 2744 3001 2782 :
3041 2726 3315 2795 Propitius
3344 2733 3460 2778 esto
3490 2723 3605 2784 tibi,

2018 2825 2269 2887 Domine,
2303 2836 2650 2891 nequaquam
2684 2821 2789 2875 erit
2830 2821 2921 2875 tibi
2958 2820 3080 2874 hoc.
3132 2836 3151 2869 ›
3188 2818 3247 2872 id
3281 2818 3424 2886 quod
3456 2830 3613 2869 reve--

2018 2919 2186 2979 latum
2217 2923 2359 2980 erat,
2390 2914 2585 2970 Petrus
2614 2924 2761 2969 recte
2789 2911 3076 2969 confessus
3100 2922 3224 2965 est:
3263 2910 3314 2963 in
3347 2923 3412 2961 eo
3428 2919 3609 2960 autem

2017 3009 2164 3079 quod
2220 3024 2337 3062 non
2382 3007 2727 3072 revelatum,
2788 3006 3012 3076 lapsus:
3067 3014 3127 3057 ut
3174 3002 3412 3058 sciamus
3467 2998 3610 3068 quod

2018 3102 2225 3170 absque
2254 3098 2367 3155 Deo
2406 3114 2583 3167 neque
2635 3100 2856 3155 locutus
2918 3107 3001 3152 est
3032 3111 3294 3164 magnum
3328 3093 3609 3163 quiddam.

2019 3194 2222 3249 Nolens
2262 3194 2431 3265 igitur
2473 3194 2670 3249 Petrus
2716 3193 2993 3248 Christum
3040 3190 3188 3261 pati,
3243 3197 3297 3242 et
3354 3188 3615 3257 ignorans

2019 3287 2443 3342 resurrectioms
2466 3286 2806 3357 mysterium,
2846 3285 3019 3339 dixit:
3047 3282 3320 3353 Pr0pitius
3340 3290 3462 3336 esto
3493 3279 3612 3344 tibi,

1941 3390 1983 3448 ο
2025 3379 2272 3443 Domine,
2299 3391 2644 3445 nequaquam
2679 3375 2785 3430 erit
2817 3375 2911 3430 tibi
2952 3374 3075 3428 hoc.

2094 3470 2263 3526 Vatis.
2295 3469 2387 3523 23.
2427 3487 2446 3521 ι
2482 3468 2796 3523 Conversus
2840 3478 3020 3520 autem
3057 3467 3166 3530 ille,
3193 3465 3356 3519 ‘dixit
3409 3462 3610 3518 Petro:

2020 3564 2124 3618 Alii
2157 3572 2281 3633 post
2312 3577 2417 3626 me,
2450 3561 2675 3624 Satana,
2703 3558 2983 3614 obs-.aculo
3026 3572 3089 3613 es
3134 3558 3308 3612 mihi:
3346 3556 3471 3626 quia
3504 3570 3611 3609 non

2022 3657 2171 3727 sapis
2202 3670 2265 3709 ea
2291 3670 2411 3723 qum
2441 3663 2568 3709 sunt
2596 3653 2713 3720 Dei,
2738 3652 2833 3708 sed
2863 3666 2923 3705 ea
2956 3667 3073 3718 qum
3100 3661 3225 3705 sunt
3249 3649 3555 3703 hominum.
3590 3664 3610 3696 ι

2022 3746 2243 3801 Petrum
2281 3752 2429 3799 recte
2482 3743 2699 3813 quidem
2736 3742 3074 3811 loquentem,
3106 3742 3321 3795 beatum
3355 3740 3616 3809 praedicat

2022 3836 2314 3893 Christus:
2355 3834 2811 3889 irrationabiliter
2853 3839 3035 3886 autem
3090 3831 3512 3895 formidantem,
3563 3840 3617 3885 et

2024 3931 2297 3987 nolentem
2350 3944 2409 3985 se
2456 3926 2587 3996 pati,
2637 3926 2955 3997 perstringit
2997 3923 3189 3978 dicens
3240 3921 3443 3977 :Vade
3496 3933 3619 3990 post

2025 4038 2112 4078 me
2140 4063 2156 4086 ,
2197 4020 2422 4077 Satana.
2475 4018 2712 4073 Satanas
2768 4025 2950 4070 autem
2993 4013 3343 4070 adversarius
3392 4014 3615 4069 dicitur.

2030 4113 2174 4170 Vade
2195 4113 2503 4183 igitur,post
2526 4125 2634 4176 me,
2653 4110 2759 4165 hoc
2778 4117 2883 4173 est,
2902 4123 2969 4163 ne
2990 4108 3247 4172 obsistas,
3271 4107 3369 4162 sed
3387 4120 3621 4176 sequere

2025 4207 2365 4261 voluntatem
2398 4218 2599 4258 meam.
2645 4200 2815 4258 Vocat
2842 4215 3025 4255 autem
3069 4202 3149 4255 sic
3192 4198 3413 4254 Petrum
3441 4236 3456 4261 ,
3492 4198 3621 4267 quia

2026 4298 2189 4353 etiam
2216 4294 2433 4351 Satanae
2452 4293 2770 4363 displicebat
2791 4292 2899 4362 pati
2920 4290 3222 4346 Christum.
3251 4289 3391 4343 Dicit
3411 4288 3577 4357 igitur
3603 4304 3617 4342 :

2030 4386 2153 4442 Tibi
2181 4386 2403 4459 quidem
2431 4386 2585 4455 juxta
2612 4384 2910 4439 humanam
2941 4384 3209 4443 rationem
3241 4379 3456 4435 videtur
3482 4378 3621 4432 mihi

2032 4479 2290 4536 indecens
2325 4466 2548 4550 passio':
2604 4491 2711 4556 non
2773 4474 3029 4544 intelligis
3081 4480 3264 4527 autem
3296 4471 3439 4541 quod
3481 4469 3625 4524 Deus

2029 4588 2128 4643 per
2162 4571 2301 4625 hanc
2328 4570 2558 4624 salutem
2599 4576 2889 4637 operetur,
2919 4565 3145 4635 etquod
3184 4564 3287 4619 hoc
3324 4578 3414 4617 me
3448 4562 3625 4617 maxi-

2034 4677 2120 4717 tne
2156 4663 2348 4715 deceat

420 4765 440 4798 ι
478 4746 612 4799 Τότε
639 4747 666 4798 6
698 4745 907 4817 Ἰησοῦς
934 4742 1055 4800 εἷπε
1084 4748 1200 4811 τοῖς
1234 4745 1503 4817 μαθηταῖς
1526 4746 1694 4801 αὕτοῦ
1714 4763 1731 4776 '
1752 4746 1819 4800 Εἴ
1840 4764 1918 4809 τις

2104 4750 2273 4808 Vens.
2304 4751 2395 4805 9.4.
2436 4768 2455 4801 ι
2490 4748 2645 4804 Tunc
2674 4746 2834 4803 Jesus
2868 4746 3008 4802 dixit
3032 4745 3320 4816 discipulis
3345 4745 3458 4799 suis
3495 4763 3509 4799 :
3565 4743 3621 4797 Si

342 4837 492 4893 θέλει
528 4836 704 4889 ὀπίσω
737 4854 839 4906 μου
870 4837 1065 4901 ἐλθεῖν,
1115 4838 1527 4908 ἀπαρνησάσθω
1584 4838 1797 4903 ἑαυτὸν,
1832 4836 1925 4889 καὶ

340 4928 533 4998 ἀράτω
554 4928 643 4981 τὸν
672 4928 905 4999 σταυρὸν
949 4929 1149 4996 αὑτοῦ,
1177 4931 1273 4983 καὶ
1328 4930 1694 4983 ἀκολουθείτω
1752 4947 1860 4999 μοι.
1902 4947 1920 4980 ι

337 5021 501 5087 Τότε,
530 5021 699 5085 πότε;
740 5023 867 5075 Ὀτε
892 5022 1207 5093 τῷνΠὲτρῳ
1236 5024 1537 5094 ὲπετίμησε
1567 5039 1580 5051 -
1610 5022 1784 5075 θέλων
1818 5022 1927 5091 γὰρ

340 5112 516 5178 δεῖξαι
569 5112 651 5165 ὅτι
694 5112 954 5182 ἐσφάληό
974 5111 1182 5185 Πέτρος
1216 5114 1443 5167 κωλύων
1505 5114 1670 5168 αὑτὸν
1697 5114 1791 5167 τοῦ
1824 5132 1929 5167 πα-

342 5204 482 5268 θεῖν,
515 5205 702 5273 φησὶν,
750 5205 835 5257 ὅτι
874 5204 946 5259 Σὺ
968 5205 1072 5275 ἐμὲ
1097 5203 1349 5270 κωλύεις.
1396 5204 1540 5273 Ἐγὼ
1565 5207 1621 5260 δὲ
1668 5207 1813 5275 λέγω
1845 5224 1927 5260 σοι

341 5294 427 5346 ὅτι
453 5293 521 5346 οὐ
549 5294 712 5363 μόνον
739 5293 802 5347 τὸ
825 5294 926 5363 ἐμὲ
974 5295 1053 5365 μὴ
1098 5295 1293 5348 παθεῖν
1325 5294 1621 5359 ἑπιόλαὸές
1675 5313 1778 5361 σοι,
1812 5295 1928 5349 ἀλλ’

340 5385 468 5438 οῦδὲ
498 5386 564 5438 ob
593 5383 838 5454 σωθῆναι
875 5384 1103 5457 δυνήσῃ,
1143 5387 1238 5440 ἐὰν
1272 5386 1348 5458 μὴ
1381 5388 1476 5442 καὶ
1513 5388 1677 5451 αὐτὸς
1717 5388 1930 5442 ἀποθά-

344 5474 625 5547 νῃς,ἀλλά
651 5475 743 5528 καὶ
770 5475 824 5528 ιῐ
844 5491 930 5531 τις
963 5476 1143 5541 ἄλλος,
1186 5478 1289 5532 κᾶν
1316 5480 1477 5549 ἀνὴρ,
1511 5480 1613 5534 κᾶν
1644 5480 1803 5549 γυνὴ,
1824 5479 1931 5535 κᾶν

344 5566 539 5649 πένῃ,
580 5567 683 5620 κᾶν
733 5566 1010 5630 πλούσιος.
1045 5570 1213 5623 Θέλει
1247 5570 1303 5623 δὲ
1352 5566 1526 5634 εἶπεν,
1560 5574 1647 5626 ἵνα
1677 5573 1826 5645 δείξῃ
1849 5574 1931 5626 ὅτι

342 5657 701 5723 αὐτεξούσιον
739 5658 833 5712 καὶ
870 5659 970 5711 οὐκ
1021 5661 1364 5726 ἀναγκαστὸν
1410 5664 1443 5732 ἡ
1493 5664 1686 5733 ἀρετή.
1726 5663 1932 5718 Ὀπίσω

342 5750 401 5803 δὲ
429 5749 717 5801 ἀκολουθεῖ
738 5749 832 5802 τοῦ
876 5751 1075 5819 Ἰησοῦ,
1108 5754 1207 5822 οὐχ
1253 5752 1279 5802 6
1315 5746 1594 5824 ὁμολογῶν
1635 5755 1799 5809 αὑτὸν
1838 5757 1934 5826 μό-

345 5857 438 5895 νον
474 5842 602 5894 Υίδν
635 5841 795 5903 θεοῦ,
826 5844 945 5896 ἀλλ’
976 5847 1003 5897 6
1028 5844 1123 5896 καὶ
1178 5844 1266 5896 διά
1319 5846 1536 5899 πάντων
1584 5845 1694 5899 τῶν
1742 5847 1933 5899 δεινῶν

347 5932 672 6003 ἐρχόμενος,
706 5934 801 5985 καὶ
830 5936 896 5987 τὰ
912 5934 1055 5989 αὐτά
1082 5936 1469 6006 ὑφιστάμενος.
1496 5938 1935 6009 Ἀπαρνησάσθω

350 6027 407 6082 δὲ
439 6024 656 6089 ἑαυτὸν,
709 6020 855 6091 εἶπε,
888 6027 987 6098 τὴν
1016 6029 1230 6083 τελείαν
1258 6032 1488 6102 ἄρνησιν
1537 6034 1624 6086 διὰ
1658 6034 1759 6104 τῆς
1813 6035 1935 6090 ἀπό

2026 4844 2154 4914 quis
2183 4842 2303 4896 vult
2339 4852 2461 4911 post
2491 4856 2580 4895 me
2618 4838 2824 4903 venire,
2857 4838 3091 4906 abneget
3128 4838 3483 4906 semetipsum
3512 4877 3528 4902 ,
3570 4848 3627 4891 ct

2028 4934 2185 4990 tollat
2209 4948 2429 4989 crucem
2462 4947 2641 4999 suam,
2678 4939 2732 4986 et
2759 4939 3019 5000 sequatur
3052 4944 3161 4984 me.
3197 4947 3216 4981 ι
3253 4928 3409 4983 Tunc
3452 4944 3625 4999 quau-

2030 5025 2137 5080 do?
2166 5040 2289 5080 cum
2311 5022 2532 5079 Petrum
2559 5024 2912 5093 increpasset.
2943 5021 3139 5077 Valens
3164 5022 3309 5076 enim
3334 5023 3625 5077 ostendere

2031 5132 2217 5174 errare
2250 5117 2469 5174 Petrum
2497 5116 2878 5186 prohibentem
2909 5128 2970 5169 se
3013 5115 3146 5182 pati,
3182 5114 3346 5168 dicit:
3391 5114 3471 5167 Tu
3504 5114 3628 5183 qui-

2035 5209 2157 5264 dem
2189 5224 2275 5266 me
2300 5209 2592 5279 prohibes,
2629 5222 2732 5277 ego
2767 5218 2947 5262 autem
2981 5207 3104 5262 dico
3136 5207 3255 5270 tibi,
3286 5221 3395 5261 non
3422 5206 3625 5270 solum.

2030 5302 2207 5357 sinon
2230 5302 2431 5371 patiar,
2454 5302 2554 5357 tibi
2579 5303 2900 5357 damnosum
2924 5302 3077 5367 essej:
3101 5301 3194 5355 sed
3224 5314 3404 5369 neque
3427 5300 3626 5355 salvari

2035 5394 2263 5464 poteris,
2301 5395 2403 5449 nisi
2431 5403 2487 5450 et
2517 5394 2633 5465 ipse
2665 5392 2921 5447 moriaris
2949 5402 3006 5447 et
3032 5392 3285 5463 quisquis
3321 5392 3481 5458 alius,
3515 5393 3631 5448 sivo

2038 5488 2142 5551 vir,
2168 5488 2283 5541 sive
2310 5486 2527 5552 mulier,
2550 5487 2668 5541 sive
2691 5501 2916 5556 pauper,
2934 5486 3048 5541 sive
3074 5484 3396 5540 dives.Dicit
3418 5496 3626 5546 autem,

2038 5578 2185 5642 Vult,
2216 5580 2557 5633 ntostendat
2606 5579 2837 5633 liberum
2894 5579 3204 5641 arbitrium,
3251 5588 3306 5633 et
3378 5594 3484 5632 non
3534 5593 3628 5631 co-

2039 5681 2216 5726 actam
2248 5670 2527 5725 virtutem.
2560 5670 2691 5725 Post
2718 5669 2999 5726 Cltristum
3032 5682 3212 5725 autem
3243 5673 3489 5741 sequitur
3518 5684 3626 5724 non

2039 5762 2211 5817 solum
2267 5763 2313 5818 is
2354 5763 2444 5831 qui
2492 5762 2641 5817 illum
2684 5762 2976 5817 confitetur
3011 5762 3205 5817 Filium
3243 5763 3381 5828 Dei,
3430 5764 3527 5817 sed
3578 5774 3629 5817 et

2041 5854 2131 5923 qui
2164 5869 2262 5923 per
2289 5854 2469 5908 omnia
2498 5854 2681 5921 gravia
2719 5856 2933 5919 transit,
2962 5864 3020 5908 et
3048 5854 3134 5908 illa
3158 5855 3415 5910 sustinet.
3446 5854 3630 5910 Abne-

2039 5956 2130 6014 get
2166 5956 2348 6001 autem
2378 5946 2727 6013 semetipsum
2761 5946 2930 6005 dixit,
2968 5945 3261 6015 perfectam
3312 5947 3630 6013 abnegatio-

2040 6052 2174 6092 nem
2229 6054 2325 6108 per
2374 6038 2835 6108 praepositionem,
2880 6044 2967 6105 ab,
3014 6039 3367 6109 significans:
3400 6036 3630 6093 exemult
