4030 6566
527 660 777 756 corpore,
805 682 896 738 sed
925 683 1231 734 contemnat
1253 674 1493 742 seipsum
1519 686 1533 723 :
1560 668 1700 722 sicut
1717 660 2094 720 consuevimus

528 778 714 833 dicere
747 771 888 843 quod
922 770 1043 840 quis
1072 761 1379 836 quempiam
1426 760 1654 826 negarit,
1706 757 1806 810 hoc
1841 761 1954 816 est,
1986 763 2091 804 non

531 867 692 923 habet
736 878 856 919 eum
888 876 987 931 pro
1027 858 1206 912 amico
1243 853 1324 908 vel
1383 863 1529 907 noto.
1581 848 1672 903 Sic
1714 845 1877 916 igitur
1905 853 2093 897 omnes

529 956 682 1010 docet
713 951 917 1006 nullam
955 964 1076 1004 cum
1123 958 1349 1015 corpore
1395 941 1594 996 habere
1631 934 2090 995 communionem,

527 1049 579 1102 id
608 1055 711 1110 est,
741 1042 1056 1104 amicitiam,
1090 1040 1162 1095 ita
1196 1047 1255 1092 ut
1285 1045 1337 1092 et
1361 1047 1578 1090 crucem
1616 1029 1823 1092 tollant,
1847 1029 1946 1081 hoc
1973 1031 2053 1078 est
2074 1065 2088 1087 ,

528 1146 754 1191 mortem
803 1133 1039 1202 eligant,
1093 1138 1148 1182 et
1194 1141 1312 1181 cum
1378 1121 1554 1178 studio
1601 1117 1877 1187 inquirant
1925 1112 2090 1168 etiam

529 1237 753 1280 mortem
786 1218 1374 1292 ignominiosissimam,
1402 1212 1510 1284 87
1537 1209 1726 1280 qualis
1770 1221 1899 1259 crux
1946 1200 2090 1271 apud

528 1329 737 1372 veteres
761 1315 881 1368 fuit.
913 1313 1040 1378 Sed,
1068 1311 1132 1364 Et
1153 1316 1409 1376 sequatur
1428 1315 1530 1368 nte,
1555 1301 1749 1371 inquit.
1776 1296 1919 1351 Multi
1947 1296 2090 1349 enim

529 1409 918 1477 cruciﬁguntur
947 1405 1184 1458 latrones
1208 1409 1270 1453 et
1303 1397 1470 1459 fures,
1502 1405 1557 1447 at
1602 1392 1676 1445 illi
1726 1403 1830 1443 non
1860 1395 1984 1440 sunt
2011 1384 2094 1437 di-

526 1473 873 1568 scipuli—mei.
908 1493 1180 1560 Sequatur
1210 1487 1392 1557 igitur,
1429 1482 1531 1536 hoc
1558 1489 1659 1545 est,
1691 1491 1904 1532 omnem
1930 1473 2089 1528 aliam

526 1592 773 1644 virtutem
806 1599 915 1654 pra:
941 1597 998 1636 se
1033 1581 1188 1635 ferat.
1229 1578 1473 1644 Abnegat
1520 1584 1696 1627 autem
1748 1570 1986 1639 scipsum
2038 1575 2092 1619 et

525 1685 616 1752 qui
650 1680 759 1734 heri
792 1677 1007 1746 quidem
1058 1674 1444 1737 intemperatus
1490 1674 1645 1728 erat,
1704 1661 1861 1716 hodie
1908 1666 2088 1712 autem

525 1747 703 1827 castus
736 1777 789 1822 et
818 1765 1052 1820 sobrius.
1083 1759 1228 1815 Talis
1262 1768 1380 1814 erat
1414 1755 1634 1820 Paulus,
1676 1752 1766 1821 qui
1797 1747 2088 1818 abnegavit

524 1865 869 1929 semetipsum
895 1870 1016 1909 cum
1069 1853 1309 1907 diceret:
1345 1867 1363 1900 ι
1397 1846 1533 1901 Vivo
1583 1854 1760 1898 autem
1819 1857 1928 1896 non
1979 1840 2089 1909 jam

2193 649 2254 702 τὸ
2282 647 2465 716 σῶμα,
2495 644 2630 699 ἀλλὰ
2658 637 3072 710 καταφρονείτω
3110 634 3329 697 ἑαυτοῦ,
3364 632 3552 703 ὥσπερ
3579 630 3777 684 εἰώθα-

2201 755 2299 810 μεν
2330 738 2532 805 λέγειν,
2571 735 2633 788 '0
2665 733 2813 785 δεῖνα
2843 730 2935 784 τὸν
2961 729 3108 782 δεῖνα
3148 726 3446 796 ἠρνήσατο,
3488 722 3610 775 ἀντὶ
3655 719 3773 782 τοῦ,

2195 829 2310 884 οὐκ
2339 828 2450 898 εχει
2477 825 2652 895 φίλον,
2690 822 2814 878 οὐδὲ
2846 819 3105 890 γνωστόν.
3141 815 3331 878 Οὕτως
3373 811 3467 870 οὖν
3517 815 3613 868 καὶ
3659 812 3779 875 πᾶς

2194 918 2402 990 ὀφείλει
2426 917 2702 988 μηδεμίαν
2731 913 2916 983 φιλίαν
2947 910 3092 980 [xciv
3123 910 3259 980 πρὶς
3294 906 3356 960 τὸ
3395 906 3558 975 σῶμα
3583 922 3598 936 ο
3632 904 3775 958 ὥστε

2195 1011 2291 1066 καὶ
2319 1011 2410 1064 τὸν
2443 1009 2678 1079 σταυρὸν
2701 1006 2902 1076 αίρειν,
2923 1003 3197 1067 τουτέστι,
3221 1001 3453 1055 θάνατον
3476 995 3774 1066 αἱρεῖσθαι,

2193 1106 2290 1157 καὶ
2323 1103 2463 1172 μετὰ
2492 1099 2728 1167 σπουδῆς
2764 1097 3045 1166 ιπιζητεϊν
3071 1095 3164 1147 καὶ
3187 1093 3420 1147 θάνατον
3449 1090 3541 1143 τὸν
3565 1090 3775 1143 ὲπονεί-

2192 1195 2394 1248 διστον·
2422 1191 2664 1253 τοιοῦτος
2689 1190 2796 1260 γάρ
2832 1190 2860 1242 6
2898 1187 3132 1257 σταυρὸς
3167 1184 3317 1255 παρὰ
3353 1185 3466 1246 τοῖς
3499 1181 3774 1243 παλαιοζς.

2205 1285 2391 1351 ’Δλλά,
2415 1284 2528 1338 Καὶ
2554 1281 2915 1337 ἀκολουθείτω
2941 1296 3054 1349 μοι,
3078 1277 3235 1347 φησί.
3263 1275 3455 1330 Πολλοὶ
3477 1275 3588 1345 γὰρ
3615 1291 3780 1327 σταυ-

2195 1377 2415 1450 ροῦνται
2447 1376 2646 1447 λῃσταὶ
2668 1375 2762 1427 καὶ
2797 1372 3051 1434 κλέπται,
3081 1367 3196 1422 ἀλλ’
3223 1367 3325 1419 οὐκ
3380 1365 3522 1418 είσὶν
3576 1365 3778 1416 ἐκεῖνοι

2196 1469 2433 1540 μαθηταί
2466 1485 2566 1538 μου
2597 1484 2608 1496 ·
2649 1463 3011 1520 ἀκολουθείτω
3066 1459 3178 1523 οὖν,
3212 1457 3483 1520 τουτέστι,
3520 1457 3616 1509 καὶ
3667 1455 3776 1508 πᾶ-

2194 1579 2294 1615 σαν
2319 1563 2417 1631 τὴν
2449 1559 2614 1630 άλλην
2638 1556 2842 1628 άρετὴν
2870 1550 3287 1608 ἐπιδεικνύσθω.
3330 1551 3685 1617 Ἀπαρνεῐται
3707 1546 3766 1599 δὲ

2193 1652 2384 1705 ἑαυτὸν
2406 1652 2500 1703 καὶ
2531 1652 2558 1702 6
2591 1649 2719 1718 χθὲς
2773 1647 2871 1715 μὲν
2913 1643 3268 1711 ἀσελγαίνων,
3304 1643 3546 1710 σήμερον
3583 1639 3641 1691 δι
3667 1653 3777 1690 σω-

2193 1745 2427 1814 φρονῶν.
2470 1741 2723 1803 Τοίοῦτας
2749 1736 2818 1809 ἦν
2838 1741 2866 1791 6
2901 1729 3131 1798 Παῦλος,
3158 1733 3625 1805 ἀπαρνησάμενος
3652 1731 3781 1784 ἑαυ-

2192 1835 2284 1887 τδν
2317 1836 2375 1886 ιν
2397 1834 2476 1905 τῷ
2515 1833 2719 1900 λέγειν,
2753 1829 2870 1884 «Ζῶ
2891 1828 2949 1907 δέ
2977 1827 3076 1880 οὐκ
3102 1826 3183 1878 ιτι
3212 1824 3346 1888 ἐγὼ,
3371 1824 3438 1895 ζῇ
3477 1823 3534 1876 δι
3556 1823 3614 1874 εν
3651 1821 3776 1889 εμοὶ

523 1968 646 2022 ego,
687 1913 814 2004 vivit
851 1957 1031 2002 autem
1071 1947 1122 2000 in
1159 1958 1244 1999 me
1274 1937 1612 1998 Christus".
1650 1956 1668 1988 ι
1717 1933 1880 1990 Tollit
1911 1942 2088 1985 autem

2198 1925 2448 1996 Χριστός.
2465 1924 2648 1993 »Δίρει
2673 1921 2728 1974 δι
2749 1920 2840 1972 τὸν
2867 1917 3119 1990 σταυρὸν,
3140 1917 3168 1969 6
3183 1915 3466 1986 νεκρώσας
3488 1913 3588 1966 καὶ
3615 1928 3778 1965 σταυο

524 2059 780 2107 crucem,
840 2042 931 2112 qui
992 2036 1338 2095 mortiﬁcavit
1389 2041 1445 2088 et
1501 2029 1771 2086 cruciﬁxit
1847 2026 2084 2096 seipsum

525 2136 743 2188 mundo.

593 2225 757 2280 Vsus.
789 2225 878 2278 25.
929 2240 947 2275 ‹
1001 2221 1103 2287 Qui
1156 2219 1297 2274 enim
1353 2215 1586 2272 voluerit
1637 2213 1870 2266 animam
1926 2222 2082 2263 suam

523 2331 773 2381 servare,
811 2316 999 2384 perdet
1052 2327 1168 2366 eam
1208 2329 1222 2369 ;
1259 2308 1503 2379 quisquis
1557 2315 1737 2360 autem
1794 2299 2086 2373 perdiderit

530 2410 764 2461 niiimam
835 2421 985 2460 suam
1049 2411 1268 2474 propter
1341 2415 1466 2466 me,
1537 2397 1774 2452 inveniet
1833 2409 1974 2449 eam.
2054 2410 2072 2443 ι

528 2500 608 2552 Ad
657 2499 969 2568 martyrium
1013 2497 1333 2549 adhortatur
1375 2506 1474 2547 nos
1508 2509 1522 2543 :
1557 2489 1757 2544 invenit
1794 2488 1935 2540 enim
1971 2484 2090 2538 ani-

527 2592 783 2646 mamad
832 2603 1090 2656 praesens,
1138 2591 1238 2640 hoc
1284 2593 1386 2648 est,
1445 2591 1644 2648 servat,
1693 2581 1781 2650 qui
1822 2588 2003 2647 negat,
2035 2586 2091 2632 et

525 2692 708 2751 postea
741 2681 934 2750 perdit.
965 2678 1148 2734 Perdit
1193 2689 1369 2731 autem
1419 2675 1675 2739 animam,
1722 2673 1816 2727 sed
1871 2681 2090 2741 prepter

525 2772 823 2838 Christum,
857 2771 946 2839 qui
995 2772 1059 2823 de
1096 2784 1161 2825 eo
1210 2768 1567 2823 testiﬁcatur:
1599 2766 1688 2834 qui
1743 2772 1797 2818 et
1855 2763 2092 2818 inveniet

525 2879 643 2918 cam
679 2863 732 2916 in
765 2860 1190 2931 incorruptione.
1221 2869 1274 2913 et
1307 2857 1413 2912 vita
1449 2864 1672 2913 aeterna.

600 2953 764 3006 Vens.
795 2951 887 3014 ‘26,
919 2950 1009 3004 27.
1044 2967 1062 3000 ι
1126 2948 1266 3016 Quid
1314 2948 1454 3002 enim
1490 2945 1704 3016 prodest
1766 2943 1988 3008 homini,
2043 2942 2090 2998 si

535 3051 706 3099 totum
758 3042 1012 3094 mundum
1075 3039 1314 3092 lucratus
1355 3036 1536 3100 fuerit,
1571 3035 1764 3088 anima:
1812 3048 1938 3088 vero
1981 3047 2090 3087 sua:

522 3137 788 3205 jacmram
831 3129 1056 3186 fecerit?
1099 3129 1204 3182 Aut
1233 3127 1361 3197 quid
1393 3127 1542 3181 dabit
1577 3127 1756 3189 homo,
1788 3126 1940 3194 cujus
1970 3142 2091 3192 per-

530 3226 822 3280 mutatione
886 3223 1112 3278 redimat
1169 3221 1402 3274 animam
1456 3218 1644 3272 suam?
1692 3216 1956 3272 Venturos
2008 3225 2092 3271 est

2193 2017 2376 2087 ρώσας
2410 2016 2608 2070 ἑαυτὸν
2629 2013 2708 2085 τῷ
2743 2012 2958 2082 κόσμῳ.

2266 2217 2284 2251 ι
2329 2199 2424 2262 ⁸ος
2456 2198 2564 2270 γὰρ
2594 2199 2660 2252 ἂν
2703 2195 2832 2266 θέλῃ
2878 2194 2976 2264 τὴν
3013 2191 3192 2264 ψυχὴν
3223 2188 3388 2246 αὑτοῦ
3415 2189 3606 2253 σῶσαι,
3630 2188 3770 2242 ἁπο-

2191 2290 2338 2343 λέσει
2399 2290 2605 2360 αὑτήν⁸
2654 2288 2712 2351 ὃς
2767 2288 2813 2341 δ’
2849 2288 2915 2342 ἂν
2957 2285 3200 2356 ἀπολέσῃ
3239 2283 3339 2353 τὴν
3383 2281 3561 2354 ψυχὴν
3606 2277 3774 2334 αὐτοῦ

2189 2381 2372 2434 ινεκεν
2395 2381 2552 2449 ἐμοῦ,
2594 2381 2817 2450 εὑρήσει
2861 2380 3054 2447 αὑτήν.
3092 2394 3110 2428 ι
3142 2375 3268 2434 Ἐπὶ
3301 2374 3604 2446 μαρτύριον
3641 2387 3778 2443 προ-

2189 2473 2451 2543 τρέπεται
2484 2473 2653 2542 ὴμᾶς.
2689 2470 2947 2541 Εὑρίσκει
2977 2470 3074 2540 μὲν
3098 2464 3192 2523 οὖν
3223 2470 3322 2540 τὴν
3351 2467 3528 2537 ψυχὴν
3559 2464 3696 2535 πρὸς
3717 2463 3776 2516 τὸ

2190 2563 2386 2632 παρὸν,
2425 2562 2694 2626 τουτέστι,
2728 2561 2912 2625 σώζει,
2945 2563 2973 2612 6
3001 2560 3356 2633 ἀρνούμενος,
3394 2559 3452 2620 δς
3481 2558 3577 2610 καὶ
3610 2555 3778 2612 6.1061-

2191 2653 2344 2705 λυσιν
2374 2651 2602 2723 ὕστερον
2623 2669 2638 2684 ο
2684 2652 2949 2705 ἀπόλλυσι
2989 2651 3046 2704 δι
3077 2651 3179 2722 τὴν
3205 2650 3407 2721 ψυχὴν,
3438 2649 3554 2703 ἀλλ’
3594 2648 3776 2700 ενεκεν

2191 2741 2286 2794 τοῦ
2337 2741 2596 2811 Χριστοῦ,
2639 2741 2697 2804 δς
2730 2742 3072 2811 μαρτυρήσει
3126 2741 3264 2810 ὑπὲρ
3310 2738 3498 2792 αὑτοῦ.
3545 2737 3642 2801 ’ος
3670 2735 3778 2805 ,καὶ

2192 2833 2412 2903 εὑρήσει
2451 2832 2621 2902 αὐτὴν
2666 2835 2723 2884 ὲν
2755 2833 3036 2903 ἀφθαρσίᾳ
3069 2832 3164 2894 καὶ
3195 2833 3309 2902 ζωῇ
3347 2829 3570 2900 αίωνίᾳ.

2266 2944 2284 2977 ε
2323 2925 2388 2978 Τί
2421 2927 2527 2996 γὰρ
2557 2925 2848 2992 ὠφελεῖται
2878 2924 3162 2994 ἄνθρωπος
3190 2925 3284 2977 εὰν
3313 2924 3406 2976 τὸν
3431 2923 3636 2992 κόσμον
3656 2919 3778 2974 δλον

2193 3015 2454 3087 κερδήσῃ,
2487 3015 2585 3086 τὴν
2610 3014 2666 3068 δὶ
2696 3014 2874 3085 ψυχὴν
2903 3015 3069 3069 αὑτοῦ
3097 3015 3350 3085 ζημιωθῇ
3378 3033 3394 3081 ;
3429 3015 3498 3067 Ἣ
3532 3014 3586 3067 τί
3613 3011 3776 3067 δώσει

2194 3109 2479 3179 ἄνθρωπος
2536 3109 2893 3178 ἀντάλλαγμα
2939 3109 3039 3178 τῆς
3081 3108 3259 3178 ψυχῆς
3314 3109 3516 3174 αὑτδῦ;
3575 3108 3775 3164 Μέλλει

2196 3200 2302 3270 γάρ
2340 3205 2366 3255 6
2401 3201 2526 3265 Υἱὸς
2558 3201 2653 3255 τοῦ
2703 3201 2990 3273 ἀνθρώπου
3030 3203 3284 3272 ιρχεσθαι
3331 3205 3389 3257 εν
3419 3206 3484 3274 τῇ
3517 3203 3644 3275 δόξῃ
3681 3202 3773 3256 τοῦ

527 3317 669 3370 enim
711 3314 880 3370 Filius
921 3311 1155 3366 hominis
1196 3311 1248 3362 in
1277 3308 1445 3378 gloria
1493 3306 1666 3361 Patris
1707 3307 1788 3362 sui
1833 3322 1952 3360 cum
1997 3321 2091 3359 an-

2205 3293 2414 3361 Πατρὸς
2450 3292 2614 3345 αὑτοῦ
2658 3294 2799 3363 μετά
2835 3293 2942 3348 τῶν
2982 3294 3456 3363 άγγέλωναύτοῦ,
3497 3296 3604 3348 ’καὶ
3659 3295 3775 3349 τότε

527 3406 657 3474 gelis
703 3405 835 3469 suis,
875 3413 929 3458 et
985 3413 1112 3455 tunc
1165 3401 1350 3454 reddet
1408 3397 1695 3466 unicuique
1738 3395 1894 3464 juxta
1947 3395 2085 3450 facta

531 3498 722 3566 ipsius.
761 3515 777 3548 ι
815 3494 907 3548 Sic.
942 3493 1101 3562 igitur
1125 3501 1178 3546 et
1213 3491 1476 3560 ﬁngamus
1519 3489 1660 3556 quod
1713 3497 1882 3540 totum
1933 3502 2090 3539 mun-

528 3589 651 3642 dum
675 3585 922 3651 lucreris,
945 3583 1036 3638 sed
1060 3598 1176 3651 quze
1194 3581 1399 3635 utilitas
1422 3581 1466 3634 si
1491 3593 1689 3648 corpus
1714 3579 1847 3632 bene
1872 3577 2088 3639 habeat,

525 3689 580 3733 et
624 3679 802 3730 anima
856 3675 994 3729 male
1024 3670 1792 3740 afﬁciatur?quemadmodum
1835 3668 1880 3722 si
1921 3679 2094 3723 mater

526 3769 758 3823 familias
788 3767 966 3822 lacera
998 3774 1168 3828 veste,
1197 3773 1250 3817 et
1286 3763 1493 3817 ancilla:
1541 3761 1743 3831 fulgida
1785 3773 1980 3815 ornatu
2009 3761 2092 3814 in-

529 3861 744 3915 cedant.
772 3858 955 3927 Neque
997 3860 1050 3910 in
1094 3857 1274 3910 futuro
1311 3854 1508 3910 saeculo
1552 3855 1748 3925 poterit
1789 3854 1912 3923 quis
1964 3855 2091 3907 dare

527 3952 1000 4008 commutationem
1041 3959 1144 4016 pro
1173 3948 1352 4001 anima
1385 3963 1479 4002 sua
1515 3966 1526 4000 :
1555 3947 1638 4002 hic
1669 3948 1882 4016 quidem
1914 3956 2091 4015 potest

527 4045 655 4097 dare
710 4046 976 4112 lacrymas
1037 4050 1090 4095 et
1124 4040 1540 4108 eleemosynam,
1572 4047 1625 4093 et
1670 4039 1936 4108 jejunsre.
1984 4039 2090 4092 illic

525 4146 704 4189 autem
733 4150 862 4187 non.
887 4131 1054 4187 Judex
1072 4132 1212 4186 enim
1243 4140 1370 4184 tunc
1397 4144 1495 4184 nos
1523 4131 1776 4197 excipiet,
1801 4130 1942 4183 dona
1999 4144 2088 4182 re-

523 4241 760 4294 spuens:
792 4239 910 4277 nam
940 4224 1089 4292 juxta
1115 4237 1273 4288 opera
1316 4238 1412 4275 sua
1449 4220 1709 4287 iudicabit
1737 4235 2091 4289 unumquem-

528 4331 652 4384 que.
680 4316 772 4369 Est
795 4328 972 4368 autem
995 4323 1050 4367 ct
1080 4312 1431 4368 metuendus:
1461 4311 1641 4365 veniet
1670 4312 1810 4364 enim
1840 4312 1894 4365 in
1921 4311 2089 4382 gloria

527 4422 624 4462 sua
659 4416 712 4462 et
744 4421 864 4458 cum
897 4404 1122 4474 angelis,
1151 4411 1205 4457 et
1236 4417 1340 4456 non
1368 4402 1805 4472 contemptibilis.

601 4588 762 4644 Vsus.
789 4588 878 4642 28.
920 4607 937 4640 ι
975 4589 1142 4646 Amen
1188 4585 1501 4646 dicovobis
1533 4601 1546 4638 :
1581 4594 1705 4641 sunt
1728 4584 1946 4655 quidam
2001 4585 2088 4640 hic

2200 3384 2472 3437 ἀποδώσει
2510 3387 2727 3456 ἑκάστῳ
2761 3386 2901 3439 κατὰ
2940 3386 3037 3457 τὴν
3067 3386 3266 3458 πρᾶξιν
3291 3387 3477 3440 αὑτοῦ.
3517 3407 3534 3439 ι
3576 3389 3775 3452 Ἔστω,

2202 3483 2360 3545 φησι,
2395 3476 2812 3544 καθ’ὐπόθεσιν,
2849 3479 2928 3531 ὃτι
2962 3480 3053 3533 τὸν
3085 3480 3287 3549 κόσμον
3309 3480 3426 3533 ὅλον
3461 3481 3776 3551 ἐκέρδανας,

2197 3565 2335 3618 ἀλλὰ
2361 3566 2414 3618 τί
2442 3567 2501 3619 τὸ
2534 3567 2746 3636 Ιὂφελος,
2785 3570 2883 3635 τῆς
2928 3569 3104 3638 ψυχῆς
3160 3569 3347 3634 κακῶς
3403 3572 3774 3642 διακειμένης,

2196 3657 2258 3708 τὸ
2288 3656 2445 3725 σῶμα
2491 3658 2791 3723 εὐπαθείνς
2829 3659 3016 3729 ὡσπερ
3062 3661 3129 3712 ἂν
3164 3663 3212 3713 εί
3243 3659 3341 3730 τῆς
3373 3663 3777 3732 οἰκοδεσποίνης

2200 3748 2364 3818 ῥάκια
2393 3749 2766 3820 διερρηγμένα
2803 3752 3092 3822 φορούσης,
3127 3753 3185 3805 ai
3221 3754 3609 3823 θεραπαινίδες
3645 3756 3779 3825 λαμ-

2200 3844 2550 3909 προφοροῖεν.
2587 3842 2720 3895 Οὐδὲ
2755 3845 2860 3914 γάρ
2893 3845 2950 3897 ἐν
2978 3843 3055 3914 τῷ
3086 3844 3329 3913 μέλλοντι
3358 3841 3514 3898 αἰῶνι
3554 3846 3777 3902 δύναταί

2196 3948 2280 3994 τις
2333 3932 2517 3986 δοῦναι
2584 3935 2940 4004 ἀντάλλαγμα
2989 3937 3129 4006 ὑπὲρ
3186 3937 3287 4006 τῆς
3339 3937 3521 4007 ψυχῆς
3588 3938 3773 3993 αὑτοῦ.

2210 4024 2471 4078 Ἐνταῦθα
2507 4027 2605 4096 μὲν
2638 4029 2746 4098 γὰρ
2792 4028 3015 4082 δύναται
3051 4028 3236 4083 δοῦναι
3279 4029 3512 4100 δάκρυα,
3557 4048 3776 4099 στεναγ-

2199 4119 2353 4185 μοὺς,
2392 4117 2762 4190 ιλεημοσύνην
2785 4135 2797 4145 ’
2836 4123 2954 4173 ἐκεῖ
2989 4121 3047 4174 δι
3079 4121 3162 4176 οὗ.
3209 4121 3638 4194 ’Δδωροδόκητος
3670 4123 3773 4194 γάρ

2197 4212 2387 4282 κριτὴς
2411 4211 2710 4274 διαδέξεται
2728 4228 2740 4241 σ
2767 4213 2910 4266 κατὰ
2930 4213 3037 4282 γάρ
3060 4213 3126 4266 τὰ
3144 4214 3283 4284 ἔργα
3309 4214 3520 4279 δικάζει
3538 4217 3772 4287 ἑκάστῳο

2195 4304 2333 4359 ἀλλά
2379 4305 2470 4357 καὶ
2513 4306 2766 4376 φοόερὸς,
2812 4307 2870 4358 ιν
2902 4310 2968 4377 τῇ
2999 4307 3126 4379 δόξῃ
3180 4308 3290 4377 γάρ
3328 4308 3495 4361 αὑτοῦ
3557 4309 3773 4381 ιρχεται

2196 4395 2288 4446 καὶ
2341 4395 2479 4463 μετὰ
2533 4394 2644 4448 τῶν
2696 4395 2976 4464 ἀγγέλων,
3028 4397 3122 4449 καὶ
3175 4398 3298 4467 οὐχὶ
3352 4415 3772 4472 καταπεφρονη-

2198 4487 2376 4556 μένος.

2273 4593 2290 4624 ι
2343 4574 2513 4646 Ἀμὴν
2548 4574 2689 4642 λέγω
2719 4575 2872 4644 ὑμῖν,
2918 4575 3024 4629 είσί
3051 4593 3194 4640 τινες
3224 4576 3332 4630 τῶν
3363 4570 3464 4630 ιῖιδε
3499 4578 3769 4644 ἑστώτων.

534 4679 881 4746 stantes.“
907 4688 1014 4732 non
1051 4680 1342 4748 gustabunt
1368 4685 1615 4741 mortem,
1649 4678 1822 4732 donec
1867 4677 2091 4732 viderint

2198 4664 2388 4729 οίτινες
2412 4667 2472 4718 οὐ
2506 4667 2580 4736 μὴ
2609 4665 2914 4734 γεύσωνται
2953 4666 3206 4734 θανάτου,
3251 4668 3355 4732 ιως
3406 4669 3474 4722 ἂν
3504 4669 3658 4724 ῐδωσι
3686 4670 3770 4724 τὸν

532 4769 726 4825 Filium
761 4769 993 4824 hominis
1023 4773 1326 4822 venientem
1368 4769 1418 4820 in
1460 4781 1624 4836 regno
1654 4782 1773 4821 suo.
1811 4785 1830 4819 ι
1873 4767 2094 4823 Dixerat

536 4873 819 4915 venturum
855 4859 1048 4913 Filium
1085 4860 1316 4913 hominis
1349 4857 1403 4911 in
1439 4857 1605 4926 gloria
1642 4872 1736 4911 sua
1772 4875 1785 4911 :
1819 4872 1886 4912 ne
1932 4857 2096 4927 igitur

532 4951 795 5007 increduli
824 4952 952 5014 sint,
984 4950 1112 5005 dicit
1145 4951 1267 5021 quia
1297 4959 1421 5004 sttnt
1451 4950 1538 5004 hic
1569 4950 1785 5020 quidam
1817 4951 1911 5020 qui
1939 4951 2093 5016 juxta

529 5047 670 5115 quod
711 5058 905 5112 capere
950 5052 1193 5113 possunt,
1224 5043 1483 5096 videbunt
1522 5042 1574 5095 in
1611 5043 2094 5114 transfiguratione

529 5136 752 5205 gloriam
797 5135 1015 5190 secundi
1057 5136 1337 5192 adventus.
1368 5131 1590 5188 interim
1627 5144 1806 5189 autem
1858 5136 2098 5191 ostendit

535 5230 588 5282 in
617 5243 718 5297 qua
756 5228 923 5295 gloria
953 5233 1112 5281 erunt
1137 5228 1224 5296 qui
1260 5237 1478 5296 propter
1505 5228 1675 5295 ipsum
1705 5228 1846 5296 passi
1870 5225 2094 5283 fuerint.

535 5320 687 5374 Sicut
721 5319 862 5374 enim
900 5328 1022 5371 tunc
1073 5332 1198 5372 caro
1237 5317 1354 5386 ejus
1393 5317 1704 5386 fulgurarit,
1739 5319 1809 5372 ita
1855 5334 1950 5388 pro
2002 5334 2097 5374 sua

533 5411 776 5479 portione
800 5422 924 5463 tunc
955 5409 1228 5477 fulgebunt
1250 5411 1423 5464 sancti
1455 5428 1467 5462 :
1496 5408 1768 5478 signiﬁcat
1791 5420 1970 5465 autem
2000 5411 2102 5466 hoc

533 5503 647 5557 loco
665 5502 880 5556 Petrum
902 5511 957 5555 et
971 5501 1253 5564 Iacobum,
1267 5509 1319 5556 et
1334 5499 1617 5566 Joannem,
1636 5515 1772 5571 quos
1791 5502 1846 5556 in
1861 5511 2100 5556 montem

532 5593 843 5661 assumpsit,
875 5601 928 5645 ct
964 5591 1198 5649 ostendit
1245 5591 1350 5648 illis
1394 5607 1618 5662 regnum
1651 5607 1829 5655 suum,
1861 5592 1962 5647 hoc
1996 5602 2100 5659 est,

2200 4758 2329 4811 Υίὸν
2351 4757 2444 4810 τοῦ
2469 4757 2755 4829 ἀνθρώπου
2777 4759 3075 4829 ἐρχόμενον
3091 4760 3150 4812 ιν
3167 4762 3232 4829 τῇ
3268 4760 3516 4832 βασιλείᾳ
3537 4763 3722 4816 αὑτοῦ.
3747 4781 3764 4814 ι

2201 4845 2367 4902 Εἶπεν
2398 4851 2478 4903 ὅτι
2511 4851 2692 4921 μέλλει
2741 4849 2997 4920 ἔρχεσθαι
3025 4853 3055 4904 δ
3085 4852 3211 4916 Υίδς
3250 4853 3347 4906 τοῦ
3392 4853 3685 4924 ἀνθρώπου
3717 4856 3770 4910 ἑν

2200 4945 2268 5013 τῇ
2291 4943 2418 5014 δόξῃ
2439 4942 2625 4996 αὑτοῦ.
2663 4942 2786 4997 ἰνα
2812 4939 2904 4998 οὖν
2937 4944 3340 5015 μὴάπιστῶσιν
3367 4949 3587 5015 ικείνοι,
3612 4952 3770 5020 φησὶν

2198 5035 2280 5087 ὅτι
2311 5035 2417 5086 είσί
2447 5051 2590 5097 τινες
2625 5033 2882 5102 ἐνταῦθα,
2913 5037 2964 5090 οἳ
2992 5038 3134 5091 κατά
3161 5039 3222 5091 τὸ
3247 5039 3530 5111 ιγχωροῦν
3551 5042 3769 5112 ὄψονται

2198 5127 2256 5179 ιν
2287 5128 2350 5196 τῇ
2387 5143 2454 5195 με
2467 5126 2810 5198 ιαμορφώσει
2833 5127 2932 5199 τὴν
2960 5128 3118 5195 δόξαν
3147 5131 3246 5200 τῆς
3275 5131 3539 5202 δευτέρας
3563 5150 3770 5206 παρου-

2201 5219 2354 5280 σίας·
2387 5219 2504 5287 ἅμα
2535 5219 2594 5271 δὲ
2627 5220 2720 5272 καὶ
2749 5219 3021 5274 δείκνυσιν
3063 5223 3122 5273 ὲν
3150 5221 3276 5292 ποίᾳ⁵
3309 5222 3437 5295 δόξῃ
3486 5225 3702 5281 εσονται
3725 5228 3770 5280 oi

2198 5311 2262 5364 δι’
2289 5313 2451 5365 αὐτὸν
2486 5313 2770 5377 παθόντες.
2816 5313 2904 5374 '0;
2937 5313 3046 5385 γάρ
3079 5313 3422 5386 εξήστραψεν
3453 5321 3488 5387 η
3519 5320 3658 5390 σὰρξ
3680 5324 3770 5376 αὖα

2199 5404 2291 5458 τοῦ
2334 5403 2660 5473 τηνικαῦτα,
2695 5405 2838 5458 οὕτω
2877 5406 3017 5460 κατὰ
3061 5407 3361 5476 ἀναλογίαν
3393 5411 3443 5463 oi
3470 5409 3618 5479 ᾶγιοι
3655 5413 3768 5469 τότε

2199 5493 2596 5563 ἐκλάμψουσιν·
2638 5494 2937 5548 αίνίττεται
2965 5494 3020 5548 δὲ
3050 5495 3290 5549 ἐνταῦθα
3320 5497 3412 5550 τὸν
3455 5500 3662 5572 Πάτρον
3683 5503 3772 5557 καὶ

2215 5589 2472 5641 Ἰάκωϐον
2508 5589 2598 5640 καὶ
2641 5585 2929 5658 διωάννην,
2961 5587 3052 5650 οὓς
3087 5589 3401 5659 παρέλαϐεν
3432 5593 3511 5655 είς
3541 5593 3604 5646 τὺ
3628 5593 3768 5666 δρος,

533 5682 770 5740 futurum
809 5696 1014 5742 statqu
1050 5686 1101 5738 in
1132 5699 1238 5756 quo
1268 5693 1527 5740 venturus
1561 5695 1705 5740 esset
1730 5685 1865 5754 ipse,
1893 5695 1945 5740 et
1971 5684 2091 5755 just?

2204 5680 2296 5734 ml
2346 5680 2543 5745 ἔδειξεν
2581 5675 2766 5749 αὔτοῐς
2799 5681 2897 5750 τὴν
2934 5678 3212 5750 βασιλείαν
3259 5681 3448 5750 αὑτοῦ,
3503 5688 3766 5753 τουτεστι,

605 5866 649 5896 ⁸⁵
679 5861 855 5918 Galut.
899 5877 958 5925 ll,
987 5857 1077 5914 20.
