4030 6632
148 591 257 655 329

149 799 248 861 νὰς
297 799 480 866 ζητεῖς
530 793 943 865 χειροποιήτους
993 789 1281 858 γενέσθαι·
1331 790 1359 840 6
1408 789 1464 843 δὲ
1517 788 1723 858 Πατὴρ,

151 889 318 956 ἄλλην
351 884 557 955 σκηνὴν
602 882 1018 956 ἀχειροποίητον
1055 877 1154 947 τὴν
1188 878 1420 947 νεφέλην
1463 879 1726 947 περιστή-

154 997 276 1048 σας,
308 976 544 1029 δεικνύει
583 977 662 1028 ὅτι
710 975 898 1042 ὥσπερ
949 971 1112 1033 αὐτὸς
1140 963 1197 1022 ἐν
1224 969 1423 1041 νεφέλη
1477 969 1727 1038 ἐφαίνετο

147 1075 260 1133 τοῖς
318 1071 569 1130 παλαιοῖς
617 1065 746 1128 Θεὸς
809 1063 904 1126 ὢν,
961 1063 1104 1117 οὕτω
1159 1064 1253 1116 καὶ
1283 1065 1312 1117 6
1356 1061 1520 1114 αὑτοῦ
1576 1061 1724 1123 Υἱός.

145 1163 388 1232 Φωτεινὴ
420 1162 475 1214 δὲ
506 1163 536 1230 ὴ
562 1158 756 1228 νεφέλη
786 1156 1042 1220 ἐνταῦθα,
1075 1156 1133 1209 οὐ
1159 1155 1444 1225 γνοφώδης
1471 1155 1628 1216 ὠς”ὲν
1658 1158 1722 1226 τῇ

146 1255 377 1324 παλαιᾷ,
408 1253 539 1304 διότι
569 1252 668 1304 οὐκ
699 1249 1001 1318 ὲκφοὸῆσαι
1030 1247 1307 1318 ἠϐούλετο,
1339 1245 1474 1300 ἀλλὰ
1497 1245 1725 1310 διδάξαι.

157 1348 256 1400 Ἐκ
287 1347 385 1414 τῆς
412 1344 639 1412 νεφέλης
670 1342 744 1407 ,δὲ
797 1344 828 1411 ἡ
863 1341 1038 1409 φωνὴ,
1089 1340 1176 1392 ἴνα
1205 1339 1356 1412 δείξῃ
1391 1339 1474 1391 ὃτι
1519 1341 1581 1390 ἐκ
1629 1338 1724 1389 τοῦ

143 1437 284 1489 Θεοῦ
317 1431 410 1506 ἦν.
438 1437 510 1487 Τὸ
529 1434 583 1486 δὲ
621 1423 715 1486 ’Ἐν
751 1426 795 1499 ᾧ
819 1432 1113 1501 εὐδόκησα,
1147 1431 1265 1483 ἀντὶ
1295 1429 1412 1494 τοῦ,
1448 1425 1491 1496 ᾧ
1524 1431 1730 1483 ἐπανα-

147 1527 398 1595 παύομαι
448 1525 543 1575 καὶ
597 1521 928 1591 ἀρέσκομαι.
1005 1519 1259 1572 Διδάσκει
1308 1519 1363 1572 δὲ
1410 1520 1492 1572 ὅτι
1553 1519 1728 1571 Αὑτοῦ

147 1618 402 1682 ἀκούετε,
456 1614 558 1667 κᾶν
616 1611 1004 1682 σταυρωθῆναι
1049 1610 1199 1682 θέλῃ,
1252 1612 1328 1682 μὴ
1382 1609 1729 1665 ὲναντιοῦσθε

146 1708 322 1774 αὐτῷ.

228 1818 248 1849 ε
296 1798 406 1852 Καὶ
437 1795 770 1860 ἀκούσαντες
817 1797 867 1850 οἱ
923 1795 1183 1866 μαθηταὶ,
1211 1793 1404 1848 ἔπεσον
1437 1794 1533 1847 ἰπὶ
1562 1794 1731 1865 πρόσ-

144 1905 300 1943 ωπον
322 1888 524 1954 αὐτῶν,
558 1891 650 1941 καὶ
671 1888 1013 1957 ὲφοδήθησαν
1044 1887 1272 1957 σφόδρα,
1307 1888 1397 1940 κα)⁵
1419 1885 1729 1958 προσελθὼν

839 579 1288 644 ENAHRATIO
1327 581 1406 642 IN
1449 575 1954 643 EVANGELIUM
1997 578 2388 641 MATTILEI.
2434 603 2494 612 -
2521 577 2682 637 CAP.
2721 574 2890 637 XVII

149 709 447 774 εὐδίκησα,
479 697 642 757 αὗτοῦ
680 697 928 756 ἀκούετε.
968 716 985 749 ι
1020 698 1091 751 Σὺ
1128 697 1248 767 μὶν,
1280 690 1326 748 ὦ
1357 696 1552 766 Πέτρε,
1595 712 1721 765 σκη-

1833 697 1998 749 citum
2045 705 2166 751 est:
2209 696 2380 763 ipsum
2416 690 2620 746 audite.
2659 708 2679 742 ›
2733 688 2812 744 Tu
2862 688 3099 759 quidem,
3145 700 3177 741 ο
3225 676 3438 759 Petre.l

3431 541 3435 578 l

3299 569 3439 634 330i

1832 786 2178 842 tabernacula
2209 787 2408 856 quan-is
2437 783 2744 838 manul'acta
2771 792 2827 835 ut
2849 781 2981 835 ﬁant
3012 778 3208 840 :Pater
3229 788 3411 834 autem

1829 879 1973 932 aliud
2016 875 2421 932 tabernaculum
2459 889 2564 929 non
2614 872 2981 928 manufactnm
3033 871 3230 926 nubent
3274 885 3410 925 con-

1829 969 2027 1033 stituit,
2058 977 2111 1023 et
2145 966 2384 1022 ostendit
2415 963 2559 1035 quod
2594 965 2732 1019 sicut
2767 963 2879 1031 ipse
2906 963 2959 1016 in
2989 963 3128 1016 nube
3159 961 3411 1030 apparuit

1830 1043 2070 1128 antiquis
2090 1057 2229 1110 Deus
2247 1056 2539 1118 exsistens,
2555 1054 2631 1108 sic
2650 1063 2695 1108 et
2717 1052 2882 1107 Filius
2900 1067 3049 1107 suus.
3066 1051 3264 1106 Lucida
3284 1065 3412 1106 vero

1832 1150 2024 1204 nebula
2056 1151 2157 1203 hoc
2183 1149 2323 1211 loco,
2353 1163 2456 1201 non
2506 1146 2802 1215 caliginosa
2837 1145 2976 1198 sicut
3013 1144 3065 1197 in
3094 1143 3299 1206 Veteri,
3347 1157 3413 1196 eo

1832 1242 1975 1311 quod
2028 1255 2131 1294 non
2179 1249 2459 1293 exterrere
2498 1237 2686 1303 voluit,
2737 1237 2832 1290 sed
2880 1235 3097 1288 docere.
3155 1234 3232 1288 Ex
3270 1234 3414 1286 nulie

1833 1341 2012 1386 autem
2034 1347 2157 1397 vox,
2187 1341 2244 1382 ut
2273 1330 2518 1384 ostendat
2540 1329 2681 1396 quod
2711 1342 2777 1381 ex
2812 1327 2919 1380 Deo
2950 1325 3040 1379 sit.
3070 1326 3123 1378 in
3148 1339 3253 1392 quo
3281 1327 3417 1378 bene

1837 1422 2218 1491 complacitum
2256 1420 2409 1486 mihi,
2438 1420 2539 1474 hoc
2570 1427 2671 1480 est.
2707 1431 2869 1485 super
2912 1431 3072 1486 quem
3107 1415 3416 1483 requiesco,

1831 1523 1883 1565 et
1918 1512 2008 1582 qui
2045 1511 2174 1565 mihi
2206 1509 2400 1579 placet.
2432 1509 2601 1564 Docet
2625 1521 2840 1578 quoque
2873 1507 3017 1560 illum
3045 1504 3416 1560 audiendum:

1833 1604 1994 1657 ctiatn
2031 1603 2075 1658 si
2105 1601 2344 1670 cruciligi
2371 1600 2618 1668 voluerit,
2651 1614 2716 1654 ne
2746 1597 3117 1654 obluetcmini.

1909 1789 2069 1844 Vens.
2119 1788 2236 1845 6-8.
2300 1807 2317 1841 ι
2376 1787 2442 1842 Et
2489 1801 2610 1842 cum
2662 1785 2777 1840 haec
2829 1786 3112 1840 audissent
3142 1782 3418 1855 discipuli,

1832 1886 2181 1955 prociderunt
2239 1885 2290 1938 in
2346 1881 2541 1938 faciem
2588 1898 2766 1946 suam,
2806 1891 2861 1936 et
2895 1883 3070 1935 territi
3094 1892 3221 1935 sunt
3247 1881 3420 1936 vehe-

147 1985 177 2034 6
222 1981 454 2051 Ἰησοῦς,
483 1979 658 2049 ἥψατο
700 1971 902 2044 αὐτῶν,
935 1979 1030 2032 καὶ
1063 1975 1216 2031 εἶπεν
1236 1992 1251 2009 ο
1307 1978 1602 2048 Ἐγέρθητε
1637 1978 1721 2030 καὶ

1844 1987 2076 2032 menter.
2132 1977 2200 2031 Et
2253 1976 2517 2030 accedens
2547 1973 2729 2036 Jesus,
2767 1972 2939 2042 tetigit
2996 1986 3090 2026 eos
3123 1979 3174 2026 et
3229 1971 3417 2025 dixit:

147 2073 227 2142 μὴ
266 2041 545 2139 deﬁciente:
585 2041 918 2140 Ἐπάραντες
935 2071 994 2123 δὲ
1022 2070 1146 2132 τοὺς
1175 2041 1492 2140 ὀφθαλμούς
1520 2041 1721 2134 αὐτῶν,

1835 2071 2069 2141 Surgite,
2096 2080 2149 2125 et
2180 2084 2248 2124 ne
2279 2068 2535 2123 timeatis.
2559 2041 3066 2135 Sulilevatisiigitur
3092 2062 3264 2120 oculis
3302 2062 3419 2117 suis

141 2165 341 2216 οὐδένα
373 2158 532 2225 εἶδον,
564 2164 612 2214 εί
649 2163 723 2231 μὴ
773 2163 864 2213 τὸν
911 2162 1117 2230 Ἰησοῦν
1156 2161 1340 2230 μόνον.
1388 2180 1406 2212 ι
1439 2162 1532 2230 Μὴ
1568 2163 1723 2227 ἐνεγ-

144 2256 337 2315 κόντες
369 2256 465 2324 τὴν
489 2253 809 2322 λαμπηδόνα
842 2251 934 2305 τοῦ
982 2254 1177 2321 νέφους
1204 2253 1255 2304 οἱ
1287 2252 1549 2322 μαθηταὶ,
1588 2251 1722 2322 μηδὲ

140 2348 245 2416 τὴν
278 2346 485 2415 φωνὴν,
536 2345 729 2398 επεσον
761 2345 964 2415 χαμαί·
1011 2340 1149 2414 ἦσαν
1179 2345 1234 2398 δὲ
1261 2347 1355 2398 καὶ
1386 2346 1432 2397 οἱ
1461 2345 1728 2414 ὀφθαλμοὶ

143 2438 329 2492 αὐτῶν
354 2436 507 2507 ὕπνῳ
535 2437 899 2508 βεϐαρημένοι
916 2453 930 2467 ·
955 2435 1122 2490 ὕπνον
1141 2437 1198 2490 δὲ
1224 2437 1371 2505 λέγει
1405 2436 1502 2506 τὴν
1529 2435 1729 2504 πολλὴν

146 2531 395 2599 χάρωσιν
427 2530 526 2598 τὴν
563 2529 669 2581 ἀπὸ
701 2531 797 2599 τῆς
833 2527 1046 2596 ὅψεως·
1083 2529 1170 2580 ἴνα
1200 2527 1257 2580 δδ
1292 2527 1368 2599 μὴ
1410 2528 1505 2579 ἐπὶ
1547 2527 1672 2580 πολὺ
1703 2529 1730 2579 6

143 2621 311 2690 φόϐος
349 2621 682 2690 παραμένων
715 2621 918 2695 ἐκϐάλῃ
960 2621 1059 2692 τὴν
1100 2623 1321 2691 μνήμην
1353 2621 1460 2674 τῶν
1507 2620 1733 2692 ὁραθένο

141 2729 274 2772 των,
304 2712 506 2780 ἐγείρει
535 2711 732 2775 αὐτοὺς
787 2713 878 2766 καὶ
917 2713 1198 2784 θαρῤύνει,
1239 2713 1334 2765 καὶ
1369 2712 1530 2782 μόνος
1555 2712 1716 2775 αὐτὸς

141 2801 498 2872 εὑρίσκεται,
559 2803 646 2856 ἵνα
692 2802 768 2873 μὴ
816 2805 1048 2876 νομίσῃς
1096 2806 1179 2858 ὃτι
1239 2805 1369 2873 περὶ
1423 2802 1730 2872 Μωσέωςῆ

1832 2163 2099 2217 neminem
2129 2163 2399 2228 viderunt,
2432 2161 2534 2216 nisi
2555 2159 2740 2215 Jesum
2767 2161 2997 2215 solum.»
3032 2159 3284 2227 Discipuli
3312 2173 3418 2211 non

1835 2255 2071 2310 ferentes
2121 2254 2385 2324 fulgorem
2419 2252 2599 2316 nubis,
2634 2266 2809 2322 neque
2855 2266 3063 2314 vocem,
3105 2250 3422 2305 ceciderunt

1834 2347 1885 2400 in
1915 2357 2132 2412 terram,
2153 2355 2209 2400 et
2230 2345 2373 2400 oculi
2397 2359 2585 2400 eorum
2605 2343 2760 2415 quasi
2784 2357 2975 2398 somno
2996 2342 3203 2413 gravati
3234 2348 3414 2396 erant.

1837 2437 2098 2492 Somnum
2141 2436 2274 2491 dicit
2303 2436 2525 2490 multam
2565 2436 2939 2507 gravationem
2972 2450 3001 2488 a
3034 2435 3174 2490 visu.
3215 2433 3295 2489 Ne
3321 2446 3421 2487 au-

1838 2540 1942 2584 tem
1971 2530 2133 2584 timor
2159 2529 2362 2584 diutius
2393 2528 2635 2585 insidens
2674 2529 2859 2597 ejiciat
2890 2528 3206 2583 memoriam
3229 2541 3417 2583 eorum

1829 2635 1949 2690 qua:
1978 2619 2245 2685 viderant,
2285 2621 2514 2675 suscitat
2569 2634 2662 2674 eos
2688 2628 2743 2673 et
2773 2619 2998 2682 animat,
3029 2617 3286 2687 solusque
3304 2617 3420 2686 ipse

1829 2721 2130 2780 comparet,
2161 2727 2228 2767 ne
2264 2726 2419 2782 putes
2452 2711 2595 2782 quod
2627 2712 2692 2765 de
2715 2710 2862 2766 Mose
2891 2711 2975 2765 vel
3007 2710 3120 2766 Elia
3143 2725 3249 2766 vox
3273 2710 3416 2766 dicta

1836 2802 1928 2867 sit,
1961 2803 2056 2858 sed
2085 2803 2151 2858 de
2180 2801 2299 2872 ipso
2327 2819 2342 2858 :
2384 2803 2498 2873 ipse
2520 2802 2664 2859 enim
2698 2813 2781 2859 est
2806 2802 2996 2859 Filius.

154 2891 339 2946 Ἠλιοῦ
368 2888 485 2962 ἧνή
510 2895 681 2964 φωνὴ,
701 2895 838 2949 ἀλλὰ
873 2899 1004 2968 περὶ
1029 2896 1194 2952 αὐτοῦ
1214 2913 1228 2925 °
1263 2897 1425 2961 αὐτὸς
1450 2898 1556 2968 γάρ
1584 2897 1730 2950 ἐστιν
1767 2897 1796 2948 6
1821 2896 1969 2960 Υἱός.

216 3033 236 3064 ι
270 3014 376 3066 Καὶ
411 3013 862 3069 καταϐαινόντων
911 3017 1094 3070 αὐτῶν
1139 3016 1247 3070 ἀπὸ
1281 3017 1372 3068 τοῦ
1425 3017 1604 3087 ὅρους,
1644 3017 1756 3069 ἔνι’

141 3107 392 3160 ετείλατο
421 3109 598 3169 αὐτοῖς
633 3109 661 3160 6
704 3109 933 3178 Ἰησοῦς,
960 3109 1156 3176 λέγων’
1200 3108 1406 3178 Μηδενὶ
1451 3109 1642 3180 εῖπητε
1669 3108 1729 3160 τὸ

140 3195 330 3264 ὅραμα
364 3195 469 3258 ἕως
498 3190 558 3248 οῦ
588 3197 615 3247 6
648 3197 774 3258 Υἱὸς
804 3197 898 3250 τοῦ
932 3197 1223 3268 ἀνθρώπου
1260 3199 1324 3251 ὲκ
1351 3198 1560 3268 νεκρῶν
1593 3199 1724 3251 ἀνα-

1911 3015 2077 3070 Vens.
2103 3015 2154 3069 θ.
2189 3035 2208 3067 ι
2257 3014 2468 3071 Etcum
2497 3015 2885 3071 descenderent
2905 3014 2972 3070 de
2991 3025 3198 3081 monte,
3219 3030 3422 3084 prece-

1836 3108 1912 3177 pit
1944 3107 2048 3162 illis
2088 3106 2266 3172 Jesus,
2327 3107 2515 3162 dicens
2552 3125 2564 3160 :
2612 3105 2688 3162 Ne
2718 3107 2804 3160 cui
2852 3106 3101 3160 dixeritis
3149 3106 3415 3162 visionem

1837 3199 1996 3264 hanc,
2031 3198 2206 3253 donec
2250 3196 2419 3252 Filius
2472 3196 2710 3250 hominis
2749 3211 2780 3250 e
2813 3194 3041 3251 mortuis
3086 3205 3356 3266 resurgat.
3393 3215 3414 3248 ι

142 3290 269 3354 στῇ.
311 3303 330 3336 ι
379 3288 480 3338 Διὰ
539 3289 1047 3359 ταπεινοφροσύνην
1099 3289 1465 3359 παραγγέλλει
1535 3287 1721 3358 μηδενὶ

1830 3289 2052 3357 Pr0pter
2138 3289 2497 3343 humilitatem
2563 3286 2849 3341 denuntiat
2911 3286 3043 3340 nulli
3098 3286 3412 3350 dicendum,

141 3379 340 3439 εἰπεῖν,
379 3380 472 3430 καὶ
510 3378 628 3446 ἅμα
661 3380 749 3432 ἵνα
787 3383 862 3450 μὴ
915 3380 1377 3434 σκανδαλισθῶσιν
1411 3381 1458 3433 oi
1496 3377 1720 3434 ἀκούον-

140 3486 232 3528 τες
256 3469 498 3534 τοιαῦτα,
527 3470 749 3541 ὕστερον
779 3472 1177 3542 σταυρούμενον
1209 3471 1498 3541 βλέποντες
1529 3472 1715 3524 αὐτόν.

153 3560 448 3629 Ἐνόμισαν
475 3562 583 3630 γὰρ
604 3561 670 3614 ἂν
701 3561 864 3614 αὑτὸν
893 3562 1097 3615 πλάνον
1139 3559 1297 3628 εἶναι,
1335 3565 1476 3615 κατὰ
1515 3580 1720 3630 φανττιι⁹

143 3654 270 3704 σίαν
298 3655 598 3724 ποιήσαντα
625 3654 692 3706 τὰ
713 3653 1027 3724 θεοπρεπῆ.
1059 3656 1131 3706 Σὺ
1171 3654 1227 3707 6's
1259 3654 1422 3726 μάθε.
1456 3658 1538 3708 ὅτι
1585 3654 1723 3724 μετὰ

139 3742 464 3815 ἰξὴμέρας,
519 3745 787 3809 τουτέστι,
848 3749 987 3816 μετὰ
1043 3748 1134 3799 τὸν
1186 3749 1390 3816 κόσμον
1438 3747 1528 3800 τὸν
1579 3747 1723 3812 ὲνέξ

143 3836 379 3905 ἡμέραις
429 3837 922 3908 δημιουργηθέντα,
958 3837 1108 3907 ήτοῦ
1156 3837 1290 3890 Θεοῦ
1334 3837 1572 3908 θεωρία*
1627 3836 1720 3890 ἐὰν

140 3929 251 3998 γὰρ
301 3929 401 3997 οὐχ
452 3930 692 3999 ύπερόῇς
736 3931 825 3981 τὸν
878 3933 1102 4000 κόσμον,
1140 3931 1235 3983 καὶ
1288 3929 1514 3999 semota;
1555 3931 1614 3981 ὲν
1641 3928 1720 3999 τῷ

139 4020 283 4088 ερει,
313 4021 378 4072 οὐ
411 4020 486 4091 μὴ
525 4021 639 4091 ἴδῃς
691 4021 947 4091 λαμπρὰ,
994 4021 1119 4074 οὔτε
1167 4021 1230 4073 τὸ
1281 4022 1570 4090 πρόσωπον
1628 4021 1720 4072 τοῦ

139 4109 344 4182 Ἰησοῦ,
363 4113 462 4178 τὴν
485 4111 714 4181 θεότητα
731 4112 892 4179 λέγω,
915 4111 1040 4163 οὔτε
1058 4112 1126 4163 τὰ
1155 4112 1367 4179 ἱμάτια,
1391 4111 1488 4181 τὴν
1510 4110 1686 4180 σάρκα
1704 4125 1717 4139 ⁸

142 4204 274 4265 ίδοις
308 4203 367 4255 δὲ
400 4203 522 4255 τότε
553 4205 646 4255 καὶ
698 4203 904 4273 Μωσῆν
954 4204 1050 4256 καὶ
1087 4201 1278 4256 Ἠλίαν
1329 4203 1722 4264 συλλαλοῦντας

138 4293 218 4363 τῷ
281 4295 498 4364 Ἰησοῦ·
535 4298 562 4348 6
591 4297 698 4366 γὰρ
754 4295 919 4364 νόμος
969 4296 1064 4348 καὶ
1111 4297 1160 4348 οῖ
1224 4298 1501 4367 προφῆται
1557 4296 1649 4348 καὶ
1693 4296 1721 4346 6

150 4386 363 4454 Ἰησοῦς
414 4386 474 4438 ἓν
529 4387 746 4441 λαλοῦσι
791 4390 886 4442 καὶ
939 4387 1342 4457 συμφωνοῦσιν.
1415 4387 1574 4441 Ἀλλὰ
1627 4389 1720 4440 καὶ

137 4475 268 4527 ὅταν
298 4475 472 4547 εὓρης
499 4477 623 4530 τινὰ
666 4478 1038 4548 ἑρμηνεύοντα
1073 4482 1134 4532 τὸ
1156 4479 1256 4546 τῆς
1287 4478 1511 4548 Γραφῆς
1541 4478 1720 4547 νόημα

1823 3381 1935 3450 90
1963 3391 2125 3448 atque
2161 3380 2324 3433 etiam
2358 3392 2424 3431 ne
2452 3375 2797 3431 oﬁ'endantur
2850 3375 2943 3445 qui
2993 3377 3217 3431 audiunt
3263 3376 3414 3439 talia,

1826 3483 2008 3540 postea
2039 3471 2214 3540 ipsum
2246 3469 2483 3536 οι·υοίηεὶ
2506 3469 2780 3534 videntes.
2812 3466 3101 3522 Putassent
3127 3467 3271 3521 enim
3307 3466 3410 3519 im-

1825 3579 2096 3638 pnstorem
2136 3563 2324 3632 fuisse,
2363 3543 2586 3635 haecque
2618 3565 2792 3632 solum
2836 3573 3164 3636 apparenter
3191 3563 3412 3618 fecisse.

1828 3660 1906 3714 Tu
1934 3670 2112 3712 autem
2138 3659 2306 3720 disce,
2337 3667 2456 3726 post
2478 3672 2569 3711 sex
2595 3657 2731 3722 dies,
2763 3658 2814 3710 id
2840 3665 2943 3719 est,
2973 3665 3096 3726 post
3125 3655 3412 3721 mundum,

1827 3749 1918 3815 qui
1953 3763 2046 3802 sex
2085 3747 2279 3802 diebus
2331 3748 2582 3801 conditus
2621 3757 2725 3810 est,
2771 3745 2864 3800 Dei
2901 3746 3409 3815 contemplationem

1825 3841 2081 3894 futuram.
2108 3840 2215 3892 l\isi
2246 3841 2389 3893 enim
2417 3838 2736 3893 transiveris
2767 3839 3048 3901 mundum,
3075 3845 3125 3891 et
3145 3837 3412 3891 exaltatus

1824 3930 1991 3984 fueris
2040 3932 2090 3984 in
2129 3941 2330 3994 monte,
2366 3946 2705 4000 nequaquam
2761 3929 2969 3983 videbis
3031 3929 3200 3994 clara,
3237 3943 3412 3998 neque

1824 4023 2017 4077 faciem
2039 4020 2192 4082 Jcsu.
2239 4021 2491 4076 deitatem
2524 4023 2645 4076 dico
2682 4039 2696 4076 :
2739 4036 2914 4091 neque
2939 4031 3167 4085 vestem,
3202 4023 3302 4074 hoc
3327 4024 3412 4075 est

1837 4131 2080 4170 carnem.
2139 4115 2337 4170 Videre
2385 4126 2561 4170 autem
2613 4125 2740 4170 tunc
2779 4117 2982 4185 poteris
3039 4125 3093 4170 et
3127 4115 3311 4170 Mosen
3353 4128 3411 4169 et

1825 4206 1993 4260 Eliam
2029 4206 2398 4276 colloquentes
2435 4205 2567 4261 Jesu
2601 4225 2615 4261 :
2653 4208 2737 4262 lex
2767 4209 2910 4263 enim
2942 4216 2995 4262 et
3044 4209 3321 4276 propheta:
3353 4219 3408 4262 et

1822 4296 1980 4353 Jesus
2014 4314 2180 4352 unum
2227 4299 2518 4368 loquuntur
2549 4309 2603 4355 et
2629 4309 2950 4354 COﬂSOIIaﬂL
2982 4299 3120 4366 Quin
3178 4311 3233 4354 et
3280 4316 3404 4353 cum

1828 4391 2103 4447 inveneris
2132 4392 2418 4462 quemdam
2453 4407 2672 4447 sensum
2716 4392 3012 4460 Scriptura:
3039 4392 3185 4448 clare
3237 4392 3409 4448 inter-

1823 4491 2146 4551 pretantem,
2202 4497 2468 4550 cognosce
2521 4484 2663 4552 quod
2707 4483 2797 4537 ille
2845 4483 3037 4539 faciem
3078 4483 3204 4539 Jesu
3257 4485 3409 4541 clare

137 4565 435 4638 λαμπρῶς,
473 4569 707 4635 γίνωσκε
741 4569 931 4621 τοῦτον
979 4569 1040 4623 τὸ
1067 4569 1361 4640 πρόσωπον
1390 4569 1486 4622 τοῦ
1544 4568 1718 4640 Ἰησοῦ

1830 4573 2009 4628 videat
2038 4590 2051 4626 :
2086 4573 2226 4643 quod
2263 4572 2309 4628 si
2337 4583 2390 4628 et
2426 4577 2586 4629 verba
2645 4574 2881 4629 declaret
2911 4585 2965 4630 et
2998 4578 3288 4644 conspicua
3320 4578 3406 4632 fa-

136 4652 413 4726 λαμπρῶς
443 4655 660 4727 βλέπειν
681 4673 698 4688 ο
727 4659 777 4710 εί
796 4658 855 4711 δὲ
885 4658 980 4711 καὶ
1010 4659 1108 4721 τὰς
1140 4657 1314 4722 λέξεις
1345 4657 1605 4726 διασαφεῖ
1628 4659 1721 4710 καὶ

1830 4665 1959 4729 ciat,
1993 4664 2079 4718 hic
2106 4673 2161 4720 et
2185 4674 2362 4719 vestes
2391 4664 2518 4719 Jesu
2548 4665 2803 4720 candidas
2820 4667 2982 4722 videt.
3012 4667 3201 4722 Vestes
3233 4669 3405 4731 enim,

135 4744 488 4816 λαμπρύνει,
564 4741 720 4812 οὗτος
795 4751 889 4802 καὶ
960 4749 1031 4803 τὰ
1101 4750 1294 4820 ἱμάτια
1370 4749 1464 4802 τοῦ
1546 4747 1720 4819 Ἰησοῦ

135 4833 308 4888 λευκὰ
341 4835 558 4905 βλέπειν
594 4837 782 4908 ίμάτια
829 4839 940 4908 γὰρ
969 4839 1077 4892 τῶν
1124 4839 1412 4910 νοημάτων
1440 4841 1495 4892 αί
1525 4838 1718 4905 λέξεις.

137 4927 305 4981 Ἀλλὰ
343 4929 419 4999 μὴ
446 4932 608 5004 stunc
635 4933 776 4986 κατά
823 4934 1049 5003 Πέτρον,
1090 4952 1108 4985 t
1145 4933 1325 4988 Καλόν
1371 4936 1520 4988 ἐστιν
1572 4938 1720 5006 ἡμᾶς

133 5013 238 5071 ὦδε
281 5014 443 5072 εἶναι·
493 5041 510 5074 ι
546 5023 632 5074 ἀεὶ
658 5023 768 5092 γὰρ
813 5024 1150 5093 προκόπτειν
1182 5026 1264 5078 δεῖ
1309 5027 1401 5079 καὶ
1456 5026 1517 5078 οὐ
1550 5045 1719 5080 κατα-

1825 4770 2080 4809 sensuum
2141 4755 2426 4810 dictiones.
2476 4752 2580 4809 Sed
2654 4770 2722 4809 ne
2777 4755 2982 4812 dixeris
3040 4773 3164 4813 cum
3220 4758 3405 4826 Petro,

1829 4867 1848 4900 ι
1896 4848 2098 4902 Bonum
2125 4857 2208 4904 est
2251 4864 2350 4903 nos
2381 4847 2469 4903 hic
2514 4863 2672 4912 esse;
2710 4867 2730 4901 ι
2768 4865 2892 4904 nam
2925 4861 3141 4920 oportet
3191 4868 3408 4923 semper

1823 4940 2106 5008 prolicere,
2136 4949 2192 4994 et
2213 4954 2318 4994 non
2343 4955 2664 5010 permanere
2695 4941 2745 4994 in
2775 4955 2882 4996 uno
2905 4944 3075 5011 gradu
3108 4943 3322 5001 virtutis
3348 4956 3406 5002 et

1825 5033 2321 5102 contemplationis,
2351 5034 2444 5089 sed
2479 5035 2545 5090 ad
2578 5033 2683 5088 alia
2723 5033 2982 5090 transire.

135 5112 326 5181 μένειν
361 5113 421 5165 εν
445 5114 524 5166 ἑνὶ
559 5114 752 5184 βαθμῷ
790 5115 990 5185 ἀρετῆς
1028 5119 1123 5170 καὶ
1154 5117 1410 5189 θεωρίας,
1442 5119 1579 5173 ἀλλὰ
1613 5122 1708 5174 καὶ
1746 5121 1984 5193 ἀλλαχοῦ
2021 5124 2394 5196 μεταϐαίνειν.

208 5248 228 5281 ι
276 5229 396 5283 Καὶ
441 5229 804 5301 ιπηρόηησαν
843 5233 1006 5287 αὐτον
1041 5237 1090 5287 οῖ
1120 5235 1362 5308 μαθηταὶ
1399 5237 1588 5303 αὐτοῦ,
1620 5237 1711 5291 λέ-

132 5337 360 5390 γοντεςο
399 5319 463 5373 Τί
493 5320 584 5374 οὖν
621 5323 671 5374 οῖ
703 5324 1055 5395 Γραμματεῖς
1088 5327 1341 5396 λέγουσιν
1382 5330 1465 5383 ὅτι
1527 5331 1713 5384 Ἠλίαν

127 5408 210 5463 δεῖ
237 5411 422 5465 ἐλθεῖν
456 5412 700 5480 aptium;
732 5431 751 5464 ι
795 5414 1144 5482 ’Δπατῶντες
1171 5419 1264 5472 τὸν
1293 5420 1420 5472 λαὸν
1450 5422 1498 5472 οἱ
1528 5421 1567 5472 Γ
1574 5439 1712 5492 ραμ-

131 5504 329 5571 ματεῖς
380 5501 568 5569 ελεγον
612 5504 693 5556 ὅτι
728 5506 827 5558 οὐκ
868 5502 935 5576 ἦν
985 5509 1145 5574 αὑτὲς
1175 5513 1203 5564 6
1237 5512 1493 5581 Χριστός
1527 5515 1575 5565 εί
1607 5514 1711 5582 γὰρ

127 5589 216 5662 ἢν,
263 5593 453 5656 Ἠλίας
483 5593 549 5646 ἂν
578 5596 780 5665 ἤρχετο
829 5599 1069 5668 πρῶτον,
1126 5602 1450 5667 ἀγνοοῦντες
1485 5607 1566 5660 ὅτι
1619 5606 1711 5657 δύο

127 5684 220 5736 τοῦ
249 5685 494 5754 Χριστοῦ
531 5689 848 5756 παρουσίαι,
879 5684 954 5742 ὧν
984 5693 1081 5760 τῆς
1106 5694 1205 5760 μὶν
1233 5698 1454 5765 πρώτης
1480 5697 1707 5765 «9669)-

131 5774 280 5841 μοῖδ
335 5774 614 5840 Ἰωάννης.
665 5775 762 5843 τῆς
800 5775 853 5827 δὲ
894 5777 1176 5846 δευτέρας.
1217 5782 1244 5830 ὁ
1282 5782 1483 5844 Ἠλίας.
1529 5785 1705 5851 Ὅπερ

127 5859 218 5917 οῦν
247 5865 344 5918 καὶ
367 5867 398 5916 6
426 5863 662 5932 Χριστὸς
693 5866 987 5936 ἑρμηνεύει
1019 5873 1129 5932 τοῖς
1183 5873 1471 5942 μαθηταις.
1502 5875 1701 5926 Ἄκουε

128 5953 256 6026 γάρ.

413 6047 694 6108 Ριτιιοι..
723 6047 835 6110 GR.
885 6050 984 6111 CX
1001 6052 1168 6113 XIII.

1887 5241 2048 5298 νεεδ.
2085 5244 2172 5322 10..
2207 5261 2224 5294 ι
2253 5241 2316 5294 Ει
2354 5243 2821 5315 interrogaverunt
2853 5245 3004 5300 illum
3034 5247 3286 5320 discipuli
3315 5254 3401 5307 sui

1815 5335 2057 5392 dicentes
2091 5355 2105 5390 :
2143 5337 2320 5404 Quare
2355 5338 2519 5409 igitur
2571 5341 2772 5396 ScribaD
2816 5343 3003 5398 dicunt
3035 5347 3176 5414 quod
3225 5346 3397 5402 Eliam
3457 5346 3459 5349 ’

1814 5438 2024 5496 oportet
2085 5429 2270 5483 venire
2317 5432 2638 5498 primum?)
2712 5433 3054 5503 Decipientes
3137 5438 3396 5508 pupulum

1816 5520 2017 5573 Scribze
2045 5520 2293 5575 dicebant
2326 5523 2466 5591 quod
2492 5524 2604 5592 ipse
2639 5540 2744 5578 non
2774 5536 2917 5581 esset
2943 5526 3230 5584 Christus:
3268 5545 3394 5584 nam

1816 5611 1858 5663 si
1894 5619 2061 5674 esset,
2114 5609 2262 5667 Elias
2303 5614 2538 5679 primum
2573 5617 2807 5671 venisset
2847 5636 2860 5671 :
2899 5619 3210 5689 ignorantes
3249 5624 3391 5690 quod

1815 5699 1918 5752 duo
1990 5703 2254 5756 adventus
2287 5703 2510 5767 Christi,
2565 5719 2794 5772 quorum
2860 5711 3019 5777 primi
3083 5707 3393 5765 Prsecursor

1812 5786 2065 5856 Joannes,
2116 5795 2335 5846 se¢undi
2367 5803 2543 5848 autem
2577 5795 2735 5850 Elias.
2769 5797 2858 5852 Sic
2889 5800 3031 5853 enim
3069 5810 3121 5854 et
3145 5801 3389 5856 Christus

1815 5879 2196 5949 interpretatur
2233 5885 2527 5952 discipulis.
2564 5885 2698 5939 Audi
2735 5889 2899 5940 enim.

2887 6070 2954 6128 11
