4030 6624
3477 493 3480 508 l

3477 519 3481 550 l

192 569 298 632 329
887 557 1334 620 ENARRATIO
1374 558 1454 618 IN
1496 553 2000 620 EVANGELIUM
2043 555 2434 618 MATTIL'EL
2481 580 2540 590 -
2568 555 2728 615 CAP.
2768 553 2935 616 XVII
3344 548 3485 643 3730;;

3477 655 3484 694 l

193 686 496 752 εὑδεκησα,
527 675 689 733 αὑτοῦ
727 674 976 733 ἀκούετε.
1015 692 1032 725 ι
1067 675 1139 727 ΣΞ)
1175 673 1295 744 μὲν,
1327 666 1373 725 ὦ
1404 672 1598 742 Πέτρε,
1642 689 1764 742 σκη-

1879 673 2044 726 citum
2091 681 2213 728 est:
2255 673 2427 740 ipsum
2463 668 2667 723 audite.
2707 685 2726 720 ›
2779 667 2858 722 'l'u
2909 667 3144 737 quidem,
3191 679 3222 719 ο
3271 662 3482 738 Petreﬂ1

193 776 293 838 νὰς
343 776 528 842 ζητεῖς
577 769 990 842 χειροποιήτους
1040 765 1329 834 γενέσθαι·
1378 767 1406 816 6
1455 766 1511 819 δὲ
1563 765 1764 835 Πατὴρ,

1879 763 2224 818 tabernacula
2255 764 2456 833 quaeris
2483 760 2790 816 manulacta
2817 770 2874 814 ut
2896 760 3028 814 liant
3058 757 3254 818 :Pater
3275 766 3457 812 autem

196 866 364 933 ἄλλην
398 861 604 932 σκηνὴν
648 859 1065 934 ἀχειροποίητον
1102 854 1200 924 τὴν
1234 853 1467 924 νεφέλην
1510 855 1764 924 περιστή-

1875 855 2020 909 aliud
2063 853 2468 909 tabernaculum
2505 867 2611 907 non
2661 849 3028 905 manufactum
3079 850 3275 904 nubem
3320 863 3456 902 cun-

198 973 322 1018 ca;_,
355 953 591 1006 δεικνύει
629 954 709 1004 ὅτι
757 951 944 1018 ὥσπερ
995 948 1158 1010 αὐτὸς
1186 939 1244 999 ἐν
1271 945 1470 1017 νεφέλη
1523 945 1764 1014 ἐφαίνετο

1875 947 2073 1010 stituit,
2105 954 2158 1000 et
2191 944 2431 999 ostendit
2462 941 2606 1012 quod
2641 942 2779 996 sicut
2814 941 2926 1008 ipse
2954 941 3006 994 in
3035 941 3174 994 nube
3205 938 3458 1008 apparuit

191 1051 305 1110 τοῖς
364 1047 616 1106 παλαιοῖς
663 1042 793 1105 Θεὸς
855 1039 950 1102 ὢν,
1007 1040 1151 1093 οὓτω
1205 1040 1299 1092 καὶ
1329 1041 1359 1093 6
1403 1038 1567 1091 αὑτοῦ
1623 1038 1764 1100 Υίός.

1876 1021 2116 1104 antiquis
2137 1034 2276 1088 Deus
2293 1033 2586 1095 exsistens,
2602 1032 2679 1086 sic
2697 1041 2742 1085 et
2763 1029 2929 1084 Filius
2947 1046 3095 1085 suus.
3113 1029 3310 1083 Lucida
3330 1043 3459 1084 vero

190 1140 436 1209 Φωτεινὴ
467 1138 521 1191 δὲ
553 1140 584 1207 η
608 1135 803 1205 νεφέλη
832 1133 1088 1196 ἐνταῦθα,
1121 1133 1180 1185 οὐ
1204 1131 1491 1201 γνοφώδης
1517 1131 1676 1193 ὡς’έν
1705 1135 1764 1202 τῇ

1879 1127 2071 1181 nebula
2103 1127 2204 1180 hoc.
2230 1125 2370 1189 loco,
2399 1140 2502 1178 non
2553 1124 2849 1192 caliginosa
2884 1122 3023 1176 sicut
3059 1122 3111 1174 in
3141 1120 3344 1183 Veteri,
3393 1135 3459 1173 eo

192 1232 423 1301 πιλαεᾷ,
455 1231 586 1281 διότι
615 1229 715 1280 οὐκ
745 1226 1047 1295 ἐκφοϐῆσαι
1076 1224 1353 1294 ἠϐούλετο,
1385 1221 1521 1276 ἀλλὰ
1544 1223 1764 1287 διδάξαι.

1879 1219 2021 1288 quod
2074 1233 2177 1272 non
2226 1225 2506 1269 exterrere
2545 1214 2733 1280 voluit,
2785 1215 2878 1267 sed
2927 1213 3144 1266 docere.
3201 1211 3277 1265 Ex
3316 1212 3461 1264 nube

202 1325 302 1377 Ἕκ
334 1323 432 1390 τῆς
459 1321 685 1389 νεφέλης
715 1317 790 1382 ,δὲ
843 1321 874 1387 ὴ
909 1318 1084 1385 φωνὴ,
1135 1317 1221 1368 ῖνα
1251 1315 1402 1388 δείξῃ
1438 1315 1520 1368 ὅτι
1565 1317 1627 1367 ἐκ
1676 1315 1764 1366 τοῦ

1879 1318 2060 1364 autem
2081 1323 2203 1373 vox,
2233 1317 2290 1360 ut
2320 1307 2565 1360 ostendat
2587 1305 2728 1373 quod
2758 1319 2823 1358 ex
2858 1304 2966 1357 Deo
2997 1302 3086 1356 sit.
3115 1303 3170 1356 In
3194 1316 3299 1368 quo
3327 1304 3464 1356 bene

189 1414 331 1466 Θεοῦ
364 1408 456 1482 ἢν.
485 1413 556 1464 Τὸ
575 1411 629 1463 δὲ
667 1400 761 1463 ’Ἑν
797 1403 841 1476 ᾧ
865 1409 1159 1478 εὐδόκησα,
1193 1408 1312 1460 ἀντὶ
1341 1406 1459 1470 τοῦ,
1494 1402 1537 1473 ᾧ
1571 1407 1764 1459 ἐπανα-

1883 1399 2264 1468 cOmplacitum
2302 1397 2455 1463 mihi,
2485 1398 2586 1452 hoc
2617 1404 2718 1458 est,
2753 1409 2916 1463 super
2958 1409 3118 1463 quem
3153 1393 3462 1460 requiesco,

192 1481 444 1571 παύομαι
494 1501 588 1552 καὶ
642 1498 974 1568 ἁρέσκομαι.
1052 1495 1305 1549 Διδάσκει
1354 1496 1409 1549 δὲ
1456 1497 1539 1548 ὅτι
1599 1495 1764 1548 Αὑτοῐ

1878 1500 1930 1542 et
1964 1489 2054 1559 qui
2091 1488 2220 1542 mihi
2252 1486 2446 1557 placet.
2479 1485 2648 1541 Docet
2672 1497 2886 1555 quoque
2919 1485 3063 1537 illum
3091 1481 3462 1538 audiendum:

193 1594 448 1657 ἀκούετε,
503 1590 604 1644 κᾶν
662 1587 1050 1659 σταυρωθῆναι
1095 1587 1245 1659 θέλῃ,
1298 1588 1374 1659 μὴ
1428 1586 1764 1642 ὲναντιοῦσθε

1879 1580 2041 1634 ctiam
2078 1580 2121 1635 si
2151 1578 2391 1647 crucitigi
2417 1578 2665 1644 voluerit,
2698 1591 2763 1631 ne
2792 1575 3163 1632 obluctemini.

192 1702 368 1751 αυτηκ

272 1794 293 1826 ι
342 1774 452 1828 Καὶ
483 1771 816 1837 ἀκούσαντες
863 1773 912 1826 οἱ
968 1771 1229 1843 μαθηταὶ,
1257 1770 1450 1824 ἔπεσον
1484 1770 1580 1824 Ini.
1608 1771 1764 1842 πρόσ-

1955 1766 2114 1821 Vsns.
2165 1765 2282 1822 6-8.
2346 1784 2363 1818 ι
2422 1765 2488 1819 Et
2536 1779 2657 1820 cum
2709 1763 2823 1817 haec
2875 1763 3157 1818 audissent
3187 1759 3463 1832 discipuli,

189 1881 346 1920 ωπον
368 1865 570 1930 αὐτῶν,
604 1867 696 1917 καὶ
717 1864 1059 1934 ἐφοϐήθησαν
1091 1862 1318 1933 σφόδρα,
1353 1864 1443 1917 καλ⁵
1465 1862 1764 1934 προσελθὼν

1878 1863 2228 1931 prociderunt
2285 1862 2337 1915 in
2393 1859 2587 1915 faciem
2635 1876 2811 1924 suam,
2852 1868 2906 1913 et
2940 1860 3116 1912 territi
3139 1869 3266 1912 sunt
3293 1859 3466 1913 velte-

192 1961 222 2010 6
267 1957 500 2027 Ἰησοῦς,
528 1955 704 2025 ἥψατο
746 1948 948 2019 αὐτῶν,
981 1956 1076 2008 καὶ
1109 1951 1262 2008 εἶπεν
1282 1969 1297 1985 ·
1353 1954 1648 2025 Ἐγέρθητε
1683 1955 1764 2006 καῖ

1891 1965 2123 2008 menter.
2179 1954 2246 2007 Et
2299 1953 2563 2007 accedens
2594 1949 2774 2014 Iesus,
2813 1949 2984 2020 tetigit
3041 1963 3135 2004 eos
3168 1957 3220 2003 et
3274 1948 3462 2002 dixit:

193 2049 271 2118 μὴ
312 2017 591 2115 φοὸεἰσυεξ
630 2017 963 2116 Ἐπάραντες
979 2047 1040 2099 δὲ
1067 2047 1192 2108 τοὺς
1221 2017 1539 2116 ὀφθαλμοῦς
1566 2017 1764 2110 αὐτῶν,

1881 2047 2116 2118 Surgite,
2142 2057 2195 2102 et
2225 2061 2294 2101 ne
2325 2045 2581 2100 timeatis.
2606 2017 3112 2112 Sublevatis‘igitur
3136 2040 3309 2097 oculis
3347 2040 3464 2095 suis

185 2140 387 2192 οὐδένα
419 2135 578 2201 εἶδον,
611 2141 658 2190 εὶ
695 2139 768 2208 μὴ
820 2140 910 2189 τὸν
957 2138 1163 2207 Ἰησοῦν
1201 2137 1386 2207 μόνον.
1434 2157 1452 2188 ι
1485 2138 1579 2207 Μὴ
1615 2139 1764 2204 ἐνεγ-

1879 2140 2145 2194 neminem
2175 2140 2446 2205 viderunt,
2478 2138 2580 2192 nisi
2602 2137 2786 2193 Jesum
2813 2138 3042 2192 solum.»
3077 2136 3329 2204 Discipuli
3356 2150 3463 2189 non

188 2231 383 2291 κόντες
414 2232 511 2300 τὴν
535 2229 855 2299 λαμπηδόνα
888 2228 980 2281 τοῦ
1027 2231 1223 2298 νέφους
1251 2229 1301 2281 oi.
1333 2229 1596 2299 μαθηταὶ,
1634 2228 1764 2299 μηδὲ

1881 2232 2118 2287 ferentes
2168 2231 2432 2300 fulgorem
2464 2229 2645 2293 nubis,
2680 2244 2855 2298 neque
2901 2243 3109 2292 vocem,
3150 2227 3467 2282 ceciderunt

184 2324 290 2392 τὴν
324 2323 531 2391 φωνὴν,
581 2322 774 2374 επεσον
807 2321 1010 2391 χαμαίο
1056 2316 1194 2390 ἦσαν
1225 2321 1280 2375 δὲ
1307 2323 1401 2375 καὶ
1432 2323 1479 2374 οί
1507 2322 1764 2391 ὀφθαλμοῖ

1880 2323 1932 2378 in
1962 2334 2179 2389 terram,
2200 2331 2256 2377 et
2277 2323 2419 2377 oculi
2444 2336 2631 2377 eorum
2652 2320 2806 2392 quasi
2830 2334 3020 2375 somno
3042 2319 3248 2390 gravati
3279 2326 3460 2374 erant.

187 2414 374 2467 αὐτῶν
399 2412 553 2483 ὕπνῳ
581 2412 944 2483 βεὸαρημένοι
962 2429 976 2443 ο
1001 2411 1168 2467 ῦπνον
1187 2413 1244 2466 δὲ
1271 2414 1418 2482 λέγει
1452 2413 1548 2484 τὴν
1576 2411 1764 2480 πολλὴν

1883 2414 2144 2468 Somnum
2187 2413 2321 2468 dicit
2350 2413 2572 2467 multam
2611 2413 2985 2484 gravationem
3018 2427 3046 2464 a
3080 2412 3220 2467 visu.
3261 2410 3340 2466 Ne
3367 2423 3467 2465 au-

191 2506 441 2574 κάρωσιν
472 2505 572 2574 τὴν
609 2505 714 2557 άπὸ
746 2507 843 2575 τῆς
879 2503 1055 2572 ὅψεως
1077 2521 1092 2536 °
1129 2505 1216 2556 ἵνα
1246 2504 1303 2556 δὲ
1339 2504 1414 2575 μὴ
1457 2505 1551 2556 ἐπὶ
1593 2503 1718 2556 πολὺ
1749 2505 1764 2556 c'

1885 2516 1988 2561 tem
2018 2507 2179 2560 timor
2205 2506 2409 2560 diutius
2440 2505 2681 2562 insidens
2721 2505 2904 2573 eiiciat
2936 2505 3251 2559 memoriam
3275 2519 3464 2560 eorum

187 2597 357 2666 φόϐος
394 2597 728 2666 παραμένων
760 2597 964 2670 ἐκϐάλῃ
1006 2597 1105 2668 τὴν
1146 2599 1368 2668 μνήμην
1400 2598 1507 2650 τῶν
1553 2597 1764 2668 όραθέν·

1876 2612 1995 2667 ηοω
2024 2595 2291 2662 viderant,
2332 2598 2560 2652 suscitat
2615 2611 2708 2650 eos
2734 2604 2788 2649 et
2819 2595 3044 2659 animat,
3075 2594 3332 2664 solusque
3350 2595 3466 2664 ipse

185 2705 320 2748 των,
350 2689 551 2756 ἐγείρει
581 2688 778 2751 αὐτοὺς
833 2689 924 2741 καὶ
963 2689 1244 2760 θαρῤύνει,
1285 2689 1381 2742 καὶ
1416 2689 1576 2759 μόνος
1601 2689 1762 2751 αὐτὸς

1875 2698 2176 2756 comparet,
2208 2704 2274 2744 ne
2309 2703 2466 2758 putes
2498 2688 2641 2758 quod
2673 2689 2737 2742 de
2761 2687 2908 2743 Mose
2937 2687 3021 2742 vel
3053 2687 3167 2743 Elia
3189 2703 3296 2744 vox
3320 2688 3463 2743 dicta

185 2775 543 2848 adplausu,
605 2779 691 2832 ἵνα
737 2779 814 2850 μὴ
862 2781 1094 2852 νομίσῃς
1142 2783 1225 2834 ὅτι
1285 2782 1415 2850 περὶ
1469 2779 1764 2843 Μωσέωςὶ

1883 2779 1974 2844 sit,
2008 2779 2102 2835 sed
2131 2780 2197 2834 de
2226 2778 2345 2848 ipso
2373 2795 2388 2834 :
2430 2779 2544 2850 ipse
2565 2779 2711 2836 enim
2743 2789 2827 2836 est
2851 2779 3042 2836 Filius.

198 2867 385 2922 Ἠλιοῦ
413 2864 530 2939 ἦνη
555 2871 727 2942 φωνὴ,
747 2872 884 2926 ἀλλὰ
919 2876 1050 2944 περὶ
1074 2873 1240 2927 αὐτοῦ
1261 2889 1274 2902 ·
1309 2874 1471 2938 αὐτὸς
1497 2874 1602 2944 γάρ
1630 2875 1776 2927 ἐστιν
1813 2874 1842 2925 6
1867 2873 2015 2937 Υἱός.

261 3010 281 3041 ι
316 2991 421 3043 Καὶ
456 3007 563 3044 κατ
579 2990 908 3046 αὸαινόντων
958 2993 1140 3047 αὐτῶν
1184 2992 1293 3046 ἀπὸ
1327 2993 1418 3045 τοῦ
1471 2993 1650 3064 ὅρους,
1689 2993 1802 3045 ἕνα·

1957 2992 2123 3046 Vens.
2149 2992 2201 3046 9.
2235 3012 2253 3044 ι
2303 2991 2514 3048 Etcum
2543 2992 2932 3048 descenderent
2951 2992 3019 3048 de
3037 3003 3244 3059 monte,
3266 3007 3468 3061 prece-

185 3084 436 3136 ετιίλατο
466 3085 644 3146 αὐτοῖς
679 3085 706 3136 6
749 3085 978 3154 Ἰησοῦς,
1006 3085 1202 3153 λέγων·
1247 3085 1452 3155 Μηδενὶ
1497 3086 1687 3156 εἴπητε
1715 3085 1764 3137 τὲ

1883 3085 1958 3154 pit
1989 3084 2094 3139 illis
2133 3083 2312 3149 Jesus,
2373 3085 2561 3139 dicens
2598 3102 2610 3137 :
2657 3082 2733 3140 Ne
2764 3084 2850 3138 cui
2898 3084 3146 3138 dixeritis
3195 3083 3461 3139 visionem

184 3172 376 3241 ὅραμα
409 3172 514 3234 ἓως
543 3166 604 3224 οῦ
634 3174 661 3224 6
694 3173 819 3234 Υἱὸς
849 3173 943 3226 τοῦ
978 3173 1269 3244 ἀνθρώπου
1307 3175 1370 3227 ὲκ
1397 3175 1606 3245 νεκρῶν
1639 3177 1770 3228 ἁνα-

1884 3175 2041 3240 ltanc,
2077 3175 2251 3230 donec
2296 3174 2465 3229 Filius
2518 3173 2756 3228 hominis
2795 3188 2825 3226 e
2858 3172 3086 3228 mortuis
3132 3181 3402 3243 resurgat.
3439 3192 3460 3226 ι

186 3267 314 3331 στῇ.
356 3280 374 3313 ι
423 3265 525 3315 Διά
585 3265 1092 3335 ταπεινοφροσύνην
1145 3265 1511 3334 παραγγέλλει
1581 3264 1764 3334 μηδενὶ

1875 3265 2099 3334 Propter
2184 3266 2543 3320 humilitatem
2609 3263 2895 3318 denuntiat
2957 3263 3089 3317 nulli
3143 3264 3458 3326 dicendum.

184 3355 385 3416 εἰπεῖν,
423 3356 517 3406 καὶ
556 3354 674 3423 ἅμα
706 3356 794 3408 ἵνα
833 3360 908 3426 μὴ
959 3356 1423 3410 σκανδαλισθῶσιν
1457 3358 1504 3409 oi
1542 3351 1767 3411 ἀκούον-

185 3462 277 3504 τες
302 3445 543 3510 τοιαῦτα,
572 3446 794 3516 ὕστερον
824 3447 1223 3518 σταυρούμενον
1255 3447 1544 3518 βλέποντες
1574 3449 1761 3501 αὐτόν.

196 3536 492 3604 Ἐνόμισαν
520 3538 629 3606 γάρ
650 3537 716 3590 ἂν
747 3537 910 3590 αὑτὸν
938 3538 1143 3592 πλάνον
1185 3535 1344 3604 εἶναι,
1381 3541 1522 3591 κατὰ
1561 3556 1766 3607 φαντα-

185 3629 316 3681 σίαν
345 3630 644 3699 ποιήσαντα
671 3630 737 3682 τά
759 3630 1072 3700 θεοπρεπῆ.
1105 3632 1176 3682 Σὺ
1216 3631 1273 3684 δὲ
1305 3630 1468 3703 μάθε,
1503 3634 1583 3684 ὅτι
1631 3630 1769 3700 μετὰ

181 3719 509 3792 ζξήμέρας,
564 3721 833 3785 τουτέστι,
893 3724 1033 3792 μετὰ
1088 3723 1180 3775 τὸν
1231 3725 1436 3792 κόσμον
1484 3723 1575 3776 τὸν
1624 3723 1768 3788 ὲνέξ

186 3812 424 3882 ἡμέραις
474 3813 968 3883 δημιουργηθέντα,
1003 3813 1154 3884 ήτοῦ
1202 3813 1336 3866 Θεοῦ
1380 3813 1618 3883 θεωρία·
1672 3813 1766 3866 ἐὰν

183 3905 298 3975 γάρ
347 3905 445 3973 οὐχ
497 3905 738 3975 ὑπερόῇς
782 3906 871 3957 τὸν
922 3908 1148 3975 κόσμον,
1186 3908 1281 3959 καὶ.
1335 3905 1560 3975 ὑψωθῇς
1601 3907 1659 3958 ὲν
1687 3905 1766 3976 τῷ

181 3997 330 4064 δραι,
359 3997 422 4048 οὐ
455 3997 530 4068 μὴ
569 3997 684 4067 ἴδῃς
737 3997 993 4066 λαμπρὰ,
1040 3997 1164 4049 οὒτε
1212 3997 1274 4050 τὸ
1327 3997 1616 4066 πρόσωπον
1673 3997 1765 4050 τοῦ

181 4085 388 4157 Ἰησοῦ,
407 4088 507 4154 τὴν
530 4087 759 4156 θεότητα
777 4088 938 4156 λέγω,
960 4087 1085 4140 ηῦτε
1103 4088 1171 4140 τά
1200 4088 1413 4156 ίμάτια,
1437 4087 1534 4158 τὴν
1556 4086 1732 4157 σάρκα
1750 4103 1764 4116 ⁸

185 4180 320 4240 ῐδοις
353 4179 411 4231 δὲ
444 4179 566 4232 τότε
599 4181 692 4232 καὶ
743 4179 950 4249 Μωσῆν
999 4180 1095 4232 καὶ
1133 4177 1324 4232 Ἠλίαν
1375 4179 1768 4240 συλλαλοῦντας

179 4270 264 4340 τῷ
327 4271 542 4340 Ἰησοῦ⁶
580 4273 608 4325 6
637 4272 744 4342 γάρ
800 4272 965 4341 νόμος
1014 4272 1110 4324 καὶ
1157 4273 1206 4325 οί
1269 4275 1547 4343 προφῆται
1602 4272 1695 4324 καὶ
1739 4273 1767 4323 6

193 4363 406 4432 Ἰησοῦς
459 4362 519 4415 ἓν
573 4363 792 4418 λαλοῦσι
837 4368 932 4418 καὶ
985 4364 1388 4434 συμφωνοῦσιν.
1462 4363 1619 4418 Ἀλλὰ
1673 4365 1766 4417 καὶ

178 4454 315 4506 ὅταν
344 4453 516 4525 ιῦρης
543 4454 668 4507 τινὰ
711 4455 1084 4525 ἑρμηνεύοντα
1117 4459 1179 4510 τὸ
1202 4456 1302 4523 τῆς
1333 4455 1557 4526 Γραφῆς
1586 4455 1765 4524 νόημα

1870 3357 1982 3427 90
2009 3368 2170 3425 atque
2206 3358 2369 3410 etiam
2403 3370 2470 3409 ne
2497 3353 2842 3408 otIendantur
2895 3352 2988 3421 qui
3039 3354 3263 3408 audiunt
3309 3353 3460 3415 talia,

1872 3460 2055 3516 postea
2086 3449 2259 3516 ipsum
2292 3445 2529 3513 crueiligi
2558 3446 2825 3499 videntes.
2857 3443 3147 3499 Putassent
3173 3445 3316 3498 enim
3353 3444 3456 3496 im-

1873 3555 2142 3614 postorem
2182 3541 2370 3608 fuisse,
2407 3519 2631 3612 haecque
2663 3541 2837 3609 solum
2882 3550 3209 3612 apparonter
3237 3540 3458 3595 fecisse.

1874 3636 1952 3690 Tu
1980 3645 2158 3688 autem
2185 3635 2351 3696 disce,
2382 3644 2501 3702 post
2523 3649 2614 3688 sex
2640 3634 2776 3700 dies,
2809 3634 2860 3686 id
2885 3641 2989 3696 est,
3019 3641 3142 3702 post
3171 3632 3458 3698 mundum,

1873 3726 1963 3791 qui
1999 3739 2093 3778 sex
2132 3722 2325 3778 dielms
2376 3724 2627 3777 conditus
2667 3734 2770 3786 est,
2817 3721 2910 3776 Dei
2946 3723 3454 3792 contemplationem

1871 3816 2127 3870 futuram.
2154 3816 2261 3868 Nsi
2292 3816 2434 3869 enim
2462 3815 2781 3869 transiveris
2813 3815 3093 3878 mundum,
3121 3822 3172 3868 et
3191 3813 3458 3868 exaltatus

1869 3906 2037 3961 fueris
2085 3908 2136 3960 in
2173 3917 2376 3970 monte,
2411 3922 2750 3976 nequaquam
2807 3905 3015 3960 videbis
3077 3905 3246 3971 clara,
3283 3920 3458 3976 neque

1870 4000 2062 4054 faciem
2085 3997 2238 4059 Jesu.
2285 3999 2536 4053 deitatem
2569 3999 2690 4053 dico
2727 4015 2742 4053 :
2784 4013 2960 4068 neque
2985 4008 3214 4062 vestem,
3248 4000 3348 4052 hoc
3373 4002 3458 4052 est

1882 4109 2125 4147 carnem.
2185 4092 2383 4147 Videre
2430 4102 2607 4147 autem
2659 4102 2785 4147 tunc
2825 4094 3028 4162 poteris
3085 4103 3140 4148 et
3173 4093 3357 4147 Mosen
3399 4106 3456 4147 et

1871 4182 2038 4237 Eliam
2074 4183 2444 4252 colloquentes
2481 4183 2612 4238 Jesu
2647 4202 2661 4238 :
2698 4185 2783 4239 lex
2812 4187 2956 4240 enim
2989 4193 3041 4240 et
3090 4187 3367 4254 propheta:
3399 4196 3453 4240 et

1868 4273 2025 4330 Jesus
2059 4291 2225 4329 unum
2272 4276 2564 4344 loquuntur
2595 4286 2648 4332 et
2674 4286 2996 4331 consonant.
3029 4276 3166 4344 Quin
3225 4288 3279 4332 et
3327 4293 3451 4332 cum

1873 4368 2148 4424 inveneris
2177 4369 2463 4439 quemdam
2499 4384 2718 4424 sensum
2762 4369 3058 4439 Scriptura:
3085 4369 3232 4425 clare
3283 4370 3454 4425 inter-

1869 4467 2190 4528 pretantem,
2247 4475 2512 4528 c0guosce
2566 4462 2708 4529 quod
2753 4461 2843 4516 ille
2891 4461 3084 4518 faciem
3125 4461 3251 4517 Jesu
3303 4463 3455 4520 clare

179 4544 480 4616 λαμπρῶς.
518 4547 752 4613 γίνωσκε
787 4545 976 4599 τοῦτον
1025 4545 1085 4600 τὸ
1112 4547 1407 4617 πρόσωπον
1436 4546 1532 4599 τοῦ
1590 4545 1764 4617 Ἰησοῦ

1875 4550 2054 4605 videat
2083 4567 2096 4604 :
2131 4550 2271 4620 quod
2308 4551 2354 4606 si
2381 4561 2435 4606 et
2471 4554 2632 4608 verba
2691 4553 2927 4607 declaret
2957 4563 3011 4608 et
3044 4555 3334 4623 conspicua
3366 4555 3452 4610 fa-

177 4632 457 4704 λαμπρῶς
487 4633 705 4704 βλέπειν
727 4649 743 4666 ο
772 4636 822 4688 εί
841 4635 900 4688 δὲ
931 4635 1025 4688 καὶ
1056 4636 1153 4698 τὰς
1186 4634 1360 4699 λέξεις
1392 4634 1650 4704 διασαφεῖ
1673 4636 1764 4688 καὶ

1875 4643 2004 4706 ciat,
2038 4642 2124 4696 hic
2151 4652 2206 4697 et
2230 4651 2407 4697 vestes
2436 4643 2564 4697 Jesu
2593 4644 2849 4698 candidas
2866 4645 3028 4701 videt.
3058 4645 3248 4701 Vestes
3278 4647 3451 4710 enim,

178 4723 532 4793 λαμπρύνει,
609 4719 765 4790 οὗτος
839 4728 934 4779 καὶ
1006 4727 1076 4781 τά
1147 4727 1340 4798 ἱμάτια
1416 4726 1509 4780 τοῦ
1591 4725 1764 4796 Ἰησοῦ

178 4812 354 4865 λευκά
387 4813 603 4882 βλέπειο
639 4815 826 4886 ἱμάτια
874 4816 985 4886 γὰρ
1015 4817 1123 4869 τῶν
1169 4817 1458 4887 νοημάτων
1485 4818 1540 4870 αἱ
1571 4815 1763 4882 λέξεις.

180 4905 353 4958 Ἀλλά
389 4906 464 4976 μὴ
490 4909 652 4982 stunc
680 4911 820 4963 κατὰ
868 4911 1094 4980 Πέτρον,
1135 4929 1154 4962 t
1190 4911 1370 4966 Καλόν
1417 4913 1565 4965 ἔστιν
1617 4916 1765 4983 ἡμᾶς

175 4990 287 5049 ὦδε
331 4991 488 5050 εἶναι·
538 5018 555 5051 ι
591 5001 676 5052 ἀεὶ
704 5001 813 5070 γὰρ
858 5002 1195 5071 προκόπτειν
1227 5004 1310 5055 δεῖ
1355 5004 1447 5056 καὶ
1502 5002 1563 5056 οὐ
1595 5022 1764 5058 κατα-

1870 4747 2126 4786 sensuum
2186 4733 2471 4790 dictiones.
2521 4731 2627 4788 Sed
2700 4749 2767 4788 ne
2823 4733 3027 4791 dixeris
3086 4752 3209 4792 cum
3265 4737 3450 4804 Petro,

1875 4844 1894 4877 ι
1941 4826 2143 4880 Bonum
2170 4835 2253 4882 est
2296 4842 2395 4881 nos
2426 4827 2514 4882 hic
2560 4843 2718 4891 esse;
2755 4846 2775 4880 ι
2814 4844 2938 4883 nam
2971 4840 3186 4899 oportet
3236 4847 3454 4902 semper

1870 4918 2152 4985 prolicere,
2182 4927 2236 4973 et
2259 4933 2363 4972 non
2389 4934 2709 4988 permanere
2741 4920 2791 4973 in
2822 4934 2928 4975 uno
2951 4923 3120 4990 gradu
3153 4922 3367 4980 virtutis
3393 4933 3452 4981 et

1871 5011 2367 5080 contemplationis,
2397 5013 2489 5067 sed
2524 5014 2590 5068 ad
2623 5012 2728 5067 alia
2769 5013 3027 5069 transire.

179 5090 374 5160 μένειν
406 5091 466 5142 ὲν
489 5091 569 5144 ἑνὶ
603 5092 796 5162 βαθμῷ
834 5093 1035 5162 ἀρετῆς
1074 5097 1168 5148 καὶ
1199 5094 1456 5166 θεωρίας,
1488 5097 1624 5150 ἀλλὰ
1658 5099 1753 5151 καὶ
1791 5098 2030 5171 ἀλλαχοῦ
2066 5102 2439 5172 μεταϐαίνειν.

256 5226 278 5259 ι
327 5206 442 5260 Καὶ
485 5206 849 5278 ἐπηρώτησαν
887 5211 1051 5264 αὐτον
1086 5214 1134 5265 οί
1165 5213 1408 5285 μαθηταὶ
1444 5215 1633 5279 αὑτοῦ,
1665 5215 1756 5268 λέ-

174 5313 406 5368 γοντεςο
443 5297 508 5350 Τί
538 5297 629 5350 οῦν
667 5300 716 5351 οἱ
748 5301 1098 5372 Γραμματείς
1133 5305 1386 5374 λέγουσιν
1427 5307 1510 5360 ὅτι
1571 5307 1759 5361 Ἰιλίαν

170 5387 258 5440 δεῖ
289 5387 468 5440 ἐλθεῖν
499 5389 745 5457 πρῶτον,
777 5407 796 5440 ι
839 5391 1188 5459 ’Ᾱπατῶντες
1217 5397 1309 5448 τὸν
1339 5396 1464 5448 λαὸν
1495 5398 1544 5448 οί
1573 5397 1758 5468 Γραμ-

172 5479 378 5549 ματεῐς
426 5477 613 5545 ελεγον
657 5481 738 5532 ὅτι
773 5482 872 5534 οὐκ
913 5479 980 5552 ἦν
1031 5486 1190 5549 αὑτὲς
1219 5489 1247 5540 6
1282 5488 1537 5557 Χριστός·
1573 5491 1620 5542 εί
1652 5490 1757 5560 γὰρ

167 5567 265 5640 ἦν,
313 5569 497 5632 Ἠλίας
528 5568 594 5622 ἂν
624 5572 824 5642 ἤρχετο
874 5575 1114 5645 πρῶτον,
1170 5578 1494 5644 ἀγνοοῦντες
1530 5583 1610 5636 ὅτι
1665 5582 1757 5634 δύο

167 5661 268 5714 τοῦ
298 5661 540 5730 Χριστοῦ
576 5666 892 5732 παρουσίαι,
923 5660 998 5718 ὧν
1028 5668 1125 5736 τῆς
1150 5669 1249 5736 μὲν
1278 5674 1499 5742 πρώτης
1525 5674 1753 5742 πρόδρ>-

172 5751 331 5820 μοςό
385 5750 660 5818 Ἰωάννης,
709 5752 806 5820 τῆς
843 5752 898 5804 δὲ
938 5754 1221 5822 δευτέρας.
1262 5758 1290 5807 6
1326 5758 1528 5822 Ἠλίας.
1574 5761 1751 5828 Ὅπερ

167 5837 267 5894 οὖν
297 5841 392 5894 καί
416 5841 446 5892 ὀ
475 5839 706 5907 Χριστὸς
737 5843 1031 5914 ὲρμηνεύει
1062 5849 1174 5909 τοῖς
1227 5849 1517 5920 μαθηταίς.
1548 5853 1747 5904 Ἄκουε

167 5946 306 6004 γαρ.

463 6022 738 6082 Panos.
767 6025 879 6088 Gn.
928 6027 1027 6088 CX
1044 6030 1213 6090 XIII.

1934 5219 2093 5275 Vrns.
2129 5221 2218 5300 10.⁴
2253 5240 2270 5271 ι
2299 5219 2362 5272 Ει
2400 5220 2866 5292 interrogaverunt
2899 5224 3048 5278 illum
3080 5225 3332 5298 discipuli
3360 5233 3446 5286 sui

1862 5313 2103 5370 dicentes
2137 5332 2151 5368 :
2189 5314 2366 5381 Quare
2400 5315 2564 5386 igitur
2616 5318 2818 5373 Scrilup
2862 5321 3047 5376 dicunt
3080 5326 3221 5392 quod
3270 5325 3442 5380 Eliam
3501 5323 3504 5326 ’

1860 5414 2070 5473 oportet
2131 5407 2316 5460 venire
2363 5409 2683 5475 primum?»
2758 5411 3098 5481 Decipientes
3181 5417 3440 5485 pupulum

1862 5497 2063 5550 Scriba:
2091 5497 2339 5551 dicebant
2371 5500 2511 5567 quod
2537 5501 2649 5569 ipse
2684 5517 2789 5556 non
2820 5513 2962 5558 esset
2989 5503 3275 5561 Christus:
3312 5523 3438 5561 nam

1863 5588 1905 5640 si
1941 5596 2107 5650 esset,
2161 5586 2308 5643 Elias
2348 5591 2583 5657 primum
2618 5594 2853 5648 venisset
2893 5613 2906 5648 :
2944 5596 3255 5666 ignorantes
3294 5601 3436 5667 quod

1862 5676 1965 5730 duo
2037 5680 2299 5732 adventus
2333 5680 2556 5745 Christi,
2611 5697 2840 5750 quorum
2906 5687 3064 5754 primi
3128 5684 3438 5742 Praecursor

1859 5763 2111 5834 Joannes,
2162 5771 2380 5823 secundi
2413 5781 2588 5826 autem
2621 5773 2781 5828 Elias.
2814 5775 2904 5829 Sic
2934 5777 3076 5830 enim
3114 5787 3165 5831 et
3189 5778 3434 5833 Christus

1861 5855 2241 5927 interpretatur
2278 5862 2572 5930 discipulis.
2609 5863 2744 5917 Audi
2780 5866 2944 5918 cnim.

2931 6047 2998 6106 11
