4030 6632
197 559 296 621 341

764 541 1208 615 ΕΝΑιιιιΑιίο
1252 554 1330 614 IN
1375 554 1811 618 EVA'NGELIU

1920 554 2299 618 ΜΑΤΤΗΕΙ.
2341 577 2410 589 -
2436 552 2602 614 CAP;
2644 547 2865 612 XVIII.

3394 539 3510 604 3η

198 665 344 717 εἰσιν
372 665 559 716 οἴκεῖοι
589 661 666 730 τῷ
694 660 833 729 Θεῷ.
865 659 1008 714 ὥστε
1044 662 1105 716 τὸ
1143 664 1437 732 πρόσωπον
1480 663 1645 718 αὑτοῦ
1696 664 1785 719 διὰ

1924 673 2123 720 tantes.
2173 664 2415 732 Apparet
2445 671 2624 716 autem
2667 675 2734 716 ex
2779 659 2917 723 hoc,
2952 653 3096 724 quod
3147 651 3272 707 licet
3311 667 3506 708 omnes

198 755 397 818 παντὸς
423 754 642 823 δρῶσιν,
667 751 978 824 ἔμπροσθεν
1003 753 1166 808 αὑτοῦ
1200 755 1500 826 ἱστάμενοι.
1532 756 1791 811 Φαίνεται

198 841 252 895 δι
269 844 333 895 ὲκ
359 841 575 905 τούτου,
593 841 676 894 ὅτι
704 843 754 894 ει
782 843 877 895 καὶ
901 844 1101 906 πάντες
1124 845 1392 913 ἀγγέλους
1420 845 1639 917 ἔχομεν,
1668 846 1786 900 ἀλλ’

198 936 246 986 οε
275 932 382 985 τῶν
426 932 772 1002 ἁμαρτωλῶν
800 933 1025 1002 ἄγγελοι
1061 936 1250 1006 ὥσπερ
1276 938 1666 1008 αἰσχυνόμενοι
1697 937 1787 992 διὰ

198 1025 260 1078 τὸ
287 1023 442 1105 ἡμῶν
469 1024 939 1096 ἀπαρρησίαστον,
965 1025 1083 1079 οὐδὲ
1100 1027 1254 1080 αὐτοὶ
1274 1028 1454 1099 ἔχουσι
1471 1029 1790 1101 παρρησίαν

199 1115 330 1184 ὀρᾷν
352 1113 413 1166 τδ
443 1113 736 1183 πρόσωπον
766 1112 862 1168 τοῦ
904 1115 1064 1183 Θεοῦ,
1101 1118 1199 1169 καὶ
1224 1116 1442 1171 δέεσθαι
1470 1117 1611 1188 τάχα
1645 1118 1788 1189 ὑπὲρ

201 1205 357 1275 ἡμῶν
384 1221 400 1236 ο
437 1207 488 1260 οι
533 1206 589 1260 δὲ
637 1206 746 1260 τῶν
799 1209 1396 1279 ταπεινοφρονούντων,
1425 1201 1576 1263 οὗτοι
1619 1211 1789 1282 ὁρῶσι

199 1298 260 1352 τὸ
298 1297 442 1352 θετον
469 1299 789 1369 πρόσωπον,
824 1299 914 1353 διὰ
950 1301 1011 1351 τ),
1046 1300 1189 1370 ἔχειν
1219 1303 1556 1373 παρρησίαν.
1589 1303 1700 1356 και
1732 1302 1788 1356 τί

200 1387 366 1457 λέγω.
396 1389 584 1460 φησιν,
606 1391 689 1443 ὅτι
720 1390 988 1459 ἀγγέλους
1012 1391 1228 1462 ἔχουσιν
1259 1394 1306 1446 ιρι
1337 1393 1605 1460 τοιούτοις
1647 1393 1792 1462 Ἐγὼ

1897 756 2121 828 angelos
2147 757 2467 819 habeamus,
2501 761 2853 825 peccatorum
2885 758 3071 804 tamen
3094 744 3296 817 angeli
3333 746 3497 815 quasi

1897 858 2120 918 prepter
2154 864 2254 904 nos
2283 844 2518 914 confusi,
2556 845 2739 900 minus
2766 842 2997 897 ﬁdentes
3024 849 3172 904 sunt,
3199 836 3376 908 neque
3398 837 3508 907 ipsi

1896 951 2123 1012 possunt
2151 939 2458 995 tamlibere
2485 936 2674 993 videre
2690 933 2886 990 faciem
2921 932 3038 995 Dei,
3068 938 3123 985 et
3157 930 3366 1000 precari
3390 926 3505 982 for-

1901 1031 2044 1085 sitan
2076 1046 2172 1099 pro
2203 1031 2381 1085 nobis.
2417 1026 2717 1082 Hutnilium
2748 1035 2934 1079 autem
2966 1022 3169 1088 angeli,
3204 1021 3258 1075 bi
3285 1023 3516 1088 semper

1894 1122 2078 1176 vident
2109 1122 2199 1175 Dei
2236 1121 2452 1185 faciem,
2477 1129 2766 1189 propterea
2788 1114 2932 1184 quod
2963 1114 3214 1168 ﬁduciam
3246 1112 3505 1167 habeant.

1897 1213 1963 1267 Et
1992 1212 2120 1283 quid
2163 1213 2284 1267 dico
2301 1211 2443 1281 quod
2468 1212 2520 1265 hi
2541 1207 2765 1280 angelos
2786 1204 3061 1261 habeant?
3086 1203 3194 1273 Ego
3216 1212 3505 1272 propterea

1903 1306 2047 1368 veni,
2101 1313 2160 1362 ιιι
2209 1317 2425 1359 servem
2478 1301 2621 1371 quod
2677 1299 2944 1370 perierat,
2979 1308 3034 1352 et
3072 1297 3202 1349 mihi
3237 1295 3506 1350 vindicem

1900 1410 1994 1450 eos
2018 1397 2110 1465 qui
2139 1411 2168 1450 a
2203 1396 2476 1465 plerisque
2499 1394 2659 1464 plane
2687 1391 2819 1448 nihil
2853 1399 3144 1461 putantur.

201 1481 292 1541 διὰ
317 1482 480 1538 τοῦτο
525 1479 688 1555 ἦλθον
731 1485 818 1539 ἵνα
867 1483 1030 1540 σώσω
1059 1487 1120 1540 τὸ
1167 1485 1486 1552 ἀπολωλὸς,
1519 1488 1615 1542 καὶ
1653 1488 1783 1552 τοὺς
1824 1491 1975 1561 παρὰ
1996 1493 2108 1552 τοῖς
2150 1489 2370 1553 πολλοῖς
2442 1484 2837 1559 νομιζομένους
2904 1483 3238 1552 οὗδαμινοὶλς
3283 1480 3510 1534 οἰκειώρ

205 1595 413 1648 σωμαι.

283 1685 305 1721 ε
344 1667 410 1721 Τί
459 1668 588 1738 ὑμῖν
644 1667 824 1733 δοκεῖς
885 1667 1011 1722 Ἐὰν
1068 1668 1299 1738 γένηταί
1348 1686 1455 1723 τινι
1522 1669 1798 1742 ἀνθρώπῳ

207 1760 416 1816 ικατδν
449 1758 700 1828 πρόδατα
723 1799 738 1825 ,
773 1759 869 1812 καὶ
914 1758 1164 1832 πλανηθῇ
1199 1759 1258 1813 ἓν
1290 1761 1350 1826 ἐξ
1391 1761 1604 1827 αὐτῶν,
1673 1762 1798 1832 οὐχὶ

205 1854 366 1923 ἀφεὶς
409 1852 477 1905 τὰ
526 1852 1049 1920 ὲννενηκονταεννέα
1097 1854 1192 1905 ἐπὶ
1224 1851 1293 1906 τὰ
1326 1854 1428 1924 ὅρη
1453 1893 1467 1916 ,
1498 1853 1797 1924 πορευθεὶς

206 1944 364 2016 ζητεῖ
393 1942 455 1995 τὸ
484 1940 840 2010 πλανώμενον
862 1960 878 2008 ;
904 1942 1015 1996 Καὶ
1041 1943 1137 1996 ὶὰν
1168 1943 1396 2014 γένηται
1422 1945 1608 2014 εὑρεῖν
1638 1945 1793 2008 αὐτὸ,

208 2035 364 2104 ἀμὴν
387 2034 535 2103 λέγω
578 2035 726 2105 ὑμῖν,
757 2035 841 2088 δτι
893 2034 1076 2105 χαίρει
1100 2035 1188 2088 ἐπ’
1214 2034 1364 2107 αὐτῷ
1387 2036 1589 2106 μᾶλλον
1625 2038 1659 2108 ἢ
1704 2037 1803 2090 ἐπὶ

206 2128 322 2187 τοῖς
349 2124 864 2193 ὲννεντικονταεννέα
893 2129 1004 2189 τοῖς
1026 2125 1102 2196 μὴ
1119 2124 1583 2196 πεπλανημένοις.
1611 2125 1804 2188 Οὕτως

207 2216 311 2270 οὐκ
364 2215 478 2269 εστι
531 2216 745 2285 θέλημα
796 2215 1108 2287 ιμπροσθεν
1132 2217 1224 2272 τοῦ
1258 2219 1473 2290 Πατρὸς
1514 2220 1670 2290 ὑμῶν
1703 2218 1801 2272 τοῦ

209 2309 268 2362 ἓν
298 2309 410 2370 τοῖς
447 2307 720 2380 οὐρανοῖς,
747 2309 836 2363 ἴνα
865 2308 1134 2380 ἀπόληται
1179 2306 1260 2374 εἷς
1291 2309 1400 2364 τῶν
1432 2311 1646 2381 μικρῶν
1675 2311 1798 2366 τού-

210 2416 340 2455 των.
377 2420 398 2454 ι
437 2402 553 2454 Τίνι
577 2401 849 2472 ἀνθρώπῳ
881 2400 1134 2470 ἐγένοντο
1163 2401 1360 2456 ἑκατὸν
1393 2402 1679 2474 πρόδατα;
1712 2401 1804 2473 Τῷ

210 2491 458 2572 Χριστῷ.
495 2494 652 2547 Πᾶσα
691 2495 801 2566 γὰρ
825 2497 858 2564 ἠ
904 2494 1097 2565 λογικὴ
1133 2495 1333 2559 κτίσις,
1359 2495 1580 2565 ἄγγελοι
1615 2512 1675 2549 τε
1711 2495 1808 2549 καὶ

211 2581 516 2654 ἄνθρωποι,
565 2583 636 2635 τὰ
683 2583 878 2637 ἑκατόν
925 2587 1031 2638 εισι
1084 2585 1375 2655 πρόϐατα·
1418 2579 1494 2640 ὧν
1527 2587 1734 2659 ποιμὴν
1779 2588 1808 2640 0

211 2673 473 2746 Χριστὸς,
497 2674 559 2726 ού
594 2676 883 2744 πρόῦατον.
904 2677 980 2730 Οὑ
1011 2678 1119 2749 γάρ
1153 2679 1268 2731 ἐστι
1285 2677 1512 2750 κτίσμα,
1541 2679 1657 2734 ἀλλ’
1680 2679 1808 2744 Υἱὸς

213 2764 371 2819 Θεοῦ.
406 2761 573 2829 Οὗτος
607 2762 701 2820 οὖν
745 2768 925 2838 ἀφῆκε
966 2771 1034 2823 τὰ
1082 2771 1605 2840 ἐννενηκονταεννέα
1638 2774 1697 2826 έν
1729 2772 1808 2843 τῷ

210 2855 433 2926 οὐρανῷ
453 2871 467 2887 ο
513 2858 728 2928 μορφὴν
757 2858 814 2912 δὲ
854 2859 1044 2914 δούλου
1079 2862 1286 2928 λαϐὼν,
1313 2859 1444 2935 ἦλθε
1479 2863 1717 2934 ζητῆσαι
1748 2865 1810 2918 τὸ

214 2945 276 2998 ἓν
306 2947 607 3017 πρόϐατον,
631 2950 658 3003 ὃ
682 2951 829 3004 ἐστιν
856 2953 1228 3026 ήὰνθρωπίνη
1261 2972 1447 3024 φυσις.
1488 2957 1601 3011 Καὶ
1629 2958 1811 3028 χαίρει

215 3038 315 3092 ἐπὶ
347 3038 547 3110 τούτῳ,
579 3041 610 3113 ἢ
637 3043 728 3094 ἐπὶ
754 3045 820 3114 τῇ
849 3044 955 3096 τῶν
976 3047 1228 3113 ἀγγέλων
1255 3048 1600 3119 στερρότητι.
1635 3049 1810 3102 Τοῦτο

218 3131 607 3203 συλληπτικῶς
642 3134 962 3200 αἰνίττεται,
983 3136 1066 3188 ὅτι
1095 3137 1125 3188 0
1153 3135 1286 3199 Θεὸς
1313 3137 1658 3205 ἐπιμελεῖται
1711 3139 1812 3210 τῆς

215 3223 564 3294 ἐπιστροφῆς
605 3224 714 3277 τῶν
739 3226 1104 3297 ἁμαρτωλῶν,
1139 3228 1232 3280 καὶ
1271 3225 1453 3298 χαίρει
1479 3229 1572 3281 ἐπὶ
1599 3229 1812 3294 τούτοις

218 3313 428 3384 μᾶλλον
455 3315 488 3387 ἢ
513 3317 621 3378 τοῖς
651 3316 882 3386 μόνιμον
904 3317 1086 3388 ἔχουσι
1109 3320 1208 3386 τὴν
1243 3321 1472 3390 ἀρετήν.

301 3423 318 3452 ι
363 3404 490 3456 Ἐὰν
529 3402 585 3456 δὲ
628 3405 920 3478 ἁμαρτήσῃ
961 3409 1038 3470 εἰς
1066 3407 1123 3460 σὲ
1159 3407 1186 3459 0
1218 3406 1447 3477 ἁδελφός
1477 3425 1593 3472 σου,
1626 3407 1805 3477 ὕπαγε

219 3493 320 3547 καὶ
359 3494 579 3563 ἔλεγξον
623 3497 786 3550 αὐτὸν
841 3499 1046 3568 μεταξὺ
1087 3498 1183 3552 σοῦ
1228 3499 1324 3554 καὶ
1373 3500 1538 3554 αὐτοῦ
1599 3500 1762 3578 μόνον
1789 3518 1804 3533 ⁶

218 3583 318 3637 ἐάν
353 3603 449 3638 σου
502 3586 735 3663 ἀκούσῃ,
769 3589 1066 3659 ἐκέρδησας
1105 3591 1197 3644 τὸν
1246 3593 1474 3660 ἀδελφόν
1522 3581 1637 3668 caui
1682 3591 1811 3646 Ἐὰν

217 3676 280 3730 δὲ
317 3679 395 3748 μὴ
436 3679 679 3752 ἀκούσῃ,
731 3680 1013 3752 παράλαϐε
1052 3682 1193 3751 μετὰ
1234 3683 1328 3734 σοῦ
1364 3682 1442 3736 ἔτι
1486 3683 1646 3755 ἒναῆ
1695 3682 1808 3749 δύο,

221 3767 318 3821 ἵνα
355 3769 449 3821 ἐπὶ
479 3772 748 3835 στόματος
775 3769 870 3822 δύο
900 3770 1194 3842 μαρτύρων
1230 3773 1263 3842 ἢ
1293 3775 1461 3845 τριιῖιν
1501 3774 1670 3843 σταθῇ
1705 3777 1815 3827 πᾶν

222 3861 387 3931 ῥῆμα
417 3876 431 3890 °
467 3861 562 3915 ἐὰν
602 3862 659 3914 δὲ
712 3863 1035 3934 παρακούσῃ
1069 3864 1253 3917 αὐτῶν
1276 3905 1289 3926 ,
1330 3865 1451 3918 εἰπὲ
1483 3869 1547 3936 τῇ
1595 3866 1795 3937 Ἐκκλη

224 3952 323 4022 eis.
351 3967 362 3978 ’
391 3951 486 4004 ἐὰν
511 3952 568 4004 δὲ
622 3955 718 4006 καὶ
760 3954 861 4022 τῆς
896 3953 1226 4024 Ἐκκλησξας
1258 3956 1590 4026 παρακούσῃ
1614 3996 1626 4016 ,
1676 3955 1818 4009 ἔστω

222 4056 310 4094 σοι
339 4041 582 4112 ὦσπερδ
616 4043 830 4106 ἐθνικὸς
861 4045 954 4096 καὶ
992 4047 1019 4096 ὁ
1064 4046 1327 4113 τελώνης.
1373 4065 1392 4098 ι
1439 4047 1677 4116 Σξοδρδν
1719 4065 1820 4101 κα-

219 4131 485 4194 τατείνας
533 4138 676 4185 κατὰ
723 4132 833 4188 τῶν
862 4133 1328 4198 σκανδαλιζόντων
1362 4135 1541 4204 λόγον,
1599 4137 1694 4190 νῦν
1724 4138 1820 4190 καὶ

222 4225 359 4286 τοὺς
413 4223 938 4294 σκανδαλιζομένονς
993 4227 1325 4298 διερθοῦται.
1362 4228 1483 4282 ’Ἱνα
1526 4229 1635 4300 γὰρ
1682 4231 1746 4281 σὺ
1795 4232 1822 4283 0

227 4315 734 4386 σκανδαλιςόμενος
786 4319 862 4386 μὴ
911 4319 1192 4383 παντελῶς
1256 4318 1557 4391 ἁναπέσῃς,
1600 4321 1673 4383 ὡς
1727 4323 1822 4374 τοῦ

223 4408 685 4471 σκανδαλίζοντος
730 4409 789 4461 τὸ
831 4410 953 4462 οὐαὶ
986 4409 1203 4480 ἔχοντος
1229 4451 1245 4477 ,
1298 4412 1485 4481 φησιν,
1513 4412 1594 4464 ὅτι
1626 4412 1693 4464 Σὲ
1727 4414 1818 4465 τὸν

224 4499 730 4568 σκανὼλιζόμενον
755 4537 770 4563 ,
804 4501 1054 4554 τουτέστι
1110 4501 1509 4572 βλαπτόμενον,
1557 4503 1824 4573 βούλομαι

220 4589 482 4660 ιλέγχειν
527 4592 654 4652 τοὺς
703 4590 1023 4655 ἀδικοῦντάς
1073 4609 1130 4645 σε
1181 4593 1277 4645 καὶ
1331 4593 1690 4662 βλάπτοντας,
1729 4596 1824 4648 ἐὰν

1984 1668 2148 1722 Vnus.
2199 1663 2386 1720 1214.
2449 1682 2467 1716 ι
2505 1661 2646 1730 Quid
2693 1661 2847 1715 vobis
2895 1657 3154 1714 videtur?
3189 1657 3247 1713 Si
3309 1657 3515 1714 fuerim

1909 1761 2072 1817 alicui
2113 1757 2319 1814 homini
2355 1767 2577 1812 centum
2601 1768 2751 1819 oves,
2780 1762 2836 1807 et
2865 1751 3134 1808 erraverit
3161 1766 3264 1805 una
3293 1764 3360 1805 ex
3397 1749 3514 1806 eis:

1912 1868 2092 1906 nonne
2127 1848 2332 1905 relictis
2369 1847 2870 1916 nonagintanovem
2928 1844 2982 1897 in
3033 1844 3332 1905 montibus.
3369 1844 3519 1896 vadit

1911 1955 1966 1997 et
2001 1923 2342 2012 queriieam
2380 1953 2501 2008 qua
2541 1934 2873 1992 erraverat?
2928 1933 2992 1989 Et
3038 1933 3084 1990 si
3127 1933 3425 2004 contigerit
3454 1942 3517 1985 ut

1910 2019 2156 2091 inveniat
2210 2047 2354 2097 eam,
2419 2046 2577 2086 amen
2626 2030 2747 2084 dico
2800 2027 2980 2092 vobis,
3021 2028 3220 2096 gaudet
3249 2040 3414 2095 super
3449 2040 3516 2080 ea

1908 2129 2107 2198 magis,
2135 2142 2301 2197 quam
2344 2140 2508 2196 super
2540 2124 3036 2195 nonagintanovem
3071 2135 3193 2189 qua:
3228 2133 3336 2172 non
3369 2132 3520 2173 erra-

1914 2229 2125 2276 verant.
2155 2218 2246 2272 Sic
2278 2233 2382 2272 non
2425 2225 2510 2272 est
2546 2214 2796 2269 voluntas
2818 2227 3002 2268 coram
3033 2208 3192 2266 Patre
3216 2221 3400 2265 vestro
3422 2209 3517 2279 qui

1914 2311 1970 2367 in
2001 2311 2157 2370 cwlis
2183 2321 2286 2378 est,
2321 2317 2382 2364 ut
2411 2316 2600 2379 pereat
2633 2322 2774 2361 unus
2801 2307 2868 2360 de
2917 2304 3126 2375 pusillis
3179 2302 3321 2358 istis.
3362 2321 3381 2354 ι
3413 2301 3514 2356 Cui

1911 2405 2122 2462 homini
2154 2403 2374 2460 fuerunt
2401 2410 2620 2457 centum
2651 2398 2816 2456 oves?
2851 2397 3093 2454 Christo.
3129 2394 3324 2451 Omnis
3367 2395 3516 2448 enim

1910 2497 2201 2555 rationalis
2230 2496 2503 2562 creatura,
2529 2501 2639 2548 tam
2672 2490 2870 2562 angeli,
2896 2505 3060 2562 quam
3096 2489 3366 2551 homines,
3389 2500 3519 2542 ceu-

1913 2602 2024 2648 tum
2070 2605 2201 2647 oves
2233 2599 2386 2656 sunt,
2421 2601 2655 2658 quorum
2708 2592 2897 2656 pastor
2945 2591 3029 2636 est
3077 2579 3356 2640 Christus.
3410 2591 3519 2634 non

1909 2687 2047 2741 ovis.
2094 2683 2210 2740 Non
2247 2683 2394 2738 enim
2445 2692 2532 2738 est
2583 2691 2859 2745 creatura,
2891 2677 2982 2732 sed
3022 2674 3195 2729 Filius
3236 2673 3352 2728 Dei.
3413 2671 3515 2726 Hic

1911 2777 2079 2846 Igitur
2111 2773 2330 2844 reliquit
2356 2771 2650 2842 ttOttaginta
2686 2784 2878 2824 novem
2925 2770 2977 2822 in
3012 2767 3175 2828 caelo,
3215 2766 3388 2820 forma
3422 2779 3522 2841 au-

1914 2879 2020 2924 tem
2052 2869 2194 2922 servi
2223 2877 2524 2936 assumpta,
2553 2864 2700 2919 venit
2734 2873 2981 2931 quaerere
3015 2873 3175 2915 ovem
3218 2858 3362 2910 illam
3399 2856 3523 2910 unlo

1913 2975 2055 3026 cam,
2079 2974 2198 3027 qua:
2245 2968 2329 3013 est
2359 2958 2598 3011 humana
2643 2964 2870 3012 natura.
2903 2960 2957 3005 et
2997 2952 3199 3020 gaudet
3229 2963 3397 3016 super
3426 2946 3517 3001 illa

1916 3050 2089 3118 magis
2123 3063 2285 3118 quam
2314 3047 2366 3101 in
2401 3045 2718 3117 angelorum
2751 3042 3029 3097 firmitate.
3062 3039 3118 3093 In
3163 3054 3373 3096 summa
3420 3052 3523 3091 att-

1917 3152 2023 3198 tem
2059 3143 2161 3197 hoc
2195 3141 2461 3205 insinuat,
2496 3139 2640 3209 quod
2677 3138 2821 3193 Deus
2849 3152 3040 3191 curam
3073 3133 3522 3205 agitconversio-

1917 3233 2004 3288 nis
2038 3243 2410 3302 peccatorum,
2437 3239 2487 3285 et
2518 3230 2716 3301 gaudet
2757 3243 2920 3298 super
2959 3227 3064 3282 illis
3133 3228 3308 3296 magis
3355 3240 3521 3295 quam

1838 3331 1880 3389 C
1916 3324 2002 3378 bis
2023 3323 2116 3392 qui
2153 3321 2334 3377 stabili
2367 3320 2570 3375 virtute
2601 3318 2811 3388 prrditi
2859 3328 3005 3372 sunt.

1984 3411 2148 3466 Vens.
2192 3411 2385 3466 l5-l'l.
2425 3428 2443 3461 ι
2486 3407 2542 3463 Si
2577 3417 2761 3462 autem
2814 3406 3126 3474 peccaverit
3157 3406 3210 3458 in
3269 3413 3322 3460 te
3355 3405 3524 3458 frater

1915 3517 2057 3569 tuus,
2088 3504 2222 3558 vade
2248 3514 2301 3559 et
2328 3518 2496 3580 argue
2521 3501 2674 3556 illum
2707 3501 2851 3554 inter
2883 3510 2934 3556 te
2960 3509 3014 3555 et
3048 3499 3198 3553 illmn
3223 3498 3421 3552 solum.
3460 3480 3520 3553 Si

1917 3607 1966 3650 te
1990 3594 2244 3654 audierit.
2282 3593 2523 3648 lucratus
2555 3605 2618 3646 es
2651 3589 2876 3644 fratrem
2908 3601 3084 3643 tuum.
3117 3587 3172 3643 Si
3202 3599 3383 3642 autem
3410 3603 3522 3642 non

1917 3688 2174 3752 audierit,
2199 3700 2416 3741 assume
2436 3695 2612 3739 tecum
2648 3684 2830 3738 adhuc
2860 3699 3024 3737 uumn
3057 3682 3136 3736 vel
3164 3683 3300 3735 duos
3331 3698 3345 3733 ι
3377 3687 3437 3732 ιιι
3467 3679 3521 3732 in

1919 3797 2015 3835 ore
2049 3783 2278 3834 duorum
2323 3775 2409 3831 vel
2444 3776 2610 3830 trium
2645 3776 2864 3829 testium
2919 3782 3024 3828 stet
3060 3786 3224 3827 omne
3274 3770 3522 3826 verbum.

1921 3872 2074 3938 Quod
2103 3873 2147 3926 si
2183 3885 2289 3925 non
2328 3869 2562 3924 audierit
2586 3867 2728 3932 illos,
2756 3867 2842 3921 die
2870 3865 3150 3920 Ecclesia}.
3202 3865 3297 3918 Sin
3332 3863 3540 3918 Eccle-.

1923 3967 2061 4020 siam
2088 3977 2304 4032 quoque
2337 3977 2439 4016 non
2479 3959 2737 4024 audierit,
2772 3958 2845 4014 sit
2875 3957 2973 4011 tibi
3015 3958 3161 4011 velut
3188 3956 3441 4010 ethnicus
3469 3966 3532 4008 et

1925 4056 2265 4126 publicanus.
2317 4071 2335 4105 ›
2367 4050 2688 4107 Sermonem
2709 4060 2899 4104 contra
2928 4045 3314 4104 oll'endiculutn
3330 4046 3524 4102 dantes

1925 4146 2082 4201 valde
2103 4144 2425 4199 extenderat
2453 4162 2465 4195 :
2504 4157 2650 4196 nunc
2675 4151 2725 4195 et
2755 4155 2851 4196 eos
2876 4140 2966 4210 qui
2998 4137 3371 4202 offenduntur,
3385 4151 3526 4192 cor-

1927 4237 2072 4305 l‘igii.
2106 4236 2174 4300 Ut
2198 4238 2343 4290 eniut
2379 4245 2434 4287 tu
2466 4234 2556 4303 qui
2583 4232 2875 4287 olfenderis
2922 4247 3026 4285 ιιοιι
3065 4231 3292 4285 omnino
3333 4230 3522 4294 cadas,

1927 4330 2052 4393 quia
2081 4325 2442 4378 olfendentem
2473 4338 2549 4376 ιω
2583 4324 2891 4376 habiturum
2909 4321 3047 4375 dixit
3075 4338 3089 4374 :
3126 4321 3247 4374 volo
3275 4329 3329 4374 et
3360 4330 3408 4372 te
3430 4320 3523 4388 qui

1927 4416 2242 4479 oﬂ'ettderis,
2270 4420 2373 4469 hoc
2401 4424 2502 4479 est,
2524 4414 2762 4478 lauderis,
2788 4413 2901 4485 96
2927 4428 3162 4483 arguere
3209 4426 3306 4467 eos
3339 4411 3428 4479 qui
3476 4421 3530 4464 te

1931 4511 2124 4580 injuria
2156 4510 2466 4565 alﬁeiutttet
2491 4523 2712 4574 nocent,
2741 4511 2785 4564 si
2823 4507 3362 4564 fueriuthristiani.
3390 4504 3530 4561 Vide

1932 4605 2073 4657 enim
2088 4605 2216 4673 quid
2231 4604 2402 4656 dicat:
2421 4602 2474 4656 Si
2493 4603 2800 4673 peccaverit
2821 4602 2872 4654 in
2893 4610 2944 4654 te
2960 4598 3130 4654 frater
3148 4600 3402 4664 tuus,lioc
3419 4609 3526 4662 est,

219 4677 332 4738 ὦσι
361 4685 706 4755 Χριστιανοί.
742 4688 883 4757 Ὅρα
912 4687 1021 4756 γὰρ
1048 4686 1099 4739 τί
1137 4685 1306 4754 λέ·,’;ι’
1339 4689 1467 4741 Ἐὰν
1491 4690 1712 4760 ἁμάρτῃ
1743 4692 1811 4753 εἰς

1928 4693 2510 4751 (ΣΙιτίδιίοιιιιε.Ειειιίιη
2527 4712 2570 4748 sr
2588 4703 2639 4748 te
2652 4693 2869 4764 quidam
2890 4707 2997 4746 non
3011 4692 3315 4761 baptiZatns
3331 4688 3526 4759 injuria

222 4779 288 4833 at
321 4782 352 4833 0
383 4778 615 4846 ἁδελφός
652 4796 746 4832 σου
769 4821 782 4844 ,
813 4779 1115 4843 τουτέστιν,
1151 4783 1179 4831 0
1227 4782 1577 4852 Χριστιανός.
1630 4783 1692 4836 Εἰ
1726 4784 1825 4853 μὲν

223 4873 341 4942 γὰρ
377 4873 610 4934 ἄπιστος
641 4871 852 4936 ἀδικεῖ,
883 4871 1005 4925 τότε
1033 4873 1362 4937 ὐπεξίστασο
1387 4875 1480 4928 καὶ
1509 4873 1616 4927 τῶν
1654 4892 1826 4945 προσ-

218 4965 407 5017 όντων
445 4979 543 5016 σοι.
591 4961 654 5015 Εἰ
709 4962 767 5015 δὲ
827 4963 1053 5031 ἀδελφὸς
1079 5005 1091 5026 ,
1135 4965 1326 5034 ἔλεγχε
1363 4967 1552 5019 τοῦτον
1577 4983 1588 4995 ·
1630 4967 1690 5020 ού
1719 4968 1827 5039 γὰρ

221 5049 705 5124 εἷπεν,’Υ6ρισον,
728 5054 868 5119 ἀλλ’,
899 5056 1176 5123 Ἐλεγξον.
1198 5057 1325 5110 Ἐάν
1345 5074 1438 5110 σου
1455 5059 1686 5133 ἀκούσῃ,
1703 5077 1826 5112 του-

218 5145 407 5210 τέστι,
434 5145 693 5216 καταγνῷ
716 5145 912 5201 ἑαυτοῦ
938 5163 952 5178 ο
985 5148 1092 5217 ἰδίᾳ
1119 5150 1228 5216 γὰρ
1266 5147 1411 5202 θέλει
1443 5150 1662 5218 πρῶτον
1703 5151 1827 5214 τοὺς

221 5240 658 5308 ἁμαρτάνοντας
694 5239 1043 5310 ἐλεγχθῆναι,
1098 5242 1183 5294 ἵνα
1218 5241 1293 5313 μὴ
1339 5242 1571 5296 ἐνώπιον
1615 5243 1829 5299 πολλῶν

223 5330 616 5402 ἐλεγχθέντες,
657 5332 1032 5402 ἀναιδέστεροι
1061 5336 1330 5401 γένωνται
1352 5353 1363 5364 ·
1389 5337 1486 5389 ἐὰν
1518 5337 1574 5390 δὲ
1605 5339 1700 5390 καὶ
1737 5339 1830 5391 ἐπὶ

223 5424 324 5479 δύο
363 5425 669 5494 μαρτύρων
717 5425 749 5494 ἢ
797 5427 967 5495 τριῶν
1029 5426 1310 5496 ἐλεγχθεὶς
1375 5428 1450 5497 μὴ
1504 5429 1826 5500 δυσωπηθῇ,

222 5519 351 5571 τότε
391 5518 492 5571 ἐπὶ
511 5516 620 5569 τῶν
645 5517 743 5585 τῆς
787 5517 1118 5587 Ἐκκλησίκς
1149 5517 1430 5588 προέδρων
1467 5518 1829 5588 δημοσίευσον

225 5611 290 5664 ιδ
324 5612 609 5678 πταῖσμα.
661 5609 813 5662 Ἐπεὶ
837 5611 950 5679 γὰρ
975 5612 1074 5662 οὐκ
1096 5611 1295 5680 ἢκουσε
1322 5610 1429 5662 τῶν
1463 5611 1609 5683 δύοῆ
1639 5614 1828 5681 τριῶν,

224 5702 488 5768 καίτοιγε
521 5703 548 5754 ὁ
568 5700 730 5771 νόμος
758 5699 931 5766 λέγει,
956 5701 1042 5753 ἵνα
1074 5701 1269 5754 ὲπὶδύο
1296 5701 1591 5773 μαρτύρων
1610 5708 1641 5774 ῆ
1660 5703 1829 5773 τριῶν

225 5793 483 5855 ἵσταται,
524 5796 773 5844 τουτέστι
817 5792 1155 5862 βεϐαιοῦται,
1219 5796 1327 5847 πᾶν
1375 5794 1546 5864 ῥῆμα,
1593 5797 1695 5848 ὑπὸ
1731 5797 1831 5867 τῆς

238 5881 588 5951 Ἐκκλησῑας
612 5881 797 5935 λοιπὸν
829 5884 1258 5954 σωφρονισθήτω
1289 5901 1301 5915 ι
1335 5884 1431 5937 ἐὰν
1458 5884 1513 5937 δὲ
1549 5887 1668 5939 οἶδὲ
1700 5889 1832 5941 ταὺ-

225 5991 332 6046 της
359 5973 600 6045 ἀκούσῃ,
641 5973 758 6028 τότε
791 5973 931 6028 Em»
958 5975 1263 6046 ἀπόϐλητος
1289 6017 1301 6040 ,
1338 5976 1422 6032 ivx
1448 5977 1522 6049 μὴ
1553 5977 1653 6049 τῆς
1697 5978 1832 6044 ἰδίας

1929 4789 2148 4852 alliciat,
2179 4798 2309 4843 tunc
2357 4787 2460 4842 illis
2493 4789 2657 4843 etiam
2691 4801 2810 4856 qua:
2857 4796 2946 4839 tua
2982 4793 3107 4839 sunt
3148 4782 3422 4836 renuntia.
3467 4779 3528 4836 Si

1930 4882 2117 4947 frater,
2151 4897 2318 4951 argue
2345 4882 2518 4935 illum.
2543 4878 2660 4935 Non
2685 4880 2830 4934 enim
2865 4879 3023 4940 dixit,
3051 4875 3396 4936 Conviciare.
3429 4875 3528 4929 sed

1929 4975 2128 5043 Argue.
2185 4972 2242 5027 Si
2276 4983 2327 5027 te
2369 4973 2623 5034 audierit,
2663 4972 2768 5026 hoc
2807 4979 2925 5036 est,
2962 4970 3340 5023 condemnarit
3385 4964 3530 5036 seip-

1929 5082 2070 5121 Sum.
2097 5066 2351 5121 Privatim
2387 5065 2533 5121 enim
2575 5066 2687 5117 vult
2709 5064 2942 5133 primum
2966 5067 3256 5130 peccantes
3275 5060 3452 5128 argui,
3470 5068 3529 5112 ut

1931 5169 1998 5210 ne
2018 5171 2200 5210 coram
2228 5155 2414 5210 multis
2434 5155 2710 5223 redarguti
2738 5151 3173 5219 itnpudentiores
3198 5149 3349 5202 flant.
3371 5147 3528 5214 Quod

1930 5245 1974 5298 si
2004 5257 2054 5298 te
2088 5261 2192 5299 non
2217 5245 2473 5307 audierit,
2499 5256 2552 5298 et
2579 5259 2703 5298 eum
2733 5243 2944 5297 duobus
2977 5242 3061 5296 vel
3092 5241 3266 5294 tribus
3296 5240 3529 5294 tesribus

1930 5337 2198 5408 argueris,
2233 5351 2299 5391 ne
2321 5337 2566 5405 graveris
2596 5346 2725 5391 tunc
2771 5334 3034 5390 Ecclesiae
3079 5333 3404 5403 praesidibus
3434 5332 3526 5385 in-

1930 5429 2151 5499 vulgare
2205 5438 2509 5497 peccatum.
2554 5429 2692 5496 Quia
2738 5428 2886 5482 enim
2921 5442 3028 5482 non
3083 5424 3234 5478 audit
3273 5425 3407 5477 duos
3441 5422 3528 5476 vel

1933 5532 2040 5574 tres
2057 5525 2470 5590 redarguentes,
2487 5521 2739 5590 quamvis
2759 5520 2844 5574 lex
2859 5519 3004 5573 dicat
3031 5527 3089 5571 ut
3109 5518 3159 5571 in
3182 5529 3275 5570 ore
3292 5512 3528 5567 duorum

1933 5614 2018 5668 vel
2055 5616 2216 5667 trium
2251 5614 2468 5668 testium
2520 5614 2812 5677 subsistat,
2857 5611 2910 5666 id
2951 5620 3055 5674 εει,
3092 5607 3336 5661 firmetur
3365 5619 3528 5658 omne

1932 5705 2182 5770 verbum,
2209 5707 2277 5759 ab
2313 5703 2558 5758 Ecclesia
2587 5713 2773 5772 postea
2800 5702 3123 5772 castigetur.
3161 5697 3309 5752 Illam
3344 5704 3525 5749 autent

1932 5799 1976 5851 si
2027 5814 2129 5852 non
2173 5797 2426 5862 audierit,
2487 5807 2614 5850 tunc
2673 5794 2990 5865 abjiciatur,
3023 5808 3090 5847 ne
3132 5806 3244 5848 sua:
3295 5787 3521 5844 malitias

1934 5891 2226 5958 participes
2258 5889 2424 5944 faciat
2465 5889 2624 5944 alios.
2658 5886 2945 5943 Assimilat
3000 5895 3182 5954 autem
3225 5881 3526 5953 publicanis

1939 5982 2074 6039 tales
2111 5981 2330 6038 fratres.
2377 5981 2679 6037 lnfamatur
2706 5978 2853 6035 enim
2897 5979 2966 6034 ob
3003 5977 3258 6050 pecunias
3290 5973 3520 6045 publica-
