4030 6566
613 437 720 504 343

1490 421 2068 488 THEOPHYLACTI
2112 415 2525 481 BULGARM!
2565 409 2920 474 ARCBIEP.

3755 400 3858 469 3U

612 558 740 600 nus.
788 538 1098 598 Consolatio
1131 546 1312 593 autem
1345 534 1404 590 tit
1439 533 1666 597 on‘enso.
1700 533 1894 599 injuria
1931 529 2171 584 allicien-

2293 524 2477 584 ιακίας
2511 518 2728 589 μεταδῴ
2761 517 2850 570 καὶ
2877 516 2988 578 τοῖς
3031 512 3234 574 ἄλλοις.
3272 509 3611 580 Παρεικάζει
3644 508 3706 560 δὲ
3759 513 3870 569 τοῖς

614 646 722 692 tem
777 631 1119 703 publicanum
1168 627 1463 682 existimari
1524 636 1577 679 et
1630 625 1907 695 gentilem,
1947 624 2050 679 hoc
2094 631 2174 676 est

611 736 944 799 peccatorem
972 731 1026 776 et
1047 719 1404 776 incredulum.
1434 717 1682 786 Nunquid
1717 727 1896 770 autem
1929 716 2040 768 bac
2064 713 2176 767 sola

611 817 863 886 lnjuriam
897 812 1146 869 facientis
1173 809 1380 881 paena?
1411 807 1650 864 Hinime.
1687 806 1791 862 Sed
1825 805 1945 860 audi
1976 814 2031 860 et
2060 817 2178 873 qua:

610 916 926 978 sequuntur.

682 1217 844 1273 Vsus.
890 1216 977 1272 18.
1022 1235 1041 1268 ι
1071 1218 1239 1271 Amen
1271 1216 1393 1271 dico
1420 1215 1591 1278 vobis,
1629 1225 1960 1283 qumcunque
1989 1209 2175 1278 alliga-

607 1308 798 1363 verltis
822 1323 986 1378 super
1020 1316 1240 1368 terram.
1274 1318 1428 1362 erunt
1459 1307 1617 1374 ligata
1643 1306 1694 1359 in
1733 1304 1871 1359 emlo
1899 1321 1912 1355 :
1944 1311 1995 1356 et
2028 1313 2174 1369 qum-

609 1413 822 1466 cunque
864 1397 1136 1453 solveritis
1194 1413 1356 1466 super
1401 1405 1632 1463 terram,
1689 1403 1848 1450 erunt
1895 1393 2064 1447 soluta
2119 1391 2172 1444 in

609 1490 769 1544 emlo.
812 1507 831 1539 ι
877 1487 932 1542 Si
959 1498 1036 1552 tu,
1086 1490 1293 1558 inquit,
1323 1488 1600 1553 oﬂ‘ensus,
1649 1486 1813 1541 babes
1838 1499 1962 1540 eum
1998 1483 2086 1551 qui
2127 1492 2175 1536 te

611 1578 808 1646 injuria
865 1577 1045 1632 aﬂ'ecit
1085 1579 1221 1632 sicut
1268 1576 1609 1645 publicanum
1646 1586 1699 1629 et
1733 1574 2023 1645 gentilem,
2069 1572 2176 1627 erit

609 1670 700 1724 ille
728 1679 781 1726 et
812 1670 862 1723 in
895 1670 1035 1725 otelo
1068 1670 1207 1724 talis.
1238 1669 1291 1724 Si
1325 1679 1503 1724 autem
1542 1668 1767 1723 solveris
1793 1683 1938 1729 eum,
1963 1667 2062 1720 hoc
2095 1673 2177 1720 est

611 1760 903 1830 ignoveris,
932 1759 1036 1814 erit
1066 1761 1114 1815 ei
1147 1771 1201 1816 et
1233 1761 1284 1814 in
1319 1761 1456 1812 ccelo
1482 1760 1861 1814 condenatum.
1892 1757 2004 1811 Non
2031 1757 2174 1812 enim

610 1852 786 1906 solum
828 1867 948 1920 quae
996 1852 1211 1906 solvunt
1259 1852 1605 1915 sacerdotes,
1662 1862 1785 1905 sunt
1827 1849 2044 1905 soluta:
2083 1849 2173 1903 sed
2207 1878 2252 1936 Β

613 1957 947 2013 qureeunque
992 1954 1045 1999 et
1096 1959 1192 2000 nos
1241 1945 1431 2013 injuria
1476 1943 1647 1997 aﬂ'eeti
1684 1942 1766 1996 vel
1803 1942 2066 2011 ligamus,
2095 1940 2178 1994 vel

613 2035 890 2096 solvimus.
930 2045 983 2090 et
1027 2037 1139 2106 ipsa
1169 2048 1326 2090 erunt
1377 2037 1538 2108 ligata
1577 2035 1662 2090 vel
1700 2035 1893 2090 soluta.

686 2163 846 2221 Vsus.
882 2166 966 2230 19,
991 2166 1080 2220 20.
1123 2186 1138 2218 ι
1165 2165 1392 2231 Rursus,
1419 2183 1572 2222 amen
1604 2168 1727 2220 dico
1761 2167 1934 2227 vobis,
1968 2163 2109 2233 quod
2134 2163 2179 2216 si

614 2262 721 2314 duo
762 2275 827 2314 ex
884 2260 1031 2314 vobis
1063 2261 1438 2314 consenserint
1489 2274 1651 2328 super
1679 2266 1903 2321 terram,
1937 2257 2003 2310 de
2032 2255 2178 2309 omni

618 2367 675 2404 re
705 2365 1077 2419 quamcunque
1117 2351 1394 2420 petierint,
1429 2350 1519 2403 lict
1557 2350 1662 2404 illis
1692 2364 1719 2401 a
1752 2347 1913 2402 Patre
1946 2362 2063 2400 meo
2087 2346 2177 2414 qui

616 2451 699 2493 est
727 2442 777 2492 in
805 2441 973 2496 caelis.
1005 2441 1106 2496 Ubi
1134 2442 1282 2494 enim
1325 2452 1451 2496 sunt
1483 2442 1587 2495 duo
1615 2441 1693 2494 vel
1727 2449 1834 2494 tres
1871 2438 2176 2508 congregati

619 2530 670 2580 in
705 2530 920 2584 nomine
949 2546 1092 2592 meo,
1132 2530 1238 2583 illic
1269 2545 1387 2584 sum
1419 2532 1467 2583 in
1502 2530 1677 2583 medio
1713 2529 1946 2582 illorum.
1983 2547 2001 2580 ι
2036 2528 2180 2581 Con-

617 2632 801 2689 gregat
845 2637 940 2677 nos
973 2624 1121 2677 liisce
1165 2624 1345 2678 verbis
1384 2624 1450 2676 ad
1490 2622 1831 2676 charitatem.
1869 2621 2002 2686 Quia
2037 2622 2179 2673 enim

615 2713 891 2779 prohibuit
942 2730 1008 2768 ne
1065 2723 1306 2768 mutuum
1353 2713 1789 2777 oﬂ'enderemus,
1847 2728 1990 2765 nunc
2033 2713 2184 2764 etde

618 2815 801 2858 mutua
833 2807 1121 2861 concordia
1155 2807 1303 2860 dicit.
1355 2805 1668 2861 Concordes
1699 2815 1872 2858 autem
1905 2804 2180 2864 dicuntur,

618 2911 723 2951 non
751 2896 840 2966 qui
879 2895 934 2951 in
980 2897 1178 2951 malum
1206 2899 1537 2952 conveniunt
1562 2935 1576 2960 ,
1613 2894 1704 2952 sed
1743 2894 1836 2965 qui
1875 2893 1926 2949 in
1960 2893 2178 2949 bonum.

617 2989 752 3044 Vide
783 2990 925 3043 enim
959 2991 1086 3059 quid
1129 2990 1270 3044 dicat
1302 3008 1315 3043 :
1368 2988 1422 3043 Si
1456 2991 1561 3043 duo
1592 3003 1653 3042 ex
1707 2989 1886 3051 vobis,
1939 2988 2037 3038 hoc
2079 2997 2180 3049 est,

618 3082 964 3136 credentibus
999 3090 1054 3135 et
1120 3082 1314 3134 virtute
1391 3080 1647 3148 praeditis.
1727 3077 2184 3146 Conspiraverunt

618 3175 758 3228 enim
791 3175 1048 3228 etAnnas
1077 3187 1139 3226 ac
1166 3173 1421 3240 Caiphae,
1455 3174 1548 3226 sed
1594 3171 1756 3224 male.
1795 3171 1858 3224 Et
1895 3169 2180 3238 prOpterea
2211 3207 2257 3267 Ο

620 3281 758 3334 smne
788 3273 1071 3335 precantes
1101 3281 1206 3317 non
1237 3264 1550 3333 accipimus,
1578 3279 1642 3318 eo
1664 3263 1804 3331 quod
1844 3271 2026 3315 mutua
2057 3276 2185 3314 con-

622 3358 805 3412 cordia
841 3372 1112 3411 caremus.
1155 3355 1271 3410 Non
1316 3355 1450 3409 dixit
1483 3366 1682 3419 autem,
1713 3354 1865 3423 Ero(
1902 3368 2005 3406 non
2039 3352 2184 3407 enim

622 3447 822 3510 tardat,
859 3447 939 3500 vel
974 3445 1306 3512 cunctatur),
1341 3445 1435 3499 sed
1472 3443 1626 3506 Sum,
1665 3444 1763 3496 hoc
1792 3452 1870 3496 est
1895 3483 1908 3507 ,
1938 3443 2046 3509 jam
2081 3442 2188 3495 illic

623 3539 891 3590 invenior.
924 3536 1198 3604 lntelligas
1236 3537 1360 3589 item
1397 3536 1539 3604 quod
1574 3534 1787 3600 quando
1839 3534 2185 3600 conspirave-

625 3624 730 3676 riut
782 3625 1002 3691 spiritus
1031 3633 1085 3678 et
1121 3639 1285 3686 caro,
1339 3631 1394 3678 et
1443 3639 1548 3677 non
1585 3623 1950 3691 concupiverit
2001 3631 2189 3676 contra

623 3715 871 3784 spiritum
898 3729 1048 3778 caro,
1085 3725 1210 3769 tunc
1248 3715 1348 3770 erit
1374 3716 1424 3768 in
1457 3715 1634 3769 medio
1661 3714 1942 3767 Dominus.
1967 3711 2196 3780 Conspi-

632 3818 748 3859 rant
781 3816 958 3859 autem
984 3816 1038 3860 et
1071 3817 1180 3859 tres
1205 3808 1433 3860 virtutes
1464 3807 1678 3867 animae,
1713 3805 1994 3858 rationalis
2016 3844 2028 3865 ,
2072 3805 2197 3856 ira-

633 3897 848 3960 scitiva,
891 3906 944 3951 et
983 3897 1362 3951 desiderativa.
1403 3895 1506 3950 Sed
1540 3907 1586 3950 et
1613 3905 1766 3950 vetus
1794 3909 1855 3948 ac
1881 3909 2016 3948 nova
2049 3894 2196 3963 leges

625 3989 962 4057 conspirant,
1017 3987 1396 4055 inveniturque
1449 3988 1498 4040 in
1547 3987 1723 4042 medio
1751 3987 1988 4056 ipsarum
2037 3983 2196 4039 Chri-

625 4089 740 4134 stus
769 4082 834 4133 ab
863 4091 1090 4148 utraque
1130 4080 1475 4148 pra-dicatus.

706 4366 863 4420 Vens.
883 4365 973 4429 ει,
994 4365 1084 4418 22.
1108 4385 1125 4416 ι
1163 4365 1310 4420 Tunc
1339 4367 1598 4420 accedens
1614 4366 1721 4436 97
1758 4366 1948 4421 Petrus
1973 4367 2038 4419 ad
2057 4381 2199 4430 eum,

627 4458 796 4510 dixit:
823 4456 1296 4523 Domine,.qnoties
1325 4456 1567 4526 peccabit
1593 4457 1642 4508 in
1660 4472 1744 4509 me
1763 4457 1929 4509 frater
1955 4469 2125 4519 mens,
2153 4464 2206 4508 et

2287 611 2546 670 τελώναις
2589 605 2718 670 τοὺς
2766 603 3041 665 τοιούτους
3096 600 3358 667 ἀδελφοὺς
3413 596 3868 669 (διαϐεϐλημένον

2286 703 2393 771 γάρ
2420 719 2469 753 τι
2497 698 2685 769 χρῆμα
2712 699 2740 750 ὀ
2759 694 3017 764 τελώνης)
3041 711 3056 724 ο
3106 690 3432 762 παραμυθία
3462 691 3519 743 δὲ
3538 689 3648 760 θεῷ
3675 690 3867 758 ήδικη-

2289 795 2456 864 μένῳ,
2512 791 2570 842 τὸ
2627 789 2716 842 τὸν
2763 787 3050 840 ἀδικοῦντα
3091 783 3330 852 τελώνην
3384 781 3715 852 νομίζεσθαι
3774 781 3867 832 καὶ

2286 884 2518 946 ιονικδν,
2559 881 2834 933 τουτέστιν
2881 875 3204 946 ἁμαρτωλὸν
3238 875 3333 926 καὶ
3382 875 3634 926 ἄπιστον.
3695 870 3866 924 Τοῦτο

2284 977 2375 1031 οὖν
2401 976 2558 1046 μόνον
2587 974 2806 1034 κόλασις
2841 971 2932 1023 τοῦ
2955 968 3272 1030 ἀδικοῖντος
3295 984 3310 1030 ;
3333 967 3486 1037 Οὖχί.
3531 966 3677 1018 Ἀλλ’
3698 967 3866 1020 ἄκουε

2286 1064 2507 1119 καὶτῶν
2542 1063 2688 1132 ιξῆς.

2360 1199 2377 1230 ι
2431 1178 2599 1248 Ἀμην
2626 1177 2772 1245 λέγω
2799 1178 2949 1247 ὐμῐν,
2990 1176 3092 1230 ὅσα
3119 1175 3214 1228 ὶάν
3239 1173 3441 1243 δήσητε
3472 1172 3565 1224 ἐπὶ
3603 1171 3710 1241 τῆς
3741 1170 3866 1238 γῆς,

2285 1268 2440 1321 ἔσται
2466 1267 2724 1335 δεδεμένα
2767 1265 2825 1318 tv
2864 1262 2942 1333 τῷ
2968 1261 3207 1332 οὐρανῷ,
3257 1261 3350 1313 καὶ
3392 1259 3492 1311 ὃσα
3532 1257 3632 1308 liv
3659 1255 3866 1324 λύσητε

2283 1362 2376 1413 ἐπὶ
2404 1359 2501 1428 τῆς
2531 1357 2654 1427 γῆς,
2691 1356 2844 1409 ἔσται
2886 1353 3153 1423 λελυμένα
3183 1353 3242 1405 ιν
3284 1349 3362 1418 τῷ
3391 1345 3625 1420 οὐρανῷ.
3671 1365 3690 1396 ι
3738 1346 3866 1398 Ἐὰν

2285 1451 2371 1516 σὺ,
2400 1449 2627 1519 φησὶν,ὁ
2650 1446 2950 1516 ἀδικηθεὶς,
2991 1445 3124 1516 ἔχῃς
3147 1445 3222 1506 ὡς
3253 1441 3493 1510 τελώνην
3515 1439 3613 1491 καὶ
3648 1436 3868 1491 suum

2282 1544 2372 1596 τὸν
2406 1540 2712 1602 ἀδικοῦντα,
2738 1539 2889 1591 ἔσται
2907 1539 2999 1590 καὶ
3024 1539 3078 1588 ἰν
3101 1535 3176 1605 τῷ
3202 1533 3413 1603 οὖρανῷ
3438 1529 3704 1591 τοιοῦτος.
3740 1527 3866 1579 Ἐὰν

2283 1636 2339 1689 δὲ
2384 1636 2551 1705 λύσῃς
2595 1632 2798 1695 αὑτὸν,
2832 1631 3075 1684 τουτέστι
3128 1627 3511 1698 συγχωρήσης,
3554 1623 3714 1676 ἔσται
3772 1622 3868 1672 καὶ

2284 1730 2342 1781 tv
2387 1725 2464 1796 τῷ
2491 1724 2706 1795 οὐρανῷ
2736 1720 3232 1790 συγκεχωρημένος
3263 1733 3275 1746 ’
3313 1718 3375 1771 οὺ
3411 1716 3520 1786 γὰρ
3556 1715 3725 1783 μόνον
3764 1713 3867 1765 ὅσα

2283 1823 2500 1873 λύουσιν
2532 1820 2581 1871 ol
2616 1819 2801 1888 ἱερεῖς,
2831 1815 2939 1867 εἰσί
2965 1812 3253 1882 λελυμένα,
3287 1808 3403 1864 ἀλλ’
3432 1810 3533 1862 ὅσα
3573 1805 3671 1859 καὶ
3707 1806 3868 1874 ἡμεῖς

2282 1914 2332 1965 οἰ
2373 1908 2770 1978 ἀδικηθέντεςῆ
2806 1901 3116 1974 δεσμοῦμεν
3145 1901 3178 1971 ἢ
3211 1901 3430 1971 λύομεν,
3455 1898 3685 1950 κάκεῖνα
3713 1896 3868 1947 ἐσται

2281 2005 2540 2074 δεδεμένα
2590 1999 2623 2070 ἢ
2657 1997 2946 2066 λελυμένα.

2361 2162 2379 2194 ι
2417 2142 2608 2204 Πάλιν,
2636 2139 2781 2208 ἀμην
2811 2135 2954 2202 λέγω
2977 2133 3126 2203 ὑμῖν,
3160 2131 3242 2183 ὅτι
3288 2129 3382 2181 ἐὰν
3403 2126 3497 2180 δύο
3535 2124 3694 2195 ὑμῶν
3725 2141 3868 2191 συμ-

2282 2238 2602 2304 φωνήσωσιν
2628 2233 2718 2283 ἐπὶ
2751 2230 2847 2295 τῆς
2871 2227 2994 2294 γῆς,
3033 2224 3162 2294 περὶ
3195 2220 3394 2282 παντὸς
3426 2218 3757 2287 πράγματος
3804 2208 3865 2268 οὖ

2285 2327 2381 2378 ἐὰν
2413 2326 2768 2392 αἰτήσωνται,
2805 2320 3097 2387 γενήσεται
3127 2316 3310 2376 αὐτοῖς
3341 2311 3489 2380 παρά
3523 2309 3618 2362 τοῦ
3653 2307 3867 2375 Πατρός

2288 2435 2388 2486 μου
2415 2415 2507 2466 τοῦ
2537 2417 2592 2465 ἐν
2617 2413 2863 2480 οὐρανοῖς
2894 2427 2908 2440 ο
2938 2401 3000 2460 οὗ
3039 2407 3146 2475 γάρ
3179 2408 3283 2457 εἰσι
3308 2402 3412 2471 ⁸δύο
3467 2401 3501 2469 ἦ
3558 2400 3710 2470 τρεῖς
3739 2414 3837 2449 συν

2282 2507 2509 2576 ηγμένοι
2534 2507 2611 2567 εἰς
2629 2505 2689 2555 τὸ
2717 2502 2848 2571 ἐμὸν
2873 2502 3065 2568 δνομα,
3085 2498 3333 2564 ὲκεῐείμι
3359 2495 3417 2544 ἑν
3441 2492 3593 2561 μέσῳ
3614 2489 3816 2542 αὐτῶν,
3842 2507 3861 2538 ι

2285 2599 2517 2664 Συνάγει
2568 2597 2716 2663 ήμᾶς
2751 2593 2839 2644 διά
2887 2591 2994 2643 τῶν
3026 2588 3286 2640 τοιούτων
3317 2583 3582 2654 ῥημάτων
3632 2582 3714 2642 εἰς
3765 2578 3862 2644 τὴν

2291 2692 2511 2758 ἀγάπην
2548 2707 2562 2721 ·
2599 2688 2717 2739 ἐπεὶ
2760 2686 2868 2753 γὰρ
2920 2682 3192 2735 ἐκώλυσεν
3227 2678 3375 2746 ἡμᾶς
3430 2673 3538 2727 ἀπὺ
3565 2671 3658 2725 τοῦ
3702 2686 3868 2722 σκαν-

2285 2782 2520 2845 δαλίζειν
2549 2778 2832 2846 ἀλλήλους,
2889 2775 2984 2826 καὶ
3040 2772 3300 2842 βλάπτειν
3347 2767 3440 2821 καί¹
3497 2764 3863 2836 βλάπτεσθαι,

2285 2875 2378 2925 νῦν
2409 2873 2552 2937 λέγει
2589 2871 2683 2922 καὶ
2725 2868 2852 2936 περὶ
2903 2866 3002 2935 τῆς
3037 2865 3173 2934 πρὸς
3222 2861 3481 2930 ἀλλήλους
3515 2857 3864 2926 συμφωνίας.

2285 2961 2706 3034 Συμφωνοῦντες
2741 2958 2796 3013 δὲ
2836 2956 3080 3012 νοοῦνται
3114 2955 3218 3025 οὐχ
3269 2954 3317 3008 οἰ
3349 2949 3440 3005 ἐπὶ
3474 2948 3635 3020 κακῷ
3676 2960 3867 3016 συνερο

2285 3060 2522 3128 χόμενοι,
2552 3054 2666 3106 ἀλλ’
2689 3055 2737 3106 οἱ
2777 3054 2862 3104 ἐπ’
2897 3048 3107 3118 ἀγαθῷ.
3136 3049 3274 3115 Ὅρα
3307 3044 3414 3114 γὰρ
3435 3043 3489 3095 τί
3530 3037 3707 3094 εἰπενο
3740 3041 3864 3092 Ἐὰν

2285 3151 2377 3203 δύο
2410 3149 2584 3218 ὑμῶν,
2631 3145 2876 3199 τουτέστι
2925 3143 3032 3195 τῶν
3083 3139 3470 3200 πιστευόντων,
3509 3136 3621 3188 τῶν
3673 3134 3866 3200 εναρέο

2286 3260 2392 3295 των
2427 3259 2439 3272 ·
2475 3238 2858 3306 συνεφώνησαν
2901 3234 3006 3304 γὰρ
3060 3232 3154 3284 καὶ
3188 3232 3386 3293 Ἀννας
3441 3228 3536 3279 καὶ
3589 3224 3863 3291 Καῐάφας.

2288 3334 2424 3387 ἀλλά
2455 3330 2671 3400 ψεκτῶς
2701 3345 2714 3358 ·
2747 3328 2886 3380 ὥστε
2911 3325 2997 3378 διά
3031 3322 3188 3375 τοῦτο
3207 3321 3468 3381 πολλάκις
3498 3316 3786 3385 εὐχόμενοι
3808 3315 3865 3364 οὐ

2292 3424 2664 3492 λαμϐάνομεν,
2721 3419 2855 3471 διότι
2903 3415 3023 3468 οὐδὲ
3066 3411 3388 3482 συμφωνίαν
3425 3408 3561 3477 πρὸς
3601 3406 3864 3476 ἀλλήλους

2298 3518 2515 3583 ἔχομεν.
2538 3511 2650 3564 Οὐκ
2679 3505 2797 3561 εἷπε
2815 3505 2993 3567 δὲ,’ὃτι
3026 3504 3259 3572 Ἕσομαι
3283 3517 3296 3530 ·
3318 3501 3377 3553 οὑ
3408 3500 3519 3568 γὰρ
3547 3495 3736 3583 μέλλει
3751 3493 3870 3546 οὐδὲ

2294 3582 2570 3675 βραδύνειν
2595 3597 2745 3662 ἀλλ’,
2784 3596 2933 3664 Εἰμὶ,
2957 3585 3469 3653 τουτέστιν,ἀὺτίκα
3487 3585 3605 3636 ἐκεῖ
3621 3582 3870 3652 εὑρίσκο-

2296 3671 2393 3764 μαι
2413 3711 2426 3722 ·
2458 3694 2668 3759 νοήσεις
2698 3688 2754 3738 δὲ
2787 3687 2867 3738 ὅτι
2890 3685 2984 3736 καὶ
3013 3683 3142 3734 ὅταν
3177 3678 3518 3748 συμφωνήσῃ
3562 3675 3597 3742 ἡ
3627 3671 3762 3741 σὰρξ
3780 3671 3870 3722 καὶ

2295 3763 2356 3836 τὸ
2390 3786 2628 3849 πνεῦμα,
2666 3779 2758 3830 καὶ
2791 3778 2865 3846 μὴ
2892 3775 3133 3842 ἐπιθυμῇ
3181 3769 3324 3823 κατὰ
3351 3767 3444 3820 τοῦ
3499 3763 3810 3832 πνεύματος
3836 3764 3866 3826 ἡ

2300 3876 2456 3944 σὰρξ,
2487 3874 2606 3923 τότε
2635 3869 2781 3920 ἐστὶν
2819 3869 2877 3920 ὲν
2912 3866 3060 3934 μέσῳ
3088 3866 3114 3915 ὁ
3147 3862 3369 3928 Κύριος.
3413 3853 3776 3928 Συμφωνοῦσι
3817 3852 3872 3903 δὲ

2297 3968 2392 4021 καὶ
2442 3966 2498 4016 αἰ
2549 3966 2697 4034 τρεῖς
2751 3960 3009 4028 δυνάμεις
3042 3957 3140 4024 τῆς
3171 3954 3383 4022 ψυχῆς,
3425 3951 3486 4003 τὸ
3534 3946 3778 4016 λογικὸν,
3814 3944 3871 3996 τὸ

2300 4056 2550 4126 Θυμικδν,
2582 4054 2677 4108 καὶ
2713 4053 2772 4105 τὸ
2809 4049 3229 4118 ἐπιθυμητικόν.
3277 4043 3437 4097 Ἀλλὰ
3465 4043 3559 4095 καὶ
3595 4042 3628 4109 ἡ
3667 4039 3872 4092 παλαιά

2308 4153 2400 4204 καὶ
2457 4151 2489 4216 ὴ
2517 4149 2611 4199 νέα
2645 4142 3026 4210 συμφωνοῦσιν
3053 4142 3107 4192 αἰ
3148 4139 3240 4190 δύο
3262 4176 3275 4198 ,
3310 4136 3400 4189 καὶ
3430 4137 3488 4187 ὲν
3516 4133 3667 4201 μέσῳ
3698 4129 3871 4183 αὐτῶν

2304 4241 2616 4311 εὑρίσκεται
2646 4239 2673 4289 ό
2696 4234 2949 4298 Χριστὸς,
2988 4233 3078 4283 ὑπ’
3109 4230 3310 4299 ἀμφοῖν
3345 4223 3771 4294 κηρυττόμενος.

2383 4375 2399 4405 ι
2452 4353 2583 4405 Τότε
2622 4344 2932 4418 προσελθὼν
2970 4343 3118 4411 αὐτῷ
3147 4343 3174 4392 ὁ
3213 4341 3437 4409 Πέτρος,
3485 4333 3606 4390 εἷπε
3635 4352 3648 4365 ·
3680 4336 3870 4404 Κύριε,

2308 4447 2535 4505 ποσάκις
2566 4440 2872 4511 ἁμαρτήσει
2897 4437 2973 4498 εἰς
2994 4435 3092 4504 ἐμὲ
3119 4436 3145 4486 ὁ
3170 4431 3396 4499 ἀδελφός
3423 4447 3548 4499 μου,
3567 4429 3661 4482 καὶ
3681 4429 3874 4496 ἀφήσω

626 4549 896 4604 remittam
916 4549 963 4601 ei
979 4547 1001 4601 τ
1017 4545 1152 4600 Num
1179 4563 1347 4615 tlSque
1362 4549 1557 4616 septies
1578 4549 1600 4601 ?
1619 4547 1752 4602 Dicit
1773 4548 1844 4602 illi
1865 4547 2020 4602 Iesus
2042 4566 2053 4600 :
2073 4544 2186 4598 Non

2297 4537 2441 4607 αὺτῷ
2468 4554 2482 4602 ;
2516 4536 2618 4596 ἓως
2647 4531 2903 4594 ἑπτάκις
2948 4529 3110 4594 Λέγει
3137 4526 3285 4595 αὐτῷ
3315 4527 3343 4578 ὁ
3383 4522 3589 4592 Ἰησοῦς
3613 4539 3629 4554 ο
3681 4524 3755 4574 Οὐ
3792 4522 3875 4575 λέ-

626 4640 748 4694 dico
769 4641 862 4695 tibi
884 4655 1052 4708 usque
1074 4641 1294 4709 septies,
1311 4643 1403 4694 sed
1424 4656 1592 4710 usque
1616 4641 1920 4710 septuagies
1933 4640 2151 4708 septies.
2170 4658 2186 4688 ι

629 4727 741 4783 Hoc
771 4738 847 4781 est
884 4729 1026 4796 quod
1047 4730 1338 4796 interrogat
1359 4728 1548 4782 Petrus
1571 4727 1830 4792 :Quoties,
1853 4727 1896 4781 si
1921 4736 2124 4796 peccet,
2143 4735 2197 4779 et

628 4820 823 4873 deinde
857 4824 1079 4871 accedat
1115 4829 1168 4872 et
1207 4829 1351 4886 petat
1385 4819 1596 4872 veniam
1628 4818 1942 4886 paenitentia
1978 4818 2194 4876 ductus.

631 4911 920 4964 concedam
940 4910 1281 4975 ei?Addidit,
1316 4910 1372 4963 ln
1406 4926 1492 4964 me
1515 4911 1558 4964 si
1591 4909 1914 4972 peccaverit.
1941 4907 1998 4961 In
2030 4907 2195 4961 Deum

633 5005 776 5058 enim
814 5004 857 5057 si
883 5005 1206 5073 peccaverit,
1241 5021 1343 5057 non
1375 5020 1494 5073 ego,
1520 5005 1610 5072 qui
1637 5004 1826 5057 idiotes
1862 5019 1924 5058 ac
1959 5003 2201 5074 privatus

634 5106 773 5155 sum,
798 5105 1014 5159 possum
1042 5092 1088 5146 ei
1117 5094 1412 5156 remittere,
1432 5093 1533 5146 nisi
1565 5091 1703 5147 forte
1731 5093 1820 5147 Dei
1839 5093 2084 5146 ordinem
2103 5092 2201 5145 ha-

634 5182 768 5234 bens
797 5183 1072 5235 sacerdos.
1098 5181 1152 5234 Si
1182 5190 1358 5234 autem
1384 5183 1540 5234 inme
1568 5191 1771 5250 peccet,
1804 5197 1864 5234 ac
1894 5180 2086 5234 deinde
2119 5193 2203 5233 re-

640 5272 837 5327 misero
856 5273 927 5336 ei,
952 5274 1053 5326 erit
1085 5273 1313 5337 solutus,
1339 5275 1502 5328 etiam
1536 5274 1580 5326 si
1598 5273 1839 5342 privatus
1867 5288 1963 5340 ego
1986 5273 2087 5325 sim
2111 5313 2124 5333 ,
2150 5281 2205 5324 et

637 5377 743 5416 non
785 5366 1059 5417 sacerdos.
1079 5363 1229 5428 Quod
1255 5374 1433 5417 autem
1469 5366 1774 5432 septuagies
1816 5365 2016 5432 septies
2047 5365 2202 5430 dixit,

642 5466 748 5502 non
763 5451 1036 5505 concludit
1054 5454 1260 5505 veniam
1276 5468 1518 5507 numero.
1544 5453 1844 5506 Absurdum
1859 5455 1998 5506 enim
2016 5455 2205 5507 sedere

641 5550 695 5593 et
742 5557 1024 5595 numerare
1075 5559 1244 5608 usque
1290 5547 1413 5597 dum
1465 5544 1861 5613 quadringenta
1914 5545 2204 5616 nonaginta

640 5631 840 5685 italieas
899 5633 1011 5705 [tot
1045 5635 1188 5686 enim
1241 5635 1444 5688 faciunt
1489 5635 1798 5705 septuagies
1829 5637 2059 5708 septies]
2112 5638 2204 5690 sed

645 5719 966 5777 immensum
998 5740 1278 5779 numerum
1325 5727 1544 5794 signat:
1575 5726 1730 5795 quasi
1780 5727 1942 5791 dicat,
1986 5726 2209 5792 Quoties

646 5813 767 5880 quis
794 5813 976 5878 lapsus
1001 5813 1177 5882 fuerit,
1212 5826 1264 5872 et
1312 5817 1681 5882 pmnitantiam
1708 5829 1824 5881 aget
1849 5857 1863 5880 ,
1891 5817 2123 5874 concede
2159 5820 2207 5872 ei

2297 4651 2377 4699 γω
2407 4649 2486 4683 σοι
2517 4631 2621 4689 ἕως
2649 4625 2898 4686 ἑπτάκις,
2925 4623 3039 4675 ἀλλ’
3060 4622 3164 4682 ἓως
3191 4617 3652 4689 ὲόδομήκοντάκις
3681 4618 3869 4669 ἑπτά.»

2299 4723 2469 4776 Τοῦτο
2501 4721 2645 4772 ἐστιν
2666 4719 2693 4770 ὃ
2722 4717 2904 4786 ἐρωτᾷ
2929 4718 2955 4767 ὁ
2984 4714 3209 4783 Πέτρος·
3254 4714 3487 4776 Ποσὰκις
3512 4713 3607 4765 ἐὰν
3635 4712 3872 4781 ἁμάρτῃ,

2302 4811 2419 4866 εἶτα
2454 4812 2824 4880 προσέρχηται
2849 4808 2943 4860 καὶ
2974 4808 3098 4876 αἰτῇ
3142 4803 3472 4874 συγγνώμην
3507 4803 3874 4872 μεταμελόμε-

2301 4925 2409 4968 νος,
2441 4899 2956 4971 συγχωρήσωξαὺτοῦ
2980 4914 2994 4961 ;
3031 4897 3342 4966 Προσέθηκε
3367 4895 3520 4958 δὲτὸ,
3540 4895 3633 4957 Εἰς
3656 4895 3754 4963 ἐμὲ
3783 4897 3872 4946 ἐὰν

2302 4996 2523 5062 ἁμάρτῃ
2542 5007 2553 5018 °
2582 4995 2659 5052 εἰς
2683 4991 2789 5058 γὰρ
2814 4987 2943 5040 Θεὸν
2962 4987 3056 5038 ἐὰν
3083 4987 3326 5057 ἁμάρτῃ,
3348 4985 3448 5036 οὐκ
3475 4983 3588 5052 ἐγὼ
3611 4985 3639 5036 ὸ
3667 4986 3873 5053 ἰδιώτης

2303 5088 2532 5154 δύναμαι
2563 5081 2712 5152 αὑτῴ
2744 5082 3064 5150 συγχωρεῖν,
3098 5080 3145 5130 εἰ
3181 5079 3364 5145 μήπου
3395 5095 3457 5146 γε
3489 5081 3516 5130 ὁ
3548 5077 3685 5130 Θεοῦ
3730 5078 3873 5143 τάξιν

2308 5179 2490 5246 έχωνὸ
2525 5174 2731 5244 ἱερεύςο
2773 5174 2867 5224 ἐὰν
2896 5174 2953 5225 δὲ
2994 5174 3070 5233 εἰς
3106 5171 3203 5239 ἐμὲ
3239 5171 3479 5239 ἁμάρτῃ,
3511 5165 3634 5222 εἶτα
3688 5172 3873 5238 ἀφήσω

2309 5270 2476 5338 αὐτῷ,
2516 5269 2668 5320 ἔσται
2719 5268 3034 5334 ἀφειμένος,
3069 5264 3173 5316 κᾶν
3201 5261 3417 5332 ἰδιώτης
3451 5263 3570 5332 εἰμὶ
3610 5261 3740 5330 ἐγὼ,
3788 5263 3873 5313 καὶ

2311 5364 2422 5431 οὐχὶ
2454 5363 2652 5431 ἱερεύς.
2691 5359 2764 5410 Τὸ
2785 5359 2860 5419 δὲ,
2892 5359 2996 5418 ἓως
3027 5357 3488 5425 ἑϐδομηκοντάκις
3524 5357 3686 5419 ἑπτὰ,
3710 5352 3872 5418 εἶπεν,

2310 5452 2405 5519 οὐχ
2450 5451 2534 5503 ἴνα
2568 5446 2788 5518 ἀριθμῷ
2820 5445 3138 5516 περικλείσῃ
3161 5445 3258 5514 τὴν
3279 5443 3630 5513 συγχώρησιν
3650 5483 3664 5498 .
3694 5443 3875 5510 ἄλογον

2312 5546 2418 5612 γάρ
2439 5545 2552 5594 ἐστι
2577 5539 2847 5608 καθῆσθαί
2873 5557 2996 5591 τινα
3022 5537 3360 5607 ἀριθμοῦντα
3383 5537 3489 5598 ’ἕως
3513 5530 3573 5587 οὗ
3600 5535 3873 5589 ποσωθῶσι

2314 5633 2640 5702 τετρακόσια
2687 5631 3042 5698 ἐννενήκοντα
3103 5627 3361 5699 (τοσαῦτα
3403 5627 3511 5696 γὰρ
3544 5629 3616 5680 τὰ
3655 5628 3874 5696 έδδομητ

2315 5727 2563 5787 κοντάκις
2606 5725 2788 5795 ἑπτὰ),
2812 5726 2942 5777 ἀλλὰ
2972 5726 3032 5777 τὸ
3063 5726 3285 5792 ἄπειρον
3313 5722 3548 5774 ἐνταῦθα
3591 5723 3834 5793 σημαξνει
3860 5739 3872 5754 ο

2313 5817 2383 5880 ὡς
2418 5818 2481 5870 ἂν
2505 5819 2549 5871 εἰ
2587 5818 2787 5885 ἔλεγεν·
2832 5816 3049 5879 Ὁσάκις
3086 5815 3147 5868 ἂν
3189 5815 3422 5878 πταίσας
3463 5818 3722 5884 μετανοῇ,
3753 5831 3865 5879 σιεγε
