4030 6622
305 555 414 618 345

901 559 1350 624 ΕΝΑΗΒΑΤΙΟ
1392 563 1474 625 ΙΝ
1511 566 1653 627 EVA
1666 569 1878 630 ΝΘΕιῖ

1991 573 2021 631 ιῙ
2062 570 2450 633 ΜΑἸἾἮΕΙ.
2492 598 2562 607 -
2601 572 2760 633 CAP.
2801 573 3018 638 XVIII.

3482 573 3592 641 846

301 672 472 740 χώρει
504 672 672 742 αὐτῷ.
715 673 887 728 τοῦτο
921 676 1026 746 γέιρ
1059 681 1151 730 καὶ
1188 679 1267 730 ‘tit
1299 679 1395 749 τῆς
1419 682 1546 752 ἑξῆς
1574 685 1878 755 παραδολῄ

2003 691 2238 755 veniam,
2265 701 2318 746 et
2369 693 2417 744 id
2457 690 2624 764 [quod
2662 703 2715 747 et
2749 707 2842 760 per
2888 697 3213 759 sequentem
3268 689 3586 756 parabolam

297 759 470 828 λέγει,
511 764 590 816 ὅτι
622 765 703 817 δεῖ
723 767 870 835 ἡμᾶς
893 767 1194 835 συμπαθεῖ,
1227 765 1387 823 εἶναι.

378 880 395 910 ι
451 861 549 912 Διά
585 858 744 910 τοῦτο
791 858 1049 928 ὡμοιώθη
1097 863 1127 930 ἡ
1175 860 1424 929 βασιλεία
1477 863 1585 916 τῶν
1638 866 1887 935 οὐρανῶν

304 952 580 1021 ἀνθρώπῳ
614 950 860 1020 βασιλεῖ,
910 952 966 1014 ὃς
1003 951 1235 1022 ἠθέλησε
1266 956 1498 1023 συνᾶραι
1544 956 1705 1025 λόγον
1748 961 1886 1027 μετὰ

295 1044 407 1095 τῶν
437 1043 637 1095 δούλων
668 1042 854 1094 αὑτοῦ.
900 1063 917 1094 ι
964 1043 1025 1096 Ἠ
1061 1045 1160 1113 μὲν
1211 1045 1390 1096 ἔννοια
1424 1047 1520 1114 τῆς
1569 1051 1886 1120 παραϐολῆς

294 1135 538 1186 διδάσκει
570 1137 875 1202 συγχωρεῖν
896 1137 961 1186 τὰ
993 1137 1070 1196 είς
1103 1135 1248 1203 ἡμᾶς
1273 1137 1423 1204 παρὰ
1446 1139 1556 1190 τῶν
1579 1141 1884 1208 ὁμοῗούλων

295 1226 749 1295 ἁμαρτανόμενα,
790 1227 882 1279 καὶ
937 1227 1169 1295 μάλιστα
1215 1229 1309 1280 ἐὰν
1356 1229 1448 1280 καὶ
1481 1234 1885 1302 συγχωρήσεως

293 1321 495 1372 ἐκεῖνοι
542 1320 839 1389 χρῄζοντες
895 1320 1302 1388 προσπίπτωσι.
1352 1320 1424 1374 T6
1457 1310 1512 1375 δὲ
1544 1325 1683 1377 κατὰ
1718 1326 1886 1394 μέρος

294 1410 612 1479 ἐξηγεῖσθαι
673 1413 770 1480 τὴν
819 1411 1156 1481 παραϐολὴν,
1213 1414 1374 1480 μόνου
1411 1414 1476 1468 ἂν
1512 1417 1598 1486 εἴη
1631 1419 1724 1469 τοῦ
1759 1419 1883 1472 νοῦν

293 1500 534 1571 Χριστοῦ
565 1501 778 1570 ἔχοντος
806 1518 819 1529 ·
847 1501 984 1572 πλὴν
1020 1502 1390 1574 ὲπιδαλοῦμεν
1422 1507 1516 1561 καὶ
1545 1508 1719 1563 αὐτοί.
1774 1510 1883 1562 Βα-

297 1595 496 1656 σιλεία,
521 1597 549 1672 6
574 1594 666 1648 τοῦ
699 1594 834 1648 Θεοῦ
865 1596 1038 1663 Λόγος
1067 1612 1081 1626 ·
1113 1597 1229 1649 ἀλλ’
1263 1599 1321 1651 οὺ
1357 1600 1572 1669 μικρῶν
1600 1618 1760 1654 τινων
1789 1602 1884 1672 βα-

296 1685 491 1746 σιλεία,
519 1668 653 1738 τᾶλλ’
685 1687 949 1757 οὐρανῶν.
993 1686 1264 1759 Ὡμοιώθη
1301 1668 1392 1743 οὖν
1431 1668 1586 1752 οὗτος
1611 1668 1885 1765 ἀνθρώπῳ

293 1777 529 1847 βασιλεῖ,
562 1780 864 1848 σαρκωθεὶς
893 1780 959 1832 δι’
1003 1780 1148 1849 ἡμᾶς
1209 1782 1307 1834 καὶ
1347 1784 1405 1834 ἐν
1436 1785 1745 1855 ὁμοιώματι
1791 1788 1884 1839 dvo

291 1870 531 1941 θρώπων
595 1872 930 1941 γενόμενος·’
969 1874 1216 1944 συναίρει
1261 1875 1319 1928 δὲ
1370 1875 1529 1945 λόγον
1585 1879 1726 1947 μετὰ
1775 1880 1883 1931 τῶν

287 1962 496 2017 δούλων
551 1965 750 2030 αὐτοῦ,
801 1964 876 2026 ὼς
912 1965 1114 2034 ἀγαθδς
1170 1968 1372 2038 κρίνων
1404 1970 1610 2033 αὐτοῖς.
1661 1972 1737 2025 Οὐ
1772 1974 1882 2044 γὰρ

285 2059 535 2129 ἀκρίτως
559 2060 774 2121 κολάζει
803 2077 816 2090 ο
847 2061 1138 2130 ὠμότητος
1158 2063 1266 2133 γὰρ
1299 2061 1480 2120 τοῦτο.

368 2169 387 2200 ι
441 2150 774 2220 ’Δρξαμένου
836 2151 890 2204 δὲ
942 2152 1106 2206 αὐτοῦ
1163 2155 1476 2224 συναίρειν,
1529 2157 1876 2226 προσηνέχθη

289 2243 443 2314 αὖτῷ
500 2238 578 2306 εἷς
630 2245 916 2314 ὀφειλέτης
959 2246 1171 2316 μυρίων
1200 2247 1481 2301 ταλάντων
1509 2267 1524 2281 ο
1559 2249 1633 2319 μὴ
1663 2250 1879 2319 ἔχοντος

284 2333 541 2386 δὲσαῦτοῦ
566 2335 880 2397 ἀποδοῦναι,
909 2335 1199 2388 ἐκέλευσεν
1229 2338 1393 2389 αὐτὸν
1418 2339 1445 2389 6
1494 2339 1683 2404 κύριος
1707 2341 1873 2392 αὑτοῦ

285 2425 587 2495 πραθῆναι,
627 2427 720 2478 καὶ
746 2428 842 2497 τὴν
878 2430 1114 2495 γυναῖκα
1145 2427 1333 2494 αὐτοῦ,
1369 2430 1460 2482 καὶ
1490 2423 1752 2487 τὲὶιέκνα
1782 2434 1876 2484 καὶ

285 2518 474 2571 πάντα
507 2519 606 2571 ὅσα
641 2515 778 2588 εἶχε,
811 2521 904 2572 καὶ
954 2520 1303 2590 ἀποδοθῆναι.
1345 2540 1363 2570 ι
1405 2521 1634 2591 Μυρέων
1675 2521 1876 2575 ταλάν-

284 2627 398 2664 των
454 2613 852 2680 χρεωφειλέται
912 2613 1096 2680 ἡμεῖς,
1153 2613 1228 2675 ὡς
1291 2615 1744 2684 εὐεργετούμενοι
1779 2616 1876 2684 μὲν

284 2703 408 2754 καθ’
428 2705 685 2772 ἑκάστην,
716 2703 882 2773 μηδὲν
912 2703 968 2755 δὲ
1006 2704 1212 2771 ἀγαθὸν
1249 2705 1605 2768 ἀντιδιδόντες
1636 2707 1712 2775 τῷ
1733 2707 1871 2776 Θεῷ.

282 2795 518 2863 Μυρίων
550 2795 828 2847 ταλάντων
863 2798 1257 2863 χρεωφειλέται
1305 2799 1396 2850 καὶ
1427 2800 1475 2850 oi
1530 2801 1876 2868 προστασίαν

283 2885 419 2938 λαοῦ
476 2887 764 2956 δεξάμενοι
822 2888 916 2940 καὶ
976 2889 1280 2959 ἀνθρώπων
1354 2890 1565 2944 πολλῶν
1621 2892 1875 2955 (ἕκαστος

283 2979 394 3046 γὰρ
419 2977 702 3049 ἄνθρωπος
743 2979 1004 3032 τάλαντον
1028 3021 1042 3042 ,
1089 2983 1228 3033 κατὰ
1269 2982 1362 3034 τὸν
1412 2984 1675 3050 λέγοντα’
1713 2985 1874 3051 Μέγα

281 3073 617 3142 ἇιθρωπος),
648 3069 765 3125 εἶτα
800 3073 875 3143 μὴ
909 3074 1091 3137 καλῶς
1126 3077 1458 3145 κεχρημένοι
1493 3080 1557 3146 τῇ
1603 3079 1767 3147 ἀρχῇ.
1803 3077 1876 3130 Τὸ

281 3167 340 3220 δὲ
360 3169 771 3238 πιπράσκεσθαι
794 3171 883 3220 τὶν
931 3169 1216 3239 χρεώστην
1263 3173 1357 3224 σὺν
1385 3174 1606 3239 γυναικὶ
1636 3173 1731 3224 κα)⁵
1764 3175 1876 3234 τοῖς

284 3259 458 3313 αὐτοῦ
494 3261 732 3322 τέκνοις,
770 3261 922 3331 δηλοί
951 3265 1050 3331 τὴν
1089 3263 1444 3333 ἀλλοτρίωσιν
1479 3265 1579 3333 τὴν
1629 3266 1737 3317 ἀπὸ
1781 3264 1872 3316 τοῦ

285 3353 448 3404 Θεοῦ.
497 3352 555 3404 '0
579 3355 687 3424 γάρ
717 3355 1166 3423 πιπρασκόμενος
1199 3356 1387 3425 ἑτέρου
1435 3356 1698 3407 δεσπότου
1729 3356 1876 3422 γίνε-

281 3459 397 3495 ται.
434 3443 661 3511 Μήποτε
694 3444 749 3496 δὲ
785 3446 922 3514 γυνὴ
952 3444 1107 3514 μὲνὴ
1150 3446 1317 3514 σὰρξ,
1357 3446 1432 3507 ὡς
1474 3445 1706 3512 σύζυγος
1741 3444 1875 3497 οὖσα

282 3535 386 3602 τῆς
430 3534 605 3603 ψυχῆς
630 3551 642 3565 ’
677 3537 843 3589 τέκνα
882 3537 963 3598 δὲ,
1000 3538 1057 3590 αἱ
1107 3539 1334 3607 πράξεις
1391 3539 1445 3591 αἱ
1483 3537 1875 3607 ἐνεργούμεναι

284 3627 479 3690 κακῶς
512 3629 612 3680 ὑπὸ
664 3632 763 3699 τῆς
818 3629 995 3700 ψυχῆς
1026 3633 1118 3683 καὶ
1170 3631 1263 3683 τοῦ
1302 3631 1597 3700 σώματος;
1649 3632 1875 3683 Κελεύει

283 3719 380 3773 οὖν
416 3723 512 3783 τὴν
539 3722 718 3790 σάρκα
738 3723 959 3792 δοθῆναι
988 3722 1066 3794 τῷ
1089 3724 1304 3793 Σατανᾷ
1335 3727 1412 3786 εἰς
1447 3724 1690 3790 ὄλεθρον,
1726 3741 1880 3777 τουτ-

285 3815 404 3866 έστι
458 3814 635 3876 νόσοις
675 3815 708 3882 ἦ
751 3815 913 3868 πάθει
953 3815 1208 3884 δαίμονος
1261 3815 1636 3884 παραδοθῆναι
1665 3833 1678 3845 ·
1743 3817 1879 3868 ἀλλὰ

285 3907 384 3981 κα)
414 3907 484 3958 τὰ
514 3907 678 3960 τέκνα
701 3947 714 3968 ,
749 3908 891 3975 λέγω
929 3908 991 3977 δὴ
1042 3909 1138 3972 τὰς
1187 3909 1469 3978 ἐνεργείας
1513 3909 1623 3961 τῶν
1671 3909 1875 3974 κακῶν,

287 3998 720 4067 στρεϐλωθῆναι.
747 3993 892 4062 Οἶον,
927 3999 1041 4052 ἔστι
1070 4000 1211 4062 τινὸς
1239 4001 1360 4070 χεὶρ
1388 4000 1718 4064 κλέπτουσα,
1745 4001 1877 4053 ταύ-

285 4109 388 4157 την
423 4091 451 4143 6
480 4089 611 4151 Θεὸς
644 4092 924 4160 ξηραίνει,
966 4093 999 4162 ἢ
1051 4094 1444 4164 στραγγαλίζει
1480 4094 1566 4147 διά
1590 4112 1734 4158 τινος
1763 4096 1880 4148 δαί-

290 4199 473 4251 μονος.
511 4181 640 4234 Ἰδοὺ
674 4180 818 4252 οῦνὴ
868 4184 1004 4251 γυνὴ
1043 4186 1074 4252 ἡ
1115 4184 1272 4252 σὰρξ,
1318 4183 1414 4236 καὶ
1450 4183 1516 4233 τὰ
1548 4182 1732 4246 τέκνα,
1760 4183 1878 4251 ἤτοι

287 4279 320 4342 ἠ
355 4277 606 4346 ἐνέργεια
637 4275 730 4328 τοῦ
763 4277 958 4339 κακοῦ,
992 4277 1370 4346 παρεδόθησαν
1396 4280 1460 4346 τῇ
1494 4277 1761 4340 κακώσει,
1793 4277 1878 4328 ἵνα

1992 783 2143 854 dicit]
2178 785 2304 851 quia
2339 795 2552 854 oportet
2587 801 2684 839 nos
2723 786 3121 853 compatientes
3150 795 3295 834 esse.

2065 875 2225 931 Vens.
2276 877 2365 930 23.
2407 896 2423 928 ι
2477 875 2602 931 Ideo
2636 876 3005 930 assimilatum
3041 883 3125 927 est
3157 889 3380 942 regnum
3412 873 3584 926 ταξιο-

2006 986 2123 1023 rum
2164 971 2366 1024 homini
2395 970 2527 1037 regi,
2560 970 2650 1038 qui
2687 970 2858 1022 voluit
2891 966 3138 1020 conferre
3170 966 3430 1020 rationem
3459 981 3584 1018 cum

1990 1065 2163 1117 servis
2197 1064 2331 1116 suis.
2377 1082 2394 1113 ι
2433 1061 2584 1114 Μειιε
2625 1061 2894 1128 parabolm
2935 1068 3041 1123 est,
3071 1066 3127 1110 ut
3157 1055 3370 1110 veniam
3396 1058 3588 1109 demus

1989 1154 2268 1207 conservis
2308 1153 2359 1206 in
2412 1168 2511 1205 nos
2538 1148 2983 1219 delinquentibus
3020 1166 3036 1202 :
3085 1146 3388 1215 praesertim
3426 1145 3472 1198 si
3508 1145 3581 1198 illi

1990 1248 2202 1300 veniam
2257 1257 2384 1300 ante
2435 1260 2532 1300 nos
2576 1243 2924 1313 procidenles
2961 1249 3166 1308 petant.
3207 1235 3585 1292 Particnlatim

1990 1337 2202 1404 singula
2230 1337 2548 1388 examinare
2573 1376 2586 1399 ,
2625 1332 2742 1401 ejus
2772 1331 2935 1385 fuerit
2975 1339 3180 1384 tantum
3222 1327 3311 1396 qui
3348 1338 3583 1381 mentem

1992 1429 2194 1484 Christi
2234 1429 2432 1481 habeat
2467 1445 2481 1479 :
2535 1426 2626 1479 sed
2664 1424 3050 1495 aggrediemur
3087 1431 3140 1474 et
3178 1435 3296 1472 nos.
3336 1416 3583 1483 Regnum

1991 1534 2074 1576 est
2107 1523 2197 1574 Dei
2240 1521 2479 1574 Verbum
2513 1536 2527 1571 :
2563 1529 2617 1572 et
2653 1533 2757 1570 non
2789 1531 3012 1583 parvum
3034 1513 3304 1583 quoddam
3335 1524 3583 1579 regnum,

1988 1614 2081 1667 sed
2139 1612 2424 1667 caelorum.
2479 1610 2832 1664 Assitnilatus
2868 1617 2951 1660 est
3011 1606 3175 1675 igitur
3220 1605 3326 1658 iste
3373 1600 3583 1656 homini

1989 1707 2123 1775 regi.
2163 1707 2482 1760 lncarnatus
2531 1712 2612 1757 est
2651 1702 2794 1755 enim
2833 1709 3054 1768 propter
3108 1712 3228 1762 nos,
3264 1705 3316 1750 et
3349 1695 3401 1748 in
3431 1694 3587 1747 simi-

1988 1799 2270 1852 litudinem
2305 1795 2582 1849 hominum
2607 1792 2809 1846 factus.
2840 1788 3063 1845 Confert
3090 1799 3268 1841 autem
3308 1786 3577 1840 rationem

1987 1905 2110 1944 cum
2144 1889 2317 1942 servis
2340 1887 2474 1950 suis,
2515 1887 2591 1939 uti
2629 1885 2803 1938 bonus
2826 1883 3099 1950 judicans.
3129 1880 3241 1934 Non
3277 1881 3422 1932 enim
3450 1877 3579 1932 abs-

1987 1998 2092 2051 que
2124 1981 2332 2052 judicio
2362 1981 2514 2050 punit
2545 1994 2558 2032 :
2598 1984 2702 2033 hoc
2732 1979 2875 2031 enim
2909 1973 3255 2031 crudelitatis
3285 1973 3447 2027 ἴοι-ει.

2055 2161 2220 2216 Vens.
2251 2161 2343 2224 24,
2367 2160 2459 2215 25.
2498 2159 2612 2228 «Et
2631 2173 2753 2213 cum
2779 2159 3035 2225 coepisset
3064 2155 3336 2219 conferre,
3365 2152 3580 2208 oblatus

1981 2267 2062 2311 est
2094 2257 2140 2309 ei
2185 2272 2323 2310 unus
2361 2255 2451 2324 qui
2505 2255 2743 2309 debebat
2792 2254 2978 2308 decem
3015 2251 3180 2305 millia
3221 2259 3578 2303 talentorum.

1980 2348 2253 2402 Ceterum
2295 2363 2418 2402 cum
2482 2347 2527 2399 is
2579 2361 2683 2398 non
2720 2357 2865 2399 esset
2903 2344 3164 2397 solvendo
3189 2382 3205 2405 ,
3239 2340 3404 2409 jussit
3451 2353 3577 2392 eum

1981 2442 2245 2494 dominus
2271 2437 2597 2499 venundari.
2654 2447 2710 2491 et
2760 2450 2983 2489 uxorem
3013 2433 3153 2500 ejus,
3186 2443 3238 2486 et
3274 2432 3493 2493 liberos,
3525 2438 3582 2481 et

1983 2533 2167 2587 omnia
2209 2545 2327 2601 qua
2364 2529 2639 2592 habebat,
2671 2538 2724 2582 et
2765 2528 2877 2580 fieri
2919 2526 3273 2579 solutionem.
3320 2541 3337 2574 ι
3382 2520 3578 2574 Decem

1985 2627 2214 2680 millium
2256 2626 2585 2679 talentorum
2620 2623 2896 2676 debitores
2933 2635 3028 2673 nos
3065 2633 3277 2679 sumus,
3314 2614 3407 2684 qui
3441 2629 3581 2683 quo-

1983 2719 2110 2772 tidie
2148 2717 2329 2770 multis
2349 2713 2628 2768 beneﬂciis
2663 2710 2951 2774 aliicimur,
2983 2720 3032 2761 et
3064 2707 3198 2761 nihil
3225 2706 3346 2758 boui
3384 2720 3581 2772 repen-

1981 2811 2158 2865 dimus
2203 2809 2332 2861 Deo.
2370 2807 2564 2860 Decem
2602 2805 2750 2857 mille
2783 2804 3111 2856 talentorum
3147 2799 3422 2851 debitores
3457 2803 3583 2848 sunt

1980 2913 2034 2957 et
2093 2900 2184 2970 qui
2244 2899 2424 2969 populi
2501 2898 2881 2967 praelecmram
2939 2899 3302 2958 susceperunt
3363 2887 3582 2961 [unus-

1980 2995 2383 3063 quisqueenim
2423 2992 2585 3043 homo
2647 2989 2907 3040 talentum
2943 2997 3025 3038 est
3083 2983 3238 3052 juxta
3271 2982 3420 3034 illum
3482 2979 3573 3046 qui

1981 3087 2113 3138 dicit
2175 3100 2187 3135 :
2246 3082 2497 3150 Magnum
2540 3075 2741 3147 homo]
2776 3087 2825 3129 et
2856 3075 3054 3129 deinde
3099 3088 3202 3125 non
3262 3072 3399 3125 bene
3456 3067 3585 3122 fun-

1980 3189 2180 3247 guntur
2251 3177 2579 3244 principatu.
2649 3168 2817 3224 Vendi
2874 3180 3058 3220 autem
3114 3181 3237 3219 cum
3305 3178 3473 3216 uxore
3527 3171 3582 3215 et

1981 3271 2219 3332 iatrtilia,
2294 3270 2476 3332 signat
2537 3266 2923 3319 alienationem
2993 3280 3019 3315 a
3075 3264 3209 3315 Deo.
3273 3260 3375 3325 Qui
3431 3259 3578 3312 enint

1907 3378 1947 3433 ε
1987 3363 2258 3425 venditur,
2285 3360 2512 3413 alterius
2538 3359 2743 3412 domini
2797 3357 2876 3410 lit.
2925 3359 3003 3408 An
3048 3372 3154 3408 non
3191 3364 3369 3407 autem
3421 3367 3577 3413 uxor,

1986 3470 2149 3514 eam,
2201 3467 2319 3519 qua:
2369 3449 2573 3503 scilicet
2632 3459 2717 3501 est
2769 3448 2967 3515 conqu
3027 3447 3273 3498 animae:
3316 3451 3368 3495 et
3403 3442 3581 3510 pueri,

1986 3559 2147 3613 opera
2182 3558 2300 3610 (ιιιιιι
2333 3540 2472 3594 male
2501 3541 2636 3592 liunt
2673 3556 2700 3591 a
2733 3553 2961 3609 corpore
2983 3551 3032 3591 et
3055 3538 3234 3590 anima
3256 3537 3278 3590 ’ἶ
3302 3535 3461 3588 Juliet
3485 3534 3585 3602 igi-

1989 3648 2074 3687 tur
2102 3651 2317 3688 carnem
2365 3635 2478 3686 dari
2522 3643 2724 3686 satana:
2759 3634 2808 3684 in
2835 3630 3137 3694 interitum,
3169 3630 3268 3682 hoc
3308 3638 3390 3681 est
3436 3641 3584 3679 mor-

1990 3728 2069 3783 bis
2103 3729 2185 3781 vel
2209 3727 2445 3794 passioni
2480 3726 2766 3780 daemonis.
2806 3724 3073 3777 Similiter
3100 3733 3152 3776 et
3191 3722 3348 3784 ﬁlios,
3390 3734 3582 3787 opera-

1991 3821 2128 3872 tiv.ts
2156 3820 2276 3871 lliL‘O
2312 3820 2543 3870 virtutes
2581 3818 2849 3868 malorum
2873 3853 2889 3878 ,
2924 3814 3079 3881 ligari
3110 3829 3123 3866 ι
3164 3823 3241 3874 ιιι,
3277 3820 3359 3864 εει
3389 3824 3584 3860 manus

1989 3907 2219 3973 alicujus
2268 3906 2414 3960 furto
2448 3906 2627 3958 dedita
2654 3944 2669 3968 ,
2701 3921 2817 3956 eam
2851 3903 2996 3956 Deus
3043 3905 3251 3956 aridam
3303 3901 3454 3960 facit,
3497 3898 3582 3952 vel

1989 3997 2311 4066 constringit
2367 4013 2461 4065 per
2510 3998 2813 4050 daemonmu
2883 3995 3142 4062 aliquem.
3203 3994 3340 4046 Ecce
3390 3990 3583 4066 mulier

1990 4103 2119 4141 caro
2150 4099 2252 4150 est,
2284 4101 2336 4142 et
2366 4088 2456 4140 lilii
2489 4089 2835 4155 operationes
2864 4086 3039 4139 tnahe:
3063 4087 3274 4138 tradita:
3302 4063 3583 4137 ειιιιιίιωί-

1988 4185 2178 4249 ctioni,
2213 4197 2272 4236 ut
2318 4185 2543 4252 spiritus
2584 4184 2842 4236 salvetur.
2889 4182 3002 4252 98
3050 4181 3163 4235 Non
3225 4187 3402 4251 potest
3436 4180 3580 4233 enim

1992 4286 2119 4329 tunc
2154 4276 2217 4329 ad
2265 4274 2465 4328 furtum
2495 4278 2776 4344 cooperani
2809 4275 2974 4328 homo
3004 4276 3110 4328 ille.

285 4372 349 4424 τὸ
382 4370 600 4440 πνεῦμα
630 4371 778 4440 σωθῇ
806 4385 815 4397 ·
853 4371 955 4423 οὐκ
987 4369 1065 4422 ἑτι
1091 4372 1198 4441 γὰρ
1245 4371 1532 4440 ἐνεργήσει
1568 4370 1879 4432 κλεπτικῶς
1912 4372 2120 4433 ἐκεῖνος
2155 4371 2183 4421 6
2223 4370 2531 4440 ἄνθρωπος.

369 4483 386 4515 ι
420 4464 609 4517 Πεσὼν
656 4461 749 4517 οὖν
782 4465 809 4516 6
842 4464 1029 4527 δοζλος
1063 4464 1387 4536 προσεκύνει
1420 4465 1570 4534 αὑτῴ
1598 4507 1610 4526 ,
1660 4465 1833 4530 λέγων
1856 4477 1872 4493 °

286 4559 484 4629 Κύριε,
514 4558 946 4628 μακροθύμησον
982 4556 1069 4610 ἐπ’
1103 4560 1246 4626 ἐμοὶ,
1289 4561 1379 4610 καὶ
1412 4561 1591 4610 πάντα
1625 4574 1707 4610 σοι
1735 4559 1873 4610 ἀπο-

2058 4462 2230 4518 Vt-zss.
2249 4463 2340 4527 26,
2361 4463 2449 4517 27.
2464 4482 2480 4513 ι
2496 4461 2789 4517 Procidens
2811 4474 2990 4516 autem
3008 4477 3198 4516 servus
3219 4462 3305 4516 ille
3323 4460 3584 4514 adorabat

1988 4557 2161 4622 illum,
2195 4558 2383 4608 dicens
2437 4573 2449 4608 :
2505 4553 2770 4618 Domine,
2807 4566 2924 4608 esto
2958 4556 3170 4622 patiens
3196 4570 3320 4622 erga
3370 4569 3476 4615 me,
3528 4561 3585 4606 et

283 4652 446 4703 δώσω
474 4666 486 4678 ·
514 4649 939 4716 σπλαγχνισθεὶς
967 4648 1023 4700 δὲ
1067 4649 1094 4700 6
1133 4647 1340 4717 Κύριος
1373 4648 1465 4700 τοῦ
1508 4648 1697 4700 δούλου
1730 4648 1875 4698 ὲκεί-

1991 4652 2166 4702 omnia
2202 4649 2296 4702 tibi
2330 4650 2573 4703 reddam.
2629 4647 2879 4700 Misenus
2910 4657 3088 4699 autem
3134 4646 3390 4698 dominus
3439 4646 3581 4699 servi

283 4763 402 4804 νου,
436 4743 706 4796 ἀπέλυσεν
731 4742 917 4804 αὑτὸν,
953 4744 1043 4793 καὶ
1073 4742 1132 4794 τὸ
1159 4742 1370 4794 δάνειον
1396 4742 1611 4809 ἀφῆκεν
1646 4739 1814 4809 αὐτῷ.
1853 4756 1870 4786 ι

288 4833 401 4886 Ἴδε
425 4834 526 4902 τὴν
551 4833 648 4898 τῆς
677 4831 970 4900 μετανοίας
1015 4833 1188 4900 ἰσχὺν,
1222 4833 1315 4882 καὶ
1342 4832 1439 4900 τὴν
1467 4829 1880 4900 φιλανθρωπίαν

283 4927 385 4979 τοῦ
422 4927 642 4996 κυρίου.
680 4927 744 4978 Ἠ
778 4925 876 4993 μὲν
909 4925 1017 4995 γὰρ
1065 4926 1326 4993 μετάνοια
1375 4925 1601 4993 εποίησε
1639 4923 1730 4976 τὸν
1755 4922 1881 4975 δοῦ-

283 5022 381 5073 λον
410 5023 598 5072 πεσεῖν
625 5020 734 5072 ἀπὸ
762 5022 857 5088 τῆς
893 5020 1113 5082 κακίας
1144 5020 1171 5072 6
1193 5020 1302 5087 γὰρ
1327 5021 1615 5087 ἱστάμενος
1645 5017 1882 5088 βεϐαίως

283 5116 346 5164 ὲν
383 5113 447 5180 τῇ
481 5111 667 5179 κακίᾳ,
694 5111 754 5161 οὑ
773 5111 1176 5178 συγχωρητέος.
1225 5110 1284 5162 ’11
1312 5111 1365 5161 δὲ
1385 5109 1764 5179 φιλανθρωπία
1785 5107 1879 5160 τοῦ

281 5202 428 5256 Θεοῦ
450 5203 808 5272 ,συνεχώρησε
842 5203 1124 5264 παντελῶς
1153 5203 1247 5254 καὶ
1285 5203 1518 5264 δάνειον,
1563 5202 1741 5255 καίτοι
1814 5218 1879 5268 γε

282 5298 311 5346 ὁ
341 5292 528 5354 δοῦλος
567 5291 627 5343 οὐ
658 5293 1007 5362 συγχώρησιν
1044 5290 1284 5359 παντελῆ
1317 5291 1522 5357 ἐζήτει,
1564 5288 1700 5340 ἀλλὰ
1742 5304 1879 5356 προ-

284 5385 544 5452 θεσμίαν.
603 5383 860 5437 Μὰνθανε
914 5383 1093 5434 τοίνυν
1136 5383 1217 5434 ὅτι
1280 5382 1306 5431 ὁ
1338 5381 1470 5443 Θεὸς
1524 5381 1618 5432 καὶ
1654 5379 1880 5432 πλείονα

281 5481 509 5533 δίδωσιν
550 5470 625 5529 ὧν
663 5475 987 5545 αἰτούμεθα.
1043 5475 1198 5528 Ἐπεὶ
1259 5473 1498 5540 τοσαύτη
1540 5475 1689 5524 ἐστὶν
1725 5473 1755 5541 ἡ
1795 5489 1882 5539 φι-

283 5569 613 5638 λανθρωπία
631 5567 815 5630 αὑτοῦ,
844 5565 984 5618 ὥστε
1007 5569 1100 5617 καὶ
1126 5567 1302 5617 ὲκεῖνο
1331 5566 1389 5615 τὸ
1416 5563 1606 5616 δοκοῦν
1623 5563 1878 5631 σκληρὸν,

283 5663 350 5714 τὸ
384 5659 698 5728 προστάξαι
737 5658 1060 5727 πωληθῆναι
1085 5659 1271 5720 αὐτὸν,
1301 5657 1398 5708 οὐκ
1441 5657 1549 5709 ἀπὸ
1576 5655 1877 5724 σκληρότη-

281 5770 382 5814 τος
417 5747 604 5813 εἶπεν,
644 5750 760 5801 ἀλλ’
802 5751 890 5802 ἵνα
927 5750 1286 5819 καταπτοήσῃ
1344 5750 1435 5799 τὸν
1496 5748 1683 5800 δοῦλον
1712 5787 1725 5809 ,
1787 5749 1882 5798 καὶ

287 5842 458 5913 πείσῃ
485 5841 651 5895 αὐτον
685 5843 816 5910 πρὸς
853 5841 1092 5893 ίκετείαν
1124 5844 1218 5892 καὶ
1258 5842 1608 5909 παράκλησιν
1643 5840 1878 5892 ἀποϐλέ-

283 5939 406 6006 ψαι.
526 5998 535 6007 _

370 6042 390 6070 ¢
451 6019 712 6088 Ἐξελθὼν
751 6020 805 6075 ὁὶ
843 6024 870 6075 6
918 6021 1101 6085 δοῦλος
1146 6024 1370 6088 ίκεῐίος,
1420 6018 1579 6093 ιῦρεν
1619 6023 1711 6076 ἕνα
1775 6024 1881 6076 τῶν

1985 4741 2152 4800 illius.
2187 4741 2420 4794 absolvit
2475 4755 2623 4801 eum,
2686 4751 2738 4792 et
2791 4756 2865 4792 ατε
2914 4741 3154 4792 alienum
3196 4739 3408 4792 remisit
3445 4739 3512 4790 ei.
3558 4755 3578 4787 ι

1985 4833 2120 4888 Vide
2153 4833 2489 4901 paenitentia:
2536 4841 2741 4898 robur",
2776 4845 2831 4885 et
2879 4832 3308 4885 misericordiam
3354 4831 3582 4885 domini.

1985 4925 2308 4979 Ptenitentia
2352 4926 2495 4979 enim
2525 4924 2651 4978 fecit
2677 4903 2892 4977 servum
2935 4926 3129 4978 cadere
3153 4941 3178 4973 ιι
3215 4924 3417 4975 malitia
3444 4939 3459 4989 ;
3490 4924 3582 4990 qui

1985 5019 2130 5072 enim
2156 5018 2387 5071 ﬁrmiter
2418 5019 2466 5070 in
2505 5018 2593 5070 illa
2621 5027 2752 5081 stat,
2777 5033 2884 5071 non
2907 5018 3062 5070 venia
3090 5018 3283 5083 dignus
3302 5027 3404 5069 est.
3427 5016 3580 5070 Mise-

1989 5110 2220 5164 ricordia
2257 5119 2433 5164 autem
2469 5109 2561 5162 Dei
2589 5111 2798 5163 dimisit
2825 5109 3048 5162 omnino
3077 5109 3343 5169 debitum,
3367 5108 3584 5160 tametsi

1985 5215 2175 5254 servus
2200 5216 2302 5253 non
2333 5200 2516 5254 omnia
2555 5201 2782 5262 remitti.
2812 5203 2903 5254 sed
2933 5202 3215 5270 prorogari
3245 5210 3456 5268 tempus
3490 5216 3584 5266 pe-

1989 5303 2143 5347 teret.
2181 5292 2336 5346 Disce
2367 5292 2529 5362 igitur
2574 5296 2717 5361 quod
2753 5294 2892 5345 Deus
2929 5294 3080 5361 plura
3111 5294 3203 5344 dat
3229 5306 3391 5358 quam
3449 5292 3587 5358 peti-

1989 5400 2147 5438 mus:
2187 5388 2310 5452 quia
2345 5396 2488 5438 taula
2518 5395 2601 5439 est
2635 5386 3015 5437 misericordia
3054 5385 3291 5448 Domini,
3330 5393 3387 5435 ut
3430 5393 3479 5435 et
3530 5384 3581 5435 id

1986 5477 2128 5544 quod
2162 5478 2452 5529 admodum
2473 5479 2663 5530 durum
2691 5479 3000 5541 videbatur,
3033 5492 3225 5543 nempe
3255 5473 3399 5544 quod
3419 5476 3587 5544 jussit

1986 5579 2045 5622 ut
2068 5569 2391 5623 venderetur
2429 5570 2540 5632 ille,
2575 5584 2680 5623 non
2713 5585 2778 5622 ex
2813 5569 3013 5622 duritia
3045 5569 3204 5631 dixit,
3239 5567 3332 5619 sed
3367 5577 3422 5618 ut
3458 5579 3583 5633 per-

1989 5663 2343 5715 terrefaceret
2378 5677 2620 5724 servum,
2647 5673 2700 5715 et
2725 5661 3083 5729 persuaderet
3114 5660 3189 5715 illi
3221 5669 3278 5714 ut
3301 5659 3365 5713 ad
3393 5672 3584 5727 preces

1986 5768 2043 5806 se
2065 5763 2118 5807 et
2141 5753 2574 5808 obsecrationem
2623 5763 2992 5808 converteret.

2065 6019 2230 6076 γεεει.
2270 6023 2341 6079 98
2375 6024 2463 6080 50.
2526 6043 2542 6073 ‹
2583 6021 2848 6092 Egressus
2880 6040 3005 6079 vero
3038 6039 3226 6080 servus
3262 6023 3348 6079 ille
3372 6022 3582 6080 invenit
