4030 6638
125 569 225 636 361

769 570 920 630 ENA
936 571 978 629 ιι
989 568 1223 630 RATIO
1261 567 1345 628 ΙΝ
1387 567 1737 630 EVANGEL

1845 573 1892 631 Μ
1934 572 2322 635 ΜΑΤΤΗᾹΠ.
2362 596 2434 610 ι-
2473 574 2633 636 CAP.
2667 578 2796 637 XX.

3314 582 3422 645 302

129 688 229 756 τὴν
259 684 557 753 ἑνδεκάτην
586 680 761 752 ὥραν,
800 681 993 733 ἔλαϐον
1040 680 1144 733 ἀνὰ
1176 679 1456 752 δηνάριον.
1507 680 1718 734 Ἐλθόν-

1845 683 2089 738 lecimam
2125 683 2317 738 horam
2348 695 2632 753 venerant,
2666 693 2999 757 acceperunt
3024 687 3219 758 singuli
3248 692 3417 747 dena-

127 796 219 841 τες
251 778 308 831 δὲ
355 778 404 830 οί
457 772 665 844 πρῶτοι
714 771 975 842 ἐνόμισαν
1015 771 1103 825 δτι
1155 771 1380 824 πλείονα
1433 771 1717 842 λήψονται.

128 873 239 924 Καὶ
284 868 474 922 ἔλαϐον
516 868 612 920 καὶ
675 865 835 920 αὐτοὶ
881 866 986 918 ἀνὰ
1033 865 1308 942 δηνάριονο
1361 863 1616 933 λαϐόντες
1641 864 1718 929 δὲ,

132 961 434 1029 ἑγόγηυζον
491 960 632 1013 κατὰ
685 957 780 1012 τοῦ
858 957 1264 1021 οἰκοδεσπότου,
1315 957 1591 1029 λέγοντες,
1641 958 1722 1011 ὅτι

127 1047 293 1106 Οὗτοι
323 1053 372 1104 οἱ
405 1052 624 1121 ἔσχατοι
646 1051 774 1121 μίαν
803 1049 954 1121 ὥραν
982 1049 1269 1120 ἐποίησαν,
1297 1052 1391 1101 καὶ
1421 1049 1570 1112 ἴσους
1593 1049 1724 1118 ἡμῖν

128 1130 328 1207 αὐτοὺς
375 1145 638 1214 ἐποίησας
711 1145 828 1206 τοῖς
907 1141 1213 1212 βαστάσασι
1275 1141 1336 1193 τὸ
1389 1139 1555 1211 βάρος
1621 1139 1722 1208 τῆς

129 1238 348 1306 ἡμέρας
383 1237 598 1289 καὶτὸν
638 1235 928 1302 καύσωνα;
998 1234 1056 1287 'U
1090 1235 1146 1287 δὲ
1200 1233 1528 1304 ἀποκριθεὶς
1568 1227 1724 1285 εἶπεν

127 1329 210 1382 ἑνὶ
241 1329 445 1381 αὑτιίνο
466 1328 704 1397 Ἑταῖρε,
729 1329 829 1380 ούκ
848 1327 1018 1380 ἀδικῶ
1042 1344 1122 1380 σε.
1153 1327 1287 1397 Οὐχὶ
1311 1327 1570 1396 δηναρίου
1605 1343 1728 1379 συν-

129 1418 416 1490 εφώνησάς
454 1437 580 1490 μοις
634 1416 766 1489 ἆρον
813 1419 876 1472 τὸ
927 1419 1044 1482 σὺν,
1082 1424 1179 1471 καὶ
1231 1417 1434 1486 ὕπαγε.
1473 1417 1624 1470 Θέλω
1668 1416 1724 1469 δὲ

127 1511 304 1580 τούτῳ
333 1512 410 1580 τῷ
442 1512 656 1581 ἐσχάτῳ
704 1509 889 1563 δοῦναι
918 1515 992 1571 ὼς
1034 1508 1128 1560 καὶ
1166 1510 1268 1562 σοί·
1304 1509 1334 1576 ἢ
1389 1509 1490 1560 οὐκ
1543 1507 1725 1571 ἔξεστί

130 1619 220 1669 μοι
269 1604 496 1671 ποιῆσαι
530 1603 558 1654 ὃ
597 1602 736 1655 θέλω
771 1603 829 1655 ὲν
873 1604 985 1662 τοίς
1019 1602 1216 1671 ὲμοῖς;
1262 1604 1309 1653 εί
1363 1603 1391 1653 0
1445 1600 1727 1669 ὀφθαλμός

131 1711 226 1745 σου
273 1695 512 1763 πονηρός
567 1698 735 1758 ἐστιν,
789 1695 869 1747 δτι
929 1692 1042 1761 ἐγὼ
1091 1693 1295 1762 ἁγαθός
1332 1694 1484 1761 είμί;
1540 1692 1727 1754 Οὕτως

128 1785 424 1838 ισονταιοί
475 1786 692 1855 ἔσχατοι
743 1787 973 1855 πρῶτοι,
1023 1786 1118 1839 καὶ
1150 1787 1200 1838 οἱ
1245 1786 1452 1855 πρῶτοι
1485 1785 1726 1854 ἔσχατοι.

131 1875 326 1928 Πολλοὶ
359 1877 469 1946 γάρ
496 1878 602 1928 είσι
633 1877 844 1946 κλητοὶ,
880 1871 1050 1945 ὀλίγοι
1089 1878 1143 1930 δὲ
1181 1877 1453 1932 ἐκλεκτοί.
1497 1896 1518 1927 ι
1569 1876 1730 1946 Ὀψία

130 1968 163 2036 ὴ
195 1968 510 2019 συντέλεια·
548 1968 605 2018 ὲν
639 1967 771 2036 γοῦν
803 1971 867 2037 τῇ
906 1968 1187 2038 συντελείᾳ
1222 1967 1564 2037 λαμϐάνουσι
1595 1966 1726 2020 πάνυ

1828 774 1988 829 rium.
2019 773 2519 847 Venienteututem
2541 788 2594 831 et
2625 778 2807 847 primi,
2841 779 3090 833 arbitrati
3119 791 3250 834 sunt
3281 786 3421 853 quod

1826 866 1946 935 plus
1996 875 2182 921 essent
2225 867 2527 944 accepturi,
2575 879 2631 922 et
2675 879 3008 939 acceperunt
3065 870 3167 940 ipsi
3210 888 3425 944 quoque

1826 959 2022 1030 singuli
2076 941 2408 1014 denarium?
2441 958 2510 1013 Et
2548 976 2669 1015 cum
2710 963 3073 1031 accepissent,
3118 981 3428 1019 murmura-

1829 1052 1959 1106 bant
1992 1053 2251 1106 adversus
2283 1053 2760 1121 patremfamilias,
2789 1055 3036 1109 dicentes
3065 1074 3077 1110 :
3141 1057 3206 1109 Hi
3244 1058 3427 1111 novis-

1828 1145 1951 1198 simi
1985 1159 2147 1199 unam
2184 1144 2374 1199 horam
2405 1143 2627 1199 fuerunt
2670 1146 2723 1199 in
2771 1161 2956 1216 opere,
3005 1155 3059 1199 et
3102 1149 3222 1201 illos
3272 1165 3428 1218 pares

1831 1235 1987 1287 nobis
2018 1234 2218 1300 fecisti,
2253 1235 2343 1304 qui
2369 1236 2709 1304 portavimus
2738 1237 2949 1304 pondus
2978 1236 3086 1291 diei
3110 1250 3164 1292 et
3193 1249 3381 1292 aestum
3409 1241 3422 1293 Ξ

1827 1328 1897 1380 At
1949 1325 2036 1379 ille
2090 1327 2425 1395 respondens
2467 1327 2557 1379 ttni
2604 1342 2814 1391 eorum,
2865 1328 2941 1381 ait
2982 1345 2995 1380 :
3051 1328 3261 1393 Amice,
3323 1347 3428 1381 non

1831 1416 2006 1472 aﬂicio
2039 1427 2089 1472 te
2128 1419 2347 1488 injuria.
2383 1419 2572 1473 Nonne
2606 1419 2834 1473 denario
2863 1431 3056 1489 pactus
3092 1437 3151 1475 es
3179 1421 3429 1476 mecum?

1831 1509 1982 1563 Tolle
2015 1512 2159 1580 quod
2195 1521 2347 1563 tuunt
2384 1521 2488 1573 est,
2517 1520 2573 1563 et
2606 1510 2716 1563 abi.
2757 1510 2887 1565 Volo
2921 1521 3102 1565 autem
3154 1515 3278 1566 huic
3325 1528 3419 1567 no~

1833 1595 2054 1653 \‘issinio
2110 1601 2244 1654 dare
2277 1602 2422 1655 sicut
2467 1609 2520 1654 et
2559 1604 2676 1655 libi.
2710 1601 2905 1657 Annon
2957 1603 3084 1657 licet
3119 1604 3249 1657 mihi
3284 1607 3428 1672 quod

1834 1690 1956 1743 volo
1999 1691 2180 1744 facere
2220 1690 2273 1744 in
2320 1692 2485 1746 rebus
2532 1692 2707 1746 meis?
2755 1710 2823 1745 an
2868 1693 3061 1746 oculus
3099 1702 3224 1748 tuus
3256 1694 3431 1748 malus

1833 1793 1936 1846 εει,
1993 1782 2134 1850 quod
2200 1798 2301 1853 ego
2359 1786 2534 1839 bonus
2587 1786 2732 1839 sim?
2786 1786 2877 1839 Sic
2935 1785 3218 1841 novissimi
3270 1799 3435 1840 erunt

1832 1871 2017 1939 primi,
2052 1881 2106 1925 et
2142 1873 2299 1941 primi
2355 1875 2634 1928 novissimi
2673 1894 2686 1930 :
2723 1877 2872 1929 multi
2901 1879 3044 1930 enim
3074 1887 3202 1931 sunt
3232 1879 3431 1940 vocati,

1836 1964 1990 2030 pauci
2021 1973 2201 2018 autem
2231 1966 2416 2018 electi.
2456 1986 2475 2017 ι
2534 1965 2829 2036 VeSperum
2873 1979 2955 2023 est
2986 1971 3429 2024 consummatio:

129 2075 219 2119 τες
268 2047 374 2111 ἀνὰ
419 2058 697 2130 δηνάριον,
748 2062 775 2112 ὃ
812 2064 959 2112 ἐστιν
991 2062 1023 2129 ή
1061 2061 1156 2112 τοῦ
1192 2061 1349 2127 ἁγίου
1402 2058 1726 2128 Πνεύματος

1854 2071 1884 2106 n
1942 2053 2048 2108 ﬁne
2106 2065 2288 2110 autem
2346 2059 2452 2112 diei
2508 2069 2562 2113 et
2629 2061 3109 2114 consummatione
3160 2061 3437 2130 accipiunt

131 2147 312 2218 χάρις,
354 2148 755 2216 ἀναμορφοῦσα
786 2150 877 2200 τὸν
929 2147 1219 2216 ἄνθρωπον
1262 2149 1342 2210 εἰς
1390 2146 1452 2199 τὸ
1501 2145 1623 2198 κατ’
1653 2148 1731 2198 εἰσ-

151 2245 286 2303 ιόνα,
322 2240 418 2292 καὶ¹
449 2239 682 2292 ποιοῦσα
720 2240 876 2304 θείας
919 2241 1132 2309 φύσεως
1156 2240 1435 2293 κοινωνόν.
1465 2238 1634 2291 Ηλὲον
1673 2237 1730 2291 δὲ

133 2331 439 2385 ὲκοπίασαν
472 2333 520 2384 οἱ
563 2334 669 2402 πρὸ
699 2334 808 2402 τῆς
831 2333 927 2385 τοῦ
962 2332 1204 2403 Χριστοῦ
1244 2330 1566 2400 ἐπιδημίας,
1602 2329 1724 2382 καθ’

130 2422 159 2474 ὃ
203 2422 362 2475 ούπω
401 2420 469 2495 ἦν
507 2425 628 2477 τότε
659 2427 687 2477 0
724 2424 953 2487 θάνατος
1000 2425 1202 2490 λυθεὶς,
1242 2424 1363 2476 οὐδὲ
1415 2426 1442 2475 0
1481 2419 1730 2485 διάϐολος

133 2514 452 2585 συνετρίϐη,
495 2516 608 2569 ἀλλ’
639 2515 719 2568 ἔτι
748 2515 846 2586 ἔζη
878 2518 910 2586 ὴ
947 2516 1215 2585 ἁμαρτία·
1247 2516 1411 2584 ἡμεῖς
1453 2515 1510 2566 δὲ
1545 2516 1731 2583 χάριτι

134 2606 376 2678 Χριστοῦ
406 2608 495 2660 διὰ
525 2607 620 2660 τοῦ
649 2607 1028 2678 βαπτίσματος
1059 2607 1465 2669 δικαιωθέντες,
1500 2606 1733 2676 δύναμιν

134 2697 492 2770 λαμϐάνομεν
541 2702 632 2760 είς·
674 2701 735 2751 τὸ
781 2701 1006 2767 νικῆσαι
1062 2701 1154 2751 τὸν
1200 2699 1501 2751 ἀντίπαλον
1551 2699 1732 2768 ἡμῶν,

137 2789 236 2858 ἤδη
285 2789 705 2859 καταϐληθέντα
736 2790 1248 2844 καιθανατωθέντα
1301 2789 1406 2840 ὑπὸ
1450 2789 1546 2842 τοῦ
1593 2790 1732 2860 Χρια

138 2881 289 2933 ποῦ·
344 2881 482 2934 ἀλλὰ
513 2882 607 2933 καὶ
651 2883 792 2934 κατὰ
836 2884 937 2951 τὴν
984 2881 1264 2952 προτέραν
1309 2880 1632 2952 ἑρμηνείαν,
1686 2883 1734 2932 οἱ

135 2973 400 3044 νειίκεροι
453 2974 872 3036 πιστεύσαντες,
941 2972 1161 3025 πλείονα
1216 2973 1464 3039 κάματον
1523 2973 1738 3041 ἔχουσιν

137 3065 282 3138 ὑπὲρ
315 3069 440 3128 τοὺς
468 3069 524 3120 ἐν
554 3068 705 3137 γήρᾳ
734 3065 1156 3137 προσελθόντας·
1187 3067 1214 3117 0
1240 3065 1340 3134 μὲν
1365 3066 1476 3133 γὰρ
1507 3067 1646 3128 νέος,
1678 3066 1740 3116 τὸ

139 3155 312 3226 βάρος
352 3157 447 3211 τοῦ
501 3159 674 3228 θυμοῦ
707 3157 805 3211 καὶ
851 3156 942 3209 τὸν
987 3155 1244 3208 καύσωνα
1291 3154 1390 3221 τῆς
1440 3155 1740 3224 ἐπ.θυμίας

140 3246 427 3316 βαστάζει,
473 3249 728 3308 πολεμῶν
759 3251 871 3310 τοῖς
906 3246 1154 3300 πάθεσιν·
1188 3249 1216 3300 0
1245 3245 1302 3298 δὲ
1327 3249 1508 3316 γέρων
1540 3246 1598 3298 ὲν
1635 3261 1741 3314 γα·-

138 3341 277 3413 λήνῃ
320 3344 550 3409 γίνεται.
611 3341 750 3394 Ἀλλ’
783 3344 930 3410 ὅμως
963 3339 1188 3403 πάντες,
1241 3340 1368 3408 μιᾶς
1403 3339 1615 3409 δωρεᾶς
1646 3339 1738 3391 τοῦ

137 3433 306 3503 ἁγίου
355 3435 672 3505 Πνεύματος
735 3433 1037 3497 ἀξιοῦνται.
1099 3433 1354 3484 Διδάσκει
1429 3426 1524 3483 οὖν
1585 3432 1736 3502 ἡμᾶς

140 3529 174 3596 ὴ
209 3527 525 3597 παραϐολὴ,
551 3526 641 3580 ὅτι
673 3524 883 3596 κάν-,τῷ
909 3526 1060 3596 χήρᾳ
1099 3523 1216 3576 ἐστι
1249 3521 1598 3590 μεταγνῶναι
1648 3524 1740 3574 καὶ

137 3620 242 3690 τῆς
277 3620 559 3690 βασιλείας
607 3623 828 3690 τυχείν⁶
876 3618 1036 3671 τοῦτο
1069 3618 1178 3688 γὰρ
1228 3619 1260 3687 ή
1293 3614 1555 3685 ἑνδεκάτη
1598 3613 1737 3687 ὥρα.

139 3712 220 3764 Οὐ
262 3713 599 3782 φθονήσουσι
637 3713 693 3764 δὲ
723 3711 773 3763 οἱ
824 3709 971 3777 ἅγιοι
1023 3712 1136 3771 τοῖς
1187 3709 1256 3761 τὰ
1304 3707 1397 3760 τσα
1447 3706 1739 3774 λαϐοῦσιν;

144 3805 396 3872 ’Δπ).γε,
429 3804 567 3856 ἀλλὰ
591 3803 751 3856 τοῦτο
779 3802 1059 3855 δείκνυται
1093 3799 1366 3864 ἐντεῦθεν,
1397 3799 1478 3852 ὅτι
1502 3799 1743 3853 τοσαῦτα

141 3896 242 3948 καὶ
279 3895 590 3965 τηλικαῦτά
624 3898 730 3949 είσι
757 3895 826 3947 τὰ
859 3894 1116 3964 διδόμενα
1144 3894 1255 3955 τοῖς
1279 3890 1510 3954 δικαίοις
1536 3891 1741 3959 ἀγαθὰ,

141 3988 292 4041 ὠστε
331 3988 427 4040 καὶ
460 3988 655 4057 φθόνον
685 3991 908 4058 κινῆσαι
939 3987 1216 4044 δύνανται.

224 4098 244 4130 ι
305 4080 420 4132 Καὶ
471 4079 783 4134 ἀναϐαίνων
848 4084 877 4134 0
946 4081 1158 4151 Ἰησοῦς
1226 4082 1308 4143 είς
1369 4079 1740 4150 Ἰεροσόλυμα,

143 4171 433 4242 παρέλαϐε
479 4173 606 4236 τοὺς
650 4172 860 4251 δῲδεκα
917 4173 1166 4244 μαθητὰς
1215 4174 1334 4226 κατ’
1386 4173 1523 4226 ίδίαν
1571 4173 1630 4224 ὲν
1675 4174 1742 4242 τῇ

142 4264 276 4335 ὁδῷ,
317 4266 415 4318 καὶ
452 4263 606 4319 εἶπεν
635 4267 841 4330 αὐτοῖς’
889 4267 1021 4322 Ἰδοὺ
1061 4267 1427 4339 ἀναϐαίνομεν
1464 4270 1544 4330 εἰς
1583 4267 1748 4336 Ἰερο-

145 4357 391 4428 σόλυμα,
430 4360 524 4412 καὶ
570 4362 598 4412 0
651 4360 782 4423 Υἱὸς
824 4360 919 4414 τοῦ
965 4359 1262 4431 ἀνθρώπου
1303 4353 1746 4432 παραδοθήσεται

144 4453 265 4511 τοῖς
330 4451 651 4521 ἀρχιερεῦσι
701 4454 799 4506 καὶ
851 4452 1271 4524 Γραμματεῦσι,
1332 4455 1429 4507 καὶ
1474 4469 1746 4522 κατακρι-

147 4540 342 4597 νοῦσιν
374 4543 538 4597 αὐτὸν
562 4544 800 4614 θανάτῳ,
852 4546 947 4599 καὶ
979 4545 1400 4615 παραδώσουσιν
1441 4546 1603 4598 αὑτὸν
1633 4547 1746 4606 τοῖς

143 4631 368 4686 ἔθνεσιν
396 4635 477 4696 είς
510 4635 568 4688 τὸ
593 4636 881 4704 ἐμπαῖξαι,
911 4638 1006 4690 καὶ
1045 4637 1409 4707 μαστιγῶσαι,
1445 4637 1540 4690 καὶ⁵
1581 4653 1746 4689 σταυ-

1832 2161 2021 2200 omnes
2049 2162 2205 2200 suum
2241 2149 2547 2211 denarium,
2592 2152 2682 2220 qni
2715 2161 2797 2203 est
2828 2149 3065 2218 Spiritus
3094 2151 3269 2204 sancti
3308 2166 3435 2220 gra-

1837 2237 1930 2300 tia,
1974 2241 2371 2294 transformans
2424 2241 2698 2297 hominem
2735 2245 2802 2294 ad
2852 2259 3009 2296 suum
3039 2242 3336 2311 exemplar,
3383 2253 3438 2296 et

1834 2328 2042 2385 iaciens
2074 2331 2270 2386 divinae
2304 2343 2512 2386 natura:
2558 2333 2901 2402 participem.
2957 2335 3085 2387 Plus
3139 2345 3321 2387 autem
3354 2334 3436 2387 la-

1835 2419 2164 2474 boraverunt
2207 2422 2298 2490 qui
2342 2431 2470 2474 ante
2495 2421 2702 2475 Cliristi
2760 2423 3054 2476 adventum
3091 2423 3332 2485 fuerunt,
3371 2435 3439 2476 eo

1834 2513 1976 2580 quod
2007 2521 2138 2565 tunc
2175 2514 2412 2566 nondum
2446 2523 2566 2568 erat
2605 2529 2752 2568 mors
2784 2515 2981 2578 soluta,
3024 2528 3201 2582 neque
3245 2514 3436 2568 diabo-

1838 2601 1921 2655 lus
1969 2601 2260 2666 contritus,
2318 2603 2412 2656 sed
2463 2604 2641 2657 adhuc
2696 2603 2907 2656 vivebat
2955 2609 3267 2671 peccatum.
3327 2600 3438 2654 Nos

1837 2704 2019 2747 autem
2043 2694 2216 2763 gratia
2250 2693 2453 2748 Christi
2482 2709 2581 2762 per
2612 2695 2940 2763 baptismum
2973 2693 3282 2762 justilieati,
3321 2694 3435 2746 vir-

1841 2797 2010 2842 tutem
2061 2786 2364 2856 accipimus
2398 2787 2466 2840 ad
2521 2787 2850 2841 vincendum
2908 2785 3280 2840 adversarium
3335 2801 3437 2840 uo-

1840 2877 2184 2956 strumkjam
2218 2878 2486 2948 dejectum
2510 2889 2563 2933 et
2587 2878 2832 2941 occisum
2860 2893 2888 2931 a
2919 2877 3158 2932 Christo.
3191 2875 3258 2930 Ει
3282 2876 3438 2945 juxta

1843 2971 2078 3036 priorem
2132 2971 2663 3039 interpretationem,
2708 2971 2798 3038 qui
2857 2975 3088 3040 juvenes
3135 2973 3440 3038 credidere,

1843 3063 2104 3131 majorem
2139 3061 2383 3117 laborem
2417 3064 2644 3126 habent.
2669 3080 2834 3134 quam
2866 3065 2920 3120 lii
2947 3068 3035 3134 qui
3070 3068 3122 3119 in
3161 3065 3448 3121 senectute

1843 3157 1908 3208 ad
1944 3155 2103 3210 ﬁdem
2129 3169 2502 3212 accesserunt.
2546 3156 2878 3212 Adolescens
2917 3160 3060 3212 enim
3096 3162 3306 3228 pOndus
3352 3161 3451 3213 ira:

1844 3255 1897 3299 et
1926 3259 2118 3299 aestum
2155 3249 2613 3315 concupiscentia
2649 3255 2849 3316 gestat,
2889 3263 3109 3303 certans
3143 3267 3264 3304 cum
3314 3250 3448 3306 aifa-

1846 3337 2141 3392 ctiouibus.
2174 3338 2354 3393 Senex
2384 3350 2566 3395 autem
2601 3342 2653 3395 in
2686 3342 2986 3410 tranquillo
3030 3351 3112 3397 cst
3145 3359 3159 3396 :
3203 3354 3445 3397 attamen

1844 3444 2034 3483 mnncs
2057 3445 2157 3485 nos
2190 3446 2357 3484 unum
2388 3433 2588 3486 donum
2619 3429 2856 3501 Spiritus
2881 3435 3052 3486 sancti
3078 3436 3444 3501 assequimur.

1846 3520 2016 3577 Docet
2058 3523 2339 3591 igiturnos
2367 3524 2529 3599 106
2567 3525 2848 3593 parabola,
2886 3525 3032 3595 quod
3073 3528 3126 3580 in
3161 3537 3444 3582 senectute

1844 3614 2008 3668 etiam
2043 3613 2169 3669 licet
2196 3615 2539 3684 resipiscere,
2565 3627 2620 3670 et
2651 3632 2876 3687 regnum
2905 3619 3172 3673 cmlornm
3203 3621 3443 3689 assequi.

1847 3705 1973 3760 Hac
2029 3709 2173 3760 enim
2235 3707 2522 3762 undecima
2575 3712 2705 3762 hora
2764 3721 2870 3764 est.
2930 3710 3066 3764 Num
3129 3712 3449 3767 inridebunt

1846 3799 2022 3853 sancti
2056 3799 2140 3853 bis
2173 3800 2264 3869 qui
2313 3803 2463 3869 paria
2502 3800 2821 3871 accipiunt?
2850 3802 3026 3868 Absit,
3076 3803 3172 3857 sed
3206 3803 3449 3858 ostendit

1847 3888 1938 3945 hic
1975 3891 2117 3959 quod
2154 3898 2305 3946 tanta
2346 3903 2400 3945 et
2439 3893 2569 3947 talia
2612 3905 2740 3950 sunt
2787 3897 2925 3949 bona
2961 3908 3081 3962 quae
3124 3895 3322 3949 dantur
3360 3894 3453 3963 ju-

1847 3981 1969 4046 stis,
2006 3990 2064 4035 ut
2097 3993 2154 4036 et
2183 3983 2444 4037 invidiam
2487 3984 2728 4039 excitare
2751 3987 2983 4054 possint.

1925 4071 2092 4130 Vens.
2145 4073 2336 4129 18-ἳ1.
2357 4093 2396 4137 ,ι
2434 4075 2500 4130 Ει
2522 4079 2824 4134 ascendens
2857 4077 3018 4135 Iesus
3041 4079 3451 4154 Hierosolyma,

1850 4166 2152 4236 assumpsit
2182 4168 2470 4237 duodecim
2502 4170 2800 4238 discipulos
2833 4186 2964 4228 suos
2994 4174 3139 4229 solos
3171 4175 3222 4228 in
3259 4177 3366 4240 via,
3398 4184 3453 4230 et

1849 4260 1927 4313 ait
1962 4258 2068 4314 illis
2099 4277 2114 4314 :
2149 4261 2292 4314 Ecce
2317 4263 2734 4319 conscendimus
2762 4262 3164 4337 Hierosolyma,-
3195 4281 3251 4323 et
3281 4269 3450 4326 Filius

1852 4348 2091 4404 hominis
2115 4351 2364 4405 tradetur
2391 4352 2731 4422 principibus
2755 4357 3099 4411 sacerdotum
3131 4375 3196 4412 ac
3220 4361 3447 4427 Scribis,

1853 4453 1908 4496 et
1941 4443 2384 4499 condem‘nabunt
2417 4460 2544 4499 eum
2579 4455 2774 4509 morte,
2806 4457 2861 4502 et
2913 4450 3128 4504 tradent
3158 4469 3279 4504 eum
3319 4470 3452 4521 gen-

1855 4539 2000 4593 tibus
2029 4537 2097 4594 ad
2124 4538 2485 4604 illudendum,
2514 4549 2567 4592 et
2595 4538 3004 4610 Dagellandum,
3041 4553 3096 4598 et
3122 4551 3450 4617 crueillgen-

1851 4628 2000 4692 dum,
2035 4639 2090 4682 et
2113 4630 2274 4682 tertio
2329 4630 2419 4684 die
2459 4642 2730 4699 resurget.
2773 4630 2924 4688 Tunc
2960 4638 3193 4690 accessit
3227 4642 3291 4691 ad
3325 4657 3449 4694 eum

146 4723 356 4795 ρῶσαι,
389 4725 486 4778 καὶ
500 4729 567 4797 τῇ
599 4728 758 4799 τρίτῃ
781 4729 967 4800 ἡμέρᾳ
989 4730 1376 4799 ἀναστήσεται.
1408 4729 1542 4780 Τότε
1574 4742 1737 4797 προσ·

1857 4731 2029 4773 mater
2072 4719 2305 4774 liliorum
2344 4720 2590 4778 Zebetltri
2623 4739 2748 4776 cum
2790 4725 2915 4779 ﬁliis
2949 4728 3082 4790 suis,
3132 4730 3368 4784 adorans
3399 4745 3455 4786 et

143 4811 318 4882 ἦλθεν
348 4815 502 4884 αὐτῷ
528 4818 563 4887 η
595 4817 782 4888 μήτηρ
815 4819 928 4871 τῶν
976 4818 1114 4872 υίῶν
1144 4819 1434 4888 Ζεϐεδαίου
1472 4819 1606 4888 μετὰ
1639 4819 1746 4872 τῶν

145 4904 289 4958 υἱῶν
324 4907 525 4976 αὐτῆς,
575 4910 960 4978 προσκυνοῦσα
1006 4912 1103 4964 καὶ⁸
1134 4911 1364 4965 αἰτοῦσά
1397 4929 1447 4963 τι
1485 4909 1611 4979 παρ’
1647 4910 1748 4964 αύ-

142 4999 268 5055 τοῦ.
319 5000 382 5053 Ὀ
410 4999 469 5053 δι
499 4995 654 5052 εἶπεν
683 5004 846 5074 αὐτῇ·
877 5002 941 5054 Τί
973 5003 1151 5067 θέλεις
1177 5022 1191 5070 ;
1215 5004 1384 5072 Λέγει
1414 5003 1584 5073 αὑτῷ⁹
1617 5001 1750 5054 Εἰπὲ

148 5091 241 5145 τνα
271 5092 584 5146 καθίσωσιν
611 5086 761 5148 οὗτοι
792 5096 844 5148 οί
874 5095 971 5149 δύο
1002 5097 1108 5149 υίοί
1145 5113 1270 5166 μου,
1329 5090 1408 5159 είς
1447 5098 1511 5149 ἐκ
1561 5094 1752 5160 δεξιῶν

148 5201 247 5238 σου
290 5189 394 5239 καὶ
431 5180 512 5248 εἷς
544 5185 604 5250 ἐξ
634 5187 932 5257 εὐωνύμων
970 5204 1064 5240 σου
1099 5190 1156 5241 ἐν
1189 5192 1256 5259 τῇ
1289 5187 1538 5258 βασιλείᾳ
1576 5203 1692 5240 σου.
1728 5205 1747 5238 ›

162 5275 466 5346 Ἐνόμιζον
496 5278 546 5330 οί
574 5277 667 5329 τοῦ
701 5278 1015 5343 Ζεϐεδαίου,
1053 5279 1134 5331 ὅτι
1165 5281 1260 5331 ἐὰν
1290 5279 1498 5349 ἀπέλθῃ
1531 5281 1611 5340 είς
1648 5278 1750 5330 ἰε-

146 5369 442 5439 ροσόλυμα
474 5371 504 5422 0
527 5370 755 5436 Κύριος,
789 5370 1099 5440 βασιλεύσει
1149 5370 1415 5440 αἰσθητὴν
1448 5369 1749 5440 βασιλείαν⁶

148 5462 362 5529 ήκουον
395 5463 506 5531 γὰρ
548 5461 714 5513 αὑτοῦ
745 5461 986 5531 συνεχῶς
1015 5460 1287 5529 λέγοντος,
1320 5463 1402 5514 ὅτι
1441 5461 1753 5516 Ἀναϐαίνοο

149 5569 256 5623 μεν
279 5553 368 5615 είς
409 5549 782 5622 Ἱεροσό).υμα·’
835 5554 1036 5606 ἔπαθον
1063 5551 1154 5607 οὖν
1189 5550 1532 5623 ἀνθρώπινόν
1556 5569 1630 5616 τι,
1659 5553 1754 5605 καὶ

147 5643 492 5714 προσελθεῖν
520 5648 618 5710 τὴν
650 5647 862 5715 μητέρα
887 5645 1188 5711 πείθουσιν,
1225 5645 1382 5698 αὐτοὶ⁵
1420 5645 1756 5714 εὐλαϐούμε-

148 5753 234 5789 νοι
270 5739 333 5788 ἐν
361 5733 444 5804 τῷ
469 5734 691 5804 φανερῴ
725 5736 1062 5806 προσελθεῖνο
1093 5736 1276 5806 κρύφα
1310 5738 1419 5806 γὰρ
1448 5735 1756 5806 προσῆλθον

147 5825 247 5879 καὶ
273 5825 467 5890 αὐτοὶ,
497 5823 572 5886 ὼς
611 5826 639 5875 0
665 5825 890 5896 Μάρκος
909 5827 1089 5901 λέγει·
1129 5828 1264 5896 φησι
1289 5827 1420 5896 γὰρ,
1453 5827 1536 5878 ὅτι
1584 5842 1756 5895 προσ-

148 5918 506 5988 πορεύονται·
538 5919 686 5985 αὑτιρ
745 5918 998 5981 Ἰάκωϐος
1037 5922 1132 5972 καὶ
1189 5919 1463 5991 Ἰωάννης,
1505 5917 1628 5972 ἀντὶ
1662 5916 1758 5970 τοῦ

151 6012 338 6084 λάθρα
377 6013 478 6066 καὶ
513 6011 620 6080 ἰδία
651 6012 1070 6083 προσέρχονται.

501 6108 772 6170 Ρλτιιοι..
808 6109 928 6171 Gtt.
974 6109 1252 6173 CXXIII.

1857 4823 2046 4879 petens
2075 4812 2281 4882 aliquid
2315 4814 2504 4875 abeo.
2534 4816 2605 4868 At
2641 4815 2729 4871 ille
2751 4819 2891 4873 dixit
2921 4819 2970 4874 ei
2998 4836 3016 4874 :
3044 4820 3184 4896 Quid
3214 4824 3336 4878 vis?
3365 4826 3456 4880 Ait

1857 4905 1930 4959 illi
1959 4924 1972 4960 :
2007 4905 2105 4960 Dic
2141 4917 2205 4961 ut
2242 4898 2467 4962 sedeant
2500 4910 2554 4962 hi
2577 4910 2684 4966 duo
2715 4911 2808 4966 ﬁlii
2845 4913 2972 4976 mel,
3008 4929 3146 4969 unus
3187 4930 3217 4969 a
3248 4918 3456 4974 dextris

1859 5000 1984 5064 tuis,
2013 5011 2068 5054 et
2098 5005 2237 5054 alter
2264 5003 2329 5055 ad
2354 5001 2634 5057 sinistram
2672 5005 2897 5060 tuam'iu
2934 5023 3099 5076 regno
3124 5019 3235 5065 tuo.
3280 5030 3300 5061 ι
3326 5013 3458 5080 Opis

1860 5094 2135 5148 nabantur
2184 5094 2276 5150 lilii
2335 5094 2586 5152 Zebedmi
2639 5100 2782 5168 quod
2835 5104 3039 5156 vadens
3079 5100 3456 5175 Hierosolyma

1861 5185 2124 5242 Dominus
2154 5198 2483 5257 regnaturus
2505 5199 2652 5244 esset
2685 5206 2850 5260 regno
2881 5197 3115 5261 quodam
3147 5199 3453 5266 temperati.

1858 5275 2160 5332 Audierant
2194 5279 2341 5334 enim
2369 5296 2492 5335 eum
2520 5297 2662 5351 saepe
2695 5283 2992 5351 dicentem,
3023 5283 3457 5346 Consccntlimus

1861 5368 2262 5442 Hierosolyma.
2298 5372 2451 5428 Passi
2495 5385 2682 5429 autem
2717 5387 2842 5430 sunt
2883 5378 3180 5434 humanum
3213 5383 3365 5451 qnid,
3403 5393 3459 5437 et

1862 5472 1920 5513 ut
1971 5472 2143 5517 mater
2174 5465 2401 5519 accedat
2443 5465 2793 5536 persuadent,
2842 5467 2942 5536 ipsi
2983 5471 3202 5524 reveriti
3240 5473 3292 5526 in
3340 5491 3456 5528 ma-

1862 5553 2062 5610 nifesto
2107 5560 2370 5612 accedere
2414 5572 2430 5612 :
2488 5557 2736 5613 clanculo
2786 5559 2936 5615 enim
2993 5574 3347 5618 accesserunt
3400 5573 3455 5619 et

1865 5647 1988 5715 ipsi,
2026 5658 2084 5701 ut
2126 5647 2344 5702 Marcus
2392 5649 2545 5703 dicit.
2597 5648 2881 5706 Accedunt
2928 5653 3098 5718 enim,
3146 5653 3339 5722 inquit,
3384 5655 3451 5707 ad

1862 5755 1984 5794 enm
2017 5738 2255 5795 Jacobth
2288 5751 2342 5798 et
2369 5741 2632 5810 Joannes,
2660 5744 2762 5798 hoc
2790 5755 2895 5822 est,
2927 5747 3181 5816 privatim
3213 5757 3268 5804 et
3299 5762 3456 5803 seor-

1863 5844 1983 5884 sum
2020 5832 2286 5885 accedunt
2314 5834 2380 5886 ad
2409 5850 2555 5889 HIIII.

2937 6111 3016 6174 Ω
