4030 6644
168 647 268 710 365

825 637 1280 702 manente
1327 635 1403 694 IN
1444 627 1776 707 ιιινλιιοιιι

1887 589 1958 685 ιιι
2002 620 2396 682 MA'i'THAtt.
2437 642 2476 650 -
2540 619 2701 679 CAP.
2741 619 2869 679 xx.

3378 617 3485 681 366

168 765 447 835 ριεύουσιν
509 761 709 820 αὐτῶν.
748 761 839 813 καὶ
881 761 928 811 oi
965 754 1192 826 μεγάλοι
1252 747 1767 815 κατεξουσιάζουσιν

1887 741 2151 794 ninentnr
2182 737 2286 791 illis
2314 753 2327 788 :
2358 747 2413 791 et
2448 736 2536 806 qui
2570 736 2751 805 magni
2784 742 2932 797 sunt,
2965 741 3290 804 potestatem
3327 749 3488 790 exer-

166 857 269 910 αὖτ
319 873 369 908 ν.
401 855 514 924 Οὐχ
542 854 712 914 οὕτως
748 854 898 904 ἔσται
1024 849 1172 910 ιἾ-οιῖν,
1209 843 1396 906 dif/38;
1423 841 1516 894 ἐὰν
1547 839 1678 908 Θέλῃ
1707 839 1764 889 ὲν

165 949 296 1017 ὑμῖν
333 948 508 1016 μέγας
531 943 810 1013 γενέσθαι,
859 941 1013 993 ἔσται
1049 939 1202 1009 ὑμῶν
1251 937 1525 998 διάκονος,
1561 933 1658 984 καὶ
1706 930 1766 992 ὃς

163 1040 260 1092 ἐὰν
293 1039 425 1111 Θέλῃ
459 1039 516 1089 ὲν
551 1038 681 1107 ὑμῖν
709 1030 849 1088 εἶναι
886 1033 1126 1103 πρῶτωλ
1171 1030 1327 1082 ἔσται
1361 1026 1516 1097 ὑμῶν
1557 1024 1764 1086 δούλοςο

162 1129 356 1201 ὥσπερ
379 1133 407 1183 ὀ
443 1131 568 1193 Υἱὸς
586 1127 680 1181 τοῦ
713 1126 1007 1198 ἀνθρώπου
1061 1125 1160 1176 οὐκ
1185 1119 1320 1192 ἦλθε
1349 1117 1762 1188 διακονηθῆναι,

163 1223 301 1280 ἀλλὰ
335 1222 676 1291 διακονῆσαι,
726 1221 822 1274 καὶ
861 1220 1049 1271 δοῦναι
1102 1219 1197 1287 τὴν
1248 1213 1429 1284 ψυχὴν
1477 1210 1644 1265 αὑτοῦ
1677 1209 1766 1262 λύ’

160 1334 293 1387 τρον
349 1318 470 1368 ἀντὶ
521 1314 752 1368 mihiea.
794 1335 811 1365 ι
866 1315 993 1366 Ὀτε
1044 1307 1182 1363 εἶδον
1221 1309 1269 1361 οἱ
1318 1308 1453 1361 δέκα
1502 1305 1629 1368 τοὺς
1673 1302 1769 1356 δύο

161 1409 591 1478 ἐπιτιμηθέντας
641 1410 793 1475 παρὰ
836 1404 930 1458 τοῦ
974 1400 1239 1474 Χριστοῦ,
1303 1401 1426 1453 τότε
1478 1399 1572 1451 καὶ
1612 1395 1769 1448 αὐτοὶ

159 1500 555 1569 ἀγανακτοῦσι,
592 1501 686 1553 καὶ
711 1497 920 1563 ἔδειξαν
953 1497 1034 1549 ὅτι
1071 1497 1164 1548 καὶ
1201 1495 1544 1565 προήχΟο-ιτο
1580 1491 1673 1544 ἐττί
1702 1490 1767 1559 τῇ

157 1594 368 1646 τούτων
420 1594 576 1662 τιμῇ.
625 1592 749 1643 Ἔτι
783 1591 889 1661 γὰρ
941 1585 1082 1661 ἦσαν
1124 1589 1360 1650 ἀτελεῖς
1422 1587 1473 1640 οἱ
1521 1585 1769 1657 μὲνγὰρ

160 1683 625 1749 κατεξανέσταντο
656 1683 767 1736 τῶν
799 1682 952 1736 δέκα’
992 1683 1044 1735 οῖ
1073 1683 1130 1735 δὲ
1195 1681 1458 1750 ὲφθὸνουν
1494 1682 1607 1742 τοῖς
1651 1677 1768 1731 δύο.

172 1777 329 1830 Ἑπεί
366 1775 459 1829 οὖν
494 1778 541 1828 oi
573 1775 708 1829 δέκα
746 1775 1086 1838 ἀκούσαντες
1117 1772 1559 1843 ἐθορυϐήθησαν,
1598 1784 1772 1838 προσ-

159 1870 415 1924 καλεῖται
462 1871 685 1935 αὐτοὺς,
732 1872 798 1941 τῇ
833 1870 1027 1938 κλήσει
1057 1868 1165 1938 πρὸ
1196 1868 1306 1919 τῶν
1340 1866 1518 1933 λόγων
1569 1864 1772 1927 αὐτοὺς

159 1963 594 2034 καταπραΰνων.
637 1964 746 2016 Καὶ
782 1963 892 2033 γὰρ
931 1963 981 2014 oi
1029 1961 1126 2014 τοῦ
1179 1960 1472 2014 Ζεϐεδαίου
1525 1959 1775 2028 ἀπορρα-

157 2055 355 2124 γέντες
385 2055 494 2107 τῶν
526 2054 726 2120 ἄλλων,
759 2054 1004 2123 ὡμίλουν
1033 2052 1203 2124 αύτῷο
1237 2053 1405 2106 πᾶσιν
1448 2049 1542 2104 οὖν
1579 2048 1774 2111 κοινῶς

1877 843 2038 889 ceant
2067 833 2117 886 in
2151 845 2265 885 eas.
2303 830 2419 885 Non
2455 831 2525 882 ita
2555 829 2657 883 erit
2691 829 2832 882 inter
2865 841 2982 894 vos,
3027 825 3124 882 sed
3169 828 3485 897 quicunque

1875 926 2112 980 voluerit
2152 925 2295 978 inter
2343 938 2440 978 vos
2477 937 2706 993 magnus
2756 921 2895 984 ﬂeri,
2933 921 3038 975 erit
3087 929 3273 976 vester
3321 921 3484 975 mini-

1875 1026 1992 1074 stcr
2021 1037 2033 1071 :
2069 1025 2123 1071 et
2155 1017 2247 1086 qui
2278 1015 2511 1071 voluerit
2544 1014 2685 1069 inter
2706 1029 2813 1069 vos
2846 1015 3056 1083 primus
3084 1027 3230 1079 esse,
3257 1012 3365 1067 erit
3393 1029 3488 1068 vc-

1875 1120 1990 1166 ster
2033 1123 2231 1164 servus
2264 1125 2279 1162 :
2310 1109 2454 1164 sicut
2487 1105 2660 1161 Filius
2697 1106 2936 1160 hominis
2966 1120 3074 1158 non
3105 1104 3254 1160 venit
3294 1113 3352 1157 ut
3382 1103 3488 1158 sibi

1877 1204 2304 1264 ministraretur,
2338 1201 2433 1256 sed
2467 1210 2528 1255 ut
2571 1202 2686 1270 ipsi:
2720 1199 3080 1264 ministraret,
3130 1207 3298 1265 atque
3331 1198 3491 1251 daret

1876 1295 2116 1349 animum
2139 1309 2292 1348 suam
2331 1292 2759 1363 redemptionem
2784 1308 2882 1362 pro
2902 1291 3108 1346 multis.
3139 1310 3157 1343 ι
3198 1290 3302 1348 Ubi
3338 1291 3488 1344 vide-

1878 1400 1997 1442 runt
2034 1390 2220 1440 decem
2255 1387 2390 1441 duos
2419 1387 2539 1440 illos
2568 1402 2597 1438 a
2630 1386 2850 1440 Christo
2883 1386 3218 1452 inerepatos,
3264 1393 3392 1436 tunc
3427 1391 3481 1436 et

1875 1481 1976 1550 ipsi
2013 1478 2278 1547 indignati
2313 1489 2465 1543 sunt,
2494 1487 2548 1532 et
2596 1483 2956 1531 ostenderunt
2986 1491 3044 1528 se
3071 1484 3381 1529 commotos
3409 1475 3481 1530 ob

1878 1578 2105 1629 istorum
2157 1573 2445 1627 honorem.
2489 1573 2682 1626 Adhuc
2735 1571 2883 1625 enim
2933 1581 3088 1622 erant
3123 1569 3429 1638 imperfecti
3470 1587 3486 1622 :

1877 1685 2000 1722 nam
2033 1666 2107 1721 illi
2146 1668 2408 1722 adversus
2442 1668 2628 1721 decem
2666 1665 3042 1731 insurgebat”,
3089 1663 3140 1716 hi
3185 1677 3316 1717 vero
3349 1661 3488 1716 duo-

1878 1761 1978 1814 bus
2010 1758 2347 1813 invidebant.
2401 1757 2697 1828 Postquam
2743 1757 2909 1824 igitur
2936 1756 3126 1809 dccz-tn
3171 1754 3256 1809 his
3289 1752 3494 1807 auditis

1879 1851 2081 1906 turbati
2133 1850 2374 1914 fuerunt,
2408 1848 2638 1904 arcessit
2683 1848 2828 1913 illos,
2871 1847 3160 1902 vocatione
3205 1855 3335 1901 ante
3375 1860 3496 1900 ser-

1880 1963 2100 2003 monem
2132 1961 2228 2002 eos
2269 1943 2611 2000 demulcens.
2657 1939 2876 1994 Etenim
2908 1938 3002 1992 lilii
3035 1939 3286 1994 Zehedazi
3315 1937 3495 1993 avulsi

1880 2043 1946 2096 ab
1980 2041 2103 2096 aliis
2137 2039 2612 2094 conversabantur
2645 2049 2769 2088 cum
2822 2033 2961 2103 ipso.
2996 2030 3265 2088 Omnibus
3308 2033 3496 2104 itaque

157 2123 374 2217 δμιλεῖ.
418 2146 584 2211 Εἰδὼς
638 2149 746 2219 γὰρ
797 2147 1125 2217 τυραννικὸν
1160 2123 1230 2199 τὸ
1278 2144 1646 2214 φιλόπρωτον,
1680 2141 1776 2194 καὶ

1887 2134 2042 2192 simul
2074 2133 2336 2203 loquitur.
2365 2130 2558 2184 Sciens
2583 2129 2731 2184 enim
2777 2142 2942 2196 quam
2976 2126 3048 2180 sit
3097 2126 3407 2197 tyrannica,
3438 2134 3494 2182 et

163 2246 537 2317 0:;06potépa;
598 2243 857 2312 δεόμενον
937 2239 1178 2308 πληγῆς,
1241 2237 1542 2309 βαθύτερον
1592 2235 1774 2292 αὐτῶν

161 2339 514 2393 καθικνεῖται
541 2341 621 2399 εἰς
642 2338 742 2405 τὴν
774 2335 886 2389 τῶν
913 2334 1146 2386 ἐονικῶν
1175 2333 1271 2386 καὶ
1299 2333 1550 2386 ἀπίστων
1574 2334 1774 2401 μοῖραν

162 2430 371 2493 αὐτοὺς
397 2429 781 2501 ἀπορρίπτων,
801 2427 850 2478 εί
878 2424 1175 2493 φιλοδοξεῖν
1203 2423 1430 2477 Οέλοιεν.
1462 2423 1571 2476 Καὶ
1601 2421 1776 2486 οὕτως

160 2521 374 2584 αὐτοὺς
410 2521 696 2590 ἐντρέπει,
737 2521 988 2587 φάσκωνο
1031 2519 1095 2570 Oi
1129 2517 1229 2587 μὲν
1270 2516 1419 2569 ἄλλοι
1469 2513 1772 2586 ἄνθρωποι,

161 2615 310 2670 διότι
357 2616 612 2685 ἄρχουσι,
672 2611 1139 2684 λαμπρύνονται·
1214 2611 1309 2664 καὶ
1358 2611 1420 2663 τὸ
1471 2611 1602 2680 ὲρᾷν
1666 2610 1776 2661 τῶν

163 2706 482 2778 πρωτείων,
515 2705 626 2757 τῶν
665 2704 901 2758 ἐθνικῶν
928 2706 1046 2756 ἐστι
1085 2703 1280 2766 πάθος·
1322 2706 1369 2756 οἱ
1399 2703 1459 2755 δὲ
1510 2704 1634 2770 ἐμοὶ
1671 2721 1778 2772 μλ-

161 2801 356 2873 θηταὶ,
387 2801 494 2854 ἀπὸ
521 2799 910 2862 ταπεινώσεως
957 2798 1246 2868 τιμῶντας
1283 2797 1425 2850 ὥστε
1459 2798 1555 2848 καὶ
1588 2799 1614 2848 ὁ
1659 2795 1777 2865 μεί-

162 2890 282 2957 ζων
313 2889 484 2944 Θέλων
517 2887 683 2957 εἶναι,
716 2888 925 2958 ὀφείλει
975 2889 1248 2942 διακονεῖν
1295 2891 1408 2950 τοῖς
1452 2886 1743 2938 ὑποδεεστέ

164 2999 315 3053 ροις.
345 2984 484 3054 ὅπερ
512 2984 610 3054 τῆς
640 2982 817 3054 ἄκρας
857 2983 975 3035 ἐστὶ
990 2982 1400 3043 ταπεινώσεως.
1437 2982 1526 3034 Ἐν
1555 2980 1778 3052 ἐμαυτῴ

156 3078 224 3132 δὲ
248 3076 414 3130 τοῦτο
442 3078 715 3146 δείκνυμι,
744 3076 801 3139 ὃς
830 3077 1020 3149 ἄρχων
1061 3076 1137 3127 ὢν
1165 3077 1257 3128 καὶ
1289 3074 1546 3146 βασιλεὺς
1576 3093 1606 3128 τ
1658 3093 1686 3126 ν
1722 3076 1778 3127 ὲν

161 3168 448 3239 οὐρανοῖς,
479 3167 822 3223 έταπείνωσα
855 3167 1116 3236 ἐμαυτὸν,
1147 3168 1492 3238 διακονήσων
1536 3167 1668 3236 ὑμῖν
1698 3168 1778 3228 εἰς

157 3262 272 3335 τὴν
305 3262 584 3333 σωτηρίαν
608 3277 622 3290 ⁸
665 3261 762 3314 καὶ
792 3260 1051 3314 τοσοῦτον
1091 3260 1401 3317 δουλεύσων
1448 3261 1602 3330 ύμῖν,
1635 3259 1778 3313 ὥστε

159 3354 270 3406 καὶ
300 3353 402 3425 τὴν
427 3351 605 3423 ψυχὴν
632 3351 815 3409 δοῦναι
844 3351 1041 3421 λύτρον
1072 3353 1196 3405 ἀντὶ
1231 3351 1467 3416 πολλῶν,
1505 3352 1777 3416 τουτέστι,

159 3446 423 3503 πάντων
464 3448 513 3498 οἱ
536 3446 646 3518 γὰρ
672 3444 897 3510 πάντες,
926 3443 1134 3501 πολλοί.

245 3645 268 3679 ι
312 3625 426 3683 Καὶ
476 3625 934 3696 ἐκπορευομένων
966 3626 1146 3682 αὐτῶν
1195 3626 1307 3679 ἀπὸ
1371 3627 1603 3697 Ἰεριχὼ,
1643 3628 1778 3695 ἡκο-

154 3718 444 3790 λούθησεν
491 3721 644 3792 αὐτῷ
681 3720 838 3790 ὄχλος
888 3720 1076 3784 πολύς.
1127 3721 1236 3773 Καὶ
1277 3720 1387 3774 ίδου
1444 3722 1539 3773 δύο
1573 3723 1780 3789 τυφλοὶ

155 3813 480 3884 καθήμενοι
527 3815 682 3886 παρὰ
726 3813 826 3884 τὴν
865 3813 1004 3878 ὁδὸν,
1044 3811 1382 3877 ἀκούσαντες
1429 3816 1511 3867 ὅτι
1570 3813 1779 3882 Ἰησοῦς

152 3907 441 3979 παράγει,
473 3905 713 3978 ἔκραξαν
757 3908 1035 3974 λέγοντεςο
1075 3908 1336 3977 Ἐλέησον
1377 3907 1551 3975 ἡμᾶς,
1581 3905 1778 3976 Κύριε,

152 4000 292 4063 υἱὸς
338 3999 523 4052 Δαυῖδ.
565 3998 624 4052 Ὀ
652 4000 709 4053 δὲ
750 4000 908 4071 ὄχλος
953 3999 1289 4072 ἐπετίμησεν
1312 3999 1498 4063 αὐτοῖς
1535 3999 1621 4052 ἶνα
1650 4016 1779 4050 σιωο

153 4094 453 4163 στήσωσιν.
485 4092 549 4146 Οί
576 4092 632 4145 δὲ
675 4093 861 4164 μεῖζον
907 4092 1164 4161 ἔκραζον,
1194 4091 1470 4159 λέγοντες·
1523 4091 1781 4161 Ἐλέησον

154 4185 356 4259 ἡμᾶς,
385 4183 582 4256 Κύριε,
621 4185 733 4245 υίὸς
763 4184 949 4242 Δαυῖδ.
977 4184 1090 4237 Καὶ
1108 4185 1240 4246 στὰς
1265 4185 1293 4236 ὁ
1330 4183 1537 4255 Ἰησοῦς
1565 4185 1780 4253 ἐφώνησ-

154 4294 268 4331 cev
299 4278 521 4343 αὐτοὺς,
548 4278 643 4330 καὶ
679 4275 826 4330 εἷπε·
866 4277 932 4329 Τί
974 4277 1159 4332 Θέλετε
1205 4280 1420 4346 ποιήσω
1471 4278 1600 4346 ὑμῖν
1628 4293 1642 4340 ;
1674 4277 1780 4329 Λέ-

154 4386 370 4438 γουσιν
392 4369 562 4440 αὐτῷ’
596 4369 792 4444 Κύριε,
833 4370 919 4424 ἵνα
946 4371 1272 4441 ἀνοιχθῶσιν
1309 4372 1467 4443 ἡμῶν
1501 4373 1552 4423 oi
1580 4370 1781 4440 ὀφθαλ-

156 4462 295 4532 μοί.
344 4462 778 4534 Σπλαγχνισοεὶς
805 4463 862 4516 δὲ
898 4467 925 4517 ὁ
969 4463 1202 4534 Ἰησοῦς,
1231 4463 1411 4537 ἥψατο
1444 4465 1550 4519 τῶν
1578 4464 1782 4532 6901),-

154 4554 302 4627 μῶν
329 4555 534 4622 αὐτῶν,
566 4558 661 4609 καὶ
689 4557 893 4618 εὐθέως
944 4558 1248 4629 ἀνέϐλεψαν
1284 4558 1466 4611 αὐτῶν
1499 4559 1548 4612 οἱ
1583 4558 1784 4627 6396.2),-

155 4649 303 4719 μοι,
333 4650 432 4701 καὶ
467 4649 847 4722 ἡκολούθησαν
882 4651 1054 4723 αύτῷ.
1116 4670 1132 4702 ι
1204 4652 1337 4704 Ἀπὸ
1379 4652 1475 4722 τῆς
1512 4653 1702 4722 φήμης
1735 4652 1785 4704 oi

151 4742 379 4810 τυφλοὶ
425 4743 647 4810 γνόντες
698 4743 790 4800 τὸν
841 4742 1068 4814 Κύριον,
1108 4745 1404 4814 ἐδράξαντο
1433 4745 1524 4796 τού
1563 4744 1782 4810 καιροῦ,
1807 4756 1850 4768 ⁷-³

1879 2228 2028 2300 gravi
2067 2227 2305 2296 indigeat
2338 2221 2781 2293 reprehensionis
2810 2225 2990 2291 plaga,
3030 2218 3278 2285 ambitio,
3309 2220 3493 2276 aerius

1878 2338 1974 2377 eos
2003 2317 2350 2390 perstringit,
2384 2326 2437 2370 et
2483 2313 2669 2382 abjicit
2702 2328 2799 2368 eos
2849 2313 2902 2366 in
2936 2311 3240 2368 intidelium
3268 2322 3324 2365 et
3355 2325 3493 2380 gen-

1882 2415 2069 2468 tilium.
2085 2412 2418 2482 portionem,
2453 2405 2672 2472 siinaui
2697 2405 2883 2476 gloria:
2910 2406 3138 2459 studere
3167 2405 3445 2464 voluerint
3471 2423 3486 2457 :

1879 2517 1933 2560 et
1969 2506 2050 2559 sic
2091 2519 2186 2558 eos
2222 2505 2578 2567 adhortatur,
2617 2499 2806 2552 dicens
2841 2514 2858 2552 :
2903 2497 3004 2552 Alii
3040 2498 3259 2566 quidem
3317 2497 3497 2553 homi-

1883 2615 2001 2664 nes,
2035 2599 2161 2668 quia
2203 2603 2418 2664 regunt,
2465 2594 2596 2648 clari
2633 2603 2759 2646 sunt
2793 2609 2808 2645 :
2844 2601 2899 2646 et
2945 2606 3136 2646 amare
3167 2591 3492 2661 primatum.

1882 2693 2164 2762 gentilium
2191 2700 2274 2745 est
2304 2688 2521 2744 alieetio
2546 2704 2561 2752 ;
2585 2700 2744 2740 .meos
2773 2695 2954 2739 autem
2989 2685 3289 2754 discipulos
3313 2685 3497 2739 humi,

1885 2788 2006 2840 litus
2039 2783 2414 2845 commendat,
2446 2790 2500 2834 et
2540 2776 2892 2832 honorabiles
2923 2777 3057 2833 facit
3086 2796 3100 2832 :
3146 2787 3313 2848 atque
3359 2779 3500 2832 adeo

1882 2881 1972 2949 qui
2004 2878 2182 2948 major
2207 2890 2333 2930 esse
2359 2873 2614 2936 voluerit,
2649 2871 2831 2937 debet,
2870 2871 2957 2926 his
2986 2870 3076 2937 qui
3100 2885 3242 2939 opus
3272 2871 3495 2934 habent.

1887 2973 2227 3035 ιιιιιιὶδιτιιιηε,
2287 2969 2340 3022 id
2383 2967 2527 3038 quod
2579 2967 2868 3035 prmeipuze
2920 2965 3251 3019 humilitatis
3285 2976 3392 3030 est,
3439 2975 3498 3019 et

1892 3085 1992 3122 not;
2021 3069 2073 3120 in
2113 3063 2323 3129 meipso
2353 3059 2584 3116 ostendo
2613 3075 2626 3112 :
2667 3072 2791 3112 cum
2822 3058 2967 3114 enim
2997 3058 3101 3112 sint
3139 3059 3398 3128 princeps
3442 3067 3499 3113 et

1891 3183 1981 3219 rex
2021 3165 2352 3226 caelestium,
2390 3159 2674 3213 humiliavi
2707 3156 3111 3224 memetipsum,
3145 3155 3220 3206 ita
3255 3162 3314 3206 ιιι
3343 3154 3499 3207 vobis

1891 3258 2196 3310 ministrent
2243 3253 2310 3307 ad
2344 3251 2612 3314 salutem;
2656 3247 2820 3318 108
2867 3256 2922 3300 et
2971 3246 3024 3299 ιιι
3077 3253 3290 3298 tanttntt
3333 3241 3498 3296 mini~

1888 3361 2055 3405 sti-em
2083 3349 2258 3412 vobis,
2284 3357 2341 3399 ut
2365 3353 2418 3398 ct
2447 3345 2686 3397 animum
2712 3335 2894 3395 meam
2928 3353 3126 3406 ponam
3167 3336 3502 3405 redemptio~

1891 3460 2013 3496 nem
2060 3457 2157 3511 pro
2206 3435 2412 3506 multis,
2468 3441 2571 3492 hoc
2607 3431 2694 3491 est
2741 3434 3000 3492 omnibus
3057 3449 3070 3486 :
3113 3445 3307 3487 omnes
3347 3432 3497 3484 enim

1891 3535 2072 3590 multi.
3163 3515 3165 3518 ί

1961 3628 2127 3683 Vens.
2168 3625 2362 3681 29-51..
2402 3646 2419 3676 ι
2466 3623 2531 3679 Et
2568 3622 2979 3695 egredientibus
3010 3621 3121 3675 illis
3145 3637 3173 3674 a
3213 3619 3499 3686 Hiericho,

1885 3736 2068 3777 secuta
2107 3732 2190 3774 est
2230 3735 2356 3772 eum
2392 3723 2548 3774 turba
2593 3716 2783 3770 multa.
2828 3714 2897 3769 Et
2935 3729 3066 3770 ecce
3104 3714 3212 3768 duo
3245 3712 3374 3766 caeci
3412 3727 3501 3766 se-

1885 3816 2074 3869 dentes
2102 3825 2262 3868 secus
2291 3812 2434 3865 viam
2487 3826 2610 3863 cum
2636 3810 2916 3863 audissent
2947 3808 3093 3877 quod
3126 3805 3289 3862 Jesus
3321 3816 3503 3860 trans~

1888 3913 2014 3976 iret,
2067 3909 2446 3965 clautaverttnt
2493 3908 2774 3962 dicentes:
2828 3903 3095 3958 Miserere
3127 3903 3328 3967 nostri,
3391 3900 3500 3957 Do-

1887 4007 2053 4070 mine,
2095 4003 2170 4057 (ἱιί
2219 4002 2411 4056 David.
2457 4002 2644 4056 Turba
2701 4008 2886 4054 autem
2926 3997 3254 4066 increpabat
3293 4011 3391 4052 eos
3440 4007 3501 4050 ut

1888 4106 2156 4153 tacerent.
2199 4097 2271 4150 At
2314 4095 2402 4156 illi.
2428 4094 2602 4163 magis
2631 4092 2966 4154 clamabant,
2997 4091 3244 4146 dicentes
3282 4109 3297 4145 :
3334 4090 3496 4146 Misc-

1886 4206 2010 4245 rere
2041 4189 2235 4255 nostri,
2288 4189 2536 4253 Domine,
2572 4186 2644 4241 lili
2686 4186 2881 4240 David.
2913 4185 2980 4239 Et
3023 4186 3178 4239 stetit
3217 4184 3398 4250 Jesus,
3421 4199 3498 4239 ac

1886 4285 2103 4337 vocavit
2153 4298 2273 4347 eos,
2321 4292 2377 4336 et
2406 4283 2526 4335 ait:
2560 4281 2702 4348 Quid
2746 4279 2912 4334 vultis
2951 4288 3011 4331 nt
3056 4277 3252 4333 faciam
3298 4279 3499 4333 Vobis?

1889 4373 2088 4430 Dicunt
2137 4372 2218 4429 illi
2257 4372 2553 4437 :Domine,
2607 4381 2668 4425 ut
2725 4369 3048 4440 aperiantur
3096 4368 3240 4423 oculi
3297 4370 3496 4424 nostri.

1888 4471 2146 4526 Misertus
2183 4479 2366 4524 autem
2408 4483 2597 4524 eorum
2627 4465 2810 4532 Jesus,
2849 4465 3028 4536 tetigit
3062 4465 3250 4520 oculos
3283 4483 3501 4531 eorum,

1889 4573 1945 4618 et
1999 4562 2288 4618 confestim
2347 4561 2527 4617 visum
2588 4547 3108 4630 receperunhoculi
3155 4561 3398 4627 illorum,
3446 4571 3504 4617 et

1888 4656 2061 4711 secuti
2112 4663 2239 4710 sunt
2282 4669 2433 4712 eum.
2475 4674 2493 4707 ι
2547 4653 2714 4708 Fatua
2753 4665 3091 4723 agnoverant
3124 4655 3252 4709 calci
3310 4655 3502 4710 Domi-

1853 4742 2045 4816 'num,
2085 4759 2136 4803 et
2170 4750 2546 4804 observabant
2594 4759 2812 4819 tempus
2858 4764 2983 4804 eum
3036 4750 3324 4804 audissent
3355 4749 3500 4819 quod

147 4831 522 4898 ἀκούσαντες
561 4835 678 4923 ’μὲν
717 4835 800 4888 ὅτι
837 4836 1178 4907 παρέρχεται
1215 4837 1315 4906 τὴν
1366 4835 1485 4888 ὀδόν
1517 4853 1531 4868 ι
1559 4836 1776 4889 πιστεύ·

1895 4841 2222 4908 praeteriret.
2265 4839 2634 4895 Crediderunt
2678 4841 3036 4911 autemquod
3085 4838 3390 4912 Jesns(qni
3435 4856 3501 4896 ex

151 4942 380 4990 σαντες
401 4926 478 4993 δὲ,
504 4927 586 4980 ὅτι
623 4927 837 4998 Ἰησοῦς
865 4931 893 4980 ὁ
927 4930 992 4980 ὲκ
1015 4929 1328 5000 σπέρματος
1360 4928 1526 4982 Δαυῖδ
1559 4930 1618 4983 τὸ
1640 4933 1782 4983 κατὰ

151 5020 391 5091 σάρκα,
421 5019 647 5084 δυνατὸς
699 5016 768 5091 ἦν
799 5021 1145 5092 Θεραπεῦσαι
1180 5025 1402 5088 αὐτοὺς,
1441 5024 1517 5088 ὡς
1562 5024 1620 5080 δὲ
1643 5025 1785 5093 ἄγαν

154 5113 386 5185 Θιρμοὶ
423 5114 554 5184 περὶ
579 5113 679 5189 τὴν
713 5115 922 5180 πίστιν,
954 5116 1075 5168 οὐδὲ
1104 5116 1587 5187 ὲπιστομιζὸμενοι
1618 5116 1782 5170 έσιώ·

147 5223 327 5269 πων.
380 5206 521 5260 ἀλλὰ
564 5210 659 5262 καὶ
708 5209 882 5264 πλείω
932 5207 1187 5279 ἔκραζον.
1229 5211 1395 5262 Ὂοεν
1437 5211 1560 5264 οὐδὲ
1603 5212 1784 5283 ἐρωτᾷ

147 5301 386 5365 αὐτοὺς
410 5303 459 5353 εί
494 5302 679 5355 πίστιν
707 5302 944 5372 ἔχουσιν,
989 5301 1128 5354 ἀλλὰ
1169 5303 1222 5355 τί
1264 5301 1533 5368 θέλουσιν,
1587 5304 1674 5358 ῖνα
1709 5306 1783 5374 μή

142 5411 257 5458 τις
303 5393 505 5466 νομίσῃ
540 5394 624 5446 ὅτι
654 5393 790 5446 ἄλλα
837 5392 1185 5463 βουλομένοις
1253 5392 1390 5447 ἄλλα
1431 5394 1638 5447 δίδωσι.
1673 5396 1786 5447 Δείο

147 5481 379 5543 κνυσιν
405 5482 499 5542 οὖν
523 5488 607 5539 ὅτι
630 5487 730 5557 οὐχ
753 5487 945 5544 ἕνεκεν
975 5487 1069 5540 τοῦ
1087 5486 1271 5539 λαϐεῖν
1294 5487 1558 5559 ἀργύριον
1588 5489 1781 5551 ἐϐόων,

144 5579 322 5638 ἀλλὰ
350 5579 444 5633 τοῦ
490 5580 728 5650 ἰαθῆναι.
762 5580 1074 5650 Ἀψάμενος
1111 5579 1168 5632 δὲ
1203 5580 1522 5651 Θεραπεύει,
1560 5580 1645 5633 ἵνα
1677 5581 1785 5650 μά·-

146 5679 394 5747 θωμιεν,
419 5675 502 5727 ὅτι
526 5677 634 5726 πᾶν
669 5676 832 5743 μέλος
863 5675 964 5744 τῆς
995 5675 1159 5743 ἁγίας
1188 5675 1356 5728 αὐτοῦ
1388 5676 1615 5747 σαρκὸς,
1648 5677 1783 5740 ζωο-

145 5772 344 5827 ποιὸν
399 5769 496 5820 καὶ
545 5767 681 5819 Θεοῦ
745 5767 909 5838 μέλος
959 5765 1050 5838 ἢν.
1098 5767 1161 5820 Ei
1213 5767 1271 5820 δὲ
1303 5771 1331 5820 ὁ
1374 5769 1591 5832 Λουκᾶς
1633 5768 1729 5820 καὶ
1760 5769 1788 5820 ὁ

141 5863 416 5930 Μάρκος
441 5857 540 5911 ἕνα
567 5859 788 5926 λέγουσι
823 5859 914 5912 τὸν
943 5858 1169 5927 τυφλὸν,
1197 5858 1353 5912 οὐδὲν
1380 5858 1542 5913 τοῦτο
1579 5859 1787 5928 διαφω-

141 5958 276 6013 νεῖ’
352 5955 555 6006 ἐκεῖνοι
610 5954 721 6026 γὰρ
773 5955 867 6006 τοῦ
921 5955 1356 6025 ἐπιφανεστέρου
1408 5955 1786 6026 ἐμνήσθησαν.

243 6141 302 6172 u
333 6136 466 6192 Luc.
501 6147 658 6196 gem,
685 6131 873 6187 Matth.
912 6150 964 6190 Σ.

1893 4933 2104 4988 semine
2129 4931 2294 4987 David
2321 4935 2619 5009 secundum
2645 4935 2888 5003 carnem)
2918 4943 3101 5003 posset
3126 4949 3323 4988 curare
3353 4932 3498 4988 illos.

1895 5028 1958 5084 Et
1991 5027 2151 5092 plane
2184 5026 2412 5081 multum
2442 5025 2730 5081 fervebant
2777 5026 2904 5091 fide,
2939 5042 3114 5098 neque
3151 5029 3280 5083 dum
3319 5038 3504 5084 tacere

1889 5119 2238 5189 iuberentur,
2282 5120 2545 5183 silebant,
2583 5121 2676 5174 sed
2710 5122 2868 5189 longe
2895 5121 3129 5190 amplius
3159 5120 3499 5178 clamabant.

1902 5212 2055 5267 Unde
2087 5229 2193 5266 non
2246 5213 2601 5282 interrogavit
2635 5213 2754 5266 illus
2809 5229 2876 5265 an
2921 5213 3079 5266 tidem
3115 5214 3372 5278 habeant,
3401 5205 3504 5268 sed

1894 5306 2023 5375 quid
2054 5305 2254 5359 vellent
2289 5323 2300 5357 :
2353 5319 2420 5358 ne
2453 5306 2572 5373 quis
2612 5306 2895 5359 existimet
2925 5304 3071 5374 quod
3113 5304 3219 5358 alia
3266 5305 3361 5359 det
3394 5307 3501 5360 alia

1896 5381 2572 5454 volentibus.'llonstrans
2598 5398 2762 5469 igitur
2792 5399 2936 5467 quod
2968 5414 3074 5452 non
3107 5399 3354 5469 pecuniae
3386 5416 3504 5469 gra-

1900 5491 1970 5545 tia
2003 5493 2068 5544 ad
2103 5509 2162 5546 se
2193 5492 2508 5558 clamat-int,
2541 5495 2635 5547 sed
2668 5503 2725 5545 ut
2760 5503 3047 5554 curentur,
3097 5502 3275 5548 tactos
3304 5503 3500 5561 curat,

1899 5594 1957 5636 ut
1984 5585 2260 5638 discamus
2303 5585 2483 5642 omnia
2512 5601 2623 5638 sua:
2651 5596 2853 5639 sancta:
2887 5587 3070 5640 carnis
3114 5588 3384 5653 membra,
3421 5589 3500 5643 vi-

1898 5677 2051 5731 vilica
2096 5687 2149 5732 et
2185 5677 2277 5732 Dei
2329 5679 2572 5732 membra
2621 5694 2765 5733 esse.
2813 5679 2969 5744 Quod
3005 5689 3186 5735 autem
3242 5682 3416 5736 Lucas
3447 5694 3506 5737 et

1900 5770 2119 5823 Marcus
2152 5785 2320 5824 unum
2372 5770 2563 5824 dicunt
2609 5786 2815 5826 caecum
2876 5770 3066 5837 fuisse,
3131 5790 3238 5827 non
3290 5775 3360 5827 ab
3419 5774 3505 5830 his

1902 5863 2234 5916 dissultat“.
2281 5863 2360 5916 llli
2409 5864 2555 5917 enim
2603 5864 2924 5934 itisignioris
2975 5868 3308 5920 mentionem
3357 5868 3506 5921 fece-

1900 5965 2048 6011 runt.
2091 5955 2184 6010 Vel
2214 5957 2393 6024 aliter,
2427 5957 2602 6010 Lucas
2626 5956 2760 6012 dicit
2790 5959 2935 6033 quod
2960 5968 3258 6032 antequam
3290 5961 3506 6026 veniret
