4030 6668
180 643 283 706 365

838 634 1294 699 Εχειιιιιιτιο
1341 631 1418 691 IN
1458 624 1790 703 eLVANGlil

1901 585 1972 682 ιένι
2016 617 2410 678 MA'l'TH/El.
2452 639 2491 646 ε
2555 615 2715 676 CAP.
2755 615 2884 675 xx.

3393 613 3500 677 366

182 760 460 832 ριεύσυσιν
523 757 723 816 αὐτῶν,
762 757 853 809 καί
895 757 942 807 οί
979 749 1206 822 μεγάλοι
1265 743 1781 811 κατεξουσιάζουσιν

1901 738 2166 790 uiuentur
2196 733 2301 788 illis
2329 749 2341 785 :
2372 744 2427 788 ct
2463 732 2551 803 qui
2584 732 2766 801 magni
2798 738 2947 793 sunt,
2979 737 3305 800 pclestatem
3342 745 3503 786 exer-

179 853 282 907 αὖτ
332 869 383 904 ν.
415 851 528 920 Οὐχ
555 851 726 910 οὕτως
762 849 912 900 ἔσται
1038 845 1187 906 νῗιυιῖν,
1223 839 1410 902 avsa;
1437 837 1530 890 ἐὰν
1561 835 1692 904 θέλῃ
1722 835 1779 885 ἐν

180 945 309 1013 ὑμῖν
346 944 522 1012 μέγας
545 940 824 1009 γενέσθαι,
873 937 1026 989 ἔσται
1063 935 1217 1005 ὑμῶν
1265 933 1539 994 διάκονος,
1576 929 1673 981 καὶ
1721 927 1780 989 ὃς

177 1036 275 1089 ἐὰν
307 1035 438 1108 θέλῃ
472 1036 530 1085 ὲν
565 1034 695 1103 ὑμῖν
723 1026 864 1084 εἶναι
900 1029 1140 1099 πρῶτος,
1185 1027 1342 1078 ἔσται
1375 1022 1530 1092 ὑμῶν
1572 1020 1778 1082 δοῦλοςο

178 1125 370 1198 ὥσπερ
393 1129 420 1179 6
457 1127 582 1189 Υἱὸς
599 1123 694 1177 τοῦ
727 1122 1021 1194 ἀνθρώπου
1075 1121 1173 1172 οὐκ
1200 1115 1334 1188 ἦλθε
1363 1114 1778 1184 διακονηθῆναι,

177 1219 315 1276 ἀλλὰ
348 1218 690 1288 διακονῆσαι,
740 1217 836 1270 καὶ
876 1216 1063 1268 δοῦναι
1116 1216 1211 1283 τὴν
1262 1210 1442 1280 ψυχὴν
1492 1207 1658 1261 αὑτοῦ
1691 1206 1780 1259 λύο

176 1331 306 1384 τρον
362 1314 484 1365 ἀντὶ
534 1311 765 1364 πολλῶν.
808 1331 825 1361 ι
880 1311 1007 1362 Ὀτε
1057 1303 1196 1359 εἶδον
1235 1306 1283 1358 οἱ
1333 1305 1468 1358 δέκα
1516 1301 1644 1365 τοὺς
1687 1299 1784 1352 δύο

177 1405 604 1475 ἐπιτιμηθέντας
654 1406 806 1471 παρὰ
850 1401 944 1454 τοῦ
988 1397 1254 1470 Χριστοῦ,
1317 1398 1441 1450 τότε
1493 1395 1587 1447 καὶ
1627 1391 1783 1444 αὐτοὶ

176 1497 569 1566 ἀγανακτοῦσι,
605 1497 700 1550 καὶ
725 1493 934 1560 ἔδειξαν
967 1494 1049 1546 ὅτι
1085 1493 1179 1545 καὶ
1215 1491 1558 1562 προήχθοντο
1595 1488 1687 1540 ἐπὶ
1717 1487 1782 1556 τῇ

174 1590 382 1642 τούτων
434 1590 590 1659 τιμῇ.
639 1589 762 1640 Ι’ίιίτι
797 1587 902 1658 γὰρ
955 1582 1097 1658 ἦσαν
1139 1586 1374 1646 ἀτελεῖς·
1437 1584 1488 1637 οί
1537 1582 1635 1653 μὲν
1672 1581 1783 1652 γὰρ

176 1680 639 1746 κατεξανῐσταντο
669 1681 781 1734 τῶν
812 1679 966 1733 δέκα·
1006 1680 1058 1731 ul
1087 1679 1144 1732 δὲ
1209 1677 1472 1746 ὲφθὸνουν
1509 1677 1621 1738 τοῖς
1665 1674 1782 1727 δύο.

189 1773 344 1827 Ἐπεὶ
381 1771 473 1826 οὖν
507 1775 554 1825 οί
587 1773 721 1826 δέκα
760 1771 1101 1835 ἀκούσαντες
1132 1768 1574 1840 ἐθορυϐήθησαν,
1612 1780 1786 1835 προσ-

175 1867 429 1920 καλεῖται
476 1867 698 1931 αὐτοὺς,
745 1869 812 1938 τῇ
847 1866 1041 1936 κλήσει
1071 1865 1179 1935 πρὸ
1211 1864 1320 1916 τῶν
1354 1863 1532 1929 λόγων
1584 1859 1786 1923 αὐτοὺς

175 1960 606 2031 καταπραΰνων.
650 1961 760 2014 Kal
795 1959 905 2030 γὰρ
945 1959 994 2010 οί
1043 1957 1140 2011 τοῦ
1193 1956 1486 2010 Ζεδεδαίου
1540 1955 1789 2025 eaeaea-

173 2052 368 2121 γέντες
399 2051 508 2104 τῶν
539 2050 739 2116 ἄλλων,
773 2051 1018 2120 ὡμίλουν
1047 2049 1217 2120 αὖτῷ-
1251 2049 1420 2102 πᾶσιν
1462 2045 1556 2101 οὖν
1593 2044 1789 2107 κοινῶς

1891 839 2052 886 ceaut
2081 830 2132 882 in
2165 843 2279 881 eas.
2316 827 2434 882 Non
2469 827 2539 879 ita
2569 825 2672 880 erit
2705 825 2848 878 inter
2879 837 2998 890 vos,
3042 822 3139 879 sed
3184 824 3500 893 quicunque

1890 922 2129 981 voluerit
2167 921 2309 975 inter
2357 934 2454 975 vos
2491 934 2721 988 magnus
2771 917 2910 980 fieri,
2947 917 3054 972 erit
3102 926 3288 972 vester
3336 917 3500 971 mltll-

1891 1024 2007 1070 ster
2036 1033 2048 1068 :
2083 1023 2137 1068 et
2169 1014 2262 1082 qui
2293 1012 2526 1068 voluerit
2558 1011 2699 1065 inter
2720 1025 2828 1065 vos
2861 1012 3071 1080 primus
3099 1024 3244 1075 esse,
3272 1009 3380 1064 erit
3408 1025 3502 1064 ve-

1890 1117 2004 1162 ster
2047 1120 2245 1160 servus
2279 1121 2293 1159 :
2325 1106 2469 1159 sicut
2501 1102 2674 1158 Fdius
2712 1102 2951 1156 hominis
2981 1116 3090 1154 non
3119 1101 3269 1156 venit
3309 1109 3367 1153 ut
3397 1099 3503 1154 sibi

1891 1200 2319 1261 ministraretur,
2352 1197 2447 1251 sed
2482 1206 2543 1251 ut
2585 1198 2699 1267 ipse
2735 1196 3094 1260 ministraret,
3145 1204 3312 1261 atque
3346 1195 3506 1248 daret

1891 1291 2131 1345 animam
2154 1305 2306 1344 suam
2345 1289 2774 1358 redemptionem
2799 1304 2897 1358 pro
2917 1288 3123 1342 multis.
3154 1307 3172 1339 ι
3213 1287 3317 1344 Ubl
3352 1287 3503 1339 vide-

1893 1396 2012 1438 runt
2049 1385 2234 1437 decem
2269 1383 2405 1437 duos
2434 1383 2554 1436 illos
2583 1398 2611 1434 a
2644 1382 2865 1437 Christo
2898 1382 3232 1448 imzrepatos,
3278 1390 3406 1433 tunc
3442 1386 3496 1433 et

1890 1477 1990 1545 ipsi
2027 1474 2292 1544 indignati
2327 1485 2480 1538 sunt,
2507 1482 2562 1528 et
2610 1478 2971 1528 ostenderunt
3001 1488 3059 1525 se
3087 1479 3395 1526 commotos
3424 1471 3496 1526 ob

1892 1574 2119 1625 istorum
2172 1569 2459 1623 honorem.
2504 1568 2697 1622 Adhuc
2750 1567 2898 1621 enini
2949 1577 3104 1620 erant
3139 1565 3444 1634 imperfecti
3485 1583 3500 1619 :

1891 1681 2014 1718 nam
2047 1662 2121 1717 illi
2160 1664 2422 1718 adversus
2456 1663 2643 1717 decem
2680 1661 3057 1727 insurgebanl,
3104 1660 3156 1713 hi
3200 1673 3331 1713 vero
3364 1658 3503 1713 duo-

1892 1757 1992 1810 bus
2023 1754 2361 1809 invidebant.
2416 1753 2713 1824 Postquam
2758 1753 2924 1821 igitur
2951 1753 3142 1805 dccz-m
3187 1750 3271 1805 his
3303 1749 3510 1804 auditis

1893 1847 2096 1902 turbati
2147 1845 2388 1911 fuerunt,
2423 1845 2653 1901 arcessit
2699 1844 2842 1909 illos,
2888 1843 3175 1897 vocatione
3220 1852 3350 1898 ante
3389 1856 3512 1896 ser-

1894 1959 2114 2000 monem
2146 1958 2243 1999 eos
2284 1939 2626 1996 demulcens.
2671 1935 2891 1990 Etenim
2923 1935 3017 1989 lilii
3050 1934 3302 1990 Zeliedzci
3331 1933 3509 1989 avulsi

1894 2039 1961 2092 ali
1994 2037 2118 2092 aliis
2151 2035 2626 2091 conversabantur
2660 2045 2784 2084 cum
2837 2029 2976 2099 ipso.
3011 2026 3280 2084 Omnibus
3323 2029 3511 2099 itaque

174 2119 387 2214 δμιλεῖ.
431 2143 598 2208 Εἰδὼς
651 2145 760 2216 γὰρ
810 2119 1139 2214 τυραννικὸν
1174 2119 1244 2196 τὸ
1292 2141 1660 2212 φιλόπρωτον,
1695 2138 1790 2190 καὶ

1901 2130 2057 2188 simul
2088 2130 2351 2199 loquitur.
2380 2126 2573 2181 Sciens
2598 2126 2746 2180 enim
2792 2138 2956 2192 quam
2991 2122 3063 2176 sit
3112 2122 3422 2193 tyrannica,
3454 2130 3510 2178 et

179 2243 551 2314 0:;05p01épa;
613 2240 871 2308 δεόμενον
951 2236 1192 2305 πληγῆς,
1254 2233 1556 2305 βαθύτερον
1607 2231 1788 2288 αὐτῶν

177 2335 528 2390 καθικνεῖται
555 2337 634 2396 είς
656 2336 756 2402 τὴν
787 2332 900 2385 τῶν
927 2331 1160 2383 ἐθνικῶν
1189 2329 1285 2383 καὶ
1314 2329 1564 2383 ἀπίστων
1589 2331 1788 2398 μοῖραν

175 2427 384 2489 αὐτοὺς
410 2426 794 2498 ἀπορρίπτων,
814 2424 864 2475 εί
891 2421 1190 2490 φιλοδοξεῖν
1217 2421 1444 2474 θέλοιεν.
1475 2420 1584 2473 Καὶ
1616 2417 1790 2483 οὕτως

174 2518 387 2580 αὐτοὺς
424 2517 710 2588 ἐντρέπει,
751 2517 1002 2584 φάσκωνο
1045 2516 1109 2566 Ol
1143 2513 1243 2584 μὲν
1284 2513 1433 2566 ἄλλοι
1483 2510 1786 2583 ἄνθρωποι,

175 2611 324 2667 διότι
371 2613 626 2682 ἄρχουσι,
686 2607 1153 2680 λαμπρύνονταν
1228 2607 1323 2660 καὶ
1372 2609 1434 2659 τὸ
1485 2608 1616 2677 ὲρᾷν
1681 2606 1790 2657 τῶν

178 2703 496 2773 πρωτείων,
529 2701 640 2754 τῶν
679 2701 914 2754 ἐθνικῶν
942 2703 1061 2753 ἐστι
1099 2699 1294 2762 πάθοςυ
1336 2703 1383 2752 οἱ
1414 2699 1473 2752 δὲ
1525 2700 1649 2766 ἐμοὶ
1686 2718 1791 2768 μλ-

176 2797 370 2869 θηταὶ,
401 2797 509 2850 ἀπὸ
535 2795 924 2859 ταπεινώσεως
970 2795 1261 2865 τιμῶνταιο
1298 2794 1439 2846 ὥστε
1473 2795 1569 2844 καὶ
1602 2795 1629 2844 ὁ
1673 2791 1792 2861 μεί-

177 2887 298 2953 ζων
326 2886 498 2940 θέλων
532 2883 697 2953 εἶναι,
730 2884 939 2954 ὀφείλει
989 2885 1262 2938 διακονεῖν
1309 2887 1422 2946 τοῖς
1467 2883 1757 2935 ὑποδεεστέ

179 2995 328 3050 ροις.
359 2979 498 3051 ὅπερ
527 2980 624 3050 τῆς
654 2979 832 3050 ἄκρας
871 2979 988 3031 ἐστὶ
1004 2978 1414 3039 ταπεινώσεως.
1452 2978 1540 3030 Ἑν
1569 2976 1792 3048 ἐμαυῖῴ

172 3075 242 3130 δὲ
267 3073 429 3126 τοῦτο
456 3074 729 3143 δείκνυμι,
757 3073 815 3135 ὃς
845 3072 1033 3145 ἅρχων
1074 3072 1150 3124 ὣν
1179 3073 1271 3125 καὶ
1303 3070 1560 3142 βασιλεὺς
1590 3089 1620 3124 τ
1672 3089 1700 3122 ν
1735 3072 1792 3124 ὲν

176 3165 462 3236 οὐρανοῖς,
493 3163 836 3219 έταπείνωσα
869 3163 1130 3232 ἐμαυτὸν,
1162 3164 1506 3234 διακονήσων
1550 3163 1682 3232 ὑμῖν
1712 3164 1792 3224 εἰς

173 3258 289 3331 τὴν
319 3258 598 3329 σωτηρίαν
621 3273 637 3286 ο
679 3257 776 3310 καὶ
806 3256 1066 3310 τοσοῦτον
1105 3256 1416 3313 δουλεύσων
1463 3257 1616 3327 ύμῖν,
1650 3256 1792 3310 ὥστε

176 3349 287 3404 καὶ
315 3350 415 3421 τὴν
441 3347 619 3419 ψυχὴν
646 3347 828 3405 δοῦναι
857 3347 1054 3416 λύτρον
1087 3349 1211 3402 ἀντὶ
1245 3347 1482 3413 πολλῶν,
1519 3349 1791 3413 τουτέστι,

175 3443 436 3499 πάντων·
478 3444 528 3494 οἱ
551 3442 660 3514 γὰρ
686 3441 911 3506 πάντες,
940 3440 1149 3496 πολλοί.

265 3640 285 3675 ι
327 3622 440 3680 Kal
489 3621 948 3692 ἐκπορευομένων
980 3622 1160 3679 αὐτῶν
1210 3623 1322 3675 ἀπὸ
1385 3623 1618 3694 ἰεριχὼ,
1657 3624 1793 3691 ἡκο-

170 3715 458 3786 >.ούθησεν
504 3717 658 3788 αὐτῷ
695 3717 851 3786 ὄχλος
903 3716 1090 3780 πολύς.
1142 3719 1251 3769 Kal
1291 3717 1401 3771 ίδοὺ
1459 3719 1554 3770 δύο
1600 3720 1794 3785 τυφλοὶ

171 3809 494 3880 καθήμενοι
541 3812 696 3882 παρὰ
740 3809 840 3881 τὴν
879 3809 1019 3874 ὁδὸν,
1059 3808 1397 3874 ἀκούσαντες
1443 3813 1525 3864 ὅτι
1585 3810 1793 3879 Ἰησοῦς

167 3903 454 3975 παράγει,
487 3902 727 3974 ἔκραξαν
771 3904 1049 3971 λέγοντες·
1090 3904 1350 3973 Ἐλέησον
1392 3904 1566 3972 ἡμᾶς,
1596 3902 1792 3973 Κύριε,

168 3997 308 4059 υἱὸς
351 3995 537 4048 Δαυῖδ.
579 3995 638 4048 '0
665 3997 723 4049 δὲ
765 3996 922 4067 ὄχλος
967 3996 1304 4068 ἐπετίμησεν
1326 3997 1512 4060 αὐτοῖς
1550 3996 1635 4048 ἵνα
1665 4013 1794 4048 σιω·

167 4090 467 4160 στήσωσιν.
499 4089 563 4142 Οί
591 4088 646 4141 δὲ
688 4089 876 4160 μεῖζον
922 4088 1179 4158 ἔκραζον,
1209 4088 1485 4156 λέγοντεςο
1538 4088 1795 4158 Ἐλέησον

169 4181 369 4256 ἡμᾶς,
399 4179 596 4252 Κύριε,
634 4181 746 4242 υίὸς
777 4181 963 4237 Δαυῒδ.
992 4181 1105 4233 Kal
1123 4181 1255 4243 στας
1279 4182 1308 4232 6
1345 4181 1552 4252 Ἰησοῦς
1580 4181 1795 4249 ἐφώνη-

169 4291 286 4328 σεν
313 4273 536 4339 αὐτοὺς,
562 4275 657 4326 καὶ
693 4271 840 4326 εἶπε’
880 4273 947 4326 Τί
989 4274 1174 4329 Θέλετε
1219 4276 1434 4342 ποιήσω
1486 4274 1614 4342 ὑμῖν
1643 4289 1658 4336 ;
1690 4273 1795 4326 Λέ-

167 4383 383 4436 γουσιν
405 4365 576 4436 αὐτῷ’
611 4366 807 4440 Κύριε,
847 4367 934 4421 ἵνα
961 4367 1287 4438 ἀνοιχθῶσιν
1325 4368 1482 4439 ημῶν
1516 4369 1567 4419 ot
1595 4366 1796 4436 ὀφθαλ-

168 4459 308 4531 μοί.
356 4458 792 4531 Σπλαγχνισθεὶς
820 4460 878 4514 δὲ
914 4463 940 4514 ὁ
983 4460 1216 4530 Ἰησοῦς,
1245 4460 1426 4533 ἥψατο
1459 4461 1566 4515 τῶν
1593 4460 1796 4529 ὀρθαὶ.-

166 4551 314 4627 μῶν
342 4552 549 4619 αὐτῶν,
580 4554 676 4606 καὶ
703 4553 907 4614 εὐθέω;
959 4554 1261 4626 ἀνέϐλεψαν
1298 4553 1482 4608 αὐτῶν
1515 4555 1564 4608 οἱ
1598 4555 1800 4623 eam.

167 4646 316 4718 μοὶ,
345 4647 445 4698 καὶ
481 4646 862 4718 ἠκολούθησαν
897 4647 1068 4719 αὐτῷ.
1130 4667 1147 4699 ι
1218 4649 1352 4701 Ἀπὸ
1393 4649 1490 4718 τῆς
1527 4649 1718 4718 φήμης
1751 4648 1800 4700 al

160 4739 392 4808 τυφλοὶ
438 4739 662 4807 γνόντες
712 4741 804 4797 τὸν
856 4739 1083 4811 Κύριον,
1123 4741 1418 4811 ἐδράξαντο
1447 4741 1539 4793 τοῦ
1578 4741 1862 4807 καιροῦ,

1824 3499 1870 3558 C

1893 2225 2042 2296 gravi
2081 2224 2320 2293 indigeat
2353 2217 2796 2290 reprehensionis
2825 2221 3005 2288 plaga,
3045 2215 3293 2281 ambitio,
3323 2216 3508 2272 aerius

1891 2334 1988 2373 eos
2017 2314 2364 2386 perstringit,
2398 2322 2452 2367 et
2498 2309 2684 2378 abiicit
2717 2324 2814 2364 eos
2865 2309 2917 2363 iu
2951 2307 3254 2364 infidelium
3283 2318 3339 2361 et
3370 2321 3508 2376 gen-

1896 2411 2083 2464 tilium-
2099 2408 2432 2479 portionem,
2468 2401 2687 2468 siinani
2712 2401 2898 2472 gloriae
2925 2402 3152 2456 studere
3182 2400 3460 2460 voluerint
3486 2418 3500 2452 :

1893 2514 1947 2556 et
1983 2502 2064 2556 sic
2105 2515 2201 2554 eos
2237 2501 2593 2564 adhortatur,
2632 2495 2821 2549 dicens
2856 2511 2874 2548 :
2918 2493 3019 2547 Alii
3055 2493 3273 2563 quidem
3332 2492 3512 2549 homi-

1896 2612 2015 2662 nes,
2050 2595 2176 2664 quia
2218 2600 2433 2660 regunt,
2479 2590 2611 2644 clari
2647 2598 2774 2642 sunt
2809 2605 2822 2641 :
2859 2597 2914 2642 et
2959 2602 3150 2642 amare
3182 2587 3507 2657 primatum,

1895 2689 2179 2759 gentilium
2205 2696 2290 2742 est
2318 2684 2536 2741 all'ectio
2560 2701 2576 2748 ;
2600 2697 2759 2736 meos
2788 2692 2970 2735 autem
3005 2681 3304 2750 discipulos
3328 2681 3512 2735 humi.

1898 2784 2020 2836 liias
2053 2780 2429 2842 connuendat,
2461 2785 2515 2831 et
2554 2773 2906 2829 honorabiles
2937 2773 3072 2828 facit
3101 2792 3115 2828 :
3161 2783 3328 2844 atque
3373 2776 3514 2828 adeo

1896 2877 1986 2946 qui
2019 2874 2196 2944 major
2221 2886 2348 2929 esse
2375 2870 2629 2933 voluerit,
2663 2867 2846 2933 debet,
2871 2866 2971 2922 his
3000 2866 3091 2933 qui
3115 2882 3256 2935 opus
3287 2866 3510 2931 habent,

1901 2970 2242 3031 titilllslrztrc,
2301 2965 2355 3018 id
2397 2964 2542 3034 quod
2593 2963 2883 3031 prmeipuae
2934 2961 3266 3015 humilitatis
3299 2973 3407 3027 est,
3453 2971 3513 3015 et

1905 3082 2006 3118 ωηο
2035 3065 2087 3118 in
2127 3061 2338 3126 meipso
2368 3056 2599 3113 omendo
2627 3071 2642 3108 :
2682 3069 2806 3108 cum
2837 3054 2982 3110 enim
3012 3055 3116 3109 sint
3153 3055 3413 3125 princeps
3457 3063 3514 3109 et

1905 3179 1995 3216 rex
2035 3162 2367 3223 caelestium,
2406 3156 2688 3210 humiliavi
2721 3153 3126 3222 memetipsum,
3160 3151 3235 3203 ita
3270 3159 3329 3202 nt
3358 3150 3514 3204 vobis

1905 3254 2210 3307 ministrent
2258 3250 2325 3304 ad
2359 3248 2627 3311 salutem;
2671 3244 2836 3316 108
2882 3253 2936 3296 et
2986 3243 3039 3296 in
3091 3249 3305 3295 tantum
3348 3237 3513 3292 mini-

1903 3358 2069 3402 sti-em
2097 3347 2273 3409 vobis,
2299 3354 2356 3396 ut
2380 3351 2434 3395 et
2461 3341 2701 3394 animam
2726 3331 2908 3392 meam
2943 3350 3142 3403 ponam
3182 3333 3517 3402 redemptio~

1906 3457 2028 3493 nem
2074 3455 2171 3508 pro
2221 3437 2427 3503 inultis,
2483 3439 2586 3490 boc
2621 3429 2708 3487 est
2756 3431 3015 3488 Omnibus
3071 3447 3085 3482 :
3128 3441 3322 3483 omnes
3363 3429 3512 3481 enim

1905 3532 2086 3588 multi.
3176 3511 3181 3515 δ

1977 3624 2142 3679 Vens.
2183 3623 2377 3678 29—51..
2417 3644 2434 3674 ι
2481 3621 2546 3676 Ει
2583 3619 2993 3692 egredientibus
3024 3618 3188 3673 illisa
3229 3616 3514 3684 Hiericho,

1900 3734 2083 3773 secuta
2121 3729 2206 3771 est
2246 3732 2370 3769 eum
2407 3720 2563 3771 turba
2607 3713 2797 3767 multa.
2842 3712 2911 3766 Ει
2950 3727 3081 3767 ecce
3119 3713 3227 3766 duo
3260 3710 3388 3764 czeci
3427 3724 3515 3764 se~

1899 3813 2089 3866 dentes
2117 3824 2276 3866 secus
2306 3809 2449 3862 viam
2502 3823 2624 3860 cum
2651 3807 2930 3860 audissent
2961 3805 3108 3874 quod
3141 3803 3304 3859 Jesus
3336 3812 3517 3855 παυς-ι

1903 3910 2028 3974 iret,
2082 3906 2460 3962 clamavernnt
2507 3905 2788 3958 (licentes:
2843 3900 3110 3955 Miserere
3142 3899 3342 3963 nostri,
3406 3897 3514 3954 Do-

1902 4003 2068 4067 mine,
2110 4000 2186 4054 tili
2235 3999 2426 4052 David.
2471 3999 2658 4052 Turba
2715 4005 2901 4051 autem
2940 3995 3268 4064 increpabat
3306 4008 3404 4049 eos
3455 4003 3514 4047 ut

1903 4103 2171 4149 tacerent.
2214 4094 2286 4147 At
2329 4091 2418 4152 illi,
2442 4090 2617 4160 magis
2645 4089 2980 4151 clamabant,
3011 4088 3258 4143 dicentes
3296 4105 3311 4142 :
3348 4087 3510 4143 Misc-

1902 4202 2025 4242 rere
2055 4185 2250 4252 nostri,
2303 4185 2551 4250 Domine,
2587 4182 2660 4237 (ili
2701 4182 2895 4236 David.
2927 4181 2995 4236 Et
3038 4182 3193 4236 stetit
3231 4180 3512 4247 Jesus,rac

1901 4281 2117 4335 vocavit
2167 4295 2287 4343 eos,
2336 4289 2391 4333 et
2420 4279 2540 4332 ait:
2575 4277 2718 4344 Quid
2761 4275 2926 4330 vultis
2965 4285 3025 4327 ut
3071 4273 3267 4329 faciam
3312 4276 3512 4330 vobis?

1904 4369 2103 4426 Dicunt
2151 4368 2232 4426 illi
2271 4369 2568 4433 :Domine,
2624 4377 2683 4420 ut
2740 4365 3062 4435 aperiantur
3111 4364 3255 4419 oculi
3312 4367 3510 4422 nostri.

1904 4468 2160 4523 Misenus
2197 4476 2380 4521 autem
2422 4480 2612 4520 eorum
2641 4461 2824 4527 Jesus,
2864 4461 3043 4532 tetigit
3077 4461 3266 4517 oculos
3298 4479 3515 4529 eorum,

1903 4570 1960 4614 et
2014 4558 2302 4614 confestim
2361 4558 2541 4613 visum
2602 4543 3123 4626 receperuntLoculi
3170 4557 3414 4624 illorum,
3461 4569 3518 4613 et

1904 4652 2077 4708 secuti
2127 4659 2253 4706 sunt
2296 4665 2447 4708 eum.
2490 4670 2508 4703 ι
2561 4648 2728 4704 Fama
2768 4662 3107 4719 agnoverant
3140 4652 3268 4705 caeci
3326 4651 3517 4706 Domi-

1869 4741 2060 4811 'num,
2099 4756 2151 4799 et
2184 4745 2560 4800 observabant
2609 4755 2827 4815 tempus
2873 4760 2999 4800 cum
3051 4746 3339 4800 audissent
3371 4746 3516 4815 quod

158 4828 537 4895 ἀκούσαντες
577 4832 692 4919 ,μὲν
731 4833 814 4885 ὅτι
852 4833 1192 4915 παρέρχεται
1229 4834 1330 4902 τὴν
1380 4832 1500 4885 ὁδόν
1531 4849 1546 4864 -
1575 4833 1790 4884 πιστεύ-

1910 4837 2236 4904 praeteriret.
2279 4835 2648 4891 Crediderunt
2693 4849 2876 4892 autem
2907 4837 3051 4906 quod
3101 4834 3405 4908 Jesus(qui
3450 4853 3517 4892 ex

159 4939 392 4986 σαντες
414 4923 493 4989 δὲ,
518 4923 601 4977 ὃτι
638 4923 851 4994 Ἰησοῦς
879 4928 908 4977 ὁ
942 4927 1006 4977 ὲκ
1029 4925 1343 4996 σπέρματος
1375 4925 1541 4979 Δαυῖδ
1573 4927 1634 4980 τὸ
1655 4929 1797 4979 κατὰ

161 5019 404 5088 σάρκα,
433 5017 662 5081 δυνατὸς
713 5013 783 5089 ἦν
813 5018 1160 5089 θεραπεῦσαι
1194 5022 1417 5084 αὐτοὺς.
1456 5021 1532 5084 ὼς
1578 5020 1636 5075 δὲ
1659 5022 1800 5089 ἄγαν

161 5110 400 5182 θερμοὶ
437 5111 569 5180 περὶ
594 5110 694 5185 τὴν
727 5113 937 5177 πίστιν,
968 5112 1090 5165 οὐδὲ
1118 5113 1602 5184 ὲπιστομιζόμενοι
1633 5114 1796 5166 ἐσιώ-

153 5221 338 5267 πων,
393 5203 535 5258 ἀλλὰ
579 5207 674 5259 καὶ
723 5207 896 5260 πλείω
947 5203 1201 5276 ἔκραζον.
1244 5207 1410 5260 Ὅθεν
1452 5207 1575 5260 οὐδὲ
1618 5209 1799 5279 ἐρωτᾷ

153 5298 400 5362 αὐτοὺς
424 5300 474 5350 εί
509 5298 693 5351 πίστιν
721 5299 959 5369 ἔχουσιν,
1003 5299 1142 5351 ἀλλὰ
1183 5300 1236 5352 τί
1279 5298 1548 5364 θέλουσιν,
1603 5300 1689 5354 ἵνα
1724 5303 1797 5370 μή

149 5410 267 5456 τις
314 5389 520 5462 νομίσῃ
555 5391 638 5443 ὅτι
668 5389 804 5442 ἄλλα
851 5389 1199 5459 βουλομένοις
1267 5389 1404 5444 ἄλλα
1446 5391 1653 5444 δίδωσι.
1689 5392 1801 5443 Δεί-

151 5479 394 5543 κνῡσιν
419 5480 514 5538 οὖν
537 5485 621 5536 ὃτι
645 5484 745 5554 οὐχ
767 5483 960 5541 ἕνεκεν
989 5484 1084 5537 τοῦ
1102 5483 1285 5535 λαϐεῖν
1309 5484 1573 5554 ἀργύριον
1603 5484 1796 5546 ἐϐόων,

149 5578 332 5638 ἀλλὰ
363 5576 458 5630 τοῦ
505 5577 742 5647 ἰαθῆναι.
777 5576 1089 5646 ’Δψάμενος
1126 5576 1183 5629 δὲ
1219 5576 1536 5648 θεραπεύει,
1575 5576 1660 5629 ἵνα
1691 5578 1800 5646 μά-

151 5678 407 5746 θωμεν.
432 5672 516 5724 ὅτι
541 5673 650 5723 πᾶν
684 5672 847 5740 μέλος
878 5672 979 5741 τῆς
1011 5671 1173 5739 ἁγίας
1203 5672 1370 5725 αὑτοῦ
1403 5673 1630 5744 σαρκὸς,
1663 5673 1799 5737 ζωο-

149 5771 356 5828 ποιὸν
413 5766 511 5818 καὶ
560 5764 696 5816 Θεοῦ
760 5763 924 5834 μέλος
974 5762 1065 5834 ἦν.
1112 5763 1176 5816 El
1228 5763 1286 5816 δὲ
1317 5767 1346 5817 6
1389 5766 1605 5828 Λουκᾶς
1649 5765 1744 5817 καὶ
1775 5765 1803 5817 6

143 5862 430 5930 Μάρκος
455 5854 554 5907 ἕνα
584 5855 803 5922 λέγουσι
838 5856 930 5908 τὸν
958 5855 1184 5922 τυφλὸν,
1213 5853 1368 5908 οὐδὲν
1395 5854 1556 5908 τοῦτο
1593 5855 1801 5924 διαφω-

146 5958 280 6014 νεῖο
364 5952 570 6004 ἐκεῖνοι
626 5950 738 6023 γὰρ
789 5951 882 6003 τοῦ
936 5950 1372 6021 ὲπιφανεστέρου
1423 5951 1801 6022 ἐμνήσθησαν.

244 6142 304 6173 ια
333 6135 479 6192 Luc,
515 6143 676 6191 XVIII,
703 6127 889 6183 ΜιιιιΙι.
927 6146 979 6186 S.

1908 4929 2118 4984 semine
2143 4927 2308 4982 David
2335 4931 2633 5004 secundum
2659 4930 2903 4998 carnem)
2933 4939 3117 4999 posset
3141 4944 3338 4984 curare
3369 4928 3513 4983 illos.

1909 5025 1973 5082 Et
2006 5023 2165 5089 plane
2199 5022 2426 5078 multum
2457 5022 2745 5078 fervebant
2791 5022 2919 5088 fide,
2955 5038 3130 5094 neque
3167 5024 3295 5078 dum
3335 5033 3519 5079 tacere

1903 5117 2253 5186 iuberentur,
2297 5116 2559 5180 silebant,
2597 5118 2691 5171 sed
2724 5117 2883 5185 longe
2910 5117 3144 5185 amplius
3175 5116 3515 5172 clamabant.

1916 5209 2070 5264 Unde
2101 5224 2207 5263 non
2260 5209 2616 5278 interrogavit
2650 5208 2769 5261 illos
2823 5224 2891 5261 an
2937 5209 3094 5262 [idem
3130 5209 3388 5273 habeant,
3415 5199 3521 5264 sed

1909 5302 2037 5372 quid
2068 5301 2268 5355 vellent
2303 5320 2314 5353 :
2366 5316 2434 5376 ne
2467 5302 2587 5370 quis
2626 5302 2910 5355 existimet
2940 5300 3086 5370 quod
3128 5300 3235 5354 alia
3282 5301 3376 5355 det
3409 5303 3516 5356 alia

1911 5393 2586 5450 volentibus.Monstrans
2612 5394 2777 5465 igitur
2806 5395 2950 5464 quod
2983 5410 3088 5448 non
3121 5394 3370 5465 pecunia:
3401 5412 3520 5464 gra-

1914 5488 1984 5541 tia
2018 5490 2082 5540 ad
2117 5505 2176 5542 sc
2207 5488 2522 5554 clamarint,
2556 5491 2649 5542 sed
2682 5498 2739 5541 ut
2775 5499 3063 5551 curentur,
3111 5499 3290 5543 tactos
3319 5498 3516 5557 curat,

1913 5590 1972 5632 ut
1998 5581 2273 5634 discamus
2316 5581 2496 5638 omnia
2526 5597 2637 5635 sua:
2665 5592 2868 5635 sancta:
2901 5583 3085 5637 carnis
3129 5585 3400 5649 membra,
3436 5561 3539 5639 vi?

1913 5672 2066 5726 vilica
2111 5683 2164 5728 ct
2200 5673 2292 5728 Dei
2343 5676 2586 5729 membra
2636 5690 2780 5729 esse.
2828 5675 2984 5740 Quod
3020 5684 3201 5730 autem
3256 5678 3431 5732 Lucas
3462 5691 3521 5733 et

1913 5766 2133 5819 Marcus
2167 5781 2334 5819 unum
2386 5767 2576 5820 dicunt
2623 5782 2830 5822 caecum
2891 5766 3081 5832 fuisse,
3145 5784 3254 5822 non
3305 5771 3374 5822 ab
3434 5770 3520 5825 his

1916 5858 2248 5912 dissonat“.
2295 5859 2375 5912 llli
2423 5860 2569 5913 enim
2617 5859 2939 5930 insignioris
2990 5862 3323 5915 intentionem
3372 5863 3520 5916 fece-

1914 5960 2062 6006 runt.
2105 5951 2198 6006 Vel
2227 5952 2407 6020 alitur,
2442 5951 2616 6005 Lucas
2641 5952 2775 6008 dicit
2805 5955 2949 6030 quod
2975 5963 3274 6026 antequam
3306 5956 3520 6020 venire:
