4030 6636
172 615 271 677 36'l

815 595 1258 660 ENARRATIO
1298 594 1382 654 IN
1422 590 1757 652 EVANGEL

1867 589 1920 649 Μ
1957 584 2340 649 ΜΑΤΤΗΔΞΙ.
2381 609 2450 620 -
2488 583 2647 644 CAP.
2688 580 2843 642 XXI.

3337 576 3446 640 ΠΟ

173 728 355 795 ἱμάτια
388 718 588 782 αὐτῶν,
617 716 709 770 καὶ
740 712 991 767 ἐκάθισεν
1024 701 1210 762 ἐπάνω
1242 704 1441 759 αὐτῶν.
1486 723 1504 755 ι
1558 704 1614 755 Ὀ
1650 700 1749 768 μὲν

1867 711 1903 753 ξι
1939 700 2276 755 collocarunt
2311 711 2433 753 eum
2481 709 2643 764 super
2688 692 2801 747 illa.
2848 709 2865 742 ι
2906 690 3081 745 Lucas
3130 688 3347 758 quidem
3384 699 3440 742 et

171 791 380 878 Ᾰονκᾶς
410 812 505 866 καὶ
536 813 564 864 6
594 809 819 877 Μάρκος
856 800 1148 868 ὑποζύγιον
1193 798 1351 869 μόνον
1385 791 1558 849 εἶπον.
1594 795 1747 847 Ματ-

170 912 311 969 θσιῖος
332 908 388 959 δὲ
412 904 533 957 δνον
572 900 667 954 καὶ⁵
698 897 893 960 πῶλον,
927 895 1029 947 οὐκ
1073 890 1293 944 ὲναντία
1317 888 1589 955 λέγοντες·
1620 887 1751 952 ἁγο-

173 1002 311 1071 μένῳ
337 1000 447 1066 γὰρ
467 995 545 1067 τῷ
570 992 731 1062 πώλῳ
748 984 1132 1057 συνηκολούθει
1153 984 1292 1053 καὶὴ
1321 983 1523 1051 μήτηρ.
1557 976 1751 1033 Ἐκάθ-

171 1069 245 1145 ισε
278 1069 336 1143 δὲ
366 1088 551 1142 ἐπάνω
579 1083 777 1145 αὐτῶν,
810 1080 931 1149 οὐχὶ
965 1077 1073 1131 τῶν
1108 1076 1202 1129 δύο
1233 1073 1570 1141 ὑποζυγίων,
1606 1069 1746 1124 ἀλλὰ

166 1184 270 1237 τῶν
314 1179 566 1249 ἱματίων·
596 1176 629 1247 ἢ
664 1173 878 1244 πρῶτον
921 1171 1019 1240 μὲν
1053 1167 1309 1221 ἐκάθισεν
1341 1165 1435 1217 ἐπὶ
1469 1164 1567 1232 τῆς
1600 1161 1745 1225 δνου,

168 1272 282 1330 εἶτα
333 1275 425 1327 καὶ
468 1272 561 1325 ἰπὶ
603 1267 696 1322 τοῦ
752 1265 953 1319 πώλου.
1010 1260 1164 1315 Ἐπεὶ
1195 1260 1289 1313 καλ⁹
1330 1258 1545 1329 πρῶτον
1580 1257 1737 1309 ἐπαν-

166 1367 442 1424 επαύσατο
471 1368 536 1436 τῇ
566 1362 676 1416 τῶν
721 1358 994 1413 Ἰουδαίων
1045 1354 1375 1422 συναγωγῇ,
1429 1345 1549 1403 εἶτα
1582 1346 1659 1417 τῷ
1688 1345 1749 1411 ἐξ

166 1456 332 1511 ἐθνῶν
360 1454 495 1523 λαῷ.

238 1570 256 1603 ι
304 1551 361 1603 '0
386 1550 441 1602 δὲ
466 1546 716 1604 πλεῖστος
747 1540 901 1611 δχλος
932 1538 1212 1607 ἔστρωσαν
1239 1533 1423 1588 αὐτῶν
1455 1531 1524 1585 τὰ
1558 1531 1749 1600 ίμάτια

167 1642 220 1694 ὲν
237 1643 305 1711 τῇ
329 1639 453 1706 ὁδῷ·
480 1635 628 1691 ἄλλοι
649 1632 705 1685 δὲ
729 1631 957 1683 ἔκοπτον
978 1626 1208 1688 κλάδους
1231 1624 1340 1677 ἀπδ
1362 1621 1470 1675 τῶν
1492 1620 1749 1691 δένδρων,

168 1731 260 1785 xxi.
286 1726 624 1800 ἐστρώννυον
657 1724 715 1774 ὲν
736 1724 802 1791 τῇ
836 1719 961 1789 όδῷ·
990 1719 1040 1771 οἱ
1072 1716 1129 1770 δὲ
1160 1716 1307 1786 δχλοι
1333 1715 1380 1767 οἱ
1413 1713 1749 1782 προάγοντες

170 1824 255 1875 καὶ
277 1821 328 1874 ot
354 1813 798 1875 ἀκολουθοῦντες,
823 1810 1055 1879 ἔκραζον
1080 1807 1331 1875 λέγοντες
1350 1821 1365 1835 ·
1412 1803 1644 1856 Ὡσαννὰ
1672 1800 1750 1868 τῷ

166 1912 264 1984 υίῷ
293 1910 477 1964 Δαυῖδ·
516 1903 878 1975 εὐλογημένος
913 1903 941 1954 6
977 1899 1269 1971 ἐρχόμενος
1299 1899 1357 1951 ὲν
1384 1896 1610 1965 όνὸματι
1639 1896 1751 1947 Κυ-

169 2005 303 2075 ρίου·
333 2000 553 2056 ὡσαννά
580 2001 637 2050 ὲν
652 1999 763 2060 τοῖς
789 1995 1059 2064 ὑψίστοις.
1103 2010 1120 2044 ι
1162 1990 1321 2044 Κατά
1352 1989 1451 2059 μὲν
1475 1988 1573 2058 τὴν
1602 1988 1749 2038 ίστο-

168 2096 305 2167 ρίαν,
325 2092 529 2163 πολλὴν
546 2090 710 2160 τιμήν
736 2086 988 2157 ἐμφαίνει
1013 2086 1043 2154 ή
1064 2084 1172 2136 τῶν
1200 2081 1433 2152 ίματίων
1465 2079 1749 2148 ύπόστρω-

168 2203 269 2251 σις,
301 2184 399 2239 καὶ
431 2182 541 2235 τῶν
572 2180 781 2234 κλάδων
822 2179 856 2247 ἡ
890 2175 1051 2245 τομὴ,
1086 2171 1446 2242 πανηγύρεως
1481 2169 1707 2233 ἔνδειξις
1729 2184 1743 2197 ·

167 2278 307 2331 κατά
336 2276 394 2329 δὲ
438 2271 760 2341 ἀναγωγὴν,
804 2266 1041 2339 μάνθανε
1088 2267 1171 2319 ὅτι
1201 2262 1342 2334 μετὰ
1370 2262 1433 2314 τὸ
1478 2260 1750 2313 ἐπιθεῖναι

166 2371 287 2432 τοὺς
320 2364 655 2427 ἀποστόλους
685 2362 755 2415 τὰ
796 2360 990 2430 ἱμάτια
1023 2356 1231 2419 αὐτῶν,
1266 2356 1386 2425 ἤτοι
1426 2355 1523 2416 τὰς
1550 2353 1751 2423 ἀρετὰς

166 2460 367 2522 αὐτῶν,
394 2460 515 2510 τότε
542 2452 877 2522 ὲπικάθηται
901 2453 929 2503 6
957 2448 1180 2520 Κύριος.
1211 2448 1273 2499 Ei
1304 2447 1413 2516 γὰρ
1442 2445 1516 2514 μὴ
1545 2444 1754 2496 καλλω-

168 2550 334 2620 πισθῇ
376 2550 409 2618 ἡ
447 2548 594 2617 ψυχῇ
626 2546 747 2607 ταῖς
790 2541 1176 2600 ἀποστολικαῖς
1209 2539 1433 2609 ἀρεταῖς
1456 2577 1470 2601 ,
1516 2537 1617 2589 οὐκ
1657 2538 1754 2588 ἐπ-

165 2644 373 2713 οχεῖται
404 2640 495 2693 ἐπὶ
517 2636 721 2707 ταύτης
749 2638 777 2688 6
804 2634 1035 2698 Θεός,οί
1064 2632 1121 2684 δὲ
1151 2630 1504 2703 προάγοντες,
1536 2628 1677 2680 είσὶν
1705 2628 1753 2679 οἱ

169 2734 272 2804 πρὸ
309 2734 413 2799 τῆς
452 2730 545 2784 τοῦ
598 2727 835 2799 Χριστοῦ
878 2725 1209 2794 σαρκώσεως
1244 2722 1537 2793 ίπροιρῆται
1561 2736 1572 2751 ·
1610 2722 1659 2773 oi
1698 2718 1757 2772 δὲ

166 2823 610 2886 ἀκολουθοῦντες,
635 2822 683 2874 οἱ
716 2822 853 2891 μετά
876 2819 1045 2872 ταῦτα
1067 2818 1343 2888 μάρτυρες
1374 2815 1469 2868 καὶ
1496 2813 1755 2866 διδάσκα-

166 2918 267 2979 λοι,
318 2918 368 2971 οἳ
404 2918 473 2973 τὰ
517 2915 706 2983 ἱμάτια
740 2912 920 2966 αὐτῶν
961 2908 1330 2981 στρωννύουσι
1383 2906 1462 2977 τῷ
1510 2904 1755 2975 Χριστῷ,

168 3008 457 3071 τουτέστι,
518 3005 617 3074 τὴν
670 3003 851 3072 σάρκα
890 3000 1255 3055 ὑποτάσσουσι
1306 2996 1383 3067 τῷ
1442 2995 1755 3065 πνεύματι·

169 3102 389 3170 ἱμάτιον
438 3098 547 3168 γὰρ
584 3098 677 3150 καὶ
729 3094 995 3165 κάλυμμα
1052 3096 1151 3162 τῆς
1198 3092 1417 3161 ψυχῆς,
1470 3089 1529 3142 τὸ
1576 3090 1756 3159 σῶμα.

170 3190 495 3261 Ἕστρωσαν
522 3187 614 3241 οὖν
649 3190 706 3241 ἐν
738 3188 805 3256 τῇ
839 3184 962 3255 όδῷ,
996 3184 1244 3236 τουτέστι
1269 3225 1281 3244 ,
1322 3184 1380 3236 ὲν
1410 3182 1486 3251 τῷ
1515 3181 1756 3251 Χριστῷ.

174 3301 193 3335 ι
246 3281 395 3348 Ἐγὼ
423 3281 531 3350 γάρ
558 3280 675 3349 είμι
705 3279 737 3347 ή
766 3276 906 3339 ὁδὸς,
959 3293 977 3326 ι
1019 3275 1206 3346 φησίν.
1256 3274 1385 3329 Ἐὰν
1424 3273 1532 3341 γὰρ
1567 3274 1639 3342 μή
1679 3290 1761 3337 τις

1851 793 2065 849 Marcus
2099 788 2438 859 subjugalem
2489 786 2661 841 solum
2705 784 2981 838 dixerunt.
3031 780 3311 835 Matthmus
3346 795 3444 833 au~

1852 894 1961 940 tem
2007 886 2219 939 asinam
2269 893 2317 935 et
2353 879 2577 950 pullum.
2621 876 2735 932 Non
2772 876 3037 929 dixerunt
3081 872 3440 932 contrarium.

1850 978 2109 1033 ducentes
2135 976 2276 1030 enim
2307 972 2533 1043 pullum,
2568 979 2751 1023 secuta
2783 977 2867 1022 est
2902 975 3095 1020 mater.
3129 964 3445 1018 Collocave-

1851 1083 1977 1126 runt
2010 1078 2190 1121 autem
2215 1082 2338 1120 eum
2368 1079 2528 1132 super
2550 1061 2638 1117 illa
2668 1080 2679 1113 :
2716 1076 2819 1113 non
2851 1073 3013 1125 super
3039 1060 3146 1112 duo
3171 1057 3441 1123 iumenta.

1852 1162 1946 1217 sed
1978 1175 2143 1231 super
2179 1168 2374 1213 vestes.
2420 1158 2526 1209 Aut
2563 1154 2798 1223 primum
2834 1152 3053 1221 quidem
3104 1148 3243 1202 sedit
3280 1162 3445 1215 super

1852 1256 2083 1314 asinam,
2115 1260 2300 1321 postea
2332 1262 2496 1318 super
2522 1245 2725 1315 pullum
2756 1266 2768 1299 :
2803 1245 2930 1313 quia
2962 1253 3013 1297 et
3046 1242 3280 1311 primum
3317 1238 3441 1307 qui-

1851 1350 1962 1403 evit
2000 1348 2053 1401 in
2084 1345 2394 1400 Jmlatorum
2438 1340 2718 1409 Syuagoga
2742 1378 2756 1402 ,
2789 1338 2987 1392 deinde
3036 1336 3086 1389 in
3124 1333 3312 1405 gentili
3346 1350 3440 1401 μυο

1852 1440 1998 1511 pulo.

1928 1532 2095 1587 Vens.
2131 1530 2185 1593 8,
2231 1528 2285 1583 9.
2344 1546 2360 1577 ι
2418 1526 2650 1579 Plurima
2705 1531 2886 1579 autem
2935 1521 3090 1575 turba
3128 1525 3446 1574 straverunt

1850 1628 2172 1683 vestimenta
2204 1638 2298 1677 sua
2335 1623 2385 1674 in
2422 1621 2503 1672 via
2532 1638 2545 1673 :
2580 1618 2672 1672 alii
2700 1630 2827 1672 vero
2858 1615 3139 1670 credebant
3165 1625 3347 1666 ramos
3380 1613 3447 1665 de

1853 1719 2138 1775 arboribus
2160 1756 2173 1780 ,
2198 1710 2201 1711 ⁷
2224 1722 2279 1769 et
2325 1711 2641 1768 sternebant
2677 1711 2728 1763 in
2762 1709 2869 1763 via.
2903 1706 3071 1763 Porro
3104 1706 3278 1760 turba:
3316 1719 3441 1775 quae

1853 1812 2230 1884 praecedebant
2264 1816 2317 1861 et
2343 1822 2463 1875 qua:
2484 1805 2876 1874 sequebantur,
2902 1800 3231 1864 clamabant,
3260 1799 3449 1854 dicen-

1857 1917 1936 1961 tes
1970 1905 2270 1966 :Hosauua
2300 1902 2410 1957 lilio
2447 1900 2611 1955 David
2648 1918 2660 1953 :
2710 1897 3026 1952 benedictus
3064 1895 3154 1963 qui
3202 1893 3353 1949 venit
3392 1892 3446 1944 in

1856 2002 2073 2054 nomine
2090 1998 2327 2064 Domini,
2352 1996 2594 2050 bosanna
2617 1993 2673 2046 in
2701 1989 3008 2046 altissimis.
3038 2008 3055 2040 ι
3083 1986 3246 2042 Juxta
3274 1986 3451 2041 histo-

1854 2094 1989 2149 riam
2029 2091 2257 2145 multum
2293 2091 2346 2143 in
2397 2102 2456 2141 se
2501 2086 2663 2141 habet
2693 2082 2922 2138 honoris
2948 2090 3127 2137 vestes
3160 2078 3447 2140 stravisse.

1854 2195 1907 2240 et
1947 2198 2127 2238 ramos
2169 2182 2496 2246 obiectasse,
2531 2192 2652 2230 nam
2691 2176 2989 2229 ostendunt
3028 2187 3283 2240 magnam
3328 2170 3447 2240 glo-

1855 2281 2013 2333 riam.
2044 2278 2113 2329 At
2137 2275 2290 2343 juxta
2323 2288 2600 2344 auagogeu
2636 2273 2787 2325 disce
2817 2270 2959 2338 quod
2993 2275 3284 2337 postquam
3316 2278 3451 2334 apo-

1855 2369 1976 2425 stoli
1998 2377 2461 2437 supcrposuerunt
2479 2363 2805 2419 vestimenta
2832 2376 2956 2424 sua,
2980 2359 3209 2412 virtutes
3230 2358 3451 2425 inquam

1857 2475 2005 2525 suas,
2029 2469 2157 2514 tunc
2182 2474 2344 2529 super
2365 2458 2485 2514 illas
2512 2457 2653 2511 sedit
2676 2455 2958 2508 Dominus.
2982 2451 3115 2506 Nam
3140 2449 3244 2505 nisi
3273 2448 3453 2503 anima

1859 2560 2043 2606 nostra
2068 2562 2258 2604 ornata
2284 2550 2451 2605 fuerit
2475 2550 2792 2616 apostolicis
2816 2546 3129 2611 virtutibus,
3159 2562 3264 2599 non
3296 2544 3456 2613 equi-

1860 2643 1995 2696 tabit
2031 2658 2149 2695 eam
2185 2641 2470 2699 Dominus.
2510 2640 2887 2695 Prmcedentes
2917 2678 2932 2703 ,
2968 2646 3093 2692 Sunt
3138 2636 3455 2705 prophetae,

1859 2734 1950 2803 qui
1982 2742 2109 2786 ante
2135 2734 2477 2785 incarnatunt
2509 2730 2787 2786 Christum
2824 2729 2974 2782 fuere
3002 2747 3015 2781 :
3047 2738 3336 2795 sequentes
3361 2740 3459 2777 au-

1860 2835 1991 2887 tem.
2027 2836 2245 2894 martyri
2267 2838 2294 2877 s
2323 2833 2377 2878 et
2406 2824 2679 2887 doctores,
2714 2821 2804 2889 qui
2835 2822 3156 2875 vestimenta
3184 2832 3278 2869 sua
3316 2826 3461 2871 ster-

1862 2929 1993 2972 nunt
2025 2916 2247 2973 Christo
2275 2957 2290 2981 ,
2324 2918 2428 2971 hoc
2464 2926 2569 2975 est.
2607 2930 2828 2969 carucm
2865 2913 3157 2983 subjiciunt
3214 2910 3457 2979 spiritui.

1864 3008 2199 3063 Vestimenta
2225 3008 2369 3062 enim
2402 3018 2455 3061 et
2477 3016 2789 3076 tegumenta
2819 2998 3270 3072 anintte,corpits.
3298 3000 3458 3054 Stra-

1864 3110 2057 3153 verunt
2089 3100 2253 3165 igitur
2278 3098 2330 3153 in
2356 3099 2462 3161 via,
2492 3099 2593 3152 hoc
2618 3108 2722 3161 est,
2753 3098 2808 3151 in
2838 3097 3076 3152 Christo.
3118 3115 3136 3147 ι
3173 3095 3282 3163 Ego
3310 3094 3455 3147 enim

1864 3208 1984 3247 sum
2020 3193 2105 3246 via
2136 3191 2202 3252 ³⁷,
2244 3212 2261 3244 ι
2306 3191 2502 3261 inquit.
2550 3190 2606 3245 Si
2657 3189 2803 3244 enim
2854 3189 2977 3258 quis
3029 3201 3251 3243 earnetu
3302 3202 3458 3240 suam

1867 3302 1970 3339 non
2007 3284 2296 3344 straverit.
2349 3284 2511 3353 110
2542 3284 2644 3338 hoc
2682 3292 2784 3346 est,
2821 3279 3211 3342 humiliavcrit,
3246 3279 3298 3333 iu
3349 3278 3458 3337 vis,

166 3371 269 3441 τὴν
300 3372 485 3442 σάρκα
513 3368 681 3424 αὑτοῦ
714 3366 953 3437 στρώσῃ,
984 3365 1235 3418 τουτέστι
1260 3408 1272 3425 ,
1313 3364 1630 3435 ταπεινώσῃ
1657 3404 1671 3427 ,
1705 3367 1757 3416 ὲν

1873 3376 1973 3427 huc
1993 3384 2095 3439 ρει,
2130 3374 2184 3427 in
2224 3372 2444 3426 Christo
2476 3387 2725 3436 manens,
2758 3380 2810 3423 et
2843 3386 2948 3451 non
2984 3370 3276 3425 ha-rctieus
3310 3371 3459 3423 exsi-

164 3466 229 3532 τῇ
263 3462 393 3531 ὁδῷ,
422 3461 724 3519 τουτέστιν,
753 3460 809 3510 ἐν
840 3457 918 3526 τῷ
950 3454 1177 3524 Χριστῷ
1208 3456 1409 3525 μένων,
1436 3456 1531 3508 καὶ
1566 3455 1640 3525 μὴ
1674 3457 1760 3507 αἱ-

169 3554 387 3625 ρετικὸς
421 3552 518 3616 ὢν,
558 3552 658 3604 οὐκ
696 3550 973 3618 ἐποχεῖται
1005 3548 1098 3600 ἐπὶ
1142 3546 1335 3600 τούτου
1370 3549 1397 3599 6
1428 3546 1653 3617 Κύριος.
1689 3547 1763 3599 T6

162 3644 222 3698 δὲ
262 3644 519 3705 Ὡσαννὰ,
542 3626 589 3696 οί
612 3642 709 3712 μὲν
742 3640 994 3706 λέγουσιν
1028 3640 1110 3691 ὅτι
1144 3636 1313 3706 ῦμνον
1348 3636 1379 3707 ἢ
1415 3636 1633 3705 ψαλμὶν
1662 3653 1761 3705 ση-

172 3733 378 3801 μαίνει,
408 3734 459 3786 oi
489 3732 564 3794 δὲ,
594 3731 622 3783 δ
649 3730 741 3784 καὶ
767 3729 1161 3799 ἀκριϐέστερον
1184 3742 1196 3755 ·
1230 3727 1415 3779 Σιὶσον
1440 3726 1528 3796 δή.
1578 3726 1763 3797 Ἐρχόο

170 3838 334 3891 μενος
370 3824 426 3876 δὲ
451 3823 668 3889 λέγεται
698 3824 727 3875 6
761 3822 986 3891 Κύριος,
1020 3820 1094 3881 ὼς
1126 3817 1581 3889 προσδοκώμενος
1612 3818 1763 3888 παρὰ

166 3916 280 3976 τοῖς
325 3913 604 3984 Ἑϐραίοις
628 3912 838 3966 ἐλθεῖν·
875 3910 1018 3963 οὕτω
1052 3910 1161 3978 γὰρ
1194 3910 1287 3961 καὶ
1320 3909 1348 3960 6
1389 3910 1643 3977 Ἰωάννης
1677 3910 1767 3960 λέ-

167 4021 275 4072 γει·
318 4024 338 4056 ι
369 4005 443 4057 Σὺ
474 4004 522 4057 εί
550 4006 578 4057 6
612 4001 923 4073 ἐρχόμενος,
949 4019 965 4051 ι
1004 3999 1127 4052 ἀντὶ
1150 3998 1341 4073 τοῦηό
1375 3997 1762 4068 προσδοκώμευ

167 4070 257 4157 νος
290 4070 763 4147 ἐλεύσεσθαιίιξαι
790 4090 964 4150 ἄλλως
988 4089 1043 4157 δὲ
1067 4070 1339 4155 λέγεταίό
1366 4086 1658 4156 ἐρχόμενος
1687 4086 1764 4148 ὡς

168 4184 293 4238 καθ’
354 4184 574 4256 ἡμέραν
624 4180 1084 4252 προσδοκωμένης
1130 4180 1230 4247 τῆς
1284 4178 1546 4248 δευτέρας
1598 4176 1761 4229 αὑτοῦ

171 4275 506 4344 παρουσίας·
541 4273 621 4326 δεῖ
642 4271 736 4325 οῦν
773 4271 1004 4324 ἕκαστον
1035 4271 1123 4321 ἀεὶ
1157 4268 1398 4333 ἐλπίζειν
1432 4268 1533 4336 τὴν
1573 4267 1757 4320 συντέ-

167 4364 344 4429 λειαν,
373 4365 473 4418 καὶ
505 4364 594 4417 ἀεὶ
624 4363 919 4435 ἐρχόμενον
950 4362 1042 4415 τὸν
1076 4360 1304 4433 Κύριον,
1340 4360 1433 4414 καὶ
1475 4360 1765 4428 ἑτοιμάζε-

169 4454 321 4509 σθαι.

243 4564 264 4614 ς
302 4547 419 4601 Καὶ
450 4544 782 4609 εἰσελθόντος
811 4544 978 4598 αὐτοῦ
1010 4546 1089 4609 εἰς
1131 4544 1506 4614 Ἱεροσόλυμα.
1544 4541 1765 4611 ἐσείσθη

170 4626 384 4710 πᾶσανή
418 4638 605 4704 πόλις,
630 4636 882 4705 λέγουσα·
906 4636 1002 4698 Τίς
1033 4638 1179 4689 ἐστιν
1201 4631 1392 4701 οῦτος;
1422 4636 1495 4705 ,οί
1532 4634 1590 4686 δὲ
1617 4635 1765 4703 ὄχλοι

1864 3478 2041 3526 smus,
2071 3479 2176 3517 non
2214 3463 2465 3517 insidebit
2492 3468 2543 3516 lu
2579 3478 2644 3515 eo
2677 3464 2949 3517 dominus.
2987 3461 3241 3518 "osanna
3282 3470 3461 3514 autem

1865 3555 2081 3622 quidam
2119 3554 2305 3606 dicunt
2348 3555 2491 3621 quod
2536 3551 2803 3623 Hymnum
2846 3552 2930 3605 vel
2969 3551 3245 3605 l'salmum
3296 3548 3467 3618 signia

1867 3646 2011 3703 licet,
2036 3645 2124 3697 alii
2146 3656 2351 3705 autem,
2374 3644 2424 3696 id
2447 3645 2589 3709 quod
2618 3642 2960 3699 evidentius:
2996 3642 3179 3705 Salva,
3210 3642 3460 3695 obsecro.

1868 3733 2150 3787 Vrnturus
2170 3745 2350 3786 autem
2374 3734 2572 3786 dicitur
2598 3732 2863 3786 Dominus
2891 3734 3015 3800 quia
3040 3734 3465 3801 exspectabatur

1868 3824 1934 3877 ab
1957 3824 2195 3877 llebrmis
2220 3832 2500 3876 venturus.
2525 3821 2615 3875 Sic
2634 3823 2777 3875 enim
2806 3832 2861 3875 ct
2882 3820 3122 3875 Joannes
3146 3820 3309 3874 dicit:
3334 3838 3351 3870 ι
3382 3817 3463 3872 Tu

1866 3930 1925 3969 es
1958 3916 2046 3981 qui
2093 3908 2355 3968 venturus
2386 3913 2487 3967 es?
2519 3932 2538 3964 ι
2597 3910 2701 3967 hoc
2733 3913 2816 3967 ρει
2838 3952 2853 3975 ,
2888 3913 2977 3982 qui
3024 3911 3359 3979 exspectaris
3407 3919 3467 3962 ut

1869 4006 2077 4059 Venias.
2117 4006 2321 4058 Dicitur
2349 4013 2404 4058 et
2432 4004 2591 4058 aliter
2616 4015 2900 4066 venturus.
2936 4019 3002 4057 co
3031 4004 3171 4070 quod
3199 4002 3466 4055 adventus

1867 4100 1980 4166 ejus
2020 4098 2287 4154 sci-nudus
2319 4097 2558 4165 quotidie
2586 4105 2953 4165 exspectetur.
2981 4094 3253 4149 Debemus
3298 4091 3466 4160 igitur

1866 4202 1920 4245 et
1950 4208 2044 4242 ιιοςι
2080 4205 2268 4243 nnmcs
2304 4191 2835 4243 consummationem
2869 4187 3052 4240 mutuli
3086 4194 3140 4240 ct
3172 4185 3463 4239 adventum

1868 4283 2070 4337 Christi
2105 4292 2422 4351 exspectare
2453 4295 2516 4336 ac
2542 4280 2859 4351 prteparari.

1945 4549 2103 4603 Vens.
2147 4550 2235 4613 10,
2287 4550 2375 4605 Η.
2418 4569 2437 4601 ι
2484 4553 2549 4607 Ει
2594 4564 2714 4604 cum
2751 4550 3007 4602 intrasset
3050 4547 3457 4620 Hierosolyma.

1871 4649 2141 4693 commota
2173 4648 2255 4694 est
2288 4640 2539 4695 universa
2567 4640 2776 4705 sivitas,
2811 4639 2995 4693 dicens
3028 4657 3041 4693 :
3074 4640 3205 4705 Quis
3230 4651 3313 4694 est
3336 4640 3463 4695 hic?

168 4727 380 4798 ἔλεγον·
428 4720 601 4790 Οὗτός
631 4728 779 4779 ἐστιν
823 4723 1027 4796 Ἰησοῦς
1060 4726 1088 4779 6
1108 4726 1427 4795 προφήτης,
1461 4727 1490 4777 6
1516 4724 1623 4776 ἀπὸ
1654 4724 1757 4776 Να-

1873 4728 2069 4785 Turba:
2100 4740 2277 4783 autem
2309 4730 2592 4800 dicebant;
2623 4729 2719 4784 llic
2744 4741 2830 4789 cst
2852 4723 3010 4787 Iesus
3036 4730 3123 4785 ille
3146 4730 3405 4801 propheta
3434 4749 3461 4784 a

175 4820 347 4890 ζαρὲτ
400 4820 504 4887 τῆς
545 4816 856 4877 Γαλιλαίας.
897 4834 914 4866 ι
967 4817 1030 4868 υἱ
1060 4814 1208 4884 δχλοι
1257 4815 1436 4869 ἄδολοι
1476 4814 1629 4877 ὄντες
1671 4816 1767 4867 καὶ

170 4911 467 4973 ἄπλαστοι,
500 4906 622 4961 οὔτε
646 4906 910 4975 ἐφθόνουν
934 4904 1013 4974 τῷ
1041 4904 1283 4976 Χριστῷ.
1313 4905 1437 4957 οῦτε
1471 4905 1634 4958 πάλιν
1666 4906 1767 4971 τὴν

170 5003 570 5073 προσήκουσαν
594 4998 725 5067 περὶ
755 4996 921 5051 αὑτοῦ
947 4982 1217 5066 ὑπόλὴψιν
1239 4991 1404 5066 εἶχον.
1438 4996 1528 5049 Διὸ
1549 4997 1645 5048 καὶ
1672 4986 1769 5049 νῦν

172 5096 468 5173 προφήτην
504 5091 667 5145 αὐτὸν
695 5090 936 5157 λέγουσι.
965 5080 1221 5157 Μήποτε
1252 5089 1309 5141 δὲ
1344 5088 1468 5141 ἐπεὶ
1501 5089 1641 5158 μετά
1668 5087 1764 5140 τοῦ

171 5173 381 5256 ἄρθρου
408 5184 597 5253 φασιν,
619 5185 651 5237 ὁ
667 5181 1004 5249 προφήτης,
1027 5179 1252 5234 δύναται
1279 5180 1543 5250 νοηθῆναι
1570 5182 1653 5234 ὃτι
1676 5177 1769 5232 οὒς

171 5275 262 5337 τός
288 5276 445 5328 ἐστιν
478 5276 506 5326 ό
540 5269 986 5343 προσδοκώμενος
1025 5271 1313 5340 προφήτης
1335 5285 1348 5299 ·
1392 5270 1452 5324 ὃν
1482 5267 1603 5323 εἷπε
1639 5270 1771 5323 Μω-

174 5366 293 5432 σῆς,
329 5365 415 5417 ὃτι
461 5383 480 5414 ι
521 5362 814 5433 Προφήτην
854 5362 984 5429 ὑμῖν
1026 5362 1054 5413 6
1094 5360 1229 5422 Θεὸς
1263 5362 1582 5430 ἀναστήσει.
1624 5379 1647 5413 ι
1692 5362 1769 5414 Οὐ

172 5455 280 5526 γὰρ
312 5452 498 5519 εἷπον,
520 5448 687 5516 Οῦτός
712 5454 829 5504 ἐστι
860 5453 1167 5523 προφήτης,
1189 5453 1325 5515 ἀλλ’,
1355 5453 1415 5506 Ὀ
1446 5454 1731 5524 προφήτης
1756 5492 1771 5519 ,

174 5546 487 5610 τουτέστιν,
512 5545 719 5605 ἐκεῖνος
744 5544 772 5595 6
803 5539 1183 5609 ἐλπιζόμενος.

250 5655 268 5686 ι
312 5636 426 5689 Καὶ
449 5634 704 5703 εἰσῆλθεν
725 5635 753 5685 6
786 5631 991 5703 Ἰησοῦς
1022 5634 1101 5695 είς
1124 5634 1180 5685 ei.
1205 5634 1349 5703 ίερδν
1373 5633 1467 5687 τοῦ
1492 5634 1647 5695 Θεοῦ,
1679 5636 1774 5688 καὶ

173 5727 401 5793 ὲξέῦαλε
430 5726 647 5788 πάντας
674 5724 800 5788 τοὺς
837 5723 1154 5789 πωλοῦντας
1188 5730 1284 5780 καὶ
1313 5726 1685 5799 ἀγοράζοντας
1715 5732 1773 5784 ὲν

171 5819 250 5889 τῷ
281 5819 454 5891 ἱερῷ·
506 5818 605 5873 καὶ
636 5817 735 5881 τὰς
775 5818 1056 5887 τραπέζας
1090 5819 1199 5871 τῶν
1232 5821 1601 5876 κολλυϐιστῶν
1636 5842 1767 5876 κατι

246 5996 492 6051 "Joan.
554 5995 745 6057 muti.
925 5991 1075 6045 licut.
1130 6007 1282 6054 mrt,
1338 5992 1420 6046 l8.

1875 4819 2144 4875 Nazarclb
2180 4819 2433 4875 Galilmm.
2486 4836 2505 4869 ι
2542 4819 2737 4873 'I‘urhm
2773 4822 3057 4890 simplices
3100 4829 3155 4875 et
3197 4821 3462 4885 candidae,

1879 4924 2056 4977 neque
2088 4907 2399 4962 invidebant
2440 4905 2678 4990 Christo,
2714 4922 2889 4976 neque
2927 4925 3115 4964 rursus
3148 4910 3462 4979 opinionem

1877 5000 2093 5068 dignam
2119 5000 2184 5053 de
2217 4997 2435 5051 Christo
2465 4997 2735 5053 habebant
2768 5017 2781 5053 :
2813 4999 2934 5055 ideo
2980 5012 3034 5055 et
3066 5017 3206 5056 nunc
3231 5004 3465 5073 prophe-

1880 5100 1989 5144 tam
2033 5090 2182 5144 illum
2231 5089 2439 5143 dicunt.
2480 5087 2587 5142 Nisi
2631 5089 2803 5155 forte,
2852 5093 3289 5162 quandoquidem
3338 5108 3465 5148 cum

1875 5181 2105 5236 articulo
2135 5182 2343 5242 dicunt,
2367 5179 2395 5230 6
2426 5181 2735 5251 προφήτης,
2769 5184 3028 5252 prOpbeta
3066 5183 3153 5238 ille
3183 5183 3353 5253 possit
3384 5185 3461 5237 iu-

1875 5273 2043 5341 telligi
2078 5273 2220 5342 quod
2254 5273 2354 5327 iste
2386 5273 2457 5325 sit
2487 5272 2578 5340 qui
2631 5274 3055 5342 exspectabatur
3078 5277 3370 5345 propheta,
3398 5275 3467 5329 de

1876 5381 1983 5435 quo
2024 5365 2164 5420 dixit
2216 5363 2413 5427 Moses,
2454 5384 2471 5416 ι
2510 5363 2836 5434 Prophetam
2888 5366 3040 5421 vobis
3088 5367 3228 5421 Deus
3261 5367 3470 5420 excita-

1878 5458 1958 5513 bit
1985 5456 2051 5510 ³⁸.
2091 5476 2109 5508 ι
2147 5456 2263 5510 Νοιι
2291 5456 2436 5510 enim
2467 5457 2742 5521 dixerunt,
2779 5454 2876 5511 llic
2904 5466 2987 5511 est
3012 5455 3274 5526 propheta
3308 5473 3321 5509 :
3351 5457 3468 5520 sed,

1878 5550 2142 5619 propheta
2176 5550 2288 5613 ille.
2329 5552 2433 5605 hoe
2466 5560 2569 5615 est,
2603 5550 2691 5604 ille
2723 5552 2813 5619 qui
2840 5560 3215 5618 exspectatur.

1956 5642 2115 5696 Vens.
2146 5643 2235 5705 12,
2270 5642 2360 5698 15.
2394 5658 2412 5693 ι
2454 5642 2518 5696 Et
2545 5642 2769 5695 intravit
2792 5639 2949 5697 Jesus
2976 5642 3027 5695 iu
3060 5640 3321 5709 templum
3352 5638 3467 5700 Dei.

1874 5742 1931 5790 et
1957 5735 2210 5805 ejiciebat
2246 5750 2438 5790 omnes
2470 5737 2770 5791 vendentes
2802 5748 2857 5791 et
2890 5744 3136 5790 ementes
3166 5735 3218 5787 in
3246 5729 3468 5799 templo,

1878 5841 2203 5896 mensasque
2234 5827 2644 5898 collybistarum
2691 5838 2742 5885 ct
2784 5828 3072 5883 cathcdras
3116 5822 3465 5879 vendentium
