4030 6560
622 393 722 467 371

1477 396 2052 466 THEOPHYLACTI
2093 405 2504 468 BULGARL’E
2547 400 2902 466 ARCHIEP.

3794 391 3900 466 37!

621 516 904 579 columbas
937 529 1152 590 evertit,
1193 537 1245 580 et
1280 526 1412 578 dixit
1443 525 1552 579 illis
1595 542 1607 577 :
1643 523 1918 593 Scriptum
1943 535 2058 590 est,
2090 527 2173 581 Do

2300 523 2552 595 έστρεψε,
2572 525 2666 578 καὶ
2695 524 2794 588 τὰς
2825 521 3092 593 καθέδρας
3123 522 3232 577 τῶν
3264 523 3593 577 πωλούντων
3619 523 3724 586 τὰς
3756 537 3896 593 asp:-

621 631 741 669 mus
769 631 886 670 mea
913 616 1106 670 domus
1135 616 1529 683 deprecationis
1564 616 1846 671 vocabitur
1877 635 1890 671 :
1922 627 1978 671 at
2007 630 2099 671 vos
2119 617 2173 672 fe

2306 619 2520 687 στεράς.
2553 617 2662 670 Καὶ
2695 615 2841 685 λέγει
2866 615 3083 680 αὐτοῖς’
3124 617 3458 686 Γέγραπταιο
3509 617 3571 669 '0
3609 610 3764 678 οἶκός
3796 631 3896 684 μου

619 706 772 761 ci~tis
801 709 943 762 illam
976 703 1286 775 speluncam
1316 709 1606 764 latronum.
1654 729 1674 760 ι
1713 707 1995 780 Tanquam
2025 709 2196 764 domi-

620 811 720 852 nus
769 800 980 862 domus,
1041 801 1142 854 hoc
1194 809 1300 862 est,
1354 800 1573 869 templi,
1623 800 1783 870 eiecit
1838 803 2132 856 vendentes
2179 820 2192 855 :

615 890 907 944 ostendens
946 905 1010 946 ea
1043 907 1162 962 quae
1191 885 1369 948 Patris
1396 902 1524 948 sunt
1544 933 1559 958 ,
1587 901 1640 947 et
1667 909 1762 948 sua
1793 909 1946 958 esse,
1976 895 2193 949 interim

619 979 782 1034 etiam
816 981 1114 1036 honestatis
1131 982 1312 1050 templi
1341 998 1528 1038 curam
1549 983 1776 1048 habens,
1804 985 1897 1039 sed
1923 995 1979 1038 et
2009 995 2191 1038 trans-

617 1065 874 1121 lationem
933 1070 1325 1126 sacriﬁciorum
1379 1074 1722 1142 signiﬁcans,
1774 1088 1839 1129 eo
1896 1075 2038 1145 quod
2089 1073 2192 1143 eji-

615 1159 805 1212 ciendo
855 1160 1021 1216 boves
1066 1170 1123 1216 et
1165 1163 1471 1227 columbas,
1512 1165 1855 1234 prasignavit
1898 1182 2002 1220 non
2052 1167 2188 1220 ultra

619 1266 750 1315 opus
774 1264 896 1305 esse
918 1253 1234 1308 animalium
1266 1255 1533 1312 sacriﬁcio
1563 1267 1655 1308 aut
1681 1256 2071 1319 immolatione,
2095 1257 2190 1311 sed

609 1357 696 1396 or'
737 1358 878 1398 .one.
918 1343 1118 1401 Domus
1166 1347 1308 1399 enim
1352 1359 1494 1407 mea,
1529 1337 1735 1414 inquit,
1768 1348 1960 1400 domus
1992 1349 2186 1415 depre-

609 1450 627 1482 t
657 1435 839 1490 ..ionis
872 1447 988 1502 est;
1021 1451 1116 1490 νος
1147 1446 1326 1492 autem
1362 1437 1571 1493 fecistis
1605 1433 1746 1492 illam
1772 1439 2084 1508 speluncam
2113 1439 2192 1492 la-

635 1539 840 1581 ronum.
879 1519 937 1580 ln
962 1527 1240 1595 speluncis
1265 1529 1408 1582 enim
1433 1529 1702 1584 latronum
1729 1529 1864 1584 ﬁunt
1888 1531 2187 1585 mactatio-

607 1634 737 1685 nes,
794 1630 848 1674 et
895 1621 1178 1691 sanguinis
1232 1619 1544 1678 eﬂusiones.
1603 1620 1697 1676 Vel
1755 1623 1917 1678 etiam
1966 1633 2187 1696 praptcr

604 1713 970 1782 negotiatores
999 1723 1245 1769 ementes
1289 1724 1344 1768 et
1377 1714 1671 1770 vendentes
1694 1754 1710 1780 ,
1749 1714 2060 1783 speluncam
2101 1716 2184 1770 la-

604 1814 818 1858 tronum
875 1807 1090 1860 vocavit
1147 1807 1429 1876 templum.
1478 1806 1719 1861 Avaritia
1765 1809 1910 1863 enim
1957 1818 2012 1863 et
2048 1808 2181 1864 lucri

600 1897 898 1964 cupiditas,
938 1899 1204 1952 latronum
1249 1895 1470 1953 morbus
1508 1907 1612 1954 est.
1648 1900 1958 1972 Collybistz
2001 1913 2181 1956 autem

601 1994 727 2035 sunt
750 1985 844 2051 qui
875 1987 1012 2054 apud
1046 2001 1145 2039 nos
1170 1987 1426 2040 dicuntur
1453 1989 1727 2042 mensarii.
1752 1988 2005 2060 Collybos
2037 1991 2181 2044 enim

599 2076 811 2142 species
845 2088 924 2130 est
963 2079 1084 2134 vilis
1120 2079 1484 2144 numismatis,
1521 2082 1665 2136 sicut
1703 2080 1965 2138 habemus
2000 2092 2052 2138 et
2085 2100 2182 2140 nos

598 2165 784 2221 obolos
807 2167 883 2238 (α)
917 2179 1006 2222 aut
1053 2185 1304 2224 nummos
1358 2183 1666 2238 argenteos.
1716 2173 1968 2228 Vendunt
2001 2185 2178 2229 autem

597 2258 880 2315 columbas
918 2269 971 2315 et
1021 2263 1072 2316 hi
1117 2263 1209 2332 qui
1260 2264 1310 2316 in
1359 2264 1613 2319 Ecclesiis
1664 2260 1864 2336 gradus
1918 2268 2174 2321 vendunt.

597 2348 834 2419 Spiritus
867 2355 1009 2408 enim
1049 2356 1278 2423 gratiam
1305 2395 1320 2419 ,
1354 2356 1444 2424 qui
1481 2368 1564 2411 est
1595 2355 1843 2412 columba
1870 2398 1884 2419 ,
1939 2358 2180 2412 vendunt

595 2443 695 2511 ipsi
731 2461 744 2498 :
776 2447 916 2500 unde
943 2447 1236 2515 ejiciuntur
1269 2463 1332 2502 ex
1359 2462 1597 2517 superno
1625 2460 1678 2504 et
1708 2450 1920 2506 inferno
1951 2451 2174 2521 templo.

592 2532 806 2604 indigni
834 2537 978 2590 enim
1002 2549 1130 2592 sunt
1156 2539 1461 2593 sacerdotio
1485 2539 1654 2608 fungi.
1678 2540 1812 2596 Vide
1836 2551 2015 2596 autem
2039 2554 2093 2596 et
2121 2553 2174 2596 tu

594 2640 665 2678 ne
715 2626 855 2681 forte
907 2628 1160 2694 templum
1213 2629 1343 2692 Dei,
1379 2632 1759 2699 cogitationem
1813 2643 1958 2685 tuam
2006 2633 2175 2690 facias

592 2716 905 2783 speluncam
919 2718 1212 2784 latronum,
1230 2720 1279 2773 id
1297 2730 1403 2782 est,
1431 2722 1838 2774 daemoniorum.
1859 2721 1976 2777 Fiet
1992 2735 2170 2778 autem

592 2807 872 2876 spelunca,
903 2807 947 2862 si
979 2810 1329 2865 habuerimus
1357 2812 1714 2880 cogitationes
1737 2815 2050 2868 carnalibus
2084 2832 2171 2870 re-

589 2901 694 2955 bus
721 2902 1263 2969 amicas,vendentes
1290 2916 1342 2959 et
1374 2917 1709 2970 ementes,et
1742 2907 1816 2961 ita
1850 2908 1985 2961 lucri
2021 2910 2173 2976 cupi-

591 2991 707 3055 das,
743 3003 800 3046 ut
845 3003 900 3048 et
930 2996 1168 3066 collybos
1203 3007 1253 3049 et
1287 2995 1405 3050 vilia
1439 2998 1764 3052 numismata
1801 3013 2167 3071 congregem;

594 3079 749 3152 ιιι
801 3095 855 3140 et
900 3087 944 3140 si
993 3087 1396 3142 vendiderimus
1445 3101 1497 3144 et
1532 3092 1826 3146 emerimus
1858 3093 2168 3155 columbas,

2301 704 2446 771 οἶκος
2486 709 2796 780 προσευχῆς
2833 707 3198 778 κληθήσεται·
3231 709 3390 776 ὑμεῖς
3416 707 3473 760 δέ
3510 706 3677 760 αὑτὸν
3709 704 3896 775 ἐποιη-

2307 819 2434 856 σατε
2476 802 2739 872 σπήλαιον
2767 800 3000 872 λῃστῶν.
3031 820 3048 851 ι
3082 800 3170 863 Ὠς
3202 800 3469 869 δεσπότης
3518 798 3617 852 τοῦ
3650 799 3836 862 οῖκου,
3867 798 3895 850 δ

2299 900 2419 950 ἐστι
2448 896 2541 950 τοῦ
2577 897 2744 967 ίεροῦ,
2777 894 3000 963 ἐξέϐαλε
3033 898 3162 960 τοὺς
3201 895 3534 958 πωλοῦντας·
3559 895 3785 959 δεικνὺς
3814 895 3896 950 ὅτι

2298 990 2365 1041 τὰ
2390 989 2483 1042 τοῦ
2518 989 2751 1060 Πατρδς.
2784 992 2878 1044 καὶ
2905 988 3072 1044 αὑτοῦ
3106 991 3234 1044 είσι.
3259 988 3429 1042 Τοῦτο
3453 987 3510 1040 δέ
3537 987 3743 1054 ἐποίει,
3775 987 3896 1058 ἃμα

2300 1082 2400 1146 μὲν
2425 1084 2519 1136 καὶ
2551 1083 2650 1151 τῆς
2683 1083 2985 1152 εὐκοσμίας
3019 1082 3115 1136 τοῦ
3145 1081 3292 1153 ἱεροῦ
3323 1079 3649 1153 φροντίζων,
3693 1082 3813 1151 ἃμα
3837 1081 3893 1134 δέ

2298 1175 2393 1226 καὶ
2426 1175 2523 1244 τὴν
2553 1175 2844 1244 μετάθεσιν
2869 1167 2978 1228 τῶν
3000 1174 3202 1227 θυσιῶν
3236 1175 3538 1242 σημαίνων·
3573 1172 3642 1226 δι’
3675 1165 3753 1226 ῶν
3783 1173 3895 1245 γὰρ

2296 1266 2548 1331 ἐξέϐαλλε
2570 1269 2695 1328 τοὺς
2727 1267 2855 1338 βόας
2887 1268 2979 1321 καὶ
3006 1269 3105 1330 τάς
3134 1268 3485 1337 περιστερὰς,
3513 1267 3888 1336 προεμήνυεν,

2293 1359 2375 1412 ὅτι
2407 1359 2612 1412 οὐκετι
2642 1360 2799 1430 χρεία
2824 1359 3132 1423 ζωοθυσιιῖιν
3163 1359 3196 1428 ἢ
3236 1360 3509 1428 σφαγίων,
3545 1359 3688 1412 ἀλλά
3719 1373 3888 1427 προσ·

2295 1452 2483 1522 ευχῆςο
2527 1450 2588 1504 '0
2618 1452 2727 1520 γὰρ
2775 1447 2922 1514 οἶκός
2966 1469 3090 1520 μου,
3121 1453 3308 1519 φησιν,
3337 1446 3487 1515 οῐιιος
3547 1450 3888 1520 προσευχῆς.

2293 1545 2458 1612 ὑμεῖς
2517 1545 2573 1598 δέ
2604 1546 2903 1615 ἐποιήσατε
2937 1544 3099 1597 αὑτὸν
3132 1545 3402 1613 σπήλαιον
3429 1543 3665 1616 λῃστῶν·
3699 1546 3757 1596 ἐν
3780 1544 3888 1613 γὰρ

2288 1639 2401 1700 τοῖς
2455 1637 2739 1707 σπηλαίοις
2782 1639 2891 1692 τῶν
2947 1636 3163 1709 λῃστῶν
3208 1638 3450 1706 γίνονται
3501 1638 3717 1706 σφαγαὶ
3792 1638 3886 1690 καὶ

2291 1730 2758 1800 «εἰριατεκχυσίαι⁶
2796 1731 2829 1801 ἢ
2863 1732 2960 1784 καὶ
2995 1731 3085 1785 διὰ
3123 1735 3252 1795 τοὺς
3288 1730 3742 1802 καπηλεύοντας,
3791 1729 3884 1782 καὶ

2288 1819 2662 1889 ἀγοράζοντας
2691 1821 2786 1876 καὶ
2818 1821 3157 1887 πωλοῦντας,
3198 1822 3466 1892 σπήλαιον
3505 1822 3726 1892 λῃστῶν
3756 1822 3884 1874 ἐκά-

2288 1910 2409 1963 λεσε
2443 1913 2500 1964 τὸ
2531 1913 2677 1980 ἱερόν
2700 1930 2712 1944 ·
2743 1913 2804 1965 τὸ
2844 1914 2953 1982 γὰρ
3001 1913 3316 1982 φιλοκερδὶς
3337 1953 3350 1974 .
3382 1910 3683 1984 λῃστρικὸν
3714 1911 3886 1974 πάθος

2286 2003 2440 2056 ἐστί·
2494 2003 2846 2057 κολὶυσισταὶ
2880 2005 2938 2057 δέ
2969 2005 3108 2057 είσιν
3144 2005 3194 2056 oi.
3237 2005 3368 2073 παρ’
3417 2006 3552 2075 ημῖν
3593 2003 3883 2074 λεγόμενοι

2284 2091 2628 2163 τραπεζῖται·
2660 2093 2917 2158 κόλλυδος
2943 2096 3073 2164 γάρ,
3103 2089 3245 2157 εἶδός
3272 2095 3389 2146 ἐστι
3424 2094 3769 2164 νομίσματος
3795 2095 3884 2147 εὖ.

2282 2181 2493 2245 τελοῦς,
2519 2183 2707 2248 ῶσπερ
2732 2184 2930 2252 ἔχομεν
2955 2184 3118 2253 τυχὸν
3155 2185 3314 2253 ἡμεῖς
3339 2183 3467 2246 τοὺς
3496 2182 3726 2244 ὀόολοὺς
3749 2183 3781 2250 ἢ
3815 2182 3881 2233 τά

2281 2274 2545 2343 ἀργύρια.
2590 2275 2839 2327 Πωλοῦσι
2864 2275 2921 2328 δέ
2956 2275 3289 2346 περιστερὰς
3323 2275 3420 2328 καὶ
3444 2275 3492 2328 oi
3522 2268 3652 2337 τόῦς
3680 2276 3739 2326 ἐν
3762 2277 3880 2336 ταῖς

2294 2368 2639 2436 Ἐκκλησίαις
2664 2368 2907 2438 βαθμοὺς
2933 2370 3261 2432 πωλοῦντες.
3288 2370 3401 2440 Τὴν
3430 2369 3541 2440 γὰρ
3575 2369 3674 2422 τοῦ
3707 2367 3879 2421 Πνεῦ-

2284 2476 2453 2528 ματος
2491 2462 2690 2531 χάριν,
2745 2461 2774 2514 δ
2822 2465 2938 2514 ἐστι
2993 2462 3332 2532 περιστερὰ,
3375 2461 3653 2515 πωλοῦσιν
3700 2457 3874 2514 αὐτοί.

2282 2553 2446 2606 Ὅθεν
2478 2553 2832 2609 ἐκδάλλονται
2865 2557 2929 2608 ἐκ
2962 2553 3058 2608 τοῦ
3094 2555 3207 2606 ἀνω
3246 2551 3399 2618 ναοῦ,
3433 2554 3529 2605 καὶ
3557 2551 3655 2605 τοῦ
3689 2552 3873 2605 κάτω·

2280 2645 2487 2708 ἀνάξιοι
2514 2647 2622 2714 γάρ
2647 2648 2786 2699 εἰσιν
2808 2646 3130 2717 ἱερατεύειν.
3161 2645 3335 2698 Βλέπε
3361 2644 3417 2697 δέ
3444 2645 3539 2697 καὶ
3569 2645 3635 2697 σὺ
3661 2643 3874 2714 μήποτε

2285 2739 2347 2790 τὸ
2380 2738 2523 2808 ίερδν
2544 2738 2638 2791 τοῦ
2661 2739 2822 2801 Θεοῦ,
2854 2740 3125 2800 τουτέστι,
3147 2740 3247 2808 τὴν
3277 2739 3376 2810 σὴν
3402 2737 3649 2792 διάνοιαν
3668 2777 3684 2800 ,
3713 2735 3873 2804 ποιη-

2279 2845 2378 2900 σῃς
2408 2831 2674 2898 σπήλαιον
2698 2832 2913 2902 λῃστῶν
2931 2871 2947 2895 ,
2963 2835 3235 2896 τουτέστι,
3253 2831 3361 2884 τῶν
3395 2830 3692 2900 δαιμόνων.
3709 2829 3877 2899 Γενή-

2278 2925 2507 2977 σεταιδέ
2537 2925 2826 2994 σπήλαιον,
2857 2926 2952 2979 ἐάν
2978 2927 3193 2994 ἔχωμεν
3228 2927 3520 2996 λογισμοὺς
3557 2924 3878 2994 φιλοθλους,

2276 3015 2589 3077 πωλοῦντας
2651 3017 2747 3069 καὶ
2813 3018 3184 3086 ἀγοράζοντας
3231 3018 3325 3070 καὶ
3385 3017 3870 3088 φιλοχρημάτους.

2274 3108 2400 3175 ἄχρι
2432 3107 2526 3156 καὶ
2556 3106 2735 3159 αὐτῶν
2764 3107 2872 3160 τῶν
2903 3107 3180 3160 κολλύδων
3211 3109 3330 3178 ἦτοι
3368 3106 3480 3160 τῶν
3505 3106 3748 3160 εὐτελῶν
3782 3124 3870 3162 νε»⁸

589 3175 692 3227 hoc
716 3183 798 3228 est
819 3213 835 3237 ,
859 3176 902 3228 si
935 3178 1075 3246 quod
1105 3179 1154 3230 in
1189 3179 1341 3232 nobis
1371 3178 1530 3234 fuerit
1563 3185 1845 3250 spirituale
1870 3183 2085 3251 dogma,
2117 3195 2170 3239 et

2281 3201 2568 3267 μισμάτων
2617 3199 2951 3267 συνάγοντας
2985 3217 2998 3230 ο
3039 3202 3134 3252 καὶ
3188 3175 3284 3253 ἐάν
3334 3199 3608 3267 πωλῶμεν
3660 3201 3717 3254 δὲ
3775 3200 3874 3253 καὶ

590 3265 899 3333 huiusmodi
941 3269 1163 3322 honesta
1206 3272 1501 3340 cogitatio,
1537 3275 1848 3340 speluncam
1900 3276 2166 3329 latronum

588 3355 816 3413 fecimus
845 3373 943 3414 nos
973 3361 1138 3427 ipsos.

659 3540 805 3596 Vens
860 3543 944 3595 Η.
984 3563 1002 3594 ι
1038 3545 1100 3598 Et
1125 3556 1465 3599 accesserunt
1493 3546 1557 3600 ad
1587 3562 1706 3602 eum
1748 3550 1876 3604 ιιπεί
1907 3560 1960 3603 et
1991 3547 2167 3605 claudi

585 3634 642 3690 in
677 3636 876 3704 templo
912 3655 925 3689 :
958 3648 1009 3690 et
1031 3640 1244 3692 sanavit
1275 3655 1390 3694 eos.
1439 3658 1456 3689 ι
1497 3639 1598 3694 Per
1624 3642 1870 3695 inlirmos
1901 3657 2040 3712 quos
2067 3659 2166 3698 eu-

586 3728 748 3794 ravit,
795 3729 1036 3784 ostendit
1087 3745 1145 3783 se.
1181 3731 1346 3786 Deum
1381 3747 1501 3785 esse
1523 3773 1536 3796 ,
1567 3743 1618 3786 et
1654 3735 1790 3787 bene
1823 3734 2032 3795 facere,
2066 3736 2169 3805 eji-

586 3818 738 3873 ciens
769 3835 893 3874 cum
925 3823 1248 3874 auctoritate
1282 3840 1311 3874 e
1342 3825 1502 3875 domo
1534 3838 1628 3875 sua
1666 3824 1936 3891 indignos.
1979 3827 2167 3879 Decla-

586 3919 743 3964 ratur
774 3912 940 3964 etiam
988 3913 1123 3974 hoc,
1162 3915 1300 3978 quod
1349 3913 1538 3981 ejectis
1576 3912 1802 3977 Judmis,
1839 3918 1928 3984 qui
1974 3918 2074 3985 legi
2115 3929 2165 3971 et

586 4003 903 4056 animalium
942 4004 1250 4057 mactationi
1292 4006 1488 4058 addicti
1521 4017 1714 4070 erant,
1742 4008 1870 4061 caci
1901 4020 1953 4061 et
1989 4009 2163 4062 claudi

585 4110 648 4147 ex
685 4095 933 4163 gentibus
963 4097 1224 4162 assumpti
1259 4094 1459 4148 fuerint
1492 4099 1662 4149 sanati
1700 4099 1767 4151 ab
1798 4114 1882 4151 eo.

657 4275 822 4330 Vens.
861 4275 947 4337 15,
989 4276 1070 4329 16.
1123 4292 1140 4326 ‹
1191 4278 1323 4330 Cum
1370 4289 1552 4331 autem
1599 4278 1853 4334 vidissent
1894 4283 2166 4353 principes

587 4369 934 4422 sacerdotum
995 4377 1045 4420 et
1090 4366 1289 4421 Scriba:
1340 4369 1605 4421 mirabilia
1652 4386 1769 4439 quae
1821 4372 2058 4436 fecerat,
2111 4386 2164 4427 et

588 4474 780 4523 pueros
812 4459 1109 4512 clamantes
1143 4460 1195 4512 in
1242 4461 1440 4529 templo
1493 4473 1544 4514 et
1577 4463 1819 4518 dicentes
1855 4484 1865 4518 :
1909 4464 2160 4520 llosanna

2277 3291 2632 3359 ἐκπριὼμεθα
2654 3292 2750 3352 τὰς
2777 3294 3124 3361 περιστερὰς.
3151 3293 3452 3354 τουτέστιν,
3482 3293 3611 3345 εἴτι
3641 3294 3700 3345 ἐν
3733 3294 3865 3361 ἡμῖν

2275 3382 2359 3448 εἴη
2399 3384 2770 3451 πνευματικὸν
2799 3383 2976 3452 δόγμα
3009 3387 3100 3435 καὶ
3129 3382 3390 3453 λογισμὸς
3419 3384 3692 3448 τοιοῦτος,
3731 3388 3873 3450 cari,-

2273 3475 2424 3527 λαιον
2452 3475 2665 3544 λῃστῶν
2704 3476 3050 3544 ἐποιήσαμεν
3090 3477 3335 3540 ἐαυτους.

2351 3586 2366 3616 ι
2418 3567 2529 3619 Καὶ
2559 3565 2869 3635 προσῆλθον
2909 3566 3058 3636 αῦτῷ
3100 3567 3265 3635 χωλοὶ
3300 3567 3394 3620 καὶ
3443 3567 3640 3637 τυφλοὶ
3691 3569 3751 3621 ἐν
3790 3565 3867 3635 τῷ

2275 3657 2425 3724 ίερῷ,
2477 3659 2571 3709 καὶ
2599 3657 2968 3727 ἐθεράπευσεν
3004 3657 3220 3717 αὐτούς.
3270 3675 3288 3708 ι
3336 3657 3423 3724 Ἐξ
3459 3651 3535 3711 ῶν
3570 3656 3866 3726 θεραπεύει

2271 3752 2397 3813 τοὺς
2422 3751 2667 3813 ἀσθενεῖς
2685 3751 2960 3803 δείκνυσιν
2979 3751 3058 3802 ὅτι
3079 3751 3211 3812 Θεός
3236 3751 3351 3804 ἐστι
3377 3752 3472 3804 καὶ
3493 3751 3678 3813 καλῶς
3696 3753 3865 3811 ποιεῖ,

2273 3842 2550 3895 ἐκσάλλων
2581 3843 2699 3910 μετ’
2727 3841 2976 3905 ἐξουσίας
3004 3843 3066 3892 ἐκ
3091 3843 3183 3894 τοῦ
3223 3843 3374 3894 οίκου
3404 3841 3573 3894 αὐτοῦ
3609 3843 3738 3904 τοὺς
3775 3842 3863 3895 ἀν-

2270 3933 2474 3997 αξίους·
2499 3933 2754 4000 δηλοῦται
2785 3931 2840 3984 δέ
2873 3934 2966 3984 καὶ
2991 3931 3171 3992 τοῦτο.
3188 3934 3270 3985 ὅτι
3305 3932 3424 4000 μεθ’
3445 3932 3474 3985 δ
3491 3933 3862 4004 ἐξεϐλήθησαν

2269 4027 2318 4076 oi
2357 4026 2621 4086 Ἰουδαῖοι,
2654 4025 2704 4074 οἱ
2734 4024 2811 4092 τῷ
2838 4023 2988 4093 νόμῳ
3008 4026 3099 4077 καὶ
3128 4026 3249 4086 ταῖς
3281 4025 3660 4091 ζωοσφαγίαις
3691 4042 3857 4094 προσ-

2271 4114 2505 4181 έχοντες,
2560 4116 2607 4165 οἱ
2647 4113 2839 4182 τυφλοὶ
2887 4114 2980 4166 καὶ
3014 4114 3174 4182 χωλοὶ
3209 4115 3256 4165 oi
3294 4111 3353 4177 ἐξ
3387 4113 3558 4165 ἐθνῶν
3589 4113 3859 4184 προσελή·

2270 4205 2504 4273 φθησαν,
2537 4204 2967 4274 θεραπευθέντες
3007 4205 3097 4257 ὑπ’
3134 4203 3321 4258 αὐτοῦ.

2349 4317 2365 4346 ι
2410 4294 2633 4359 Ἰδόντες
2662 4297 2717 4348 δέ
2760 4299 2808 4350 οἱ
2855 4299 3131 4366 ἀρχιερεῖς
3176 4297 3269 4348 καὶ
3311 4297 3359 4348 οι
3391 4296 3750 4365 Γραμματεῖς
3790 4298 3858 4352 τά

2269 4389 2549 4456 θαυμάσια
2581 4388 2614 4441 θ.
2647 4389 2892 4459 ἐποίησε,
2938 4390 3185 4451 καὶτοὺς
3223 4389 3416 4451 παῖδας
3453 4388 3762 4459 κράζοντας
3803 4392 3858 4442 ἐν

2267 4480 2344 4548 τῷ
2370 4480 2520 4549 ἱερῷ,
2545 4482 2635 4533 καὶ
2659 4481 2917 4549 λέγοντας
2941 4499 2954 4512 ·
2988 4481 3219 4533 ὀσαννά
3233 4481 3313 4551 τῷ
3356 4481 3458 4548 υίῷ
3477 4481 3667 4545 Δαυῖδ,
3690 4484 3860 4550 ἠγαν-

586 4549 722 4604 Filio
753 4552 943 4614 David,
975 4553 1236 4618 indignati
1282 4565 1426 4615 sunt,
1463 4565 1513 4607 et
1555 4557 1805 4610 dixerunt
1837 4561 1884 4610 ei
1940 4578 1951 4611 :
1994 4559 2162 4614 Audis

2281 4574 2643 4640 ὶκτησσν,κιὶ
2661 4569 2814 4625 εἷπον
2838 4573 3004 4644 αὐτῷ’
3047 4573 3292 4636 ’Δκοῦεις
3316 4573 3368 4625 τί
3398 4568 3546 4627 οῦτοι
3569 4575 3855 4642 λέγουσινς

586 4644 713 4709 quid
761 4645 847 4695 isti
899 4645 1124 4695 dietint?
1160 4642 1314 4696 Jesus
1357 4655 1534 4696 autem
1569 4645 1698 4698 dicit
1744 4648 1893 4700 illis:
1944 4647 2158 4717 Utique.

585 4735 875 4804 Nunquam
922 4737 1164 4804 legisus:
1197 4735 1271 4788 Ex
1309 4753 1402 4790 ore
1436 4739 1719 4790 infantium
1753 4750 1805 4792 et
1848 4742 2158 4794 lactentium

587 4830 856 4894 perlccisti
887 4830 1137 4880 laudem?
1187 4850 1202 4878 i
1249 4829 1505 4883 Pharismi
1539 4846 1659 4883 cum
1696 4832 1934 4886 viderent
1970 4850 2162 4901 plli‘l'OS

584 4920 837 4989 hymnum
879 4920 1045 4972 David
1077 4921 1271 4974 olTerre
1315 4921 1558 4985 Christo,
1593 4938 1752 4990 quem
1786 4925 1996 4977 videtur
2033 4925 2161 4978 Pro-

587 5014 744 5079 pheta
782 5012 887 5064 Deo
918 5013 1176 5066 obtulisse
1199 5054 1211 5074 ,
1248 5014 1587 5068 dissecantur
1616 5017 1819 5070 invidia
1845 5059 1857 5078 ,
1903 5027 1955 5070 et
1998 5020 2163 5072 inter-

586 5104 789 5172 pellant
820 5103 989 5166 illum,
1015 5105 1155 5170 quod
1186 5107 1457 5171 permittat
1481 5109 1546 5161 de
1573 5123 1630 5161 se
1658 5109 1759 5163 dici
1789 5126 1908 5178 quin
1931 5113 2029 5165 soli
2056 5113 2162 5166 [)eo

585 5195 869 5248 debentur.
905 5195 1000 5247 ille
1021 5204 1200 5247 autem
1230 5199 1398 5265 magis
1426 5202 1731 5266 approbans
1754 5204 1882 5256 dicit
1913 5222 1924 5254 :
1961 5205 2157 5260 Etiam.

583 5287 813 5338 Tantum
839 5288 989 5340 abest
1013 5300 1068 5340 ut
1099 5289 1342 5342 obturem
1377 5309 1468 5344 ora
1485 5295 1626 5348 Julia
1663 5296 1996 5360 dicentium,
2027 5310 2081 5351 ut
2110 5312 2162 5352 et

586 5375 868 5444 Pmplteta:
917 5381 1281 5433 lestimoniutn
1331 5382 1626 5448 adducam,
1659 5398 1711 5439 et
1761 5405 1848 5442 vos
1879 5393 2159 5446 ostendam

2281 4664 2339 4714 Ὀ
2368 4663 2422 4715 δὲ
2463 4663 2668 4730 Ἰησοῦς
2695 4665 2840 4731 λέγει
2872 4665 3076 4726 αὐτοῖς·
3107 4665 3235 4718 Ναί.
3259 4665 3532 4717 Οὐδέποτε
3561 4666 3856 4734 ἀνέγνωτε,

2269 4757 2348 4807 ὅτι
2397 4757 2490 4807 Ἐκ
2519 4758 2789 4825 στὸματος
2821 4757 3029 4825 νηπίων
3052 4760 3144 4808 καὶ
3176 4756 3519 4823 θηλαζόντων
3537 4760 3856 4828 κατηρτίσω

2269 4843 2447 4909 αἷνον;
2490 4867 2506 4897 ι
2554 4849 2615 4899 Ol
2652 4850 2934 4917 Φαρισαῖοι
2972 4850 3170 4913 ἰδόντες
3217 4852 3341 4911 τοὺς
3375 4849 3572 4912 παῖδας
3619 4851 3857 4918 προσφέ-

2271 4955 2464 5008 ροντας
2490 4939 2566 5008 τῷ
2601 4941 2821 5009 Χριστῷ
2859 4941 2948 4993 τὸν
2994 4941 3162 5010 ῦμνον
3193 4941 3287 4994 τοῦ
3320 4942 3518 5005 Auditi,
3546 4941 3608 4994 δν
3647 4942 3798 4994 δοκεῖ
3831 4942 3855 4992 ὁ

2270 5031 2557 5097 προφήτης
2631 5029 2664 5098 ἶ)
2695 5031 2813 5099 Θεῷ
2846 5032 3147 5096 ἀναθεῖναι,
3174 5031 3523 5102 διαπρίονται
3552 5019 3852 5102 τῷφθόνῳ,

2268 5122 2362 5172 καὶ
2392 5122 2615 5184 κακίζοι
2633 5140 2708 5173 σιν
2740 5123 2900 5174 αὐτὴν
2924 5121 2997 5185 ὡς
3020 5126 3347 5192 ἀνεχόμενον
3375 5125 3443 5176 τὰ
3469 5125 3562 5176 τοῦ
3597 5123 3734 5176 Θεοῦ
3770 5123 3854 5175 ἐπ’

2267 5213 2413 5281 αὐτῷ
2441 5214 2712 5279 λέγεσθαι·
2753 5217 2778 5265 ὀ
2806 5216 2882 5279 δὲ,
2913 5217 3241 5268 ἐπιδεὸαιῶν
3272 5217 3494 5285 μᾶὶλον,
3531 5217 3691 5287 φησί’
3726 5217 3848 5269 Ναί.

2269 5303 2533 5356 Τθπθῦτον
2554 5305 2683 5373 ’τάρν
2706 5309 2889 5374 φησὶν.
2918 5308 3106 5376 ἀπέχω
3123 5309 3215 5359 τοῦ
3233 5307 3583 5376 ἐπιστομίσαι
3610 5309 3738 5370 τοὺς
3771 5306 3850 5359 λέ-

2269 5397 2460 5460 γοντάς
2507 5415 2592 5463 μοι
2633 5399 2827 5460 ταῖτσι,
2867 5400 3005 5451 ὥστε
3041 5401 3130 5452 καὶ
3167 5405 3255 5453 τὸν
3289 5404 3584 5471 προφήτην
3616 5401 3849 5469 πειράτω

584 5467 663 5518 vel
688 5468 985 5535 imperitos,
1014 5473 1091 5522 vel
1119 5472 1348 5525 invidos.
1377 5475 1570 5527 Annon
1615 5478 1753 5530 enim
1784 5481 1988 5547 legistis
2014 5487 2186 5550 quod

589 5556 671 5612 Ex
706 5577 799 5615 ore
839 5562 1118 5614 infantimn
1164 5575 1214 5617 ct
1241 5566 1553 5620 lattentinm
1601 5573 1870 5637 perfecisti
1907 5576 2160 5628 laudem?

584 5647 867 5718 Perfeciin
898 5654 1396 5721 autetnsignilicat:
1431 5656 1732 5714 Perfectum
1776 5672 1826 5716 ct
1862 5666 2158 5721 absolutam

2263 5489 2534 5558 μάρτυρα,
2573 5495 2663 5542 xz".
2699 5493 2842 5557 ὑμᾶς
2877 5494 3232 5562 ἀποδείκνυμι
3267 5495 3297 5561 ἦ
3330 5495 3566 5564 ἀμαθεῖς
3590 5497 3622 5563 ἦ
3661 5494 3846 5560 φθονε-

2262 5579 2406 5648 ρούς.
2448 5584 2558 5633 Ηῦκ
2606 5584 2875 5650 ἀνέγνιιιτε
2909 5588 3043 5653 γὰρ,
3083 5589 3164 5639 ὅτι
3205 5588 3297 5638 Ἐκ
3337 5590 3605 5655 στόματος
3641 5587 3849 5657 νηπίων

2264 5673 2353 5722 καὶ
2411 5673 2753 5736 Originum
2806 5680 3117 5746 κατηρτίσω
3173 5674 3350 5743 aii-Iov;
3413 5684 3763 5747 Ιιίιτηέιτίσω
3794 5679 3846 5733 δὲ

657 5843 731 5903 4η.)
775 5834 906 5890 Ειέίί.
934 5836 1050 5889 Ιιιιι.
1088 5849 1132 5891 i‘l
1176 5840 1348 5894 ινίιυίυδ
