4030 6566
589 459 692 526 διδ

1420 459 1994 524 THEOPHYLACTI
2033 457 2437 519 ΒΗΙΒΑΒΙᾸΞ
2479 459 2826 519 ARCHIEP.

3731 437 3848 503 376

595 577 857 643 taveritis,
885 594 991 635 non
1022 577 1190 654 solum
1219 577 1321 632 hoc
1345 576 1486 644 quod
1511 575 1707 630 accidit
1738 574 1882 639 (icui,
1908 571 2153 636 facietis};
2183 616 2190 629 .

2294 573 2320 625 ὸ
2362 573 2460 640 τῆς
2505 570 2676 635 συκῆς
2723 569 2996 636 ποιήσετε,
3044 562 3181 615 ἀλλὰ.
3231 559 3335 612 κᾶν
3371 557 3446 627 τῷ
3494 557 3610 625 δρει
3663 552 3852 621 τούτῳ

596 660 790 723 verum
810 670 967 724 etiam
987 671 1031 724 si
1061 669 1228 723 monti
1249 667 1372 722 huic
1397 665 1661 728 dixeritis,
1696 664 1928 726 Tollere,
1950 675 2004 716 et
2030 676 2157 730 pro-

595 762 701 829 )ice
732 773 783 816 te
813 762 866 815 in
899 775 1068 824 mare,
1095 760 1202 814 flet.
1240 759 1304 812 Et
1327 760 1506 813 omnia
1535 771 1870 827 quaecunque
1899 753 2162 824 petieritis

598 855 649 908 in
727 853 1102 921 deprecatione
1166 852 1466 912 credentes,
1531 850 1828 918 accipietis.
1891 867 1908 899 ι
1975 846 2160 914 Magna

597 943 792 999 Christi
821 957 980 1010 quam
1018 940 1293 1010 discipulis
1320 943 1428 1003 dat,
1473 939 1783 1007 promissio,
1821 937 1961 1006 quod
1995 934 2165 1002 possi-

599 1049 718 1088 mus
763 1043 972 1087 montes
1012 1031 1330 1096 transferre,
1387 1032 1429 1083 si
1487 1047 1590 1084 non
1627 1029 1863 1095 ambigui
1909 1025 2165 1079 fuerimus

601 1126 724 1189 ﬁde,
765 1135 817 1177 et
850 1124 1303 1178 hmsitaverimus.
1350 1121 1693 1188 Quaecunque
1725 1118 1866 1171 enim
1916 1114 2166 1183 petiveri-

601 1233 722 1271 mus
759 1217 892 1270 citra
928 1216 1318 1270 haesitationem
1351 1216 1577 1268 fidentes
1606 1213 1797 1267 divina:
1831 1211 2035 1270 virtuti,
2076 1223 2163 1260 ac-

602 1309 882 1375 cipiemus.
917 1309 1115 1371 Etiam,
1149 1308 1342 1375 inquit,
1375 1306 1418 1359 si
1448 1306 1792 1375 petiverimus
1813 1315 1867 1356 et
1897 1301 2034 1369 quod
2064 1315 2166 1353 non

604 1397 976 1461 conducibile,
1023 1398 1237 1450 credam
1290 1405 1474 1459 autem,
1518 1395 1838 1459 insipienter
1889 1391 2030 1456 quod
2070 1390 2168 1441 hoc

608 1491 735 1544 mibi
783 1491 870 1543 det
902 1490 1179 1553 Dominus,
1217 1487 1553 1561 accipiamne
1589 1485 1751 1551 igitur
1778 1491 1830 1536 et
1867 1481 1996 1533 illud
2026 1479 2166 1546 quod

607 1581 732 1634 mibi
761 1596 865 1634 non
899 1577 1152 1647 expedit?
1181 1577 1322 1631 Dens
1350 1576 1512 1644 igitur
1535 1572 1802 1643 quomodo
1833 1571 2166 1633 misericors,

604 1668 649 1722 si
679 1669 891 1735 quidem
924 1684 1094 1722 meam
1125 1668 1456 1735 petitionem,
1492 1679 1611 1733 quae
1636 1662 1763 1716 mihi
1794 1677 1898 1716 non
1929 1663 2168 1730 prodest,

608 1759 899 1828 adimplet?
939 1759 1074 1814 Audi
1105 1774 1254 1828 ergo.
1290 1758 1528 1810 Primum
1558 1771 1677 1810 cum
1707 1754 1941 1806 audieris
1978 1752 2168 1815 fidem,

607 1867 712 1906 non
745 1851 961 1904 stultam
998 1852 1140 1904 illam
1177 1849 1334 1903 iidem
1359 1891 1374 1914 ,
1409 1848 1503 1903 sed
1535 1862 1653 1901 eam
1680 1861 1796 1916 quae
1823 1859 2008 1898 revera
2043 1843 2172 1897 fides

2261 665 2472 733 εἴπητε,
2503 662 2738 732 Ἀρθητι
2757 662 2848 712 καὶ
2866 658 3091 727 βλήθητι
3113 655 3190 714 εἰς
3219 651 3317 722 τὴν
3352 649 3654 708 θάλασσαν,
3679 649 3856 710 γεντ-

2265 772 2432 817 σεται,
2474 756 2567 808 καὶ
2599 755 2772 805 πάντα
2803 753 2900 804 ὅσα
2945 750 3010 802 ἂν
3043 747 3303 814 αἰτήσητε
3335 745 3392 795 ἐν
3429 743 3495 809 τῇ
3542 740 3849 809 πφσευῄ,

2263 849 2630 907 πιστεύοντες,
2663 845 2918 914 λήψεσθε.
2960 862 2977 894 ι
3003 839 3228 907 Μεγάλη
3266 838 3297 906 ἡ
3322 834 3416 890 τοῦ
3441 831 3680 901 Χριστοῦ
3707 830 3848 898 πρὸς

2271 943 2387 1003 τοὺς
2418 939 2661 1009 μαθητὰς
2709 935 3032 1003 ἐπαγγελία,
3063 933 3124 986 τὸ
3153 932 3220 984 τὰ
3246 931 3346 999 δρη
3389 926 3650 997 μεθιστᾷν
3678 925 3853 976 65v:-

2268 1033 2424 1091 σθαι.
2472 1032 2566 1084 ἐὰν
2600 1031 2672 1100 μὴ
2709 1027 3099 1098 διακριθῶμεν,
3135 1022 3418 1080 τουτέστι,
3459 1017 3812 1083 διστάσωμεν
3836 1029 3849 1042 ·

2265 1126 2363 1178 ὅσα
2413 1127 2520 1193 γὰρ
2571 1121 2830 1189 αἰτοῦμεν
2869 1119 3204 1179 ὰδιστάκτως
3248 1111 3600 1172 πιστεύοντες
3638 1110 3702 1177 τῇ
3753 1107 3851 1160 τοῦ

2266 1213 2397 1266 Θεοῦ
2433 1212 2690 1280 δυνάμει,
2723 1207 3027 1278 ληψόμεθα.
3061 1205 3190 1268 Ναὶ,
3222 1202 3354 1270 φησὶ
3378 1243 3390 1262 ,
3426 1199 3520 1254 καὶ
3564 1199 3659 1250 ἐὰν
3690 1197 3855 1265 αἰτή-

2269 1305 2448 1374 σωμαί
2479 1322 2529 1355 τι
2565 1302 2903 1371 ἀσύμφορον,
2940 1296 3179 1351 πιστεύω
3207 1295 3263 1348 δὲ
3301 1294 3542 1358 ἀνοήτως
3575 1290 3656 1343 ὅτι
3681 1287 3851 1340 δώσει

2273 1414 2358 1464 μοι
2382 1394 2540 1446 τοῦτο
2568 1393 2595 1444 6
2628 1393 2758 1452 Θεὸς
2779 1433 2792 1452 ,
2824 1387 2931 1460 ἆρα
2961 1388 3206 1457 λήψομαι
3240 1386 3332 1438 καί
3369 1385 3544 1434 ἐκεῖνο
3571 1380 3634 1433 τὸ
3664 1378 3852 1445 ἀσύμ-

2270 1505 2464 1557 φορονς
2497 1487 2604 1538 Καὶ
2635 1485 2750 1547 πῶς
2778 1481 3156 1550 φιλάνθρωπος
3184 1477 3212 1528 6
3243 1477 3393 1537 Θεὸς,
3429 1473 3545 1539 είγε
3575 1472 3637 1524 τὸ
3667 1470 3850 1538 ἀσύμο

2271 1581 2435 1650 φορόν
2460 1597 2560 1649 μου
2589 1578 2798 1647 αἴτημα
2833 1574 3068 1642 πληροῖ;
3113 1572 3312 1623 Ἀκουε
3345 1566 3456 1619 οὖν.
3491 1563 3718 1633 Πρῶτον
3753 1560 3852 1629 μιν

2270 1673 2374 1735 ὅτι,
2410 1672 2536 1723 ὅταν
2568 1667 2805 1736 ἀκούσῃς
2839 1665 3040 1727 πίστιν,
3071 1661 3192 1729 οὐχὶ
3213 1659 3309 1726 τὴν
3325 1658 3570 1726 ἀνόητον,
3595 1653 3736 1706 ἀλλὰ
3757 1651 3860 1711 τὴν

2272 1759 2456 1820 δντως,
2483 1761 2621 1811 νοεῖν
2643 1756 2896 1824 ὀφείλεις·
2929 1755 3023 1805 καὶ
3053 1748 3359 1818 προσευχὴν
3389 1746 3631 1814 ἐκείνην,
3663 1743 3765 1812 τὴν
3788 1742 3856 1793 τὰ

2279 1851 2622 1922 συμφέροντα
2651 1848 2996 1916 αἰτουμένην,
3028 1843 3101 1905 ὡς
3130 1843 3156 1894 6
3187 1840 3390 1909 Κύριος
3420 1834 3735 1906 παρέδωκε,
3767 1832 3856 1922 λέο

608 1952 713 2009 est,
742 1945 942 2010 accipe,
968 1952 1022 1997 et
1043 1942 1473 2012 deprecationem
1517 1940 1659 1994 illam
1693 1954 1810 2008 qua:
1841 1937 1990 1990 utilia
2023 1937 2174 2004 petit.

2294 1903 2414 2011 rwrv:
2442 1903 2578 2010 ιιΜὴ
2610 1903 3102 2011 είσενέχκῃςὴνμᾶς
3134 1934 3212 1994 είς
3239 1903 3562 1999 πειρασμὸν,
3595 1923 3733 1976 ἀλλὰ
3765 1921 3862 1991 ρὖ

611 2037 747 2090 sicnt
776 2036 990 2088 tradidit
1029 2035 1287 2088 Dominus
1316 2035 1538 2086 dicens:
1579 2050 1596 2082 ι
1629 2029 1704 2084 Ne
1742 2030 1962 2082 inducas
1993 2042 2092 2079 nos
2125 2028 2174 2079 in

614 2128 996 2189 tcntationem,
1027 2127 1116 2180 sed
1152 2126 1317 2178 libera
1363 2139 1462 2177 nos
1487 2138 1516 2174 a
1551 2122 1689 2175 malo
1712 2121 1758 2153 “
1787 2140 1798 2174 :
1836 2139 1854 2171 ι
1892 2129 1946 2173 et
1971 2134 2089 2186 quae
2126 2119 2176 2171 in

613 2234 676 2273 ea
696 2218 936 2270 oratione
956 2226 1082 2269 sunt
1118 2217 1303 2269 verba.
1334 2214 1554 2281 Insuper
1589 2214 1710 2266 vide
1737 2223 1791 2265 et
1820 2211 2042 2265 verbum
2072 2210 2179 2262 lia:-

615 2309 928 2362 sitaveritis.
957 2308 1089 2359 Nam
1125 2305 1214 2374 qui
1249 2305 1434 2358 unitus
1470 2301 1627 2356 fuerit
1661 2301 1767 2356 Deo
1795 2342 1809 2365 ,
1845 2309 1897 2354 et
1929 2314 2066 2353 unus
2100 2307 2181 2351 est

617 2414 738 2452 cum
783 2399 893 2460 illo,
921 2407 973 2452 et
1013 2413 1115 2450 non
1158 2397 1425 2450 discretus
1457 2404 1510 2448 et
1552 2402 1868 2460 separatus,
1915 2389 2182 2460 quomodo

619 2499 762 2559 petet
785 2490 924 2558 quod
957 2489 1146 2542 inutile
1176 2487 1295 2542 est?
1323 2485 1475 2540 Unde
1501 2485 1546 2540 si
1582 2482 1794 2538 indivisi
1821 2492 1873 2535 et
1906 2480 2182 2534 indiscreti

620 2580 879 2634 fuerimus
905 2594 935 2633 a
966 2581 1096 2641 Deo,
1124 2575 1478 2632 conducibilia
1507 2586 1752 2644 petemus
1784 2590 1810 2625 a
1848 2571 1977 2636 Deo,
2015 2581 2068 2624 et
2097 2585 2186 2623 ac-

621 2672 903 2740 cipiemns.

694 2762 855 2815 Vsus.
890 2760 1077 2815 23-27.
1113 2778 1131 2811 ι
1180 2759 1244 2812 Et
1275 2774 1395 2813 cum
1435 2761 1671 2812 venisset
1700 2756 1755 2809 in
1789 2754 2065 2824 templum,
2098 2769 2187 2804 ac-

624 2862 897 2907 cesserunt
921 2854 984 2904 ad
1011 2866 1132 2905 eum
1170 2851 1450 2904 docentem
1479 2849 1748 2918 principes
1775 2846 2110 2900 sacerdotum
2137 2855 2188 2896 ct

625 2943 868 2997 seniores
903 2942 1116 3010 populi,
1151 2943 1392 2995 dicentes
1421 2959 1433 2993 :
1469 2941 1582 3005 Qua
1617 2939 1936 2991 auctoritate
1971 2937 2080 2990 lucc
2112 2935 2186 2987 fa-

626 3033 741 3088 cis?
763 3044 814 3087 et
844 3035 961 3101 quis
995 3033 1084 3085 tibi
1117 3033 1263 3085 dedit
1295 3034 1453 3084 istam
1503 3028 1918 3083 attetoritatem?
1951 3028 2163 3090 Restion

629 3127 758 3180 deos
787 3135 961 3178 autem
983 3124 1164 3188 Jesns,
1197 3125 1332 3177 dixit
1361 3124 1439 3174 eis
1465 3141 1476 3175 :
1513 3111 1863 3190 lutei-rogabo
1895 3135 1988 3170 vos
2017 3130 2066 3170 et
2094 3133 2193 3185 ego

2280 2052 2368 2088 σαι
2399 2035 2543 2103 ἡμᾶς
2577 2032 2685 2084 ἀπὸ
2713 2030 2808 2083 τοῦ
2849 2026 3085 2097 πονηροῦ
3112 2065 3126 2088 ,
3168 2042 3186 2075 ι
3219 2021 3310 2074 καὶ
3338 2021 3437 2072 ὅσα
3467 2017 3566 2084 τῆς
3597 2013 3863 2080 τοιαύτης

2280 2124 2444 2193 εύχῆς
2479 2126 2693 2193 ρήιιατα
2717 2137 2730 2149 ·
2769 2120 2956 2172 ἔπειτα
2993 2119 3093 2185 δρα
3136 2112 3230 2166 καὶ
3257 2111 3356 2180 τὴν
3392 2108 3535 2170 λέξιν
3567 2105 3686 2166 τοῦ,
3736 2107 3865 2156 Δια-

2281 2217 2524 2287 κριθῆτε.
2575 2216 2630 2267 '0
2666 2213 2772 2282 γὰρ
2803 2211 3079 2280 ἡνωμένος
3109 2206 3185 2274 τῷ
3214 2203 3334 2272 Θεῷ
3356 2244 3370 2263 ,
3401 2201 3495 2254 καὶ
3525 2199 3582 2252 ἒν
3618 2197 3694 2250 ὢν
3726 2195 3862 2264 πρὸς

2283 2312 2515 2370 ἐκεῖνον,
2546 2308 2639 2359 καὶ
2671 2306 2742 2373 μὴ
2767 2301 3068 2371 διακριθεὶς
3099 2299 3195 2351 καὶ
3225 2295 3539 2366 χωρισθεὶς,
3568 2290 3686 2352 πῶς
3710 2289 3779 2341 ἂν
3805 2287 3866 2339 τὸ

2283 2398 2599 2467 ἀσύμφορον
2624 2395 2901 2463 αἰτήσαιτο
2926 2409 2939 2454 ς
2964 2390 3105 2444 ὥστε
3125 2389 3219 2442 ἐὰν
3255 2385 3547 2456 ἀχώριστοι
3579 2382 3676 2435 καὶ
3708 2379 3866 2434 ἀδιά-

2284 2506 2460 2558 κριτοι
2479 2482 2630 2554 ὦμεν
2661 2484 2754 2536 τοῦ
2781 2483 2916 2537 Θεοῦ
2938 2523 2952 2545 ,
2987 2482 3109 2534 τότε
3160 2479 3230 2532 τὰ
3257 2476 3607 2548 συμφέροντα
3640 2471 3863 2542 αἰτησό-

2289 2581 2424 2652 μεθα
2458 2581 2551 2632 καὶ
2580 2577 2886 2647 ληψόμεθα.

2364 2778 2381 2807 ι
2418 2757 2524 2809 Καὶ
2556 2754 2760 2808 ἐλθόντι
2797 2751 2947 2819 αὐτῷ
2977 2751 3056 2810 είς
3085 2747 3146 2800 τὸ
3181 2747 3348 2817 ἱερὸν,
3379 2743 3690 2814 προσῆλθον
3719 2741 3870 2809 αὖτῷ

2288 2850 2587 2902 διδάσκοντι
2625 2848 2674 2898 οἱ
2699 2844 2972 2914 ἀρχιερεῖς
3000 2839 3091 2892 καὶ
3115 2839 3164 2890 οἱ
3195 2836 3558 2905 πρεσῦύτεροι
3589 2834 3686 2887 τοῦ
3716 2833 3870 2897 λαοῦ,

2289 2941 2556 3006 λέγοντες·
2594 2937 2682 2989 Ἐν
2707 2937 2834 3003 ποίᾳ
2860 2933 3074 3002 ἐξουσία
3100 2932 3271 2985 ταῦτα
3308 2931 3513 2990 ποιεῖςς
3544 2927 3641 2978 καὶ
3669 2927 3754 2986 τίς
3790 2941 3871 2976 σοι

2292 3031 2456 3083 ἔδωκε
2484 3029 2580 3099 τὴν
2603 3028 2848 3091 ἐξουσίαν
2870 3025 3104 3089 nam;
3145 3019 3487 3087 Ἀποκριθεὶς
3509 3018 3565 3069 δὲ
3590 3019 3618 3069 6
3663 3016 3874 3082 Ἰησοῦς

2295 3119 2444 3174 εἶπεν
2464 3122 2663 3181 αὐτοῖς·
2701 3114 3159 3186 Ἐρωτήσιιικὰγὼ
3183 3115 3325 3180 ὑμᾶς
3353 3111 3509 3177 λόγον
3536 3110 3654 3166 ἕνα.
3685 3108 3746 3160 ὃν
3779 3106 3875 3159 ἐὰν

627 3215 902 3286 quiddam,
925 3216 1067 3284 quod
1101 3216 1142 3268 si
1180 3212 1424 3267 dixeritis
1447 3212 1600 3273 mihi,
1635 3221 1687 3264 et
1719 3227 1816 3279 ego
1843 3210 1992 3263 vobis
2022 3210 2190 3261 dicam

2300 3214 2488 3279 εἴπητέ
2527 3231 2642 3281 μοι,
2681 3210 2834 3277 κάγὼ
2867 3210 2994 3277 ὑμῖν
3027 3207 3134 3275 ἐρῶ
3175 3208 3230 3258 ἐν
3269 3203 3396 3274 ποίᾳ
3442 3200 3662 3270 ἐξουσίᾳ
3703 3199 3878 3252 ταῦτα

2406 3307 2427 3310 ,Δ
2496 3304 2551 3310 _..
2604 3304 2624 3310 -
2649 3305 2658 3310 .
2932 3301 2967 3310 .-
3033 3300 3044 3310 ι
3263 3296 3307 3310 ,Α
3405 3290 3430 3310 τ
3545 3294 3557 3310 ς
3575 3292 3598 3310 Ρ
3651 3309 3658 3310 κ
3680 3293 3692 3308 I
3758 3309 3776 3310 η
3821 3307 3836 3310 Α
3853 3290 3874 3300 δ

627 3323 731 3377 qua
756 3310 1081 3362 auctoritate
1103 3309 1218 3360 haec
1238 3306 1453 3359 faciam.
1483 3302 1789 3371 Baptismus
1813 3301 2033 3355 Joannis
2058 3301 2196 3353 unde

630 3399 843 3454 eratie
874 3399 1032 3462 caelo,
1069 3413 1134 3451 an
1171 3413 1236 3451 ex
1283 3396 1631 3450 hominibus?
1659 3392 1728 3448 At
1762 3396 1833 3447 illi
1890 3393 2198 3461 cogitabant

631 3492 772 3560 aqud
800 3505 880 3552 se,
903 3491 1182 3544 dicentes:
1210 3486 1264 3540 Si
1288 3486 1586 3539 dixerimus
1613 3499 1642 3539 e
1665 3486 1823 3548 caelo,
1848 3486 1989 3538 dicet
2020 3484 2195 3545 nobis,

631 3579 807 3647 Quare
841 3595 969 3648 ergo
1006 3594 1113 3632 non
1145 3577 1453 3632 credidistis
1504 3577 1576 3629 illi
1599 3576 1745 3634 ?.Sin
1780 3587 1959 3628 autem
1997 3575 2198 3628 dixeri-

634 3688 774 3738 mus,
806 3687 870 3726 ex
904 3670 1242 3730 hominibus,
1276 3669 1528 3722 timemus
1560 3669 1790 3721 turbam.
1823 3667 2024 3721 Omnes
2058 3669 2200 3720 enim

635 3764 906 3819 habebant
932 3761 1194 3816 Joannem
1233 3771 1291 3814 ut
1328 3762 1666 3828 prophetam.
1719 3760 1781 3811 Et
1819 3760 2202 3826 respondentes

634 3853 757 3910 Jcsu
784 3856 1034 3907 dixerunt
1058 3871 1070 3906 :
1093 3852 1390 3906 Nescimus.
1429 3852 1583 3921 113
1609 3852 1809 3904 Aitillis
1828 3862 1881 3904 et
1906 3852 2018 3918 ipse
2054 3869 2066 3904 :
2097 3849 2204 3902 Nec

638 3961 738 4013 ego
767 3946 888 3999 dico
915 3946 1066 3998 vobis
1091 3960 1194 4011 qua
1227 3943 1550 3997 auctoritate
1588 3944 1695 3995 lucc
1731 3941 1950 3995 faciam.
1998 3960 2016 3992 ι
2056 3941 2204 3994 luvi-

640 4037 829 4100 dentes
852 4034 1143 4102 legispcriti
1169 4032 1292 4086 Jesn
1319 4032 1457 4098 quod
1483 4030 1735 4100 eiecisset
1755 4044 1784 4082 e
1817 4029 2016 4098 templo
2042 4043 2203 4093 nego-

641 4128 871 4186 tiantes.
907 4132 1252 4178 accesserunt
1287 4125 1349 4175 ad
1395 4139 1539 4188 eum,
1576 4131 1628 4176 et
1672 4122 1795 4174 talia
1836 4121 2079 4189 qnzedam
2114 4134 2203 4172 ro-

641 4226 903 4284 gaverunt
929 4236 939 4269 :
969 4217 1098 4284 Quis
1127 4230 1187 4270 es
1209 4226 1262 4268 tu
1283 4215 1372 4284 qui
1396 4231 1424 4268 e
1450 4217 1648 4280 templo
1667 4215 1816 4281 cjicis
1833 4211 2204 4284 negotiantes?

643 4309 890 4378 Nunquid
923 4309 1022 4362 hoc
1049 4308 1182 4361 facis
1214 4317 1269 4358 ut
1299 4307 1592 4360 sacerdos?
1614 4307 1680 4357 At
1703 4316 1754 4357 tu
1782 4306 1996 4373 quidem
2025 4318 2205 4356 sacer-

645 4398 876 4451 dotalem
922 4396 1234 4464 dignitatem
1267 4410 1370 4447 non
1423 4394 1607 4449 babes.
1653 4392 1791 4446 Num
1843 4392 1943 4446 bo'c
1982 4394 2112 4445 facis
2148 4403 2207 4445 ut

648 4505 738 4543 rex
763 4489 784 4540 τ
813 4487 1098 4541 Enimvero
1114 4500 1286 4552 neque
1319 4501 1406 4538 rex
1444 4502 1523 4550 es,
1559 4502 1729 4554 neque
1758 4487 1800 4539 si
1829 4501 1997 4544 esses,
2025 4486 2209 4539 liceret

2302 3307 2459 3359 ποιῶ.
2495 3304 2567 3356 Τὸ
2602 3304 2882 3372 βάπτισμα
2932 3300 3177 3352 Ἰωάννου
3210 3296 3372 3347 πόθεν
3404 3290 3508 3363 ἧν;
3543 3292 3599 3356 ἐξ
3642 3290 3878 3359 οὖρανοῦ

2298 3395 2330 3466 ἢ
2363 3395 2421 3458 ἐξ
2452 3393 2752 3460 ἀνθριῖιπων
2774 3407 2786 3454 ;
2811 3391 2874 3441 (li
2901 3391 2955 3442 δέ
2983 3387 3338 3452 διελογίζοντο
3369 3384 3497 3451 παρ’
3523 3382 3765 3442 ἑαυτοῖς,
3793 3379 3881 3429 λέ-

2301 3499 2505 3551 γοντες⁸
2542 3481 2668 3534 Ἐὰν
2707 3482 2971 3549 εἴπωμεν,
3010 3477 3068 3542 ἐξ
3091 3474 3345 3546 οὐρανοῦ,
3388 3475 3498 3542 ἐρεῖ
3520 3474 3653 3540 ἡμῖν
3676 3488 3689 3500 ο
3725 3469 3880 3522 Διατὶ

2299 3573 2392 3629 οὖν
2451 3575 2550 3627 οὐκ
2599 3571 2955 3625 ἐπιστεύσατε
3003 3569 3185 3637 avrti);
3248 3568 3372 3619 Ἐὰν
3415 3566 3471 3616 δέ
3515 3565 3789 3633 εἴπωμεν,
3823 3565 3878 3626 ἐξ

2302 3665 2636 3736 ἀνθρώπων,
2712 3662 3022 3732 φοϐούμεθα
3098 3660 3192 3711 τὸν
3249 3657 3440 3727 ὄχλον·
3504 3657 3712 3718 πάντες
3773 3656 3879 3723 γὰρ

2305 3758 2485 3827 ἔχουσι
2519 3755 2611 3806 τὸν
2654 3754 2906 3820 Ἰωάννην
2937 3751 3010 3811 ὡς
3046 3750 3354 3819 προφήτην.
3401 3747 3509 3800 Καὶ
3550 3745 3881 3813 ἀποκριθέν-

2304 3866 2392 3910 τες
2429 3847 2505 3917 τῷ
2552 3845 2724 3913 Ἰησοῦ
2763 3842 2934 3895 εἷπονο
2975 3843 3087 3893 Οὐκ
3119 3841 3363 3907 οἴδαμεν.
3405 3838 3547 3906 Ἔφη
3576 3837 3765 3897 αὐτοῖς
3792 3835 3882 3888 καὶ

2306 3940 2498 4000 αὐτός’
2527 3938 2658 3991 Οὑδέ
2680 3935 2790 4001 ἐγὼ
2818 3934 2960 3999 λέγω
3003 3933 3132 4001 ὑμῖν
3176 3932 3234 3982 ἐν
3277 3928 3405 3997 ποίᾳ
3445 3927 3665 3997 ἐξουσίᾳ
3711 3926 3881 3978 ταῦτα

2307 4029 2462 4083 ποιῶ.
2506 4047 2522 4076 ι
2563 4025 2886 4085 Φθονοῦντες
2932 4026 2978 4075 οἱ
3018 4019 3462 4089 νομοδιδάσκαλοι
3508 4018 3592 4070 ὅτι
3627 4017 3881 4080 ἐξέϐαλεν

2307 4120 2414 4173 ἀπὸ
2457 4117 2546 4170 τοῦ
2597 4114 2741 4185 ἱεροῦ
2787 4114 2909 4174 τοὺς
2964 4109 3402 4181 καπηλεύοντας,
3483 4109 3882 4176 προσέρχονται

2308 4211 2618 4281 ἐρωτῶντες
2656 4207 2816 4258 αὑτὸν
2855 4205 3029 4257 τοιάδε
3077 4205 3219 4267 τινὰ,
3255 4203 3331 4262 ὡς
3364 4202 3459 4264 Τίς
3497 4201 3564 4254 σὺ
3600 4201 3883 4260 ἐκϐάλλεις

2309 4303 2418 4356 ἀπὸ
2462 4300 2554 4354 τοῦ
2609 4297 2752 4367 ἱεροῦ
2805 4297 2928 4358 τοὺς
2980 4292 3576 4364 πραγματευομένους;
3621 4287 3773 4362 *Αρα
3813 4290 3885 4349 ὼς

2313 4390 2526 4460 ἱερεύςς
2569 4391 2663 4442 καὶ
2726 4386 2831 4458 μὴν
2879 4385 3157 4454 ἱερατικὴν
3184 4383 3358 4453 ἀρχὴν
3402 4380 3503 4432 οὐκ
3547 4380 3715 4448 ἔχεις.
3761 4373 3885 4446 Ἆρ’

2312 4479 2403 4536 οὖν
2430 4482 2502 4543 ὡς
2535 4478 2823 4549 βασιλεύς;
2857 4476 2947 4528 καὶ
2972 4477 3076 4544 μὴν
3106 4474 3229 4527 οὒτε
3265 4473 3519 4542 βασιλεὺς
3543 4468 3619 4536 εἴ,
3641 4470 3768 4524 οὔτε
3795 4471 3887 4523 ἐὰν

647 4580 743 4634 tibi
779 4580 892 4632 haec
923 4577 1120 4632 facere.
1168 4576 1278 4629 Non
1313 4577 1454 4628 enim
1497 4578 1622 4632 licet
1660 4579 1872 4648 regibus
1909 4579 1960 4630 in
2008 4577 2190 4644 templt

2313 4575 2578 4642 ὑπῆρχες,
2630 4569 2756 4636 ἐξῆν
2808 4584 2890 4619 σοι
2930 4566 3154 4618 τοιαῦτα
3207 4567 3410 4616 ποιεῖν’
3451 4565 3511 4616 οὐ
3553 4566 3666 4631 γὰρ
3713 4563 3888 4627 ἔξεστι

648 4667 760 4720 lucc
790 4681 966 4732 agere.
991 4662 1396 4733 Interrogabant
1425 4674 1601 4718 autem
1635 4669 1746 4720 haec
1778 4682 1806 4718 a
1850 4666 2097 4726 Domino,
2128 4677 2203 4726 ut,

650 4757 692 4809 si
716 4756 926 4824 quidem
955 4755 1160 4808 diceret
1185 4772 1199 4806 :
1227 4755 1339 4808 Mea
1367 4765 1629 4822 potestate
1661 4755 1771 4809 lucc
1799 4755 1952 4819 facio,
1983 4770 2207 4808 accusa-

651 4857 770 4900 rcnt
816 4862 936 4900 eum
972 4855 1029 4899 ut
1072 4845 1359 4912 rebellem,
1399 4856 1451 4900 et
1478 4846 1748 4915 propriam
1797 4856 2113 4916 potestatem
2150 4859 2207 4900 se

656 4939 852 4992 habere
890 4938 1175 4992 dicentem.
1213 4938 1305 4992 Sin
1339 4949 1515 4994 autem
1553 4941 1749 4993 diceret
1788 4957 1800 4991 :
1845 4941 2025 4992 Divina
2057 4952 2208 5009 pote—

655 5042 790 5085 state
822 5030 933 5084 bmc
967 5029 1122 5096 facio,
1163 5032 1485 5084 abducerent
1529 5033 1595 5084 ab
1623 5047 1684 5084 eo
1723 5033 1934 5095 turbas,
1975 5031 2117 5084 illum
2154 5040 2210 5083 nt

659 5123 822 5176 Deum
845 5123 1144 5184 laudantes,
1162 5133 1550 5178 monstrantes:
1569 5123 1704 5178 Ecce
1723 5121 1881 5177 Jesus
1899 5123 1982 5174 ille
2007 5139 2108 5175 non
2133 5133 2215 5175 cst

659 5214 820 5276 Dens,
855 5214 946 5266 sed
988 5223 1251 5279 potestate
1286 5215 1374 5267 Dei
1409 5214 1522 5268 haec
1570 5214 1695 5268 facit
1727 5225 1789 5267 ut
1827 5229 2034 5268 servus.
2081 5213 2216 5278 Quid

659 5299 821 5368 igitur
863 5299 1111 5356 Christus
1162 5304 1392 5370 ipsamet
1444 5307 1751 5374 sapientia?
1799 5307 2227 5379 Comprehendit

658 5391 934 5460 sapientes
975 5393 1026 5446 in
1060 5397 1292 5450 versutia
1323 5413 1418 5451 sua
1469 5400 1532 5462 θ’,
1578 5409 1630 5452 et
1674 5401 1968 5473 interrogat
2013 5418 2107 5458 eos
2160 5406 2227 5460 de

659 5482 865 5536 Joanne
895 5487 1114 5551 similia,
1153 5498 1206 5538 ut
1232 5489 1275 5540 si
1309 5492 1524 5558 quidem
1580 5492 1819 5546 dicerent
1853 5513 1865 5548 :
1900 5497 1940 5549 E
1969 5497 2106 5551 cmlo
2129 5496 2229 5551 fuit

659 5576 972 5643 praedicatio
995 5576 1240 5642 Joannis,
1267 5584 1750 5651 comprobarentur
1776 5584 1880 5640 Deo
1907 5587 2226 5654 adversarii,

659 5666 800 5718 uund
835 5665 976 5718 illam
999 5683 1105 5719 non
1126 5672 1506 5735 suscepissent.
1535 5673 1588 5721 Si
1623 5682 1796 5726 autem
1818 5691 1884 5728 ex
1919 5677 2228 5732 hominibus

719 5832 764 5856 “⁹
790 5829 972 5885 nialtit.
1014 5851 1084 5894 vr,
1124 5835 1204 5888 15.
1285 5837 1321 5866 ⁸¹
1354 5836 1514 5890 lCor.
1555 5855 1630 5901 ιιι,
1669 5839 1748 5892 i9.

2312 4665 2484 4718 ταῦτα
2511 4665 2618 4723 τοῖς
2652 4659 2958 4732 βασιλεῦσιν
2982 4660 3038 4709 ἐν
3069 4656 3198 4726 ιερῷ
3225 4657 3505 4724 πράττειν.
3545 4652 3807 4722 ’Πρώτων
3837 4653 3888 4704 δὲ

2313 4755 2484 4808 ταῦτα
2511 4753 2598 4805 τὸν
2629 4750 2849 4819 Κύριον,
2874 4747 2981 4809 ἵνα,
3007 4746 3100 4798 ἐὰν
3132 4746 3229 4814 μὲν
3267 4743 3416 4814 εἴπῃ,
3448 4744 3530 4794 ὁτι
3567 4742 3658 4794 Ἐν
3686 4743 3753 4811 τῇ
3787 4741 3889 4810 ἐμῇ

2317 4846 2534 4915 ἐξουσίᾳ
2558 4843 2729 4896 ταῦτα
2755 4840 2914 4902 ποιῶ,
2932 4837 3290 4890 διαϐάλλωσιν
3313 4837 3474 4888 αύτὺν
3497 4835 3570 4896 ὡς
3592 4834 3890 4901 ἀντάρτην,

2319 4943 2410 4993 καὶ
2441 4939 2573 4991 ἰδίαν
2606 4934 2851 5000 ἐξουσίαν
2884 4934 3025 5002 ἔχειν
3067 4931 3331 4998 λέγοντα“·
3365 4930 3458 4980 ἐὰν
3507 4928 3561 4980 δὲ
3613 4928 3781 4997 εἴπῃ,
3814 4928 3890 4977 ὅτι

2337 5031 2423 5085 Ἐν
2449 5033 2513 5099 τῇ
2530 5028 2648 5098 θείᾳ
2673 5026 2886 5096 ἐξουσίᾳ
2901 5024 3072 5076 ταῦτα
3085 5023 3245 5085 ποιῶ,
3270 5021 3652 5090 ἁποστήσωσιν
3678 5020 3774 5070 ἀπ’
3801 5021 3893 5069 αύ-

2313 5125 2410 5178 τοῦ
2444 5124 2566 5185 τοὺς
2597 5122 2785 5189 ὄχλους
2813 5119 2938 5180 τοὺς
2967 5115 3269 5185 ὑμνοῦντας
3300 5114 3462 5165 αὑτὸν
3487 5113 3560 5173 ὡς
3594 5111 3754 5176 Θεὸν,
3788 5111 3892 5161 δεῖ·

2315 5214 2502 5281 ξαντες
2526 5215 2635 5274 τοῖς
2665 5210 2840 5278 ὄχλοις
2863 5210 2964 5265 ὅτι,
3007 5206 3132 5258 Ἰδοὺ
3157 5206 3257 5257 οὐκ
3283 5203 3395 5254 ἐστι
3415 5202 3548 5263 Θεὸς
3565 5203 3754 5263 αὐτὸς,
3779 5201 3892 5254 ἀλλ’

2314 5309 2371 5359 ὲν
2399 5309 2463 5375 τῇ
2496 5303 2588 5356 τοῦ
2624 5301 2756 5355 Θεοῦ
2793 5299 3010 5369 ἐξουσίᾳ
3054 5295 3225 5349 ταῦτα
3266 5297 3408 5348 ποιεῖ
3455 5294 3530 5356 ὼς
3567 5293 3776 5355 δοῦλος.
3829 5293 3890 5344 Ti

2313 5389 2405 5446 οὖν
2435 5396 2462 5446 6
2500 5391 2730 5459 Χριστὸς
2764 5390 2796 5457 ἡ
2832 5387 3158 5454 αὑτοσοφία;
3192 5385 3491 5453 Δράττεται
3528 5385 3663 5444 τοὺς
3700 5383 3892 5450 σοφοὺς

2315 5487 2373 5539 ἐν
2398 5487 2464 5555 τῇ
2501 5482 2805 5552 κακουργίᾳ
2836 5481 3034 5541 αὐτῶν,
3069 5479 3162 5532 καί
3192 5479 3373 5546 ἐρωτᾷ
3403 5475 3601 5537 αὐτοὺς
3641 5475 3769 5544 περὶ
3802 5471 3896 5525 τοῦ

2333 5576 2576 5630 Ἰωάννου
2607 5574 2672 5625 τὰ
2707 5574 2886 5641 ὅμοια,
2921 5572 3006 5624 ἵνα
3055 5570 3151 5621 ἐὰν
3189 5567 3287 5636 μὲν
3320 5569 3548 5618 εἴπωσιν
3584 5566 3668 5617 ὅτι
3711 5562 3773 5629 ἐξ
3803 5566 3894 5616 οὒ-

2327 5665 2485 5736 ρανοῦ
2520 5660 2588 5734 ἦν
2620 5665 2679 5716 τὸ
2713 5666 2972 5733 κήρυγμα
3007 5657 3100 5714 τοῦ
3147 5659 3428 5720 Ἰωάννου,
3460 5654 3736 5727 εὐρεθῶσι
3783 5653 3897 5707 θεο-
