4030 6624
285 591 391 654 377

955 590 1414 652 ‘ENARRATIO
1453 590 1536 652 IN
1567 588 1873 652 EVANGE

1992 590 2075 651 IM
2113 590 2507 655 Μ-ΑΤΤΗᾸΞῘ.
2542 614 2616 626 ·-
2653 589 2813 655 CAP.
2855 588 3019 650 XXI.

3496 585 3603 652 378

289 713 478 785 μάχοι.
515 712 592 775 ὼς
625 708 698 782 μὴ
729 707 1166 778 παραδεξάμενοι
1223 709 1382 762 τοῦτο
1412 725 1426 740 ·
1479 707 1576 761 ἐὰν
1617 707 1674 765 δὲ
1704 706 1764 772 ἐξ
1795 707 1881 761 ἀν-

1995 706 2282 771 dicerent,
2333 705 2777 776 periclitarentur
2824 713 3050 776 propter
3103 702 3342 759 turbam.
3397 701 3600 762 Omnes

287 807 529 876 θρώπων
555 807 776 866 εῐπωσι,
811 803 1232 856 κινδυνεύσωσιν
1252 805 1314 856 ὲκ
1345 802 1440 855 τοῦ
1470 801 1653 872 ὄχλου.
1678 803 1890 863 Πάντες

289 901 402 970 γὰρ
442 899 518 961 ὡς
561 898 845 966 προφήτην
894 890 1043 964 εἶχον
1078 893 1170 946 τὸν
1217 890 1496 962 Ἰωάννην.
1533 891 1789 944 Δείκνυσι
1831 889 1887 941 δὲ

289 991 544 1052 ἐντεῦθεν
575 989 603 1042 ὀ
636 987 860 1058 Κύριος,
893 988 976 1040 ὅτι
1010 987 1123 1047 τοῖς
1156 983 1486 1056 κακούργως
1521 983 1802 1056 ἐρωτῶσιν
1828 983 1888 1034 ού

289 1088 374 1142 δεῖ
404 1083 820 1153 ἀποκρίνεσθαι.
855 1081 993 1136 Οὐδὲ
1037 1082 1147 1150 γὰρ
1178 1080 1289 1133 οὐδ’
1343 1078 1509 1142 αὑτὸς
1553 1077 1889 1146 ἁπεκρίνατο

286 1176 404 1240 τοις
436 1173 717 1246 ἐρωτῶσιν
755 1174 921 1228 αὑτὸν
968 1171 1248 1235 Ἰουδαίοις
1281 1173 1338 1225 ὲν
1377 1170 1544 1238 δόλῳ,
1579 1170 1757 1224 καίτοι
1787 1169 1888 1222 οὑκ

283 1265 482 1338 ἠπόρει
515 1263 888 1337 ἀποκρίσεως.
928 1265 1082 1335 Ἅμα
1120 1264 1178 1317 δὲ
1212 1263 1561 1334 μανθάνομεν
1596 1262 1676 1315 ὅτι
1709 1261 1803 1315 καὶ
1830 1259 1889 1312 τὸ

284 1357 484 1413 ιαυτδν
522 1356 932 1425 ἐγκωμιάζειν,
961 1358 1062 1411 οὑκ
1101 1355 1218 1409 ἔστι
1258 1357 1403 1408 κατὰ
1440 1355 1705 1424 Χριστόν.
1753 1352 1886 1406 Ἰδοὺ

283 1451 382 1504 οὖν
403 1452 432 1503 ὁ
459 1450 662 1521 Κύριος
691 1443 995 1520 δυνάμενος
1017 1450 1193 1502 εἰπεῖν
1225 1449 1282 1502 ὲν
1305 1447 1436 1519 ποὶᾳ
1466 1446 1688 1516 ἐξουσία
1713 1443 1888 1497 ταῦτα

283 1550 476 1606 ποιεῖ.
518 1547 619 1598 οὐκ
649 1539 828 1605 εἶπεν,
868 1543 954 1595 ἱνα
984 1541 1059 1610 μὴ
1089 1540 1215 1612 δόξῃ
1249 1539 1445 1594 ἑαυτὸν
1489 1537 1885 1606 ἐγκωμιάζειν.

371 1656 388 1687 ι
424 1635 490 1691 Tt
540 1635 598 1689 δὲ
650 1635 780 1705 ὑμῖν
833 1633 1015 1699 δοκεῖς
1049 1632 1376 1701 Ἀνθρωπος
1399 1626 1511 1701 εἱχε
1551 1629 1719 1682 τέκνα
1753 1627 1885 1680 δύοο

283 1731 384 1782 καὶ
412 1727 728 1800 προσελθὼν
756 1724 834 1796 τῷ
871 1723 1098 1796 πρώτῳ,
1127 1719 1249 1777 εἷπε
1275 1739 1289 1755 ³
1325 1724 1551 1787 Τέκνον,
1581 1721 1762 1788 ὕπαγε
1792 1721 1888 1791 σή-

286 1839 479 1893 μερον,
501 1819 737 1890 ἐργάζου
764 1820 822 1872 ὲν
853 1817 933 1888 τῷ
955 1816 1246 1888 ἀμπελῶνὶ
1288 1833 1412 1886 μου.
1456 1815 1515 1869 Ὀ
1545 1813 1600 1867 δὲ
1649 1814 1888 1884 ἀποκρι-

283 1910 425 1976 θεὶς,
497 1906 651 1967 εἶπεν
675 1927 687 1940 ·
721 1909 797 1962 Ού
860 1909 1020 1963 θέλω.
1056 1908 1329 1976 ’Ὕστερον
1369 1907 1426 1960 δὲ
1477 1905 1888 1978 μεταμεληθεὶς

281 2003 522 2072 ἀπῆλθε.
561 2003 673 2056 Καὶ
717 2001 1031 2073 προσελθὼν
1072 2001 1152 2070 τῷ
1211 2000 1476 2071 δευτέρῳ,
1507 1995 1662 2053 εἶπεν
1697 1998 1884 2052 ὡσαύ-

281 2104 424 2158 τως·
453 2095 479 2146 6
507 2092 562 2147 δὲ
591 2093 938 2162 ἀποκριθεὶς,
967 2087 1121 2145 εἶπεν
1146 2106 1162 2122 ⁸
1215 2089 1386 2159 Ἐγὼ,
1427 2089 1614 2159 κύριε⁶
1658 2088 1754 2143 καὶ
1786 2087 1887 2140 οὑκ

281 2185 521 2255 ἀπῆλθε.
554 2186 651 2248 Tt;
687 2184 879 2239 ἐκτῶν
910 2185 1005 2237 δύο
1063 2184 1288 2251 ἐποίησε
1314 2181 1374 2235 τὸ
1402 2180 1617 2251 θέλημα
1654 2179 1747 2233 τοῦ
1784 2196 1890 2232 πα-

282 2279 455 2351 τρός;
493 2280 762 2346 Λέγουσιν
829 2277 999 2348 αύτῷ-
1058 2279 1118 2330 '0
1153 2277 1396 2346 πρῶτος.
1431 2277 1596 2343 Λέγει
1635 2275 1820 2335 αὑτοῖς
1859 2274 1888 2326 ό

295 2373 541 2442 Ἰησοῦς·
586 2372 760 2441 Ἀμὴν
797 2371 942 2438 λέγω
986 2370 1115 2439 ὑμῖν
1161 2370 1242 2422 ὅτι
1267 2369 1316 2421 οἱ
1376 2367 1608 2421 τελῶναι
1669 2367 1767 2419 καὶ
1830 2367 1884 2418 αἱ

282 2467 487 2534 πόρναι
515 2464 852 2534 προάγουσιν
883 2463 1028 2533 ὑμᾶς
1061 2464 1140 2524 εἰς
1171 2461 1272 2531 τὴν
1297 2459 1577 2530 βασιλείαν
1600 2456 1694 2510 τοῦ
1723 2455 1883 2509 Θεοῦ.

279 2551 459 2613 Ἶιλθε
491 2559 599 2628 γὰρ
626 2556 764 2628 πρὸς
793 2557 939 2626 ὑμᾶς
985 2555 1243 2623 Ἰωάννης
1267 2555 1324 2606 ὲν
1369 2550 1473 2620 ὁδῷ
1505 2548 1884 2618 δικαιοσύνης,

283 2654 381 2706 καὶ
433 2653 533 2706 οὑκ
593 2649 954 2703 ἐπιστεύσατε
1002 2647 1183 2716 αὐτῷ·
1217 2648 1266 2699 οἱ
1301 2646 1356 2698 δὲ
1399 2645 1631 2698 τελῶναι
1688 2644 1783 2696 καὶ
1830 2644 1885 2694 αἱ

281 2744 485 2814 πόρναι
517 2741 851 2809 ἰπὶστευσαν
882 2738 1032 2806 αὑτῴ
1055 2755 1068 2768 ο
1105 2740 1264 2808 ὑμεῖς
1307 2737 1364 2790 δὲ
1404 2737 1603 2800 ἰδόντες
1635 2734 1696 2787 ού
1731 2750 1886 2803 μετεο

287 2833 562 2904 μελήθητε
598 2832 830 2901 ὕστερον
854 2830 950 2884 τοῦ
1010 2829 1305 2883 πιστεῦσαι
1347 2827 1519 2897 αύτῷ.
1566 2846 1582 2878 ι
1617 2825 1722 2879 Δύο
1750 2823 1885 2890 τάγ-

287 2942 436 2995 ματα
465 2924 698 2990 εἱσάγειέ
737 2923 796 2977 ἓν
827 2924 927 2991 μὲν
969 2922 1078 2976 τῶν
1134 2921 1192 2988 ἐξ
1243 2921 1420 2992 ἀρχῆς
1458 2920 1882 2990 ὑποσχομένων·

283 3012 390 3070 οἶοι
410 3011 552 3087 ἦσαν
584 3017 634 3068 οἱ
675 3013 946 3079 Ἰουδαῖοι,
1000 3011 1250 3073 εἰπόντες
1278 3027 1292 3041 ο
1325 3029 1342 3062 ι
1377 3011 1564 3064 Πάντα
1595 3010 1696 3062 ὅσα
1730 3005 1885 3061 εἶπεν

280 3110 310 3160 ὁ
345 3107 478 3168 Θεὸς
508 3108 809 3176 ποιήσομεν
831 3105 926 3160 καὶ
950 3101 1302 3172 ἀκουσόμεθα
1333 3116 1347 3130 ·
1399 3120 1417 3151 ι
1451 3101 1640 3170 ἕτερον
1665 3101 1744 3162 δὲ,
1775 3100 1885 3153 τῶν

281 3201 726 3271 ἀπειθησάντων,
779 3192 892 3252 οἷον
935 3196 1157 3266 πορνῶν
1185 3194 1279 3248 καὶ
1339 3194 1610 3257 τελωνῶν,
1652 3192 1788 3246 ἀλλὰ
1820 3193 1884 3262 δὴ

281 3299 383 3349 καὶ
412 3294 508 3347 τοῦ
542 3292 604 3356 ἐξ
626 3291 794 3345 ἐθνῶν
825 3287 982 3354 λαοῦ,
1024 3290 1074 3342 οἳ
1108 3287 1166 3352 ἐξ
1206 3287 1380 3357 ἀρχῆς
1423 3286 1497 3356 μὴ
1537 3285 1886 3339 ὑπακούσαν-

1997 802 2141 855 enim
2164 811 2219 853 ut
2245 799 2566 868 prOphetain
2593 799 2872 860 habebam
2901 797 3194 853 Joannem.
3225 796 3479 854 Ostendit
3508 815 3602 854 au-

1998 903 2101 946 tem
2136 892 2235 945 hoc
2268 892 2385 945 loco
2423 890 2719 956 Dominus,
2749 891 2893 960 quod
2930 890 3165 957 maligne
3208 889 3601 960 interroganti-

1995 987 2097 1040 bus
2128 1000 2232 1038 non
2274 991 2526 1052 oporteat
2558 983 2916 1051 respondere.
2949 981 3085 1036 Nam
3113 998 3217 1037 nec
3249 983 3364 1052 ipse
3397 983 3601 1038 ludatis

1994 1078 2181 1133 dolose
2235 1078 2702 1145 interrogantibus
2764 1077 3076 1146 respondit,
3138 1077 3392 1147 quamvis
3456 1078 3598 1131 nulla

1995 1171 2359 1240 respondendi
2398 1168 2690 1223 difﬁcultas
2719 1177 2886 1222 esset.
2931 1169 3202 1221 Discimus
3247 1178 3427 1222 autem
3465 1169 3604 1221 inte-

1996 1262 2097 1315 rim
2130 1262 2273 1330 quod
2303 1261 2657 1327 semetipsum
2685 1259 2907 1314 laudare
2940 1275 3044 1312 non
3084 1269 3166 1312 est
3203 1258 3360 1327 juxta
3393 1257 3600 1320 Christi

1994 1355 2320 1409 doctrinam.
2361 1355 2505 1409 Ecce
2545 1353 2806 1408 Dominus
2856 1355 3005 1409 enim
3051 1355 3141 1420 qui
3189 1356 3370 1424 potuit
3421 1357 3603 1408 dicere

1993 1464 2098 1518 qua
2133 1457 2400 1516 potestate
2447 1448 2565 1502 haec
2623 1446 2852 1514 faceret,
2887 1462 2993 1502 nou
3023 1447 3197 1512 dixit,
3243 1463 3313 1504 ne
3358 1449 3600 1517 seipsum

1993 1539 2218 1593 laudare
2237 1540 2534 1593 videretur.

2066 1631 2230 1685 Vens.
2265 1630 2512 1706 28—52.:
2550 1630 2689 1698 Quid
2725 1640 2906 1684 autem
2941 1630 3096 1685 vobis
3132 1630 3393 1685 videtur?
3427 1630 3602 1686 Homo

1992 1725 2213 1792 quidam
2245 1723 2482 1779 habebat
2510 1724 2646 1779 duos
2685 1724 2863 1778 lilios:
2896 1732 2950 1778 et
2978 1724 3244 1778 accedens
3265 1725 3332 1776 ad
3359 1725 3599 1793 priorem

1992 1819 2168 1873 dixit:
2208 1818 2330 1881 Fili,
2363 1819 2501 1872 vade
2549 1819 2732 1880 hodie,
2768 1831 2998 1886 operare
3035 1817 3086 1870 in
3139 1818 3295 1871 vinea
3333 1833 3474 1871 mea.
3506 1817 3603 1872 Ille

1950 1949 1954 1952 -
1992 1921 2170 1966 autem
2202 1911 2538 1980 respondens
2570 1911 2676 1964 ait:
2707 1909 2864 1964 Nolo.
2889 1909 3086 1968 Postea
3115 1926 3244 1965 vero
3270 1912 3601 1979 paenitentia

1915 2049 1963 2108 B

1993 2014 2174 2058 motus
2197 2003 2348 2057 abiit.
2376 2005 2658 2060 Accedens
2681 2015 2860 2058 autem
2892 2005 2956 2057 ad
2990 2005 3218 2058 alterum
3244 2006 3379 2057 dixit
3412 2003 3606 2058 simili-

1998 2108 2112 2163 ter;
2138 2107 2193 2152 at
2214 2098 2301 2151 ille
2323 2098 2661 2166 respondens
2679 2098 2751 2153 ait
2785 2116 2796 2151 :
2827 2096 2926 2161 Eo,
2965 2097 3205 2162 domine,
3231 2107 3284 2151 et
3317 2112 3421 2150 non
3445 2096 3599 2151 abiit.

1996 2191 2130 2246 Uter
2157 2208 2186 2244 θ
2214 2193 2423 2245 duobus
2471 2191 2597 2246 fecit
2641 2191 2781 2258 quod
2834 2190 3005 2246 voluit
3060 2190 3252 2254 pater?
3281 2189 3476 2244 Dicunt
3500 2188 3549 2244 ei
3585 2207 3600 2243 :

1995 2283 2170 2338 Prior.
2230 2281 2368 2336 Dicit
2429 2283 2535 2337 illis
2591 2281 2752 2336 Jesus
2787 2304 2797 2336 :
2830 2284 3004 2335 Amen
3060 2282 3184 2335 dico
3237 2282 3411 2345 vobis,
3452 2279 3602 2349 quod

1994 2376 2269 2446 publicani
2299 2387 2353 2430 et
2387 2374 2709 2431 meretrices
2739 2375 3056 2442 praecedunt
3085 2389 3178 2428 vos
3202 2375 3252 2427 in
3284 2389 3450 2443 regno
3481 2372 3600 2428 Dei.

1995 2469 2156 2525 Venit
2187 2471 2331 2524 enim
2353 2470 2418 2522 ad
2454 2485 2547 2539 vos
2576 2467 2818 2523 Joannes
2847 2483 2944 2536 per
2975 2468 3116 2520 viam
3140 2468 3390 2537 iustitiae,
3415 2476 3466 2520 et
3494 2481 3603 2519 non

1997 2564 2315 2620 credidistis
2346 2565 2394 2617 ei
2426 2582 2439 2618 :
2471 2563 2747 2633 publicani
2785 2572 2966 2617 autem
3013 2572 3069 2617 et
3103 2561 3428 2616 meretrices
3475 2575 3604 2613 cre-

1993 2658 2247 2712 diderunt
2291 2658 2364 2712 ei.
2422 2657 2530 2712 Vos
2581 2667 2763 2710 autem
2823 2671 2946 2709 cum
3003 2655 3280 2709 vidissetis
3315 2668 3462 2711 eum.
3495 2666 3602 2704 non

1990 2749 2173 2805 fuistis
2223 2750 2482 2805 commoti
2539 2748 2862 2819 paenitentia
2943 2760 3132 2814 postea
3177 2756 3236 2799 ut
3301 2744 3603 2799 crederetis

1991 2846 2061 2899 ei.
2095 2864 2114 2896 ι
2148 2843 2292 2899 Duos
2325 2844 2545 2898 ordines
2575 2840 2804 2904 inducit,
2833 2855 3002 2894 unum
3033 2838 3305 2909 principio
3340 2836 3602 2905 pollicen-

1993 2936 2150 2999 tium,
2200 2937 2393 3005 quales
2426 2934 2651 2989 fuerunt
2682 2932 2856 2987 Jud:ei
2887 2932 2977 3001 qui
3006 2931 3305 2994 dixerunt;
3341 2947 3361 2981 ι
3398 2928 3596 2981 Omnia

1991 3043 2330 3098 qumcunque
2359 3027 2496 3084 dixit
2544 3028 2707 3094 Deus,
2744 3027 3009 3082 faciemus
3047 3033 3101 3078 et
3143 3023 3540 3088 audiemus";
3578 3039 3597 3071 ι

1992 3119 2226 3172 alterum
2274 3134 2464 3173 eorum
2489 3117 2581 3188 qui
2608 3134 2711 3170 non
2745 3117 2930 3171 statim
2964 3115 3207 3186 persuasi
3233 3124 3379 3176 sunt,
3415 3111 3605 3183 quales

1992 3218 2116 3264 sunt
2173 3210 2495 3264 meretrices
2526 3220 2580 3264 et
2616 3208 2930 3279 publicani,
2965 3220 3015 3261 et
3064 3209 3154 3278 qui
3202 3223 3268 3260 ex
3316 3206 3604 3277 gentilium

1991 3301 2191 3370 populo
2237 3301 2327 3371 qui
2363 3304 2429 3355 ab
2463 3302 2618 3355 initio
2669 3317 2776 3355 non
2829 3300 3157 3355 obedierunt
3205 3299 3472 3354 voluntati
3514 3299 3604 3355 di-

281 3402 379 3447 τες
411 3384 491 3455 τῷ
514 3383 786 3453 θελήματι
811 3379 906 3434 τοῦ
935 3378 1096 3444 Θεοῦ,
1131 3378 1360 3448 ὕστερον
1401 3379 1757 3446 μετέγνωσαν
1787 3379 1881 3432 καὶ

1992 3392 2151 3457 νὶιιαξ,
2182 3402 2369 3459 postea
2419 3401 2606 3445 autem
2657 3392 2995 3461 pmnitudine
3048 3392 3196 3444 ducti
3249 3391 3601 3446 obedierunt.

281 3475 628 3549 ὑπήκουσαν.
656 3475 804 3546 Ὅρα
833 3468 927 3526 οὖν
949 3472 1051 3541 τὴν
1095 3471 1292 3540 σοφίαν
1317 3470 1412 3522 τοῦ
1465 3469 1731 3539 Χριστοῦ.
1769 3471 1883 3523 Ούκ

280 3571 446 3633 εὐθὺς
477 3568 536 3634 ἐξ
566 3566 743 3637 ἀρχῆς
775 3561 931 3619 εἶπεν
984 3565 1168 3627 αὑτοῖς
1219 3563 1300 3617 ὅτι
1351 3562 1677 3634 Κρεὶττονες
1730 3563 1884 3632 ὑμῶν

282 3662 426 3714 εἰσὶν
472 3660 523 3712 οἱ
555 3657 786 3710 τελῶναι
818 3657 913 3710 καὶ
949 3656 1006 3708 αἱ
1039 3655 1263 3726 πόρναι,
1295 3653 1434 3708 ἀλλὰ
1495 3655 1879 3726 προκατέσχεν

282 3754 487 3815 αὐτοὺς
509 3752 601 3804 καὶ
622 3750 988 3821 ὡμολόγησαν
1021 3749 1102 3802 ὅτι
1135 3750 1199 3801 ὲκ
1236 3749 1344 3802 τῶν
1381 3747 1478 3801 δύο
1509 3747 1642 3800 υἱῶν
1674 3749 1882 3812 ἐκεῖνος

280 3847 588 3918 πειθήνιος,
620 3849 648 3899 ὁ
700 3845 937 3914 ποιήσας
977 3843 1056 3901 τὸ,
1081 3841 1295 3911 θέλημα
1357 3839 1453 3894 τοῦ
1504 3841 1736 3912 πατρός.
1768 3838 1886 3894 Εἴθ’

280 3938 458 4000 οὕτως
486 3937 942 4006 ὁμολογησάντων
965 3932 1211 3997 ἐκείνων,
1246 3933 1533 4003 ἐπήγαγεν
1567 3935 1651 3986 ὅτι
1672 3931 1882 3987 Ἦλθεν

294 4033 556 4101 Ἰωάννης
588 4031 644 4082 ὲν
675 4029 780 4098 ὁδῷ
808 4028 1188 4096 δικαιοσύνης,
1222 4028 1527 4094 τουτέστιν,
1578 4029 1636 4080 ἐν
1699 4027 1882 4098 ἀμέμ-

280 4142 403 4193 πτῳ
430 4123 530 4194 βίῳ
553 4141 566 4154 ’
595 4123 697 4175 οὑκ
724 4121 878 4192 ἔχετε
907 4120 1017 4190 γὰρ
1061 4121 1238 4172 εἰπεῖν
1265 4121 1349 4173 ὅτι
1389 4120 1654 4188 ἐπίψογος
1693 4117 1762 4190 ἦν
1786 4121 1884 4183 αὑ-

278 4217 360 4286 τῷ
387 4218 415 4269 ὀ
440 4214 576 4285 βίος,
613 4212 730 4267 ἀλλ’
757 4214 909 4282 ὅμως
940 4213 997 4265 αἱ
1023 4213 1221 4282 πόρναι
1250 4211 1598 4282 ὑπήκουσαν,
1633 4213 1794 4283 ὑμεῖς
1825 4214 1881 4266 δὲ

278 4307 342 4363 οὑ
371 4324 386 4339 ·
420 4307 502 4361 διὸ
541 4306 635 4359 καὶ
666 4292 1007 4373 προάγουσιν
1070 4304 1240 4369 ὑμᾶς,
1297 4304 1568 4366 τουτέστι,
1612 4305 1879 4375 πρότεραι

278 4400 811 4474 ὑμῶνιεὶσέρχονται
843 4398 922 4462 εἱς
966 4398 1066 4464 τὴν
1096 4396 1377 4466 βασιλείαν
1417 4413 1433 4430 ο
1468 4397 1611 4450 ὥστε
1675 4398 1881 4466 ἀγωνὶ-

278 4496 448 4550 σασθε
475 4495 571 4549 καὶ
603 4495 785 4564 ὑμεῖς,
823 4493 912 4544 ἵνα
959 4492 1064 4544 κᾶν
1097 4489 1230 4558 γοῦν
1287 4491 1404 4561 μετ’
1433 4491 1653 4555 ὲκείνας
1703 4491 1879 4545 εἰσέλ-

277 4596 412 4658 θητε
469 4588 564 4641 καὶ
625 4585 784 4640 αὑτοὶ
842 4583 1273 4646 πιστεύσαντεςο
1311 4584 1407 4636 ἐὰν
1443 4584 1500 4637 δὲ
1535 4584 1612 4655 μὴ
1648 4585 1878 4638 πιστεύ-

277 4699 438 4750 σησε.
468 4680 578 4734 οὐδ’
604 4678 744 4741 ὅλως
786 4677 1186 4731 εἱσελεύσεσθε.
1217 4677 1410 4730 Πολλοὶ
1440 4677 1498 4729 δὲ
1556 4679 1653 4730 καὶ
1708 4679 1872 4749 μέχρι

273 4773 373 4827 τοῦ
399 4771 496 4824 νῦν
525 4768 918 4840 ὑπισχνοῦνται
952 4767 1050 4839 μὲν
1079 4768 1156 4840 τῷ
1195 4769 1314 4840 Θεῷ
1339 4770 1434 4822 καὶ
1472 4770 1675 4840 Πατρὶ,
1709 4788 1876 4841 μονα-

275 4869 366 4938 lat
401 4865 566 4936 τυχὸν
594 4863 817 4917 ἔσεσθαι
849 4863 883 4934 ἢ
930 4865 1119 4934 ἱερεῖς,
1161 4863 1300 4932 μετὰ
1331 4864 1388 4917 δὲ
1430 4864 1530 4932 τὴν
1574 4865 1876 4936 ὑπόσχεσιν

277 4955 640 5029 ρᾳθυμοῦσιν.
680 4955 902 5024 ’Έτεροι
931 4953 1010 5017 δὲ,
1043 4952 1347 5023 μοναχικὴν
1385 4955 1485 5029 μὲν
1521 4955 1548 5025 ἢ
1581 4958 1871 5029 ἱερατικὴν

268 5047 557 5118 διαγωγὴν
607 5047 710 5100 ούκ
760 5045 1187 5114 ὲπηγγεὶλαντο,
1236 5047 1552 5117 μοναχικῶς
1577 5050 1633 5102 δὲ
1675 5052 1767 5103 καὶ
1801 5053 1873 5105 ἱε-

275 5140 520 5213 ρατικῶς
574 5139 856 5206 διάγουσιν
882 5153 895 5166 ·
929 5136 1071 5190 ὥστε
1122 5133 1271 5191 οὗτοι
1315 5138 1486 5191 τέκνα
1537 5143 1795 5213 εὐπειθῆ,
1826 5145 1874 5198 οἱ

273 5234 609 5302 πράττοντες
634 5229 737 5283 κᾶν
766 5228 937 5297 μηδὲν
973 5228 1295 5297 ὑπέσχοντο.

349 5343 367 5373 ι
412 5321 617 5390 Ἀλλην
649 5320 966 5392 παραϐολὴν
993 5320 1293 5374 ἀκούσατε.
1337 5323 1662 5392 Ἄνθρωπος
1700 5318 1768 5398 ἦν
1798 5329 1875 5379 οξ-

271 5415 631 5484 κοδεσπότης,
671 5416 819 5476 ὅστις
853 5415 1152 5483 ἐφύτευσεν
1201 5415 1528 5483 ἀμπελῶνα,
1564 5419 1660 5470 καὶ
1725 5437 1872 5489 φρα-

269 5509 416 5580 τμὸν
437 5508 590 5579 αύτῷ
618 5508 937 5579 περιέθηκε,
980 5507 1076 5560 καὶ
1114 5507 1325 5578 ὤρυξεν
1387 5510 1444 5560 ἐν
1498 5511 1647 5580 αύτῷ
1687 5513 1868 5583 ληνόν.

273 5603 388 5656 Καὶ
416 5601 736 5673 ᾠκοδόμησε
770 5601 1002 5670 πύργον,
1040 5602 1134 5653 καὶ
1191 5600 1405 5663 ἐξέδοτο
1480 5604 1646 5657 αὑτὸν
1704 5623 1875 5677 γεωρ-

272 5699 414 5761 γῃῖςς
451 5696 546 5749 καὶ
601 5693 981 5761 ἀπεδήμησεν.
1026 5712 1043 5744 ι
1080 5692 1286 5762 Ἄλλην
1328 5695 1649 5763 παραϐολὴν
1679 5699 1867 5762 αὑτοῖς

272 5785 551 5850 ἐπιφέρει,
588 5781 850 5835 δεικνύων
883 5782 966 5833 ὃτι
1009 5783 1101 5833 καὶ
1127 5783 1327 5851 μυρίας
1355 5784 1675 5854 ἐπιμελείας
1703 5789 1870 5853 ἀξιω-

272 5873 485 5939 θέντες,
530 5874 630 5925 οὑκ
679 5872 1106 5942 ὲὸελτιώθησαν.
1141 5875 1472 5943 Ἄνθρωπος
1514 5877 1624 5947 γὰρ
1653 5882 1870 5935 οἰκοδε-

342 6065 389 6095 ”
429 6060 600 6115 Exod.
639 6073 788 6120 xxvi,
826 6060 878 6110 5.

1994 3485 2129 3540 Vide
2165 3486 2328 3554 igitur
2363 3485 2691 3554 sapientiam
2742 3484 2970 3540 Christi.
3007 3483 3123 3539 Non
3159 3486 3347 3539 statim
3386 3500 3413 3538 ε
3447 3486 3604 3555 prin-

1990 3578 2131 3645 cipio
2176 3578 2316 3631 dixit
2371 3577 2478 3632 illis
2509 3593 2524 3632 :
2562 3576 2832 3648 Meiiores,
2861 3578 3016 3632 vobis
3065 3578 3341 3646 publicani
3379 3589 3510 3630 sunt
3546 3585 3605 3632 et

1990 3671 2348 3726 meretrices:
2379 3670 2476 3725 sed
2527 3671 2680 3742 prius
2726 3672 2870 3738 cepit
2913 3671 3086 3740 ipsos,
3119 3680 3174 3725 et
3204 3669 3438 3725 confessi
3472 3682 3605 3725 sunt

1989 3765 2130 3832 quod
2162 3779 2228 3819 ex
2267 3764 2476 3819 duobus
2523 3765 2647 3818 [iliis
2681 3763 2769 3818 ille
2804 3763 2967 3836 114
2997 3763 3259 3819 obediens
3296 3763 3481 3828 fuerit,
3508 3764 3600 3834 qui

1991 3857 2180 3912 fecerit
2213 3858 2554 3913 voluntatem
2601 3860 2794 3927 patris.
2830 3857 3024 3912 Postea
3076 3859 3166 3913 ubi
3215 3858 3320 3912 hoc
3360 3857 3599 3911 confessi

1990 3948 2235 4013 fuci-unt,
2265 3950 2504 4003 subdidit
2537 3950 2749 4003 venisse
2771 3948 3042 4004 Joannem
3068 3965 3164 4018 per
3190 3951 3332 4004 viam
3350 3948 3599 4014 jUStitim,

1989 4041 2091 4094 huc
2122 4052 2223 4104 est,
2257 4042 2308 4094 in
2339 4042 2444 4094 vita
2481 4025 2946 4111 irrepreliensibili
2975 4059 2988 4095 :
3023 4057 3131 4097 non
3186 4042 3414 4111 p0testis
3453 4041 3599 4096 enim

1986 4135 2170 4189 dicere
2196 4135 2361 4187 vitam
2393 4132 2621 4189 Joannis
2658 4135 2826 4190 fuisse
2877 4135 3368 4206 reprehensibilem
3408 4151 3424 4190 :
3457 4143 3600 4190 atta-

1989 4242 2109 4279 men
2139 4226 2460 4281 meretrices
2491 4227 2925 4291 eiobedieruut,
2977 4243 3074 4282 vos
3114 4239 3295 4281 autem
3333 4243 3478 4293 non;
3510 4230 3596 4282 id-

1985 4319 2135 4372 circo
2163 4327 2213 4371 et
2243 4319 2559 4386 prmcednnt
2588 4334 2705 4382 vos,
2731 4319 2834 4372 hoc
2866 4329 2971 4384 est,
3001 4331 3129 4374 ante
3159 4336 3254 4374 vos
3280 4320 3602 4384 ingrediun-

1991 4420 2078 4463 tur
2120 4411 2173 4466 in
2211 4426 2438 4478 regnum
2476 4412 2739 4465 cuzlorum
2777 4431 2788 4466 :
2827 4414 3067 4467 laborate
3102 4415 3288 4482 itaque
3319 4425 3375 4468 et
3409 4427 3507 4468 vos
3538 4423 3598 4466 ut

1985 4506 2175 4560 saltem
2241 4515 2360 4574 post
2422 4507 2543 4563 illas
2607 4510 2828 4564 intretis
2885 4519 2938 4561 et
3001 4509 3100 4579 ipsi
3163 4510 3505 4573 credentes:
3549 4508 3597 4562 si

1983 4610 2165 4654 autem
2208 4599 2474 4655 increduli
2514 4602 2728 4657 fueritis
2751 4643 2764 4664 ,
2795 4619 3073 4672 nunquam
3109 4602 3409 4657 intrabitis.
3436 4600 3594 4658 Multi

1985 4702 2168 4746 autem
2203 4693 2365 4745 etiam
2401 4693 2563 4747 hodie
2595 4693 2922 4762 pollicentur
2959 4695 3066 4748 Deo
3097 4707 3150 4749 et
3185 4691 3356 4758 Patri,
3399 4710 3596 4749 mona-

1987 4782 2118 4836 chos
2163 4797 2222 4837 se
2253 4781 2469 4838 futuros
2519 4783 2660 4838 forte
2693 4784 2772 4837 vel
2804 4785 3118 4839 sacerdotes
3147 4803 3167 4863 ε..
3195 4795 3316 4854 post
3369 4785 3596 4856 promis~

1989 4875 2198 4929 sionem
2231 4886 2412 4929 autem
2447 4877 2787 4946 negligentes
2820 4889 2966 4935 sunt.
3005 4880 3108 4932 Alii
3148 4890 3330 4935 autem
3368 4895 3590 4935 monas-

1987 4967 2150 5020 ticam
2189 4968 2268 5021 vel
2302 4969 2702 5022 sacerdotalem
2763 4971 2926 5023 vitam
2978 4971 3201 5039 polliciti
3263 4987 3371 5026 non
3442 4982 3591 5036 sunt,

1985 5059 2126 5113 sicut
2183 5059 2431 5112 monachi
2472 5070 2653 5114 tamen
2691 5060 2773 5114 vel
2812 5063 3128 5115 sacerdotes
3165 5061 3353 5116 vivunt
3382 5079 3396 5116 :
3427 5073 3595 5131 atque

1986 5150 2058 5203 ita
2114 5151 2186 5203 illi
2235 5161 2361 5205 sunt
2410 5153 2729 5208 obedientes
2760 5154 2939 5223 pueri,
2993 5155 3085 5223 qui
3123 5153 3333 5209 faciunt
3365 5156 3590 5212 etiamsi

1989 5242 2122 5296 nihil
2162 5244 2536 5311 promiserint.

2062 5334 2221 5388 Vens.
2249 5335 2340 5389 55.
2374 5355 2392 5387 ι
2423 5338 2596 5390 Aliam
2643 5341 2956 5407 parabolam
3008 5341 3217 5396 audite.
3248 5338 3425 5394 Homo
3467 5342 3590 5411 qui-

1987 5426 2108 5478 dam
2153 5439 2270 5478 erat
2312 5427 2729 5495 palel’rzlllliiias,
2779 5432 2870 5498 qui
2930 5433 3193 5501 plantavit
3247 5434 3488 5498 vineam,
3538 5443 3593 5487 et

1983 5532 2168 5586 sepem
2216 5519 2576 5575 circumdedit
2603 5524 2756 5588 ei,et
2803 5524 2940 5578 fodit
2996 5527 3048 5580 in
3097 5541 3160 5582 ea
3223 5527 3487 5589 torcular,
3537 5536 3592 5582 et

1982 5608 2270 5662 :rditicavit
2301 5612 2515 5673 Iurrini,
2542 5623 2594 5665 et
2626 5613 2828 5668 locavit
2853 5631 2974 5670 eam
3013 5619 3292 5686 agricolis,
3322 5633 3387 5683 ac
3429 5632 3588 5685 pere-

1980 5716 2075 5769 gre
2114 5705 2390 5770 profectus
2435 5713 2539 5758 est.
2580 5725 2596 5756 ›
2651 5707 2825 5760 Aliam
2859 5712 3191 5779 parabolam
3253 5715 3334 5767 eis
3394 5710 3579 5775 εὕει-ι,

1979 5796 2275 5849 ostendens
2299 5797 2463 5864 quod,
2493 5797 2620 5853 licet
2659 5775 3180 5882 summd‘diligentia
3214 5806 3294 5860 eis
3336 5804 3582 5859 exhibita

1979 5887 2073 5954 sit,
2100 5902 2207 5942 non
2265 5890 2517 5948 meliores
2568 5893 2694 5948 facti
2751 5895 2976 5950 fuerint.
3008 5896 3181 5952 llum)
3213 5899 3362 5953 enim
3396 5909 3577 5968 pater-
