4030 6642
232 606 340 670 389

879 601 1334 664 ENARRATIO
1374 601 1458 661 IN
1490 598 1815 662 EVANGE]

1924 599 1999 660 [Μ
2042 600 2431 662 ΜΑΤΤΗᾹΞΙ.
2468 626 2539 637 --
2573 602 2737 663 CAP.
2777 601 2978 663 XXII.

3421 603 3530 666 390

230 716 396 771 είκὼν
421 713 561 783 αὕτη
602 714 700 767 καὶ.
724 715 758 783 ἡ
800 712 1127 782 ιπιγραφή;
1193 709 1461 777 Λέγουσιν
1491 707 1661 776 αὐτῷ·
1700 707 1815 761 Καίι

1932 710 2009 772 ei,
2045 706 2304 763 Cmsarfs.
2335 707 2489 764 Tunc
2530 709 2607 762 ait
2639 710 2767 774 illis,
2807 709 3036 765 Reddite
3066 725 3196 779 ergo
3240 724 3361 780 qua:
3398 722 3529 768 sunt

230 825 417 879 σαρος.
454 806 585 859 Τότε
609 805 991 873 λέγειοαύτοῖς·
1043 797 1414 860 ’Δπόδοτεοῦν
1443 800 1513 853 τά
1542 800 1821 871 Καίσαρος

228 903 495 970 Καίσαρι,
532 898 627 952 καὶ
654 900 725 951 τὰ
754 896 851 951 τοῦ
882 898 1021 951 Θεοῦ
1046 895 1125 966 τῷ
1150 895 1293 965 Θεῷ.
1338 896 1451 948 Καὶ
1479 893 1820 956 ἀκούσαντες

224 992 569 1063 ἐθαύμασαν,
606 990 701 1044 καὶ
724 990 954 1060 ἀφέντες
1004 989 1169 1043 αὑτὸν
1195 986 1461 1058 ἀπῆλθον.
1491 1004 1511 1038 ι
1546 984 1819 1056 Νομίζον-

227 1104 321 1150 τες
354 1086 594 1156 μαλάξαι
632 1084 796 1137 αὑτὸν
830 1084 926 1137 καὶ
973 1082 1258 1152 χαυνῶσαι
1288 1084 1402 1145 τοῖς
1433 1080 1702 1141 ἐπαίνοις,
1728 1096 1819 1131 κο-

225 1176 574 1240 λακεύουσιν,
629 1176 717 1229 ῖνα
771 1172 1077 1245 χαυνωθεὶς
1127 1174 1280 1243 είπῃ.
1315 1172 1396 1225 ὅτι
1426 1172 1486 1224 ού
1510 1172 1598 1225 δεῖ
1615 1168 1818 1223 διδόναι

228 1271 323 1323 τὸν
358 1268 545 1339 φρρον,
568 1266 666 1323 καὶ
704 1269 769 1320 ὲκ
796 1265 992 1318 τούτου
1017 1267 1365 1335 κρατήσωσιν
1402 1263 1565 1316 αὐτὸν
1585 1262 1661 1325 ὼς
1692 1280 1819 1315 στα-

227 1362 459 1429 σιαστὴν
536 1360 635 1414 καὶ
692 1359 1018 1413 ἀνασείοντα
1038 1358 1129 1409 τὸν
1156 1356 1284 1411 λαὸν
1326 1358 1464 1410 κατὰ
1490 1356 1580 1408 τοῦ
1612 1356 1820 1408 Καίσαο

228 1468 345 1521 ρος.
370 1450 469 1503 Διά
492 1448 655 1502 τοῦτο
687 1450 779 1501 καὶ
811 1448 934 1510 τοὺς
982 1446 1349 1515 Ἡρωδιανοὺς
1384 1445 1708 1513 ἐπάγονται,
1742 1445 1818 1506 ὡς

219 1543 318 1597 τοῦ
356 1542 625 1612 βασιλέως
648 1541 828 1603 ὕντας,
889 1539 979 1590 ἴνα
1012 1538 1363 1605 κατάσχωσιν
1386 1538 1551 1589 αὐτὸν
1583 1536 1659 1599 ὼς
1687 1554 1819 1589 vste-

219 1637 501 1705 τεριστήν.
554 1634 630 1689 οδ
698 1632 1000 1702 λαμδάνεις
1030 1631 1083 1681 δὲ
1121 1630 1433 1697 πρόσωπον,
1465 1630 1622 1697 φασὶ,
1662 1646 1819 1681 τουτ-

220 1728 395 1790 έστιν,
427 1726 580 1780 οὐδὲν
609 1725 675 1778 ἂν
705 1728 880 1785 εῐποις
922 1722 1060 1789 πρὸς
1090 1722 1252 1791 χάριν
1288 1721 1523 1774 Πιλάτου
1560 1720 1591 1790 ἢ
1637 1719 1812 1789 Ἠρὼο

217 1820 345 1874 ὅου·
398 1819 519 1872 εἰπὲ
570 1812 665 1872 οὖν
724 1817 858 1886 ἡμῖν
896 1853 911 1879 ,
969 1814 1261 1883 ὀφείλομεν
1328 1812 1425 1866 καὶ
1500 1812 1817 1883 ἀνθρώποις

220 1912 507 1975 ὑποτελεῖς
566 1905 728 1972 εἶναι,
767 1909 862 1963 καὶ
916 1908 1106 1978 φέρειν
1140 1907 1326 1968 αὐτοῖς
1347 1905 1409 1960 τὸ
1436 1906 1590 1969 τέλος
1624 1904 1817 1976 ὥσπερ

220 2007 319 2062 καὶ
349 2004 428 2075 τῷ
459 2002 579 2074 Θεῷ
608 2002 670 2055 τὸ
700 2002 1019 2072 δίδραχμον,
1048 2000 1081 2070 ἢ
1126 2002 1271 2071 μόνῳ
1304 1999 1381 2069 τῷ
1406 1997 1526 2069 Θεῷ
1580 1997 1816 2052 τελέσω-

1927 797 2185 864 Οαιεατὶε,
2214 798 2444 863 Caesari,
2474 808 2529 855 et
2571 816 2691 867 quae
2724 810 2853 855 sunt
2888 800 3003 864 Dei,
3048 800 3178 854 Deo.
3214 800 3278 856 Et
3315 799 3400 855 his
3430 816 3530 854 σειν

1930 891 2056 943 ditis
2093 891 2274 944 mirati
2326 904 2473 953 sunt,
2513 902 2567 945 et
2616 892 2822 947 omisso
2856 906 2919 947 eo
2964 893 3242 950 abierunt.
3297 912 3317 945 ι
3366 892 3532 948 Διω-

1932 980 2061 1033 trau'
2110 993 2169 1033 se
2201 980 2548 1034 demulsuros
2589 976 2739 1033 illum
2783 982 3061 1045 laudibus,
3117 983 3431 1047 adulantur,
3470 991 3531 1037 ut

1928 1067 2158 1123 iactatus
2184 1070 2335 1124 dicat
2369 1085 2475 1125 non
2510 1070 2695 1126 deberi
2738 1072 2939 1128 ('aasari
2982 1073 3268 1139 tributum,
3296 1084 3352 1127 et
3400 1075 3529 1131 inde

1928 1161 2398 1223 comprehendant
2434 1176 2557 1217 eum
2599 1174 2861 1232 umquam
2906 1164 3254 1227 seditiosum,
3291 1173 3342 1218 et
3378 1178 3527 1219 com-

1929 1263 2239 1307 moventem
2293 1255 2549 1334 populum
2603 1267 2795 1312 contra
2838 1256 3111 1312 Caesarem
3170 1276 3181 1309 ε
3223 1267 3275 1311 et
3320 1257 3527 1315 ideirco

1932 1344 2275 1401 llerodianos
2333 1364 2521 1403 secum
2564 1350 2861 1414 adducunt,
2913 1352 3005 1420 qui
3059 1353 3187 1421 regii
3244 1362 3427 1415 erant,
3464 1361 3525 1408 ιιι

1927 1439 2458 1505 comprehenderent
2511 1441 2659 1494 illum
2717 1443 2878 1510 quasi
2940 1456 3120 1497 rerum
3178 1453 3521 1498 novittorem.

1926 1525 2043 1581 Non
2101 1531 2325 1599 respicis
2372 1544 2663 1601 personam
2717 1533 3062 1601 cujusquam,
3117 1537 3388 1603 inquiunt,
3425 1536 3529 1593 hoc

1928 1632 2031 1683 est,
2064 1624 2195 1678 nihil
2237 1624 2375 1677 dicis
2416 1625 2468 1678 in
2511 1627 2739 1696 gratiam
2789 1626 3021 1681 llerudis
3066 1640 3163 1682 aut
3210 1628 3387 1682 l’ilati.
3430 1628 3525 1684 Dic

1928 1714 2095 1783 igitur
2126 1717 2306 1781 nobis,
2351 1716 2625 1772 Debemus
2655 1728 2707 1771 et
2732 1718 3043 1773 hominibus
3076 1721 3347 1774 tributarii
3375 1735 3522 1789 esse,

1926 1815 1979 1860 et
2026 1808 2155 1860 dare
2187 1808 2267 1860 eis
2296 1822 2539 1873 censum,
2574 1809 2711 1863 sicut
2748 1819 2804 1864 et
2842 1810 2951 1865 Deo
2986 1810 3407 1865 didrachmum?
3438 1811 3520 1865 An

1926 1898 2025 1952 soli
2086 1898 2194 1953 Deo
2235 1898 2579 1954 tribuemus?
2629 1900 2886 1971 Nunquid
2939 1914 3119 1957 autem
3169 1912 3221 1956 et
3270 1900 3522 1957 Caesari?

1929 1988 2039 2044 lloc
2085 2002 2262 2043 autem
2312 1990 2568 2044 dicebant
2615 1991 2778 2060 (sicut
2810 1992 2968 2058 dixit)
3011 2002 3071 2049 ut
3113 1992 3156 2047 si
3198 1992 3340 2047 dicat
3379 1990 3521 2062 quod

222 2111 359 2165 μενς
388 2093 513 2162 ούχὶ
593 2091 650 2144 δὲ
685 2092 778 2145 καὶ
818 2091 897 2162 τῷ
946 2092 1225 2161 Καίσαρι;
1283 2090 1456 2143 Τοῦτο
1488 2090 1543 2143 δὲ
1608 2090 1815 2156 ἔλεγον,

1927 2098 2032 2134 non
2066 2090 2314 2148 oporteat
2359 2082 2619 2135 tributum
2653 2094 2707 2137 et
2742 2082 2944 2138 Czesarl
2986 2086 3240 2151 pendere,
3268 2099 3526 2153 compte-

219 2181 298 2242 ὠς
328 2179 486 2250 ἔφην,
513 2179 622 2246 ῐνα,
656 2180 750 2232 ἐὰν
770 2181 923 2251 εἴπῃ,
951 2180 1031 2233 ὅτι
1050 2180 1112 2234 ού
1156 2181 1237 2232 δεῖ
1268 2180 1439 2232 τελεῖν
1460 2178 1538 2250 τῷ
1557 2181 1817 2249 Καίσαρι,

219 2272 565 2326 συλλάβωσιν
624 2272 789 2325 αὐτὸν
824 2273 918 2325 καὶ
950 2270 1373 2336 ἀποκτείνωσιν,
1418 2272 1492 2335 ὡς
1516 2275 1646 2335 τοὺς
1690 2274 1816 2343 περὶ

216 2363 428 2419 Θευδᾶν
493 2364 590 2419 καὶ
623 2364 845 2432 Ἰούδαν,
905 2367 1037 2428 τοὺς
1074 2365 1336 2434 λέγοντας
1391 2366 1465 2436 μὴ
1494 2366 1605 2419 δεῖν
1667 2365 1819 2419 θύειν

219 2458 365 2528 ὑπὲρ
395 2456 491 2510 τοῦ
544 2456 811 2528 ὀνόματος
852 2459 946 2509 τοῦ
976 2457 1296 2527 Καίσαρος·
1340 2458 1369 2509 δ
1402 2456 1458 2512 δὲ
1500 2456 1707 2527 Ἰησοῦς
1728 2457 1817 2510 διά

214 2547 317 2601 τοῦ
353 2548 765 2604 ἐντετυπῶσθαι
795 2548 872 2619 τῷ
893 2549 1193 2619 νομίσματι
1233 2549 1324 2603 τὸν
1349 2551 1630 2620 Καίσαρα,
1696 2550 1817 2601 πεί·

220 2637 311 2693 θει
334 2640 533 2701 αὐτοὺς
566 2639 643 2703 ὼς
665 2641 748 2692 δεῖ
775 2640 854 2710 τῷ
911 2642 1150 2712 Καίσαρι
1211 2641 1527 2696 ἀποδιδόναι
1557 2643 1625 2695 τὰ
1690 2644 1816 2695 ὲαυ-

214 2728 338 2795 τοῦ,
398 2731 668 2797 τουτέστι,
728 2731 796 2785 τὰ
828 2731 1021 2803 ἔχοντα
1077 2735 1177 2803 τὴν
1227 2732 1395 2785 αὑτοῦ
1448 2734 1672 2789 εἰκόνα·
1726 2734 1819 2787 καὶ

220 2823 285 2877 ιν
345 2826 459 2886 τοῖς
504 2827 843 2895 σωματικοῖς
923 2826 1020 2881 καὶ
1068 2829 1182 2888 τοῖς
1239 2824 1351 2894 ἔξω
1414 2827 1816 2881 ὑποτάττεσθαι

215 2911 300 2985 τῷ
364 2914 733 2984 βασιλεύοντι,
802 2917 863 2969 ἐν
906 2916 963 2971 δι
1015 2919 1129 2981 τοῖς
1182 2916 1292 2971 ἔσω
1350 2920 1444 2973 καὶ
1510 2937 1815 2990 πνευματι-

215 3009 369 3069 κοῖς,
416 3006 493 3076 τῷ
560 3008 704 3079 Θεῷ.
756 3011 848 3061 Δεῖ
907 3010 963 3062 δὲ
1033 3012 1127 3063 καὶ
1187 3010 1333 3064 οὕτω
1387 3015 1553 3076 νοεῖν,
1588 3014 1663 3077 ὡς
1733 3014 1817 3066 δεῖ

214 3096 452 3151 ἱκαστον
511 3099 671 3169 ἡμῶν
696 3101 766 3153 τά
813 3100 907 3154 τοῦ
962 3103 1261 3174 Καίσαρος,
1324 3104 1598 3169 τουτέστι,
1626 3104 1695 3157 τὰ
1720 3104 1814 3157 τοῦ

214 3189 477 3257 δαίμονος
536 3191 634 3244 τοῦ
696 3192 804 3246 τῶν
845 3195 995 3247 κάτω
1041 3196 1403 3266 κρατοῦντος,
1443 3196 1593 3266 αὑτῷ
1620 3197 1816 3267 ἐκείνῳ

216 3280 534 3334 ἀποδιδόναι
582 3283 676 3337 καὶ
731 3287 1114 3357 προσρίπτειν.
1149 3282 1276 3341 Οἷον
1310 3288 1455 3361 ἔχεις
1505 3288 1677 3358 θυμὸν
1707 3288 1816 3341 ἀπὸ

1926 2175 2165 2227 liendaut
2205 2189 2327 2227 eum
2370 2184 2425 2228 et
2469 2175 2723 2233 occidant
2768 2194 2781 2229 :
2818 2176 2957 2230 sicut
2993 2174 3277 2233 Tlteudam
3317 2186 3374 2232 et
3417 2176 3515 2231 Ju-

1923 2266 2069 2328 dam,
2103 2266 2193 2335 qui
2238 2267 2490 2320 dicebant
2536 2282 2640 2321 non
2696 2268 3119 2323 sacrilicandum
3166 2284 3267 2339 pro
3299 2270 3525 2324 nomine

1921 2354 2174 2410 Cal-saris.
2208 2355 2369 2412 Jesus
2406 2367 2587 2413 autem
2615 2374 2713 2429 per
2755 2358 2859 2413 hoc
2887 2362 3031 2429 quod
3069 2361 3359 2429 figuratum
3400 2372 3523 2415 erat

1921 2448 2191 2510 numisma
2235 2447 2470 2517 imagine
2515 2450 2772 2511 Caesaris.
2831 2454 3125 2520 persuadet
3174 2452 3281 2508 illis
3335 2452 3521 2511 deberi

1921 2535 2125 2591 Ca-sari
2172 2553 2291 2609 qua:
2329 2538 2450 2608 ejus
2501 2550 2651 2605 sunt,
2698 2542 2798 2597 hoc
2839 2550 2945 2608 est,
2995 2558 3115 2613 quae
3169 2545 3366 2611 habent
3402 2545 3520 2615 ejus

1923 2626 2234 2695 imaginem.
2281 2630 2347 2685 Et
2381 2631 2431 2685 itt
2473 2632 2853 2701 corporalibus
2895 2645 2949 2687 et
2993 2636 3046 2688 iit
3096 2638 3343 2692 externis
3387 2638 3522 2692 obe-

1921 2721 2177 2775 dientium
2210 2732 2296 2778 est
2345 2724 2458 2794 regi
2495 2740 2510 2780 :
2547 2726 2601 2778 iu
2637 2726 2869 2781 internis
2902 2737 3086 2781 autem
3131 2737 3187 2781 et
3221 2727 3523 2797 spirituali-

1921 2812 2044 2877 bus,
2104 2814 2236 2868 Deo.
2292 2814 2447 2870 Licet
2500 2831 2684 2871 autem
2737 2828 2792 2871 et
2841 2820 2923 2872 sic
2974 2819 3304 2889 intelligere,
3376 2822 3521 2890 quod

1920 2919 2169 2977 Oporteat
2216 2922 2659 2977 unumquemque
2689 2917 2935 2963 nostrum
2980 2924 3043 2963 ea
3078 2924 3199 2978 qua:
3236 2920 3364 2963 sunt
3393 2907 3516 2963 Car.-

1920 2999 2084 3064 saris,
2124 3003 2226 3055 hoc
2250 3010 2355 3065 est,
2393 3000 2677 3067 dazmouis,
2722 3000 3068 3069 infer-uorum
3114 3002 3405 3072 principis,
3440 3001 3521 3059 illi

1919 3092 2023 3163 ipsi
2084 3094 2339 3159 reddere,
2382 3103 2438 3148 et
2472 3092 2713 3162 obiicere
2761 3111 2777 3149 :
2828 3106 2885 3148 ut
2953 3094 3187 3163 exempli
3238 3096 3434 3166 gratia,
3476 3096 3522 3150 si

1919 3188 2087 3242 babes
2120 3188 2256 3241 iram
2290 3200 2318 3240 a
2352 3187 2589 3253 Ca'sare,
2627 3188 2793 3250 reiice
2825 3202 2944 3241 eam
2985 3188 3038 3241 in
3075 3187 3250 3254 illum,
3284 3190 3523 3244 irascere

1920 3292 2109 3334 contra
2146 3280 2346 3349 ipsum,
2381 3282 2459 3333 sic
2488 3280 2693 3349 pmeris
2723 3288 2779 3334 et
2809 3295 2871 3333 ea
2912 3279 3074 3351 120
3102 3295 3225 3350 qua:
3254 3291 3379 3333 sunt
3401 3277 3521 3343 Dei,

214 3371 315 3427 τοῦ
367 3374 669 3445 Καίσαρος,
724 3377 884 3447 palm
929 3378 1120 3433 τοῦτον
1150 3380 1240 3433 ἐπ’
1271 3382 1457 3445 αὑτὸν,
1527 3379 1815 3449 Θυμώθητι

1924 3372 2033 3427 Deo
2065 3374 2312 3428 reddere.
2357 3372 2491 3427 Item
2544 3373 2670 3442 quia
2705 3373 2954 3444 duplices
2988 3388 3178 3429 sumus
3218 3389 3343 3439 nos,
3375 3385 3430 3428 et
3455 3390 3520 3431 ex

214 3464 342 3517 κατ’
392 3465 583 3519 αὐτού·
624 3467 768 3522 οὕτω
807 3471 918 3539 γὰρ
975 3471 1181 3543 δυνήσῃ
1215 3474 1307 3525 καὶ
1336 3474 1403 3525 τὰ
1432 3470 1527 3527 τοῦ
1552 3471 1691 3525 Θεοῦ
1731 3472 1811 3543 τῷ

214 3556 340 3629 Θεῷ
364 3556 680 3634 ἀποδοῦναι.
710 3560 871 3613 Ἀλλά
893 3563 1003 3630 μὴν
1034 3564 1129 3615 καὶ
1160 3563 1329 3615 διττοὶ
1361 3564 1512 3626 ὄντες
1539 3565 1720 3634 ἡμεῖς,
1753 3565 1817 3617 ἐκ

217 3646 401 3716 ψυχῆς
419 3632 533 3717 γ’ἀρ
551 3650 646 3700 καὶ⁵
666 3648 921 3718 σώματος
952 3652 1347 3723 συνιστάμεθα,
1377 3652 1455 3721 τῷ
1477 3632 1573 3722 μὲν
1602 3654 1815 3723 σώματι

215 3737 296 3799 ὡς
330 3739 594 3811 Καίσαρι,
645 3740 935 3810 ὀφείλομεν
963 3740 1263 3811 διατροφὰς
1294 3745 1389 3796 καὶ
1416 3744 1813 3815 σκεπάσματα.

212 3828 297 3898 τῷ
326 3827 382 3880 δὲ
410 3831 466 3882 ὲν
498 3831 632 3903 ἡμῖν
660 3829 942 3904 θειοτέρῳ,
975 3834 1046 3885 τά
1080 3834 1334 3902 ἁρμόδια.

293 3937 314 3972 ι
359 3922 448 3974 Ἐν
480 3923 662 3995 ἐκείνῃ
695 3925 763 3996 τῇ
794 3925 979 3996 ἡμέρα
1030 3926 1339 3997 προσῆλθον
1386 3927 1537 3999 αὐτῷ
1582 3928 1815 3982 Σαδδου-

214 4015 388 4077 καῖοι,
406 4015 454 4066 οἱ
477 4013 725 4082 λέγοντες
760 4016 836 4087 μὴ
872 4012 1012 4070 εἶναι
1060 4020 1359 4073 ἀνάστασιν
1383 4061 1397 4085 ,
1442 4023 1536 4073 καὶ
1590 4020 1813 4090 ἐπηρώ-

212 4122 391 4171 τησαν
414 4106 598 4177 αὐτὴν,
656 4106 908 4175 λέγοντες
930 4125 942 4138 ·
992 4109 1313 4169 Δ.δάσκαλε,
1348 4112 1553 4181 Μωσῆς
1603 4108 1757 4165 εἶπεν
1780 4129 1795 4144 ο

228 4196 357 4251 Ἐάν
381 4213 465 4260 τις
505 4198 753 4270 ἀποθάνῃ
806 4198 880 4270 μὴ
929 4200 1069 4269 ἔχων
1106 4202 1296 4264 τέκνα,
1327 4203 1764 4273 ἐπιγαμϐρεύσει
1790 4208 1817 4258 ὁ

215 4289 453 4357 ἀδελφὸς
509 4288 674 4343 αὑτοῦ
725 4292 824 4361 τὴν
848 4295 1083 4362 γυναῖκα
1136 4293 1327 4361 αὑτοῦ,
1364 4297 1460 4350 καὶ
1511 4297 1816 4367 ἀναστήσει

218 4380 452 4450 σπέρμα
483 4379 561 4449 τῷ
584 4380 798 4450 ἁδελφῷ
830 4381 1021 4435 αὑτοῦ.
1062 4378 1251 4436 Ἦσαν
1275 4384 1330 4437 δὲ
1363 4387 1495 4455 παρ’
1522 4388 1654 4457 ἡμῖν
1675 4387 1819 4441 ἑπτά

218 4470 468 4538 ἀδελφοὶ,
497 4473 591 4525 καὶ
620 4474 649 4525 δ
686 4472 923 4544 πρῶτος,
964 4480 1222 4545 γαμήσας
1257 4479 1601 4549 ὲτελεύτησε’
1626 4481 1720 4532 καὶ
1740 4479 1815 4552 μὴ

218 4561 363 4633 εχων
395 4564 642 4633 σπέρμα,
676 4566 861 4635 ἀφῆκε
892 4566 990 4638 τὴν
1014 4572 1251 4636 γυναῖκα
1289 4571 1457 4625 αὑτοῦ
1498 4573 1576 4644 τῷ
1602 4574 1816 4643 ἀδελφῷ

216 4654 410 4708 αὐτοῦ·
441 4656 643 4725 ὁμοίως
668 4658 763 4711 καὶ
798 4660 826 4711 ὀ
852 4658 1127 4730 δεύτερος,
1162 4662 1302 4715 καὶὸ
1332 4665 1537 4733 τρίτος,
1564 4664 1671 4728 ἕως
1706 4664 1814 4718 τῶν

1923 3468 2104 3520 anima
2161 3480 2505 3535 corporeque
2550 3468 2961 3536 constituimur,
3013 3466 3231 3537 corpori
3283 3467 3436 3522 cibos
3467 3476 3525 3521 et

1922 3560 2182 3614 amictum
2234 3568 2292 3611 ut
2322 3556 2526 3613 Caesari
2564 3557 2825 3613 debemus
2863 3558 3167 3619 :divjniori
3197 3568 3379 3614 autem
3430 3573 3525 3616 nov

1920 3661 2049 3707 stne
2080 3652 2244 3721 parti,
2275 3666 2397 3720 qua
2429 3658 2487 3705 et
2518 3650 2594 3705 illi
2624 3660 2955 3723 congruunt.

1990 3922 2157 3979 Vsus.
2202 3921 2393 3978 25-28.
2438 3941 2457 3974 ι
2504 3921 2562 3976 lu
2612 3923 2706 3978 illo
2753 3920 2841 3978 die
2890 3931 3246 3978 accesserunt
3280 3922 3346 3976 ad
3391 3936 3518 3981 eum

1919 4017 2227 4081 Sadducei,
2275 4018 2367 4084 qui
2398 4015 2588 4069 dicunt
2642 4030 2748 4068 non
2793 4030 2917 4069 esse
2952 4014 3433 4080 resurrectionem,
3465 4026 3523 4067 et

1918 4112 2395 4179 interrogaverunt
2437 4122 2585 4173 eum,
2637 4108 2925 4161 dicentes:
2973 4106 3254 4177 Magister,
3304 4105 3520 4177 Moyses

1921 4201 2087 4261 dixit,
2126 4201 2187 4252 Si
2226 4200 2350 4268 quis
2407 4210 2655 4252 mortuus
2703 4198 2869 4252 fuerit
2919 4214 3029 4253 non
3078 4198 3284 4253 habens
3326 4198 3517 4264 lilium,

1919 4293 2082 4348 ducat
2113 4292 2281 4347 frater
2318 4293 2435 4361 ejus
2476 4307 2703 4346 uxorem
2738 4293 2904 4357 illius,
2946 4303 3002 4347 et
3046 4293 3279 4349 suscitet
3328 4308 3517 4350 semen

1922 4386 2077 4441 fratri
2112 4400 2233 4440 suo.
2273 4384 2444 4439 Erant
2479 4398 2660 4439 autem
2713 4386 2855 4455 apud
2904 4401 3005 4441 nos
3037 4398 3245 4455 septem
3297 4385 3517 4450 fratres,

1917 4490 1973 4533 et
1992 4480 2199 4549 primus
2227 4494 2396 4533 uxore
2423 4480 2583 4533 ducta
2611 4477 2899 4532 defunctus
2930 4487 3014 4534 est
3039 4497 3052 4533 :
3081 4494 3145 4534 ac
3172 4495 3277 4533 non
3310 4480 3518 4535 habens

1919 4584 2128 4633 semen,
2168 4568 2387 4637 reliquit
2418 4584 2643 4623 uxorem
2685 4584 2841 4624 suam
2884 4569 3039 4623 fratri
3075 4584 3178 4625 suo
3214 4587 3226 4623 :
3263 4569 3521 4625 similiter

1920 4658 2197 4714 secundus
2224 4669 2275 4714 et
2307 4659 2520 4727 tertius,
2546 4676 2719 4729 usque
2750 4662 2818 4715 ad
2848 4662 3163 4731 septimum.
3198 4661 3512 4717 Novissime

218 4747 385 4801 ἑπτά.
421 4747 689 4818 ’Υστερυν
722 4749 780 4803 δὲ
805 4751 1023 4805 πάντων
1081 4754 1321 4807 ἀπέθανε
1376 4760 1469 4808 καὶ
1497 4758 1689 4827 ήγυνή
1720 4773 1733 4786 ·
1760 4758 1815 4810 ὲν

1926 4759 2107 4804 autem
2144 4752 2385 4815 omnium
2435 4752 2696 4807 defuncta
2744 4763 2830 4807 est
2877 4753 3121 4809 mulier:
3166 4754 3220 4807 in
3271 4740 3519 4809 resurre-

216 4842 286 4909 τῇ
319 4835 413 4893 οὖν
430 4840 748 4907 ἀναστάσει,
769 4842 915 4906 τίνος
937 4844 1047 4896 τῶν
1064 4846 1203 4899 ἑπτὰ
1226 4846 1379 4902 ἐσται
1405 4852 1541 4919 γυνή
1560 4866 1573 4913 ;
1608 4850 1815 4913 Πάντες

217 4931 333 5000 γὰρ
359 4930 517 5000 ἐσχον
540 4933 734 5005 αὐτήν.
757 4951 778 4985 ι
822 4934 1359 5008 Ἐπιστομισθέντων
1376 4941 1485 4993 τῶν
1502 4927 1817 5012 Φαρισαίων

220 5022 321 5074 σὺν
371 5024 483 5084 τοῖς
528 5024 906 5091 Ἠρωδιανοῖς,
941 5029 1104 5081 πάλιν
1132 5031 1181 5082 oi
1211 5031 1563 5086 Σαδδουκαῖοι
1617 5036 1816 5105 πειρά-

220 5112 425 5177 ζουσιν.
462 5114 685 5183 Αἵρεσις
716 5117 771 5169 δὲ
796 5112 865 5188 ἦν
887 5121 1098 5175 τούτων
1144 5122 1346 5175 τοιάδε’
1395 5123 1497 5177 οὐκ
1532 5124 1817 5181 ἐπίστευον

220 5201 345 5255 οὔτε
366 5204 687 5273 ἀνάστασιν,
711 5206 837 5261 οὒτε
865 5209 1110 5280 πνεῦμα,
1146 5211 1272 5265 οὒτε
1291 5213 1547 5281 ἄγγελον,
1580 5215 1817 5268 ἀπεναν-

220 5296 347 5360 τίας
365 5296 481 5357 τοῖς
512 5297 832 5369 Φαρισαίοις
873 5300 1235 5373 διακείμενοι·
1274 5308 1509 5374 πρᾶγμα
1540 5306 1633 5359 οὖν
1687 5326 1814 5360 συν-

219 5389 439 5442 τιῢέασι
472 5388 549 5461 μὴ
580 5391 894 5461 γενόμενον.
947 5394 1049 5458 Θὲς
1112 5398 1220 5467 γὰρ
1289 5399 1371 5450 ὅτι
1401 5400 1449 5451 οἱ
1484 5398 1576 5453 δύο
1623 5399 1817 5455 ἔλαϐον

222 5480 417 5551 αὐτὴν,
447 5482 542 5533 καὶ
574 5482 871 5547 ἀπέθανον,
901 5486 1017 5549 πῶς
1046 5486 1112 5539 ἂν
1138 5490 1165 5540 ὁ
1188 5490 1365 5559 τρίτος
1396 5492 1495 5543 ούκ
1524 5494 1817 5546 οίωνίσατο

223 5576 320 5627 καὶ
344 5576 622 5627 ἀπείπατο
649 5576 739 5627 τὸν
764 5578 963 5645 γάμον,
995 5583 1108 5643 τοῖς
1132 5582 1239 5650 πρὸ
1268 5583 1434 5637 αὑτοῦ
1468 5584 1814 5652 παιδευθείςς

224 5663 564 5718 Πλάττονται
589 5665 634 5717 δ’
664 5662 757 5718 οἷον
781 5669 1019 5737 οἰόμενοι
1067 5672 1159 5722 τὸν
1190 5673 1428 5743 Χριστὸν
1468 5678 1546 5740 εἰς
1582 5678 1817 5741 ἀπορίαν

223 5755 511 5823 ἰμὸαλεῖν,
540 5756 629 5810 ῖνα
663 5758 760 5827 τὴν
788 5759 1084 5813 ἀνάστασιν
1142 5763 1510 5819 διαϐάλλωσιν
1544 5784 1556 5795 ·
1594 5770 1690 5819 καὶ
1722 5770 1813 5820 τὸν

224 5848 434 5902 Μωσέα
465 5846 545 5917 τῷ
570 5846 851 5917 πλάσματι
876 5850 1055 5903 αὐτῶν
1096 5854 1397 5921 συνήγορον
1452 5858 1815 5925 παραλαμϐά-

221 5954 429 5990 νουσιν.
480 5936 658 5989 Ἐπτά
682 5936 739 5989 δὲ
764 5932 918 5991 εἷπον
952 5934 1091 5993 εἶναι
1122 5943 1251 6004 τοὺς
1273 5942 1563 6013 ἀδελφοὺς,
1593 5948 1678 6000 ἵνα
1723 5951 1817 6001 ἐπὶ

220 6020 386 6085 πλέω
424 6027 809 6097 κωμῳδήσωσι
848 6028 911 6082 τὸ
956 6029 1055 6101 τῆς
1082 6032 1435 6099 ἀναστάσεως
1471 6040 1771 6108 μυστήριον
1797 6058 1809 6071 ο

1920 4844 2105 4900 ctione
2137 4845 2324 4914 igitur,
2352 4843 2506 4911 cujus
2531 4860 2562 4899 e
2600 4855 2807 4914 septem
2842 4845 2953 4901 illis
2982 4849 3090 4902 erit
3117 4846 3292 4901 uxor?
3317 4844 3519 4903 Omnes

1920 4938 2065 4993 enim
2109 4938 2420 4992 habuerunt
2453 4952 2595 4993 eam.
2639 4956 2658 4990 ι
2708 4937 3016 4995 Coul'utatis
3058 4940 3353 4996 Pltaristeis
3393 4955 3518 4994 cum

1920 5029 2260 5091 Herodianis,
2284 5031 2478 5085 iterum
2502 5031 2783 5086 Sadduczei
2818 5041 3049 5087 tentant.
3082 5032 3315 5091 Haeresis
3336 5044 3519 5088 autem

1922 5121 2133 5175 illorum
2184 5132 2300 5175 erat
2347 5123 2469 5176 talis
2513 5139 2527 5176 :
2576 5138 2755 5193 neque
2803 5126 3289 5189 resurrectionem,
3346 5139 3523 5193 neque

1921 5215 2197 5283 spiritum,
2234 5230 2411 5284 neque
2445 5216 2671 5286 angelos
2702 5219 3017 5282 credebant,
3050 5219 3266 5273 diversa
3301 5233 3331 5271 a
3366 5218 3512 5275 Plia-

1926 5308 2098 5360 riszeis
2152 5307 2491 5362 sentiebant.
2556 5308 2690 5362 Rem
2747 5310 2993 5378 lingunt,
3056 5325 3179 5379 qua:
3245 5322 3518 5380 nunquam

1921 5400 2169 5468 c0utigit.
2197 5398 2346 5454 Pone
2390 5402 2537 5455 enim
2572 5403 2714 5470 quod
2762 5404 2869 5456 duo
2900 5392 3213 5472 acceperint
3253 5403 3424 5473 ipsam
3465 5413 3522 5457 et

1923 5492 2118 5545 mortui
2152 5494 2281 5560 sint,
2314 5494 2408 5563 qui
2442 5494 2561 5549 fieri
2594 5496 2765 5565 potuit
2803 5506 2859 5549 ut
2902 5498 3095 5550 tertius
3138 5511 3306 5550 omen
3365 5509 3522 5550 aver-

1922 5598 2051 5638 sans
2096 5587 2313 5655 nuptias
2353 5602 2460 5640 non
2511 5588 2869 5651 recusaverit,
2916 5588 3175 5657 periculis
3212 5592 3520 5658 prtecedeu-

1924 5678 2054 5731 tium
2087 5668 2447 5733 admonitus?
2474 5678 2712 5749 Fingunt
2746 5680 2932 5750 igitur,
2956 5682 3111 5749 quasi
3140 5681 3418 5735 Christum
3459 5682 3513 5733 in

1922 5769 2146 5823 dubiutn
2205 5772 2462 5835 tracturi,
2517 5783 2576 5826 ut
2629 5774 3096 5827 resurrectionem
3149 5784 3401 5842 arguant,
3464 5783 3518 5827 ιιι

1924 5860 2105 5915 Mosen
2134 5861 2390 5933 figmento
2417 5878 2514 5917 suo
2541 5875 2829 5933 patronum
2862 5864 3087 5920 faciant.
3121 5870 3337 5932 Septem
3365 5866 3518 5919 dixe-

1924 5960 2053 6005 runt
2078 5966 2200 6006 esse
2224 5953 2441 6016 fratres,
2468 5957 2705 6011 maxime
2730 5960 3064 6013 incessentes
3098 5959 3516 6011 resurrectionis

1928 6044 2287 6112 mysterium;
2320 6052 2396 6112 et,
2427 6044 2597 6115 Cujus
2636 6064 2699 6103 cs
2733 6050 2861 6115 illis,
2894 6049 3101 6117 dicunt,
3131 6050 3231 6103 crit
3270 6048 3511 6106 mulier?
