4030 6640
151 609 254 675 401
759 615 861 676 EN
865 612 1213 676 ARRATIO
1253 615 1333 675 IN
1374 615 1750 677 EVANGELI

1857 617 1881 676 Ι
1922 614 2315 680 ΜΑΤΤΗιΕΙ.
2361 639 2427 652 -
2452 616 2616 679 CAP.
2649 615 2882 679 XXIII.
3344 615 3454 682 ιοε

153 749 245 794 τος
267 772 281 794 ,
311 725 430 785 εἷτα
452 728 767 803 ἐπιώρκησε
787 775 801 798 ,
829 733 1221 799 κατεδικάζετο
1246 735 1314 788 τὰ
1346 735 1437 788 ῐσα
1460 735 1739 791 ἀποτῖσαι.

1857 732 2214 802 praeferebant
2259 743 2480 802 propter
2529 733 2832 788 hostiarum
2865 733 3036 791 lucra.
3065 731 3296 816 Quod'si
3327 734 3453 803 quis

155 824 231 876 T6
273 824 383 894 γὰρ
411 824 583 895 δῶρον
623 824 718 878 τοῦ
764 825 1153 896 θυσιαστηρίου
1212 827 1528 895 προετίμων
1553 826 1643 879 διὰ
1677 827 1747 880 τά

1857 840 1952 894 per
1974 825 2233 894 templum
2260 826 2450 891 juraus
2492 824 2815 892 pejerasset,
2851 839 2956 878 non
2986 825 3206 893 potuiss:
3229 832 3249 878 t
3273 823 3455 879 simile

151 917 221 970 ἐκ
253 918 363 970 τῶν
404 915 607 970 θυσιῶν
656 917 843 989 κέρδη.
886 919 948 972 Εἰ
978 917 1038 971 δὲ
1081 917 1223 972 κατὰ
1254 917 1349 971 τοῦ
1378 918 1508 971 ναοῦ
1539 918 1748 986 ὀμόσας

1857 915 2056 984 templo
2089 913 2384 980 aediﬁcare,
2415 923 2470 969 et
2513 923 2798 984 propterea
2843 913 3248 982 absolvebatur,
3295 914 3454 970 vide-

152 1004 503 1074 ἐπιώρκησεν
523 1045 538 1068 ,
586 1007 708 1058 ἐπεὶ
735 1007 837 1059 οὐκ
862 1005 1095 1076 ήδύνατο
1127 1008 1316 1078 ὅμοιον
1356 1008 1433 1078 τῷ
1462 1007 1576 1076 ναῷ
1627 1009 1746 1061 κτί-

155 1113 267 1159 σαι,
298 1095 388 1149 διὰ
420 1095 578 1151 τοῦτο
608 1098 874 1152 ἀπελύετο
901 1115 915 1129 ο
958 1100 1056 1154 καὶ
1086 1100 1261 1154 ἐδόκει
1295 1100 1480 1153 λοιπὸν
1510 1098 1745 1170 ἐλαφρό-

152 1204 313 1258 τερος
343 1184 482 1242 εἶναι
509 1191 538 1242 ὀ
557 1191 718 1262 ὅρκος
749 1193 776 1244 6
806 1193 886 1255 είς
916 1191 1008 1246 τὸν
1033 1193 1180 1258 ναὸν,
1215 1194 1302 1246 διὰ
1337 1192 1399 1244 16
1429 1191 1744 1261 φιλοκερδὲς

151 1279 266 1330 τῶν
293 1280 605 1348 Φαρισαίων
630 1297 644 1312 ·
689 1282 785 1334 ἐπὶ
819 1281 918 1351 μὲν
947 1282 1040 1336 οὖν
1069 1284 1170 1353 τῆς
1205 1283 1465 1348 παλαιᾶς,
1502 1284 1582 1335 οὐκ
1617 1297 1746 1350 συγε

154 1373 327 1440 χωρεῖ
353 1373 381 1424 6
419 1373 656 1442 Χριστὸς
697 1375 883 1444 μεῖζον
927 1371 1068 1429 εἶναι
1098 1375 1159 1429 16
1195 1376 1369 1447 δῶρον
1423 1373 1517 1428 τοῦ
1555 1375 1748 1427 θυσια-

154 1462 405 1530 στηρίου,
466 1463 552 1534 ιφ’
609 1466 768 1535 ἡμῶν
835 1467 892 1519 δι
923 1459 1004 1521 ’τὸ
1053 1467 1443 1540 θυσιαστήριον
1486 1467 1592 1520 ὑπὸ
1640 1464 1748 1518 τῶν

150 1551 347 1622 δώρων
389 1555 674 1624 ἁγιάζεται
719 1557 955 1626 μᾶλλον
1007 1559 1089 1622 εἰς
1147 1559 1256 1629 γὰρ
1315 1558 1375 1611 16
1406 1557 1745 1611 Δεσποτικὸν

1851 1009 2120 1078 baturque
2175 1019 2363 1078 postea
2400 1008 2569 1064 levius
2618 1023 2739 1064 esse
2761 1009 3130 1076 juramentum
3189 1021 3284 1074 per
3319 1017 3457 1062 tem-

1853 1101 2022 1170 plum,
2057 1110 2282 1169 propter
2327 1099 2725 1155 Pharisaeorum
2797 1099 3102 1153 avaritiam.
3157 1098 3345 1168 Itaque
3401 1100 3455 1153 in

1852 1190 2024 1244 veteri
2081 1205 2187 1244 non
2247 1190 2516 1260 permittit
2565 1189 2817 1244 Christus
2851 1190 3052 1248 donum
3115 1189 3295 1258 majus
3333 1205 3457 1245 esse

1837 1281 2064 1339 altario.
2098 1281 2254 1350 Apud
2288 1297 2385 1338 nos
2412 1295 2592 1336 autem
2619 1282 2876 1337 altarium
2912 1299 2940 1336 a
2973 1282 3133 1336 donis
3169 1281 3341 1351 magis
3368 1296 3458 1334 sa-

1853 1383 2039 1427 cratur
2078 1390 2092 1427 :
2151 1389 2322 1444 panes
2363 1376 2508 1430 enim
2549 1374 2603 1428 in
2655 1376 2986 1430 dominicum
3028 1389 3227 1442 corpus
3274 1373 3456 1428 divina

1854 1465 2024 1532 gratia
2071 1475 2467 1521 convertuntur
2512 1484 2524 1519 :
2565 1466 2684 1521 ideo
2723 1474 2782 1521 et
2833 1466 3208 1521 sanctiﬁcatur
3239 1463 3308 1518 ab
3374 1462 3458 1518 eis

1852 1556 2048 1612 altare.
3247 1558 3261 1568 ’

155 1650 322 1720 σῶμα
409 1654 542 1706 αὐτὸ
596 1655 772 1709 έκεῖνο
833 1655 1260 1727 μεταϐάλλονται
1318 1656 1439 1726 θείᾳ.
1487 1655 1673 1726 χάριτι
1732 1651 1782 1705 oi
1822 1651 2016 1724 ἀρτοιο
2072 1657 2154 1709 διὸ
2204 1659 2336 1711 καὶ
2397 1658 2684 1728 ἁγιάζεται
2737 1659 2843 1712 ὑπὸ
2891 1656 3098 1711 τούτων
3150 1655 3210 1710 16
3265 1655 3458 1708 θυσια-

152 1759 400 1798 στηοιον.

301 1761 400 1798 ιον.

224 1743 436 1890 Ἔρούαὶ
469 1837 618 1907 ὑμῖν,
664 1839 1019 1910 Γραμματεῖς
1063 1841 1158 1894 καὶ
1189 1842 1476 1912 Φαρισαῖοι
1517 1841 1753 1908 ὐποκρι-

149 1929 245 1981 ταὶ
272 1966 286 1992 ,
333 1928 415 1981 ὅτι
458 1929 861 1984 ἀποδεκατοῦτε
905 1932 966 1984 τὸ
1004 1931 1275 2003 ἡδύοσμον
1306 1934 1400 1984 καὶ
1437 1933 1499 1983 τὸ
1550 1931 1751 1998 ἄνηθον

1929 1832 2096 1888 Vens.
2129 1835 2222 1899 es,
2263 1834 2352 1890 at.
2395 1855 2414 1888 ι
2475 1836 2567 1891 Vae
2615 1838 2788 1902 vobis,
2844 1837 3052 1893 Scriba:
3087 1847 3140 1891 ct
3192 1819 3456 1893 Phor-isti

1859 1927 2175 1996 hypocriten,
2200 1928 2325 1996 quia
2353 1927 2641 1984 decimatis
2680 1931 2979 1992 mentitam,
3011 1941 3066 1982 et
3087 1929 3371 1991 anethum,
3404 1939 3461 1984 et

150 2020 258 2090 καὶ
287 2020 350 2072 16
393 2021 618 2090 κύμινον
641 2059 656 2084 ,
691 2023 783 2074 καὶ
818 2024 1066 2094 ἀφήκατε
1113 2024 1180 2076 τὰ
1215 2023 1497 2094 βαρύτερα
1533 2023 1629 2076 τοῦ
1665 2023 1750 2076 v6-

1857 2018 2153 2088 cyminum,
2191 2029 2245 2073 et
2291 2017 2590 2090 reliquistis
2638 2036 2757 2090 quae
2798 2023 3049 2090 graviora
3093 2030 3220 2077 sunt
3295 2022 3456 2092 legis,

153 2129 286 2181 μου,
315 2112 413 2182 τὴν
439 2113 620 2184 κρίσιν
651 2114 857 2168 καὶτὸν
886 2115 1038 2170 ἔλεον
1069 2117 1165 2169 καὶ
1187 2115 1288 2185 τὴν
1321 2115 1522 2168 πίστιν.
1557 2115 1748 2168 Ταῦτα

1857 2107 2111 2176 iudiciuin
2147 2127 2210 2164 ac
2239 2112 2670 2166 misericordiam
2701 2122 2757 2167 et
2795 2111 2977 2167 fidem.
3018 2111 3144 2168 Haec
3168 2114 3458 2182 oportebat

148 2205 262 2258 ἔδει
295 2205 552 2273 ποιῆσαι,
605 2208 834 2260 κάκεῖνα
875 2207 950 2278 μὴ
993 2207 1216 2277 ἀφιέναι
1242 2223 1254 2237 '
1299 2208 1487 2278 ὁδηγοὶ
1519 2208 1744 2276 τυφλοὶ,

149 2299 201 2351 οἱ
244 2297 574 2363 διυλίζοντες
615 2299 706 2352 τὸν
745 2301 984 2353 κώνωπα
1013 2341 1026 2364 ,
1060 2299 1158 2370 τὴν
1189 2300 1245 2354 δὲ
1290 2301 1536 2371 κάμηλον
1573 2300 1749 2354 καταο

155 2390 430 2452 πίνοντες.
488 2409 507 2442 ι
563 2391 735 2444 Πάλιν
781 2390 1030 2456 ὀνειδίζει
1082 2392 1281 2454 αὐτοὺς
1323 2390 1399 2453 ὡς
1447 2392 1746 2462 ἀνοήτους,

148 2480 286 2532 διότι
313 2481 421 2533 τῶν
449 2479 714 2549 μειζόνων
746 2481 981 2535 ἐντολῶν
1015 2481 1506 2552 καταφρονοῦντες,
1541 2483 1600 2534 ιν
1637 2482 1749 2544 τοῖς

152 2573 378 2641 μικροῖς
418 2572 646 2642 ἐζήτουν
678 2574 778 2642 τὴν
807 2573 1095 2644 ἀκρίὸειαν
1119 2590 1130 2602 ·
1173 2574 1297 2628 οὐδε
1324 2575 1422 2644 τὴν
1455 2571 1549 2627 τοῦ
1579 2573 1750 2643 κυμί-

151 2681 249 2716 νου
297 2663 596 2718 δεκάτωσιν
632 2666 985 2740 παρορῶντες
1008 2707 1022 2734 ,
1055 2666 1192 2722 ἀλλά
1224 2669 1446 2721 κάκεῖνο
1480 2667 1751 2722 ἀποδεκα-

149 2755 373 2819 τυῦντες
400 2774 413 2787 ·
453 2758 645 2821 καὶ,εί’
671 2775 754 2821 τις
794 2759 996 2823 αὐτοὺς
1026 2760 1422 2831 κατεμέμψατο
1445 2759 1522 2824 ὡς
1558 2779 1750 2832 μικρο-

151 2847 367 2915 λόγους,
400 2848 704 2920 προέφερον
733 2850 815 2903 ὅτι
849 2852 878 2903 6
907 2850 1072 2922 νόμος
1103 2851 1261 2904 τοῦτο
1283 2851 1451 2919 λέγει.
1484 2853 1750 2923 Κρεῖττον

147 2940 205 2991 δὲ
243 2934 310 3009 ἦν
346 2940 440 2993 καὶ
464 2937 911 3013 θεαρεστότερον,
943 2944 990 2994 εἰ
1022 2943 1121 3012 τὴν
1147 2941 1332 3011 κρίσιν
1357 2943 1451 2996 καὶ
1475 2942 1567 2996 16v
1599 2944 1752 2997 ἔλεον

151 3032 250 3107 καὶ
283 3031 382 3101 τὴν
409 3031 596 3084 πίστιν
625 3032 868 3104 ἀπῄτουν
897 3033 1050 3103 παρά
1074 3033 1167 3086 τοῦ
1201 3034 1354 3088 λαοῦ.
1390 3036 1484 3098 Τίς
1519 3035 1576 3088 δέ
1599 3037 1750 3090 ἐστιν

154 3124 188 3190 η
223 3121 444 3192 κρίσις;
485 3121 559 3176 Τὸ
591 3122 761 3193 μηδὲν
782 3125 970 3178 ἀδικον
1011 3126 1105 3177 καὶ
1135 3125 1331 3193 ἄλογον
1360 3127 1567 3187 ποιεῖν.
1613 3126 1752 3180 ἀλλὰ

151 3215 338 3267 πάντα
372 3215 716 3285 κεκριμένοις
756 3217 851 3269 καὶ
898 3217 1039 3285 μετά
1071 3217 1256 3286 λόγου.
1304 3217 1514 3273 Αὐτίκα
1541 3219 1650 3290 γὰρ
1682 3222 1748 3290 τῇ

154 3307 337 3378 κρίσει
361 3308 553 3362 ἕπεται
582 3309 678 3361 καὶ
703 3310 730 3361 6
759 3308 930 3373 ἔλεος.
965 3311 1024 3363 '0
1057 3311 1169 3381 γὰρ
1200 3311 1543 3382 κεκριμένως
1581 3315 1750 3367 ποιῶν

150 3397 339 3449 πάντα
361 3437 376 3459 ,
417 3392 526 3460 οἶδε
554 3398 648 3451 καὶ
683 3397 836 3459 τίνας
875 3398 958 3452 δεῖ
993 3379 1166 3475 ἐλεεῖν
1189 3417 1202 3431 ο
1236 3379 1316 3471 τῶ
1347 3379 1403 3455 δὲ
1454 3403 1588 3473 ὲλέῳ
1615 3405 1746 3457 ἕπε·
1777 3379 1820 3437 c

151 3506 245 3542 ται
287 3491 322 3560 ή
363 3491 568 3553 πίστις.
639 3490 712 3544 Ὀ·
749 3491 859 3560 γὰρ
904 3490 1074 3544 ἐλεῶν
1109 3492 1360 3545 πιστεύει
1398 3495 1618 3557 πάντως
1667 3494 1750 3547 ὅτι

151 3583 308 3636 οὐδὲν
339 3582 630 3648 ἀπολέσει,
666 3582 800 3636 ἀλλά
843 3583 1024 3637 πάντα
1057 3582 1287 3655 λήψεται
1310 3602 1322 3615 ·
1352 3585 1528 3648 ἄλλως
1557 3604 1636 3650 τε,
1669 3587 1751 3640 δεῖ

152 3675 366 3740 ἐλεεῖν,
417 3675 557 3730 ἀλλά
608 3678 701 3730 καὶ
756 3675 1036 3730 πιστεύειν
1087 3677 1209 3748 Θεῷ
1252 3677 1516 3748 ἀληθινῷ.
1556 3680 1749 3733 Πολλοὶ

151 3766 264 3838 γὰρ
290 3766 404 3822 τῶν
452 3766 722 3840 Ἐλλήνων
758 3768 908 3822 ἔλεον
937 3769 1035 3839 μὲν
1064 3764 1234 3840 εἶχον,
1293 3770 1369 3841 μὴ
1399 3773 1748 3838 πιστεύοντες

150 3862 210 3914 δὲ
243 3862 326 3923 είς
355 3860 447 3914 τὸν
475 3858 653 3925 ζῶντα
684 3862 841 3924 Θεὸν,
889 3863 990 3915 οὐκ
1022 3859 1170 3932 εἶχον
1200 3862 1279 3934 τῷ
1302 3863 1438 3935 ἐλέῳ
1476 3865 1750 3935 ἑπομένην

153 3953 258 4022 τὴν
300 3952 506 4004 πίστιν.
545 3955 637 4004 Δεῖ
669 3951 761 4004 οῦν
800 3953 1032 4006 ἑκαστον
1062 3954 1172 4007 τῶν
1219 3953 1562 4008 διδασκάλων
1610 3956 1749 4008 ἀπο-

152 4043 422 4099 δεκατοῦν
448 4044 558 4098 ἀπὺ
592 4045 684 4098 τοῦ
720 4044 854 4098 λαοῦ
899 4045 1065 4099 αὐτοῦ
1087 4086 1101 4112 ,
1145 4047 1426 4101 τουτέστιν
1449 4089 1462 4112 ,
1497 4050 1750 4103 ἀπαιτεῖν

152 4137 272 4190 ἀπὸ
295 4135 406 4189 τῶν
438 4135 571 4190 δέκα
599 4137 928 4206 αἰσθήσεων,
956 4138 1067 4190 τῶν
1094 4137 1254 4191 πέντε
1289 4139 1622 4208 σωματικῶν
1655 4140 1749 4194 καὶ

151 4230 272 4284 τῶν
312 4230 473 4282 πέντε
520 4229 805 4300 ψυχικῶν,
846 4229 946 4300 τὴν
977 4231 1160 4299 κρίσιν
1191 4232 1287 4284 καὶ
1332 4231 1424 4284 16v
1472 4231 1620 4285 ἔλεον
1656 4235 1750 4286 καὶ⁵

152 4323 258 4386 τὴν
285 4321 486 4374 πίστιν·
513 4319 571 4374 16
590 4321 669 4387 δὲ,
695 4319 878 4393 Ταῦτα
901 4320 1005 4372 ἔδει
1030 4323 1274 4392 ποιῆσαι,
1299 4317 1452 4375 εἶπεν
1474 4322 1502 4373 6
1524 4324 1747 4393 Κύριος,

153 4414 217 4468 οὐ
256 4413 702 4484 προτοεπόμενος
741 4413 837 4466 ἐπὶ
881 4415 943 4466 16
984 4414 1356 4468 ἀποδεκατοῦν
1398 4419 1464 4469 τὰ
1497 4416 1745 4484 λάχανα,

150 4507 274 4560 ἀλλ’
316 4506 406 4559 ῖνα
457 4505 534 4576 μὴ
581 4505 708 4578 δόξῃ
765 4505 1204 4575 ἀντινομοθετεῖν
1245 4506 1384 4570 τέως
1416 4508 1496 4579 τῷ
1537 4510 1748 4564 Μωσεῖ.

163 4598 434 4670 Ὀδηγοὺς
456 4599 512 4651 δὲ
542 4600 776 4671 τυφλοὺς
806 4599 1002 4664 αὐτοὺς
1036 4599 1292 4669 ὀνομάζει
1315 4641 1328 4659 .
1352 4601 1488 4654 διότι
1516 4601 1748 4671 αὐχοῦνο

1854 2200 2056 2262 facere,
2087 2210 2142 2256 ct
2173 2201 2259 2255 illa
2297 2217 2405 2256 non
2434 2202 2709 2258 omittere.
2758 2203 2932 2258 Duces
2963 2203 3115 2268 caeci,
3144 2203 3459 2262 excolantes

1853 2289 2102 2358 calicem,
2156 2294 2424 2348 camelum
2480 2303 2660 2348 autem
2706 2295 3021 2364 glutientes.
3061 2313 3080 2347 ι
3121 2295 3322 2354 lterum
3355 2295 3459 2350 ob-

1852 2383 2038 2453 jurgat
2110 2399 2206 2439 eos
2261 2393 2319 2439 ut
2369 2385 2710 2456 insipientes,
2741 2401 2806 2442 eo
2848 2387 2994 2455 quod
3040 2398 3457 2456 contemnentes

1857 2480 2113 2532 mandata
2152 2479 2383 2549 majora,
2418 2479 2470 2534 in
2501 2480 2685 2549 parvis
2723 2478 3014 2549 diligentes
3051 2490 3228 2547 erant,
3277 2490 3456 2552 et-cy-

1854 2570 1984 2623 tnini
2030 2569 2445 2626 decimationem
2479 2587 2584 2627 non
2620 2571 2985 2643 negligebant,
3036 2572 3130 2628 sed
3161 2572 3292 2628 illud
3327 2587 3463 2644 quo-

1853 2672 1957 2727 que
1983 2659 2346 2715 decimabant.
2376 2660 2440 2716 Et
2471 2661 2515 2717 si
2539 2661 2661 2731 quis
2685 2662 3125 2730 reprehendisset
3154 2671 3211 2718 ut
3237 2678 3458 2733 parcos,

1855 2748 2223 2818 praetexebant
2250 2751 2422 2822 legem
2457 2753 2558 2808 hoc
2585 2753 2803 2808 docere.
2823 2753 3020 2808 Melius
3053 2762 3233 2809 autem
3264 2753 3460 2808 fuisset

1855 2855 1919 2894 ac
1957 2840 2116 2912 126
2148 2839 2257 2895 Deo
2283 2843 2512 2912 gratius,
2552 2843 2598 2898 si
2630 2842 2897 2913 judicium
2928 2853 2981 2898 et
3015 2843 3452 2899 misericordiam

1852 2943 1908 2986 et
1939 2933 2098 2987 iidem
2127 2934 2461 3003 expetissent
2498 2949 2528 2988 a
2563 2934 2778 3004 populo.
2813 2934 2953 3002 Quid
2989 2946 3172 2991 autem
3206 2936 3460 3004 estjudi-

1853 3024 2041 3077 cium?
2069 3023 2214 3077 Nihil
2237 3025 2498 3091 iniustum
2526 3026 2898 3101 etabsurdum
2922 3025 3127 3092 facere,
3156 3027 3251 3082 sed
3272 3029 3456 3084 omnia

1854 3131 1976 3170 cum
2007 3114 2213 3182 judicio
2244 3125 2296 3168 ct
2321 3117 2552 3172 ratione.
2581 3117 2776 3173 Statim
2809 3117 3241 3189 euimjudicium
3267 3123 3455 3190 sequi-

1857 3217 1944 3262 tur
1977 3208 2458 3264 et‘miscricordia.
2492 3210 2596 3276 Qui
2632 3213 2777 3265 enim
2814 3211 3052 3266 discrete
3089 3209 3222 3267 facit
3247 3215 3454 3279 omnia,

1855 3301 1955 3355 scit
1983 3312 2036 3354 et
2061 3317 2198 3370 quos
2215 3302 2422 3362 debeat
2463 3303 2750 3359 misereri:
2794 3304 3230 3361 misericordiam
3273 3314 3453 3363 autem

1855 3394 2101 3461 sequitur
2148 3393 2300 3447 fides.
2338 3394 2441 3459 Qui
2472 3396 2617 3450 enim
2670 3397 2980 3463 miseretur,
3024 3399 3199 3452 credit
3226 3401 3454 3456 omnino

1856 3486 2000 3553 quod
2034 3484 2166 3539 nihil
2200 3486 2413 3555 perdat,
2448 3487 2542 3542 scd
2590 3489 2775 3543 omnia
2817 3491 3075 3560 accipiat.
3137 3492 3227 3545 Vel
3266 3493 3454 3556 aliter,

1855 3585 2069 3646 oportet
2111 3577 2381 3641 misereri,
2418 3587 2473 3633 et
2522 3582 2747 3635 credere
2778 3581 2889 3636 Deo
2910 3597 3071 3638 ivero.
3111 3583 3260 3639 Multi
3307 3587 3454 3640 enim

1854 3684 2186 3738 paganorum
2236 3671 2624 3726 misericordes
2654 3673 2874 3742 quidem
2913 3673 3154 3742 fuerunt,
3190 3692 3295 3731 non
3335 3693 3457 3734 cre-

1856 3762 2047 3816 dentes
2078 3772 2257 3819 autem
2289 3765 2341 3819 iu
2388 3765 2558 3819 Deum
2593 3766 2796 3831 vivum,
2827 3784 2932 3822 non
2957 3769 3266 3825 habuerunt
3291 3773 3458 3826 mise-

1827 3857 2102 3912 *ricordia:
2127 3861 2381 3914 comitem
2413 3859 2595 3915 ﬁdem.
2617 3859 2844 3928 Oportet
2870 3870 3058 3916 autem
3089 3878 3455 3934 unumquem-

1853 3967 1958 4023 que
1977 3953 2261 4007 doctorum
2291 3951 2564 4007 decimare
2581 3967 2608 4005 a
2630 3952 2829 4022 popqu
2854 3969 2974 4019 suo,
3011 3955 3112 4009 hoc
3134 3966 3239 4022 est,
3269 3965 3458 4028 petere

1855 4061 1884 4100 a
1916 4046 2100 4100 decem
2133 4046 2409 4110 sensibus,
2442 4045 2546 4100 hoc
2579 4054 2682 4110 est,
2718 4060 2745 4098 a
2773 4046 3022 4117 quinque
3052 4049 3454 4118 corporalibus,

1853 4146 1910 4191 et
1939 4138 2178 4206 quinque
2208 4137 2556 4200 animalibus.
2585 4137 2878 4208 judicium,
2937 4140 3369 4199 misericordiam
3401 4155 3458 4200 et

1856 4227 2037 4282 (idem.
2068 4226 2192 4282 Haec
2231 4229 2761 4300 quidem'oportebat
2789 4230 2995 4298 facere,
3019 4232 3151 4287 dicit
3183 4231 3455 4297 Christus,

1855 4334 1962 4373 non
1984 4320 2281 4375 adhortans
2303 4321 2368 4374 ad
2390 4321 2771 4376 decimandnm
2799 4322 3018 4390 herbas,
3039 4324 3132 4378 sed
3162 4338 3230 4379 ne
3248 4323 3456 4379 videre-

1857 4418 1944 4462 tur
1963 4420 2089 4464 tunc
2111 4411 2419 4465 contrarius
2436 4409 2624 4480 Moysi.
2648 4410 2824 4467 Duces
2849 4409 3032 4468 autem
3053 4429 3226 4469 caecos
3247 4431 3343 4471 cos
3365 4434 3458 4470 no-

1856 4502 2048 4565 minat,
2077 4514 2140 4554 eo
2158 4502 2300 4571 quod
2319 4501 2694 4571 gloriabantur
2710 4519 2768 4559 se
2793 4505 2973 4559 omnia
2998 4507 3138 4562 scire
3159 4515 3212 4564 et
3234 4510 3454 4576 docere,

1857 4595 2101 4664 nullique
2130 4594 2450 4663 proderant,
2489 4596 2582 4650 sed
2609 4611 2799 4653 omnes
2823 4598 3001 4667 potius
3028 4603 3456 4670 corrumpebant

150 4710 249 4756 τες
287 4692 560 4746 διδάσκειν
596 4695 690 4747 καὶ
741 4693 922 4746 πάντα
959 4693 1187 4756 ειδέναι,
1231 4693 1425 4746 οὐδένα
1463 4694 1742 4763 ὠφέλουν,

1859 4685 1912 4740 in
1969 4685 2289 4740 barathrum
2367 4685 2708 4745 inﬁdelitatis
2769 4686 3141 4756 projicientes.
3212 4689 3452 4745 Culicem

151 4785 297 4839 ἀ).λά
356 4785 450 4839 καὶ
506 4784 706 4855 μᾶλλον
761 4785 972 4847 πάντας
1026 4784 1368 4853 διέφθειρον,
1421 4787 1502 4849 είς
1554 4786 1749 4859 βόθρον

155 4877 446 4947 ῥίπτοντες
468 4875 752 4939 ἀπιστίας.
777 4877 881 4929 Τὸν
910 4877 1148 4931 κώνωπα
1177 4877 1235 4928 δὲ
1261 4876 1599 4942 διυλίζοντας
1624 4880 1749 4934 τού-

148 4985 284 5032 τους
322 4967 612 5038 ὀνομάζει,
645 4968 720 5032 ὡς
769 4967 836 5022 τὰ
881 4967 978 5037 μὲν
1011 4969 1184 5039 μικρὰ
1222 4970 1602 5041 ἁμαρτήματα
1640 4989 1747 5027 πα-

152 5059 692 5130 ραφυλαττομένους,
725 5058 827 5129 τὴν
852 5059 909 5114 δὲ
936 5060 1203 5131 κάμηλον,
1238 5061 1358 5131 ήτοι
1393 5064 1460 5118 τὰ
1508 5065 1745 5134 μεγάλα,

149 5151 566 5215 καταπίνοντας
599 5152 697 5207 καὶ
733 5153 1114 5222 παρορῶντας.

228 5270 250 5303 ι
291 5248 430 5303 Οὐαὶ
453 5249 603 5319 ὑμῖν,
632 5248 986 5320 Γραμματεῖς
1007 5249 1100 5302 καὶ
1121 5250 1407 5319 Φαρισαῖοι
1434 5255 1747 5326 ύποκριταὶ,

137 5343 231 5412 ,δτι
268 5341 598 5411 καθαρίζετε
621 5341 682 5396 16
697 5341 896 5406 ἔξωθεν
924 5341 1016 5395 τοῦ
1053 5343 1316 5412 ποτηρίου
1343 5345 1435 5397 καὶ
1465 5345 1566 5415 τῆς
1598 5364 1772 5422 παρ-κ

148 5432 375 5502 οψίδος,
413 5431 617 5485 ἔσωθεν
657 5432 726 5501 δὲ,
762 5431 1028 5502 γέμουσιν
1075 5433 1133 5499 ἐξ
1189 5435 1448 5504 ἁρπαγῆς
1498 5437 1593 5490 καὶ
1632 5437 1748 5492 ἀδι..

149 5526 306 5588 κίας.
347 5525 609 5594 Φαρισαῖε
657 5523 856 5592 τυφλὶ,
895 5524 1193 5594 καθάρισον
1246 5527 1464 5596 πρῶτον
1493 5528 1554 5582 16
1597 5530 1749 5595 ἐντὸς

145 5607 244 5671 τόῦ
277 5617 545 5688 ποτηρίου
577 5617 672 5670 καὶ
701 5617 799 5688 τῆς
838 5617 1153 5690 παροψίδος,
1193 5619 1279 5673 ἵνα
1313 5627 1538 5692 γένηται
1565 5623 1659 5676 καὶ
1690 5623 1750 5676 16

148 5707 316 5770 ἐκτὸς
347 5705 530 5762 αὐτῶν
569 5707 832 5777 καθαρόν.
874 5727 893 5760 ι
942 5710 1054 5772 Τὰς
1097 5710 1428 5780 παραδόσεις
1471 5710 1582 5764 τῶν
1611 5729 1749 5782 πρε-

150 5787 446 5869 σὸυτέρων
480 5799 841 5870 κρατοῦντες,
880 5800 1110 5854 ἔπλυνον
1140 5803 1210 5855 τὰ
1240 5803 1476 5874 ποτήρια
1511 5804 1606 5858 καὶ
1648 5805 1748 5868 τὰς

148 5890 488 5963 παροψίδας,
530 5891 799 5954 τουτέστι,
847 5893 974 5956 τοὺς
1030 5893 1265 5957 πίνακας
1310 5897 1368 5948 έν
1400 5892 1482 5958 οἷς
1526 5898 1595 5948 τὰ
1642 5894 1751 5965 ὄψα

143 5982 399 6036 τίθενται
419 5999 434 6013 ·
469 5980 530 6047 ἐξ
561 5982 816 6052 ἁρπαγῆς
846 5983 904 6037 δὲ
928 5983 1112 6040 ἔπινον
1145 5980 1318 6051 οἶνον,
1353 5989 1446 6039 καὶ
1476 5987 1752 6057 ἐδέσματα

146 6075 366 6147 hvmo-2,
387 6073 421 6128 ἃ
440 6075 700 6144 ἐμόλυνον
722 6094 752 6146 ιι
766 6076 922 6130 ἄλλον
939 6076 1094 6134 αὑτά.
1123 6077 1214 6148 Μὴ
1237 6078 1410 6150 κτήσῃ
1429 6074 1545 6145 οὖν,
1564 6079 1752 6150 φησιν,

1859 4787 2039 4830 autem
2062 4779 2380 4833 excolautes
2402 4793 2496 4832 eos
2524 4779 2791 4842 nominat,
2822 4787 2880 4834 ut
2901 4794 3064 4849 parva
3101 4791 3320 4849 peccata
3356 4784 3455 4836 oh-

1857 4880 2142 4926 servantes
2164 4911 2179 4934 ,
2217 4871 2484 4926 camelum
2523 4879 2724 4938 autem,
2778 4873 2881 4929 hoc
2914 4882 3017 4940 est,
3053 4889 3247 4946 magna
3275 4873 3458 4946 deglu.

1861 4963 2058 5018 ﬁentes
2088 4971 2140 5016 et
2175 4963 2555 5032 despicientes.

1933 5253 2103 5308 Vsus.
2143 5249 2234 5313 25,
2269 5245 2362 5303 26.
2402 5265 2421 5299 ι
2456 5245 2548 5301 Vae
2612 5247 2787 5313 vobis,
2840 5247 3046 5305 Scribte
3100 5259 3153 5305 et
3189 5247 3452 5309 Pharisai

1856 5344 2176 5419 hypocrita,
2205 5341 2332 5413 quia
2372 5338 2618 5410 purgatis
2664 5340 2992 5396 exteriorem
3016 5342 3191 5411 poculi
3226 5345 3453 5413 patinae-

1855 5454 1961 5508 que
2006 5447 2242 5507 partem,
2280 5444 2536 5489 caeterum
2581 5432 2726 5488 intus
2773 5433 2929 5500 plena
2981 5445 3108 5488 sunt
3166 5437 3354 5506 rapina
3396 5449 3453 5493 et

1855 5527 2299 5600 intemperantia.
2323 5525 2788 5590 Pliarisaze-carcc,
2814 5541 2982 5596 purga
3016 5526 3166 5597 prius
3191 5530 3334 5597 quod
3369 5544 3453 5584 eat

1853 5621 1995 5676 intra
2030 5619 2279 5689 poculum
2311 5627 2368 5672 et
2413 5617 2677 5686 patinam,
2713 5621 2770 5668 ut
2820 5629 2875 5670 et
2922 5618 3221 5672 exteriores
3258 5619 3450 5673 horum

1859 5723 2044 5784 partes
2070 5727 2219 5781 purae
2255 5712 2578 5765 reddantur.
2622 5728 2640 5762 ι
2674 5707 2776 5772 Qui
2816 5709 3140 5763 traditiones
3168 5713 3445 5765 seniorum

1859 5806 2253 5868 observabant,
2313 5802 2572 5858 Iavabant
2630 5802 2828 5856 calices
2862 5809 2918 5856 et
2968 5802 3306 5872 paropsides,
3349 5803 3454 5856 hoc

1859 5906 1943 5952 est
1996 5897 2230 5965 patinas,
2261 5897 2314 5950 in
2345 5895 2542 5964 quibus
2572 5894 2797 5964 opsonia
2826 5902 3136 5963 ponuntur:
3168 5909 3232 5947 ex
3261 5895 3448 5962 rapina

1862 5998 2041 6043 autem
2085 5987 2343 6043 bibebant
2385 5987 2588 6053 vinum,
2641 5997 2695 6042 et
2728 5986 3086 6042 comedebant
3136 5984 3289 6038 cibos
3357 5987 3449 6054 qui

1864 6077 2035 6147 magis
2060 6076 2509 6148 coinquinabant.
2549 6075 2687 6132 Dicit
2725 6073 2919 6146 igitur:
2950 6071 3025 6128 Nc
3048 6068 3444 6141 possideas“.
