4030 6636
141 590 251 657 405

747 600 1189 664 ENARRATIO
1225 605 1307 664 IN
1350 602 1850 667 EVANGELIUM
1884 602 2275 665 MATTHEI.
2306 629 2375 639 —
2407 603 2564 664 CAP.
2605 601 2834 662 XXIII.

3316 597 3427 662 406

146 710 287 781 Περὶ
326 710 385 763 δὲ
416 710 526 764 τῶν
566 710 880 765 ἀποστόλων
924 715 1097 768 ταῦτα
1132 717 1300 783 λέγει·
1338 718 1399 770 τὸ
1426 718 1535 788 γὰρ
1574 719 1725 785 ἅγιον

1836 724 2061 769 sanctus
2094 714 2346 770 doctrina
2380 715 2530 783 ipsos
2575 726 2852 769 exornans
2887 710 3098 768 scribas
3134 712 3285 775 fecit,
3320 714 3427 769 hoc

144 800 373 871 Πνεῦμα
394 843 409 866 ,
441 804 537 855 καὶ
566 803 934 867 διδασκαλίαις
961 806 1161 877 αὐτοὺς
1190 810 1507 879 κοσμῆσαν,
1550 825 1730 878 γραμ-

148 896 341 959 ματεῖς
373 892 617 958 ἐποίησε,
672 893 919 945 τουτέστι
947 893 1042 947 τοῦ
1072 894 1202 949 λαοῦ
1232 897 1607 963 διδασκάλους,
1634 899 1732 953 καὶ

144 984 457 1051 προφήτας,
494 984 588 1034 καὶ
618 984 809 1051 σοφίας
839 986 1021 1053 πάσης
1054 986 1540 1057 πεπληρωμένους.
1570 990 1730 1042 Ἀπο-

145 1071 352 1124 στὲλλω
384 1071 459 1136 δὲ,
500 1067 642 1137 εἷπε,
684 1073 898 1137 δεικνὺς
946 1076 1007 1128 τὸ
1046 1076 1146 1145 τῆς
1189 1077 1444 1147 θεότητος
1484 1077 1731 1143 ἐξουσια-

144 1163 349 1215 στικόν.

222 1272 243 1304 ι
290 1256 481 1320 Ὅπως
512 1256 640 1327 ἔλθῃ
676 1256 762 1326 ἐφ’
793 1258 939 1328 ὑμᾶς
976 1261 1086 1312 πᾶν
1117 1254 1259 1329 αἷμα
1288 1261 1529 1328 δίκαιον,
1561 1264 1729 1333 ἐκχυ-

139 1348 369 1415 νόμενον
417 1348 510 1399 ἐπὶ
560 1349 662 1418 τῆς
716 1350 822 1419 γῆς
849 1350 958 1402 ἀπὸ
1007 1350 1101 1403 τοῦ
1149 1352 1382 1422 αἵματος
1423 1354 1589 1407 ’Δδελ
1631 1354 1728 1409 τοῦ

138 1436 376 1501 δικαίου,
411 1438 515 1498 ἕως
553 1438 648 1492 τοῦ
683 1440 917 1509 αἵματος
949 1441 1219 1511 Ζαχαρίου
1266 1443 1386 1495 υίοῦ
1434 1445 1726 1516 Βαραχίου,

137 1527 198 1578 δν
220 1530 545 1597 ἐφονεύσατε
576 1533 780 1600 μεταξὺ
803 1533 898 1585 τοῦ
919 1532 1048 1586 ναοῦ
1075 1534 1170 1587 καὶ
1196 1534 1288 1587 τοῦ
1314 1534 1727 1607 Θυσιαστηρίου.

153 1621 329 1692 ’Δμὴν
358 1624 501 1691 λέγω
549 1626 713 1694 ὑμῖν,
764 1628 844 1679 ὅτι
892 1627 1012 1696 ἥξει
1058 1627 1231 1681 ταῦτα
1279 1629 1459 1682 πάντα
1500 1632 1594 1683 ἐπὶ
1633 1632 1729 1703 τὴν

136 1714 339 1778 γενεὰν
388 1715 634 1785 ταύτην.’
670 1735 689 1767 ι
750 1717 873 1769 Ἐπὶ
900 1720 1030 1781 τοὺς
1070 1720 1193 1771 τότε
1221 1718 1382 1785 ὄντας
1440 1723 1731 1787 Ἰουδαίους

138 1804 311 1871 φησὶν
340 1805 494 1875 tam
539 1809 647 1860 πᾶν
686 1804 826 1877 αἷμα
858 1809 1061 1873 ἀδίκως
1093 1810 1327 1880 ἐκχυθέν
1352 1829 1367 1842 ·
1399 1816 1584 1885 χεῖρον
1620 1817 1731 1887 γάρ

136 1897 623 1966 τιμωρηθήσονται
658 1900 809 1969 παρὰ
843 1902 971 1964 τοὺς
1013 1903 1253 1974 πατέρας
1278 1906 1483 1974 αὐτῶν,
1513 1912 1561 1961 οί
1592 1911 1729 1981 μηδὲ

138 1988 286 2053 μετά
310 1990 546 2041 τοσαῦτα
570 1992 994 2062 παραδείγματα
1014 1998 1476 2067 σωφρονισθέντες
1496 2018 1508 2029 ·
1539 2000 1729 2073 ὥσπερ

134 2080 237 2130 καὶ
266 2081 292 2131 6
321 2080 513 2149 Λάμεχ
546 2082 699 2151 παρά
726 2084 817 2135 τὸν
852 2085 991 2138 Κάῖν
1024 2087 1186 2140 πλέον
1224 2090 1516 2161 ἐκολάσθη,
1549 2091 1724 2148 καίτοί

131 2169 242 2220 οὐκ
276 2168 505 2236 ἀδελφὸν
534 2172 762 2236 ἀνελὼν,
792 2174 927 2227 διότι
956 2177 1055 2229 οὐκ
1076 2178 1451 2253 ἐσωφρονίσθη
1479 2183 1557 2252 τῷ
1584 2184 1725 2238 κατά

131 2258 231 2309 τὸν
265 2260 405 2311 Κάῖν
445 2262 825 2331 ὑποδείγματι.
878 2266 1038 2331 Ἥξει
1069 2265 1197 2334 οὖν,
1232 2272 1433 2340 φησὶν,
1462 2274 1550 2343 ἐφ’
1580 2275 1727 2344 ὑμᾶς

136 2351 252 2403 πᾶν
280 2346 439 2419 αἷμα,
480 2354 589 2408 ἀπὸ
643 2356 809 2410 ’Ᾱδελ
863 2358 969 2422 ἕως
997 2363 1288 2431 Ζαχαρίου.
1328 2364 1616 2437 Εὑκαίρως
1667 2367 1723 2421 δὲ

133 2443 387 2514 ἐμνήσθη
434 2446 529 2498 τοῦ
580 2447 765 2503 Ἀδελ.
812 2450 901 2514 Ὠς
940 2452 1048 2524 γὰρ
1105 2455 1133 2505 6
1188 2456 1354 2510 ’Δϐελ
1387 2459 1476 2511 διὰ
1526 2459 1722 2529 φθόνον

132 2534 384 2605 ἀνῃρέθη
410 2576 425 2600 ,
458 2536 602 2591 οὕτω
642 2541 739 2593 καὶ
768 2543 796 2595 6
829 2544 1066 2613 Χριστὸς
1096 2548 1407 2616 φθονηθείς.
1455 2555 1620 2607 Ποίου
1666 2556 1725 2609 δὲ

133 2622 410 2695 Ζαχαρίου
454 2628 692 2685 ἐνταῦθα
731 2633 1050 2704 μέμνηται;
1103 2639 1166 2691 Ol
1218 2641 1318 2707 μὲν
1370 2643 1464 2695 τοῦ
1516 2645 1574 2699 ὲν
1614 2648 1726 2709 τοῖς

128 2715 346 2804 δώδεκα
389 2722 699 2792 προφήταις
757 2727 892 2792 φασὶ
927 2730 1488 2801 ῥσυναριθμουμένουο
1536 2737 1587 2788 οἱ
1633 2739 1722 2804 δὲ,

129 2800 230 2896 τοῦ
265 2804 473 2896 πατρὸς
508 2807 601 2859 τοῦ
636 2809 953 2882 Προδρόμου
977 2830 991 2844 '
1016 2815 1173 2884 λόγος
1204 2819 1315 2888 γὰρ
1347 2822 1459 2891 ἔχει
1490 2800 1726 2896 παραδοέ

133 2890 253 2955 θεὶς
280 2895 432 2964 ἡμῖν,
460 2900 542 2954 ὅτι
571 2901 736 2966 τόπος
764 2922 853 2969 τις
877 2902 945 2977 ἦν
976 2910 1034 2960 ἐν
1056 2910 1137 2979 τῷ
1174 2912 1309 2981 ναῷ,
1346 2917 1405 2967 ἐν
1434 2908 1478 2984 ᾧ
1508 2920 1726 2973 ἵσταντο

130 2985 191 3036 αἱ
228 2988 513 3055 παρθένοι.
556 2991 614 3046 '0
643 2996 827 3049 τοίνυν
856 2997 1135 3071 Ζαχαρίας
1159 3004 1451 3075 ἀρχιερεὺς
1487 3009 1597 3073 ὢν,
1630 3012 1726 3065 καὶ

135 3076 294 3174 μετά
317 3078 379 3131 τὸ
424 3085 607 3137 τεκεῖν
659 3086 755 3139 τὸν
789 3088 1027 3158 Χριστὸν
1055 3094 1156 3163 τὴν
1186 3097 1450 3154 Θεοτόκον
1495 3102 1726 3174 ἔστησεν

130 3169 193 3220 ὲν
223 3170 303 3235 τῷ
327 3174 478 3243 τόπῳ
506 3177 616 3230 τῶν
650 3182 940 3252 παρθένων
967 3199 980 3211 ·
1015 3187 1504 3263 ἀγανακτήσαντες
1533 3198 1589 3250 δὲ
1613 3169 1726 3252 -ὲπὶ

131 3263 318 3360 τούτω
344 3267 395 3318 oi
449 3268 717 3360 Ἰουδαῖοι,
748 3274 1081 3331 ἀπέκτειναν
1108 3283 1291 3351 αὐτὸν,
1334 3286 1412 3351 ὡς
1447 3290 1587 3360 μετά
1615 3292 1726 3348 τῶν

132 3354 430 3445 παρθένων
464 3359 704 3424 τάξαντα
758 3370 993 3433 γυναῖκα
1048 3354 1618 3445 γεννήσασανθνοὺδὲν
1667 3382 1749 3438 δὲ⁴

133 3443 475 3541 Θαυμαστὸν,
509 3453 558 3503 εξ
588 3454 685 3507 καὶ
725 3457 754 3509 6
793 3460 977 3530 πατὴρ
1006 3463 1099 3515 τοῦ
1134 3443 1452 3538 Προδρόμου
1478 3466 1594 3541 εἶχε
1622 3490 1730 3528 πα-

130 3537 272 3605 τέρα
302 3540 582 3613 Βαραχίαν
611 3547 858 3616 ὀνόματι,
884 3552 1074 3625 ὥσπερ
1106 3558 1201 3609 καὶ
1230 3560 1258 3610 6
1286 3537 1353 3611 γὲν
1377 3564 1489 3625 τοῖς

134 3635 449 3732 προφήταις
476 3638 749 3732 Βαραχίου
781 3642 997 3711 λέγεται
1046 3650 1160 3712 υἱός
1184 3668 1196 3680 ·
1221 3653 1371 3718 εἰκὸς
1400 3657 1510 3727 γὰρ
1536 3657 1727 3732 ὥσπερ

130 3727 206 3778 τά
248 3728 456 3781 τούτων
494 3730 731 3801 ὀνόματα
766 3738 1137 3809 συνέδραμον,
1191 3744 1337 3801 οὕτω
1376 3750 1469 3802 καὶ
1512 3752 1580 3806 τά
1616 3727 1727 3807 τῶν

132 3821 400 3891 πατέρων
428 3825 628 3882 αὐτῶν.

210 3930 237 3965 ι
319 3915 712 3991 Ἰερουσαλὴμ,
776 3924 1172 4000 Ἰερουσαλὴμ,
1227 3934 1260 4002 ἡ
1327 3934 1726 3995 ἀποκτείνουσα

131 4004 268 4098 τοῦς
293 4008 603 4077 προφήτας,
630 4013 723 4063 καὶ
746 4012 1100 4071 λιθοϐολοῦσα
1125 4022 1253 4085 τοὺς
1277 4024 1728 4098 ἀπεσταλμένους

132 4096 281 4164 πρὸς
346 4098 557 4169 αὐτὴν,
614 4104 847 4169 ποσάκις
893 4108 1135 4179 ἠθέλησα
1184 4096 1613 4187 ἐπισυναγαγεῖν
1658 4096 1727 4177 τά

129 4186 308 4239 τέκνα
358 4205 455 4241 σου
502 4192 562 4245 ὃν
611 4195 813 4266 τρόπον
856 4199 1175 4271 ἐπισυνάγει
1230 4206 1379 4277 δρνις
1424 4186 1725 4270 τάίνοσσία

131 4278 341 4349 δαυτῆς
366 4282 473 4334 ὑπὸ
502 4283 601 4346 τὰς
625 4288 904 4359 πτέρυγας
926 4334 941 4358 ,
972 4295 1069 4347 καὶ
1100 4296 1199 4349 οὐκ
1222 4298 1559 4370 ἡθελήσατες
1595 4304 1725 4360 Ἰδοὺ

130 4370 362 4438 ἀφίεται
394 4374 521 4442 ὑμῖν
551 4377 580 4428 6
605 4373 751 4440 οἶκος
787 4381 943 4449 ὑμῶν
972 4384 1179 4454 ἕρημος
1198 4404 1213 4418 ·
1246 4388 1392 4457 λέγω
1435 4393 1542 4463 γὰρ
1572 4396 1723 4464 ὑμῖν,

129 4463 195 4513 οὐ
216 4464 293 4533 μή
322 4481 389 4533 με
415 4465 561 4537 ῖδητε
585 4471 681 4523 ἀπ’
707 4472 853 4542 ἄρτι,
881 4474 986 4537 ἕως
1015 4476 1081 4529 ἂν
1103 4480 1317 4550 εἴπητε·
1347 4463 1726 4555 Εὐλογημένος

126 4554 491 4623 δερκόμενος
534 4560 592 4612 ὲν
645 4562 871 4631 ὀνόματι
906 4567 1136 4637 Κυρίου.
1192 4590 1211 4621 ι
1259 4554 1617 4641 Διπλασιάξει
1664 4580 1725 4632 τὸ

127 4645 309 4715 ὄνομα
333 4648 433 4717 τῆς
480 4650 857 4725 Ἰερουσαλὴμ,
892 4659 1058 4711 ἐλεῶν
1094 4661 1266 4733 αὐτὴν
1298 4665 1389 4717 καὶ
1422 4666 1725 4723 ἀνακαλού-

1832 815 1936 872 est,
1970 807 2227 861 doctores
2258 806 2464 877 pepuli,
2498 815 2552 860 et
2587 804 2853 873 sapientia
2880 804 3029 859 omni
3064 812 3116 858 et
3141 805 3425 873 prophetia

1831 895 2063 951 ornavit.
2084 894 2288 951 Emitte
2303 906 2506 964 autem,
2537 894 2740 964 inquit,
2766 892 3057 950 declarans
3073 908 3186 949 sua:
3211 891 3431 950 deitatis

1830 998 2179 1060 potestatem.

1904 1253 2072 1309 Vens.
2097 1253 2189 1321 35,
2218 1252 2308 1309 '56.
2353 1272 2372 1305 ι
2414 1252 2486 1308 Ut
2526 1252 2708 1307 veniat
2736 1266 2902 1322 super
2931 1264 3029 1305 vos
3072 1250 3253 1304 omnis
3299 1264 3428 1303 san-

1833 1346 1954 1417 guis
1986 1346 2168 1415 justus
2203 1346 2295 1415 qui
2328 1345 2627 1400 eﬂ'unditur
2657 1358 2826 1413 super
2862 1352 3068 1396 terram
3103 1357 3130 1393 a
3164 1340 3430 1411 sanguine

1831 1434 1965 1489 Abel
1990 1434 2145 1503 justi,
2183 1448 2355 1505 usque
2384 1436 2453 1487 ad
2505 1433 2840 1500 sanguinem
2866 1431 3149 1485 Zachariae
3179 1430 3273 1483 (ilii
3323 1428 3429 1482 Ba-

1835 1526 2055 1591 racbiaa,
2086 1540 2247 1595 quem
2303 1523 2585 1579 occidistis
2620 1524 2761 1578 inter
2810 1522 3067 1591 templum
3102 1531 3157 1575 et
3233 1521 3425 1574 altare.

1832 1616 2007 1671 Amen
2054 1617 2178 1671 dico
2225 1615 2399 1681 vobis,
2429 1615 2572 1685 quod
2628 1615 2846 1669 venient
2888 1616 3002 1668 haec
3044 1613 3228 1667 omnia
3263 1628 3431 1681 super

1833 1710 2241 1779 generationem
2267 1709 2451 1763 istam.
2493 1727 2513 1760 ι
2546 1706 2725 1778 Super
2753 1707 2971 1761 Judzeos
3005 1706 3126 1759 illos
3171 1707 3263 1776 qui
3299 1715 3431 1758 tunc

1831 1811 2009 1865 erant,
2048 1801 2199 1866 dicit,
2246 1800 2430 1854 veniet
2476 1800 2656 1853 omnis
2680 1800 2903 1868 sanguis
2955 1798 3156 1866 injuste
3198 1793 3426 1849 eli‘usds.

1833 1893 1963 1948 Plus
1991 1896 2137 1948 enim
2167 1895 2483 1962 punientur,
2508 1907 2671 1961 quam
2706 1902 2892 1961 patres
2940 1892 3047 1945 sui.
3080 1888 3215 1942 Nam
3253 1902 3429 1956 neque

1832 1994 1958 2055 post
1993 1993 2141 2039 tanta
2186 1984 2437 2054 exempla
2468 1984 2741 2039 emendati
2778 1980 3016 2037 luerunt.
3063 1981 3156 2037 Sic
3200 1981 3342 2034 cnim
3374 1992 3431 2034 et

1760 2058 1802 2155 Β
1836 2075 2073 2132 Lamecb
2102 2088 2225 2148 post
2253 2077 2393 2133 Cain
2428 2078 2551 2147 plus
2608 2076 2834 2146 punitus
2868 2076 2993 2141 fuit,
3026 2075 3279 2143 quamvis
3322 2087 3427 2125 nou

1834 2170 2201 2228 interemisset
2226 2171 2476 2236 fratrem,
2506 2186 2574 2226 eo
2608 2170 2880 2240 quodnon
2924 2168 3115 2223 fuisset
3148 2168 3216 2221 ad
3240 2182 3427 2220 exem-

1832 2265 1979 2335 plum
2016 2264 2148 2317 Cain
2180 2265 2519 2319 emendatus.
2567 2261 2761 2317 Veniet
2793 2262 2981 2332 igitur,
3019 2260 3215 2326 inquit,
3266 2275 3428 2328 super

1833 2372 1929 2411 vos
1959 2357 2137 2411 omnis
2170 2357 2413 2427 sanguis,
2457 2357 2525 2410 ab
2577 2356 2712 2410 Abel
2762 2369 2930 2424 usque
2961 2356 3029 2407 ad
3076 2353 3422 2406 Zachariam.

1833 2448 2149 2519 Opportune
2182 2459 2361 2503 autem
2386 2448 2637 2503 meminit
2667 2447 2872 2501 Abelis.
2904 2445 3061 2500 Sicut
3098 2446 3241 2501 enim
3290 2443 3428 2499 Abel

1832 2551 2054 2610 propter
2091 2539 2352 2594 invidiam
2410 2541 2767 2608 interemptus
2819 2546 2923 2600 est,
2963 2537 3037 2591 ita
3069 2546 3123 2591 et
3173 2536 3427 2592 Christus

1832 2633 2045 2686 occisus
2063 2642 2165 2686 est.
2187 2630 2355 2700 Cujus
2373 2640 2556 2685 autem
2575 2630 2860 2685 Zachariae
2881 2630 2983 2685 hoc
3007 2630 3126 2684 loco
3144 2629 3431 2682 meminit?

1837 2723 2000 2794 128
2028 2722 2133 2778 Alii
2177 2724 2368 2779 dicunt
2399 2723 2552 2777 illum
2601 2722 2773 2777 fuisse
2818 2738 2988 2775 unum
3025 2724 3090 2776 de
3136 2721 3425 2775 duodecim

1834 2815 2134 2885 prophetis,
2166 2817 2256 2871 alii
2308 2825 2519 2887 patrem
2573 2815 2938 2871 Praecursoris
2980 2816 3215 2868 Domini.
3253 2816 3428 2867 llabet

1832 2912 1976 2963 enim
2014 2909 2087 2962 ita
2114 2911 2359 2965 narratio
2390 2910 2547 2965 nobis
2582 2909 2802 2975 tradita,
2835 2910 2981 2977 quod
3009 2907 3163 2962 locus
3200 2906 3422 2977 quidam

1835 3002 1888 3055 in
1914 3001 2114 3070 templo
2152 3001 2338 3065 fuerit,
2374 3002 2430 3055 in
2451 3015 2561 3071 quo
2586 3003 2806 3057 stabant
2840 3002 3101 3070 virgines.
3126 3001 3423 3055 Zacharias

1836 3092 1999 3160 igitur
2020 3108 2143 3145 cum
2174 3100 2320 3147 esset
2364 3090 2632 3161 pontifex,
2683 3099 2970 3161 postquam
3003 3091 3235 3160 Deipara
3264 3104 3426 3159 pepe-

1836 3183 1997 3238 risset
2027 3183 2327 3248 Christum,
2347 3194 2402 3239 et
2422 3184 2709 3239 statuisset
2736 3183 2881 3237 illam
2906 3183 2958 3236 in
2982 3197 3046 3238 eo
3077 3183 3215 3247 loco,
3249 3182 3427 3252 indig-

1834 3277 1945 3330 nati
1995 3287 2123 3331 sunt
2185 3286 2376 3331 contra
2421 3292 2544 3332 eum
2584 3276 2779 3343 Judaei,
2822 3288 2879 3333 et
2901 3276 3222 3332 occiderunt
3275 3292 3424 3341 eum,

1833 3370 1977 3437 quod
2010 3384 2135 3423 cum
2166 3371 2469 3440 virginibus
2508 3370 2828 3425 collocasset
2866 3372 3148 3425 mulierem
3180 3386 3303 3439 qua:
3333 3386 3429 3439 pe-

1836 3470 2073 3529 pererat.
2101 3459 2219 3515 Non
2248 3470 2336 3515 est
2386 3462 2533 3515 enim
2572 3459 2825 3517 mirabile
2856 3463 3004 3532 quod
3052 3464 3217 3517 etiam
3273 3472 3429 3531 pater

1836 3551 2195 3607 Przecursoris
2214 3553 2468 3608 habuerit
2511 3564 2717 3622 patrem
2743 3553 3091 3619 Barachiam,
3134 3556 3349 3608 sicutct
3380 3557 3427 3610 is

1830 3643 1924 3713 qui
1962 3658 2027 3697 ex
2051 3643 2337 3698 duodecim
2365 3644 2726 3711 erat,dicitur
2760 3644 3040 3699 Barachia:
3076 3646 3234 3698 illius.
3274 3646 3428 3701 Veri-

1831 3732 2010 3787 simile
2047 3733 2193 3787 euim
2223 3734 2369 3803 quod
2410 3734 2555 3789 sicut
2580 3733 2657 3787 illi
2692 3733 2911 3788 fuerunt
2941 3736 3318 3804 cognomines,
3350 3736 3423 3790 ita

1828 3834 1881 3879 et
1906 3833 2085 3893 patres
2108 3825 2372 3892 ipsorum.

1906 3914 2067 3971 Vsus.
2101 3916 2296 3973 37-39.
2334 3936 2353 3969 ι
2389 3917 2716 3981 Jerusalem,
2757 3918 3089 3981 Jerusalem,
3125 3935 3245 3988 qua:
3275 3922 3425 3974 occi-

1830 4007 1915 4062 dis
1941 4008 2254 4078 prophetas,
2288 4016 2345 4063 et
2374 4008 2587 4077 lapidas
2618 4023 2714 4064 eos
2748 4012 2857 4079 qui,
2881 4011 2947 4063 ad
2993 4018 3045 4064 te
3078 4010 3232 4063 missi
3268 4020 3423 4073 sunt,

1830 4101 2046 4169 quoties
2078 4100 2223 4154 volui
2253 4115 2591 4171 congregare
2620 4101 2761 4156 lilios
2796 4111 2939 4167 tuos,
2965 4102 3425 4171 quemadmodum

1830 4193 2028 4263 gallina
2061 4203 2357 4264 congregat
2392 4195 2566 4264 pullos
2596 4210 2725 4250 suos
2750 4195 2853 4250 sub
2884 4196 3019 4262 alas,
3045 4205 3099 4251 et
3133 4197 3426 4251 noluistis?

1831 4286 1969 4340 Ecce
2002 4286 2328 4355 relinquitur
2368 4288 2523 4341 vobis
2556 4286 2754 4344 domus
2789 4297 2967 4343 vestra
3009 4292 3245 4343 deserta.
3290 4288 3423 4345 Dico

1829 4379 1973 4433 enim
2023 4378 2198 4443 vobis,
2256 4378 2681 4449 haudquaquam
2742 4396 2827 4434 me
2871 4381 3126 4435 videbitis
3176 4382 3422 4449 posthac,

1830 4468 2003 4525 donec
2037 4470 2276 4526 dicatis:
2312 4470 2643 4527 Benedictus
2671 4474 2761 4543 qui
2796 4474 2947 4528 venit
2978 4476 3030 4527 in
3072 4475 3292 4528 nomine
3324 4474 3428 4528 Do-
3506 4510 3511 4513 -

1831 4564 1983 4616 mini.
2029 4584 2047 4615 ι
2082 4562 2170 4619 Bis
2199 4566 2352 4634 ponit
2390 4582 2585 4621 nomen
2621 4564 2953 4635 Jerusalem,
2981 4569 3242 4622 misertus
3275 4568 3421 4637 ejus,

1828 4665 1884 4707 et
1923 4671 2115 4725 magna
2148 4674 2275 4711 cum
2327 4661 2708 4727 compassione
2756 4675 2877 4715 eam
2922 4675 3204 4715 revocans.
3246 4660 3425 4730 Expo-

132 4756 302 4805 μενος
337 4744 634 4809 συμπαθῶς
656 4762 671 4775 ’
699 4747 888 4815 ὥσπερ
924 4751 1035 4820 γὰρ
1071 4754 1208 4823 πρός
1241 4773 1362 4808 τινα
1393 4759 1721 4831 φιλουμένην

1832 4748 2040 4801 stulans
2063 4750 2209 4801 enim
2241 4764 2367 4803 cum
2405 4765 2490 4812 ea,
2520 4750 2675 4819 quasi
2713 4766 2835 4803 cum
2859 4753 3091 4820 quadam
3125 4750 3423 4805 Vehemen-

130 4832 239 4899 μὲν
305 4832 582 4901 δωκαῶς,
630 4842 1083 4911 καταφρονοῦσαν
1132 4846 1188 4898 δὲ
1252 4848 1345 4901 τοῦ
1399 4849 1718 4920 φιλοῦντος,

127 4920 522 4989 ἀπολογεῖται,
555 4927 769 4996 μέλλων
802 4933 1029 4998 ἐπάγειν
1058 4932 1155 5003 τὴν
1190 4936 1411 4989 κόλασιν
1436 4954 1449 4968 ⁸
1476 4940 1721 4995 αἰτιᾶται

125 5012 241 5084 γὰρ
289 5013 465 5085 αὐτὴν
496 5015 569 5079 ὡς
610 5020 872 5091 φονικὴν,
915 5025 1009 5076 καὶ
1046 5026 1129 5077 ὅτι
1168 5027 1429 5094 πολλάκις
1474 5031 1739 5096 θέλοντος

125 5106 298 5157 αὑτοῦ
331 5107 554 5175 ἐλεῆσαι
584 5109 790 5180 ταύτην
809 5153 824 5175 ,
864 5114 1003 5185 αὑτὴ
1042 5116 1145 5168 οὐκ
1170 5117 1437 5187 ἠθέλησε,
1479 5123 1616 5177 ἀλλὰ
1641 5123 1721 5194 τῷ

124 5195 579 5263 διαπορπὶζοντι
620 5200 793 5271 αὐτὴν
823 5202 1122 5273 πειθομένη
1163 5205 1421 5274 διαϐόλῳ,
1466 5209 1564 5263 καὶ
1620 5212 1722 5263 ἀπ-

126 5286 325 5355 άγοντι
351 5286 461 5339 ἀπὸ
484 5288 582 5357 τῆς
595 5289 876 5359 ἀληθείας,
896 5293 1016 5361 ἥτις
1037 5295 1265 5358 ἑνοειδές
1292 5314 1343 5351 τι
1370 5299 1561 5368 χρῆμά
1578 5302 1718 5366 ἐστι,

124 5380 220 5432 τὸν
256 5379 565 5447 συνάγοντα
606 5382 809 5453 Κύριον
840 5386 939 5437 οὐκ
971 5386 1186 5457 ἐδέχετο
1211 5405 1224 5417 ⁸
1256 5389 1408 5441 οὐδὲν
1436 5390 1547 5461 γὰρ
1578 5392 1722 5446 οὕτω

126 5470 424 5543 σκορπίζει
475 5472 587 5525 ἀπὸ
622 5475 759 5527 Θεοῦ
780 5518 794 5542 ,
835 5478 910 5540 ὡς
938 5480 1186 5548 ἁμαρτία
1209 5500 1222 5511 ι
1261 5481 1452 5553 ὥσπερ
1485 5480 1553 5537 αὖ
1592 5501 1720 5539 συν-

125 5566 258 5629 άγει
279 5564 421 5631 πρὸς
439 5563 574 5618 Θεὸν
604 5566 665 5619 τὸ
681 5568 886 5633 ἀγαθὸν
914 5572 1177 5634 συνειδός
1208 5572 1309 5644 τὴν
1329 5574 1720 5647 φιλοστοργίαν

122 5655 182 5708 δὲ
212 5649 652 5724 ἐνδεικνύμενος,
681 5659 742 5711 τὸ
771 5660 870 5729 τῆς
902 5661 1112 5733 ὄρνιθος
1144 5664 1451 5735 ὑπόδειγμα
1480 5667 1717 5725 τέθεικε.

121 5749 219 5801 Διὸ
250 5750 377 5801 ἐπεὶ
402 5750 464 5801 οὐ
495 5750 696 5815 θέλετε,
724 5750 924 5823 ἀφίημι
946 5755 1037 5809 τὸν
1070 5758 1196 5809 ναὸν
1222 5758 1453 5829 ἔρημον.
1506 5760 1721 5814 Ἐντεῦ-

123 5839 222 5893 θεν
254 5841 315 5893 δὲ
353 5840 751 5911 μανθάνωμεν,
788 5847 868 5898 ὅτι
901 5848 968 5900 δι’
997 5850 1145 5919 ἡμᾶς
1179 5856 1432 5905 κατοικεῖ
1461 5854 1555 5906 καὶ
1590 5856 1720 5919 τοὺς

122 5931 294 5992 ναοὺς
330 5934 361 5984 6
391 5931 561 5993 Θεός⁴
593 5932 721 5985 ὃταν
764 5935 822 5987 δὲ
867 5939 1029 6008 ἡμεῖς
1071 5941 1487 6012 ἀπεγνωσμένοι
1536 5938 1717 6014 ὦμεν,

131 6025 256 6075 τότε
288 6023 385 6077 καὶ
418 6024 467 6075 o!
499 6024 618 6076 ναοὶ
647 6025 911 6094 ἀφίενται.
946 6032 1022 6083 Uti
1059 6034 1133 6105 μὴ
1168 6029 1262 6089 οὖν
1306 6052 1372 6105 με
1410 6036 1555 6106 ῐδητε
1589 6035 1719 6105 άχρι

1830 4846 1909 4891 ter
1939 4839 2155 4906 dilecta,
2201 4856 2322 4911 qua:
2364 4842 2678 4911 diligentem
2735 4852 3074 4905 contemnat,
3126 4844 3423 4913 respondet

1829 4928 2171 4984 inducturum
2225 4947 2287 4986 se
2331 4945 2549 5011 partem
2601 4952 2613 4988 :
2660 4936 2801 4988 unde
2852 4936 3033 5005 arguit
3068 4934 3211 4987 illam
3262 4935 3419 5004 quasi

1826 5022 2254 5091 sanguinariam,
2300 5035 2355 5079 et
2388 5026 2535 5095 quod
2579 5028 2781 5095 saepius
2816 5027 3030 5081 vole'ite
3065 5041 3125 5081 se
3171 5027 3418 5081 misereri

1827 5112 1970 5181 ejus,
1998 5115 2112 5187 ipsa
2162 5115 2398 5169 noluerit
2426 5159 2441 5182 ,
2477 5120 2573 5171 sed
2612 5119 2889 5173 diabolum
2926 5120 3110 5189 potius
3161 5119 3415 5185 audierit,

1827 5220 1855 5257 a
1890 5220 1998 5274 quo
2030 5207 2298 5274 dispersa,
2332 5216 2388 5261 et
2418 5225 2448 5261 a
2484 5208 2734 5272 veritate,
2772 5224 2894 5277 qua:
2921 5210 3141 5263 unienili
3174 5210 3282 5262 vim
3319 5214 3421 5263 ha-

1826 5295 1936 5360 but,
1975 5297 2144 5352 fuerit
2179 5299 2437 5369 abducta,
2468 5312 2892 5371 congregantem
2918 5310 3098 5356 autem
3126 5301 3418 5356 Dominum

1827 5408 1935 5445 non
1970 5392 2297 5462 susceperit.
2333 5392 2478 5447 Nihil
2524 5395 2669 5448 enim
2704 5395 2784 5449 sic
2818 5409 2849 5448 a
2886 5395 2996 5448 Deo
3039 5394 3325 5463 dispergit,
3363 5404 3421 5447 ut

1827 5492 2107 5552 peccatum
2136 5492 2230 5537 :et
2260 5484 2396 5537 nihil
2428 5484 2497 5537 ita
2531 5488 2597 5536 ad
2628 5484 2796 5537 Deum
2827 5494 3109 5554 aggregat,
3138 5495 3195 5535 ut
3220 5484 3413 5537 virtus.

1827 5575 2139 5627 Ostendeus
2181 5582 2365 5626 autem
2423 5573 2885 5637 misericordiam,
2937 5575 3055 5627 avis
3106 5573 3416 5642 CSt‘illplUIll

1827 5667 1997 5735 ponit.
2033 5666 2239 5721 Idcirco
2266 5668 2391 5736 quia
2429 5668 2703 5731 noluistis,
2742 5667 2991 5735 relinquo
3025 5666 3286 5734 templum
3322 5666 3415 5717 dc-

1825 5767 2054 5809 scrtum.
2083 5756 2194 5810 Hoc
2220 5757 2341 5813 loco
2371 5758 2669 5822 discamus,
2706 5759 2851 5826 quod
2887 5767 3109 5827 propter
3148 5771 3246 5810 nos
3275 5756 3416 5810 Deus

1825 5858 1879 5902 et
1919 5849 2115 5917 templa
2160 5849 2429 5902 inhabitat
2472 5866 2488 5901 :
2524 5849 2666 5918 quod
2706 5849 2751 5903 si
2801 5864 2901 5904 nos
2926 5847 3249 5917 desperandi
3290 5844 3410 5898 fuc-

1830 5942 2020 6003 rimus,
2045 5953 2169 5994 tunc
2197 5943 2643 6011 relinquunturet
2663 5942 2881 6010 templa.
2907 5940 3022 5995 Non
3045 5941 3209 6008 igitur
3238 5951 3321 5991 me
3339 5940 3414 5989 vi-

1830 6033 2051 6103 debitis,
2078 6034 2276 6105 inquit,
2306 6050 2479 6104 usque
2507 6036 2573 6091 ad
2604 6037 2903 6093 secundum
2923 6036 3237 6089 adventum.
3257 6029 3410 6085 Tunc
