4028 6588
531 490 632 552 ill

1416 488 1518 548 ΤΗ
1530 486 1989 547 EOPIIYLACI‘I
2040 486 2135 545 BU
2145 485 2449 546 LGARIzB
2491 480 2854 545 ARCHIEP.

3687 474 3793 541 lli!

530 602 825 671 quidquam
868 602 933 655 de
977 600 1135 655 domo
1184 614 1324 654 sua:
1375 607 1429 653 et
1481 600 1526 653 is
1563 597 1655 667 qui
1707 599 1762 651 in
1806 613 1958 667 agro,
2003 611 2085 652 not

2211 596 2389 659 οἰκίας
2421 593 2613 660 αὑτοῦ,
2658 591 2754 647 καὶ
2779 594 2808 646 6
2839 592 2899 645 ἐν
2954 590 3034 661 τῷ
3062 589 3240 660 ἀγρῷ,
3291 589 3366 658 μὴ
3404 587 3790 657 ἐπιστρεψάτω

536 702 840 747 revertatur
872 701 928 745 ut
958 692 1108 745 tollat
1138 701 1315 746 vestes
1343 706 1491 746 suas.
1526 710 1545 742 ι
1580 690 1863 745 lnsiuuans
1890 706 2105 745 summa

534 785 771 853 pericula
800 798 919 851 quae
941 783 1095 837 evadi
1123 799 1229 837 non
1263 792 1509 851 possunt,
1540 783 1716 851 inquit
1770 784 1912 850 quod
1944 797 2105 851 oporo

533 883 643 929 teat
673 874 857 943 fugere
889 889 994 928 non
1028 876 1367 945 respiciendo
1396 890 1570 943 neque
1600 878 1844 930 curando
1878 879 2008 946 quid
2050 876 2102 929 in

531 967 692 1019 domo
722 968 811 1030 sit,
847 968 931 1020 vel
968 964 1177 1030 ves'tes,
1205 968 1291 1021 vel
1326 968 1428 1021 alia
1465 985 1615 1023 vasa.
1653 968 1883 1034 Quidam
1918 979 2101 1022 autem

527 1058 982 1112 abominatiooem
1021 1060 1371 1115 desolationis
1396 1062 1443 1092 “
1496 1062 1885 1116 Antichristum
1916 1061 2105 1115 existi-

526 1156 759 1212 mantes,
791 1163 856 1202 eo
891 1152 1032 1217 quod
1066 1161 1373 1207 vastaturus
1408 1154 1663 1207 mundum
1718 1163 1771 1206 et
1804 1152 2097 1207 subversu-

527 1251 625 1290 rus
661 1240 728 1292 sit
760 1240 1041 1307 ecclesias,
1076 1258 1140 1295 ac
1172 1259 1423 1299 sessurus
1453 1247 1503 1297 in
1542 1246 1762 1313 templo,
1798 1246 2101 1315 intelligunt

524 1335 575 1379 et
609 1327 711 1381 ista
750 1329 852 1393 sic,
894 1333 1034 1399 quod
1077 1335 1167 1401 qui
1213 1335 1265 1386 in
1318 1344 1458 1390 tecto
1488 1346 1588 1401 est,
1634 1338 1684 1390 id
1731 1348 1833 1399 est,
1871 1338 2101 1393 excelsis

524 1418 820 1476 virtutibus
860 1424 1136 1488 praeditus,
1164 1441 1268 1477 non
1304 1427 1596 1480 descendat
1622 1444 1650 1480 a
1676 1430 1904 1483 summis
1933 1428 2100 1481 virtu-

526 1509 677 1563 tibus
698 1521 755 1563 ut
792 1513 943 1565 tollat
969 1530 1031 1567 ea
1072 1531 1192 1583 qua
1235 1528 1359 1570 sunt
1395 1520 1664 1586 corporis.
1712 1521 1909 1575 Domus
1953 1521 2097 1574 enim

526 1601 747 1666 animm,
777 1617 996 1669 corpus.
1030 1604 1253 1671 Oportet
1280 1619 1460 1660 autem
1489 1619 1543 1661 et
1570 1609 1637 1661 ab
1662 1625 1791 1677 agro
1820 1612 2095 1676 secedere,

525 1688 628 1742 hoc
658 1700 741 1745 est
780 1696 1009 1747 terrenis
1043 1712 1056 1723 ·
1086 1713 1214 1766 ager
1256 1700 1400 1750 enim
1435 1702 1547 1753 vita
1564 1702 1663 1768 (α),
1697 1717 1871 1771 neque
1896 1714 2098 1759 vestem

524 1779 713 1835 tollere
739 1784 978 1851 malitiae,
1011 1803 1130 1855 qua:
1159 1797 1308 1842 vetus
1334 1800 1414 1843 est
1443 1792 1604 1845 vestis
1633 1808 1792 1861 quam
1824 1798 2093 1853 exuimus.

604 1954 769 2013 Vsus.
806 1962 889 2015 l9.
937 1980 956 2013 ι
997 1964 1085 2017 Vze
1122 1974 1302 2017 autent
1335 1972 1732 2037 prrgnantihus
1761 1982 1815 2027 et
1842 1975 2093 2030 lactanti-

520 2054 621 2107 hus
652 2057 703 2107 in
734 2055 835 2109 illis
869 2055 1081 2110 diebus.
1122 2077 1141 2109 ι
1180 2057 1522 2129 Prvegnantes
1550 2065 1764 2131 quidem
1796 2082 1904 2119 non
1936 2083 2092 2137 pute-

521 2156 648 2198 runt
705 2146 927 2214 fugere,
987 2164 1153 2203 onero
1216 2153 1420 2205 ventris
1481 2166 1767 2221 gravate:
1829 2160 2092 2215 lactantes

520 2249 699 2290 autem
749 2251 969 2306 propter
1019 2245 1453 2309 compassionem
1508 2262 1635 2313 erga
1688 2265 1905 2317 pueros.
1963 2252 2089 2308 lllos

515 2329 660 2379 enim
696 2330 998 2399 relinquere
1032 2347 1333 2401 nequeunt,
1368 2352 1541 2405 neque
1569 2353 1751 2393 secum
1787 2354 2003 2411 portare
2035 2357 2091 2400 ct

516 2418 676 2471 simul
709 2421 920 2475 salvam
946 2435 1169 2489 possunt
1196 2442 1210 2479 :
1241 2437 1369 2480 tunc
1394 2444 1499 2482 nun
1532 2429 1791 2500 eﬂ‘ugient
1825 2433 1960 2487 iram
1987 2435 2086 2506 (ιο).

514 2506 771 2565 Fortasse
805 2514 958 2583 131
998 2517 1245 2572 Christus
1280 2520 1518 2575 insinuat
1560 2526 1702 2591 quod
1743 2537 1798 2580 et
1844 2535 2092 2585 comede-

516 2602 627 2654 rint
670 2618 888 2669 pueros.
935 2604 1072 2660 Dicit
1111 2609 1254 2661 enim
1297 2610 1565 2680 Josepltus
1605 2617 1748 2681 quod
1794 2633 1914 2669 cum
1947 2629 2091 2674 esset

514 2693 688 2747 {alites
735 2707 956 2763 propter
1000 2700 1370 2764 obsidionem,
1425 2704 1615 2757 mulier
1664 2710 1873 2762 coxerit
1920 2711 2086 2764 lilium

512 2800 665 2839 snmn
694 2797 747 2840 et
776 2790 1087 2843 comederit.

588 2874 750 2929 Vsus.
775 2878 865 2929 σεο.
898 2896 914 2927 ι
946 2877 1108 2933 Orate
1132 2891 1309 2934 autem
1334 2898 1400 2936 ne
1422 2886 1541 2955 fuga
1568 2899 1747 2942 vestra
1773 2890 1866 2944 fiat
1886 2892 2082 2961 hieme,

514 2982 688 3035 neque
711 2968 970 3024 Sabhato.
1002 2990 1021 3022 ι
1049 2969 1103 3023 In
1135 2986 1364 3039 persona
1394 2979 1758 3043 apostolorum
1784 2985 1847 3035 ad
1871 2982 2086 3040 Iudaeos

514 3059 626 3111 htec
670 3060 817 3113 dicit.
871 3063 1114 3127 Apostoli
1172 3066 1317 3119 enim
1382 3068 1531 3134 prius
1580 3075 1781 3139 egressi
1825 3089 1974 3129 erant
2019 3095 2083 3132 ex

508 3149 832 3205 Jerusalem.
895 3151 1095 3209 Judwis
1136 3156 1297 3224 igitur
1336 3160 1469 3214 dicit
1508 3170 1568 3215 ut
1606 3177 1894 3232 precentur
1926 3185 1994 3223 ne
2031 3172 2083 3223 in

2207 689 2383 743 ὀπίσω
2404 684 2537 759 ἆραι
2571 686 2639 741 τά
2671 684 2866 755 ίμάτια
2895 682 3086 739 αὐτοῦ.
3129 702 3149 735 ι
3203 682 3316 753 Τὴν
3347 680 3458 733 τῶν
3489 681 3790 750 συμφορῶν

2206 780 2446 849 ἄφυκτον
2463 777 2767 849 ὑπερϐολὴν
2791 777 3182 845 αἰνιττόμενος.
3209 775 3395 843 φησὶν,
3421 775 3504 827 ὅτι
3532 774 3639 843 χρὴ
3660 770 3787 839 φεύ-

2207 891 2324 941 γειν
2379 871 2813 939 ἀνεπιστρόφως,
2883 869 3112 938 μηδενὸς
3142 865 3537 937 φροντίζοντας
3580 867 3693 917 τῶν
3732 867 3789 917 ἐν

2205 969 2323 1029 ταῖς
2377 965 2576 1024 οἰκίαις
2624 962 2816 1024 ὄντων,
2881 963 3022 1031 μήτε
3082 961 3335 1028 ἰματίων,
3389 960 3525 1028 μήτε
3558 955 3786 1009 ἀλλοίων

2207 1059 2448 1109 σκευῶν·
2477 1055 2620 1116 τινές
2651 1053 2707 1106 δέ
2731 1052 3009 1123 βδέλυγμα
3037 1053 3139 1121 τῆς
3158 1048 3498 1118 ἐρημώσεως
3540 1048 3634 1100 τὸν
3663 1050 3785 1099 Ἀν-

2204 1149 2479 1219 τίχριστον
2508 1144 2779 1211 νοοῦντες,
2810 1145 2887 1207 ὡς
2910 1142 3000 1197 ἐπ’
3024 1143 3309 1214 ἐρημώσει
3338 1140 3433 1193 τοῦ
3454 1140 3663 1206 κόσμου
3692 1139 3786 1191 καὶ

2208 1242 2561 1308 καταστροφῇ
2595 1238 2705 1290 τῶν
2730 1234 3041 1304 ἐκκλησιῶν
3070 1235 3329 1303 ἐσόμενον
3359 1232 3453 1285 καὶ
3488 1230 3784 1284 καθίσοντα

2203 1333 2262 1383 ἐν
2321 1330 2397 1399 τῷ
2422 1330 2556 1399 ναῷ,
2585 1328 2768 1381 νοοῦσι
2801 1329 2898 1381 καὶ
2931 1326 3107 1381 ταῦτα
3134 1323 3327 1387 οὕτως,
3369 1325 3451 1376 δτι
3504 1325 3532 1375 6
3567 1324 3663 1376 ἐπὶ
3690 1323 3784 1375 τοῦ

2202 1422 2471 1491 δώματος,
2502 1420 2780 1473 τουτέστιν
2825 1420 2885 1471 ἐν
2922 1417 2999 1486 τῷ
3034 1417 3159 1486 ῦψει
3190 1415 3299 1467 τῶν
3330 1413 3542 1483 ἀρετῶν
3571 1413 3670 1475 ὢν,
3709 1412 3783 1481 μὴ

2201 1512 2497 1566 καταϐάτω
2525 1511 2633 1563 ἀπὸ
2656 1509 2747 1563 τοῦ
2770 1509 2949 1577 ὕψους
2983 1510 3090 1559 τῶν
3116 1506 3348 1576 ἀρετῶν,
3380 1503 3522 1557 ῶστε
3552 1499 3685 1572 ἆραι
3716 1505 3783 1556 τὰ

2200 1604 2293 1657 τοῦ
2327 1605 2598 1673 σώματος.
2624 1603 2785 1655 Οἰκία
2809 1603 2918 1671 γὰρ
2950 1603 3051 1669 τῆς
3084 1600 3286 1669 ψυχῆς,
3311 1597 3373 1649 τὸ
3396 1594 3579 1665 σῶμα.
3615 1596 3710 1647 Δεῖ
3727 1594 3783 1645 δὲ

2201 1697 2295 1748 καὶ
2320 1696 2428 1747 ἀπὸ
2450 1696 2543 1747 τοῦ
2572 1694 2743 1765 ἀγροῦ
2774 1695 3097 1762 ἀναχωρεῖν,
3129 1691 3375 1742 τουτέστι
3402 1688 3512 1742 τῶν
3532 1688 3739 1755 γηΐνων
3765 1701 3779 1714 °

2198 1787 2365 1856 ἀγρὸς
2400 1787 2505 1857 γὰρ
2550 1790 2578 1840 6
2610 1787 2745 1854 βίος,
2779 1786 2874 1839 καὶ
2908 1785 3043 1854 μηδὲ
3076 1784 3137 1836 τὸ
3176 1785 3395 1853 ἰμάτιον
3445 1780 3647 1851 αἴρειν,
3684 1780 3784 1849 τὴν

2201 1877 2435 1930 παλαιὰν
2472 1877 2673 1930 κακίαν
2700 1879 2767 1947 ἢν
2802 1874 3194 1945 ἐξεδυσάμεθα.

2277 1986 2297 2018 ι
2329 1968 2465 2023 Οὐαὶ
2492 1970 2549 2022 δέ
2585 1971 2704 2031 ταῖς
2730 1971 2789 2021 ἐν
2811 1970 3008 2037 γαστρὶ
3035 1966 3291 2037 ἐχούσαις
3325 1967 3421 2019 καὶ
3465 1964 3594 2029 ταῖς
3615 1966 3781 2035 θηλα-

2194 2056 2414 2121 ζούσαις
2470 2060 2529 2110 ἐν
2564 2060 2800 2121 ἐκείναις
2833 2060 2953 2121 ταίς
3007 2059 3265 2127 ἡμέραις.
3305 2075 3323 2107 ι
3389 2058 3451 2109 Αἰ
3511 2058 3612 2124 μὲν
3673 2057 3781 2127 γάρ

2192 2150 2381 2215 ἐγκυοι
2406 2149 2467 2201 ού
2492 2149 2809 2219 δυνήσονται
2836 2149 3061 2217 φεύγειν
3086 2147 3163 2217 τῷ
3187 2149 3391 2217 φορτὲῳ
3418 2147 3516 2215 τῆς
3544 2149 3783 2216 γαστρὸς

2194 2238 2579 2309 βαρυνόμεναι.
2629 2242 2697 2291 Δί
2755 2241 2812 2293 δέ
2865 2239 3218 2309 θηλάζουσαι,
3248 2238 3336 2291 διὰ
3382 2238 3485 2307 τὴν
3533 2237 3677 2305 πρὸς
3715 2238 3785 2291 τά

2191 2332 2357 2386 τέκνα
2416 2334 2803 2401 συμπάθειαν,
2867 2334 3004 2403 μήτε
3063 2334 3224 2386 ἐᾶσαι
3259 2332 3399 2384 αὐτά
3456 2331 3779 2400 δυνάμεναι,

2194 2427 2332 2494 μήτε
2393 2425 2499 2495 μὴν
2538 2425 2853 2494 βαστάζειν,
2897 2426 2988 2478 καὶ
3023 2426 3120 2477 σὺν
3148 2426 3337 2487 αὐτοῖς
3382 2423 3648 2491 σωθῆναι,
3681 2423 3781 2475 οὐκ

2191 2516 2547 2584 ἐκφεύξονται
2576 2516 2674 2586 τὴν
2706 2517 2828 2569 τότε
2852 2517 3024 2586 ὀργήν
3047 2532 3063 2546 ·
3099 2516 3134 2586 ἢ
3159 2517 3253 2569 καὶ
3288 2515 3447 2567 τοῦτο
3477 2516 3779 2567 αἰνίττεται

2190 2607 2220 2657 6
2243 2607 2499 2674 Χριστὸς.
2532 2608 2633 2678 τὴν
2666 2609 3055 2675 τεκνοφαγίαν.
3109 2609 3272 2674 Λέγει
3317 2608 3423 2677 γὰρ
3450 2609 3479 2659 6
3516 2606 3782 2676 Ἰὡσηφος

2189 2697 2271 2747 ὅτι
2300 2697 2459 2766 λιμοῦ
2490 2697 2643 2759 ὄντος
2678 2698 2765 2749 διὰ
2787 2698 2886 2766 τὴν
2918 2698 3255 2768 πολιορκίαν,
3291 2696 3514 2767 ὤπτησε
3547 2696 3691 2767 γυνὴ
3717 2696 3777 2748 τὸ

2188 2789 2376 2841 τέκνον
2402 2790 2571 2859 αὐτῆς
2595 2791 2689 2843 καὶ
2720 2790 2913 2857 ἔφαγε.

2265 2896 2283 2928 ι
2327 2878 2702 2948 Προσεύχεσθε
2724 2879 2777 2929 δὲ
2810 2879 2897 2930 ἵνα
2931 2877 3007 2948 μὴ
3038 2876 3263 2946 γένηται
3285 2879 3320 2946 ἡ
3364 2876 3515 2947 φυγὴ
3541 2878 3698 2948 ὑμῶν
3720 2881 3777 2933 ἐν

2188 2968 2443 3037 χειμῶνι,
2484 2968 2618 3037 μηδέ
2661 2968 2946 3037 Σαϐϐάτῳ.
2992 2988 3011 3019 ι
3066 2969 3153 3020 Ἑν
3181 2969 3463 3038 προσώπῳ
3496 2970 3603 3022 τῶν
3637 2972 3776 3023 ἀπο-

2190 3061 2391 3113 στόλων
2427 3061 2563 3129 πρὸς
2605 3061 2892 3123 Ἰουδαίους
2921 3062 3097 3115 ταῦτά
3121 3078 3290 3131 φησιν
3314 3077 3327 3091 ·
3390 3065 3442 3113 οἰ
3486 3063 3597 3132 γάρ
3646 3063 3777 3117 ἀπό·

2190 3150 2366 3203 στολοι
2396 3151 2747 3218 προέφθασαν
2774 3150 3081 3214 ἐξελθόντες
3104 3152 3203 3220 τῆς
3243 3151 3630 3222 Ἰερουσαλήμ..
3650 3154 3776 3216 Τοῖς

512 3242 691 3295 hieme
726 3244 815 3296 liat
845 3244 971 3311 fuga
1004 3262 1098 3299 sua
1123 3286 1138 3312 ,
1171 3262 1235 3302 eo
1265 3252 1407 3318 quod
1447 3254 1846 3312 incommodum
1877 3262 1945 3314 sit
1976 3263 2082 3318 illis

2203 3242 2481 3306 Ἰουδαίοις
2504 3242 2595 3295 οὖν
2620 3244 2767 3311 λέγει
2796 3242 3051 3313 εὔχεσθαι
3080 3244 3167 3296 ἴνα
3202 3244 3277 3314 μὴ
3298 3243 3525 3314 γένηται
3558 3246 3591 3315 ἠ
3627 3248 3772 3315 φυγὴ

514 3334 844 3402 letzpnribus
884 3336 1107 3405 lugere;
1152 3356 1325 3409 neque
1362 3343 1414 3396 in
1463 3343 1737 3403 Sabbato:
1776 3360 1900 3406 tunc
1937 3356 2080 3409 enim

2193 3333 2369 3386 αὐτῶν
2395 3335 2453 3386 ἐν
2480 3334 2730 3403 χειμῶνι,
2762 3336 2848 3387 διὰ
2881 3336 2978 3407 τὴν
3012 3336 3301 3388 δυσκολίαν
3330 3336 3425 3388 τοῦ
3462 3338 3657 3405 καιροῦ
3700 3339 3773 3409 μὴ

506 3421 658 3491 juxta
693 3426 860 3493 legem
893 3429 1051 3481 otiosi
1084 3440 1238 3496 sunt,
1282 3442 1337 3488 et
1367 3434 1552 3505 fugere
1597 3455 1702 3493 non
1740 3444 1961 3499 audent.
1999 3446 2080 3502 Tu

510 3527 689 3570 autem
726 3528 778 3571 et
810 3520 889 3573 sic
933 3521 1247 3591 intelligito,
1290 3529 1435 3595 quod
1480 3543 1727 3599 oporteat
1771 3540 1978 3605 precari
2016 3556 2083 3595 ne

510 3608 604 3664 ﬁat
637 3608 758 3675 fuga
788 3621 969 3663 nostra
1006 3628 1073 3666 ex
1109 3614 1208 3667 hac
1234 3617 1368 3680 vita,
1408 3620 1511 3673 hoc
1548 3632 1630 3676 est
1664 3640 1829 3691 mors,
1863 3632 1916 3683 in
1947 3631 2084 3686 Sab-

511 3701 659 3791 hate,
693 3702 879 3757 otiosis
912 3704 1068 3758 nobis
1100 3720 1130 3757 a
1160 3707 1317 3762 bonis
1346 3712 1638 3777 operibus,
1674 3732 1848 3786 neque
1883 3722 2079 3791 hieme,

513 3790 568 3845 in
610 3791 897 3845 sterilitate
954 3794 1241 3863 bonorum,
1290 3799 1385 3853 sed
1434 3800 1488 3855 in
1528 3807 1823 3863 serenitate
1866 3790 2079 3880 animae,

512 3894 632 3948 quae
668 3895 773 3935 non
821 3884 1096 3939 turbetur.
1120 3906 1137 3917 ο

581 4054 745 4110 Vens.
787 4056 847 4109 2i
878 4096 893 4121 ,
922 4057 1012 4112 22.
1053 4078 1072 4110 ι
1114 4058 1229 4115 Erit
1262 4065 1404 4117 enim
1443 4075 1568 4121 tunc
1607 4067 1827 4124 aﬂlictio
1860 4089 2077 4144 magna,

509 4148 684 4215 qualis
716 4164 817 4201 non
855 4150 954 4203 fuit
988 4152 1054 4204 ab
1088 4151 1245 4206 initio
1277 4158 1457 4209 mundi
1492 4161 1556 4210 ad
1594 4160 1696 4215 hoc
1733 4178 1900 4231 usque
1931 4178 2070 4219 tem-

509 4251 632 4305 pus,
664 4253 835 4305 neque
862 4238 972 4292 lict.
1002 4239 1069 4299 Et
1101 4241 1200 4293 nisi
1231 4243 1523 4298 ahbreviati
1556 4246 1788 4304 fuissent
1827 4254 1941 4307 dies
1976 4258 2074 4322 illi,

509 4342 615 4380 Iron
643 4329 792 4381 lieret
820 4329 964 4381 salva
996 4332 1171 4383 omnis
1205 4348 1334 4385 caro
1361 4353 1373 4385 :
1411 4349 1631 4403 propter
1663 4341 1865 4394 electos
1894 4356 2073 4399 autem

508 4414 970 4469 abbreviubuntur
990 4418 1105 4471 dies
1134 4414 1229 4473 illi.
1266 4438 1286 4471 ι
1315 4421 1543 4477 Aﬂlictio
1570 4428 1921 4488 intolerabilis
1948 4446 2075 4491 tunc

508 4518 643 4560 erat.
682 4505 823 4562 Jussi
877 4519 1003 4563 sunt
1032 4514 1176 4564 enim
1227 4512 1596 4572 Romanorum
1644 4524 1844 4579 milites
1879 4543 1944 4581 ne
1984 4530 2070 4583 cui

2186 3426 2501 3495 δυναμένων
2545 3426 2875 3497 ἀποδρᾶναι,
2914 3428 3046 3496 μηδὲ
3076 3427 3135 3479 ἐν
3171 3426 3458 3495 Σαϐϐάτῳ,
3510 3429 3636 3480 τότε
3665 3428 3773 3499 γὰρ

2184 3517 2418 3587 ἀργοῦσι
2450 3517 2590 3570 κατά
2623 3517 2714 3569 τὸν
2737 3518 2924 3585 νόμον,
2970 3518 3063 3569 καὶ
3094 3517 3194 3569 οὐκ
3246 3517 3313 3568 ἂν
3344 3518 3774 3587 ἐπιτολμήσαιεν

2183 3612 2250 3678 τῇ
2285 3612 2455 3679 φυγῇ.
2492 3610 2561 3661 Σὺ
2587 3609 2644 3662 δὲ
2679 3611 2774 3663 καὶ
2796 3608 2939 3661 οὕτω
2976 3608 3107 3670 νόει,
3155 3609 3237 3659 ὅτι
3265 3608 3346 3659 δεῖ
3394 3608 3653 3678 εὔχεσθαι
3686 3610 3771 3663 ἵνα

2188 3700 2265 3772 μὴ
2302 3702 2531 3769 γένηται
2561 3704 2593 3769 ἡ
2632 3702 2778 3771 φυγὴ
2816 3700 2971 3770 ἡμῶν
2992 3703 3055 3753 ἐκ
3088 3700 3184 3753 τοῦ
3220 3699 3339 3770 βίου
3364 3702 3583 3765 τούτου,
3619 3720 3773 3755 τουτ-

2183 3793 2331 3844 έστιν
2371 3793 2404 3863 η
2436 3791 2679 3863 τελευτὴ,
2708 3794 2766 3845 ἐν
2809 3791 3099 3861 Σαϐϐάτῳ,
3143 3794 3209 3861 τῇ
3242 3793 3413 3862 ἀργίᾳ
3449 3793 3560 3843 τῶν
3592 3793 3773 3847 καλῶν

2183 3881 2458 3951 πράξεων,
2486 3882 2621 3953 μηδέ
2655 3884 2713 3935 ἐν
2734 3882 2984 3952 χειμῶνι,
3013 3885 3080 3951 τῇ
3111 3884 3366 3953 ἀκαρπίᾳ
3389 3882 3499 3935 τῶν
3520 3883 3770 3951 ἀγαθῶν,

2180 3970 2296 4023 ἀλλ’
2334 3974 2394 4023 ἐν
2428 3974 2580 4043 εὑδίᾳ
2608 3972 2788 4043 ψυχῆς
2817 3974 2912 4025 καὶ
2936 3973 3229 4043 ἀταραξίᾳ.

2263 4086 2281 4117 ι
2317 4067 2509 4121 Ἔσται
2538 4068 2646 4134 γάρ
2694 4069 2813 4118 τότε
2845 4066 3023 4134 θλίψις
3070 4066 3306 4137 μεγάλη,
3344 4067 3431 4119 οἶα
3452 4068 3515 4119 ού
3546 4067 3773 4137 γέγονεν

2181 4164 2278 4217 ἀπ’
2305 4164 2478 4232 ἀρχῆς
2516 4161 2721 4229 κόσμου
2753 4158 2858 4221 ἐως
2880 4158 2974 4211 τοῦ
3011 4158 3127 4225 νῦν,
3160 4159 3273 4211 οὐδ’
3306 4161 3367 4211 οὐ
3396 4159 3471 4229 μὴ
3502 4163 3766 4229 γένηται·

2181 4256 2275 4308 καὶ
2309 4256 2357 4305 εἰ
2397 4251 2472 4321 μὴ
2507 4250 2921 4319 ἐκολοϐώθησαν
2950 4252 3009 4301 αἰ
3053 4250 3260 4320 ἡμέραι
3292 4252 3524 4312 ἐκεῖναι.
3558 4254 3661 4306 οὐκ
3706 4253 3774 4306 ἂν

2179 4345 2358 4414 ἐσώθη
2394 4345 2543 4395 πᾶσα
2581 4341 2719 4410 σάρξ
2740 4356 2753 4368 ·
2782 4342 2871 4394 διὰ
2896 4342 2951 4394 δὲ
2987 4343 3113 4403 τοὺς
3140 4342 3433 4405 ἐκλεκτοὺς
3462 4343 3771 4413 κολοὸωοη..

2180 4454 2362 4489 σονται
2392 4436 2448 4487 αἰ
2478 4434 2681 4503 ἡμέραι
2703 4434 2929 4485 ἐκεῖναι.
2960 4451 2978 4483 ι
3018 4432 3207 4500 Θλίψις
3232 4433 3508 4502 ἀφόρητος
3532 4436 3653 4486 τότε
3680 4431 3767 4507 ἦν.

2191 4527 2623 4595 Ἐκελεύσθησαν
2652 4524 2762 4591 γάρ
2811 4525 2860 4575 οἰ
2898 4524 3008 4575 τῶν
3070 4524 3363 4593 Ῥωμαίων
3412 4526 3769 4594 στρατιῶται,

506 4610 793 4666 parcerent
823 4617 835 4651 :
870 4601 961 4654 sed
995 4602 1134 4656 Deus
1163 4616 1381 4672 propter
1408 4611 1709 4666 credituros
1736 4629 1802 4668 ex
1830 4617 1959 4683 illis,
1990 4623 2074 4675 vel

2193 4617 2411 4687 μηδενὸς
2468 4615 2764 4685 φείδεσθαι,
2820 4614 2986 4666 ἀλλ“ό
3031 4614 3161 4678 Θεὸς
3201 4614 3291 4667 διὰ
3320 4618 3447 4679 τοὺς
3473 4618 3769 4685 μέλλοντας

508 4704 602 4743 eos
634 4695 722 4757 qui
760 4691 870 4756 jam
900 4694 1261 4759 crediderant,
1295 4714 1397 4751 n0n
1422 4704 1665 4767 permisit
1696 4707 1854 4762 simul
1882 4726 2075 4769 omnes

506 4782 702 4835 occidi.
744 4781 1055 4837 Decurtavit
1088 4795 1265 4839 autem
1292 4787 1608 4848 aﬂlictiones
1640 4806 1691 4848 et
1724 4797 1861 4853 bella
1898 4820 1911 4855 :
1945 4820 2068 4861 nam

506 4872 550 4923 si
584 4871 777 4924 bellum
802 4873 1110 4929 diuturnius
1146 4875 1357 4942 fuisset,
1390 4896 1579 4937 omnes
1604 4888 1692 4954 qui
1729 4888 1872 4944 intus
1894 4905 2068 4961 erant,

505 4961 649 5015 fame
677 4964 985 5030 periissem.
1018 4964 1248 5030 Quidam
1290 4972 1353 5023 de
1384 4973 1703 5029 Antichristi
1736 4979 1924 5034 diebus
1958 4982 2072 5040 haec

504 5053 847 5120 intelligunt:
878 5058 975 5108 sed
1010 5073 1113 5110 non
1147 5071 1274 5128 sunt
1304 5062 1647 5135 intelligenda
1683 5072 1795 5125 haec
1821 5073 1888 5126 de
1921 5078 2075 5129 Anti-

504 5144 730 5204 christo,
759 5145 850 5197 sed
874 5148 939 5197 de
966 5149 1280 5215 captivitate
1313 5157 1463 5209 urbis
1495 5156 1811 5217 Jerusalem.
1839 5164 1969 5229 Qnre
2002 5169 2069 5223 ad

504 5232 897 5288 Antichristnm
941 5240 1239 5307 pertinent,
1288 5244 1391 5299 hoc
1429 5248 1545 5303 loco
1591 5251 1875 5321 incipiunt.
1929 5261 2069 5315 Audi

506 5334 676 5390 Igitur
707 5344 721 5379 :

580 5504 741 5559 Vsus.
781 5508 967 5563 2535.
1014 5529 1031 5561 ι
1071 5513 1219 5569 Tunc
1248 5518 1291 5569 si
1326 5520 1447 5585 quis
1476 5521 1627 5575 vobis
1672 5526 1899 5593 dixerit,
1934 5530 2068 5586 Erce

504 5594 597 5653 hic
618 5598 889 5663 Christus,
921 5612 1017 5656 aut
1041 5603 1167 5669 illic,
1199 5608 1359 5663 nolite
1388 5612 1629 5666 credere.
1663 5616 1897 5686 Sui-gent
1921 5622 2065 5675 cnim

574 5740 621 5772 ³⁰
652 5742 670 5795 Ι
701 5744 889 5800 Thess.
920 5764 981 5803 tt.

585 5878 659 5945 (al
687 5880 823 5936 Edit.
856 5883 973 5939 Lnt.
1009 5890 1205 5949 omisit.
1240 5910 1367 5953 acer
1403 5896 1537 5949 cnim
1575 5900 1700 5951 vita.

2184 4708 2461 4759 πιστεύειν
2497 4706 2555 4769 ἐξ
2612 4705 2814 4765 αὐτῶν,
2852 4705 2885 4773 ἢ
2927 4704 3021 4756 καὶ
3054 4704 3452 4766 πιστεύσαντας
3509 4706 3637 4777 ήδη,
3669 4711 3771 4761 οὐκ

2180 4799 2390 4867 ἀφῆκεν
2411 4798 2581 4867 ἄρδην
2608 4795 2999 4865 ἀναιρεθῆναι,
3028 4796 3165 4848 ἀλλὰ
3200 4797 3295 4848 καὶ
3321 4798 3418 4859 τὰς
3442 4796 3655 4867 θλίψεις
3677 4801 3769 4851 καὶ

2180 4894 2272 4945 τὸν
2291 4891 2525 4960 πόλεμον
2551 4890 2929 4943 ἐιιολώϐιιισεν⁸
2949 4894 2995 4942 εί
3024 4892 3132 4959 γὰρ
3153 4892 3461 4961 ἐκράτησεν
3488 4896 3579 4947 ἐπὶ
3606 4897 3769 4950 πλέον

2177 4987 2207 5038 6
2238 4984 2495 5052 πόλεμος,
2520 4981 2720 5044 πάντες
2747 4981 2813 5035 ἀν
2844 4983 2892 5034 οἰ
2924 4981 3073 5033 ἔνδον
3098 4983 3203 5033 ὑπὸ
3234 4983 3326 5035 τοῦ
3354 4982 3516 5053 λιμοῦ
3546 4986 3770 5057 διεφθά-

2182 5093 2374 5147 ρησαν.
2407 5075 2563 5137 Τινὲς
2611 5074 2668 5127 δὲ
2705 5076 2831 5143 περὶ
2862 5074 2968 5125 τῶν
2998 5074 3090 5125 τοῦ
3129 5074 3506 5145 ’Δντιχρίστου
3543 5081 3769 5152 ἡμερῶν

2179 5170 2362 5222 νοοῦσι
2418 5167 2591 5220 ταῦτα
2621 5183 2637 5199 ⁸
2695 5168 2797 5219 οὐκ
2844 5166 2960 5218 ἐστι
2988 5167 3045 5221 δὲ
3090 5168 3347 5235 περὶτοῦ
3390 5170 3767 5242 ’Δντιχρίστου

2174 5260 2367 5322 ταῦτα,
2408 5258 2544 5312 ἀλλά
2568 5263 2695 5328 περὶ
2717 5260 2815 5327 τῆς
2840 5258 3095 5322 ἁλώσεως
3122 5261 3225 5329 τῆς
3269 5260 3650 5335 Ἱερυυσαλημ.
3683 5268 3765 5320 Ta

2172 5352 2227 5404 δὲ
2259 5354 2386 5422 περὶ
2418 5350 2512 5403 τοῦ
2556 5352 2922 5420 ’Δντιχρίστου
2969 5351 3224 5404 ἐντεῦθεν
3287 5353 3518 5423 ἄρχεται
3545 5373 3559 5385 ·
3596 5359 3763 5411 ἄκουε

2170 5459 2285 5497 ουν

2248 5551 2270 5585 ε
2306 5531 2440 5585 Τότε
2462 5532 2556 5586 ἐάν
2584 5548 2669 5593 τις
2700 5532 2828 5601 ὑμῖν
2857 5534 3007 5604 εἴπῃ,
3057 5532 3187 5585 Ἰδοὺ
3218 5525 3324 5585 ὧδε
3356 5537 3385 5587 6
3412 5537 3669 5606 Χριστὸς,
3724 5542 3761 5613 ἦ

2173 5621 2298 5691 ὦδε,
2321 5624 2396 5694 μὴ
2420 5624 2769 5694 πιστεύσητε.
2796 5624 3223 5695 Ἐγερθήσονται
3249 5627 3361 5697 γὰρ
3380 5628 3761 5703 ψευδόχριστοι

2257 5905 2327 5976 (b)
2355 5906 2495 5962 ﬁdit.
2519 5906 2638 5962 Lut.
2669 5909 2871 5979 omisit,
2904 5920 3025 5964 tunc
3064 5928 3167 5965 non
3198 5910 3440 5981 cﬂ‘ugicnt
3466 5913 3624 5968 iram.
