4028 6592
239 586 340 652 413

843 586 1288 648 ENARR.\TlO
1328 584 1407 645 IN
1446 580 1951 647 EVAN’GELIUM
1983 584 2374 648 MATTHJEI.
2419 611 2490 622 —
2530 587 2691 647 CAP.
2730 589 2947 648 XXIV.

3423 585 3535 649 414

237 711 333 769 καὶ
361 708 836 780 ψευδοπροφῆταιο
865 704 959 756 καὶ
988 702 1221 756 δώσουσι
1248 704 1451 770 σημεῖα
1495 700 1710 770 μεγάλα
1738 698 1835 751 καὶ

1945 701 2341 767 pseudochristi
2379 711 2437 757 et
2480 704 3007 774 pseudoprophetaz,
3052 710 3107 757 ct
3139 702 3345 757 dabunt
3378 705 3536 773 signa

241 807 470 873 τέρατα,
501 800 641 853 ὥστε
676 797 967 864 πλανῆσαι,
1016 794 1069 846 εί
1095 792 1342 858 δυνατὸν,
1378 795 1471 844 καὶ
1512 792 1641 855 τοὺς
1670 791 1831 843 ἐκλε-

239 894 420 955 κτούς.
466 890 598 943 Ἰδοὺ
632 887 940 958 προείρηκα
992 885 1147 953 ὑμῖν.
1190 901 1208 932 t
1272 881 1492 950 Ἐπειδὴ
1526 881 1620 932 δύο
1652 896 1831 950 προσ·-

241 988 483 1055 ήνεγκαν
518 982 817 1049 ἐρωτήσεις
868 980 916 1029 οί
960 975 1224 1046 μαθηταὶ,
1284 975 1414 1043 περὶ
1448 975 1542 1043 τῆς
1574 974 1832 1037 ἁλώσεως

240 1078 337 1143 τῆς
386 1072 763 1144 Ἰερουσαλήμ,
814 1070 910 1122 καὶ
950 1070 1049 1139 τῆς
1093 1069 1400 1137 παρουσίας
1454 1068 1548 1121 τοῦ
1598 1067 1831 1138 Κυρίου,

242 1166 408 1220 εἰπὼν
439 1166 567 1237 περὶ
598 1165 695 1233 τῆς
716 1162 996 1226 ἁλώσεως,
1022 1159 1276 1213 ἐντεῦθεν
1308 1160 1537 1230 ἄρχεται
1572 1160 1703 1227 περὶ
1731 1160 1835 1229 τῆς

241 1255 436 1307 ἐαυτοῦ
469 1253 797 1324 παρουσίας,
829 1251 925 1304 καὶ
975 1252 1074 1319 τῆς
1106 1250 1425 1314 συντελείας
1471 1249 1567 1302 τοῦ
1600 1251 1830 1319 κόσμου.

240 1348 313 1400 Th
341 1347 419 1409 δὲ,
455 1347 603 1410 τότε,
643 1346 705 1397 ού
757 1344 917 1396 τοῦτο
961 1343 1239 1412 ἐμφαίνει,
1290 1344 1372 1395 ὅτι
1411 1342 1573 1404 εὐθὺς
1607 1343 1747 1411 μετὰ
1772 1340 1835 1394 τδ

241 1440 442 1494 ἁλῶναι
467 1440 567 1509 τὴν
608 1438 984 1509 Ἰερουσαλὴμ,
1016 1436 1112 1489 ἐὰν
1157 1453 1241 1499 τις
1274 1437 1402 1506 ύμῖν
1442 1435 1595 1506 εἴπῃ,
1637 1434 1732 1487 καὶ
1763 1434 1835 1488 τά

240 1534 388 1601 ἑξῆς,
422 1531 559 1583 ἀλλὰ
592 1530 685 1582 τδν
718 1530 908 1597 καιρὸν
942 1530 1151 1580 ἐκεῖνον
1176 1527 1433 1597 ἐμφαίνει
1465 1526 1587 1579 καθ’
1612 1526 1673 1579 ὃν
1705 1526 1834 1595 μέλε»

239 1624 322 1677 λει
371 1620 733 1693 γενήσεσθαι⁸
786 1620 930 1672 ὥστε
970 1616 1110 1671 εἶναι
1156 1619 1218 1672 τὸ
1269 1619 1569 1687 λεγόμενον
1603 1618 1831 1670 τοιόνδε·

239 1717 398 1780 Τότε,
432 1713 701 1777 τουτέστι,
747 1712 879 1765 ὅταν
934 1712 1106 1782 μέλλῃ
1158 1713 1187 1763 ὁ
1233 1712 1602 1781 Ἀντὶχριστος
1634 1710 1831 1774 ἐλθεῖν,

238 1807 454 1861 ἔσονται
486 1806 865 1875 ψευδόχριστοι
913 1804 1009 1857 καὶ
1040 1803 1489 1873 ψευδοπροφῆται
1526 1801 1736 1866 πολλοὶ,
1770 1803 1834 1855 ὲκ

239 1899 537 1967 φαντασίας
567 1898 841 1967 δαιμόνων
870 1883 1256 1957 διαπαίζοντες
1289 1897 1417 1956 τοὺς
1445 1893 1559 1947 τῶν
1577 1893 1834 1964 ὁρώντων

237 1992 575 2059 ὀφθαλμοὺς,
594 1990 732 2057 πρὸς
760 1989 823 2041 τὸ
850 1987 1130 2057 ἀπατῆσαί
1152 2003 1337 2048 τινας*
1367 1985 1507 2039 ὥστε
1530 1986 1599 2055 ἢν
1631 1985 1706 2055 μὴ
1737 1985 1833 2053 νή-

240 2100 410 2151 φωσι,
451 2082 544 2135 καὶ
574 2083 624 2134 οί
660 2082 862 2133 δίκαιοι
879 2080 1353 2149 ἁπατηθήσονται.
1394 2077 1538 2131 Ἀλλ’
1564 2078 1693 2145 ὑμῖν
1723 2076 1831 2129 ἰδοὺ

240 2174 550 2243 προείρηκα
584 2190 599 2203 ·
628 2174 729 2227 ούκ
757 2173 910 2243 ἔχετε
962 2173 1236 2244 πρόφασιν
1259 2188 1274 2201 ·
1306 2170 1540 2223 δύνασθε
1588 2170 1699 2242 γὶρ
1756 2170 1833 2240 μή

238 2266 617 2335 ἀπατηθῆναι.

316 2378 338 2409 ι
394 2356 519 2409 Ἐὰν
550 2352 645 2410 οῦν
670 2356 896 2410 εἴπωσιν
921 2354 1073 2423 ὑμῖν,
1120 2353 1251 2405 Ἰδοὺ
1278 2354 1336 2407 ἐν
1365 2354 1432 2423 τῇ
1469 2352 1665 2423 ἐρήμῳ
1691 2351 1831 2417 ἐστὶ,

241 2450 319 2519 μὴ
347 2448 630 2516 ἐξέλθητε·
674 2449 783 2500 ἰδοὺ
834 2450 892 2500 ἐν
919 2449 1031 2510 τοῖς
1050 2445 1325 2515 ταμείοις,
1368 2443 1444 2514 μὴ
1476 2442 1830 2511 πιστεύσητε.

240 2537 457 2607 Ὥσπερ
475 2537 586 2608 γὰρ
609 2538 641 2605 ή
670 2537 928 2606 ἀστραπὴ
954 2536 1241 2605 ἐξέρχεται
1274 2536 1382 2589 ἀπὸ
1402 2535 1703 2599 ἀνατολῶν,
1739 2536 1834 2586 καὶ

237 2629 491 2697 φαίνεται
540 2629 643 2689 ἕως
683 2627 931 2697 δυσμῶν,
964 2626 1138 2689 οὕτως
1166 2627 1322 2680 ἔσται
1367 2628 1399 2696 ή
1427 2624 1704 2695 παρουσία
1733 2624 1829 2679 τοῦ

238 2720 377 2774 Υίοῦ
406 2721 500 2773 τοῦ
526 2720 817 2791 ἀνθρώπου
840 2735 853 2748 ⁵
885 2721 1022 2772 ὅπου
1056 2720 1167 2788 γὰρ
1192 2720 1287 2772 ἐὰν
1378 2718 1436 2771 τὸ
1462 2713 1688 2788 πτῶμα,
1713 2719 1839 2770 ἐκεῖ

236 2812 674 2883 συναχθήσονται
720 2814 769 2863 οί
809 2811 977 2864 ἀετοί.
1035 2830 1053 2861 ι
1107 2812 1236 2865 Ἐὰν
1265 2811 1461 2863 ἔλθωσι
1486 2850 1503 2877 ,
1559 2813 1749 2879 φησὶν,
1784 2810 1837 2863 οί

234 2901 581 2963 ἀπατεῶνες,
603 2901 856 2969 λέγοντες
878 2904 982 2967 ὅτι,
1000 2897 1204 2955 Ἦλθεν
1228 2900 1657 2971 όΧριστδς,ἀλλ⁹
1687 2904 1746 2953 ἐν
1766 2902 1834 2970 τῇ

236 2998 437 3068 ἐρήμῳ
473 2996 588 3049 ἐστὶ
644 2997 1045 3065 κρυπτόμενος,
1085 2994 1119 3065 ή
1159 2995 1219 3046 ἐν
1264 2996 1416 3063 οἰκίᾳ
1462 2995 1589 3055 τινὶ,
1646 2995 1740 3045 καὶ
1777 2994 1837 3047 ἐν

234 3091 355 3151 τοῖς
382 3087 630 3157 ταμείοις
660 3088 753 3138 καὶ
779 3086 1073 3155 ἐσωτέροις
1105 3085 1294 3145 τόποις
1322 3084 1553 3153 ταύτης,
1582 3083 1658 3153 μή
1687 3085 1836 3137 ἀπα-

236 3180 446 3250 τηθῆτε
471 3194 485 3207 ·
519 3180 551 3247 ὴ
580 3178 687 3248 γὰρ
720 3178 814 3230 τοῦ
844 3176 1084 3247 Χριστοῦ
1117 3177 1396 3246 παρουσία
1422 3176 1482 3228 ού
1532 3176 1713 3228 δέεται
1740 3175 1836 3227 τοῦ

234 3271 530 3336 δείξοντος,
558 3271 697 3323 ἀλλὰ
726 3270 1047 3337 καταφανὴς
1079 3267 1234 3319 ἔσται
1274 3269 1463 3333 πᾶσιν,
1518 3267 1711 3338 ῶσπερ
1741 3268 1840 3320 καὶ

1939 809 2134 863 magna
2177 804 2232 849 et
2266 796 2550 866 prodigia,
2602 798 2672 850 ita
2712 806 2771 850 ut
2814 798 2868 849 in
2916 810 3159 850 errorem
3202 796 3538 853 inducantur

1935 887 2099 939 etiam
2131 885 2315 950 electi,
2362 887 2410 941 si
2443 887 2560 941 ﬁeri
2593 897 2791 956 potest.
2840 885 2980 941 Ecce
3022 888 3248 955 praedixi
3284 888 3459 943 vobis.
3506 908 3529 941 ι

1936 973 2207 1040 Quoniam
2254 976 2508 1043 discipuli
2553 977 2689 1029 duas
2726 976 3055 1045 quaestiones
3096 978 3535 1044 iutroduxerant,

1937 1082 2103 1120 unam
2144 1069 2211 1121 de
2256 1069 2571 1137 captivitate
2597 1068 2925 1131 Jerusalem,
2960 1080 3014 1121 et
3060 1068 3290 1122 alteram
3329 1069 3396 1122 de
3432 1070 3534 1122 ad-

1936 1170 2099 1212 ventu
2143 1160 2357 1215 Domini
2388 1181 2401 1217 :
2439 1172 2725 1232 postquam
2756 1162 2824 1215 de
2857 1162 3172 1229 captivitate
3207 1159 3367 1221 dixit,
3410 1161 3535 1215 inde

1937 1262 1990 1305 et
2022 1252 2087 1308 de
2116 1268 2217 1307 suo
2244 1256 2478 1309 adventu
2506 1255 2689 1309 dicere
2724 1254 2912 1322 incipit
2968 1269 3032 1308 ac
3064 1252 3536 1306 consummatione

1938 1345 2147 1400 szeculi.
2203 1345 2339 1401 Cum
2373 1354 2555 1400 autem
2594 1346 2745 1411 dicit,
2787 1357 2937 1409 tunc,
2981 1360 3087 1398 non
3119 1344 3224 1398 hoc
3255 1344 3356 1396 sibi
3398 1340 3534 1403 vult,

1939 1440 2081 1506 quod
2121 1440 2306 1494 statim
2344 1447 2467 1509 post
2505 1448 2723 1509 captam
2767 1436 3069 1493 Jerusalem
3092 1476 3107 1501 ,
3140 1436 3186 1490 si
3223 1435 3346 1504 quis
3380 1432 3537 1487 vobis

1943 1532 2111 1595 dicat,
2146 1541 2282 1594 etc.,
2322 1533 2416 1585 sed
2451 1543 2666 1601 tempus
2701 1530 2829 1583 illud
2861 1529 3103 1584 declarat
3149 1542 3258 1596 quo
3292 1525 3534 1579 futurum

1938 1633 2043 1686 εει,
2081 1632 2140 1676 ut
2170 1624 2222 1676 id
2252 1623 2394 1690 quod
2420 1623 2641 1686 dicitur,
2674 1623 2819 1675 hunc
2850 1635 3070 1675 sensum
3099 1619 3330 1672 habeat:
3358 1614 3533 1680 Tunc,

1939 1716 1991 1767 id
2022 1723 2125 1775 est,
2157 1728 2266 1781 quo
2294 1723 2538 1783 tempore
2561 1723 2825 1765 venturus
2846 1718 2929 1763 est
2950 1708 3340 1765 Antichristus.
3372 1711 3537 1757 erunt

1938 1803 2337 1872 pscndochristi
2374 1813 2431 1858 et
2464 1800 2947 1872 pseudopropheta:
2974 1792 3161 1861 inulti,
3195 1797 3291 1866 qui
3327 1798 3379 1848 in
3420 1795 3535 1847 dae-

1942 1913 2160 1950 tnounut
2212 1895 2556 1966 apparitione
2612 1894 2798 1948 fallent
2853 1892 3153 1945 videntium
3201 1888 3426 1952 oculos,
3477 1896 3538 1940 ut

1940 1990 2204 2056 quosdam
2247 1988 2540 2056 decipiant,
2598 1994 2764 2055 atque
2802 1985 2967 2043 adeo,
3012 1982 3118 2036 nisi
3164 1982 3319 2033 valde
3367 1976 3534 2032 sobrii

1939 2083 2067 2145 sint,
2110 2092 2165 2135 et
2192 2081 2328 2151 justi
2359 2082 2711 2135 seducantur.
2757 2079 2865 2133 Sed
2906 2090 3034 2131 ecce
3076 2074 3302 2145 prazdisi
3344 2071 3532 2126 vobis:

1936 2190 2045 2228 neu
2069 2174 2284 2229 habetis
2304 2172 2714 2228 excusationem
2743 2187 2757 2224 :
2784 2170 3012 2240 potestis
3033 2169 3181 2222 enim
3207 2181 3312 2220 non
3334 2162 3533 2233 decipi.

2011 2352 2179 2409 Vens.
2224 2351 2418 2407 26-28.
2454 2369 2473 2403 ι
2518 2352 2576 2407 Si
2624 2365 2755 2421 ergo
2800 2350 3042 2404 dixerint
3074 2348 3265 2411 vobis,
3303 2344 3440 2400 Ecce
3479 2344 3533 2397 in

1938 2446 2157 2501 deserto
2184 2454 2289 2509 est,
2318 2428 2490 2499 nolite
2520 2444 2670 2497 exire
2702 2459 2717 2495 :
2762 2456 2895 2497 ecce
2922 2441 2976 2494 in
3008 2438 3402 2509 penetralibus,
3436 2451 3535 2489 no-

1938 2538 2033 2593 lite
2067 2541 2315 2593 credere.
2350 2535 2506 2590 Sicut
2543 2535 2689 2589 enim
2729 2532 2907 2601 fulgur
2938 2533 3052 2586 exit
3083 2534 3153 2586 ab
3195 2532 3410 2585 oriente
3432 2569 3447 2590 .
3482 2539 3541 2581 ει

1941 2640 2165 2700 apparet
2190 2645 2365 2697 usque
2389 2629 2443 2682 in
2470 2627 2839 2689 occidentem,
2877 2624 2951 2678 ita
2986 2625 3091 2677 erit
3118 2623 3384 2677 adventus
3413 2619 3539 2675 Filii

1940 2723 2197 2779 hominis.
2247 2720 2349 2776 Ubi
2398 2721 2544 2775 enim
2592 2718 2756 2773 fuerit
2795 2716 3052 2779 cadaver,
3083 2714 3195 2769 illic
3235 2727 3538 2783 congrega-

1939 2817 2145 2871 buntur
2169 2824 2225 2868 et
2258 2813 2474 2882 aquilae.
2520 2831 2539 2864 ι
2573 2812 2630 2866 Si
2672 2810 2941 2873 venerint,
2976 2808 3168 2878 inquit,
3209 2807 3540 2875 itnpostores

1941 2908 2207 2973 dicentes,
2246 2906 2405 2976 132
2436 2904 2689 2958 Christus
2714 2902 2884 2967 venit,
2918 2902 3012 2956 sed
3046 2901 3097 2952 in
3133 2899 3428 2954 solitudine
3456 2907 3542 2951 est

1939 2996 2220 3061 occultus,
2252 2996 2338 3050 vel
2366 2996 2417 3047 in
2449 2996 2614 3048 domo
2637 2992 2871 3061 quadam
2896 3031 2909 3052 ,
2954 2988 3039 3043 vel
3074 2989 3126 3042 in
3153 2988 3542 3057 promptuariis

1940 3100 1997 3144 et
2024 3088 2383 3141 interioribus
2417 3086 2549 3141 locis
2580 3085 2720 3155 ejus,
2751 3099 2819 3138 ne
2851 3080 3226 3150 decipiamini.
3259 3081 3542 3135 Adventus

1942 3180 2088 3235 enim
2130 3179 2332 3234 Christi
2382 3194 2492 3233 nou
2527 3192 2665 3247 opus
2700 3174 2924 3230 habebit
2965 3173 3220 3243 quopiam
3253 3173 3345 3242 qui
3390 3173 3539 3226 illum

1944 3275 2305 3337 demonstret,
2342 3273 2436 3323 sed
2472 3270 2798 3325 manifestus
2835 3265 2942 3320 erit
2979 3262 3266 3326 omnibus,
3305 3263 3448 3318 sicut
3485 3276 3542 3317 ct

235 3361 273 3432 ἡ
304 3361 586 3430 ἀστραπή.
621 3361 730 3413 Καὶ
764 3364 873 3429 γὰρ
919 3358 1063 3427 αῦτη
1102 3359 1199 3411 καὶ
1256 3358 1526 3425 αίιρνίδιός
1573 3360 1714 3422 ἐστι,
1743 3358 1835 3412 καὶ

1945 3363 2144 3433 fulgur.
2179 3363 2316 3415 Nam
2345 3363 2486 3416 sicut
2527 3362 2657 3415 illud
2693 3363 3035 3429 repentinum
3072 3370 3155 3414 est
3201 3368 3255 3413 et
3287 3358 3543 3411 omnibus

237 3453 382 3505 πᾶσι
416 3451 718 3519 κατάδηλος
762 3466 776 3478 ⁸
824 3450 997 3513 οὕτως
1046 3446 1142 3503 οῦν
1193 3449 1424 3521 κάκείνη
1466 3452 1600 3503 πᾶσι
1643 3453 1755 3514 τοῖς
1781 3453 1839 3504 ἐν

238 3542 322 3611 τῷ
350 3543 544 3611 κόσμῳ
567 3542 792 3610 ἔκδηλος
817 3543 972 3594 ἔσται
996 3560 1010 3573 ·
1035 3543 1096 3595 ού
1133 3544 1244 3613 γὰρ
1291 3544 1484 3611 ὥσπερ
1524 3545 1584 3595 ἐν
1614 3548 1681 3613 τῇ
1707 3560 1840 3612 προ⁶

234 3633 378 3704 τέρᾳ
394 3632 667 3703 παρουσίᾳ
693 3632 803 3685 ἀπὸ
829 3634 998 3685 τόπου
1032 3635 1111 3695 είς
1138 3634 1303 3685 τόπον
1333 3633 1675 3702 μετέϐαινεν,
1696 3635 1841 3689 οὔτω

237 3729 344 3782 καὶ
373 3731 431 3781 ἐν
463 3730 531 3797 τῇ
560 3727 811 3796 δευτέρᾳ,
848 3726 964 3779 ἀλλ’
989 3728 1047 3777 ὲν
1072 3728 1205 3797 ῥιπῇ
1236 3727 1521 3796 ὀφθαλμοῦ
1545 3730 1835 3796 παρέσται.

239 3822 360 3875 Καὶ
392 3820 585 3891 ῶσπερ
639 3821 731 3871 ἐπὶ
763 3820 958 3888 νεκρὸν
1010 3820 1172 3889 σῶμα
1232 3821 1558 3887 συνάγονται
1587 3822 1753 3886 ὀξέως
1788 3825 1838 3876 οί

236 3912 422 3977 ἀετοὶ,
446 3913 498 3964 οί
520 3912 697 3980 γῦπες
722 3911 949 3981 δηλαδή,
985 3910 1131 3963 οὓτω
1159 3912 1256 3963 καὶ
1284 3912 1416 3965 ἔνθα
1444 3913 1510 3966 ἂν
1537 3916 1622 3982 εἴη
1640 3918 1670 3966 ό
1698 3916 1839 3983 Χρι-

238 4006 395 4071 στὸς,
424 4003 741 4057 ἐλεύσονται
764 4002 970 4065 πάντες
1002 4004 1051 4054 οἱ
1082 4002 1252 4070 ἆγιοι,
1289 4004 1339 4054 oi
1365 4003 1434 4056 τὰ
1466 4004 1649 4073 ὑψηλὰ
1676 4007 1840 4059 πετό-

242 4114 424 4169 μενοι,
450 4098 547 4150 καὶ
573 4097 631 4149 ἐν
650 4098 771 4155 ταῖς
792 4095 1535 4166 νεφέλαιςὰρπαγησόμενοι
1556 4097 1632 4159 ὡς
1663 4099 1833 4151 ἀετοί·

238 4189 451 4258 πτῶμα
490 4188 552 4241 δὲ
597 4187 811 4249 πάντως
856 4188 886 4239 ὁ
936 4185 1199 4254 Χριστὸς,
1238 4186 1327 4239 διὰ
1357 4187 1419 4238 τὸ
1468 4190 1658 4240 πεσεῖν
1697 4190 1839 4259 ὑπὲρ

236 4282 273 4351 ή
282 4280 407 4350 μῶν
435 4279 534 4333 καὶ
560 4276 875 4333 ἀποθανεῖν.
912 4278 1003 4340 Ὠς
1028 4276 1124 4331 καὶ
1143 4279 1172 4331 ό
1194 4278 1427 4347 Συμεὼν
1452 4280 1631 4348 λέγει·
1664 4278 1839 4347 Οῦτος

237 4375 427 4426 κεῖται
455 4373 537 4435 εἰς
567 4370 799 4424 πτῶσιν.

322 4481 346 4514 ‹
380 4462 599 4525 Εὐθέως
622 4461 677 4513 δὲ
704 4459 842 4529 μετὰ
862 4462 964 4532 τήν
1016 4458 1200 4528 θλίψιν
1224 4460 1336 4514 τῶν
1360 4464 1391 4532 ή
1401 4463 1587 4534 μερῶν
1616 4465 1839 4520 ἐκείνων

236 4555 269 4607 ὁ
291 4553 451 4625 ἥλιος
472 4552 909 4623 σκοτισθήσεται,
933 4554 1028 4607 καὶ
1046 4554 1080 4623 ή
1109 4555 1309 4625 σελήνη
1343 4556 1405 4607 οὐ
1428 4554 1593 4609 δώσει
1620 4557 1684 4611 τὸ
1705 4558 1840 4627 φέγ-

234 4661 341 4714 γος
368 4644 564 4714 αὐτῆς,
597 4646 696 4697 καὶ
718 4646 767 4697 ei
794 4645 1028 4717 ἀστέρες
1052 4647 1348 4701 πεσοῦνται
1380 4650 1490 4703 ἀπὸ
1537 4649 1633 4704 τοῦ
1669 4653 1839 4723 ούρα-

1944 3458 2187 3517 clarutn,
2235 3456 2308 3508 ita
2342 3462 2397 3508 et
2440 3456 2557 3523 ipse
2586 3453 2923 3507 omnibusin
2972 3452 3176 3507 mundo
3221 3450 3543 3503 manifestus

1943 3548 2069 3601 erit.
2109 3544 2227 3599 Non
2262 3547 2409 3599 enim
2451 3546 2597 3599 sicut
2640 3544 2695 3597 in
2742 3545 2919 3613 primo
2952 3544 3191 3598 adventu
3229 3541 3297 3596 de
3334 3542 3450 3595 loco
3486 3543 3541 3594 in

1945 3640 2121 3694 locum
2155 3640 2427 3705 transivit,
2470 3639 2543 3693 ita
2571 3648 2624 3692 et
2663 3639 2714 3692 iu
2755 3638 3019 3701 secundo,
3050 3638 3144 3691 sed
3178 3637 3231 3689 in
3264 3644 3541 3689 momento

1943 3731 2086 3785 oculi
2122 3732 2317 3784 aderit.
2358 3731 2425 3783 Et
2454 3730 2599 3784 sicut
2642 3732 2781 3799 apud
2820 3737 3094 3782 mortuum
3138 3728 3374 3780 cadaver
3406 3742 3541 3781 cnu-

1943 3834 2242 3895 gregautur
2271 3824 2457 3877 statim
2496 3822 2711 3892 aquilae,
2750 3838 2870 3893 quas
2912 3823 3156 3879 vultures
3199 3832 3345 3884 sunt,
3382 3822 3461 3872 sic
3490 3832 3542 3871 ut

1942 3926 2135 3966 omnes
2173 3912 2350 3966 sancti
2406 3912 2630 3966 venient
2677 3928 2743 3967 eo
2796 3914 2885 3966 uhi
2926 3912 3185 3967 Christus
3236 3911 3421 3966 fuerit.
3462 3896 3539 3962 lli

1942 4003 2088 4057 enim
2120 4003 2173 4056 in
2196 4017 2410 4057 summa
2449 4003 2653 4067 volant,
2684 4014 2736 4056 et
2773 4005 2825 4057 in
2864 4008 3035 4058 nubes
3067 4003 3370 4070 rapientur,
3400 4002 3543 4055 sicut

1943 4099 2160 4169 aquilae.
2206 4095 2456 4151 Cadaver
2499 4104 2683 4151 autem
2725 4097 2927 4150 dicitur
2967 4095 3257 4158 Christus,
3289 4095 3413 4163 quia
3446 4109 3543 4161 pro

1945 4192 2104 4245 nobis
2136 4190 2335 4245 cecidit
2361 4200 2419 4243 et
2441 4198 2687 4243 mortuus
2714 4200 2799 4243 est
2825 4209 2840 4243 :
2870 4190 3011 4244 sicut
3038 4198 3097 4255 et
3132 4187 3359 4243 Sitneon
3386 4187 3540 4252 dicit,

1945 4284 2046 4341 llic
2078 4286 2291 4353 positus
2320 4293 2405 4339 est
2432 4283 2487 4339 in
2518 4297 2732 4339 casum.

2018 4463 2187 4529 τω.
2248 4464 2341 4521 29.
2403 4482 2423 4516 ι
2472 4462 2670 4519 Statim
2726 4472 2909 4516 autem
2964 4472 3085 4531 post
3133 4460 3549 4521 tribulationem

1944 4558 2156 4614 dierum
2190 4558 2405 4613 iliorum
2440 4557 2525 4613 sol
2560 4558 2967 4623 obscurabitur,
2996 4566 3051 4610 et
3085 4556 3211 4609 luna
3253 4573 3358 4611 non
3395 4559 3549 4614 dabit

1947 4650 2133 4706 lumen
2172 4666 2355 4717 suum,
2379 4662 2434 4707 et
2472 4651 2646 4706 stella:
2680 4652 2880 4709 cadent
2915 4651 2984 4706 de
3018 4652 3178 4716 cmlo,
3220 4661 3277 4705 et
3311 4653 3542 4705 virtutes

233 4738 361 4798 νοῦ.
392 4736 489 4791 καὶ
522 4737 580 4787 αι
629 4736 890 4806 δυνάμεις
906 4737 1016 4793 τῶν
1045 4739 1296 4811 οὐρανῶν
1329 4741 1782 4814 σαλευθήσονται.
1812 4762 1835 4797 ι

1951 4745 2213 4800 caelorum
2245 4744 2753 4799 commovebuntur.
2789 4764 2811 4797 ι
2842 4744 2977 4801 Post
3001 4746 3316 4807 adventum,
3345 4746 3545 4812 inquit,

234 4832 403 4887 Μετὰ
456 4828 558 4900 τὴν
586 4828 682 4882 τοῦ
734 4830 1134 4901 ’Δντιχρίστου,
1192 4835 1385 4904 φησιν,
1436 4835 1674 4899 ἔλευσιν,
1711 4838 1837 4909 ήτις

232 4927 381 4996 ταχὺ
406 4925 721 4996 λυθήσεται·
746 4924 905 4980 τοῦτο
933 4928 1043 4997 γὰρ
1066 4927 1154 4981 διὰ
1177 4927 1271 4981 τοῦ
1296 4928 1520 4995 εὐθέως
1537 4932 1830 5003 ἐδήλωσενο

231 5018 265 5071 ὁ
285 5016 446 5087 ἥλιος
480 5016 924 5088 σκοτισθήσεται,
956 5019 1080 5071 ἀντὶ
1094 5018 1190 5073 τοῦ
1218 5021 1712 5093 ἁμαυρωθήσεται,
1734 5026 1837 5079 οὐκ

232 5107 666 5179 ἀφανιζόμενος,
719 5109 857 5164 ἀλλά
884 5110 1281 5183 νικώμενος-τῷ
1310 5117 1411 5185 τῆς
1447 5115 1543 5168 τοῦ
1595 5117 1840 5187 Χριστοῦ

234 5199 554 5270 παρουσίας
582 5199 721 5267 φωτί
739 5214 755 5229 ·
775 5198 965 5271 ὥσπερ
987 5201 1082 5254 καὶ
1103 5201 1174 5254 τὰ
1193 5201 1371 5273 ἄστρα
1414 5206 1510 5259 καὶ
1542 5207 1576 5276 ἡ
1613 5206 1836 5278 σελήνη.

229 5290 324 5354 {lc
355 5291 467 5359 γὰρ
492 5288 573 5343 ἔτι
620 5290 781 5362 χρεία
826 5290 1072 5344 τοιούτω
1100 5292 1365 5361 αἰσθητοῦ
1397 5296 1595 5363 φωτὸς,
1638 5278 1836 5363 νυκτὸς

231 5386 345 5439 οὐκ
374 5382 571 5450 οὔσης.
588 5386 681 5437 καὶ
703 5384 801 5437 τοῦ
841 5385 1027 5439 Ἠλίου
1051 5387 1151 5457 τῆς
1176 5387 1529 5459 δικαιοσύνης
1550 5390 1830 5460 όφθέντοςς

246 5475 423 5530 ’Δλλά
456 5474 551 5528 καὶ
586 5475 643 5529 ai.
663 5474 921 5545 δυνάμεις
952 5476 1061 5530 τῶν
1088 5478 1340 5549 οὐρανῶν
1375 5479 1830 5553 σαλευθήσονται,

230 5567 526 5621 τουτέστιν
579 5566 1022 5637 ἐκπλαγήσονται
1087 5570 1184 5620 καὶ
1266 5569 1575 5640 φρίξουσιν,
1628 5572 1837 5642 ὁρῶσαι

228 5657 549 5729 τὴνκτίσιν
578 5656 988 5729 ἀλλοιουμένην,
1014 5658 1113 5711 καὶ
1135 5660 1344 5723 πάντας
1373 5662 1501 5724 τοὺς
1528 5661 1640 5715 ἀπὺ
1658 5663 1836 5737 ’Δδὰμ

232 5749 411 5823 μέχρι
444 5746 567 5801 τότε
600 5747 924 5818 ἀνθρώπους
946 5747 1140 5810 δώσειν
1178 5750 1472 5818 μέλλοντας
1510 5752 1691 5821 λόγον.
1712 5808 1734 5816 ρ

317 5858 343 5893 ι
377 5838 490 5894 Καὶ
518 5838 643 5893 τότε
672 5840 975 5910 φανήσεται
999 5842 1061 5896 τὺ
1089 5845 1314 5913 σημεῖον
1332 5844 1427 5898 τοῦ
1459 5844 1588 5899 Υίοῦ
1616 5846 1713 5902 τοῦ
1741 5850 1832 5903 ἀν-

309 6021 361 6053 "
389 6017 559 6076 Zach.
588 6033 699 6093 xiv,
727 6018 781 6089 4,
808 6033 962 6105 seqq.

1945 4840 2306 4903 Antichristi,
2340 4840 2432 4907 qui
2467 4840 2621 4906 δεενί
2658 4840 2941 4894 solvetur:
2981 4842 3082 4894 hoc
3114 4841 3257 4893 enim
3293 4841 3541 4893 declara-

1947 4934 2025 4986 vit
2051 4946 2148 5001 per
2179 4932 2285 4986 hoc
2316 4932 2461 5006 quod
2489 4915 2645 4996 dlcit,
2676 4932 2861 4985 statim
2894 4947 2909 4984 :
2947 4932 3031 4985 sol
3064 4931 3544 4996 obtenebrabitur,

1948 5022 2051 5076 hoc
2075 5031 2187 5089 est,
2212 5021 2617 5087 obscurabitur,
2648 5036 2752 5075 non
2785 5021 3094 5090 disparens,
3122 5022 3216 5075 sed
3252 5032 3548 5089 superatus

1956 5114 2153 5167 lumine
2180 5114 2448 5167 adventus
2471 5111 2699 5176 Christi,
2726 5095 3184 5182 quemadmodum
3211 5122 3264 5167 et
3291 5114 3461 5167 stella:
3486 5123 3543 5167 et

1948 5205 2070 5258 luna
2120 5221 2135 5257 :
2183 5204 2317 5272 quid
2362 5203 2508 5257 enim
2562 5213 2826 5272 praeterea
2876 5218 3014 5271 opus
3067 5204 3175 5257 erit
3228 5203 3539 5273 huiusmodi

1945 5296 2187 5352 sensibili
2222 5296 2454 5358 lumine,
2496 5309 2620 5349 cum
2666 5310 2771 5349 non
2802 5297 2910 5349 erit
2950 5310 3090 5360 uox,
3130 5295 3226 5349 sed
3257 5298 3542 5365 apparebit

1942 5387 2036 5446 Sol
2068 5389 2295 5457 iustitia:
2323 5389 2413 5443 "1
2464 5389 2607 5456 Quin
2646 5401 2701 5443 et
2736 5390 2970 5442 virtutes
3004 5389 3268 5441 caelorum
3296 5404 3543 5443 coutnto-

1943 5485 2245 5549 vehuntur,
2290 5484 2393 5537 hoc
2418 5492 2536 5549 est,
2572 5483 2959 5551 obstupesceut
2987 5495 3037 5538 et
3074 5484 3423 5548 horresceut,
3458 5482 3541 5536 vi-

1942 5575 2134 5630 dentes
2186 5584 2503 5631 creaturam
2552 5574 2865 5639 itntuutari,
2909 5584 2965 5628 et
3012 5588 3205 5628 omnes
3255 5574 3323 5626 ab
3368 5573 3545 5625 Adam

1941 5682 2115 5738 usque
2154 5670 2223 5723 ad
2261 5667 2394 5722 illud
2440 5678 2653 5735 tempus
2695 5666 2948 5721 homines
2989 5667 3257 5721 rationem
3287 5667 3543 5719 daturos.

2011 5845 2184 5903 Vens.
2215 5848 2307 5905 50.
2349 5864 2369 5899 ι
2404 5848 2473 5901 Et
2502 5853 2635 5901 tunc
2658 5843 2940 5915 apparebit
2961 5818 3178 5915 signum
3208 5840 3331 5899 Filii
3361 5839 3542 5898 homi-
