4028 6598
295 481 397 546 421

831 476 1142 536 ΕΧΑΠΒΑ
1156 473 1279 534 ΤΙΟ
1320 471 1401 533 IN
1444 465 1884 533 EVANGELIU

1993 463 2379 525 MATTI'LEI.
2421 486 2486 500 ·-
2521 464 2680 524 CAP.
2722 464 2937 525 XXIV.

3492 462 3603 533 422

294 598 483 665 μεῖτε,
531 590 667 647 ἀλλά
706 589 929 657 νήφετε.
978 585 1042 637 El
1073 584 1181 654 γὰρ
1219 583 1447 653 ᾔδειμεν
1494 578 1595 649 τὴν
1628 574 1884 644 τελευτὴν

1997 583 2197 635 estote,
2248 572 2341 625 sed
2392 572 2559 627 sobrii
2617 582 2671 627 et
2727 575 3035 645 vigilantes.
3068 570 3203 628 Nam
3237 574 3284 630 si
3331 575 3605 635 sciremus

288 686 453 755 ἡμῶν
501 684 630 736 πότε
685 680 872 743 ἔσται,
931 674 1150 744 ἐκείνην
1189 674 1256 726 ἂν
1308 673 1479 742 μόνην
1522 668 1622 741 τὴν
1661 666 1882 738 ἡμέραν

285 774 704 839 ὲσττοοδάζομεν
742 769 1063 839 ευαρεστεῖν
1086 765 1166 836 τῷ
1200 762 1320 831 Θεῷ
1346 780 1358 792 ·
1396 760 1493 815 νῦν
1527 761 1584 814 δὲ
1623 758 1885 828 ἀγνοοῦν-

284 871 381 931 τες
403 908 418 932 ,
446 868 689 935 νήφομεν
725 864 815 917 ἀεὶ
843 862 982 932 πρὸς
1010 860 1078 912 τὰ
1106 858 1209 928 τῆς
1242 855 1443 927 ἀρετῆς
1471 855 1629 925 ἔργα.

366 1066 387 1096 ι
429 1046 526 1107 τίς
563 1045 673 1113 ἄρα
702 1041 851 1095 ιστὶν
882 1040 913 1092 6
945 1036 1137 1100 πιστὸς
1165 1034 1352 1092 δοῦλος
1378 1034 1473 1087 καὶ
1500 1032 1788 1103 φρόνιμος,
1821 1027 1882 1080 δν

286 1138 625 1209 κατέστησεν
649 1139 676 1190 6
715 1136 906 1205 κύριος
933 1130 1101 1188 αὑτοῦ
1126 1130 1221 1184 επὶ
1239 1129 1338 1198 τῆς
1361 1125 1661 1198 θεραπείας
1689 1120 1878 1186 αὑτοῦ,

282 1227 382 1282 τοῦ
410 1228 609 1281 διδόναι
659 1226 846 1287 αὐτοῖς
874 1225 974 1294 τήν
1002 1222 1210 1294 τροφὴν
1240 1220 1298 1272 ὲν
1334 1216 1515 1287 καιρῷ
1542 1233 1558 1282 ;
1591 1214 1881 1281 Μακάριος

282 1323 316 1375 6
368 1320 553 1382 δοῦλος
596 1321 842 1382 ἐκεῖνος,
884 1317 944 1370 ὃν
973 1314 1143 1369 ἐλθὼν
1180 1315 1210 1368 6
1258 1306 1677 1391 xﬁpmubtob
1717 1309 1881 1378 εὑρήο

286 1430 373 1465 σει
407 1409 669 1465 ποιοῦντα
714 1409 909 1471 οὕτως.
952 1407 1130 1477 ’Δμήν
1158 1406 1302 1473 λέγω
1331 1403 1463 1473 ὑμῖν
1494 1403 1578 1455 ὅτι
1608 1401 1701 1453 ἐπὶ
1742 1402 1881 1452 πᾶσι

283 1504 402 1567 τοῖς
428 1504 768 1572 ὑπάρχουσιν
806 1498 972 1565 αὐτοῦ
1001 1498 1337 1564 καταστήσει
1371 1493 1560 1546 αὐτόν.
1606 1510 1626 1543 ι
1673 1492 1880 1543 Διαπο-

286 1598 376 1667 ρετ
401 1599 428 1647 6
456 1596 659 1663 Κύριος
684 1593 768 1655 τίς
792 1591 945 1644 ἔσται
974 1592 1003 1642 6
1030 1590 1220 1649 πιστὸς
1249 1586 1436 1648 δοῦλος
1466 1584 1563 1637 καὶ
1589 1581 1878 1652 φρόνιμος,

281 1687 345 1739 ὂν
391 1687 727 1754 κατέστησεν
778 1684 809 1734 6
861 1682 1050 1752 κύριος
1080 1677 1247 1731 αὐτοῦ
1298 1676 1390 1729 ἐπὶ
1441 1677 1543 1744 τῆς
1581 1670 1881 1742 θεραπείας

284 1777 493 1841 αὑτοῦ,
555 1776 643 1828 ἶνα
702 1775 854 1845 δείξῃ
909 1773 993 1825 ὅτι
1053 1770 1283 1831 σπάνιος
1326 1767 1421 1819 καὶ
1472 1762 1801 1834 δυσεύρετος
1852 1762 1882 1812 6

282 1868 550 1929 τοιοῦτος.
599 1867 705 1921 Δύο
746 1867 803 1920 δὲ
848 1865 1161 1918 ἀπαιτεῐται
1198 1862 1307 1923 πᾶς
1336 1858 1645 1927 οίκονόμος,
1694 1856 1882 1907 πίστιν

286 1960 386 2011 καὶ
424 1958 719 2027 φρόνησιν’
758 1956 870 2009 εἴτε
916 1954 1025 2024 γὰρ
1068 1951 1261 2015 πιστὸς
1312 1948 1413 2020 μέν
1442 1951 1561 2001 ἐστι
1593 1947 1688 2001 καὶ
1724 1946 1879 1999 οὐδὲν

285 2049 548 2111 κλέπτει,
603 2049 868 2118 φρόνιμος
918 2046 977 2099 δὲ
1022 2047 1122 2115 οὐχ
1173 2044 1449 2110 ὑπάρχει,
1504 2039 1645 2093 ἀλλὰ
1698 2038 1879 2108 μάτην

284 2138 553 2191 ἀπέλλυσι
602 2138 671 2190 τὰ
724 2137 1026 2206 χρήματα,
1066 2134 1181 2186 εἴτε
1232 2140 1500 2200 φρόνιμος
1554 2128 1716 2198 δῆθεν
1765 2125 1874 2191 ὢν,

286 2232 514 2285 κλέπτει
564 2232 758 2293 αὐτὸς,
797 2228 955 2281 οὐδὲν
1000 2224 1215 2293 δφελος.
1260 2223 1323 2276 '0
1354 2223 1540 2275 τοίνυν
1580 2219 1879 2289 εὑρεθησό-

292 2342 456 2395 μενος
481 2324 602 2376 τότε
634 2322 825 2383 πιστὸς
852 2320 948 2373 καλ⁵
977 2317 1266 2388 φρόνιμος,
1296 2315 1507 2374 lascivo;
1528 2313 1624 2365 xui
1652 2311 1763 2365 τῶν
1790 2328 1882 2362 τε-

284 2418 579 2487 λειοτέρων
610 2413 959 2479 δπιτεύξεται
985 2452 1001 2477 ,
1036 2410 1185 2478 λέγω
1228 2407 1292 2477 δή
1325 2408 1428 2477 τῆς
1461 2404 1737 2476 βασιλείας
1770 2403 1879 2455 τῶν

284 2507 561 2577 οὐρανῶν.
608 2506 835 2559 Πάντων
871 2502 985 2572 γὰρ
1030 2500 1141 2555 τῶν
1215 2500 1576 2569 ὑπαρχόντων
1634 2496 1713 2567 τῷ
1760 2494 1882 2564 Θεῷ

285 2596 619 2666 κληρονόμοι
663 2594 881 2647 ἔσονται
908 2595 956 2646 οί
1010 2592 1184 2661 ἅγιοι.
1235 2591 1435 2653 Πιστὸς
1468 2590 1523 2642 δὲ
1552 2588 1737 2645 δοῦλος
1785 2588 1881 2640 καὶ

284 2688 575 2758 φρόνιμος,
609 2686 703 2739 καὶ
738 2687 846 2747 πᾶς
880 2684 1203 2745 διδάσκαλος
1230 2684 1259 2736 6
1285 2683 1345 2734 ὲν
1372 2679 1553 2750 καιρῷ
1573 2679 1750 2739 διδοὺς
1781 2678 1880 2745 τὴν

283 2781 498 2850 τροφὴν
530 2782 747 2849 ἑκάστῳ
780 2778 890 2830 τῶν
922 2777 1014 2829 ὑπ’
1042 2775 1213 2829 αὐτοῦ
1245 2773 1675 2841 διδασκομένων,
1711 2766 1824 2832 οἷος
1854 2771 1881 2821 6

288 2873 524 2936 Παῦλος,
579 2871 674 2923 νῦν
714 2870 813 2939 μιν
851 2869 995 2936 γάλα
1033 2867 1303 2932 ποτίζων,
1333 2862 1429 2917 νῦν
1463 2865 1521 2918 δὲ
1560 2864 1752 2931 σοφίαν
1786 2862 1883 2914 λα-

289 2963 423 3026 λῶν,
459 2961 651 3023 πιστός
678 2978 737 3013 τε
774 2959 1024 3022 διάκονος
1048 2956 1148 3021 ὢν,
1181 2957 1210 3009 6
1237 2956 1504 3026 πρότερον
1530 2954 1879 3024 βλάσφημος,

292 3056 389 3107 καὶ
406 3054 691 3123 φρόνιμος,
717 3050 793 3113 ὡς
819 3051 895 3121 μή
922 3049 1135 3119 ἀγνοῶν
1156 3048 1227 3102 τὰ
1251 3050 1501 3117 νοήματα
1521 3046 1619 3099 τοῦ
1648 3045 1848 3117 ἐχθροῦ
1866 3064 1879 3076 ·

288 3144 429 3199 ἀλλὰ
456 3145 555 3196 καὶ
591 3144 700 3206 πᾶς
731 3144 761 3195 6
792 3140 974 3195 ὁτιοῦν
1006 3141 1157 3210 παρα
1184 3139 1322 3193 Θεοῦ
1351 3137 1557 3203 λαϐὼν,
1588 3139 1702 3191 εἴτε
1746 3139 1885 3208 χρή-

292 3256 483 3308 ματα,
541 3237 653 3289 εἶτε
704 3234 1067 3300 δυναστείαν,
1118 3233 1233 3285 ιίτε
1282 3232 1499 3303 ἀρχὴν,
1542 3231 1749 3300 ὀφείλει
1790 3233 1883 3284 καὶ

290 3331 503 3394 πιστῶς
554 3330 649 3383 καὶ
703 3327 987 3399 φρονίμως
1036 3326 1263 3379 διοικεῖν
1318 3324 1497 3377 ταῦτα
1522 3361 1538 3386 ,
1592 3323 1671 3385 ὡς
1724 3321 1886 3390 λόγον

287 3423 504 3477 δώσων.

367 3531 389 3564 ι
429 3512 556 3565 Ἐὰν
580 3510 637 3563 δὲ
668 3508 801 3580 εἴπῃ
826 3508 856 3560 6
889 3503 1060 3567 κακὸς
1091 3503 1280 3567 δοῦλος
1318 3503 1533 3563 ἐκεῖνος
1558 3502 1619 3552 ὲν
1650 3502 1718 3570 τῇ
1751 3517 1891 3571 καρ-

289 3602 384 3675 δίᾳ
408 3600 599 3665 αὐτοῦ,
629 3598 884 3669 Χρονίζει
913 3599 942 3650 6
979 3594 1175 3664 κύριός
1222 3610 1326 3663 μου
1359 3591 1559 3651 ἔλθεῑν,
1597 3590 1695 3644 καὶ
1722 3590 1894 3660 ἄρξη-

289 3709 382 3747 ται
407 3690 633 3744 τύπτειν
657 3689 785 3749 τοὺς
814 3683 1160 3747 συνδούλους,
1190 3682 1349 3753 ἐσθίῃ
1377 3681 1436 3734 δὲ
1466 3680 1564 3734 καὶ
1587 3680 1721 3752 πίνῃ
1751 3680 1890 3749 μετὰ

290 3784 405 3839 τῶν
440 3780 771 3852 μεθυόντων,
799 3775 923 3849 ἣξει
948 3778 978 3830 6
1008 3776 1199 3845 κύριος
1234 3774 1329 3826 τοῦ
1362 3774 1551 3826 δούλου
1586 3773 1800 3825 ἐκείνου
1830 3772 1889 3823 ἐν

289 3876 479 3947 ἡμέρᾳ
577 3874 637 3925 οῦ
668 3869 967 3941 προσδοκᾷ,
1019 3868 1115 3920 καὶ
1146 3868 1207 3918 ἐν
1254 3864 1375 3933 ὥρᾳ
1498 3864 1562 3917 οὐ
1606 3862 1887 3932 γινώσκει,

291 3972 394 4027 καὶ
424 3969 772 4041 διχοτομήσει
798 3965 985 4029 αὐτὸν,
1010 3964 1106 4016 καὶ
1134 3963 1195 4014 τὸ
1228 3963 1393 4032 μέρος
1418 3960 1583 4015 αὐτοῦ
1609 3960 1746 4029 μετὰ
1777 3960 1891 4014 τῶν

294 4061 613 4132 ὑποκριτῶν
638 4060 795 4129 θήσει
820 4072 835 4087 ο
872 4057 991 4108 ἐκεῖ
1028 4054 1182 4107 ἔσται
1208 4055 1237 4105 6
1265 4052 1545 4120 κλαυθμὸς
1576 4053 1673 4105 καὶ
1702 4054 1731 4103 6
1752 4052 1889 4122 βρυ-

294 4156 439 4224 γμὸς
467 4152 575 4206 τῶν
629 4150 879 4219 ὀδόντων.
918 4166 937 4199 ι
974 4145 1165 4201 Εἰπὼν
1200 4145 1319 4209 πῶς
1346 4144 1722 4215 τιμηθήσεται
1746 4147 1774 4198 6
1800 4161 1892 4198 πι-

294 4246 424 4309 στὸς
453 4243 659 4305 δοῦλος,
686 4240 783 4296 νῦν
805 4238 957 4306 λέγει
988 4236 1108 4300 πῶς
1126 4234 1524 4305 κολασθήσεται
1552 4236 1581 4286 6
1626 4234 1889 4304 πονηρός,

293 4339 427 4394 Ἐὰν
443 4337 551 4407 γάρ
570 4352 654 4398 τις
678 4330 994 4401 οἰκονομίαν
1016 4331 1161 4392 τινὸς
1187 4330 1528 4400 χαρίσματος
1548 4328 1887 4392 πιστευθεὶς,

291 4430 613 4500 καταφρονῇ
652 4425 750 4478 τοῦ
806 4422 1017 4477 ὶκεῖθεν
1042 4422 1423 4491 δικαστηρίου,
1458 4422 1554 4474 καὶ
1605 4421 1740 4491 λέγῃ
1772 4422 1883 4486 ὅτι,

289 4521 549 4594 Χρονίζει
569 4516 803 4588 ὁκύριός
830 4532 953 4585 μου,
976 4514 1289 4576 τουτέστιν,
1318 4514 1379 4564 ού
1411 4514 1561 4582 παρὰ
1596 4512 1762 4575 πόδας
1792 4510 1889 4563 καὶ

1991 665 2216 734 quando
2240 666 2419 719 futura
2456 674 2605 720 esset
2637 681 2786 720 mors
2811 676 3024 733 nostra,
3058 668 3150 723 illo
3185 667 3305 722 solo
3357 668 3447 723 die
3496 670 3600 725 da-

1988 771 2173 811 remus
2218 772 2443 825 operam
2506 759 2779 827 quomodo
2834 761 3173 829 placeremns
3247 763 3398 816 Deo:
3457 778 3603 817 nunc

1986 858 2170 904 autem
2224 866 2348 904 cum
2418 850 2752 920 ignoramus,
2798 852 2969 907 sobrii
3026 868 3216 907 smnus
3269 868 3488 922 semper
3530 854 3599 909 ad

1918 962 1919 965 η
1988 944 2253 996 virtutum
2288 958 2479 1012 opera.

2060 1036 2229 1089 Vsus.
2289 1034 2481 1090 45-47.
2538 1054 2558 1087 ι
2598 1034 2860 1101 Quisnam
2927 1047 3009 1091 est
3063 1038 3237 1093 ﬁdelis
3291 1052 3490 1091 servus
3543 1046 3602 1091 et

1987 1128 2247 1197 prudens,
2272 1143 2432 1199 quem
2477 1128 2723 1199 przufecit
2747 1128 3003 1184 dominus
3058 1132 3335 1185 famulitio
3373 1146 3493 1195 suo,
3538 1140 3601 1184 ut

1986 1223 2078 1275 det
2127 1221 2235 1275 illis
2289 1221 2470 1275 cibum
2536 1221 2589 1274 in
2648 1222 2931 1291 tempore?
2962 1222 3161 1277 Beatus
3212 1238 3413 1277 servus
3483 1222 3598 1290 ille;

1983 1329 2144 1383 quem
2176 1328 2301 1367 cum
2350 1313 2562 1367 venerit
2605 1312 2862 1369 dominus
2913 1314 3054 1381 ejus,
3106 1315 3266 1385 135
3323 1316 3597 1369 invenerit

1984 1406 2066 1460 sic
2097 1404 2413 1460 facientem.
2466 1407 2640 1460 Amen
2697 1407 2819 1462 dico
2875 1408 3054 1471 vobis,
3107 1408 3368 1477 quoniam
3431 1423 3599 1479 super

1983 1499 2167 1551 omnia
2252 1498 2393 1553 bona
2442 1513 2541 1553 sua
2628 1500 2933 1553 constituet
2984 1514 3130 1553 eum.
3186 1518 3206 1550 ι
3255 1499 3479 1553 Dubitat
3523 1514 3594 1551 an

1985 1590 2201 1645 [ulmus
2232 1589 2306 1644 sit
2335 1590 2505 1644 ﬁdelis
2530 1590 2656 1660 quis
2680 1599 2735 1644 et
2782 1591 3042 1658 prudens,
3095 1605 3258 1658 quem
3308 1588 3597 1643 constituit

1986 1681 2241 1737 dominus
2279 1682 2399 1751 ejus
2436 1699 2602 1750 super
2632 1682 2955 1736 famulitium
3000 1698 3183 1749 suum,
3221 1691 3281 1735 ut
3335 1681 3596 1737 ostendat

1983 1774 2127 1842 quod
2164 1789 2320 1829 rarus
2352 1776 2473 1827 talis
2498 1776 2591 1838 sit,
2626 1785 2680 1827 et
2712 1775 2932 1827 inventu
2955 1772 3215 1827 ditiicilis.
3272 1770 3393 1827 Duo
3445 1772 3594 1827 enim

1984 1867 2277 1935 exiguntur
2302 1866 2371 1917 ab
2394 1864 2540 1917 omni
2566 1865 2965 1932 dispensatore,
3028 1861 3165 1916 ﬁdes
3194 1872 3250 1916 et
3279 1861 3591 1931 prudentia.

1985 1955 2123 2009 Nam
2154 1957 2201 2009 si
2230 1958 2447 2024 quidem
2480 1956 2653 2011 ﬁdelis
2688 1956 2780 2017 sit,
2814 1965 2869 2009 et
2902 1954 3039 2008 nihil
3071 1956 3303 2018 foretur,
3336 1955 3593 2025 prudens

1986 2060 2167 2103 autem
2202 2064 2312 2101 non
2344 2049 2438 2110 sit,
2471 2048 2566 2101 sed
2624 2049 2675 2100 in
2717 2063 2910 2101 vanum
2942 2045 3224 2115 disperdat
3263 2061 3397 2116 opes
3431 2064 3447 2100 :
3506 2048 3592 2102 vel

1986 2142 2030 2196 si
2064 2141 2303 2209 prudens
2340 2139 2523 2205 fuerit,
2546 2152 2602 2194 et
2648 2139 2878 2204 iuretnr,
2932 2138 3069 2193 nihil
3117 2138 3381 2208 proderit.
3425 2139 3594 2208 Igitur

1987 2232 2079 2301 qni
2106 2240 2237 2285 tunc
2269 2231 2521 2285 inventus
2554 2230 2718 2283 fuerit
2753 2230 2930 2283 ﬁdelis
2967 2239 3023 2283 et
3067 2230 3331 2298 prudens,
3395 2229 3488 2284 ille
3537 2240 3595 2284 ιιι

1990 2323 2161 2377 multo
2203 2324 2356 2391 plura
2395 2328 2761 2391 consequetur
2781 2320 2852 2387 ⁸³,
2890 2335 3113 2388 regnum
3152 2321 3275 2375 dico
3301 2320 3590 2375 ctelorum.

1987 2410 2123 2464 Nam
2157 2413 2402 2466 omnium
2432 2427 2553 2481 quae
2578 2421 2707 2465 sunt
2742 2410 2862 2477 Dei,
2904 2411 3153 2465 heredes
3204 2420 3365 2465 erunt
3388 2411 3589 2466 sancti.

1987 2502 2190 2559 Fidelis
2220 2514 2400 2559 autem
2433 2520 2626 2560 servus
2666 2514 2721 2559 et
2772 2506 3014 2572 prudens
3043 2504 3224 2558 omnis
3279 2504 3444 2557 etiam
3506 2512 3593 2558 est

1990 2594 2203 2659 doctor,
2249 2595 2343 2663 qui
2409 2594 2463 2649 in
2525 2604 2769 2659 tempore
2816 2594 2970 2648 dedit
3028 2594 3215 2648 cibum
3263 2594 3542 2662 discipulis
3572 2634 3592 2660 ,

1989 2689 2131 2741 sicut
2158 2685 2378 2751 Paulus,
2410 2693 2553 2741 nunc
2581 2687 2802 2756 quidem
2837 2685 2978 2741 lacte
3003 2695 3223 2755 potans,
3244 2701 3389 2741 nunc
3408 2694 3592 2740 autem

1990 2782 2265 2849 Sapienter
2322 2779 2570 2847 loquens,
2625 2778 2905 2847 liJelisqne
2958 2778 3229 2842 minister,
3287 2779 3381 2848 qui
3438 2778 3594 2847 prius

1991 2872 2348 2940 blasuhemus
2365 2872 2435 2937 “,
2464 2882 2519 2925 et
2549 2871 2809 2938 prudens,
2836 2880 2894 2923 nt
2925 2884 3031 2923 non
3084 2868 3348 2939 ignorans
3388 2871 3597 2940 cogita-

1995 2964 2172 3016 tiones
2211 2941 2442 3015 inimici.
2477 2962 2585 3016 Sed
2614 2970 2670 3015 et
2698 2961 2880 3015 omnis
2933 2961 3028 3029 qui
3074 2976 3104 3013 a
3157 2961 3273 3015 Deo
3322 2963 3597 3031 acceperit

1991 3055 2074 3107 vel
2100 3068 2251 3123 opes,
2281 3053 2366 3107 vel
2393 3053 2715 3122 potentiam,
2767 3053 2848 3106 vel
2892 3054 3287 3123 principatum,
3331 3054 3497 3109 debet
3541 3064 3600 3109 et

1993 3145 2227 3199 ﬁdeliter
2251 3156 2306 3199 et
2337 3148 2638 3213 prudenter
2666 3144 2985 3200 ministrare
3006 3160 3098 3209 ea,
3125 3156 3383 3215 tanquam
3431 3147 3613 3227 τσιίοπ

1991 3253 2116 3291 nem
2148 3237 2487 3291 redditurus.

2070 3506 2239 3561 Vens.
2266 3506 2461 3561 68-51.
2498 3524 2518 3557 ι
2558 3504 2714 3572 Quod
2753 3505 2799 3559 si
2832 3504 3035 3559 dixerit
3066 3520 3259 3563 servus
3300 3507 3390 3563 ille
3423 3510 3599 3583 malus

1995 3600 2050 3653 in
2084 3601 2249 3653 corde
2281 3613 2407 3662 suo,
2435 3597 2741 3652 Cunctator
2767 3596 3025 3651 dominus
3054 3614 3207 3654 meus
3244 3600 3453 3667 venire,
3485 3614 3609 3675 CG!"

1992 3694 2246 3764 peritque
2280 3700 2571 3762 percutere
2599 3706 2941 3759 conservos,
2973 3691 3087 3746 imo
3116 3692 3283 3746 edere
3316 3703 3373 3748 et
3406 3694 3599 3752 bibere

1993 3800 2119 3840 cum
2147 3784 2316 3838 ebriis
2345 3801 2360 3838 :
2389 3782 2573 3838 veniet
2607 3783 2865 3837 dominus
2906 3782 3052 3837 servi
3098 3782 3245 3837 illius
3283 3784 3336 3837 in
3357 3784 3457 3839 ‘die
3487 3799 3598 3853 quo

1994 3891 2102 3930 non
2130 3884 2437 3945 exspectat,
2473 3882 2529 3928 et
2574 3876 2707 3927 hora
2762 3889 2869 3939 qua
2918 3874 3160 3943 ignorat,
3198 3884 3255 3929 et
3296 3875 3597 3933 dissecabit

1989 3984 2152 4035 eum,
2196 3978 2252 4023 et
2293 3977 2510 4037 partem
2554 3966 2673 4034 ejus
2716 3975 2879 4036 p0uet
2928 3983 3053 4022 cum
3088 3968 3438 4038 hypocritis:
3481 3969 3598 4025 illic

1992 4062 2098 4117 erit
2140 4062 2386 4130 ploratus
2431 4069 2487 4114 et
2541 4060 2746 4114 stridor
2785 4060 3051 4113 dentium.
3090 4078 3110 4111 ›
3150 4058 3250 4116 Ubi
3284 4061 3422 4115 dixit
3453 4051 3609 4131 quo?

1990 4156 2153 4210 modo
2201 4153 2379 4208 ﬁdelis
2425 4167 2619 4207 servus
2668 4153 2909 4207 honores
2956 4152 3244 4208 habiturus
3289 4153 3398 4219 sit',
3448 4169 3595 4211 nunc

1993 4248 2125 4303 dicit
2151 4245 2425 4316 quomodo
2452 4245 2716 4314 punietur
2739 4243 2937 4298 malus.
2963 4242 3100 4296 Nam
3127 4245 3174 4297 si
3206 4246 3330 4313 quis
3349 4246 3435 4300 cui
3464 4253 3596 4300 sunt

1990 4338 2310 4395 concredita
2341 4336 2768 4405 dispensationis
2792 4336 2954 4398 dona,
2978 4346 3295 4389 contemnat
3317 4336 3590 4406 judicium

1992 4432 2146 4496 illud,
2175 4439 2230 4484 et
2253 4431 2419 4496 dicat,
2445 4429 2691 4482 Moratur
2724 4428 2993 4482 Dominus
3016 4442 3196 4489 meus,
3230 4427 3331 4481 hoc
3352 4438 3457 4493 est,
3482 4445 3593 4485 non

1992 4530 2177 4582 statim
2228 4535 2285 4581 et
2328 4540 2361 4578 e
2400 4525 2633 4591 vestigio
2674 4538 2893 4592 poenam
2946 4523 3217 4593 imponit:
3271 4532 3328 4576 ct
3373 4533 3593 4593 sumpta

291 4616 501 4677 ιύθέως
531 4616 632 4681 τὴν
662 4610 939 4679 τιμωρίαν
965 4605 1263 4676 ἐπιτίθησι,
1298 4603 1392 4657 καὶ
1411 4604 1510 4674 τὴν
1537 4603 1884 4668 ἀνεξικακίαν

1997 4621 2289 4675 occasione
2316 4632 2381 4671 ex
2404 4616 2820 4686 longanimitate
2846 4616 2965 4677 Dei,
2990 4615 3265 4684 percutiat
3296 4629 3594 4670 conservos

292 4707 393 4762 τοῦ
424 4705 562 4758 Θεοῦ
615 4700 874 4772 ἀφορμήν
930 4697 1196 4770 πονηρίας
1231 4697 1499 4767 ποιῆται,
1550 4696 1648 4748 καὶ
1706 4694 1886 4765 τύπτῃ

293 4800 425 4861 τοὺς
459 4794 777 4857 συνδούλους
828 4790 1019 4855 αὐτοῦ,
1087 4790 1232 4872 φημὶ
1268 4790 1333 4859 δὴ
1388 4786 1739 4860 σκανδαλίζῃ,
1793 4789 1890 4841 καὶ

293 4889 482 4958 τύπτῃ
512 4886 612 4955 τήν
642 4884 949 4951 συνείδησιν
976 4881 1177 4935 αὐτῶν·
1207 4883 1255 4933 οἱ
1290 4882 1399 4950 γὰρ
1423 4880 1736 4949 ἀρχόμενοι,
1771 4878 1892 4947 βλέ-

296 4995 499 5039 ποντες
523 4976 647 5038 τοὺς
672 4974 942 5045 ἄρχοντας
966 4973 1154 5037 κακῶς
1184 4972 1504 5043 χρωμένους
1527 4974 1639 5033 τοῖς
1661 4970 1886 5036 δοθεῖσι,

298 5072 641 5140 πλήσσονται
705 5066 1221 5135 σκανδαλιζόμενοι,
1284 5065 1380 5117 καὶ
1440 5063 1820 5133 βλάπτονται*
1861 5065 1892 5117 6

297 5162 545 5223 τοιοῦτος
566 5153 661 5212 οὖν
690 5157 1205 5229 διχοτομηθήσεται,
1242 5156 1493 5209 τουτέστι
1538 5156 1893 5226 γυμνωθήσε-

300 5270 397 5306 ται
428 5250 524 5303 τοῦ
558 5249 852 5318 προσόντος
887 5247 1038 5315 αύτῷ
1073 5248 1443 5316 χαρίσματος,
1477 5246 1575 5299 καὶ
1608 5248 1730 5297 τὲτε
1781 5264 1888 5313 φα·-

299 5345 527 5411 νήσεται
554 5334 665 5399 οἷος
687 5334 775 5407 ἦν,
793 5341 889 5391 καὶ
912 5337 1243 5407 βληθήσεται
1268 5340 1347 5399 είς
1372 5338 1431 5389 τὸ
1452 5338 1642 5399 σκότος
1657 5355 1671 5368 ·
1699 5336 1890 5407 πρώην

302 5435 405 5503 μὲν
427 5434 539 5501 γὰρ
557 5432 649 5485 διὰ
678 5430 774 5484 τοῦ
800 5432 1189 5500 προσχήματος
1215 5424 1541 5497 ἡπάτα,οἵοι
1571 5430 1757 5482 πολλοὶ
1780 5430 1889 5482 τῶν

300 5524 633 5595 ἀρχιερέων,
673 5526 816 5592 ἆγιοι
867 5522 1149 5584 δοκοῦντες
1180 5524 1269 5574 διὰ
1296 5522 1358 5573 τὸ
1387 5523 1604 5591 ἀξίωμα
1625 5540 1639 5552 ·
1670 5524 1793 5575 τότε
1833 5522 1892 5574 δὲ

298 5621 605 5689 ἀρθήσεται
634 5616 727 5668 ἀπ’
756 5616 938 5668 αὐτῶν
968 5617 999 5683 ἡ
1028 5616 1208 5684 χάρις.
1246 5616 1357 5669 Καὶ
1381 5618 1454 5678 ὡς
1478 5617 1770 5684 ὑποκριταὶ
1794 5633 1888 5668 κο-

298 5710 691 5778 λασθήσονται,
724 5709 852 5762 ἄλλο
881 5708 1033 5769 ὄντες
1058 5706 1151 5759 καὶ
1172 5708 1299 5760 ἄλλο
1336 5710 1672 5777 φαινόμενοι.

373 5887 421 5917 ³³
472 5884 662 5939 Matth.
704 5902 850 5954 χειν,
878 5886 967 5941 45.
1043 5887 1137 5940 ιιι
1176 5884 1318 5941 Tim.
1346 5902 1384 5952 ι,
1425 5886 1511 5950 12,
1550 5885 1636 5939 l3.

1996 4725 2126 4767 suos
2155 4707 2481 4763 offendendo
2511 4706 2819 4783 scandalis,
2856 4715 2911 4760 et
2946 4706 3163 4761 illorum
3197 4707 3592 4759 conscientiam

1996 4802 2251 4855 verberet
2284 4798 2507 4869 (subditi
2532 4800 2686 4852 enim
2719 4798 2965 4854 videntes
2997 4800 3273 4867 principes
3309 4800 3464 4853 donis
3500 4798 3593 4853 Dei

1998 4894 2141 4948 male
2191 4892 2305 4956 uti,
2354 4892 2805 4946 scandalilantur
2860 4902 2913 4944 ct
2954 4892 3214 4945 damnum
3263 4890 3588 4960 accipiunt);

2000 4988 2093 5055 qui
2138 4986 2305 5055 igitur
2350 4984 2503 5048 talis,
2552 4983 2937 5047 disset-abitur,
2984 4986 3088 5039 hoc
3143 4995 3226 5038 est
3268 4986 3596 5054 spoliabimr

2001 5078 2145 5131 dono
2176 5090 2297 5141 suo,
2329 5084 2384 5127 et
2416 5087 2545 5129 tunc
2574 5075 2862 5144 apparebit
2896 5078 3076 5143 qualis
3109 5076 3179 5128 sit
3214 5094 3227 5127 :
3262 5086 3313 5127 et
3348 5078 3596 5128 minetur

2000 5167 2055 5219 in
2091 5165 2381 5229 tenebras,
2418 5165 2509 5233 qui
2554 5166 2705 5233 prius
2741 5166 2841 5218 sub
2885 5167 3053 5233 ﬁgura
3093 5168 3324 5233 quadam
3359 5166 3595 5232 decipie-

2001 5258 2093 5312 bat
2121 5278 2134 5313 :
2167 5258 2309 5311 sicut
2342 5258 2495 5311 multi
2534 5259 2853 5325 pontiﬁcum
2887 5259 3064 5310 sancti
3097 5260 3348 5310 videntur
3376 5271 3597 5327 propter

1999 5351 2344 5419 dignitatem,
2396 5360 2523 5403 tunc
2562 5358 2743 5401 autem
2789 5350 3008 5401 tolletur
3054 5352 3122 5403 ah
3168 5350 3248 5403 eis
3290 5351 3503 5419 gratia,
3542 5358 3596 5402 et

2002 5442 2146 5495 sicut
2182 5443 2477 5510 hypocrita:
2512 5442 2828 5511 punientur.
2871 5441 3009 5494 Nam
3042 5457 3165 5495 cum
3200 5441 3289 5494 alii
3323 5442 3464 5505 sint,
3502 5444 3593 5499 alii

2001 5544 2285 5604 appareant.
