4028 6594
191 519 297 586 425

807 517 1251 584 ΕΝἈἩΒΑΤΙΟ
1288 519 1371 582 ΙΝ
1412 517 1772 582 ΕγΑΝοΕΙ.

1881 520 1918 580 li
1958 517 2350 580 IhAtTH/EI.
2395 544 2466 556 --
2504 517 2668 579 CAP.
2711 517 2892 578 XXV.

3370 513 3474 578 I26

189 634 584 707 ἐλεημοσύνην,
617 635 710 688 καὶ
749 632 846 689 νῦν
876 635 1095 706 πρῶτον
1145 632 1511 701 γινώσκουσιν
1556 632 1638 684 δτι
1670 629 1772 684 ἀπὸ

1885 633 2051 702 igitur
2089 631 2249 702 137
2301 641 2384 688 est
2430 633 2574 700 quod
2615 631 2746 686 dicit
2789 630 2942 685 abire
2979 629 3048 684 ad
3081 626 3383 685 vendentes
3417 638 3480 684 ut

188 725 297 779 τῶν
332 731 586 798 πενήτων
633 725 738 778 ἔδει
771 727 921 796 ἡμᾶς
943 725 1004 778 τὸ
1033 725 1212 777 ἔλαιον
1260 723 1427 792 ἔχειν.
1468 721 1640 774 Τοῦτο
1682 721 1775 774 οὖν

188 815 338 867 ἔστιν
388 817 415 869 ὃ
450 817 618 883 λέγει,
675 817 755 869 ὅτι
808 815 1050 885 ἀπῆλθον
1085 814 1220 884 πρὸς
1272 815 1399 874 τοὺς
1459 811 1774 876 πωλοῦντας

188 908 457 974 ἀγοράσαι
487 904 685 970 ἔλαιον,
713 905 1014 970 τουτέστιν,
1040 903 1284 975 ἀπῆλθον
1311 905 1375 973 τῇ
1402 902 1611 972 διανοίᾳ
1641 904 1776 971 πρὸς

189 997 317 1056 τοὺς
348 994 606 1063 πένητας,
645 998 738 1049 καὶ
769 995 1146 1062 ὲνελογίσαντο
1200 990 1310 1046 οἷον
1349 995 1553 1061 ἀγαθὸν
1587 997 1617 1063 ἡ
1657 995 1774 1046 ἐλε-

189 1086 459 1155 ημοσύνη,
504 1087 637 1140 ἀλλὰ
669 1086 774 1157 γάρ
803 1087 1056 1156 ἐκλείσθη
1109 1088 1300 1146 αὑταῖς
1332 1088 1361 1154 ἡ
1394 1087 1533 1156 θύρα
1557 1103 1568 1115 ·
1605 1103 1774 1155 μετα⁹

189 1173 412 1241 μελείας
443 1175 551 1244 γὰρ
581 1177 672 1227 καὶ
703 1177 965 1245 ἐργασίας
995 1175 1187 1245 καιρὸς
1229 1176 1328 1226 οὐκ
1365 1173 1478 1225 ἔστι
1513 1174 1649 1243 μετὰ
1676 1175 1776 1243 τὴν

185 1266 398 1317 ἒνθένδε
432 1267 750 1320 ἀποὸίωσιν.
794 1269 848 1320 'U
873 1268 1003 1335 γοῦν
1017 1267 1218 1336 Κύριος
1246 1268 1391 1332 λέγει
1421 1267 1636 1326 αὑταῖς
1661 1267 1777 1318 Οὐκ

186 1353 303 1408 οἶδα
335 1359 498 1427 ὑμᾶς.
542 1360 598 1411 Ὀ
633 1361 742 1429 γὰρ
798 1361 1177 1429 φιλάνθρωπος
1238 1360 1330 1412 καὶ
1386 1360 1631 1428 ἐλεήμων
1677 1359 1777 1412 οὐκ

186 1444 295 1501 οἶδε
331 1449 425 1511 τάς
450 1450 842 1519 ἀνελεήμονας.
897 1452 1020 1514 Πῶς
1061 1450 1168 1520 γὰρ
1199 1453 1294 1510 τὰς
1327 1450 1620 1512 ἀλλοτρίας
1678 1450 1776 1500 αὒ-

185 1542 280 1592 τοῦ
343 1541 435 1593 καὶ
470 1542 763 1610 άνομοίεις;
795 1542 1031 1594 Γὶνωσκε
1057 1542 1128 1594 δὲ
1184 1544 1265 1594 ὃτι
1299 1544 1390 1594 καὶ
1446 1545 1595 1595 πᾶσα
1630 1543 1774 1612 ψυχὴ

185 1635 444 1702 λαμπάδα
485 1638 579 1689 καὶ
627 1636 905 1703 φωτισμὸν
955 1638 1016 1687 ὲκ
1070 1634 1205 1686 Θεοῦ
1269 1636 1416 1704 ἔσχε,
1455 1638 1547 1688 καὶ
1604 1638 1774 1688 πᾶσαι

184 1727 494 1796 ἐγείρονται
551 1730 630 1790 εἰς
664 1729 992 1797 συνάντησιν
1042 1728 1134 1779 τοῦ
1186 1729 1390 1796 Κυρίου
1416 1741 1428 1756 ·
1467 1730 1635 1782 πᾶσαι
1667 1730 1775 1799 γὰρ

184 1819 518 1889 ἐπιθυμοῦσι
551 1820 643 1872 τοῦ
692 1820 1024 1888 συναντῆσαι
1070 1812 1165 1872 καί
1221 1818 1564 1888 συναιρθῆναι
1616 1820 1771 1890 Θεῷ·

183 1913 323 1966 ἀλλὰ
350 1914 442 1967 τοῦ
471 1914 603 1965 Θεοῦ
627 1914 808 1975 δόντος
843 1913 1122 1981 φωτισμὸν
1162 1914 1253 1965 καὶ
1284 1912 1565 1982 λαμπάδα,
1592 1914 1646 1967 αἰ
1673 1913 1774 1980 μὲν

1887 737 2132 779 emerent
2169 725 2349 780 oleum
2382 739 2396 776 :
2437 725 2536 778 hoc
2571 734 2690 789 est,
2730 730 2914 777 mente
2949 722 3200 777 abierunt
3238 722 3303 775 ad
3342 737 3481 790 pau-

1887 833 2063 887 peres,
2094 827 2147 873 et
2179 833 2365 871 secum
2395 819 2704 887 cogitarunt
2729 815 2890 885 quale
2913 816 3115 868 bonum
3149 813 3220 868 sit
3246 814 3481 868 eleemo-

1887 926 2016 979 syua
2043 949 2057 974 ,
2106 911 2200 963 sed
2235 910 2420 963 clausa
2454 919 2538 961 est
2577 907 2656 962 eis
2698 908 2863 976 janua
2899 914 3080 974 :.post
3125 907 3291 958 vitam
3327 906 3472 959 enim

1888 997 2044 1052 istam
2093 1013 2197 1051 non
2248 1009 2330 1050 est
2371 998 2460 1051 hic
2507 1008 2720 1064 tempus
2762 996 3059 1063 pmnitendi
3101 1006 3153 1049 et
3197 997 3479 1066 operandi.

1888 1090 2123 1145 Proinde
2152 1090 2414 1144 Dominus
2452 1091 2582 1144 dicit
2627 1090 2752 1150 illis,
2792 1088 2988 1146 Nescio
3017 1105 3130 1144 vos.
3171 1089 3483 1144 Misericors

1887 1187 2032 1238 enim
2063 1195 2112 1238 ct
2154 1185 2443 1238 miscrator
2482 1184 2742 1237 Dominus
2779 1185 2953 1238 nescit
2994 1183 3479 1237 immisericordes.

1886 1275 2168 1339 Quomodo
2211 1275 2354 1328 enim
2400 1275 2693 1328 dissimiles
2736 1285 2790 1328 et
2829 1276 3035 1328 alienos
3082 1291 3109 1327 a
3163 1289 3220 1327 se
3262 1272 3483 1327 nosset?

1887 1366 2036 1419 Scito
2079 1368 2298 1435 insuper
2337 1383 2551 1420 omnem
2596 1368 2832 1420 animam
2885 1382 2911 1417 a
2958 1367 3065 1419 Dcu
3112 1365 3312 1419 habere
3355 1365 3480 1417 illu-

1886 1461 2211 1512 stratiouem
2244 1469 2295 1512 ct
2325 1459 2627 1527 lampadem
2657 1497 2671 1519 ,
2715 1470 2767 1511 et
2810 1473 2998 1511 omnes
3039 1471 3262 1525 surgere
3302 1458 3350 1510 in
3387 1473 3476 1509 oc-

1887 1563 2108 1601 cursum
2148 1548 2380 1601 Domini.
2424 1550 2626 1602 Umucs
2660 1550 2802 1600 enim
2842 1548 3152 1600 desiderant
3192 1560 3482 1599 occurrere

1887 1649 1938 1693 et
1967 1639 2216 1709 conjungi
2261 1637 2405 1702 Deo.
2447 1643 2540 1694 sed
2577 1642 2683 1694 Deo
2714 1642 2873 1693 dante
2919 1640 3220 1706 lampadem
3262 1651 3314 1693 et
3358 1640 3481 1690 illuc

1886 1733 2225 1794 strationetn,
2259 1734 2552 1801 prudentes
2578 1734 2795 1800 quidem
2828 1733 2964 1785 bene
2991 1733 3269 1798 operando
3296 1733 3473 1785 oleum

1888 1821 2207 1882 immittunt.
2243 1821 2402 1875 fatum
2433 1831 2608 1875 autem
2642 1823 2827 1875 sinunt
2857 1821 3158 1888 lampadem
3190 1821 3306 1872 sine
3336 1820 3476 1872 oleo.

1883 1911 2262 1966 Excluduntur
2296 1913 2459 1982 igitur
2493 1929 2598 1967 non
2644 1914 2910 1967 habentes
2936 1913 3080 1965 bona
3128 1926 3314 1979 Opera,
3349 1924 3478 1979 pro-

184 2005 443 2074 φρόνιμοι
474 2007 561 2058 διὰ
597 2006 696 2075 τῆς
747 2005 1119 2075 ἀγαθοεργίας
1152 2005 1538 2060 ἐπιϐάλλουσιν
1575 2005 1772 2060 ἔλαιον·

1886 2012 2005 2071 pter
2031 2019 2150 2072 quae
2184 2005 2504 2058 accenditur
2535 2004 2587 2058 in
2625 2003 2731 2057 illis
2763 2002 2943 2056 lumen
2974 2018 2987 2056 :
3024 2003 3124 2057 nisi
3158 2003 3302 2058 enim
3340 2005 3481 2054 bona

189 2098 242 2148 ai
297 2097 353 2149 δὲ
394 2101 582 2167 μωραὶ
610 2099 778 2152 ἐῶσαι
811 2100 910 2159 τὰς
960 2097 1250 2166 λαμπάδας
1277 2097 1587 2164 ἀνελαίους,
1635 2097 1771 2150 ἀπο·

1885 2111 2050 2165 opera
2082 2096 2370 2160 faciamus,
2399 2096 2766 2166 exstinguitur
2794 2096 2975 2149 lumen
3008 2093 3100 2149 Dei
3137 2095 3190 2148 in
3230 2093 3404 2149 nobis.

196 2191 511 2257 κλείονται,
550 2193 625 2262 μὴ
656 2192 882 2261 ἔχουσαι
928 2190 1107 2261 ἀγαθὰ
1141 2192 1281 2261 ἰργα
1324 2190 1392 2244 δι’
1423 2185 1498 2245 ὧν
1527 2191 1724 2262 ἀνάψει
1771 2191 1832 2246 τὸ
1867 2194 1924 2248 ἐν
1959 2194 2151 2257 αὐταῖς
2183 2194 2334 2264 φῶς·
2396 2193 2491 2247 ἐὰν
2518 2192 2630 2265 γὰρ
2679 2190 2755 2264 μὴ
2787 2191 2856 2245 τὰ
2890 2190 3035 2245 καλὰ
3086 2190 3479 2262 ἐργαζώμεθα,

184 2287 504 2356 ἰσῦέσαμεν
535 2286 594 2338 τὸ
621 2287 680 2339 έν
711 2287 842 2356 ἡμῖν
877 2289 990 2354 φῶς
1027 2286 1119 2339 τοῦ
1147 2284 1306 2338 Θεοῦ.

261 2398 282 2430 ε
318 2380 530 2450 Ὠσπερ
563 2377 670 2448 γὰρ
715 2377 1003 2447 ἄνθρωπος
1044 2379 1366 2449 ἀποδημῶν,
1393 2378 1616 2432 ἐκάλεσε
1645 2380 1772 2443 τοὺς

185 2472 353 2534 ἰδίους
389 2472 629 2534 δούλους,
660 2472 753 2524 καὶ
781 2471 1100 2540 παρέδωκεν
1139 2472 1325 2533 αὐτοῖς
1360 2471 1428 2523 τὰ
1453 2471 1771 2540 ὑπάρχοντα

181 2561 377 2626 αὐτοῦ,
411 2561 504 2615 καὶ
529 2554 573 2628 ᾧ
602 2563 698 2631 μὲν
756 2562 924 2614 ἔδωκε
962 2563 1124 2614 πέντε
1151 2562 1408 2626 τάλαντα,
1441 2555 1483 2629 ᾧ
1507 2563 1562 2614 δὲ
1592 2563 1706 2628 δύο,
1731 2554 1776 2630 ᾧ

181 2656 238 2706 δὲ
279 2652 362 2716 ἓν,
395 2652 610 2722 ἑκάστῳ
630 2651 769 2704 κατὰ
800 2652 897 2722 τὴν
943 2652 1080 2703 ἰδίαν
1125 2651 1360 2720 δύναμιν
1382 2693 1394 2715 ,
1442 2653 1535 2705 καὶ
1566 2655 1772 2723 ἀπεδή-

184 2763 365 2817 μησεν
400 2747 622 2810 εὑοέως.
654 2746 948 2817 ιῖορευθείς
976 2746 1032 2798 δὲ
1059 2747 1086 2798 δ
1115 2747 1182 2800 τὰ
1212 2747 1373 2798 πέντε
1414 2746 1653 2800 τάλαντα
1675 2749 1772 2801 λα-

181 2839 318 2906 6ὼν,
350 2827 649 2908 εἰργάσατο
673 2842 729 2893 ἂν
754 2840 962 2903 αὐτοῖς,
1007 2841 1102 2893 καὶ
1154 2840 1411 2911 ἐποίησεν
1438 2839 1574 2892 ἄλλα
1608 2841 1775 2896 πέντε

179 2933 458 2986 τάλανταο
491 2931 755 2996 ὡσαύτως
797 2934 892 2986 καὶ
919 2936 946 2986 ὀ
989 2933 1057 2986 τὰ
1088 2932 1202 3002 δύο,
1244 2934 1509 3004 ἐκέρδησε
1550 2936 1644 2986 καὶ
1670 2935 1771 2987 αὑ-

179 3022 272 3085 τὸς
292 3023 429 3076 ἄλλα
454 3009 579 3075 suo?
624 3023 654 3075 δ
699 3024 756 3076 δι
789 3024 846 3076 τδ
879 3023 936 3076 ἓν
965 3024 1169 3089 λαϐὼν,
1203 3023 1453 3078 ἀπελθὼν
1479 3024 1687 3096 ὤρυξεν
1715 3026 1774 3081 ὲν

176 3117 246 3184 τῇ
279 3117 377 3184 γῇ,
403 3115 497 3168 καὶ
522 3113 806 3185 ἀπέκρυψε
837 3116 898 3168 τὸ
933 3117 1197 3187 ἀργύριον
1223 3117 1319 3170 τοῦ
1361 3120 1554 3188 κυρίου
1580 3118 1768 3173 αὑτοῦ.

180 3204 340 3258 Μετὰ
378 3204 434 3256 δὲ
469 3205 659 3276 χρόνον
721 3206 911 3271 πολὺν,
949 3206 1170 3279 ἔρχεται
1204 3211 1232 3261 ὁ
1279 3207 1471 3278 κύριος
1510 3208 1618 3262 τῶν
1648 3209 1773 3264 δούο

1957 2380 2122 2434 νεεδ.
2156 2377 2339 2434 1849.
2383 2396 2402 2430 ι
2443 2375 2597 2433 Sicut
2623 2377 2772 2432 enim
2805 2376 2969 2433 homo
3001 2376 3223 2447 quidam
3257 2395 3483 2452 peregre

1884 2471 2272 2543 proﬁciscens,
2319 2472 2534 2526 vocavit
2594 2484 2785 2525 servos
2827 2484 2957 2528 suos
3007 2479 3062 2525 et
3103 2472 3328 2526 tradidit
3374 2472 3482 2526 illis

1883 2566 2022 2621 bona
2052 2578 2171 2628 sua,
2194 2575 2250 2618 et
2281 2563 2409 2617 huic
2431 2564 2652 2632 quidem
2680 2564 2827 2618 dedit
2849 2564 3097 2634 quinque
3128 2564 3352 2631 talenta,
3386 2566 3478 2620 alii

1881 2665 2063 2710 autem
2095 2657 2234 2722 duo,
2286 2656 2376 2709 alii
2427 2670 2554 2710 vero
2588 2671 2792 2722 unum,
2841 2656 3136 2726 unicuique
3179 2658 3478 2712 secundum

1884 2749 2162 2818 propriam
2197 2749 2531 2811 facultatem,
2572 2760 2625 2802 et
2662 2747 2940 2817 proiectus
2974 2759 3061 2805 est
3091 2750 3300 2803 statim.
3333 2750 3483 2803 Abiit

1881 2849 2065 2893 autem
2095 2838 2189 2907 qui
2234 2839 2476 2907 quinque
2528 2840 2728 2893 talenta
2767 2851 3086 2909 acceperat,
3125 2851 3184 2896 et
3217 2851 3482 2911 operatus

1879 2941 1962 2986 est
1992 2932 2042 2984 in
2078 2931 2157 2986 eis
2179 2972 2194 2998 ,
2228 2939 2284 2987 et
2327 2932 2564 2987 coniecit
2612 2932 2788 2986 altera
2822 2932 3085 3003 quinque.
3129 2932 3397 2990 Similiter
3428 2943 3486 2988 et

1880 3024 1971 3094 qui
1997 3024 2107 3078 duo
2140 3033 2449 3092 acceperat,
2493 3025 2737 3080 lucratus
2771 3035 2858 3080 est
2888 3033 2942 3079 et
2980 3025 3097 3096 ipse
3127 3024 3236 3081 duo
3260 3025 3477 3080 altera:

1879 3118 1973 3186 qui
2001 3127 2181 3171 autem
2213 3133 2378 3172 unum
2419 3127 2730 3187 acceperat,
2763 3119 2954 3172 abiens
2987 3117 3123 3172 fodit
3159 3118 3213 3172 in
3251 3127 3479 3183 terram,

1878 3216 1935 3263 et
1972 3209 2260 3264 abscondit
2303 3209 2593 3278 pecuniam
2645 3208 2851 3264 domini
2899 3207 3006 3264 sui.
3065 3206 3202 3263 Post
3241 3211 3479 3265 multum

180 3297 294 3349 λων
315 3297 565 3362 ἐκείνων,
599 3300 694 3352 καὶ
720 3301 967 3372 συναίρει
995 3300 1113 3371 μετ’
1136 3301 1315 3355 αὐτῶν
1332 3302 1510 3369 λόγον.
1537 3321 1556 3355 s
1588 3303 1772 3358 Εἰπὼν

1881 3320 2011 3360 vero
2048 3306 2313 3375 temporis
2349 3307 2495 3362 venit
2531 3306 2790 3362 dominus
2823 3320 3109 3362 servorum
3146 3304 3387 3370 illorum,
3424 3315 3480 3360 et

179 3388 296 3442 ἄνω
330 3389 413 3442 ὃτι
455 3390 569 3442 Οὐκ
594 3390 774 3446 οἴδατε
813 3392 912 3462 τὴν
938 3394 1152 3465 ἡμέραν
1178 3395 1265 3448 ὅτε
1304 3393 1424 3464 ἥξει
1481 3395 1509 3446 ὁ
1541 3394 1769 3468 Κύριος,

179 3482 514 3554 προστίθησι
535 3484 630 3537 καὶ
659 3485 758 3557 τὴν
787 3484 1104 3558 παραϐολὴν
1133 3485 1364 3558 ταύτην,
1393 3487 1657 3542 δεικνύων
1689 3490 1774 3542 ὅτι

178 3599 475 3668 αἰφνιδιως
520 3595 834 3649 ἐλεύσεταιο
879 3593 1083 3648 ὡσανεὶ
1111 3591 1221 3664 γὰρ
1253 3591 1542 3662 ἄνθρωπος
1568 3593 1776 3661 ἀποδη-

181 3691 330 3762 μῶν,
363 3690 509 3744 οὕτω
529 3689 594 3754 δὴ
627 3689 724 3742 καὶ
748 3690 776 3742 ὁ
809 3685 997 3758 κύριος
1041 3687 1269 3741 ἐκάλεσε
1301 3688 1428 3752 τοὺς
1462 3689 1626 3752 ἰδίους
1649 3689 1774 3742 δού-

178 3781 331 3847 λους,
355 3781 456 3836 καὶ
499 3779 627 3834 τάδε
672 3779 767 3834 καὶ
794 3779 922 3834 τάδε
951 3780 1136 3841 αὐτοῖς
1167 3777 1393 3834 διέθετο.
1442 3780 1774 3852 Ἀποδημεῖν

177 3873 277 3928 τιν
308 3872 528 3941 λέγεται
563 3873 591 3925 ὁ
612 3871 681 3925 δι’
705 3871 856 3943 ἡμᾶς
880 3869 1170 3940 γενόμενος
1201 3869 1489 3940 ἄνθρωπος
1515 3872 1772 3942 Χριστὸς,

178 3965 215 4031 ἢ
255 3962 398 4016 καθὸ
435 3961 606 4030 ἀνέϐη
639 3960 719 4023 εἰς
741 3959 1086 4030 οὐρανοὺς,ἢ
1120 3958 1256 4012 καθὸ
1283 3961 1648 4032 μακροθυμεῖ,
1679 3961 1776 4016 καὶ

177 4056 284 4108 οὐκ
314 4051 476 4116 εὐθὺς
510 4052 733 4106 ἀπαιτεῖ
753 4050 855 4122 τὴν
874 4048 1288 4122 ἑργασίαν,άλλ’
1318 4051 1606 4121 ἀναμένει.
1637 4051 1776 4106 Δοῦ-

178 4140 266 4200 λοι
307 4145 367 4198 δὲ
397 4142 588 4206 αὑτοῦ,
641 4143 690 4196 οἰ
719 4141 818 4213 τὴν
844 4141 936 4195 τοῦ
968 4141 1127 4210 λόγου
1146 4141 1426 4198 διακονίαν
1475 4160 1776 4198 πεπιστευ-

181 4237 360 4306 μένοι,
393 4228 506 4288 οἷον
526 4234 830 4304 ἀρχιερεῖς,
854 4233 1038 4304 ἱερεῖς,
1056 4233 1315 4301 διάκονοι,
1334 4235 1429 4289 καὶ
1458 4237 1776 4307 χαρίσματα

177 4325 535 4398 πνευματικὰ
562 4324 905 4388 λαϐόντες,οἰ
941 4325 1040 4393 μιν
1073 4324 1387 4395 μείζονα,οἰ
1407 4325 1463 4380 δὲ
1493 4326 1773 4395 ἐλάττονα,

176 4419 413 4479 ἕκαστος
441 4414 582 4468 κατὰ
617 4415 717 4486 τὴν
758 4415 895 4468 ἰδίαν
921 4415 1178 4486 δύναμιν,
1224 4417 1498 4484 τουτέστι,
1532 4419 1675 4474 κατὰ
1714 4422 1776 4476 τὸ

180 4510 388 4581 μέτρον
421 4510 519 4578 τῆς
551 4507 786 4568 πίστεως
815 4507 908 4559 καὶ
923 4505 1021 4574 τῆς
1052 4506 1401 4576 καθάρσεως.
1443 4509 1530 4562 Ἐν
1561 4512 1672 4582 γὰρ
1698 4510 1776 4580 τῷ

174 4601 394 4671 ἀγγείῳ
425 4593 470 4666 ᾧ
497 4597 653 4652 δώσω
677 4598 788 4668 ἑγὼ
807 4597 886 4668 τῷ
906 4597 1046 4668 Θεῷ,
1080 4602 1140 4652 Iw
1172 4599 1366 4670 ικείνῳ
1400 4603 1651 4655 ἐπιστελεῖ
1679 4621 1772 4674 μοι

1875 3398 2031 3468 ponit
2067 3399 2333 3452 rationem
2362 3413 2485 3454 cum
2544 3399 2646 3454 eis.
2674 3416 2693 3450 ι
2724 3397 2859 3454 Cum
2889 3399 3120 3454 dixisset
3143 3412 3308 3468 supra
3335 3398 3479 3467 quod

1877 3489 2154 3544 nesciatur
2175 3489 2291 3544 dies
2314 3489 2532 3558 quando
2559 3493 2824 3546 venturus
2845 3491 2917 3546 sit
2936 3489 3229 3554 Dominus,
3256 3492 3480 3562 apponit

1873 3589 1930 3634 et
1961 3579 2271 3649 parabolam
2308 3581 2470 3646 hanc,
2503 3583 2806 3639 ostendens
2836 3584 2983 3654 quod
3021 3592 3244 3654 repente
3281 3593 3478 3638 ventu-

1878 3687 1972 3726 rus
2002 3673 2096 3727 sit.
2136 3670 2292 3728 Sicut
2324 3675 2468 3727 enim
2502 3673 2669 3730 homo
2715 3689 2947 3746 peregre
2975 3674 3362 3747 proﬁciscens,
3400 3676 3476 3730 ita

1875 3776 1931 3819 et
1958 3763 2218 3820 dominus
2254 3765 2476 3821 vocavit
2518 3781 2711 3822 servos
2737 3781 2866 3823 suos
2907 3775 2962 3823 et
3003 3768 3123 3824 haec
3168 3776 3334 3839 atque
3369 3769 3474 3822 ista

1877 3856 2174 3912 commisit.
2230 3854 2467 3926 Peregre
2503 3866 2701 3911 autem
2756 3857 3032 3928 proficisci
3088 3856 3324 3923 dicitur,
3377 3859 3474 3929 qui

1877 3965 2100 4025 propter
2136 3968 2234 4010 nos
2274 3952 2448 4009 factus
2486 3961 2572 4007 est
2614 3953 2781 4008 homo
2821 3951 3110 4020 Christus,
3151 3954 3234 4008 vel
3269 3968 3473 4013 secun-

1878 4045 2006 4100 dum
2056 4043 2199 4114 quod
2241 4043 2490 4100 ascendit
2529 4043 2584 4099 in
2629 4044 2836 4114 ctelos,
2862 4043 2947 4100 vel
2989 4043 3291 4101 secundum
3329 4047 3474 4115 quod

1878 4137 2206 4209 longanimis
2237 4146 2322 4193 est
2359 4145 2417 4194 et
2453 4151 2562 4192 non
2606 4137 2792 4192 statim
2830 4135 3000 4206 exigit
3036 4150 3198 4206 opus,
3234 4136 3332 4192 sed
3374 4151 3477 4192 ex-

1878 4239 2111 4302 spectat.
2147 4229 2305 4284 Servi
2344 4238 2526 4286 autem
2563 4228 2710 4284 illius
2757 4228 2959 4298 quibus
2987 4228 3361 4286 concreditum
3389 4237 3476 4284 est

1880 4321 2152 4379 sermonis
2212 4321 2616 4386 ministerium,
2675 4329 2737 4375 ut
2785 4319 3075 4391 episcopi,
3125 4320 3472 4388 sacerdotes,

1879 4417 2092 4472 diaconi
2121 4424 2175 4470 et
2207 4415 2515 4492 spirituaiia
2560 4415 2702 4469 dona
2727 4413 3099 4483 accipientes:
3142 4411 3219 4466 illi
3249 4413 3470 4483 quidem

1878 4506 2055 4578 plura,
2082 4507 2138 4561 hi
2171 4521 2302 4562 vero
2330 4507 2566 4570 minora,
2605 4502 2982 4574 unusquisque
3007 4503 3308 4559 secundum
3340 4516 3473 4573 pro-

1879 4601 2053 4669 priam
2097 4597 2443 4666 facultatem,
2495 4597 2600 4652 hoc
2643 4606 2759 4662 est,
2805 4596 3106 4653 secundum
3157 4609 3473 4650 mensuram

174 4694 280 4766 τὴν
305 4693 518 4765 δωρεὰν
538 4689 734 4744 αὑτοῦ·
768 4693 816 4744 εἰ
850 4692 1048 4762 μικρὸν
1069 4691 1246 4758 δώσω,
1276 4692 1488 4762 ὀλίγην,
1523 4694 1570 4746 εἰ
1603 4695 1770 4764 μέγα,

1881 4690 2003 4744 iidei
2034 4698 2088 4745 et
2115 4687 2528 4760 puriﬁcationis.
2557 4685 2616 4742 In
2644 4702 2741 4742 vas
2765 4689 2910 4744 enim
2940 4687 3088 4759 quod
3113 4700 3216 4757 ego
3240 4689 3474 4742 daturus

176 4785 408 4854 πολλήν.
463 4783 682 4847 Εὐθέως
732 4781 790 4836 δὲ
851 4783 880 4836 ὁ
945 4784 1016 4836 τὰ
1051 4781 1213 4836 πέντε
1263 4783 1502 4837 τάλαντα
1562 4773 1767 4850 λαϐὼν,

173 4874 436 4930 ἀπελθὼν
458 4875 772 4946 εἰργάσατο.
797 4874 942 4946 Ὅρα
962 4872 1062 4945 τὴν
1088 4873 1401 4945 ἑντρέχειαν
1431 4874 1770 4940 acroama;

172 4967 333 5022 οὖδὶν
366 4966 664 5037 ἠμέλησεν,
688 4964 805 5023 ἀλλ’
822 4965 1026 5028 εὐθέως
1047 4964 1368 5036 εἰργάσατο,
1395 4965 1770 5030 διπλασιάζων

172 5060 202 5112 δ
230 5058 451 5112 ιλαὸεν.
490 5056 554 5111 Ὀ
576 5057 684 5126 γάρ
718 5057 792 5127 μὴ
829 5056 991 5125 μόνον
1023 5055 1216 5108 ἑαυτὸν
1246 5054 1495 5124 ὠφελῶν,
1531 5054 1643 5108 εἴτε
1677 5055 1770 5108 λδ-

172 5169 274 5219 γον
321 5149 457 5220 llos,
503 5149 622 5202 εἴτε
657 5147 912 5212 πλοῦτον,
946 5147 1057 5201 εἴτε
1087 5147 1407 5204 δυναστείαν
1429 5147 1584 5217 παρὰ
1615 5147 1770 5218 βασι-

170 5231 385 5306 nam,
423 5240 538 5293 εῐτε
575 5239 746 5310 ἄλλην
790 5237 1014 5291 οἰανοῦν
1057 5236 1289 5307 δύναμιν
1319 5236 1354 5307 ἢ
1385 5237 1606 5306 τέχνην,
1632 5234 1771 5290 ἀλλὰ

171 5335 271 5388 καὶ
294 5321 523 5403 δτέρους
549 5330 724 5384 θέλων
749 5329 1005 5400 ὠφελεῖν,
1039 5329 1069 5380 ὀ
1123 5327 1365 5391 τοιοῦτος
1418 5327 1769 5394 διπλασιάζει

169 5427 234 5481 τὺ
258 5424 419 5480 δοθὲν
447 5422 616 5493 αὐτῷ.
632 5422 693 5476 '0
721 5421 779 5475 δὲ
811 5418 996 5490 χώσας
1026 5419 1090 5474 τὸ
1119 5421 1404 5486 τάλαντον,
1435 5421 1587 5474 ἐστιν
1609 5423 1636 5475 6
1667 5419 1767 5490 τῆς

171 5518 314 5586 ἰδίας
343 5514 504 5586 μόνον
538 5513 810 5583 ὠφελείας
839 5512 1165 5584 φροντίζων,
1191 5515 1287 5566 καὶ
1320 5511 1398 5584 μὴ
1426 5513 1523 5568 καὶ
1545 5513 1644 5583 τῆς
1660 5512 1771 5567 τῶν

171 5585 386 5669 ἀλλων.
418 5605 480 5668 ὃς
506 5606 603 5660 καὶ
656 5604 1071 5675 κατακρίνεται.
1115 5605 1276 5660 Ἀλλὰ
1312 5605 1408 5659 καὶ
1452 5605 1547 5658 εὰν
1581 5603 1763 5674 εὐφυῆ

170 5700 296 5772 ωῃς
324 5699 424 5752 καὶ
462 5696 768 5768 ἐπιτήδειον
813 5696 1122 5768 ἄνθρωπον,
1163 5699 1229 5768 τῇ
1254 5697 1457 5767 εὐφυΐα
1491 5697 1570 5759 εἰς
1624 5714 1766 5766 πρα-

168 5791 450 5866 γματείας
486 5791 580 5845 καὶ
608 5789 922 5861 ὼλιὸτητας
949 5789 1043 5844 καὶ
1066 5786 1229 5861 γήίνα
1260 5789 1564 5859 πράγματα
1593 5805 1765 5841 κατα·

166 5883 548 5954 χρησάμενον,
581 5878 675 5932 τὸν
706 5878 944 5933 τοιοῦτον
977 5879 1101 5933 εἰπὲ
1137 5877 1435 5950 κατορύξαι
1482 5877 1543 5930 τὸ
1571 5877 1767 5933 τάλαν-

169 5990 266 6029 τον
292 5971 375 6037 εἰς
403 5969 505 6041 τὴν
535 5967 666 6038 γῆν,
697 5969 1002 6033 τουτέστιν,
1032 5971 1111 6030 εἰς
1144 5969 1213 6022 τὰ
1244 5968 1340 6038 τῆς
1369 5969 1474 6039 γῆς
1508 5965 1768 6039 πράγμα-

495 6061 774 6122 Ρηιιθι..
819 6059 936 6121 Gtt.
980 6061 1260 6124 CXXIII.

1877 4798 1996 4838 sum
2036 4782 2182 4848 Deo,
2213 4782 2267 4836 in
2304 4781 2434 4836 illud
2468 4781 2652 4837 mittet
2679 4781 2882 4836 donum
2914 4796 3072 4836 suum
3104 4799 3119 4836 :
3160 4779 3206 4835 si
3241 4794 3474 4850 parvum

1875 4872 2115 4936 dedero,
2153 4887 2380 4942 parvum
2412 4871 2578 4937 dabit,
2599 4879 2655 4927 et
2682 4871 2802 4942 ipse
2829 4870 3031 4927 donum
3062 4888 3077 4926 :
3110 4871 3155 4925 si
3188 4885 3470 4940 magnum,

1879 4979 2135 5033 magnum
2168 4964 2281 5035 ipse
2309 4979 2531 5035 quoque
2557 4965 2727 5020 dabit.
2757 4963 2952 5020 Statim
2980 4975 3164 5019 autem
3189 4965 3281 5033 qui
3310 4963 3475 5032 quin-

1876 5068 1984 5122 que
2022 5052 2228 5106 taieuta
2264 5063 2585 5121 acceperat,
2620 5053 2756 5108 abiit
2799 5064 2856 5110 et
2888 5063 3148 5124 operatus
3193 5061 3301 5107 est.
3340 5049 3474 5106 Vide

1877 5145 2222 5200 sedulitatem
2277 5146 2459 5212 illius,
2513 5146 2786 5216 quomodo
2840 5145 2975 5200 nihil
3038 5145 3317 5214 neglexit,
3373 5144 3470 5198 sed

1873 5238 2059 5292 statim
2094 5249 2352 5307 operatus
2387 5249 2470 5294 est
2502 5237 2793 5308 duplicans
2824 5236 2966 5304 quod
3014 5245 3325 5304 acceperat.
3362 5234 3468 5302 Qui

1873 5331 2020 5386 enim
2071 5344 2178 5385 non
2212 5329 2385 5384 solum
2417 5332 2522 5385 sibi
2556 5329 2658 5385 soli
2689 5330 2933 5398 prodest,
2967 5327 3085 5383 sivo
3119 5328 3467 5396 prudentiam

1874 5419 2093 5484 habeat,
2119 5418 2234 5474 sive
2263 5418 2501 5483 divitias,
2528 5421 2642 5474 sive
2663 5417 2960 5489 potentiam
2991 5425 3046 5472 et
3076 5417 3467 5473 auctoritatem

1877 5509 2020 5578 apud
2064 5523 2246 5580 reges,
2288 5509 2402 5563 sive
2426 5523 2811 5580 quamcunque
2840 5509 3022 5564 aliam-
3051 5507 3136 5564 vel
3172 5514 3344 5561 artem
3380 5505 3468 5561 vel

1873 5601 2208 5667 facultatem,
2242 5603 2336 5656 sed
2370 5613 2432 5657 et
2473 5603 2596 5658 aliis
2632 5601 2748 5657 vult
2795 5604 3096 5673 prodesse,
3145 5601 3192 5655 is
3224 5600 3466 5670 duplicat

1875 5695 2021 5762 quod
2066 5692 2174 5748 sibi
2221 5695 2405 5748 datum
2451 5700 2553 5749 est.
2608 5694 2711 5762 Qui
2758 5693 2923 5766 138
2969 5703 3154 5748 autem
3199 5692 3463 5748 talentum

1873 5782 2012 5839 fudit
2059 5785 2112 5839 in
2161 5792 2404 5850 terram,
2454 5784 2503 5840 is
2547 5795 2632 5840 est
2668 5787 2763 5856 qui
2811 5800 2923 5840 sua:
2959 5793 3168 5840 tantum
3214 5782 3466 5838 utilitatis

1876 5891 2066 5931 cum.
2096 5874 2282 5942 habet,
2311 5885 2366 5930 et
2392 5890 2503 5930 non
2537 5874 2792 5941 aliorum,
2828 5877 2920 5945 qui
2949 5882 3004 5931 et
3040 5875 3461 5932 condemnatur.

1878 5967 2019 6024 Etsi
2060 5967 2218 6024 bona
2259 5968 2456 6024 mentis
2481 5975 2542 6025 et
2573 5967 2878 6025 studiosum
2919 5969 3201 6023 hominem
3227 5963 3464 6035 videbis,

2993 6057 3070 6122 M
