4028 6602
638 456 742 525 42⁸1

1485 449 2073 515 ΤΗΕΟΡίΙ-ΥΕᾹΕΤΙ
2114 445 2526 512 BULGARl/E
2567 445 2922 507 ARCHIEP.

3784 443 3893 507 623

639 580 732 652 qui
773 565 990 651 ingenio
1033 591 1129 632 suo
1156 574 1222 628 ad
1263 573 1679 644 negotiationes,
1731 571 1881 626 dolos
1907 580 1963 625 et
1995 578 2194 625 terrent

2311 584 2381 621 τα
2401 581 2417 600 ο
2453 565 2593 637 μετὰ
2619 563 2674 617 δδ
2704 564 2894 636 χρόνον
2916 561 3082 616 πολὺν
3102 559 3321 633 ἔρχεται
3341 562 3368 614 6
3385 560 3509 624 δούς
3531 558 3593 613 τὸ
3608 558 3905 630 ἀργύριον.

641 686 808 742 opera
846 668 1106 729 abutltur,
1147 665 1212 720 de
1257 663 1343 718 illo
1374 662 1525 718 dicas
1557 661 1699 731 quod
1732 661 2000 716 deloderit
2045 659 2212 716 talen-

644 772 753 816 tnm
795 773 949 815 suum
991 754 1090 811 sub
1132 763 1310 818 terra,
1356 754 1459 809 hoc
1499 761 1616 818 est,
1666 751 1719 805 in
1769 760 1981 806 terrena
2025 766 2208 820 opera.

643 854 770 909 Post
814 851 1038 905 multum
1077 856 1256 902 autem
1304 846 1564 916 temporis
1610 843 1755 899 venit
1812 843 2065 898 dominus
2117 842 2209 913 qui

641 947 862 1000 dederat
891 951 1178 1014 argentum
1219 939 1298 996 vel
1334 940 1547 1009 eloquia
1581 953 1698 992 sua.
1736 937 2027 1007 Argentum
2064 935 2208 990 enim

641 1035 762 1102 igne
808 1031 1134 1100 probatum,
1187 1028 1402 1098 eloquia
1458 1025 1549 1080 Dei
1596 1027 1688 1080 "z
1747 1025 1829 1078 vel
1889 1023 2211 1092 simpliciter

2323 659 2450 730 ἢτὰ
2483 658 2638 727 λόγια
2682 656 2874 711 αὐτοῦ’
2922 655 3185 730 ἀργύριον
3229 655 3337 723 γὰρ
3387 654 3810 724 πεπυρωμένον,
3839 653 3906 705 τὰ

2321 748 2416 802 τοῦ
2439 746 2576 802 Θεοῦ
2606 747 2784 816 λόγια,
2825 747 2858 817 ἢ
2891 746 3076 808 ἁπλῶς
3104 745 3214 798 πᾶν
3243 744 3426 797 ὁτιοῦν
3458 745 3731 815 χάρισμα.
3761 741 3904 813 λαμ-

2320 841 2456 912 πρὸν
2473 841 2568 894 καὶ
2586 839 2794 906 ινδοξον
2817 837 3004 890 ποιοῦν
3027 838 3115 892 τὸν
3139 838 3353 908 ἔχοντα,
3371 835 3634 906 ἀργύριον
3661 834 3903 906 λεχθείη.

2324 932 2434 986 Καὶ
2469 931 2712 1002 συναίρει
2740 930 2896 1000 λόγον
2950 929 3200 984 ἁπαιτῶν
3243 930 3338 982 καὶ
3376 925 3735 999 λογοπραγῶν
3776 929 3905 992 τούς

2324 1025 2611 1089 λαϐόντας.

641 1135 803 1176 omne
839 1121 1036 1175 donum
1071 1119 1216 1188 quod
1247 1117 1453 1172 clarum
1485 1125 1542 1171 et
1604 1115 1872 1185 insignem
1912 1114 2040 1168 facit
2094 1111 2402 1183 hominem,
2470 1124 2751 1187 argentum
2801 1113 3005 1167 dictum
3047 1122 3148 1166 est.
3215 1111 3282 1166 Et
3325 1120 3596 1167 convocat
3651 1108 3796 1175 illos,
3844 1122 3902 1164 ut

646 1211 910 1264 rationem
937 1209 1003 1263 ab
1035 1207 1120 1262 bis
1146 1206 1235 1276 qui
1268 1205 1464 1261 talenta
1496 1214 1840 1276 acceperant,
1875 1205 2077 1260 audiat.

712 1297 877 1353 Vsus.
934 1297 1122 1352 15.30.
1169 1315 1187 1349 ι
1235 1297 1299 1350 Ει
1333 1297 1594 1352 accedens
1640 1298 1687 1352 is
1737 1299 1826 1367 qui
1863 1298 2099 1366 quinque
2140 1307 2218 1351 ta-

641 1393 784 1446 lenta
810 1399 1112 1460 acceperat,
1142 1389 1320 1444 attulit
1344 1391 1445 1442 alia
1472 1390 1711 1458 quinque
1737 1388 1957 1454 talenta,
1987 1388 2172 1444 dicens
2197 1408 2211 1444 :

640 1482 892 1546 Domine,
922 1481 1158 1550 quinque
1188 1479 1385 1535 talenta
1419 1479 1684 1534 tradidisti
1710 1479 1861 1545 mibi,
1890 1494 2016 1534 ecce
2044 1480 2212 1534 altera

643 1575 880 1642 quinque
906 1572 1105 1626 talenta
1146 1570 1388 1624 lucratus
1415 1584 1534 1625 sum
1564 1584 1660 1640 per
1692 1584 1775 1625 ea.
1806 1571 1896 1625 Ait
1928 1570 2003 1624 illi
2029 1568 2211 1624 Domi-

643 1681 743 1719 nus
771 1664 929 1734 ejns:
971 1665 1135 1733 Euge,
1172 1676 1326 1718 serve
1361 1662 1498 1716 bone
1530 1673 1586 1716 et
1611 1661 1804 1727 ﬁdelis,
1845 1676 2008 1730 super
2037 1676 2207 1732 pauca

641 1755 788 1810 inisti
831 1754 1038 1821 ﬁdelis,
1081 1768 1242 1822 supra
1279 1753 1445 1808 multa
1481 1762 1533 1809 te
1573 1756 1934 1821 constituam,
1971 1755 2112 1809 intra
2150 1756 2204 1809 in

2395 1314 2413 1346 ι
2453 1294 2560 1348 Καὶ
2589 1291 2899 1362 προσελθὼν
2929 1294 2957 1344 6
2980 1292 3046 1343 τὰ
3070 1290 3227 1343 πέντε
3251 1290 3488 1344 τάλαντα
3523 1288 3706 1345 λαϐὼν
3729 1308 3901 1364 προσ-

2319 1388 2550 1458 ήνεγκεν
2583 1384 2720 1438 ἄλλα
2753 1384 2916 1436 πέντε
2954 1383 3215 1447 τάλαντα,
3260 1382 3464 1450 λέγων’
3500 1381 3698 1455 Κύριε,
3736 1385 3899 1438 πέντε

2315 1476 2560 1532 τάλαντά
2604 1491 2693 1544 μοι
2746 1475 3107 1546 παρέδωκας·
3146 1476 3222 1528 [δε
3276 1474 3412 1528 ἄλλα
3447 1474 3609 1529 πέντε
3661 1475 3898 1531 τάλαντα

2315 1569 2583 1639 ἐκέρδησα
2633 1566 2722 1621 ἐπ’
2780 1568 2983 1630 αὐτοίς.
3021 1567 3164 1637 Ἔφη
3197 1566 3349 1636 αὐτῷ
3404 1568 3430 1619 ὀ
3464 1565 3670 1638 Κύριος
3701 1551 3893 1622 αὐτοῦ’

2315 1659 2412 1722 Εῦ,
2445 1659 2597 1712 δοῦλε
2631 1658 2802 1726 ἀγαθὲ
2826 1658 2917 1711 καὶ
2952 1657 3130 1721 πιστὲ,
3153 1658 3246 1711 ἐπὶ
3274 1658 3428 1726 ὀλίγα
3462 1654 3529 1730 ἧς
3555 1661 3773 1727 πιστὸς,
3809 1661 3896 1713 ἰπὶ

2316 1750 2523 1804 πολλῶν
2558 1767 2615 1803 σε
2658 1750 2987 1820 καταστήσω
3012 1766 3026 1782 ·
3074 1750 3281 1804 είσελθε
3313 1751 3395 1813 είς
3443 1751 3542 1822 τὴν
3592 1753 3777 1824 χαρὰν
3806 1755 3895 1807 τοῦ

639 1847 888 1917 gaudium
928 1843 1137 1900 Domini
1185 1845 1280 1898 tui.
1323 1844 1599 1901 Accedens
1647 1855 1822 1900 autem
1860 1847 1948 1915 qui
1991 1847 2096 1901 duo
2125 1855 2194 1900 ta-

2315 1842 2520 1912 Κυρίου
2552 1859 2668 1894 σου.
2708 1841 3027 1912 Προσελθὼν
3062 1841 3117 1894 δὲ
3152 1844 3243 1896 καὶ
3267 1845 3294 1895 ὀ
3316 1843 3382 1896 τὰ
3416 1842 3508 1895 δύο
3538 1844 3782 1899 τάλαντα
3806 1846 3895 1899 λα-

638 1939 782 1991 lcnta
831 1946 1146 2006 acceperat,
1183 1938 1258 1988 ait
1291 1953 1304 1988 :
1353 1935 1577 1990 Domine
1603 1977 1618 2000 ,
1651 1937 1756 1991 duo
1799 1936 1999 1991 talenta
2042 1936 2194 1991 tradi.

2313 1934 2442 1998 ϐῶν,
2475 1930 2616 1987 εἷπε·
2673 1932 2866 2004 Κύριε,
2903 1933 2995 1986 δύο
3024 1934 3262 1987 ταλαντά
3304 1952 3392 2003 μοι
3433 1937 3781 2004 παρέδωκας,
3823 1939 3892 1990 [δε

638 2030 761 2085 disti
797 2030 947 2093 mihi,
981 2043 1105 2083 ecce
1142 2028 1243 2081 alia
1283 2028 1390 2081 duo
1433 2029 1670 2082 lucratus
1699 2043 1818 2082 sum
1861 2043 1956 2097 per
1997 2042 2082 2081 ea.
2117 2028 2194 2080 Ail

2307 2025 2441 2078 ἄλλα
2461 2025 2554 2076 δύο
2585 2025 2823 2078 τάλαντα
2848 2025 3115 2095 ἐκέρδησα
3143 2026 3231 2077 in"
3256 2025 3462 2089 αὐτοῖς.
3498 2028 3649 2095 Ἔφη
3691 2027 3841 2096 αὐτῷ
3868 2029 3896 2083 6

640 2123 709 2174 illi
729 2120 985 2174 Dominus
1012 2117 1126 2185 ejus
1153 2135 1166 2173 :
1203 2119 1364 2186 Euge,
1397 2133 1550 2173 serve
1577 2119 1712 2173 bone
1741 2128 1794 2173 et
1825 2118 2016 2182 ﬁdelis,
2046 2134 2194 2188 super

2307 2117 2509 2186 Κύριος
2539 2115 2701 2169 αὐτοῦ
2726 2131 2740 2145 °
2777 2115 2870 2178 Εὐ,
2899 2115 3052 2169 δοῦλε
3085 2115 3254 2184 ἀγαθὲ
3283 2117 3377 2170 καὶ
3402 2118 3582 2182 πιστὲ,
3615 2121 3712 2171 ἐπὶ
3738 2120 3893 2189 ὀλίγα

636 2228 802 2282 pauca
828 2210 972 2266 fuisti
1004 2209 1193 2274 ﬁdelis,
1223 2224 1384 2278 supra
1417 2212 1580 2264 multa
1616 2220 1664 2264 te
1686 2199 2034 2276 constituam,
2063 2211 2194 2264 intra

2304 2203 2370 2278 ἧς
2395 2207 2606 2270 πιστὸς,
2663 2208 2756 2260 ἐπὶ
2817 2207 3025 2259 πολλῶν
3065 2225 3124 2260 σε
3157 2209 3492 2277 καταστήσω
3517 2225 3532 2240 ο
3571 2210 3787 2263 εἷσελθε
3819 2214 3891 2274 είς

638 2307 688 2359 itt
716 2304 963 2373 gaudium
992 2300 1198 2356 Domini
1225 2302 1318 2355 tui.
1345 2302 1620 2356 Accedens
1643 2311 1821 2356 autem
1849 2310 1902 2356 et
1929 2303 2016 2370 qui
2040 2318 2194 2356 unum

2304 2299 2402 2369 τὴν
2435 2298 2610 2368 χαρὰν
2655 2297 2747 2350 τοῦ
2782 2298 2984 2367 Κυρίου
3026 2317 3146 2351 σου.
3189 2297 3514 2369 Πρεσελθὼν
3547 2299 3603 2353 δὲ
3652 2304 3750 2354 καὶ
3775 2305 3803 2355 ὀ
3832 2302 3892 2354 τδ

639 2395 896 2448 talentum
934 2401 1235 2460 acceperat,
1263 2391 1336 2444 ait
1365 2409 1377 2444 :
1413 2389 1658 2454 Domine,
1692 2405 1946 2444 noveram
1981 2400 2031 2444 te
2062 2391 2194 2459 quod

2303 2392 2360 2444 ἓν
2389 2392 2650 2443 τάλαντον
2707 2389 2963 2459 είληφὼς,
3025 2385 3172 2442 εἷπε*
3236 2391 3443 2462 Κύριε,
3480 2392 3657 2459 ιγνων
3713 2411 3776 2448 σε
3812 2397 3892 2449 ὅτι

2305 2481 2540 2551 σκληρδς
2580 2476 2630 2532 εἴ
2658 2479 2964 2550 ἄνθρωπος,
3011 2479 3242 2551 θερίζων
3288 2482 3424 2534 ὅπου
3467 2482 3568 2535 οὐκ
3597 2483 3888 2555 ἕσπειρας,

2303 2572 2396 2625 καὶ
2428 2571 2675 2639 συνάγων
2705 2572 2826 2624 ὅθεν
2873 2571 2933 2624 οὐ
2960 2571 3353 2642 διεσκόρπισας
3376 2612 3392 2636 ,
3450 2573 3548 2627 καὶ
3601 2575 3887 2645 φοϐηθεὶς,

2303 2663 2550 2717 ἀπελθὼν
2582 2661 2795 2733 ἔκρυψα
2820 2663 2879 2714 τὸ
2908 2663 3171 2717 τάλαντόν
3202 2680 3296 2717 σου
3323 2664 3380 2716 ιν
3410 2667 3475 2735 τῇ
3500 2667 3592 2736 γῇο
3636 2667 3715 2720 [δε
3741 2666 3890 2736 εχεις

2301 2757 2360 2809 τὸ
2399 2756 2509 2810 σόν.
2552 2754 2896 2824 Ἀποκριθεὶς
2915 2755 2970 2808 δὲ
3000 2757 3027 2808 6
3052 2755 3258 2826 Κύριος
3297 2756 3485 2824 αὐτοῦ,
3514 2751 3674 2810 εἷπεν
3701 2759 3883 2829 αὐτῷ’

2302 2845 2511 2915 Πονηρὲ
2559 2844 2710 2897 δοῦλε
2740 2845 2834 2897 καὶ
2889 2844 3088 2915 ὀκνηρὲ
3120 2885 3135 2910 ,
3177 2845 3322 2916 ᾕδεις
3375 2847 3458 2899 ὅτι
3492 2846 3700 2916 θερίζω
3752 2851 3886 2902 ἕπου

2304 2939 2404 2992 οὐκ
2467 2936 2716 3007 ισπειρα,
2745 2937 2839 2990 καὶ
2870 2937 3087 3005 συνάγω
3110 2937 3234 2991 ὅθεν
3265 2939 3328 2990 οὐ
3358 2937 3748 3009 διεσκόρπισα·
3777 2939 3883 2994 εδει

2298 3025 2392 3084 οὖν
2424 3045 2483 3081 σε
2513 3029 2694 3100 βαλεῖν
2719 3029 2779 3081 τὸ
2813 3028 3075 3099 ἀργύριόν
3098 3046 3199 3100 μου
3233 3034 3345 3092 τοῖς
3372 3030 3762 3100 τραπεζίταις,
3789 3031 3884 3084 καὶ

2300 3120 2472 3175 ελθὼν
2503 3120 2613 3188 ἐγὼ
2635 3120 2979 3190 ἐκομισάμην
3003 3118 3068 3173 ἃν
3104 3120 3165 3173 τὸ
3195 3121 3325 3188 ιμδν
3359 3122 3455 3174 σὺν
3488 3122 3637 3191 τόκῳ
3659 3138 3674 3152 ·
3709 3123 3882 3193 ἄρατε

634 3221 718 3266 est
760 3225 879 3266 cum
924 3224 1107 3265 usura.
1155 3209 1345 3265 Tollite
1383 3211 1566 3278 itaque
1607 3209 1676 3262 ab
1709 3223 1772 3264 eo
1813 3209 2106 3274 talentum,
2143 3219 2194 3265 et

2299 3210 2393 3265 οῦν
2421 3210 2516 3264 ἀπ’
2546 3210 2711 3264 αὐτοῦ
2759 3211 2819 3263 τὸ
2853 3211 3133 3276 τάλαντον,
3186 3213 3280 3264 καὶ
3328 3211 3449 3265 δότε
3502 3212 3580 3282 τῷ
3607 3213 3787 3283 ἔχοντι
3812 3217 3882 3266 τὰ

634 3300 757 3355 date
784 3300 834 3354 ei
860 3300 950 3370 qui
972 3300 1131 3354 habet
1157 3302 1341 3355 decem
1368 3266 1587 3356 talenta.
1612 3298 1773 3356 Omni
1800 3302 1942 3354 enim
1973 3266 2192 3356 habenti

2299 3303 2426 3356 δέκα
2459 3303 2721 3357 τάλαντα.
2755 3303 2847 3372 Τῷ
2881 3304 2988 3373 γὰρ
3021 3266 3197 3373 ἔχοντι
3247 3304 3410 3356 παντὶ
3439 3266 3884 3373 δοθήσεῖαιξκιι

631 3392 867 3458 dabitur,
909 3401 962 3448 et
988 3393 1280 3447 abundabit
1311 3409 1326 3447 :
1376 3395 1466 3464 qui
1497 3408 1627 3448 vero
1658 3407 1764 3448 non
1792 3393 1988 3459 habet,
2029 3393 2191 3449 etiam

2299 3394 2828 3466 περισσευθήσεταμ
2883 3395 2990 3448 ἀπὸ
3040 3395 3097 3448 δὲ
3138 3395 3230 3448 τοῦ
3284 3396 3359 3465 μὴ
3402 3396 3642 3465 ἔχοντος,
3703 3399 3798 3452 καὶ
3849 3397 3882 3451 ὀ

630 3483 772 3553 quod
816 3483 976 3538 habet
1013 3484 1289 3537 aulcretur
1330 3484 1398 3538 ab
1442 3498 1525 3539 eo.
1574 3483 1640 3537 Et
1690 3484 1931 3539 inutilem
1978 3498 2190 3539 servum

2299 3485 2429 3555 ἔχει,
2465 3486 2762 3557 ἀρθήσεται
2816 3486 2910 3538 ἀπ’
2940 3485 3105 3539 αὐτοῦ
3128 3503 3143 3517 ·
3184 3487 3281 3540 καὶ
3311 3487 3402 3540 τὸν
3436 3489 3659 3559 ἀχρεῖον
3692 3488 3884 3542 δοῦλον

630 3574 807 3642 ejicite
847 3575 901 3627 in
936 3574 1188 3629 tenebras
1239 3574 1578 3642 exteriores;
1634 3575 1743 3629 illic
1795 3575 1897 3629 erit
1943 3574 2099 3631 ﬂetus
2136 3587 2194 3631 et

2299 3579 2583 3633 ἐκϐάλλετε
2607 3581 2687 3643 είς
2728 3578 2789 3632 τὸ
2821 3579 3009 3643 σκότος
3056 3579 3116 3632 τὸ
3145 3578 3427 3648 ἐξώτερον,
3489 3581 3609 3634 εκεῖ
3653 3581 3814 3635 ἔσται
3850 3584 3884 3635 ὀ

631 3664 829 3719 stridor
856 3665 1116 3720 dentium.
1153 3683 1171 3717 ι
1206 3664 1376 3720 Ambo
1404 3667 1456 3719 hi
1489 3667 1580 3736 qui
1619 3667 1670 3720 in
1709 3668 2036 3721 concreditis
2067 3682 2194 3737 ope-

2299 3670 2567 3740 κλαυθμὸς
2625 3672 2718 3723 καὶ
2751 3671 2779 3724 6
2826 3669 3074 3740 βρυγμὸς
3119 3671 3229 3723 τῶν
3285 3669 3539 3726 ὀδόντων.
3579 3691 3598 3723 ι
3654 3672 3724 3726 Oi
3773 3673 3884 3743 μιν

629 3766 845 3822 rantur,
888 3757 1178 3812 laudantur
1207 3773 1237 3811 a
1287 3758 1512 3812 domino
1554 3759 1743 3814 eodem
1790 3761 1985 3814 modo:
2023 3759 2188 3829 Euge,

2299 3761 2730 3831 ἑπεργασάμενοι
2782 3763 2895 3823 τοῖς
2939 3760 3192 3828 δοθεῖσιν,
3248 3761 3604 3818 ἐπαινοῦνται
3638 3764 3745 3818 ὑπὸ
3780 3765 3881 3818 τοῦ

627 3865 784 3904 serve
825 3850 961 3905 bone
1008 3859 1062 3904 et
1103 3851 1293 3913 ﬁdelis,
1344 3861 1569 3918 uterque
1619 3852 1788 3905 audit.
1838 3851 1940 3906 Per
1990 3852 2189 3906 bontnn

2299 3854 2550 3906 δεσπότου
2604 3855 2805 3923 ὁμοίως
2851 3852 3176 3922 ἀμφότεροι,
3228 3847 3324 3916 Εὖ,
3355 3852 3510 3907 δοῦλε
3542 3855 3717 3923 ἀγαθὲ
3779 3859 3883 3912 καὶ

629 3951 804 3997 autem
866 3941 955 3996 hic
1000 3944 1234 3996 omnino
1274 3943 1624 4012 intelligimus
1675 3944 2079 3999 misericordem
2135 3956 2188 3999 et

2299 3945 2468 4009 πιστι,
2505 3945 2761 4014 ἑκάτερος
2797 3943 2977 3997 αὐτῶν
3006 3943 3259 3998 ἁκούωνο
3298 3944 3503 4012 ἀγαθὸν
3550 3946 3608 4000 δὲ
3633 3947 3883 4002 ἐνταῦθα

627 4033 920 4099 liberalem,
947 4033 1037 4102 qui
1061 4049 1210 4087 suam
1235 4033 1531 4087 bonitatem
1554 4044 1606 4087 et
1635 4035 1895 4100 proximis
1928 4036 2182 4105 itnpartit.

2299 4033 2503 4096 πάντως
2522 4033 2611 4085 τὸν
2639 4033 3040 4103 φιλάνθρωπον,
3064 4032 3156 4086 τὸν
3179 4033 3410 4101 ἄφθονον
3422 4034 3676 4106 νοοῦμεν,
3694 4038 3755 4102 ὀς
3774 4041 3883 4111 τὴν

624 4122 725 4189 Qui
779 4131 958 4179 autem
1011 4139 1175 4192 super
1202 4139 1391 4194 ,pauca
1445 4122 1631 4178 ﬁdeles
1679 4135 1974 4192 apparent,
2028 4141 2188 4194 super

2299 4123 2491 4177 ilxsiav
2521 4121 2830 4191 ἁγαθότητα
2880 4123 2974 4174 καὶ
3013 4123 3125 4185 τοῖς
3175 4122 3406 4193 πλησίον
3445 4123 3687 4193 ἐφαπλοί
3707 4143 3720 4156 °
3780 4132 3882 4183 επὶ

625 4213 790 4267 multa
821 4216 1220 4269 constituuntur
1249 4229 1262 4266 :
1293 4228 1356 4266 na
1378 4229 1428 4265 nt
1460 4213 1586 4267 licet
1615 4212 1701 4267 hic
1727 4215 1864 4267 dona
1899 4229 2190 4282 consequa-

2299 4215 2446 4282 Βλίγα
2470 4214 2526 4267 δὲ
2555 4214 2735 4266 πιστοὶ
2781 4215 3062 4280 φανέντες,
3111 4215 3204 4268 ἰπὶ
3227 4215 3436 4269 πολλῶν
3480 4217 3876 4277 καθίστανται.

621 4321 766 4368 mur,
799 4319 862 4359 ea
905 4315 1080 4358 tamen
1111 4319 1230 4358 cum
1279 4303 1475 4357 futuris
1524 4319 1630 4357 non
1671 4317 1796 4358 sunt
1837 4305 2182 4360 conferenda.

2299 4308 2395 4361 Καὶ
2425 4308 2533 4378 γὰρ
2595 4308 2642 4359 εί
2689 4307 2782 4358 καὶ
2833 4305 3071 4359 ενταῦθα
3128 4308 3488 4378 χαρισμάτων
3539 4311 3879 4381 ἁξιούμεθα,

623 4396 888 4450 Gaudium
930 4406 1108 4450 autem
1147 4395 1376 4462 Domini,
1413 4395 1749 4450 incessabilis
1784 4396 1992 4462 latitia,
2024 4412 2182 4464 quam

2299 4402 2430 4468 Βμως
2477 4400 2630 4452 οὐδέν
2674 4401 2780 4452 είσι
2828 4399 3003 4452 ταῦτα
3053 4401 3190 4470 πρὸς
3239 4402 3305 4454 τὰ
3351 4402 3616 4473 μέλλοντα
3664 4408 3879 4476 ἀγαθά.

624 4489 784 4540 habet
827 4485 968 4542 Deus
1008 4485 1247 4556 gaudens
1285 4488 1336 4540 in
1373 4486 1626 4556 operibus
1663 4488 1811 4551 suis,
1844 4489 1983 4541 sicut
2017 4487 2181 4540 David

2299 4493 2440 4563 Καρὰ
2459 4494 2516 4546 δὲ
2544 4493 2637 4546 τοῦ
2660 4493 2885 4564 Κυρίου,
2910 4497 2943 4565 ἡ
2966 4493 3200 4565 ἄληκτος
3231 4497 3567 4570 εὐφροσύνη.
3597 4503 3666 4572 ἢν
3692 4504 3813 4575 ἔχει
3846 4510 3884 4560 6

619 4580 748 4633 dicit
774 4579 841 4631 ³⁸.
876 4578 990 4632 Tali
1027 4577 1191 4650 igitur
1221 4577 1416 4648 gaudio
1452 4582 1688 4647 gaudent
1719 4580 1893 4633 sancti
1925 4579 1976 4633 in
2003 4582 2180 4649 operi-

2299 4585 2437 4652 θεὸς,
2487 4587 2910 4656 εὐφραινόμενος
2962 4587 3054 4639 ἐπὶ
3099 4592 3213 4651 τοῖς
3259 4589 3442 4660 ἔργοις
3475 4593 3670 4659 αὐτοῦ,
3716 4597 3798 4659 ὡς
3844 4600 3882 4651 6

617 4674 717 4725 bus
742 4673 852 4726 suis
883 4673 1162 4726 lattatttes:
1197 4671 1334 4725 sicut
1357 4679 1412 4725 et
1435 4681 1628 4727 contra
1656 4682 1969 4741 peccatores
1992 4672 2179 4726 dolent

2299 4677 2445 4732 ιαυῖδ
2479 4677 2646 4746 λέγει.
2684 4678 2953 4749 Τοιαύτην
2986 4673 3081 4730 οὖν
3113 4680 3454 4752 εὐφροσύνην
3475 4684 3883 4753 εὐφραίνονται

619 4763 670 4816 in
705 4763 954 4831 operibus
996 4763 1270 4832 propriis:
1300 4771 1356 4817 et
1400 4764 1572 4818 sancti
1608 4764 1840 4833 gaudent
1882 4766 2024 4833 quod
2068 4774 2175 4820 tam

2299 4768 2379 4821 ιαὶ
2408 4769 2457 4820 οί
2488 4769 2636 4834 ἅγιοι
2687 4770 2783 4821 ἐπὶ
2817 4771 2927 4832 τοῖς
2957 4768 3142 4838 ἔργοις
3190 4771 3371 4824 αὐτῶν
3403 4789 3418 4803 ο
3442 4771 3640 4846 ῶσπερ
3687 4774 3788 4832 οῦν
3815 4781 3881 4835 οἱ

617 4855 836 4908 divitem
874 4853 1106 4910 habeant
1141 4853 1446 4909 Dominum.
1492 4855 1620 4910 Vide
1651 4865 1828 4911 autem
1866 4855 2008 4924 quod
2044 4865 2098 4911 et
2131 4857 2177 4912 is

2299 4860 2595 4930 ιμαρτωλοὶ
2626 4859 2921 4914 λυποῦνται
2967 4863 3060 4915 ὀπὶ
3108 4864 3221 4926 τοῖς
3244 4863 3468 4929 οἰκείοις
3511 4865 3726 4936 ἔργοις,
3771 4875 3880 4926 καὶ

613 4947 702 5015 qui
730 4946 991 5016 quinque,
1019 4956 1072 5000 et
1103 4945 1146 5000 is
1162 4946 1274 5027 qui
1297 4948 1402 5000 duo
1427 4947 1627 5001 talenta
1653 4959 1957 5016 acceperat,
1985 4950 2172 5004 eadem

2299 4953 2678 5023 ιεταμέλονται
2701 4970 2713 4982 ·
2747 4953 2955 5006 καὶτὸν
2987 4955 3195 5026 Κύριον
3225 4956 3283 5008 δὲ
3313 4944 3542 5012 πλοῦτον
3566 4959 3790 5030 ἔχοντες
3813 4969 3878 5020 οξ

613 5038 750 5092 l~ona
784 5047 1201 5106 consequantur.
1229 5037 1456 5104 Quando
1489 5041 1632 5095 enim
1663 5043 1783 5111 quis
1809 5041 1971 5095 etiam
2006 5055 2173 5110 pauca

2299 5044 2446 5111 ἱγιοι,
2478 5045 2758 5114 χαίρουσιν
2781 5045 2865 5097 ἔπ’
2890 5044 3060 5116 αὐτῷ.
3087 5041 3228 5118 Ὅρα
3251 5046 3306 5101 δὲ
3326 5049 3409 5101 ὅτι
3430 5051 3526 5102 καὶ
3553 5051 3580 5104 6
3599 5053 3672 5106 τὰ
3697 5053 3880 5112 πέντι

2274 5136 2511 5189 τάλαντα
2541 5135 2742 5200 λαϐὼν,
2798 5135 2891 5189 καὶ
2919 5137 2948 5188 6
2974 5138 3044 5190 τε
3090 5137 3206 5203 δύο,
3257 5139 3372 5194 τῶν
3417 5141 3598 5195 αὐτῶν
3631 5145 3876 5213 ἀγαθῶν

2271 5227 2567 5292 ἀξιοῦνται.
2599 5229 2770 5282 Ὀταν
2807 5230 2916 5300 γάρ
2949 5246 3055 5296 τις,
3111 5233 3207 5284 καὶ
3243 5231 3399 5301 ὀλίγα
3444 5233 3652 5300 λαϐὼν,
3702 5239 3876 5309 ὅμως

2269 5317 2369 5389 τὴν
2385 5317 2634 5371 δοθεῖσαν
2663 5318 2811 5388 αὐτῷ
2841 5320 3026 5390 χάριν,
3061 5319 3165 5374 κᾶν
3200 5323 3376 5392 μικρὰ
3418 5324 3528 5394 εἴη,
3558 5325 3747 5390 καλῶς
3773 5331 3876 5382 οι-

2272 5411 2592 5482 κονομήσῃ,
2655 5411 2777 5482 ῐσην
2835 5413 3001 5484 τιμὴν
3057 5413 3396 5484 ἀπολήψεται
3449 5417 3530 5489 τῷ
3592 5421 3874 5490 μεγάλων

2271 5501 2553 5568 ἀξιωθέντι
2605 5505 2698 5557 καὶ
2758 5503 3187 5575 κατορθώσαντι.
3230 5506 3502 5572 Ἕκαστος
3535 5509 3649 5582 γὰρ
3676 5511 3804 5566 καθ’
3832 5513 3878 5568 δ

2271 5589 2450 5654 ἔλαϐε,
2474 5592 2615 5645 κατὰ
2640 5593 2798 5645 τοῦτο
2829 5596 2920 5646 καὶ
2959 5593 3129 5665 ἄκρος
3155 5594 3325 5662 δοκεῖ,
3376 5598 3472 5651 ἐὰν
3502 5600 3873 5678 κατορθώσῃ.

2285 5679 2423 5733 Ἀλλ’
2453 5682 2502 5733 0i.
2539 5681 2637 5752 μὲν
2674 5683 3027 5754 εὐγνώμονες
3060 5683 3273 5752 δοῦλοι,
3312 5687 3577 5743 τοιοῦτοι·
3613 5693 3642 5746 ὀ
3664 5690 3724 5748 δὲ
3757 5708 3878 5749 ιη-

638 2487 797 2539 homo
826 2483 990 2538 durus
1021 2483 1116 2550 sis,
1151 2492 1358 2537 metens
1397 2482 1484 2536 ubi
1515 2497 1618 2535 non
1656 2482 1961 2544 seminasti,
1999 2491 2052 2535 et
2079 2482 2199 2534 inde

637 2588 965 2643 congregans
997 2573 1085 2628 ubi
1123 2587 1225 2626 non
1253 2573 1521 2643 sparsisti,
1552 2587 1615 2627 ac
1650 2573 1873 2627 territus
1903 2571 2030 2636 abii,
2065 2573 2198 2625 abs-

635 2667 899 2736 condique
947 2663 1203 2719 talentum
1256 2674 1405 2720 tuutn
1463 2664 1516 2717 in
1575 2675 1717 2718 terra
1785 2683 1797 2718 :
1853 2679 1979 2719 ecce
2034 2663 2200 2718 habes

636 2756 777 2826 quod
823 2767 970 2810 tuum
993 2763 1092 2810 est.
1139 2753 1488 2824 Respondens
1527 2766 1704 2810 autem
1751 2755 2010 2810 Dominus
2057 2755 2193 2822 ejus,

636 2850 772 2900 dixit
803 2847 884 2901 ei:
918 2846 1084 2902 Serve
1124 2847 1261 2902 male
1293 2854 1348 2902 et
1375 2847 1545 2916 piger,
1575 2846 1782 2900 sciebas
1821 2847 1965 2915 quod
2001 2854 2198 2901 metam

637 2940 724 2994 ubi
750 2955 851 2992 non
873 2939 1153 3002 seminavi,
1172 2947 1224 2992 et
1247 2951 1564 3008 congregem
1587 2937 1734 2991 illinc
1758 2937 1846 2992 ubl
1875 2952 1977 2990 non
2001 2939 2194 3007 sparsi:

634 3029 865 3098 opo’rtuit
885 3044 1012 3098 ergo
1035 3038 1086 3084 te
1110 3031 1445 3084 committere
1473 3028 1756 3097 pecuniam
1785 3042 1956 3082 meam
1984 3043 2200 3083 mensa-

635 3119 760 3183 riis,
792 3128 844 3175 et
873 3119 1096 3174 veniens
1127 3131 1226 3187 ego
1259 3118 1580 3187 recepissem
1618 3118 1802 3187 utique
1835 3117 1982 3188 quod
2018 3133 2195 3173 meum

613 5127 898 5194 acceperit,
937 5127 1096 5198 139
1127 5137 1182 5182 et
1209 5122 1392 5182 datum
1426 5131 1526 5184 sibi
1559 5132 1776 5193 domnn,
1801 5131 1927 5186 licet
1951 5146 2171 5199 parvum

611 5217 713 5281 sit,
758 5215 891 5272 bene
923 5222 1267 5287 dispensarit,
1303 5221 1560 5288 aequalem
1592 5223 1849 5277 honorem
1883 5224 2174 5291 adepturus

609 5316 693 5358 est
717 5321 836 5359 cum
861 5323 924 5361 eo
952 5310 1039 5377 qui
1072 5325 1266 5380 magna
1297 5312 1483 5365 habuit
1517 5321 1570 5365 et
1598 5311 1745 5366 fecit.
1790 5311 2174 5382 Unusquisque

609 5397 751 5450 enim
783 5409 840 5450 ut
874 5401 1162 5467 acceperit,
1198 5403 1267 5455 ita
1293 5411 1345 5455 et
1377 5402 1620 5457 excelsus
1649 5403 1938 5468 videbitur,
1968 5404 2010 5459 si
2035 5403 2172 5460 bene

609 5488 798 5555 egerit.
826 5487 994 5542 Porro
1017 5493 1158 5546 sewi
1184 5493 1321 5562 grati
1353 5493 1422 5546 ita
1459 5493 1736 5551 se.habent
1761 5514 1774 5550 :
1803 5507 1857 5549 at
1881 5510 2170 5564 perversus

607 5587 660 5628 et
713 5580 859 5646 piger
909 5580 1064 5633 aliter
1120 5584 1434 5651 respondet,
1489 5591 1545 5635 et
1591 5592 1648 5636 ιιι
1699 5599 1757 5638 se
1801 5585 2018 5653 dignum
2063 5596 2166 5640 est.

609 5665 808 5720 Durum
854 5671 996 5723 cnim
1054 5672 1328 5726 dominum
1389 5675 1669 5739 nominat,
1729 5676 1867 5730 sicut
1920 5686 1974 5731 et
2028 5692 2171 5732 nunc

678 5848 724 5880 "
754 5846 896 5903 Psal.
930 5866 1000 5914 at,
1033 5851 1086 5904 7.
1207 5853 1252 5884 "
1290 5852 1431 5910 Psal.
1481 5871 1586 5924 Cl\',
1630 5858 1684 5912 5.
