4028 6610
214 491 321 558 433

815 490 1263 555 ENABRATIO
1303 493 1385 557 ΙΝ
1430 488 1796 557 EVANGELJ

1900 486 1931 551 tl
1968 488 2353 555 MATTIl;l-Il.
2398 518 2464 529 -
2494 494 2653 555 CAP.
2695 496 2869 557 XXV.

3374 490 3481 554 ιιι

218 606 325 675 γάρ
358 606 468 673 ἔχει
502 602 864 676 περισσότερα
898 605 992 657 τοῦ
1029 604 1264 670 δέοντος,
1322 608 1540 679 ήρπασε
1578 605 1795 671 πάντως

1902 604 2123 659 tumclia
2160 604 2378 660 alliciat.
2407 606 2540 673 Quin
2587 606 2729 662 enim
2781 606 3030 675 quintium
3077 605 3238 659 habet
3285 604 3484 672 quibus

216 701 328 755 ἀπὸ
347 699 453 753 τῶν
476 698 786 770 χρηζόντων
810 701 929 769 μιν,
963 702 1036 773 μὴ
1078 702 1467 773 λαμϐανόντων
1517 704 1579 757 δὲ
1607 703 1666 768 ἐξ
1692 702 1789 757 αῦ-

216 792 333 847 τοῦ.
370 791 431 843 Εί
463 791 569 861 γὰρ
602 793 681 854 είς
712 792 889 844 κοινὸν
940 794 1116 847 ταῦτα
1150 790 1474 865 κατέθηκεν,
1524 788 1669 866 ἦσαν
1721 791 1789 849 ἃν

214 884 455 938 κάκεῖνοι
480 882 746 947 άνενδεείς
768 898 780 911 ·
813 884 908 937 νῦν
927 884 982 938 δὲ
1016 885 1139 938 ἐπεὶ
1163 885 1453 940 ἀπέκλεισε
1482 886 1674 952 ταῦτα,
1696 887 1789 941 καὶ

215 976 598 1044 ίδιοποιήσατο,
631 974 719 1027 διὰ
770 974 930 1029 τοῦτο
984 977 1241 1031 πένονται
1287 980 1523 1032 εκείνοιο
1583 979 1727 1033 ῶστε
1762 981 1790 1034 0

212 1066 532 1137 άνελεήμων
606 1067 789 1137 ἅρπαξ
842 1068 979 1132 έστὶ,
1022 1071 1316 1137 τοσούτους
1364 1073 1565 1127 ἀδικῶν
1627 1073 1791 1139 ὅσους

212 1162 521 1232 εὐεργετεῖν
552 1160 801 1231 ἠδύνατο,
830 1164 923 1217 καὶ
962 1167 1061 1217 οὐκ
1109 1165 1503 1238 εὐηργέτησεν,
1534 1168 1658 1222 ὅθεν
1684 1169 1791 1223 άπ-

212 1253 525 1307 ελεύσονται
560 1248 705 1307 οὗτοι
732 1256 813 1317 είς
866 1255 1090 1310 κόλασιν
1122 1256 1339 1313 αίῶνιον
1370 1261 1462 1313 καὶ¹
1521 1261 1791 1330 μηδέποτε

212 1346 521 1416 λήγουσαν·
555 1346 605 1399 οί
642 1345 700 1398 δὲ
729 1344 929 1400 δίκαιοι
973 1349 1053 1411 εἰς
1107 1346 1253 1421 ζωὴν
1308 1350 1549 1406 αίώνιον.
1580 1353 1792 1418 Ὥσπερ

212 1436 324 1509 γὰρ
352 1438 401 1491 οι
445 1438 590 1507 ἅγιοι
639 1437 918 1493 ἄπαυστον
968 1439 1154 1508 ἔχουσι
1184 1442 1379 1512 χαράν,
1411 1441 1554 1496 οὕτω
1610 1443 1703 1495 καὶ
1744 1444 1794 1495 οί

211 1532 391 1585 ἄδικοι
420 1530 696 1584 ἄπαυστον
724 1530 967 1597 κόλασιν,
992 1532 1093 1586 κᾶν
1140 1532 1421 1605 Ὠριγένης
1452 1535 1669 1608 φλυαρῇ
1701 1535 1794 1589 λέ-

214 1637 326 1685 γων
358 1622 441 1674 ὅτι
480 1622 597 1675 ἐστὶ
648 1621 923 1687 κολάσεως
967 1622 1141 1687 τέλος,
1171 1626 1264 1678 καὶ
1295 1626 1396 1680 οὐκ
1428 1627 1516 1681 ἀεὶ
1546 1644 1795 1701 τιμωρη-

214 1710 469 1781 θήσονται
502 1712 551 1763 οί
586 1711 925 1783 ἁμαρτωλοὶ,
960 1713 1077 1767 ἀλλ’
1122 1714 1301 1777 ἔσται,
1329 1717 1417 1770 ὅτε
1455 1718 1533 1781 είς
1564 1718 1655 1773 τὸν
1684 1718 1796 1772 τῶν

214 1797 439 1852 δικαίων
462 1798 627 1854 τόπον
661 1801 997 1867 ἐλεύσονται,
1029 1804 1119 1858 διά
1153 1805 1251 1877 τῆς
1278 1806 1557 1873 κολάσεως
1591 1810 1798 1883 καθαρ-

1895 713 1997 751 non
2035 697 2258 769 indiget,
2289 699 2427 769 rapit
2458 700 2680 753 Omnino
2712 701 2779 752 ab
2814 700 2898 753 his
2944 698 3035 769 qui
3082 705 3323 769 egent,“
3372 712 3479 749 non

1893 790 2167 859 accipiunt
2200 791 2267 844 ab
2299 790 2439 861 ipso.
2465 788 2595 845 Nam
2624 792 2668 847 si
2696 791 2746 845 in
2778 805 3067 845 commune
3098 805 3158 847 ea
3192 790 3479 859 posuisset,

1895 882 2128 938 fuissem
2160 884 2349 954 utique
2381 894 2435 939 et
2467 884 2540 938 illi
2574 898 2679 937 non
2716 883 2883 951 indigi
2918 900 2931 937 :
2962 896 3101 937 nunc
3145 892 3321 936 autem
3355 883 3485 948 quia

1896 974 2137 1038 reclusit,
2174 985 2231 1031 et
2282 974 2492 1045 propria
2536 974 2684 1039 fecit,
2726 983 3013 1044 pr0pterea
3062 971 3137 1025 illi
3184 970 3482 1024 esuriltul:

1896 1078 2057 1138 atque
2086 1069 2155 1123 ita
2181 1078 2235 1123 et
2260 1081 2444 1138 raptor
2472 1079 2555 1123 est
2582 1071 2673 1140 qui
2705 1067 3121 1127 immisericors,
3161 1072 3239 1117 tot
3282 1059 3482 1127 iniuria

1894 1158 2155 1226 alliciens,
2181 1172 2313 1229 quot
2345 1161 2622 1217 beneﬁciis
2652 1158 2869 1215 allicere
2901 1160 3097 1227 potuit,
3123 1165 3177 1209 et
3213 1169 3317 1208 non
3351 1151 3484 1205 atre-

1894 1255 1987 1309 cit.
2028 1251 2154 1307 lileo
2206 1253 2359 1307 ibunt
2415 1254 2467 1307 lii
2510 1254 2561 1307 in
2604 1252 2925 1322 supplicium
2959 1262 3221 1304 internum
3256 1257 3309 1301 et
3344 1261 3487 1299 nun-

1896 1360 2055 1413 quam
2115 1345 2449 1411 ﬁniendum;
2495 1345 2628 1414 justi
2685 1359 2817 1399 vero
2869 1344 2921 1396 in
2976 1343 3139 1396 vitam
3198 1351 3483 1396 aternam.

1896 1434 2033 1490 Nam
2078 1438 2221 1491 sicut
2252 1438 2427 1491 sancti
2470 1436 2791 1493 incessabile
2840 1437 3041 1491 habent
3087 1434 3366 1502 gaudium,
3414 1433 3487 1487 ita

1898 1527 2079 1595 injusti
2118 1525 2504 1581 indesinentein
2538 1543 2752 1597 pmnam
2781 1544 2794 1580 :
2821 1528 3037 1580 tametsi
3068 1524 3327 1593 Origenes
3378 1539 3483 1575 nu-

1897 1628 2052 1689 getur
2089 1618 2278 1673 dicens
2313 1616 2426 1671 fore
2464 1618 2849 1686 suppliciorum
2901 1620 3084 1678 linem,
3111 1624 3165 1669 et
3198 1632 3301 1668 non
3335 1629 3485 1668 scm-

1898 1726 1997 1780 per
2056 1712 2358 1779 puniendus
2422 1720 2759 1779 peccatores,
2828 1708 2919 1763 sed
2990 1708 3112 1761 fore
3196 1706 3489 1775 aliquando

1902 1812 2133 1871 tempus,
2173 1803 2390 1871 quando
2440 1804 2489 1856 in
2535 1800 2808 1870 justorum
2861 1803 3073 1877 venturi
3102 1801 3211 1853 sint
3243 1815 3485 1852 (tonsor--

214 1890 420 1954 θέντες.
492 1894 808 1964 Ἐλέγχεται
858 1896 969 1967 γάρ
1019 1897 1272 1953 ἐντεῦθεν
1322 1903 1595 1973 φανερῶς,
1635 1906 1795 1960 τοῦτο

1900 1892 2034 1946 tium
2102 1894 2313 1963 purgati
2364 1909 2396 1947 ia
2454 1894 2653 1963 poenis.
2701 1892 2960 1963 Arguitur
3011 1899 3190 1946 autem
3256 1905 3321 1944 ex
3387 1890 3490 1942 hoc

214 1984 338 2050 μιν,
368 1985 426 2038 ἑν
446 1981 528 2049 οἷς
757 1990 785 2041 0
816 1954 1019 2061 Κύριος
1041 2007 1053 2021 ·
1098 1954 1604 2062 κόλασινιαίώνῶν,

1901 1986 2020 2040 luco
2075 1986 2380 2049 manileste,
2427 2001 2549 2039 nam
2625 1984 2889 2039 Dominus
2943 1984 3119 2038 dicit:
3160 1981 3486 2051 Supplicium

212 2078 362 2131 έστιν
412 2078 664 2133 οὐδέποτε
693 2081 988 2153 λήγουσαν,
1046 2084 1206 2137 τοῦτο
1232 2085 1320 2151 δὲ,
1358 2088 1416 2140 ἑν
1472 2081 1553 2153 οἷς
1587 2089 1795 2161 προϐά-

210 2186 326 2233 τοις
364 2171 461 2241 μὲν
519 2173 845 2242 παρεικάζει
888 2177 1014 2240 τοὺς
1054 2176 1319 2244 δικαίους,
1349 2180 1556 2251 ἐρίφοις
1584 2182 1640 2236 δὶ
1668 2184 1794 2249 τοὺς

213 2260 603 2331 ἁμαρτωλούς.
646 2264 858 2335 Ὠσπερ
895 2266 1005 2337 γάρ
1042 2267 1231 2338 ἔριφος
1284 2272 1386 2325 οὐκ
1416 2272 1481 2325 ἄν
1537 2288 1669 2325 ποτε
1704 2273 1797 2345 γέ-

211 2369 358 2407 νοιτο
392 2354 684 2426 πρόϐατον,
740 2357 912 2423 οὕτως
939 2359 1061 2415 οὐδὲ
1091 2361 1120 2413 6
1150 2362 1473 2433 ἁμαρτωλὸς
1506 2366 1795 2438 καθαρθή-

213 2444 367 2499 σεταί
391 2461 542 2511 ποτε,
568 2447 663 2499 καὶ
687 2446 891 2512 δίκαιος
922 2450 1249 2520 γενήσεται·
1285 2453 1475 2518 σκότος
1511 2455 1567 2509 δὲ
1597 2455 1796 2523 ὶεώτε-

216 2551 333 2606 ρον,
385 2539 446 2589 :0
494 2536 844 2609 πορρώτερον
872 2539 965 2592 τοῦ
996 2541 1175 2609 φωτὸς
1206 2540 1301 2595 τοῦ
1348 2544 1518 2611 θείου,
1550 2547 1647 2601 καὶ
1704 2546 1795 2602 διὰ

209 2626 371 2681 τοῦτο
400 2630 497 2683 κα)⁸
523 2628 913 2699 χαλεπωτέραν
938 2632 1125 2686 ποιοῦν
1146 2634 1247 2705 τὴν
1277 2635 1521 2692 κόλασιν.
1547 2638 1704 2691 Ἐστι
1736 2638 1795 2693 δι

214 2720 310 2774 καὶ
337 2720 518 2773 αίτίαν
542 2721 702 2792 τήνδε
732 2722 910 2776 εἰπεῖν
942 2725 1022 2789 είς
1060 2725 1240 2792 τοῦτο,
1274 2729 1303 2782 0
1335 2728 1663 2801 ἁμαρτωλὸς
1700 2732 1796 2787 καὶ

212 2811 447 2866 ὶνταῦθα
485 2812 583 2881 μὲν
616 2815 805 2879 σκότος
839 2817 973 2887 ἔχει,
1036 2819 1287 2874 ἐκπεσὼν
1314 2820 1408 2876 τοῦ
1457 2824 1555 2893 τῆς
1588 2824 1798 2879 δικαιο-

214 2899 382 2971 σύνης
413 2901 620 2967 Ἠλίου,
656 2903 769 2957 ἀλλ’
800 2908 922 2960 ἐπεὶ
951 2907 1107 2974 ἐλπίς
1164 2912 1281 2964 ὲστι
1320 2914 1647 2984 μεταϐολῆς,
1705 2916 1796 2971 διά

210 2989 371 3044 τοῦτο
399 2993 500 3046 οὐκ
528 2992 644 3048 ιστι
672 2995 733 3049 :0
768 2998 959 3063 σκότος
986 3000 1146 3055 τοῦτο
1171 3001 1435 3074 ἐξώτερον
1460 3022 1475 3037 ο
1504 3006 1637 3077 μεθὸ
1670 3008 1797 3079 μέν-

210 3101 294 3137 τοι
348 3086 629 3152 ἀποθάνοι,
678 3090 775 3144 κα)⁸
803 3090 1061 3162 επισταίη
1218 3097 1326 3149 τῶν
1384 3100 1796 3171 πεπραγμένων

210 3177 486 3245 ὲξέτασις,
529 3181 835 3250 διαδέχεται
892 3184 1055 3239 αὐτὸν
1108 3166 1203 3240 καὶ
1236 3166 1544 3260 ἐξώτερον·
1580 3166 1679 3245 ούκ
1714 3192 1795 3245 ιτι

1896 2088 2182 2141 mternum,
2206 2078 2307 2132 hoc
2342 2087 2445 2145 est,
2466 2090 2740 2148 nunquam
2782 2077 3061 2131 desinens.
3093 2075 3175 2131 Un
3200 2076 3247 2129 te
3276 2088 3329 2128 et
3369 2074 3490 2128 ovi-

1897 2168 1997 2223 bus
2023 2176 2303 2237 comparat
2328 2167 2528 2237 justos.
2576 2168 2730 2222 hedis
2765 2177 2944 2221 autem
2967 2176 3307 2235 peccatores:
3346 2166 3485 2218 sient

1853 2282 1858 2286 ~
1896 2259 2042 2314 enim
2073 2258 2267 2315 hmdus
2308 2274 2581 2329 nunquam
2619 2260 2678 2315 tit
2716 2260 2851 2326 ovis,
2895 2260 2975 2313 sic
3023 2274 3301 2325 nunquam
3354 2271 3486 2325 pcc-

1897 2359 2050 2404 catur
2101 2350 2419 2422 purgabitur
2467 2361 2520 2407 et
2586 2352 2688 2405 erit
2749 2350 2953 2421 justus.
2991 2350 3256 2406 Tcnelmc
3310 2361 3490 2403 autem

1897 2438 2221 2509 exteriores,
2252 2457 2372 2513 qua:
2413 2442 2603 2511 procul
2638 2452 2763 2497 sunt
2812 2457 2843 2496 a
2902 2440 3023 2496 luce
3056 2442 3258 2507 divina,
3282 2450 3336 2495 et
3367 2454 3493 2509 pru-

1897 2541 2079 2603 pterea
2111 2534 2415 2603 graviorem
2444 2534 2653 2589 faciunt
2685 2550 2925 2605 pinnam.
2967 2535 3151 2590 Potest
3183 2537 3309 2588 item
3359 2548 3495 2587 cau-

1897 2643 1954 2682 sa
1982 2627 2228 2697 quadam
2280 2624 2461 2683 aderri
2497 2627 2565 2681 ad
2599 2629 2734 2682 hinc.
2776 2621 3037 2683 Peccator
3091 2627 3237 2681 enim
3293 2624 3346 2679 in
3392 2624 3497 2679 liae

1900 2719 2006 2773 vita
2053 2718 2108 2773 in
2157 2718 2395 2773 tenebris
2442 2726 2546 2783 est,
2573 2732 2697 2773 nam
2740 2717 2954 2775 excidit
3000 2733 3033 2773 a
3077 2716 3189 2773 sole
3232 2715 3493 2785 iustitiae:

1897 2813 1992 2863 sed
2020 2809 2145 2877 quia
2174 2826 2300 2881 spes
2334 2820 2422 2867 est
2464 2811 2865 2877 conversionis,
2892 2819 3179 2881 propterea
3217 2823 3322 2863 non
3364 2819 3497 2863 sunt

1899 2904 2134 2961 tenebrae
2168 2905 2270 2960 illis
2309 2906 2632 2962 exteriores.
2660 2905 2829 2960 Porro
2875 2907 2963 2961 ubi
3016 2916 3261 2960 mortuus
3308 2902 3493 2968 riterlt,

1898 3002 1953 3048 et
1988 2994 2248 3049 institerit
2276 3010 2502 3051 examen
2539 2995 2837 3061 factorum,
2861 2996 3140 3063 excipiunt
3168 3010 3291 3050 eum
3343 3004 3499 3049 exte-

1901 3084 2094 3141 riores.
2137 3083 2255 3140 Non
2303 3087 2447 3140 enim
2503 3085 2640 3141 ultra
2690 3086 3063 3161 conversionis
3116 3100 3243 3155 spes
3271 3095 3374 3149 cst,
3396 3087 3493 3141 sed

1898 3178 2131 3233 sustinet
2168 3179 2515 3247 omnigenam
2552 3178 2722 3233 divini
2756 3178 3062 3246 splendoris
3109 3179 3496 3247 privationem.

210 3268 321 3339 γὰρ
371 3268 525 3332 ἐλπίς
556 3274 674 3325 ἔστι
708 3273 1032 3344 μεταϐολῆς,
1068 3275 1204 3331 ἀλλὰ
1240 3279 1477 3350 παντελῆ
1537 3281 1796 3353 στέρησιν

1906 3269 2154 3336 Quandiu
2222 3272 2366 3324 enim
2419 3271 2510 3325 hic
2562 3280 2668 3334 est,
2721 3271 2935 3324 etiamsi
2990 3272 3126 3325 bona
3183 3271 3271 3324 Dei
3321 3271 3501 3325 minus

209 3360 318 3413 τῶν
345 3361 441 3415 τοῦ
493 3361 630 3416 Θεοῦ
658 3365 880 3433 ἀγαθῶν
919 3367 1234 3435 ὑφίσταται.
1284 3372 1373 3424 Ἕν
1402 3372 1513 3443 ὅσῳ
1563 3374 1671 3444 γάρ
1708 3376 1801 3428 ὲν-

209 3454 393 3510 ταῦθά
443 3458 582 3521 ἐστι,
642 3458 745 3513 κᾶν
781 3461 1019 3531 μετρίως
1058 3461 1311 3534 ἀπολαύῃ
1352 3464 1461 3517 τῶν
1512 3465 1609 3519 τοῦ
1661 3466 1800 3522 Θεοῦ

210 3550 457 3616 ἀγαθῶν,
493 3552 603 3604 τῶν
639 3552 914 3623 αἰσθητῶν
940 3553 1040 3625 τῆς
1076 3556 1308 3619 κτίσεως
1339 3558 1504 3625 λέγω,
1531 3561 1627 3612 καὶ
1656 3560 1805 3614 δοκεῖ

208 3639 395 3707 δοῦλος
420 3639 560 3697 εἶναι
584 3644 836 3697 ὁπωσοῦν
864 3643 961 3697 τοῦ
1001 3644 1159 3711 Θεοῦ,
1185 3649 1243 3700 ἐν
1271 3647 1349 3717 τῷ
1377 3650 1512 3720 οίκῳ
1538 3651 1705 3705 αὐτοῦ
1734 3655 1800 3724 τῇ

210 3732 387 3785 κτίσει
420 3736 591 3805 ταύτῃ
612 3734 837 3801 διάγων,
864 3735 960 3789 καὶ
990 3735 1084 3790 ὑπ’
1117 3738 1281 3791 αὑτοῦ
1313 3742 1656 3811 τρεφόμενος
1705 3746 1803 3798 καὶ

207 3822 627 3894 διεξαγόμενος·
664 3827 785 3879 τότε
817 3826 875 3880 δλ
903 3826 1255 3883 παντάπασιν
1302 3830 1678 3887 άποκόπτεται
1706 3833 1801 3889 τοῦ

208 3914 373 3982 θεοῦ,
408 3916 623 3980 οὐδενὸς
658 3918 906 3989 μετέχων
964 3919 1075 3973 τῶν
1131 3920 1298 3975 αὑτοῦ
1346 3924 1590 3991 ἀγαθῶν.
1630 3924 1802 3981 Τοῦτο

209 4003 333 4059 ἔστι
376 4005 438 4057 10
479 4005 691 4071 σκότος,
728 4008 1098 4080 συγκριτικῶς
1163 4010 1456 4080 λεγόμενον
1510 4013 1801 4086 έξώτερον,

206 4094 284 4157 ὡς
320 4096 457 4166 πρὸς
503 4097 564 4150 :0
589 4098 845 4153 ἐνταῦθα.
881 4102 1062 4173 Ὅπερ
1091 4102 1191 4156 οὐκ
1218 4102 1367 4159 εστιν
1398 4104 1683 4177 ἐξώτερον,
1724 4109 1803 4173 ὡς

210 4189 286 4258 μὴ
314 4190 596 4253 παντελῶς
624 4190 1076 4263 άποκοπτομένου
1096 4194 1346 4249 ἐντεῦθεν
1377 4196 1479 4268 ήδη
1498 4197 1593 4252 τοῦ
1622 4200 1805 4272 άμαρ-

204 4280 407 4334 τωλοῦ.
451 4280 612 4335 Ἀλλὰ
652 4284 716 4336 σὺ
753 4282 924 4352 φεῦγε
977 4283 1042 4338 :0
1098 4286 1443 4358 άσπλαγχνον
1468 4326 1486 4355 ,
1525 4290 1643 4344 πκαὶ
1702 4290 1803 4362 τήν

206 4370 588 4443 έλεημοσύνην
618 4372 854 4444 ἐργάζου
889 4377 983 4429 καὶ
1012 4376 1286 4447 αίσθητῶς
1328 4378 1451 4448 μὲν,
1488 4380 1629 4451 πλήν
1662 4382 1801 4437 ἀλλὰ

207 4463 303 4514 καὶ
331 4463 739 4532 πνευματικῶς.
768 4465 978 4535 Θρέψον
1006 4467 1117 4536 γάρ
1146 4468 1239 4521 τὸν
1266 4467 1503 4539 Χριστὸν
1526 4472 1801 4527 πεινῶντα

204 4551 305 4624 τὴν
334 4554 613 4625 ἡμετέραν
647 4556 922 4628 σωτηρίαν
950 4573 965 4588 ·
1031 4558 1170 4611 ἀλλὰ
1231 4562 1323 4614 καὶ
1372 4562 1465 4614 τὸν
1520 4564 1793 4619 πεινῶντα

1908 3367 2139 3421 ubertim
2164 3366 2425 3434 suscipiat
2451 3364 2667 3437 [loquor
2690 3365 2757 3419 de
2775 3363 3124 3419 seusibilibus
3151 3374 3205 3419 et
3228 3366 3429 3420 creatis
3450 3364 3497 3438 ],

1908 3459 2121 3513 videtur
2152 3472 2273 3512 esse
2306 3457 2704 3525 quodammodo
2737 3473 2933 3512 servus
2967 3457 3055 3513 Dei
3085 3458 3210 3511 dum
3243 3456 3296 3512 in
3330 3460 3493 3513 duino

1906 3552 2042 3621 ejus,
2076 3550 2178 3604 hoc
2208 3559 2291 3603 est
2318 3552 2367 3603 in
2398 3551 2691 3614 creaturis,
2726 3560 3002 3615 versatur,
3030 3551 3097 3603 ab
3128 3549 3357 3619 ipsoque
3403 3551 3501 3605 ali—

1907 3653 1994 3698 tur
2020 3652 2074 3697 et
2099 3644 2380 3697 educatur.
2406 3642 2558 3696 Tunc
2605 3650 2791 3696 autem
2833 3642 3086 3697 omnibus
3126 3643 3301 3696 nimiis
3328 3657 3356 3694 a
3392 3640 3501 3697 Deo

1908 3736 2189 3800 dividitur,
2245 3734 2379 3789 nihil
2414 3718 2703 3790 commune
2737 3750 2860 3789 cum
2898 3734 3041 3789 illius
3076 3735 3231 3789 bonis
3268 3734 3498 3790 habens.

1906 3830 2003 3883 Hie
2032 3837 2157 3883 sunt
2192 3841 2290 3895 per
2326 3831 2791 3897 comparationem
2826 3826 2892 3881 ad
2936 3828 3032 3885 has
3075 3826 3312 3881 tenebrae
3346 3836 3500 3880 exte-

1908 3921 2191 3986 riores,eo
2226 3920 2370 3991 quod
2425 3919 2513 3977 hic
2563 3935 2670 3976 non
2719 3920 2972 3994 omnibus
3023 3921 3193 3973 modis
3248 3929 3500 3989 peccator

1909 4018 2208 4065 resecatur.
2236 4009 2305 4063 At
2340 4018 2395 4064 tu
2437 4008 2562 4080 fuge
2598 4008 3111 4065 immiscricordiam
3148 4016 3200 4062 et
3230 4008 3313 4062 fac
3349 4009 3497 4064 elee-

1908 4118 2184 4174 mosynas,
2209 4113 2263 4157 et
2312 4101 2445 4157 alias
2499 4101 2719 4171 quidem
2777 4102 3082 4165 sensibilcs,
3126 4100 3260 4155 alias
3316 4111 3499 4154 autem

1907 4194 2239 4265 spirituales.
2294 4193 2461 4248 Pasce
2519 4192 2821 4257 Christum,
2866 4193 2957 4263 qni
3010 4194 3184 4250 esurit
3260 4192 3494 4247 salutem

1906 4300 2175 4345 nostram.
2207 4285 2314 4341 Sed
2344 4295 2397 4339 et
2431 4286 2763 4339 esurientem
2801 4285 3081 4341 doctrinas
3115 4286 3159 4342 si
3191 4286 3409 4355 paveris
3444 4282 3501 4339 c't

1906 4380 2203 4452 potareris,
2230 4378 2425 4447 pavisti
2454 4377 2733 4432 Christum
2760 4387 2812 4431 et
2841 4381 3061 4447 putasti.
3088 4379 3145 4433 ln
3181 4379 3497 4433 Christiano

1873 4460 2052 4531 .enim
2086 4472 2334 4528 Christus
2365 4478 2471 4535 est,
2499 4480 2553 4525 et
2586 4470 2719 4529 iides
2754 4471 2917 4527 alitur
2958 4483 3012 4525 et
3052 4473 3247 4527 crescit
3295 4474 3501 4527 doctri-

1908 4568 2019 4623 nis.
2048 4564 2153 4620 Sed
2182 4573 2237 4619 et
2274 4564 2317 4617 si
2355 4563 2555 4617 videris
2591 4562 2935 4633 peregrinum
2969 4580 2997 4617 a
3030 4580 3261 4634 superna
3292 4565 3492 4633 patria,

202 4644 562 4710 διδασκαλίας
596 4646 691 4701 ἰὰν
731 4647 937 4719 θρέψῃς
966 4649 1059 4702 καὶ
1095 4652 1344 4724 ποτίσῃς,
1382 4653 1620 4725 ἔθρεψας
1658 4657 1795 4727 Χρι.

1900 4670 2073 4717 tecum
2114 4666 2165 4712 et
2196 4655 2408 4725 collige,
2450 4654 2557 4724 hoc,
2598 4664 2703 4718 est,
2729 4658 2853 4709 dum
2884 4657 3187 4727 ingrederis
3220 4659 3273 4712 iu
3305 4658 3497 4724 caelos,

203 4740 332 4792 στδν
363 4741 460 4793 καὶ
493 4741 770 4804 ὲπότισας.
814 4740 876 4796 '0
908 4743 1019 4813 γάρ
1043 4744 1100 4796 δν
1126 4743 1203 4814 τῷ
1220 4744 1534 4817 Χριστιανῷ
1564 4750 1799 4819 Χριστὸς

201 4831 300 4882 καὶ
323 4834 357 4899 ή
389 4832 571 4896 πίστις
602 4832 867 4902 τρέφεται
903 4836 997 4889 καὶ
1029 4834 1254 4901 αὔξεται
1277 4837 1365 4891 διά
1403 4840 1504 4908 τῆς
1542 4841 1798 4897 διδασκα-

199 4922 348 4987 λίας.
399 4923 563 5002 Ἀλλὰ
589 4923 692 4977 κᾶν
722 4925 837 4999 ίδῃς
875 4926 1021 4991 τινά,
1054 4926 1204 4993 ξενον
1232 4929 1519 5001 γινόμενον
1547 4932 1649 5002 τῆς
1682 4935 1796 4989 ἄνω

200 5000 490 5085 πατρίδος,
524 5016 913 5085 συνεισάγαγε,
946 5018 1218 5083 τουτέστι,
1262 5022 1359 5075 σὺν
1387 5022 1465 5093 τῷ
1499 5000 1793 5090 καὶῖαύτδς

200 5107 551 5178 είσέρχεσθαι
577 5111 657 5173 είς
680 5108 967 5181 οὐρανοὺς,
998 5112 1261 5181 εἰσάγαγε
1286 5117 1561 5179 κάκεῖνον,
1598 5119 1673 5188 μὴ
1704 5118 1799 5173 άλ-

199 5197 315 5263 λοις
362 5200 675 5271 κηρύσσων,
729 5203 891 5267 αὐτὸς
942 5204 999 5257 δὲ
1033 5192 1291 5274 ἀδόκιμος
1341 5206 1452 5260 ὥν·
1490 5209 1593 5263 κᾶν
1623 5228 1703 5273 τις
1737 5211 1799 5263 10

198 5291 301 5361 τῆς
327 5290 643 5361 ἀφθαρσίας
678 5295 893 5363 ίμάτιον
933 5296 1206 5368 ἀποϐάλῃ,
1246 5297 1274 5349 0
1324 5299 1413 5353 διὰ
1468 5300 1561 5353 τοῦ
1596 5302 1797 5371 βαπτίσ

202 5396 418 5449 σματος
452 5382 597 5453 ἔσχε,
628 5386 722 5437 καί
746 5386 1085 5456 γυμνωθείη,
1121 5387 1337 5442 ἔνδυσον
1368 5392 1554 5457 αὑτὸν,
1589 5394 1682 5446 καὶ
1709 5394 1801 5447 τὸν

197 5471 541 5527 ἀσθενοῦντα
568 5479 630 5546 τῇ
674 5476 875 5541 πίστει,
912 5478 988 5542 ὡς
1018 5481 1047 5531 0
1078 5479 1290 5544 Παῦλός
1342 5498 1498 5552 φησι,
1553 5485 1794 5555 προσλαο

198 5556 302 5616 δοῦ
324 5578 340 5593 ο
371 5562 469 5617 καὶ
492 5564 582 5617 τὸν
609 5565 1007 5638 καθειργμένον
1034 5568 1094 5621 ἐν
1124 5572 1191 5639 τῇ
1220 5571 1547 5643 φυλακῇ,τῷ
1582 5574 1792 5645 σώματι

1909 4747 2157 4806 introduc
2182 4756 2237 4801 et
2264 4746 2433 4810 illum,
2460 4745 2685 4800 ne'aliis
2722 4749 3025 4815 praedicans
3062 4750 3176 4817 ipse
3204 4750 3280 4805 sis
3305 4765 3496 4818 repro-

1908 4845 2027 4897 bus.
2070 4840 2137 4895 Et
2190 4839 2235 4895 si
2292 4839 2415 4907 quis
2472 4839 2898 4907 incorruptionis
2948 4852 3153 4895 vestem
3208 4843 3494 4913 abjccerit,

1904 4948 2068 5005 quam
2118 4946 2213 5001 per
2271 4930 2601 5002 baptismum
2662 4932 2857 4997 induit,
2896 4942 2950 4986 et
2991 4934 3166 4987 nudus
3203 4936 3295 5001 sit,
3335 4936 3494 5007 142

1912 5026 2074 5080 indue
2102 5024 2273 5079 illum.
2324 5023 2389 5076 Et
2425 5024 2697 5077 iniirmum
2747 5023 2851 5078 ﬂde
2910 5024 2990 5095 (ut
3034 5025 3230 5080 Paulus
3274 5027 3497 5090 dicit")

1913 5132 2131 5172 assume
2182 5125 2279 5171 :et
2324 5116 2565 5170 vinctum
2617 5115 2669 5169 in
2728 5130 2969 5177 carcere.
3010 5118 3109 5171 huc
3141 5129 3226 5173 est
3265 5135 3497 5186 corpore

1905 5210 1996 5264 illo
2030 5210 2341 5271 tenebroso,
2361 5207 2555 5273 invise,
2578 5208 2650 5263 illi
2678 5209 2831 5277 quasi
2866 5208 3206 5277 splendorem
3234 5212 3490 5265 admoni-

1908 5302 2110 5356 tionem
2160 5303 2388 5355 donans.
2417 5300 2527 5355 Has
2554 5316 2649 5355 sex
2696 5302 2906 5370 species
2959 5304 3248 5358 cliaritatis
3300 5319 3495 5357 omnes

1907 5393 2067 5463 imple
2098 5394 2311 5461 quidem
2342 5392 2897 5462 corporaliter,implc
2926 5405 3103 5448 autem
3124 5394 3492 5463 ctspirituali-

1905 5492 2020 5547 ter;
2059 5498 2181 5536 nam
2214 5499 2335 5537 cum
2368 5482 2595 5551 duplicis
2650 5492 2855 5537 natura:
2886 5486 3079 5548 simus,
3135 5501 3201 5539 ex
3230 5487 3409 5539 anima
3439 5496 3493 5541 ct

1902 5588 2153 5641 corpore,
2174 5583 2402 5644 possunt
2440 5576 2551 5628 haec
2580 5586 2632 5628 et
2662 5574 2911 5630 bifariam
2952 5578 3160 5645 perlici.

198 5654 382 5725 τούτῳ
430 5658 507 5728 τῷ
557 5660 837 5730 σκοτεινῷ,
882 5662 1198 5734 ἐπίσκεψαι,
1252 5664 1441 5737 ὥσπερ
1496 5686 1548 5724 τι
1600 5671 1803 5736 φέγγος
1868 5668 2021 5737 αῦτῷ
2088 5670 2187 5741 τὴν
2216 5668 2495 5723 νουθεσίαν
2550 5671 2916 5742 δωρούμενος.
2969 5672 3153 5724 Ταῦτα
3194 5674 3371 5727 πάντα
3421 5676 3489 5726 τὰ

204 5743 263 5809 ἒξ
304 5747 429 5816 είδη
464 5747 569 5811 τῆς
622 5750 845 5821 ἀγάπης
899 5752 1140 5806 ἐπιτέλει
1176 5756 1273 5826 μὲν
1326 5757 1419 5809 καὶ
1458 5759 1806 5825 σωματικῶς,
1850 5759 1989 5828 πλὴν
2020 5760 2158 5814 ἀλλὰ
2211 5762 2304 5815 καὶ
2355 5762 2633 5832 ψυχικῶς·
2701 5762 2905 5818 διπλῶν
2949 5766 3055 5834 γὰρ
3083 5764 3251 5817 ὄντων
3306 5767 3486 5836 ἡμῶν,

201 5839 265 5891 ἐκ
294 5836 483 5907 ψυχῆς
518 5841 610 5891 καὶ
663 5840 937 5911 σώματος,
971 5844 1225 5900 δύνανται
1256 5847 1426 5902 ταῦτα
1460 5850 1662 5913 διπλῶς
1695 5851 2129 5923 κατορθωθῆναι.

274 5952 318 5983 ’⁷
357 5952 374 6007 l
408 5952 539 6009 Cor.
581 5968 659 6020 in,
696 5953 752 6011 ‘2.
