4028 6604
257 504 358 570 645

829 500 1278 564 ENARRATIO
1319 500 1403 562 IN
1423 497 1831 563 .EVANGELI‘

1984 502 2379 568 ΜΑΤΤΗΕῙ.
2414 529 2484 543 -·
2517 505 2680 569 CAP.
2721 504 2939 568 XXVI.

3425 500 3532 567 H6

251 612 410 667 Πίετε
449 606 510 677 ἐξ
539 606 704 664 αὐτοῦ
736 608 974 670 πάντεςς
1010 608 1073 660 Ol
1125 606 1224 676 μέν
1269 622 1433 674 φασιν
1477 607 1560 660 ὅτι
1608 605 1697 660 διὰ
1739 604 1831 660 τὸν

1944 611 2204 668 comedite
2233 627 2446 682 omnes,
2478 614 2582 669 hoc
2610 624 2790 670 autem
2823 614 2942 669 loco
2982 629 2994 666 :
3025 609 3203 667 Bibite
3229 624 3294 665 ex
3326 625 3391 666 eo
3415 626 3536 666 om-

269 701 465 756 Ἰούδαν
491 699 650 754 τοῦτο
687 693 837 751 εἶπεν
861 714 876 729 ·
906 699 935 752 6
974 697 1082 769 γὰρ
1120 697 1322 761 Ἰούδας
1374 698 1466 750 τὸν
1520 698 1620 767 μὲν
1668 697 1835 767 ἄρτον

252 795 465 858 ἔλασεν,
513 795 613 848 ούκ
659 793 830 862 ἔφαγε
873 793 952 856 δὲ,
984 791 1099 845 ἀλλ’
1138 791 1364 862 ἔκρυψε,
1399 792 1534 863 πρὸς
1562 792 1622 845 τὸ
1665 791 1836 858 δεῖξαι

251 891 365 952 τοῖς
407 885 680 948 Ἰουδαίοις
716 886 798 939 ὃτι
843 886 932 938 τὸν
969 886 1132 955 ἄρτον
1180 884 1339 950 σῶμα
1383 885 1578 938 ἑαυτοῦ
1619 887 1779 939 καλεῖ
1805 886 1834 939 6

266 978 495 1050 Ἰησοῦς·
522 978 582 1032 τὸ
601 978 657 1032 δὲ
674 977 823 1046 πόμα
844 979 938 1031 καὶ
957 977 1105 1030 ἄκων
1119 978 1260 1039 επιε,
1279 977 1354 1049 μὴ
1375 978 1674 1048 δυνάμενος
1699 980 1834 1034 πάν-

250 1095 358 1140 τως
375 1075 587 1148 κρύψαι
609 1074 760 1130 αὐτό.
785 1075 882 1128 Διά
911 1073 1069 1127 τοῦτο
1105 1068 1197 1127 οὖν
1223 1069 1346 1126 εἷπε
1376 1090 1390 1105 ο
1417 1075 1577 1128 Πίετε
1610 1075 1830 1139 πάντες.

251 1172 314 1222 Ui
337 1170 394 1222 δὲ
425 1167 909 1238 ἀναγωγικώτερόν
941 1183 1108 1234 φασιν
1138 1166 1219 1220 ὅτι
1249 1168 1310 1221 τὺ
1345 1167 1444 1238 μὲν
1470 1168 1568 1239 τὴν
1605 1167 1833 1240 στερεὰν

249 1261 457 1332 τροφὴν
487 1258 805 1330 προσίεσθαι
864 1258 925 1311 ού
957 1258 1174 1311 πάντων
1207 1258 1375 1320 ἐστὶν,
1431 1255 1568 1312 ἀλλά
1600 1259 1711 1312 τῶν
1737 1275 1823 1314 τεο

249 1351 539 1420 λειοτέρων
565 1368 578 1381 ·
607 1351 666 1404 τὸ
698 1350 756 1403 δὲ
786 1349 1123 1413 ποτίζεσθαι,
1151 1351 1370 1404 πάντων
1395 1367 1408 1380 ο
1433 1351 1524 1404 διὰ
1552 1349 1711 1404 τοῦτο
1737 1344 1832 1404 οὖν

249 1444 486 1499 ἐνταῦθα
528 1445 630 1516 ἔφη
657 1461 670 1475 ·
704 1444 861 1498 Πίετε
887 1446 1109 1506 πάντες.
1143 1444 1216 1498 Τὸ
1249 1445 1359 1516 γὰρ
1386 1445 1456 1498 τὰ
1483 1444 1832 1517 ἁπλούστερα

247 1537 359 1590 τῶν
389 1537 677 1607 δογμάτων
708 1535 1134 1606 παραδέχεσθαι,
1168 1537 1408 1591 πάντων.

326 1645 348 1680 ε
381 1629 543 1696 Λέγω
569 1628 627 1682 δι
652 1629 797 1696 ύμῖν,
827 1627 908 1680 ὅτι
937 1628 998 1680 οὐ
1029 1627 1104 1698 μὴ
1139 1627 1246 1680 πίω
1270 1628 1366 1680 ἀπ’
1389 1627 1512 1699 ἄρτι
1544 1631 1609 1683 ὲκ
1636 1628 1830 1684 τούτου

246 1720 342 1774 τού
362 1721 700 1790 γεννήματος
729 1721 828 1788 τῆς
859 1719 1130 1788 ἀμπέλου,
1177 1719 1283 1782 ιως
1323 1719 1420 1789 τῆς
1447 1721 1664 1791 ἡμέρας
1691 1722 1834 1776 ἐκεί.

247 1827 366 1880 νης,
405 1809 534 1862 ὅταν
564 1808 696 1861 αὐτὸ
728 1808 867 1861 πίνω
913 1808 1034 1878 μεθ’
1087 1807 1240 1878 ὑμῶν
1297 1809 1482 1862 καινὸν
1513 1810 1572 1864 ὲν
1620 1813 1686 1882 τῇ
1729 1811 1827 1882 βαι

249 1901 426 1970 σιλεία
453 1899 544 1954 τού
568 1900 777 1970 Πατρός
813 1917 933 1970 μου.
979 1919 996 1951 ι
1031 1901 1373 1970 Γευσάμενος
1415 1901 1508 1955 τοῦ
1542 1905 1825 1974 ποτηρίου,

247 1989 614 2045 ἀποτάττεται
657 1991 841 2044 λοιπὸν
879 1991 958 2060 τῷ
1010 1992 1310 2062 σωματικῷ
1359 1995 1565 2063 πόματι
1590 2011 1605 2027 ο
1643 1997 1830 2049 καινὸν

244 2083 303 2136 δέ
334 2101 455 2138 τινα
481 2084 682 2153 τρόπον
703 2083 944 2151 γεύσεως
967 2083 1360 2152 ἐπαγγέλλεται
1383 2086 1439 2137 ἐν
1462 2089 1526 2156 τῇ
1559 2085 1830 2158 βασιλείᾳ,

246 2175 548 2240 τουτέστιν,
589 2178 648 2229 ὲν
685 2178 752 2246 τῇ
807 2176 1128 2231 ἀναστάσει.
1163 2177 1431 2240 Ἀναστὰς
1471 2179 1602 2249 γάρ,
1660 2179 1833 2248 ἔφαγε

245 2265 343 2320 καὶ
375 2264 498 2320 ἔπιε
547 2265 732 2320 καινόν
778 2281 902 2320 τινα
945 2264 1190 2335 τρόπον·
1243 2267 1303 2318 ού
1351 2267 1457 2337 γὰρ
1491 2267 1566 2330 ὡς
1614 2267 1834 2339 χρῄζων

244 2358 457 2429 τροφῆς
497 2357 814 2427 σωματικῆς
847 2356 1088 2425 γεύσεως
1134 2357 1340 2427 νόμοις,
1375 2357 1513 2412 ἀλλὰ
1538 2359 1834 2429 πιστούμε-

241 2466 336 2512 νος
367 2449 465 2521 τὴν
504 2449 678 2520 ἀληθῆ
733 2449 827 2503 τοῦ
881 2448 1133 2520 σώματος
1198 2449 1360 2517 φύσιν
1388 2466 1401 2480 ·
1457 2449 1733 2520 βασιλείαν
1775 2451 1834 2505 δὲ

242 2539 476 2601 εἰκότως
518 2539 620 2608 τὴν
661 2537 858 2591 ἑαυτοῦ
906 2537 1202 2590 ἀνάστασιν
1239 2539 1513 2608 ὀνομάζει.
1561 2539 1695 2592 Τότε
1724 2541 1834 2612 γάρ

245 2629 574 2700 κατήργησε
603 2628 692 2683 τὸν
720 2628 970 2696 θάνατον,
1006 2629 1258 2693 βασιλεὺς
1289 2630 1366 2699 τῷ
1392 2630 1506 2683 ὄντι
1538 2631 1729 2700 φανείς
1757 2649 1770 2662 ·
1799 2633 1830 2702 ἢ

240 2723 340 2776 καὶ
371 2719 515 2774 οὕτω
558 2723 801 2790 νοήσαις’
845 2723 1045 2775 Καινὸν
1075 2723 1245 2792 πόμα,
1288 2723 1690 2792 ἡάποκάλυψις
1725 2727 1834 2777 τῶν

241 2813 566 2883 μυστηρίων
587 2812 680 2867 τοῦ
703 2813 858 2877 Θεοῦ,
889 2814 924 2869 ἄ
945 2816 1066 2868 τότε
1095 2817 1151 2867 ὲν
1179 2819 1245 2885 τῇ
1280 2815 1529 2888 βασιλείᾳ
1553 2817 1646 2870 τοῦ
1673 2817 1831 2885 Θεοῦ,

238 2903 521 2958 τουτέστιν
539 2907 595 2958 έν
617 2908 681 2975 τῇ
708 2905 937 2976 δευτέρα
966 2907 1262 2978 παρουσία,
1288 2907 1831 2978 ἀποκαλυφθήσεται,

240 2998 411 3051 καινὰ
441 2997 592 3062 ὄντα,
623 2998 924 3062 τουτέστιν,
981 2997 1070 3054 οἶα
1103 3001 1202 3054 ούκ
1248 3002 1564 3070 ἠκούσαμεν
1603 3002 1791 3055 ἄλλοτε
1816 3019 1830 3033 ·

241 3090 423 3143 πίνειν
459 3091 513 3144 δὲ
541 3091 725 3144 ἐκεῖνα
757 3091 975 3158 λέγεται
1001 3095 1029 3145 6
1054 3093 1292 3160 Χριστὸς
1339 3093 1460 3160 μεθ’
1489 3093 1667 3162 ἡμῶν,
1699 3094 1834 3147 διότι

238 3181 344 3249 τὴν
374 3181 655 3253 ἡμετέραν
695 3181 963 3250 ὠφέλειαν
1001 3183 1208 3252 τροφὴν
1274 3183 1367 3236 καὶ
1417 3183 1576 3236 πόσιν
1623 3184 1834 3238 οἰκείαν

242 3275 491 3343 ἡγεῖται.

321 3367 461 3420 «Καὶ
477 3366 835 3438 ὑμνήσαντες,
855 3367 1076 3438 ἐξῆλθον
1096 3369 1176 3431 είς
1196 3371 1257 3422 τὸ
1279 3369 1404 3441 ὅρος
1425 3370 1527 3423 τῶν
1543 3369 1789 3426 Ἐλαιῶν.
1806 3389 1824 3422 ›

238 3456 381 3513 Μεθ’
429 3457 456 3510 ὃ
488 3458 834 3528 ἐδείπνησαν,
881 3459 1152 3530 ὕμνησαν,
1197 3463 1283 3514 ἵνα
1329 3463 1590 3530 μάθωμεν
1623 3465 1704 3516 ὅτι
1737 3463 1829 3516 καὶ

239 3551 393 3617 ἡμᾶς
420 3547 564 3602 οὕτω
597 3549 678 3602 δεῖ
721 3553 914 3604 ποιεῖν.
965 3553 1057 3614 Εἰς
1088 3551 1144 3604 δὲ
1195 3552 1256 3603 τὸ
1299 3553 1425 3621 ὅρος
1454 3553 1560 3606 τῶν
1603 3554 1832 3607 Ἐλαιῶν

238 3640 488 3708 ἔρχεται,
517 3639 614 3692 καὶ
642 3641 741 3693 οὑκ
781 3641 860 3704 εἰς
890 3642 1048 3695 ἄλλον
1084 3642 1264 3705 τόπον,
1300 3643 1387 3695 ἵνα
1431 3643 1506 3712 μὴ
1537 3643 1660 3714 δόξῃ
1699 3645 1830 3713 φεύ-

240 3749 364 3798 γειν
389 3747 404 3761 ·
440 3731 503 3784 ού
534 3729 642 3802 γὰρ
666 3734 743 3795 είς
777 3731 1054 3800 ἄγνωστον
1084 3734 1247 3786 τόπον
1279 3735 1571 3803 ἀναχωρεῖ,
1600 3734 1715 3786 ἀλλ’
1751 3736 1831 3798 είς

240 3823 526 3894 γνώριμον
552 3827 663 3888 τοῖς
707 3824 982 3888 Ἰουδαίοις
1009 3841 1021 3854 ⁸
1065 3826 1180 3895 ἄμα
1209 3826 1267 3878 δὲ
1301 3827 1391 3879 καὶ
1422 3827 1701 3894 ὑποχωρεῖ
1734 3825 1834 3894 τῆς

243 3916 539 3984 μιαιφόνου
584 3917 812 3982 πόλεως,
865 3919 1266 3986 ὲγκαταλείῲας
1327 3920 1518 3989 αὐτὴν,
1573 3918 1659 3970 ἵνα
1712 3920 1832 3971 επι-

237 4009 472 4078 διωχθῇ.
506 4010 600 4062 καὶ
631 4009 829 4079 ἐλέγχῃ
861 4010 1062 4070 αὐτοὺς
1098 4008 1345 4079 ὕστερον,
1381 4010 1461 4062 ὅτι
1500 4008 1596 4062 καὶ
1621 4009 1837 4078 ὑποχω-

245 4098 450 4169 ροῦντα
481 4101 798 4153 ἐπεδίωκον.

321 4210 340 4243 ‹
394 4192 527 4243 Τότε
577 4191 724 4259 λέγει
781 4192 967 4255 αὐτοῖς
1017 4192 1043 4242 6
1096 4191 1344 4262 Ἰησοῦς*
1402 4192 1612 4256 Πάντες
1675 4194 1834 4263 ὑμεῖς

244 4283 780 4352 σκανδαλισθήσεσθε
817 4283 874 4335 ὲν
919 4283 1045 4352 ἐμοὶ
1091 4284 1149 4335 ἐν
1198 4286 1260 4351 τῇ
1304 4284 1458 4335 νυκτὶ
1506 4285 1701 4354 ταύτῃ.
1737 4283 1836 4336 Γέ-

240 4391 490 4444 γραπται
521 4375 625 4444 γάρ
652 4390 664 4404 ·
701 4373 932 4436 Πατάξω
973 4374 1064 4425 τὸ·
1111 4375 1349 4441 τοιμένα,
1383 4375 1476 4427 καὶ
1507 4375 1825 4445 διασκορπι-

242 4468 509 4535 σθήσεςαι
568 4465 636 4518 τὰ
685 4466 934 4535 πρόϐατα
987 4467 1046 4531 τί
1140 4466 1395 4536 ποίμνης.
1458 4469 1613 4520 Μετὰ
1662 4467 1714 4519 δὲ
1775 4469 1835 4520 τὸ

239 4555 540 4624 ἐγερθῆναί
587 4573 674 4626 με,
725 4557 948 4625 προάξω
994 4557 1021 4609 ύ
1092 4559 1140 4618 ἰς
1176 4558 1252 4620 εἰς
1304 4557 1401 4627 τὴν
1455 4557 1765 4610 Γαλιλαίαν.
1809 4575 1826 4608 ι

254 4647 343 4707 Ὡς
376 4645 508 4707 Θεὸς
537 4646 791 4714 προλέγει
831 4646 900 4697 τὰ
939 4647 1174 4712 ἐσόμενα
1201 4663 1213 4676 ο

238 4737 506 4789 λισθώσιν
553 4737 626 4798 ὡς
670 4738 1139 4807 κατηγορούμενοι
1182 4737 1272 4789 ὑπ’
1309 4739 1498 4801 αὑτοῦ,
1545 4756 1698 4791 ειπεν
1747 4741 1831 4794 ὅτι

241 4827 559 4894 γέγραπται
585 4841 598 4855 ο
628 4826 858 4891 Πατάξω
885 4827 971 4877 τὸν
1002 4829 1257 4896 ποιμένα,
1280 4827 1372 4879 καὶ
1403 4827 1832 4898 διασκορπισθή-

242 4936 432 4972 σονται
465 4918 531 4969 τὰ
581 4919 850 4986 πρόϐατα,
907 4920 1063 4972 τοῦτο
1135 4921 1504 4989 αἰνιττόμενος
1560 4923 1641 4973 ὅτι
1689 4922 1832 4989 Ἐγὼ

239 5013 495 5078 συνεῖχον
525 5012 691 5078 ὑμᾶς,
722 5011 781 5062 τὸ
809 5012 863 5063 δὲ
921 5011 1021 5079 ἐμὲ
1052 5013 1304 5065 ἀπελθεῖν
1335 5015 1474 5082 ὑμᾶς
1508 5017 1795 5084 σκορπίσει
1816 5031 1828 5043 ·

240 5102 487 5166 πατάξαι
523 5102 578 5155 δὲ
606 5103 822 5170 λέγεται
862 5105 889 5155 6
933 5104 1123 5174 Πατὴρ
1166 5105 1256 5158 τὸν
1294 5107 1442 5171 Υὶὸν,
1475 5106 1610 5158 διότι
1638 5108 1833 5180 γνώμῃ

242 5195 437 5253 αὑτοῦ,
493 5195 611 5264 ἦτοι
653 5197 1070 5265 παραχωρήσει,
1116 5195 1472 5264 ἐσταύρωσαν
1515 5198 1564 5248 οἱ
1590 5197 1833 5251 Ἰουδαῖοι

236 5286 333 5338 τὸν
367 5285 940 5356 Κύριονχδυνάμενος
972 5288 1078 5355 γὰρ
1115 5287 1377 5352 κωλύσαι,
1425 5283 1543 5340 εἶτα
1594 5288 1670 5359 μὴ
1721 5307 1833 5342 κω-

238 5377 434 5442 λύσας,
468 5379 684 5445 λέγεται
727 5376 966 5442 πατάξαι
995 5379 1083 5432 διὰ
1115 5381 1212 5448 τὴν
1241 5381 1662 5452 παραχώρησιν.
1700 5379 1834 5436 Εἶτα

243 5471 390 5524 λύων
428 5470 608 5524 αύτῶν
652 5471 752 5542 τὴν
802 5471 997 5542 λύπην,
1049 5473 1457 5542 εὐαγγελίζεται
1502 5475 1704 5540 αὐτοῖς,
1750 5477 1833 5528 ὅτι

258 5563 687 5632 Ἐγερθήσομαι,
715 5565 808 5618 καὶ
841 5565 1079 5635 προάξω,
1111 5566 1376 5629 τουτέστι,
1422 5567 1724 5635 προφθάσω
1753 5569 1832 5629 είς

239 5655 346 5723 τὴν
380 5655 674 5708 Γαλιλαίαν
715 5658 878 5727 ὑμᾶς,
912 5659 1172 5711 δεικνύων
1204 5659 1453 5711 ἐντεῦθεν
1482 5660 1562 5712 ὅτι
1599 5660 1696 5728 τὴν
1734 5664 1832 5728 μὲν

249 5741 616 5816 Ἰερουσαλὴμ
641 5748 1057 5818 ἐγκαταλείψει,
1088 5751 1164 5811 εἰς
1194 5750 1249 5801 δὲ
1280 5750 1345 5801 τὰ
1376 5749 1501 5820 ἔθνη
1530 5750 1831 5804 ἀπελεύσε-

237 5848 353 5888 ταιο
389 5836 488 5907 τὴν
521 5838 633 5906 γάρ
667 5839 957 5891 Γαλιλαίαν
989 5841 1192 5892 ἐθνικοὶ
1236 5842 1536 5910 κατῴκουν.

321 5947 341 5980 ι
383 5928 734 5994 Ἀποκριθεὶς
764 5931 816 5982 δὲ
867 5933 892 5982 6
941 5934 1166 5999 Πέτρος,
1219 5929 1369 5985 εἶπεν
1412 5935 1592 6003 αὐτῷ·
1634 5935 1695 5986 lii
1738 5938 1826 5986 καὶ

1857 1946 1906 2005 Β

1940 704 2085 759 nes?
2119 703 2260 759 Sunt
2304 707 2395 775 qui
2432 706 2619 761 dicant
2672 717 2893 777 propter
2937 702 3128 760 ludam
3177 706 3281 760 hoc
3305 705 3527 759 dictum.

1935 795 2104 851 Iudas
2129 799 2273 852 enim
2298 814 2494 868 panem
2527 803 2764 869 accepit,
2797 808 2852 853 et
2890 813 2994 852 non
3032 797 3287 861 comedit,
3312 800 3406 850 sed
3436 811 3529 852 oc-

1936 889 2182 955 Cttltavit,
2215 900 2275 943 ut
2313 901 2647 945 monstraret
2677 890 2881 945 Judaais
2936 890 3078 960 quod
3113 905 3303 959 panem
3330 904 3531 959 corpus

1937 993 2094 1034 suum
2126 991 2373 1036 vocasset
2402 980 2563 1037 Jesus
2593 1000 2604 1036 :
2640 980 2892 1050 poculum
2917 989 3102 1034 autem
3131 980 3336 1034 invitus
3370 978 3528 1046 bibit,

1936 1087 2057 1126 cum
2093 1088 2198 1126 non
2217 1083 2400 1142 posset
2427 1073 2723 1128 occultare.
2752 1071 3048 1142 Propterea
3091 1072 3192 1126 hoc
3220 1071 3340 1125 loco
3375 1071 3524 1125 dice-

1935 1161 2028 1216 bat
2053 1181 2065 1217 :
2095 1163 2272 1218 Bibite
2301 1179 2512 1218 omnes.
2565 1162 2725 1219 Juxta
2782 1177 3062 1232 anagogen
3097 1171 3278 1215 autem
3319 1149 3531 1228 dicunt,

1936 1256 2079 1326 quod
2108 1271 2213 1310 non
2245 1255 2319 1309 sit
2358 1256 2603 1311 omnium
2635 1255 2898 1310 accedere
2943 1256 3011 1308 ad
3059 1253 3293 1308 solidum
3326 1252 3533 1317 cibum,

1936 1347 2030 1402 sed
2079 1347 2461 1416 perfectior-um
2503 1347 2736 1401 :bibere
2772 1357 2952 1401 autem
3010 1345 3252 1400 omnium
3307 1345 3398 1398 sit.
3444 1343 3530 1399 ld-

1935 1438 2084 1493 circo
2115 1438 2214 1492 hoc
2240 1437 2358 1491 loco
2383 1437 2599 1492 dicebat
2636 1454 2650 1491 :
2692 1435 2868 1492 Bibite
2910 1450 3122 1490 omnes.
3181 1434 3531 1506 Sitnpliciora

1935 1531 2078 1584 enim
2107 1531 2358 1600 dogmata
2386 1531 2630 1600 recipere
2654 1530 2898 1604 omnium
2927 1537 3030 1584 est.

2005 1623 2172 1679 Vens.
2204 1624 2294 1678 29.
2337 1641 2356 1676 ι
2388 1623 2520 1678 Dico
2553 1631 2733 1677 autem
2755 1621 2937 1684 vobis,
2990 1619 3134 1691 quod
3176 1633 3290 1675 non
3348 1617 3531 1674 bibam

1934 1715 2173 1785 posthaec
2194 1729 2256 1768 ex
2290 1714 2389 1769 hoc
2421 1713 2600 1768 fructu
2663 1713 2810 1778 vitis,
2845 1727 3016 1781 usque
3071 1711 3124 1765 itt
3159 1712 3301 1766 diem
3356 1710 3530 1777 illum,

1933 1822 2055 1861 cum
2090 1805 2219 1859 illud
2252 1805 2431 1860 bibam
2477 1805 2763 1862 vobiscum
2821 1819 3021 1858 novum
3071 1819 3126 1857 tn
3158 1817 3324 1873 regno
3351 1802 3533 1857 Patris

1935 1897 2062 1952 mei.
2095 1915 2112 1949 ι
2152 1897 2378 1967 Sumpto
2429 1898 2624 1968 poculo
2657 1897 2938 1951 renuntiat
2973 1896 3234 1966 deinceps
3266 1893 3532 1964 corporali

1939 1989 2166 2058 potioni.
2217 1988 2424 2042 Novum
2479 1985 2658 2043 autem
2728 1989 3018 2056 promittit,
3077 1989 3127 2042 id
3184 1998 3289 2052 est,
3333 1998 3532 2040 novum

1940 2080 2226 2149 quemdam
2255 2081 2472 2135 modum
2537 2080 2868 2150 sumptionis
2899 2080 2950 2133 in
2981 2095 3171 2149 regno,
3202 2078 3305 2131 hoc
3331 2085 3414 2131 est
3476 2076 3530 2129 in

1940 2176 2361 2228 resurrectione.
2389 2173 2524 2227 Cum
2556 2174 2956 2227 resurrexisset
2989 2173 3155 2235 enim,
3215 2171 3446 2226 comedit
3473 2182 3536 2222 ac

1938 2267 2077 2322 bibit
2108 2282 2248 2322 novo
2273 2268 2506 2336 quodam
2535 2268 2694 2321 modo
2723 2281 2737 2320 :
2775 2281 2877 2319 non
2907 2266 3049 2319 enim
3077 2264 3233 2335 quasi
3267 2263 3536 2333 indigeret

1937 2357 2077 2420 cibo,
2116 2358 2453 2428 corporalem
2477 2357 2711 2426 sumpsit
2746 2357 2928 2411 cibum
2961 2374 2974 2410 :
3005 2358 3096 2410 sed
3124 2365 3181 2408 ut
3212 2353 3534 2409 crederetur

1939 2465 2070 2505 vera
2101 2449 2351 2520 corporis
2377 2458 2589 2503 natura.
2653 2447 2900 2517 Regnum
2935 2458 3115 2502 autem
3151 2448 3347 2502 merito
3378 2459 3529 2500 suam

1941 2543 2394 2599 resurrectionem
2420 2543 2705 2596 nominat:
2743 2551 2871 2597 tua:
2920 2542 3063 2595 enim
3117 2541 3351 2595 abolevit
3383 2554 3534 2593 moro

1941 2646 2072 2702 tem,
2103 2646 2158 2692 et
2193 2650 2250 2690 re
2299 2635 2412 2702 ipsa
2469 2650 2649 2705 regem
2675 2649 2735 2688 se
2788 2633 3184 2703 comprobavit.
3244 2632 3337 2685 Vel
3370 2631 3534 2685 etiam

1941 2731 2022 2785 sic
2057 2731 2323 2802 intelligas
2358 2746 2371 2784 :
2413 2730 2619 2786 Novum
2648 2728 2896 2800 poculum
2944 2725 3204 2781 revelatio
3235 2732 3312 2778 est
3345 2737 3534 2776 sacra-

1939 2833 2249 2877 mentorum
2285 2821 2402 2888 Dei,
2433 2838 2553 2892 qua:
2591 2831 2718 2875 tunc
2752 2821 2805 2874 in
2835 2834 3002 2890 regno
3044 2817 3161 2879 Dei,
3193 2816 3295 2869 hoc
3334 2824 3419 2868 est
3482 2813 3543 2866 in.

1939 2914 2883 2983 secundo‘adrcntu,{revclabuutur,
2911 2928 3027 2978 qua:
3058 2926 3186 2964 vere
3211 2917 3340 2962 sunt
3371 2921 3533 2971 nova,

1939 3007 2118 3077 qualia
2151 3022 2257 3060 non
2293 3005 2599 3060 audivimus
2626 3006 2858 3074 uspiam.
2896 3003 3163 3058 Caeterum
3220 3017 3284 3054 ea
3339 3001 3528 3054 bibere

1941 3100 2144 3153 dicitur
2184 3098 2440 3154 Christus
2482 3100 2790 3162 nobiscum,
2822 3112 2886 3152 eo
2930 3097 3076 3166 quod
3103 3103 3345 3149 nostram
3385 3090 3538 3146 utili-

1943 3201 2113 3247 tatem
2148 3192 2327 3246 cibum
2365 3200 2414 3244 et
2440 3199 2625 3261 potum
2665 3205 2820 3244 suum
2850 3187 3144 3241 existimat.

2010 3365 2176 3421 Vens.
2219 3366 2307 3422 50.
2347 3386 2365 3418 ‹
2400 3367 2464 3421 Et
2499 3382 2620 3420 cum
2657 3366 2921 3434 hymnum
2966 3364 3253 3428 dixissent,
3287 3363 3538 3417 exierunt

1937 3458 1990 3512 in
2019 3468 2255 3511 montem
2280 3457 2575 3511 Olivarum.
2611 3474 2628 3507 ι
2662 3457 2954 3524 Postquam
2982 3463 3359 3520 cmnaverunt,
3387 3457 3537 3524 byt-t-

1935 3567 2064 3604 num
2104 3550 2406 3604 dixerunt:
2440 3557 2499 3603 ut
2549 3550 2822 3603 discamus
2854 3559 2908 3603 et
2958 3563 3058 3602 nos
3101 3549 3181 3602 sic
3226 3547 3429 3601 facere.
3477 3546 3537 3601 In

1936 3654 2172 3696 montem
2206 3642 2484 3696 Olivarum
2517 3641 2686 3704 venit,
2721 3651 2773 3693 et
2801 3657 2906 3692 mu
2935 3641 2988 3694 in
3020 3640 3186 3694 alium
3226 3639 3428 3702 locum,
3469 3654 3536 3693 ne

1936 3743 2219 3802 putaretur
2256 3733 2443 3802 fugere
2480 3750 2493 3784 :
2531 3749 2634 3786 non
2671 3733 2814 3786 enim
2843 3732 2895 3784 in
2943 3732 3191 3800 ignotum
3244 3731 3423 3785 locum
3448 3744 3537 3783 se-

1935 3829 2101 3892 cedit,
2139 3826 2234 3880 sed
2260 3826 2313 3879 in
2345 3840 2466 3880 eum
2501 3825 2592 3893 qui
2656 3823 2857 3879 Jndaris
2896 3835 3056 3877 notus
3114 3833 3252 3877 erat.
3314 3821 3534 3877 Secedit

1937 3929 2120 3973 autem
2151 3933 2178 3971 a
2211 3918 2560 3986 sanguinaria
2592 3919 2840 3981 civitate,
2880 3932 3042 3986 quam
3075 3916 3296 3984 reliquit
3327 3925 3384 3968 ut
3407 3931 3535 3983 per-

1941 4011 2279 4064 secutionem
2315 4012 2574 4077 patiatur,
2609 4021 2666 4064 et
2712 4019 2908 4079 arguat
2963 4010 3081 4064 illos
3127 4019 3315 4077 postea
3348 4009 3439 4077 qui
3485 4016 3539 4062 et

1939 4104 2219 4157 cedentem
2255 4103 2505 4156 insectati
2543 4103 2766 4156 fuerint.

2009 4193 2170 4248 Vens.
2198 4195 2289 4255 Si,
2316 4193 2404 4247 5‘2.
2443 4213 2460 4244 ι
2497 4196 2651 4247 Tunc
2676 4195 2808 4248 dicit
2841 4195 2946 4248 illis
2974 4193 3136 4249 Jesus
3170 4213 3181 4248 :
3213 4193 3414 4248 Omnes
3439 4207 3538 4247 vos

1936 4286 2256 4340 scandalum
2295 4288 2572 4356 patiemini
2627 4303 2723 4357 per
2774 4302 2860 4341 me
2906 4287 2958 4340 in
3014 4287 3118 4340 ista
3165 4293 3344 4340 nocte.
3388 4282 3539 4338 Scri-

1936 4387 2091 4446 ptum
2116 4385 2196 4431 est
2219 4377 2393 4440 enim,
2413 4375 2719 4431 Percutiam
2757 4386 3057 4446 pastorem,
3085 4385 3138 4428 et
3159 4375 3539 4444 dispergentur

1937 4483 2067 4522 oves
2091 4469 2290 4538 gregis.
2338 4469 2634 4537 Postquam
2673 4479 2852 4522 autem
2901 4482 3271 4531 resurrexero,
3329 4480 3537 4535 prmce-

1939 4561 2060 4612 tlatn
2091 4562 2256 4614 vosin
2283 4559 2584 4616 Galiheam.
2621 4579 2640 4611 ›
2684 4559 2886 4614 Futura
2925 4572 3184 4630 tanquam
3212 4561 3535 4626 Deusprae-

1266 4647 1352 4698 ἵνα
1399 4647 1455 4698 δὲ
1491 4647 1564 4715 μὴ
1598 4648 1831 4701 σκανδα-

1944 4651 2095 4706 dicit.
2130 4650 2193 4704 Et
2219 4660 2276 4704 ut
2309 4667 2416 4704 non
2450 4650 2794 4705 oﬂ'endantur
2824 4651 2976 4718 quasi
3013 4655 3080 4705 ab
3107 4653 3226 4720 ipso
3249 4653 3539 4705 acriusac-

1945 4743 2145 4798 cusati.
2172 4740 2305 4794 dixit
2335 4742 2596 4806 scriptum
2624 4755 2743 4794 esse
2772 4763 2783 4796 :
2826 4740 2991 4811 15.8
3014 4741 3320 4794 Parentium
3356 4750 3539 4808 pasto-

1946 4851 2082 4897 rem,
2109 4843 2163 4887 et
2186 4834 2585 4902 dispergentut;
2610 4847 2740 4886 oves
2789 4836 2989 4902 gregis,
3031 4834 3133 4886 hoc
3187 4833 3480 4886 insinuans
3517 4850 3530 4886 :

1948 4927 2056 4994 Ego
2088 4927 2344 4981 contineo
2380 4942 2500 4989 vos,
2529 4939 2683 4980 urens
2701 4936 2881 4980 autem
2903 4927 3178 4979 discessus
3203 4941 3298 4980 vos
3326 4928 3538 4994 disper-

1945 5029 2053 5087 get.
2090 5019 2378 5072 Pcrcutere
2405 5028 2586 5071 autem
2613 5019 2814 5071 dicitur
2846 5019 3009 5072 Pater
3041 5016 3264 5080 Filium,
3285 5032 3349 5069 eo
3391 5017 3537 5084 qum!

1943 5112 2241 5172 voluntate,
2269 5112 2369 5165 hoc
2411 5119 2494 5165 est
2527 5111 2887 5179 permissione
2938 5114 3078 5175 ejus,
3143 5110 3540 5181 qrucifixeruut

1942 5200 2109 5256 Judzei
2140 5200 2423 5256 Dominum
2462 5221 2474 5255 :
2509 5203 2636 5270 quia
2676 5217 2798 5256 cum
2835 5203 2950 5270 ipse
2983 5203 3155 5270 possit
3191 5217 3286 5256 eos
3341 5201 3535 5267 probi.

1945 5295 2072 5348 here
2125 5305 2179 5349 et
2229 5309 2334 5347 non
2386 5295 2660 5364 prohibet,
2702 5294 2904 5349 dicitur
2947 5304 3234 5362 percutere
3295 5302 3526 5362 pmpter

1945 5385 2385 5455 permissionem.
2461 5385 2668 5440 Deinde
2716 5385 2937 5440 solvens
2981 5399 3169 5444 eorum
3231 5384 3535 5449 triStitiam,

1945 5473 2283 5543 evangelizat
2311 5474 2427 5528 eis:
2461 5475 2758 5546 Resurgam
2791 5485 2844 5529 et
2875 5475 3099 5543 praeibo,
3134 5475 3238 5528 hoc
3264 5484 3366 5538 est,
3399 5489 3540 5543 prte—

1944 5569 2162 5624 veniam
2191 5583 2287 5622 vos
2324 5569 2374 5623 in
2406 5569 2710 5636 Galilazam,
2745 5569 2990 5623 indicans
3028 5571 3125 5623 ho:-
3153 5569 3271 5622 loco
3313 5566 3536 5622 relictu-

1947 5677 2064 5714 rum
2106 5677 2164 5716 se
2186 5659 2514 5725 Jerusalem,
2558 5671 2613 5715 ct
2642 5665 2707 5714 ad
2754 5671 2942 5729 gentes
2973 5675 3383 5716 concessurtun.
3429 5655 3539 5715 Ga-

1944 5757 2138 5810 lilream
2172 5757 2314 5808 enim
2343 5754 2574 5825 gentiles
2606 5755 2931 5809 inhabitant.

2021 5933 2180 5987 Vens.
2218 5934 2308 5997 5'5,
2347 5934 2415 5989 δι
2481 5953 2498 5985 ι
2542 5931 2900 6004 Respondens
2936 5945 3111 5988 autem
3144 5935 3335 5987 l‘ctrus
3398 5930 3534 5986 dixit
