4028 6574
584 432 689 498 ιιτ

1426 422 1999 488 τΗΕοΡΗηΑετΙ
2038 420 2447 483 ΒυιοΑιιΙΑῑ
2486 421 2845 483 ΑΠΟΗΙΕΡ.

3723 412 3821 477 ιιι

587 547 667 603 1111
709 571 720 605 ε
750 545 865 603 Etsi
902 558 1090 603 omnes
1125 539 1481 599 scandalisati
1522 541 1723 595 fuerint
1749 542 1802 595 in
1831 551 1903 605 te.
1937 554 2040 611 ego
2070 550 2150 596 ta-

2264 540 2458 601 πάντες
2514 536 3063 607 σκανδαλισθήσονται
3121 534 3180 589 έν
3240 534 3345 599 σοὶ,
3398 530 3512 600 έγῶ
3566 528 3818 583 οὐδέποτε

591 654 714 693 men
744 651 1013 707 nunquam
1048 634 1358 690 scandalum
1394 634 1588 703 patiar.
1644 631 1781 687 Dicit
1804 632 1878 686 illi
1944 630 2101 688 Jesus
2134 650 2147 687 :

590 728 760 785 Amen
782 731 902 781 dico
931 726 1028 801 tibi
1054 724 1195 795 quod
1214 726 1268 780 in
1302 727 1401 781 hac
1420 735 1594 787 nocte,
1623 723 1943 794 priusquam
1981 724 2155 793 gallus

590 827 789 880 cantet,
819 826 1011 887 ter.me
1040 816 1287 890 negabis.
1327 833 1347 869 s
1386 812 1467 871 Ob
1503 814 1724 868 multam
1762 816 1960 870 mentis
1989 816 2157 870 conti-

588 909 823 963 dentiam
859 906 1051 963 Petrus
1083 907 1229 962 solus
1261 906 1611 976 pollicebatur
1656 919 1714 959 se
1736 920 1842 959 non
1880 906 2154 960 scandali-

589 1005 771 1053 zatum
805 998 893 1063 iri,
923 1007 975 1053 et
999 997 1200 1052 idcirco
1214 995 1461 1066 permisit
1490 996 1636 1050 illuni
1658 994 1909 1051 Christus
1933 997 2152 1061 cadere,

588 1100 649 1145 ut
676 1090 865 1145 doceat
888 1105 952 1143 ne
975 1089 1098 1159 quis
1120 1089 1173 1142 in
1206 1089 1384 1157 seipso
1405 1087 1664 1151 conﬁdat.
1696 1089 1789 1143 secl
1824 1088 1875 1142 in
1911 1088 2021 1144 Deo
2058 1106 2073 1143 :
2100 1098 2155 1145 et

590 1179 695 1234 lide
721 1180 967 1250 digniora
999 1180 1355 1234 existimanda
1391 1179 1551 1234 verba
1586 1179 1809 1243 Christi,
1847 1193 2007 1247 quam
2060 1196 2158 1235 no-

590 1282 759 1327 stram
795 1271 1219 1325 conscientiam:
1276 1269 1531 1339 quoniam
1553 1278 1609 1323 et
1648 1270 1898 1337 superbia
1936 1270 2154 1341 plenum

588 1368 706 1417 erat
748 1361 929 1416 dicere
968 1378 981 1415 :
1023 1381 1041 1413 ι
1078 1362 1133 1415 Si
1161 1376 1348 1417 omnes
1369 1360 1719 1415 scantlalizati
1751 1360 1971 1417 fuerint;
2014 1380 2032 1414 ι
2058 1362 2158 1418 0s-

592 1448 1000 1502 tentlitur'euim
1029 1463 1147 1503 esse
1171 1463 1433 1519 arrogans
1482 1459 1534 1503 et
1564 1450 1812 1518 ignorans
1832 1466 1984 1506 suam
2009 1452 2157 1507 infir-

589 1538 847 1597 unitatem.
895 1538 1147 1595 Pradielt
1192 1540 1354 1609 igitur
1392 1540 1651 1597 Dominus
1702 1542 1777 1597 illi
1830 1554 1886 1600 et
1937 1544 2153 1611 horam,

595 1629 820 1699 quodin
858 1630 945 1685 illa
972 1640 1148 1698 nocte,
1178 1641 1231 1686 et
1270 1632 1581 1703 priusquam
1614 1634 1789 1704 gallus
1846 1644 2029 1691 cantet
2054 1674 2071 1700 .
2100 1645 2158 1692 et

591 1736 875 1777 numerum
930 1724 1299 1795 negationum,
1332 1738 1529 1796 nempe
1560 1728 1704 1798 quod
1752 1733 1836 1782 ter
1871 1737 2157 1800 negaturus

2255 630 2803 699 σκανδαλισθήσομαι.
2858 628 3000 697 Ἰζφη
3059 624 3208 695 αὖτῷ
3258 627 3285 679 6
3344 620 3594 693 Ἰησοῦς·
3653 620 3823 688 ’Δμην

2254 724 2396 789 λέγω
2424 738 2505 775 σοι
2529 721 2610 775 ὅτι
2637 724 2694 775 έν
2720 718 2891 789 ταύτῃ
2927 720 2994 787 τῇ
3021 717 3198 779 νυκτὶ,
3239 717 3369 784 πρὶν
3412 714 3683 781 ἀλέκτορα
3714 727 3825 775 φυ-

2255 814 2435 883 νῆσσι,
2468 813 2589 883 τρὶς
2617 812 2911 883 ἀπαρνήσῃ
2950 826 3041 879 με.
3071 826 3091 862 ι
3133 806 3272 862 Ὑπὸ
3304 806 3508 875 πολλῆς
3536 800 3824 863 αὐθαδείας

2254 904 2283 956 6
2313 904 2514 974 Πέτρος
2547 902 2704 971 μόνος
2730 902 3070 969 ὑπισχνεῖται
3103 898 3178 969 μὴ
3218 896 3683 963 πανδαλισθῆναι
3706 909 3720 921 ·
3746 893 3824 946 διδ

2256 996 2437 1050 είασεν
2462 994 2625 1049 αὐτὸν
2651 996 2679 1048 6
2702 992 2936 1062 Χριστὸς
2962 992 3170 1054 πεσεῖν,
3215 992 3303 1043 ῐνα
3343 989 3508 1060 πείσῃ
3539 987 3614 1056 μὴ
3648 984 3825 1052 ἐαυτῷ

2257 1087 2499 1159 θαρρεῖν.
2534 1086 2671 1139 ἀλλά
2714 1084 2792 1151 τῷ
2835 1083 2977 1155 Θεῷ,
3026 1082 3122 1137 καὶ
3172 1082 3521 1149 πιστοτέρους
3571 1076 3823 1148 ἡγείσθαι

2255 1179 2384 1243 τοὺς
2428 1176 2519 1232 τοῦ
2550 1176 2785 1247 Χριστοῦ
2825 1176 3015 1244 λόγους
3051 1177 3151 1244 τῆς
3184 1174 3393 1235 οίκείας
3422 1170 3780 1239 συνειδήσεως
3805 1184 3819 1199 ·

2257 1270 2377 1325 snsi
2425 1270 2517 1324 καὶ
2573 1268 2872 1341 ὑπεροψίας
2913 1268 3074 1337 γέμει
3101 1266 3171 1321 τὸ
3215 1266 3428 1318 είπειν·
3484 1282 3503 1314 ι
3530 1262 3595 1315 Ei
3626 1260 3823 1323 πάντες

2260 1361 2805 1431 σκανδαλισθήσονται
2830 1377 2846 1391 ·
2878 1378 2898 1413 s
2943 1360 3189 1413 δείκνυσι
3223 1355 3334 1426 γὰρ
3364 1354 3525 1408 αὑτὸν
3567 1354 3823 1416 ἀλαζόνα,

2258 1454 2355 1509 καὶ
2384 1452 2460 1524 μὴ
2499 1452 2929 1522 ἀπιγινώσκοντα
2958 1449 3057 1521 τὴν
3085 1448 3290 1502 οίκείαν
3332 1445 3648 1501 ἀσθένειαν.
3685 1443 3823 1513 Προ-

2258 1548 2404 1615 λέγει
2436 1542 2530 1600 οὖν
2558 1545 2709 1616 αὐτῷ
2733 1546 2762 1598 6
2791 1543 2993 1614 Κύριος
3017 1542 3111 1595 καὶ
3141 1540 3237 1611 τὴν
3263 1539 3431 1610 ὥραν,
3456 1540 3540 1591 ὅτι
3576 1538 3634 1587 ὲν
3655 1535 3824 1605 ταύτῃ

2254 1642 2322 1711 τῇ
2364 1638 2538 1701 νυκτὶ,
2587 1638 2684 1691 καὶ
2727 1637 2858 1706 πρὶν
2894 1635 2927 1705 ἢ
2966 1634 3234 1704 ἀλέκτορα
3290 1630 3562 1701 φωνῆσαι,
3606 1630 3701 1681 καὶ
3742 1629 3827 1680 τιν

2257 1728 2490 1801 ἀριθμὸν
2511 1726 2621 1782 τῶν
2653 1726 2956 1798 ἀρνήσεων,
2986 1725 3068 1779 ὅτι
3097 1725 3163 1778 ix
3188 1720 3370 1793 τρίτου
3406 1721 3725 1790 ἀρνήσεται.

662 1902 826 1959 Vsus.
856 1903 1041 1959 55-36.
1074 1924 1093 1956 ε
1132 1904 1357 1961 Dicitilll
1384 1905 1577 1963 Petrus
1604 1928 1615 1963 :
1648 1908 1870 1965 Etiamsi
1905 1921 2157 1981 oportue-

2334 1925 2353 1959 ι
2392 1906 2559 1975 Λέγει
2590 1902 2739 1971 αὑτῷ
2764 1902 2793 1954 6
2825 1900 3047 1970 Πέτρος·
3081 1898 3203 1953 Κάν
3230 1897 3333 1979 δέῃ’
3364 1914 3431 1967 με
3461 1894 3558 1947 σὺν
3584 1894 3669 1947 σοὶ
3700 1894 3831 1945 ato-

592 1992 665 2045 rit
700 2007 784 2047 me
805 1994 940 2047 mori
974 2003 1169 2058 tecum,
1196 1992 1505 2064 neutiquam
1540 2005 1591 2052 te
1626 1998 1848 2067 negabo.
1892 1998 2155 2056 Similiter

592 2092 769 2135 autem
801 2092 854 2134 et
881 2096 1067 2136 omnes
1088 2082 1332 2153 discipuli
1376 2084 1643 2142 dicebant.
1679 2085 1829 2143 Tunc
1898 2091 2039 2143 venit
2068 2088 2157 2145 Je-

591 2185 686 2225 sus
714 2186 835 2224 cum
891 2170 997 2224 illis
1048 2173 1098 2226 in
1132 2174 1309 2227 villam
1363 2190 1484 2244 qua:
1523 2176 1721 2231 dicitur
1769 2179 2153 2245 Getbsemane,

591 2270 644 2317 et
681 2262 813 2316 dixit
842 2262 1153 2331 discipulis:
1188 2264 1381 2320 Sedete
1403 2267 1491 2341 hic
1515 2269 1685 2324 donec
1710 2271 1901 2345 Vadam
1925 2280 1980 2326 et
2006 2286 2153 2327 orem

594 2351 722 2407 illic.
760 2370 778 2403 ι
822 2353 1011 2408 Petrus
1035 2356 1319 2424 genuinam
1355 2371 1504 2412 suam
1533 2357 1867 2415 aﬂ‘ectionem
1887 2362 2159 2419 declarare

595 2444 801 2509 volens,
830 2446 1427 2502 contradicitSulvalori
1464 2466 1477 2502 :
1512 2451 1769 2508 liberatus
1790 2454 1932 2507 enim
1969 2468 1999 2507 a
2029 2468 2153 2523 pro-

593 2534 811 2589 ditionis
850 2546 1015 2601 metu,
1042 2550 1107 2589 ex
1140 2552 1333 2607 magno
1370 2554 1553 2596 sutore
1584 2551 1638 2599 et
1661 2543 1949 2600 ambitione
1995 2548 2161 2616 capit

590 2636 646 2680 οι
672 2630 860 2679 contra
886 2624 1005 2679 illos
1032 2624 1333 2709 insurgere,
1377 2636 1431 2682 et
1462 2630 1680 2686 Christo
1726 2633 1976 2688 reluctari
2006 2652 2020 2687 :
2062 2637 2157 2691 sed

589 2723 645 2769 et
670 2714 759 2768 alii
819 2715 1072 2783 discipuli
1126 2718 1359 2771 nondum
1428 2721 1633 2789 experti
1687 2724 2032 2791 tentationes,
2086 2740 2159 2781 ex

593 2807 889 2877 ignorantia
914 2807 1133 2875 polliciti
1166 2818 1293 2863 sunt
1334 2824 1452 2878 quae
1510 2821 1765 2878 praestare
1821 2829 1926 2869 non
1965 2826 2155 2888 potue-

600 2910 746 2955 runt.
803 2898 1076 2952 Transivit
1112 2909 1287 2955 autem
1324 2900 1569 2958 Christus
1600 2902 1654 2957 in
1697 2903 1876 2960 locum
1915 2921 2158 2962 seorsum

596 3000 867 3046 oraturus.
910 2989 1034 3046 Otio
1080 2991 1221 3045 enim
1250 3002 1301 3047 et
1332 2995 1754 3063 sequestratione
1784 3012 1919 3069 opus
1965 3000 2162 3055 habent

574 3098 799 3153 preces.

677 3175 1061 3272 Veniam-39.
1115 3202 1132 3233 ι
1184 3182 1248 3237 Et
1296 3190 1573 3251 assumpto
1620 3183 1780 3236 Petro
1845 3194 1900 3237 et
1954 3183 2233 3272 duobusc

598 3266 726 3323 filiis
785 3268 1049 3335 Zebetla-l,
1080 3274 1241 3342 cmpit
1272 3274 1407 3327 allici
1462 3276 1642 3328 dolore
1678 3290 1741 3329 ac
1772 3274 2159 3329 marstitudine.

598 3357 749 3414 Tunc
773 3360 903 3416 dicit
940 3363 1044 3419 illis
1073 3363 1251 3429 Jesus,
1277 3366 1471 3421 Tristis
1503 3377 1585 3420 est
1640 3368 1817 3420 anima
1859 3382 1973 3421 mea
1993 3382 2162 3436 usque

596 3451 663 3505 ad
725 3463 973 3509 mortem.
1019 3454 1233 3512 Maneto
1280 3457 1388 3521 hic,
1422 3469 1473 3511 et
1527 3459 1745 3527 vigilate
1801 3474 2030 3514 mecum.
2099 3460 2164 3515 Et

595 3556 914 3613 progressus
961 3534 1235 3614 pusillum.
1323 3548 1551 3617 procidit
1614 3548 1666 3603 iu
1738 3549 1927 3603 faciem
1986 3564 2161 3616 suam,

599 3647 762 3688 orans
789 3641 843 3688 et
870 3634 1051 3691 dicens
1088 3654 1101 3691 :
1127 3636 1286 3692 Pater
1314 3640 1406 3702 mi,
1445 3639 1489 3693 si
1516 3640 1770 3706 possibile
1795 3648 1897 3704 est.
1928 3649 2165 3695 transeat

601 3736 631 3777 a
659 3738 743 3778 me
771 3725 910 3779 calix
964 3726 1085 3782 iste.
1138 3726 1519 3785 Verumtamen
1564 3745 1672 3785 non
1716 3730 1859 3785 sicut
1896 3743 1998 3799 ego
2022 3731 2164 3793 volo.

602 3814 698 3871 sed
726 3815 867 3871 sicut
891 3824 969 3872 tu.
1004 3836 1023 3871 ι
1062 3817 1179 3873 Non
1209 3833 1398 3874 omnes
1453 3820 1674 3875 assumit
1730 3821 2041 3890 discipulos,
2071 3822 2166 3875 sed

604 3916 716 3963 tres
744 3916 970 3975 tantum,
1003 3910 1201 3979 quibus
1246 3911 1557 3966 ostenderat
1611 3911 1834 3980 gloriam
1881 3912 1934 3965 iu
1980 3920 2163 3965 monte

601 3996 961 4056 'I‘babor:ne
982 4016 1102 4057 eum
1150 4002 1413 4057 vidissent
1440 4016 1565 4056 eum
1618 4014 1861 4057 orantem
1916 4009 1971 4055 et
2027 4001 2169 4057 labo-

603 4101 833 4159 rantem,
886 4092 1407 4149 scandalizarentur.
1441 4095 1708 4149 Cisterum
1739 4100 1789 4147 et
1849 4094 1967 4148 illos
2001 4092 2167 4147 relin-

601 4184 746 4254 quit.
769 4193 823 4241 et
857 4184 1042 4239 abitin
1075 4185 1495 4240 secretissimum
1526 4183 1721 4248 locum,
1753 4197 1816 4237 ac
1836 4191 1971 4237 orat.
1999 4182 2169 4238 Ρυπο

604 4274 748 4347 quod
773 4281 996 4329 maestus
1020 4285 1102 4330 est
1130 4282 1185 4329 et
1234 4273 1419 4329 dolore
1459 4273 1708 4335 adicitur.
1765 4288 1859 4343 per
1886 4273 2169 4344 dispensa-

607 4366 809 4422 tionem
840 4365 1026 4432 ticbat,
1063 4376 1121 4418 ut
1174 4367 1428 4420 credatur
1479 4378 1640 4420 verus
1672 4379 1794 4420 esse
1831 4365 2010 4421 homo.
2052 4366 2169 4420 lin-

605 4473 778 4513 mana:
806 4459 947 4513 enim
992 4466 1198 4512 natura:
1237 4467 1319 4512 est
1361 4457 1551 4511 timere
1590 4469 1839 4522 mortem,
1898 4473 1965 4513 eo
2023 4457 2165 4527 quod

610 4547 772 4619 ιω
813 4558 1007 4618 przeter
1041 4556 1289 4602 naturam
1320 4548 1556 4618 ingressa
1609 4557 1692 4602 est
1727 4560 1895 4612 mors,
1924 4558 1977 4601 et
2005 4562 2165 4617 prop—
2197 4536 2240 4592 D

617 4649 760 4693 terea
784 4638 926 4691 illam
967 4638 1097 4706 fugit
1137 4645 1351 4701 natura,
1384 4638 1511 4691 item
1544 4644 1604 4690 ut
1655 4638 1864 4705 ignoret
1904 4637 2168 4701 diabolus,

607 4735 668 4781 et
699 4725 917 4780 invadat
954 4740 1075 4779 eum
1104 4736 1164 4779 ut
1200 4741 1391 4794 purum
1428 4725 1719 4785 hominem,
1758 4740 1865 4795 quo
1899 4736 2069 4780 morte
2093 4727 2172 4794 ip.

604 4831 726 4873 sum
755 4816 1023 4881 conficiat,
1050 4826 1104 4871 et
1130 4817 1209 4870 sic
1240 4826 1573 4871 conteratur.
1606 4814 1696 4872 Vel
1740 4816 1916 4879 aliter.
1954 4815 2010 4871 Si
2068 4817 2175 4871 Do-

611 4908 789 4963 minus
816 4908 867 4962 in
898 4919 1121 4962 mortem
1154 4907 1452 4970 insiliisset,
1490 4910 1729 4963 dedisset
1782 4907 1981 4962 .lmla-is
2006 4924 2175 4963 excu-

610 4999 869 5053 sationem
907 4999 1047 5068 quod
1105 5013 1207 5052 nou
1241 5010 1575 5065 peccassent,
1598 5001 1739 5069 quod
1774 5002 1845 5053 ita
1879 5000 2013 5054 citra
2052 5016 2165 5055 me-

615 5098 727 5146 tum
764 5089 826 5142 ad
852 5102 1074 5143 mortem
1108 5088 1450 5158 prosiliisset.
1478 5088 1555 5143 Ex
1600 5091 1699 5145 hoc
1736 5092 1861 5146 item
1917 5091 2174 5147 discimus

612 5194 681 5236 ne
711 5194 807 5234 nos
832 5179 926 5247 ipsi
958 5178 1011 5233 in
1038 5180 1382 5233 tentationem
1414 5179 1733 5247 injiclamus,
1770 5182 1863 5236 sed
1894 5196 2177 5250 precemur

611 5281 668 5325 ut
699 5272 985 5325 liberemur
1005 5271 1071 5323 ab
1099 5269 1198 5324 eis.
1235 5269 1297 5323 Et
1324 5279 1597 5339 prOpterea
1627 5288 1733 5327 non
1789 5273 1945 5342 longa
1970 5273 2178 5331 distan-

615 5360 686 5415 tia
717 5376 744 5413 ιι
773 5359 1047 5427 discipulis
1116 5360 1473 5429 progreditur,
1512 5362 1605 5415 sed
1664 5376 1827 5432 prope
1858 5374 1967 5418 tres
2006 5364 2173 5418 disci-

613 5452 769 5521 pulos
805 5460 1007 5512 manet,
1040 5460 1097 5503 ut
1123 5452 1406 5505 audientes
1439 5467 1557 5505 eum
1597 5468 1864 5509 memores
1902 5454 2013 5509 sint
2042 5464 2101 5508 ut
2122 5462 2176 5508 et

541 5572 547 5580 -
615 5542 716 5609 ipsi
744 5543 795 5595 iu
826 5541 1206 5597 tentationihus
1235 5541 1435 5610 delapsi
1464 5554 1750 5611 precentur
1770 5545 2043 5599 similiter.
2071 5543 2175 5599 Ca-

614 5628 771 5685 licem
799 5645 923 5685 vero
957 5632 1254 5699 passionem
1282 5632 1542 5698 nominat,
1571 5633 1651 5685 vel
1683 5646 1895 5702 propter
1927 5651 2173 5689 somnum

615 5736 777 5789 quem
802 5722 950 5788 facit,
973 5723 1052 5777 vel
1078 5724 1218 5791 quod
1252 5722 1450 5777 laetitia:
1472 5738 1630 5777 causa
1663 5725 1731 5778 sit
1753 5740 1813 5777 ac
1850 5736 2045 5781 nostra:
2084 5743 2174 5781 sa-

613 5812 766 5867 lutis.
800 5812 920 5868 Vult
950 5823 1128 5869 autem
1192 5814 1471 5869 transferri
1497 5813 1738 5878 calimtm,
1772 5817 1853 5872 vel
1905 5828 1962 5872 ut
2026 5834 2176 5875 mou-

2255 1997 2457 2065 θανεῐν,
2489 1998 2549 2051 οὐ
2583 1996 2656 2066 μή
2693 2010 2750 2047 σε
2777 1993 3205 2063 ἀπαρνήσωμαι.
3234 1988 3467 2059 Ὁμοίως
3494 1988 3552 2041 δὲ
3581 1988 3676 2040 καὶ
3700 1987 3830 2038 uda-

2254 2107 2345 2153 τες
2375 2091 2424 2142 oi
2460 2087 2697 2160 μαθηταὶ
2747 2082 2919 2139 εἷπον.
2969 2084 3102 2137 Τότε
3155 2084 3374 2152 ἔρχεται
3428 2083 3545 2149 μετ’
3594 2077 3830 2133 αὐτῶνθ

2267 2180 2474 2250 Ἰησοῦς
2501 2180 2580 2242 είς
2613 2178 2809 2249 χωρίον
2854 2177 3141 2245 λεγόμενον
3178 2176 3528 2242 Γεθσημανὴ,
3562 2171 3660 2225 καὶ
3686 2170 3830 2238 λέγει

2254 2275 2366 2335 τοῖς
2415 2265 2681 2343 μαθηταῖς
2708 2287 2723 2301 ·
2779 2269 3054 2323 Καθίσατε
3093 2266 3281 2331 αὑτοῦ,
3316 2265 3423 2327 ἓως
3469 2256 3530 2317 οὗ
3579 2260 3830 2317 ἀπελθὼν

2255 2362 2621 2435 προσεύξομαι
2654 2361 2785 2413 ἐκεῖ.
2818 2378 2834 2410 ι
2876 2358 2935 2413 '0
2965 2358 3167 2427 Πέτρος
3193 2356 3361 2410 θέλων
3391 2353 3727 2419 ἐνδείξασθαι
3754 2353 3832 2405 ὅτι

2256 2455 2483 2523 γνησίαν
2518 2452 2629 2521 εχει
2660 2450 2915 2511 διάθεσιν,
2964 2447 3234 2513 ἀντιλέγει
3263 2444 3342 2512 τῷ
3388 2446 3623 2513 Σωτῆρι·
3653 2443 3830 2496 ἀπαλ-

2256 2544 2439 2611 λαγεὶς
2469 2544 2577 2613 γὰρ
2602 2540 2695 2593 τοῦ
2719 2540 2805 2593 διὰ
2838 2539 2935 2610 τὴν
2965 2538 3263 2605 προδοσίαν
3306 2534 3491 2603 φόϐου,
3533 2536 3597 2586 in
3632 2532 3831 2599 πολλῆς

2257 2637 2476 2705 ἀγάπης
2503 2636 2594 2687 καὶ
2624 2632 2930 2704 φιλοτιμίας
2972 2630 3173 2703 ἡρξατο
3208 2627 3303 2680 καὶ
3326 2625 3456 2681 ,τῶν
3486 2624 3665 2677 ἀλλων
3702 2639 3831 2676 ιστ-

2256 2725 2660 2791 εξανίστασθαι,
2724 2724 2819 2777 καὶ
2867 2724 2944 2793 τῷ
2993 2719 3217 2792 Χριστῷ
3264 2715 3662 2773 ἀνθίστασθαι·
3702 2712 3831 2766 ἀλλά

2256 2820 2352 2875 καὶ
2372 2821 2422 2872 oi
2454 2818 2630 2871 λοιποὶ
2653 2817 2895 2887 μαθηταὶ
2941 2814 3049 2868 ἀπὸ
3078 2812 3300 2881 ἀγνοίας
3337 2806 3698 2879 ὑπισχνοῦντο
3726 2805 3833 2875 πρὸ

2257 2912 2358 2981 τῆς
2380 2910 2488 2963 τῶν
2511 2907 2829 2979 πειρασμῶν
2856 2906 3073 2974 πείρας,
3098 2904 3134 2958 ἀ
3158 2904 3258 2957 οὐκ
3275 2899 3500 2972 έμελλον
3524 2898 3830 2953 τελειῶσαι.

2271 3002 2597 3072 ’Δπέρχεται
2623 2999 2680 3053 δι
2716 2999 2821 3070 ίδίᾳ
2869 2995 3319 3068 προσευξόμενος.
3360 2991 3566 3064 Σχολῆς
3602 2993 3713 3062 γὰρ
3744 2990 3836 3044 καὶ

2263 3092 2515 3162 ἰδιασμοῦ
2549 3093 2717 3144 δεῖται
2746 3091 2778 3159 ή
2808 3090 3105 3159 προσευχὴ.

2339 3205 2357 3238 ι
2391 3187 2500 3240 Καὶ
2533 3181 2866 3253 παραλαϐὼν
2891 3181 2981 3234 τδν
3028 3180 3231 3249 Πέτρον
3261 3178 3354 3233 καὶ
3382 3178 3508 3240 τοὺς
3562 3175 3658 3230 δύο
3685 3176 3837 3238 υίους

2265 3277 2574 3340 Ζεϐεδαίου,
2616 3274 2818 3345 ἤρξατο
2860 3270 3148 3325 λυπεῖσθαι
3198 3273 3293 3323 καὶ
3328 3270 3638 3339 ἀδημονεῖν
3670 3284 3684 3299 ·
3714 3266 3837 3319 τότε

2266 3372 2413 3439 λέγει
2430 3370 2609 3431 αὐτοῖς
2632 3384 2647 3399 ·
2678 3365 2985 3436 Περίλυπός
3008 3365 3208 3432 ἀστινη
3238 3362 3383 3432 ψυχή
3415 3378 3517 3431 μου
3543 3360 3651 3423 ῑως
3676 3359 3841 3415 θανά-

2263 3478 2396 3517 του·
2435 3460 2653 3529 μείνατε
2696 3454 2797 3511 ὦδε
2837 3457 2930 3510 καὶ
2976 3456 3297 3526 γρηγορεῖτε
3350 3453 3466 3523 μετ’
3515 3451 3694 3523 ἁμοῦ·
3745 3449 3842 3505 καὶ

2266 3547 2541 3620 προελθὼν
2569 3545 2783 3618 μικρὸν,
2809 3544 3001 3597 Ῑπεσεν
3027 3543 3120 3595 ἐπὶ
3149 3542 3438 3614 πρόσωπον
3458 3541 3646 3605 αὐτοῦ,
3672 3556 3845 3612 προσ-

2267 3640 2562 3710 ευχόμενος
2598 3640 2692 3689 καὶ
2730 3637 2902 3703 λέγων
2924 3649 2939 3665 ·
2973 3634 3157 3704 Πάτερ
3187 3652 3312 3704 μου,
3343 3635 3393 3686 εἰ
3418 3633 3645 3686 δυνατόν
3700 3636 3843 3698 εστι,

2270 3726 2587 3797 παρελθέτω
2614 3725 2711 3779 ἀπ’
2732 3724 2865 3794 έμοῦ
2895 3724 2958 3779 τδ
2982 3724 3239 3795 ποτήριον
3262 3723 3439 3776 τοῦτο.
3473 3722 3620 3792 Πλὴν
3642 3723 3742 3793 οὐχ
3763 3723 3844 3787 ὡς

2267 3815 2380 3885 έγὼ
2414 3816 2574 3882 θέλω,
2602 3816 2717 3869 ἀλλ’
2760 3815 2836 3879 ὡς
2878 3814 2964 3870 σύ.
2998 3834 3015 3866 ι
3046 3816 3120 3868 Οὐ
3168 3815 3378 3875 πάντας
3422 3814 3849 3885 παραλαμϐάνει

2268 3909 2393 3972 τοὺς
2413 3892 2693 3979 μαθητὰς,
2735 3905 2871 3961 ἀλλά
2901 3907 3029 3969 τοὺς
3056 3908 3204 3977 τρεῖς
3237 3902 3319 3970 οἷς
3351 3905 3520 3972 ἔδειξε
3552 3908 3653 3979 τὴν
3680 3908 3847 3973 δόξαν

2268 4001 2328 4055 ἀν
2354 4000 2434 4071 τῷ
2462 3996 2683 4067 Θαϐὼρ,
2724 3998 2811 4052 ῐνα
2845 3998 2921 4067 μὴ
2959 3997 3159 4062 ιδόντες
3200 3997 3363 4051 αὐτὸν
3410 3998 3848 4069 προσευχόμενον

2271 4091 2366 4147 καὶ
2389 4089 2785 4161 ἀδημονοῦντα.
2819 4090 3307 4145 σκανδαλισθῶσιν·
3336 4092 3483 4161 ὅμως
3508 4089 3565 4143 δὲ
3591 4093 3686 4143 καὶ
3716 4090 3847 4142 τού-

2270 4204 2397 4250 τους
2434 4186 2660 4258 ἀφίησι,
2698 4184 2794 4238 καὶ
2830 4182 3081 4237 ἀπελθὼν
3131 4183 3399 4239 ἰδιαίτατα
3443 4183 3845 4252 προσεύχεται·

2271 4276 2629 4347 οικονομικῶς
2660 4277 2716 4329 δὲ
2741 4274 2991 4327 λυπεῖται
3015 4274 3109 4327 καὶ
3140 4274 3424 4343 ἀδημονεῖ,
3451 4273 3604 4334 ὅπως
3636 4272 3845 4327 πιστὼο

2273 4385 2433 4439 σηται
2452 4369 2534 4420 ὅτι
2568 4365 2783 4436 ἀληθῶς
2805 4364 3089 4435 ἄνθρωπος
3118 4361 3203 4433 ἦν.
3228 4365 3339 4433 Τῆς
3368 4365 3477 4435 γὰρ
3496 4363 3851 4434 ἀνθρωπίνης

2272 4460 2486 4530 φύσεως
2518 4458 2578 4511 τὸ
2622 4458 2826 4528 δειλιᾷν
2879 4456 3126 4511 θάνατον·
3163 4456 3296 4510 διότι
3345 4458 3440 4509 καὶ
3482 4456 3636 4525 παρά
3686 4454 3851 4525 φύσιν
3894 4526 3897 4529 Δ

2269 4550 2517 4621 εἰσῆλθεν
2549 4552 2576 4602 6
2610 4549 2859 4612 θάνατος,
2914 4550 3007 4602 καὶ
3052 4547 3141 4601 διὰ
3187 4547 3343 4601 τοῦτο
3376 4548 3409 4617 ὴ
3441 4548 3604 4615 φύσις
3653 4548 3849 4615 φεύγει

2269 4643 2455 4696 τοῦτον
2477 4658 2491 4671 ·
2516 4641 2631 4709 ἅμα
2650 4640 2705 4693 δὲ
2733 4640 2820 4692 ἴνα
2842 4638 2937 4693 καὶ
2960 4638 3096 4709 λάθῃ
3125 4638 3217 4691 τὸν
3245 4638 3510 4702 διάϐολον,
3531 4638 3627 4691 καὶ.
3650 4638 3852 4708 ἐπιπη-

2270 4734 2405 4805 δήσῃ
2434 4734 2583 4804 αὐτῴ
2612 4733 2686 4795 ὼς
2715 4731 2857 4801 ψιλῷ
2898 4730 3189 4801 ἀνθρώπῳ,
3219 4730 3360 4784 ὥστε
3405 4729 3719 4784 θανατῶσαι
3747 4731 3853 4784 αὖ·

2270 4830 2382 4893 τὸν,
2414 4830 2512 4884 καὶ
2543 4827 2686 4881 οὕτω
2724 4826 3005 4899 συντριϐῇ.
3059 4827 3268 4891 Ἄλλως
3304 4844 3385 4890 τε,
3422 4826 3484 4879 Ei
3528 4826 3852 4897 ἐπεπήδησε

2271 4919 2351 4992 τῷ
2396 4920 2609 4990 θανάτῳ
2652 4920 2681 4972 6
2736 4918 2958 4990 Κύριος,
3017 4918 3218 4972 εδωκεν
3272 4919 3339 4972 ἂν
3399 4919 3508 4981 τοῖς
3567 4915 3853 4981 Ἰουδαίοις

2273 5012 2591 5080 ἀπολογίαν,
2622 5010 2698 5075 ὡς
2730 5011 2826 5079 οὐχ
2857 5010 3105 5080 ἥμαρτον
3151 5009 3574 5072 ἀποκτείναντες
3595 5009 3689 5062 τὸν
3719 5010 3849 5062 ἀπι-

2274 5098 2688 5169 πηδήσαντατῷ
2716 5098 2899 5155 πάθει.
2933 5096 3030 5151 Ἐκ
3071 5098 3259 5152 τούτου
3291 5099 3349 5152 δὲ
3380 5100 3727 5169 μανθάνομεν
3756 5101 3854 5153 καὶ

2275 5188 2429 5241 αὐτοὶ
2457 5188 2533 5258 μὴ
2572 5188 2916 5259 ἑπιρῤίπτειν
2944 5188 3172 5251 έαυτοὺς
3213 5190 3292 5252 είς
3332 5188 3698 5259 πειρασμοὺς,
3732 5189 3852 5243 ἀλλ’

2276 5276 2525 5346 εῦχεσθαι
2554 5276 2816 5347 ρυσθῆναι
2846 5280 2909 5330 ἐκ
2934 5278 3137 5331 τούτων
3158 5294 3171 5308 ·
3207 5278 3293 5332 διὰ
3321 5279 3479 5333 τοῦτο
3510 5281 3622 5351 γὰρ
3655 5282 3755 5334 καὶ
3788 5282 3853 5334 οὗ

2277 5367 2408 5419 πολὺ
2468 5366 2861 5438 παρεξέρχεται
2908 5368 3214 5438 διάστημα,
3266 5369 3401 5423 ἀλλὰ
3454 5370 3687 5441 πλησίον
3739 5372 3852 5425 τῶν

2276 5458 2441 5527 τριῶν
2490 5458 2767 5528 μαθητῶν,
2814 5458 2899 5511 ἵνα
2956 5460 3244 5523 ἀκούοντες
3299 5460 3487 5526 αὑτοῦ,
3532 5465 3856 5533 μνήσωνται

2279 5551 2369 5602 καὶ
2416 5551 2569 5603 αὐτοὶ
2613 5553 2939 5619 πειρασμοῖς
2990 5552 3399 5620 περιπεσόντες,
3432 5554 3525 5605 καὶ
3570 5555 3643 5608 τὰ
3689 5556 3856 5626 ὃμοια

2278 5640 2567 5705 εὔξωνται·
2596 5644 2852 5711 ποτήριον
2882 5642 2936 5695 δὲ
2966 5643 3221 5711 ὀνομάζει
3252 5645 3310 5696 τδ
3354 5644 3546 5708 πάθος,
3576 5646 3610 5717 ἢ
3641 5646 3733 5699 διὰ
3763 5646 3857 5700 τὸν

2278 5732 2340 5785 ὲκ
2367 5732 2557 5785 τούτου
2588 5732 2771 5795 ὕπνον,
2805 5733 2835 5801 ἦ
2866 5734 2997 5786 διότι
3048 5734 3385 5803 εὐφροσύνης
3424 5736 3599 5788 αἴτιον
3624 5738 3719 5790 καὶ
3749 5754 3857 5789 ou-

2276 5818 2469 5889 τηρίας
2515 5821 2646 5889 ἡμῖν
2682 5820 2897 5889 ἐγένετο
2926 5839 2938 5853 ·
2969 5820 3111 5875 θέλει
3153 5822 3209 5875 δὲ
3263 5823 3749 5895 παραϐιϐασθῆναι
3792 5826 3855 5879 τὸ
