4028 6612
213 568 312 638 ίθί

741 564 1187 629 ENARRATIO
1225 564 1306 626 IN
1344 561 1848 628 EVANGELIUM
1887 559 2277 622 MHTHzEI.
2320 584 2390 595 --
2429 558 2590 621 CAP.
2626 557 2874 621 XXVII.

3365 551 3476 623 462

217 686 340 756 μίου
365 681 462 737 τοῦ
493 680 797 752 προφήτου,
839 678 1090 747 λέγοντο..
1113 693 1128 708 ο
1150 676 1262 730 Καὶ
1290 674 1486 728 ελαὸον
1521 675 1590 729 τά
1625 673 1780 743 τριά-

1913 672 2168 742 mpletum
2203 681 2288 728 est
2322 670 2465 741 quod
2495 673 2702 727 dictum
2735 681 2823 728 est
2871 685 2970 741 per
3012 671 3308 736 Jererniam
3355 690 3486 746 pro-

207 792 368 831 κοντα
404 769 642 843 ἀργύρια
671 771 770 839 τὴν
797 767 966 838 τιμὴν
1001 765 1096 819 τοῦ
1137 763 1532 835 τετιμημένου,
1573 762 1634 815 δν
1673 763 1786 814 ὲτι-

1896 771 2113 835 phelam
2142 765 2412 820 dicentem
2446 782 2460 818 :
2494 763 2914 835 Etacceperunt
2939 765 3161 836 triginta
3196 777 3490 839 argenteos

212 869 452 938 μήσαντο
478 863 587 916 ἀπὸ
621 861 754 915 υίῶν
797 860 1034 931 Ἰσραὴλ,
1067 860 1160 912 καὶ
1182 857 1388 911 ἔδωκαν
1418 855 1558 909 αὐτὰ
1588 856 1668 916 είς
1689 853 1782 906 τὸν

1913 858 2124 911 ιεειίιιιη
2157 858 2430 918 aestimati.
2464 871 2624 926 quem
2648 859 2975 912 aestimatum
3006 870 3257 914 emerunt
3279 877 3308 914 a
3361 860 3491 916 ﬁliis

206 956 374 1026 ἀγρὸν
400 953 496 1008 τοῦ
539 953 828 1024 κεραμέως
873 951 1019 1004 καθά
1060 949 1320 1014 συνέταξέ
1355 963 1446 1017 μοι
1492 946 1715 1018 Κύριος.
1759 961 1777 996 ι

207 1048 494 1118 Κορσανᾶν
524 1046 710 1114 ἔλεγον
756 1044 848 1096 τὸν
881 1046 939 1096 ὲν
979 1042 1058 1113 τῷ
1098 1041 1228 1113 ίερῷ
1270 1040 1573 1112 θησαυρὸν,
1604 1039 1687 1101 είς
1727 1037 1786 1090 6v

205 1135 427 1189 ἔϐαλλον
472 1136 540 1190 τά
591 1133 1017 1203 προσφερόμενα
1069 1131 1148 1202 τῷ
1189 1131 1309 1200 Θεῷ
1339 1131 1509 1202 δῶρα.
1549 1130 1694 1196 Ὀρα
1731 1128 1788 1181 δὲ

207 1224 323 1288 πῶς
363 1227 391 1277 6
424 1224 554 1287 Θεὸς
587 1226 831 1294 ματαιοζ,
853 1223 1087 1286 αὐτοὺς,
1122 1220 1261 1274 ὥστε
1318 1220 1655 1290 φημίζεσθαι
1688 1220 1789 1290 τὴν

207 1315 490 1386 μιαιφόνον
529 1315 710 1368 αὐτῶν
743 1316 968 1385 γνώμην
991 1331 1006 1346 ο
1040 1315 1180 1377 Ἕως
1211 1316 1320 1383 γάρ
1363 1316 1464 1382 τῆς
1510 1314 1750 1382 σήμερον
1771 1351 1787 1375 ,

204 1408 391 1476 φησιν,
411 1405 607 1474 ’Δγρδς
631 1405 864 1473 αἶματος
887 1405 1132 1456 καλεῖται
1159 1404 1188 1455 6
1205 1403 1375 1472 ἀγρὸς
1396 1403 1626 1463 ἐκεῖνος,
1647 1400 1789 1454 ὥστε

205 1500 416 1560 πάντας
452 1495 972 1568 ἀναμιμνήσκεσθαι
1001 1495 1084 1547 ὅτι
1109 1493 1198 1546 τὸν
1229 1494 1436 1562 Κύριον
1469 1492 1788 1560 ὶφόνευσαν.

201 1587 461 1642 Μάνθανε
491 1588 545 1640 δὲ
581 1588 675 1641 καὶ
714 1585 892 1650 τοῦτο,
928 1586 1010 1639 ὅτι
1045 1585 1136 1638 καὶ
1166 1584 1319 1654 παρά
1348 1586 1460 1646 τοῖς
1513 1583 1792 1646 Ἰουδαίοις

200 1679 461 1731 τοσοῦτον
513 1677 546 1748 ἡ
595 1675 876 1745 φιλοξενία
915 1672 1317 1738 ἐσπουδάζετο,
1353 1671 1495 1726 ὥστε
1543 1674 1638 1726 καὶ
1678 1675 1792 1736 τοῖς

201 1767 382 1836 ξένοις
415 1769 495 1832 είς
539 1767 717 1838 ταφὴν
745 1768 947 1838 χωρίον
990 1784 1043 1820 τι
1077 1752 1479 1835 ἀγορασθῆναι.
1514 1765 1796 1835 Αἰσχυνώ-

201 1860 349 1930 μεθα
395 1856 488 1915 οὖν
518 1862 705 1928 ἡμεῖς,
751 1861 798 1912 οί
830 1859 1170 1928 τελειοτέρου
1214 1857 1312 1927 μὲν
1355 1857 1470 1926 βίου
1505 1855 1794 1919 δοκοῦντες

196 1947 364 2016 εῖναι,
394 1953 523 2013 τοὺς
553 1951 610 2004 δὲ
646 1951 830 2017 ξένους
862 1950 1368 2021 παραὸλεπόμενοι.
1405 1949 1514 2020 Τὴν
1542 1948 1710 2020 τιμὴν
1739 1947 1796 2002 δὲ

197 2041 300 2097 τοῦ
363 2042 756 2112 τετιμημένου,
792 2043 994 2112 φησὶν,
1050 2033 1302 2112 ’δηλονότι
1361 2040 1456 2095 τοῦ
1509 2039 1791 2112 Χριστοῦ·
1828 2029 1874 2089 Β

196 2134 470 2204 ἀτίμητος
522 2135 622 2204 μὲν
671 2133 780 2203 γάρ
817 2129 917 2204 ἦν,
955 2132 1194 2203 ἐτιμήθη
1242 2132 1300 2186 δὲ
1333 2133 1441 2185 ἀπὸ
1497 2132 1632 2185 υίῶν
1685 2133 1791 2185 ἰσ-

201 2225 368 2296 ραὴλ,
421 2225 694 2288 τουτέστι,
746 2225 844 2294 τὴν
894 2223 1066 2294 τιμὴν
1115 2222 1282 2277 αὑτοῦ
1342 2223 1580 2298 ἔστησαν
1612 2224 1660 2276 οί
1690 2223 1797 2277 υἱοὶ

211 2317 459 2388 Ἰσραὴλ,
485 2317 953 2388 συμφωνήσαντες
975 2316 1053 2387 τῷ
1088 2315 1261 2388 Ἰούδᾳ
1289 2315 1474 2369 δοῦναι
1500 2313 1796 2386 τριάκοντα

195 2410 471 2480 ἀργύρια.
1360 2408 1374 2424 “

285 2523 305 2554 ι
364 2504 424 2557 '0
454 2504 512 2557 δὲ
557 2503 761 2575 Ἰησοῦς
811 2503 940 2574 ἔστη
987 2503 1299 2574 ἔμπροσθεν
1351 2502 1445 2557 τοῦ
1499 2502 1795 2575 ἡγεμόνος,

198 2595 307 2648 καὶ
351 2596 707 2666 ἐπηρώτησεν
740 2597 906 2649 αὐτὸν
942 2595 971 2647 6
1023 2593 1272 2666 ἡγεμὼν,
1321 2595 1498 2663 λέγων
1528 2611 1542 2625 ο
1573 2597 1646 2648 Σὺ
1691 2590 1745 2648 εἷ
1771 2596 1800 2647 6

198 2684 464 2756 βασιλεὺς
489 2686 596 2740 τῶν
638 2687 938 2754 Ἰουδαίωνς
977 2687 1035 2740 '0
1062 2686 1117 2740 δὲ
1149 2687 1356 2756 Ἰησοῦς
1392 2687 1494 2758 ἔφη
1526 2687 1696 2756 αὐτῷ·
1727 2688 1800 2740 Σὺ

196 2778 412 2844 λέγεις.
464 2779 576 2830 Καὶ
616 2781 674 2831 ὲν
721 2778 801 2849 τῷ
861 2777 1292 2847 κατηγορεῖσθαι
1330 2779 1492 2831 αὑτὸν
1542 2779 1647 2832 ὑπὸ
1691 2780 1803 2832 τῶν

197 2868 516 2939 ἀρχιερέων
544 2870 638 2922 καὶ
663 2870 772 2923 τῶν
804 2870 1215 2941 πρεσϐυτέρων,
1245 2870 1397 2922 οὐδὲν
1444 2870 1800 2942 ἀπεκρίνατο.

197 2961 346 3014 Τότε
379 2961 524 3028 λέγει
547 2960 697 3032 αύτῷ
716 2964 743 3014 6
761 2962 990 3025 Πιλάτος
1005 2979 1018 2993 ·
1039 2963 1152 3014 υύκ
1177 2962 1394 3024 ἀκούεις
1410 2961 1553 3015 πόσα
1585 2979 1678 3015 σου
1706 2981 1805 3015 κα-

188 3053 661 3123 ταμαρτυροῦσι;
713 3055 824 3108 Καὶ
853 3055 954 3107 οὐκ
1003 3053 1279 3124 ἀπεκρίθη
1319 3054 1470 3125 αὐτῷ
1509 3054 1646 3126 πρὸς
1686 3054 1806 3108 οὐδὲ

191 3142 264 3195 ἓν
299 3142 492 3212 ῥῆμα·
524 3142 664 3196 ὥστε
698 3142 1002 3213 θαυμάζειν
1041 3145 1132 3198 τὸν
1179 3145 1426 3215 ἡγεμόνα
1459 3143 1600 3199 λίαν.
1650 3163 1670 3196 ι
1717 3143 1807 3208 Ὠς

187 3233 304 3287 tul
345 3233 628 3302 δημοσίοις
658 3235 969 3307 ἐγκλήμασι
1007 3237 1491 3307 κατηγορούμενος
1527 3237 1806 3304 ἀπάγεται

185 3325 350 3397 πρὸς
395 3325 650 3391 Πιλάτον,
677 3326 800 3380 ὅθεν
841 3328 935 3381 καὶ
978 3328 1159 3398 ιρωτᾷ
1208 3329 1372 3381 αὑτὸν
1406 3329 1453 3381 εί
1502 3328 1807 3381 ἐπεϐάλετο

184 3419 503 3487 ἁνταρσία,
534 3419 629 3470 καὶ
646 3418 972 3488 ἐπεχείρησε
1001 3419 1325 3488 βασιλεῦσαι
1355 3420 1464 3472 τῶν
1505 3419 1802 3474 Ἰουδαίων.

197 3509 273 3562 ὐ
304 3508 370 3562 δὲ
418 3508 626 3577 Ἰησοῦς
655 3508 758 3578 ἔφη
795 3509 945 3580 αύτῷ
972 3525 985 3538 ·
1013 3510 1086 3562 Σὺ
1117 3510 1299 3578 λέγεις
1319 3529 1331 3542 ο
1361 3511 1654 3579 ἀπόκρισιν
1682 3510 1808 3571 δοὺς

181 3601 366 3670 αὐτῷ
413 3601 766 3672 σοφωτάτηνο
803 3601 930 3654 οῦτε
989 3603 1100 3673 γὰρ
1154 3597 1330 3668 εἶπεν,
1386 3603 1469 3655 ὅτι
1507 3602 1622 3655 Οὐκ
1671 3601 1809 3670 εἰμὶ,

180 3693 336 3748 οὔτε
370 3692 556 3757 πάλιν,
585 3695 668 3747 ὅτι
700 3695 852 3765 Εἰμί.
899 3694 1062 3752 Ἀλλὰ
1091 3695 1270 3764 μέσως
1303 3711 1418 3756 πως
1454 3693 1581 3764 ἔφη’
1617 3693 1690 3746 Σὺ
1721 3694 1808 3744 λέ-

179 3803 363 3856 γεις.
396 3784 570 3839 Τοῦτο
595 3786 938 3856 γὰρδόναται
967 3788 1061 3840 καὶ
1087 3786 1228 3840 οὕτω
1259 3787 1544 3856 νοηθῆναι,
1566 3784 1647 3838 ὅτι
1678 3785 1814 3855 Εἰμὶ

179 3876 400 3939 καθὼς
424 3875 623 3944 λέγεις·
649 3877 744 3929 καὶ
762 3875 822 3929 οὖ
833 3895 956 3942 τως,
977 3879 1058 3930 ὅτι
1093 3876 1234 3944 Ἐγὼ
1260 3879 1360 3947 μὲν
1382 3878 1539 3930 τοῦτο
1565 3878 1626 3930 ού
1643 3878 1809 3944 λέγω,

178 3953 262 4024 tib
310 3968 384 4022 δὲ
442 3967 658 4036 λέγεις·
701 3969 830 4023 ἄλλο
865 3970 1048 4041 μέντοι
1092 3969 1242 4022 οὐδὲν
1287 3970 1649 4039 ἀπεκρίνατο·
1696 3970 1813 4040 ᾔδει

175 4061 312 4131 γὰρ
363 4061 430 4113 τὸ
463 4060 749 4130 κριτήριον
784 4062 858 4130 μὴ
905 4061 1049 4114 κατά
1069 4062 1228 4128 λόγον
1262 4061 1579 4131 προὸαἰνον.
1616 4061 1812 4114 Ἐθαύ·

176 4152 393 4226 μαζεν
421 4150 516 4205 οὖν
540 4152 570 4205 6
598 4152 832 4216 Πιλάτος
860 4153 952 4205 τὸν
999 4152 1229 4224 Κύριον,
1267 4153 1383 4222 ἅμα
1418 4153 1518 4221 μὲν
1543 4151 1810 4215 ὡς’κατα-

172 4242 525 4316 φρονοῦντα
548 4241 812 4310 θανάτου,
845 4243 962 4313 ἅμα
989 4243 1046 4296 δὲ
1079 4244 1202 4307 πῶς
1226 4245 1406 4312 λόγιος
1428 4243 1502 4295 ὢν
1526 4246 1620 4297 καὶ
1646 4245 1814 4317 μυρία

165 4335 348 4407 ἔχων
392 4332 765 4404 προϐαλέσθαι
797 4337 877 4398 είς
903 4334 1224 4402 ἀπολογίαν,
1260 4335 1413 4388 οὐδὲν
1451 4337 1810 4406 ἀπεκρίνατο,

164 4429 338 4484 ἀλλὰ
397 4426 514 4480 τῶν
545 4427 922 4496 ἔγκαλούντων
958 4428 1273 4498 ὑπερεώρα.
1318 4429 1715 4499 Διδασκώμεθα
1754 4430 1811 4482 δὲ

162 4521 285 4576 καὶ
345 4519 530 4590 ﬁtted;
568 4517 822 4572 ἐντεῦθεν
868 4521 997 4572 ὅταν
1039 4519 1176 4588 πρὸς
1207 4520 1562 4591 δικαστήριον
1597 4520 1814 4590 ἔχωμεν

157 4611 640 4684 διεφθαρμένον,
663 4611 829 4682 μηδὲν
847 4612 1049 4680 λέγειν,
1076 4613 1163 4665 ἵνα
1183 4615 1322 4683 μήτε
1345 4613 1573 4682 θόρυϐον
1595 4613 1812 4667 πλείονα

1895 950 2083 1013 Israel,
2124 959 2179 1007 et
2218 950 2482 1005 dederunt
2534 965 2629 1006 eos
2675 950 2726 1004 in
2761 966 2951 1021 agrum
2987 944 3156 1023 ﬁguli,
3197 952 3338 1009 sicut
3371 969 3496 1009 con-

1896 1042 2068 1096 stituit
2095 1041 2224 1094 tnihi
2259 1041 2543 1097 Dominus.
2587 1061 2604 1094 ι
2636 1042 2940 1098 Corbonam
2972 1043 3226 1099 dicebant
3267 1044 3492 1100 thesau-

1898 1148 2019 1187 rum
2050 1133 2100 1186 in
2151 1133 2371 1204 templo,
2415 1133 2466 1188 in
2500 1149 2660 1203 quem
2707 1134 2994 1189 mittebant
3040 1136 3180 1190 dona
3218 1150 3340 1206 quae
3383 1135 3494 1192 Deo

1898 1225 2286 1279 offerebantur.
2337 1226 2467 1280 Vide
2508 1235 2690 1281 autem
2738 1227 3013 1296 quomodo
3067 1226 3208 1281 Deus
3261 1228 3495 1282 infatuat

1898 1316 2062 1380 illos,
2133 1325 2192 1369 nt
2252 1318 2570 1372 traducatur
2628 1333 2781 1372 mens
2837 1317 3050 1372 illorum
3115 1321 3492 1390 sanguinaria.

1900 1407 2081 1478 Usque
2111 1409 2162 1462 in
2191 1410 2331 1462 hunc
2352 1409 2496 1464 enim
2530 1409 2696 1474 diem,
2732 1411 2830 1476 ait,
2854 1425 2984 1480 ager
3006 1411 3097 1465 ille
3129 1410 3331 1465 dicitur
3350 1411 3496 1481 Ager

1899 1500 2210 1571 sanguinis,
2245 1510 2305 1555 ut
2343 1516 2536 1557 omnes
2563 1504 2675 1557 sint
2729 1519 2999 1558 memores
3026 1505 3168 1573 quod
3207 1505 3496 1561 Dominum

1899 1590 2220 1646 occiderint.
2248 1590 2406 1646 Disce
2423 1602 2605 1647 autem
2626 1603 2681 1647 et
2708 1594 2834 1659 hoc,
2869 1594 3011 1662 quod
3035 1604 3088 1649 et
3114 1596 3256 1663 apud
3277 1592 3500 1651 Iudaeos

1902 1681 2066 1741 fuerit
2087 1684 2138 1736 in
2170 1684 2345 1751 pretio
2372 1683 2719 1754 hospitalitas
2753 1686 2930 1742 :unde
2966 1686 3017 1738 in
3038 1685 3375 1756 sepulturam
3401 1700 3499 1755 pe-

1905 1775 2244 1844 regrinorum
2279 1773 2438 1845 155
2463 1791 2652 1846 agrum
2691 1776 2840 1831 illum
2881 1789 3156 1833 emerunt.
3179 1777 3500 1834 Cunl‘unda-

1904 1881 2026 1920 mur
2059 1866 2226 1937 igitur
2251 1883 2376 1931 nos,
2417 1852 2507 1936 qui
2535 1869 2662 1924 vita:
2685 1868 3032 1938 perfectioris
3065 1870 3315 1924 videmur
3350 1885 3497 1936 esse,

1904 1965 1959 2013 et
1983 1960 2303 2028 peregrinos
2325 1959 2680 2028 despicimus.
2703 1959 2971 2026 Pretium,
2997 1962 3193 2030 inquit,
3218 1963 3500 2030 aestimati,

1904 2050 2003 2105 hoc
2024 2062 2106 2106 est
2146 2050 2348 2106 Christi
2379 2069 2393 2106 :
2423 2051 2822 2107 inaestimabilis
2845 2053 2989 2106 enim
3015 2049 3138 2117 fuit,
3167 2063 3224 2106 et
3258 2054 3504 2108 a'stima-

1907 2153 1994 2198 tus
2029 2151 2114 2198 est
2148 2158 2174 2194 a
2220 2142 2347 2198 ﬁliis
2376 2141 2566 2209 Israel,
2602 2143 2704 2198 hoc
2732 2152 2845 2208 est,
2880 2144 3120 2214 pretium
3153 2143 3271 2212 ejus
3293 2144 3504 2199 consti-

1906 2244 2125 2290 tuerunt
2187 2235 2279 2289 ﬁlii
2328 2235 2519 2302 Israel,
2566 2235 2709 2307 pacti
2742 2251 2866 2292 cum
2909 2233 3048 2291 Iuda
3094 2245 3151 2292 ut
3195 2236 3392 2294 darent
3425 2237 3502 2292 illi

1907 2328 2122 2398 triginta
2151 2337 2458 2399 argenteos.

1981 2508 2357 2566 Vsas.11-14.
2393 2530 2412 2564 ι
2444 2509 2607 2568 Jesus
2638 2521 2817 2567 autem
2847 2511 2996 2568 stetit
3017 2519 3142 2566 ante
3188 2509 3500 2581 praesidem,

1907 2612 1963 2656 et
1988 2603 2344 2673 interrogavit
2373 2617 2497 2657 eum
2538 2618 2736 2671 prmaes
2771 2601 2958 2658 dicens
2995 2618 3010 2656 :
3056 2600 3135 2654 Tu
3171 2616 3229 2656 es
3271 2615 3367 2655 rex
3406 2598 3504 2654 Ju-

1908 2694 2190 2750 dzeorum?
2218 2693 2359 2748 Βί‹·ὶι
2386 2694 2459 2748 illi
2489 2693 2648 2750 Iesus
2679 2712 2693 2748 :
2723 2692 2804 2747 Tu
2833 2693 2990 2750 dicis.
3017 2692 3083 2747 Et
3114 2708 3240 2748 cum
3263 2706 3498 2747 accusa-

1912 2796 2059 2841 retur
2085 2801 2112 2839 ιι
2149 2786 2483 2856 principibus
2508 2787 2877 2849 sacerdotum,
2916 2795 2973 2842 et
3002 2784 3339 2851 senioribus,
3369 2784 3506 2839 nihil

1913 2879 2212 2947 respondit.
2247 2876 2404 2932 Tunc
2445 2877 2577 2932 dicit
2610 2877 2684 2931 illi
2725 2877 2968 2932 Pilatus:
3003 2874 3118 2931 Non
3148 2875 3308 2931 audis
3340 2889 3504 2944 quam

1913 2970 2079 3024 multa
2104 2971 2366 3024 adversus
2389 2978 2442 3022 te
2471 2970 2653 3022 dicant
2679 2967 3024 3024 testimonia?
3058 2967 3120 3020 Et
3144 2981 3253 3035 non
3285 2980 3510 3037 respon-

1914 3061 1992 3115 dit
2013 3061 2060 3115 ei
2097 3061 2162 3114 ad
2191 3060 2356 3114 ullum
2387 3060 2631 3125 verbum,
2667 3061 2738 3113 ita
2762 3068 2819 3113 ut
2847 3059 3140 3113 miraretur
3171 3073 3375 3126 prreses
3412 3071 3509 3110 ve-

1916 3153 2217 3208 hementer.
2254 3169 2272 3203 ι
2313 3153 2476 3220 Quasi
2517 3150 2829 3220 capitalium
2871 3151 3165 3206 criminum
3202 3166 3330 3204 reus
3360 3150 3510 3205 sisti-

1917 3253 2004 3298 ter
2032 3243 2228 3309 Pilato,
2261 3253 2316 3298 et
2351 3245 2718 3312 interrogatur
2744 3258 2871 3296 num
2917 3242 3200 3308 invaserit,
3225 3251 3280 3296 et
3313 3244 3508 3313 conju-

1919 3337 2140 3399 raverit,
2166 3345 2220 3389 et
2250 3337 2534 3390 attentarit
2563 3349 2793 3404 regnare
2832 3332 3056 3388 Iudaeis.
3117 3331 3276 3388 Jesns
3323 3343 3506 3387 autem

1916 3427 2052 3481 dixit
2092 3426 2165 3478 illi
2207 3443 2221 3479 :
2256 3423 2335 3477 Tu
2372 3425 2507 3479 dicis
2556 3441 2570 3477 :
2617 3425 3027 3491 sapientissimo
3060 3438 3325 3491 responso
3356 3425 3504 3476 dato.

1917 3516 2100 3587 Neque
2127 3516 2271 3570 enim
2300 3515 2472 3570 dixit:
2495 3513 2612 3568 Non
2644 3530 2800 3569 sum:
2839 3529 2938 3568 nec
2964 3523 3176 3577 contra,
3208 3516 3319 3584 Ego
3339 3529 3461 3568 sum
3489 3530 3505 3568 :

1916 3611 2008 3663 sed
2041 3607 2222 3662 medio
2245 3607 2478 3675 quodam
2514 3605 2672 3659 modo
2703 3603 2840 3658 dixit
2869 3621 2884 3657 :
2913 3603 2992 3657 Tu
3023 3604 3181 3658 dicis.
3213 3603 3330 3658 Hoc
3355 3604 3502 3657 enim

1915 3711 2093 3770 potest
2125 3709 2177 3754 et
2205 3699 2284 3754 sic
2314 3695 2535 3767 intelligi
2567 3715 2579 3748 :
2614 3695 2745 3749 Sum
2777 3693 2919 3748 sicut
2949 3694 3121 3760 dicis;
3153 3703 3207 3748 et
3227 3694 3306 3748 sic
3342 3711 3355 3745 :
3393 3693 3504 3760 Ego

1916 3793 2133 3860 quidem
2185 3791 2288 3844 hoc
2327 3805 2434 3842 non
2470 3789 2612 3854 dico,
2652 3795 2705 3842 tu
2759 3797 2941 3841 autem
2986 3787 3138 3841 dicis.
3177 3786 3337 3840 Aliud
3376 3801 3505 3840 vero

1919 3896 2236 3950 responsum
2275 3896 2378 3934 non
2427 3879 2597 3934 dedit.
2643 3878 2861 3933 Sciebat
2897 3878 3040 3932 enim
3090 3876 3353 3946 iniustum
3390 3877 3508 3931 fore

1911 3971 2198 4040 judicium.
2232 3967 2466 4028 Proinde
2501 3967 2801 4020 admiratus
2832 3973 2911 4019 est
2949 3964 3156 4018 Pilatus
3192 3960 3505 4026 Dominum,

1918 4073 1972 4116 et
1995 4064 2137 4130 quml
2166 4068 2538 4115 contemneret
2562 4066 2815 4122 mortem,
2843 4067 2898 4110 et
2923 4058 3066 4127 quod
3109 4065 3218 4110 tam
3245 4056 3506 4127 eloquens

1918 4166 1972 4209 et
2009 4155 2173 4207 multa
2210 4151 2415 4207 habens
2451 4166 2571 4222 qua:
2605 4151 2978 4221 responderet,
3030 4150 3164 4204 nihil
3203 4153 3505 4217 responde-

1920 4254 2020 4309 ret,
2047 4243 2141 4298 sed
2172 4253 2518 4299 accusatores
2553 4252 2948 4298 contemneret.
2993 4241 3277 4296 Discamus
3307 4253 3364 4295 et
3408 4255 3507 4294 nos

1920 4336 2020 4389 hoc
2063 4335 2182 4387 loco
2204 4335 2476 4404 quomodo
2505 4347 2695 4404 gerere
2731 4348 2830 4388 nos
2880 4334 3175 4388 debeamus
3210 4333 3261 4385 in
3295 4332 3506 4403 judicio

1918 4427 2142 4494 iujuslo,
2169 4442 2234 4481 ne
2259 4429 2385 4497 quid
2404 4427 2670 4488 dicamus,
2701 4441 2768 4480 ne
2789 4425 3054 4479 tumultus
3082 4423 3258 4493 major
3289 4425 3508 4480 oboria-

1921 4529 2025 4582 tur,
2060 4533 2195 4572 neve
2223 4519 2446 4588 majoris
2475 4520 2950 4573 condemnationi-s
2980 4515 3331 4572 occasionem
3365 4533 3507 4588 prse-

1919 4613 2143 4667 beamus
2174 4612 2260 4666 his
2295 4613 2386 4681 qui
2421 4610 2763 4666 defensiones
2809 4621 3023 4665 nostras
3062 4609 3256 4666 audire
3290 4611 3504 4666 nolunt.

155 4704 548 4776 ἐγείρωμεν,
578 4702 716 4770 μήτε
750 4703 1130 4772 κατακρίσεως
1173 4703 1416 4766 πλείονος
1451 4697 1604 4772 ὦμεν
1644 4705 1808 4757 αίτιοι
1841 4712 1886 4766 ι)

152 4800 296 4863 τοῖς
337 4795 436 4866 μὴ
463 4793 576 4847 τῶν
611 4794 920 4863 ἀπολογιιῖω
952 4796 1109 4865 ἡμῶν
1135 4796 1414 4850 ἀκούουσι.

247 4907 271 4941 ε
316 4883 507 4939 Κατὰ
534 4883 592 4935 δὲ
631 4884 826 4954 ἑορτὴν
863 4884 1046 4938 είὼθει
1086 4887 1112 4937 6
1143 4887 1370 4956 ἡγεμὼν
1414 4887 1677 4941 ἀπολύειν
1712 4889 1810 4942 ἕνα

145 4980 242 5052 τῷ
277 4976 464 5048 ὄχλῳ
493 4973 741 5043 δέσμιον,
775 4974 836 5027 δν
880 4975 1071 5047 ἧθελον
1093 4993 1105 5007 ·
1152 4974 1298 5048 εἶχον
1345 4978 1400 5030 δὲ
1431 4980 1554 5032 τότε
1586 4979 1808 5050 δέσμιον

143 5071 511 5140 ἐπίσημον,
561 5065 858 5136 λεγόμενον
915 5068 1231 5136 Βαραϐϐᾶν.
1291 5071 1654 5141 Συνηγμένων
1717 5072 1811 5125 οὖν

143 5165 397 5227 αὐτῶν,
436 5154 604 5213 εἶπεν
634 5159 818 5222 αὐτοῖς
846 5162 873 5212 ὁ
898 5161 1149 5224 Πιλάτος·
1172 5160 1307 5214 Τίνα
1337 5163 1521 5215 θέλετε
1549 5163 1810 5217 ἀπολύσω

142 5265 302 5340 ὑμῖν
325 5303 346 5330 ,
383 5255 726 5326 Βαραϐὗᾶν,
760 5256 794 5326 ἢ
837 5255 1046 5326 Ἰησοῦν
1073 5257 1168 5310 τὸν
1198 5257 1491 5328 λεγόμενον
1539 5258 1808 5329 Χριστόν;

148 5357 342 5431 ’ῌδει
381 5347 522 5419 γὰρ
569 5347 654 5401 ὅτι
704 5345 792 5399 διὰ
837 5347 1032 5415 φθόνον
1078 5348 1404 5418 παρέδωκαν
1447 5349 1630 5403 αὐτόν.
1674 5367 1692 5400 ι
1748 5347 1809 5401 Ὀ

141 5449 435 5507 Πιλᾶτος
489 5438 829 5504 ἐσπούδαζεν
878 5437 1147 5492 ἀπολῦσαι
1188 5440 1278 5492 τὸν
1327 5441 1584 5510 Χριστὸν,
1633 5441 1680 5493 εί
1714 5441 1808 5493 καὶ

139 5533 614 5614 μαλακώτερον
647 5529 742 5583 τοῦ
773 5531 1016 5593 δέοντος·
1057 5530 1163 5583 ἔδει
1202 5531 1312 5600 γὰρ
1352 5533 1606 5602 ἐνστῆναι
1643 5532 1807 5585 αὑτὸν

137 5635 312 5707 ὑπὲρ
371 5624 498 5683 τοῦ
549 5622 806 5692 ἀληθοῦς.
855 5623 1077 5692 Πρῶτον
1133 5623 1230 5693 μὲν
1286 5619 1378 5675 οὖν
1432 5625 1683 5695 ἠρώτησε
1717 5625 1806 5678 τὸν

138 5727 416 5800 Κῦριονο
455 5716 592 5772 Οὐκ
627 5715 845 5777 ἀκούεις
879 5715 932 5766 τί
959 5710 1105 5768 οὗτοί
1137 5732 1230 5768 σου
1257 5717 1801 5788 καταμαρτυροῦσιν;

147 5820 414 5896 Ἦρώτη
425 5827 504 5866 σε
524 5809 586 5861 δὲ
615 5807 726 5872 ⁴ίνα,
751 5809 1232 5879 ἀπολογησαμένου
1253 5809 1346 5862 τοῦ
1367 5811 1626 5879 Χριστοῦ,
1649 5811 1801 5881 σχοίη

134 5911 452 5988 ἀφορμὴν
493 5900 646 5970 πρὸς
688 5899 750 5953 τὸ
789 5900 1060 5955 ἀπολῦσαι
1100 5902 1299 5954 αὐτόν’
1335 5902 1458 5954 ἐπεὶ
1487 5901 1545 5954 δὲ
1573 5904 1673 5956 οὐκ
1701 5906 1808 5957 ἀπο

132 6007 421 6082 ελογεῑπεο
458 5999 495 6054 ὁ
532 5992 765 6063 Κύριος,
793 5992 1079 6061 γινώσκων
1101 5992 1340 6057 πάντως,
1367 5993 1450 6046 ὅτι
1478 5993 1582 6048 κᾶν
1605 5995 1804 6047 analo-

1987 4881 2152 4936 Vens.
2187 4881 2374 4936 15-18.
2411 4899 2430 4934 ι
2463 4881 2519 4935 lu
2543 4881 2682 4937 festo
2713 4889 2891 4936 autem
2922 4889 3507 4948 consueveratprascs

1917 4977 2087 5028 turbae
2132 4975 2405 5028 dimittere
2455 4990 2621 5028 unum
2671 4974 2909 5028 vinctum
2966 4988 3129 5043 quem
3173 4974 3496 5030 voluissent.

1916 5067 2160 5122 Habebat
2191 5077 2371 5120 autem
2409 5075 2538 5120 tunc
2564 5067 2806 5120 vinctum
2845 5066 3139 5136 insignem,
3164 5067 3255 5135 qui
3285 5067 3506 5122 diceba-

1915 5167 2002 5212 tur
2034 5157 2334 5212 Barabbas.
2371 5156 2730 5228 Congregatis
2760 5173 2890 5228 ergo
2926 5158 3054 5223 illis,
3085 5159 3221 5213 dixit
3254 5157 3503 5214 Pilatus:

1913 5250 2083 5316 Quem
2117 5250 2277 5305 vultis
2314 5250 2580 5305 dimittam
2629 5250 2803 5314 vobis,
2839 5250 3164 5315 Barabbam,
3213 5267 3280 5306 an
3312 5250 3500 5307 Iesum

1914 5346 2004 5416 qui
2048 5345 2250 5400 dicitur
2297 5344 2586 5401 Christus?
2632 5343 2850 5400 Sciebat
2894 5349 3041 5398 enim
3080 5343 3228 5414 quod
3275 5351 3505 5414 propter

1915 5437 2171 5491 invidiam
2205 5436 2557 5492 tradidissent
2585 5451 2729 5491 eum.
2771 5455 2790 5487 ι
2826 5435 3036 5490 Pilatus
3062 5434 3501 5490 studebatChri-

1913 5537 2057 5582 stum
2114 5527 2416 5589 absolvere,
2462 5526 2679 5580 tametsi
2737 5526 2940 5580 lentius
2974 5539 3137 5594 quam
3191 5524 3504 5594 oportebat.

1913 5621 2143 5674 debebat
2173 5620 2319 5673 enim
2348 5633 2407 5674 se
2436 5634 2532 5689 pro
2561 5619 2788 5672 veritate
2816 5618 3074 5686 objicere.
3107 5612 3348 5670 Primum
3374 5616 3504 5684 qui-

1914 5715 2032 5770 dem
2081 5711 2450 5782 interrogabat
2505 5710 2792 5766 Dominum
2838 5728 2852 5763 :
2894 5707 3014 5764 Non
3053 5707 3208 5762 audis
3244 5706 3376 5776 quid
3425 5706 3506 5762 illi

1914 5817 2102 5863 contra
2140 5815 2192 5860 te
2242 5803 2635 5859 tcsti‘ﬁcentur?
2671 5801 3031 5871 Interrogavit
3077 5808 3296 5865 autem,
3357 5805 3416 5851 ut
3453 5799 3502 5853 si

1913 5899 2164 5955 Christus
2201 5910 2260 5952 se
2287 5905 2594 5961 excusaret,
2640 5894 2870 5948 haberet
2913 5891 3261 5947 occasionem
3315 5890 3497 5944 absol-

1915 5991 2072 6049 vendi
2111 6005 2255 6047 eum.
2301 5989 2369 6043 At
2411 6003 2534 6043 cum
2594 6000 2700 6041 ncn
2753 5982 3074 6041 defenderet
3116 5996 3174 6036 se
3217 5979 3491 6045 Chrlstus,
