4028 6618
200 569 300 638 ιθι

733 565 1177 630 ENARRATIO
1216 565 1297 626 IN
1335 562 1840 626 EVANGELIUM
1878 560 2267 622 MHTHzEI.
2311 584 2381 595 --
2420 558 2579 621 CAP.
2616 556 2865 621 XXVII.

3357 550 3467 622 462

206 686 329 757 μίου
356 682 452 737 τοῦ
483 681 788 752 προφήτου,
830 680 1080 747 λέγοντος,
1104 694 1119 708 ⁶
1140 678 1253 731 Καὶ
1282 674 1477 729 ἔλαϐον
1511 676 1580 729 τά
1616 674 1770 743 τριά-

1905 673 2158 742 mpletum
2193 682 2278 728 est
2312 670 2455 741 quod
2486 673 2693 726 dictum
2726 681 2815 729 est
2862 685 2960 741 per
3003 671 3299 735 Jeremiarn
3349 690 3478 745 pro-

195 793 358 831 κοντα
395 770 635 843 ἀργύρια
664 772 761 840 τὴν
790 768 957 839 τιμὴν
993 766 1087 820 τοῦ
1127 764 1522 835 τετιμημένου,
1564 762 1624 815 ὃν
1664 764 1776 814 ἑτι-

202 870 442 939 μήσαντο
469 864 579 916 ἀπὸ
614 862 746 915 υἱῶν
788 860 1025 931 Ἰσραὴλ,
1058 861 1151 912 καὶ
1174 859 1378 911 ἔδωκαν
1409 855 1549 909 αὐτὰ
1579 857 1659 916 είς
1680 854 1774 906 τὸν

197 956 365 1026 ἀγρὸν
390 954 487 1007 τοῦ
531 954 820 1025 κεραμέως
864 952 1009 1005 καθά
1052 950 1311 1015 συνέταξε
1347 965 1436 1017 μοι
1484 947 1706 1018 Κύριος.
1750 962 1769 997 ι

198 1048 484 1118 Κορϐανᾶν
516 1047 701 1114 ἔλεγον
748 1045 838 1097 τὸν
873 1048 930 1096 ὲν
970 1044 1049 1113 τῷ
1090 1042 1219 1113 ἱερῷ
1262 1041 1564 1113 θησαυρὸν,
1596 1041 1678 1101 εἰς
1718 1038 1777 1091 ὃν

196 1136 419 1190 ἔϐαλλον
464 1137 531 1190 τά
583 1134 1008 1203 προσφερόμενα
1061 1133 1139 1202 τῷ
1180 1132 1300 1201 Θεῷ
1331 1132 1499 1202 δῶρα.
1539 1130 1684 1196 Ὅρα
1722 1129 1779 1181 δὲ

199 1224 314 1289 πῶς
355 1228 383 1278 ό
415 1225 546 1288 Θεὸς
578 1226 821 1295 ματαιοζ,
845 1224 1043 1286 αὐτοὺς
1064 1263 1078 1286 ,
1113 1222 1252 1274 ὥστε
1309 1220 1645 1290 φημίζεσθαι
1680 1220 1779 1290 τὴν

200 1316 481 1387 μιαιφόνον
521 1316 701 1369 αὐτῶν
734 1316 960 1385 γνώμην
983 1332 997 1346 ο
1032 1316 1172 1377 Ἕως
1202 1316 1311 1383 γὰρ
1354 1317 1455 1383 τῆς
1501 1315 1741 1382 σήμερον
1762 1352 1778 1375 ,

196 1410 383 1478 φησιν,
403 1406 599 1475 ’Δγρδς
623 1406 857 1475 αἵματος
879 1406 1124 1457 καλεῖται
1151 1405 1179 1455 ό
1197 1403 1366 1473 ἀγρὸς
1388 1404 1617 1465 ἐκεῖνος,
1638 1400 1779 1454 ὥστε

200 1502 408 1561 πάντας
444 1496 964 1569 ἀναμιμνήσκεσθαι
992 1496 1075 1548 ὃτι
1100 1494 1189 1546 τὸν
1220 1494 1428 1562 Κύριον
1460 1493 1779 1559 ἰφόνευσαν.

198 1589 453 1643 Μάνθανε
482 1589 536 1641 δὲ
573 1590 666 1641 καὶ
705 1587 883 1650 τοῦτο,
920 1588 1001 1640 ὅτι
1036 1586 1127 1638 καὶ
1157 1584 1310 1654 επαρά
1339 1586 1450 1647 τοῖς
1504 1583 1783 1646 Ἰουδαίοις

196 1680 453 1732 τοσοῦτον
505 1680 538 1748 ὴ
586 1676 867 1746 φιλοξενία
906 1673 1309 1737 ἐσπουδάζετο,
1345 1672 1486 1726 ὥστε
1535 1674 1630 1726 καὶ
1669 1675 1784 1736 τοῖς

197 1768 375 1836 ξένοις
407 1770 485 1833 είς
530 1768 708 1838 ταφὴν
736 1770 938 1839 χωρίον
981 1785 1034 1820 τι
1068 1752 1470 1836 ἀγορασθῆναι.
1505 1766 1786 1835 Αἰσχυνώ-

197 1862 341 1932 μεθα
388 1858 479 1915 οὖν
509 1863 695 1930 ἡμεῖς,
743 1862 789 1912 oi
821 1860 1162 1928 τελειοτέρου
1206 1858 1304 1927 μὲν
1346 1857 1461 1926 βίου
1496 1856 1786 1918 δοκοῦντες

192 1949 357 2017 εἷναι,
387 1954 514 2013 τοὺς
544 1953 601 2005 δὲ
636 1952 821 2017 ξένους
854 1951 1359 2021 παραϐλεπόμενοι.
1396 1950 1506 2021 Τὴν
1534 1948 1701 2021 τιμὴν
1730 1948 1787 2002 δὲ

194 2042 292 2097 τοῦ
356 2044 747 2113 τετιμημένου,
784 2044 985 2111 φησὶν,
1041 2034 1293 2113 ’δηλονότι
1353 2041 1447 2095 τοῦ
1502 2039 1783 2113 Χριστοῦ’
1820 2029 1865 2089 Β

194 2135 462 2204 ἀτίμητος
514 2136 614 2203 μὲν
664 2134 772 2204 γὰρ
810 2130 908 2204 ἦν,
946 2133 1186 2203 ἐτιμήθη
1234 2133 1291 2187 δὲ
1325 2134 1433 2185 ἀπὸ
1488 2132 1623 2185 υίῶν
1677 2133 1782 2185 ’ῐσ-

198 2226 361 2296 prb),
414 2226 685 2288 τουτέστι,
738 2226 836 2295 τὴν
886 2223 1058 2294 τιμὴν
1107 2223 1274 2277 αὐτοῦ
1334 2223 1571 2298 ἔστησαν
1604 2224 1651 2275 0i
1682 2224 1789 2277 υίοὶ

208 2317 451 2387 Ἰσραὴλ,
478 2318 944 2388 συμφωνήσαντες
966 2316 1044 2387 τῷ
1080 2316 1253 2388 Ἰούδᾳ
1280 2315 1466 2369 δοῦναι
1492 2314 1788 2386 τριάκοντα

192 2410 463 2480 ἀργύρια.
1354 2408 1365 2424 λ

278 2522 298 2554 ο
357 2504 415 2556 '0
446 2503 503 2556 δὲ
549 2503 753 2575 Ἰησοῦς
803 2503 932 2575 ἔστη
980 2503 1291 2574 ἔμπροσθεν
1343 2502 1437 2557 τοῦ
1491 2502 1786 2575 ἡγεμόνος,

192 2596 300 2649 καὶ
344 2596 699 2665 ὲπηρώτησεν
733 2597 898 2649 αὑτὸν
934 2596 963 2647 ό
1014 2594 1263 2665 ἡγεμὼν,
1313 2596 1489 2663 λέγων
1519 2611 1533 2625 ο
1565 2598 1637 2648 Σὺ
1683 2591 1736 2647 εἴ
1763 2596 1792 2647 ό

192 2685 457 2757 βασιλεὺς
480 2686 589 2741 ττῖιν
632 2687 931 2753 Ἰουδαίων;
969 2686 1027 2739 '0
1055 2686 1109 2739 δὲ
1141 2687 1347 2755 ἰησοῦς
1384 2687 1486 2757 ἔφη
1518 2686 1687 2755 αὐτῷ·
1718 2688 1792 2740 Σὺ

190 2779 403 2845 λέγεις.
456 2780 567 2831 Καὶ
609 2781 666 2831 ὲν
713 2778 793 2849 τῷ
854 2777 1284 2847 κατηγορεῖσθαι
1322 2779 1484 2831 αὑτὸν
1534 2779 1639 2831 ὑπὸ
1683 2780 1795 2831 τῶν

194 2869 507 2939 ἀρχιερέων
536 2871 630 2923 καὶ
654 2870 764 2924 τῶν
796 2870 1207 2941 πρεσϐυτέρων,
1238 2870 1390 2922 οὐδὲν
1436 2870 1791 2941 ἀπεκρίνατο.

195 2962 338 3014 Τότε
370 2961 515 3028 λέγει
540 2961 689 3031 αὐτῷ
709 2965 735 3014 ό
753 2962 1010 3025 Πιλᾶτος·
1032 2963 1145 3014 Οὐκ
1170 2961 1386 3024 ἀκούεις
1402 2962 1544 3015 πόσα
1577 2979 1669 3014 σου
1698 2980 1797 3014 κα·-

189 3054 653 3123 ταμαρτυροῦσις
705 3056 815 3108 Καὶ
846 3056 946 3107 οὐκ
996 3053 1271 3125 ἀπεκρίθη
1311 3054 1461 3124 αύτῷ
1501 3054 1637 3124 πρὸς
1678 3054 1797 3107 οὐδὲ

192 3143 262 3196 ἰν
296 3143 484 3212 ῥῆμα⁶
516 3142 656 3197 ὥστε
690 3143 994 3213 θαυμάζειν
1034 3146 1124 3198 τὸν
1172 3145 1417 3215 ἡγεμόνα
1451 3144 1591 3199 λίαν.
1642 3162 1661 3195 ι
1708 3143 1799 3207 Ὦς

190 3233 300 3287 ἀπὶ
339 3234 620 3303 δημοσίοις
650 3236 961 3307 ἐγκλήμασι
1000 3236 1483 3307 κατηγορούμενος
1519 3236 1798 3303 ἀπάγεται

1886 771 2103 835 phetam
2136 766 2402 821 dicentem
2437 781 2451 818 :
2485 763 2548 817 Ει
2564 772 2904 835 acceperunt
2930 764 3152 835 triginta
3188 777 3481 838 argenteos

1884 858 2115 924 pretium
2147 858 2420 917 :cstimati.
2455 872 2616 926 quem
2640 859 2966 912 aestimatum
2997 870 3248 914 emerunt
3271 876 3300 913 a
3353 860 3483 915 ﬁliis

1885 950 2074 1013 Israel,
2115 960 2169 1007 et
2209 951 2473 1005 dederunt
2525 965 2621 1005 eos
2666 950 2717 1004 in
2753 966 2942 1020 agrum
2979 951 3147 1022 ﬁguli,
3188 952 3330 1008 sicut
3362 969 3488 1008 cou-

1887 1042 2059 1097 stituit
2086 1042 2215 1094 mihi
2250 1040 2535 1097 Dominus.
2578 1061 2595 1093 ι
2627 1043 2931 1097 Corbonam
2963 1043 3218 1099 dicebant
3260 1044 3483 1100 thesau-

1889 1149 2010 1187 rum
2041 1134 2091 1186 in
2142 1133 2362 1203 templo,
2407 1134 2458 1187 in
2492 1149 2651 1203 quem
2698 1134 2987 1189 mittebant
3032 1136 3172 1190 dona
3209 1149 3332 1205 quas
3374 1136 3486 1191 Deo

1890 1225 2277 1279 oﬂ‘erebantur.
2328 1226 2459 1280 Vide
2500 1235 2682 1280 autem
2730 1228 3004 1296 quomodo
3060 1226 3199 1281 Deus
3254 1228 3487 1282 infatuet

1889 1316 2053 1380 illos,
2124 1326 2183 1368 ιιι
2244 1318 2561 1372 traduCatur
2620 1333 2773 1372 mens
2828 1318 3041 1372 illorum
3108 1321 3483 1389 sanguinaria.

1891 1407 2073 1478 Usque
2102 1410 2152 1462 in
2182 1410 2322 1463 hunc
2344 1410 2487 1464 enim
2522 1410 2688 1474 diem,
2724 1412 2820 1476 ait,
2846 1425 2976 1480 ager
2998 1410 3089 1465 ille
3121 1410 3323 1465 dicitur
3342 1411 3487 1480 Ager

1890 1500 2201 1571 sanguinis,
2236 1510 2296 1554 ut
2335 1516 2528 1556 omnes
2554 1504 2666 1557 sint
2720 1518 2991 1558 memores
3018 1505 3159 1573 quod
3199 1504 3488 1560 Dominum

1891 1590 2211 1646 occiderint.
2239 1590 2397 1646 Disce
2414 1602 2596 1647 autem
2618 1603 2672 1647 et
2700 1594 2825 1659 hoc,
2861 1594 3003 1662 quod
3027 1603 3079 1649 et
3105 1596 3247 1663 apud
3268 1592 3491 1651 Judzeos

1894 1682 2057 1741 fuerit
2078 1684 2130 1736 in
2162 1684 2337 1751 pretio
2363 1683 2711 1753 hospitalitas
2744 1686 2922 1741 :unde
2957 1686 3009 1738 in
3030 1685 3366 1755 sepulturam
3393 1700 3490 1754 pe-

1897 1775 2236 1844 regrinorum
2271 1774 2429 1845 155
2455 1791 2643 1846 agrum
2682 1776 2831 1831 illum
2872 1789 3148 1833 emerunt.
3171 1777 3491 1833 Coniunda.

1896 1881 2017 1921 mur
2050 1866 2217 1937 igitur
2243 1884 2368 1931 nos,
2409 1852 2499 1936 qui
2527 1870 2654 1923 vita:
2677 1868 3023 1938 perfectioris
3056 1870 3306 1923 videmur
3342 1885 3489 1936 esse,

1896 1966 1950 2012 et
1974 1960 2295 2027 peregrinos
2316 1958 2672 2028 despicimus.
2696 1959 2963 2025 Pretium,
2988 1962 3185 2030 inquit,
3209 1963 3492 2029 malimali,

1896 2051 1995 2105 hoc
2015 2062 2097 2107 est
2138 2050 2340 2106 Christi
2371 2070 2384 2106 :
2414 2051 2813 2106 inaestimabilis
2836 2053 2981 2105 enim
3007 2050 3129 2116 fuit,
3159 2063 3216 2106 et
3250 2054 3495 2107 estima-

1898 2152 1985 2198 tus
2021 2152 2106 2198 est
2140 2158 2166 2195 a
2212 2142 2339 2198 ﬁliis
2368 2141 2558 2208 Israel,
2594 2143 2696 2198 hoc
2724 2152 2835 2207 est,
2872 2143 3111 2213 pretium
3145 2143 3262 2211 ejus
3285 2144 3495 2199 consti-

1898 2244 2116 2290 tuerunt
2180 2236 2270 2289 lilii
2321 2235 2510 2302 Israel,
2558 2236 2701 2307 pacti
2734 2250 2857 2291 cum
2900 2233 3040 2291 Juda
3086 2245 3143 2293 ut
3186 2236 3384 2293 darent
3417 2237 3493 2291 illi

1898 2329 2114 2398 triginta
2143 2336 2450 2399 argenteos.

1973 2508 2137 2566 Vatis.
2160 2511 2349 2566 11-14.
2385 2530 2403 2564 ι
2436 2509 2598 2568 Jesus
2630 2521 2809 2567 autem
2839 2511 3134 2566 stctitante
3180 2510 3493 2581 praesidem.

1899 2612 1954 2656 et
1981 2602 2336 2673 interrogavit
2364 2617 2489 2657 eum
2530 2617 2728 2671 praeses
2762 2601 2949 2657 dicens
2987 2618 3002 2656 :
3048 2600 3127 2654 Tu
3163 2616 3221 2655 es
3263 2616 3358 2655 rex
3398 2598 3495 2654 Ju-

1900 2694 2181 2749 dzeoruui?
2210 2693 2350 2747 Dicit
2378 2694 2451 2747 illi
2482 2692 2639 2749 Jesus
2671 2712 2685 2747 :
2716 2692 2796 2746 Tu
2825 2693 2983 2748 dicis.
3010 2692 3075 2747 Et
3107 2708 3231 2747 cum
3255 2706 3489 2746 accusa-

1903 2796 2050 2840 retur
2077 2801 2104 2838 a
2140 2786 2474 2855 principibus
2500 2787 2869 2849 sacerdotum,
2908 2794 2965 2841 et
2994 2784 3330 2851 senioribus,
3362 2784 3498 2839 nihil

1905 2878 2203 2946 respondit.
2239 2875 2395 2931 Tunc
2438 2876 2569 2931 dicit
2602 2877 2676 2930 illi
2718 2876 2961 2931 Pilatus:
2996 2874 3111 2930 Non
3141 2875 3300 2930 audis
3332 2890 3496 2943 quam

1905 2969 2070 3023 multa
2095 2971 2357 3023 adversus
2381 2976 2433 3021 te
2462 2969 2645 3022 dicant
2672 2966 3016 3022 testimonia?
3051 2966 3112 3020 Et
3137 2981 3244 3034 non
3278 2979 3501 3036 respon-

1906 3061 1984 3113 dit
2005 3060 2051 3114 ei
2088 3060 2153 3113 ad
2183 3059 2347 3113 ullum
2380 3059 2623 3123 verbum,
2660 3059 2730 3112 ita
2755 3068 2813 3112 ut
2840 3059 3133 3112 miraretur
3163 3073 3367 3125 prmses
3404 3071 3501 3109 ve-

1907 3152 2209 3207 hementer.
2245 3169 2264 3203 ι
2304 3152 2467 3219 Quasi
2509 3149 2821 3219 capitalium
2864 3150 3157 3206 criminum
3194 3166 3322 3204 reus
3353 3150 3501 3204 sisti-

1909 3253 1995 3297 tur
2024 3243 2219 3308 Pilato,
2253 3254 2308 3298 et
2343 3244 2711 3312 interrogatur
2736 3257 2863 3296 num
2909 3242 3192 3308 invaserit,
3218 3251 3273 3295 et
3306 3244 3500 3312 conju~

190 3325 342 3397 πρὸς
388 3326 642 3391 Πιλᾶτον,
669 3327 792 3380 ὅθεν
833 3328 927 3381 καὶ
970 3328 1151 3398 ἐρωτᾷ
1200 3329 1364 3380 αὑτὸν
1398 3330 1444 3381 εί
1494 3327 1794 3381 ἐπεϐάλετο

1912 3337 2133 3399 raverit,
2158 3345 2211 3389 et
2242 3337 2525 3389 attentarit
2556 3348 2785 3405 regnare
2825 3332 3049 3388 Judzeis.
3110 3331 3269 3387 Jesus
3316 3342 3498 3386 autem

192 3419 495 3487 ἀνταρσίᾳ,
526 3420 621 3471 καὶ
638 3419 964 3489 ἐπεχείρησε
994 3418 1317 3489 βασιλεῦσαι
1347 3420 1456 3472 τῶν
1497 3419 1793 3473 Ἰουδαίων.

208 3509 279 3562 ὐ
305 3509 363 3561 δὲ
410 3509 619 3578 Ἰησοῦς
648 3509 751 3578 ἔφη
787 3510 936 3580 αὐτῷ
964 3526 977 3539 ⁸
1006 3511 1078 3563 Σὺ
1110 3510 1291 3578 λέγεις
1311 3530 1323 3542 ο
1353 3511 1646 3580 ἀπόκρισιν
1674 3510 1800 3571 δοὺς

193 3602 358 3671 αὐτῷ
407 3602 758 3671 σοςρωτάτην·
796 3601 922 3655 οὔτε
982 3604 1092 3674 γὰρ
1146 3598 1321 3667 εἶπεν,
1378 3603 1461 3655 ὅτι
1500 3602 1613 3655 Οὐκ
1664 3601 1801 3670 εἰμὶ,

1908 3428 2044 3481 dixit
2084 3426 2156 3478 illi
2199 3443 2213 3479 :
2247 3423 2327 3477 Tu
2364 3425 2499 3479 dicis
2548 3441 2563 3477 :
2611 3424 3019 3490 sapientissimo
3053 3438 3318 3491 responso
3349 3425 3497 3476 dato.

1908 3516 2091 3586 Neque
2119 3516 2263 3570 enim
2291 3515 2464 3570 dixit:
2487 3513 2606 3568 Non
2636 3530 2755 3568 sum
2780 3532 2792 3566 :
2832 3529 2931 3568 nec
2956 3523 3169 3577 contra,
3200 3516 3311 3584 Ego
3332 3528 3453 3568 sum
3481 3530 3497 3568 :

1908 3611 2000 3663 sed
2033 3608 2213 3662 medio
2237 3607 2470 3675 quodam
2506 3605 2665 3659 modo
2696 3603 2833 3658 dixit
2862 3620 2876 3657 :
2906 3602 2984 3657 Tu
3016 3604 3174 3657 dicis.
3206 3603 3323 3657 Hoc
3348 3603 3495 3656 enim

192 3692 334 3748 οὔτε
364 3693 549 3757 πάλιν,
577 3696 660 3747 ὅτι
694 3695 844 3765 Είμί.
891 3694 1053 3752 Ἀλλά
1083 3696 1261 3763 μέσως
1294 3711 1409 3755 πως
1445 3694 1572 3763 ἔφη’
1609 3693 1681 3746 Σὺ
1712 3694 1800 3745 λέ-

195 3803 357 3856 γεις.
390 3785 563 3839 Τοῦτο
587 3787 695 3857 γὰρ
712 3786 931 3840 δᾶναται
960 3789 1052 3841 καὶ
1079 3787 1220 3841 οὕτω
1251 3787 1536 3856 νοηθῆναι,
1558 3785 1639 3837 ὄτι
1671 3786 1805 3855 Εἰμὶ

197 3876 395 3939 καθὼς
417 3876 616 3944 λέγεις·
642 3878 736 3929 καὶ
754 3876 948 3941 οὕτως,
969 3879 1049 3930 ὅτι
1085 3877 1226 3945 Ἐγὼ
1252 3879 1351 3948 μὲν
1374 3878 1531 3930 τοῦτο
1557 3879 1617 3930 ού
1635 3878 1801 3945 λέγω,

199 3952 280 4022 ἐὺ
318 3969 378 4021 δὲ
436 3968 649 4037 λέγεις’
694 3969 822 4023 ἄλλο
857 3970 1040 4040 μέντοι
1084 3970 1234 4023 οὐδὲν
1279 3970 1641 4039 ἀπεκρίνατο·
1688 3970 1805 4040 ᾔδει

196 4060 321 4129 γὰρ
362 4060 423 4113 τδ
457 4061 742 4130 κριτήριον
777 4062 851 4131 μὴ
898 4061 1041 4114 κατά
1063 4062 1220 4129 λόγον
1254 4061 1571 4131 προϐαῖνον.
1609 4062 1804 4114 Ἐθαύ-

201 4151 388 4223 μαζεν
415 4150 508 4205 οὖν
533 4153 561 4205 ὀ
591 4152 823 4215 Πιλᾶτος
852 4154 944 4205 τὸν
992 4152 1221 4223 Κύριον,
1259 4154 1375 4222 ἅμα
1411 4154 1510 4222 μὲν
1536 4152 1802 4215 dign-ca-

196 4242 517 4314 φρονοῦντα
541 4242 803 4309 θανάτου,
838 4243 954 4313 ἅμα
982 4243 1037 4296 δὲ
1071 4245 1195 4307 πῶς
1219 4245 1398 4312 λόγιος
1420 4244 1494 4295 ὢν
1518 4247 1612 4297 καὶ
1638 4246 1806 4317 μυρία

190 4333 355 4403 ιχων
390 4332 757 4403 προϐαλέσθαι
790 4337 869 4398 είς
896 4334 1216 4403 ἀπολογίαν.
1253 4336 1405 4388 οὐδὲν
1444 4337 1801 4406 ἀπεκρίνατο,

192 4427 351 4481 ἀλλά
397 4426 506 4479 τῶν
538 4427 914 4496 ἐγκαλούντων
951 4428 1265 4498 ὑπερεώρα.
1310 4429 1706 4499 Διδασκώμεοα
1746 4430 1803 4483 δὲ

189 4518 310 4572 καὶ
359 4518 523 4588 ήμεζς
561 4517 814 4572 ἐντεῦθεν
861 4521 989 4572 ὃταν
1032 4520 1168 4588 πρὸς
1200 4520 1555 4590 δικαστήριον
1590 4520 1806 4590 ἔχωμεν

187 4611 632 4680 διεφθαρμένον,
656 4611 822 4683 μηδὲν
840 4612 1041 4681 λέγειν,
1069 4614 1155 4665 ἶνα
1176 4614 1314 4682 μήτε
1337 4613 1565 4682 θόρυϐον
1588 4614 1804 4666 πλείονα

185 4701 541 4771 ἀγείρωμεν,
571 4703 709 4770 μήτε
743 4703 1122 4772 κατακρίσεως
1166 4703 1408 4766 πλείονος
1444 4697 1595 4771 ὦμεν
1636 4704 1800 4756 αίτιοι
1834 4712 1878 4765 ι)

184 4796 325 4858 τοῖς
359 4794 435 4863 μὴ
458 4794 569 4847 τῶν
603 4795 912 4863 ἀπολογιιῖω
944 4796 1101 4865 ἡμῶν
1128 4796 1407 4849 ἀκούουσι.

284 4903 308 4935 ε
344 4884 501 4936 Κατά
528 4884 585 4936 δὲ
624 4885 818 4955 ἑορτὴν
855 4884 1039 4937 εἰώθει
1078 4888 1104 4937 ό
1136 4888 1362 4955 ἡγεμὼν
1406 4886 1669 4940 ἀπολύειν
1705 4889 1802 4941 ἕνα

178 4975 279 5046 τῷ
314 4972 460 5043 ὄχλῳ
488 4974 733 5043 δέσμιον,
769 4974 827 5027 δν
872 4976 1063 5047 ἢθελον
1085 4993 1097 5006 ·
1144 4974 1291 5047 εἶχον
1338 4978 1392 5030 δὲ
1424 4980 1546 5031 τότε
1579 4980 1801 5049 δέσμιον

177 5066 505 5134 ἐπίσημον,
554 5067 850 5137 λεγόμενον
907 5069 1223 5137 Βαραϐϐᾶν.
1283 5072 1646 5141 Συνηγμένων
1710 5072 1804 5125 οὖν

178 5158 415 5222 αὐτῶν,
444 5154 597 5213 εἶπεν
627 5160 810 5222 αὐτοῖς
838 5164 865 5213 ὁ
892 5161 1141 5224 Πιλᾶτος
1164 5161 1299 5214 Τίνα
1329 5163 1514 5216 θέλετε
1542 5163 1803 5217 ἀπολύσω

176 5258 341 5330 ὑμῖν
362 5296 378 5321 ,
405 5255 718 5326 Βαραϐϐᾶν,
753 5257 786 5326 ἢ
830 5256 1038 5327 Ἰησοῦν
1066 5257 1159 5310 τὸν
1191 5258 1484 5328 λεγόμενον
1532 5259 1801 5329 Χριστόνς

184 5347 375 5422 ’ῌδει
406 5346 516 5414 γὰρ
563 5348 647 5400 ὅτι
697 5345 784 5399 διά
829 5347 1023 5415 φθόνον
1071 5348 1396 5418 παρέδωκαν
1441 5348 1623 5402 αὐτόν.
1668 5368 1685 5400 ι
1742 5347 1803 5401 Ὀ

176 5440 449 5501 Πιλᾶτος
490 5438 821 5504 ἐσπούδαζεν
870 5438 1138 5492 ἀπολῦσαι
1180 5440 1271 5493 τὸν
1320 5441 1577 5510 Χριστὸν,
1626 5442 1674 5493 εἰ
1708 5441 1801 5493 καὶ

174 5528 607 5605 μαλακώτερον
639 5530 735 5583 τοῦ
766 5530 1008 5593 δέοντος’
1050 5530 1155 5583 ἔδει
1195 5532 1304 5601 γὰρ
1345 5534 1599 5602 ἐνστῆναι
1637 5532 1800 5585 αὐτὸν

172 5626 356 5694 ὑπὲρ
404 5623 500 5676 τοῦ
544 5623 799 5692 ἀληθοῦς.
848 5624 1069 5692 Πρῶτον
1125 5624 1222 5693 μὲν
1278 5620 1370 5676 οὖν
1425 5626 1676 5695 ἠρώτησε
1710 5626 1799 5679 τὸν

172 5716 438 5787 Κύριονο
470 5716 586 5768 Οὐκ
620 5716 839 5777 ἀκούεις
873 5716 924 5766 τί
952 5710 1097 5768 οὗτοί
1130 5734 1221 5768 σου
1249 5718 1795 5789 καταμαρτυροῦσιν;

182 5808 509 5882 Ἦρὼτησε
524 5808 581 5861 δὲ
610 5808 719 5873 ἵνα,
744 5809 1224 5879 ἀπολογησαμένου
1245 5811 1339 5863 τοῦ
1360 5812 1619 5881 Χριστοῦ,
1643 5812 1794 5881 σχοίη

167 5902 469 5973 ἀφορμὴν
501 5901 641 5970 πρὸς
680 5900 743 5953 τὸ
783 5900 1053 5955 ἀπολῦσαι
1093 5903 1257 5955 αὐτόν
1278 5918 1291 5932 ·
1328 5904 1451 5955 ἐπεὶ
1480 5903 1537 5955 δὲ
1567 5906 1665 5956 εύκ
1694 5908 1801 5957 ἀπο

164 5994 447 6065 ελογεῖτο
475 5994 505 6047 ό
532 5992 758 6063 Κύριος,
787 5992 1071 6061 γινώσκων
1094 5993 1332 6058 πάντως,
1359 5995 1441 6047 ὅτι
1471 5994 1575 6049 κᾶν
1599 5995 1797 6047 ἀπολο-

1908 3710 2085 3770 potest
2117 3710 2169 3753 et
2198 3699 2277 3754 sic
2306 3696 2526 3767 intelligi
2559 3716 2571 3749 :
2606 3697 2737 3749 Sum
2770 3694 2912 3748 sicut
2942 3694 3113 3760 dicis;
3146 3703 3199 3747 et
3220 3694 3299 3747 sic
3334 3710 3348 3745 :
3385 3693 3496 3759 Ego

1908 3793 2125 3861 quidem
2179 3792 2280 3843 hoc
2319 3804 2425 3842 non
2462 3788 2604 3854 dico,
2644 3796 2697 3841 tu
2752 3796 2933 3840 autem
2978 3786 3131 3841 dicis.
3169 3786 3329 3839 Aliud
3370 3800 3498 3838 vero

1911 3896 2228 3950 responsum
2268 3896 2370 3933 non
2419 3878 2589 3934 dedit.
2635 3878 2853 3933 Sciebat
2891 3878 3033 3931 enim
3083 3876 3345 3945 iniustum
3383 3876 3501 3931 fore

1903 3971 2191 4040 judicium.
2224 3967 2457 4027 Proinde
2493 3967 2794 4019 admiratus
2825 3973 2904 4019 est
2941 3964 3148 4017 Pilatus
3184 3962 3497 4025 Dominum.

1910 4073 1963 4116 et
1988 4065 2129 4129 quod
2158 4068 2530 4115 contemneret
2554 4066 2807 4123 mortem,
2836 4068 2890 4110 et
2916 4058 3058 4126 quod
3101 4065 3210 4109 tam
3237 4056 3499 4126 eloquens

1910 4166 1965 4208 et
2001 4155 2165 4206 multa
2203 4152 2407 4206 habens
2443 4166 2563 4221 quae
2598 4151 2971 4220 responderet,
3023 4150 3157 4203 nihil
3195 4152 3497 4217 responde-

1912 4255 2012 4308 ret,
2040 4244 2133 4298 sed
2165 4253 2509 4299 accusatores
2546 4252 2941 4297 contemneret.
2986 4240 3269 4295 Discainus
3300 4252 3357 4293 et
3401 4255 3499 4293 nos

1912 4336 2012 4388 hoc
2055 4335 2174 4387 loco
2197 4334 2468 4402 quomodo
2497 4347 2687 4403 gerere
2723 4348 2823 4387 nos
2873 4334 3168 4387 debeamus
3203 4332 3254 4384 in
3288 4332 3498 4402 judicio

1910 4428 2133 4494 injusto.
2161 4442 2227 4480 ne
2252 4428 2377 4496 quid
2397 4427 2662 4487 dicamus,
2694 4441 2759 4480 ne
2782 4425 3046 4479 tumultus
3075 4422 3250 4491 major
3282 4423 3501 4479 oboria-

1913 4528 2017 4581 tur,
2054 4534 2186 4572 neve
2216 4518 2437 4587 majoris
2467 4518 2942 4572 condemnationis
2972 4514 3323 4571 occasionem
3358 4532 3499 4586 pra:-

1912 4613 2135 4666 beamus
2166 4612 2251 4666 his
2286 4611 2378 4681 qui
2413 4609 2755 4665 defensiones
2802 4620 3016 4663 nostras
3054 4609 3249 4665 audire
3282 4610 3496 4665 nolunt.

1980 4881 2144 4936 Vsus.
2179 4881 2366 4937 15-18.
2404 4898 2422 4933 ι
2455 4880 2674 4937 infesto
2705 4888 2883 4935 autem
2915 4888 3277 4936 consueverat
3298 4896 3499 4947 ιιι-ωερε

1911 4976 2080 5028 turbae
2124 4975 2396 5028 dimittere
2447 4990 2612 5027 unum
2662 4975 2901 5028 vinctum
2958 4987 3120 5042 quem
3165 4973 3487 5028 voluissent.

1909 5066 2152 5121 Habebat
2183 5078 2363 5120 autem
2400 5075 2529 5119 tunc
2556 5066 2797 5120 vinctum
2837 5066 3131 5134 insignem,
3156 5066 3248 5134 qui
3277 5066 3499 5121 diceba-

1908 5168 1995 5212 tur
2028 5158 2327 5213 Barabbas.
2363 5156 2721 5227 Cougregatis
2751 5172 2882 5228 ergo
2919 5158 3045 5222 illis,
3076 5158 3213 5212 dixit
3246 5157 3495 5213 Pilatus:

1906 5250 2076 5316 Quem
2110 5251 2270 5305 vultis
2307 5250 2572 5304 dimittam
2620 5250 2795 5312 vobis,
2831 5250 3156 5314 Barabbam,
3205 5266 3273 5305 an
3304 5249 3492 5306 Iesum

1908 5346 1997 5415 qui
2041 5346 2242 5401 dicitur
2290 5344 2577 5400 Christus?
2624 5343 2842 5399 Sciebat
2886 5348 3033 5397 enim
3072 5343 3220 5413 quod
3267 5351 3497 5413 propter

1909 5438 2164 5491 invidiam
2198 5436 2549 5491 tradidissent
2577 5451 2722 5490 eum.
2764 5455 2781 5486 ι
2818 5435 3028 5489 Pilatus
3054 5434 3307 5489 studebat
3329 5434 3493 5489 Chri-

1906 5537 2049 5583 stum
2108 5527 2407 5589 absolvere,
2455 5526 2672 5579 tametsi
2730 5526 2931 5578 lentius
2966 5538 3128 5593 quam
3184 5524 3496 5592 oportebat.

1906 5622 2136 5675 debebat
2166 5620 2311 5674 enim
2341 5634 2399 5673 se
2429 5634 2525 5688 pro
2553 5618 2780 5672 veritate
2808 5617 3066 5686 objicere.
3099 5612 3341 5669 Primum
3366 5616 3497 5683 qui-

1907 5716 2025 5770 dem
2075 5710 2443 5782 interrogabat
2498 5710 2783 5765 Dominum
2830 5726 2843 5761 :
2887 5706 3006 5764 Non
3045 5707 3200 5761 audis
3238 5705 3369 5775 quid
3418 5706 3498 5760 illi

1908 5818 2095 5863 contra
2133 5815 2185 5860 te
2235 5802 2628 5859 testi’iicentur?
2664 5800 3023 5870 Interrogavit
3069 5808 3288 5864 autem,
3349 5804 3409 5851 ut
3446 5798 3494 5852 si

1906 5899 2157 5955 Christus
2194 5910 2253 5952 se
2280 5904 2587 5960 excusaret,
2635 5894 2861 5948 haberet
2905 5891 3252 5946 occasionem
3307 5889 3489 5943 absol-

1909 5992 2065 6049 vendi
2104 6006 2248 6047 eum.
2295 5990 2362 6043 At
2404 6003 2527 6043 cum
2588 6000 2694 6041 ncn
2746 5981 3066 6040 defenderet
3108 5995 3166 6035 se
3208 5978 3482 6045 Christus,
