4028 6576
642 449 749 511 463

1488 437 1794 498 ἸἮΕΟΡΠ
1808 434 2089 496 YLACTI'
2118 434 2216 494 BU
2230 433 2530 494 LGARIE
2573 433 2909 494 ARCHIEP

3764 435 3865 500 ιιι

642 570 818 626 sciens
850 580 906 618 se
939 577 1041 617 non
1072 557 1352 625 dimissum
1400 557 1462 607 iri
1505 553 1851 622 quantumvis
1894 565 1950 604 se
1975 565 2188 604 excusa

2308 551 2580 616 γήσηται,
2618 550 2716 599 οὐκ
2763 547 3118 615 ἀφεθήσεται,
3155 546 3352 616 ἑτέραν
3383 550 3500 602 ὁδὸν
3552 551 3817 620 τρέπεται
3854 561 3880 608 6

643 671 745 725 ret,
772 657 926 710 aliam
976 651 1111 703 viam
1148 648 1351 702 invenit
1385 644 1605 706 Pilatus,
1640 652 1692 696 et
1726 642 1962 709 confugit
1991 641 2098 707 jam
2133 638 2195 691 ad

642 745 1106 806 consuetudinem,
1137 738 1290 808 quasi
1328 738 1404 792 sic
1434 737 1636 790 diceret
1679 753 1690 785 :
1730 733 1783 786 Si
1814 747 1919 785 non
1956 741 2014 784 ut
2042 732 2198 783 inno-

641 851 849 896 centeni
882 835 1150 888 dimittitis
1188 829 1390 890 Jesum,
1439 828 1626 881 saltem
1670 836 1925 893 tanquam
1976 824 2199 875 damna-

641 946 752 988 tum
788 931 1085 986 condonate
1139 926 1309 993 ipsum
1358 923 1480 974 huic
1530 919 1684 973 festo.
1730 917 2006 980 Quomodo
2054 916 2194 967 enim

639 1024 896 1094 suspicari
929 1021 1186 1090 potuisset
1222 1016 1422 1070 Pilatus
1454 1013 1593 1082 quod
1639 1012 1979 1064 innocentem
2011 1006 2194 1061 Jesum

640 1116 704 1169 ad
729 1111 1145 1178 crucifigendum
1177 1115 1436 1174 peterent.
1469 1112 1521 1156 et
1555 1115 1701 1154 reum
1733 1100 1992 1152 latronem
2018 1097 2198 1149 dimit—

638 1203 846 1258 terent?
893 1202 1079 1255 Sciens
1131 1199 1292 1266 igitur
1331 1209 1434 1248 non
1476 1206 1595 1245 esse
1646 1207 1814 1253 reum,
1868 1191 1958 1244 sed
2000 1187 2193 1241 invidia

638 1295 918 1357 traditum,
941 1291 1055 1344 ideo
1079 1291 1367 1357 interrogat
1400 1299 1511 1338 eos.
1544 1283 1693 1336 Unde
1713 1279 1944 1334 ostendit
1971 1293 2028 1331 se
2053 1276 2194 1344 plus-

638 1399 796 1454 quam
858 1394 1065 1448 tequurn
1133 1388 1249 1430 erat
1300 1375 1644 1428 molliorem:
1709 1371 1866 1440 156
1917 1367 2196 1437 oportebat

637 1477 776 1530 enim
810 1487 904 1541 pro
937 1469 1159 1524 veritate
1190 1465 1504 1538 periclitari.
1529 1465 1711 1533 Itaque
1739 1465 1928 1530 dignus
1958 1467 2038 1513 est
2067 1472 2195 1511 con-

636 1565 999 1629 demnatione,
1025 1571 1279 1630 tanquam
1309 1559 1548 1614 veritatis
1568 1569 1900 1624 suppressor.
1927 1551 2195 1605 Barabbas

636 1670 811 1713 autem
860 1653 1212 1722 interpretari
1266 1651 1387 1720 quis
1435 1656 1606 1718 p0test
1643 1646 1812 1713 ﬁlium
1851 1644 2041 1711 patris.
2094 1641 2196 1694 Bar

635 1750 776 1804 enim
810 1747 975 1816 ﬁlius,
1011 1745 1190 1799 Alibas
1225 1752 1403 1796 autem
1435 1752 1601 1816 pater.
1636 1737 1800 1791 Judazi
1837 1737 1997 1804 igitur
2031 1733 2193 1786 lilium

636 1811 918 1911 patrisvsui
945 1837 1141 1892 diaboli
1172 1833 1532 1904 postularunt,
1571 1811 1752 1884 desum
1796 1839 1974 1881 autem
2008 1825 2194 1879 cruci-

2308 639 2554 700 Πιλάτος,
2589 638 2680 690 καὶ
2714 640 3048 706 καταφεύγει
3073 637 3262 690 λοιπὸν
3287 641 3379 692 ἐπὶ
3411 641 3468 692 τὸ
3509 641 3651 704 ἔθος.
3693 660 3880 710 μονον-ι

2304 730 2423 798 ουχὶ
2460 728 2615 782 τοῦτο
2662 730 2835 797 λέγων
2857 745 2869 760 ·
2901 730 2960 782 Εί
2997 729 3073 801 μὴ
3096 729 3170 790 ὡς
3201 731 3377 782 ἀθῶον
3406 733 3598 799 ἀφίετε
3640 735 3732 786 τὸν
3775 736 3877 805 Ἰη-

2307 819 2450 880 σοῦν,
2472 819 2569 872 κάν
2596 819 2670 881 ὡς
2697 819 3023 888 κατάκριτον
3050 819 3351 888 χαρίσασθε
3375 821 3567 874 τοῦτον
3594 827 3661 892 τῇ
3693 827 3874 894 ἑορτῇ.

2305 911 2413 964 Ποῦ
2441 917 2547 980 γάρ
2578 909 2642 962 ἂν
2673 909 2942 968 ὑπέλαϐεν
2975 911 3002 962 ό
3037 911 3268 973 Πιλᾶτος
3307 911 3388 964 ὅτι
3428 913 3608 966 ἀθῶον
3638 916 3766 968 ϐντα
3794 918 3879 969 τὸν

2321 1005 2530 1072 Ἰησοῦν
2554 1005 2867 1074 αἰτήσονται
2920 1003 3323 1073 σταυρωθῆναι,
3379 1006 3470 1058 καὶ
3509 1005 3601 1057 τὸν
3635 1008 3881 1060 ὑπαίτιον

2303 1097 2504 1172 λῃστὴν
2550 1096 2947 1161 ἀπολύσουσινς
2996 1095 3163 1158 Εἰδὼς
3195 1093 3289 1150 οῦν
3338 1097 3418 1150 ὅτι
3479 1099 3736 1162 ὑπαίτιος
3785 1103 3880 1154 ούκ

2303 1190 2440 1250 ἔστι,
2506 1188 2776 1257 φθονεῖται
2824 1189 2914 1252 δὲ,
2961 1189 3151 1241 τούτου
3201 1189 3385 1243 ἕνεκεν
3432 1192 3612 1260 ἐρωτᾷ
3649 1193 3878 1254 αὐτούς*

2301 1282 2423 1333 ὅθεν
2457 1281 2727 1333 δείκνυται
2760 1281 2838 1331 ὅτι
2883 1279 3275 1349 μαλακώτερος
3306 1277 3372 1349 ἦν
3393 1297 3406 1310 ο
3441 1283 3548 1335 ἔδει
3585 1284 3697 1352 γὰρ
3727 1285 3882 1335 αὐτὸν

2303 1371 2750 1441 προκινδυνεῦσαι
2793 1369 2885 1421 τοῦ
2921 1369 3152 1436 ἀγαθοῦ.
3183 1373 3280 1422 Διά
3311 1370 3469 1423 τοῦτο
3493 1368 3586 1424 οὖν
3615 1375 3711 1424 καὶ
3740 1374 3880 1438 ἄξιος

2301 1465 2698 1536 κατακρίσεως,
2733 1464 2808 1528 ὡς
2835 1465 2932 1535 τὴν
2961 1466 3222 1535 ἀλήθειαν
3253 1468 3630 1536 συγκαλύψας.
3669 1468 3880 1536 Βαραϐ-

2301 1556 2402 1620 ϐᾶς
2427 1557 2480 1610 δὲ
2510 1557 2897 1627 ἑρμηνεύεται,
2925 1559 3056 1622 υίὸς
3093 1560 3200 1612 τοῦ
3252 1564 3475 1628 πατρός
3498 1580 3510 1592 ο
3545 1561 3652 1632 βάρ
3702 1563 3813 1633 γὰρ
3851 1567 3879 1616 ό

2301 1648 2449 1711 υίὸς,
2476 1646 2649 1708 ἀϐϐᾶς
2669 1647 2724 1698 δὲ
2758 1649 2791 1700 ό
2814 1649 3030 1715 πατήρ.
3059 1650 3121 1700 Οἱ
3147 1649 3326 1702 τοίνυν
3360 1651 3624 1715 Ἰουδαῖοι,
3660 1651 3749 1705 τὺν
3771 1657 3879 1706 υίδν

2299 1737 2394 1790 τοῦ
2426 1736 2630 1807 πατρὸς
2660 1737 2860 1800 αὐτῶν,
2883 1737 2976 1791 τοῦ
3012 1738 3286 1800 διαϐόλου,
3319 1741 3680 1811 ἐξῃτήσαντο,
3711 1745 3802 1797 τὸν
3825 1745 3878 1798 δὲ

2313 1829 2517 1899 Ἰησοῦν
2545 1830 2927 1899 ισταύρωσαν⁸
2959 1831 3054 1883 καὶ
3101 1831 3263 1901 μέχρι
3306 1831 3361 1884 δὲ
3395 1832 3488 1884 τοῦ
3521 1833 3640 1896 νῦν,
3673 1834 3752 1903 τῷ
3784 1835 3878 1903 μιν

637 1907 869 1986 fixerunt
894 1949 906 1983 :
933 1936 986 1983 et
1015 1942 1181 1998 usque
1210 1929 1262 1981 in
1295 1927 1438 1980 hunc
1471 1925 1608 1978 diem
1636 1922 1745 1974 filio
1777 1920 1944 1989 patris
1976 1919 2057 1972 sui
2085 1919 2188 1970 An-

2301 1921 2400 1992 υίῷ
2428 1921 2518 1974 τοῦ
2554 1922 2758 1990 πατρὸς
2789 1922 2990 1988 αυτῶν,
3021 1923 3099 1991 τῷ
3140 1923 3510 1995 ’Δντικρίστῳ,
3557 1925 3878 1995 προστίθεν-

637 2024 886 2079 tichristo
921 2021 1215 2082 adhterent,
1253 2017 1523 2072 Christum
1557 2029 1734 2068 autem
1768 2015 2052 2081 abnegant.

704 2117 868 2170 Vens.
896 2113 1085 2168 19-26.
1134 2129 1152 2162 ι
1192 2111 1424 2165 Sedente
1453 2115 1630 2160 autem
1656 2106 1745 2158 illo
1783 2119 1878 2172 pro
1921 2101 2192 2165 tribunali,

633 2208 780 2263 misit
812 2207 874 2258 ad
906 2221 1026 2259 eum
1060 2219 1193 2257 uxor
1228 2202 1364 2270 ejus,
1394 2199 1576 2253 dicens
1617 2217 1630 2250 :
1683 2195 1828 2251 Nihil
1859 2196 1950 2248 tibi
1976 2204 2028 2248 et
2049 2194 2194 2262 justo

633 2299 729 2355 illi.
760 2298 922 2352 Multa
955 2297 1097 2350 enim
1131 2309 1284 2363 passa
1327 2307 1444 2348 sum
1475 2291 1635 2345 hodie
1659 2291 1710 2345 in
1737 2288 1942 2344 somnis
1981 2297 2195 2356 propter

629 2405 774 2447 eum.
817 2388 1091 2456 Principes
1121 2393 1298 2439 autem
1334 2382 1672 2437 sacerdotum
1707 2391 1760 2434 et
1795 2381 2036 2447 seniores
2067 2392 2190 2446 per-

631 2487 917 2535 suaserunt
949 2475 1117 2530 turbis
1152 2483 1208 2527 ut
1241 2482 1485 2542 peterent
1509 2470 1828 2533 Barabham,
1849 2465 2030 2521 Jesum
2064 2478 2194 2520 vero

632 2571 937 2639 perderent.
997 2566 1344 2633 Respondens
1384 2571 1560 2614 autem
1625 2574 1822 2627 praeses
1880 2559 1954 2612 ait
2017 2556 2119 2612 illis
2173 2575 2186 2611 :

633 2653 823 2710 Utrum
859 2653 1023 2705 Vultis
1047 2651 1194 2704 vobis
1223 2665 1251 2704 e
1278 2650 1488 2702 duobus
1515 2648 1814 2700 dimittam?
1840 2647 1905 2700 At
1938 2647 2012 2700 illi
2039 2649 2189 2702 dixe-

634 2752 757 2798 runt
799 2763 811 2796 :
855 2740 1173 2796 Barabbam.
1215 2741 1349 2792 Dicit
1384 2738 1489 2792 illis
1540 2736 1790 2790 Pilatus:
1845 2738 1979 2801 Quid
2033 2739 2192 2806 igitur

635 2837 828 2890 faciam
881 2836 945 2888 dc
992 2833 1148 2896 Jesu,
1189 2833 1279 2901 qui
1331 2830 1527 2884 dicitur
1565 2830 1853 2883 Christus?
1906 2829 2099 2883 Dicunt
2141 2831 2190 2885 ei

631 2942 816 2980 omnes
847 2945 859 2979 :
886 2925 1260 2993 Crucitigatur.
1287 2923 1492 2977 Prtescs
1519 2932 1695 2975 autem
1731 2923 1805 2974 ait
1840 2940 1850 2972 :
1879 2921 2018 2986 Quid
2047 2923 2188 2975 enim

633 3016 752 3070 mali
787 3014 948 3070 fecit?
977 3017 1042 3068 At
1070 3015 1144 3067 illi
1179 3015 1346 3083 magis
1371 3013 1696 3075 clamabant,
1730 3011 1966 3066 dicentes
2003 3027 2016 3065 :
2051 3011 2187 3067 Cru-

629 3106 895 3176 ciﬁgatur.
941 3104 1135 3158 Videas
1169 3116 1341 3157 autem
1378 3104 1582 3157 Pilatus
1617 3103 1757 3171 quod
1791 3103 1917 3156 nihil
1956 3104 2183 3170 prolice-

631 3207 731 3262 ret,
758 3201 850 3253 sed
880 3197 1048 3266 magis
1083 3195 1337 3250 tumultus
1369 3196 1541 3256 fieret,
1574 3205 1790 3261 accepta
1825 3209 1960 3261 aqua
1997 3209 2187 3248 manus

630 3290 796 3344 abluit
826 3302 1004 3342 coram
1043 3288 1256 3354 populo,
1288 3288 1468 3338 dicens
1514 3301 1528 3338 :
1563 3283 1823 3338 Innocens
1868 3299 1966 3354 ego
2005 3300 2123 3338 sum
2158 3302 2186 3338 a

627 3380 1034 3448 sangtnnejnsti
1074 3379 1248 3445 hujus,
1293 3390 1383 3430 vos
1428 3376 1696 3429 videbitis.
1762 3375 1826 3428 Et
1858 3378 2188 3444 respondens

628 3473 911 3526 uiiiversus
940 3471 1162 3538 pepulus
1189 3469 1322 3520 dixit
1351 3487 1362 3519 :
1403 3466 1634 3534 Sanguis
1665 3466 1781 3532 ejus
1812 3480 1972 3533 super
2000 3480 2097 3519 nos
2136 3476 2189 3519 et

629 3577 791 3630 super
834 3560 971 3613 ﬁlios
1021 3569 1251 3612 nostros.
1291 3557 1439 3610 Tunc
1489 3556 1692 3610 dimisit
1731 3556 1833 3609 illis
1861 3555 2184 3620 Barahham,

628 3650 810 3705 Jesum
835 3661 1012 3704 autem
1040 3648 1359 3717 ﬂagellatum
1388 3646 1604 3699 tradidit
1626 3655 1683 3697 ut
1710 3645 2132 3712 crucifigeretur.
2164 3661 2182 3693 ι

629 3739 674 3795 0
704 3740 1017 3794 miraculum
1048 3740 1059 3790 l
1115 3739 1202 3806 qui
1225 3737 1497 3803 judicatur
1529 3750 1556 3787 a
1590 3733 1776 3797 Pilato,
1815 3748 2034 3786 uxorem
2075 3735 2189 3800 ejus

632 3841 814 3887 terret.
849 3831 966 3897 Ipse
1002 3840 1179 3882 autem
1232 3843 1334 3881 non
1380 3829 1527 3882 videt
1561 3827 1850 3886 somnium.
1901 3827 1993 3880 sed
2031 3840 2186 3889 uxor,

627 3923 711 3978 vel
741 3923 883 3990 quod
927 3922 1038 3989 ipse
1068 3911 1316 3988 indignas
1351 3928 1486 3980 erat,
1521 3919 1602 3972 vel
1629 3918 1771 3986 quod
1825 3917 1955 3970 fides
1989 3916 2037 3970 ei
2081 3931 2185 3970 non

628 4015 814 4071 fuisset
857 4013 1055 4076 habita,
1093 4012 1183 4066 sed
1229 4011 1374 4066 visus
1417 4022 1564 4066 esset
1602 4012 1666 4065 ad
1715 4013 1940 4080 gratiam
1988 4012 2129 4080 loqui
2171 4031 2184 4066 :

626 4105 874 4160 fortassis
902 4106 1060 4157 etiam
1087 4103 1341 4156 tacuisset
1372 4102 1520 4167 talia,
1550 4102 1594 4155 si
1624 4103 1869 4163 vidisset,
1895 4117 2017 4154 cum
2043 4110 2187 4155 esset

623 4194 806 4264 jndex.
852 4193 1207 4247 Providentia!
1240 4201 1417 4245 autem
1465 4205 1600 4260 opus
1642 4192 1908 4244 somnium
1961 4191 2183 4257 factum,

628 4300 732 4339 non
767 4293 823 4336 ut
859 4284 1163 4339 absolvatur
1192 4283 1459 4347 Christus,
1509 4282 1600 4336 sed
1640 4292 1699 4334 ut
1741 4291 1989 4336 servetur
2029 4297 2184 4336 uxor.

627 4377 904 4442 Quomodo
933 4376 1091 4442 igitur
1127 4389 1230 4429 non
1278 4373 1506 4428 absolvit
1533 4372 1718 4427 illum?
1763 4373 1896 4439 Quia
1933 4387 2036 4426 non
2069 4381 2186 4426 erat

629 4468 890 4537 integrum
916 4466 1182 4520 dimittere
1200 4466 1366 4529 illum,
1390 4464 1478 4533 qui
1501 4464 1564 4518 de
1591 4463 1873 4532 tyrannide
1892 4463 2187 4517 accusaba-

2297 2029 2410 2078 ται,
2443 2014 2534 2065 τὸν
2558 2014 2614 2067 δὲ
2646 2015 2880 2085 Χριστὸν
2915 2016 3333 2086 παραιτοῦνται.

2376 2120 2394 2144 ι
2426 2103 2754 2173 Καθημένου
2781 2104 2837 2157 δὲ
2860 2105 3022 2157 αὑτοῦ
3047 2106 3140 2158 ἐπὶ
3165 2106 3260 2158 τοῦ
3296 2108 3559 2174 βῆματος,
3587 2109 3875 2162 ἀπέστειλε

2298 2195 2434 2263 πρὸς
2461 2195 2621 2247 αὐτὸν
2665 2198 2696 2265 ἡ
2738 2198 2875 2266 γυνη
2903 2196 3088 2260 αὑτοῦ,
3131 2197 3395 2264 λέγουσιν
3434 2200 3620 2268 Μηδὲν
3667 2205 3748 2254 σοὶ
3789 2204 3878 2256 καὶ

2294 2282 2370 2351 τῷ
2399 2283 2590 2352 δικαίῳ
2625 2285 2836 2354 ἐκείνῳ.
2878 2286 3052 2340 Πολλά
3092 2288 3199 2355 γὰρ
3232 2286 3432 2341 ἔπαθον
3476 2291 3724 2361 σήμερον
3761 2294 3876 2344 κατ’

2293 2373 2424 2443 ϐναρ
2462 2373 2528 2426 δι’
2561 2375 2744 2427 αὐτόν.
2781 2377 2843 2429 Ui
2887 2376 2942 2429 δὲ
2973 2379 3250 2447 ἀρχιερεῖς
3286 2379 3378 2432 καὶ
3407 2380 3457 2432 οι
3509 2383 3876 2452 πρεσϐύτεροι

2294 2465 2517 2518 ἔπεισαν
2551 2467 2674 2529 τοὺς
2711 2467 2899 2535 δχλους
2931 2469 3016 2520 ἶνα
3049 2471 3382 2538 αἰτήσωνται
3432 2472 3524 2524 τὸν
3559 2473 3876 2544 Βαραϐϐᾶν,

2293 2556 2384 2609 τὸν
2420 2556 2475 2609 δὲ
2521 2557 2726 2624 Ἰησοῦν
2757 2558 3114 2612 ἀπολέσωσιν.
3173 2560 3522 2630 Ἀποκριθεὶς
3560 2565 3590 2616 6
3631 2566 3874 2635 ἡγεμὼν,

2294 2642 2445 2701 εἶπεν
2473 2647 2680 2712 αὐτοῖς·
2704 2648 2839 2701 Τίνα
2860 2648 3042 2702 θέλετε
3069 2649 3177 2702 ἀπὸ
3203 2650 3313 2702 τῶν
3332 2653 3424 2705 δύο
3447 2654 3874 2727 ἀπλύσωύμῖη

2294 2739 2354 2790 Οί
2391 2737 2445 2790 δι
2474 2733 2656 2793 εἶπονο
2688 2739 2995 2810 Βαραϐϐᾶν.
3031 2742 3195 2810 Λέγει
3228 2743 3412 2805 αὐτοῖς
3452 2746 3480 2797 ό
3518 2746 3782 2810 Πιλᾶτος⁸
3815 2749 3878 2800 Τί

2293 2825 2385 2881 οῦν
2415 2831 2622 2900 ποιήσω
2654 2830 2856 2900 Ἰησοῦν
2881 2833 2970 2884 τὸν
2988 2831 3281 2902 λεγόμενον
3305 2836 3540 2904 Χριστόν
3568 2855 3583 2902 ;
3615 2840 3878 2907 Λέγουσιν

2292 2919 2439 2988 αὐτῷ
2460 2919 2676 2983 πάντες·
2705 2919 3098 2992 Σταυρωθήτω.
3120 2924 3176 2975 Ὀ
3196 2924 3251 2976 δὲ
3275 2926 3500 2994 ἡγεμὼν
3528 2928 3655 2998 ἔφη·
3687 2930 3751 2981 Τί
3773 2933 3879 2999 γὰρ

2293 3010 2460 3064 κακὸν
2495 3011 2786 3081 ἐποίησεν;
2824 3015 2887 3065 Ol
2917 3013 3282 3082 δὲ.περισσῶς
3313 3017 3569 3085 ἔκραζον,
3600 3021 3876 3087 λέγοντες·

2293 3103 2685 3172 Σταυρωθήτω.
2726 3105 2870 3158 Ἰδὼν
2912 3106 2966 3158 δὲ
3006 3109 3032 3156 ό
3068 3109 3316 3172 Πιλάτος,
3345 3110 3428 3163 ὃτι
3459 3112 3617 3164 οὐδὲν
3649 3113 3872 3181 ὠφελεῖ,

2293 3193 2428 3245 ἀλλά
2453 3195 2649 3260 μᾶλλον
2675 3195 2902 3264 θόρυϐος
2931 3197 3164 3263 γίνεται,
3195 3199 3383 3253 λαϐὼν·
3403 3202 3548 3271 ὓδωρ
3575 3204 3879 3274 ἀπενίψατο

2291 3285 2389 3347 τὰς
2427 3285 2611 3354 χεῖρας
2632 3287 2892 3340 ἀπέναντι
2924 3288 3013 3341 τοῦ
3051 3289 3232 3358 ὄχλου,
3263 3292 3438 3358 λέγων
3461 3309 3475 3325 ο
3526 3296 3734 3358 Ἀθῶός
3760 3300 3880 3366 είμι

2291 3375 2397 3428 ἀπὸ
2438 3374 2532 3426 τοῦ
2568 3376 2797 3445 αἳματος
2833 3379 2928 3430 τοῦ
2956 3379 3165 3433 δικαίου
3203 3383 3415 3444 τούτου,
3454 3387 3614 3454 ὑμεῖς
3657 3388 3875 3456 ὄψεσθε.

2291 3465 2394 3518 Καὶ
2425 3466 2742 3536 ἀποκριθεὶς
2777 3471 2882 3531 πᾶς
2914 3472 2942 3520 6
2965 3471 3114 3534 λαὸς,
3149 3469 3295 3525 εἷπε·
3326 3476 3398 3526 Τὸ
3429 3471 3569 3545 αἷμα
3602 3479 3765 3532 αὑτοῦ
3794 3483 3859 3548 ἐφ

2292 3556 2436 3624 ἡμᾶς
2471 3558 2567 3610 καὶ
2599 3560 2693 3608 ἐπὶ
2725 3559 2789 3610 τὰ
2817 3560 2978 3613 τέκνα
3004 3563 3178 3629 ἡμῶν.
3224 3565 3356 3617 Τότε
3388 3567 3662 3621 ἀπέλυσεν
3694 3571 3878 3636 αὐτοῖς

2290 3647 2378 3697 τὸν
2409 3645 2720 3715 Βαραϐϐᾶν,
2751 3651 2842 3701 τὸν
2884 3651 2939 3702 δὲ
2985 3652 3192 3720 Ἰησοῦν
3245 3657 3686 3724 φραγγελὼσσας
3728 3679 3870 3732 παρ-

2292 3736 2489 3790 έδωκεν
2518 3739 2601 3791 ῐνα
2624 3741 2965 3810 σταυρωθῇ.»
2995 3745 3059 3794 Ὢ
3095 3745 3188 3796 τοῦ
3216 3745 3520 3816 θαύματοςῐ
3557 3753 3879 3821 κρινόμενος

2291 3827 2394 3878 ὑπὸ
2426 3827 2680 3893 Πιλάτου,
2712 3831 2959 3900 ἐξεφόϐει
2995 3833 3091 3902 τὴν
3114 3836 3304 3889 τούτου
3336 3843 3570 3904 γυναῖκα
3598 3857 3610 3870 ·
3647 3845 3746 3894 οὐκ
3778 3847 3877 3895 αύ-

2287 3916 2376 3976 τδς
2399 3916 2454 3968 δὲ
2481 3919 2582 3988 όρᾷ
2616 3919 2676 3971 τὸ
2706 3920 2857 3991 ϐναρ,
2897 3922 3012 3975 ἀλλ’
3044 3925 3075 3992 ἡ
3107 3926 3266 3994 γυνὴ,
3301 3924 3507 3996 ἢ-’διότι
3556 3931 3779 3997 ἀνάξιος
3810 3930 3878 4004 ἦν

2289 4007 2538 4078 αὑτὸς,ἢ
2588 4011 2669 4062 ὃτι
2742 4012 2842 4063 οῦκ
2888 4013 2954 4066 ἂν
3007 4016 3326 4087 ἐπιστεύθη,
3389 4021 3505 4072 ἀλλ’
3553 4022 3703 4087 ἔδοξε
3740 4028 3879 4094 πρὲς

2291 4096 2446 4167 χάριν
2489 4099 2695 4166 λέγειν·
2731 4104 2892 4173 τυχὸν
2936 4106 2992 4158 δὲ
3041 4107 3139 4159 καὶ·
3189 4109 3499 4179 ἐσιώπησεν
3546 4113 3636 4179 ἂν,
3682 4119 3730 4167 εί
3771 4114 3876 4170 εἶδε

2290 4189 2470 4254 τοῦτο,
2509 4187 2598 4243 οἷα
2647 4194 2839 4263 κριτὴς
2867 4194 2964 4248 ὢν.
3013 4179 3278 4266 Προνοίας
3316 4200 3373 4253 δὲ
3421 4202 3581 4270 ἔργον
3627 4205 3690 4256 τὸ
3719 4207 3874 4276 δναρ,

2289 4281 2384 4348 οὐχ
2405 4281 2489 4365 ἵνα
2510 4282 2748 4353 ἀπολυθῇ
2799 4285 2825 4336 ὁ
2849 4287 3080 4354 Χριστὸς
3110 4289 3198 4342 διὰ
3226 4289 3385 4342 τοῦτο
3414 4295 3727 4362 γενόμενον,
3757 4299 3874 4350 ἀλλ’

2291 4372 2375 4422 τνα
2410 4371 2553 4442 σωθῇ
2590 4376 2620 4444 η
2655 4377 2811 4444 γυνή.
2852 4376 2976 4438 Πῶς
3008 4373 3102 4430 οῦν
3141 4380 3240 4432 οὐκ
3275 4382 3586 4449 ἀπέλυσεν;
3624 4389 3751 4440 Ὀτι
3777 4391 3874 4443 οὐκ

2285 4453 2353 4528 ἦν
2387 4461 2622 4526 ἀσφαλὲς
2653 4463 2802 4532 αύτῷ
2851 4466 3071 4532 ἀφεῖναι
3106 4469 3290 4531 αυτὸν,
3342 4467 3430 4525 οἷα
3463 4476 3555 4526 ἐπὶ
3588 4480 3872 4544 τυραννίδι

631 4565 738 4608 tur.
766 4553 961 4608 Verum
1005 4555 1286 4621 oportebat
1317 4565 1510 4606 causas
1544 4551 1816 4618 inquirere
1846 4551 2016 4614 illum,
2056 4566 2181 4603 num

2295 4552 2794 4622 κατηγορούμενον
2837 4556 2951 4608 ἀλλ’
2987 4559 3155 4628 ἐχρῆν
3187 4561 3492 4625 ἀποδείξεις
3527 4565 3788 4634 ζητῆσαι,
3824 4572 3871 4621 εί

630 4644 826 4700 milites
878 4645 1258 4703 conscriberet,
1311 4656 1436 4694 num
1476 4655 1625 4693 arma
1668 4639 1953 4694 fabricaret
1989 4657 2002 4690 :
2040 4656 2180 4695 nunc

2295 4644 2622 4712 στρατιώτας
2649 4645 2958 4714 κατέλεγεν,
2991 4651 3036 4701 εί
3061 4650 3201 4702 ὅπλα
3227 4651 3512 4720 ἐχάλκευε·
3559 4656 3659 4709 νῦν
3715 4661 3772 4713 δὲ
3800 4661 3876 4726 ὡς

631 4744 806 4788 autem
842 4731 990 4800 quasi
1033 4731 1206 4784 mollis
1240 4739 1293 4783 et
1335 4740 1511 4784 mutus
1541 4733 1701 4793 cedit,
1741 4740 1796 4784 et
1843 4730 2043 4784 ideirco
2075 4747 2180 4785 non

2295 4733 2489 4800 κοῦφος
2511 4736 2604 4788 καὶ
2636 4736 2900 4804 μαλακὸς,
2934 4741 3334 4809 παρασύρεται.
3383 4745 3585 4816 Διόπερ
3623 4749 3748 4804 οὐδὲ
3784 4753 3876 4804 ἀν-

628 4833 772 4877 caret
790 4822 1226 4893 reprehensione.
1248 4820 1378 4874 Nam
1406 4836 1524 4876 cum
1555 4829 1800 4888 peterent
1819 4821 1890 4872 illi
1918 4822 2178 4888 insignem

629 4916 773 4968 illum
811 4913 1226 4976 malefactorem,
1265 4911 1408 4966 dedit
1435 4930 1449 4964 :
1476 4913 1540 4994 de
1564 4909 1778 4964 Christo
1806 4921 1979 4964 autem
2013 4911 2180 4966 inter-

630 5017 782 5073 rogat
815 5023 830 5058 :
875 5003 1012 5069 Quid
1066 5004 1229 5071 igitur
1258 5002 1449 5056 faciam
1477 5003 1541 5080 de
1571 5000 1732 5055 Jesn?
1764 5001 1868 5055 illis
1912 5000 2185 5067 iudicandi

631 5107 949 5165 potesutem
971 5096 1226 5163 largiens.
1257 5094 1415 5163 Atqui
1452 5108 1571 5148 cum
1601 5093 1762 5161 judex
1791 5102 1954 5154 esset,
1982 5099 2187 5159 poterat

631 5189 805 5255 ipsum
849 5187 895 5238 \i
941 5187 1170 5252 eripere,
1207 5186 1348 5238 sicut
1389 5194 1442 5238 et
1485 5183 1707 5236 Paulum
1747 5184 1994 5236 tribunus
2043 5182 2185 5235 mili-

633 5277 825 5330 tum“.
845 5275 921 5329 Illi
947 5288 1123 5329 autem
1150 5276 1400 5330 dicebant
1430 5291 1442 5328 :
1467 5273 1840 5345 Crucifigatur.
1880 5274 1992 5329 Non
2016 5273 2186 5330 solum

630 5369 875 5422 occidere
909 5369 1149 5423 volentes
1181 5369 1350 5432 illum,
1387 5371 1476 5423 sed
1515 5380 1565 5422 et
1599 5371 1790 5422 malam
1830 5385 2046 5424 causam
2080 5370 2179 5422 im-

631 5459 940 5530 pingebant.
972 5461 1107 5515 Crux
1140 5464 1284 5516 enim
1317 5462 1668 5529 pessimorum
1699 5462 2017 5530 supplicium
2044 5470 2180 5516 erat.

632 5549 799 5604 Porro
829 5549 1054 5615 lavatur,
1088 5565 1148 5605 ut
1182 5567 1376 5620 purum
1401 5567 1459 5606 se
1487 5554 1736 5608 ostendat
1778 5553 1846 5607 ab
1874 5552 2017 5616 odio,
2050 5553 2186 5607 male

630 5644 889 5699 sentiens.
923 5643 1130 5700 Justutn
1163 5647 1308 5700 cnim
1340 5645 1620 5702 nominans
1663 5643 1868 5712 Iesum,
1902 5644 2184 5701 bomicidis

703 5826 750 5858 “
774 5826 895 5881 Act.
939 5840 1052 5890 ut,
1089 5825 1178 5879 22.

2289 4825 2582 4894 έγκλητος·
2623 4829 3006 4896 αἰτησαμένων
3049 4831 3158 4902 γὰρ
3193 4833 3419 4887 ἐκείνων
3465 4836 3558 4889 τὸν
3608 4839 3669 4891 ἐν
3703 4842 3876 4902 κακία

2296 4917 2628 4988 περιϐόητον,
2658 4919 2854 4972 δέδωκε
2879 4937 2891 4951 ·
2923 4922 3052 4992 περὶ
3077 4899 3140 4976 δὲ*
3159 4925 3400 4994 Χριστοῦ
3430 4911 3644 4997 spiam
3681 4932 3750 4984 Τί
3783 4899 3876 4987 οῦν

2290 5011 2492 5078 ποιήσω
2539 5010 2772 5079 Ἰησοῦν;
2837 5019 3058 5082 κυρίους
3099 5017 3269 5068 ποιῶν
3309 5017 3407 5087 τῆς
3447 5020 3687 5088 κρίσεως
3729 5027 3876 5076 ἔκιε-

2285 5115 2437 5161 νους⁹
2472 5101 2643 5153 καίτοι
2676 5102 2901 5170 ἡγεμὼν
2946 5103 3046 5169 ὢν,
3101 5105 3332 5174 ⁴ἡδύνει.το
3373 5109 3538 5162 αὑτὸν
3584 5113 3868 5182 ἁρπάσαι,

2286 5189 2469 5259 ὥσπερ
2496 5192 2585 5243 τὸν
2623 5193 2832 5244 Παῦλον
2870 5197 2898 5246 6
2921 5195 3220 5266 χιλίαρχος.
3254 5201 3317 5252 Οί
3351 5199 3430 5262 δὲ,
3460 5201 3872 5274 Σταυρωθήτω,

2284 5283 2489 5349 ἔλεγον,
2513 5284 2572 5335 οὐ
2609 5286 2768 5353 μόνον
2800 5287 3119 5342 ἀποκτεῖναι
3154 5290 3318 5344 αιὀτδν
3363 5292 3707 5362 βουλόμενοι,
3738 5295 3873 5350 ἀλλά

2292 5375 2384 5426 καὶ
2431 5377 2647 5445 πονηρᾷ.
2675 5377 2824 5447 αἰτίᾳ
2877 5380 3222 5447 περιϐαλεῖν·
3257 5382 3286 5436 6
3324 5385 3431 5454 γάρ
3479 5386 3722 5456 σταυρὸς
3761 5390 3875 5452 τοῖς

2293 5469 2544 5537 πονηροῖς
2591 5468 2845 5522 ἀπέκειτο
2887 5473 3147 5541 τιμωρία.
3195 5474 3460 5529 Νίτιτεται
3505 5477 3584 5541 δὲ,
3629 5479 3872 5547 καθαρὸν

2290 5557 2451 5626 δῆθεν
2477 5559 2666 5612 ἑαυτὸν
2695 5560 3064 5614 ἀποδεικνύων
3095 5564 3189 5616 τοῦ
3237 5565 3463 5634 μύσους,
3514 5570 3706 5633 κακῶς
3736 5589 3871 5641 φρο-

2294 5646 2398 5702 νῶν
2419 5666 2432 5680 ο
2471 5648 2677 5704 δίκαιον
2706 5650 2812 5720 γάρ
2840 5652 3120 5722 ὀνομάζων
3148 5654 3241 5712 τὸν
3282 5653 3512 5725 Ἰησοῦν,
3545 5657 3701 5730 ὅμως
3735 5677 3870 5734 προ-
