4028 6606
230 540 341 605 465
824 543 1274 607 ENAR'RATIO
1317 546 1398 606 ΙΝ
1435 547 1944 608 EVANGELIUM
1984 548 2376 612 MATTH/EI.
2411 571 2482 582 --
2521 547 2675 606 CAP.
2726 545 2962 605 XXV“.
3414 536 3516 600 406

228 655 429 710 δέδωκε
458 656 570 720 τοῖς
596 660 889 726 φονευταῖξ
950 660 999 709 οἱ
1027 659 1103 723 δὲ,
1146 660 1232 728 ἐφ’
1263 662 1490 724 ἑαυτοὺς
1521 662 1810 731 ἀναδέχον-

1925 665 2072 727 illum
2105 665 2349 719 tradidit.
2382 665 2452 717 At
2483 662 2555 714 illi
2596 663 2649 714 in
2678 675 2736 714 se
2766 659 3074 726 Suscipiunt
3112 655 3376 708 ultionem
3413 653 3516 707 boc

225 764 317 802 ται
349 751 447 818 τὴν
478 750 568 802 ἐπὶ
600 748 675 816 τῷ
711 749 854 818 φόνῳ
881 751 1046 804 αὑτοῦ
1075 754 1366 823 τιμωρίαν,
1393 755 1426 824 ἢ
1457 756 1550 808 καὶ
1582 757 1810 808 κατέλαη

1926 757 2219 811 homicidio
2265 757 2502 824 dignam,
2552 767 2658 822 qua
2714 763 2767 805 et
2812 749 3020 819 gravati
3073 755 3220 811 sunt,
3256 741 3517 796 Romanis

230 838 322 890 ϐεν
366 841 581 902 αὐτοὺς,
614 840 721 892 τῶν
759 840 1048 910 Ῥωμαίων
1079 845 1464 911 ἁφανισάντων
1494 849 1690 910 αὐτοὺς
1723 847 1818 900 καί
1924 852 2068 916 ipsos
2097 859 2150 902 et
2188 849 2426 915 ipsorum
2473 858 2676 912 pueros
2725 839 3079 910 perdentibns
3112 853 3124 888 :
3163 844 3216 887 et
3250 848 3423 903 usque
3464 831 3517 884 in

227 931 295 982 τὰ
325 931 489 982 τέκνα
516 930 693 983 αὐτῶν
713 946 726 958 '
751 933 887 984 ἀλλά
909 935 1000 986 καὶ
1029 935 1077 985 οἰ
1112 937 1273 1006 μέχρι
1298 937 1392 990 τοῦ
1427 939 1520 990 νῦν
1555 940 1815 1008 Ἑϐραῖοι,

1924 941 2065 995 hunc
2095 940 2236 994 diem
2261 939 2452 1001 Judaei,
2481 937 2570 1006 qui
2599 936 2809 989 illorum
2839 939 2967 985 sunt
2993 929 3083 981 lilii
3111 928 3199 994 qni
3229 924 3515 977 Dominum

227 1023 390 1073 τέκνα
427 1021 578 1082 ὄντες
625 1023 852 1075 ἐκείνων
883 1025 991 1076 τῶν
1032 1029 1412 1096 φονευσάντων
1442 1031 1534 1085 τὸν
1585 1033 1811 1103 Κύριον,

1926 1032 2332 1093 interfecerunt,
2367 1029 2723 1096 experiuntur
2761 1040 2788 1077 a
2822 1039 2880 1077 se
2910 1019 3227 1090 sanguinem
3256 1017 3401 1069 illius
3428 1028 3517 1067 re—

226 1114 285 1164 τὸ
312 1105 448 1181 αἷμα
479 1112 643 1166 αὐτοῦ
676 1113 888 1184 ἔχουσιν
923 1118 1007 1184 ἐφ’
1035 1118 1298 1183 ἑαυτούς’
1329 1121 1418 1174 διὰ
1449 1123 1557 1192 γὰρ
1605 1125 1706 1193 τὴν
1737 1126 1817 1186 εἰς

1923 1126 2062 1194 quiri
2095 1142 2109 1179 :
2158 1139 2281 1177 nam
2311 1123 2379 1176 ob
2407 1137 2559 1175 suam
2598 1117 3036 1173 incredulitatem
3080 1109 3514 1181 persecutionem

225 1200 318 1251 τὸν
348 1201 551 1272 Κύριον
599 1205 856 1258 ἀπιστίαν
893 1206 1182 1260 διώκονται
1217 1210 1369 1280 παρὰ
1426 1214 1669 1275 πάντων,
1723 1219 1816 1266 καὶ

1925 1219 2205 1291 patiuntur
2243 1217 2312 1270 ab
2353 1214 2605 1268 omnibus
2640 1212 2720 1281 (α)
2751 1209 2906 1278 157
2943 1216 2997 1261 et
3028 1206 3174 1260 nulla
3204 1203 3291 1257 his
3316 1203 3419 1255 hac
3449 1201 3516 1253 de

223 1292 451 1361 οὐδεμία
475 1295 757 1365 παρρησία
785 1296 998 1361 τούτοις
1017 1299 1369 1370 διωκομένοις
1389 1303 1457 1355 δι’
1478 1305 1612 1357 αὐτὸ
1630 1305 1808 1358 τοῦτο.

1924 1325 2087 1364 causa
2113 1308 2336 1362 libertas
2360 1314 2459 1360 est.
2490 1302 2806 1372 Flagellavit
2834 1310 3014 1353 autem
3052 1297 3262 1360 Jesum,
3303 1295 3403 1347 hoc
3433 1300 3515 1345 est

236 1385 686 1457 Ἑφραγγέλλωσε
709 1389 766 1442 δὲ
791 1390 882 1443 τὸν
918 1391 1146 1459 Ἰησοῦν,
1167 1394 1468 1462 τουτέστιν,
1489 1397 1814 1466 ἐμάστιξεν,

1922 1400 2249 1464 verberavit,
2284 1397 2366 1451 vel
2400 1396 2505 1449 illis
2552 1393 2888 1465 gratiﬁcans,
2922 1389 3004 1466 vel
3039 1387 3338 1442 ostendens
3369 1381 3513 1450 quod

221 1476 255 1544 ἢ
291 1477 475 1539 αὐτοῖς
508 1479 887 1549 χαριζόμενος,
909 1482 941 1552 ἢ
966 1482 1227 1536 δεικνύων
1261 1486 1341 1538 ὅτι
1368 1462 1695 1541 κατεδίκασε
1722 1490 1812 1541 καὶ

1920 1504 1972 1548 et
2001 1493 2118 1561 ipse
2149 1490 2296 1543 illum
2332 1487 2675 1549 condemnet,
2713 1493 2902 1538 etnon
2937 1462 3294 1534 innocentem
3336 1473 3511 1529 homi-

228 1566 387 1629 αὐτὸς
428 1567 627 1629 αὑτὸν,
657 1572 752 1621 καὶ
811 1571 930 1639 οὐχὶ
988 1571 1164 1625 ἀθῶον
1209 1572 1501 1644 ἄνθρωπον
1561 1574 1814 1644 μέλλουσι

1923 1600 2042 1638 nem
2075 1580 2391 1637 cruciﬁxuri
2445 1579 2572 1638 sint,
2609 1576 2703 1630 sed
2746 1573 3042 1642 ignominia
3085 1577 3351 1624 notatum.
3392 1564 3514 1618 lm—

227 1656 566 1728 σταυρῶσαι,
589 1659 706 1712 ἀλλ’
737 1662 1107 1732 ἠτιμωμένον.
1151 1664 1475 1737 Ἐπληρώθη
1505 1663 1598 1718 οὖν
1617 1666 1711 1719 καὶ
1734 1667 1813 1730 τὸ,

1922 1674 2120 1742 pletnm
2155 1671 2321 1738 igitur
2342 1678 2425 1722 est
2453 1677 2507 1722 et
2536 1667 2666 1720 illud
2695 1684 2706 1718 :
2745 1684 2762 1715 ι
2795 1665 3024 1718 Dorsnm
3062 1674 3241 1714 meum
3278 1658 3400 1712 dedi
3449 1656 3513 1708 ad

230 1766 248 1797 ι
285 1748 389 1800 Τὸν
433 1749 602 1804 νῶτόν
629 1751 943 1819 μον’έδωκα
977 1754 1059 1814 εἰς
1095 1756 1391 1823 μάστιγας.
1441 1775 1460 1808 ο
1919 1766 2125 1833 Πημειιςι
2153 1765 2217 1814 ⁸⁸.
2262 1782 2278 1813 ι

304 1857 322 1889 ι
356 1838 490 1892 Τότε
520 1841 568 1891 οἰ
589 1842 918 1911 στρατιῶται
955 1843 1049 1896 τοῦ
1082 1845 1348 1913 ἡγεμόνος
1409 1847 1817 1917 παραλαϐόντες

1992 1857 2156 1909 Vsus.
2185 1853 2374 1908 ‘27-'50.
2414 1873 2430 1902 ι
2475 1851 2630 1903 Tunc
2682 1849 2878 1901 milites
2917 1844 3162 1915 prmsiilis
3195 1841 3502 1909 suscipien-

222 1931 315 1983 τὸν
363 1929 571 2001 Ἰησοῦν
600 1936 680 1994 εἰς
713 1934 771 1985 τὸ
803 1935 1163 2003 πραιτώριον,
1196 1937 1504 2007 συνήγαγον
1541 1940 1626 1992 ἐπ’
1653 1942 1813 1994 αὑτὸν

1922 1960 2000 2003 tes
2033 1947 2213 2001 Jesum
2249 1950 2300 1998 in
2339 1946 2612 2014 prmtorio,
2646 1946 3115 2009 congregaveruut
3137 1936 3202 1989 ad
3233 1949 3357 1988 eum
3391 1930 3513 1983 nni-

218 2020 349 2091 ὅλην
373 2023 472 2090 τὴν
501 2025 753 2089 σπεῖραν,
783 2025 876 2076 καὶ
904 2025 1232 2088 ἐκδύσαντες
1262 2028 1444 2094 αὐτὸν,
1475 2029 1809 2099 περιέθηκαν

1924 2055 2130 2093 versam
2177 2039 2482 2098 cohortem,
2512 2045 2565 2087 et
2604 2047 2727 2086 cum
2775 2031 3054 2085 exuissent
3081 2041 3225 2082 eum.
3271 2025 3510 2077 circum-

219 2111 374 2180 αύτῷ
416 2113 663 2182 χλαμύδι
695 2116 980 2185 κοκκίνην,
1019 2119 1112 2169 καὶ
1140 2118 1434 2182 πλέξαντες
1461 2123 1726 2188 στέφανον
1756 2122 1810 2184 ἐξ

1922 2132 2189 2184 dederunt
2229 2129 2276 2181 ei
2321 2125 2658 2195 chlamydem
2692 2122 3024 2184 coccineum,
3055 2126 3109 2171 et
3147 2129 3404 2171 coronam
3449 2114 3513 2165 de

221 2205 499 2271 ἀκανθῶν,
522 2208 798 2275 ἐπέθηκαν
825 2210 918 2261 ἐπὶ
956 2209 1056 2279 τὴν
1096 2213 1338 2282 κεφαλὴν
1368 2214 1554 2278 αὑτοῦ,
1587 2215 1680 2266 καὶ
1712 2216 1812 2271 κά-

1921 2225 2092 2292 Spinis
2124 2230 2437 2277 contextam
2473 2219 2847 2284 imposnerunt
2903 2227 3064 2280 super
3107 2216 3271 2276 caput
3303 2204 3419 2271 ejus
3462 2213 3512 2256 et

219 2297 394 2365 λαμον
431 2300 522 2351 ἐπὶ
572 2301 670 2368 τὴν
722 2301 902 2365 δεξιὰν
956 2303 1282 2356 αὑτοῦ.Καί.
1344 2308 1810 2375 γονυπετήσαντες

1922 2316 2234 2371 arundinem
2268 2314 2319 2366 in
2373 2312 2654 2365 dexteram
2720 2307 2839 2373 ejus
2888 2314 2943 2358 et
2997 2317 3133 2371 genu
3193 2299 3334 2352 ﬂexo
3386 2305 3513 2348 ante

219 2389 537 2460 ἔμπροσθεν
567 2393 754 2460 αὐτοῦ,
775 2395 1064 2459 ἐνέπαιζον
1085 2397 1256 2467 αὐτῷ,
1283 2397 1534 2464 λέγοντες
1575 2417 1584 2427 ·
1617 2398 1810 2470 Χαῖρε,

1919 2425 2065 2472 eum,
2101 2403 2395 2460 illudebant
2419 2403 2490 2464 ei,
2527 2403 2770 2454 dicentes
2805 2415 2818 2452 :
2868 2398 2999 2459 Ave,
3035 2409 3131 2447 rex
3176 2391 3509 2446 Judzeorum.

219 2485 248 2532 ὁ
306 2482 562 2550 βασιλεὺς
612 2485 720 2537 τῶν
776 2487 1048 2540 Ἰουδαίων
1084 2504 1099 2520 ’
1163 2491 1256 2540 καὶ
1311 2490 1691 2557 ἐμπτύσαντες
1736 2495 1810 2555 εἰς

1920 2502 1987 2554 Ει
2020 2517 2139 2554 cum
2175 2497 2492 2564 expuissent
2525 2495 2576 2547 in
2612 2507 2759 2555 eum,
2799 2495 3127 2555 acceperunt
3163 2481 3509 2540 arundinem,

219 2574 408 2641 αὐτὸν,
458 2575 652 2628 ἔλαϐον
698 2578 789 2629 τὸν
821 2578 1090 2647 κάλαμον,
1124 2582 1217 2632 καὶ
1244 2579 1475 2634 ἔτυπτον
1506 2584 1585 2645 είς
1609 2584 1705 2654 τὴν
1726 2603 1810 2637 κε·

1920 2606 1970 2649 et
2004 2594 2378 2662 percutiebant
2400 2598 2558 2654 caput
2584 2587 2724 2654 ejus.
2765 2603 2783 2636 ι
2812 2582 2926 2636 Hoc
2957 2585 3073 2633 loco
3105 2575 3361 2657 impletur
3395 2571 3511 2624 dic-

220 2667 398 2732 φαλὴν
457 2668 640 2721 αὑτοῦ.
694 2669 958 2722 Ἐνταῦθα
1019 2671 1324 2740 ἐπληροῦτο
1353 2674 1411 2724 τὸ
1460 2674 1553 2726 τοῦ
1613 2675 1811 2726 Δαυῖδ·

1920 2695 2031 2738 tuin
2085 2683 2252 2736 David
2293 2700 2303 2734 :
2350 2699 2366 2731 ι
2398 2676 2762 2746 Opprohrium
2796 2671 3074 2741 insipienti
3111 2667 3307 2721 dedisti
3346 2678 3450 2718 me.
3491 2680 3507 2712 ι

225 2777 244 2808 ι
285 2760 527 2822 Ὅνειδος
577 2761 771 2829 ἄφρονι
803 2761 1012 2823 ἔδωκάς
1065 2779 1152 2830 με.
1199 2764 1262 2814 Ol.
1321 2765 1428 2833 γὰρ
1487 2765 1816 2834 στρατιῶται

1922 2775 2118 2827 Milites
2151 2773 2293 2826 enim
2325 2785 2446 2824 cum
2480 2770 2797 2834 insipientes
2833 2769 3035 2826 essent,
3071 2775 3130 2814 se
3155 2760 3314 2825 digna
3347 2755 3513 2810 faeie-

220 2851 442 2917 ἀνόητοι
475 2850 645 2915 ὄντες,
683 2852 807 2917 ἀξια
852 2850 1061 2905 ἑαυτῶν
1093 2854 1309 2905 ἐποίουν
1342 2870 1354 2882 ·
1422 2855 1519 2922 τὴν
1583 2855 1681 2924 μὲν
1707 2856 1811 2924 γὰρ

1923 2870 2069 2921 hant.
2102 2864 2398 2935 Chlamyde
2446 2876 2542 2932 pro
2571 2872 2805 2929 purpura
2844 2867 2898 2909 ut
2962 2869 3139 2923 regem
3197 2851 3510 2913 induerunt,

219 2942 474 3010 χλαμύδα
508 2945 628 2996 ἀντὶ
663 2945 947 3014 πορφύρας
986 2947 1062 3008 ὡς
1113 2946 1339 3016 βασιλέα
1388 2950 1646 3001 ἐνέδυσαν
1675 2966 1688 2980 ’
1723 2952 1810 3002 τὸν

1922 2959 2189 3011 calamum
2222 2970 2318 3022 pro
2350 2962 2564 3020 sceptro
2585 2950 2878 3011 dederunt,
2907 2958 3163 2999 corOnam
3194 2954 3290 3009 pro
3323 2937 3513 2991 diadeo

218 3037 274 3088 δὲ
310 3035 557 3105 κάλαμον
581 3037 790 3090 ἔδωκαν
812 3039 930 3090 ἀντὶ
970 3041 1276 3110 σκήπτρου,
1309 3042 1397 3093 τὸν
1438 3041 1493 3093 δὲ
1524 3045 1809 3110 στέφανον,

1924 3061 2084 3104 mate.
2109 3047 2421 3101 Adorabant
2453 3052 2632 3096 autem
2673 3040 2998 3094 illudeutes:
3034 3037 3134 3088 hoc
3165 3033 3313 3087 enim
3341 3027 3509 3098 signi-

219 3128 343 3180 ἀντὶ
397 3127 748 3198 διαδήματος.
781 3129 1158 3198 Προσεκύνουν
1184 3131 1238 3184 δὲ
1295 3134 1581 3197 παίζοντες
1606 3150 1617 3160 ·
1658 3134 1810 3187 τοῦτο

1924 3145 2047 3196 licat
2079 3138 2462 3210 genuﬂeetere,
2499 3135 2601 3189 hoc
2648 3142 2740 3187 est
2790 3131 3035 3184 adorare.
3073 3126 3202 3180 Vide
3241 3122 3514 3194 quomodo

218 3222 332 3289 γὰρ
357 3220 508 3290 δηλοί
527 3223 587 3274 τὸ
623 3226 963 3288 γονυπετείν,
986 3223 1048 3276 τὸ
1076 3228 1425 3292 προσκυνεῖν.
1448 3226 1588 3296 Ὅρα
1617 3227 1672 3279 δὲ
1699 3229 1809 3291 πῶς

1923 3233 2219 3302 quamlibet
2256 3227 2604 3284 contumelia:
2653 3224 2891 3293 speciem
2927 3211 3512 3282 exercuerint,injuria

201 3306 406 3362 ’πᾶσαν
440 3311 582 3365 ἰδέαν
610 3311 818 3382 ὕϐρεως
848 3313 1146 3382 διεξῆλθον,
1192 3316 1250 3367 τὸ
1281 3306 1382 3386 μὲν
1410 3318 1698 3387 πρόσωπον
1729 3318 1792 3370 διι

1922 3326 2241 3389 allicientes,
2300 3322 2492 3376 faciem
2552 3318 2748 3388 sputis,
2788 3326 2947 3384 caput
3007 3325 3228 3374 corona,
3291 3321 3509 3361 manum

217 3404 330 3456 τῶν
358 3405 787 3474 ἐμπτυσμάτων,
809 3406 906 3474 τὴν
933 3405 989 3458 δὲ
1024 3409 1264 3477 κεφαλὴν
1290 3409 1376 3460 διὰ
1390 3408 1483 3461 τοῦ
1524 3412 1808 3478 στεφάνου,

1923 3419 2152 3482 calamo,
2202 3414 2468 3481 reliquum
2528 3425 2728 3480 corpus
2768 3407 3072 3476 chlamyde,
3105 3416 3264 3455 aures
3328 3397 3511 3453 verbis

215 3495 322 3564 τὴν
362 3495 420 3547 δέ
456 3499 616 3566 χεῖρα
673 3497 760 3550 διὰ
792 3497 885 3550 τοῦ
915 3499 1190 3568 καλάμου,
1220 3500 1280 3552 τὸ
1337 3501 1394 3553 δὲ
1418 3502 1607 3580 λριπδν
1659 3503 1806 3573 σῶμα

1922 3507 2203 3564 irrisoriis.
2258 3503 2648 3559 Verumtamen
2705 3498 2887 3552 omnia
2923 3511 3044 3564 qua:
3104 3494 3176 3547 illi
3213 3487 3513 3556 faciebant,

215 3589 308 3642 διὰ
341 3589 438 3656 τῆς
467 3589 758 3658 χλαμύδος,
793 3591 859 3645 τά
891 3584 1006 3643 ῶτα
1059 3591 1148 3643 διά
1175 3592 1283 3643 τῶν
1314 3593 1690 3661 χλευαστικῶν
1735 3595 1806 3647 λό-

1923 3615 2016 3671 per
2039 3599 2348 3653 irrisionem
2381 3595 2674 3649 faciebant.
2699 3590 2778 3645 Tu
2800 3599 2981 3644 tamen
3007 3586 3249 3655 intellige
3281 3599 3366 3648 ea,
3395 3595 3514 3651 qua

218 3698 338 3749 γων
415 3681 750 3750 ὑϐρίζοντες.
793 3683 954 3752 ’Πλὴν
1014 3686 1062 3736 εἰ
1115 3684 1209 3736 καὶ
1259 3685 1458 3738 ἐκεῖνοι
1512 3688 1809 3750 παικτικῶς

1924 3692 2146 3761 majoris
2172 3702 2299 3743 sunt
2337 3687 2582 3757 mysterii
2615 3685 2680 3739 ab
2706 3683 2833 3740 Jesu
2875 3681 3091 3751 impleta
3138 3678 3325 3732 fuisse.
3355 3674 3515 3730 Chia-

216 3773 448 3827 ἐποίουν
469 3773 762 3838 ἆὲποίουν,
795 3777 945 3844 ὅμως
975 3777 1040 3828 σὺ
1073 3776 1182 3828 νόει
1207 3777 1383 3830 ταῦτα
1415 3779 1508 3830 καί
1535 3779 1807 3848 μυστικώ-

1922 3799 2038 3854 mys
2066 3783 2210 3837 enim
2229 3781 2480 3835 coccinea
2501 3787 2749 3831 naturam
2776 3782 3016 3830 nostram
3033 3770 3325 3842 signiﬁcat,
3341 3780 3508 3836 quam

216 3883 384 3936 τερον
417 3866 524 3920 ὑπὸ
559 3867 653 3920 τοῦ
727 3868 902 3938 Ἰησοῦ
935 3868 1278 3940 τελεσθῆναι.
1325 3869 1391 3925 Ἥ
1426 3871 1523 3941 μὲν
1558 3873 1666 3942 γὰρ
1693 3871 1807 3941 χλα-

1924 3890 2044 3931 cum
2067 3872 2413 3942 sanguinaria
2449 3879 2618 3935 esset,
2650 3878 2701 3921 et
2731 3863 2896 3921 caadis
2926 3879 3040 3928 rea,
3079 3859 3340 3930 suscepit,
3366 3858 3515 3912 et‘in-

219 3962 334 4028 μῦς
367 3960 400 4029 ἡ
441 3960 694 4029 κοκκίνη,
728 3959 826 4030 τὴν
852 3961 1130 4032 ἡμετέραν
1185 3961 1346 4029 φύσιν
1391 3962 1601 4034 ἐδήλου,
1636 3962 1705 4032 ἢν
1733 3964 1810 4014 αἰ-

1923 3968 2093 4021 duens
2124 3962 2507 4019 sanctiﬁeavit.
2533 3961 2747 4016 Corona
2766 3966 2946 4011 autem
2968 3971 3032 4009 ex
3064 3953 3260 4023 spinis,
3286 3955 3514 4020 peccata

219 4051 451 4122 ματώδη
476 4051 642 4105 οὖσαν
667 4053 761 4105 καὶ
805 4055 1054 4124 φονικὴν,
1089 4055 1405 4130 ἀνελάϐετο,
1438 4059 1532 4109 καὶ
1594 4057 1810 4110 ἐνδυσά-

1925 4069 2052 4113 sunt
2083 4072 2147 4111 ex
2174 4056 2320 4111 curis
2351 4053 2514 4121 hujus
2561 4053 2684 4106 vita
2711 4047 3110 4120 provenientia,
3147 4059 3269 4114 quae
3317 4055 3516 4096 consu-

221 4161 392 4214 μενος
415 4145 666 4214 ἡγίασεν.
706 4145 764 4199 '0
787 4146 843 4198 δὲ
883 4146 1146 4215 στέφανος
1173 4149 1199 4198 ὁ
1232 4149 1290 4214 ἐξ
1311 4149 1589 4215 ἀκανθῶν,
1626 4151 1684 4202 αἰ
1716 4151 1812 4203 ὑπὸ

1922 4153 2021 4206 mit
2053 4165 2149 4206 sua
2180 4147 2378 4204 deitate
2405 4147 2656 4202 Christus
2693 4160 2708 4198 :
2746 4143 3095 4214 prcsignatur
3127 4139 3272 4193 enim
3294 4151 3391 4207 per
3419 4148 3513 4189 ca—

218 4235 514 4305 μεριμνῶν
543 4237 637 4290 τοῦ
674 4237 790 4307 βίου
815 4239 1402 4309 συμϐᾶσαιάμαρτίαι,
1433 4242 1498 4304 ἃς
1538 4241 1809 4295 ἀναλίσκει

1926 4255 2015 4314 put
2037 4243 2213 4298 dcitas
2236 4259 2250 4308 ;
2271 4242 2511 4296 calamus
2537 4249 2736 4294 nostra:
2768 4237 2978 4306 fragilis
3009 4245 3062 4290 et
3084 4233 3313 4286 infirma:
3335 4229 3517 4283 carnis

215 4329 286 4395 τῇ
318 4326 500 4397 οἰκείᾳ
542 4327 757 4396 θεότητι
783 4331 810 4379 ό
839 4330 1075 4397 Χριστός
1103 4346 1117 4360 ο
1163 4330 1321 4382 τοῦτο
1373 4331 1481 4402 γὰρ
1520 4332 1806 4384 αἰνίττεται

1926 4334 2220 4405 symbolum
2275 4340 2379 4396 est,
2435 4344 2621 4399 quam.
2653 4327 2892 4396 suscepit
2947 4321 3226 4385 Dominus,
3281 4320 3422 4374 sicut
3461 4325 3517 4370 et

217 4421 249 4487 ἡ
286 4419 502 4489 κεφαλὴ
533 4419 720 4472 αὐτοῦ.
767 4421 826 4473 Ὀ
855 4420 908 4473 δὲ
944 4421 1190 4491 κάλαμος
1245 4422 1345 4492 τῆς
1372 4424 1647 4492 ἡμετέρας
1680 4441 1808 4493 σαρ·

1929 4427 2099 4482 David
2119 4427 2285 4482 dixit:
2308 4444 2326 4476 ι
2350 4427 2577 4479 Dextera
2600 4421 2812 4476 Domini
2845 4417 3105 4472 exaitavit
3132 4428 3218 4468 me
3243 4413 3309 4468 “.
3347 4429 3365 4462 ι
3404 4411 3513 4463 Au-

215 4515 316 4574 κδς
343 4512 446 4581 τῆς
474 4513 681 4582 σαθρᾶς
710 4515 804 4567 καὶ
849 4513 1112 4578 ἀσθενοῦς
1145 4515 1584 4584 ἐστὶ-σύμϐολον,
1610 4517 1677 4586 ἢν
1721 4519 1806 4570 ἀν-

1928 4521 2078 4574 rihus
2111 4526 2291 4572 autem
2316 4503 3018 4584 suscipiendoignominias,
3051 4504 3512 4574 sanavitserpen-

215 4604 420 4658 ἐλαϐεν
439 4608 466 4658 ὁ
487 4605 710 4677 Κύριος,
744 4607 887 4660 καθὰ
913 4609 1006 4660 καὶ
1033 4609 1061 4660 ὁ
1089 4609 1250 4660 Δαυῖδ
1278 4608 1455 4676 λέγει’
1482 4629 1500 4660 ι
1524 4609 1685 4673 Δεξιά
1702 4611 1806 4662 Κυ-

1482 4629 1500 4660 ‹
1524 4609 1685 4673 Δεξιὰ
1702 4611 1813 4662 Κυ-
1927 4611 1997 4665 tis
2020 4611 2234 4665 sibilum
2265 4624 2361 4677 per
2386 4623 2545 4663 aures
2571 4607 2691 4660 Eva:
2722 4606 3048 4674 ingressum.

214 4701 341 4767 ρίου
388 4696 568 4766 Domst
599 4717 686 4770 με.
747 4701 892 4754 »Διὰ
950 4701 1008 4753 δέ
1033 4701 1141 4753 τῶν
1172 4702 1327 4756 ὢτων
1392 4703 1684 4774 δεξάμενος
1741 4704 1840 4768 τὰς
1879 4704 2216 4775 δυσφημίας,
2280 4704 2470 4757 ἰάσατο
2538 4703 2630 4753 τὸν
2697 4700 2785 4753 διὰ
2830 4699 2939 4751 τῶν
3002 4695 3156 4747 ὤτων
3218 4692 3317 4762 τῆς
3371 4686 3518 4752 Εὔας

214 4789 616 4844 ἐπεισελθόντα
633 4792 726 4851 τοῦ
757 4791 935 4860 ὗφεως
957 4793 1314 4863 ψιθυρισμόν.

195 4925 198 4930 .
297 4897 316 4929 ι
348 4880 463 4931 Καὶ
482 4879 569 4932 ὅτε
589 4879 880 4944 ἐνέπαιξαν
902 4880 1353 4950 αύτῷ,ῗὲξέδυσαν
1367 4883 1533 4936 αὑτὸν
1559 4885 1657 4953 τὴν
1676 4883 1781 4953 χλα

1993 4882 2154 4937 Vens.
2182 4881 2271 4945 3i,
2293 4882 2380 4935 32.
2411 4900 2429 4932 ι
2457 4879 2518 4933 Et
2538 4888 2822 4950 postquam
2843 4875 3227 4941 illusissentci,
3252 4880 3518 4928 exuerunt

217 4973 392 5044 μύδα,
431 4972 523 5024 καὶ
551 4971 806 5024 ἐνέδυσαν
828 4972 993 5024 αὑτὸν
1024 4974 1091 5026 τὰ
1123 4975 1316 5042 ἱμάτια
1355 4973 1544 5038 αὑτοῦ,
1580 4975 1675 5028 καὶ
1708 4976 1808 5028 ἀπ-

1925 4991 2050 5033 eum
2081 4976 2386 5045 chlamyde,
2417 4985 2472 5028 et
2524 4973 2816 5027 induerunt
2841 4987 2964 5026 eum
2995 4968 3336 5025 vestimentis
3377 4965 3512 5029 suis,

211 5069 438 5136 ηγαγον
456 5065 618 5118 αὐτὸν
632 5067 709 5129 εἰς
727 5065 787 5118 τὸ
815 5066 1156 5138 σταυρῶσαι.
1177 5067 1559 5137 Ἐξερχόμενοι
1580 5067 1634 5119 δέ
1657 5062 1802 5138 εὖροι.

1926 5080 1981 5126 et
2008 5072 2278 5124 duxerunt
2302 5083 2425 5122 eum
2450 5077 2506 5120 ut
2537 5066 2950 5135 crueiligerent.
2985 5063 3263 5116 Exeuntes
3319 5066 3505 5112 autem

211 5160 514 5227 ἄνθρωπον
547 5160 877 5229 Κυρηναῖον,
906 5159 1132 5229 ὀνόματι
1165 5160 1407 5228 Σίμωνα·
1434 5159 1619 5213 τοῦτον
1637 5163 1802 5230 ἠγγά-

1925 5164 2254 5218 invenerunt
2278 5159 2552 5214 hominem
2571 5157 2908 5227 Cyreneum,
2947 5154 3166 5208 nomine
3196 5151 3512 5213 Simonem;

221 5268 430 5324 ρευσαν
456 5251 542 5303 ἶνα
577 5252 684 5322 ἄρῃ
708 5251 800 5303 τὸν
831 5253 1067 5322 σταυρὸν
1105 5253 1298 5307 αὐτοῦ.
1333 5272 1350 5303 ι
1398 5255 1462 5306 Οἱ
1499 5255 1607 5322 μὲν
1661 5256 1812 5324 τρεῖς

1925 5257 2068 5311 hunc
2097 5254 2398 5324 adegerunt
2429 5261 2484 5306 ut
2523 5251 2733 5305 tolleret
2764 5263 2983 5304 crucem
3020 5247 3162 5317 ejus.
3206 5265 3225 5295 ι
3263 5244 3513 5299 Tres'di-

211 5360 412 5414 φασιν,
437 5343 520 5396 ὅτι
558 5343 737 5413 Σίμων
777 5343 1051 5397 ἐϐάστασε
1075 5345 1169 5398 τὸν
1217 5345 1450 5414 σταυρὸν
1476 5344 1569 5399 τοῦ
1617 5345 1802 5417 Ἰησοῦ

1924 5358 2055 5404 cunt
2081 5347 2356 5402 Simonem
2384 5354 2632 5414 portasse
2659 5356 2880 5398 crucem
2931 5338 3082 5406 Jesu,
3125 5337 3364 5392 Joannes
3417 5349 3515 5389 au-

213 5440 245 5494 ὀ
289 5437 350 5491 δὲ
387 5437 689 5506 Ἰωάννης,
723 5437 884 5490 αὑτὸν
936 5438 1029 5490 τὸν
1079 5438 1286 5510 Κύριόν
1325 5456 1459 5510 φησι
1522 5438 1804 5508 βαστάσαι.

1924 5448 2030 5494 tem
2058 5439 2192 5494 dicit
2225 5441 2399 5507 ipsum
2436 5437 2722 5492 Dominum
2753 5445 3009 5506 portasse
3039 5450 3052 5486 :
3086 5429 3382 5492 verisimile
3431 5435 3515 5480 est

215 5528 394 5590 Εἰκὸς
421 5522 517 5581 οῦν
552 5529 841 5599 ἀμφότερα
861 5530 1138 5598 γενέσθαι.
1190 5532 1280 5596 Ἐξ
1322 5533 1496 5602 ἀρχῆς
1533 5535 1631 5603 μὲν
1655 5533 1764 5603 γὰρ
1790 5537 1806 5586 ἐ

1924 5542 2103 5586 autem
2158 5541 2451 5599 utrumque
2509 5528 2734 5583 factum.
2774 5526 3017 5580 Primum
3068 5522 3214 5578 enim
3275 5516 3515 5591 portavit

222 5619 449 5693 Ἰησοῦς
479 5619 747 5674 ἐϐάστασε
777 5622 868 5676 τὸν
916 5624 1167 5693 σταυρὸν,
1205 5625 1436 5694 μηδενὸς
1489 5625 1813 5695 θελήσαντος

1919 5622 2077 5678 Iesus
2102 5638 2343 5687 crucem,
2378 5636 2502 5675 cum
2543 5621 2721 5676 nullus
2749 5628 2970 5690 portare
2993 5616 3177 5673 vellet.
3205 5611 3261 5668 In
3287 5612 3375 5668 vis
3411 5624 3510 5662 au-

212 5713 514 5785 βαστάσαι.
553 5712 642 5765 Ἐν
669 5713 725 5768 δὲ
752 5717 816 5784 τῇ
852 5713 956 5785 ὁδῷ
987 5715 1238 5786 εὑρόντες
1266 5717 1504 5786 Σίμωνα,
1537 5717 1803 5788 ἐπέθηκακ

1921 5727 2030 5773 tem
2062 5718 2283 5771 invento
2345 5715 2590 5780 Simone,
2621 5715 2998 5786 imposuerunt
3048 5711 3097 5767 ei
3140 5720 3384 5765 crucem.
3427 5701 3509 5757 Tu

325 5833 374 5864 ⁸³
429 5828 536 5884 lsa.
572 5830 664 5897 30,
701 5831 752 5886 6.
831 5834 875 5866 “
920 5834 1062 5888 Psal.
1123 5849 1286 5900 cxvii,
1329 5833 1412 5889 16.

288 5987 376 6060 (α)
415 5985 474 6043 In
516 5985 653 6080 edit.
687 5983 805 6042 Lut.
860 5990 1115 6048 deﬁciens
1156 6000 1238 6048 est
1293 5991 1481 6049 Latina
1507 5992 1707 6058 versio,
1736 5990 1824 6047 ubi
1867 5992 2004 6048 nihil
2027 5993 2091 6050 de
2119 6003 2304 6063 erepta
2338 5989 2540 6046 Judaeis
2575 5991 2848 6048 libertate.
