4028 6604
242 543 352 612 ίϐθ

802 548 898 611 EN
913 549 1257 633 ARRATEO
1299 549 1380 612 IN
1408 549 1845 613 .EVANGELIE

1963 549 2354 626 MATTHAZI.
2386 575 2456 587 —
2495 549 2653 612 CAP.
2698 547 2948 612 xxvrt.

3411 524 3530 606 ἰτο

244 657 334 711 ἐπ’
364 657 532 728 αὐτῷ.
570 657 841 714 Πέποιθεν
869 662 961 714 ἐπὶ
988 661 1080 714 τὸν
1097 661 1250 724 Θεὸν,
1281 661 1540 732 ῥυσάσθω
1597 660 1695 714 νῦν
1729 662 1821 715 ab.

1950 679 2092 730 tunc,
2127 664 2174 738 si
2209 664 2316 718 vult
2339 679 2461 718 eum
2497 679 2513 718 :
2543 664 2681 718 dixit
2707 661 2878 722 enim,
2905 657 3074 712 Filius
3096 655 3351 711 Deisum.
3386 653 3532 724 ldip-

240 746 357 813 τὸν,
384 749 433 801 εί
462 749 601 802 θέλει
624 749 806 802 αὐτόν’
836 745 957 803 εἶπε
994 752 1102 824 γὰρ
1129 753 1232 818 ὅτι,
1257 753 1391 806 Θεοῦ
1415 754 1534 821 εἰμι
1573 753 1718 816 Υίός.
1753 755 1827 807 Τὸ

242 836 292 891 δ’
341 839 474 893 αὐτὸ
528 839 623 892 καὶ
675 843 724 893 ei
773 842 968 911 λῃσταὶ
1025 844 1075 894 οί
1127 843 1602 913 συσταυρωθέντες
1655 844 1826 914 αὐτῷ,

241 932 518 996 ὠνείδιζον
566 935 734 1004 αὐτῷ.
766 954 784 986 ι
832 935 981 1005 Πρὸς
1020 935 1276 1005 διαϐολὴν
1301 935 1396 988 τοῦ
1437 937 1679 1006 Χριστοῦ
1732 954 1829 989 συ-

243 1028 570 1098 σταυροῦσιν
610 1029 758 1099 αὑτῷ
791 1028 884 1082 δύο
904 1030 1129 1100 λῃστὰς,
1164 1031 1251 1083 ἵνα
1270 1031 1364 1084 καὶ
1397 1031 1560 1094 αὐτὸς
1587 1031 1829 1094 τοιοῦτος

240 1121 476 1191 νομισθῇ
505 1122 823 1192 παράνομος
847 1121 923 1186 ὡς
950 1124 1168 1175 ἐκεῖνοι.
1204 1121 1387 1187 Τόπος
1412 1123 1469 1176 δὲ
1513 1119 1655 1194 ἦσαν
1685 1119 1830 1178 οὗτοι

238 1211 353 1263 τῶν
381 1214 475 1265 δύο
497 1212 661 1278 λαῶν,
690 1213 783 1266 τοῦ
806 1231 865 1267 τε
906 1213 1201 1269 Ἰουδαῖκοῦ
1225 1214 1434 1269 καὶτοῦ
1458 1214 1699 1268 ἐθνικοῦθ
1724 1217 1832 1284 ἀμ-

241 1303 466 1374 φότεροι
505 1305 615 1376 γὰρ
646 1306 980 1375 παράνομοι,
1033 1307 1126 1360 καὶ
1156 1305 1514 1372 ὀνειδίζοντες
1537 1306 1630 1359 τὸν
1686 1307 1830 1378 Χρι-

244 1394 390 1446 στόψ
424 1394 614 1464 ὥσπερ
648 1397 740 1448 καὶ
766 1390 911 1449 οὗτοι
952 1397 1218 1468 πρότερον
1245 1400 1294 1451 el
1319 1399 1515 1470 λῃσταὶ
1555 1399 1832 1463 ὠνείδιζον

239 1485 548 1555 ἀμφότεροι
568 1504 580 1516 ·
626 1486 856 1558 ὕστερον
885 1488 996 1570 δέό
1028 1483 1110 1553 εἷς
1157 1492 1417 1558 ἐπιγνοὺς
1446 1492 1630 1558 αὐτὸν,
1685 1493 1832 1563 ὠμο-

239 1575 439 1646 λόγησε
471 1575 716 1647 βασιλέαο
746 1579 936 1634 διὸκαὶ
960 1579 1134 1650 ἐλεγεο
1154 1582 1443 1652 Μνήσθητί
1471 1600 1596 1652 μου,
1622 1584 1829 1654 Κύριε,

240 1669 299 1720 ἐν
326 1671 390 1739 τῇ
419 1669 668 1740 βασιλείᾳ
706 1685 800 1723 σου
825 1689 836 1702 ·
872 1671 1045 1736 οὕτως
1093 1669 1188 1726 οὖν
1220 1675 1316 1727 καὶ
1369 1677 1397 1728 6
1450 1674 1664 1738 ἐθνικὸς
1705 1676 1834 1739 λαὸς

240 1759 563 1832 ὡμολόγησε
587 1763 676 1815 τὸν
707 1763 964 1834 Χριστόν.
1006 1764 1136 1817 Ὀδὲ
1158 1767 1346 1837 ἕτερος
1367 1766 1594 1839 λῃστὴς,
1633 1767 1661 1819 6
1705 1768 1835 1820 Ἰου-

238 1853 426 1917 δαῖκδς
447 1855 595 1921 λαὸς,
617 1855 961 1925 ἐϐλασφήμει
978 1874 993 1889 °
1032 1858 1060 1911 6
1092 1857 1338 1919 διάϐολος
1360 1858 1415 1910 δὲ
1439 1857 1678 1912 ὑπέϐαλε
1703 1861 1834 1921 τοὺς

238 1947 529 2016 λέγονταςο
575 1965 594 2000 ι
627 1949 690 2002 Ei
722 1948 850 2012 Υίδς
891 1944 940 2001 εί
965 1948 1058 2003 τοῦ
1093 1949 1252 2017 θεοῦ,
1285 1949 1558 2019 κατάϐηθι
1601 1950 1711 2004 ἀπὸ
1742 1949 1834 2002 τοῦ

243 2039 506 2111 σταυροῦ,
541 2060 559 2093 ι
598 2041 685 2095 ἵνα
742 2041 1046 2112 ἐρεθισθεὶς
1075 2042 1313 2112 καταϐῇ,
1344 2043 1440 2095 καὶ
1474 2016 1766 2113 άνατραπῇ
1802 2045 1834 2112 ἡ
1867 2016 1912 2074 Β

242 2127 466 2188 πάντων
496 2133 585 2187 διὰ
616 2134 710 2186 τοῦ
731 2133 969 2205 σταυροῦ
992 2133 1257 2206 σωτηρία.
1281 2135 1374 2187 Διὸ
1395 2137 1423 2188 ό
1445 2136 1710 2205 Χριστὸς,
1744 2137 1840 2189 καὶ

241 2221 376 2288 Υίός
407 2225 526 2278 ἐστι
549 2224 641 2278 τοῦ
682 2225 818 2279 Θεοῦ
875 2227 971 2280 καὶ
1001 2227 1100 2279 οὐκ
1135 2225 1366 2296 ἐπείσθη
1401 2226 1478 2296 τῷ
1514 2226 1719 2299 ἐχθρῷ,
1747 2225 1841 2280 λῐνα

241 2317 342 2370 καὶ
367 2317 432 2370 σὺ
467 2317 743 2389 μανθάνῃς
777 2318 860 2371 ὅτι
891 2317 952 2370 οὐ
1010 2317 1092 2371 δεῖ
1120 2317 1407 2371 πείθεσθαι
1434 2320 1548 2381 τοῖς
1590 2317 1688 2371 τοῦ
1723 2319 1837 2372 διαο

243 2406 404 2462 ϐόλου
444 2408 840 2480 τεχνάσμασιν,
869 2409 1006 2462 ἀλλὰ
1028 2409 1089 2462 τὸ
1124 2409 1289 2462 καλὸν
1321 2411 1606 2480 πράττειν,
1634 2409 1738 2463 κᾶν
1791 2411 1840 2462 oi

241 2496 524 2569 ἄνθρωποι
560 2498 804 2570 πονηράν
835 2500 1105 2570 ὑπόληψιν
1142 2500 1414 2570 μέλλωσιν
1443 2501 1610 2572 ἔχειν.

321 2608 340 2641 «ι
368 2589 506 2643 ’Δπὺ
530 2591 586 2644 δὲ
639 2590 806 2661 ἕκτης
838 2590 985 2662 ὥρας
1016 2593 1204 2656 σκότος
1235 2593 1451 2661 ἐγένετο
1509 2594 1604 2646 ἐπὶ
1661 2595 1842 2648 πᾶσαν

243 2680 345 2748 τὴν
394 2681 499 2750 γῆν
533 2681 638 2744 ἕως
690 2681 840 2752 ὥρας
885 2682 1150 2752 ἐννάτηςο
1197 2686 1328 2754 περὶ
1373 2684 1430 2737 δὲ
1474 2685 1572 2755 τὴν
1615 2687 1844 2756 ἐννέιτην

245 2770 424 2841 ὥραν,
456 2772 749 2844 ἀνεϐόησεν
786 2776 814 2828 6
860 2772 1064 2843 Ἰησοῦς
1116 2778 1267 2846 φωνῇ
1318 2775 1526 2847 μεγάλῃ
1554 2818 1568 2840 ,
1620 2778 1796 2845 λέγων
1821 2795 1837 2810 ο

255 2863 401 2931 Ἰ-Ιλὶ,
451 2865 591 2929 Ἠλὶ,
637 2865 792 2936 λαμὰ
849 2866 1178 2936 σαϐαχθαν“ι,σ
1227 2868 1477 2921 τουτέστι
1506 2886 1519 2900 ’
1564 2868 1664 2922 Θεέ
1720 2887 1844 2939 μου,

242 2952 348 3005 θεέ
381 2970 503 3022 μου,
539 2952 629 3006 ἵνα
668 2954 722 3006 τί
767 2971 834 3023 με
874 2954 1270 3021 ἐγκατέλιπες;
1301 2956 1456 3019 Τινὲς
1479 2956 1534 3008 δὲ
1564 2957 1673 3009 τῶν
1733 2959 1849 3010 ἐκεῖ

244 3043 506 3100 ἑστώτων
575 3045 945 3109 ἀκούσαντες.
998 3045 1217 3114 ἔλεγον.
1269 3048 1351 3100 ὅτι
1410 3047 1597 3100 Ἠλίαν
1674 3051 1845 3117 φωνεῖ

244 3131 408 3199 οὗτος
435 3151 448 3165 °
482 3136 575 3190 καὶ
607 3137 809 3201 εὐθέως
842 3136 1066 3207 δραμὼν
1099 3132 1179 3200 εἷς
1206 3137 1264 3202 ἐξ
1299 3138 1501 3201 αὐτῶν,
1531 3141 1623 3192 καὶ
1667 3138 1848 3191 λαϐὼν

246 3229 518 3295 σπόγγον,
569 3229 782 3298 πλήσας
836 3246 892 3282 τε
938 3229 1093 3294 ὄξους
1141 3231 1235 3282 καὶ
1295 3229 1539 3301 περιθεὶς
1598 3230 1847 3300 καλάμῳ,

246 3319 504 3382 ἐπότιζεν
534 3320 717 3372 αὐτόν.
744 3320 807 3374 Οί
838 3320 893 3374 δὲ
920 3321 1098 3374 λοιποὶ
1140 3320 1331 3389 ελεγον
1359 3338 1373 3355 ο
1412 3324 1604 3390 Ἀφες,
1646 3324 1846 3392 ἴδωμεν

243 3411 295 3461 ιι
355 3409 581 3478 ἔρχεται
619 3410 824 3473 Ἠλίας
883 3410 1074 3464 σώσων
1139 3412 1371 3464 αὐτόν.»
1428 3413 1501 3464 T6
1555 3414 1846 3483 γενόμενον

245 3495 467 3562 σκότος,
501 3499 603 3550 οὐκ
630 3494 698 3569 ἦν
743 3499 886 3553 κατὰ
919 3500 1159 3570 φυσικὴν
1204 3500 1550 3568 ἀκολουθίαν,
1593 3499 1706 3555 οἷον
1739 3504 1849 3558 ἀπὸ

242 3588 550 3654 ἐκλείψεως
582 3591 736 3661 ἡλίου
784 3592 1032 3660 φυσικῶς
1078 3594 1380 3663 γενομένης
1405 3610 1420 3626 ·
1454 3593 1712 3648 οὐδέποτε
1742 3597 1850 3667 γὰρ

243 3682 917 3750 τισσαρεσκαιδεκαταίας
957 3681 1122 3752 οὔσης
1162 3684 1260 3753 τῆς
1298 3685 1546 3756 σελήνης,
1599 3687 1841 3760 ἔκλειψις

245 3771 464 3840 γίνεται
501 3772 678 3841 ἡλίου,
709 3771 827 3826 ἀλλ’
873 3773 1002 3825 ὅταν
1030 3775 1061 3843 ἠ
1096 3773 1373 3845 λεγομένη
1403 3777 1566 3844 γέννα
1598 3779 1707 3849 εἵη,
1728 3783 1850 3834 τότε

247 3863 308 3915 αἱ
331 3863 566 3933 φυσικαὶ
588 3863 681 3917 τοῦ
710 3863 860 3934 ἡλίου
885 3863 1153 3933 ἐκλείψεις
1181 3867 1424 3934 γίνονται
1448 3867 1549 3938 (a).
1579 3870 1670 3924 'Ev
1694 3872 1750 3925 δὲ
1783 3877 1850 3944 τῇ

246 3955 586 4026 σταυρώσει,
606 3958 1230 4028 τεσσαρεσκαιδεκαταία
1254 3956 1321 4032 ἦν
1339 3963 1371 4029 ἡ
1391 3963 1590 4033 σελήνη
1609 3965 1849 4030 πάντωςο

245 4048 312 4100 1.6
373 4047 486 4118 γὰρ
521 4048 714 4118 Πάσχα
770 4050 877 4102 τῶν
929 4049 1200 4121 Ἐϐραίων
1234 4053 1355 4105 τότε
1380 4054 1652 4107 ἐτελεῖτοο
1712 4057 1854 4112 ὥστε

249 4139 404 4210 ὕπὶρ
452 4141 615 4208 φύσιν
670 4141 730 4193 τὸ
765 4141 936 4206 πάθος
961 4158 974 4174 ο
1009 4144 1280 4214 κοσμικον
1337 4145 1392 4197 δὲ
1424 4141 1493 4216 ἦν
1539 4146 1599 4199 τὸ
1636 4148 1852 4217 σκότος,

245 4233 314 4288 οὐ
349 4235 605 4305 μερικὸν,
637 4236 826 4305 ὥσπερ
855 4239 911 4291 ἐν
953 4237 1237 4309 Αἰγύπτῳ,
1276 4240 1362 4293 ἳνα
1394 4240 1582 4314 δειχθῇ
1615 4243 1698 4296 ὅτι
1728 4262 1856 4300 πεν-

247 4324 394 4397 Θεῐή
431 4327 607 4391 κτίσις
644 4330 736 4381 ἐπὶ
773 4329 850 4398 τῷ
881 4329 1043 4384 πάθει
1087 4331 1180 4385 τοῦ
1213 4331 1470 4397 κτίστου,
1516 4335 1604 4386 καὶ
1627 4336 1709 4388 ὅτι
1747 4337 1858 4391 άπὸ

247 4419 364 4472 τῶν
414 4419 685 4472 Ἰουδαίων
721 4421 931 4491 ἀπέστη
971 4423 1032 4475 τὸ
1085 4423 1223 4492 φῶς.
1280 4424 1345 4476 Oi
1395 4425 1674 4489 αίτοῦντες
1700 4427 1757 4479 δὲ
1796 4428 1856 4491 ἐξ

247 4511 493 4582 οὐρανοῦ
524 4515 749 4581 σημεῖον
786 4514 916 4566 ἰδεῖν
949 4515 1217 4580 Ἰουδαῖοι,
1254 4515 1350 4568 νῦν
1382 4515 1729 4586 βλεπέτωσαν
1763 4519 1855 4572 τὸν

247 4603 411 4674 ἣλιον
445 4605 848 4675 σκοτιζόμενον.
882 4605 1056 4678 Ἔκτῃ
1111 4607 1165 4659 δὲ
1195 4608 1379 4680 ἡμέρᾳ
1409 4608 1501 4661 τοῦ
1561 4610 1853 4679 ἀνθρώπου

1937 773 2055 810 sum
2089 767 2266 810 autem
2288 766 2339 810 et
2360 755 2599 809 latrones
2631 755 2719 822 qui
2744 751 2987 808 crueiliti
3021 762 3321 803 erantcum
3345 763 3411 802 eo
3433 761 3534 801 cx-

1939 849 2266 918 prohrabant
2295 850 2363 902 ei.
2392 867 2410 899 ι
2442 847 2494 902 lu
2514 846 2899 904 contumeliam
2921 844 3122 899 Christi
3141 842 3533 896 eritcitixeruut

1941 956 2065 994 cum
2101 955 2167 993 eo
2202 941 2338 992 duos
2385 941 2644 1004 latrones,
2674 947 2732 990 ιιι
2764 938 2877 1005 ipse
2926 936 3144 1003 iniquus
3188 932 3533 986 existimetur

1939 1046 2059 1084 cum
2097 1031 2223 1086 illis.
2259 1029 2418 1099 159
2449 1029 2645 1098 Figura
2683 1036 2862 1079 autem
2884 1036 3042 1078 erant
3077 1024 3129 1076 hi
3159 1023 3384 1076 duorum
3432 1033 3532 1086 po-

1941 1121 2211 1190 pulorum,
2244 1118 2452 1173 Jndaici
2490 1129 2546 1172 et
2601 1116 2841 1187 gentilis,
2873 1116 2964 1182 qui
3009 1122 3242 1181 uterque
3273 1107 3533 1177 praevari-

1941 1223 2154 1266 catores
2178 1220 2332 1264 erant
2371 1221 2424 1264 et
2455 1209 2728 1279 ﬂagitiosi,
2761 1223 2832 1263 ac
2857 1206 3260 1275 exprobrantes
3289 1201 3532 1264 Christo,

1940 1303 2081 1358 sicut
2097 1309 2151 1358 et
2181 1302 2415 1370 primum
2463 1299 2623 1354 ambo
2652 1300 2891 1355 latrones
2941 1295 3399 1364 improperabant.
3433 1291 3534 1345 Al-
3564 1320 3566 1322 τ

1944 1401 2025 1447 ter
2073 1384 2343 1461 ιιιιιειιιέι
2393 1393 2662 1462 posterior
2713 1390 3064 1459 resipiscens,
3111 1383 3418 1440 confessus,
3451 1393 3537 1437 est

1943 1499 2124 1554 regem
2165 1500 2177 1535 :
2208 1483 2329 1537 ideo
2362 1491 2413 1536 ct
2446 1483 2693 1536 dicebat:
2727 1480 2930 1534 Mentor
2959 1490 3076 1535 esto
3115 1477 3243 1537 mei.
3279 1473 3533 1541 Domine.

1944 1575 1995 1626 in
2032 1588 2197 1643 regno
2231 1586 2340 1627 tuo.
2380 1572 2472 1628 Sic
2495 1583 2548 1627 et
2583 1571 2797 1642 gentilis
2822 1583 3036 1639 quoque
3065 1568 3294 1637 populus
3320 1562 3537 1618 contes-

1943 1680 2038 1720 sus
2088 1674 2172 1720 cst
2199 1663 2499 1720 Christum.
2530 1665 2682 1717 Alter
2727 1672 2907 1717 autem
2961 1661 3120 1724 latro,
3150 1657 3408 1713 Iudaicus
3441 1669 3538 1723 po-

1944 1758 2121 1826 pulus,
2183 1756 2618 1826 blasphemabat.
2659 1755 2915 1809 Diabolus
2946 1763 3126 1807 autem
3179 1747 3538 1803 submittebat

1946 1851 2187 1903 dicentes
2221 1867 2233 1903 :
2267 1850 2321 1904 Si
2355 1849 2526 1904 Filius
2550 1863 2608 1903 es
2627 1847 2741 1912 Dei,
2767 1846 3036 1902 descende
3067 1845 3132 1898 de
3161 1857 3344 1906 cruce,
3375 1851 3426 1894 ut
3457 1841 3537 1892 in-

1945 1943 2147 1997 citatus
2201 1941 2582 1997 desvendatde
2615 1955 2802 2004 cruce,
2836 1949 2891 1994 et
2944 1940 3180 1993 intereat
3239 1935 3387 1989 salus
3420 1948 3540 1987 οιιι-

1943 2035 2092 2087 ιιίυιιι
2128 2048 2250 2102 qua:
2286 2042 2367 2088 est
2402 2049 2497 2102 per
2523 2047 2763 2092 crucem.
2796 2033 2864 2085 At
2888 2029 3157 2095 Christus,
3190 2028 3318 2102 quia
3371 2024 3541 2079 Filius

1942 2134 2023 2180 est
2053 2125 2168 2187 Dei,
2197 2141 2304 2179 non
2341 2126 2578 2180 obedivit
2608 2124 2871 2179 inimico:
2914 2133 2971 2176 ut
2997 2131 3052 2177 et
3079 2131 3134 2174 tu
3168 2121 3345 2175 discas
3396 2118 3539 2185 quod

1945 2235 2048 2272 non
2078 2219 2149 2272 sit
2173 2217 2375 2272 diaboli
2405 2217 2614 2272 techuis
2644 2216 2972 2279 cedendum,
3000 2215 3096 2269 sed
3133 2214 3271 2267 bene
3305 2226 3538 2282 operan-

1943 2309 2094 2373 dum,
2127 2307 2291 2362 etiam
2316 2308 2358 2362 si
2393 2307 2645 2363 homines
2674 2309 2814 2362 male
2848 2307 2912 2361 de
2944 2305 3098 2359 nobis
3130 2304 3389 2360 sentiant.

2021 2579 2185 2637 Vsus.
2215 2578 2403 2633 45-49.
2447 2595 2465 2628 ι
2509 2576 2554 2630 Α
2582 2583 2736 2631 sexta
2766 2583 2947 2630 autem
2977 2573 3110 2627 liora
3168 2575 3406 2627 tenebrat
3459 2571 3544 2627 fac

1948 2681 2050 2725 σιω
2086 2679 2210 2723 sunt
2238 2683 2401 2737 super
2440 2668 2744 2722 universam
2786 2675 2981 2719 terram
3018 2678 3186 2732 usque
3215 2663 3281 2716 ad
3349 2663 3540 2717 horam

1949 2777 2168 2815 nonam.
2199 2761 2262 2814 Et
2291 2761 2436 2815 circa
2476 2759 2667 2814 horam
2719 2771 2916 2810 nonam
2944 2756 3203 2810 clamavit
3223 2757 3381 2811 Jesus
3407 2770 3543 2812 voce

1932 2867 2166 2920 magna,
2196 2851 2426 2906 dicens:
2480 2849 2620 2911 lleli,
2653 2849 2781 2914 heli,
2843 2847 3382 2913 lamazabaclithani,
3437 2848 3547 2903 hoc

1949 2954 2069 2999 est:
2108 2945 2252 2999 Deus
2290 2958 2460 3007 meus,
2500 2943 2641 2998 Deus
2668 2955 2843 3007 meus,
2893 2956 2992 2996 cur
3015 2939 3355 3010 derrliquisti
3419 2941 3545 2996 me?

1951 3035 2179 3103 Quidam
2203 3047 2383 3088 autem
2410 3034 2518 3089 illic
2558 3035 2816 3088 stantium
2864 3048 2986 3086 cum
3055 3033 3357 3100 audissent,
3402 3034 3544 3089 dieeo

1953 3128 2113 3188 bant;
2147 3127 2318 3181 Eliam
2363 3135 2515 3181 vocat
2547 3127 2669 3181 iste.
2729 3125 2794 3180 Et
2840 3125 3105 3182 continuo
3139 3140 3368 3182 currens
3399 3141 3541 3181 unus

1953 3232 2017 3272 ex
2051 3217 2153 3282 eis,
2199 3231 2322 3271 cum
2357 3226 2634 3286 acceptam
2696 3217 2978 3287 spongiam
3039 3216 3318 3284 implesset
3363 3228 3541 3284 aceto.

1957 3307 2214 3376 imposuit
2264 3307 2539 3372 arundini,
2577 3307 2846 3376 dabatque
2884 3307 2934 3361 ei
2977 3317 3035 3361 ut
3079 3305 3311 3361 biberet.
3344 3307 3543 3363 Caeteti

1901 3399 1920 3423 ‘
1953 3415 2084 3456 vero
2108 3400 2402 3456 dicebant:
2441 3400 2593 3464 Siue,
2619 3399 2900 3456 videamus
2937 3415 3005 3454 an
3075 3402 3260 3457 veniat
3297 3399 3446 3456 Elias
3479 3401 3547 3456 li-

1952 3497 2242 3551 beraturus
2278 3511 2423 3552 eum.
2476 3515 2494 3548 ι
2528 3495 2791 3551 Tenebrae
2840 3496 2996 3551 facta:
3044 3511 3149 3550 non
3203 3506 3361 3552 erant
3386 3499 3540 3568 juxta

1954 3599 2161 3642 natura:
2211 3588 2483 3653 ordinem,
2546 3595 2606 3640 ιιι
2664 3601 2727 3640 ει
2778 3585 2970 3654 eciipsi
3033 3586 3166 3640 solis
3218 3587 3548 3643 naturaliter

1957 3680 2098 3734 facta
2136 3696 2150 3735 :
2185 3694 2358 3749 neque
2393 3679 2540 3732 enim
2573 3679 2790 3747 quando
2825 3678 3356 3748 estidecimaquarta
3389 3679 3543 3745 luna,

1955 3772 2017 3828 lit
2049 3772 2178 3827 solis
2219 3771 2537 3842 deliquium,
2571 3771 2665 3826 sed
2712 3785 2832 3824 cum
2861 3780 2943 3826 est
2967 3786 3028 3825 ea
3059 3787 3180 3841 quae
3206 3773 3374 3841 γέννα
3408 3773 3546 3828 dici-

1959 3873 2048 3919 tur
2077 3866 2202 3936 (hoc
2229 3875 2312 3919 est
2345 3863 2727 3932 norilunium),
2760 3871 2887 3918 tunc
2951 3865 3230 3921 naturales
3259 3867 3392 3923 solis
3449 3856 3548 3923 de-

1960 3958 2135 4012 feetus
2169 3956 2518 4026 contingunt;
2549 3971 2674 4010 cum
2725 3964 2903 4011 autem
2937 3957 3374 4030 cruciﬁgeretur,
3427 3975 3549 4016 om-

1959 4050 2086 4104 nino
2108 4048 2512 4114 decimaquarta
2545 4048 2672 4103 luna
2708 4057 2847 4102 erat.
2877 4047 3086 4104 Pascha
3118 4052 3264 4105 enim
3290 4054 3548 4122 Henrico-

1961 4155 2077 4192 rum
2103 4146 2233 4193 tunc
2257 4137 2438 4202 ﬁebat,
2469 4140 2610 4193 unde
2631 4153 2798 4208 super
2829 4149 3076 4195 naturain
3105 4151 3265 4196 erant
3289 4146 3549 4201 tenebrae.

1958 4229 2129 4284 Erant
2149 4243 2330 4285 autem
2349 4231 2399 4284 in
2425 4239 2538 4286 toto
2562 4232 2785 4298 mundo,
2807 4247 2909 4286 non
2932 4232 2983 4286 in
3007 4240 3163 4302 parte
3186 4237 3391 4302 mundi,
3412 4239 3552 4292 sicut

1959 4327 2013 4380 in
2043 4324 2280 4396 ,Ευριο
2317 4345 2329 4380 2
2362 4335 2420 4380 ιιι
2461 4333 2798 4380 monstretur
2821 4327 2963 4393 quod
2998 4327 3177 4397 lugeat
3217 4330 3270 4384 in
3300 4331 3553 4399 passione

1958 4417 2268 4473 Conditoris
2334 4424 2606 4482 creatura,
2661 4425 2716 4471 et
2751 4416 2894 4486 quod
2938 4431 2969 4471 a
3014 4417 3200 4474 Iudaea
3235 4419 3322 4476 lux
3373 4437 3556 4480 reces-

1958 4512 2091 4566 serit
2126 4528 2137 4564 :
2165 4509 2334 4565 Judaei
2389 4524 2610 4580 quoque
2664 4518 2910 4580 petentes
2933 4512 3150 4582 signum
3176 4528 3207 4569 e
3228 4515 3385 4584 ratio,
3408 4532 3555 4574 nunc

1960 4602 2367 4657 videantsolem
2403 4602 2770 4658 obtenebrari.
2818 4601 2983 4658 Sexta
3027 4615 3204 4661 autem
3255 4607 3345 4663 die
3388 4609 3554 4666 homo

249 4695 618 4762 πλασθέντος,
654 4698 748 4750 καὶ
775 4697 915 4771 ἕκτῃ
936 4697 1056 4768 ὥρᾳ
1081 4699 1345 4766 φαγόντος
1383 4701 1492 4753 ἀπὸ
1545 4701 1639 4754 τοῦ
1695 4701 1845 4767 ξύλου

1963 4703 2046 4750 est
2070 4695 2342 4761 conditus,
2383 4695 2472 4764 qui
2504 4705 2558 4749 et
2594 4705 2750 4750 sexta
2809 4696 2877 4752 de
2923 4697 3069 4768 ligno
3095 4702 3332 4755 comedit
3369 4719 3382 4756 :
3443 4706 3551 4759 hoc

251 4787 428 4858 (αὕτη
466 4787 573 4859 γὰρ
607 4790 705 4857 τῆς
745 4789 998 4860 βρώσεως
1023 4793 1056 4860 η
1091 4789 1230 4861 ὥρα)
1272 4794 1298 4843 6
1330 4790 1536 4861 Κύριος
1572 4793 1854 4846 ἀναπλάτ·

245 4879 363 4934 τῶν
392 4881 493 4934 τὸν
537 4879 850 4950 ἄνθρωπον,
911 4883 1004 4935 καὶ
1037 4882 1098 4934 τὸ
1149 4884 1376 4953 σφάλμα
1424 4882 1676 4953 ίώμενος,
1718 4886 1856 4960 ἕκτῃ

246 4975 448 5046 ἡμέρᾳ
520 4975 615 5027 καὶ
690 4974 824 5045 ἕκτῃ
882 4974 1002 5047 ὥρᾳ
1047 4976 1127 5047 τῷ
1199 4978 1341 5048 ξύλῳ
1416 4981 1856 5048 προσπήγνυται.

261 5062 522 5135 Ἐϐραΐδι
547 5063 604 5116 δὲ
631 5065 898 5138 διαλέκτῳ
929 5067 1078 5134 λέγει
1109 5069 1172 5120 1:6
1201 5070 1564 5139 προφητικὸν,
1609 5072 1694 5124 ἵνα
1745 5073 1853 5124 δεῖ.

245 5157 318 5229 ξῃ
347 5160 434 5211 ὅτι
467 5158 530 5210 οὐ
554 5157 788 5227 μάχεται
817 5161 882 5227 τῇ
919 5160 1135 5232 Παλαιᾷ
1165 5160 1380 5230 Γραφῇ.
1411 5162 1484 5213 T6
1506 5162 1582 5227 δὲ,
1611 5179 1629 5212 ι
1660 5162 1774 5214 Ἵνα
1802 5164 1854 5216 τί

187 5287 200 5297 .
247 5265 320 5318 με
352 5248 754 5317 ἐγκατέλιπες;
787 5268 805 5302 ι
839 5246 1012 5316 εἶπεν,
1057 5251 1131 5313 ὡς
1158 5252 1222 5304 ἂν
1260 5252 1410 5324 δείξῃ
1453 5252 1534 5305 ὅτι
1569 5253 1857 5326 ἄνθρωπος

243 5340 482 5410 άληθῶς
521 5341 761 5408 ἐγένετο,
793 5343 887 5395 καὶ
917 5344 978 5395 οὐ
1003 5341 1146 5397 κατὰ
1186 5345 1487 5412 φαντασίαν
1508 5358 1523 5372 ⁸
1561 5346 1656 5398 καὶ
1690 5345 1796 5415 γὰρ
1828 5328 1855 5398 6

245 5432 553 5503 ἄνθρωπος
582 5432 816 5502 φυσικὴν
843 5433 1026 5503 δρεξιν
1082 5433 1197 5504 ἔχει
1226 5434 1328 5503 τῆς
1374 5435 1540 5506 ζωῆς,
1593 5434 1855 5503 φιλόζωος

244 5523 347 5579 ὢν.
400 5524 626 5592 Ὠσπερ
657 5518 751 5575 οὖν
786 5526 1062 5592 ἠγωνίασε
1123 5526 1216 5578 καὶ
1249 5527 1559 5597 ἡδημόνησε
1595 5527 1700 5596 πρὸ
1757 5526 1852 5579 τοῦ

246 5613 527 5686 σταυροῦ,
564 5614 822 5668 δεικνύων
853 5615 950 5686 τὴν
988 5617 1052 5669 ἐκ
1101 5618 1316 5684 φύσεως
1352 5617 1664 5688 προσοῦσαν
1717 5619 1851 5688 ἡμῖν

1956 4789 2099 4843 enim
2133 4796 2218 4842 est
2247 4788 2599 4843 comestiouis
2630 4797 2862 4859 tempus.
2893 4790 3009 4857 Qua
3057 4792 3224 4860 igitur
3275 4795 3407 4850 hora
3443 4795 3552 4851 Do-

1959 4880 2136 4933 minus
2159 4879 2434 4934 hominem
2465 4880 2731 4946 condidit,
2761 4881 2952 4936 eadem
2994 4861 3281 4954 et'lapsum
3315 4889 3548 4942 curavit.

1955 4971 2118 5026 Sexta
2150 4973 2237 5026 die
2283 4981 2340 5027 et
2369 4982 2522 5027 sexta
2576 4973 2710 5028 hora
2740 4976 2886 5028 cruci
2921 4973 3111 5029 aﬂixus
3150 4986 3254 5032 est.
3289 4978 3553 5034 llebraico

1955 5073 2134 5119 autem
2197 5066 2461 5120 idiomate
2516 5067 2647 5120 dicit
2704 5068 3102 5136 propheticum,
3161 5080 3218 5126 ut
3284 5082 3552 5126 monstret

1953 5159 2096 5227 quod
2117 5175 2221 5212 non
2260 5168 2462 5227 pugnet
2487 5174 2608 5214 cum
2642 5160 2810 5214 veteri
2837 5159 3139 5230 Scriptura.
3175 5161 3327 5228 Quod
3363 5170 3546 5217 autem

1961 5250 2117 5306 dicit:
2149 5250 2218 5306 Ut
2242 5252 2370 5321 quid
2396 5266 2482 5306 me
2503 5251 2884 5320 dereliquisti?
2911 5252 3151 5306 ostendit
3181 5267 3240 5307 se
3269 5254 3549 5307 hominem

1961 5356 2172 5407 rerum,
2199 5351 2255 5395 et
2294 5342 2571 5408 nonjuxta
2617 5343 3013 5411 apparentiam.
3061 5342 3343 5413 Siquidem
3386 5344 3549 5400 homo

1956 5450 2077 5488 cum
2112 5435 2230 5488 vita:
2271 5435 2341 5488 sit
2366 5435 2625 5502 cupidus,
2651 5434 2951 5488 naturalem
3012 5436 3224 5491 vivendi
3255 5437 3416 5492 habet
3451 5453 3548 5507 ap-

1955 5526 2206 5592 petitum.
2261 5525 2412 5580 Sicut
2442 5527 2585 5580 enim
2640 5526 2693 5580 in
2731 5528 3100 5583 incestitudine
3129 5528 3229 5583 fuit
3261 5538 3387 5584 ante
3416 5545 3544 5584 cru-

1953 5634 2095 5686 cem,
2122 5621 2417 5675 ostendens
2455 5620 2703 5675 timorem
2732 5632 2938 5675 natura:
2971 5633 3171 5677 nostra:
3235 5639 3545 5693 congruen-

314 5796 395 5866 (α)
421 5792 614 5866 Yet-ba,
655 5794 758 5866 ἀλλ’
782 5795 896 5866 buy
920 5819 979 5866 -_-_
1004 5795 1229 5856 γίνονται,
1271 5794 1321 5866 in
1369 5797 1610 5866 editione_
1635 5798 1835 5866 Veneta
1877 5798 2011 5850 inter
2039 5803 2195 5866 rarias
2228 5798 2477 5866 lectiones
2506 5801 2566 5866 ad
2594 5800 2782 5866 calcem
2813 5802 3081 5853 voluminis
3112 5804 3384 5860 amaudata.
3413 5807 3548 5866 quod

247 5855 386 5910 nihii
405 5857 488 5927 iis
524 5859 587 5927 in,
608 5855 835 5927 versione
871 5855 1048 5927 ιειιηι
1071 5857 1952 5927 τεεροοάετει,ιειιιιέμτεειιιυιωιιε
1973 5868 2026 5910 ει
2049 5862 2097 5927 in
2123 5862 2360 5927 versione
2384 5860 2747 5927 supplet/imus,
2787 5872 2887 5913 tum
2920 5866 3050 5925 quod
3075 5879 3132 5914 ea
3165 5874 3345 5927 praeter
3371 5855 3550 5916 Roma-

250 5935 376 5992 nurn
405 5919 597 5992 habeat
617 5915 1082 5992 chexli‘ataxinus.
1105 5915 1209 5992 tum
1233 5920 1363 5992 quod
1388 5921 1555 5992 illa‘ut
1582 5921 1942 5992 Theophylacti
1968 5922 2145 5980 verba,
2169 5934 2230 5992 ετ
2263 5921 2362 5972 alio
2387 5915 2551 5992 forsan
2584 5915 2775 5992 codice,
2809 5915 3037 5977 citat'Du
3078 5915 3372 5992 Cang’iusiiu
3403 5915 3547 5978 Glos-

250 5985 390 6034 sarto
416 5979 557 6030 med.
589 5983 641 6030 et
661 5977 754 6032 inf.
783 5979 1076 6042 Graecitatis,
1101 5977 1447 6042 verbo’l‘éwa,
1483 5986 1587 6031 tum
1619 5977 1818 6033 demum
1853 5983 1966 6046 quia
1999 5977 2180 6033 sensus
2200 5985 2305 6047 ipsa
2329 5987 2564 6047 postulat.
2590 5984 2726 6038 EDI'I'.
