4028 6624
207 603 315 668 473

771 588 1223 657 ENARRATIO
1266 588 1345 651 IN
1383 584 1809 649 EVANGELIL'

1930 584 2322 648 ΜΑΤἸἩιΕΙ.
2352 608 2419 626 --
2458 586 2618 648 CAP.
2656 586 2904 650 XXVII.

3400 584 3501 650 £74

214 716 392 786 μίαις,
427 705 901 781 περιρῥήγνυσθαι
928 704 1056 765 τοὺς
1088 702 1349 771 χιτῶνας.
1385 699 1497 751 Καὶ
1531 696 1626 786 νῦν
1650 692 1803 786 οῦνό

1914 699 2189 752 Elementa
2223 712 2349 754 vero
2392 708 2661 752 commota
2705 695 2987 752 declarant
3027 708 3152 755 eum
3180 693 3272 765 qui
3328 696 3502 765 patie-

210 785 355 862 θεῖος
378 798 512 860 ναὸς
525 794 714 863 ὥσπερ
741 790 1110 862 δυσχεραίνων
1135 790 1229 843 ἐπὶ
1258 787 1334 858 τῷ
1356 786 1450 841 τοῦ
1474 785 1611 839 Θεοῦ
1639 785 1805 840 θανά-

208 908 309 960 τῳ,
346 882 751 956 περιερρήξατο
773 883 873 951 τὴν
911 879 1108 934 ἑαυτοῦ
1155 879 1382 947 ἐσθῆτα,
1442 878 1505 931 τδ
1559 874 1802 930 καταπέ-

208 998 417 1050 τασμα.
450 980 560 1031 Καὶ
590 977 725 1050 (me
752 975 798 1027 δ’
832 975 898 1029 ἂν
926 973 1040 1050 ἔχοι
1074 989 1157 1035 τις
1186 973 1389 1035 εἰπεῖν,
1455 969 1804 1038 ἀλλ-ιαύτάρ-

209 1090 283 1145 κη
310 1049 502 1124 ταῦτα.
533 1049 617 1121 Τά
658 1068 715 1120 δὲ
758 1067 995 1135 στοιχεῖα
1028 1064 1376 1134 ἐσείσθησαν,
1411 1061 1528 1131 ἅμα
1564 1060 1665 1131 μὲν
1710 1062 1804 1113 καὶ

206 1161 555 1235 Δημιουργὸν
585 1160 926 1229 ἐμφαίνοντα
956 1154 1093 1211 εἶναι
1122 1158 1214 1210 τδν
1247 1156 1549 1226 πάσχοντα,
1585 1156 1701 1222 ἅμα
1746 1152 1803 1205 δὲ

208 1258 308 1311 καὶ
368 1255 636 1327 δηλοῦντα
687 1253 764 1317 ὡς
809 1251 1309 1323 μετακινηθήσεται
1366 1249 1436 1301 τὰ
1467 1247 1795 1317 πράγματα’

205 1351 303 1403 cev
345 1350 455 1419 γὰρ
489 1346 770 1418 σεισμδνή
801 1345 994 1418 Γραφὴ
1029 1344 1124 1398 ἰπὶ
1181 1342 1282 1413 τῆς
1308 1329 1416 1396 τῶν
1455 1339 1805 1411 πραγμάτων

209 1420 561 1510 μεταθέσεως
615 1436 823 1508 τάττει,
871 1433 1127 1502 Ἐγένετο
1154 1431 1247 1485 οὖν
1284 1432 1316 1501 ἡ
1359 1429 1651 1500 μετάθεσις
1703 1428 1805 1497 τῆς

211 1527 308 1583 τοῦ
332 1526 469 1581 Θεοῦ
497 1526 829 1595 ἐπισκοπῆς,
851 1525 959 1579 ἀπὸ
987 1523 1095 1577 τῶν
1123 1523 1397 1577 Ἰουδαίων
1428 1522 1520 1575 tul
1548 1520 1615 1573 τὰ
1636 1519 1765 1589 ἔθνη
1785 1535 1801 1548 ·

207 1619 308 1672 καὶ
340 1620 396 1671 ai
434 1618 654 1686 πέτραι,
702 1618 821 1687 ἦτοι
848 1616 906 1669 αἱ
944 1615 1139 1667 λίθινοι
1168 1613 1386 1684 καρδίαι
1411 1612 1519 1665 τῶν
1552 1610 1803 1675 ἐθνικῶν,

206 1707 568 1778 ισχίσθησαν,
592 1709 689 1759 καὶ
726 1703 1054 1770 ὑπεδέξαντο
1072 1706 1163 1757 τὸν
1182 1704 1280 1772 τῆς
1293 1703 1552 1773 ἀληθείας
1578 1703 1805 1772 σπόρον,

207 1799 306 1853 καὶ
323 1800 373 1851 oi
396 1798 794 1869 νενεκρωμένοι
812 1799 933 1860 ταῖς
957 1798 1259 1866 ἁμαρτίαις
1298 1794 1685 1865 ἐξανέστησαν,
1712 1796 1807 1846 καὶ

204 1884 373 1960 ἦλθον
395 1890 486 1951 tl;
515 1887 615 1958 τὴν
648 1887 809 1955 ἁγίαν
865 1887 1045 1950 πόλιν,
1104 1889 1203 1956 τὴν
1266 1886 1378 1939 ἄνω
1421 1883 1805 1954 Ἰερουσαλήμ,

209 1984 303 2037 καὶ
327 1980 758 2050 ἐνεφανίσθησαν
789 1980 901 2042 τοῖς
925 1978 1159 2043 πολλοῖς,
1184 1980 1292 2040 τοῖς
1309 1977 1393 2030 διὰ
1422 1977 1521 2045 τῆς
1547 1975 1807 2038 πλατείας

206 2073 329 2126 ὀδοῦ
367 2071 641 2125 ὁδεύουσιν
666 2089 677 2101 ο
713 2069 1140 2137 ἐμφανισθὲντες
1196 2069 1250 2121 δὲ
1314 2069 1523 2133 αὐτοῖς,
1568 2067 1804 2137 ἀρχέτυ-

208 2180 311 2216 πον
348 2164 533 2226 αὐτοῖς
559 2162 808 2229 ἐγένοντο
829 2160 1035 2228 ἀγαθοῦ
1069 2161 1183 2229 βίου
1216 2161 1308 2212 καὶ
1332 2160 1690 2227 ἐπιστροφῆς.
1740 2161 1802 2211 '0

209 2257 321 2326 γὰρ
354 2255 481 2308 ίδὼν
514 2260 606 2307 τὸν
642 2253 837 2328 πρῴην
864 2254 1279 2322 νεκεκρωμένον
1312 2252 1418 2304 ὑπὸ
1458 2251 1565 2302 τῶν
1595 2250 1810 2313 παθῶν,

207 2346 620 2417 ἐπιστραφέντα
651 2347 746 2398 καὶ
782 2345 1075 2400 ἀνελθόντα
1108 2345 1186 2406 είς
1218 2342 1314 2412 τὴν
1347 2343 1507 2408 ἁγίαν
1536 2343 1594 2395 ἐν
1647 2342 1808 2411 ούρα-

1908 792 2085 853 batur,
2121 790 2389 861 Opificem
2414 805 2571 846 suum
2597 804 2739 855 esse,
2770 798 2827 844 et
2854 788 3089 844 futuram
3125 789 3279 860 161
3316 804 3499 843 rerum

1910 879 2451 936 transmutationem.
2500 879 2783 947 Scriptura
2830 880 2976 935 enim
3016 889 3175 935 terra:
3205 889 3409 935 motum
3441 878 3495 932 in

1909 988 2087 1025 rerum
2122 972 2449 1027 alteratione
2476 970 2841 1039 pouit.Faeta
2897 971 3062 1040 igitur
3118 980 3205 1027 est
3272 968 3500 1025 mutatio

1906 1064 2233 1119 visitationis
2287 1063 2376 1117 Dei
2406 1079 2433 1115 a
2459 1062 2659 1117 Judaais
2700 1064 2757 1117 in
2816 1071 3025 1133 gentes.
3070 1056 3136 1117 Et
3168 1069 3354 1133 petrae,
3396 1063 3502 1117 hoc

1906 1168 2011 1222 est,
2049 1154 2258 1226 lapidea
2285 1154 2568 1225 gentilium
2594 1154 2781 1219 corda,
2817 1154 2987 1208 divisa
3019 1162 3167 1217 sunt,
3213 1162 3269 1208 et
3307 1168 3499 1209 susce-

1907 1258 2105 1322 perunt
2126 1261 2312 1303 semen
2341 1247 2607 1301 veritatis.
2643 1247 2712 1302 Et
2736 1246 2935 1302 monui
2972 1246 3211 1316 peccatis
3239 1259 3501 1301 surrexe-

1907 1349 2051 1406 runt,
2082 1349 2136 1395 et
2167 1350 2433 1396 venerunt
2473 1341 2527 1393 in
2581 1339 2864 1393 civitatem
2888 1346 3156 1402 sanctam,
3205 1350 3501 1404 supernam

1908 1432 2052 1486 illam
2087 1430 2408 1495 Jerusalem,
2440 1440 2923 1500 apparueruntque
2954 1428 3142 1484 multls
3186 1443 3284 1499 per
3332 1418 3499 1482 latam

1907 1523 2049 1598 viam
2074 1522 2472 1588 incedentibus,
2492 1529 2547 1577 et
2570 1530 2901 1593 apparentes
2927 1519 3210 1589 exemplar
3233 1520 3342 1574 illis
3366 1518 3500 1573 tacti

1906 1623 2033 1669 sunt
2074 1614 2198 1669 vitae
2229 1616 2382 1669 bona:
2431 1622 2485 1667 et
2517 1611 2913 1668 conversionis.
2951 1610 3085 1665 Nam
3142 1610 3235 1681 qui
3308 1609 3506 1665 viderit

1907 1707 2214 1777 quempiam
2266 1708 2417 1775 prius
2460 1707 2529 1761 ab
2594 1704 2976 1761 affectionibus
3033 1704 3149 1760 suis
3201 1714 3498 1768 mortuum,

1908 1813 2343 1868 conversumque
2371 1807 2424 1852 et
2455 1798 2761 1866 ingressum
2803 1798 2855 1851 in
2892 1802 3141 1851 sanctam
3178 1795 3326 1851 illam
3380 1808 3502 1864 quae

1908 1889 1960 1943 in
1989 1889 2143 1943 caelis
2174 1897 2258 1944 est
2302 1888 2601 1953 civitatem,
2662 1889 2911 1943 imitatur
2962 1886 3112 1941 illum
3153 1900 3250 1955 per
3292 1884 3503 1949 omnia,

1910 1981 2351 2050 convertiturque
2378 1991 2431 2036 et
2459 1990 2593 2049 ipse.
2660 1981 2855 2035 Verum
2909 1982 3025 2035 haec
3058 1980 3132 2035 ita
3166 1978 3505 2034 intellexisse

1911 2072 2179 2125 curiosius
2214 2070 2393 2124 fuerit.
2423 2070 2500 2123 Tu
2534 2083 2713 2125 autem
2757 2082 3026 2141 cognosce
3055 2069 3197 2139 quod
3256 2076 3503 2122 πηοτιυο-

1908 2179 2027 2216 rum
2066 2163 2414 2224 resurrectio,
2459 2177 2579 2231 quae
2620 2161 2762 2215 facta
2810 2172 2896 2216 est
2950 2163 3001 2215 in
3056 2174 3218 2216 cruce
3262 2159 3503 2224 Domini,

1904 2254 2225 2323 signiticarit
2250 2262 2302 2308 et
2331 2268 2541 2319 eorum,
2568 2256 2682 2322 qui,
2720 2254 2773 2308 in
2800 2253 3012 2309 inferno
3045 2252 3267 2317 fuerint,
3300 2250 3503 2306 libera-

1909 2348 2131 2401 tionem.
2167 2346 2550 2414 Apparucrunt
2577 2357 2755 2400 autem
2798 2347 2984 2402 multis
3017 2344 3110 2415 qui
3138 2353 3263 2398 tunc
3312 2356 3505 2409 resur-

209 2439 323 2500 νοῖς
348 2436 525 2502 πόλιν,
553 2439 802 2508 μιμεῖται
824 2436 985 2489 αὐτὸν
1004 2435 1243 2498 πάντως,
1268 2435 1362 2486 καὶ
1380 2422 1697 2502 ἐπὶστρέφει
1717 2435 1809 2485 καί

1914 2448 2185 2501 rexerunt,
2218 2448 2276 2493 ut
2315 2455 2383 2492 ne
2430 2439 2755 2506 phantasma
2790 2454 2911 2494 esse
2940 2441 3215 2493 videretur
3231 2437 3382 2507 quod
3407 2434 3505 2488 fie-

208 2529 396 2592 αύτός.
430 2528 615 2581 Ταῦτα
659 2529 758 2597 μὲν
782 2524 878 2580 οὖν
912 2526 1336 2595 περιεργότερον
1370 2523 1568 2594 ἐνοήθη
1596 2540 1609 2555 ·
1649 2524 1713 2576 σὺ
1753 2524 1809 2575 δὲ

1914 2530 2018 2582 bat.
2058 2527 2498 2585 ltesurrexeruot
2534 2540 2715 2585 autem
2771 2526 2844 2584 illi
2881 2540 3087 2583 tantum
3136 2527 3271 2597 signi
3304 2526 3499 2596 gratia,

207 2618 451 2686 γίνωσκε
486 2621 573 2672 ὅτι
613 2620 633 2649 ἐ
667 2619 777 2671 τῶν
808 2618 1019 2688 νεκρῶν
1052 2618 1294 2686 ἔγερσις,
1329 2615 1362 2684 ή
1396 2617 1454 2666 ὲν
1474 2614 1551 2684 τῷ
1585 2613 1805 2685 σταυρῷ

1916 2618 2374 2689 manifestumque
2404 2632 2490 2676 est
2523 2624 2674 2687 illud,
2704 2624 2845 2691 quod
2876 2625 3073 2676 iterum
3112 2620 3333 2674 mortui.
3374 2617 3507 2684 Qui-

208 2707 304 2760 τοῦ
356 2708 562 2775 Κυρίου
590 2709 883 2776 γενομένη,
917 2705 1109 2775 ἐδήλου
1144 2704 1237 2756 καὶ
1289 2702 1400 2755 τῶν
1451 2704 1511 2755 ὲν
1570 2703 1647 2772 τῷ
1702 2704 1803 2774 ᾄδῃ

1915 2711 2037 2765 dam
2064 2722 2242 2766 autem
2270 2714 2461 2769 dicunt
2499 2720 2644 2784 quod
2674 2727 2958 2785 postquam
3021 2715 3275 2769 Christus
3322 2726 3509 2767 resur-

206 2799 401 2869 ψυχῶν
435 2800 531 2870 τὴν
554 2799 887 2868 ἐλευθερίαν.
934 2798 1219 2865 Ὠφθησαν
1246 2796 1301 2848 δὲ
1336 2794 1551 2858 πολλοῖς
1582 2797 1632 2847 oi
1674 2797 1805 2849 άνα-

1918 2802 2077 2867 rexit,
2132 2809 2533 2860 t'esurrexeriut
2560 2808 2735 2869 etilli,
2769 2822 2867 2861 nec
2915 2815 3097 2873 postea
3129 2804 3324 2859 ntottui
3362 2802 3505 2859 sint:

208 2894 438 2956 στάντες
470 2893 615 2954 τότε,
654 2892 741 2945 ἵνα
776 2891 850 2961 μή
874 2888 998 2959 δόξῃ
1030 2890 1323 2958 φάντασμα
1358 2884 1499 2941 εἶναι
1551 2888 1612 2939 τὺ
1654 2890 1805 2957 γενό-

1915 2894 2007 2945 sed
2047 2895 2231 2948 nescio
2268 2911 2333 2948 an
2364 2898 2467 2951 hoc
2492 2898 2563 2950 sit
2601 2898 2997 2965 recipiendum.

210 3004 375 3057 μενον
413 3002 429 3018 ⁸
466 2986 778 3056 ἀνέστησαν
829 2985 886 3037 δὲ
943 2978 1111 3040 οῦτοι,
1164 2982 1325 3051 χάριν
1384 2981 1478 3034 τοῦ
1547 2982 1777 3051 σημείου
1819 3002 1827 3013 ·
1868 2984 2136 3053 πρόδηλον
2166 2988 2223 3040 δὲ
2281 2989 2364 3041 ὅτι
2398 2991 2560 3043 πάλιν
2607 2992 2929 3058 τεθνήκασι.
2995 2988 3150 3047 Τινὲς
3201 2986 3258 3037 ἑὲ
3314 2984 3510 3052 λέγουυ

209 3100 296 3136 σιν
318 3082 402 3135 ὅτι
430 3081 568 3151 μετὰ
608 3082 669 3133 τὸ
695 3080 990 3149 ἀναστῆναι
1041 3077 1132 3130 τὸν
1168 3076 1424 3146 Χριστὸν,
1471 3077 1779 3147 ἀνέστησαν
1814 3081 1907 3131 καὶ
1973 3075 2141 3147 οὗτοι,
2174 3086 2270 3136 καὶ
2310 3086 2410 3138 οὑκ
2440 3086 2519 3137 ἔτι
2582 3086 2874 3152 ἀπέθανον,
2906 3084 3067 3138 τοῦτο
3121 3083 3178 3136 δὲ
3240 3083 3343 3138 οὐκ
3392 3074 3511 3134 οἶδα

206 3176 255 3228 εί
281 3174 365 3227 δεῖ
394 3172 817 3243 παραδέχεσθαι.

289 3292 310 3325 ι
338 3272 399 3326 Ὀ
428 3272 485 3324 δὲ
517 3270 919 3340 ἑκατόνταρχος
947 3270 1042 3323 καὶ
1072 3270 1121 3322 oi
1148 3268 1264 3340 μετ’
1297 3268 1459 3321 αὐτοῦ
1516 3266 1809 3338 τηροῦντες

1994 3268 2361 3327 νειιε.54-56.
2393 3304 2411 3323 ..
2442 3271 2700 3327 Centurio
2732 3287 2876 3335 vero,
2898 3280 2953 3325 et
2980 3270 3071 3339 qui
3104 3284 3227 3323 cum
3254 3282 3320 3323 eo
3350 3270 3510 3322 erant

204 3363 302 3415 τὸν
350 3361 581 3430 Ἰησοῦν,
646 3360 846 3424 ίδόντες
874 3360 964 3413 τὸν
1004 3361 1227 3431 σεισμὸν
1259 3362 1350 3413 καὶ
1402 3362 1471 3412 τὰ
1520 3362 1808 3429 γενόμενα,

1920 3362 2287 3417 custodientes
2335 3361 2542 3428 Jesum,
2593 3364 2709 3416 viso
2752 3373 2909 3415 terra:
2944 3370 3113 3424 motu,
3140 3370 3195 3415 et
3258 3358 3344 3414 his
3385 3371 3509 3427 qua

210 3451 565 3522 ιφοϐἠθησαν
622 3451 849 3522 σφόδρα,
883 3451 1163 3519 λέγοντεςο
1204 3452 1443 3523 Ἀληθῶς
1500 3451 1635 3504 θεοῦ
1676 3451 1804 3514 Υἱὸς

1916 3452 2061 3507 facta
2102 3454 2341 3520 fuerant,
2399 3454 2697 3509 timuerunt
2771 3453 2949 3516 valde.
3016 3442 3303 3507 dicentes:
3366 3448 3509 3505 Vere

207 3538 277 3615 ἦν
306 3536 486 3606 οὗτος.
513 3537 694 3595 ’Ἦσαν
714 3542 770 3595 δὲ
797 3544 914 3596 ἐκεῖ
938 3543 1200 3610 γυναῖκες
1231 3542 1447 3607 πολλαὶ,
1478 3542 1588 3596 ἀπὸ
1608 3542 1809 3612 μακρό-

1918 3542 2087 3598 Filius
2148 3545 2245 3601 Dei
2294 3554 2415 3601 erat
2467 3544 2590 3599 iste.
2655 3544 2823 3598 Erant
2876 3554 3062 3598 autem
3117 3543 3193 3596 ibi
3250 3541 3509 3595 mulieres

208 3637 305 3689 θεν
349 3636 673 3703 θεωροῦσαι,
699 3635 905 3698 αἵτινες
948 3634 1326 3706 ήκολούθησαν
1358 3632 1437 3703 τῷ
1470 3632 1649 3704 Ἰησοῦ
1699 3634 1809 3686 άπὸ

1920 3637 2101 3691 multa:
2132 3652 2162 3693 e
2188 3637 2481 3708 longinquo
2536 3644 2865 3705 spectantes,
2899 3649 3022 3703 quae
3070 3642 3271 3688 secutae
3299 3631 3510 3686 fuerant

212 3726 317 3795 τῆς
346 3721 639 3787 Γαλιλαίας
667 3724 1017 3777 διακονοῦσαι
1044 3722 1215 3793 αὐτῷ,
1252 3724 1310 3776 ὲν
1339 3717 1427 3785 αἷς
1460 3716 1528 3793 ἦν
1559 3722 1750 3794 Μαρία
1780 3723 1809 3792 ή

1918 3727 2103 3783 Jesum
2157 3744 2186 3782 a
2218 3728 2460 3795 Galilaea,
2495 3730 2869 3782 ministrantes
2896 3727 2967 3793 ei,
3015 3727 3159 3780 inter
3195 3739 3332 3793 quas
3388 3733 3509 3778 erat

209 3815 577 3886 Μαγδαληνὴ,
642 3815 739 3868 καὶ
771 3813 965 3886 Μαρία
996 3815 1143 3886 ήτοῦ
1201 3813 1458 3867 Ἰακώϐου
1520 3813 1613 3866 καὶ
1654 3813 1813 3880 Ἰωσῆ

214 3909 429 3977 μήτηρ,
459 3906 557 3959 καὶ
612 3908 644 3976 ἡ
678 3906 863 3976 μήτηρ
889 3904 1000 3958 τῶν
1055 3904 1186 3957 υίῶν
1215 3904 1525 3958 Ζεϐεδαίου.
1552 3923 1569 3955 ι
1623 3903 1682 3957 '0
1717 3903 1815 3974 μὲν

211 4000 434 4061 ἐθνικὸς
480 3996 899 4066 ἑκατόνταρχος,
934 3996 1043 4052 ἀπὸ
1102 3995 1211 4047 τῶν
1260 3996 1503 4065 σημείων
1567 3996 1815 4049 πιστεύει

213 4092 317 4144 σὺν
338 4094 452 4151 τοῖς
482 4091 609 4160 περὶ
640 4089 805 4142 αὐτόν
840 4103 855 4119 ⁸
887 4091 935 4141 οί
977 4088 1033 4141 δὲ
1096 4089 1393 4158 προφητῶν
1450 4090 1817 4145 κατακούσανο

211 4198 306 4245 τες
338 4184 432 4234 καὶ
465 4181 629 4249 νόμου
661 4180 934 4244 Ἰουδαῖοι,
968 4182 1188 4234 ἄπιστοι
1240 4181 1461 4250 μένουσι
1496 4198 1511 4213 ο
1547 4183 1806 4237 τοσοῦτόν

211 4275 364 4326 ἑστιν
398 4272 432 4340 ή
462 4270 697 4339 πονηρία
750 4271 943 4327 κακόν·
1008 4271 1105 4323 καὶ
1138 4273 1493 4343 ἐμαρτύρησε
1541 4272 1599 4325 δὲ
1634 4275 1662 4325 ὀ
1689 4274 1817 4326 ἑκα-

208 4365 516 4431 τόνταρχος
568 4355 724 4425 οὗτος
755 4360 900 4431 ὑπὲρ
926 4361 1165 4431 Χριστοῦ
1198 4360 1441 4433 ὕστερον.
1471 4362 1730 4426 Γυναῖκες
1759 4364 1816 4417 δὲ

212 4453 527 4523 θεωροῦσαι
545 4454 612 4507 τὰ
632 4453 926 4523 γενόμενα,
952 4454 1009 4506 αί
1029 4452 1263 4523 μάλιστα
1290 4455 1507 4507 πάντων
1535 4455 1816 4525 συμπαθέα

212 4558 452 4609 στεραι,
506 4542 600 4596 καὶ
669 4542 729 4595 τδ
779 4543 938 4611 γένος
1004 4543 1066 4596 τὸ
1121 4544 1494 4615 κατακριθὲν,
1552 4545 1810 4599 ἀπολαύει

213 4632 441 4703 πρῶτον
470 4633 572 4703 τῆς
605 4634 716 4687 τῶν
742 4633 966 4701 ἀγαθῶν
996 4634 1233 4706 θεωρίας
1267 4653 1280 4667 ·
1312 4637 1406 4689 καὶ
1434 4637 1482 4690 οί
1510 4636 1609 4706 μὲν
1639 4638 1815 4709 μαθη-

209 4728 307 4782 ταὶ
338 4726 657 4795 φεύγουσιν,
684 4729 739 4780 αί
770 4728 825 4781 δὲ
854 4730 1110 4797 γυναῖκες
1162 4727 1515 4799 καρτεροῦσι.
1596 4730 1816 4802 Μαρίαν

208 4820 271 4873 δὲ
303 4820 569 4874 Ἰακώϐου
596 4820 691 4873 καὶ
738 4820 897 4889 Ἰωσῆ
925 4821 1158 4891 μητέρα,
1187 4820 1286 4891 τὴν
1314 4821 1577 4875 Θεοτόκον
1627 4822 1777 4891 λέγει

206 4912 238 4967 ό
275 4912 393 4983 γὰρ
434 4911 684 4975 Ἰάκωϐος
732 4913 825 4965 καὶ
854 4912 1041 4983 Ἰωσῆς
1062 4913 1157 4966 τοῦ
1200 4912 1395 4981 Ἰωσὴφ
1430 4910 1571 4985 ἦσαν
1618 4915 1808 4977 παῖδες

189 5006 325 5058 ’ἀπὸ
356 5005 454 5075 τῆς
477 5006 751 5076 προτέρας
768 5002 932 5057 αὐτοῦ
954 5005 1234 5071 γυναικός.
1274 5003 1430 5059 Ἐπεὶ
1457 5003 1549 5057 οὖν
1570 5006 1603 5075 ή
1627 5004 1819 5057 Θεοτόο

208 5113 315 5159 κος
368 5096 510 5165 γυνὴ
547 5095 766 5164 ἐλέγετο
795 5094 890 5148 τοῦ
933 5095 1152 5164 Ἰωσὴφ,
1179 5095 1403 5158 είκότως
1437 5095 1662 5148 καὶτῶν
1696 5094 1819 5147 παί-

208 5189 324 5242 δων
356 5187 526 5241 αὑτοῦ
560 5190 741 5258 μήτηρ
771 5188 889 5258 ἦτοι
924 5189 1167 5259 μητρυιὰ
1191 5188 1410 5255 ἐλέγετο
1429 5203 1446 5221 ·
1477 5190 1510 5254 ἡ
1536 5188 1594 5241 δὲ
1632 5189 1817 5259 μήτηρ

207 5279 326 5334 τῶν
375 5280 511 5332 υίῶν
571 5280 880 5345 Ζεϐεδαίου,
947 5280 1186 5352 Σαλώμη
1255 5281 1540 5335 ὲκαλεῖτου
1593 5283 1727 5350 φασὶ
1758 5282 1815 5335 δὲ

212 5365 315 5427 καὶ
368 5371 578 5443 ταύτην
636 5371 915 5444 θυγατέρα
940 5368 1078 5427 εἶναι
1111 5372 1207 5426 τοῦ
1248 5374 1469 5445 Ἰωσήφ.

303 5463 501 5533 Ὀψίας
525 5463 584 5516 δὲ
632 5462 953 5535 γενομένης,
981 5458 1146 5536 ἦλθεν
1212 5463 1499 5535 ἅνθρωπος
1560 5464 1816 5531 πλούσιος

208 5556 330 5612 ἀπὸ
397 5554 782 5625 ’Δριμαθαίας,
833 5552 1074 5625 τοῦνομα
1141 5554 1361 5625 Ἰωσὴφ,
1392 5554 1452 5619 ὃς
1482 5556 1580 5609 καὶ
1644 5556 1810 5621 αὐτὸς

209 5645 575 5719 δμαθήτευσε
603 5645 682 5717 τῷ
734 5644 934 5717 Ἰησοῦ.
987 5638 1159 5711 Οὗτος
1190 5646 1505 5717 προσελθὼν
1536 5647 1615 5719 τῷ
1656 5648 1818 5703 Πιλά-

212 5756 322 5812 np,
367 5739 617 5811 ⁴ᾐτήσατο
637 5738 697 5792 τὸ
730 5740 891 5808 σῶμα
924 5739 1020 5793 τοῦ
1064 5738 1264 5808 Ἰησοῦ.
1317 5740 1452 5794 Τότε
1504 5744 1533 5796 ὀ
1582 5740 1816 5808 Πιλᾶτος

210 5830 519 5885 ικέλευσεν
551 5828 890 5900 ἀποδοθῆναι
920 5831 986 5885 τὸ
1023 5832 1183 5903 σῶμα
1213 5847 1229 5864 ο
1251 5831 1353 5885 καὶ
1378 5831 1559 5885 λαϐὼν
1595 5832 1657 5885 τὸ
1706 5834 1816 5886 σῶ-

212 5938 297 5991 μα
319 5924 352 5976 ό
390 5920 619 5991 Ἰωσήφ,
687 5922 989 5988 ινετύλιξεν
1037 5924 1170 5977 αὐτὸ
1205 5924 1400 5979 σινδόνι
1451 5924 1689 5996 καθαρᾷ,
1719 5926 1814 5979 καὶ

210 6012 430 6087 lonst
460 6011 593 6067 αὐτὸ
615 6013 673 6068 ἐν
704 6012 780 6085 τῷ
835 6016 1006 6086 καινῷ
1047 6015 1212 6071 αὑτοῦ
1249 6017 1521 6087 μνημείῳ,
1554 6016 1581 6069 ὃ
1628 6017 1813 6071 ἐλατό-

1920 3819 2087 3875 Maria
2140 3819 2473 3891 Magdalenc,
2516 3830 2569 3873 et
2602 3819 2768 3873 Maria
2798 3817 3011 3883 Jacobi,
3052 3827 3107 3873 et
3150 3815 3281 3871 Juse
3310 3825 3505 3883 mater,

1920 3922 1976 3967 et
2001 3924 2172 3967 mater
2202 3912 2435 3985 filiorum
2476 3910 2744 3965 Zebcdmi.
2777 3928 2795 3961 ι
2828 3909 3091 3964 Centurio
3131 3910 3293 3963 homo
3328 3907 3509 3963 ethni-

1921 4018 2018 4058 cus
2051 4017 2081 4055 a
2112 4002 2283 4073 signis
2312 4002 2489 4057 credit
2513 4017 2638 4056 cum
2679 4003 2761 4055 his
2798 4002 2889 4071 qui
2923 4015 3107 4056 secum
3176 4008 3335 4054 erant
3366 4016 3379 4052 :
3416 3997 3512 4053 Ju-

1921 4094 2019 4149 dtri
2046 4104 2228 4147 autent
2253 4092 2345 4162 qui
2373 4094 2545 4163 legem
2574 4106 2629 4146 et
2652 4094 2951 4163 prophetas
2988 4092 3299 4155 audierant,
3327 4091 3508 4144 incre-

1923 4186 2031 4240 duli
2052 4196 2293 4240 manent.
2310 4186 2542 4240 Tantum
2568 4186 2767 4239 malum
2790 4194 2871 4239 est
2891 4184 3221 4253 malignitas.
3238 4182 3303 4236 Et
3322 4194 3514 4250 postea

1922 4277 2240 4346 martyrium
2276 4277 2493 4347 pertulit
2536 4277 2622 4331 hic
2648 4277 2899 4332 centurio
2945 4284 3172 4344 propter
3204 4273 3506 4328 Christum.

1919 4366 2171 4423 Mulieres
2226 4384 2357 4424 vero
2415 4378 2723 4439 spectantes
2751 4383 2813 4422 ea
2846 4382 2969 4438 quae
3021 4366 3241 4431 flebant,
3273 4374 3331 4419 ut
3381 4372 3512 4421 sunt

1918 4459 2473 4529 compatientissimte.
2525 4469 2579 4515 et
2635 4474 2797 4514 sexus
2846 4459 3278 4523 condemnatus,
3321 4456 3511 4527 primae

1924 4551 2180 4606 fruuntur
2205 4552 2474 4607 bonorum
2508 4554 2990 4621 contemplatione.
3014 4552 3081 4606 Et
3114 4550 3365 4617 discipuli
3392 4549 3516 4619 qui-

1920 4643 2041 4698 dem
2075 4641 2310 4712 fugiunt,
2347 4643 2602 4697 mulieres
2652 4653 2831 4696 autem
2895 4642 3063 4697 fortes
3107 4650 3253 4696 sunt.
3281 4639 3511 4695 Mariam

1850 4766 1894 4821 D
1924 4742 2105 4788 autem
2138 4743 2366 4789 matrem
2395 4732 2582 4787 Jacobi
2610 4743 2665 4786 et
2706 4732 2854 4798 Jose,
2883 4732 3169 4802 Deiparam
3232 4731 3387 4786 dicit.
3417 4728 3513 4783 Ja—

1924 4826 2092 4881 cobns
2127 4826 2271 4879 enim
2304 4834 2358 4880 et
2384 4824 2541 4880 Joses
2565 4824 2659 4878 lilii
2691 4832 2847 4880 erant
2884 4822 3088 4894 Josepb
3118 4839 3149 4878 e
3179 4824 3362 4893 priore
3392 4821 3512 4892 ejus

1924 4932 2112 4971 uxore.
2148 4914 2349 4971 Verum
2370 4917 2498 4986 quia
2520 4915 2755 4985 Deipara
2783 4930 2920 4971 uxor
2968 4915 3173 4985 Joseph
3203 4915 3510 4979 dicebatur,

1922 5012 2117 5067 merito
2176 5019 2232 5065 et
2267 5008 2500 5065 filiorum
2531 5010 2648 5080 ejus
2703 5010 2987 5065 dicebatur
3036 5017 3232 5072 mater,
3279 5008 3384 5064 hoc
3429 5016 3514 5065 est

1920 5117 2175 5157 noverca.
2222 5101 2397 5157 Mater
2456 5110 2640 5157 autem
2693 5101 2930 5157 filiorum
2991 5101 3239 5157 Zebedaei
3294 5099 3490 5156 Saloni.

1920 5196 2231 5264 dicebatur,
2250 5210 2414 5266 quam
2447 5204 2504 5252 et
2532 5198 2701 5265 ipsam
2730 5192 2930 5265 Joseph
2966 5194 3132 5249 tiliam
3160 5193 3332 5249 aiunt.

1989 5457 2158 5515 Vens.
2202 5457 2395 5516 57-6l.
2449 5477 2467 5511 ι
2509 5457 2749 5529 Vespere
2780 5468 2961 5529 autem
2990 5459 3135 5515 facto
3203 5459 3355 5515 venit
3410 5459 3515 5514 ho-

1919 5568 2009 5609 mo
2032 5553 2182 5609 dives
2219 5552 2289 5607 ab
2350 5551 2707 5618 Arimathaea,
2746 5552 2968 5607 nomine
3030 5551 3251 5620 Joseph,
3276 5561 3329 5608 et
3396 5552 3513 5622 ipse

1918 5644 2216 5715 discipulus
2245 5643 2423 5699 fuerat
2458 5640 2611 5698 Jesu.
2651 5642 2748 5699 Hic
2788 5644 3021 5699 accessit
3062 5645 3126 5697 ad
3154 5642 3411 5705 Pilatum,
3446 5657 3511 5698 ac

1918 5737 2213 5809 postularit
2255 5750 2455 5805 corpus
2485 5734 2641 5790 Iesu.
2676 5733 2829 5789 Tunc
2880 5733 3085 5789 Pilatus
3138 5735 3301 5804 jussit
3355 5734 3510 5788 reddi

1916 5843 2136 5900 corpus.
2172 5828 2388 5883 Etcum
2444 5830 2745 5896 accepisset
2783 5842 2978 5896 corpus
3028 5826 3252 5895 .loseplt,
3286 5824 3509 5879 involvit

1916 5925 2045 5978 illud
2078 5924 2131 5977 in
2167 5921 2396 5977 sindone
2440 5922 2661 5984 tnunda,
2720 5922 3007 5990 posuitque
3041 5920 3171 5975 illud
3200 5921 3250 5973 iu
3318 5932 3511 5971 monu-

1918 6024 2099 6073 mento
2127 6032 2224 6071 suo
2254 6031 2415 6083 novo,
2449 6015 2592 6084 quod
2615 6014 2891 6068 exciderat
2925 6014 2976 6069 in
3006 6023 3180 6084 petra,
3208 6024 3262 6067 et
3339 6010 3507 6066 advo-
