4028 6532
575 441 689 507 475

1432 429 2013 498 THEOPHYLACTI
2049 429 2144 489 BU
2155 424 2461 488 [ΒΑΗῐῶ
2510 420 2870 484 ARCHIEP.
3732 409 3839 467 L7G

583 557 697 612 luto
737 566 868 609 savo
902 550 1100 620 ingenti
1129 547 1192 608 ad
1213 548 1412 603 ostium
1450 543 1806 606 monumenti,
1833 543 1988 596 abiit.
2021 540 2151 595 Erat

2281 553 2429 608 ιησεν
2456 537 2515 588 ιν
2541 535 2608 604 τῇ
2640 531 2838 601 πέτρᾳ.
2901 524 3014 580 Καὶ
3061 518 3431 620 προσκυλίσας
3476 514 3626 570 λίθον
3677 519 3850 584 μέγαν

588 661 767 702 autem
802 645 870 698 ihi
905 642 1065 696 Maria
1099 640 1426 710 Magilalene,
1471 647 1525 692 et
1551 636 1722 689 altera
1797 633 1955 703 162
1989 629 2152 684 Maria

587 739 836 795 sedentes
891 745 1076 788 contra
1120 732 1444 798 sepulcrum.
1485 748 1503 780 ι
1546 726 1898 781 Deiitescebat
1938 722 2154 792 quidem

586 832 712 886 olim
747 826 969 891 Ioseph,
997 839 1135 876 nunc
1158 831 1338 874 autem
1379 835 1627 890 magnam
1658 833 1768 872 rem
1832 814 2015 877 audet,
2062 827 2157 882 po-

590 937 724 977 nens
745 919 978 971 aniuiam
1007 933 1155 972 suam
1191 929 1286 983 pro
1309 927 1533 980 corpore
1565 908 1827 978 magistri,
1863 915 2153 974 tantasque

591 1012 905 1066 inimicitias
931 1009 1240 1064 Juda'orum
1283 1002 1604 1072 suscipiens.
1641 1001 1807 1054 Porro
1840 1012 1936 1066 pro
1964 1010 2157 1065 magno

589 1107 732 1161 dono
757 1106 1009 1157 donatum
1049 1109 1132 1155 est
1197 1099 1270 1152 illi
1296 1110 1491 1163 corpus
1516 1092 1640 1147 Jesu
1704 1109 1715 1143 :
1771 1105 1892 1142 nam
1944 1102 2064 1142 cum
2103 1094 2162 1139 ut

587 1193 879 1248 seditiosus
900 1201 1042 1244 esset
1089 1189 1303 1244 occisus
1346 1185 1620 1246 Christus,
1672 1180 1935 1248 reliquum
1961 1185 2160 1230 eratut

589 1283 894 1352 insepultus
938 1284 1130 1337 merito
1163 1281 1508 1348 abjiceretur.
1540 1273 1734 1328 Verum
1788 1286 1911 1326 cum
1961 1269 2158 1336 Joseph

591 1377 743 1432 dives
785 1387 945 1437 esset,
1007 1371 1300 1428 verisimile
1340 1378 1421 1422 est
1447 1367 1589 1437 quod
1619 1365 1792 1420 Pilato
1849 1377 2039 1416 aurum
2067 1359 2162 1414 de-

593 1469 751 1522 derit.
792 1465 1021 1520 Proinde
1056 1453 1254 1532 cerpus
1300 1443 1443 1534 quod
1497 1464 1801 1524 acceperat,
1864 1451 2163 1507 honorilice

594 1565 832 1609 tractans
871 1555 922 1607 in
956 1553 1202 1622 sepulcro
1235 1566 1372 1604 novo
1404 1547 1723 1611 recondidit,
1752 1547 1803 1598 iu
1849 1559 1957 1612 quo
1984 1541 2162 1596 nullus

595 1663 828 1715 unquam
866 1644 1070 1714 positus
1104 1655 1262 1696 erat:
1295 1643 1344 1694 id
1373 1641 1514 1708 quod
1545 1639 1724 1693 divina
1759 1636 2164 1703 dispensatione

596 1736 818 1801 factum,
851 1752 916 1789 ne
941 1752 1061 1788 cum
1093 1735 1480 1788 resurrexissct
1506 1730 1788 1788 Dominus.
1827 1739 2011 1797 posset
2044 1728 2165 1796 quis

599 1831 778 1884 dicere
810 1828 950 1896 quod
987 1828 1123 1879 alius
1162 1837 1286 1878 ante
1316 1840 1439 1878 eum
1493 1822 1736 1891 sepultus
1770 1822 1879 1874 illic
1919 1829 2166 1874 mortuus

599 1917 989 1972 resurrexisset
1018 1933 1030 1967 :
1056 1925 1108 1966 et
1139 1914 1338 1967 idcirco
1358 1911 1459 1965 fuit
1491 1921 1898 1964 monmnentum
1947 1923 2162 1961 novum.

599 2007 766 2062 Maria
804 2016 977 2059 autem
1023 2004 1353 2069 Magdalene,
1398 2013 1451 2056 et
1476 2001 1641 2055 altera
1696 2000 1882 2061 Maria,
1934 2001 2035 2053 hoc
2089 2007 2172 2052 est

602 2097 829 2165 Deipara
867 2114 1026 2166 quam
1053 2111 1212 2164 supra
1247 2096 1456 2148 dixerat
1480 2092 1606 2147 lose
1626 2091 1881 2148 etJacobi
1921 2100 2169 2151 matrem,

599 2192 771 2244 amba:
801 2190 1116 2243 assederunt
1142 2187 1206 2240 ad
1236 2185 1560 2252 sepulturam
1600 2202 1613 2237 :
1647 2185 1718 2236 ita
1760 2193 1819 2236 ut
1869 2196 1993 2234 cum
2025 2179 2175 2233 furor

600 2278 906 2334 Iudaeorum
949 2287 1213 2338 cessaret,
1243 2277 1454 2330 abirent
1475 2286 1528 2330 et
1556 2274 2011 2342 amplecterentur
2045 2287 2170 2326 cor-

604 2375 729 2439 pu’s.
793 2385 858 2424 ac
919 2371 1258 2438 inungerent.
1329 2367 1402 2422 De
1463 2367 1547 2420 his
1611 2366 1923 2420 mulieribus
1963 2365 2177 2418 dicebat

603 2461 769 2517 Isaias
799 2477 811 2513 :
849 2460 1097 2514 Mulieres
1121 2460 1396 2514 venientes
1417 2473 1444 2511 a
1477 2457 1804 2526 spectaculo,
1840 2459 2031 2513 venite.
2068 2469 2175 2507 non

601 2553 745 2606 enim
784 2550 1011 2619 pepulus
1039 2557 1120 2602 est
1147 2548 1350 2604 habens
1385 2547 1742 2601 intellectum.
1781 2544 2060 2598 Mauileste
2096 2544 2175 2596 io-

602 2643 787 2713 quitur
816 2642 880 2696 de
909 2641 1131 2696 Judaico
1161 2642 1380 2711 populo,
1435 2641 1526 2708 qui
1582 2640 1932 2692 crucilixerat
1989 2637 2174 2689 Domi-

607 2751 758 2799 num,
794 2735 935 2803 quod
967 2748 1070 2787 non
1103 2733 1295 2786 habeat
1325 2731 1673 2786 intellectum.
1735 2729 1976 2781 Advocat
2014 2728 2177 2795 igitur

605 2827 883 2888 mulieres.
916 2834 976 2878 ut
1006 2825 1258 2894 populum
1291 2823 1506 2892 quidem
1564 2819 1836 2875 intellectu
1897 2830 2171 2872 carentem

607 2915 1067 2985 derciinquerent,
1119 2915 1184 2966 ad
1238 2911 1513 2982 apostolos
1547 2921 1724 2965 autem
1755 2911 2097 2971 accederent,
2127 2917 2180 2963 et

605 3008 715 3063 illis
742 3007 1166 3062 resurrectionis
1183 3004 1519 3074 evangelium
1550 3002 1928 3072 praedicarent.

674 3181 840 3238 Vens.
874 3181 1065 3236 ϐἳιθθ.
1130 3199 1148 3232 ι
1193 3181 1410 3236 Postera
1436 3190 1611 3234 autem
1648 3181 1734 3234 die
1765 3195 1885 3248 qua:
1931 3180 2180 3245 sequitur
2209 3207 2250 3263 ο

2255 608 2319 699 τῇ
2351 628 2491 698 θύρᾳ
2517 626 2610 678 τοῦ
2641 621 2930 694 μνημείου,
2960 614 3239 688 ἀπῆλθεν·
3280 608 3348 684 ἦν
3385 611 3442 664 δὲ
3497 609 3616 660 ικεῖ
3662 608 3849 674 Μαρία

2255 721 2290 789 ἡ
2322 713 2672 786 Μαγδαληνὴ,
2707 716 2800 766 καὶ
2831 713 2864 780 ὴ
2897 708 3032 778 ἄλλη
3069 705 3281 776 Μαρία,
3320 701 3631 771 καθήμεναι
3678 699 3825 750 ἀπὶν

2261 827 2382 864 αντι
2411 807 2504 860 τοῦ
2536 807 2730 873 τάφου.
2754 823 2772 856 ι
2844 800 3180 870 Ἐκρύπτετο
3223 796 3320 865 μιν
3354 793 3524 845 πάλαι
3563 793 3592 843 6
3617 790 3847 857 -Ἰωσὴφ,

2259 901 2355 954 νῦν
2385 900 2442 952 δὲ
2485 900 2624 969 μέγα
2653 896 2885 966 πρᾶγμα
2910 892 3113 960 τολμᾷ,
3139 887 3309 949 τιθεὶς
3351 884 3450 956 τὴν
3479 882 3660 952 ψυχὴν
3686 879 3852 933 αὑτοῦ

2263 992 2409 1063 ὑπὲρ
2447 989 2541 1044 τοῦ
2572 984 2954 1041 διδασκαλικοῦ
2987 978 3264 1052 σώματος,
3299 977 3394 1030 καλ⁵
3443 973 3717 1042 τοσαύτην
3764 973 3855 1041 ιχ-

2261 1062 2398 1155 θραν
2447 1083 2586 1152 πρὸς
2637 1081 2847 1138 πάντας
2918 1071 3206 1134 Ἰουδαίους
3260 1065 3688 1135 ἀναδεξάμενος.
3759 1062 3856 1155 νὨς

2265 1154 2508 1246 μεγάλην
2529 1173 2584 1226 δι
2623 1169 2853 1240 δωρεὰν,
2884 1166 3100 1220 δίδωσιν
3131 1161 3282 1234 αὐτῷ
3307 1159 3366 1214 τὸ
3394 1159 3554 1228 σῶμα
3604 1158 3634 1209 ὁ
3682 1154 3850 1246 nos.

2262 1284 2373 1331 τος.
2416 1266 2507 1328 Ὠς
2534 1264 2640 1332 γάρ
2670 1257 2995 1314 στασιαστοῦ
3022 1253 3426 1314 θανατωθέντος
3451 1249 3547 1302 τοῦ
3587 1245 3855 1319 Χριστοῦ,

2266 1362 2492 1424 εἰκότως
2522 1357 2582 1411 ἰδ
2641 1357 2800 1425 σῶμα
2846 1353 3013 1408 αὑτοῦ
3050 1349 3276 1421 ἔμελλεν
3328 1347 3538 1415 ἄταφον
3587 1343 3855 1414 ριφῆναι’

2264 1452 2380 1504 ἀλλ’
2409 1455 2436 1504 6
2507 1449 2706 1516 Ἰωσὴφ
2747 1445 3002 1506 πλούσιος
3057 1441 3155 1506 ὣν,
3193 1439 3340 1502 είκδς
3387 1439 3469 1492 δτι
3520 1439 3616 1490 καὶ
3656 1434 3858 1487 ἔδωκεν

2265 1544 2331 1596 ἂν
2363 1541 2440 1612 τῷ
2470 1541 2685 1607 Πιλάτῳ
2715 1539 2957 1608 χρυσίον.
3002 1537 3112 1589 Καὶ
3147 1532 3329 1585 λαϐὼν
3364 1531 3499 1600 τιμᾷ
3529 1528 3662 1580 αὐτὸ
3692 1570 3708 1591 ,
3758 1541 3859 1578 κα-

2264 1633 2444 1694 ταθεὶς
2475 1633 2532 1682 ὲν
2569 1630 2819 1700 μνημείῳ
2850 1626 3045 1696 καινῷ,
3078 1628 3133 1678 ὲν
3159 1616 3203 1692 ᾧ
3232 1621 3446 1676 οὐδέπω
3491 1618 3670 1679 οὐδεὶς
3731 1615 3853 1669 ἑτέ-

2267 1727 2331 1794 θη
2359 1742 2370 1752 ⁸
2391 1723 2551 1776 τοῦτο
2578 1724 2634 1775 δὶ
2664 1722 2973 1790 οἰκονομίας
2998 1717 3132 1769 Θεοῦ
3164 1712 3254 1786 ἦν,
3324 1714 3415 1765 ῖνα
3447 1710 3546 1780 μὴ,
3578 1706 3861 1762 ἀναστάνο

2266 1835 2356 1878 τος
2390 1815 2482 1867 τοῦ
2511 1814 2740 1880 Κυρίου,
2775 1812 2888 1880 έχοι
2913 1827 2997 1871 τις
3045 1809 3225 1860 εἰπεῖν
3265 1806 3346 1858 ὅτι
3383 1803 3543 1864 ἄλλος
3598 1801 3863 1870 πρότερον

2273 1910 2462 1976 ταφεὶς
2518 1907 2633 1958 ἐκεῖ
2662 1905 2853 1971 νεκρὸς
2890 1901 3117 1968 ἀνέστη.
3167 1897 3268 1950 Διά
3319 1896 3477 1948 τοῦτο
3529 1889 3626 1946 οὖν
3678 1888 3866 1943 καινὸν

2273 2000 2332 2050 τδ
2359 1999 2637 2067 μνημεῖον.
2671 1996 2734 2048 ’Π
2770 1993 2960 2060 Μαρία
2988 1991 3043 2042 δὲ
3073 1992 3105 2055 ἡ
3139 1987 3494 2057 Μαγδαληνὴ,
3527 1986 3624 2038 καὶ
3645 1985 3680 2052 ἡ
3730 1981 3866 2051 ἄλλη

2274 2091 2480 2162 Μαρία,
2548 2089 2844 2150 τουτέστιν,
2913 2087 2946 2152 ἡ
2977 2086 3260 2144 Θεοτὸκος,
3295 2084 3362 2150 ἢν
3391 2079 3652 2148 ἀνωτέρω
3675 2077 3869 2129 ἐκάλε-

2277 2199 2369 2234 σεν
2395 2180 2553 2250 Ἰωσῆ
2585 2182 2680 2232 καὶ
2730 2176 2994 2231 Ἰακώϐου
3027 2175 3260 2244 μητέρα,
3298 2166 3460 2224 αὗται
3503 2172 3558 2223 αἱ
3615 2168 3710 2221 δύο
3738 2165 3871 2219 κάθ-

2277 2291 2432 2341 ηνται
2479 2273 2738 2324 ἀπέναντι
2780 2269 2873 2322 τοῦ
2921 2268 3095 2333 τάφου
3157 2254 3650 2334 προσεδρεύουσαι,
3697 2260 3865 2324 ὥστε,

2279 2369 2326 2418 εἰ
2374 2364 2642 2417 παύσαιτο
2673 2365 2704 2430 η
2734 2362 2926 2431 μανία,
2955 2359 3211 2413 ἀπελθεῖν
3245 2357 3336 2409 καὶ
3378 2351 3747 2423 περιχυθῆναι
3791 2348 3870 2420 τῷ

2279 2455 2517 2524 σώματι,
2549 2453 2643 2506 καὶ
2676 2453 2901 2520 μυρίσαι
2925 2451 3078 2503 αὐτό.
3108 2447 3244 2517 Περὶ
3277 2445 3386 2498 τῶν
3454 2441 3722 2494 τοιούτων
3774 2455 3872 2508 γυ·

2281 2547 2481 2600 ναικῶν
2533 2546 2718 2610 ἔλεγεν
2779 2544 3029 2605 Ἡσαΐας·
3095 2540 3360 2600 Γυναῖκες
3413 2536 3708 2604 ἐρχόμεναι
3763 2529 3872 2582 ἀπὸ

2282 2638 2432 2700 θέας,
2465 2636 2619 2688 δεῦτε
2643 2655 2654 2665 ·
2685 2635 2744 2686 οὐ
2779 2634 2885 2703 γάρ
2905 2633 3026 2693 λαός
3061 2632 3204 2682 ἐστιν
3233 2629 3372 2696 έχων
3426 2625 3664 2677 σύνεσιν.
3702 2622 3872 2673 Φανε-

2286 2731 2393 2800 ρῶς
2439 2731 2544 2796 γάρ
2591 2726 2720 2796 περὶ
2748 2725 2843 2777 τοῦ
2892 2721 3186 2776 Ἰουδαῖκοῦ
3221 2717 3352 2772 λαοῦ
3387 2715 3483 2768 τοῦ
3516 2711 3872 2782 σταυρώσαν-

2281 2839 2371 2883 τος
2397 2821 2486 2872 τὸν
2521 2819 2745 2888 Κύριον,
2784 2818 2930 2884 λέγει
2964 2816 3046 2867 ὅτι
3079 2814 3179 2866 οὐκ
3209 2812 3387 2881 έχουσι
3414 2807 3656 2861 σύνεσιν.
3694 2805 3872 2875 Προσ·

2283 2913 2523 2966 καλεῖται
2585 2910 2678 2964 οὖν
2718 2913 2919 2971 ταύτας
2973 2904 3295 2972 καταλεῖψαι
3339 2901 3439 2971 μὶν
3474 2899 3568 2953 τὸν
3611 2897 3874 2952 ἀσύνετον

2281 3009 2430 3067 λαὸν.
2468 3005 2781 3075 προσελθεῖν
2813 3003 2870 3054 δὲ
2902 3003 3012 3066 τοζς
3055 2996 3400 3058 ἀποστόλοις.
3430 2994 3527 3047 καὶ
3580 2989 3874 3060 εὐαγγελί-

2285 3097 2476 3149 σασθαι
2513 3097 2696 3155 αὐτοῖς
2758 3092 2855 3159 τὴν
2912 3089 3227 3142 ἀνάστασιν.

2363 3208 2380 3238 ι
2408 3189 2486 3256 Τῇ
2517 3187 2572 3238 δὲ
2604 3184 2886 3256 ἐπαύριον,
2918 3182 3036 3251 ἥτις
3062 3181 3177 3232 ἐστὶ
3203 3176 3340 3248 μετά
3359 3177 3458 3244 τὴν
3484 3171 3876 3244 Παρασκευὴν,

609 3275 976 3339 Parasceven,
1012 3283 1377 3327 convenerunt
1429 3272 1700 3340 principes
1740 3271 2084 3324 sacerdotum
2121 3281 2175 3322 et

2285 3275 2630 3344 συνήχθησαν
2681 3275 2729 3324 oi
2781 3271 3056 3341 ἀρχιερεῖς
3120 3269 3212 3320 καὶ
3286 3267 3336 3318 oi
3395 3265 3684 3333 Φαρισαῖοι
3742 3261 3877 3332 πρδς

610 3366 868 3424 Pharisaei
901 3369 966 3421 ad
1002 3366 1254 3429 Pilatum,
1288 3367 1566 3424 dicentes:
1609 3363 1857 3426 Domine,
1914 3364 2177 3418 recordati

2285 3370 2536 3432 Πιλᾶτον,
2570 3367 2818 3432 λέγοντες
2847 3381 2859 3393 '
2897 3363 3092 3430 Κύριε,
3157 3357 3518 3429 ἐμνήσθημεν
3543 3357 3628 3408 ὅτι
3669 3355 3878 3414 ἐκεῖνος

607 3474 796 3515 sumus
837 3460 978 3528 quod
1009 3459 1268 3526 impostor
1292 3458 1378 3510 ille
1408 3459 1543 3511 dixit
1572 3458 1747 3511 adhuc
1796 3457 2003 3519 vivens,
2056 3455 2177 3510 Post

2283 3462 2310 3514 6
2342 3463 2540 3518 πλάνος
2577 3454 2728 3510 εἶπεν
2763 3456 2842 3508 ἔτι
2874 3455 2982 3517 ζῶν
3004 3469 3018 3482 ⁸
3048 3451 3204 3506 Μετὰ
3240 3454 3390 3520 τρεῖς
3421 3449 3632 3520 ἡμέρας
3665 3445 3880 3516 ἐγείρο-

609 3557 722 3605 tres
744 3551 858 3605 dies
904 3565 1205 3618 resurgam.
1237 3547 1372 3604 lube
1425 3563 1553 3615 ergo
1612 3548 1809 3600 muniri
1875 3546 2180 3614 sepulcrum

613 3658 781 3713 usque
813 3643 864 3696 in
896 3642 1033 3696 diem
1083 3643 1321 3706 tertium,
1385 3657 1451 3696 ne
1487 3643 1700 3708 quando
1747 3640 1968 3694 veniant
2021 3639 2184 3692 disci-

613 3733 724 3804 puli
752 3734 869 3805 ejus
923 3743 1102 3794 noctu,
1137 3742 1189 3787 et
1214 3733 1461 3786 furentur
1492 3747 1638 3795 eum,
1691 3732 1978 3799 dicamque
2019 3729 2182 3797 plebi,

615 3826 865 3880 Surrexit
907 3840 934 3878 a
961 3824 1186 3878 mortuis
1221 3833 1314 3880 :et
1337 3825 1442 3878 erit
1472 3824 1800 3877 novissimus
1853 3837 2007 3875 error
2037 3821 2185 3890 pejor

612 3919 810 3987 priore.
834 3918 922 3972 Ait
949 3917 1054 3972 illis
1089 3894 1291 3970 Pilatus
1328 3933 1342 3969 :
1380 3915 1600 3969 Habetis
1666 3915 2010 3986 custodiam,
2088 3916 2181 3977 ite,

614 4011 821 4065 munite
851 4010 998 4064 sicut
1025 4010 1200 4064 scitis.
1234 4007 1313 4061 illi
1338 4018 1519 4062 autem
1583 4007 1845 4061 abeuntes
1878 4005 2186 4059 munierunt

613 4101 941 4168 sepulcrum,
973 4101 1252 4168 obsignato
1276 4100 1471 4167 lapide,
1500 4099 1756 4152 adhibitis
1785 4098 2119 4153 custodibus.
2163 4115 2183 4149 ι

613 4187 731 4244 Non
773 4190 1015 4243 nominat
1065 4189 1386 4250 Sabbatum,
1446 4186 1740 4242 Sabbatum
1777 4205 1791 4241 ι
1822 4201 1886 4240 eo
1910 4186 2050 4253 quod
2082 4203 2185 4239 non

613 4291 730 4335 erat
763 4280 1060 4356 Sabbatum
1087 4290 1345 4350 quantum
1379 4280 1444 4333 ad
1470 4278 1780 4333 Judaaorum
1815 4279 2077 4331 insaniam
2107 4285 2189 4328 at-

618 4374 844 4428 tinebat.
869 4372 1002 4427 Cum
1026 4374 1169 4427 enim
1195 4373 1278 4426 lex
1310 4371 1586 4441 precipiat
1619 4385 1683 4423 ne
1703 4369 1828 4438 quis
1875 4384 1933 4423 se
1977 4377 2189 4422 moveat

615 4465 703 4520 die
728 4464 948 4519 Sabbati
983 4481 1010 4518 a
1058 4464 1177 4519 loco
1209 4479 1330 4527 suo,
1393 4461 1841 4530 pravarieatores
1862 4458 2029 4513 Judaei
2094 4474 2189 4512 va-

2289 3571 2406 3626 μαι.
2450 3552 2718 3604 Κέλευσον
2750 3544 2842 3602 οὖν
2873 3545 3275 3615 ἀσφαλισθῆναι
3303 3543 3397 3595 τὸν
3426 3544 3599 3608 τάφον
3623 3539 3732 3602 ἕως
3781 3539 3882 3626 τῇς

2285 3617 2474 3718 τρίτης
2514 3643 2750 3712 ἡμέρας,
2785 3642 2994 3710 μήποτε
3027 3637 3273 3702 ἐλθόντες
3303 3637 3351 3688 oi
3413 3634 3657 3704 μαθηταὶ
3711 3617 3879 3686 αὑτοῦ

2287 3737 2497 3798 νυκτὸς,
2527 3719 2800 3801 κλέψωσιν
2831 3730 3014 3795 αὑτὸν,
3048 3731 3141 3782 καὶ
3173 3729 3368 3780 εἴπωσι
3401 3727 3479 3795 τῷ
3500 3725 3636 3794 λαῷ.
3677 3725 3882 3796 Ἠγέρ-

2287 3830 2353 3897 θη
2421 3827 2529 3882 ἀπὸ
2574 3823 2680 3877 τῶν
2740 3824 2951 3893 νεκρῶν
2985 3839 3000 3855 ⁸
3027 3821 3118 3874 καὶ
3166 3822 3319 3872 ἔσται
3355 3820 3387 3890 ὴ
3432 3818 3635 3887 ἐσχάτη
3702 3817 3879 3886 πλάνη

2286 3918 2484 3989 χείρων
2508 3918 2606 3984 τῆς
2642 3915 2887 3985 πρώτης.
2917 3913 3065 3981 Ἔφη
3101 3912 3281 3973 αὐτοῖς
3313 3913 3340 3963 6
3379 3909 3610 3970 Πιλᾶτος
3632 3925 3647 3938 ⁸
3687 3908 3881 3978 Ἔχετε

2296 4009 2655 4069 κουστωδίαν,
2708 4008 2970 4073 ὑπάγετε,
3008 4001 3385 4071 ἀσφαλίσασθε
3437 4001 3514 4063 ὡς
3573 3999 3783 4051 οἴδατε.
3821 3998 3882 4051 Ol

2289 4102 2344 4155 δὲ
2377 4101 2731 4170 πορευθέντες
2769 4097 3138 4167 ἠσφαλίσαντο
3167 4097 3260 4146 τὸν
3306 4094 3500 4161 τάφον.
3538 4091 3885 4160 σφραγίσαν⁹

2287 4212 2378 4256 τες
2409 4196 2501 4246 τὸν
2535 4192 2682 4244 λίθον
2715 4191 2855 4260 μετά
2882 4189 2980 4257 τῆς
3016 4185 3367 4247 κουστωδίας.
3405 4205 3423 4236 ι
3462 4185 3578 4236 Οὐκ
3621 4180 3884 4251 ὀνομάζει

2287 4287 2348 4340 τὸ
2379 4285 2677 4347 Σάδδατον,
2736 4281 3035 4343 Σάὅδατον,
3076 4279 3212 4332 διότι
3271 4276 3390 4330 οὐδὲ
3451 4274 3734 4327 Σάδδατον
3793 4269 3882 4345 ἦν,

2287 4381 2410 4432 ὅσον
2445 4379 2536 4430 ἐπὶ
2568 4379 2634 4446 τῇ
2677 4376 2850 4444 κακία
2900 4373 3006 4425 τῶν
3046 4370 3315 4424 Ἰουδαίων
3340 4385 3354 4399 ·
3387 4367 3482 4420 τοῦ
3540 4366 3648 4436 γὰρ
3712 4366 3882 4437 νόμου

2289 4465 2698 4536 διαγορεύοντος
2734 4466 2800 4532 τῇ
2833 4461 3019 4532 ἡμέρα
3070 4459 3165 4512 τοῦ
3214 4456 3493 4511 Σαδδάτου
3535 4455 3744 4526 μηδένα
3797 4472 3886 4509 κι-

617 4561 749 4612 dunt
777 4559 842 4610 ad
865 4558 1219 4627 alienigenam
1255 4555 1509 4620 Pilatum,
1543 4564 1596 4610 et
1637 4568 1740 4608 non
1776 4555 1841 4606 ad
1888 4566 2177 4619 congrega-

2292 4561 2498 4612 νεῖσθαι
2534 4559 2598 4610 ὲκ
2625 4556 2717 4608 τοῦ
2748 4557 2916 4608 τόπου
2952 4552 3139 4618 αὐτοῦ,
3182 4552 3232 4605 οί
3267 4549 3576 4620 παράνομοι
3635 4549 3882 4602 Ἰουδαῖοι

619 4653 818 4706 tionem
848 4666 1009 4720 quam
1043 4650 1122 4704 lex
1180 4648 1546 4720 permittebat.
1581 4645 1647 4698 Et
1690 4644 1793 4712 ipsi
1848 4644 2060 4709 quidem
2096 4657 2190 4696 sua

618 4740 824 4794 malitia
856 4741 1260 4809 instiganturut
1299 4737 1500 4792 vadant
1534 4738 1599 4790 ad
1664 4735 1914 4800 Pilatum,
1958 4745 2012 4790 et
2067 4751 2188 4788 mtt-

619 4832 772 4886 niant
813 4831 1170 4900 sepulcrum:
1235 4829 1329 4884 Dei
1391 4838 1568 4883 autem
1631 4828 2032 4895 dispensatione
2087 4829 2189 4883 hoc

617 4922 848 4987 factum,
883 4931 939 4975 ut
960 4907 1289 4976 resurrectio
1321 4920 1557 4975 inimicis
1589 4918 1817 4975 testibus
1869 4921 2190 4987 comprobe-

617 5023 728 5077 tur.
752 5015 879 5069 dum
903 5015 1204 5084 sepulcrum
1258 5015 1499 5067 munitur
1521 5024 1572 5066 et
1601 5014 1921 5068 custoditur.
1949 5012 2188 5066 interro-

621 5107 833 5176 gatione
863 5114 1043 5159 autem
1077 5103 1320 5174 dignum,
1349 5091 1489 5158 unde
1538 5101 1708 5158 Judaei
1737 5103 1980 5158 sciebant
2026 5103 2191 5158 Chri-

621 5202 762 5249 stum
788 5195 946 5249 tertio
971 5195 1056 5249 die
1076 5194 1546 5250 resurrecturum?
1569 5195 1814 5248 Nondum
1842 5195 1984 5249 enim
2012 5193 2194 5247 Domi-

622 5285 886 5340 nusnude
915 5297 966 5339 et
994 5287 1276 5340 manifeste
1321 5285 1400 5339 eis
1453 5286 1555 5339 hoc
1594 5286 1820 5340 dixerat.
1872 5286 1983 5341 Diei
2019 5295 2196 5355 potest

621 5374 818 5442 quoda
863 5374 1031 5443 ligura
1080 5373 1228 5430 Jonas
1283 5376 1656 5444 cognoverint,
1710 5379 2006 5446 praesertim
2065 5393 2186 5430 eum

620 5463 873 5520 Christus
911 5465 1111 5518 dixerit
1145 5483 1159 5519 :
1196 5484 1213 5517 ι
1249 5467 1399 5521 Sicut
1435 5465 1601 5522 Jonas
1662 5466 1762 5520 fuit
1799 5469 1970 5522 tribus
1999 5468 2189 5522 diebus

622 5553 677 5608 in
727 5565 914 5608 ventre
969 5557 1094 5619 ceti,
1141 5558 1212 5609 ita
1257 5567 1311 5610 et
1370 5571 1468 5627 ego
1512 5557 1564 5611 itt
1607 5566 1794 5612 ventre
1837 5569 1996 5612 terrae
2022 5559 2129 5622 ⁶⁹⁶;
2169 5577 2184 5607 ι

626 5645 796 5715 163
840 5646 922 5699 vel
956 5661 1022 5702 ex
1079 5647 1170 5700 illo
1209 5646 1356 5718 quod
1385 5647 1518 5702 dixit
1567 5667 1582 5705 :
1628 5667 1646 5700 ι
1683 5647 1884 5704 Solvite
1938 5651 2192 5721 templum

699 5825 764 5857 ⁶⁹⁹
797 5824 980 5882 Matth.
1016 5842 1110 5890 xu,
1141 5830 1230 5886 40.

2292 4651 2428 4720 πρὸς
2457 4648 2547 4701 τὸν
2578 4647 2878 4715 ἀλλόφυλον
2911 4645 3145 4697 Πιλᾶτον
3195 4643 3546 4707 συνάγονται,
3596 4641 3724 4691 ἀντὶ
3786 4639 3883 4708 τῆς

2289 4740 2682 4810 νενομισμένης
2711 4737 3001 4801 συνάξεως.
3044 4736 3186 4788 Ἀλλ’
3217 4737 3417 4787 ἐκεῖνοι
3480 4733 3579 4802 μὲν
3634 4733 3742 4785 ὑπὸ
3785 4732 3881 4800 τῆς

2289 4828 2500 4881 ἑαυτῶν
2529 4827 2803 4880 κινοῦνται
2840 4826 3105 4894 πονηρίας
3133 4827 3212 4887 είς
3242 4823 3301 4876 τὸ
3331 4821 3652 4893 προσελθεῖν
3684 4822 3764 4892 τῷ
3790 4823 3882 4874 Πι-

2288 4920 2456 4990 λάτῳ.
2487 4920 2583 4971 καὶ
2612 4918 3017 4987 ἀσφαλίσασθαι
3039 4917 3130 4969 τὸν
3155 4915 3327 4984 τάφον
3357 4931 3371 4944 ο
3398 4913 3534 4966 Θεοῦ
3570 4913 3626 4966 δὲ
3683 4916 3883 4967 οίκονο-

2289 5011 2386 5080 μία
2418 5009 2598 5072 τοῦτο,
2653 5009 2742 5061 ἵνα
2781 5007 3140 5078 ήάνάστασις
3199 5005 3410 5072 γένοιτο
3474 5003 3580 5057 ὑπὸ
3641 5004 3881 5074 μάρτυσι

2286 5103 2396 5164 τοῖς
2449 5100 2685 5169 ἐχθροῖς.
2740 5100 2836 5152 καὶ
2911 5098 3352 5167 ὲσφραγισμένου
3412 5095 3507 5147 τοῦ
3565 5095 3744 5164 τάφου
3790 5096 3883 5147 καὶ

2290 5192 2694 5260 φυλαττομένου
2717 5208 2730 5221 ο
2765 5190 2915 5255 ἀξιον
2944 5190 3001 5242 δὲ
3045 5187 3282 5257 ζητῆσαι
3345 5185 3511 5238 πόθεν
3537 5187 3587 5238 οἱ
3636 5186 3882 5240 Ἰουδαῖοι

2295 5282 2554 5352 μαθόντες
2583 5279 2734 5335 εἷπον
2757 5283 2838 5335 ὅτι
2910 5283 2975 5350 τῇ
3032 5281 3191 5350 τρίτῃ
3247 5279 3432 5348 ἡμέρᾳ.
3490 5278 3878 5348 ἐγερθήσεταιο

2292 5374 2351 5425 οὑ
2389 5375 2497 5443 γὰρ
2527 5373 2698 5442 δήπου
2734 5375 2761 5426 6
2809 5371 3011 5442 Κύριος
3043 5365 3162 5422 εἷπε
3193 5368 3348 5422 τοῦτο
3399 5368 3588 5437 σαφῶς
3636 5371 3732 5421 καὶ
3782 5385 3881 5436 γυ-

2304 5467 2468 5536 μνῶς.
2502 5466 2690 5518 Ἔστιν
2722 5461 2817 5518 οὖν
2851 5467 3024 5517 εἰπεῖν
3055 5467 3136 5518 ὅτι
3170 5461 3276 5515 ἀπὸ
3315 5461 3407 5513 τοῦ
3434 5461 3882 5531 παραδείγματος

2299 5556 2393 5608 τοῦ
2422 5556 2582 5608 Ἰωνᾶ
2607 5556 2765 5608 τοῦτο
2820 5555 3088 5622 ἔγνωσανο
3121 5550 3240 5604 εἶπε
3269 5550 3380 5620 γὰρ
3410 5554 3438 5604 6
3491 5550 3760 5620 Χριστὸς,
3802 5552 3884 5603 ὅτι

2309 5648 2548 5718 «Ὠσπερ
2592 5650 2774 5711 Ἰωνᾶς
2811 5644 2877 5719 ἦν
2907 5650 3056 5717 τρεῖς
3091 5647 3305 5717 ἡμέρας
3334 5645 3393 5697 ὲν
3425 5645 3495 5714 τῇ
3547 5642 3733 5715 κοιλίᾳ.
3790 5642 3882 5696 τοῦ
