4028 6600
241 517 348 584 6T1

243 728 340 782 καὶ
357 728 462 782 ἀπὸ
480 726 594 780 τοῦ’
618 743 636 777 ι
662 725 887 779 Λύσατε·
901 725 992 777 τὸν
1014 726 1138 779 ναὸν
1157 727 1365 781 τοῦτοψ
1381 748 1400 781 ι
1431 730 1696 800 πρότερον
1735 732 1833 801 μὲν

242 823 355 890 γὰρ
387 821 460 891 μὴ
501 820 792 886 νοήσαντες
824 819 1004 881 τοῦτο,
1034 817 1168 871 ἀλλά
1197 821 1545 890 νομίσαντες,
1593 823 1676 876 δτι
1706 823 1835 893 περὶ

240 913 336 967 τοῦ
370 911 495 964 ναοῦ
523 911 670 979 λέγει
697 911 794 964 τοῦ
847 911 1161 971 Ἰουδαϊκοῦ,
1197 914 1697 984 κατεμαρτύρησαν
1732 916 1834 969 a6-

242 1004 339 1056 τοῦ
369 1021 382 1034 ·
412 1003 510 1056 νῦν
532 1004 588 1056 δὲ
615 1005 854 1072 γνόντες,
883 1004 964 1056 ὅτι
987 1007 1111 1057 ναὸν
1144 1003 1298 1071 ἔλεγε
1329 1009 1389 1057 τὸ
1418 1007 1578 1076 σῶμα
1595 1007 1654 1059 τὸ
1680 1007 1830 1074 ῐδιον,

240 1093 563 1164 φοϐοῦνται,
603 1095 696 1146 καὶ
729 1093 930 1146 πλάνον
957 1095 1118 1147 αὑτὸν
1148 1096 1508 1162 ἀποκαλοῦσι,
1543 1098 1679 1168 μηδὲ
1736 1116 1833 1168 με-

238 1186 311 1238 τὰ
346 1187 574 1240 θάνατον
598 1185 696 1253 τὴν
731 1187 929 1239 κακίαν
953 1185 1232 1249 λύσαντες.
1269 1189 1588 1242 Κουστωδία
1645 1190 1701 1242 δὲ
1747 1191 1833 1243 λέ-

236 1290 397 1343 γεται
432 1275 580 1344 παρὰ
621 1275 911 1344 Ῥωμαίοις
961 1277 994 1346 ἡ
1045 1275 1260 1346 φυλακή
1299 1294 1311 1308 ο
1345 1279 1470 1342 τοὺς
1507 1278 1600 1331 οῦν
1628 1281 1720 1332 ἐπὶ
1753 1279 1832 1350 τῷ

237 1367 534 1436 φυλάττειν
604 1368 974 1437 τεταγμένους
1053 1369 1425 1437 στρατιώτας,
1500 1371 1832 1426 κουστωδίαν

235 1459 518 1529 ὀνομάζει.

819 1574 1074 1629 ΚΕΦΑΛ.
1109 1575 1247 1632 KH'.

232 1683 390 1758 Περί
413 1684 522 1751 τῆς
552 1685 658 1758 τοῦ
693 1687 913 1758 Κρριόυ
949 1688 1362 1756 ἀναστάσεως.
1397 1693 1533 1756 Περὶ
1569 1687 1686 1742 τῶν
1717 1708 1830 1758 gav-

309 1755 517 1809 λάκωγ
542 1755 652 1824 ,τοῦ
682 1755 899 1823 τάφου,
925 1761 1244 1824 μαρτύρων
1272 1759 1382 1824 τῆς
1409 1755 1826 1824 ἀναστάσεως.

311 1824 453 1890 Περὶ
490 1823 598 1890 τῆς
638 1823 1018 1892 sagae-(asiae;
1060 1823 1166 1881 τοῦ
1212 1823 1470 1895 Χριστοῦ
1512 1829 1636 1895 τοῖς
1679 1823 1830 1885 ἀπο-

308 1895 558 1960 στόλοις
593 1897 690 1947 καὶ
725 1896 1010 1963 γυναιξὶν
1037 1897 1108 1950 ἐν
1137 1900 1461 1965 Γαλιλαίᾳ.

313 2023 334 2056 c
383 2005 510 2074 Ὀψὲ
555 2006 611 2059 δὲ
658 2007 975 2074 Σαϐϐἀτων,
1021 2013 1085 2080 τῇ
1136 2011 1524 2083 ἐπιφωσκούσῃ
1572 2014 1650 2076 είς
1699 2014 1827 2082 μίαν

233 2095 566 2164 Σαῦϐἀτων,
608 2093 738 2168 ἦλθε
781 2100 972 2168 Μαρία
1013 2103 1046 2171 ἡ
1088 2103 1426 2173 Μαγδαληνὴ
1470 2105 1566 2156 καὶ
1610 2106 1642 2174 ἡ
1689 2104 1823 2173 ἄλλη

230 2185 460 2256 Ηαρία,
492 2187 764 2259 θεωρῆσαι
795 2190 885 2242 τὸν
916 2192 1107 2258 τάφον.
1145 2195 1251 2246 Καὶ
1292 2193 1402 2246 ίδοὺ
1439 2196 1663 2264 σεισμὸς
1699 2198 1822 2262 ὲγέ-

231 2292 360 2330 νετο
394 2278 568 2346 μέγας
594 2295 607 2308 '
643 2279 871 2346 ἄγγελος
903 2281 1012 2351 γάρ
1046 2284 1252 2350 Κυρίου
1291 2286 1536 2349 καταϐὰς
1569 2286 1628 2351 ἐξ
1658 2289 1825 2356 adpa-

230 2368 351 2430 νοῦ,
383 2369 698 2438 προσελθὼν
728 2371 1027 2424 ἀπεκύλισε
1062 2373 1152 2426 τὸν
1182 2374 1330 2427 λίθον
1363 2377 1471 2428 ἀπὸ
1501 2381 1599 2444 τῆς
1630 2379 1822 2448 θύρας,

228 2462 330 2513 καὶ
371 2461 606 2527 ἐκάθητο
643 2463 828 2516 ἐπάνω
867 2464 1034 2517 αὑτοῦ
1061 2482 1074 2496 ο
1112 2462 1180 2536 ἦν
1221 2467 1277 2520 δὲ
1315 2469 1346 2536 ὴ
1393 2469 1503 2520 ἰδέα
1543 2470 1709 2522 αὐτοῦ
1749 2471 1825 2533 ὡς

230 2554 518 2622 ἀστραπὴ,
545 2555 636 2606 καὶ
663 2555 722 2606 τὸ
750 2555 954 2625 ἔνδυμα
981 2556 1147 2610 αὑτοῦ
1177 2557 1366 2610 λευκὸν
1393 2560 1470 2622 ὼς
1500 2559 1654 2628 χιών.
1692 2563 1826 2615 Ἀπὸ

228 2644 286 2696 δὲ
313 2643 408 2695 τοῦ
437 2643 603 2711 φόϐου
630 2645 792 2698 αὑτοῦ
820 2647 1144 2716 ἐσείσθησαν
1169 2650 1215 2700 οἱ
1243 2649 1558 2719 τηροῦντες,
1586 2651 1681 2702 καὶ
1706 2653 1825 2718 ἐγέ-

230 2751 389 2787 νοντο
415 2735 546 2786 ὡσεὶ
569 2735 752 2804 νεκροί
761 2776 774 2790 .
809 2737 1155 2806 Ἀποκριθεὶς
1180 2738 1234 2790 δὲ
1261 2741 1288 2790 6
1310 2740 1540 2806 ἄγγελος
1567 2738 1687 2794 εἷπε
1707 2745 1824 2804 ταῖς

236 2822 451 2889 ιυναιξί
475 2840 486 2852 ο
514 2823 606 2893 Μὴ
642 2824 893 2891 φοϐεῖσθε
932 2825 1110 2894 ὑμεῖς.
1151 2823 1282 2879 Οἶδα
1315 2829 1459 2897 γὰρ,
1498 2829 1580 2881 ὃτι
1619 2827 1825 2899 Ἰησοῦν

227 2912 328 2965 τὸν
364 2913 781 2983 ἐσταυρωμένον
816 2915 1068 2984 ζητεῖτε·
1104 2919 1204 2970 οὐκ
1245 2919 1392 2971 ἐστιν
1434 2915 1536 2973 ὦδε
1560 2936 1572 2949 '
1613 2922 1822 2993 ἠγέρθη

229 3005 366 3071 γάρ,
394 3004 574 3066 καθὼς
605 3001 745 3058 εἶπε.
770 3005 958 3069 Δεῦτε,
987 3007 1154 3060 εἴδετε
1181 3008 1271 3062 τὸν
1296 3010 1461 3063 τόπον
1484 3012 1621 3064 ὅπου
1650 3013 1826 3066 ἔκειτο

227 3096 258 3147 6
297 3093 504 3164 Κύριος
529 3113 541 3126 ο
583 3097 675 3148 καὶ
705 3098 841 3166 ταχὺ
877 3098 1225 3168 πορευθεῖσαι
1261 3101 1457 3153 εἴπατε
1493 3103 1606 3165 τοῖς
1644 3103 1824 3172 μαθη-

227 3189 358 3250 ταῐς
399 3187 585 3252 αὐτοῦ,
627 3188 707 3240 ὅτι
753 3189 964 3259 ἠγέρθη
1008 3190 1116 3244 ἀπὸ
1151 3191 1262 3243 τῶν
1299 3192 1532 3261 νεκρῶν,
1575 3195 1667 3247 καὶ
1713 3194 1824 3248 ἰδοὺ

809 518 1260 580 ΕΝΑΒΒᾹΤΙΟ
1297 520 1374 578 1N
1429 520 1825 582 EVANGELI

1935 523 1938 579 ζ
1980 520 2370 582 ΜΑΤΊῊᾸΞῙ.
2405 543 2471 556 -
2517 519 2679 580 CAP.
2715 519 2995 581 XXVIII.

241 638 466 706 κήτους,
495 633 644 690 οὕτω
673 634 766 688 καὶ
814 633 926 700 ἐγὼ
958 637 1017 688 ιν
1071 638 1138 706 τῇ
1170 637 1353 706 κοιλίᾳ
1397 639 1500 708 τῆς
1547 639 1675 708 γῆς·
1708 659 1726 693 ι
1786 641 1820 710 ἢ
1851 643 1896 698 Α
1927 641 2047 701 hoc,
2085 657 2103 690 ι
2144 651 2249 707 quo

3423 520 3532 584 ιτς

2343 636 2496 706 prius
2554 650 2660 690 non
2728 636 3148 700 intellexerunt,
3223 633 3316 689 sed
3376 649 3534 704 puta-

1939 727 2071 782 bant
2097 727 2238 796 quod
2271 726 2336 781 de
2367 724 2568 793 templo
2613 723 2843 778 Judaico
2869 724 3119 786 sentiret,
3152 733 3205 777 et
3233 722 3354 776 ideo
3378 724 3526 777 testi-

1941 821 2180 873 monium
2208 819 2310 872 hoc
2376 825 2565 872 contra
2593 831 2716 869 eum
2746 815 3086 883 protulerunt
3127 832 3141 867 :
3174 830 3316 866 nunc
3346 825 3525 869 autem

1937 910 2027 964 ubi
2082 919 2492 980 cognoverunt,
2555 909 2697 977 quod
2754 908 3011 976 templum
3058 907 3272 959 dixerat
3330 920 3528 968 corpus

1938 1002 2244 1071 proprium,
2268 1001 2483 1066 timent,
2515 1010 2570 1053 et
2642 1001 2991 1067 impostorem
3057 1013 3179 1050 eum
3240 1002 3525 1063 cognomi-

1940 1105 2096 1161 nant,
2135 1109 2312 1164 neque
2337 1104 2457 1163 post
2488 1105 2718 1148 mortem
2762 1109 2790 1146 a
2832 1093 3032 1145 malitia
3064 1101 3301 1144 cessant.
3359 1089 3528 1146 Caete-

1937 1203 2054 1246 rum
2080 1189 2324 1242 custodia
2361 1186 2663 1240 Romanum
2707 1199 2904 1238 nomen
2939 1195 3016 1236 est
3053 1201 3068 1236 ε
3106 1183 3306 1237 milites
3348 1183 3532 1249 itaque

1935 1279 2002 1333 ad
2045 1281 2460 1334 custodiendum
2517 1277 2801 1333 ordinatos
2843 1276 3150 1331 custodiam
3195 1274 3528 1344 evangelista

1935 1369 2207 1425 nominat.

2476 1567 2709 1624 CAPUT
2749 1567 2990 1624 XXVIII.

1939 1683 2012 1737 De
2066 1684 2452 1737 resurrectione
2503 1682 2733 1738 Domini.
2794 1684 2868 1736 De
2921 1685 3228 1738 custodibus
3270 1682 3524 1751 sepulcri,

2009 1755 2302 1820 iisdemque
2355 1756 2756 1807 resurrectionis
2800 1756 3036 1807 testibus.
3075 1754 3151 1808 De
3193 1754 3528 1820 apparitione

2006 1823 2206 1877 Christi
2247 1824 2395 1890 facta
2453 1825 2706 1891 apostolis
2751 1833 2799 1877 et
2836 1824 3144 1878 mulieribus
3185 1825 3240 1877 in
3277 1822 3524 1880 Gali/ara.

2004 1995 2172 2049 Vsus.
2205 1994 2328 2048 1-8.
2364 1993 2600 2062 Vespera
2637 2003 2817 2046 autem
2857 1991 3241 2056 Sabbatorum,
3279 2007 3398 2060 qua:
3438 1991 3524 2045 lu-

1930 2087 2102 2140 cescit
2134 2086 2183 2137 in
2215 2099 2377 2138 unam
2413 2082 2796 2148 Sabbalorum,
2830 2083 2979 2136 venit
3007 2081 3178 2135 Maria
3202 2079 3522 2147 Magdaleue

1928 2186 1983 2228 et
2010 2175 2178 2228 altera
2212 2173 2381 2226 Maria
2419 2182 2476 2227 ιιι
2506 2173 2752 2226 viderent
2773 2172 3104 2241 sepulcrum.
3141 2171 3204 2226 Ει
3238 2186 3367 2227 ecce
3401 2181 3520 2226 ter-

1931 2283 2002 2320 ra:
2029 2277 2209 2319 motus
2246 2263 2421 2317 fat-tus
2453 2275 2534 2317 est
2568 2278 2813 2332 magnus.
2855 2262 3092 2331 Angelus
3130 2262 3274 2316 enim
3304 2261 3523 2316 Domini

1928 2352 2208 2408 descendit
2238 2351 2306 2406 de
2336 2352 2494 2417 (ιυΙι),
2521 2361 2574 2405 et
2603 2352 2869 2406 accedens
2911 2350 3140 2406 revolvit
3186 2350 3421 2420 lapidem
3454 2351 3523 2406 ab

1929 2443 2099 2506 ostio,
2133 2441 2470 2509 sedebatque
2499 2457 2664 2510 super
2702 2457 2848 2494 cum.
2886 2441 3016 2495 Erat
3045 2451 3226 2496 autem
3271 2454 3523 2510 aspectus

1928 2533 2045 2601 ejus
2090 2533 2232 2586 sicut
2285 2531 2482 2601 fulgur,
2523 2542 2576 2586 et
2628 2533 3011 2587 veSlitnentum
3066 2531 3184 2599 ejus
3227 2532 3522 2587 candidum

1928 2624 2072 2677 sicut
2104 2625 2217 2678 uix.
2243 2626 2359 2679 Praa
2394 2623 2588 2678 timore
2621 2635 2800 2678 autem
2826 2625 2944 2694 ejus
2974 2611 3227 2679 concussi
3261 2634 3388 2679 sunt
3420 2639 3522 2678 cu-

1929 2714 2135 2777 slodes,
2163 2723 2216 2768 et
2248 2716 2374 2768 lacti
2411 2726 2538 2768 sunt
2569 2717 2731 2769 veluti
2760 2715 2982 2770 mortui.
3025 2714 3384 2784 Respondeus
3418 2729 3521 2769 au-

1930 2815 2035 2857 tem
2075 2805 2299 2873 angelus
2330 2807 2463 2858 dixit
2501 2804 2820 2858 mulieribus
2866 2822 2880 2858 :
2915 2803 3092 2858 Nolite
3140 2806 3335 2857 timere
3375 2818 3514 2858 vos:

1929 2894 2042 2946 seio
2074 2897 2215 2947 enim
2253 2899 2395 2964 quod
2425 2895 2449 2948 J
2490 2910 2610 2948 sum
2644 2898 2731 2962 qui
2770 2895 3063 2949 cruciﬁxus
3098 2902 3202 2961 est,
3238 2894 3521 2962 queritis;

1928 3002 2034 3041 non
2086 2997 2168 3040 est
2230 2987 2338 3050 hic,
2385 2991 2624 3040 surrexit
2675 2987 2849 3051 enim,
2897 2987 3040 3039 sicut
3089 2985 3246 3040 dixit.
3307 2984 3522 3047 Venite,

1932 3079 2108 3132 videte
2168 3077 2343 3132 locum
2400 3079 2489 3132 ubi
2546 3081 2753 3148 positus
2803 3087 2923 3132 erat
2959 3077 3246 3133 Dominus.
3298 3076 3366 3132 Et
3413 3079 3524 3132 cito

1929 3179 2145 3233 euntes,
2177 3171 2342 3225 dicite
2373 3170 2656 3239 discipulis
2689 3171 2810 3239 ejus
2840 3172 2984 3240 quod
3022 3169 3265 3225 surrexit
3304 3185 3336 3224 a
3369 3184 3520 3224 mor-
3601 3156 3604 3160 ’

226 3278 468 3346 προάγει
496 3278 639 3348 ὑμᾶς
664 3281 743 3342 είς
766 3258 1202 3347 τὴνίΓαλιλαίαν.
1231 3281 1378 3334 Ἐκεῖ
1403 3258 1567 3336 αὑτὸν
1592 3284 1790 3353 ὄψεσθε
1808 3303 1819 3314 ·

1935 3263 2058 3328 luis,
2112 3273 2166 3316 et
2215 3276 2344 3317 ecce
2386 3264 2641 3332 praecedit
2692 3277 2787 3316 vos
2839 3263 2892 3317 in
2933 3258 3251 3326 Galilaaam,
3287 3261 3356 3316 ibi
3397 3275 3521 3314 eum

230 3367 350 3422 ἰδοὺ
386 3365 538 3423 εἷπον
565 3371 711 3437 ὑμῖν.
747 3373 857 3424 Καὶ
890 3370 1203 3435 ἐξελθοῦσαι
1234 3375 1372 3444 ταχὺ
1410 3375 1520 3427 άπὸ
1549 3375 1642 3428 τοῦ
1682 3395 1819 3446 μνη-

232 3460 395 3530 μείου
421 3459 560 3528 μετά
584 3460 749 3530 φόϐου
777 3463 866 3514 καὶ
892 3464 1067 3532 χαρᾶς
1091 3465 1356 3532 μεγάλης,
1383 3465 1620 3536 ἔδραμον
1645 3469 1825 3535 ἀπαγ-

227 3552 413 3618 γεῖλαι
435 3556 550 3616 τοῖς
578 3553 845 3622 μαθηταῖς
869 3555 1058 3609 αὐτοῦ.
1093 3575 1110 3607 ι
1141 3558 1213 3608 Τὸ
1237 3557 1334 3626 ὀψὲ
1364 3558 1678 3621 Σαϐϐάτων,
1705 3556 1824 3612 ῐσόν

229 3648 356 3696 ἐστι
389 3643 468 3712 τῷ
502 3645 651 3711 παρὰ
683 3645 762 3716 τῷ
797 3648 982 3717 Λουκᾷ
1016 3649 1326 3717 εἰρημένῳ,
1364 3647 1562 3718 ὄρθρου
1603 3649 1820 3719 βαθέος,

227 3735 330 3785 καὶ
381 3733 460 3802 τῷ
505 3736 657 3803 παρὰ
695 3736 772 3804 τῷ
817 3737 1051 3806 Μάρκῳ,
1093 3737 1214 3789 λίαν
1256 3737 1400 3807 πρωῒ
1444 3739 1826 3800 ἀνατείλαντος

228 3825 330 3877 τοῦ
379 3825 557 3892 ἡλίου.
590 3827 780 3878 Ἥλιον
821 3826 928 3896 γὰρ
972 3828 1205 3881 ἐνταῦθα
1238 3833 1378 3881 νοεῖν
1411 3831 1696 3898 ὀφείλομεν
1731 3832 1826 3894 τὰς

226 3914 498 3984 όρθρινὰς
528 3916 623 3968 τοῦ
658 3917 810 3986 ἡλίου
845 3919 1017 3985 αὐγάς
1044 3936 1056 3949 ·
1099 3912 1274 3987 άφόῦ
1311 3922 1418 3988 γὰρ
1452 3923 1484 3991 ἡ
1518 3922 1676 3991 ὀγδόη
1710 3922 1827 3992 ὥρα

230 4010 339 4076 τῆς
371 4010 565 4069 νυκτὸς
599 4011 954 4079 ἐπιλάϐηται,
991 4011 1181 4064 ἔκτοτε
1220 4014 1252 4079 ὴ
1290 4013 1433 4083 ἁρχὴ
1466 4015 1564 4081 τῆς
1600 4015 1827 4082 μελλού-

232 4118 340 4170 σης
376 4101 624 4169 ἡμέρας,
658 4103 752 4154 καὶ
786 4103 818 4169 ἡ
857 4103 1037 4167 statuta.
1072 4104 1221 4155 δοκεῖ
1255 4105 1633 4159 ἐπιλαϐέσθαι.
1690 4107 1826 4158 Τότε

227 4192 436 4254 τοίνυν,
467 4190 564 4259 ὀψὲ
600 4191 695 4260 μὲν
719 4186 786 4262 ἦν
813 4190 1115 4257 Σαϐϐἀτου,
1146 4193 1288 4261 ἀρχὴ
1311 4193 1366 4245 δὲ
1394 4194 1492 4262 τῆς
1523 4195 1826 4264 Κυριακῆς,

227 4281 304 4351 ῆι
341 4279 470 4350 μίαν
498 4282 611 4332 τῶν
646 4281 938 4334 Σαϐϐάτων
971 4282 1251 4351 ὀνομάζει.
1288 4283 1541 4336 Σάϐϐατα
1588 4286 1685 4352 μὲν
1719 4274 1828 4354 γάρ

226 4375 429 4441 ἔλεγον
453 4373 550 4436 τάς
575 4375 789 4443 ἡμέρας
811 4373 908 4441 τῆς
937 4373 1254 4442 ἑϐδομάδος.
1282 4375 1426 4425 Μίαν
1453 4373 1532 4436 δὲ,
1560 4374 1658 4443 την
1685 4374 1830 4444 πρώο

226 4481 362 4531 την,
406 4461 546 4516 ὥστε
578 4459 718 4515 εἶναι
746 4465 844 4532 τὴν
875 4463 1181 4532 Κυριακὴν,
1217 4465 1346 4533 μίαν
1374 4463 1483 4516 τῶν
1511 4465 1825 4528 Σαϐϐάτων,

226 4553 509 4616 τουτέστι,
545 4550 766 4621 πρώτην
797 4553 905 4604 τῶν
937 4553 1162 4622 ἡμερῶν
1194 4552 1293 4622 τῆς
1327 4553 1620 4622 ἑϐδομάδος
1642 4570 1654 4583 °
1690 4555 1826 4624 πρὸς

1930 3355 2179 3408 videbitis
2213 3373 2226 3409 :
2261 3369 2390 3409 ecce
2432 3355 2544 3409 dixi
2583 3356 2756 3410 vobis.
2801 3353 2866 3408 Et
2909 3355 3170 3426 digressae
3203 3355 3458 3409 celeriter
3489 3367 3521 3408 a

1929 3457 2283 3500 monumento
2313 3461 2435 3499 cum
2472 3447 2666 3500 timore
2691 3457 2745 3500 et
2774 3447 2971 3516 gaudio
2998 3462 3196 3514 magno
3227 3447 3524 3502 currebant

1930 3552 1989 3596 ut
2035 3544 2414 3601 renuntiarent
2455 3543 2739 3610 discipulis
2769 3543 2913 3612 ejus.
2964 3563 2983 3596 ι
3030 3541 3273 3614 Vespera
3309 3536 3524 3598 Sabba-

1932 3643 2107 3687 torum
2142 3635 2332 3688 eadem
2359 3645 2440 3688 est
2476 3633 2597 3687 cum
2631 3634 2902 3703 profundo
2930 3635 3252 3702 crepusculo
3298 3634 3523 3688 diluculi

1930 3727 2068 3793 apud
2093 3721 2314 3790 Lucam,
2344 3735 2396 3778 et
2426 3725 2577 3778 valde
2609 3740 2763 3778 uiane
2803 3726 2920 3778 Sole
2962 3727 3178 3780 oriente
3209 3726 3347 3795 apud
3377 3723 3525 3778 Mar-

1931 3829 2076 3868 cum.
2109 3816 2286 3869 Solern
2318 3817 2460 3869 enim
2498 3833 2564 3870 co
2607 3816 2723 3870 loco
2768 3816 3071 3884 intelligere
3104 3818 3368 3872 debemus
3407 3833 3525 3870 ma-

1933 3908 2138 3960 tutinus
2183 3907 2316 3960 solis
2367 3909 2571 3962 radios.
2603 3908 2682 3959 Ab
2727 3917 2918 3961 octava
2966 3909 3109 3962 enim
3165 3911 3298 3962 bora
3348 3908 3524 3964 noctis

1932 3998 2256 4067 principium
2305 4007 2388 4051 est
2431 3996 2598 4051 futuri
2645 3998 2774 4064 diei,
2823 4009 2878 4052 et
2929 3999 3257 4052 matutinum
3305 3999 3526 4054 videtur

1933 4101 2211 4158 appetere.
2245 4088 2397 4143 Tunc
2434 4091 2600 4159 igitur
2624 4104 2904 4158 vesperum
2940 4099 3058 4144 erat
3087 4090 3334 4153 Sabbati,
3368 4091 3523 4159 prin-

1933 4181 2133 4248 cipium
2166 4191 2346 4234 autem
2382 4181 2655 4234 Dominici
2683 4182 2812 4246 diei,
2847 4197 3008 4249 quam
3043 4197 3204 4235 unam
3249 4180 3524 4236 Sabbato-

1935 4289 2050 4327 rum
2099 4274 2364 4326 nominat.
2402 4270 2643 4327 Sabbata
2684 4275 2829 4328 enim
2865 4275 3121 4330 dicebant
3166 4274 3285 4329 dies
3317 4275 3524 4328 liebdoo

1933 4365 2124 4419 madte.
2191 4363 2366 4418 Unam
2421 4373 2645 4426 autem,
2707 4364 2810 4418 hoc
2863 4375 2951 4419 est
3007 4366 3264 4433 primam,
3325 4366 3401 4419 ita
3461 4377 3522 4419 ut

1933 4456 2246 4512 Dominicus
2278 4455 2395 4509 dies
2431 4470 2535 4509 una
2561 4457 2632 4510 sit
2659 4455 3047 4523 Sabbatorum,
3074 4459 3176 4511 hoc
3208 4469 3314 4521 est,
3341 4457 3520 4528 prima

1931 4546 2143 4601 dierum
2192 4547 2570 4600 hebdomadis.
2608 4547 2690 4601 Ad
2741 4547 2974 4617 primam
3025 4549 3171 4603 enim
3227 4549 3413 4603 statim
3466 4556 3524 4603 et

227 4642 350 4712 γὰρ
378 4641 478 4712 τὴν
509 4641 732 4711 πρώτην
763 4643 924 4706 εὐθὺς
959 4645 1052 4695 καὶ
1087 4646 1120 4712 ὴ
1156 4643 1387 4716 δευτέρα.
1420 4643 1672 4711 λέγεται,
1707 4641 1825 4698 εἶτα

1935 4640 2171 4694 secunda
2198 4639 2424 4702 dicitur,
2453 4637 2651 4693 deinde
2678 4640 2860 4704 tertia,
2887 4649 2942 4693 et
2973 4639 3232 4708 deinceps
3273 4640 3517 4710 reliquae.

227 4739 266 4805 ἡ
291 4735 479 4804 τρίτη,
505 4735 600 4789 καὶ
625 4735 750 4806 ἑξῆς
778 4737 834 4788 αί
859 4735 1062 4789 λοιπαί.
1090 4735 1314 4805 Ἀνέστη
1343 4737 1520 4789 τοίνυν
1541 4737 1570 4788 6
1598 4737 1822 4808 Κύριος,

227 4831 318 4882 ἐτι
347 4828 442 4881 τοῦ
471 4827 618 4880 λίθου
647 4829 997 4896 ἐπικειμένου
1030 4827 1106 4897 τῷ
1131 4829 1287 4897 τάφῳ
1309 4845 1322 4857 ·
1359 4829 1495 4897 μετά
1522 4827 1577 4882 δὲ
1606 4829 1666 4881 τὸ
1696 4832 1826 4883 dva-

230 4920 438 4989 στῆναι
466 4921 557 4972 τὸν
587 4921 812 4990 Κύριον,
847 4921 942 4972 καὶ
966 4923 993 4972 ὁ
1024 4920 1257 4988 ἄγγελος
1289 4919 1533 4990 ἔρχεται,
1573 4921 1660 4972 ἵνα
1692 4922 1825 4974 ἁποο

228 5013 470 5076 κυλίσας
492 5013 584 5066 τὸν
607 5013 776 5075 λίθον,
805 5012 915 5084 δώῃ
944 5014 1176 5085 πάροδον
1202 5015 1324 5075 ταῖς
1354 5013 1602 5080 γυναιξὶν
1629 5015 1708 5075 είς
1734 5015 1824 5066 τὸν

226 5107 436 5173 τάφον.
470 5104 701 5174 Σεισμδς
731 5104 788 5156 δὲ
820 5106 1051 5170 γίνεται,
1086 5106 1172 5157 ἴνα
1203 5105 1618 5172 άιρυπνισθῶσιν
1643 5107 1692 5158 oi
1722 5106 1825 5174 φύ-

224 5200 427 5262 λακες,
455 5199 550 5250 καὶ
584 5198 792 5266 μάθωσι
822 5197 883 5250 τὸ
914 5198 1098 5250 καινὸν
1127 5197 1216 5251 τοῦ
1245 5199 1561 5266 γενομένου.
1597 5199 1823 5268 Ἀνέστη

221 5281 334 5339 οἷν
378 5284 678 5354 τριήμερος
717 5285 747 5336 6
795 5285 1021 5354 Κύριος.
1081 5286 1204 5348 ῐῙιῦς
1255 5287 1309 5338 δὲ
1362 5286 1722 5356 ἀριθμοῦνται
1768 5289 1824 5341 αἱ

223 5379 390 5448 τρεῖς
420 5377 662 5446 ἡμέραις
709 5375 886 5446 Ἕκτῃ
933 5377 1051 5447 ὥρᾳ
1081 5377 1178 5444 τῆς
1213 5378 1573 5447 Παρασκευῆς
1625 5382 1824 5431 ἐσταυ-

225 5469 391 5540 ρώθη
419 5484 434 5498 °
470 5470 579 5522 άπὸ
605 5469 812 5539 ταύτης
843 5469 946 5533 ἓως
979 5472 1203 5540 ὶννάτης
1227 5510 1241 5534 ,
1278 5473 1469 5532 σκότος
1494 5487 1508 5501 ο
1540 5471 1698 5547 τοῦτο
1729 5472 1822 5524 νύ-

222 5577 343 5614 κτα
377 5576 468 5628 μοι
496 5562 706 5630 νόησον.
745 5562 912 5615 Πάλιν
941 5562 1182 5631 ἀπὸ.τῆ;
1215 5563 1464 5634 ὲννάτης,
1499 5565 1637 5632 φῶς,
1666 5564 1824 5618 τοῦτο

218 5651 425 5724 ἡμέρα
450 5667 465 5681 °
505 5652 614 5706 ίδοὺ
657 5653 1069 5723 ὴμερονύκτιον.
1107 5654 1278 5707 Πάλιν
1309 5657 1343 5724 ὴ
1379 5656 1474 5721 νὺξ
1507 5657 1606 5725 τῆς
1637 5657 1822 5728 Παρα-

220 5743 444 5811 σκευῆς
473 5745 566 5798 καὶ
590 5745 686 5798 τοῦ
717 5745 997 5799 Σαϐϐἁτου
1029 5749 1061 5815 ἡ
1090 5747 1297 5816 ἡμέρα,
1331 5747 1584 5819 δεύτερον
1616 5751 1824 5819 ἡμερο-

218 5838 458 5892 νύκτιον
476 5853 491 5867 ⁸
520 5838 554 5908 ὴ
581 5837 679 5904 νὺξ
707 5837 868 5891 πάλιν
889 5838 985 5892 τοῦ
1011 5840 1293 5894 Σαϐϐἀτου
1320 5842 1413 5894 καὶ
1439 5841 1467 5892 6
1491 5842 1586 5911 τῆς
1616 5843 1822 5911 Κυρια-

218 5929 338 6001 κῆς
388 5925 616 6000 δρθρος,
666 5927 807 5982 κατὰ
851 5929 944 5986 τὸν
990 5930 1298 5998 Ματθαῖον,
1351 5932 1616 6000 λέγονταο
1672 5952 1688 5984 ι
1742 5932 1820 6004 Τῇ

1932 4729 2258 4785 Resurrexit
2297 4730 2463 4800 igitur
2510 4729 2772 4786 Dominus
2802 4731 2982 4802 lapide
3024 4732 3208 4788 adhuc
3237 4749 3402 4802 super
3435 4748 3522 4790 se-

1930 4823 2176 4892 pulcrum
2231 4824 2428 4890 posito.
2465 4821 2758 4891 Postquam
2819 4833 3000 4877 autem
3069 4827 3366 4879 resurrexit
3416 4824 3523 4879 Do-

1930 4917 2130 4978 minus,
2157 4925 2210 4968 et
2240 4915 2467 4984 angelus
2511 4917 2682 4982 venit,
2723 4925 2782 4969 ut
2824 4915 3079 4970 devoluto
3113 4915 3293 4986 lapide
3333 4930 3522 4973 acces-

1929 5022 2047 5061 sum
2097 5007 2329 5059 habeant
2380 5007 2636 5064 mulieres
2695 5007 2763 5061 ad
2812 5007 3152 5075 sepulcrum.
3208 5006 3295 5061 Fit
3339 5018 3522 5064 autem

1931 5107 2087 5152 terrae
2113 5106 2312 5164 motus,
2345 5109 2402 5153 ut
2438 5099 2749 5153 excitentur
2771 5099 3051 5165 custodes,
3085 5106 3140 5154 et
3169 5099 3386 5155 discant
3417 5115 3518 5154 no-

1928 5206 2051 5243 vum
2078 5191 2218 5259 quod
2245 5191 2421 5244 liebat.
2451 5189 2704 5246 Surrexit
2727 5192 2894 5262 igitur
2920 5191 3187 5247 Dominus
3214 5193 3520 5248 triduanus.

1929 5283 2212 5349 Quomodo
2251 5291 2432 5336 autem
2467 5293 2578 5338 tres
2612 5283 2770 5338 dies?
2818 5283 2986 5338 Sexta
3020 5286 3154 5340 liora
3191 5284 3521 5340 Parasceves

1927 5380 2223 5434 cruciﬁxus
2251 5388 2376 5433 est:
2420 5379 2489 5433 ab
2517 5378 2610 5432 illa
2651 5393 2821 5448 usque
2854 5377 3016 5452 164
3057 5380 3124 5434 ad
3155 5394 3352 5433 nonam
3401 5379 3521 5434 lue-

1929 5482 2057 5527 runt
2105 5474 2381 5538 tenebrae,
2429 5487 2524 5540 per
2575 5475 2676 5528 has
2729 5474 2917 5543 utique
2960 5483 3177 5529 noctem
3223 5473 3516 5544 intelligas.

1927 5565 2124 5619 lterum
2175 5580 2204 5617 a
2245 5580 2383 5620 nona
2430 5565 2543 5632 lux,
2593 5566 2695 5619 hoc
2727 5576 2834 5632 est,
2894 5568 3010 5621 dics
3061 5581 3239 5621 :ecce
3291 5568 3519 5621 diemet

1928 5667 2167 5713 noctem.
2210 5657 2410 5712 Iterum
2443 5674 2548 5713 nox
2595 5657 2948 5724 Parasceves,
2993 5667 3048 5713 et
3091 5659 3208 5714 dies
3241 5658 3465 5714 Sabbaz.
3498 5701 3514 5716 .

1927 5766 2056 5807 ecce
2084 5753 2326 5805 secundo
2349 5752 2490 5806 diem
2519 5759 2572 5805 ct
2608 5761 2847 5806 noctem.
2876 5751 2990 5806 Nox
3016 5767 3234 5823 quoque
3267 5750 3516 5816 Sabbati,

1925 5853 1977 5897 et
2001 5842 2300 5897 diluculum
2327 5843 2812 5910 Dominicagjuxta
2841 5843 3176 5907 Mattlimum,
3201 5843 3470 5898 dicentem
3499 5858 3514 5893 :

1935 5953 1952 5985 ι
1994 5934 2124 6001 Qua:
2151 5934 2498 5992 illuccscebat
2544 5936 2596 5991 in
2624 5950 2786 5992 unam
2819 5935 3217 6001 Sabbatorum;
3251 5955 3270 5988 ι
3319 5949 3348 5987 a
3372 5933 3513 5989 dilu-
