4028 6542
607 462 720 533 679

1444 455 2025 521 THEOPHYLACTI
2068 448 2478 517 BULGARLE
2516 447 2879 510 ARCHIEP.

3735 431 3841 497 Ἀθ

610 581 731 634 culo
780 579 925 636 enim
973 588 1027 634 et
1072 579 1193 634 dies
1234 585 1375 631 totus
1422 583 1737 628 numeratur
1790 590 1804 627 :
1849 586 1975 627 ecce
2010 580 2169 627 tertio

2281 567 2661 639 ἐπιφωσκούσῃ
2704 566 2784 630 είς
2831 564 2963 635 μίαν
2998 560 3290 616 Σαϐϐἀτων
3325 574 3338 587 ’
3385 574 3404 608 ι
3435 556 3545 611 ἀπὸ
3586 554 3698 625 γὰρ
3750 556 3845 608 τοῦ

612 673 753 725 diem
783 680 1080 727 etnoctem.
1112 668 1270 725 Potes
1295 678 1348 721 et
1370 667 1525 721 aliter
1552 676 1662 720 tres
1690 664 1808 718 dies
1837 677 2163 717 numerare:

614 762 672 815 In
706 762 1004 815 Parasceve
1047 760 1267 814 tradidit
1302 758 1584 826 spiritum,
1616 770 1742 811 ecce
1788 769 1954 808 unum
2004 753 2167 807 diem.

616 850 855 905 Sabbato
881 852 933 904 in
956 850 1203 919 sepulcro
1234 849 1511 919 l'uitmecce
1548 847 1817 902 secundus
1846 845 1979 899 dies.
2010 843 2174 900 Nocte

616 940 907 995 Dominica
942 942 1279 1006 resurrexit;
1315 956 1344 993 a
1378 950 1529 1012 parte
1574 940 1739 1009 igitur
1775 946 2093 992 numeratur
2121 946 2174 989 et

620 1022 897 1085 Dominiea
944 1031 997 1085 in
1026 1033 1189 1086 alium
1236 1032 1398 1095 diem,
1428 1040 1485 1085 et
1516 1030 1590 1083 ita
1623 1040 1732 1085 tres
1758 1029 1875 1085 dies
1920 1048 1934 1082 :
1972 1043 2094 1083 nam
2121 1035 2175 1081 et

614 1119 683 1176 de
713 1120 982 1177 defunctis
1020 1122 1272 1184 dicimus,
1301 1120 1345 1175 si
1393 1135 1533 1175 unus
1563 1122 1831 1175 moriatur
1854 1120 2001 1175 circa
2033 1118 2174 1174 deci-

614 1222 759 1265 mam
785 1210 975 1266 horam
1009 1212 1140 1276 diei,
1167 1221 1219 1267 et
1252 1211 1391 1265 alter
1419 1211 1563 1265 circa
1606 1211 1835 1281 primam
1884 1210 2004 1278 ejus
2043 1209 2173 1274 diei,

615 1301 759 1369 quod
800 1310 1025 1371 uterque
1052 1303 1241 1357 eodem
1271 1300 1359 1355 die
1394 1305 1466 1355 sit
1493 1310 1763 1356 mortuus.
1802 1300 2032 1357 Possum
2078 1300 2174 1355 tibi

615 1400 670 1446 et
703 1391 861 1445 aliam
888 1407 1115 1446 causam.
1150 1393 1329 1448 dicere
1358 1393 1633 1463 quomodo
1673 1401 1783 1448 tres
1818 1392 1936 1449 dies
1968 1402 2022 1446 et
2064 1402 2176 1448 tres

619 1492 807 1537 noctes
838 1492 1219 1570 numerentur.J
1240 1482 1468 1537 Attende
1496 1484 1659 1552 igitur
1685 1501 1700 1540 :
1731 1484 1929 1550 Quinta
1955 1496 2178 1555 vespera

616 1572 745 1626 fecit
781 1574 1037 1627 Dominus
1069 1587 1305 1637 canam,
1336 1583 1392 1629 et
1419 1574 1701 1644 discipulis
1731 1575 1866 1629 dixit
1901 1593 1916 1629 :
1955 1593 1977 1627 ι
2018 1577 2181 1631 Δεοί-

615 1662 755 1731 pite,
794 1671 850 1715 et
881 1666 1146 1729 comedite
1180 1679 1375 1733 corpus
1413 1680 1590 1720 meum
1633 1684 1648 1720 :
1687 1682 1707 1717 ι
1745 1675 1801 1722 et
1834 1667 1906 1720 ita
1934 1668 2058 1739 quia
2088 1680 2183 1735 po-

618 1760 864 1806 testatem
892 1753 1119 1808 habebat
1142 1770 1344 1823 ponere
1362 1758 1593 1810 animam
1622 1770 1799 1822 suam,
1830 1756 2180 1812 manifestum

617 1845 759 1911 quo’d
814 1854 940 1899 tunc
988 1847 1347 1901 immolaverit
1397 1849 1655 1916 seipsum,
1704 1862 1772 1902 ex
1822 1862 1927 1916 quo
1964 1849 2182 1929 tradidit

619 1934 899 2001 discipulis
928 1951 1124 2003 corpus
1152 1952 1304 1989 suum
1338 1956 1351 1990 :
1393 1952 1551 1992 nemo
1580 1937 1723 1992 enim
1758 1939 2045 2006 quidquam
2073 1938 2183 1992 edit

616 2024 718 2079 nisi
753 2025 902 2091 prius
933 2035 1224 2080 mactatum
1253 2024 1439 2083 fuerit.
1474 2027 1703 2083 Numera
1733 2030 1899 2099 igitur
1925 2047 1938 2082 :
1968 2030 2179 2099 vesperi

620 2114 837 2167 tradidit
885 2130 1080 2184 corpus
1118 2131 1299 2171 suum.
1330 2116 1442 2172 Nox
1485 2108 1574 2173 illa
1638 2127 1693 2173 et
1728 2120 1842 2173 dies
1884 2120 2182 2175 Parasceve

617 2218 790 2273 usque
817 2205 883 2258 ad
904 2216 1108 2269 sextam
1135 2206 1345 2268 horam,
1369 2220 1495 2261 ecce
1518 2222 1681 2260 unum
1706 2209 1843 2262 diem
1860 2218 1920 2268 ,οι
1942 2220 2179 2265 noctem.

618 2290 815 2359 iterum
857 2308 885 2345 a
933 2302 1083 2348 sexta
1118 2294 1245 2348 bora
1298 2296 1533 2349 tenebrze
1567 2310 1737 2365 usque
1767 2297 1831 2353 ad
1876 2312 2094 2361 nonam,
2128 2307 2183 2352 et

617 2399 647 2437 ε
687 2400 825 2439 nona
874 2385 963 2439 lux
1009 2401 1179 2456 usque
1230 2384 1297 2439 ad
1348 2401 1648 2456 vesperam,
1700 2401 1825 2442 ecce
1881 2389 2178 2442 secundum

619 2476 855 2555 diemet
898 2485 1126 2532 ιιοοιοω.
1190 2478 1385 2537 iterqu
1416 2494 1520 2533 nox
1562 2487 1685 2547 post
1736 2480 2085 2535 Parascevem
2129 2490 2184 2535 et

619 2566 733 2622 dies
762 2565 1005 2631 Sabbati,
1031 2582 1157 2623 ecce
1188 2572 1399 2623 tertium
1422 2571 1560 2624 diem
1591 2580 1643 2623 et
1674 2582 1906 2624 noctem.
1943 2570 2181 2625 Sabbato

619 2664 795 2709 autem
846 2657 1053 2724 vesperi
1102 2659 1398 2711 resurrexit
1443 2676 1455 2710 :
1506 2673 1633 2712 ecce
1684 2668 1794 2712 tres
1828 2659 2019 2727 integri
2067 2661 2181 2715 dies

618 2754 666 2797 et
710 2753 915 2799 noctes.
950 2743 1071 2799 Jam
1102 2748 1242 2814 quod
1275 2748 1524 2815 angelum
1569 2746 1854 2801 Mattlnens
1910 2749 2043 2801 dixit
2093 2763 2180 2802 se-

618 2835 746 2888 dere
795 2851 955 2906 super
995 2835 1191 2904 lapide,
1228 2835 1441 2890 Marcus
1475 2848 1654 2892 autem
1707 2839 1952 2893 revoluto
2007 2837 2180 2907 lapide

624 2928 816 2981 sedere
863 2927 916 2983 in
958 2927 1163 2982 dextris
1208 2927 1348 2983 intra
1389 2930 1718 2996 sepulcrum,
1757 2931 1993 2998 nunquid
2042 2931 2183 2983 inter

619 3033 677 3074 se
703 3018 962 3077 dissident
981 3019 1005 3073 τ
1027 3018 1245 3075 Minime
1269 3038 1283 3073 :
1314 3023 1411 3076 sed
1436 3021 1725 3075 verisimile
1756 3030 1839 3075 est
1867 3023 2179 3090 apparuisse

616 3109 847 3176 primum
894 3110 1143 3181 angelum
1189 3114 1464 3167 sedentem
1509 3126 1671 3180 super
1719 3112 1891 3180 lapide
1941 3114 2180 3169 :deinde

2270 662 2466 734 ὄρθρου
2493 661 2587 715 καὶ
2669 661 2849 730 ἡμέρα
2869 658 2963 726 δλη
2988 638 3330 724 ἀριθμεῖταίο
3358 652 3472 706 ίδοὺ
3498 650 3682 721 τρίτον
3706 651 3847 718 ἡμεο

2274 1119 2383 1172 ἀπὸ
2414 1117 2615 1188 μῖρους
2641 1113 2735 1168 οὖν
2759 1112 3074 1183 ἀριθμεῖται
3104 1106 3197 1161 καὶ
3225 1108 3258 1177 ἡ
3287 1102 3542 1175 Κυριακὴ
3572 1103 3654 1163 είς
3684 1099 3854 1165 ὓλην

2276 1187 2527 1280 ἡμέραν·
2572 1207 2713 1259 ὥστε
2756 1204 2866 1258 ἰδοὺ
2899 1202 3052 1272 τρεῖς
3090 1196 3446 1270 ἡμέραιοκαὶ
3483 1194 3594 1263 γάρ
3630 1191 3729 1245 καὶ
3763 1187 3860 1243 επὶ

2279 1299 2389 1355 τῶν
2427 1297 2864 1369 κεκοιμημένων,
2902 1293 2999 1346 ιάν
3039 1289 3402 1359 amoma“;
3443 1285 3576 1353 περὶ
3617 1280 3857 1349 δεκάτην

2280 1392 2431 1462 ὥραν
2453 1391 2552 1460 τῆς
2576 1389 2811 1459 ἡμέρας,
2838 1385 2933 1439 καὶ
2957 1383 3144 1452 ῑτερος
3174 1380 3300 1451 περὶ
3330 1375 3555 1446 πρώτην
3580 1374 3737 1443 ὤραν
3762 1370 3860 1440 τῆς

2278 1482 2451 1550 αὐτῆς
2481 1481 2719 1551 ἡμέρας,
2753 1476 3055 1547 ἀμφότεροι
3085 1474 3143 1524 ιν
3172 1472 3239 1539 τῇ
3274 1470 3412 1537 αὐτῇ
3446 1466 3636 1536 ἡμέρᾳ
3669 1463 3860 1530 λέγον·-

2279 1590 2367 1625 ται
2406 1571 2675 1624 τεθνάναι.
2700 1568 2851 1638 Ἔχω
2886 1584 2969 1620 σοι
3006 1568 3103 1621 καὶ
3140 1564 3306 1631 ἀλλην
3345 1558 3529 1613 αἰτίαν
3566 1558 3747 1608 εἰπεῖν
3784 1554 3863 1611 είς

2278 1661 2459 1726 τοῦτο,
2486 1659 2604 1722 πῶς
2627 1663 2775 1729 τρεῖς
2799 1659 3005 1729 ἡμέραι
3033 1656 3129 1709 καὶ
3151 1654 3297 1725 τρεῖς
3325 1651 3518 1712 νύκτες
3545 1644 3866 1716 ἀριθμηθή-

2284 1769 2486 1804 σονται.
2523 1750 2766 1820 Πρόσεχε
2805 1744 2899 1801 οὖν
2925 1764 2937 1776 ·
2973 1748 3052 1818 Τῇ
3091 1746 3316 1813 πέμπτῃ
3354 1740 3598 1807 ἑσπέρας
3633 1735 3863 1804 εποίησε

2283 1842 2343 1895 τὸ
2371 1841 2583 1894 δεῖπνον
2607 1843 2634 1892 ὁ
2665 1840 2886 1911 Κύριος,
2917 1841 3009 1891 καί⁵
3034 1838 3145 1898 τοῖς
3174 1834 3441 1905 μαθηταῖς
3470 1830 3625 1895 ἔλεγε
3647 1844 3664 1856 °
3703 1845 3725 1878 s
3754 1826 3864 1878 Λά-

2287 1934 2408 1985 ϐετε
2432 1974 2446 1997 ,
2488 1934 2691 2000 φάγετε
2730 1932 2787 1983 τὸ
2829 1929 2988 1997 σῶμά
3028 1944 3129 1997 μου
3156 1942 3171 1958 ⁸
3204 1945 3221 1976 ι
3264 1923 3406 1976 ὥστε
3445 1922 3571 1973 ἐπεὶ
3613 1917 3865 1981 ἐξουσίαν

2284 2021 2427 2094 εἶχεν
2458 2024 2550 2093 ἀφ’
2575 2023 2767 2076 ἑαυτοῦ
2804 2021 2976 2074 θεῖναι
3009 2019 3109 2088 τὴν
3138 2017 3315 2086 ψυχὴν
3350 2012 3513 2068 αὖτοῦ
3533 2052 3549 2075 ,
3584 2010 3752 2080 δῆλον
3783 2009 3863 2062 δτι

2282 2115 2469 2168 εκτοτε
2513 2113 2824 2181 ἀπέσφαξεν
2868 2111 3079 2173 ἑαυτὸν,
3124 2108 3216 2176 ἀφ’
3242 2101 3304 2159 οὗ
3354 2104 3580 2157 διεδίδου
3624 2104 3747 2167 τοῖς
3788 2098 3863 2151 oi-

2284 2205 2452 2268 κείοις
2490 2205 2758 2275 μαθηταῖς
2792 2202 2851 2255 τὸ
2883 2202 3043 2273 σῶμα
3067 2218 3081 2232 ·
3112 2198 3288 2260 οὐδεὶς
3315 2197 3422 2264 γάρ
3453 2193 3628 2246 ἐσθίει
3657 2182 3736 2252 τι,
3773 2190 3864 2242 ἐὰν

2287 2298 2360 2367 μὴ
2400 2298 2662 2365 πρότερον
2708 2292 3050 2362 ἐσφαγμένον
3092 2290 3199 2360 εἴη.
3236 2288 3569 2357 ’Δρίθμησον
3612 2280 3711 2337 οὖν
3737 2300 3753 2314 ’
3788 2282 3865 2353 Τῇ

2283 2389 2492 2455 ἑσπέρᾳ
2520 2387 2633 2456 (56)
2662 2385 2887 2439 διεδίδου
2916 2385 2975 2436 τὸ
3003 2383 3203 2435 οἰκεῖον
3231 2380 3387 2447 σῶμα
3414 2394 3427 2408 ο
3461 2380 3494 2447 ἡ
3523 2376 3621 2441 νὺξ
3654 2372 3865 2443 ἐκείνη,

2284 2470 2377 2530 καὶ
2410 2479 2441 2544 ἠ
2475 2476 2655 2547 ἡμέρα
2689 2476 2788 2542 τῆς
2808 2472 3169 2542 Παρασκευῆς
3202 2471 3328 2540 ἀχρι
3359 2468 3457 2537 τῆς
3490 2467 3662 2536 ἕκτης
3695 2466 3863 2533 ὧρας,

2286 2569 2395 2622 ἰδοὺ
2427 2569 2485 2620 ἓν
2514 2567 2906 2637 ἠμερονύκτιον
2931 2581 2942 2593 ·
2976 2564 3138 2617 πάλιν
3163 2564 3222 2615 τὸ
3253 2560 3360 2613 ἀπὸ
3389 2561 3487 2627 τῆς
3516 2559 3689 2627 ἕκτης
3718 2556 3864 2626 ὥρας

2286 2661 2475 2718 σκότος
2502 2660 2604 2719 ἕως
2631 2659 2726 2725 τῆς
2756 2658 3003 2725 ὲννάτης,
3033 2656 3123 2707 καὶ
3151 2654 3209 2705 τὸ
3236 2651 3342 2706 ἀπὸ
3369 2650 3466 2719 τῆς
3492 2649 3726 2717 ἑννάτης
3755 2648 3863 2717 φῶς

2284 2751 2387 2811 ἓως
2413 2751 2507 2817 τῆς
2539 2752 2793 2815 ἑσπέρας,
2826 2748 2934 2799 ίδοίι
2964 2745 3214 2813 δεύτερον
3242 2741 3640 2812 ήμερονύκτιον
3664 2756 3677 2766 ·
3710 2742 3741 2807 ἡ
3772 2738 3862 2801 νὺξ

2287 2842 2446 2895 πάλιν
2469 2842 2501 2907 ἡ
2531 2840 2666 2908 μετά
2690 2842 2783 2907 τὴν
2813 2836 3198 2908 Παρασκευὴν,
3224 2837 3320 2887 καὶ
3348 2836 3379 2901 ἡ
3407 2832 3590 2902 ἡμέρα
3614 2831 3712 2884 τοῦ
3730 2829 3865 2884 Σαί-

2284 2932 2470 2992 ϐἀτου.
2514 2932 2622 2983 ίδοὺ
2669 2930 2848 2999 τρίτον
2891 2928 3311 2999 ἡμερονύκτιον.
3356 2924 3620 2994 Σαϐϐάτῳ
3666 2925 3727 2977 δὲ
3767 2924 3861 2993 ὀψε

2282 3021 2477 3085 ἀνέστη
2510 3036 2522 3047 ’
2560 3018 2684 3087 τρία
2714 3018 2887 3071 ταῦτα
2931 3016 3199 3087 ὁλόκληρα
3237 3015 3630 3085 ὴμερονύκτια.
3670 3016 3777 3067 Τὸν
3807 3015 3862 3069 δὲ

2282 3106 2514 3174 ἄγγελον
2543 3108 2571 3159 ὁ
2604 3107 2703 3177 μὲν
2756 3105 3032 3168 Ματθεῖος
3067 3106 3167 3174 ἔφη
3200 3104 3475 3173 καθῆσθαι
3506 3106 3562 3157 ὲν
3589 3104 3670 3173 τῷ
3697 3105 3857 3175 λίθῳ’

618 3200 1036 3268 ingredientibus
1084 3202 1401 3259 mulieribus
1438 3203 1628 3271 praeire
1672 3204 1918 3273 angelum
1941 3244 1956 3267 ,
1991 3213 2045 3259 et
2086 3205 2179 3261 ite-

2286 3200 2315 3251 ὁ
2337 3199 2395 3251 δὲ
2426 3200 2650 3267 Μάρκος
2679 3198 3083 3252 ἀποκυλίσαντα
3111 3196 3204 3250 τὸν
3233 3197 3404 3291 λίθον,
3431 3196 3581 3251 ἔνδον
3604 3196 3703 3249 τοῦ
3734 3212 3864 3265 μνη-

618 3306 735 3353 rum
758 3293 1074 3361 apparuisse
1104 3296 1380 3351 sedentem
1412 3296 1463 3349 in
1499 3294 1745 3373 sepulcro
1777 3295 1853 3362 (a)
1890 3310 1921 3349 a
1948 3297 2175 3352 dextris.

622 3380 766 3438 Dixit
797 3392 978 3439 autem
1018 3384 1086 3439 ad
1116 3384 1374 3440 mulieres
1410 3403 1424 3440 :
1458 3383 1535 3458 Ne
1568 3387 1877 3441 terreamini
1912 3400 2045 3453 vos;
2084 3387 2185 3441 hoc

616 3480 734 3539 est,
771 3473 1038 3528 Custodes
1084 3474 1299 3543 quidem
1349 3474 1497 3544 digni
1542 3485 1669 3531 sunt
1714 3477 1802 3546 qui
1841 3487 2173 3541 terreantur.

619 3578 714 3617 vos
761 3574 938 3617 autem
993 3564 1267 3635 discipule
1332 3564 1578 3631 Domini,
1634 3580 1699 3620 ne
1754 3570 2084 3623 terreamini.
2119 3564 2186 3622 Et

621 3663 903 3723 postquam
936 3654 1186 3709 liberavit
1226 3670 1320 3711 eas
1364 3671 1394 3710 a
1431 3667 1596 3723 metu,
1622 3660 1959 3729 evangeiixat
1990 3662 2070 3715 eis
2101 3675 2187 3715 re-

614 3749 1033 3803 surrectionem.
1064 3748 1307 3804 Primum
1336 3750 1478 3804 enim
1511 3752 1760 3807 timorem
1785 3751 1985 3819 ejicere
2016 3766 2180 3820 opor-

613 3839 787 3902 tebat,
816 3847 872 3892 et
904 3840 1098 3893 deinde
1127 3839 1518 3908 evangelizare.
1552 3838 1667 3893 Non
1698 3840 1973 3895 erubescit
2004 3850 2181 3894 autem

622 3929 910 3984 nominare
972 3930 1253 3983 Dominum
1308 3929 1649 3986 crucifixum.
1701 3929 1977 3984 Gloriatur
2036 3933 2179 3986 enim

616 4032 780 4071 cruce
836 4027 1087 4088 tanquam
1146 4029 1382 4087 tropaeo,
1433 4034 1538 4089 quo
1597 4020 1752 4075 nobis
1813 4022 1993 4075 omnia
2041 4021 2179 4075 bona

614 4109 899 4164 conciliata
938 4122 1084 4165 sunt.

2288 3286 2441 3353 μείου
2475 3283 2768 3352 καθῆσθαι,
2798 3285 2856 3336 ὲν
2888 3286 3000 3345 τοῖς
3033 3284 3245 3349 δεξιοῖςο
3287 3279 3377 3356 ἄρ’
3408 3280 3500 3339 οὖν
3535 3287 3866 3353 ἑναντιοφω-

2284 3374 2491 3441 νοῦσιν;
2515 3374 2665 3444 Οὐχί·
2696 3374 2811 3427 ἀλλ’
2834 3375 2979 3438 εἰκός
3005 3375 3120 3428 ιστι
3147 3375 3385 3443 φανῆναι
3412 3375 3629 3445 πρῶτον
3656 3377 3748 3429 τοι
3772 3376 3868 3444 ἀγ·

2281 3472 2434 3540 γελον
2468 3473 2775 3541 καθήμενον
2806 3473 2863 3524 ιν
2894 3471 2970 3539 τῷ
3004 3470 3170 3541 λίθῳ,
3206 3468 3325 3524 εἶτα
3362 3471 3729 3543 είσελθουσῶν
3759 3471 3865 3525 τῶν

2280 3564 2577 3632 γυναικῶν,
2608 3565 2873 3633 προάγειν
2900 3564 2992 3616 τὸν
3021 3563 3272 3632 ἄγγελον,
3308 3564 3400 3617 καὶ
3432 3563 3597 3617 πάλιν
3628 3567 3866 3635 φανῆναι

2280 3656 2429 3717 ἐντὸς
2460 3654 2554 3707 τοῦ
2595 3656 2861 3724 μνημείου
2898 3654 3208 3723 καθήμενον
3240 3655 3297 3707 ιν
3331 3656 3442 3717 τοῖς
3473 3654 3698 3719 δεξιοῖς.
3730 3651 3867 3711 Eius

2279 3748 2337 3803 δὲ
2364 3748 2499 3818 πρὸς
2524 3750 2619 3809 τὰς
2644 3750 2907 3815 γυναῖκας
2928 3747 3052 3817 ’Μὴ
3078 3746 3328 3816 φοϐεῖσθε
3352 3750 3537 3817 ὑμεῖς,
3562 3750 3866 3813 τουτέστιν,

2281 3838 2347 3894 Oi
2378 3840 2478 3908 μὲν
2505 3841 2742 3906 φύλακες
2771 3838 2909 3902 ἄξιοί
2934 3841 3039 3891 είσι
3069 3838 3351 3905 φοϐεῖσθαι
3376 3855 3393 3873 σ
3419 3840 3581 3907 ὑμεῖς
3606 3842 3666 3893 δὲ
3692 3842 3751 3893 αῖ
3776 3840 3867 3894 τοῦ

2282 3928 2488 3998 Κυρίου
2520 3928 2836 3997 μαθήτριαι,
2869 3928 2942 3997 μὴ
2975 3927 3245 3996 φοϐεῖσθε.
3284 3927 3474 3981 Μεθ’δ
3502 3930 3559 3981 δὲ
3590 3930 3871 3983 ἀπαλλάτ-

2280 4036 2362 4070 τει
2394 4018 2561 4079 αύτάς
2591 4018 2685 4069 τοῦ
2717 4017 2868 4077 δέους
2892 4056 2906 4080 ,
2940 4017 3350 4085 εὐαγγελίζεται
3380 4019 3573 4081 αὐταῖς
3602 4021 3705 4091 τὴν
3734 4021 3871 4079 ἀνά-

2287 4127 2495 4163 στασιν.
2525 4108 2671 4160 Ἔδει
2714 4109 2824 4178 γάρ
2870 4110 3135 4178 πρότερον
3177 4108 3430 4162 ἔκϐαλεῖν
3468 4111 3529 4163 τὸ
3566 4112 3706 4176 δέος,
3750 4106 3870 4165 εἶτα

614 4205 1094 4274 εὐαγγελίσασθαι.
1140 4208 1255 4261 Οὐκ
1304 4209 1622 4279 αἰσχύνεται
1667 4210 1725 4262 δι
1772 4207 2187 4281 ἐσταυρωμένον
2224 4206 2507 4275 ὀνομάζων
2541 4206 2630 4258 τὸν
2700 4205 2923 4275 Κύριον.
2958 4206 3049 4277 Τῷ
3084 4205 3194 4277 γὰρ
3228 4205 3445 4277 σταυρῷ
3515 4207 3715 4281 ὥᾶπερ
3746 4225 3870 4281 τρο-

616 4296 764 4365 παίῳ
791 4298 897 4350 τινὶ
925 4300 1283 4367 εγκαυχᾶται,
1308 4300 1486 4351 πάντα
1512 4300 1579 4353 τά
1609 4298 1791 4366 ἀγαθὰ
1818 4298 2204 4371 προεξενηκότι
2238 4299 2392 4367 ἡμῖν.

692 4384 853 4441 Vens.
880 4386 936 4451 9,
964 4386 1048 4441 i0.
1078 4406 1097 4439 s
1124 4387 1256 4443 Cum
1286 4397 1465 4442 autem
1492 4388 1741 4444 issentad
1767 4390 2179 4442 renuntiandum

2368 4404 2386 4437 ι
2422 4385 2509 4448 Ὠς
2538 4385 2594 4437 δὲ
2627 4385 2952 4455 ἐπορεύοντο
2979 4386 3308 4453 ἀπαγγεῖλαι
3333 4388 3447 4447 τοῖς
3479 4386 3750 4457 μαθηταῖς
3773 4389 3869 4443 σύ.

617 4475 906 4545 discipulis
945 4476 1085 4543 eius,
1133 4491 1261 4533 ecce
1306 4477 1465 4533 Jesus
1515 4478 1754 4549 occurrit
1804 4478 1909 4532 iliis
1944 4480 2178 4534 dicens:

616 4567 943 4639 Avete.‘lllz
978 4577 1155 4624 autem
1184 4577 1552 4634 accesserunt,
1594 4579 1649 4625 et
1686 4579 1978 4625 tenuerunt
2020 4569 2184 4638 pedes

616 4661 757 4727 ejus,
810 4667 866 4714 et
919 4659 1283 4715 adoraverunt
1331 4674 1473 4715 eum.
1522 4659 1677 4714 Tunc
1717 4661 1792 4715 ait
1832 4660 1933 4715 illis
1979 4660 2179 4717 Iesus:

618 4749 795 4804 Nolite
843 4750 1079 4804 timere:
1125 4752 1233 4817 ite,
1275 4752 1581 4807 renuntiate
1615 4751 1875 4807 fratribus
1917 4754 2079 4817 meis,
2123 4763 2183 4809 ut

619 4850 745 4896 eant
774 4842 825 4895 in
852 4841 1148 4909 Galilaeam,
1180 4851 1229 4898 et
1266 4844 1338 4898 ibi
1374 4858 1459 4899 me
1501 4843 1773 4899 videbunt.
1823 4862 1841 4895 ι
1883 4844 2039 4916 165
2080 4845 2181 4899 Di-

618 4936 693 4986 cit
737 4933 1054 4989 mulieribus
1088 4947 1109 4986 :
1159 4934 1344 5001 Δνςιε.
1400 4934 1667 5003 Quoniam
1719 4937 1863 4992 enim
1917 4937 2176 4993 muliebre

618 5040 788 5094 genus
806 5026 874 5079 ad
902 5027 1181 5081 tristitiam
1208 5028 1624 5082 condemnatum
1655 5026 1778 5091 iuit.
1804 5028 2055 5083 Dominus
2086 5042 2178 5095 per

620 5116 1070 5171 resurrectionem
1095 5131 1247 5172 suam
1266 5119 1519 5187 gaudium
1542 5118 1721 5173 attulit
1751 5118 1984 5174 femineo
2007 5120 2179 5183 sexui,

619 5219 672 5260 et
714 5206 988 5261 benedixit
1016 5208 1119 5263 eis.
1166 5209 1235 5262 At
1282 5208 1385 5264 illa:
1429 5225 1538 5290 pra:
1575 5210 1743 5265 multa
1790 5210 2093 5265 reverentia
2128 5220 2183 5265 et

620 5300 824 5355 honore
855 5310 908 5354 et
936 5311 1157 5372 propter
1185 5303 1437 5371 pietatem
1486 5304 1647 5373 pedes
1675 5304 1793 5374 ejus
1832 5312 2037 5368 tenent,
2071 5318 2178 5359 non

620 5390 877 5448 audentes
909 5392 1069 5448 aliam
1114 5396 1608 5465 corporis-partem
1649 5399 1985 5468 contingere,
2017 5412 2180 5465 quam

620 5484 893 5541 Extremas
922 5484 1075 5543 illas.‘
1110 5487 1340 5555 Quidam
1370 5497 1545 5543 autem
1574 5472 1768 5544 dicunt
1795 5488 1975 5543 dedita
2018 5500 2183 5556 opera

2278 4479 2395 4545 τοῦ,
2441 4481 2534 4532 καὶ
2583 4480 2691 4531 ίδοὺ
2732 4482 2759 4531 ὸ
2789 4480 2991 4549 Ἰησοῦς
3036 4482 3352 4551 ἀπήντησεν
3394 4481 3613 4549 αὑταῖς,
3655 4482 3864 4553 λέγων·

2279 4570 2536 4641 Χαίρετε.
2566 4571 2630 4622 Δί
2660 4570 2740 4637 δὲ,
2774 4570 3169 4639 προσελθοῦσαι
3200 4572 3516 4643 ἐκράτησαν
3543 4573 3713 4628 αὑτοῦ
3743 4575 3865 4637 τοὺς

2280 4665 2465 4731 πόδας,
2496 4666 2589 4727 καὶ
2618 4666 3032 4738 προσεκύνησαν
3056 4667 3229 4737 αὐτῷ.
3266 4666 3403 4722 Τότε
3434 4669 3585 4737 λέγει
3616 4671 3812 4736 αὐταῖς
3838 4674 3867 4725 ὀ

2296 4757 2509 4823 Ἰησοῦς
2534 4774 2549 4788 ·
2576 4759 2668 4826 Μὴ
2713 4758 2987 4825 φοϐεῖσθε.
3029 4758 3320 4827 Ὑπάγετε.
3342 4760 3719 4829 ἀπαγγείλατε
3755 4766 3868 4827 τοῖς

2279 4848 2527 4916 ἀδελφοῖς
2565 4866 2667 4917 μου
2703 4849 2790 4902 ἵνα
2825 4850 3137 4904 ἀπέλθωσιν
3167 4854 3249 4915 είς
3275 4853 3377 4921 τὴν
3408 4849 3729 4921 Γαλιλαίαν,
3765 4857 3866 4910 κά-

2284 4942 2370 4992 κεῖ
2396 4957 2460 5009 με
2486 4940 2729 5009 δψονται.
2746 4960 2764 4993 ι
2788 4943 3244 5012 Προσφωνεῖταῖς
3270 4946 3483 5013 γυναιξὶ
3501 4946 3586 5008 τὸ.
3608 4947 3864 5019 Χαίρετε.

2295 5032 2450 5085 Ἐπεὶ
2477 5034 2581 5103 γάρ
2606 5032 2665 5086 τὸ
2692 5038 3001 5101 γυναικεῖον
3026 5037 3180 5103 γένος
3214 5035 3503 5091 λυπεῖσθαι
3532 5040 3861 5112 κατεκρίθη,

2276 5125 2304 5177 ὸ
2335 5125 2537 5195 Κύριος
2566 5126 2654 5180 διὰ
2683 5129 2780 5197 τῆς
2807 5120 3157 5193 ἀναστάσεως
3183 5132 3349 5184 αὑτοῦ
3380 5130 3483 5201 τὴν
3514 5132 3697 5203 χαρὰν
3728 5150 3861 5201 προ·

2261 5215 2497 5284 νεξένησε
2530 5216 2605 5285 τῷ
2642 5218 2940 5287 γυναικείῳ
2982 5217 3162 5285 γένει,
3198 5218 3298 5273 καὶ
3336 5219 3633 5289 εὐλόγησεν
3668 5220 3857 5283 αύτάς.

2278 5307 2367 5358 Διὸ
2407 5308 2615 5359 ἐκεῖναι
2655 5308 2763 5359 ἀπὸ
2794 5308 2892 5375 τῆς
2933 5308 3137 5378 πολλῆς
3180 5308 3308 5379 περὶ
3347 5309 3511 5363 αὑτὸν
3543 5309 3730 5373 αίδοῦς
3767 5308 3862 5362 καὶ

2281 5397 2472 5467 τιμῆς,
2505 5400 2631 5461 τοὺς
2665 5400 2827 5463 πόδας
2860 5400 3023 5454 αὐτοῦ
3053 5401 3347 5469 κρατοῦσι,
3375 5402 3444 5455 δι’
3468 5402 3756 5459 εὐλάϐειαν
3787 5400 3863 5472 μὴ

2278 5476 2557 5556 τολμῶσαι
2587 5488 2745 5541 ἄλλου
2780 5490 2983 5560 μέρους
3009 5489 3101 5543 τοῦ
3132 5488 3383 5561 σώματος
3412 5489 3681 5562 ἀψασθαι.
3707 5492 3755 5543 si
3786 5491 3862 5562 μὴ

1570 5604 1662 5666 Bx
1686 5602 2031 5665 collatione
2065 5600 2251 5663 codd.
2288 5603 2515 5665 Venet.
2555 5606 2618 5667 S.
2655 5606 2874 5667 Marci.

690 5706 806 5780 (36)
846 5706 980 5802 9οά.
1011 5707 1081 5763 '50
1118 5709 1184 5779 τῇ
1216 5708 1465 5780 πέμπτη.
1498 5707 1758 5781 ἑσπέρας.

691 5828 773 5900 (ε)
828 5829 974 5887 Elii.
1008 5827 1131 5885 Lut.
1184 5831 1365 5898 vortit,
1417 5827 1824 5901 ingredientibus
1880 5826 2181 5883 mulieribus
2207 5828 2394 5895 ιιι-(εἰη
2436 5826 2699 5891 mulieres,
2747 5835 2795 5881 ct
2842 5825 3028 5880 iterum
3062 5821 3369 5893 apparuisse
3390 5823 3446 5878 in
3477 5822 3737 5893 sepulcro.
