4028 6598
534 495 649 560 183

1410 469 1985 542 THEOPHYLALTI
2029 459 2442 526 BULGARUE
2476 451 2836 515 ARCBIEP.

3690 431 3795 497 884

531 606 651 660 dies
679 596 1053 670 quadraginta,
1089 592 1359 647 accedens
1391 599 1449 644 et
1475 585 1794 645 abscedens,
1829 595 1933 634 non
1964 591 2106 670 sem:
2132 626 2133 629 η

2238 585 2337 622 ωνο
2372 566 2632 626 πολλάκις
2664 561 2771 630 γὰρ
2798 558 2971 627 ἐφάνη
3004 553 3209 616 αὐτοῖς,
3242 549 3313 670 6t;
3338 546 3569 670 ἡμερῶν
3595 564 3797 670 nec:

2260 661 2271 670 ·
2523 658 2535 670 ·
2663 653 2706 670 ν’
2772 666 2877 670 -λνμ
2938 647 3026 670 ---\
3090 644 3252 670 _n...
3321 657 3454 670 η...
3499 655 3663 670 ...ων

534 710 633 765 per
660 668 715 745 et
746 691 940 756 ubique
965 689 1043 741 eis
1078 698 1339 755 presens.
1376 680 1633 736 Undecim
1664 677 1827 745 igitur
1853 668 2101 739 discipuli

535 786 613 838 illi
643 779 895 851 praecipui
924 793 1046 831 cum
1074 776 1298 842 reliquis
1331 774 1581 825 omnibus
1612 770 1701 837 qui
1736 765 2107 834 sequebantur

535 870 836 925 Christum.
867 866 1166 917 adorabant
1192 876 1334 915 eum.
1356 861 1419 913 Hi
1440 870 1616 913 autem
1642 858 1982 917 dubitarunt,
2003 850 2107 904 hoc

536 976 619 1017 est
647 963 866 1029 quitam
901 957 1235 1010 dubitarunt.
1269 952 1553 1007 Probabile
1602 960 1686 1003 est
1731 946 1873 1014 quod
1902 946 1981 998 sic
2038 944 2109 997 sit

538 1049 960 1115 intelligendum.
1015 1042 1275 1097 Undecim
1320 1042 1569 1093 abierunt
1602 1038 1652 1089 in
1705 1034 2005 1096 Galilaeam,
2054 1039 2110 1083 et

539 1140 788 1191 undecim
808 1136 1171 1188 aduraveruut
1195 1132 1365 1184 illum.
1396 1129 1456 1181 lli
1483 1137 1683 1191 autem,
1709 1126 1761 1178 id
1791 1136 1893 1188 cst,
1920 1120 2107 1189 aliqui,

542 1226 679 1280 forte
706 1242 766 1278 ex
802 1224 885 1277 his
933 1225 1023 1291 qui
1063 1238 1130 1275 ex
1159 1220 1495 1287 septuaginta
1550 1225 1730 1280 erant,
1779 1215 1844 1268 de
1893 1212 2113 1265 Christo

541 1318 901 1371 dubitarunt:
943 1322 1126 1381 postea
1177 1320 1359 1362 autem
1398 1319 1452 1361 et
1504 1305 1814 1361 conﬁrmati
1865 1303 2111 1357 fuerunt.

545 1402 796 1456 Nonnulli
829 1402 907 1453 sic
942 1399 1251 1467 intelligunt
1275 1396 1416 1465 quod
1452 1395 1732 1449 Mattheus
1760 1395 1975 1463 quidem
2007 1406 2111 1445 non

544 1493 875 1561 expresserit
920 1486 1141 1558 quinam
1190 1490 1563 1542 dubitassem:
1616 1486 1758 1555 quod
1805 1494 1984 1539 autem
2011 1484 2116 1537 iste

544 1583 747 1645 omisit,
782 1580 1018 1635 Joannes
1044 1581 1202 1644 dixit,
1240 1592 1431 1646 nempe
1456 1577 1599 1645 quod
1628 1574 1861 1627 Thomas
1895 1585 2041 1627 esset
2066 1575 2113 1627 is

544 1674 635 1741 qui
668 1674 963 1725 dubitarat.
1000 1669 1162 1724 Forte
1185 1680 1364 1721 autem
1394 1676 1449 1720 et
1484 1680 1673 1719 omnes
1698 1664 2037 1723 dubitarunt,
2066 1662 2117 1715 id

545 1764 685 1831 quod
715 1760 889 1813 Lucas
918 1761 1068 1813 dicit.
1127 1758 1297 1812 Debes
1333 1756 1491 1825 igitur
1518 1757 1597 1809 sic
1627 1752 1950 1823 intelligere,
1976 1750 2119 1818 quod

2210 661 2450 729 ράκοντα
2520 653 2879 720 ἐφιστάμενος
2938 647 3033 699 καὶ
3090 644 3252 697 πάλιν
3282 640 3684 709 ἀφιστάμενος,
3731 638 3796 692 οὑ

2208 749 2439 802 πάντοτε
2474 746 2570 797 καὶ
2600 744 2776 795 διόλου
2810 741 2994 800 αὑτοῖς
3029 732 3358 804 συμπαρών.
3391 733 3455 785 Oi
3490 730 3585 784 οὖν
3606 730 3800 783 ἕνδεκα

2213 837 2454 909 μαθηταὶ
2510 836 2560 886 οί
2606 833 2925 901 κορυφαῖοι,
2985 827 3079 878 σὺν
3136 826 3246 878 τοῖς
3310 822 3520 885 λοιποῖς
3578 822 3798 881 πάντως

2212 929 2385 983 ἅπασι
2415 929 2527 988 τοῖς
2574 920 2954 981 ἀκολουθοῦσι,
2990 917 3070 986 τῷ
3099 914 3322 985 Χριστῷ
3352 912 3795 981 προσεκύνησαν·

2209 1021 2260 1073 οι
2319 1020 2373 1071 δέ
2428 1015 2713 1069 ἐδίστασαν
2750 1030 2762 1043 ·
2812 1010 2931 1063 ἀντί
2994 1007 3110 1070 τοῦ,
3168 1005 3312 1067 τνές
3367 1004 3420 1056 δὲ
3486 1004 3797 1057 ἐδίστασαν.

2212 1116 2372 1179 Είκὸς
2411 1114 2502 1168 οῦν
2545 1112 2688 1165 οὕτω
2736 1108 3027 1179 νοηθῆναιο
3062 1104 3125 1155 Ol
3167 1102 3362 1155 ινδεκα
3400 1101 3642 1170 μαθηταὶ
3676 1102 3803 1152 ἐπο-

2216 1208 2487 1279 ρεύθησαν
2514 1206 2592 1266 είς
2619 1205 2717 1271 τὴν
2747 1199 3058 1261 Γαλιλαίαν,
3082 1196 3174 1248 καὶ
3200 1192 3623 1265 προσεκύνησαν
3650 1191 3802 1262 αὑτῷ

2213 1300 2263 1352 οἱ
2304 1298 2518 1351 ἐνδικα.
2568 1296 2627 1347 01
2668 1293 2746 1355 δέ,
2797 1291 2919 1346 ἀντὶ⁵
2947 1288 3075 1350 τοῦ,
3113 1288 3258 1349 τινές
3285 1287 3361 1349 δὲ,
3388 1286 3552 1355 τυχὸν
3602 1287 3668 1336 ἐκ
3695 1284 3804 1336 τῶν

2216 1388 2614 1457 ἐϐδομήκοντα,
2650 1383 2934 1436 ἐδίστασαν
2969 1381 3099 1449 περὶ
3124 1377 3216 1431 τοῦ
3248 1377 3510 1447 Χριστοῦ.
3535 1377 3804 1446 ’Υστερον

2219 1480 2403 1548 μέντοι
2421 1473 2832 1542 ἐδεδαιώθησαν
2855 1471 2949 1525 καὶ
2982 1470 3155 1525 αὐτοί.
3192 1468 3351 1532 Τινές
3386 1469 3445 1522 δέ
3473 1468 3621 1523 οὕτω
3651 1470 3803 1523 νοοῦο

2218 1585 2325 1631 σιν,
2358 1567 2440 1618 ὅτι
2470 1568 2497 1618 6
2532 1565 2631 1634 μὲν
2663 1564 2943 1623 Ματθαῖος
2992 1560 3242 1630 παρῆκεν
3284 1563 3457 1613 είπεῐν
3482 1561 3628 1622 τίνες
3661 1556 3804 1630 ἦσαν

2216 1660 2265 1712 οἱ
2298 1658 2673 1719 διστάσαντες·
2702 1655 2730 1707 δ
2768 1655 3108 1722 δέ-παρῆκιν
3146 1647 3323 1715 οὗτος,
3354 1648 3510 1705 sinu
3556 1656 3584 1705 6
3622 1653 3805 1729 Ἱωᾴν-

2221 1766 2342 1818 νης,
2371 1750 2452 1801 ὃτι
2485 1748 2687 1816 Θωμᾶς
2712 1742 2780 1818 ἦν
2808 1748 2837 1799 6
2864 1745 3143 1807 διστάσαςθ
3184 1745 3344 1813 τυχὸν
3384 1743 3441 1795 δέ
3477 1744 3573 1796 καὶ
3603 1746 3806 1805 πάντες

547 1868 665 1905 cum
702 1852 976 1904 venissent
1018 1850 1070 1901 in
1111 1847 1412 1909 Galilaeam,
1448 1846 1815 1898 adoraverunt
1848 1858 1996 1897 eum.
2037 1839 2115 1893 illi

2237 1843 2531 1895 ιδίστασανθ
2561 1843 2698 1909 ὅπερ
2723 1840 2752 1891 6
2796 1838 3011 1900 Λουκᾶς
3051 1837 3220 1906 λέγει.
3256 1836 3525 1905 Ὀφείλεις
3546 1831 3643 1889 οὖν
3668 1835 3809 1891 οὕτω

548 1901 1163 2009 antetti'qiiiadorarnnt
1196 1939 1246 1989 iu
1277 1901 1523 1997 Gali'laea,
1548 1934 1777 2001 primum
1806 1929 2119 1984 dubitarunt

2237 1937 2441 2004 νοῆσαι.
2474 1934 2559 1987 δτι
2610 1901 2689 1995 είς
2724 1930 2823 2001 μιν
2852 1930 2951 1999 τὴν
2990 1901 3287 1982 Γαλιλαίαν
3329 1901 3603 1991 ἐλθόντες,
3639 1943 3808 1995 προσ-

550 2032 603 2085 in
646 2030 963 2092 Jerusalem,
1005 2026 1344 2081 sicutLucas
1375 2026 1523 2079 dicit.
1553 2022 1786 2078 Locutus
1828 2031 1909 2075 est
1942 2021 2120 2088 itaque

552 2120 659 2173 illis
687 2118 845 2173 Jesus
874 2134 887 2168 :
929 2138 946 2169 ι
990 2117 1121 2170 Data
1148 2126 1230 2170 est
1263 2116 1391 2169 mibi
1421 2114 1598 2169 omnis
1637 2122 1874 2180 potestas
1898 2112 1950 2164 in
1985 2109 2123 2163 calo

551 2222 605 2263 et
629 2212 679 2263 in
711 2219 909 2261 terra.»
936 2206 1047 2261 lloc
1073 2208 1286 2274 quidem
1325 2207 1464 2259 hunc
1491 2203 1914 2258 seusumbabet:
1948 2200 2123 2254 Habui

553 2302 764 2369 quidem
804 2301 946 2364 sicut
989 2300 1129 2352 Deus
1162 2308 1216 2351 et
1263 2295 1454 2365 Opifex
1488 2304 1811 2364 potestatem
1844 2294 2120 2345 omnium:

562 2406 583 2439 ι
630 2386 822 2441 Omnia
851 2386 993 2439 enim
1022 2386 1265 2438 serviunt
1298 2384 1391 2438 tibi
1421 2383 1489 2448 ",
1522 2401 1539 2433 ι
1572 2382 1706 2435 dixit
1730 2380 1795 2433 ad
1829 2380 1992 2433 Deum
2026 2378 2127 2432 Da-

557 2480 687 2534 vid:
750 2479 842 2533 sed
901 2478 1259 2531 voluntariam
1321 2476 1715 2545 subiectionem
1774 2489 1878 2527 non
1941 2473 2123 2534 habui,

556 2584 717 2637 quam
756 2584 898 2622 nunc
950 2569 1230 2621 habiturus
1268 2582 1407 2621 sum.
1468 2564 1719 2633 Subjecta
1773 2564 1915 2617 enim
1970 2572 2131 2615 erunt

558 2659 687 2713 mihi
720 2662 935 2714 omnia:
968 2660 1187 2727 quando
1220 2659 1433 2727 quidem
1477 2672 1572 2725 per
1606 2670 1824 2709 crucem
1867 2655 1970 2707 vici
2006 2670 2129 2707 eum

559 2745 650 2820 qui
702 2762 1021 2821 potestatem
1081 2754 1316 2805 habebat
1368 2751 1579 2805 mortis.
1618 2750 1824 2817 Duplex
1869 2749 2013 2801 enim
2050 2760 2133 2800 est

561 2843 867 2897 obedientia
893 2856 945 2897 et
972 2844 1231 2911 subiectio
1252 2860 1266 2897 :
1289 2842 1651 2897 involuntaria
1674 2841 1905 2901 scilicet,
1935 2854 2135 2893 secun-

562 2935 689 2988 dum
728 2950 889 3003 quam
941 2950 1130 2989 onmcs
1178 2948 1370 2989 sumus
1412 2933 1553 2987 servi
1594 2933 1707 2995 Dei,
1748 2933 1909 2985 etiam
1956 2931 2130 2996 inuiti,

563 3021 1017 3091 quemadmodum
1074 3031 1130 3076 et
1185 3022 1457 3075 daemones
1504 3020 1652 3091 ipsi:
1699 3030 1753 3074 et
1806 3020 2132 3081 voluntaria,

564 3114 869 3182 quodmodo
906 3113 1098 3167 Paulus
1145 3124 1265 3167 erat
1315 3128 1505 3167 servus
1543 3113 1776 3167 Christi.
1823 3112 1955 3167 Cum
1985 3111 2135 3181 prius

564 3206 743 3267 omnia
764 3206 930 3259 solam
956 3206 1323 3260 obedientiam
1342 3203 1758 3258 iuvoluntariam
1793 3203 2134 3267 exhiberem,

568 3305 623 3349 et
656 3295 912 3350 Salvator
944 3297 1183 3349 omnium
1217 3303 1541 3364 potestatem
1591 3295 1744 3363 quasi
1800 3294 2135 3347 dimidiatam

570 3384 824 3439 haberet:
848 3396 965 3453 post
991 3399 1229 3449 crucem,
1252 3400 1371 3439 cum
1400 3383 1491 3438 Dei
1518 3384 1758 3454 cognitio
1779 3385 2139 3438 innotesceret

569 3476 840 3542 omnibus,
876 3478 1063 3530 habuit
1093 3479 1256 3530 etiam
1279 3476 1587 3531 voluntarie
1613 3476 1925 3530 obeilicntes
1952 3490 2138 3530 omnes

569 3567 663 3634 qui
702 3566 929 3634 subjecti
964 3565 1199 3620 fuerunt.
1230 3565 1420 3620 Merito
1473 3565 1635 3635 igitur
1669 3566 1800 3619 dicit
1853 3565 2136 3619 Christus:

571 3653 723 3708 Nunc
763 3657 945 3720 accepi
984 3664 1301 3722 potestatem
1343 3670 1589 3708 omnem:
1620 3655 1767 3722 prius
1814 3657 1958 3709 enim
2012 3671 2139 3723 par-

573 3746 729 3800 tlaria
766 3757 1002 3813 potestas
1034 3747 1160 3799 mihi
1201 3757 1337 3809 erat,
1373 3763 1438 3801 eo
1471 3750 1608 3815 quod
1641 3758 1835 3815 praeter
1885 3748 2138 3802 volunta-

576 3847 682 3891 tem
709 3836 839 3889 mibi
875 3836 1034 3891 veluti
1054 3834 1242 3889 {actori
1263 3837 1605 3891 serviebant:
1635 3852 1777 3891 nunc
1812 3846 1987 3891 autem
2018 3853 2139 3892 cum

578 3928 821 3982 homines
850 3936 1039 3995 sponte
1061 3937 1117 3980 ct
1135 3928 1380 3981 'scientes
1413 3928 1542 3980 mihi
1582 3927 1847 3991 serviant,
1882 3929 2056 3983 omnis
2089 3938 2144 3983 et

587 4018 793 4087 integra
826 4028 1065 4085 potestas
1106 4019 1234 4071 mihi
1270 4021 1393 4073 data
1445 4028 1547 4073 est.
1579 4019 1624 4071 Λ
1654 4035 1760 4089 quo
1798 4029 1975 4074 autem
2022 4022 2141 4073 data

576 4119 661 4162 est
686 4108 803 4163 illi?
836 4106 1066 4162 Omnino
1096 4124 1123 4160 a
1155 4110 1441 4177 semetipso
1484 4109 1693 4174 habuit,
1729 4122 1782 4164 et
1824 4127 1920 4164 sua
1969 4112 2145 4164 Immi-

578 4196 748 4251 litate.
776 4196 890 4251 Nisi
914 4201 1055 4251 enim
1100 4200 1412 4253 humiliatus
1455 4200 1668 4263 luisset,
1712 4212 1766 4255 et
1822 4218 2145 4272 congressus

576 4300 699 4341 cum
730 4288 1042 4341 adversario
1070 4303 1165 4355 per
1194 4303 1431 4352 crucem,
1473 4306 1578 4343 non
1621 4292 1880 4347 salvasset
1928 4271 2045 4347 nos.
2079 4294 2147 4347 Et

576 4376 657 4430 sic
681 4376 933 4444 intellige,
959 4376 1121 4430 «Data
1145 4379 1374 4447 esthnihi
1394 4380 1569 4433 omnis
1586 4390 1873 4449 potestas,»
1912 4382 2147 4452 Propriis

581 4468 717 4522 meis
746 4469 1135 4523 certaminibus
1160 4482 1211 4524 et
1241 4470 1519 4527 laboribus
1545 4476 1752 4526 servavi
1788 4475 1945 4545 167
1974 4476 2147 4529 homi-

2224 2025 2495 2092 εκύνησαν
2531 2023 2680 2091 αὑτῷ
2707 2036 2719 2050 ·
2752 2014 2899 2073 οὗτοι
2934 2020 2989 2072 δέ
3028 2021 3079 2071 οι
3120 2019 3605 2089 προσκυνήσαντες
3644 2020 3705 2071 ἐν
3741 2020 3805 2087 τῇ

2224 2117 2506 2185 Γαλιλαίᾳ,
2542 2115 2832 2167 ἐδίστασαν
2886 2112 3151 2181 πρότερον
3194 2113 3251 2163 ἐν
3290 2113 3357 2180 τῇ
3398 2108 3799 2180 Ἰερουσαλὴμ,

2224 2209 2300 2269 ὡς
2325 2209 2353 2259 6
2390 2206 2601 2267 Λουκᾶς
2632 2222 2819 2274 φησιν.
2863 2202 3155 2273 Ἐλάλησεν
3183 2197 3278 2254 οὖν
3304 2202 3487 2265 αὐτοῖς
3517 2205 3545 2254 6
3582 2202 3812 2272 Ἰησοῦς,

2224 2298 2333 2349 ὅτι(
2358 2294 2544 2362 Ἐδόθη
2570 2295 2825 2363 μοιπᾶσα
2852 2292 3070 2359 ἐξουσία
3088 2295 3144 2344 ἐν
3171 2292 3493 2362 οὑρανιῖιήὶ
3514 2292 3609 2345 ἐπὶ
3642 2293 3745 2359 γῆς
3762 2309 3808 2345 .s

2229 2386 2399 2439 Τοῦτο
2453 2385 2509 2438 δέ
2542 2385 2784 2438 τοιοῦτόν
2814 2386 2987 2437 ἐστιν’
3030 2379 3187 2452 Εἶχον
3216 2384 3316 2452 μὲν
3341 2383 3415 2446 ὡς
3439 2381 3572 2445 Θεὸς
3595 2384 3692 2435 καὶ
3716 2386 3816 2450 Δη-

2232 2477 2489 2548 μιουργὸς
2532 2477 2630 2545 τὴν
2654 2474 2901 2539 ἐξουσίαν
2950 2476 3191 2535 πάντων,
3226 2491 3245 2525 ι
3282 2474 3367 2527 Ta
3389 2472 3687 2541 σύμπαντα
3711 2473 3817 2541 γὰρ

2228 2568 2393 2621 δοῦλα
2430 2568 2526 2632 σὰ,
2571 2586 2588 2618 ι
2630 2567 2765 2635 πρὸς
2804 2566 2896 2618 τὸν
2924 2565 3057 2619 Θεόν
3083 2581 3249 2635 φησιν
3278 2567 3307 2617 6
3336 2562 3519 2616 Δαυῑδ’
3547 2563 3691 2616 ἀλλὰ
3721 2564 3816 2634 τὴν

2232 2658 2477 2710 ἑκούσιον
2523 2657 2805 2727 ὑποταγὴν
2850 2656 2952 2708 οὐκ
2998 2652 3168 2724 εἶχον.
3216 2655 3330 2708 Νῦν
3380 2653 3473 2707 οῦν
3503 2654 3689 2723 μέλλω
3727 2656 3816 2708 καὶ

2232 2746 2435 2813 ταύτην
2474 2746 2636 2809 ἓξειν·
2678 2746 3115 2814 ὑποταγήσονται
3164 2744 3271 2816 γάρ
3334 2762 3425 2814 μοι
3481 2746 3549 2798 τὰ
3617 2744 3812 2799 πάντα·

2235 2840 2355 2889 ἐπεὶ
2392 2838 2480 2888 διὰ
2528 2835 2621 2888 τοῦ
2675 2838 2913 2907 σταυροῦ
2944 2836 3171 2905 ἐνίκησα
3198 2837 3289 2888 τὸν
3315 2836 3378 2889 τὸ
3407 2837 3608 2907 κράτος
3630 2836 3820 2905 ἔχοντα

2233 2928 2327 2980 τοῦ
2373 2928 2628 2982 θανάτου.
2665 2930 2831 2998 Atrei;
2864 2930 2971 3000 γάρ
3014 2930 3161 2981 ἐστιν
3199 2929 3233 2999 η
3296 2928 3600 2997 ὑποταγήσ·
3644 2933 3680 2999 ὴ
3724 2930 3819 3000 μὲν

2235 3020 2513 3083 ἀκούσιος,
2548 3020 2683 3073 καθὸ
2730 3023 2931 3083 πάντες
2977 3019 3155 3073 δοῦλοι
3202 3019 3297 3073 τοῦ
3351 3018 3487 3072 Θεοῦ
3522 3022 3699 3090 ἐσμεν
3727 3021 3820 3073 καὶ

2237 3112 2485 3174 ἄκοντες,
2517 3110 2709 3181 ὥσπερ
2740 3112 2833 3163 καὶ
2856 3111 2907 3163 oi
2936 3111 3212 3181 δαίμονες⁸
3232 3113 3266 3179 ἡ
3289 3111 3348 3164 δέ
3392 3109 3666 3174 ἐκούσιος,
3688 3111 3821 3165 καθὸ

2163 3245 2208 3305 c
2244 3200 2452 3263 Παῦλος
2498 3201 2680 3262 δοῦλος
2736 3197 2806 3271 ἦν
2844 3201 3107 3271 Χριστοῦ.
3169 3202 3437 3273 Πρότερον
3471 3203 3570 3272 μὲν
3604 3202 3701 3256 οῦν
3727 3202 3823 3275 τὴν

2251 3294 2503 3346 ἀκούσιον
2548 3293 2716 3362 μόνην
2748 3292 3031 3362 ὑποταγὴν
3066 3292 3298 3361 ἐχόντων
3335 3294 3574 3358 πάντων,
3608 3294 3671 3358 ἐξ
3698 3296 3827 3365 ἡμι-

2250 3385 2418 3447 σείας,
2446 3384 2637 3453 ὥσπερ
2687 3380 2833 3451 εἶχεν
2872 3386 2900 3435 6
2931 3383 3123 3453 Σωτὴρ
3150 3384 3250 3452 τὴν
3287 3385 3502 3437 πάντων
3543 3385 3822 3458 ἐξουσίαν’

2251 3476 2385 3544 μιτά
2406 3476 2461 3527 δὲ
2492 3475 2583 3526 τὸν
2616 3474 2868 3544 σταυρὸν,
2900 3473 2999 3542 τῆς
3037 3471 3366 3540 θεογνωσίας
3402 3476 3831 3547 ἐφαπλωθείσης

2249 3567 2423 3628 πᾶσι,
2490 3567 2583 3619 καὶ
2641 3566 2739 3635 τὴν
2798 3564 3045 3618 ἑκούσιον
3097 3565 3377 3636 ὑποταγὴν
3438 3568 3829 3636 ὑποταγέντων

2248 3660 2488 3724 πάντων,
2552 3660 2775 3721 είκότως
2814 3659 2979 3728 φησὶν
3034 3661 3062 3711 6
3090 3659 3345 3729 Χριστὸς,
3380 3661 3462 3713 ὅτι
3492 3660 3607 3714 Νῦν
3640 3661 3831 3717 ἔλαϐον

2252 3755 2428 3804 πᾶσαν
2463 3750 2561 3820 τὴν
2613 3749 2897 3814 ἐξουσίαν’
2955 3751 3216 3821 πρότερον
3268 3752 3367 3820 μὲν
3423 3751 3532 3821 γὰρ
3588 3755 3833 3822 μερικῶς

2252 3844 2467 3912 προσῆν
2500 3842 2649 3911 μοιη
2686 3841 2927 3907 ἐξουσία,
2956 3841 3030 3903 ὼς
3061 3842 3333 3904 ἀκουσίως
3369 3844 3527 3911 μόνον
3550 3843 3834 3897 δουλευόν-

2251 3951 2360 3987 των
2421 3948 2533 4003 μοι,
2580 3934 2714 3986 καθὸ
2763 3935 2993 4003 ποιητής
3022 3935 3157 4001 εἰμι’
3196 3934 3290 3985 νῦν
3320 3934 3375 3986 δέ
3404 3936 3499 3987 καὶ
3544 3936 3687 4004 μετά
3717 3938 3837 3990 ἐπι-

2252 4028 2505 4096 γνώσεως
2530 4028 2888 4081 δουλευόντων
2922 4045 3011 4097 μοι
3041 4027 3148 4081 τῶν
3190 4028 3516 4099 ἀνθρώπων,
3551 4033 3703 4084 πᾶσα
3742 4035 3836 4086 καὶ.

2253 4120 2547 4189 ὁλόκληρος
2585 4122 2617 4189 η
2650 4120 2865 4185 ἐξουσία
2894 4119 3049 4189 ἐδόθη
3086 4138 3195 4189 μοι.
3230 4121 3389 4191 Παρά
3418 4122 3560 4185 τίνος
3588 4119 3645 4175 δὲ
3677 4125 3836 4195 ἐδόθη

2255 4210 2403 4280 αὑτῷ
2430 4228 2444 4276 ;
2476 4212 2547 4263 ’Ἡ
2581 4212 2797 4272 πάντως
2851 4214 2982 4282 παρ’
3012 4212 3205 4264 ἐαυτοῦ
3252 4214 3345 4265 καὶ
3374 4212 3474 4282 τῆς
3507 4215 3717 4279 οἰκείας
3745 4234 3839 4269 τα-

2256 4302 2586 4365 πεινώσεως·
2620 4304 2668 4353 τί
2705 4303 2779 4373 μὴ
2817 4296 2925 4371 γὰρ
2975 4304 3317 4373 ἐταπεινώθη
3370 4306 3464 4359 καὶ
3519 4308 3839 4381 συνεπλάκη

2257 4395 2331 4463 τῷ
2356 4394 2635 4464 ἀντιπάλῳ
2664 4394 2751 4446 διὰ
2774 4394 2869 4449 τοῦ
2898 4395 3156 4467 σταυροῦ,
3188 4397 3289 4449 οὐκ
3329 4397 3397 4450 ἀν
3421 4396 3632 4451 ἔσωσεν
3663 4402 3832 4470 ἡμᾶς·

2259 4484 2397 4537 ὥστε
2417 4486 2475 4538 τὸ
2504 4505 2520 4537 ι
2548 4486 2733 4555 Ἐδόθη
2765 4503 2854 4555 μοι
2879 4488 3121 4553 ἐξουσία,
3151 4507 3170 4539 ι
3196 4488 3339 4542 οὕτω
3361 4490 3492 4543 νόει·
3522 4490 3617 4543 Ἐκ
3644 4493 3839 4547 τῶνοί-

583 4572 701 4625 nes,
728 4569 781 4611 et
807 4557 935 4613 facti
978 4569 1105 4613 sunt
1130 4561 1257 4613 mihi
1287 4562 1339 4615 in
1368 4573 1567 4616 sortem
1602 4575 1654 4617 et
1684 4566 2004 4631 peculiarem
2036 4582 2133 4635 po-

2259 4577 2429 4649 κείων
2488 4596 2587 4647 μου
2650 4577 2878 4646 ἀγώνων
2920 4578 3014 4631 καὶ
3065 4580 3461 4647 παλαισμάτων
3498 4582 3679 4637 ἔσωσα
3711 4588 3841 4648 τοὺς

583 4650 787 4716 pulum.
836 4648 1097 4705 Dominus
1144 4653 1329 4720 itaque
1375 4669 1536 4721 super
1585 4666 1783 4709 terram
1832 4669 2133 4725 potestaten

2256 4668 2601 4737 ἀνθρώπους,
2640 4668 2736 4720 καὶ
2766 4670 3145 4740 περιεγένοντό
3180 4688 3269 4741 μοι
3297 4669 3485 4725 λοιπὸν
3519 4672 3725 4743 κλῆρος
3748 4676 3841 4729 καὶ

585 4737 769 4801 habet,
802 4752 867 4792 eo
896 4742 1041 4806 quod
1075 4740 1248 4793 omnis
1274 4752 1417 4795 terra
1464 4746 1677 4811 agnos'it
1705 4747 1889 4802 illum:
1925 4749 1978 4800 in
2012 4749 2156 4804 coelo

584 4838 786 4893 autem,
822 4842 888 4882 eo
924 4832 1068 4897 quod
1096 4846 1302 4886 merces
1332 4848 1394 4887 ac
1431 4836 1793 4903 municipatus
1824 4839 2038 4893 illorum
2065 4842 2157 4908 qui

585 4920 814 4973 credunt
842 4920 893 4973 in
913 4921 1050 4976 caelo
1074 4930 1179 4975 est.
1208 4924 1298 4977 Vel
1349 4926 1512 4978 etiam
1558 4927 1737 4992 aliter,
1762 4931 1888 4997 quia
1919 4931 2148 4986 humana

586 5017 775 5061 natura
828 5010 977 5076 prius
1014 5012 1395 5076 condemnata,
1446 5030 1591 5069 nunc
1632 5018 1778 5070 unita
1840 5020 1929 5073 Dei
1986 5021 2160 5077 Verbo

588 5099 947 5165 personaliter
974 5101 1029 5154 in
1083 5100 1222 5153 cmlo
1255 5106 1428 5165 sedet,
1454 5114 1506 5157 ct
1540 5106 1606 5159 ab
1644 5108 1849 5175 angelis
1882 5110 2159 5179 aduratur,

590 5189 784 5242 merito
801 5189 966 5242 dicit:
998 5189 1157 5242 «Data
1176 5195 1599 5250 estmibiomnis
1628 5202 1941 5265 potestasin
1962 5204 2155 5258 ecelo.»

590 5275 801 5330 Etenim
850 5277 1082 5331 humana
1127 5291 1318 5334 natura
1366 5284 1515 5351 prius
1564 5288 1856 5356 serviebat,
1912 5309 2053 5348 nunc
2107 5297 2160 5350 in

590 5365 809 5421 Christo
855 5368 1081 5436 imperat
1115 5374 1383 5428 omnibus.
1412 5373 1655 5431 Breviter
1706 5381 1867 5450 igitur
1889 5384 1971 5439 sic
2007 5387 2159 5441 intel-

590 5457 727 5527 lige:
754 5476 775 5508 ι
806 5457 938 5511 Data
964 5468 1046 5513 est
1072 5462 1194 5514 mihi
1214 5465 1389 5518 omnis
1421 5476 1674 5535 potestas.
1708 5489 1726 5521 ι
1753 5472 1951 5542 Nempe
1978 5479 2019 5529 si
2046 5487 2159 5531 tan-

592 5562 749 5616 quam
767 5563 796 5600 a
816 5548 907 5601 Dei
943 5546 1112 5602 Verbo
1131 5552 1325 5606 dictum
1346 5556 1603 5624 accipias,
1628 5560 1702 5613 sic
1720 5562 1953 5635 intellige
1976 5585 2018 5620 ξι
2035 5568 2162 5624 Data

595 5650 676 5695 est
703 5641 831 5694 mihi
856 5643 1035 5696 omnis
1062 5653 1316 5712 potestas,
1346 5672 1362 5700 ι
1396 5665 1457 5705 co
1481 5655 1621 5720 quod
1642 5655 1877 5713 volentes
1903 5668 1956 5714 et
1976 5663 2164 5719 nolen—

667 5817 711 5850 "
741 5816 881 5875 Psal.
909 5836 1099 5889 ρινιιι,
1137 5824 1228 5878 9|.

2256 4760 2567 4829 περιούσιος
2597 4760 2742 4820 λαός.
2780 4760 2907 4812 Ἐπὶ
2943 4761 3043 4831 γῆς
3083 4764 3181 4829 μὲν
3214 4757 3307 4814 οῦν
3333 4763 3444 4831 ἔχει
3464 4762 3562 4833 τὴν
3588 4763 3843 4828 ἐξουσίαν

2254 4853 2282 4902 ό
2321 4850 2546 4918 Κύριος,
2578 4850 2713 4903 καθὸ
2740 4853 2887 4904 πᾶσα
2914 4853 2947 4922 η
2971 4855 3040 4920 γῆ
3078 4852 3294 4920 ἐπέγνω
3324 4855 3509 4909 αὐτόν·
3540 4858 3597 4909 ιν
3624 4858 3843 4930 οὐρανῷ

2258 4940 2336 5005 δὲ,
2386 4941 2520 4993 διότι
2575 4943 2602 4994 6
2653 4942 2842 5011 μισθὸς
2876 4942 2986 4995 τῶν
3026 4946 3395 4998 πιστευόντων
3442 4946 3590 5016 αὑτῷ
3639 4952 3736 5002 καὶ
3782 4952 3843 5004 τὸ

2266 5031 2586 5100 πολίτευμα,
2614 5033 2672 5084 ὲν
2696 5035 2945 5102 οὐρανοῖς
2983 5035 3240 5104 ὑπάρχειο
3271 5037 3365 5089 καὶ
3385 5036 3493 5108 γὰρ
3522 5038 3616 5090 καὶ
3642 5039 3839 5105 ἄλλως,

2262 5123 2381 5175 ἐπεὶ
2412 5126 2443 5192 ἡ
2470 5124 2782 5195 ἀνθρωπίνη
2817 5124 2979 5194 φύσις
3014 5127 3047 5195 ἡ
3100 5126 3291 5197 πρώην
3329 5129 3683 5200 κατάκριτος,
3715 5148 3842 5185 συν-

2258 5214 2480 5284 ημμένη
2542 5216 2621 5285 τῷ
2661 5216 2783 5286 θεῷ
2821 5218 2979 5288 Λόγῳ
3025 5218 3150 5271 καθ’
3184 5220 3502 5287 ὑπόστασιν,
3542 5223 3600 5276 ἐν
3628 5226 3843 5296 οὐρανῴ

2262 5305 2498 5374 κάθηται
2536 5307 2627 5358 ὑπ’
2678 5308 2930 5375 ἀγγέλων
2961 5312 3437 5382 προσκυνουμένψ
3468 5316 3698 5379 εἰκότως
3732 5335 3841 5388 φη·

2259 5400 2363 5458 σίν,
2392 5396 2472 5447 ὅτι
2506 5415 2524 5446 ι
2552 5396 2742 5467 Ἐδόθη
2772 5415 2862 5467 μοι
2889 5400 3038 5452 πᾶσα
3081 5399 3300 5463 ἐξουσία
3326 5404 3382 5453 ἐν
3423 5405 3661 5473 οὐρανῷ·
3701 5425 3721 5458 s
3754 5409 3848 5462 καὶ

2266 5484 2426 5553 γὰρὴ
2456 5487 2771 5557 ἀνθρωπίνη
2805 5488 2966 5555 φύσις
2995 5492 3025 5556 ἠ
3061 5490 3251 5559 πρώην
3277 5491 3626 5556 δουλεύουσα,
3659 5496 3754 5547 νῦν
3788 5500 3843 5549 ἐν

2267 5575 2491 5644 Χριστῷ
2525 5576 2683 5645 ἄρχει
2715 5578 2953 5630 πάντων.
2993 5577 3275 5630 Συνελόντι
3328 5576 3421 5631 οὖν
3478 5582 3669 5648 (privat,
3704 5584 3845 5636 οὕτω

2268 5666 2376 5719 νόει
2407 5668 2491 5732 τὸ,
2527 5687 2544 5719 ι
2602 5668 2785 5736 Ἐδόθη
2822 5686 2909 5739 μοι
2943 5672 3093 5724 πᾶσα
3144 5670 3365 5735 ἐξουσία
3389 5689 3404 5704 ο
3456 5692 3473 5723 ι
3521 5676 3571 5726 si.
3639 5678 3738 5742 μὲν
3770 5678 3843 5739 ὡς
