4028 6632
184 526 294 593 485

755 526 1207 588 ENARRATIO
1243 525 1325 588 IN
1361 525 1872 589 EVANGELIUM
1907 527 2302 590 MATTH/EI.
2345 554 2416 566 -
2454 530 2614 593 CAP.
2651 528 2937 594 XXVIII.

3375 529 3482 605 4&6

185 643 296 699 ἀπὸ
316 639 411 696 τοῦ
436 641 576 696 Θεοῦ
603 641 782 709 Λόγου
809 641 1105 711 λεγόμενον
1135 640 1411 704 ἐκλάδοις,
1443 640 1528 694 ὅτι
1551 658 1570 693 ι
1592 639 1780 713 Ἐδόθη

1890 651 1970 698 tes
2002 657 2088 698 me
2117 642 2289 698 Deum
2321 659 2465 700 nunc
2501 655 2826 714 agnoscunt,
2869 641 3144 714 qui'prius
3194 641 3326 698 mihi
3364 660 3483 701 ser-

190 751 283 806 μοι
315 735 351 803 ὴ
380 735 528 787 πᾶσα
549 730 791 797 ἐξουσία,
833 749 851 782 ι
895 731 1032 784 καθὸ
1056 731 1151 784 καὶ
1182 731 1409 793 ἄκοντες
1432 730 1529 785 καὶ
1557 730 1778 794 ἑκόντες

189 826 286 880 νῦν
307 823 736 893 ὲπιγινώσκουσί
771 840 842 893 με
877 823 1036 886 θεὸν,
1059 823 1108 875 ot
1146 822 1341 892 πρώην
1379 823 1524 876 κατὰ
1555 823 1649 876 τὸν
1678 823 1779 893 τῆς

188 916 444 972 ἀκουσίου
493 917 775 985 ὑποταγῆς
831 914 1038 986 τρόπον
1089 913 1436 977 δουλεύοντες
1481 929 1594 983 μοι’
1643 914 1693 966 εί
1721 913 1778 966 δὲ

188 1009 265 1073 ὡς
308 1008 416 1062 ἀπὸ
467 1008 569 1076 τῆς
612 1006 967 1076 ἀνθρωπίνης
1019 1005 1237 1075 φύσεως
1287 1005 1603 1075 λεγόμενον,
1635 1003 1779 1058 οὕτω

187 1100 321 1165 νόει,
362 1100 443 1152 δτι
482 1098 626 1167 Ἐγὼ
651 1099 683 1168 ἠ
712 1096 903 1169 πρώην
945 1097 1276 1168 κατάκριτος
1307 1096 1508 1164 φύσις,
1542 1097 1686 1150 κατὰ
1722 1095 1781 1149 δὲ

183 1192 293 1261 τὴν
329 1192 465 1262 πρὸς
502 1189 594 1242 τὸν
634 1189 762 1242 Υίὸν
795 1188 892 1241 τοῦ
923 1188 1060 1241 Θεοῦ
1089 1186 1396 1258 ἀσύγχυτον
1425 1188 1621 1242 ἕνωσιν
1647 1186 1789 1250 Θεὸς

188 1282 364 1346 οὖσα,
411 1279 603 1333 ἔλαϐον
649 1278 750 1349 τὴν
803 1277 1056 1345 ἑξουσξαν
1120 1277 1265 1331 κατὰ
1318 1278 1539 1332 πάντων
1567 1317 1581 1339 ,
1637 1276 1778 1330 ὥστε

186 1371 616 1446 προσκυνεῖσθαι
651 1371 743 1423 ὑπ’
779 1369 1036 1440 ἀγγέλων
1067 1370 1126 1422 ὲν
1151 1368 1392 1440 οὐρανῷ,
1429 1371 1519 1421 καὶ
1551 1357 1646 1422 ἐπὶ
1673 1370 1780 1437 γῆς

185 1465 510 1531 δοξάζεσθαι
555 1465 661 1517 ὑπὸ
705 1463 816 1516 τῶν
865 1462 1122 1531 περάτων
1156 1462 1394 1515 πάντων.
1430 1461 1778 1515 Ἀποστέλλει

184 1557 280 1611 οῦν
302 1557 431 1621 τοὺς
465 1555 715 1626 μαθητὰς
773 1555 875 1608 οὐκ
907 1554 989 1608 ῑτι
1025 1553 1161 1623 πρὸς
1192 1554 1321 1616 τοὺς
1353 1554 1644 1616 Ἰουδαίους
1680 1554 1780 1622 μό-

183 1665 333 1710 νους,
370 1646 485 1700 ἀλλ’
522 1645 645 1699 ἐπεὶ
678 1645 899 1698 πάντων
940 1644 1102 1698 ἔλασε
1136 1644 1238 1715 τὴν
1286 1645 1560 1711 ὲξουσίαν,
1596 1647 1778 1698 πᾶσαν

184 1741 286 1811 τὴν
321 1738 673 1810 ἀνθρωπίνην
719 1735 884 1806 φύσιν
932 1737 1169 1805 ἁγιάσας
1212 1739 1268 1790 ὲν
1315 1737 1518 1808 ἑαυτῷ,
1550 1738 1776 1820 είκδὸτως

191 1832 336 1900 πρὸς
370 1830 546 1883 πάντα
595 1833 663 1883 τὰ
710 1828 840 1899 ἔθνη
874 1828 1122 1898 πέμπει,
1157 1829 1544 1898 ἐντειλάμενος
1581 1830 1779 1900 βαπτί-

185 1923 305 1988 ζειν
335 1923 414 1984 είς
439 1920 498 1974 τὸ
525 1921 695 1988 δνομῖα
719 1919 814 1972 τοῦ
844 1920 1085 1989 Πατρδς,
1121 1920 1333 1973 καὶτοῦ
1367 1920 1523 1986 Υίοῦ,
1555 1922 1652 1974 καὶ
1683 1919 1776 1974 τοῦ

1881 730 2101 786 viebant
2150 732 2530 788 involuntariaa
2564 733 2896 790 obedientize
2958 736 3139 788 modo.
3184 731 3240 788 Si
3297 746 3476 787 autem

1882 823 1951 878 de
1985 824 2220 878 ltumana
2271 835 2466 878 natura
2496 826 2722 891 dicitur,
2753 827 2834 881 sic
2873 825 3153 893 intellige:
3186 826 3294 892 Ego
3326 843 3474 885 ι-ι-ημ

1882 915 2240 969 condemnata
2264 925 2478 980 natura,
2498 933 2560 969 ex
2573 918 2775 971 sistens
2795 928 2980 970 autem
3011 916 3152 971 Deus
3179 919 3418 971 secundu

1883 1006 2138 1059 unionem
2157 1007 2223 1058 ad
2249 1006 2438 1060 Filium
2465 1007 2556 1060 Dei
2579 1008 2782 1076 absque
2806 1016 3120 1062 naturarum
3141 1007 3331 1060 murus
3356 1031 3400 1056 «ι.
3430 1035 3455 1052 .-

1882 1097 2066 1164 accepi
2103 1106 2428 1165 p0Iestatem
2463 1112 2631 1165 super
2654 1099 2861 1162 omnia,
2896 1099 2970 1155 ita
3001 1108 3059 1162 ut
3081 1110 3134 1151 et
3167 1102 3235 1149 at»
3261 1115 3364 1166 aug
3391 1105 3417 1152 ei

1881 1183 1934 1237 in
1959 1183 2101 1239 coelo
2131 1186 2350 1250 adorer,
2386 1196 2441 1239 et
2471 1201 2634 1255 super
2664 1196 2861 1241 terram
2890 1190 2959 1241 ab
2985 1187 3234 1240 omn:bn~
3270 1190 3358 1248 lini
3402 1203 3434 1240 ιι

1885 1283 2045 1329 terra:
2095 1276 2394 1344 glorificer.
2427 1276 2700 1331 Caeterum
2751 1278 3032 1346 apostolus
3089 1293 3194 1330 non
3250 1279 3363 1346 jam
3407 1287 3471 1332 att

1881 1366 2028 1421 solos
2076 1365 2292 1422 Judkeos
2339 1368 2544 1422 mittit:
2599 1369 2693 1423 sed
2729 1371 2855 1437 quia
2894 1384 3109 1423 oiunetn
3147 1379 3472 1438 potestatem

1882 1457 2116 1524 accepit,
2151 1471 2484 1526 omnemque
2520 1460 2812 1511 humanam
2852 1469 3106 1512 naturam
3167 1461 3477 1513 sanetitlca-

1881 1549 1959 1600 vit
1983 1549 2034 1601 in
2066 1549 2246 1618 seipso
2269 1588 2283 1614 ,
2321 1549 2520 1603 merito
2545 1549 2611 1601 ad
2630 1565 2820 1603 omnes
2844 1562 3038 1618 gentes
3065 1548 3257 1613 mittit,
3289 1551 3446 1615 praoci

1884 1640 2038 1709 piens
2063 1640 2416 1709 baptizarein
2442 1643 2665 1696 nomine
2691 1641 2890 1705 Patris,
2909 1651 2963 1696 et
2986 1641 3131 1708 Filii,
3165 1654 3218 1696 et
3238 1641 3478 1710 Spiritus

1883 1735 2082 1786 saneti.
2141 1732 2560 1788 Confundantur
2604 1733 2770 1788 Arius
2818 1744 2872 1788 et
2949 1735 3265 1789 Satellius:
3307 1736 3474 1788 Arius

1881 1823 2122 1890 quidem,
2157 1839 2222 1877 eo
2265 1825 2411 1893 quod
2441 1823 2694 1880 Christus
2726 1839 2834 1878 non
2858 1823 3021 1894 jussit
3079 1825 3130 1877 in
3163 1826 3477 1878 nominibus

1885 1912 2186 1980 baptizare,
2206 1913 2300 1966 sed
2321 1914 2372 1966 in
2397 1918 2644 1968 nomine.
2672 1911 2876 1967 Nomen
2901 1924 3080 1967 autem
3099 1906 3261 1966 trium
3283 1930 3474 1978 unum,

184 2014 349 2079 ἁγίου
403 2013 748 2082 Πνεῦματος.
784 2012 1241 2082 Αίσχύνεσθωσαν
1280 2009 1373 2065 οὖν
1425 2013 1644 2081 ’Ᾱρειος
1684 2013 1778 2068 καὶ

1886 2017 2078 2072 nempe
2127 2005 2323 2059 deitas.
2382 2005 2533 2060 Unus
2581 2006 2746 2076 igitur
2804 2005 2973 2070 Deus,
3030 2006 3478 2060 tres._Sahellius

181 2105 498 2168 Σαὸέλλιοςο
529 2107 750 2176 Ἀρειος
783 2105 902 2174 μὲν,
943 2104 1065 2159 καθ’
1100 2105 1128 2157 δ
1171 2105 1271 2157 οὐκ
1307 2101 1459 2157 εἶπεν
1488 2107 1515 2157 ό
1540 2105 1779 2175 Χριστὸς

181 2202 264 2261 είς
296 2198 366 2252 τὰ
397 2200 639 2267 ὀνόματα
677 2196 984 2268 βαπτίζειν,
1027 2195 1143 2248 ἀλλ’
1174 2197 1254 2260 είς
1294 2196 1354 2249 τὸ
1385 2196 1578 2266 ὅνομα’
1606 2195 1779 2265 ὄνομα

184 2289 245 2341 δὲ
291 2291 403 2342 τῶν
449 2289 618 2357 τριῶν
670 2287 803 2355 ἓν,ή
847 2287 1066 2357 θεότηςο
1111 2283 1192 2350 εἷς
1227 2286 1319 2340 οὖν
1357 2286 1489 2350 Θεὸς
1528 2288 1598 2340 τὰ
1628 2287 1776 2357 τρία.

180 2379 476 2441 Σασέλλιος
536 2378 618 2444 δὲ,
676 2378 798 2432 καθ’
856 2379 884 2431 δ
943 2380 1037 2432 καὶ
1096 2379 1206 2431 τῶν
1259 2381 1426 2449 τριῶν
1464 2379 1778 2451 προσώπων

180 2471 436 2542 ἐμνήσθη
466 2474 494 2524 ό
524 2471 750 2542 Κύριος,
784 2472 884 2541 οὐχ
938 2472 1056 2533 ἑνὸς
1108 2471 1429 2541 προσώπου,
1461 2472 1534 2533 ὼς
1570 2475 1778 2534 ἐκεῖνος

177 2564 519 2634 ὲμφλυάρει,
555 2562 622 2615 τὰ
644 2564 773 2633 τρία
811 2564 1053 2632 ὀνόματα
1089 2563 1326 2632 ἔχοντος,
1367 2566 1461 2618 καὶ
1516 2565 1647 2617 ποτὲ
1681 2564 1779 2633 μὲν

179 2654 529 2722 καλουμένου
567 2654 806 2722 Πατρὺς,
858 2655 988 2707 ποτὲ
1029 2655 1084 2707 δὲ
1137 2655 1293 2720 Υῖοῦ,
1324 2655 1457 2708 ποτὲ
1495 2655 1552 2707 δὲ
1605 2655 1779 2708 Πνεῦ-

183 2764 362 2817 ματος
393 2763 407 2777 ·
452 2745 591 2799 ἀλλὰ
642 2747 810 2816 τριῶν
865 2747 1064 2815 μᾶλλον
1124 2747 1432 2818 προσώπων
1492 2749 1549 2800 ἒν
1607 2749 1780 2818 δνομα

179 2841 442 2910 ἑχόντων,
478 2837 540 2891 τὸ
588 2838 741 2900 Θεόζ.
790 2834 925 2892 Εἶτα
967 2841 1088 2892 ἐπεὶ
1141 2840 1240 2892 οὐκ
1271 2842 1433 2910 ἀρκεῖ
1477 2841 1536 2892 τὸ
1589 2841 1782 2910 βαπτι-

181 2932 387 3002 σθῆναι
428 2930 612 2999 μόνον,
645 2930 781 2983 ἀλλὰ
833 2931 916 2983 δεῖ
963 2934 1058 2983 καὶ
1108 2930 1442 3002 ἑργάζεσθαι
1469 2932 1529 2986 τδ
1569 2932 1780 3001 ἀγαθὸν

183 3023 336 3094 μετὰ
366 3022 427 3074 τὸ
458 3021 767 3092 βάπτισμα,
797 3021 952 3090 φησί’
989 3021 1342 3084 Διδάσκοντες
1373 3010 1569 3085 αὖτοὺς
1590 3025 1779 3092 τηρεῖν

182 3117 371 3168 πάντα
426 3115 527 3166 ὅσα
585 3097 940 3183 έιετειλάμην
999 3114 1148 3183 ὑμῖν,
1181 3114 1282 3166 οὐκ
1329 3113 1388 3166 ἓν
1419 3115 1450 3184 ἢ
1481 3114 1596 3174 δύο.
1643 3115 1780 3167 ἀλλὰ

179 3209 370 3261 πάντα
409 3206 476 3259 τὰ
533 3205 851 3275 ὲντάλματά
908 3221 1032 3274 μου.
1063 3205 1351 3274 Φρίξωμεν
1383 3203 1498 3268 οὖν,
1537 3205 1776 3275 ἀδελφοὶ,

180 3298 505 3360 ἐννοοῦντες
535 3299 618 3351 ὅτι
649 3300 746 3350 ἐὰν
775 3297 834 3350 ἓν
859 3296 1024 3369 λείπῃ
1055 3299 1209 3368 ἡμῖν,
1241 3295 1552 3367 οῦκ,ὲσμεν
1579 3299 1776 3352 τέλειοι
1804 3337 1848 3396 c

175 3389 365 3444 δοῦλοι
409 3388 504 3440 τοῦ
549 3387 809 3456 Χριστοῦ.
848 3388 1036 3440 Πάντα
1077 3389 1185 3456 γὰρ
1248 3388 1639 3457 ἁπαιτούμεθα
1674 3405 1779 3456 tgu-

176 3483 427 3537 λάττειν.
463 3480 604 3550 Ὅρα
627 3481 683 3532 δὲ
716 3482 814 3548 τὴν
848 3480 944 3531 τοῦ
995 3479 1204 3550 Κυρίου
1235 3480 1493 3548 διάλεξιν,
1526 3480 1643 3544 πῶς
1672 3483 1780 3551 ἁμ-

176 3573 396 3640 φότιρα
434 3571 502 3624 τὰ
537 3570 808 3639 κεφάλαια
860 3571 953 3623 τοῦ
1012 3570 1448 3642 Χριστιανισμοῦ
1504 3573 1776 3644 περιέχει,

176 3661 473 3730 θεολογίαν
527 3664 624 3715 καὶ
692 3662 1004 3732 πρακτικὴν
1051 3664 1277 3733 ἀρετήν·
1305 3656 1478 3716 εἰπὼν
1509 3665 1607 3734 μὲν
1646 3667 1776 3736 γὰρ,

171 3757 268 3810 δτι
298 3755 380 3807 δεῖ
409 3754 696 3824 βαπτίζειν
719 3757 801 3816 εἰς
833 3753 896 3806 τὸ
914 3753 1088 3823 ὄνομα
1118 3755 1219 3823 τῆς
1255 3755 1506 3819 Τριάδος,
1533 3756 1629 3824 τὴν
1663 3756 1780 3809 οεο-

175 3847 380 3917 λογίαν
415 3849 550 3917 ἡμῖν
595 3847 935 3916 παρέδωκεν·
982 3846 1154 3899 είπὼν
1185 3847 1240 3900 δὲ
1284 3847 1559 3901 διδάσκειν
1594 3851 1684 3901 καὶ
1718 3850 1778 3902 τὸ

171 3944 284 4003 τὰς
322 3941 543 4002 ἐντολὰς
594 3943 801 4011 τηρεῖν,
863 3940 966 4006 τὴν
1027 3939 1345 4008 πρακτικὴν
1409 3941 1615 4011 ἀρετὴν
1643 3943 1778 4009 ἡμῖν

171 4038 542 4105 είσηγήσατο.
614 4029 1066 4102 Παραθαρῤύνων
1149 4030 1207 4083 δὲ
1283 4030 1526 4097 αὐτοὺς,
1588 4031 1778 4101 ἐπειδὴ

170 4124 523 4180 ἀπέστελλεν
565 4124 642 4185 είς
683 4122 811 4192 ἔθνη
854 4122 949 4174 καὶ
979 4123 1059 4184 είς
1095 4122 1311 4190 σφαγὰς
1344 4123 1438 4174 καὶ
1474 4123 1777 4199 κινδύνους,

170 4218 357 4288 φησὶν
391 4219 494 4278 ὃτι,
522 4215 614 4282 Μὴ
648 4213 928 4282 φοϐεῖσθεο
971 4213 1082 4280 ἐγὼ
1107 4213 1218 4284 γὰρ
1245 4214 1440 4283 ἔσομαι
1476 4213 1596 4284 μεθ’
1621 4215 1777 4283 ὑμῶν

167 4311 317 4379 ἄχρι
341 4308 442 4374 τῆς
486 4305 800 4366 συντελείας
836 4305 931 4356 τοῦ
965 4304 1181 4367 αἰῶνος.
1217 4306 1360 4374 Ὅρα
1389 4306 1445 4357 δὲ
1469 4308 1561 4358 καὶ
1594 4305 1774 4369 τοῦτο,

167 4401 304 4461 πῶς
329 4395 580 4468 ἐμνήσθη
608 4398 707 4464 τῆς
739 4394 1076 4459 συντελείας,
1103 4396 1192 4447 ἵνα
1214 4393 1552 4464 διαναστήσῃ
1578 4395 1776 4458 αὐτοὺς

167 4490 395 4561 μᾶλλον
449 4488 811 4558 καταφρονεῖν
853 4486 961 4539 τῶν
1009 4485 1220 4538 δεινῶν.
1259 4486 1350 4555 Μὴ
1406 4479 1775 4555 δυσχεράνητε

163 4583 317 4646 γάρ,
356 4575 510 4645 φησί·
558 4574 871 4626 συντέλειαν
916 4573 1096 4638 ἕξουσι
1139 4575 1352 4638 πάντα,
1395 4573 1504 4626 εἴτε
1551 4573 1774 4642 ἀλγεινὰ

1881 2111 2035 2158 vero,
2070 2111 2134 2150 eo
2159 2099 2300 2165 quod
2339 2100 2503 2152 trium
2533 2114 2889 2166 personarum
2925 2101 3171 2154 meminit
3196 2102 3474 2166 Dominus,

1882 2202 1992 2242 non
2024 2187 2186 2241 unius
2215 2203 2488 2256 personae,
2527 2191 2671 2245 sicut
2709 2191 2800 2245 ille
2831 2203 3067 2260 nugatur
3117 2192 3220 2245 tria
3256 2192 3474 2245 nomina

1883 2279 2087 2333 habere
2115 2281 2388 2344 eumdem,
2430 2289 2486 2336 ct
2525 2298 2667 2341 nunc
2707 2286 2891 2337 vocari
2929 2283 3167 2348 Putrem,
3208 2299 3352 2339 nunc
3385 2283 3478 2339 ιιί-

1882 2369 2034 2436 lium,
2082 2388 2226 2427 nunc
2274 2372 2537 2443 Spiritum
2590 2385 2880 2431 sanctum:
2927 2379 3020 2431 sed
3067 2388 3477 2447 tres_persona:

1883 2480 2050 2519 unum
2116 2468 2300 2536 potius
2348 2467 2554 2522 habent
2608 2484 2830 2533 nomen,
2873 2467 2968 2523 Dei
3019 2471 3246 2526 scilicet.
3277 2470 3480 2526 Deinde

1881 2559 2008 2625 quia
2054 2574 2159 2622 non
2193 2557 2396 2612 Sufﬁcit
2426 2559 2688 2629 baptizari
2727 2570 2964 2625 tantum,
2994 2561 3089 2616 sed
3121 2562 3287 2616 etiam
3338 2562 3478 2619 bene

1881 2640 2213 2717 Operandum
2237 2659 2320 2706 est
2341 2665 2464 2722 post
2500 2653 2787 2720 baptisma,
2817 2653 2987 2711 dicit:
3029 2672 3048 2706 ι
3085 2653 3354 2710 Docentes
3383 2669 3481 2710 eos

1882 2757 2103 2796 servare
2117 2744 2301 2797 omnia
2325 2759 2666 2813 quaecunque
2687 2747 2915 2824 praecepi
2945 2747 3116 2814 vobis,
3133 2765 3151 2799 ι
3182 2762 3288 2802 non
3310 2761 3477 2802 unum

1885 2835 1968 2889 vel
1995 2836 2123 2900 duo,
2151 2836 2245 2891 sed
2285 2837 2467 2891 omnia
2511 2841 2766 2892 mandata
2819 2854 2960 2894 mea.
2989 2838 3384 2896 Horrescatnus
3425 2847 3483 2895 et

1885 2929 2195 2990 timeamus,
2234 2926 2456 2995 fratres,
2483 2930 2666 2999 quiasi
2689 2947 2858 2985 unum
2882 2933 3040 2988 nobis
3062 2930 3346 2998 defecerit,
3372 2946 3480 2987 non

1882 3036 2068 3075 sumtis
2090 3022 2313 3092 perfecti
2338 3024 2476 3078 servi
2507 3022 2734 3078 Christi.
2761 3023 2956 3079 Omnia
2989 3029 3135 3080 enim
3171 3025 3472 3095 exiguntur

1884 3122 1945 3166 ut
1973 3125 2285 3169 serventur.
2317 3113 2452 3171 Vide
2482 3127 2664 3172 autem
2712 3113 2926 3171 Domini
2979 3131 3311 3182 sermonem,
3340 3130 3481 3186 quo-

1883 3205 2049 3259 modo
2083 3214 2375 3276 utrumque
2407 3208 2816 3263 Ultristianismi
2843 3219 3008 3278 caput
3036 3210 3475 3280 complectatur:

1885 3296 2362 3365 contetnplativam
2417 3306 2471 3352 et
2532 3299 2832 3367 practiram
2894 3300 3194 3354 virtuletn.-
3237 3298 3480 3355 Dicettdo

1884 3387 2102 3456 quidem
2135 3386 2278 3454 quod
2304 3396 2550 3453 oporteat
2583 3387 2852 3455 baptizari
2883 3387 2935 3441 in
2979 3380 3198 3442 nomine
3228 3388 3477 3443 Trinita-

1887 3479 1979 3540 tis.
2011 3478 2494 3545 contemplatiram
2534 3479 2691 3532 nobis
2727 3479 2986 3533 tradidit:
3017 3479 3249 3534 dicendo
3275 3471 3476 3536 autem

1884 3566 2026 3637 quod
2049 3577 2298 3636 oporteat
2322 3567 2520 3623 docere
2551 3579 2604 3624 et
2638 3571 2898 3622 mandata
2935 3578 3142 3635 tenere,
3173 3571 3475 3640 practicam

1885 3660 2206 3714 introduxit.
2260 3658 2560 3714 Confirmat
2607 3676 2824 3729 quoque
2874 3672 2930 3715 et
2970 3665 3175 3716 animat
3227 3663 3370 3731 illos,
3407 3678 3479 3720 eo

1885 3753 2026 3819 quod
2081 3756 2261 3805 mittat
2309 3752 2374 3804 ad
2423 3762 2638 3822 gentes,
2674 3765 2728 3807 et
2757 3755 2810 3808 in
2843 3770 3070 3808 mortem
3105 3771 3170 3810 ac
3200 3756 3464 3825 pericula,

1884 3843 2068 3896 dicens
2097 3861 2110 3896 :
2140 3842 2313 3897 Nolite
2333 3843 2556 3909 timere;
2583 3861 2684 3914 ego
2704 3848 2847 3899 enim
2875 3848 3152 3901 vobiscum
3187 3863 3481 3918 crocusque

1883 3936 1948 3986 ad
1973 3937 2503 3990 consummationem
2521 3938 2719 3992 saeculi.
2746 3936 2883 3991 Vide
2906 3949 2958 3991 et
3000 3939 3168 4006 istud,
3203 3941 3480 4009 quomodo

1885 4041 2091 4079 memor
2115 4025 2281 4080 fuerit
2306 4030 2813 4094 consummationis,
2843 4041 2900 4082 nt
2924 4032 3094 4102 magis
3118 4031 3237 4085 illos
3252 4032 3478 4099 excitet,

1883 4121 1949 4172 ad
1972 4120 2430 4174 contemnendum
2461 4121 2626 4192 163
2641 4122 2847 4189 gravia.
2867 4122 2943 4175 Ne
2967 4124 3232 4190 gravatim
3253 4123 3476 4181 feratis:

1881 4213 2044 4266 ﬁnem
2078 4214 2222 4265 cnim
2260 4213 2509 4267 habitura
2547 4226 2677 4269 sunt
2700 4217 2878 4268 omnia
2910 4218 3205 4280 mundana,
3232 4219 3352 4270 sive
3385 4232 3478 4271 as-

1881 4317 2010 4373 pera
2037 4304 2168 4368 sint,
2203 4305 2316 4357 sive
2346 4319 2602 4373 prospera
2633 4324 2646 4359 :
2671 4317 2836 4374 atque
2863 4307 2983 4359 ideo
3006 4321 3080 4359 ne.
3097 4308 3477 4363 succumbatis

1882 4397 1934 4449 in
1974 4397 2253 4449 adversis”:
2286 4408 2614 4464 pru~tcrcunt
2639 4400 2821 4452 enini:
2861 4415 3038 4468 neque
3070 4402 3347 4468 pmSperis
3384 4403 3481 4456 de-

1881 4489 2192 4556 cipiamini:
2249 4489 2408 4541 linem
2457 4491 2600 4541 enim
2645 4490 2900 4544 habitura
2945 4499 3094 4546 sunt.
3129 4490 3248 4545 Non
3300 4492 3474 4546 solum

1881 4590 2062 4632 autem
2104 4581 2205 4633 hoc
2241 4581 2506 4646 apo.~tolis
2553 4591 2634 4634 est
2667 4583 2956 4650 pollicitus,
2988 4584 3132 4651 quod
3172 4601 3295 4638 cum
3338 4587 3471 4652 ipsis

164 4665 295 4722 εἶεν
341 4666 609 4735 κοσμικὰ,
631 4666 741 4718 εῐτε
795 4664 999 4731 ἀγαθὰ,
1027 4663 1169 4717 ὥστε
1195 4667 1334 4734 μήτε
1360 4668 1470 4727 τοῖς
1505 4666 1774 4732 ἀλγεινοῖς

1887 4671 1979 4733 sit,
2012 4672 2103 4723 sed
2140 4672 2460 4738 simpliciter
2489 4671 2772 4740 disripulis
2817 4677 2929 4729 suis
2981 4675 3256 4729 omnibus.
3295 4676 3480 4743 Neque

165 4761 527 4825 ὑποπέσητε·
572 4757 941 4825 παρέρχονται
995 4755 1104 4823 γάρ
1135 4771 1149 4784 ·
1189 4760 1326 4824 μήτε
1385 4758 1496 4816 τοῖς
1553 4754 1778 4820 ἀγαθοῖς

163 4849 528 4919 ἀπατηθῆτε,
565 4847 948 4900 συντελοῦνται
1014 4851 1144 4916 γάρ.
1202 4848 1277 4899 Οὐ
1338 4847 1522 4916 μόνοις
1565 4846 1619 4898 δὲ
1664 4848 1778 4909 τοῖς

159 4939 510 5000 ἀποστόλοις
567 4937 727 4990 τοῦτο
786 4938 1078 5006 ὑπέσχετο,
1137 4938 1198 4990 τὸ
1259 4942 1502 4991 συνεῖναι
1569 4939 1774 5004 αὐτοῖς,

161 5031 446 5086 ἀλλὰκαὶ
479 5030 647 5081 πᾶσιν
706 5026 892 5089 ἁπλῶς
929 5030 1045 5090 τοῖς
1105 5027 1273 5081 αὑτοῦ
1339 5028 1633 5097 μαθηταῖς.
1701 5028 1775 5080 Οὐ

166 5124 301 5190 γὰρ
330 5120 509 5187 δήπου
533 5119 580 5169 οἱ
609 5117 905 5170 ἀπόστολοι
933 5118 1063 5188 ἄχρι
1090 5121 1189 5187 τῆς
1221 5118 1530 5180 συντελείας
1555 5118 1777 5186 ἔμελλον

157 5218 310 5286 ζῇν.
352 5212 461 5265 Καὶ
515 5214 648 5281 ἡμῖν
697 5211 791 5265 οῦν
825 5215 920 5264 καὶ
965 5213 1076 5274 τοῖς
1103 5211 1222 5280 μεθ’
1256 5213 1404 5280 ἡμᾶς
1436 5212 1781 5280 ὑπισχνεῖται

159 5307 371 5366 τοῦτο,
411 5303 514 5354 οὐκ
555 5302 684 5372 ἄχρι
739 5302 796 5355 δὲ
841 5302 942 5370 τῆς
1000 5301 1310 5363 συντελείας
1359 5303 1590 5369 παρὼν,
1645 5304 1783 5371 μετὰ

159 5400 283 5465 τὴν
344 5395 657 5448 συντέλειαν
742 5392 1038 5457 ἀπέσται,
1103 5394 1306 5460 ἄπαγε.
1371 5393 1598 5446 Ἐκτοτε
1675 5396 1784 5460 γὰρ

159 5487 397 5562 μᾶλλον
450 5488 707 5539 συνέσται
763 5487 1153 5558 καθαρώτερον
1205 5489 1300 5540 καὶ
1351 5487 1789 5558 τρανότερον·τὸ

152 5585 325 5654 γὰρ,
361 5579 598 5643 Ἕως,οὒ
632 5579 694 5631 τὸ
731 5579 872 5649 μετὰ
903 5577 1077 5632 ταῦτα
1095 5580 1330 5648 ἀναιρεῖ,
1378 5579 1508 5632 ἔνθα
1539 5578 1604 5631 ἂν
1633 5581 1788 5648 εὑρε-

157 5677 245 5748 θῇ
311 5672 572 5741 κείμενον
635 5672 693 5724 ἐν
743 5675 808 5742 τῇ
885 5672 1098 5742 Γραφῇ.
1151 5671 1664 5742 Εὑχαριστήσαντες
1696 5671 1788 5725 οὖν

153 5767 254 5836 τῷ
324 5765 521 5833 Κυρίῳ
582 5761 660 5830 τῷ
744 5762 980 5815 ἐνταῦθα
1047 5763 1262 5814 συνόντι
1336 5765 1490 5832 ἡμῖν,
1539 5766 1631 5816 καί
1677 5766 1784 5817 πᾶν

1881 4763 2025 4815 enim
2056 4763 2283 4829 attestuli
2316 4778 2488 4830 usque
2526 4767 2590 4814 ad
2625 4765 2787 4817 linem
2837 4767 3019 4817 tuundi
3057 4767 3252 4819 victuri
3281 4777 3477 4821 erant:

1882 4857 2023 4906 unde
2047 4865 2102 4907 et
2135 4856 2311 4914 nobis,
2347 4866 2401 4908 et
2432 4855 2514 4907 liis
2547 4857 2636 4923 qui
2683 4869 2801 4922 post
2838 4873 2934 4911 uos
2983 4865 3167 4923 erunt,
3224 4862 3478 4928 promisit

1883 4945 2023 4999 hoc:
2064 4959 2167 4998 non
2203 4951 2344 5014 quod
2376 4947 2629 5014 usquead
2653 4950 3182 5004 consummationem
3210 4966 3477 5019 praesens,

1881 5044 2005 5104 post
2051 5037 2574 5090 consummationem
2614 5040 2799 5091 mundi
2835 5039 3126 5093 abl'uturus
3172 5041 3266 5102 sit,
3297 5042 3464 5097 absit.

1882 5126 2034 5180 'l'ttnc
2069 5130 2214 5180 enim
2245 5132 2417 5196 magis
2452 5130 2608 5183 nobis
2657 5130 2853 5195 aderit,
2879 5142 2933 5184 et
2970 5133 3192 5197 clarius,
3231 5141 3284 5185 et
3317 5149 3478 5186 ututi-

1879 5219 2024 5272 dius.
2066 5219 2196 5272 Nam
2224 5222 2310 5273 tibi
2339 5222 2520 5277 Donec
2552 5223 2634 5276 vel
2689 5224 2869 5294 Usque
2915 5226 2966 5278 itt
3009 5224 3288 5292 Scriptura
3321 5224 3479 5280 inve-

1885 5312 2050 5374 nitur,
2086 5327 2190 5362 non
2226 5313 2415 5365 adimit
2447 5316 2587 5381 quod
2623 5317 2914 5381 posterius.
2946 5315 3215 5381 Quocirca
3267 5318 3477 5386 gratias

1887 5417 2111 5470 agamus
2135 5400 2384 5467 Domino,
2422 5407 2508 5471 qui
2535 5412 2586 5459 et
2615 5421 2758 5461 nunc
2789 5407 3070 5462 nobiscum
3103 5415 3206 5473 est,
3230 5418 3285 5461 et
3312 5423 3479 5463 omne

1889 5494 2088 5545 bonum
2122 5492 2455 5562 suppeditat,
2489 5504 2543 5551 ct
2573 5497 2768 5550 iterum
2816 5498 3103 5553 nobiscum
3134 5500 3238 5553 erit
3264 5500 3480 5571 perfec-

1891 5579 1996 5632 tius
2020 5590 2139 5646 post
2170 5585 2722 5639 consummationem.
2761 5585 2951 5654 Itaque
2982 5603 3331 5659 nos'quoque
3375 5590 3477 5646 hoc
3537 5633 3546 5641 .

1890 5674 2010 5728 loco
2043 5679 2452 5732 enarrationem
2492 5679 2863 5736 absolvamus.
2899 5683 3080 5752 Ipsum
3109 5685 3257 5738 enim
3299 5688 3478 5741 omnis

1889 5768 2188 5834 gratiarum
2223 5769 2388 5835 actio,
2424 5771 2594 5840 gloria
2649 5783 2703 5829 et
2754 5774 2928 5830 honor
2969 5774 3128 5831 decet
3186 5778 3238 5831 in
3279 5782 3474 5834 saecula

151 5856 392 5929 ἀγαθὸν
407 5853 756 5928 χορηγοῦντι,
786 5857 882 5909 καὶ
897 5855 1056 5912 πάλιν
1088 5858 1434 5926 συνεσομένῳ
1468 5855 1780 5927 τελεώτεροι

1883 5859 2226 5914 swcttlorum.
2257 5861 2452 5919 Amen.
