4028 6602
182 489 278 553 5⁴>ι

866 488 1314 553 ENARRATIO
1355 489 1438 551 IN
1476 487 1981 551 EVANGELIUM
2023 492 2285 554 MARCI.
2330 520 2399 530 —-
2432 493 2595 556 CAP.
2638 494 2687 555 i.

3366 494 3484 559 502

183 604 277 655 καὶ
300 600 383 665 τδ,
414 602 680 670 Ἤγγικεν
705 600 740 671 ἡ
775 599 1021 671 βασιλεία
1048 602 1145 656 τοῦ
1177 601 1337 657 Θεοῦ.
1363 603 1480 657 Οὐκ
1506 602 1623 656 ἔστι
1650 601 1709 656 δέ
1747 617 1764 633 ’

1895 620 2095 671 tempe,
2146 606 2540 678 Rescipiscite,
2600 615 2679 674 et,
2715 606 3191 679 Appropinqusvit
3246 620 3475 676 regnum

181 698 209 749 ὀ
233 695 334 765 μεν
360 696 464 765 γάρ
479 694 732 765 Ἰωάννης
760 694 843 761 τὸ,
862 696 1215 763 Μετανοεῖτε,
1244 696 1455 765 ἔλεγεν,
1476 695 1619 749 ὥστε
1641 698 1775 750 ὐπο-

183 790 432 859 χωρῆσαι
462 787 572 840 ἀπὸ
614 787 726 840 τῶν
760 788 1047 859 άμαρτιιῖιν
1074 805 1090 819 ·
1124 791 1154 843 ὀ
1182 789 1241 842 δὲ
1272 791 1515 858 Χριστὸς
1542 790 1626 855 τὺ,
1660 790 1774 843 Με-

184 881 454 941 τανοεῖτε,
480 878 655 947 λέγει,
690 879 834 933 ὥστε
880 882 991 935 ἀπὸ
1020 881 1116 935 τοῦ
1158 883 1389 953 νομικοῦ
1444 884 1776 955 γράμματος

185 974 399 1041 φυγεῖν.
444 972 537 1025 Διὸ
572 973 670 1025 καὶ
728 975 1044 1044 προσέθηκε
1094 976 1175 1037 τὸ,
1213 975 1516 1029 Πιστεύετε
1566 977 1625 1029 ιν
1690 975 1770 1046 τῷ

188 1062 505 1133 Εὑαγγελίῳ
530 1078 550 1098 ο
579 1066 609 1117 ὀ
642 1064 751 1136 γάρ
778 1064 988 1134 μόλλων
1016 1064 1316 1121 πιστεῦσαι
1342 1066 1433 1119 διὰ
1458 1066 1554 1120 τοῦ
1596 1067 1777 1136 Ebur-

182 1156 390 1225 γελίου,
420 1159 739 1228 κατήργηκε
774 1161 869 1212 τὸν
903 1158 1073 1229 νόμον
1101 1160 1311 1214 λοιπόν.
1362 1160 1777 1231 Πεπληρῶσθαι

183 1251 298 1321 ¹γάρ
329 1268 494 1322 φησιν
516 1253 545 1304 ὀ
582 1251 788 1323 Κύριος
819 1252 914 1307 καὶ
940 1252 1032 1305 τὸν
1054 1252 1249 1325 καιρὸν
1277 1252 1373 1306 τοῦ
1420 1252 1590 1323 νόμου
1621 1252 1735 1321 (45)
1759 1270 1777 1288 ’

182 1344 315 1415 ἄχρι
344 1345 654 1415 γάρ,φησὶ,
693 1344 788 1397 τοῦ
806 1343 902 1398 νῦν
953 1346 1179 1417 ἐνήργει
1222 1348 1253 1401 ὀ
1307 1346 1493 1415 νόμος,
1528 1347 1641 1400 άπὸ
1682 1345 1778 1400 τοῦ

180 1435 281 1488 νῦν
307 1436 365 1489 δὲ
395 1439 428 1506 ἡ
457 1436 706 1506 βασιλεία
754 1436 850 1490 τοῦ
895 1437 1057 1502 Θεοῦ,
1092 1440 1125 1508 ἠ
1161 1438 1304 1491 κατὰ
1336 1438 1399 1490 τὸ
1444 1438 1782 1507 Ευαγγὲλιον

180 1527 435 1581 πολιτεία
466 1529 753 1597 πάρεστιν,
801 1528 925 1597 ἥτις
974 1530 1202 1591 είκότως
1252 1528 1657 1598 παρεικάζεται
1711 1532 1780 1600 τῇ

182 1622 440 1696 βασιλείᾳ
482 1625 592 1679 τῶν
634 1623 907 1693 οὐρανῶν.
939 1624 1108 1677 Ὅταν
1134 1624 1245 1692 γὰρ
1285 1625 1403 1695 ῐδῃς
1431 1624 1508 1687 ὥς
1540 1624 1782 1696 ἄσαρκόν

191 1715 398 1787 μικροῦ
472 1715 901 1787 πολιτευόμενον
972 1715 1065 1769 τὸν
1119 1716 1264 1769 κατὰ
1322 1715 1385 1769 τὸ
1450 1715 1785 1784 Εύαγγέλιον

182 1808 427 1879 βιοῦντα,
460 1805 573 1880 ἄρα
598 1809 700 1862 ούκ
732 1808 801 1862 ἂν
838 1810 1015 1872 εῐποις
1043 1809 1128 1861 ὅτι
1154 1802 1314 1872 οῦτυς
1363 1809 1465 1879 τὴν
1498 1809 1783 1879 βασιλείαν

179 1901 295 1954 τῶν
317 1901 566 1971 οὐρανῶν
596 1902 708 1973 (ὅτε
735 1901 837 1955 οὐκ
866 1901 983 1955 ἔστι
1017 1901 1221 1973 βρῶσις
1251 1900 1286 1973 ἢ
1310 1903 1492 1973 πόσις)
1515 1902 1615 1973 ήδη
1644 1902 1780 1973 ἔχει,

180 1993 292 2048 κᾶν
320 1995 544 2064 μακράν
566 1989 713 2048 εἶναι
736 1995 869 2066 δοκῇ
894 2012 912 2060 ;

260 2104 282 2137 ι
325 2086 658 2157 Περιπατιῖη
704 2086 764 2140 δὲ
818 2086 973 2159 παρὰ
1017 2086 1118 2157 τὴν
1168 2086 1449 2142 θάλασσαν
1492 2088 1593 2157 τῆς
1620 2086 1781 2141 Γαλιο

179 2176 369 2245 λαίας,
400 2175 513 2231 εἶδε
533 2177 756 2249 Σίμωνα
788 2178 885 2232 καὶ
921 2178 1180 2249 ’Δνδρέαν
1215 2180 1308 2233 τὺν
1330 2179 1563 2247 ἀδελφὸν
1590 2179 1782 2244 αὐτοῦ,

183 2270 486 2337 βάλλοντας
538 2270 963 2342 ἀμφίϐληστρον
1015 2273 1097 2335 είς
1138 2273 1239 2341 τὴν
1294 2271 1575 2326 Θάλασσαν
1621 2267 1787 2344 (ἦσαν

179 2361 297 2431 γὰρ
325 2359 540 2432 ἁλιεῖς),
578 2361 674 2415 καὶ
699 2356 853 2415 εἶπεν
881 2364 1065 2425 animi;
1086 2365 1116 2415 ὀ
1140 2362 1351 2432 Ἰησοῦς
1370 2377 1383 2389 ·
1413 2363 1579 2417 Δεῦτε
1609 2364 1788 2417 ὀπίσω

186 2471 321 2524 μου,
354 2454 451 2508 καὶ
507 2458 723 2522 ποιήσω
751 2454 899 2524 ὑμᾶς
944 2454 1203 2521 γενέσθαι
1231 2454 1407 2519 ἁλιεῖς
1434 2454 1781 2527 ἀνθρώπων.

182 2546 301 2600 Καὶ
332 2546 533 2610 εὐθέως
582 2546 819 2616 ἀφέντες
850 2546 918 2598 τὰ
959 2546 1152 2601 δίκτυα
1182 2547 1385 2614 αὐτῶν,
1410 2548 1789 2620 ἠκολούθησαν

180 2638 340 2709 αὐτῷ
360 2656 373 2667 ·
406 2640 499 2693 καὶ
524 2640 737 2709 προϐὰς
758 2640 967 2695 ὶκεῖθεν
993 2641 1200 2709 ὀλίγον,
1232 2637 1377 2694 εἶδεν
1402 2641 1665 2697 Ἰάκωϐον
1691 2643 1787 2695 τὸν

181 2731 283 2786 τοῦ
341 2734 658 2799 Ζεϐεδαίου,
706 2735 803 2789 καὶ
868 2735 1127 2805 Ἰωάννην
1177 2736 1273 2790 τὸν
1319 2736 1551 2805 ἀδελφὸν
1592 2737 1784 2802 αὐτοῦ,

183 2826 285 2877 καὶ
317 2825 517 2888 αὐτοὺς
556 2830 617 2880 ἐν
641 2827 719 2898 τῷ
757 2828 932 2899 πλοίῳ
976 2828 1407 2898 καταρτίζοντας
1442 2830 1512 2882 τὰ
1565 2829 1784 2894 δίκτυα,

182 2914 287 2968 καὶ
319 2914 524 2979 εὐθέως
555 2915 820 2969 ἐκάλεσεν
840 2916 1061 2981 αὐτούς.
1108 2916 1221 2969 Καὶ
1262 2916 1495 2985 ἀφέντες
1552 2915 1647 2969 τὸν
1681 2933 1789 2970 πα-

181 3007 328 3073 τέρα
352 3006 533 3059 αὐτῶν
572 3008 856 3063 Ζεϐεδαῖον
889 3010 949 3061 ἰν
985 3008 1067 3078 τῷ
1131 3006 1307 3078 πλοίῳ
1362 3006 1503 3077 μετὰ
1550 3007 1663 3061 τῶν
1697 3026 1790 3078 μιο

183 3098 439 3163 σθωτῶν,
470 3099 718 3170 ἀπῆλθον
766 3100 948 3154 ὀπίσω
1002 3098 1193 3153 αὐτοῦ.
1236 3118 1256 3151 ι
1301 3099 1412 3153 Τοῦ
1466 3100 1787 3171 Προδρὸμου

179 3186 332 3261 ἦσαν
363 3190 609 3261 μαθηταὶ
643 3194 851 3264 Πέτρος
887 3193 983 3248 καὶ
1025 3193 1307 3265 Ἀνδρίας.
1356 3192 1577 3257 Ἰδόντες
1597 3194 1657 3247 δὲ
1696 3194 1789 3247 τὸν

194 3282 414 3355 Ἰησοῦν
449 3285 556 3338 ὑπὸ
587 3284 683 3338 τοῦ
718 3287 971 3341 Ἰωάννου
1010 3286 1454 3359 μαρτυρηθέντα.
1477 3287 1788 3357 προσῆλθον

180 3375 365 3444 αύτῷ.
398 3372 534 3431 Εἶτα
572 3377 764 3447 ἐπειδὴ
807 3377 1069 3449 Ἰωάννης
1103 3379 1405 3450 παρεδόθη,
1449 3379 1790 3450 λυπηθέντες

176 3468 548 3540 ἀνεχώρησαν
579 3469 746 3524 πάλιν
774 3470 991 3541 είς-τὴν
1036 3470 1249 3524 οἰκείαν
1295 3470 1517 3542 τέχνην.
1561 3471 1729 3525 Ὅθεν
1759 3474 1789 3526 ὀ

179 3563 425 3634 Χριστὸς
476 3566 542 3618 ὲκ
582 3564 841 3634 δευτέρου
887 3563 1116 3631 τούτους
1148 3566 1329 3623 καλεῖ.
1381 3566 1620 3637 Δευτέρα
1680 3568 1793 3637 γάρ

180 3657 342 3709 ἐστιν
390 3655 533 3723 αῦτη
564 3658 599 3726 η
644 3657 866 3726 κλῆσις.
906 3657 1057 3729 Ὅρα
1086 3658 1144 3711 δὲ
1186 3658 1393 3723 αὐτοὺς
1440 3661 1509 3713 ὲκ
1561 3660 1794 3714 δικαίων

178 3746 371 3800 πόνων
428 3747 826 3817 τρεφομένους,
866 3748 987 3803 ἀλλ’
1027 3748 1129 3805 οὐκ
1180 3749 1245 3814 ἒξ
1268 3749 1475 3805 ἀδίκων
1503 3766 1519 3779 ·
1553 3750 1792 3806 τοιοῦτοι

177 3838 301 3909 γὰρ
338 3839 391 3891 el
440 3838 585 3903 άξιοι
642 3838 893 3907 γίνεσθαι
940 3839 1152 3911 πρῶτοι
1211 3842 1455 3913 Χριστοῦ
1523 3843 1788 3913 μαθηταί.

192 3930 465 4000 ’Δφᾶντες
517 3928 613 3986 οὖν
657 3933 863 3996 εὐθέως
917 3934 990 3988 τὰ
1039 3935 1099 3987 ἐν
1156 3938 1371 4006 χερσὶν,
1414 3936 1792 4007 ἠκολούθησαν

176 4024 342 4094 αὐτῷ
381 4041 396 4055 ·
433 4026 496 4077 οὐ
527 4027 637 4097 γὰρ
682 4025 763 4078 δεῖ
810 4026 1235 4090 ἀναϐάλλεσθαι,
1263 4028 1382 4083 ἀλλ’
1415 4028 1622 4094 εὐθέως
1657 4030 1792 4084 ἁκο-

175 4117 426 4172 λουθείν.
480 4117 639 4171 Μετὰ
665 4117 725 4171 δὲ
767 4116 1017 4183 τούτους,
1064 4118 1159 4173 τὸν
1203 4119 1465 4175 Ἰάκωϐον
1496 4122 1791 4194 σαγηνεύει

179 4210 289 4261 καὶ
329 4208 419 4261 τὸν
456 4208 731 4278 Ἰωάννην,
772 4208 823 4262 οι
867 4210 963 4262 καὶ
1000 4209 1159 4263 αὐτοὶ
1188 4212 1425 4284 πένητες
1450 4213 1622 4277 ὀντες,
1640 4214 1793 4284 ὅμως

172 4304 601 4372 ὲγηροτρόφουν
632 4304 725 4356 τὸν
776 4304 1011 4373 πατέρα.
1064 4304 1315 4375 ’Δφῆκαν
1345 4305 1404 4359 δὲ
1427 4305 1521 4359 τὸν
1550 4310 1789 4376 πατέρα,

79 4444 82 4448 .
171 4398 287 4465 οὐχ
338 4395 421 4448 ὅτι
460 4395 628 4448 καλόν
668 4398 817 4449 ἐστιν
840 4395 1064 4464 ἀφιέναι
1098 4397 1225 4459 τοὺς
1257 4398 1528 4468 πατέρας,
1560 4398 1676 4451 ἀλλ’
1706 4399 1790 4452 ὅτι

171 4488 417 4557 ἔμελλεν
479 4489 677 4550 αὐτοὺς
732 4489 1028 4559 ἐμποδίσαι
1068 4489 1206 4559 πρὸς
1266 4489 1365 4560 τὴν
1404 4490 1789 4561 ἀκολούθησιν.

181 4578 389 4640 οὕτως
419 4577 511 4631 οῦν
553 4578 648 4631 καὶ
679 4580 746 4632 σὺ
772 4581 904 4633 ὅταν
934 4580 1208 4650 ἐμποδίζῃ
1240 4579 1396 4651 παρὰ
1418 4581 1529 4633 τῶν
1558 4584 1788 4648 γονέων,

1879 697 1998 751 Dei.
2035 697 2144 753 Sed
2174 715 2282 755 non
2314 712 2401 755 est
2439 700 2534 755 ita.
2562 700 2803 756 Joannes
2830 701 2977 755 enim
3021 700 3279 756 dicebat:
3317 698 3479 754 lies-i-

1879 787 2098 856 piscite,
2143 796 2202 843 ut
2236 789 2642 845 abscederenta
2673 790 2915 859 peccatis
2950 789 3249 845 :Cbristus
3270 802 3475 855 autem,

1880 879 2212 950 Resipiscite
2244 882 2398 948 dicit,
2430 895 2488 937 nt
2520 899 2549 937 a
2585 883 2747 952 legali
2790 884 2970 937 littera
3043 883 3313 954 fugerent.
3350 882 3480 940 Ideo

1880 975 2137 1044 apposuit
2166 1014 2184 1038 ,
2233 976 2458 1032 Credite
2512 975 2826 1047 Evangelia.
2886 965 3127 1031 Credens
3176 974 3320 1029 enim
3386 991 3482 1045 per

1882 1064 2238 1137 Evangelium
2268 1068 2382 1139 jam
2410 1069 2648 1124 abolevit
2697 1068 2892 1140 legem.
2924 1066 3067 1121 Dicit
3095 1068 3243 1122 enim
3294 1068 3483 1121 Domi-

1883 1175 1988 1216 nus
2042 1162 2329 1230 impletum
2381 1177 2503 1217 esse
2549 1172 2763 1232 tempus
2806 1161 2965 1231 legis.
2998 1159 3292 1216 Enimvero
3332 1159 3386 1214 in
3429 1160 3483 1214 id

1884 1269 2057 1324 usque
2089 1255 2348 1325 temporis
2376 1256 2459 1309 lex
2482 1258 2840 1326 operabatur,
2876 1255 3054 1325 inquit
3082 1271 3100 1309 :
3127 1253 3198 1309 ab
3234 1255 3338 1309 hoc
3386 1271 3485 1310 au-

1884 1356 1994 1401 tem
2039 1358 2284 1413 tempore
2340 1364 2573 1419 regnum
2617 1348 2737 1415 Dei,
2780 1348 2927 1418 quod
2957 1356 3043 1401 est
3085 1347 3193 1401 vita
3251 1361 3487 1417 evange-

1884 1442 2014 1509 lica,
2046 1444 2232 1508 adest,
2263 1458 2389 1512 qua.
2438 1441 2667 1513 quidem
2710 1442 2825 1498 vita
2862 1455 3030 1512 regno
3064 1440 3336 1495 caelorum
3369 1454 3487 1494 mc-

1886 1534 1991 1589 rito
2051 1532 2355 1589 confertur.
2402 1535 2542 1587 Nam
2605 1534 2650 1587 si
2702 1536 3013 1603 quempiam
3079 1532 3285 1587 videris
3329 1532 3486 1601 quasi

1886 1626 2093 1698 absque
2124 1642 2293 1683 carne
2322 1627 2509 1681 vivere
2540 1626 2703 1680 vitam
2734 1624 3131 1691 evangelicam,
3172 1640 3357 1679 annon
3405 1623 3492 1680 di-

1886 1736 2041 1776 ceres
2072 1720 2215 1788 quod
2256 1734 2485 1786 regnum
2529 1718 2796 1774 caelorum
2833 1716 2948 1785 jam
2996 1716 3218 1781 habeat,
3248 1729 3316 1771 eo
3344 1716 3491 1786 quod

1890 1828 1995 1867 non
2066 1814 2140 1867 sit
2196 1813 2250 1865 in
2286 1812 2380 1866 illo
2438 1812 2595 1866 cibus
2640 1818 2696 1865 et
2746 1820 2943 1877 potus,
3003 1808 3171 1863 etiam
3226 1808 3274 1864 si
3333 1807 3495 1879 longe

1888 1906 2080 1961 abesse
2113 1902 2397 1960 videatur?

1964 2058 2129 2115 Vens.
2160 2061 2350 2116 l6-20.
2388 2080 2411 2112 ι
2441 2060 2576 2119 Cum
2609 2059 2923 2114 ambularet
2954 2068 3136 2111 autem
3159 2056 3315 2128 juxta
3339 2070 3496 2112 mare

1889 2153 2145 2219 Galilaea',
2166 2154 2306 2207 vidit
2338 2152 2619 2207 Simonem
2647 2161 2705 2205 et
2723 2150 2999 2205 Andream
3033 2149 3260 2204 fratrem
3275 2149 3491 2218 ejusja-

1890 2247 2108 2303 cientes.
2135 2246 2269 2300 retia
2287 2246 2539 2308 iumare,
2563 2255 2721 2305 erant
2750 2244 2896 2299 enim
2924 2244 3251 2317 piscatores.
3279 2253 3335 2298 et
3357 2243 3498 2299 dixit

1891 2339 1974 2395 eis
1990 2338 2149 2395 Jesus
2177 2338 2515 2408 :Seqnimini
2547 2352 2655 2402 me,
2670 2336 2940 2394 etfaciam
2974 2344 3035 2391 ut
3055 2336 3364 2392 eiﬁeiamini
3410 2337 3498 2407 pi-

1890 2442 2137 2489 scatores
2179 2433 2489 2489 hominum.
2520 2432 2588 2486 At
2637 2430 3004 2503 illi,protinus
3036 2429 3246 2487 relictis
3285 2430 3499 2488 retibus

1892 2526 2027 2591 suis,
2065 2525 2235 2579 secuti
2260 2535 2387 2580 sunt
2418 2540 2566 2580 eum.
2599 2524 2666 2579 Et
2692 2539 3013 2595 progressus
3033 2525 3183 2580 illinc
3214 2525 3495 2595 pusillum,

1891 2618 2030 2672 vidit
2054 2616 2317 2672 Jacobum
2341 2617 2513 2672 filium
2554 2616 2838 2681 Zebedtei,
2864 2628 2922 2672 et
2959 2616 3225 2673 Joannem
3261 2616 3487 2672 fratrem

1890 2710 2033 2780 ejus,
2056 2709 2147 2780 qui
2170 2709 2345 2781 etipsi
2370 2709 2424 2765 iu
2453 2710 2574 2764 navi
2601 2710 3062 2765 reconcinnabant
3092 2710 3251 2775 retia,
3284 2711 3503 2765 statim.

1892 2820 2000 2875 que
2026 2805 2243 2860 vocavit
2266 2804 2423 2861 illos:
2458 2814 2515 2859 et
2547 2803 2625 2859 illi
2689 2805 2882 2861 relicto
2906 2815 3061 2875 patre
3089 2818 3191 2861 suo
3231 2804 3498 2860 Zebedmo

1896 2898 1950 2951 in
1986 2897 2110 2952 navi
2146 2912 2274 2951 cum
2296 2896 2682 2961 mercenariis,
2716 2897 2891 2952 secuti
2924 2904 3055 2951 sunt
3084 2911 3233 2951 eum.
3285 2913 3305 2948 ι
3346 2895 3499 2950 Prae-

1892 2992 2137 3049 cursoris
2183 2990 2436 3061 discipuli
2487 3001 2648 3047 erant
2685 2989 2883 3047 Petrus
2928 3001 2986 3046 et
3028 2991 3299 3046 Andreas.
3357 2988 3497 3047 Cum

1895 3096 2081 3147 autem
2108 3086 2374 3143 vidissent
2404 3084 2593 3141 Jesum
2622 3099 2655 3139 a
2686 3084 2897 3140 Joanne
2926 3084 3298 3140 testimonium
3335 3098 3498 3140 acce-

1897 3179 2064 3249 pisse,
2122 3176 2381 3249 adierunt
2423 3192 2571 3232 eum.
2649 3175 2859 3231 Deinde
2904 3184 3194 3245 postquam
3256 3172 3499 3230 Joannes

1896 3272 2331 3341 comprehensus
2379 3269 2503 3335 fuit,
2546 3267 2731 3324 mutati
2780 3266 2909 3322 facti
2952 3267 3150 3322 iterum
3205 3266 3277 3322 ad
3323 3275 3500 3322 artem

1817 3337 1865 3399 ο
1896 3337 2051 3416 suam
2076 3360 2356 3416 redierunt
2390 3376 2406 3414 :
2444 3360 2591 3414 unde
2609 3359 2733 3414 illos
2764 3358 3017 3414 Christus
3038 3359 3282 3415 secundo
3318 3367 3498 3414 vocat.

1899 3452 2153 3507 Sednnda
2203 3449 2352 3507 enim
2387 3451 2606 3505 vocatio
2650 3450 2756 3505 ista
2790 3460 2898 3505 est.
2930 3449 3070 3505 Vide
3126 3460 3311 3505 autem
3364 3465 3500 3521 quo-

1900 3546 2062 3600 modo
2085 3544 2164 3600 illi
2189 3546 2361 3615 iustis
2388 3543 2671 3599 laboribus
2699 3558 2825 3600 sese
2859 3544 3167 3609 enutriaut,
3198 3552 3255 3600 et
3289 3560 3398 3601 non
3431 3560 3500 3601 ex

1898 3637 2137 3707 iniustis.
2171 3638 2334 3695 Tales
2362 3639 2508 3693 enim
2549 3640 2699 3710 digni
2735 3648 2896 3694 erant
2933 3640 3027 3711 qui
3083 3639 3245 3708 primi
3303 3640 3500 3696 ﬂerent

1896 3735 2146 3803 discipuli
2183 3734 2413 3791 Christi.
2448 3734 2677 3791 Relictis
2720 3734 2889 3806 igitur
2920 3733 3108 3790 statim
3147 3734 3233 3789 his
3287 3750 3411 3806 qua:
3446 3736 3500 3790 in

1896 3829 2151 3885 manibus
2207 3840 2389 3894 erant,
2420 3829 2594 3884 secuti
2643 3838 2773 3883 sunt
2804 3843 2950 3884 eum.
2974 3827 3095 3883 Non
3148 3830 3295 3885 enim
3335 3846 3503 3887 morae

1899 3924 2179 3978 nectenda:
2234 3935 2385 3985 sunt,
2441 3922 2537 3977 sed
2606 3923 2790 3977 statim
2846 3924 3181 3992 sequendum
3236 3933 3343 3982 est.
3374 3923 3505 3981 Post

1898 4012 2020 4069 illos
2044 4014 2289 4084 piscatnr
2314 4012 2578 4070 Jacobum
2612 4024 2669 4068 et
2706 4016 2999 4079 Joannem,
3027 4015 3121 4086 qui
3157 4026 3212 4071 et
3240 4016 3341 4087 ipsi
3370 4033 3505 4088 pau-

1898 4122 2059 4176 peres
2093 4116 2276 4169 erant.
2328 4116 2386 4163 et
2421 4118 2635 4177 patrem
2693 4106 2852 4163 senio
2887 4106 3199 4163 confectum
3257 4109 3500 4165 alebant.

1896 4199 2069 4254 Porro
2112 4197 2457 4269 reliquerunt
2490 4207 2725 4268 patrem,
2763 4214 2873 4254 non
2906 4201 3052 4269 quod
3084 4201 3285 4255 bonum
3317 4202 3389 4255 sit
3412 4218 3501 4256 re-

1898 4290 2151 4360 linquere
2188 4300 2467 4360 parentes,
2512 4294 2609 4346 sed
2648 4292 2777 4361 quia
2830 4292 3223 4363 impedimento
3285 4292 3503 4349 futurus

1900 4390 2025 4436 erat
2054 4382 2330 4438 secuturis
2358 4380 2668 4437 Christum.
2693 4381 2788 4437 Sic
2825 4393 2881 4438 et
2910 4394 2969 4437 tu
2995 4383 3244 4453 relinque
3290 4401 3502 4455 paren-

1898 4488 1981 4532 tes
2017 4478 2065 4532 si
2118 4478 2186 4531 ad
2238 4479 2501 4547 pietatem
2556 4476 2650 4529 tibi
2717 4475 3050 4541 obstiterint,
3106 4488 3163 4533 et
3244 4478 3300 4533 id
3349 4480 3494 4549 quod

1898 4570 2097 4623 bonum
2153 4568 2488 4637 amplexare.
2522 4568 2764 4637 Apparet
2805 4568 2971 4638 178
3023 4568 3345 4624 Zebedzeum
3386 4586 3499 4625 non

176 4672 334 4739 ἄφες
363 4671 564 4733 αὐτοὺς
622 4672 718 4723 καὶ
773 4671 1096 4742 πρόοδραμε
1145 4674 1225 4742 τῷ
1289 4671 1502 4743 ἀγαθῷ.
1533 4672 1785 4727 Φαίνεται

1898 4664 2224 4727 credidisse,
2254 4670 2432 4715 mater
2473 4670 2653 4715 autem
2714 4660 3091 4730 apostolorum
3143 4661 3396 4729 credidit,
3443 4672 3500 4719 et

170 4768 302 4835 γὰρ
330 4768 360 4817 ὀ
402 4764 685 4828 Ζεϐεδαῖος
714 4766 789 4835 μὴ
819 4766 1116 4819 πιστεῦσαι
1149 4782 1165 4797 ο
1197 4767 1229 4833 ἡ
1254 4767 1438 4833 μέντοι
1462 4768 1650 4837 μήτηρ
1676 4770 1787 4819 τῶν

172 4857 534 4917 ἀποστόλων,
566 4858 884 4923 πιστεῦσαι,
912 4857 1317 4936 καιὴκολούθει
1355 4858 1465 4928 γὰρ
1502 4858 1658 4923 ίσως,
1689 4859 1787 4912 τοῦ

170 4950 483 5006 Ζεϐεδαίου
508 4950 896 5013 ἀποθανόντος.
921 4951 1063 5003 ’ῐσθι
1100 4950 1157 5003 δὲ
1187 4952 1281 5003 καὶ
1308 4950 1490 5016 τοῦτο,
1524 4951 1605 5003 ὅτι
1632 4952 1788 5021 πρῶ-

168 5060 285 5097 τον
305 5042 549 5095 καλεῖται
570 5043 606 5111 η
627 5040 845 5111 πρᾶξις,
876 5036 1041 5111 εἷταή
1062 5041 1287 5113 θεωρία.
1315 5041 1383 5098 Oi
1416 5043 1517 5111 μὲν
1543 5036 1638 5095 οῦν
1658 5043 1790 5114 περὶ

166 5137 281 5189 τὸν
332 5135 561 5203 Πέτρον,
592 5133 693 5203 τῆς
742 5132 1062 5203 πρακτικῆς
1094 5136 1203 5186 είσι
1254 5133 1547 5203 σύμϐολον·
1589 5133 1788 5203 θερμό-

167 5243 350 5288 τατος
384 5226 495 5293 γὰρ
534 5219 712 5286 οὗτος,
743 5224 842 5276 καὶ
876 5224 1175 5295 προπηδῶν
1216 5224 1328 5276 τῶν
1376 5223 1576 5286 ἄλλων,
1596 5219 1687 5277 οἷα
1723 5223 1788 5293 δὴ

1890 4766 2075 4813 secuta
2104 4766 2190 4811 est
2243 4753 2514 4819 fortassis,
2573 4765 2789 4808 mortuo
2844 4753 3128 4809 Zebedao.
3163 4756 3319 4810 Scias
3365 4756 3495 4811 item

1898 4853 2135 4923 primum
2197 4850 2383 4905 vocari
2435 4849 2753 4919 practicen,
2812 4849 2937 4904 dein
2991 4851 3495 4919 contemplativam.

1898 4950 2095 5006 Petrus
2151 4949 2298 5002 enim
2349 4947 2623 5015 practices
2674 4943 2985 5016 symbolum
3030 4956 3154 4997 esu
3194 4942 3499 4997 ferventior

1897 5042 2043 5095 enim
2078 5050 2199 5094 erat
2254 5040 2487 5108 aliisque
2545 5037 2915 5108 praestantior,
2969 5035 3112 5090 sicut
3155 5045 3211 5087 et
3258 5034 3502 5105 practice

1894 5146 1999 5189 est.
2035 5134 2274 5189 Joannes
2302 5147 2435 5186 vero
2490 5130 2977 5200 cuutemplativam
3016 5128 3294 5197 signiﬁcat
3324 5145 3339 5184 :
3380 5126 3503 5198 plus

1898 5227 2045 5280 enim
2078 5226 2145 5280 de
2182 5227 2345 5281 rebus
2376 5224 2579 5279 divinis
2609 5222 2839 5281 disserit
2864 5220 3124 5277 Joannes.

172 5320 285 5373 καὶ
311 5322 345 5388 ἠ
386 5317 671 5388 πρακτική
712 5318 885 5374 ἐστιν,
918 5318 984 5370 Οἱ
1052 5317 1109 5370 δὲ
1169 5317 1303 5386 περὶ
1328 5316 1421 5369 τὸν
1467 5315 1721 5387 Ἰωάννην
1756 5314 1857 5385 τὴν
1895 5317 2135 5389 θεωρίαν
2206 5318 2680 5389 ὑποσημαίνουσιν
2713 5336 2729 5353 ·
2794 5312 3260 5385 θεολογικώτατος
3314 5318 3423 5387 γὰρ
3476 5316 3506 5370 ὀ

182 5410 484 5464 Ἰωάννης.

266 5427 391 5462 mw
437 5427 484 5461 ο.

266 5528 286 5558 ι
329 5427 885 5575 Κάὶὶὶείστωρεύονται
915 5504 996 5566 είς
1024 5501 1426 5572 Καπερναούμ.
1448 5504 1560 5556 Καὶ
1582 5503 1789 5566 εὐθέως

169 5598 305 5659 τοῖς
336 5594 617 5649 Σάϐϐασιν
642 5592 907 5647 εἰσελθὼν
936 5594 1017 5656 εἰς
1048 5591 1149 5661 τὴν
1202 5592 1564 5661 Συναγωγὴν,
1606 5592 1785 5647 ἐδίδα-

1974 5503 2136 5560 Vens.
2186 5504 2278 5570 Ἡ,
2312 5504 2406 5562 ‘22.
2470 5525 2489 5558 ι
2535 5505 2599 5559 Et
2666 5500 3054 5575 ingrediuntur
3109 5501 3452 5570 Capernanm
3484 5537 3499 5559 .

1897 5610 1953 5651 et
1988 5598 2171 5651 statim
2194 5596 2451 5653 Sabbatis
2480 5599 2761 5671 ingressus
2793 5600 2849 5651 in
2887 5594 3227 5665 Synasognm
3253 5592 3504 5652 docebat.

1162 5732 1254 5791 Ex
1290 5730 1643 5794 collatione
1678 5732 1870 5795 codd.
1912 5735 2143 5797 Venet.
2185 5738 2247 5798 S.
2290 5738 2513 5801 Marci.

418 5860 576 5941 (sed.
625 5860 697 5913 *ΞΘ
730 5860 821 5912 καὶ
858 5860 983 5941 ’τδνα
1015 5860 1213 5941 καιρὸν,
1255 5862 1347 5915 τὸν
1406 5862 1772 5935 ἀφορισθέντα

1895 5866 1965 5937 ρὰ
2030 5866 2166 5920 θεοῦ
2198 5870 2263 5939 τῇ
2297 5869 2541 5938 πολιτείᾳ
2564 5869 2660 5923 τοῦ
2695 5869 2894 5941 νόμον,
2952 5880 3006 5918 κ.
3040 5880 3090 5915 τ.
3111 5862 3159 5915 λ.
3205 5880 3223 5911 ι
3267 5859 3513 5928 Tempus

171 5953 204 5993 τι
260 5929 377 5990 Deo
404 5939 675 5990 statutum
711 5947 807 5999 pro
843 5929 1083 5985 dominio
1116 5930 1267 6001 legis.
1294 5953 1311 5983 .-
