4028 6598
229 582 334 649 517

981 584 1130 645 ENA
1143 583 1432 665 “RATIO
1477 585 1560 645 ΙΝ
1601 585 1830 647 ΕνΑΧ(

1940 585 2113 647 ᾲίυΜ
2154 585 2416 647 MARCI.
2460 613 2520 623 --
2564 587 2727 647 CAP.
2773 587 2856 649 ll.

3435 590 3545 654 518

226 699 550 768 Φαρισαίων
573 696 957 767 νηστεύοντες,
983 699 1081 751 καὶ
1132 697 1391 768 ἔρχονται
1430 700 1528 752 καὶ
1575 699 1830 767 λέγουσιν

1941 714 2062 753 rum
2100 697 2448 767 jt-jttnahant,
2482 701 2819 768 veniuntque
2845 709 2899 753 ct
2950 699 3137 754 dicunt
3193 700 3268 755 illi
3305 719 3321 757 :
3356 699 3547 769 Quare

228 790 385 862 αὐτῷ
405 807 418 819 ·
460 791 621 843 Διατί
650 791 702 844 οἱ
733 790 980 861 μαθηταὶ
1022 790 1278 844 Ἰωάννου
1310 791 1406 844 καὶ
1450 793 1501 844 οί
1524 790 1635 845 τῶν
1661 792 1835 862 Φαρι-

231 884 406 937 σαίων
430 882 815 952 νηστεύουσιν,
839 885 889 936 οί
918 882 978 936 δὲ
996 883 1085 936 σοὶ
1108 882 1353 954 μαθηταὶ
1382 885 1445 935 οὐ
1465 884 1833 953 νηστεύουσις

233 978 345 1031 Καὶ
376 971 533 1030 εἶπεν
558 977 747 1039 αὐτοῖς
774 978 804 1029 6
838 974 1075 1046 ἰησοῦςσ
1113 974 1210 1046 Μὴ
1231 975 1490 1029 δύνανται
1514 976 1565 1029 οί
1597 976 1708 1029 υἱοὶ
1736 975 1832 1029 τοῦ

229 1067 548 1138 νυμφῶνοςν
600 1067 661 1121 ἐν
709 1059 755 1135 ᾧ
786 1067 816 1119 δ
873 1066 1112 1137 νυμφίος
1146 1064 1269 1136 μετ’
1314 1066 1496 1120 αὐτῶν
1544 1068 1686 1133 ἐστι,
1735 1082 1834 1135 νη·

228 1161 477 1226 στεύεινς
519 1161 645 1212 ὅσον
675 1160 872 1231 χρόνον
933 1159 1058 1229 μεθ’
1101 1158 1318 1213 ἑαυτῶν
1353 1158 1541 1229 ἔχουσι
1570 1158 1665 1213 τὸν
1697 1176 1836 1229 νυμ-

228 1253 377 1322 φίον,
407 1253 471 1306 οὐ
501 1252 762 1307 δύνανται
791 1249 1100 1322 νηστεύειν.
1140 1250 1491 1305 Ἐλεύσονται
1538 1251 1635 1303 καὶ
1688 1252 1833 1321 ἡμέ-

228 1363 324 1417 ραι
356 1346 487 1398 ὅταν
538 1343 763 1415 ἀπαρθῇ
802 1345 899 1397 ἀπ’
950 1344 1134 1398 αὐτῶν
1172 1346 1202 1397 6
1258 1342 1518 1413 νυμφίος,
1558 1342 1657 1395 καὶ
1706 1343 1831 1395 τότε

224 1435 626 1506 νηστεύσουσιν
652 1436 712 1487 ἐν
736 1432 981 1498 ἐκείναις
1010 1436 1133 1491 ταῖς
1158 1435 1421 1507 ἡμέραις.
1465 1454 1485 1487 ι
1521 1435 1631 1488 Καὶ
1656 1436 1707 1487 οί
1732 1434 1830 1488 τοῦ

236 1527 493 1582 Ἰωάννου
555 1527 801 1599 μαθηταῦ⁸
850 1527 1211 1598 ἀτελέστερον
1278 1528 1656 1598 διακείμενοι,
1714 1531 1831 1590 τοῖς

237 1621 557 1686 Ἰουδαϊκοῖς
583 1620 846 1693 ἐνέμενον
879 1620 1096 1674 εθεσινο
1144 1620 1273 1676 ὅθεν
1309 1622 1711 1693 προσέρχονταί
1750 1639 1831 1674 τιο

220 1730 319 1777 νες
347 1714 426 1785 τῷ
455 1713 703 1785 Χριστῷ,
727 1716 811 1778 είς
846 1714 1159 1784 ὑπόδειγμα
1181 1715 1415 1778 τούτους
1444 1714 1695 1783 ἄγοντες,
1728 1714 1828 1766 καὶ

221 1807 554 1877 αἰτιώμενοι
582 1806 728 1861 διατί
754 1807 807 1860 οί
840 1806 1089 1877 μαθηταὶ
1139 1806 1309 1860 αὐτοῦ
1371 1806 1433 1859 οὐ
1470 1805 1829 1876 νηστεύουσιν

219 1898 427 1970 ιπίσης
458 1899 671 1963 αὐτοῖς.
721 1898 781 1952 '0
805 1898 886 1967 δὲ,
926 1897 1025 1952 νῦν
1062 1898 1165 1969 μιν
1203 1916 1393 1969 φησιν,
1426 1899 1683 1969 Νυμφίος
1709 1900 1829 1969 είμὶ

217 1989 362 2057 εγὼ,
406 1990 504 2042 καὶ
529 1989 613 2042 δεῖ
642 1990 845 2053 αὐτοὺς
893 1990 1181 2061 εὐθυμεῖν,
1233 1993 1329 2043 καὶ
1370 1988 1449 2060 μὴ
1487 1989 1779 2061 νηστεύειν
1809 2006 1823 2019 ⁸

1941 789 2196 858 discipuli
2228 788 2459 844 Joannis
2482 799 2538 845 et
2562 789 2969 843 l’harismrum
3006 790 3296 857 j-iuuant,
3318 791 3397 845 tui
3441 807 3545 846 att-

1941 889 2051 937 tem
2083 883 2334 950 discipuli
2371 898 2475 936 non
2505 882 2802 952 jejunant?
2859 882 2926 936 Et
2970 884 3110 936 dixit
3162 882 3273 938 illis
3316 881 3484 939 Iesus
3525 899 3541 937 :

1939 973 2083 1029 Num
2126 986 2359 1044 pOSsuut
2418 976 2512 1029 lilii
2550 976 2777 1029 thalami
2811 974 3088 1044 nuptialis,
3138 975 3196 1029 in
3246 991 3358 1045 quo
3411 990 3537 1031 cum

1940 1067 2047 1120 illis
2079 1081 2315 1136 sponsus
2345 1079 2447 1131 est,
2464 1065 2723 1135 jejunare
2748 1065 2773 1119 2
2803 1065 3059 1131 Quandiu
3107 1081 3298 1120 secum
3332 1068 3542 1122 habent

1936 1175 2223 1229 sponsum,
2286 1175 2394 1214 nou
2453 1170 2683 1229 possunt
2732 1158 3010 1227 jejunare.
3067 1157 3305 1212 Venient
3353 1173 3537 1215 autem

1935 1236 2053 1305 dies
2079 1266 2203 1303 cum
2229 1250 2516 1303 auferetur
2544 1248 2613 1301 ab
2648 1248 2730 1302 eis
2755 1263 3016 1317 sponsus,
3048 1258 3107 1301 et
3153 1258 3284 1303 tunc
3323 1249 3541 1320 jejuna-

1934 1342 2071 1394 bunt
2099 1340 2154 1392 in
2185 1339 2292 1392 illis
2317 1341 2529 1399 diebus.
2569 1358 2589 1391 ι
2631 1337 2796 1410 184
2852 1339 3113 1409 Discipuli
3152 1338 3384 1394 Joannis
3431 1342 3533 1395 im-

1933 1434 2292 1505 perfectiores
2348 1433 2530 1487 adhuc
2590 1430 2839 1487 Judaicis
2881 1433 3127 1488 moribus
3180 1434 3475 1489 studebant
3520 1452 3537 1488 :

1933 1527 2079 1579 unde
2102 1524 2325 1593 quidam
2350 1524 2687 1578 accedebant
2712 1525 2781 1578 ad
2809 1523 3096 1580 Christum
3140 1526 3198 1580 in
3221 1529 3535 1599 exemplum

1933 1618 2084 1685 ipsos
2121 1615 2487 1685 proferentes,
2530 1626 2584 1669 et
2618 1618 2884 1671 laxabant
2922 1634 3097 1687 quare
3125 1620 3380 1687 discipuli
3420 1622 3541 1691 ejus

1933 1724 2038 1761 nun
2072 1708 2407 1776 jejunarent,
2432 1709 2576 1763 sicut
2598 1708 2722 1777 ipsi.
2755 1711 2825 1763 At
2850 1710 2937 1765 hic
2962 1726 3112 1766 nunc
3136 1712 3356 1780 quidem
3378 1714 3535 1777 dicit,

1940 1799 2193 1868 Sponsus
2219 1816 2341 1855 sum
2375 1816 2501 1871 ego,
2526 1810 2585 1855 et
2615 1813 2833 1871 oportet
2862 1802 2987 1858 illos
3006 1805 3153 1858 bono
3175 1819 3299 1860 esse
3326 1807 3535 1872 animo,

1928 1904 1986 1945 et
2009 1909 2113 1945 non
2141 1892 2397 1962 jejuuare
2434 1910 2450 1949 :
2482 1894 2575 1948 ubi
2598 1904 2783 1948 autem
2810 1908 2915 1963 ego
2944 1910 2977 1950 e
3026 1897 3135 1950 vita
3175 1899 3276 1951 hac
3323 1898 3539 1953 ablatus

1934 1985 2111 2045 fuero,
2152 1995 2285 2038 tunc
2310 1986 2568 2052 ingruerit
2602 1986 2962 2050 tentaliones,
2990 1995 3046 2039 et
3100 1986 3433 2056 jejuuabunt
3470 2004 3538 2042 ac

216 2084 357 2137 ὅταν
388 2083 445 2136 δὲ
474 2083 632 2154 ἀρθῶ
673 2081 789 2151 ἐγὼ
833 2082 943 2136 ἀπὸ
971 2059 1067 2136 τοῦ
1122 2082 1241 2153 βίου
1288 2059 1508 2146 τούτου,
1547 2059 1673 2135 τότε
1708 2059 1829 2136 πει-

1940 2076 2257 2145 allligentur.
2308 2074 2548 2129 Proinde
2585 2091 2849 2149 sponsum
2914 2078 3159 2145 seipsum
3192 2088 3375 2144 vocat,
3426 2094 3535 2133 non

220 2175 466 2243 ρασμοῖς
492 2175 913 2241 περιπεσόντες,
942 2174 1040 2227 καὶ
1082 2175 1451 2243 νηστεύσουσι
1501 2175 1599 2229 καὶ
1632 2174 1826 2246 ολιόή-

219 2282 440 2320 σονται.
479 2266 738 2337 Νυμφίον
768 2265 870 2337 μὲν
896 2261 992 2319 οὖν
1026 2266 1223 2319 ἑαυτὸν
1265 2267 1553 2338 ὀνομάζει,
1578 2269 1640 2321 οὐ
1665 2267 1824 2338 μόνον

217 2358 304 2420 ὡς
330 2359 751 2429 νυμφευόμενον
804 2358 906 2421 τάς
946 2358 1255 2431 παρθένους
1299 2359 1501 2431 ψυχάς,
1545 2360 1684 2415 ἀλλά
1731 2362 1828 2414 καὶ

215 2448 363 2502 διότι
413 2453 443 2503 ό
501 2450 696 2522 καιρὸς
742 2451 845 2521 τῆς
886 2449 1115 2521 πρώτης
1172 2452 1484 2521 παρουσίας
1530 2453 1721 2517 αὐτοῦ,
1764 2455 1827 2507 οὐ

219 2541 489 2607 πένθους,
546 2544 670 2596 οὐδὲ
703 2543 1173 2614 σκυθρωπότητός
1204 2545 1342 2597 ἐστι·
1376 2546 1491 2607 τοῖς
1535 2548 1615 2608 είς
1664 2547 1828 2600 αὐτὸν

218 2635 604 2698 πιστεύουσιν,
636 2636 760 2690 οὐδὲ
810 2638 1017 2699 κόπους
1066 2636 1232 2706 ἔχων,
1271 2636 1392 2689 ἀλλ’
1424 2638 1682 2702 εὐκόπως
1730 2642 1829 2693 καὶ

218 2727 403 2798 χωρὶς
433 2728 614 2797 ἔργων
642 2725 753 2779 τῶν
804 2726 901 2779 τοῦ
928 2727 1122 2797 νόμου,
1164 2725 1257 2780 διά
1296 2727 1393 2781 τοῦ
1445 2727 1843 2801 βαπτίσματος

218 2817 532 2872 ἀναπαύων
559 2818 731 2888 ἡμᾶς.
761 2818 922 2881 Dolo;
948 2819 1059 2888 γάρ
1078 2818 1242 2883 πόνος
1268 2819 1641 2889 βαπτίσασθαι
1667 2838 1682 2888 ;
1712 2822 1831 2875 ἀλλ’

217 2909 380 2979 ὅμως
433 2908 525 2961 διὰ
561 2908 659 2961 τοῦ
694 2909 961 2981 εὐχεροῦς
1004 2910 1222 2976 τούτου,
1260 2913 1540 2983 σωτηρίαν
1572 2914 1828 2983 εὑρίσκο-

221 3017 356 3072 μεν.
388 2999 507 3053 Υἱοὶ
542 3000 601 3053 δὲ
633 3002 945 3071 νυμφῶνος,
979 3002 1031 3055 οί
1056 3002 1373 3066 ἀπόστολοι,
1411 3006 1489 3069 ὠς
1518 3004 1618 3075 τῆς
1653 3009 1829 3078 χαρᾶς

218 3091 325 3145 τοῦ
374 3092 585 3164 Κυρίου
617 3093 714 3146 καὶ
770 3094 927 3148 αὐτοὶ
969 3094 1421 3164 καταξιούμενοι,
1481 3096 1579 3149 καὶ
1629 3098 1830 3162 παντὸς

220 3184 563 3255 ἐπουρανίου
595 3184 807 3253 ἀγαθοῦ
841 3186 939 3238 καὶ
978 3185 1164 3257 πάσης
1190 3186 1389 3257 ἡδονῆς
1425 3187 1672 3259 μέτοχοι.
1694 3190 1827 3242 Νόει

218 3277 284 3330 δι
314 3277 415 3329 καὶ
442 3274 639 3341 οὕτως,
690 3277 774 3330 ὅτι
824 3280 932 3341 πᾶς
964 3278 1280 3348 ἄνθρωπος,
1334 3283 1465 3334 ὅταν
1493 3282 1596 3352 τὴν
1626 3284 1831 3353 ἀρετὴν

217 3367 558 3441 ἐργάζηται,
592 3368 707 3431 υίὸς
737 3370 1030 3439 νυμφῶνός
1054 3372 1222 3425 ἐστιν.
1272 3372 1415 3436 Ἕως
1464 3373 1566 3442 μὲν
1591 3372 1683 3426 οὖν
1716 3373 1829 3443 ἔχει
1857 3411 1902 3468 c

222 3462 357 3531 μεθ’
384 3461 585 3515 ἑαυτοῦ
616 3462 709 3515 τὸν
736 3463 975 3531 νυμφίον
1004 3463 1265 3532 Χριστὸν,
1288 3464 1351 3517 οὐ
1376 3466 1650 3536 νηστεύει,
1676 3484 1809 3519 τουτ

218 3558 403 3622 ἐστιν,
442 3557 503 3609 οὐ
570 3557 640 3609 τὰ
668 3556 768 3626 τῆς
794 3556 1088 3626 μετανοίας
1115 3556 1254 3628 ἔργα
1277 3558 1669 3613 ἐπιδείκνυται.
1703 3560 1830 3621 Πῶς

218 3648 342 3718 γὰρ
372 3648 401 3699 6
432 3646 509 3717 μὴ
532 3647 743 3700 πταὲων
766 3662 781 3710 ;
810 3647 984 3701 Ὅταν
1004 3648 1062 3701 δὲ
1076 3647 1218 3719 ἀρθῇ
1242 3650 1340 3702 ἀπ’
1362 3650 1529 3703 αὐτοῦ
1550 3650 1580 3703 6
1596 3650 1831 3722 νυμφίος

216 3740 494 3810 Χριστὸς,
538 3739 619 3802 εἰς
672 3739 961 3810 ἁμαρτίαν
992 3738 1198 3810 δηλαδὴ
1232 3739 1654 3811 όλισθήσαντος,
1705 3741 1830 3794 τότε

218 3832 489 3905 νηστεύει
524 3834 620 3886 καὶ
644 3835 919 3903 μετανοεῖ,
947 3831 1034 3885 (va
1061 3832 1160 3903 τὴν
1188 3832 1475 3904 ἁμαρτίαν
1508 3833 1754 3904 ίάσηται.

307 3944 329 3977 ι
368 3924 557 3987 Οὐδεὶς
588 3924 874 3995 ἐπίϐλημα
924 3924 1130 3996 ῥάκους
1185 3926 1437 3995 ἀγνάφου
1495 3927 1831 3997 empsim-si

215 4018 327 4073 ἐπὶ
362 4017 564 4087 ίματίῳ
590 4015 827 4087 παλαιῷ,
868 4018 917 4069 εί
941 4015 1000 4068 δὲ
1033 4016 1132 4087 μὴ,
1164 4016 1393 4087 αίρειτδ
1418 4016 1695 4088 πλήρωμα
1730 4018 1833 4070 αύ-

213 4109 325 4165 τοῧ
366 4110 428 4163 τὸ
461 4110 652 4162 καινὸν
679 4108 777 4161 τοῦ
804 4109 1068 4172 παλαιοῦ,
1098 4109 1197 4161 καὶ
1226 4113 1411 4180 χεῖρον
1444 4112 1653 4181 σχίσμα
1686 4100 1833 4179 γίνε-

211 4224 346 4261 ται.
399 4207 511 4259 Καὶ
542 4205 719 4269 οὐδεὶς
775 4204 961 4275 βάλλει
1018 4201 1165 4259 οἶνον
1197 4206 1319 4259 νέον
1348 4207 1431 4269 είς
1483 4209 1691 4269 ἀσκοὺς
1726 4226 1831 4259 πα-

214 4295 442 4358 λαιούς·
472 4295 522 4347 εἰ
561 4295 619 4348 δὲ
652 4294 750 4367 μὴ,
780 4296 976 4365 ρήσσει
1006 4298 1036 4348 6
1088 4295 1209 4357 νέος
1234 4296 1365 4360 τούς
1404 4298 1635 4359 ἀσκοὺς,
1668 4300 1765 4349 καὶ
1803 4298 1832 4349 6

208 4384 379 4450 οἶνος
407 4389 677 4459 ἐκχεῖται,
709 4388 806 4439 καὶ
851 4388 903 4439 οἱ
936 4388 1098 4439 ἀσκοὶ
1138 4387 1491 4440 ἀπολοῦνταιθ
1527 4388 1665 4440 ἀλλά
1688 4385 1833 4440 οἶνον

211 4480 357 4534 νέον
377 4480 457 4540 είς
492 4478 698 4539 ἀσκοὺς
726 4477 950 4538 καινοὺς
1000 4476 1252 4548 βλητέον.
1299 4497 1318 4529 ι
1358 4478 1599 4549 Ὥσπερ,
1641 4484 1831 4552 φησὶν,

211 4572 272 4625 εἰ
304 4568 477 4640 ῥάκος
509 4567 777 4636 ἀγναφον,
810 4568 1067 4620 τουτέστι
1088 4569 1300 4634 καινὸν,
1336 4570 1665 4642 ἐπιϐληθείη
1705 4574 1835 4642 ίμα-

208 4662 333 4732 τίῳ
370 4658 610 4728 παλαιῷ,
634 4658 994 4728 διαρρήγνυσι
1016 4658 1179 4712 τοῦτο
1198 4663 1265 4731 τῇ
1284 4661 1464 4732 οἰκείᾳ
1483 4664 1829 4734 στεῤῥὸτητι,

1929 2169 2109 2223 solum
2144 2169 2289 2238 quod
2318 2154 2884 2237 despousetivirgines
2917 2164 3151 2233 animas,
3184 2174 3280 2223 sed
3308 2180 3366 2224 et
3390 2174 3536 2237 quod

1934 2270 2147 2331 tempus
2199 2259 2359 2329 primi
2420 2259 2502 2311 sui
2548 2259 2839 2323 adventus,
2896 2274 3003 2312 non
3056 2271 3273 2328 tempus
3322 2259 3527 2323 luctus.

1929 2368 2111 2422 neque
2138 2351 2483 2407 austeritatis
2514 2362 2601 2406 est
2636 2350 2704 2405 iis
2728 2353 2821 2420 qui
2857 2352 2911 2405 in
2954 2351 3105 2405 illum
3139 2355 3396 2415 credunt,
3434 2368 3533 2407 ne-

1931 2450 2039 2516 que
2072 2446 2291 2501 labores
2323 2445 2553 2509 habens,
2582 2445 2677 2499 sed
2721 2444 2884 2499 facile
2931 2453 2987 2499 et
3022 2443 3233 2513 absque
3272 2446 3537 2515 operibus

1934 2534 2065 2603 legis
2101 2549 2199 2603 per
2235 2532 2573 2601 baptismum
2619 2531 2935 2588 refocillans
2984 2549 3107 2589 nos.
3150 2535 3341 2601 Qualis
3386 2537 3537 2588 enim

1931 2624 2088 2679 labor
2120 2625 2432 2695 baptizari?
2462 2636 2707 2679 attamen
2758 2639 2856 2695 per
2885 2625 3074 2680 facilia
3131 2627 3249 2680 haec
3293 2627 3534 2681 salutem

1931 2718 2350 2785 consequimur.
2375 2715 2500 2770 Filii
2536 2726 2720 2771 autem
2753 2716 3004 2782 thalami,
3046 2716 3303 2785 apostoli,
3348 2726 3538 2787 utpote

1932 2820 1987 2861 et
2024 2808 2127 2877 ipsi
2166 2808 2511 2862 Dominicum
2549 2809 2809 2878 gaudium
2838 2810 3080 2864 assecuti
3110 2820 3165 2865 et
3196 2812 3380 2865 omnis
3410 2824 3531 2865 cus.

1934 2898 2087 2952 Iesus
2108 2898 2235 2951 boni
2272 2912 2337 2951 ac
2376 2898 2677 2967 voluptatis
2716 2898 2889 2953 totius
2935 2900 3255 2969 participes.
3287 2898 3538 2970 lutellige

1932 3002 2115 3041 autem
2143 2999 2196 3040 et
2228 2988 2309 3041 sic
2351 2989 2495 3056 quod
2557 2988 2739 3043 Omnis
2780 2990 2968 3053 homo,
3006 2991 3227 3059 quando
3272 2993 3535 3046 virtutem

1932 3093 2213 3150 operatur,
2259 3080 2402 3134 filius
2436 3090 2521 3134 est
2545 3082 2771 3134 thalami
2827 3082 3110 3149 nuptialis.
3140 3083 3396 3148 Quandiu
3425 3083 3534 3153 igi-

1936 3185 2022 3227 tur
2045 3174 2296 3228 habuerit
2343 3188 2534 3228 secum
2576 3190 2841 3243 Sponsum
2902 3177 3209 3239 Christum,
3236 3193 3368 3247 non
3392 3164 3543 3247 jejuo

1936 3279 2050 3331 nat,
2083 3267 2185 3319 hoc
2216 3276 2321 3331 est,
2358 3283 2466 3320 non
2494 3268 2739 3322 ostendit
2788 3284 2956 3337 opera
2994 3269 3336 3336 pauitantia“:
3370 3286 3384 3321 :
3426 3285 3528 3324 ue-

1934 3375 2042 3426 que
2079 3360 2226 3412 enim
2289 3360 2491 3415 cecidit
2542 3360 2815 3429 :quando
2872 3370 3057 3414 autem
3100 3362 3167 3415 ah
3214 3376 3283 3414 eo
3320 3362 3537 3417 ablatus

1937 3451 2103 3504 fuerit
2133 3452 2415 3515 Christus,
2465 3451 2869 3522 prolapsusque
2909 3453 3075 3507 fuerit
3116 3454 3170 3507 in
3228 3466 3535 3524 peccatum,

1935 3554 2064 3599 tunc
2093 3545 2331 3616 jejunat,
2364 3555 2418 3600 et
2445 3546 2824 3615 pmniteutiam
2853 3547 2991 3617 agit,
3024 3558 3083 3601 ut
3111 3563 3141 3601 a
3174 3557 3404 3618 peccato
3442 3563 3543 3603 sa-

1934 3650 2115 3694 1181111⁵.

2007 3931 2177 3988 Vsus.
2206 3930 2407 3985 20-22.
2446 3948 2466 3983 ι
2505 3928 2574 3984 Ει
2624 3946 2788 3986 nemo
2832 3946 3211 3989 assumcntum
3245 3938 3408 4005 panni
3442 3954 3535 3994 ru-

1935 4027 2022 4081 dis
2047 4025 2221 4080 assuit
2248 4024 2583 4079 vestimento
2614 4026 2782 4080 veteri
2828 4043 2842 4079 :
2885 4025 3128 4097 alioquin
3177 4029 3359 4084 aufert
3402 4048 3540 4103 sup-

1936 4119 2268 4189 plementum
2303 4116 2424 4186 eius
2452 4131 2654 4170 novum
2690 4131 2723 4171 a
2766 4118 2965 4181 veteri,
3002 4129 3058 4172 et
3090 4124 3244 4189 pejor
3298 4123 3537 4177 scissura

1936 4211 2016 4266 ﬁt.
2048 4212 2113 4264 Et
2143 4225 2303 4265 nemo
2321 4209 2487 4263 mittit
2510 4210 2696 4263 vinum
2729 4221 2972 4265 mustum
3008 4212 3059 4264 in
3095 4222 3247 4266 utres
3277 4222 3495 4268 veteres
3522 4233 3539 4268 :

1936 4304 2137 4371 alioqui
2182 4302 2475 4371 disrumpit
2516 4304 2699 4358 viuum
2749 4313 2989 4360 mustum
3026 4316 3201 4371 utres,
3234 4317 3289 4360 et
3351 4309 3537 4360 vinum

1935 4396 2258 4460 ell‘unditnr,
2294 4408 2350 4450 et
2384 4399 2537 4452 utres
2562 4406 2793 4466 pereunt
2822 4415 2838 4450 :
2868 4400 2962 4451 sed
2994 4400 3183 4452 vinum
3215 4412 3458 4453 mustum
3486 4403 3541 4453 in

1939 4499 2090 4544 utres
2150 4504 2321 4543 novos
2382 4490 2521 4543 mitti
2574 4490 2757 4545 debet.
2801 4508 2822 4541 ι
2887 4490 3397 4559 Quemadmodum,
3455 4493 3543 4546 in-

1936 4581 2080 4650 quit,
2117 4597 2330 4650 pannus
2362 4582 2533 4653 rudis,
2569 4582 2671 4635 hoc
2701 4592 2785 4635 est
2832 4598 3028 4647 novus,
3077 4584 3126 4637 si
3160 4594 3417 4638 assnatur
3446 4600 3540 4638 ve—

1941 4676 2204 4729 5timento
2238 4677 2431 4741 veteri,
2486 4691 2584 4729 sua
2623 4675 2885 4729 ﬁrmitate
2943 4675 3075 4731 illud
3123 4677 3406 4741 discindit,
3457 4683 3538 4735 vi-

208 4752 377 4817 οἶνός
398 4769 461 4805 τε
506 4752 628 4813 νέος
658 4754 722 4822 τῇ
752 4751 923 4805 αὐτοῦ
954 4752 1255 4822 θερμότητι
1313 4755 1440 4817 τούς
1489 4756 1699 4819 ἀσκοὺς
1730 4774 1830 4810 πα-

1948 4782 2187 4835 nuntque
2217 4783 2416 4822 novum
2451 4781 2548 4820 sua
2576 4768 2906 4821 testuatione
2948 4778 3102 4822 utres
3150 4779 3365 4825 veteres
3420 4772 3533 4826 dis-

208 4848 425 4911 λατοῦς
466 4847 818 4918 διαρῤήσσει,
848 4845 996 4899 οὕτω
1042 4848 1139 4899 καὶ
1164 4848 1217 4899 σί
1265 4848 1510 4918 μαθηταί
1543 4866 1648 4920 μου
1682 4850 1830 4905 οὐπω

1947 4859 2153 4927 rumpit
2185 4877 2201 4912 :
2232 4858 2315 4915 sic
2331 4858 2496 4913 etiam
2529 4858 2779 4927 discipuli
2812 4860 2917 4913 mei
2952 4861 3194 4914 nondum
3240 4862 3366 4918 lacti
3402 4874 3542 4919 sunt

211 4942 531 5013 γεγόνασιν
559 4942 679 5009 ίσχυ
690 4940 792 5008 pol,
822 4938 964 4993 ὥστε
984 4940 1081 4993 ἐὰν
1111 4938 1444 5012 βαρήσωμεν
1466 4944 1687 5009 αὐτοὺς,
1717 4944 1830 5013 βλά·

1944 4952 2115 5007 fortes
2143 4970 2159 5008 :
2196 4953 2380 5022 itaque
2411 4953 2454 5007 si
2488 4968 2792 5024 gravavero
2842 4952 3014 5022 ipsos,
3048 4953 3343 5011 nll'endam.
3383 4956 3541 5013 Vete-

207 5037 439 5105 ψομεν.
478 5032 736 5094 Παλαιοῖς
759 5030 871 5101 γὰρ
901 5031 1145 5085 ἐοίκασιν
1181 5034 1443 5103 ἱματίοις,
1467 5034 1557 5087 διὰ
1582 5036 1646 5088 τὸ
1678 5037 1830 5090 a603-

1946 5045 2096 5098 ribus
2130 5046 2275 5098 enim
2330 5046 2677 5098 vestimentis
2706 5044 2916 5100 similes
2981 5057 3129 5113 sunt,
3164 5048 3236 5103 ob
3296 5050 3542 5118 ipsorum

210 5128 322 5187 νὲς
359 5123 460 5192 τῆς
489 5121 671 5175 αὐτῶν
702 5121 950 5193 γνώμης.
985 5122 1061 5174 Οὐ
1095 5122 1203 5193 χρὴ
1251 5119 1347 5175 οὖν
1391 5125 1708 5179 επιῦάλλειν
1741 5127 1830 5179 αὐ‹

1945 5136 2116 5191 animi
2152 5137 2607 5192 imbecillitatem.
2633 5136 2750 5191 Non
2782 5149 3001 5207 Oportet
3035 5141 3200 5210 igitur
3236 5142 3358 5198 illos
3390 5146 3544 5214 gravi

208 5222 348 5281 τοῖς
390 5216 454 5268 τὸ
484 5215 581 5283 τῆς
630 5214 887 5285 νηστείας
930 5214 1071 5285 βαρὺ
1134 5215 1417 5286 ἐπίταγμα
1446 5232 1461 5246 ο
1494 5216 1528 5287 ἢ
1561 5217 1658 5270 καὶ
1696 5218 1830 5273 οὕτω

1940 5226 2278 5296 jejuniorum
2327 5239 2601 5298 przecepto
2627 5244 2885 5283 onerare.
2917 5230 3018 5285 Vel
3050 5234 3217 5286 etiam
3261 5235 3342 5287 sic
3382 5235 3542 5289 intel-

214 5313 471 5380 νοήσαις
493 5323 510 5338 ⁸
571 5308 635 5361 ΟΞ
666 5307 763 5363 τοῦ
814 5307 1057 5378 Χριστοῦ
1092 5309 1334 5377 μαθηταὶ
1364 5312 1546 5363 καινοὶ
1576 5311 1753 5379 ὄντες,
1778 5315 1839 5366 οὐ

208 5406 502 5459 δύνανται
532 5400 811 5454 δουλεύειν
836 5400 1089 5463 παλαιοῖς
1110 5402 1258 5454 ἔθεσι
1292 5402 1389 5457 καί
1415 5404 1622 5473 νόμοις.

307 5516 332 5549 σ
417 5495 531 5548 Καὶ
592 5494 814 5561 ἐγένετο
860 5494 1352 5565 παραπορεύεσθαι
1394 5497 1560 5549 αὐτὸν
1605 5499 1666 5549 ὲν
1726 5502 1841 5563 τοῖς

214 5584 493 5644 Σάϐϐασι
528 5585 619 5637 διὰ
634 5584 745 5635 τῶν
786 5584 1099 5653 σπορίμων,
1128 5587 1221 5638 καὶ
1248 5586 1488 5657 ἧρξαντο
1513 5590 1562 5639 οἱ
1599 5588 1842 5658 μαθηταὶ

210 5676 413 5737 αὐτοῦ
442 5674 734 5739 ὁδοποιεῖν,
769 5675 1047 5739 τίλλοντες
1074 5678 1200 5741 τοὺς
1232 5680 1495 5747 στάχυας,
1526 5681 1622 5732 καὶ
1652 5683 1701 5733 οἱ
1730 5683 1842 5735 Φα-

220 5772 456 5846 ρισαῖοι
488 5767 680 5834 ἔλεγον
702 5767 854 5838 αὐτῷ
876 5784 892 5799 ⁶
928 5771 1037 5822 Ἴδε
1070 5771 1125 5821 τί
1174 5772 1424 5825 ποιοῦσιν
1450 5774 1509 5825 ὲν
1552 5778 1667 5837 τοῖς
1696 5775 1840 5827 Σάϐο

207 5863 409 5917 (ἴασιν
436 5858 467 5910 δ
499 5858 604 5909 οὐκ
629 5856 848 5925 iisan;
878 5861 985 5912 Καὶ
1037 5860 1203 5924 αὐτὸς
1246 5862 1435 5930 ἔλεγεν
1484 5865 1700 5927 αὐτοῖς·
1735 5868 1841 5919 θὺ-

206 5952 439 6009 binos:
470 5946 746 6015 ἀνέγνωτε
782 5952 833 6001 τί
861 5952 1087 6019 ἐποίησε
1140 5953 1307 6007 Δαὸὶδ
1344 5956 1433 6008 ὅτε
1465 5958 1658 6027 χρείαν
1692 5958 1842 6028 ἔσχε,

211 6045 328 6101 καὶ
361 6041 661 6095 ἐπείνασεν
692 6042 854 6107 αὐτός
894 6045 989 6099 καὶ
1024 6048 1071 6098 nl
1105 6048 1227 6117 μετ’
1252 6048 1419 6103 αὐτοῦ
1451 6070 1465 6118 ;
1503 6054 1616 6117 πῶς
1658 6056 1840 6125 εἰσῆλα

1946 5320 2088 5390 liget
2130 5322 2388 5391 Discipuli
2427 5320 2658 5385 Christi,
2699 5337 2825 5376 cum
2859 5323 2969 5377 sint
3002 5328 3150 5391 novi,
3172 5340 3281 5379 non
3316 5338 3547 5395 possunt

1946 5414 2158 5467 servire
2194 5416 2392 5482 priscis
2422 5416 2670 5470 moribus
2698 5428 2754 5471 et
2782 5418 3011 5489 legibus.

2019 5504 2187 5559 Vens.
2219 5505 2414 5561 25-28.
2454 5525 2473 5556 t
2517 5506 2583 5559 Et
2622 5508 2824 5562 accidit
2859 5517 2918 5562 ut
2965 5511 3226 5565 transiret
3290 5511 3549 5568 Sabbatis

1948 5613 2044 5664 per
2072 5609 2306 5667 segetes,
2352 5608 2408 5652 et
2452 5609 2740 5667 cmpernut
2799 5600 3057 5668 discipuli
3088 5601 3206 5669 ejus
3238 5605 3381 5657 inter
3403 5606 3545 5659 viam

1948 5692 2154 5744 vellere
2179 5691 2383 5760 spiras,
2432 5700 2489 5747 et
2519 5690 2783 5747 Phariszei
2822 5693 3081 5748 dicebant
3117 5698 3166 5749 ei
3205 5715 3219 5749 :
3249 5696 3411 5763 Ecce,
3449 5716 3553 5753 cur

1950 5782 2155 5837 faciunt
2184 5783 2441 5839 Sabhatis
2469 5786 2613 5854 quod
2660 5802 2771 5839 non
2828 5785 2991 5841 licet?
3029 5787 3095 5841 Et
3138 5790 3254 5857 ipse
3283 5791 3361 5843 ait
3390 5791 3498 5844 illis
3532 5810 3547 5844 :

1948 5876 2235 5945 Nunquam
2293 5879 2503 5949 legistis
2556 5879 2689 5949 quid
2750 5877 2948 5933 fecerit
3006 5882 3197 5947 David,
3240 5896 3364 5935 cum
3414 5897 3552 5953 opus

1954 5974 2200 6037 haberet,
2236 5984 2289 6028 et
2328 5975 2566 6029 esuriret
2595 5976 2711 6044 ipse
2745 5988 2799 6030 et
2824 5978 2913 6044 qui
2943 5993 3067 6031 cum
3094 5995 3160 6031 eo
3181 5979 3380 6031 erant?
3407 5996 3550 6050 quo-

1958 6067 2115 6121 modo
2168 6066 2444 6137 ingressus
2486 6068 2556 6123 sit
2610 6069 2661 6122 in
2719 6068 2939 6123 demum
3008 6070 3097 6125 Dei
3151 6072 3551 6131 subibiatltat’
