4028 6604
181 554 274 617 £21

888 539 1343 605 ENARRATIO
1382 538 1466 599 IN
1503 534 2009 599 EVANGELIUM
2052 534 2318 597 MARCI.
2343 560 2413 571 ·-
2441 532 2603 597 CAP.
2648 532 2743 595 III
2751 579 2764 595 .

3348 535 3457 605 522

183 679 414 733 γματος.
458 657 750 713 Ἐπιπλιον
796 654 853 709 δδ
912 654 1112 717 αὐτοὺς
1170 651 1265 707 καὶ
1320 650 1415 704 νῦν
1464 650 1761 722 ἐντρέπων,

1879 647 1979 717 puii
2030 647 2168 717 ejus,
2215 656 2273 702 ut
2300 654 2354 701 ct
2381 646 2509 716 ipse
2543 654 2797 716 operetur
2827 644 2882 702 in
2919 643 3007 700 die
3041 642 3265 702 Sabhati
3296 647 3464 702 mira.

187 755 614 827 θαυματουργεϊ,
642 748 904 804 δεικνύων
933 749 1041 815 ὅτι,
1074 744 1348 800 Τοσοῦτον
1377 744 1477 814 οὐχ
1513 742 1764 815 ἀμαρτάο

182 865 362 902 νουσιν
384 848 432 901 οί
466 842 705 915 μαθηταί
738 857 863 912 μου,
888 840 1032 894 ὥστε
1058 838 1156 894 καὶ
1197 835 1363 901 αὐτὸς
1392 835 1504 907 ἐγὼ
1533 833 1766 905 ἐργάζο-

183 956 279 1011 μαι
311 941 367 992 ὲν
400 940 467 1010 τῇ
516 935 706 1006 ἡμέρᾳ
742 931 837 986 τοῦ
872 930 1175 995 Σαϐϐάτου,
1224 928 1425 999 θαῦμα.
1458 923 1767 983 ἐπιδεικνύ-

184 1049 341 1102 μενος
361 1046 376 1063 ο
407 1028 549 1086 ὥστε
588 1027 637 1079 εί
691 1024 863 1080 κακόν
896 1024 1015 1080 ἐστι
1040 1022 1105 1076 τὸ
1150 1021 1615 1094 θαυματουργεῖν,
1649 1018 1765 1074 εστι

181 1124 355 1178 κακὸν
388 1118 576 1183 άπλῶς
608 1122 704 1172 καὶ
738 1118 800 1173 τὸ
837 1113 1171 1187 ἐργάζεσθαι
1198 1114 1270 1169 τά
1301 1114 1575 1181 ἀναγκαῖα
1606 1112 1665 1167 ἰν
1688 1111 1765 1183 τῷ

178 1215 457 1283 Σαϐϐάτῳ’
490 1210 629 1265 ἀλλὰ
658 1209 765 1282 μὴν
787 1209 849 1263 τὸ
873 1205 1339 1277 θαυματουργεῐν.
1393 1204 1486 1258 lui
1519 1203 1766 1276 σωτηρίᾳ

176 1300 488 1373 ἀνθρώπου,
520 1298 665 1353 θεῖόν
696 1300 845 1352 ἑστιν
870 1337 886 1363 ,
914 1296 1016 1349 οὐκ
1045 1294 1156 1365 ἀρα
1190 1292 1505 1364 παρανομεῖ
1546 1292 1575 1343 ὁ
1604 1292 1661 1344 ὲν
1685 1290 1767 1359 τῷ

178 1392 443 1462 Σαϐϐάτῳ
481 1390 557 1463 μὴ
590 1390 761 1445 κακόν
810 1406 863 1443 τι
906 1386 1300 1457 ἐργαζόμενος.
1340 1384 1438 1441 Διά
1480 1381 1643 1436 τοῦτο
1674 1379 1767 1439 οὖν

177 1488 271 1539 καὶ
292 1485 472 1555 ἐρωτᾷ
492 1483 693 1547 αὐτοὺς
719 1483 769 1535 εί
795 1481 1007 1548 ἔξεστιν
1030 1477 1458 1547 ἀγαθοποιῆσαι,
1486 1476 1767 1546 ἀντρέπων

180 1576 381 1637 αὐτοὺς
416 1576 492 1642 ὡς
530 1573 843 1636 κωλύοντας
891 1571 1058 1627 αὑτὸν
1091 1570 1205 1625 ἀπὸ
1241 1568 1336 1623 τοῦ
1380 1566 1764 1638 ἀγαθοποιετν·

177 1668 353 1739 ξηράν
380 1669 437 1722 δὲ
465 1668 579 1740 ἔχει
610 1667 708 1739 τὴν
736 1664 895 1737 χεῖρα
930 1664 1029 1736 τὴν
1059 1662 1241 1731 δεξιάν
1273 1663 1385 1727 πᾶς
1412 1662 1441 1715 ὁ
1478 1660 1555 1733 μὴ
1590 1660 1768 1731 πράτ-

175 1778 285 1814 των
315 1760 384 1814 τά
412 1760 511 1829 τῆς
542 1759 723 1824 δεξιᾶς
777 1756 995 1829 μερίδος
1029 1754 1191 1826 ἔργα.
1245 1744 1391 1826 Πρὸς
1430 1751 1489 1807 ὃν
1540 1751 1692 1821 λέγει
1741 1752 1771 1803 ὁ

176 1852 433 1922 Χριστός
463 1852 742 1923 Ἔγειραι,
764 1848 1070 1915 τουτὲστιν,
1088 1846 1324 1903 ’Δνάστα
1346 1843 1455 1899 ἀπὺ
1473 1842 1575 1914 τῆς
1589 1842 1774 1914 ἀμαρ-

174 1945 318 2011 τίας,
368 1946 463 1998 καὶ
494 1942 654 2013 στῆθι
700 1943 781 2005 είς
814 1942 876 1995 τὸ
932 1940 1123 2012 μισον,
1174 1939 1483 2003 τουτέστιν,
1536 1938 1617 2000 είς
1668 1936 1770 2005 τὴν

1869 738 2053 795 culum
2095 737 2303 794 faciens
2331 756 2345 794 :
2381 740 2453 793 ita
2493 746 2553 792 ut
2580 738 2628 794 si
2656 736 2859 798 malum
2880 739 2950 793 sit
2979 738 3193 808 operari
3226 739 3464 797 miracu.

1869 830 2006 903 lum,
2022 830 2345 903 simpliciter
2365 829 2567 893 malum
2585 828 2828 887 futurum
2853 829 2927 885 sit
2947 844 3163 900 operari
3182 831 3347 903 186
3370 845 3467 888 ne-

1870 937 2021 979 cessa
2036 922 2115 977 ria
2138 921 2191 977 in
2217 919 2457 979 Sahbato
2479 938 2493 988 ;
2514 922 2609 977 sed
2624 920 2944 976 miraculum
2959 919 3141 976 facere
3166 921 3219 976 in
3233 922 3462 981 salutem

1872 1011 2130 1077 hominis,
2175 1012 2416 1067 divinum
2444 1022 2528 1067 est
2562 1028 2576 1065 :
2612 1024 2718 1071 non
2748 1011 2918 1082 igitur
2950 1012 3345 1081 pravaricatur
3374 1014 3471 1085 qui

1871 1106 1927 1161 in
1986 1104 2226 1161 Sabhato
2272 1106 2417 1175 quod
2470 1103 2675 1159 malum
2714 1115 2950 1172 nonest,
3006 1114 3291 1177 operatur.
3339 1105 3474 1164 Pro-

1871 1209 2056 1271 pterea
2094 1198 2595 1270 etiam‘int‘errogat
2625 1198 2746 1254 illos
2781 1214 2910 1255 num
2936 1200 3097 1255 liceat
3121 1199 3467 1271 benefacere,

1874 1299 2067 1360 notans
2090 1302 2185 1344 eos
2218 1295 2277 1342 ut
2306 1288 2626 1345 benefacere
2666 1302 2791 1344 eum
2828 1290 3205 1360 prohibentes.
3242 1290 3467 1366 Aridam

1874 1390 2055 1436 autem
2099 1381 2380 1435 dexteram
2424 1382 2602 1437 omnis
2634 1381 2798 1437 habet
2824 1382 2915 1452 qui
2938 1397 3103 1453 opera
3135 1398 3325 1439 eorum
3362 1401 3470 1446 non

1876 1469 2007 1527 facit
2038 1472 2129 1540 qui
2165 1474 2231 1526 ad
2260 1472 2539 1531 dexteram
2575 1482 2785 1543 partem
2832 1476 3127 1545 pertinent.
3183 1476 3265 1531 Ad
3307 1492 3470 1549 quem

1874 1565 2128 1622 Christus
2174 1566 2329 1632 dicit,
2362 1567 2637 1633 Excitare,
2674 1568 2779 1624 hoc
2816 1577 2920 1633 est,
2955 1568 3135 1641 Surge
3162 1586 3193 1626 a
3226 1581 3477 1643 peccato,

1874 1670 1929 1715 et
1950 1668 2031 1715 sta
2059 1660 2112 1715 in
2153 1660 2351 1724 medio,
2389 1659 2493 1715 hoc
2518 1670 2601 1715 est
2658 1661 2711 1716 in
2765 1662 3143 1720 mediocritate
3183 1667 3470 1728 virtutum.

1876 1747 2067 1807 Omnis
2108 1751 2253 1807 enim
2284 1752 2458 1808 virtus
2505 1753 2856 1809 mediocritas
2884 1762 2990 1820 est,
3020 1770 3086 1811 eo
3115 1758 3260 1826 quod
3294 1774 3475 1828 neque

1876 1841 1929 1895 in
1984 1840 2276 1907 defectum,
2330 1857 2507 1918 neque
2558 1844 2613 1898 in
2661 1858 2947 1901 excessum
3008 1847 3265 1905 declinat.
3323 1851 3479 1908 Tunc

1875 1935 2042 2007 igitur
2077 1936 2295 2006 quando
2320 1949 2380 1991 se
2408 1936 2600 1992 statuit
2646 1937 2699 1991 in
2728 1938 3185 2006 mediocritatem,
3225 1942 3479 1999 restitui.

180 2033 457 2104 μεσότητα
489 2032 604 2086 τῶν
634 2031 866 2105 ἀρετῶν.
904 2032 1067 2086 Πᾶσα
1103 2029 1215 2099 γὰρ
1264 2026 1436 2100 ἀρετὴ
1461 2067 1478 2094 ,
1525 2024 1761 2097 μεσότης

1879 2037 1960 2083 iur
2008 2027 2230 2082 dextera
2284 2027 2336 2083 ei
2384 2042 2536 2086 sana.
2581 2025 2713 2085 Vide
2772 2039 2952 2085 autem
3027 2034 3172 2102 quod
3218 2034 3374 2103 dicit,
3405 2034 3474 2091 Et

175 2126 350 2190 ἐστὶν,
386 2123 510 2179 οὔτε
538 2126 620 2189 είς
649 2126 749 2196 τὴν
780 2106 1041 2193 ἔλλειψιν,
1070 2121 1195 2175 οὕτε
1223 2119 1425 2191 είςτὴν
1454 2116 1763 2190 ὑπερϐολὴν

179 2217 527 2272 ὲπινεύουσαο
564 2220 684 2275 τότε
714 2219 901 2274 τοίνυν
934 2218 1067 2273 ὅταν
1109 2216 1284 2285 σταθῇ
1339 2214 1419 2277 εις
1455 2212 1556 2285 τὴν
1598 2210 1760 2283 μεσό-

175 2328 340 2383 τητα,
380 2312 1027 2384 ἀποκατασταθήσεταιὴ
1059 2312 1185 2381 χεὶρ
1209 2306 1376 2365 αὑτοῦ
1405 2307 1589 2378 ὑγιής.
1617 2306 1762 2378 Ὅρα

175 2405 232 2458 δὲ
284 2408 380 2459 καὶ
428 2407 491 2459 τὸ
545 2403 1015 2473 ’Δποκατεστάθη
1052 2402 1300 2472 Καὶπγάρ
1330 2396 1399 2471 ἦν
1425 2400 1515 2453 ὅτε
1547 2398 1769 2469 εἴχομεν

176 2497 355 2566 ὑγιεῖς
391 2496 492 2562 τὰς
526 2500 739 2568 χεῖρας,
770 2494 1042 2560 τουτέστι,
1096 2492 1217 2566 τὴν
1249 2490 1566 2563 πρακτικὴν
1613 2490 1770 2561 ἀνερε-

177 2605 355 2656 γειαν,
392 2589 482 2643 ὅτε
526 2589 683 2643 οὔπω
712 2587 1062 2659 παράϐασις·
1117 2582 1216 2653 ἀφ’
1253 2576 1315 2637 οὗ
1343 2583 1403 2637 δι
1444 2581 1711 2653 tandem;
1736 2582 1771 2653 ἡ

174 2681 302 2750 χεὶρ
330 2680 489 2752 ἡμῶν
529 2683 623 2735 ἐπὶ
670 2681 760 2735 τὸν
794 2678 1247 2751 ἀπηγορευμένον
1293 2675 1528 2746 καρπὸν,
1577 2672 1773 2730 ἔκτοτε

1874 2120 2127 2174 restituta
2177 2128 2280 2175 est.
2329 2117 2501 2173 Erant
2534 2120 2685 2175 enim
2732 2121 2861 2177 olim
2892 2122 3052 2180 nobis
3081 2140 3229 2181 sanze
3259 2133 3476 2195 manus,

1871 2210 1976 2267 hec
1996 2218 2081 2267 est
2131 2208 2316 2267 eﬂicax
2341 2212 2514 2267 virtus
2538 2214 2839 2284 operativa,
2869 2217 3085 2287 quando
3111 2222 3351 2276 nondum
3378 2221 3484 2278 fuit

1878 2305 2268 2375 transgressio.
2314 2305 2415 2362 Ubi
2444 2315 2626 2364 autem
2661 2316 2881 2365 extenta
2914 2320 2998 2366 est
3022 2313 3258 2370 dextera
3292 2325 3477 2376 nostra

1880 2397 1948 2471 ad
2004 2396 2246 2455 fructum
2290 2399 2653 2470 prohibitum,
2715 2414 2844 2461 tunc
2880 2419 3131 2462 arescere
3186 2408 3355 2479 cmpit
3413 2411 3480 2466 ad

1880 2491 2255 2560 sperationem
2329 2492 2494 2563 boni.:
2543 2491 2887 2552 Restituetur
2941 2496 3108 2568 igitur
3168 2498 3366 2556 iterum
3426 2501 3481 2557 in

1881 2582 2168 2655 pristinam
2216 2584 2529 2653 sanitatem,
2561 2601 2685 2643 curn
2720 2587 2776 2643 in
2823 2589 3001 2647 medio
3034 2592 3348 2650 steterimus
3370 2592 3483 2649 vir-

1886 2683 2086 2733 tutum.

176 2772 453 2845 ἐξηράνθη
486 2773 626 2844 πρὸς
665 2772 764 2843 τὴν
793 2772 890 2826 τοῦ
930 2770 1101 2825 καλοῦ
1137 2768 1426 2841 ιργασίαν.
1464 2766 1642 2823 Πάλιν
1707 2762 1804 2823 οὖν
1847 2767 2445 2841 ἀποκατασταθήσεται
2486 2772 2566 2835 εἰς
2606 2771 2707 2842 τὴν
2753 2774 3031 2847 προτέραν
3074 2771 3286 2847 ὑγείαν,
3352 2780 3486 2836 ὅταν

172 2866 233 2920 ιν
262 2864 339 2936 τῷ
372 2868 529 2937 μέσῳ
571 2865 859 2938 σταθῶμεν
883 2865 991 2918 τῶν
1021 2862 1257 2934 ἀρετῶν.

255 2978 277 3013 ι
318 2961 431 3015 Καὶ
464 2960 773 3025 ἔξελθόντες
805 2962 856 3015 oi
889 2961 1203 3031 Φαρισαῖοι,
1238 2957 1444 3023 εὐθέως
1486 2956 1629 3029 μετά
1662 2957 1772 3013 τῶν

186 3052 543 3123 Ἦρωδιανῶν
579 3053 909 3125 συμϐούλιον
946 3053 1168 3109 ἐποίουν
1216 3054 1340 3109 κατ’
1376 3052 1568 3117 αὑτοῦ,
1616 3052 1771 3116 ὅπως

1959 2952 2125 3009 Vsus.
2161 2952 2321 3009 6-12.
2359 2972 2377 3007 ι
2413 2952 2633 3025 Egressi
2662 2967 2793 3011 vero
2828 2953 3091 3011 Pharismi
3139 2958 3327 3013 statim
3380 2973 3487 3015 una

1884 3061 2009 3104 cum
2051 3045 2381 3103 iierodianis
2434 3046 2731 3103 consilium
2777 3046 2985 3102 inibant
3042 3048 3306 3106 adversus
3333 3050 3484 3106 illum

174 3142 344 3203 αὐτὸν
396 3142 732 3200 ἀπολέσωσι.
783 3144 896 3199 Καὶ
945 3145 974 3198 ὸ
1025 3142 1237 3215 Ἰησοῦς
1270 3140 1589 3213 ἀνεχώρησε
1630 3140 1770 3214 μετά

1883 3152 1943 3199 ιιι
1970 3158 2093 3199 eum
2128 3144 2441 3215 perderent.
2491 3141 2653 3202 Iesus
2684 3152 2867 3198 autem
2915 3158 3038 3200 cum
3065 3144 3351 3218 discipulis
3371 3148 3487 3203 suis

175 3239 292 3293 τῶν
326 3239 588 3311 μαθητῶν
622 3240 793 3296 αὐτοῦ
840 3239 980 3311 πρὸς
1022 3239 1123 3311 τὴν
1164 3238 1462 3305 θάλασσαν,
1497 3239 1594 3293 καὶ
1635 3239 1773 3292 πολὺ

177 3331 393 3402 πλῆθος
444 3332 553 3386 ἀπὸ
590 3332 692 3403 τῆς
724 3332 1018 3397 Γαλιλαίας
1049 3331 1425 3405 ⁴ὴιιολούθησεν
1465 3332 1639 3404 αὐτῷ,
1680 3333 1777 3387 καὶ

174 3422 293 3481 ἀπὸ
329 3423 433 3493 τῆς
481 3424 770 3491 Ἰουδαίας,
814 3426 912 3480 καὶ
935 3423 1046 3479 ἀπὸ
1088 3423 1509 3497 Ἱεροσολύμων,
1542 3423 1640 3479 καὶ
1666 3424 1778 3479 ἀπὸ

171 3516 281 3585 τῆς
325 3515 659 3587 Ἰδουμαίας,
707 3518 804 3572 καὶ
858 3516 1033 3589 πέραν
1070 3517 1168 3574 τοῦ
1229 3519 1522 3590 Ἰορδάνου,
1576 3519 1673 3573 καὶ
1726 3520 1776 3573 oi

173 3607 316 3679 περὶ
354 3606 532 3679 Τύρον
563 3607 660 3661 καὶ
689 3607 923 3676 Σιδῶνα,
971 3608 1184 3680 πλῆθος
1227 3609 1400 3676 πολὺ,
1439 3608 1778 3675 ἀκούσαντες

173 3701 283 3754 ὅσα
312 3702 512 3768 ἐποίει,
552 3696 717 3770 ἦλθον
758 3700 897 3771 πρὸς
926 3701 1116 3757 αὐτόν.
1153 3701 1264 3756 Καὶ
1289 3698 1412 3757 εἶπε
1436 3705 1551 3767 τοῖς
1592 3702 1772 3774 μαθη-

172 3794 302 3854 ταῖς
328 3792 493 3844 αὑτοῦ
535 3792 629 3847 ἵνα
656 3790 937 3862 πλοιάριον
968 3796 1356 3866 προσκαρτερῇ
1385 3793 1538 3865 αὐτῷ
1561 3793 1651 3849 διὰ
1686 3796 1777 3849 τὸν

172 3882 363 3955 δχλον,
396 3883 484 3939 ἵνα
515 3882 593 3955 μὴ
620 3882 876 3939 θλίϐωσιν
922 3884 1118 3939 αὐτόν·
1164 3884 1398 3951 πολλοὺς
1430 3885 1542 3960 γὰρ
1579 3886 1775 3959 ἑθερά-

175 3992 413 4041 ⁶ιτευσεν,
452 3976 593 4032 ὥστε
624 3977 949 4032 ὶπιπίπτειν
989 3978 1144 4049 αύτῷ
1176 3978 1265 4033 ῐνα
1302 3978 1470 4033 αὐτοῦ
1505 3979 1773 4050 ἅψωνται,

171 4067 296 4121 ὅσοι
329 4062 477 4137 εἶχον
511 4068 808 4138 μάστιγας,
838 4070 1028 4124 καὶτὰ
1060 4068 1355 4138 πνεύματα
1383 4069 1456 4124 τά
1484 4069 1777 4138 ἀκάθαρτα

171 4160 311 4213 ὅταν
341 4158 508 4213 αὐτὸν
540 4159 791 4231 ἐθεώρει,
827 4160 1208 4232 προσέπιπτεν
1243 4160 1415 4232 αὐτῷ,
1449 4162 1545 4214 καὶ
1574 4159 1775 4231 ἐκραζε

172 4250 411 4318 λέγοντα
462 4251 573 4317 ὅτι,
606 4250 680 4305 Σὺ
731 4245 781 4304 εἷ
811 4252 841 4305 ό
886 4252 1013 4317 Υίδς
1073 4250 1171 4305 τοῦ
1207 4250 1379 4307 Θεοῦ.
1441 4252 1551 4307 Καὶ
1604 4250 1778 4305 πολλά

174 4341 423 4413 ἐπετίμα
453 4343 661 4408 αὐτοῖς,
699 4341 788 4395 ῐνα
820 4341 898 4414 μὴ
929 4342 1163 4417 φανερὸν
1186 4341 1351 4396 αὐτὸν
1382 4341 1713 4412 ποιήσωσιν.
1750 4360 1769 4394 ι

174 4434 341 4498 Τίνες
380 4429 521 4505 ἦσαν
542 4434 592 4489 οί
638 4432 1004 4508 Ἦρωδιανοί;
1040 4434 1205 4494 Ἤτοι
1242 4435 1289 4489 οί
1320 4432 1653 4505 στρατιῶται
1681 4432 1777 4486 τοῦ

1878 3238 2106 3294 secessit
2156 3236 2225 3291 ad
2282 3251 2455 3304 mare,
2504 3245 2561 3293 et
2604 3237 2796 3309 ingens
2844 3237 3137 3309 multitudo
3175 3249 3361 3296 secuta
3402 3250 3489 3299 est

1878 3343 2004 3387 eum
2038 3344 2070 3382 a
2119 3328 2366 3396 Galilaea,
2396 3338 2453 3385 et
2499 3343 2528 3383 a
2553 3327 2760 3396 Judaea,
2787 3329 2934 3385 etab
2971 3328 3391 3403 Hierosolymis,
3428 3343 3486 3391 et

1880 3421 1948 3477 ah
1968 3420 2229 3487 Idumam,
2264 3431 2319 3477 et
2344 3428 2493 3476 trans
2522 3418 2842 3486 Jordanem,
2871 3429 2928 3475 et
2970 3422 3061 3492 qui
3094 3420 3243 3478 circa
3274 3420 3484 3495 Tyrum

1880 3511 2226 3576 habitabant,
2282 3524 2345 3565 ac
2373 3511 2662 3574 Sidonem,
2720 3509 3002 3565 hominum
3046 3511 3334 3568 multitudo
3362 3529 3484 3571 ma-

1880 3620 1986 3676 gna
2021 3621 2035 3660 :
2071 3605 2318 3679 quicum
2346 3603 2626 3658 audissent
2650 3617 2772 3673 quae
2800 3601 3060 3671 faciebat,
3091 3616 3365 3663 venerunt
3414 3606 3485 3663 ad

1880 3712 2030 3755 eum.
2088 3696 2158 3753 Et
2197 3698 2335 3753 dixit
2385 3695 2671 3766 discipulis
2702 3696 2818 3753 suis
2868 3706 2928 3752 ιιι
2974 3698 3280 3755 naviculam
3302 3699 3488 3772 appel-

1880 3797 2055 3852 lerent
2104 3790 2206 3849 sibi
2262 3799 2488 3862 pmpter
2547 3792 2791 3862 turbam,
2832 3805 2901 3847 ne
2960 3792 3136 3862 ipsum
3188 3803 3485 3863 premeret.

1881 3886 2080 3943 Multos
2104 3886 2249 3941 enim
2283 3895 2595 3954 sanaverat,
2635 3886 2707 3941 ita
2743 3897 2801 3942 ut
2826 3888 3098 3944 irruerent
3122 3886 3175 3941 in
3198 3902 3345 3957 eum,
3377 3902 3486 3959 quo

1880 3977 2029 4034 illum
2089 3984 2373 4047 tangerent
2432 3984 2701 4050 quotquot
2760 3976 3040 4033 habebant
3112 3976 3347 4050 ﬂagella.
3417 3977 3489 4035 Et

1887 4068 2117 4139 spiritus
2152 4067 2423 4124 immundi
2453 4083 2579 4125 cum
2607 4069 2760 4127 illum
2808 4070 3099 4138 vidissent,
3125 4072 3490 4141 procidehant

1879 4164 1951 4229 ei,
1982 4170 2037 4219 et
2078 4159 2391 4219 clamabant
2425 4162 2692 4231 dicentes,
2724 4160 2804 4220 Tu
2848 4177 2908 4220 es
2940 4160 3110 4219 Filius
3134 4163 3252 4219 Dei.
3286 4165 3357 4223 Et
3390 4180 3486 4221 ve—

1882 4254 2166 4312 hementer
2214 4254 2673 4311 iuterminabatur
2696 4254 2778 4311 eis
2826 4265 2893 4311 ne
2924 4270 2985 4312 se
3008 4254 3357 4312 manifestum
3397 4256 3485 4312 fa-

1882 4356 2088 4403 cerent.
2144 4366 2165 4402 ι
2218 4346 2453 4415 Quinam
2505 4353 2664 4403 erant
2732 4346 3068 4405 Herodiani?
3127 4346 3228 4404 Vel
3282 4351 3485 4406 milites

1881 4439 2136 4505 Herodis,
2174 4441 2261 4496 vel
2285 4440 2513 4499 haeresis
2541 4441 2790 4513 quaedam
2814 4456 2990 4512 nuper
3020 4441 3311 4497 admodum
3336 4455 3481 4507 orta,

192 4525 464 4598 Ἡρώδου,
497 4526 531 4598 ἢ
566 4526 780 4599 αἵρεσίς
808 4545 891 4591 τις
926 4525 1214 4599 νεοφανὴς,
1249 4525 1651 4598 δογματίζουσα
1684 4524 1770 4578 τὸν

1884 4547 2007 4605 qua:
2055 4532 2284 4588 docebat
2336 4532 2608 4587 Herodem
2660 4531 2838 4603 ipsum
2888 4546 3013 4588 esse
3068 4531 3370 4599 Christum,
3416 4548 3484 4590 eo

188 4618 449 4692 Ἡρώδην
473 4621 636 4675 αὐτὸν
662 4617 804 4676 εἶναι
831 4621 924 4676 τὸν
956 4622 1215 4695 Χριστὸν,
1250 4622 1339 4676 διὰ
1386 4621 1449 4674 τὸ
1483 4619 1575 4674 ἀπ’
1604 4620 1773 4679 αὐτοῦ

174 4713 360 4785 πέρας
406 4713 658 4781 δέξασθαι
696 4715 794 4788 τὴν
825 4715 938 4773 τῶν
988 4716 1296 4772 Ἰουδαϊκῶν
1347 4714 1616 4786 βασιλέων
1652 4714 1773 4769 δια-

174 4804 367 4877 δοχήν.
416 4805 476 4860 Ἡ
504 4808 615 4879 γάρ
658 4808 969 4881 προφητεία
1013 4809 1107 4863 τοῦ
1154 4808 1351 4863 Ἰακὼϐ
1381 4808 1770 4880 διελάμϐανεν,

173 4896 273 4951 ὅτε
322 4898 664 4969 ἐκλείψουσιν
712 4904 761 4955 oi
806 4902 866 4969 te
925 4901 1094 4959 Ἰούδα
1140 4902 1439 4974 ἄρχοντες,
1501 4902 1625 4979 τότε
1677 4903 1771 4956 τὸν

176 4992 423 5063 Χριστὸν
453 4993 647 5051 ἐλθεῖν.
691 4995 844 5049 Ἐπεὶ
871 4992 965 5051 οὖν
992 4996 1084 5048 ἐπὶ
1123 4995 1232 5048 τῶν
1278 4992 1522 5065 Ἡρώδου
1562 4994 1771 5068 χρόνων

177 5082 363 5147 οὐδεὶς
399 5080 469 5155 ἦν
513 5085 804 5149 Ἰουδαϊκὸς
832 5086 1039 5158 ἄρχων,
1073 5087 1188 5141 ἀλλ’
1215 5087 1378 5150 αὐτὸς
1406 5082 1579 5158 ἦρχεν
1614 5086 1771 5141 ἀλλό-

176 5175 351 5245 φυλος
382 5175 481 5241 ῶν,
532 5178 827 5248 Ἰδουμαῖος
857 5180 967 5250 γὰρ
1001 5176 1091 5252 ἦν,
1124 5179 1386 5250 ενόμισάν
1430 5196 1576 5244 τινες
1606 5180 1771 5233 αὐτὸν

173 5258 325 5316 εἶναι
359 5264 452 5317 τὸν
478 5266 734 5341 Χριστὸν,
768 5268 866 5321 καὶ
908 5268 1121 5339 αἰρεσιν
1166 5273 1591 5339 συνεστήσαντο,
1623 5263 1771 5335 οὗτοι

172 5354 368 5410 τοίνυν
429 5358 750 5431 ἐπεχείρουν
802 5360 1068 5415 ἀπολέσαι
1134 5361 1225 5415 τὸν
1286 5362 1515 5433 Κύριον.
1590 5360 1650 5415 '0
1712 5361 1770 5415 δὲ

172 5450 491 5519 ἀναχωρεῖο
524 5450 675 5505 οὔπω
701 5452 810 5524 γὰρ
850 5448 919 5523 ἦν
940 5454 969 5509 δ
996 5456 1093 5508 τοῦ
1134 5454 1343 5517 πάἲους
1376 5455 1587 5525 καιρός.
1616 5456 1769 5525 ’Ἅμα

171 5542 234 5601 δὲ
264 5542 363 5596 καὶ
393 5541 480 5595 ἵνα
519 5542 767 5607 πλείονας
794 5546 1157 5620 εὺεργετήση,
1184 5547 1274 5601 διὰ
1304 5546 1466 5601 τοῦτο
1492 5548 1771 5618 ἀναχωρεῖ

172 5634 291 5688 ἀπὸ
328 5632 441 5686 τῶν
489 5634 824 5706 ἀγνωμόνων
850 5656 863 5669 ·
894 5644 991 5696 καὶ
1040 5645 1149 5711 γάρ
1184 5639 1565 5712 ἠκολούθησαν
1616 5641 1768 5713 αύτῷ

169 5724 395 5787 πολλοὶ,
431 5729 530 5781 καὶ
565 5726 754 5782 ίάσατο
792 5730 1014 5797 αὐτοὺς,
1047 5732 1184 5785 ἀλλά
1216 5734 1311 5786 καὶ
1359 5733 1408 5785 oi
1444 5733 1633 5802 Τύριοι
1675 5734 1768 5787 καὶ

174 5818 228 5872 οἱ
278 5817 573 5884 Σιδώνιοι,
629 5820 916 5889 ἀλλόφυλοι
964 5821 1135 5887 ὄντες,
1188 5822 1517 5892 ὠφελοῦντο.
1580 5826 1644 5877 Ol
1708 5825 1766 5879 δὲ

249 5976 297 6007 ’⁸
327 5972 465 6030 Gen.
501 5991 651 6039 χιιι,
678 5977 760 6033 i0.

393 6070 671 6130 Ριτιιυι..
708 6071 753 6131 G
770 6090 828 6133 ιι.
876 6073 1144 6141 CXXIII.

1880 4626 2025 4697 quod
2080 4624 2183 4681 sub
2230 4624 2324 4680 illo
2381 4622 2738 4682 Iudaicarum
2786 4639 2972 4697 regum
3010 4628 3287 4683 successio
3313 4626 3474 4683 tinem

1883 4717 2192 4786 habuisset,
2225 4719 2299 4773 ita
2325 4718 2469 4773 enim
2511 4718 2854 4789 exponebant
2884 4720 3226 4791 prophetiam
3283 4718 3476 4786 Jacoh,

1882 4812 2099 4881 quando
2198 4809 2464 4867 defecturi
2545 4820 2734 4867 essent
2792 4824 2860 4866 ex
2953 4809 3091 4867 Juda
3183 4811 3481 4883 principes,

1884 4910 2015 4957 tunc
2083 4912 2367 4957 venturum
2449 4902 2730 4957 Christum
2797 4902 2867 4957 ".
2949 4901 3085 4957 Cum
3140 4903 3307 4973 igitur
3377 4902 3483 4961 Hc-

1885 4997 2030 5051 rodis
2101 4995 2436 5064 temporibus
2497 4994 2681 5051 nullus
2736 5010 2967 5066 usquam
3035 5004 3185 5052 esset
3221 4994 3483 5053 Judaicus

1881 5088 2157 5161 princeps,
2212 5088 2308 5143 sed
2379 5095 2632 5161 regnaret
2685 5086 2928 5143 Herodes
2971 5086 3298 5159 alienigena,
3352 5090 3480 5145 ldu-

1882 5194 2049 5235 ma:us
2122 5179 2267 5235 enim
2344 5188 2482 5243 erat,
2532 5177 2737 5247 opinati
2806 5187 2935 5233 sunt
3026 5178 3247 5248 quidam
3303 5180 3478 5249 ipsum

1879 5287 2000 5328 esse
2031 5271 2333 5337 Christum,
2364 5280 2419 5328 et
2453 5272 2748 5328 constituta
2783 5272 3017 5342 quadam
3051 5271 3290 5328 factione
3305 5283 3481 5330 atten-

1882 5374 2136 5422 taverunt
2192 5366 2421 5435 perdere
2485 5363 2795 5420 Dominum.
2848 5364 2970 5436 Ipse
3017 5374 3200 5421 autem
3250 5366 3477 5430 secedit,

1884 5459 2122 5514 nondum
2168 5458 2315 5514 enim
2348 5466 2467 5513 erat
2512 5459 2754 5529 patiendi
2786 5470 3019 5528 tempus.
3053 5457 3273 5515 Interim
3302 5461 3477 5532 pluri-

1880 5549 1984 5607 bus
2020 5550 2425 5617 benefaciebat,
2479 5550 2548 5605 ah
2613 5550 2842 5621 ingratis
2885 5551 3213 5608 secedendo.
3258 5552 3475 5608 Etenim

1880 5643 2053 5698 secuti
2101 5653 2225 5699 sunt
2248 5658 2369 5698 eum
2401 5644 2579 5708 multi,
2610 5653 2666 5698 et
2706 5644 2919 5699 sanavit
2954 5643 3076 5699 illos
3107 5662 3121 5699 :
3150 5645 3281 5716 quin
3309 5646 3474 5701 etiam

1879 5736 2057 5806 Tyriis
2102 5746 2157 5791 et
2188 5735 2451 5803 Sidoniis,
2483 5734 2700 5790 tametsi
2732 5744 2918 5791 essent
2955 5735 3234 5809 allophyli,
3269 5736 3473 5809 prode-

1878 5836 1983 5882 rat.
2020 5825 2245 5897 Coguati
2286 5834 2465 5881 autem
2506 5825 2625 5898 ejus
2652 5841 2776 5881 eum
2808 5828 3294 5899 persequebantur.
3322 5828 3472 5884 Adeo

3120 6074 3187 6135 17
