4028 6610
195 553 292 617 £21

905 537 1361 604 ENARRATIO
1400 536 1483 598 IN
1520 532 2026 598 EVANGELI'JM
2069 531 2336 594 MARCI.
2360 557 2430 568 ·-
2458 529 2620 594 CAP.
2665 529 2781 592 ΙΙΙ.

3366 530 3473 601 522

196 678 431 732 γματος.
475 656 766 712 Ἐπιπλέον
812 653 871 708 δι
929 652 1129 715 αὐτοὺς
1187 650 1283 706 καὶ
1337 648 1433 703 νῦν
1481 648 1779 721 ἐντρέπων,

1900 645 1997 715 puli
2048 645 2185 715 ejus,
2232 654 2291 699 ut
2319 652 2372 698 ct
2394 643 2527 714 .ipse
2561 651 2814 713 operetur
2845 640 2899 698 in
2936 640 3024 697 die
3058 638 3282 698 Sabhati
3312 638 3481 698 mira.

201 754 631 826 θαυματουργετ,
659 746 921 803 δεικνύων
950 747 1059 813 ὃτι,
1092 743 1365 799 Τοσοῦτον
1395 742 1495 813 οὐχ
1530 740 1783 813 ἁμαρτά.-

196 864 379 903 νουσιν
402 847 450 899 oi
483 840 722 914 μαθηταί
755 855 881 911 μου,
906 839 1049 893 ὥστε
1076 836 1173 893 καὶ
1215 834 1381 899 αὐτὸς
1409 834 1521 905 ἐγὼ
1551 832 1785 904 ἐργάζο-

118 966 121 967 ν
198 955 296 1011 μαι
328 940 385 991 ὲν
417 939 484 1009 τῇ
533 934 723 1005 ἡμέρα
759 930 854 985 τοῦ
890 930 1193 994 Σαϐϐἀτου,
1242 926 1444 997 θαῦμα.
1476 922 1785 981 ἐπιδεικνύ-

199 1044 393 1101 μενοςο
425 1027 566 1086 ὥστε
605 1026 655 1078 εί
709 1024 881 1079 κακόν
914 1024 1032 1079 έστι
1059 1021 1123 1075 τὸ
1169 1019 1633 1092 θαυματουργεῖν,
1668 1016 1784 1072 εστι

198 1122 373 1177 κακὸν
406 1116 595 1183 ἁπλῶς
626 1120 722 1171 καὶ
756 1117 818 1172 τὸ
856 1112 1190 1186 ἐργάζεσθαι
1217 1112 1288 1167 τά
1319 1112 1594 1179 ἀναγκαία
1624 1110 1683 1165 έν
1706 1109 1784 1181 τῷ

193 1213 476 1282 Σαϐϐἀτφ⁶
508 1208 647 1264 ἀλλά
676 1208 783 1281 μὴν
805 1207 867 1262 τδ
892 1204 1358 1276 θαυματουργεω,
1411 1203 1504 1256 ἐπὶ
1537 1200 1785 1274 σωτηρίᾳ

190 1298 507 1372 ἀνθρώπου,
539 1298 683 1352 θεῖόν
714 1300 863 1351 ἐστιν
889 1335 904 1362 ,
932 1295 1035 1348 οὐκ
1064 1292 1175 1363 ἀρα
1210 1291 1523 1362 παρανομεῖ
1564 1290 1593 1341 6
1622 1290 1680 1342 ὲν
1704 1287 1785 1357 τῷ

193 1391 462 1461 Σαϐϐάτῳ
500 1388 577 1461 μὴ
610 1389 780 1443 κακόν
828 1404 881 1441 τι
925 1384 1319 1455 ἐργαζόμενος.
1359 1383 1456 1439 Διά
1499 1380 1661 1434 τοῦτο
1693 1378 1786 1434 οὖν

192 1487 289 1538 καὶ
310 1484 491 1555 ἐρωτᾷ
511 1481 711 1545 αὐτοὺς
738 1482 788 1534 si
814 1480 1027 1547 ἔξεστιν
1048 1475 1476 1545 ἀγαθοποιῆσαι,
1504 1474 1785 1544 έντρέπων

195 1574 401 1636 αὐτοὺς
435 1575 512 1642 ὡς
550 1572 862 1634 κωλύοντας
910 1570 1077 1627 αὑτὸν
1110 1568 1224 1623 ἀπὸ
1260 1566 1355 1621 τοῦ
1399 1564 1783 1636 ἀγαθοποιεῐν·

193 1668 372 1739 ξηρὰν
400 1667 457 1721 δὲ
484 1668 598 1739 ἔχει
629 1666 727 1737 τὴν
756 1663 913 1735 χεῖρα
949 1661 1048 1734 τὴν
1078 1660 1261 1729 δεξιὰν
1292 1661 1404 1725 πᾶς
1431 1660 1460 1713 6
1497 1658 1574 1731 μὴ
1610 1657 1787 1729 πράτ-

191 1777 304 1814 των
334 1759 403 1813 τὰ
432 1760 530 1828 τῆς
561 1758 742 1823 δεξιᾶς
797 1755 1015 1827 μερίδος
1048 1753 1210 1824 ἔργα.
1265 1742 1410 1823 Πρὸς
1449 1750 1509 1804 ὃν
1559 1749 1711 1818 λέγει
1760 1749 1789 1800 6

191 1852 453 1921 Χριστός·
482 1850 761 1922 Ἐγειραι,
783 1846 1089 1913 τουτέστιν,
1107 1844 1344 1901 ’Δνάστα
1365 1840 1474 1897 ἀπὺ
1492 1840 1594 1911 τῆς
1608 1840 1793 1911 ἀμαρ-

190 1944 337 2009 τίας,
388 1945 482 1997 καὶ
514 1941 673 2012 στῆθι
719 1942 799 2004 είς
833 1940 895 1993 τὸ
951 1938 1142 2010 μέσον,
1194 1936 1503 2001 τουτέστιν,
1555 1936 1636 1997 εις
1687 1933 1790 2003 τὴν

1887 736 2071 792 culum
2114 736 2320 792 faciens
2349 753 2362 791 :
2398 736 2470 790 ita
2512 743 2570 789 ut
2598 735 2645 791 si
2673 732 2879 795 malum
2898 735 2966 789 sit
2996 735 3211 805 operari
3242 736 3481 793 miracu~

1888 828 2025 901 lum,
2041 828 2363 900 simpliciter
2382 826 2583 889 malum
2601 824 2845 881 futurum
2871 825 2944 881 sit
2964 840 3127 897 opera
3138 841 3180 880 rt
3199 827 3363 898 186
3386 840 3485 884 ne-

1888 935 2039 976 cessa
2054 920 2134 974 ria
2156 918 2209 975 in
2235 916 2410 977 Sabba
2420 929 2473 973 to
2496 935 2510 985 ;
2531 918 2625 973 sed
2641 916 2961 972 miraculum
2977 915 3159 972 facere
3183 917 3236 972 in
3250 918 3479 976 salutem

1890 1008 2148 1073 hominis,
2193 1009 2433 1064 divinum
2461 1019 2545 1064 est
2580 1025 2593 1061 :
2629 1021 2744 1069 non
2766 1007 2935 1078 igitur
2968 1008 3362 1077 praevaricatur
3390 1010 3487 1082 qui

1890 1104 1945 1159 in
2005 1101 2244 1159 Sabhato
2290 1103 2435 1172 quod
2488 1099 2690 1156 malum
2732 1115 2839 1157 non
2862 1111 2968 1168 est,
3024 1110 3309 1173 Operatur.
3356 1101 3491 1160 Pro-

1890 1207 2074 1268 pterea
2112 1195 2613 1266 etiam‘interrogat
2643 1194 2764 1251 illos
2799 1210 2928 1251 num
2955 1195 3115 1251 liceat
3139 1195 3485 1266 benefacere,

1892 1297 2085 1357 notans
2107 1299 2204 1340 eos
2236 1293 2294 1339 ut
2324 1284 2644 1341 benefacere
2684 1298 2809 1339 eum
2846 1285 3224 1356 prohibentes.
3260 1286 3485 1350 Aridam

1892 1387 2073 1433 autem
2116 1378 2397 1432 dexteram
2442 1378 2620 1433 omnis
2652 1377 2817 1433 habet
2843 1378 2933 1448 qui
2957 1393 3122 1449 opera
3153 1394 3344 1436 eorum
3380 1397 3489 1443 non

1895 1467 2025 1524 facit
2056 1468 2147 1536 qui
2183 1470 2249 1523 ad
2277 1468 2557 1529 dexteram
2592 1478 2803 1539 partem
2851 1472 3146 1541 pertinent.
3201 1472 3283 1527 Ad
3326 1488 3489 1545 quem

1893 1562 2147 1619 Christus
2192 1563 2347 1629 dicit,
2378 1564 2656 1630 Excitare,
2694 1564 2798 1620 hoc
2834 1574 2939 1629 est,
2974 1565 3154 1637 Surge
3180 1582 3212 1622 a
3245 1576 3495 1639 peccato.

1892 1666 1946 1712 et
1969 1665 2049 1712 sta
2077 1657 2130 1712 in
2170 1657 2369 1721 medio,
2407 1656 2511 1712 hoc
2536 1665 2620 1711 est
2676 1657 2730 1712 in
2783 1658 3162 1716 mediocritate
3202 1663 3489 1723 virtutum.

1894 1744 2085 1804 Omnis
2127 1748 2271 1805 enim
2302 1748 2476 1804 virtus
2524 1749 2875 1805 mediocritas
2903 1758 3009 1815 est.
3038 1766 3104 1807 eo
3134 1754 3279 1822 quod
3312 1770 3493 1824 neque

1894 1838 1948 1893 in
2002 1837 2294 1905 defectum,
2348 1854 2524 1915 neque
2576 1841 2632 1895 in
2679 1855 2965 1897 excessum
3026 1843 3284 1901 declinant.
3342 1846 3498 1903 Tunc

1894 1932 2060 2003 igitur
2096 1934 2314 2002 quando
2338 1946 2399 1988 se
2426 1933 2619 1988 statuit
2665 1934 2718 1988 in
2748 1934 3204 2002 mediocritatem.
3244 1938 3498 1994 restitui-

196 2033 475 2103 μεσότητα
507 2032 623 2085 τῶν
652 2030 885 2103 ἀρετῶν.
924 2030 1086 2084 Πᾶσα
1122 2026 1235 2096 γὰρ
1283 2023 1455 2097 ἀρετὴ
1480 2064 1498 2091 ,
1545 2020 1780 2094 μεσότης

1900 2036 1979 2080 ωε
2026 2024 2249 2079 dextera
2302 2024 2354 2079 ei
2402 2038 2555 2082 sana.
2600 2022 2733 2082 Vide
2791 2035 2971 2081 autem
3046 2030 3191 2098 quod
3236 2030 3393 2098 dicit,
3424 2029 3493 2085 Et

190 2126 369 2190 ἐστὶν,
406 2124 529 2179 οὔτε
557 2124 639 2187 είς
668 2124 768 2194 τὴν
799 2104 1060 2191 ἔλλειψιν,
1090 2118 1215 2173 οὔτε
1243 2116 1444 2188 sit:th
1474 2114 1782 2187 ὑπερϐολὴν

194 2216 544 2271 ἐπινεύουσα·
584 2218 703 2274 τότε
733 2218 920 2273 τοίνυν
953 2217 1086 2271 ὅταν
1128 2213 1304 2283 σταθῇ
1359 2211 1438 2275 εις
1474 2210 1577 2281 τὴν
1618 2207 1780 2280 μεσό-

190 2329 359 2383 τητα,
398 2310 1047 2382 ἀποκατασταθήσεταιὴ
1078 2309 1204 2379 χεὶρ
1229 2303 1395 2363 αὐτοῦ
1425 2304 1608 2375 ὑγιής.
1636 2302 1781 2375 Ὅρα

190 2404 249 2457 δὲ
301 2407 398 2459 καὶ
446 2406 509 2458 τὸ
564 2402 1035 2471 Ἀποκατεστὰθη.
1072 2398 1319 2470 Kal-.769
1350 2394 1419 2469 ἦν
1444 2396 1534 2450 ὅτε
1567 2394 1789 2466 εῐχομεν

192 2496 374 2565 ύγιεῐς
409 2496 511 2560 τὰς
545 2498 757 2567 χεῖρας,
790 2494 1061 2559 τουτέστι,
1116 2490 1235 2564 τὴν
1269 2488 1586 2561 πρακτικὴν
1633 2487 1790 2558 δνέρφ

192 2604 374 2656 γειαν,
410 2588 501 2641 ὅτε
544 2588 702 2642 οὔπω
732 2585 1081 2658 παράϐασιςο
1137 2581 1235 2651 ἀφ’
1273 2574 1335 2635 οὗ
1363 2581 1421 2635 δὲ
1464 2578 1731 2650 ἑξετάσθη
1756 2580 1791 2651 ἡ

190 2680 320 2749 χεὶρ
348 2680 508 2751 ἡμῶν
548 2682 643 2733 ἐπὶ
689 2680 780 2733 τὸν
813 2676 1267 2749 ἀπηγορευμένον
1313 2673 1549 2743 καρπὸν,
1597 2668 1793 2727 έκτοτε

1894 2116 2146 2170 restituta
2196 2124 2299 2172 est.
2347 2114 2521 2170 Erant
2553 2117 2703 2172 enim
2751 2117 2880 2173 olim
2911 2118 3071 2176 nobis
3100 2136 3248 2177 same
3278 2139 3495 2190 manus,

1890 2206 1995 2263 hoc
2015 2215 2100 2264 est
2150 2206 2335 2263 enica:
2360 2209 2534 2265 virtus
2557 2210 2858 2280 operativa,
2889 2213 3105 2283 quando
3130 2218 3370 2271 nonduin
3396 2216 3503 2283 fuit

1898 2302 2287 2371 transgressio.
2333 2302 2434 2359 Ubi
2464 2312 2645 2363 autem
2680 2312 2900 2361 extenta
2933 2316 3019 2362 est
3052 2309 3276 2366 dextera
3311 2320 3495 2373 nostra

1900 2394 1968 2467 ad
2022 2393 2265 2451 fructum
2308 2395 2672 2467 prohibitum,
2734 2410 2863 2456 tunc
2899 2415 3150 2458 arescere
3206 2404 3375 2475 erepit
3432 2406 3501 2461 ad

1900 2488 2275 2557 operationem
2349 2489 2514 2559 boni.§
2563 2487 2906 2548 Restituetur
2961 2492 3127 2564 igitur
3186 2494 3385 2551 iterum
3445 2497 3500 2553 in

1902 2579 2189 2652 pristinam
2236 2580 2548 2649 sanitatem,
2582 2597 2705 2639 cum
2739 2583 2795 2640 in
2842 2586 3021 2643 medio
3053 2587 3367 2645 steterimus
3389 2588 3503 2645 vir-

1906 2680 2107 2730 tutum.

191 2766 471 2844 ἐξηράνθη
506 2773 645 2844 πρὸς
685 2770 783 2841 τὴν
812 2770 910 2824 τοῦ
950 2769 1121 2823 καλοῦ
1157 2766 1446 2839 έργασίαν.
1484 2764 1662 2820 Πάλιν
1727 2760 1823 2821 οὖν
1866 2764 2465 2838 ἀποκατασταθήσεται
2506 2768 2585 2831 εἰς
2625 2768 2726 2839 τὴν
2773 2770 3051 2843 προτέραν
3094 2767 3306 2843 ὑγείαν,
3373 2777 3507 2832 ὅταν

188 2865 251 2920 ἑν
281 2863 359 2935 τῷ
391 2867 549 2936 μέσῳ
590 2864 879 2937 σταθῶμεν
902 2863 1011 2917 τῶν
1042 2860 1277 2932 ἀρετῶν.

274 2978 295 3012 ε
336 2960 451 3014 Καὶ
484 2958 793 3025 εξελθόντες
825 2960 875 3013 oi
909 2959 1223 3029 Φαρισαῖοι,
1259 2955 1463 3020 εὐθέως
1506 2954 1649 3027 μετά
1682 2955 1792 3010 τῶν

203 3051 562 3123 Ἦρωδιανῶν
600 3052 929 3123 συμϐούλιον
966 3051 1188 3108 ἐποίουν
1236 3052 1360 3107 κατ’
1396 3049 1588 3115 αὐτοῦ,
1636 3049 1791 3114 ὅπως

1979 2949 2146 3006 Vens.
2181 2948 2342 3006 6-12.
2379 2968 2399 3004 ε
2433 2949 2653 3022 Egressi
2682 2963 2813 3006 vero
2847 2948 3111 3007 Pharisaei
3160 2953 3348 3009 statim
3400 2969 3507 3011 una

1904 3058 2029 3101 cum
2071 3042 2402 3100 ilerodianis
2454 3042 2751 3100 consilium
2798 3042 3005 3099 inibant
3062 3044 3326 3101 adversus
3353 3046 3505 3102 illum

190 3141 363 3203 αὑτὸν
415 3141 752 3200 ἀπολέσωσι.
802 3142 916 3197 Καὶ
965 3143 994 3197 6
1046 3139 1257 3213 Ἰησοῦς
1290 3138 1609 3211 ἀνεχώρησε
1650 3138 1791 3212 μετὰ

1903 3150 1963 3197 ιιι
1991 3155 2114 3196 eum
2148 3141 2462 3212 perderent.
2512 3137 2673 3199 Jesus
2704 3147 2887 3195 autem
2934 3154 3059 3195 cum
3086 3140 3371 3214 discipulis
3392 3143 3508 3199 suis

190 3238 311 3293 τῶν
345 3238 609 3310 μαθητῶν
642 3238 813 3295 αὑτοῦ
860 3237 1000 3310 πρὸς
1042 3237 1144 3309 τὴν
1184 3235 1483 3302 θάλασσαν,
1517 3238 1615 3291 καὶ
1655 3236 1793 3290 πολὺ

192 3330 412 3402 πλῆθος
463 3331 573 3385 ἀπὸ
610 3330 712 3402 τῆς
744 3330 1038 3395 Γαλιλαίας
1070 3329 1446 3403 ἠκολούθησεν
1486 3330 1659 3402 αὐτῷ,
1700 3330 1797 3386 καὶ

190 3421 312 3480 ἀπὸ
350 3423 453 3492 τῆς
501 3422 790 3490 Ἰουδαίας,
834 3423 932 3478 καὶ
955 3421 1067 3477 ἀπδ
1109 3421 1530 3494 Ἰεροσολύμων,
1563 3421 1661 3476 καὶ
1688 3422 1798 3476 ἀπὸ

186 3515 301 3585 τῆς
346 3515 679 3586 Ἰδουμαίας,
727 3516 824 3571 καὶ
879 3515 1055 3588 πέραν
1091 3515 1189 3572 τοῦ
1250 3517 1543 3588 Ἰορδάνου,
1598 3516 1695 3571 καὶ
1746 3518 1797 3571 oi

188 3606 336 3678 περὶ
375 3606 553 3678 Τύρον
583 3605 680 3660 καὶ
710 3606 943 3675 Σιδῶνα,
992 3606 1204 3678 πλῆθος
1248 3606 1421 3674 πολὺ,
1461 3606 1799 3672 ἀκούσαντες

189 3700 304 3753 ὅσα
332 3700 533 3766 ὲποίει,
572 3696 738 3770 ἦλθον
778 3699 918 3771 πρὸς
947 3700 1137 3756 αὐτόν.
1174 3700 1285 3754 Καὶ
1310 3696 1434 3755 εἷπε
1458 3702 1573 3765 τοῖς
1614 3700 1793 3771 μαθηει

188 3793 323 3853 ταῖς
349 3790 513 3844 αὑτοῦ
556 3790 650 3846 ἵνα
676 3789 958 3860 πλοιάριον
988 3794 1376 3865 προσκαρτερῇ
1406 3791 1559 3863 αύτῷ
1582 3791 1672 3846 διὰ
1707 3793 1798 3846 τὸν

187 3880 383 3955 ϐχλον,
417 3881 505 3939 ἴνα
537 3880 613 3955 μὴ
642 3881 897 3938 θλίϐωσιν
942 3882 1139 3938 αὐτόν·
1186 3882 1419 3948 πολλοὺς
1450 3883 1563 3958 γὰρ
1600 3884 1796 3956 ἑθερά-

190 3992 434 4040 πευσεν,
473 3975 615 4032 ὥστε
646 3976 970 4031 έπιπίπτειν
1010 3976 1165 4048 αύτῷ
1198 3977 1287 4031 ἵνα
1323 3976 1491 4031 αὐτοῦ
1526 3977 1795 4047 ἅψωνται,

185 4066 318 4121 ὅσοι
351 4061 499 4136 εἶχον
532 4067 829 4137 μάστιγας,
859 4069 1049 4122 καὶτὰ
1082 4067 1376 4137 πνεύματα
1404 4067 1477 4122 τὰ
1505 4067 1798 4136 ἀκάθαρτα

184 4159 333 4212 ὅταν
364 4158 529 4212 αὐτὸν
562 4158 812 4229 ἐθεώρει,
848 4159 1230 4231 προσέπιπτεν
1265 4158 1436 4231 αὐτῷ,
1471 4160 1566 4213 καὶ
1596 4157 1797 4229 ἐκραζε

185 4250 433 4317 λέγοντα
484 4250 595 4317 ὅτι,
628 4249 701 4304 Σὺ
752 4244 802 4303 εῐ
833 4251 863 4304 6
907 4250 1035 4315 Υἱὸς
1094 4249 1193 4304 τοῦ
1229 4250 1401 4306 Θεοῦ.
1462 4250 1572 4305 Καὶ
1626 4248 1800 4303 πολλά

185 4340 444 4411 ἑπετίμα
476 4342 682 4407 αὐτοῖς,
721 4340 809 4394 ῐνα
842 4340 919 4412 μὴ
950 4340 1185 4415 φανερὸν
1208 4339 1372 4395 αὑτὸν
1403 4339 1734 4410 ποιήσωσιν.
1772 4358 1790 4393 ι

183 4432 362 4497 Τίνες
401 4428 543 4504 ἦσαν
563 4433 614 4488 oi
660 4432 1026 4507 Ἦρωδιανοίς
1062 4433 1227 4493 Ἤτοι
1264 4433 1312 4487 oi
1342 4430 1675 4504 στρατιῶται
1703 4430 1799 4484 τοῦ

1899 3235 2126 3291 secessit
2176 3233 2245 3289 ad
2302 3248 2475 3300 mare,
2524 3242 2581 3289 et
2624 3234 2816 3305 ingens
2864 3233 3157 3291 multitudo
3196 3245 3381 3291 secuta
3422 3246 3510 3294 est

1899 3341 2025 3385 eum
2058 3341 2090 3380 a
2140 3326 2386 3393 Galilaaa,
2416 3335 2474 3383 et
2520 3339 2549 3379 a
2573 3322 2781 3393 Iudaea,
2808 3326 2955 3382 etab
2991 3324 3412 3399 Hierosolymis,
3448 3338 3507 3387 et

1900 3419 1969 3474 ab
1989 3418 2249 3485 Idumam,
2284 3428 2339 3474 et
2364 3425 2514 3473 trans
2542 3415 2863 3482 Iordanem,
2892 3425 2948 3471 et
2990 3418 3082 3489 qui
3115 3416 3263 3473 circa
3294 3416 3505 3490 Tyrum

1900 3509 2247 3573 habitabant,
2303 3522 2366 3562 ac
2394 3508 2683 3570 Sidonem,
2741 3506 3022 3561 hominum
3066 3507 3355 3564 multitudo
3384 3524 3505 3566 ma-

1902 3617 2007 3673 gna
2042 3620 2055 3657 :
2092 3603 2339 3676 quicum
2367 3600 2647 3656 audissent
2671 3614 2793 3670 qua
2821 3597 3081 3667 faciebat,
3112 3612 3386 3658 venerunt
3434 3602 3506 3658 ad

1901 3710 2051 3752 eum.
2110 3694 2178 3750 Et
2217 3695 2357 3751 dixit
2406 3692 2692 3763 discipulis
2723 3692 2839 3749 suis
2889 3702 2949 3749 ut
2994 3694 3301 3751 naviculam
3324 3694 3509 3767 appel-

1902 3795 2077 3849 lerent
2125 3788 2227 3846 sibi
2283 3796 2509 3859 propter
2568 3789 2811 3858 turbam,
2852 3801 2922 3843 ne
2981 3788 3156 3859 ipsum
3209 3799 3505 3859 premeret.

1902 3884 2101 3939 Multos
2126 3884 2270 3939 enim
2304 3892 2616 3951 sanaverat,
2655 3884 2727 3938 ita
2763 3893 2821 3938 ut
2847 3884 3119 3939 irruerent
3143 3882 3196 3937 in
3219 3897 3366 3952 eum,
3398 3897 3507 3955 quo

1902 3974 2051 4032 illum
2111 3980 2394 4045 tangerent
2453 3981 2721 4047 quotquOt
2781 3973 3061 4030 habebant
3134 3972 3369 4046 ﬂagella.
3438 3973 3511 4031 Et

1910 4066 2139 4137 spiritus
2174 4064 2444 4121 immundi
2474 4080 2600 4121 cum
2628 4066 2781 4123 illum
2828 4066 3119 4133 vidissent,
3146 4067 3511 4137 procidebant

1901 4161 1973 4226 ei,
2003 4168 2058 4216 et
2100 4157 2411 4216 clamabant
2446 4159 2713 4227 dicentes,
2744 4158 2825 4217 Tu
2869 4174 2929 4217 es
2960 4157 3131 4216 Filius
3155 4159 3274 4215 Dei.
3308 4160 3378 4217 Et
3412 4175 3507 4217 ve-

1903 4252 2188 4310 hementer
2235 4251 2694 4307 interminabatur
2717 4251 2799 4307 eis
2846 4262 2913 4307 ne
2945 4267 3006 4308 se
3029 4250 3379 4307 manifestum
3418 4251 3507 4307 fa-

1904 4354 2110 4401 cerent.
2166 4363 2187 4399 ι
2240 4344 2475 4412 Quinam
2526 4350 2685 4399 erant
2754 4343 3089 4401 Herodiani?
3148 4342 3249 4401 Vel
3303 4346 3507 4402 milites

1902 4437 2158 4503 Herodis,
2196 4438 2282 4494 vel
2306 4438 2534 4495 haeresis
2562 4438 2811 4510 quaedam
2836 4452 3011 4508 nuper
3040 4438 3333 4493 admodum
3358 4449 3503 4503 orta,

204 4524 486 4597 Ἡρώδου,
519 4525 553 4597 ἢ
587 4524 802 4597 αἵρεσίς
830 4543 913 4590 τις
948 4524 1236 4598 νεοφανὴς,
1271 4524 1672 4596 δογματίζουσα
1706 4522 1791 4577 τὸν

1906 4545 2029 4603 qua:
2077 4530 2306 4586 docebat
2358 4529 2629 4585 Herodem
2682 4528 2859 4599 ipsum
2910 4542 3035 4585 esse
3089 4528 3391 4595 Christum,
3438 4544 3506 4585 eo

197 4618 470 4691 Ἡρώδην
494 4618 658 4673 αὐτὸν
684 4615 827 4674 εἶναι
853 4619 945 4675 τὸν
978 4620 1238 4692 Χριστὸν,
1272 4620 1361 4674 διὰ
1409 4619 1471 4673 τὸ
1505 4618 1597 4673 ἐπ’
1626 4618 1795 4677 αὑτοῦ

179 4712 381 4785 πέρας
428 4711 681 4780 δέξασθαι
718 4714 816 4786 τὴν
848 4713 960 4771 τῶν
1011 4714 1318 4770 Ἰουδαϊκῶν
1370 4712 1639 4785 βασιλέων
1674 4713 1794 4767 δια-

176 4806 389 4877 εςλήν.
438 4803 497 4858 Ἡ
526 4806 637 4878 γὰρ
681 4806 991 4879 προφητεία
1036 4807 1129 4861 τοῦ
1178 4806 1374 4861 Ἰακὼϐ
1405 4807 1792 4878 διελάμϐανεν,

173 4897 291 4953 ὅτε
342 4897 687 4968 muscum
734 4901 783 4953 oi
828 4900 889 4967 ἐξ
948 4899 1117 4956 Ἰούδα
1162 4901 1462 4971 ἄρχοντες,
1524 4900 1649 4975 τότε
1700 4900 1794 4953 τὸν

175 4991 444 5063 Χριστὸν
475 4992 670 5050 έλθετν.
714 4993 867 5048 Ἐπεὶ
894 4990 988 5049 οὖν
1015 4994 1107 5046 ἐπὶ
1146 4993 1255 5046 τῶν
1301 4990 1546 5062 Ἡρώδου
1585 4990 1793 5064 χρόνων

176 5082 384 5146 (οὐδεὶς
421 5079 490 5153 ἦν
535 5083 827 5148 Ἰουδαῖκὺς
854 5084 1062 5156 ἄρχων,
1096 5084 1211 5139 ἀλλ’
1238 5085 1401 5148 αὐτὸς
1430 5080 1603 5155 ἦρχεν
1637 5084 1793 5139 ἀλλό-

176 5174 373 5246 φυλος
404 5174 502 5240 ῶν,
552 5177 849 5247 Ἰδουμαῖος
880 5178 989 5248 γὰρ
1023 5174 1113 5250 ἦν,
1148 5178 1410 5248 ένόμισάν
1454 5193 1600 5241 τινες
1629 5176 1793 5230 αὐτὸν

171 5258 347 5319 εἶναι
380 5264 473 5317 τὸν
499 5265 757 5339 Χριστὸν,
791 5266 888 5320 καὶ
931 5266 1144 5338 αἵρεσιν
1189 5270 1614 5337 συνεστήσαντο,
1646 5260 1793 5333 οὗτοι

169 5354 390 5412 τοίνυν
451 5357 774 5430 ἐπεχείρουν
825 5358 1091 5414 ἀπολέσαι
1157 5358 1247 5413 τὸν
1309 5359 1538 5431 Κύριον.
1614 5358 1673 5413 '0
1735 5358 1793 5412 δὲ

168 5450 512 5519 ἁναχωρεῦ
545 5448 698 5504 ούπω
723 5450 833 5522 γὰρ
872 5447 942 5521 ἦν
963 5452 993 5507 6
1020 5454 1116 5506 τοῦ
1157 5452 1365 5515 πάἲους
1399 5452 1611 5522 καιρός.
1639 5453 1792 5522 ’Ἅμα

165 5544 247 5604 δὲ
284 5540 383 5595 καὶ
415 5540 501 5593 ἵνα
541 5540 791 5605 πλείονας
817 5544 1180 5618 εὐεργετήσει,
1208 5545 1297 5599 διὰ
1327 5544 1489 5599 τοῦτο
1516 5544 1794 5615 ἀναχωρεῖ

164 5634 312 5693 ἀπὸ
351 5631 463 5685 τῶν
511 5634 847 5705 ἀγνωμόνων
873 5655 885 5667 ·
916 5641 1013 5693 καὶ
1062 5644 1172 5710 γὰρ
1207 5637 1588 5710 ἠκολούθησαν
1639 5638 1791 5710 αύτῷ

159 5724 418 5787 πολλοὶ,
453 5727 552 5780 καὶ
586 5726 777 5781 ίάσατο
814 5728 1037 5795 αὐτοὺς,
1070 5730 1207 5783 ἀλλὰ
1240 5731 1335 5784 καὶ
1382 5731 1431 5783 oi
1468 5730 1657 5799 Τύριοι
1698 5730 1792 5784 καὶ

164 5820 235 5877 οἱ
299 5815 594 5884 Σιδώνιοι,
650 5819 939 5888 ἀλλόφυλοι
986 5819 1159 5886 ὄντες,
1212 5821 1541 5891 ὠφελοῦντο.
1604 5823 1667 5875 Oi
1732 5822 1789 5877 δὲ

264 5976 320 6007 ⁷⁸
349 5972 487 6029 Gen.
523 5991 671 6039 sua,
699 5977 781 6033 i0.

415 6069 691 6130 Ρετιωι..
729 6072 774 6132 G
790 6090 849 6133 ιι.
898 6072 1167 6141 CXXI”.

1903 4625 2047 4694 quod
2103 4622 2205 4679 sub
2252 4621 2345 4677 illo
2402 4619 2759 4679 Judaicorum
2807 4636 2993 4693 regum
3031 4624 3309 4679 successio
3334 4622 3496 4678 tinem

1905 4715 2214 4783 habuisset,
2247 4717 2321 4770 ita
2348 4715 2491 4770 enim
2532 4715 2875 4786 exponebant
2906 4716 3247 4787 prophetiam
3304 4714 3497 4781 Jacob.

1904 4810 2121 4879 quando
2220 4806 2486 4864 ἀείρειυεὶ
2567 4818 2755 4863 essent
2814 4821 2881 4862 ex
2975 4806 3113 4864 Juda
3205 4807 3502 4879 principes.

1905 4908 2037 4954 tunc
2105 4910 2390 4955 venturum
2471 4898 2751 4954 Christum
2819 4898 2889 4954 ".
2971 4898 3106 4953 Cum
3162 4899 3328 4968 igitur
3398 4898 3505 4956 He-

1907 4994 2052 5049 rodis
2122 4992 2458 5061 temporibus
2520 4990 2703 5047 nullus
2758 5006 2989 5062 usquam
3056 5000 3206 5048 esset
3242 4990 3504 5048 Iudaicus

1904 5085 2179 5157 princeps,
2234 5084 2330 5140 sed
2401 5092 2654 5157 regnaret
2707 5082 2950 5140 Herodes
2994 5083 3319 5155 alienigena,
3372 5085 3502 5141 ldu-

1904 5191 2071 5231 ma:us
2144 5176 2289 5231 enim
2367 5185 2505 5240 erat,
2554 5173 2759 5244 opinati
2828 5183 2958 5230 sunt
3048 5175 3268 5244 quidam
3324 5177 3499 5245 ipsum

1901 5284 2022 5324 esse
2053 5268 2356 5333 Christum,
2386 5278 2441 5325 et
2475 5269 2771 5324 constituta
2805 5268 3039 5339 quadam
3074 5267 3311 5325 factione
3326 5279 3502 5326 atten-

1905 5372 2159 5419 taverunt
2214 5362 2444 5432 perdere
2508 5360 2817 5417 Dominum.
2869 5360 2992 5432 lpse
3039 5370 3222 5417 autem
3272 5363 3499 5426 secedit,

1906 5456 2145 5510 nondum
2190 5455 2337 5511 enim
2370 5462 2491 5509 erat
2535 5454 2776 5525 patiendi
2808 5466 3041 5525 tempus.
3076 5452 3295 5511 Interim
3325 5457 3499 5527 pluri-

1903 5546 2006 5603 bus
2042 5546 2447 5614 benefaciebat,
2502 5548 2571 5602 ab
2636 5546 2865 5618 ingratis
2908 5547 3235 5604 secedendo.
3282 5547 3497 5603 Etenim

1903 5640 2076 5695 secuti
2123 5650 2247 5695 sunt
2271 5654 2393 5695 eum
2424 5640 2601 5705 multi,
2633 5650 2689 5695 et
2728 5640 2941 5695 sanavit
2977 5639 3099 5695 illos
3130 5658 3143 5695 :
3172 5640 3303 5712 quin
3332 5641 3497 5697 etiam

1902 5733 2080 5803 Tyriis
2125 5742 2181 5787 et
2211 5732 2474 5800 Sidoniis,
2506 5731 2724 5787 tametsi
2755 5741 2941 5787 essent
2978 5731 3257 5805 allophyii,
3292 5732 3497 5805 prode-

1902 5834 2006 5879 rat.
2043 5821 2269 5894 Cognati
2310 5831 2489 5879 autem
2530 5822 2648 5895 ejus
2676 5838 2799 5879 eum
2832 5825 3317 5895 persequebantur.
3345 5824 3495 5881 Adeo

3144 6072 3211 6133 Π
