4028 6612
183 570 289 633 [>25

901 564 1345 627 ENARRATIO
1384 564 1467 627 IN
1502 561 1763 626 'EVANG

1872 563 2018 624 lUM
2054 562 2317 623 MARCI.
2358 586 2427 599 -
2455 562 2615 623 CAP.
2656 561 2773 622 III.

3361 563 3470 628 526

191 685 242 737 οἰ
284 682 395 739 ἀπὸ
437 680 826 753 Ἰεροσολύμων
880 678 1463 749 καταὸάντέ;,έλεγον
1492 680 1574 733 ὃτι
1620 678 1763 732 Bas).-

1882 679 2021 733 bant
2049 678 2216 743 enim,
2254 674 2419 747 188
2444 673 2501 729 iu
2536 674 2778 733 furorem
2806 687 2996 730 versus
3027 682 3131 728 est.
3167 670 3232 728 Et
3264 673 3471 732 Scriba:

186 774 380 839 ζεϐοὺλ
403 774 538 844 ἔχει,
573 772 670 827 καὶ
712 770 796 828 ὅτι
835 770 931 825 καὶ
985 773 1043 825 ἐν
1072 771 1151 841 τῷ
1186 772 1409 842 ἅρχοντι
1445 770 1555 827 τῶν
1581 771 1773 839 δαιμο·

186 863 315 917 νίων
354 862 607 918 ἐκϐάλλει
637 859 708 913 τὰ
754 860 1027 932 δαιμόνια.
1073 878 1091 911 ι
1154 860 1545 925 Ἀκούσαντες,
1586 859 1772 929 φησίν,

184 956 235 1010 οἰ
266 956 398 1025 παρ’
435 951 627 1019 αὐτοῦ,
658 952 939 1005 τουτέστιν
983 952 1032 1005 οἰ
1064 952 1254 1004 οἰκεῖοι
1290 949 1480 1015 αὑτοῦ,
1533 951 1697 1020 τυχὸν
1726 950 1775 1003 οἰ

182 1049 292 1103 ἀπὸ
319 1049 417 1116 τῆς
448 1045 621 1114 αὐτῆς
675 1044 975 1115 πατρίδος,
1010 1044 1044 1114 ἢ
1080 1044 1174 1097 καὶ
1223 1044 1273 1095 οἱ
1314 1042 1537 1113 ἀδελφοὶ
1578 1039 1771 1106 αὑτοῦ,

179 1138 403 1212 ἐξῆλθον
446 1137 722 1208 κρατῆσαι
748 1134 931 1190 αὐτόν.
956 1134 1183 1205 Ἔλεγον
1221 1134 1351 1204 γὰρ,
1385 1134 1469 1187 ὅτι
1520 1130 1770 1202 Ἐξέστη·

179 1228 493 1294 τουτέστιν,
529 1228 611 1279 ὅτι
670 1226 914 1297 Δαίμονα
971 1225 1106 1297 Ιχσι.
1157 1225 1475 1288 Ἃκούοντες
1546 1223 1657 1296 γὰρ
1692 1223 1772 1277 ὅτι

176 1317 433 1388 δαιμόνια
475 1316 754 1384 ἐκϐάλλει,
810 1318 908 1371 καὶ
957 1316 1151 1379 νόσους
1190 1317 1360 1383 ἰᾶται,
1418 1316 1529 1371 ἀπὸ
1573 1315 1771 1384 φθόνου

176 1408 431 1481 ἐνόμιζον
460 1410 542 1463 ὅτι
568 1410 803 1479 δαίμονα
832 1408 970 1481 ἔχει,
1012 1408 1109 1463 καὶ
1138 1408 1337 1480 ἐξέστη
1357 1425 1369 1437 ·
1412 1408 1537 1461 ὅθεν
1580 1406 1773 1481 ῆθελον

180 1476 459 1570 κραξῆσαι
485 1476 675 1566 αὐτὸν,
707 1501 783 1565 ὡς
814 1476 894 1554 ἂν
914 1500 1264 1572 δεσμήσωσιν
1292 1476 1369 1565 ὧς
1408 1476 1770 1571 δαιμονιῦντα.

172 1592 287 1645 Καὶ
319 1594 369 1645 οἰ
402 1592 503 1663 μὲν
532 1591 665 1662 παρ’
697 1591 885 1659 αὐτοῦ,
926 1593 1229 1659 τουτέστιν,
1268 1596 1317 1647 οἰ
1348 1596 1539 1647 οἰκεῖοι
1580 1592 1771 1658 αὑτοῦ,

172 1682 378 1747 οὕτως*
412 1684 612 1753 ὁμοίως
646 1684 703 1738 δὲ
754 1684 854 1739 καὶ
894 1684 945 1737 οἰ
977 1684 1089 1739 ἀπὸ
1146 1683 1542 1756 Ἱεροσολύμων
1580 1686 1621 1739 Γ
1627 1703 1773 1757 ραμ-

174 1777 392 1847 ματετς,
426 1775 704 1845 δαιμόνιον
746 1775 893 1847 ἔχειν
942 1776 1109 1833 αὐτὸν
1146 1775 1355 1847 ελεγον.
1406 1776 1627 1849 Ἐπειδὴ
1660 1778 1771 1849 γὰρ

171 1866 477 1936 ἀντιλέγειν
504 1869 604 1923 οὐκ
644 1864 789 1939 εἶχον
828 1870 942 1933 τοῖς
976 1868 1323 1942 γινομένοις,
1374 1870 1546 1941 ἑτέρῳ
1578 1870 1768 1942 τρόπῳ

170 1959 556 2028 διαεάλλουσιν
585 1960 747 2025 αὐτὰ,
776 1960 859 2013 ὅτι
892 1959 1001 2014 άπὸ
1030 1958 1305 2031 δαιμόνων
1347 1959 1612 2029 γίνονται.

1879 770 1972 839 qui
2000 770 2069 825 ab
2092 768 2492 840 Hierosolymis
2516 767 2934 831 descenderant,
2987 765 3237 822 dicebant
3270 784 3284 821 :
3316 765 3473 822 Beel-

1879 861 2033 918 zebul
2084 862 2266 929 habet,
2316 869 2371 918 et
2420 876 2518 931 per
2575 860 2876 931 principem
2910 858 3297 915 daemoniorum
3328 859 3475 927 ejicit

1879 956 2168 1011 daemonia.
2214 975 2231 1007 ι
2283 955 2419 1009 Cum
2468 954 2771 1019 audissent,
2832 944 3146 1023 inquit,‘qui
3202 953 3269 1009 ad
3319 953 3472 1009 illum

1881 1046 2205 1109 attinebant,
2263 1046 2366 1099 hoc
2414 1054 2499 1098 est
2560 1043 2854 1099 necessarii
2882 1043 3020 1112 ejus,
3055 1044 3193 1099 forte
3216 1044 3310 1115 qui
3331 1045 3478 1115 ejus-

1878 1139 2000 1193 dem
2025 1147 2181 1194 erant
2211 1137 2421 1207 patriae.
2454 1138 2537 1193 vel
2560 1137 2723 1192 etiam
2752 1136 2954 1192 fratres
2982 1136 3119 1207 ejus,
3152 1139 3400 1192 exierunt
3420 1148 3478 1193 ut

1878 1231 2402 1300 comprehenderent
2461 1244 2609 1285 eum.
2670 1228 2933 1285 Dicebant
2988 1231 3170 1298 enim,
3225 1235 3349 1300 quia
3414 1232 3473 1288 in

1878 1318 2120 1373 furorem
2150 1332 2341 1373 versus
2379 1325 2485 1382 est,
2521 1316 2627 1371 hoc
2666 1326 2773 1384 est,
2812 1316 3120 1373 Damonem
3148 1316 3332 1374 habet.
3364 1321 3477 1372 Au-

1877 1410 2087 1465 dientes
2149 1409 2296 1465 enim
2354 1412 2498 1479 quod
2548 1408 2813 1464 daemonia
2870 1408 3114 1477 ejiceret,
3159 1418 3214 1465 et
3255 1410 3476 1468 morbos

1876 1510 2119 1567 sanaret,
2163 1516 2275 1569 pra:
2310 1501 2514 1555 invidia
2559 1500 2923 1569 opinabantur
2967 1502 3108 1569 quod
3145 1502 3472 1559 dzeniOnium

1878 1590 2123 1657 haberet,
2158 1599 2211 1646 et
2241 1590 2483 1645 furiosus
2519 1599 2666 1646 esset
2708 1609 2722 1645 :
2754 1592 2898 1647 unde
2933 1591 3475 1665 volebant-compre-

1876 1684 2113 1739 hendere
2148 1683 2325 1745 illum,
2367 1693 2427 1737 ut
2451 1698 2575 1737 eum
2620 1693 2877 1753 tanquam
2911 1684 3300 1739 daemoniacum
3345 1685 3475 1757 liga-

1874 1785 2015 1831 rent.
2046 1774 2114 1829 Et
2164 1774 2462 1831 familiares
2492 1775 2610 1846 ejus
2656 1776 2737 1831 sic
2779 1775 2999 1856 quidam
3029 1777 3279 1846 agebant,
3324 1778 3475 1833 sitni-

1873 1867 1997 1923 liter
2020 1878 2200 1923 autem
2227 1877 2283 1924 et
2311 1866 2517 1924 Scriba:
2538 1868 2834 1933 faciebant,
2862 1868 2957 1939 qui
2978 1869 3045 1923 ab
3076 1868 3472 1940 Hierosolymis

1872 1959 2287 2027 descenderant,
2352 1959 2683 2015 dannouium
2730 1962 2905 2032 ipsum
2964 1962 3164 2017 habere
3202 1964 3471 2037 dicentes.

172 2054 312 2107 Cum
337 2055 483 2110 enim
512 2068 617 2109 non
644 2054 1264 2123 possentcomradicere
1302 2054 1385 2108 his
1429 2054 1803 2123 quat-ﬁebant,
1844 2052 1955 2107 alio
2022 2054 2183 2113 modo
2236 2053 2535 2123 arguebant
2586 2068 2673 2123 ea,
2719 2069 2914 2124 nempe
2961 2055 3104 2125 quod
3138 2069 3165 2110 a
3193 2056 3473 2111 daemoniis

174 2147 393 2203 fierent.

250 2260 274 2293 ε
314 2241 425 2296 Καὶ
471 2241 992 2314 προσκαλεσάμενος
1046 2242 1268 2306 αὐτοὺς,
1320 2244 1380 2296 ιν
1430 2243 1763 2314 παραϐολαῖς

1950 2243 2115 2299 Vens.
2167 2242 2239 2297 23
2273 2241 2365 2296 2'7.
2413 2259 2432 2294 ι
2475 2242 2544 2296 Ει
2588 2240 2658 2297 ad
2698 2255 2758 2296 se
2804 2240 3018 2297 vocatis
3048 2240 3175 2307 illis,
3214 2240 3270 2297 in
3312 2256 3473 2313 para-

172 2335 367 2405 ἔλεγεν
395 2335 577 2398 αὐτοῖς
596 2352 609 2365 ·
642 2334 765 2399 [Ιῶς
789 2334 1017 2389 δύναται
1043 2336 1290 2399 Σατανᾶς
1307 2336 1555 2392 Σατανᾶν
1575 2336 1771 2391 ἐκϐάλ-

171 2430 321 2497 law;
359 2428 469 2484 Καὶ
534 2428 631 2482 ἐὰν
699 2428 951 2500 βασιλεία
998 2428 1087 2497 ἐφ’
1134 2428 1332 2499 ἑαυτὴν
1397 2432 1655 2500 μερισθῇ,
1705 2430 1768 2483 οὑ

167 2522 400 2578 δύναται
433 2519 693 2590 σταθῆναι
723 2522 757 2591 η
801 2519 1051 2591 βασιλεία
1098 2520 1307 2591 ἐκείνη.
1341 2522 1455 2575 Καὶ
1498 2522 1594 2575 ἐὰν
1619 2522 1769 2577 οἰκία

169 2616 263 2685 ιφ*
300 2614 501 2683 ἑαυτὴν
556 2614 815 2685 μερισθῇ,
868 2613 929 2667 οὺ
961 2612 1187 2671 δύναται
1239 2613 1503 2685 σταθῆναι
1548 2617 1581 2685 ἠ
1613 2614 1765 2668 οἰκία

169 2707 383 2776 ἐκείνη.
426 2706 537 2761 Καὶ
580 2708 627 2759 εἰ
675 2709 703 2759 ὁ
734 2707 982 2769 Σατανᾶς
1015 2706 1218 2777 ἀνέστη
1254 2708 1344 2776 ἐφ’
1401 2707 1620 2773 ἑαυτὸν,
1673 2708 1767 2761 καὶ

174 2799 538 2871 μεμέρισται,
570 2797 631 2851 οὐ
678 2796 903 2853 δύναται
941 2799 1229 2869 σταθῆναι,
1260 2798 1398 2852 ἀλλὰ
1426 2799 1581 2863 τέλος
1623 2801 1762 2870 ἔχει.

175 2888 371 2952 οὐδεὶς
397 2888 624 2944 δύναται
653 2889 728 2942 τά
772 2888 942 2960 σκεύη
973 2888 1069 2943 τοῦ
1126 2889 1352 2962 ἰσχυροῦ
1381 2890 1640 2944 εἰσελθὼν
1687 2893 1767 2955 εἰς

165 2980 274 3054 τὴν
325 2981 504 3037 οἰκίαν
554 2980 721 3035 αὑτοῦ
773 2981 1110 3052 διαρπάσαι,
1149 2982 1245 3035 ἐὰν
1294 2982 1370 3053 μὴ
1426 2983 1644 3053 πρῶτον
1675 2985 1766 3037 τὸν

173 3074 400 3146 ἰσχυρὸν
419 3074 577 3147 δήσῃ,
607 3076 701 3129 καὶ
725 3074 846 3128 τότε
872 3075 970 3145 τὴν
994 3074 1175 3129 οἰκίαν
1196 3073 1365 3129 αὐτοῦ
1389 3076 1701 3147 διαρπάσει.
1740 3096 1758 3127 ι

182 3169 323 3224 ’Δπὸ
355 3169 816 3241 παραδειγμάτων
850 3170 1270 3241 άναντιρῤήτων
1309 3170 1611 3241 ἀνατρέπει
1638 3172 1765 3234 τοὺς

168 3260 480 3333 βασκάνους
531 3262 842 3326 Ἰουδαίους.
913 3262 1038 3329 Πῶς
1104 3264 1238 3333 γὰρ,
1312 3263 1482 3334 φησι,
1539 3263 1765 3319 δυνατὸν

163 3354 405 3423 δαίμονα
454 3353 717 3425 δαίμονας
773 3354 1108 3423 modium;
1145 3355 1339 3426 ὥσπερ
1396 3357 1491 3410 καὶ
1541 3357 1601 3410 έν
1645 3360 1765 3421 ταῖς

164 3446 377 3509 οἰκίαις
406 3445 645 3517 ὁρῶμεν,
674 3444 781 3510 ἓως
813 3445 916 3516 μὲν
945 3446 1324 3517 εἰρηνεύουσιν
1346 3448 1394 3500 οί
1426 3447 1483 3499 ὲν
1512 3445 1760 3516 ταύταις,

168 3536 562 3592 συνίστανταιο
608 3538 695 3593 ἐπ’
746 3538 813 3595 ἂν
884 3538 941 3592 δὲ
995 3539 1321 3611 μερισθῶσι,
1375 3541 1761 3600 καταλύονται.

1876 2338 2017 2393 bolis
2060 2336 2277 2391 dicebat
2322 2334 2428 2389 illis
2471 2332 2797 2401 :Quomodo
2854 2343 3032 2405 potest
3083 2333 3317 2391 Satanas
3371 2335 3491 2390 Sam

1876 2433 2056 2482 tanam
2112 2427 2307 2497 ejicere
2334 2425 2358 2477 Υ
2388 2424 2455 2480 Ει
2485 2426 2530 2480 si
2578 2440 2803 2495 regnum
2861 2425 3125 2482 adversus
3178 2440 3298 2481 sese
3329 2426 3437 2481 divi
3462 2456 3475 2467 -

1872 2534 1992 2575 sum
2038 2518 2223 2585 fuerit,
2284 2532 2391 2574 non
2443 2526 2623 2589 potest
2656 2527 2803 2574 stare
2857 2532 3085 2589 regnum
3113 2518 3284 2587 illud;
3339 2530 3394 2575 et
3425 2521 3471 2575 si

1871 2612 2065 2668 domus
2088 2618 2284 2666 contra
2306 2611 2543 2683 seipsam
2572 2611 2743 2666 divisa
2778 2609 2961 2677 fuerit,
2990 2624 3102 2665 non
3126 2620 3303 2682 potest
3325 2620 3471 2667 stare

1871 2704 2237 2771 domusilla;
2293 2706 2421 2762 etsi
2482 2703 2715 2762 Satanas
2774 2705 3135 2761 insurrexerit
3208 2706 3471 2761 adversus

1871 2799 2247 2869 semetipsum,
2312 2814 2377 2854 ac
2421 2797 2635 2854 divisus
2678 2807 2783 2863 est,
2836 2814 2944 2855 non
2973 2808 3149 2870 potest
3179 2808 3355 2865 stare,
3376 2804 3470 2856 sed

1872 2890 2035 2945 habet
2064 2888 2253 2945 finem.
2309 2887 2427 2944 Non
2463 2899 2645 2961 potest
2676 2891 2963 2961 quisquam
3002 2906 3124 2948 vasa
3165 2889 3346 2957 fortis,
3383 2892 3469 2946 im

1870 2996 2089 3051 gressus
2119 2984 2170 3038 in
2203 2984 2423 3039 domum
2460 2983 2630 3049 illius,
2662 2982 2924 3055 diripere,
2956 2984 3058 3039 nisi
3083 2984 3234 3055 prius
3273 2982 3465 3040 fortem

1869 3073 2139 3147 alligarit,
2186 3084 2241 3131 et
2272 3085 2402 3130 tunc
2428 3076 2650 3132 domum
2687 3076 2831 3132 illius
2849 3078 3094 3146 diriptet.
3130 3095 3149 3129 ι
3185 3078 3468 3148 Exemplis

1868 3166 2065 3236 quibus
2110 3166 2411 3223 contradici
2470 3182 2575 3222 non
2636 3176 2871 3239 poterat,
2922 3169 3091 3225 vincit
3135 3170 3348 3227 invidos
3372 3168 3469 3227 Ju-

1869 3259 2036 3314 tlaaos.
2084 3256 2370 3324 Quomodo
2419 3258 2588 3326 enim,
2631 3259 2828 3331 inquit,
2857 3260 3117 3331 possibile
3143 3272 3223 3317 est
3259 3263 3465 3317 daemo-

1869 3366 1991 3405 nem
2020 3352 2294 3408 dmmones
2320 3351 2561 3425 ejicere?
2589 3355 2731 3410 sicut
2755 3364 2811 3408 et
2840 3354 2895 3408 in
2920 3353 3170 3411 domibus
3194 3355 3464 3421 videmus,

1868 3446 2107 3513 quandiu
2172 3446 2383 3515 pacifici
2431 3454 2584 3511 sunt,
2628 3446 2770 3503 bene
2833 3447 3039 3503 habent
3066 3447 3119 3503 hi
3147 3449 3238 3518 qui
3271 3448 3325 3504 in
3358 3449 3466 3503 ilbs

1867 3544 1995 3591 sunt
2026 3552 2039 3589 :
2073 3534 2291 3603 quando
2339 3545 2519 3591 autem
2568 3534 2729 3592 divisi
2783 3536 3011 3605 fuerint,
3075 3538 3462 3595 destruuntur.

164 3628 302 3693 Πῶς
338 3627 419 3695 δὲ,
457 3630 613 3701 φησὶ,
653 3592 877 3685 δῦναταί
918 3592 1009 3696 τις
1040 3592 1109 3688 τῖὰ
1161 3592 1333 3705 exedi;

1870 3627 2154 3695 Quomodo
2190 3637 2397 3696 autem,
2424 3630 2617 3697 inquit,
2650 3637 2830 3699 potest
2886 3631 3011 3701 quis
3056 3630 3295 3702 diripere
3333 3648 3461 3689 vaSa

165 3717 505 3789 διαρπάσαι,
546 3719 645 3775 ἐὰν
708 3720 785 3791 μὴ
840 3721 1109 3793 πρότερον
1157 3723 1323 3778 αὐτὸν
1374 3724 1553 3800 δήσω
1598 3727 1664 3782 '0
1706 3726 1764 3780 δὲ

161 3806 348 3879 λέγει,
376 3807 623 3865 τοιοῦτόν
649 3813 821 3866 ἔστιν·
866 3813 1137 3886 Ὶσχυρὺς,
1172 3815 1201 3868 ό
1226 3813 1435 3886 δαίμων
1455 3833 1468 3846 °
1503 3818 1674 3890 σκεύη
1708 3820 1764 3872 δὲ

88 3970 91 3971 ν
161 3894 369 3974 αὐτοῦ,
414 3898 465 3957 οἰ
490 3897 779 3971 ἄνθρωποι
825 3901 874 3954 οἰ
926 3902 1235 3973 χωροῦντες
1266 3904 1450 3960 αὐτόν.
1496 3907 1623 3963 Ἐὰν
1675 3907 1765 3962 οῦν

164 3988 248 4061 μὴ
275 3988 546 4063 πρότερον
580 3990 719 4066 δήσῃ
763 4010 848 4060 τις
882 3994 975 4049 τὸν
1020 3995 1275 4067 δαίμονα,
1327 3999 1423 4053 καί
1454 3999 1760 4073 καταλύσῃ,

160 4078 288 4144 πῶς
313 4079 387 4135 τὰ
417 4081 586 4153 σκεύη
621 4082 809 4149 αὐτοῦ,
837 4082 967 4150 τοὺς
998 4087 1374 4158 δαιμονῶντας
1409 4090 1572 4163 λέγω,
1605 4092 1762 4165 διαρ-

158 4171 337 4231 πάσει
372 4172 430 4240 ἐξ
460 4174 665 4241 αὐτοῦς
691 4176 855 4231 Ὥστε
888 4179 1012 4232 ἐπεὶ
1039 4179 1151 4247 ἐγὼ
1180 4181 1469 4255 διαρπάξω
1497 4184 1563 4239 τὰ
1591 4186 1760 4252 σκεύη

156 4262 363 4330 αὑτοῦ,
414 4264 715 4331 τουτέστιν,
764 4266 1072 4341 ἐλευθερῶν
1100 4273 1247 4336 τοὺς
1301 4274 1621 4349 ἀνθρώπους
1656 4278 1763 4332 ἀπὸ

154 4353 261 4407 τοῦ
290 4355 620 4425 δαιμονικοῦ
655 4358 860 4422 πάθους
879 4400 894 4422 ,
924 4361 1195 4434 πρότερον
1226 4364 1416 4419 λοιπὸν
1456 4367 1624 4439 ἔδησα
1665 4371 1761 4423 καὶ

154 4449 449 4507 κατέλυσα
495 4452 624 4515 τοὺς
669 4451 953 4523 δαίμονας,
1004 4456 1100 4509 καὶ
1151 4456 1345 4529 ἐχθρὸς
1383 4460 1567 4515 αὐτῶν
1620 4464 1757 4533 εἰμι.

156 4538 296 4601 Πῶς
323 4536 421 4593 οῦν
450 4538 608 4611 (ipsi;
632 4538 821 4607 λέγετε
848 4543 927 4595 ὅτι
962 4542 1293 4609 Βεελςεόοὺλ
1325 4546 1455 4617 ἔχω,
1486 4550 1755 4617 τουτέστι,

151 4630 443 4700 δαιμόνων
460 4628 611 4699 φίλος
629 4628 705 4685 ὣν
727 4632 823 4684 καὶ
846 4632 1043 4702 μάγος.
1064 4634 1311 4689 ἐκϐάλλω
1329 4640 1455 4702 τοὺς
1475 4640 1756 4712 δαίμονας;

237 4826 260 4861 ε
299 4806 476 4880 ’Δμὴν
502 4806 645 4877 λέγω
676 4810 805 4881 ὑμῖν
825 4810 909 4863 ὅτι
934 4813 1111 4867 πάντα
1140 4814 1471 4886 ἀφεθήσεται
1495 4818 1561 4872 τά
1580 4820 1758 4891 ἁμαρ-

1868 3718 2046 3785 fortis,
2091 3719 2198 3774 nisi
2253 3720 2403 3790 prius
2424 3718 2574 3775 illum
2635 3719 2909 3777 vinxerit?
2982 3720 3252 3779 Czeterum
3312 3710 3464 3796 quod

1865 3812 2019 3876 dicit,
2052 3810 2157 3865 hoc
2183 3809 2289 3866 sibi
2322 3810 2467 3864 vult:
2495 3809 2679 3867 Fortis
2703 3820 2786 3867 est
2810 3811 3059 3868 daemon:
3091 3829 3220 3871 vasa
3276 3824 3458 3872 autem

1865 3902 2001 3970 ejus,
2058 3902 2308 3957 homines
2339 3911 2465 3958 sunt
2517 3902 2608 3972 qui
2665 3904 2733 3957 ab
2795 3902 2887 3959 illo
2947 3914 3222 3962 tenentur.
3273 3906 3463 3980 Itaque

1869 3994 1973 4050 nisi
2035 3995 2161 4064 quis
2210 3995 2365 4064 prius
2447 3994 2629 4066 alliget
2702 3996 3007 4053 datmonem
3074 4008 3131 4053 et
3194 4000 3461 4066 destruat,

1866 4087 2140 4155 quomodo
2188 4101 2319 4143 vasa
2344 4085 2462 4155 eius
2492 4089 2559 4144 ab
2592 4101 2657 4144 eo
2688 4088 2935 4145 auferet?
2965 4091 3351 4157 daemoniacos.
3379 4093 3450 4147 in-

1866 4192 2051 4251 quam.
2090 4178 2327 4252 Proinde
2357 4179 2481 4251 quia
2508 4196 2608 4252 ego
2633 4196 2758 4238 vasa
2800 4183 2919 4254 ejus
2973 4183 3191 4255 diripio,
3224 4185 3329 4244 hoc
3378 4200 3459 4243 est

1866 4268 2036 4325 libero
2064 4269 2317 4326 homines
2339 4271 2409 4326 ab
2444 4267 2732 4328 aﬂ‘ebtione
2760 4271 3117 4339 daemoniaca,
3169 4286 3459 4333 consenta-

1866 4376 2029 4416 neum
2080 4364 2337 4433 estquod
2387 4362 2623 4433 prinnnn
2681 4364 2963 4436 ligaverim
2997 4376 3051 4421 et
3088 4368 3456 4424 destruxerim

1865 4453 2161 4519 demoues,
2188 4462 2245 4511 et
2280 4455 2533 4512 inimicus
2568 4456 2782 4513 illorum
2822 4456 2948 4515 sim.
2985 4459 3266 4528 Quomodo
3292 4462 3459 4534 igitur

1866 4560 1960 4601 vos
2011 4548 2193 4603 dicitis
2226 4549 2367 4617 quod
2413 4546 2697 4606 Beelzebul
2738 4550 2989 4618 habeam,
3036 4554 3138 4609 hoc
3183 4564 3288 4621 est,
3334 4570 3456 4612 cum

1863 4638 2074 4693 amicus
2133 4639 2235 4693 sim
2302 4641 2606 4696 daemonum
2669 4654 2725 4698 et
2798 4658 3027 4715 magus,
3078 4645 3295 4717 ejiciam
3350 4652 3448 4703 me-

1865 4732 2089 4787 moues?

1928 4825 2099 4881 Vens.
2126 4826 2318 4881 28-30.
2351 4846 2369 4879 ι
2404 4830 2573 4882 Amen
2606 4828 2726 4883 dico
2753 4828 2928 4897 vobis,
2955 4845 3137 4887 omnia
3166 4834 3456 4891 remitten-

157 4900 545 5001 τήματατοῖς
593 4901 730 4965 ui.an
763 4900 873 4955 τῶν
907 4903 1235 4974 ἀνθρώπων,
1273 4908 1366 4986 καὶ
1415 4910 1757 4983 βλασφημίαι

1872 4928 1957 4973 lut.‘
1980 4916 2107 4975 ﬁliis
2137 4920 2417 4975 bominbm
2447 4932 2664 4991 peccata
2696 4932 2749 4977 et
2782 4924 3017 4980 convitia
3038 4927 3457 5001 quibuscunquc

157 4988 298 5049 ὅσας
353 4985 421 5039 εν
467 4982 956 5061 βλασφημήσωσιν.
1020 4995 1117 5058 ’ος
1166 4996 1212 5048 δ’
1263 4982 1331 5050 {iv
1383 4982 1757 5077 βλασφημήσῃ

158 5082 242 5143 εἰς
292 5080 357 5133 τὺ
395 5079 621 5151 Πνεῦμα
668 5084 728 5136 τὸ
756 5084 931 5153 ἅγιον,
983 5086 1086 5139 οῦκ
1132 5089 1243 5160 ἔχει
1291 5092 1487 5162 ἄφεσιν
1538 5098 1615 5159 εἰς
1662 5098 1756 5149 τὸν

158 5171 366 5237 αἰῶνα,
395 5172 510 5225 ἀλλ’
561 5173 742 5245 ἔνοχός
778 5178 927 5231 ἐστιν
953 5182 1177 5238 αἰωνίου
1215 5185 1447 5255 κρίσεως
1474 5204 1487 5219 ·
1523 5189 1605 5249 ὅτι
1639 5190 1755 5242 ἑλε-

160 5283 283 5336 γαν,
349 5266 576 5336 Πνεῦμα
611 5271 923 5341 ἀκάθαρτον
954 5274 1088 5343 ἔχει.
1125 5294 1143 5328 ι
1185 5276 1439 5332 Τοιοῦτόν
1486 5280 1538 5333 τί
1590 5299 1755 5351 φησιν

159 5358 406 5412 Ξνταῦθα
429 5374 444 5389 ·
471 5360 612 5415 Ὅσα
636 5364 732 5431 μὲν
777 5364 911 5417 ἀλλα
950 5368 1356 5439 ἁμαρτάνουσιν
1374 5374 1422 5424 οἰ
1452 5374 1751 5445 ἄνθρωποι,

164 5454 330 5524 τυχὸν
362 5454 540 5524 ἔχοιεν
570 5456 636 5509 ἂν
669 5457 763 5509 καὶ
794 5462 1235 5529 προφασίσασθαί
1268 5481 1342 5527 τι,
1369 5467 1462 5518 καὶ
1503 5470 1749 5537 συγγνὼο

154 5565 277 5619 μης
308 5550 518 5617 τυχεῖν,
563 5549 657 5603 τοῦ
699 5549 836 5604 Θεοῦ
883 5556 947 5625 τῇ
984 5554 1096 5608 τῶν
1142 5558 1449 5628 ἀνθρώπων
1494 5563 1748 5635 ἀσθενείᾳ

153 5638 718 5707 συγκαταϐαίνοντος,
774 5638 919 5697 οἷον·
967 5646 1153 5716 ἔλεγον
1186 5651 1277 5703 τὸν
1337 5653 1542 5722 Κύριον
1585 5656 1756 5725 φάγον

148 5732 259 5785 καὶ
331 5733 643 5804 οἰνοπότην,
702 5736 857 5804 φίλον
923 5740 1170 5794 τελωνῶν
1240 5745 1332 5796 καὶ
1390 5747 1756 5814 ἁμαρτωλῶν,

151 5823 505 5895 συγγνώμης
540 5827 937 5898 ἁξιωθήσονται
983 5832 1075 5884 ἐπὶ
1123 5834 1329 5906 τούτῳ·
1374 5838 1503 5889 ὃταν
1546 5838 1601 5890 δὲ
1636 5837 1754 5908 βλέ-

150 5932 361 5979 ποντες
385 5915 550 5970 αὐτὸν
575 5917 831 5988 θαύματα
856 5920 1075 5986 ἐξαίσια
1098 5926 1487 5997 ἐργαζόμενον,
1508 5928 1758 6000 βλασφη-

152 6005 313 6063 ιιῶσι
345 6008 407 6060 τὸ
435 6008 683 6081 Πνεῦμα,
718 6014 987 6082 τουτέστι,
1016 6016 1115 6080 τὰς
1146 6017 1231 6073 διὰ
1261 6018 1353 6073 τοῦ
1401 6020 1556 6089 ἁγίου
1585 6022 1759 6075 livet}—

1861 5004 2137 5071 cnnvitiati
2188 5013 2428 5071 fuerint:
2460 5026 2515 5071 at
2555 5017 2645 5086 qni
2674 5018 2968 5073 convitium
3003 5020 3204 5077 dixerit
3238 5022 3290 5077 in
3319 5022 3453 5095 Spi-

1863 5104 2022 5158 ritum
2047 5112 2318 5172 sanetum,
2349 5120 2455 5159 non
2487 5106 2650 5161 habet
2680 5108 3055 5165 remissionem
3080 5113 3132 5165 in
3156 5122 3420 5169 aeternum
3439 5161 3451 5179 ,

1860 5195 1954 5249 sed
2012 5196 2287 5251 obnoxius
2338 5208 2423 5253 est
2482 5208 2689 5253 aeterno
2736 5200 2941 5269 judicio
2978 5203 3145 5271 :quia
3181 5204 3453 5271 dicebant,

1859 5286 2123 5357 Spiritum
2151 5290 2487 5345 immundum
2512 5291 2692 5347 habet.
2728 5312 2745 5344 ι
2767 5292 2898 5348 Tale
2918 5296 3179 5366 quiddam
3210 5298 3454 5357 hocviocn

1860 5381 1986 5433 dicit
2022 5398 2036 5435 ;
2071 5380 2415 5451 Quaecunque
2442 5384 2544 5438 alia
2575 5388 2918 5455 peccaverint
2952 5390 3219 5458 homines,
3251 5392 3453 5449 habent

1860 5471 1999 5526 forte
2024 5475 2164 5543 quod
2196 5486 2497 5544 praetexam
2526 5487 2579 5531 et
2612 5479 2827 5533 veniam
2867 5493 3292 5552 consequantur,
3342 5486 3451 5541 Deo

1860 5565 1912 5618 id
1946 5568 2291 5622 contionante
2317 5570 2565 5623 humanae
2592 5569 2896 5627 infirmitati
2928 5594 2940 5627 :
2972 5587 3030 5628 ut
3056 5578 3287 5648 exempli
3322 5595 3447 5651 gra-

1859 5658 1951 5722 tia,
1982 5660 2237 5714 dicebant
2266 5659 2429 5730 189
2454 5660 2733 5719 Christum
2756 5664 3061 5723 helluonem
3087 5680 3141 5725 et
3170 5672 3447 5737 bibonem,

1858 5753 2090 5804 amicum
2150 5752 2561 5821 publicanorum
2624 5764 2681 5809 et
2719 5771 3091 5827 peceatorum,
3131 5761 3185 5817 in
3221 5764 3311 5818 illo
3352 5780 3447 5821 ve-

1859 5846 1999 5895 niam
2076 5852 2436 5912 assequentur
2468 5864 2478 5898 :
2512 5849 2729 5916 quando
2780 5866 2959 5905 autem
3018 5856 3262 5913 videntes
3318 5874 3444 5913 eum

1858 5934 2073 5999 onerari
2139 5936 2402 5991 miracula
2456 5940 2783 6006 indubitata,
2824 5945 3242 6016 biaspbemarint
3273 5952 3441 6023 Spiri-

1859 6029 1993 6085 tum.
2052 6024 2151 6079 hoc
2206 6037 2285 6083 est
2342 6028 2479 6085 mira
2535 6041 2699 6097 opera
2748 6050 2844 6105 per
2878 6036 3135 6109 Spiritum
3187 6056 3438 6101 sanctum
