4028 6616
204 572 306 637 5ῖῦ

910 564 1361 627 ENARRATIO
1404 562 1488 624 IN
1518 560 2024 625 EVANGELIUM
2062 555 2324 618 MARCI-
2367 577 2438 590 -
2466 552 2623 615 CAP.
2670 549 2772 611 IV.

3371 536 3478 601 530

203 685 283 745 εἰς
311 682 411 751 τὴν
455 679 559 749 γῆν
587 680 685 750 τὴν
726 676 919 750 καλὴν,
947 681 1043 733 καὶ
1078 679 1252 733 ἐδίδου
1290 677 1505 751 καρπὸν
1549 677 1787 733 ἀνασαίο

1903 675 2128 730 fructum
2159 686 2265 725 non
2306 666 2475 724 dedit.
2504 666 2572 722 Et
2614 664 2760 719 aliud
2800 658 2999 717 cecidit
3036 656 3089 713 in
3151 662 3350 710 terram
3378 654 3479 711 bo~

203 790 365 826 νοντα
404 774 493 824 καὶ
533 769 857 835 αὐξάνοντα,
894 772 989 825 καὶ
1020 772 1216 840 ἔφερεν
1244 769 1306 824 ἓν
1339 772 1655 841 τριάκοντα,
1690 771 1787 824 καὶ

206 866 262 918 ἒν
286 866 574 934 ἑξήκοντα,
608 865 702 918 καὶ
730 862 788 917 ἓν
836 863 1053 916 ἑκατόν.
1092 865 1202 917 Καὶ
1230 864 1418 932 ἔλεγεν
1447 864 1637 926 αὐτοῖς
1663 875 1678 890 ·
1725 861 1786 914 '0

208 960 342 1030 ἔχων
365 951 482 1013 ὦτα
502 956 745 1020 ἀκούειν,
786 956 1057 1010 ἀκουέτω.
1091 956 1221 1009 Ὅτε
1256 956 1313 1009 δὲ
1342 956 1563 1024 ἐγένετο
1615 972 1786 1009 κατα·

210 1052 393 1121 μόνας,
436 1048 733 1119 ἠρώτησαν
794 1048 960 1102 αὑτὸν
1009 1050 1057 1101 oi
1114 1048 1247 1117 περὶ
1300 1048 1464 1102 αὑτὸν
1504 1048 1603 1101 σὺν
1669 1050 1786 1110 τοῖς

202 1141 413 1197 δώδεκα
442 1141 539 1212 τὴν
600 1140 936 1211 παρασολὴν,
994 1140 1086 1193 καὶ
1125 1140 1311 1207 ελεγεν
1348 1140 1531 1203 αὐτοῖς
1568 1153 1581 1168 ·
1620 1140 1784 1210 ’Υμίν

204 1235 415 1294 δέδοται
438 1235 642 1303 γνῶναι
659 1234 720 1286 τὸ
756 1235 1059 1305 μυστήριον
1086 1236 1182 1303 τῆς
1215 1233 1494 1303 βασιλείας
1515 1234 1609 1288 τοῦ
1628 1235 1787 1301 Θεοῦ,

205 1328 434 1389 ἐκείνοις
464 1325 523 1379 δὲ
561 1328 673 1390 τοῖς
703 1326 828 1390 ἔξω,
856 1325 914 1379 ὲν
938 1324 1277 1395 παραϐολαῖς
1320 1327 1387 1379 τὰ
1428 1327 1607 1381 πάντα
1638 1326 1790 1395 γίνε-

204 1432 315 1489 ται,
357 1424 441 1475 ἵνα
498 1421 807 1493 βλέποντες,
864 1421 1127 1492 βλέπωσι,
1177 1421 1270 1475 καὶ
1328 1421 1402 1492 μὴ
1451 1422 1625 1487 ἴδωσι,
1691 1423 1789 1475 καὶ

205 1514 521 1579 ἀκούοντες,
545 1514 806 1575 ἀκούωσι,
834 1513 929 1566 καὶ
957 1512 1032 1583 μὴ
1057 1513 1285 1577 συνῶσι,
1313 1514 1525 1583 μήποτε
1548 1513 1794 1582 ἐπιστρέ-

204 1604 375 1673 ψωσι,
408 1606 501 1657 καὶ
536 1602 711 1672 ἀφεθῇ
747 1601 930 1664 αὐτοῖς
968 1601 1039 1654 τὰ
1064 1603 1464 1672 ἁμαρτήματα.
1499 1621 1517 1653 ι
1555 1601 1792 1672 Πρώτην

205 1695 418 1765 ταύτην
446 1698 545 1765 τὴν
577 1693 893 1765 παραϐολὴν
924 1693 1107 1762 τίθησι
1128 1694 1228 1765 τὴν
1258 1695 1391 1765 περὶ
1424 1693 1518 1747 τοῦ
1561 1696 1790 1766 σπόρου,

209 1782 296 1840 ἴνα
326 1787 526 1857 ποιήσῃ
555 1784 1094 1856 προσεκτικωτέρους
1129 1788 1255 1849 τοὺς
1283 1788 1588 1856 ἀκροατάς.
1634 1787 1791 1840 Ἐπεὶ

209 1880 325 1950 γὰρ
361 1878 544 1948 μέλλει
594 1880 771 1932 εἰπεῖν
800 1880 883 1932 ὅτι
916 1881 943 1933 ὁ
999 1880 1201 1949 σπόρος
1233 1882 1382 1933 ἐστὶν
1412 1882 1440 1934 ὁ
1472 1881 1653 1949 λόγος,
1685 1884 1788 1950 ἐμ-

208 1966 394 2023 πεσὼν
410 1966 467 2022 δὲ
488 1969 570 2029 είς
589 1968 1031 2038 ἀπροσκέπτους,
1052 1968 1359 2040 φθείρεται,
1386 1970 1580 2024 τούτου
1607 1970 1796 2024 ἕνεκεν

204 2058 319 2132 πρὸ
368 2059 479 2113 τῶν
524 2058 701 2115 ἄλλων
731 2060 801 2113 τά
843 2060 1068 2115 τοιαῦτα
1105 2062 1277 2129 λέγει,
1310 2061 1389 2123 ὡς
1436 2061 1502 2115 ἂν
1561 2063 1797 2119 σπουδά-

202 2167 380 2205 σωσιν
412 2152 461 2203 οί
493 2151 761 2221 ἀκροαταὶ
793 2150 871 2221 μὴ
904 2150 1090 2221 ἐκείνῃ
1132 2154 1200 2222 τῇ
1234 2154 1305 2221 γῇ
1360 2150 1699 2223 ὁμοιωθῆναι
1726 2154 1793 2224 τῇ

199 2243 303 2295 τὸν
345 2242 547 2313 σπόρον
578 2241 992 2315 διαφθειρούσῃ.
1029 2244 1126 2306 Τίς
1172 2232 1266 2295 οὖν
1292 2244 1441 2295 ἐστὶν
1467 2244 1497 2296 ό
1522 2245 1794 2317 σπείρωνς

201 2331 377 2393 αὐτὸς
418 2334 447 2384 ό
476 2332 736 2401 Χριστὸς,
775 2331 832 2393 δς
860 2331 1083 2400 ἐξῆλθεν
1133 2333 1199 2385 ἐκ
1248 2332 1359 2385 τῶν
1420 2332 1639 2387 κόλπων
1687 2333 1797 2387 τῶν

203 2419 505 2486 Πατρικῶν
541 2418 926 2491 φιλανθρωπίᾳ
959 2420 1055 2474 καὶ
1086 2423 1501 2489 συγκιταόάσει
1530 2423 1793 2493 άνεκφοι-

197 2512 411 2581 τήτως.
451 2509 676 2581 Ἐξῆλθε
701 2511 873 2581 δὲοὺχ
898 2510 985 2563 ῐια
1036 2513 1301 2585 ἐμπρήσῃ
1330 2514 1430 2582 τὴν
1472 2512 1797 2583 κατηραμέ-

203 2618 317 2667 νην
334 2599 460 2667 γῆν,
492 2600 587 2652 καλ.
613 2600 709 2661 τὰς
733 2603 976 2671 πονηρὰς
1013 2603 1239 2671 καρδίας
1264 2619 1277 2632 ·
1313 2603 1435 2656 οὐδὲ
1471 2603 1559 2657 ἴνα
1587 2603 1799 2676 ἐκτέμῃ

197 2690 313 2753 τὰς
344 2690 605 2753 ἀκάνθας,
663 2691 778 2744 ἀλλ’
815 2692 903 2745 ἵνα
950 2695 1153 2765 σπείρῃ
1186 2694 1275 2746 τδν
1337 2696 1562 2767 σπόρον,
1630 2699 1795 2750 Ποῖον

196 2780 266 2834 δὲ
300 2781 530 2851 σπόρον;
555 2776 705 2853 Ἀρα
730 2782 820 2834 τὸν
854 2783 947 2835 τοῦ
972 2784 1247 2848 Μωσέως;
1275 2780 1386 2855 ἄρα
1412 2787 1505 2839 τὸν
1532 2785 1641 2839 τῶν
1666 2805 1801 2856 προ-

204 2872 439 2942 φητῶνς
492 2872 648 2941 Οὐχὶ,
698 2872 834 2927 ἀλλὰ
888 2872 982 2927 τὸν
1030 2875 1223 2938 αὑτοῦ,
1258 2876 1562 2940 τουτέστιν,
1615 2877 1702 2931 ἵνα
1738 2878 1799 2931 τὸ

203 2964 546 3032 Εὐαγγέλιον
579 2964 745 3018 αὐτοῦ
774 2966 1263 3039 κηρύξῃ.Ἐκείνος
1297 2968 1397 3037 μὲν
1418 2963 1513 3022 οὖν
1555 2968 1797 3041 ῐσπειρε.

203 3051 339 3105 Τῶν
370 3052 427 3105 δὲ
474 3055 809 3125 σπερμάτων
836 3055 865 3109 δ
901 3056 1027 3127 μὲν,
1067 3056 1265 3110 ἔπεσεν
1297 3059 1377 3122 είς
1407 3058 1586 3130 ψυχὴν
1627 3077 1799 3115 κατα-

198 3145 613 3216 πεπατημένην
648 3146 755 3201 ὑπό
785 3148 997 3202 πολλῶν
1020 3165 1033 3179 ·
1087 3150 1181 3202 καὶ
1210 3150 1280 3203 τὰ
1318 3152 1545 3205 πετεινὰ
1571 3150 1665 3205 τοῦ
1711 3152 1801 3205 οὐ·

199 3236 407 3307 ρανοῦ,
457 3238 508 3290 oi
553 3237 811 3309 δαίμονες
856 3239 1001 3310 λέγω
1052 3242 1101 3294 oi
1163 3243 1254 3294 τὸν
1288 3242 1428 3313 άέρα
1460 3245 1798 3314 κατέχοντες,

193 3329 525 3398 κατέφαγον
540 3330 631 3383 τὸν
658 3332 880 3403 σπόρον.
912 3332 1155 3386 Τοιοῦτοι
1190 3334 1297 3403 γάρ
1324 3336 1463 3388 εἰσιν
1493 3336 1543 3388 οἱ
1587 3336 1799 3407 ἀνθρω-

200 3420 509 3491 πάρεσκοι,
545 3421 664 3485 ὁδὸς
696 3426 1208 3495 χατσπεπατημένη
1243 3427 1349 3480 ὑπὸ
1404 3427 1635 3481 πολλῶν·
1670 3429 1800 3481 ὅταν

196 3514 323 3583 γάρ
355 3530 437 3576 τις
474 3514 651 3568 πάντα
682 3516 897 3586 πράττῃ
950 3517 1089 3586 πρὸς
1129 3518 1189 3571 τὸ
1221 3519 1420 3589 ἀρέσαι
1457 3521 1653 3592 τούτῳ,
1707 3524 1806 3575 κά.

193 3607 399 3675 κείνῳ,
430 3601 581 3672 οὗτος
602 3611 997 3663 καταπατεῖται
1021 3609 1127 3663 ὑπὸ
1152 3611 1383 3665 πολλῶν.
1410 3612 1555 3682 Ὅρα
1577 3613 1634 3667 δέ
1656 3630 1669 3643 ³
1706 3616 1806 3669 οὐκ

192 3694 370 3750 εἶπεν
400 3698 481 3750 ὅτι
508 3699 770 3771 Ἐῥριψεν
799 3701 933 3754 αὐτὸ
956 3702 1050 3754 ἐπὶ
1078 3702 1178 3771 τὴν
1210 3702 1352 3766 ὁδὸν,
1388 3703 1503 3756 ἀλλ’
1543 3706 1802 3760 Ἔπεσεν.

205 3788 286 3841 '0
322 3788 426 3857 μὲν
456 3790 563 3860 γὰρ
614 3792 874 3863 σπείρων,
931 3793 1007 3855 ὡς
1066 3794 1148 3857 είς
1196 3793 1411 3864 ἀγαθὴν
1442 3798 1547 3865 γῆν
1597 3798 1804 3865 ῥίπτει,

192 3881 401 3951 ἐκείνη
430 3881 488 3934 δὲ
518 3884 730 3955 πονηρὰ
759 3886 1151 3963 εὑρισκομὲνη,
1186 3886 1399 3960 φθείρει
1446 3888 1539 3941 τὸν
1579 3890 1803 3960 σπόρον,

189 3974 335 4043 ἦτοι
363 3973 455 4025 τὸν
501 3974 680 4043 λόγον.
728 3977 886 4041 Τινὲς
922 3978 984 4030 δὲ
1020 3978 1082 4031 τὸ
1122 3979 1279 4049 Παρὰ
1328 3980 1428 4051 τὴν
1461 3980 1579 4034 ὁδὸν
1616 3980 1804 4047 ἔπεσε,

188 4069 523 4139 χαριέντως
554 4071 809 4143 ινόησαν,
837 4073 923 4127 ὅτι
950 4072 1149 4127 ἔπεσεν
1174 4075 1254 4137 είς
1272 4076 1506 4131 ἄπιστον
1530 4076 1759 4147 καρδίαν
1790 4092 1803 4107 ·

184 4162 339 4225 ὁδὺς
364 4162 463 4230 μὲν
489 4161 598 4232 γὰρ
618 4165 646 4216 ό
676 4164 912 4234 Χριστός
944 4180 958 4195 ·
984 4165 1139 4235 παρὰ
1181 4165 1280 4237 τὴν
1309 4166 1429 4220 ὁδὸν
1474 4168 1532 4220 δέ
1587 4170 1726 4221 εἰσιν
1757 4170 1806 4221 oi

182 4254 464 4319 ἄπιστοι,
485 4253 536 4306 oi
559 4252 663 4319 ἔξω
680 4254 778 4325 τῆς
798 4255 942 4321 ὁδοῦ,
964 4257 1214 4310 τουτέστι
1240 4256 1336 4310 τοῦ
1354 4258 1617 4327 Χριστοῦ.
1644 4259 1806 4312 Ἀλλο

178 4344 260 4399 δὲ
302 4342 498 4396 πίπτει
532 4346 623 4398 ἐπὶ
665 4346 845 4417 ψυχὴν
897 4347 1189 4417 πετρώδη·
1228 4350 1355 4412 τοὺς
1386 4349 1625 4415 εὐκόλως
1663 4348 1809 4419 λέγω

176 4434 565 4505 δεχομένους,
602 4430 721 4488 εἶτα
741 4436 1151 4500 ἀποϐάλλοντας
1180 4455 1192 4469 ο
1231 4438 1281 4491 οἳ
1325 4438 1625 4509 πετρώδεις
1675 4442 1803 4507 eici,

183 4522 364 4579 κατά
389 4540 439 4576 τι
464 4525 661 4596 μικρὸν
691 4528 927 4592 ἐοικότες
952 4530 1020 4599 τῇ
1048 4529 1243 4601 πέτρα,
1268 4529 1346 4601 τῷ
1377 4531 1601 4601 Χριστῷ
1632 4550 1802 4604 φημι,

177 4614 361 4669 καθὸ
390 4613 637 4677 ἐδέξαντο
666 4617 757 4669 τὸν
801 4619 959 4686 λόγον
981 4635 996 4651 ο
1045 4620 1182 4674 καθὸ
1218 4619 1276 4672 δὲ
1309 4621 1446 4691 προς
1474 4622 1667 4691 καιρὸν
1719 4624 1805 4676 δέ·

1893 783 2039 834 nam,
2096 774 2151 820 et
2181 764 2343 818 dabat
2372 759 2608 816 iructum
2635 762 3006 825 emergentem
3038 758 3091 807 et
3113 758 3473 810 crescentem,

1889 869 1945 915 et
1975 856 2234 913 aﬂ‘erebat
2265 870 2432 910 unum
2484 852 2734 922 triginta,
2766 856 2820 903 et
2859 858 3028 900 unum
3062 841 3372 913 sexaginta,
3424 847 3481 895 et

1892 964 2058 1005 unum
2088 955 2328 1003 centum.
2355 944 2435 999 Ac
2463 942 2674 998 diceba‘
2709 939 2818 995 illis
2848 957 2859 992 :
2887 936 2991 1003 Qui
3022 934 3189 989 habet
3217 944 3380 986 aures
3411 929 3478 982 ad

1892 1040 2242 1103 audiendum,
2268 1037 2469 1091 audiat.
2503 1033 2843 1102 Cuniiautem
2871 1026 3130 1097 cmpisset
3156 1037 3283 1079 esse
3309 1022 3478 1085 solus,

1892 1137 2374 1202 interrogaverunt
2407 1142 2531 1183 eum
2573 1126 2628 1179 bi
2661 1123 2752 1195 qui
2784 1123 2930 1176 circa
2962 1118 3137 1188 ipsum
3169 1122 3329 1172 erant
3356 1128 3478 1167 cum

1894 1225 2176 1283 duodecim
2205 1223 2275 1278 de
2312 1218 2593 1291 parabola,
2624 1223 2677 1272 et
2706 1214 2919 1270 dicebat
2947 1211 3030 1267 eis
3057 1225 3072 1265 :
3103 1207 3272 1263 Vobis
3294 1206 3480 1261 datum

1893 1331 1978 1376 est
2010 1332 2175 1375 nosse
2227 1315 2544 1387 mysterium
2608 1309 2761 1378 regni
2825 1306 2960 1372 Dei;
2997 1304 3105 1358 illis
3148 1312 3329 1356 autem
3390 1297 3481 1368 qui

1895 1412 2029 1467 furis
2062 1417 2213 1473 sunt,
2246 1422 2342 1479 per
2378 1403 2665 1477 parabolas
2694 1398 2878 1457 omnia
2928 1397 3104 1451 fiunt:
3148 1392 3481 1448 utvidentes

1895 1501 2115 1556 videant
2146 1505 2201 1554 et
2258 1512 2366 1552 non
2424 1500 2702 1559 cernant';
2734 1499 2791 1547 et
2857 1487 3142 1544 audientes
3172 1482 3396 1538 audiant
3433 1491 3486 1535 ct

1896 1608 2001 1648 non
2038 1590 2367 1661 intelligant,
2398 1585 2685 1656 nequando
2728 1588 3123 1639 convertantur
3180 1584 3236 1632 et
3288 1572 3484 1629 remit-

1898 1693 2084 1739 tantur
2124 1684 2206 1737 els
2260 1688 2508 1752 peccata.
2576 1695 2594 1729 ι
2664 1674 2905 1731 Primam
2971 1664 3483 1738 hanc'paraholam

1897 1777 2069 1848 ponit,
2102 1790 2225 1845 quae
2257 1780 2342 1829 est
2375 1773 2441 1827 de
2467 1770 2699 1835 semine,
2738 1781 2844 1838 quo
2878 1764 3177 1821 reddantur
3207 1758 3488 1814 auditores

1897 1869 2234 1925 attentiores.
2263 1864 2539 1934 Quoniam
2565 1864 2711 1919 enim
2779 1860 3025 1915 dicturus
3080 1860 3204 1912 erat
3260 1850 3485 1907 verbum

1899 1974 2022 2017 esse
2053 1973 2263 2021 semen,
2295 1955 2438 2027 quod
2468 1955 2556 2010 ubi
2590 1951 2855 2010 ceciderit
2899 1949 2953 2005 in
3004 1961 3195 2017 parum
3220 1952 3485 2000 attentos,

1828 2026 1873 2081 Β
1900 2050 2272 2121 corrumpitur
2290 2026 2324 2103 :7
2342 2057 2631 2119 propterea
2660 2050 2787 2098 ante
2807 2041 2913 2096 alia
2945 2038 3060 2094 haec
3083 2036 3239 2099 dicit,
3305 2041 3365 2088 ut
3390 2046 3486 2087 au-

1899 2141 2109 2199 ditores
2158 2138 2415 2195 studeant
2442 2149 2550 2191 non
2602 2134 2681 2189 illi
2717 2139 2884 2187 terra;
2912 2127 3118 2185 similes
3163 2124 3305 2191 ﬁeri,
3369 2136 3490 2192 qua:

1899 2246 2085 2287 semen
2121 2228 2410 2298 disperdit.
2434 2226 2571 2294 Quis
2602 2226 2768 2295 igitur
2811 2231 2897 2278 est
2928 2219 3019 2290 qui
3069 2214 3341 2273 seminat?
3373 2214 3492 2284 ipse

1898 2321 2153 2377 Christus
2187 2321 2278 2391 qui
2310 2319 2477 2374 exivit
2508 2334 2539 2373 e
2568 2316 2821 2372 Paternis
2852 2314 3065 2369 sinibus
3098 2308 3356 2366 ineliabili
3392 2308 3492 2361 mi-

1902 2415 2197 2473 sericordia
2229 2428 2289 2469 se
2326 2414 2481 2469 nobis
2514 2420 2907 2479 attemperans.
2939 2404 3121 2459 Exivit
3151 2410 3334 2457 autem
3385 2414 3490 2454 non

1898 2519 1961 2565 ut
1992 2507 2245 2562 incendat
2267 2505 2608 2560 maledictum
2640 2510 2839 2557 terram
2859 2508 2913 2554 et
2936 2497 3075 2551 mala
3099 2495 3285 2559 corda,
3314 2502 3492 2560 neque

1902 2611 1959 2657 ut
1989 2608 2209 2655 exsecet
2246 2599 2453 2668 spinas,
2500 2596 2596 2651 sed
2662 2602 2721 2648 ut
2786 2591 3019 2647 seminet
3055 2604 3265 2644 semen.
3322 2584 3495 2653 Quale

1901 2700 2081 2747 autem
2112 2689 2337 2745 semen?
2370 2687 2628 2757 Nunquid
2659 2684 2862 2740 Musis?
2918 2681 3164 2750 nunquid
3198 2680 3491 2751 propheta-

1901 2781 2063 2835 rum?
2119 2780 2259 2845 Non,
2315 2779 2411 2833 sed
2463 2791 2642 2842 suum,
2694 2779 2797 2830 hoc
2843 2782 2927 2828 est
2997 2779 3057 2827 ut
3136 2769 3493 2840 Evangeiiutn

1903 2888 2062 2929 suum
2100 2871 2385 2941 praedicet.
2430 2869 2526 2925 ille
2557 2869 2727 2940 igitur
2757 2852 3069 2922 seminavit.
3132 2863 3255 2919 lam
3300 2876 3492 2918 semen

1904 2964 2048 3020 aliud
2085 2964 2139 3019 in
2180 2963 2420 3018 animam
2442 2976 2473 3017 a
2502 2960 2689 3016 multis
2721 2959 3107 3019 conculcatam
3140 2954 3340 3012 cecidit
3369 2970 3383 3007 :
3440 2962 3497 3007 et

1903 3057 2146 3114 volatilia
2168 3057 2315 3121 cmli,
2354 3056 2628 3112 daemones
2652 3055 2795 3119 dico,
2825 3053 2914 3123 qui
2943 3066 3124 3108 aerem
3163 3051 3495 3115 inhabitant,

1905 3148 2262 3205 comederunt
2290 3162 2496 3204 semen.
2525 3146 2684 3201 Tales
2715 3146 2861 3200 enim
2902 3151 3029 3199 sunt
3064 3136 3153 3211 qui
3187 3141 3499 3197 horninibus

1909 3240 2129 3311 placere
2160 3240 2372 3305 volunt,
2428 3239 2512 3293 via
2568 3237 2777 3294 scilicet
2836 3234 3155 3291 conculcata
3204 3232 3492 3289 atnultis:

1910 3334 2129 3405 quando
2168 3334 2313 3389 enim
2354 3333 2477 3403 quis
2509 3331 2692 3386 omnia
2727 3330 2857 3385 facit
2888 3338 2945 3385 ut
2992 3328 3120 3385 huic
3164 3337 3218 3382 et
3251 3326 3326 3382 illi
3386 3326 3498 3396 pla-

1911 3436 2057 3493 ceat,
2087 3428 2190 3482 iste
2239 3441 2268 3480 a
2310 3423 2497 3480 multis
2530 3423 2908 3479 conculcatur.
2950 3419 3088 3475 Vide
3143 3429 3324 3474 autem
3357 3417 3499 3489 quod

1911 3536 2015 3574 non
2039 3519 2239 3574 dixerit
2260 3533 2319 3573 se
2337 3516 2631 3588 proiecisse
2656 3515 2789 3570 illud
2818 3514 2874 3569 in
2900 3515 3065 3577 viam,
3090 3513 3184 3567 sed
3208 3510 3499 3567 cecidisse.

1906 3612 2041 3667 Nam
2074 3611 2168 3681 qui
2210 3611 2469 3675 seminat,
2502 3624 2603 3665 ceu
2639 3608 2692 3664 in
2735 3617 2941 3662 terram
3003 3605 3205 3661 bonam
3235 3602 3449 3673 proiicit
3480 3620 3494 3655 :

1908 3704 1998 3757 illa
2035 3712 2216 3759 autem
2252 3703 2299 3759 si
2332 3702 2555 3757 inventa
2587 3700 2755 3757 fuerit
2781 3698 2949 3764 mala,
2997 3713 3207 3763 semen,
3240 3712 3336 3753 seu
3382 3712 3503 3750 vcr-

1907 3794 2033 3850 bum
2084 3794 2407 3866 corrumpit.
2455 3793 2685 3862 Quidam
2739 3802 2922 3848 autem
2972 3804 3070 3863 per
3115 3805 3303 3846 semen
3355 3790 3501 3859 quod

1908 3904 2067 3943 secus
2099 3889 2241 3943 viam
2277 3888 2495 3953 cecidit,
2544 3887 2772 3957 pulchre
2803 3886 3189 3942 intellexerunt
3229 3886 3372 3954 quod
3408 3900 3503 3939 ce-

1913 3981 2111 4035 ciderit
2136 3981 2191 4035 in
2230 3980 2591 4036 coriniidele.
2626 3978 2725 4034 Via
2762 3979 2909 4035 enim
2940 3987 3028 4035 est
3072 3976 3353 4044 Christus,
3392 3993 3501 4034 ca:-

1912 4081 2087 4126 terum
2137 4086 2297 4127 secus
2328 4072 2495 4137 viam,
2551 4080 2681 4127 sunt
2725 4070 2979 4127 infideles
3015 4070 3107 4141 qui
3161 4078 3318 4125 extra
3356 4071 3501 4125 viam

1909 4171 2060 4230 sunt,
2095 4163 2197 4218 hoc
2229 4172 2313 4220 est
2340 4162 2650 4219 Christum.
2674 4162 2834 4218 Aliud
2865 4173 3051 4218 autem
3081 4164 3229 4218 cadit
3269 4164 3324 4218 in
3376 4166 3501 4218 ani-

1910 4269 2054 4309 mam
2091 4264 2363 4324 petrosam
2392 4271 2407 4309 :
2438 4269 2534 4309 eos
2568 4254 2711 4316 dico.
2748 4255 2841 4325 qui
2872 4254 3033 4310 facile
3063 4256 3395 4327 suscipiunt,
3447 4264 3505 4312 et

1912 4345 2108 4401 deinde
2138 4345 2427 4415 abjiciunt.
2458 4345 2563 4413 Qui
2593 4347 2798 4415 petrosi
2827 4356 2976 4414 sunt,
3008 4346 3077 4403 ad
3109 4361 3334 4418 parvum
3372 4350 3507 4403 terri-

1910 4452 2011 4506 pus
2048 4438 2256 4493 similes
2296 4437 2426 4494 facti
2467 4447 2635 4506 petra:
2674 4439 2918 4507 Christo,
2968 4440 3025 4496 in
3067 4442 3173 4498 hoc
3203 4442 3349 4511 quod
3372 4456 3499 4514 ser-

1913 4544 2129 4584 monem
2185 4540 2591 4601 susceperunt:
2648 4532 2946 4588 dissimiles
2997 4541 3175 4588 autem
3237 4531 3392 4599 facti,
3438 4548 3507 4589 eo

1914 4624 2058 4693 quod
2087 4623 2154 4679 ad
2178 4632 2393 4693 tempus
2422 4624 2587 4679 breve
2614 4633 2999 4695 susceperunt,
3026 4634 3080 4679 et
3126 4624 3326 4681 deinde
3362 4626 3505 4695 abje-

172 4724 430 4781 χονται,
465 4704 585 4761 εἶτα
627 4709 1050 4775 ἀποϐάλλουσιν,
1106 4712 1452 4775 άπεοικότες.
1507 4715 1616 4766 Καὶ
1679 4714 1799 4769 άλλη

1913 4724 2128 4769 cerunt.
2166 4714 2232 4769 Et
2273 4715 2422 4770 aliud
2458 4718 2511 4771 in
2562 4717 2801 4772 animam
2859 4718 3058 4774 cecidit
3108 4718 3298 4774 multis
3350 4717 3502 4773 curis

169 4805 285 4864 εἰς
326 4799 509 4871 ψυχὴν
544 4801 907 4873 πολύφροντιν
942 4820 957 4835 ·
993 4804 1231 4859 ἄκανθαι
1262 4805 1372 4876 γὰρ
1412 4806 1467 4859 αἱ
1500 4806 1805 4876 φροντίδες.

167 4895 275 4950 Τὸ
320 4892 385 4946 δὲ
419 4893 703 4966 τέταρτον,
734 4897 815 4960 είς
858 4897 963 4965 γῆν
1030 4897 1264 4969 ἀγαθήν.
1311 4900 1457 4970 Ὅρα
1513 4898 1646 4967 γοῦν
1688 4900 1807 4965 πῶς

169 4986 430 5043 σπάνια
462 4986 528 5038 τὰ
555 4985 716 5052 καλὰ,
754 4987 849 5040 καὶ
882 4987 1052 5057 ὀλίγοι
1080 4990 1129 5042 οἱ
1163 4990 1480 5061 σωζόμενον
1517 4992 1580 5044 τὸ
1604 4992 1806 5063 τέταρ-

173 5097 297 5135 τον
354 5077 466 5146 γὰρ
507 5077 669 5147 μόνον
717 5078 815 5132 τοῦ
866 5079 1072 5150 σπόρου
1125 5080 1455 5151 εὑρίσκεταιι
1512 5082 1802 5136 διασωθέν.

162 5172 348 5231 Τοῖς
371 5162 467 5220 οὖν
489 5168 759 5239 μαθηταῖς
786 5172 1131 5243 ὲρωτήσασιν
1160 5173 1325 5226 αὑτὸν
1360 5174 1488 5245 ἰδίᾳ,
1526 5175 1692 5244 φησιν
1722 5175 1806 5229 ὅτι

171 5262 398 5332 ’Υμζίν
424 5259 632 5315 δέδοται
676 5262 880 5329 γνῶναι
900 5264 971 5316 τὰ
1021 5266 1316 5336 μυστήρια.
1356 5261 1481 5335 'Ap’
1528 5264 1622 5319 οὖν
1668 5267 1812 5320 κατὰ

160 5350 617 5424 ἀποκλήρωσιν
647 5355 743 5407 καὶ
795 5356 1141 5427 εἱμαρμένην
1187 5359 1250 5410 ὲκ
1299 5357 1513 5426 φύσεως
1543 5360 1654 5421 τοῖς
1709 5358 1809 5429 μὲν

153 5446 457 5503 δέδοται,
480 5447 588 5506 τοῖς
605 5444 662 5497 δὲ
682 5445 744 5498 οὔ
766 5461 780 5511 ;
808 5446 899 5517 Μὴ
923 5449 1134 5515 γένοιτο
1153 5449 1169 5501 l
1188 5449 1300 5502 ἀλλ’
1320 5448 1551 5513 ἐκείνοις
1577 5448 1808 5513 δέδοται,

152 5540 323 5598 τοῖς
368 5532 620 5601 ζητοῦσι.
657 5553 677 5585 ι
728 5539 955 5605 Ζητεῖτε
1006 5540 1136 5609 γὰρ,
1174 5540 1329 5611 φησὶ,
1375 5542 1473 5594 καὶ
1524 5539 1811 5610 δοθήσεται

155 5629 383 5697 ὑμῖν-
418 5642 437 5675 ›
480 5624 621 5688 Τοὺς
655 5626 710 5679 δὲ
732 5627 957 5693 λοιποὺς
983 5631 1295 5699 ἐτύφλωσεν
1348 5634 1377 5685 ὁ
1409 5631 1564 5694 Θεὸς,
1612 5632 1700 5685 ἵνα
1735 5632 1809 5704 μὴ

148 5723 352 5793 πρὸς
395 5717 618 5770 πλείονα
646 5720 974 5789 κατάκρισιν
996 5723 1178 5776 αὐτῶν
1217 5724 1304 5793 εῐη
1327 5723 1388 5776 τὸ
1410 5726 1553 5777 νοεῖν
1580 5725 1640 5777 τὸ
1662 5723 1803 5789 δέον,

149 5815 263 5889 μὴ
311 5808 691 5878 πραττόντων
717 5810 867 5865 αὑτό.
900 5813 1114 5877 Ἄλλως
1144 5830 1157 5843 θ
1192 5814 1378 5879 Θέλεις
1412 5814 1616 5883 γνῶναι
1650 5816 1735 5869 ὅτι
1776 5818 1804 5868 ὁ

257 5985 425 6025 ποτ’
442 5984 576 6041 Luc.
616 6002 734 6050 vm,
776 5989 859 6044 10.

1913 4807 2229 4873 obnoxiam,
2262 4810 2436 4879 spina
2490 4809 2637 4864 enim
2675 4823 2825 4865 curae
2858 4818 3010 4865 sunt.
3055 4809 3297 4880 Denique
3341 4824 3506 4880 quar-

1916 4907 2029 4953 tum
2088 4900 2139 4953 in
2177 4909 2378 4955 terram
2405 4900 2603 4956 bonam
2638 4901 2856 4958 cecidit.
2914 4900 3147 4957 Proinde
3186 4901 3310 4957 vide
3361 4917 3504 4972 quo-

1915 4989 2076 5045 modo
2106 5004 2229 5044 rara
2266 4990 2564 5058 sintbona,
2606 5000 2663 5048 et
2703 4993 2860 5062 pauci
2889 4993 2982 5063 qui
3018 5000 3349 5048 serventur:
3379 5009 3501 5047 natu

1914 5087 2170 5148 quartum
2204 5078 2360 5150 191
2399 5088 2607 5135 tantum
2658 5096 2849 5137 semen
2883 5081 3155 5137 invenitur
3202 5094 3501 5138 servatum.

1916 5168 2087 5226 Porro
2143 5172 2430 5242 discipulis
2480 5175 2714 5229 seorsim
2765 5174 3235 5244 interrogantibus
3299 5176 3501 5245 inquit,

1920 5282 1939 5315 ε
1969 5262 2139 5318 Vobis
2171 5266 2357 5319 datum
2402 5273 2485 5320 est
2536 5280 2701 5321 nosse
2732 5265 3149 5337 nrysteria"-".
3185 5284 3205 5318 ι
3250 5265 3509 5338 Nunquid

1914 5355 2080 5425 igitur
2136 5370 2235 5425 per
2282 5358 2718 5427 segregationem
2764 5366 2821 5413 et
2853 5358 3101 5415 naturale
3152 5357 3323 5414 fatum
3383 5361 3505 5416 aliis

1915 5448 2134 5518 quidem
2163 5452 2348 5503 datum
2376 5458 2481 5516 est,
2511 5449 2635 5505 aliis
2666 5464 2795 5505 vero
2827 5452 2978 5507 non?
3022 5451 3183 5506 Absit
3214 5453 3228 5505 ι
3267 5452 3362 5507 sed
3400 5452 3505 5507 illis

1914 5540 2103 5594 datum
2128 5541 2326 5611 estqui
2381 5542 2685 5611 inquirunt.
2732 5560 2753 5595 ι
2799 5542 3045 5609 Quaerite
3096 5544 3265 5605 enim,
3302 5543 3502 5613 inquit,

1914 5640 1969 5686 et
2001 5632 2221 5687 dabitur
2251 5633 2425 5687 vobis.
2455 5652 2473 5684 ι
2513 5632 2757 5688 Caeteros
2792 5644 2975 5688 autem
3010 5634 3307 5689 excaecavit
3342 5636 3500 5697 Deus,

1919 5739 1985 5779 ne
2013 5724 2085 5778 sit
2117 5724 2223 5780 illis
2271 5724 2325 5777 in
2357 5724 2617 5792 majorem
2646 5727 3162 5781 condemnationem
3214 5726 3258 5780 si
3301 5726 3505 5781 intelliu

1913 5826 2044 5886 gum
2071 5825 2126 5873 ct
2150 5832 2254 5873 non
2290 5817 2510 5874 iaciant.
2541 5815 2610 5871 Et
2639 5818 2801 5875 aliter
2834 5836 2852 5876 :
2890 5819 2985 5877 Vis
3026 5820 3168 5876 scire
3194 5820 3319 5891 quin
3361 5820 3500 5875 Deus
