4028 6538
616 416 720 489 ετιι

1544 396 2127 468 ΤΗεοΡιιηΑςτι
2170 393 2262 456 BU
2273 388 2580 454 LGARLB
2620 382 2978 448 ARCHIEP.

3752 372 3853 436 532

617 537 750 592 facit
769 545 954 590 omnes
991 526 1205 585 videre!
1231 524 1377 580 andi.
1412 519 1482 577 Ut
1513 520 1762 582 uidentes,
1802 517 1905 570 hoc
1922 521 2007 568 est
2035 511 2126 565 Dei
2156 526 2170 561 :
2207 547 2212 567 ι

2318 504 2412 568 νεὸς
2453 504 2660 566 πάντας
2693 500 2917 569 ἐποίησε
2954 492 3174 564 βλέπειν
3220 491 3280 544 τὸ
3308 489 3457 553 δέον;
3503 487 3692 543 ἄκουε.
3728 485 3854 539 'Ira

1311 577 1536 669 malitia
1566 577 1797 666 illorum.
1856 603 1997 658 Deus
2036 601 2181 657 enim

2318 599 2617 662 πλέκοντες
2639 613 2653 625 ι
2676 593 2836 647 τοῦτο
2858 588 2952 644 τοῦ
2968 585 3104 641 Θεοῦ
3127 601 3140 614 ·
3163 582 3249 654 μὴ
3271 577 3748 647 βλέπωσι,τοῦτο
3763 580 3855 642 τῆς

615 704 870 780 formavit
886 724 978 765 eos
1000 706 1386 773 videntes,boc
1434 712 1510 759 est
1544 704 1740 757 bonum
1764 695 2178 766 intelligentes:

619 807 719 874 ipsi
749 814 927 857 autem
948 817 1054 856 non
1073 799 1278 862 vident,
1299 810 1393 851 sua
1417 802 1609 864 sponte
1633 789 1819 845 oculos
1846 785 2182 848 claudentes,

620 913 686 953 ne
713 901 1100 951 convertantur
1122 897 1175 945 et
1201 886 1584 952 emendentur,
1621 882 1775 954 quasi
1811 896 1922 936 suae
1945 882 2183 950 ipsorum

619 990 779 1044 saluti
811 997 864 1042 et
886 983 1251 1041 emendationi
1280 981 1576 1036 invideant.
1603 976 1783 1032 Potest
1811 975 1974 1030 etiam
2025 981 2080 1028 et
2109 972 2185 1024 sic

623 1075 1063 1148 iutelligi:Aliis
1123 1075 1178 1128 in
1242 1070 1513 1142 parabolis
1574 1069 1784 1138 loquor,
1822 1077 1881 1121 ttt
1943 1065 2187 1119 videntes

622 1186 729 1226 non
757 1168 996 1232 videant,
1019 1164 1372 1221 etaudieutes
1399 1178 1501 1216 non
1533 1160 1857 1229 intelligant,
1894 1153 2181 1225 nequando

625 1277 689 1315 ex
712 1259 816 1315 hoc
850 1264 1234 1314 convertantur
1272 1262 1326 1308 et
1354 1251 1728 1306 emendentur.

707 1526 869 1581 Vens.
904 1523 1088 1581 13-20.
1142 1541 1159 1574 ι
1193 1521 1260 1575 Et
1291 1522 1366 1574 ait
1416 1519 1521 1572 illis
1555 1535 1568 1570 :
1601 1513 1830 1570 Nescitis
1882 1508 2189 1581 parabolatn

632 1616 818 1671 hanc?
867 1624 920 1670 et
955 1615 1222 1684 quomodo
1263 1625 1453 1666 omnes
1495 1607 1784 1680 parabolas
1820 1599 2192 1675 cognoscetis?

631 1710 943 1765 Seminator
975 1707 1062 1762 ille
1101 1719 1405 1761 sermonem
1451 1701 1700 1756 seminat.
1737 1695 1832 1751 Isti
1883 1709 2011 1749 vero
2070 1700 2196 1747 sunt

2287 692 2482 754 κακίας
2518 688 2722 742 αὐτῶν.
2775 686 2835 738 Ὀ
2866 683 2966 755 μιν
2990 681 3099 751 γὰρ
3130 676 3262 740 Θεὸς
3314 675 3616 744 βλέποντας
3663 669 3858 730 αὐτοὺς

2285 785 2508 844 ιπλασσ,
2553 778 2822 842 τουτέστι,
2885 773 3142 834 νοοῦντας
3181 769 3242 823 τὸ
3276 765 3464 828 καλδν,
3494 764 3655 816 αὐτοὶ
3701 757 3757 814 δι
3799 761 3856 812 ού

2289 876 2599 946 βλέπουσιν,
2635 865 2901 926 ἑκουσίως
2931 861 3307 933 καμμύοντες,
3372 857 3457 908 ῖνα
3493 853 3569 923 μὴ
3603 855 3861 919 terte-cpe-

2290 941 2431 1035 ιρῶσι
2465 965 2560 1018 καὶ
2607 956 2973 1031 διορθωθῶσιν
3007 969 3023 984 ο
3080 950 3323 1019 ὡσπερεὶ
3364 947 3474 1014 γὰρ
3526 947 3595 1012 τῇ
3659 941 3862 995 ἑαυτῶν

2292 1034 2535 1128 σωτηρίᾳ
2555 1054 2649 1108 καὶ
2671 1049 2954 1124 βελτιώσει
2982 1044 3290 1115 φθονοῦσιν.
3323 1041 3480 1092 Ἐστι
3514 1037 3571 1089 δὲ
3596 1038 3695 1088 καὶ
3723 1034 3861 1089 οὕτω

2294 1125 2636 1221 νοῆσαιξεὴι,
2686 1144 2809 1204 Τοῖς
2840 1140 3048 1200 λοιποῖς
3103 1135 3162 1187 ιν
3195 1128 3538 1200 παραϐολαῖς
3581 1127 3750 1192 λέγω,
3781 1125 3864 1177 [ve

2292 1218 2579 1310 βλέποντες
2627 1239 2701 1307 μὴ
2737 1234 2994 1304 βλέπωσι,
3045 1228 3139 1281 καὶ
3172 1222 3459 1284 ἀκούοντες
3492 1222 3566 1289 μὴ
3602 1218 3846 1278 συνιῶσι,

2295 1307 2504 1404 μήποτε
2553 1332 2658 1384 κᾶν
2713 1329 2776 1379 ἐκ
2826 1323 3021 1378 τούτου
3083 1316 3457 1388 ἑπιστρέψωσι
3498 1313 3594 1366 καὶ
3646 1307 3869 1378 διορθω-

2293 1428 2478 1480 θῶσιν.

2368 1537 2386 1568 ι
2425 1519 2532 1570 Καὶ
2565 1516 2712 1581 λέγει
2757 1512 2945 1572 αὐτοῖς
2992 1523 3006 1538 ·
3038 1506 3153 1560 Οὐκ
3193 1503 3372 1556 οἴδατε
3405 1501 3506 1567 τὴν
3556 1490 3870 1565 παραϐολὴν

2293 1609 2526 1677 eadem;
2565 1604 2659 1658 καὶ
2695 1602 2812 1664 πῶς
2842 1599 3023 1660 πάσας
3056 1598 3155 1659 τάς
3204 1590 3521 1662 παραδολάς
3564 1582 3868 1655 γνὼσεσθες

2310 1701 2367 1754 '0
2397 1675 2655 1766 σπείρων,
2677 1695 2768 1748 τὸν
2793 1693 2949 1759 λόγον
2975 1688 3208 1758 σπείρει.
3231 1677 3390 1739 Οὗτοι
3418 1682 3474 1734 δέ
3508 1680 3621 1732 είσι
3644 1679 3695 1730 el
3727 1675 3871 1743 παρὰ

631 1799 720 1866 qui
743 1799 893 1868 juxta
923 1798 1062 1852 viam
1097 1796 1364 1858 dicuntur,
1403 1792 1490 1846 ubi
1542 1790 1839 1845 seminatur
1867 1799 2048 1840 sermo
2093 1823 2108 1847 ,
2141 1792 2194 1837 et

2318 1791 2394 1861 τὴν
2419 1790 2565 1844 ww
2601 1790 2735 1840 ὅπου
2773 1783 3057 1852 σπείρεται
3085 1779 3116 1832 ὸ
3171 1778 3350 1844 λόγος,
3392 1773 3490 1828 καὶ
3518 1774 3654 1825 ὃταν
3707 1767 3872 1868 ἀκού-

630 1907 751 1945 enm
790 1890 1080 1951 audierint.
1118 1886 1404 1943 confestim
1451 1884 1600 1938 venit
1627 1879 1883 1943 Satanas,
1927 1886 1980 1932 et
2015 1875 2194 1929 aufert

2318 1853 2490 1943 anew,
2539 1879 2736 1940 εὐθέως
2768 1876 2988 1943 ιρχεται
3034 1872 3062 1923 ὁ
3122 1867 3386 1930 Σατανᾶς,
3422 1861 3518 1915 καὶ
3577 1857 3730 1928 αἴρει
3786 1853 3872 1906 τὸν

633 1997 940 2037 sermonem
986 1982 1077 2051 qui
1120 1980 1414 2034 seminatus
1455 1986 1536 2030 est
1591 1976 1639 2028 itt
1699 1971 1950 2028 cordibus
1983 1983 2192 2024 eorum.

634 2075 700 2129 Et
729 2076 818 2129 alii
840 2083 965 2129 sunt
989 2074 1236 2128 similiter
1293 2072 1343 2125 ai
1372 2071 1424 2124 in
1459 2077 1670 2138 petrosa
1691 2079 1874 2120 semen
1902 2061 2194 2132 accipiunt.

637 2166 884 2232 quicum
935 2163 1201 2218 audierint
1234 2174 1561 2224 sermonem,
1616 2158 1795 2212 statim
1829 2170 1949 2211 cum
2004 2152 2199 2223 gaudio

639 2254 910 2321 accipiunt
942 2252 1116 2317 illum,
1166 2260 1221 2306 et
1249 2265 1353 2304 non
1388 2248 1587 2302 habent
1621 2247 1855 2301 radicem
1887 2245 1938 2298 in
1989 2258 2070 2306 se,
2104 2241 2198 2296 sed

641 2343 952 2412 tcmporarii
978 2352 1142 2396 sunt:
1175 2341 1365 2393 deinde
1406 2348 1589 2392 coorta
1622 2336 1906 2390 afﬂictione
1956 2339 2047 2384 aut
2079 2345 2199 2400 per-

640 2435 919 2488 secutione
942 2444 1159 2501 propter
1183 2445 1506 2494 sermonem,
1525 2429 1813 2484 confestim
1833 2423 2200 2479 offenduntur.

644 2525 706 2577 lit
736 2523 826 2576 alii
861 2522 1095 2592 suntqui
1128 2523 1180 2575 in
1224 2522 1410 2589 spinas
1458 2534 1639 2574 semen
1673 2517 1966 2585 accipiunt.
2001 2514 2040 2566 li
2079 2522 2203 2566 sunt

646 2629 732 2674 qui
765 2628 1068 2668 sermonem
1125 2611 1348 2665 audiunt
1400 2625 1410 2659 :
1457 2619 1511 2662 at
1566 2607 1960 2662 sollicitudines
2022 2604 2202 2658 saeculi

644 2705 826 2776 hujus,
849 2705 1200 2774 deceptioque
1224 2702 1552 2761 divitiarum,
1575 2709 1999 2764 ceterarumque
2024 2709 2204 2750 rerum

647 2797 970 2866 cupiditates
1016 2797 1379 2858 introeuntes,
1448 2791 1713 2847 suffocant
1771 2804 2100 2852 sermonem,
2143 2801 2207 2841 ac

650 2889 897 2962 redditur
926 2885 1247 2941 infruetifer.
1301 2885 1365 2938 Et
1388 2884 1476 2938 alii
1511 2894 1629 2937 sunt
1669 2882 1759 2952 qui
1803 2882 1856 2934 in
1887 2891 2086 2934 terram
2115 2880 2209 2934 bo-

650 2994 773 3033 nam
814 2993 997 3033 semen
1045 2991 1393 3046 exceperunt,
1445 2974 1537 3042 qui
1587 2974 1813 3028 audiunt
1871 2973 2116 3034 verbum,
2158 2978 2212 3023 et

649 3070 971 3139 suscipiunt,
995 3077 1048 3123 et
1074 3067 1418 3129 fruetificant,
1439 3066 1511 3120 ita
1528 3074 1585 3119 ut
1607 3066 1750 3119 aliud
1777 3079 2002 3134 granum
2024 3061 2210 3115 afferat

651 3163 892 3231 triginta,
923 3161 1063 3215 aliud
1095 3160 1393 3231 sexaginta,
1421 3159 1560 3212 aliud
1608 3167 1848 3213 centum.
1893 3175 1911 3207 ›
1953 3153 2088 3209 Tres
2129 3168 2210 3207 or-

650 3255 806 3307 dines
830 3261 954 3307 sunt
986 3253 1086 3306 hoc
1141 3252 1256 3303 lnro
1291 3266 1473 3304 eorum
1509 3249 1560 3302 in
1593 3247 1788 3317 quibus
1815 3246 2032 3301 verbum
2085 3259 2206 3313 pen

651 3347 820 3400 ditur.
846 3343 978 3398 Nam
1008 3344 1061 3399 bi
1116 3343 1206 3412 qui
1239 3352 1362 3397 sunt
1407 3355 1562 3396 secus
1599 3341 1760 3406 viam,
1801 3353 1983 3407 parum
2021 3336 2211 3390 attenti

652 3444 825 3500 sunt;
874 3435 925 3489 hi
978 3444 1153 3488 autem
1209 3432 1297 3500 qui
1342 3439 1720 3494 comparantur
1767 3437 1952 3496 petras,
1998 3423 2214 3494 pusilla-

655 3525 827 3578 nimes
862 3540 875 3587 ;
905 3523 979 3576 illi
1020 3536 1148 3576 vero
1177 3521 1264 3588 qui
1317 3527 1700 3587 comparantur
1737 3518 1923 3587 spinis,
1979 3512 2211 3570 delicati.

655 3615 853 3671 Eorum
881 3630 1095 3684 quoque
1131 3617 1222 3682 qui
1262 3614 1557 3681 suscipiunt
1585 3619 1637 3662 et
1660 3617 2214 3664 eonservantsemen,

657 3709 910 3765 similiter
934 3718 1040 3764 tres
1062 3716 1188 3763 sunt
1219 3704 1460 3760 ordines.
1497 3701 1630 3756 Nam
1679 3702 1766 3770 qui
1804 3702 2033 3754 fructum
2086 3695 2219 3750 affe-

659 3813 783 3857 runt
801 3799 1135 3870 centuplum,
1156 3808 1279 3854 sunt
1313 3799 1408 3866 qui
1441 3795 1739 3865 perfectam
1772 3801 1824 3846 et
1848 3806 2110 3848 summam
2139 3790 2218 3841 vi-

658 3906 764 3951 tam
799 3903 962 3965 agunt
1013 3893 1152 3962 ;qui
1213 3901 1390 3944 autem
1440 3887 1877 3958 sexagecnplum,
1927 3883 1979 3938 bi
2019 3882 2219 3936 medio-

655 4001 801 4043 crem
839 4003 855 4052 ;
899 3986 954 4041 bl
990 3999 1117 4039 vero
1159 3984 1248 4052 qui
1305 3980 1684 4051 tr'gecuplum,
1721 3985 1848 4032 sunt
1897 3975 1988 4044 qui
2053 3986 2218 4042 parva

654 4080 894 4151 quidem,
934 4076 1165 4133 aﬂ‘erunt
1207 4086 1387 4129 tamen
1420 4083 1472 4128 et
1500 4073 1603 4142 ipsi
1646 4086 1744 4141 pro
1774 4070 1888 4123 suis
1919 4068 2138 4126 viribus,
2165 4075 2223 4118 ut

657 4172 889 4238 exempli
925 4171 1115 4240 gratia,
1153 4168 1384 4236 virgines
1419 4173 1474 4218 et
1528 4163 1755 4217 solitarii
1785 4178 1798 4217 :
1845 4161 1970 4213 item
1999 4158 2088 4212 alii
2131 4157 2221 4227 qui

662 4265 714 4316 in
740 4262 1004 4317 cmnoblis
1031 4269 1084 4315 et
1108 4255 1621 4329 congregatimiibus
1648 4255 1833 4307 vivunt
1861 4266 1873 4309 :
1896 4250 1983 4305 alii
2007 4264 2223 4320 quoque

661 4355 784 4411 laici
842 4363 896 4409 et
944 4352 1237 4423 coniugati.
1300 4348 1683 4404 Verumtamen
1731 4345 1987 4400 Dominus
2037 4357 2224 4397 omnes

662 4458 914 4515 tanquam
977 4445 1208 4498 fructum
1263 4440 1548 4496 aﬂ‘erentr-s
1601 4439 1843 4507 suscipit.
1904 4436 2086 4491 Gratia
2156 4435 2224 4488 sit

663 4541 778 4609 ejus
808 4535 1210 4592 misericordia’.

739 4627 900 4682 Vens.
945 4625 1140 4678 21-25.
1184 4643 1201 4675 ι
1242 4621 1308 4676 Ει
1340 4623 1556 4676 dicebat
1611 4620 1714 4673 illis
1754 4637 1764 4670 :
1816 4617 1952 4670 Num
2003 4616 2221 4667 lucerna

667 4722 815 4777 venit
876 4727 933 4772 ut
965 4718 1153 4771 subter
1204 4716 1436 4768 modium
1474 4723 1725 4781 ponatur,
1783 4720 1874 4762 aut
1928 4713 2110 4761 subter
2153 4708 2226 4761 Ie-

665 4811 850 4869 Ctnm?
884 4810 1068 4864 Nonne
1091 4817 1148 4861 ut
1178 4822 1341 4875 super
1388 4803 1768 4859 candelabrum
1814 4799 2075 4868 ponatur?
2117 4795 2229 4850 Non

673 4915 757 4961 est
795 4904 936 4959 enim
971 4901 1128 4971 192
1159 4899 1449 4969 quidquam
1478 4895 1746 4950 occultum
1796 4893 1935 4962 quod
1971 4907 2075 4944 non
2114 4905 2228 4942 ma-

673 4996 954 5051 nifestetur
988 5009 1002 5047 ε
1033 5005 1207 5058 neque
1258 4989 1355 5042 fuit
1386 4998 1676 5050 secretum,
1715 4985 1817 5038 nisi
1854 4992 1910 5036 ut
1947 4984 1998 5035 in
2034 4995 2231 5049 prepa-

674 5088 840 5142 tulum
877 5084 1077 5137 veniat.
1143 5080 1198 5134 Si
1238 5081 1359 5150 quis
1407 5079 1568 5132 habet
1597 5091 1758 5130 aures
1790 5076 1854 5129 ad
1888 5074 2234 5135 audiendum,

677 5181 877 5234 audiat.
924 5195 942 5228 ι
980 5176 1091 5230 Hoc
1121 5175 1236 5228 loco
1265 5173 1514 5225 admonet
1544 5171 1813 5238 apostolos
1842 5178 1900 5223 ut
1934 5169 2041 5222 sint
2076 5165 2237 5220 clarae

676 5280 726 5324 et
770 5270 1006 5324 honestae
1028 5266 1185 5331 vitaz;
1217 5264 1346 5318 dicit
1369 5264 1511 5316 enim
1539 5282 1552 5317 :
1586 5262 1740 5318 Sicut
1767 5261 1983 5315 lucerna
2011 5259 2230 5324 ponitur

679 5369 733 5412 ut
761 5359 959 5423 luceat,
988 5358 1060 5411 ita
1087 5366 1141 5411 et
1169 5356 1277 5408 vita
1311 5362 1485 5408 vestra
1510 5354 1760 5408 omnibus
1792 5351 2080 5417 conspicua
2111 5349 2235 5413 erit,

680 5463 730 5506 ct
760 5466 949 5506 omnes
990 5450 1057 5505 ad
1107 5450 1275 5517 ipsam
1334 5446 1623 5515 respicient
1655 5463 1668 5499 :
1705 5444 1910 5498 idcirco
1959 5444 2079 5496 date
2109 5456 2231 5509 ope-

684 5557 797 5595 ran.
847 5550 901 5593 ut
931 5541 1036 5594 vita
1073 5549 1249 5594 vestra
1279 5540 1416 5592 bona
1454 5538 1541 5590 sit.
1585 5537 1768 5606 Neque
1789 5535 1931 5594 enim
1959 5534 2010 5588 in
2047 5534 2240 5603 angulo

687 5631 908 5696 sedetis,
944 5635 1038 5688 sed
1085 5631 1299 5686 lucerna
1342 5631 1492 5685 estis.
1527 5627 1767 5683 Lucerna
1797 5635 1974 5682 autem
2005 5641 2108 5680 non
2143 5623 2243 5679 sub

687 5723 827 5778 lecto
866 5725 1187 5786 occultatur,
1246 5722 1337 5778 sed
1397 5735 1559 5790 super
1617 5719 2000 5774 candelabrum
2049 5717 2239 5785 posita,

687 5814 847 5876 lttcel.
881 5815 975 5874 Est
1007 5827 1182 5872 autem
1217 5825 1270 5871 et
1299 5811 1668 5885 unusquisque
1698 5819 1962 5872 nostntm,
2002 5809 2241 5868 lucerna,

2306 1974 2461 2042 λόγον
2483 1972 2573 2023 τδν
2599 1967 2941 2037 ἐσπαρμένον
2979 1964 3036 2016 ἑν
3063 1962 3182 2021 ταῖς
3216 1955 3462 2024 καρδίαις
3508 1950 3724 2004 αὐτῶν.
3769 1944 3874 1998 Καὶ

2305 2066 2447 2121 οὗτοί
2480 2067 2617 2116 slew
2654 2059 2852 2130 ὁμοίως
2899 2058 2947 2109 οί
2985 2057 3078 2107 ἰπὶ
3105 2053 3174 2106 τά
3209 2047 3460 2119 πετρώδη
3494 2044 3871 2114 σπειρόμενοι,

2305 2158 2354 2209 οἳ
2381 2158 2506 2209 ὅταν
2537 2151 2811 2206 ἀκούσωσι
2837 2146 2926 2199 τὸν
2947 2146 3128 2211 λόγον,
3163 2139 3364 2199 εὐθέως
3391 2134 3530 2206 μετά
3557 2133 3735 2204 χαρᾶς
3753 2131 3881 2197 λαμ-

2308 2249 2562 2301 ὕάνουσιν
2597 2243 2781 2306 αὐτὸν,
2843 2242 2935 2292 καὶ
2984 2238 3085 2290 οὐκ
3125 2236 3308 2306 έχουσι
3337 2229 3496 2300 ῥίζαν
3526 2229 3586 2278 ὲν
3645 2223 3876 2283 ἑαυτοῖς,

2310 2341 2443 2394 ἀλλά
2472 2334 2796 2406 πρόσκαιροί
2826 2335 2963 2386 slew
2989 2348 3002 2361 ·
3033 2324 3150 2381 εἶτα
3193 2324 3494 2394 γινομένης
3549 2319 3788 2384 θλίψεως
3839 2314 3870 2382 ἦ

2310 2430 2548 2499 διωγμοῦ
2582 2429 2668 2481 διὰ
2699 2427 2790 2479 τὸν
2827 2425 3006 2491 λόγον,
3031 2419 3233 2480 εὐθέως
3263 2412 3738 2474 σκανδαλίζονται.
3775 2406 3882 2460 Καὶ

2313 2495 2459 2579 οὗτοί
2485 2523 2642 2583 είσιν,
2673 2521 2721 2570 ol
2781 2519 2858 2575 είς
2886 2513 2982 2577 τάς
3011 2509 3254 2569 ἀκάνθας
3304 2503 3683 2573 σπειρόμενοι,
3715 2499 3766 2550 οί
3796 2495 3882 2548 τίον

2315 2621 2470 2688 λόγον
2509 2614 2812 2672 ἀκούοντες,
2844 2609 2936 2661 καὶ
2975 2608 3029 2658 el
3067 2604 3329 2673 μέριμναι
3357 2597 3451 2651 τοῦ
3511 2594 3711 2654 αἰῶνος
3760 2588 3880 2640 τού-

2314 2680 2430 2773 του,
2483 2709 2576 2760 καὶ
2609 2708 2641 2772 ἡ
2674 2703 2857 2768 ἀπάτη
2887 2698 2981 2752 τοῦ
3023 2695 3255 2748 πλούτου
3285 2692 3379 2745 καὶ
3409 2691 3466 2742 el
3521 2686 3654 2754 περὶ
3677 2683 3746 2735 τὰ
3783 2680 3886 2732 λοι·

2317 2771 2761 2864 πάνίπιθυμίαι,
2838 2786 3290 2859 εἰσπορευόμεναι
3369 2777 3742 2848 συμπνίγοδσι
3798 2771 3882 2823 τὸν

2316 2894 2493 2959 λόγον,
2531 2862 2634 2942 καί
2655 2887 2899 2953 ἄκαρπος
2934 2880 3167 2948 γίνεται.
3199 2874 3310 2930 Kal
3339 2868 3488 2926 οὗτοί
3542 2870 3683 2920 slew
3717 2864 3767 2918 οι
3800 2862 3887 2914 ἰπὶ

2318 2951 2414 3051 τὴν
2448 2980 2551 3048 γῆν
2580 2977 2675 3046 τὴν
2700 2951 2870 3042 καλὴν
2903 2969 3222 3039 σπαρέντες,
3248 2964 3301 3017 οῖ
3331 2977 3478 3023 τινες
3505 2956 3770 3011 ἀκούουσι
3801 2951 3887 3004 τὸν

2321 3042 2477 3140 λέγον
2509 3042 2645 3123 *καὶ*
2678 3063 3098 3135 παραδέχονται,
3170 3058 3264 3112 καὶ
3329 3045 3781 3122 καρποφοροῦσιν
3833 3042 3888 3094 ἓν

2320 3134 2611 3234 τριάκοντα
2648 3159 2740 3213 καὶ
2767 3134 2834 3209 liv
2878 3155 3142 3223 ἐξήκοντα
3187 3149 3280 3202 καὶ
3316 3145 3378 3198 ἓν
3406 3141 3626 3197 ἑκατόν.
3669 3157 3687 3190 ι
3733 3134 3891 3204 τρεῖς

2314 3228 2495 3320 τάξεις
2544 3253 2678 3306 είσὶν
2710 3246 2941 3302 ἐνταῦθα
2975 3245 3072 3314 τῆς
3121 3239 3397 3300 ἀπωλείας
3444 3234 3542 3288 τοῦ
3605 3231 3796 3298 λόγου.
3829 3228 3887 3281 Ol

2321 3349 2419 3418 μὲν
2456 3346 2564 3415 γὰρ
2625 3340 2776 3412 παρά
2825 3339 2923 3409 τὴν
2962 3338 3100 3402 δδδιν,
3137 3331 3486 3402 ἀπρόσεκτοι,
3545 3326 3596 3379 οί
3627 3324 3688 3378 δι
3747 3319 3892 3391 παρά

2317 3414 2417 3510 τὴν
2443 3414 2668 3508 πέτραν,
2703 3431 3059 3504 μικρὸψυχοι,
3124 3427 3173 3479 oi.
3205 3423 3261 3477 δὶ
3295 3422 3446 3490 παρὰ
3486 3419 3585 3481 τάς
3625 3414 3889 3477 ἀκάνθας,

2318 3534 2364 3584 ol
2387 3527 2657 3601 τρυφηταί
2711 3526 2835 3578 Τῶν
2871 3523 3055 3594 μέντοι
3082 3513 3544 3588 παραδεξαμένων
3573 3511 3673 3565 καὶ
3697 3510 3893 3562 διασω-

2323 3632 2529 3679 σάντων
2560 3621 2648 3673 τὸν
2674 3618 2892 3686 σπόρον,
2923 3614 3083 3667 πάλιν
3111 3612 3261 3680 τρεῖς
3284 3605 3466 3670 τάξεις
3494 3621 3510 3635 ο
3541 3603 3592 3656 οί
3623 3601 3727 3671 μὲν
3762 3615 3894 3668 καρ-

2324 3713 2686 3785 ποφοροῦντες
2740 3708 2798 3760 ἓν
2858 3706 3073 3765 ἑκατὸν,
3124 3702 3174 3754 οι
3202 3698 3406 3752 τέλειον
3437 3695 3552 3763 βίον
3607 3695 3706 3746 καὶ
3735 3689 3896 3760 ἀκρό-

2321 3827 2481 3864 τατον
2514 3806 2730 3876 ἔχοντες
2765 3818 2777 3833 ·
2804 3802 2854 3853 ol
2879 3799 2933 3851 δὲ
2966 3797 3023 3850 ἓν
3055 3795 3340 3864 ἑξήκοντα,
3362 3789 3414 3842 οί
3448 3787 3633 3858 μέσως
3662 3785 3894 3855 ἔχοντες,

2321 3905 2369 3957 el
2395 3903 2449 3955 δὲ
2478 3874 2877 3968 ἓνήτριάκοντα,
2910 3891 3024 3944 ὅσοι
3050 3885 3223 3958 μικρά
3259 3882 3380 3954 μὲν,
3409 3879 3549 3949 πλὴν
3594 3876 3698 3931 καὶ
3749 3874 3898 3928 αὐτοὶ

2325 3995 2464 4048 κατά
2487 3963 2715 4058 δύναμιν
2743 3985 3084 4054 είσφέροντες
3111 3995 3125 4010 ο
3158 3971 3290 4039 οἷον,
3328 3975 3377 4026 ol
3406 3970 3508 4042 μέν
3551 3971 3664 4022 εἰσι
3698 3963 3898 4036 παρθέ-

2328 4100 2406 4136 νοι
2438 4080 2532 4134 καὶ
2591 4055 2870 4147 ἐρημικοὶ,
2924 4071 3073 4125 ἄλλοι
3126 4065 3351 4137 μιγάδες
3385 4061 3479 4114 xel
3514 4061 3573 4112 ιν
3621 4055 3898 4125 κοινοδίῳ,

2326 4175 2500 4241 ἕτεροι
2547 4168 2724 4222 λαῖκοῖ
2752 4166 2845 4219 uel
2867 4165 2924 4215 ὲν
2953 4163 3144 4230 γάμῳ.
3186 4156 3333 4226 Πλὴν
3367 4155 3577 4216 πάντας
3622 4153 3654 4204 δ
3699 4150 3902 4220 Κύριος

2326 4237 2915 4334 ὼςνκαρποεροροῦντας
2959 4253 3209 4322 δέχεταιο
3265 4259 3360 4302 και
3423 4246 3586 4317 χάρις
3627 4245 3700 4315 τῇ
3739 4237 3899 4296 αὐτοῦ

2327 4351 2723 4424 φιλανθρωπίᾳ.

2408 4645 2424 4674 ι
2459 4623 2567 4674 Καὶ
2596 4621 2782 4685 ἔλεγεν
2813 4617 2995 4677 αὐτοῖς
3029 4630 3041 4644 ·
3085 4611 3252 4682 Μήτι
3277 4611 3304 4664 δ
3336 4607 3532 4679 λύχνος
3568 4606 3800 4678 ἔρχεται
3823 4607 3906 4660 ἴνα

2333 4715 2438 4768 ὑπὸ
2463 4713 2554 4765 τὸν
2607 4710 2789 4780 μόδιον
2820 4706 2971 4776 τεθῇ,
3028 4705 3062 4774 ἢ
3111 4703 3217 4757 ὑπὸ
3263 4703 3362 4770 τὴν
3399 4701 3630 4770 κλίνην;
3663 4700 3782 4771 Οὐχ
3828 4700 3910 4752 ἵνα

2333 4805 2428 4858 ἐπὶ
2448 4802 2543 4873 τὴν
2568 4800 2791 4871 λυχνίαν
2824 4797 3079 4866 έπιτεθῇ;
3117 4796 3194 4850 Οὐ
3237 4795 3347 4865 γάρ
3397 4793 3518 4846 ἐστί
3547 4794 3601 4845 τι
3649 4791 3913 4863 κρυπτὲν,

2333 4897 2362 4947 ὃ
2396 4895 2490 4947 ὲάν
2522 4893 2596 4962 μὴ
2629 4888 2940 4960 φανερωθῇ,
2974 4887 3096 4941 οὐδὲ
3137 4886 3358 4954 ἐγένετο
3415 4885 3768 4954 ἀπόκρυφον,
3804 4880 3913 4935 ἀλλ’

2338 4987 2422 5041 ῖνα
2455 4989 2534 5049 είς
2587 4982 2817 5055 φανερὸν
2875 4981 3024 5053 ἔλθῃ.
3081 4979 3146 5033 El
3196 4995 3278 5039 τις
3330 4974 3444 5046 εχει
3496 4968 3616 5027 ὦτα
3670 4973 3913 5032 ἀκούειν,

2337 5078 2600 5132 ἀκουέτω.
2667 5095 2684 5126 ι
2737 5071 3006 5126 Ἐνταῦθα
3064 5070 3324 5140 παραινεῖ
3379 5067 3492 5130 τοῖς
3566 5066 3913 5125 ἀποστόλοις,

2337 5171 2624 5239 λαμπροὺς
2655 5162 2796 5218 εἷναι
2829 5164 2968 5217 κατά
3012 5163 3102 5215 τὸν
3136 5161 3252 5231 βίον
3302 5161 3395 5212 καὶ
3449 5156 3551 5227 τὴν
3588 5156 3874 5209 πολιτείαν
3904 5171 3916 5183 ·

2340 5263 2552 5329 Ὠσπερ
2581 5259 2690 5329 γὰρ
2716 5259 2744 5311 ὁ
2774 5256 2986 5325 λύχνος,
3013 5253 3202 5325 φησὶν,
3231 5253 3308 5317 είς
3335 5249 3397 5304 τὸ
3426 5250 3669 5316 λάμπειν
3688 5245 3919 5304 τίθεται,

2340 5351 2483 5405 οὕτω
2507 5348 2598 5403 xel
2625 5350 2652 5401 ὁ
2700 5347 2962 5415 ὑμέτερος
3012 5345 3123 5414 βίος
3172 5344 3307 5396 πᾶσι
3343 5340 3712 5411 περίϐλεπτος
3747 5337 3918 5396 ἔσται,

2343 5444 2438 5496 καὶ
2455 5443 2655 5503 πάντες
2689 5441 2825 5508 πρὸς
2849 5438 3012 5492 αὑτὸν
3046 5435 3336 5506 βλέψουσιν
3360 5451 3373 5464 ·
3406 5433 3548 5486 ὥστε
3579 5429 3919 5484 σπουδάσατε

2345 5533 2546 5601 ἀγαθὸν
2582 5532 2695 5602 βίον
2725 5531 2886 5600 ἔχειν.
2920 5531 2993 5582 Οῦ
3021 5529 3129 5597 γὰρ
3175 5531 3232 5580 ὲν
3281 5526 3454 5596 γωνίᾳ
3489 5523 3760 5593 κάθησθε,
3793 5520 3923 5575 ἁλὶ-ὰ

2346 5623 2533 5693 λύχνος
2560 5622 2700 5674 ἐστέ.
2742 5621 2804 5673 '0
2839 5619 2895 5671 δὲ
2922 5618 3111 5688 λύχνος
3133 5617 3232 5684 οὐχ
3259 5615 3366 5667 ὑπὸ
3395 5613 3588 5682 κλίνην
3617 5610 3924 5680 κρύπτεται

2347 5717 2467 5768 ἀλλ”
2506 5717 2562 5766 ὲν
2585 5716 2648 5782 τῇ
2681 5713 2871 5782 λυχνίᾳ
2896 5711 3069 5772 τεθεὶς
3099 5709 3302 5778 φαίνει.
3345 5707 3502 5759 Ἐστι
3527 5704 3587 5758 δὲ
3643 5701 3742 5756 καλ
3769 5697 3924 5771 ἡμῶν

2349 5809 2597 5876 ἕκαστος,
2637 5806 2850 5876 λύχνος,
2902 5805 2959 5869 ὃς
3011 5801 3213 5874 ὀφείλει
3243 5799 3490 5854 τίθεσθαι
3555 5798 3652 5853 tul
3682 5796 3786 5870 τὴν
3837 5791 3924 5844 λυ-
