4028 6624
209 577 314 641 δῖε)

919 569 1370 633 ENARRATIO
1413 567 1499 630 IN
1528 566 2033 631 EVANGELlUM
2072 560 2333 624 MARCI-
2376 583 2447 595 -·-
2476 556 2634 620 CAP.
2680 554 2781 617 IV.

3380 542 3488 607 530

209 689 291 750 si;
319 687 421 756 τὴν
465 684 569 754 γῆν
598 684 695 755 τὴν
737 680 929 756 καλὴν,
957 686 1053 739 καὶ
1087 684 1261 739 ὲδίδου
1299 682 1515 757 καρπὸν
1559 682 1796 738 ἀναϐαί-

1911 681 2137 735 fructum
2169 691 2274 731 non
2314 671 2485 729 dedit.
2513 671 2581 727 Et
2623 669 2769 725 aliud
2809 664 3008 723 cecidit
3045 662 3099 718 in
3160 668 3359 716 terram
3387 659 3488 717 bo~

208 794 374 831 νοντα
413 779 504 829 καὶ
542 774 867 841 αὐξάνοντα,
902 777 998 830 καὶ
1029 777 1226 846 ἔφερεν
1253 775 1315 829 ἓν
1348 778 1664 847 τριάκοντα,
1700 776 1795 829 καὶ

210 871 269 923 ἒν
294 871 584 939 ἑξήκοντα,
617 870 712 923 καὶ
740 868 798 921 ἓν
846 868 1061 922 ἑκατόν.
1101 870 1211 923 Καὶ
1240 869 1428 937 ἔλεγεν
1457 870 1646 932 αὐτοῖς
1672 880 1687 895 ⁸
1734 866 1795 919 Ὀ

214 965 352 1035 ἔχων
374 956 492 1019 ὦτα
512 961 754 1025 ἀκούειν,
796 961 1067 1015 ἀκουέτω.
1100 962 1231 1014 Ὅτε
1266 961 1322 1014 δὲ
1351 962 1572 1029 ἐγένετο
1624 977 1795 1014 κατα-

216 1057 403 1125 μόνας,
446 1052 742 1124 ἠρώτησαν
803 1054 969 1107 αὐτδν
1018 1054 1066 1106 οἱ
1124 1054 1256 1123 περ)⁸
1309 1054 1473 1107 αὑτὸν
1514 1053 1612 1106 σὺν
1679 1055 1795 1115 τοῖς

210 1146 422 1201 δώδεκα
452 1146 549 1217 τὴν
610 1145 944 1216 παραδολὴν,
1002 1144 1096 1199 καὶ
1134 1145 1319 1212 ελεγεν
1357 1145 1540 1208 αὐτοῖς
1576 1158 1590 1173 ·
1629 1145 1793 1215 ’Υμίν

211 1240 425 1298 δέδοται
448 1239 651 1307 γνῶναι
668 1239 729 1291 τὸ
765 1240 1069 1310 μυστήριον
1095 1242 1191 1308 τῆς
1224 1238 1503 1308 βασιλείας
1524 1239 1617 1293 τοῦ
1637 1240 1795 1307 Θεοῦ,

212 1333 443 1394 ἐκείνοις
475 1330 533 1383 δὲ
570 1333 682 1394 τοῖς
712 1330 837 1395 ἔξω,
865 1330 923 1383 ὲν
947 1329 1285 1400 παραϐολαῖς
1328 1332 1395 1384 τὰ
1436 1332 1615 1386 πάντα
1647 1331 1799 1400 γίνε-

212 1437 324 1493 ται,
366 1428 450 1480 ἵνα
508 1426 816 1498 βλέποντες,
873 1426 1135 1497 βλέπωσι.
1186 1426 1279 1479 καὶ
1336 1426 1411 1497 μὴ
1460 1427 1633 1492 ἴδωσι,
1700 1428 1798 1481 καὶ

213 1519 530 1583 ἀκούοντες,
554 1518 814 1580 ἀκούωσι,
844 1518 937 1571 καὶ
966 1516 1041 1588 μὴ
1065 1518 1293 1581 συνῶσι,
1322 1519 1534 1587 μήποτε
1556 1518 1802 1587 ὲπιστρέ-

213 1609 385 1678 ψωσι,
418 1610 510 1661 καὶ
545 1607 719 1677 ἀφεθῇ
756 1606 939 1669 αὐτοῖς
977 1606 1048 1659 τὰ
1073 1608 1473 1677 ἁμαρτήματα.
1507 1626 1525 1658 ι
1564 1606 1800 1677 Πρώτην

212 1699 427 1771 ταύτην
455 1703 555 1769 τὴν
585 1697 902 1770 παρασολὴν
933 1698 1115 1766 τίθησι
1136 1698 1237 1770 τὴν
1267 1700 1400 1770 περὶ
1432 1698 1527 1753 τοῦ
1569 1700 1798 1771 σπόρου,

214 1786 306 1845 ἴνα
335 1792 535 1863 ποιήσῃ
564 1789 1102 1860 προσεκτικωτέρους
1138 1792 1264 1854 τοὺς
1292 1792 1597 1861 ἀκροατάς.
1642 1791 1800 1845 Ἐπεὶ

216 1886 333 1955 γὰρ
370 1884 553 1953 μέλλει
603 1885 779 1937 εἰπεῖν
808 1885 891 1937 ὅτι
924 1886 951 1937 6
1007 1884 1209 1954 σπόρος
1241 1886 1391 1939 ἐστὶν
1421 1887 1448 1939 6
1481 1886 1661 1954 λόγος,
1693 1889 1797 1955 ἑμ-

215 1971 403 2027 πεσὼν
419 1971 477 2027 δὲ
496 1973 579 2035 εἰς
597 1973 1039 2043 ἀπροσκέπτους,
1060 1973 1367 2045 φθείρεται,
1394 1974 1588 2029 τούτου
1615 1976 1803 2030 ἕνεκεν

213 2063 328 2137 πρὸ
377 2064 489 2117 τῶν
532 2063 709 2120 ἄλλων
739 2065 809 2118 τὰ
850 2064 1075 2121 τοιαῦτα
1112 2067 1285 2134 λέγει,
1318 2066 1397 2128 ὡς
1443 2066 1510 2121 ἂν
1569 2068 1804 2124 σπουδά-

214 2172 388 2209 σωσιν
421 2157 469 2207 οί
501 2156 769 2226 ἀκροαταὶ
801 2155 878 2226 μὴ
912 2155 1097 2227 ἐκείνῃ
1140 2159 1208 2227 τῇ
1242 2159 1314 2227 γῇ
1368 2156 1707 2227 ὁμοιωθῆναι
1735 2160 1802 2229 τῇ

212 2246 311 2299 τδν
352 2247 555 2318 σπόρον
586 2246 1001 2320 διαφθειρούσῃ.
1037 2249 1134 2311 Τίς
1180 2237 1274 2301 οὖν
1300 2248 1449 2301 ἐστὶν
1476 2250 1504 2302 6
1530 2250 1802 2322 omlpmv;

214 2336 384 2399 αὐτὸς
426 2338 455 2389 6
484 2336 744 2406 Χριστὸς,
782 2336 840 2399 ὃς
868 2336 1092 2405 ἐξῆλθεν
1142 2338 1207 2391 ἐκ
1256 2338 1366 2391 τῶν
1428 2338 1648 2392 κόλπων
1695 2339 1806 2393 τῶν

214 2424 514 2491 Πατρικῶν
550 2423 934 2496 φιλανθρωπίᾳ
967 2425 1063 2479 καὶ
1095 2428 1509 2494 συγκαταΰάσει
1538 2428 1802 2499 ἁνεκφοι-

210 2516 420 2585 τήτως.
460 2514 683 2585 Ἐξῆλθε
708 2515 881 2585 δεοῦχ
905 2515 993 2569 ῐια
1044 2518 1309 2590 ἐμπρήσῃ
1338 2519 1438 2587 τὴν
1479 2518 1805 2588 κατηραμέ-

215 2622 324 2671 νην
343 2604 468 2672 γῆν,
500 2605 595 2657 καὶ
620 2605 716 2667 τὰς
740 2608 984 2676 πονηρὰς
1021 2608 1247 2677 καρδίας
1272 2624 1285 2637 ⁶
1322 2608 1443 2662 οὺδδ
1479 2608 1566 2662 ἴνα
1595 2609 1807 2681 ἐκτέμῃ

212 2694 320 2758 τὰς
352 2695 613 2758 ἀκάνθας,
670 2696 786 2749 ἀλλ’
822 2697 910 2751 ἵνα
958 2701 1161 2770 σπείρῃ
1194 2700 1283 2752 τδν
1344 2701 1571 2772 σπόρον.
1638 2704 1802 2755 Ποῖον

209 2784 275 2839 δὲ
308 2786 538 2856 σπόρον;
561 2781 713 2857 *Αρα
738 2787 827 2839 τὸν
862 2788 955 2840 τοῦ
980 2789 1255 2853 Μωσέως;
1282 2786 1393 2861 ἄρα
1420 2793 1513 2844 τὸν
1539 2791 1649 2845 τῶν
1674 2810 1808 2861 προ·

216 2876 446 2947 φητῶν;
499 2877 656 2946 Οὐχὶ,
706 2878 842 2931 ἀλλὰ
896 2878 989 2932 τὸν
1037 2881 1230 2944 αὑτοῦ,
1266 2882 1569 2946 τουτέστιν,
1623 2882 1710 2936 ἴνα
1747 2883 1808 2936 τὸ

216 2968 554 3036 Εὐαγγέλιον
586 2969 753 3023 αὑτοῦ
782 2970 1271 3044 κηρύξῃ.Ἐκείνος
1305 2973 1405 3042 μὶν
1426 2968 1521 3027 οὖν
1562 2974 1805 3046 ἔσπειρε.

216 3056 347 3109 Τῶν
377 3056 435 3109 δὲ
482 3060 817 3129 σπερμάτων
844 3060 872 3113 δ
909 3061 1034 3131 μὶν,
1074 3062 1273 3115 ἔπεσεν
1304 3064 1385 3126 εις
1415 3064 1594 3135 ψυχὴν
1634 3082 1807 3120 κατα-

211 3150 621 3221 πεπατημένην
656 3152 763 3205 ὑπὸ
793 3153 1005 3206 πολλῶν
1027 3170 1041 3183 ·
1094 3155 1189 3207 καὶ
1217 3154 1287 3208 τὰ
1326 3157 1551 3210 πετεινὰ
1579 3155 1672 3209 τοῦ
1718 3158 1809 3209 οὑ-

212 3240 414 3311 ρανοῠ,
464 3242 515 3294 οί
561 3242 819 3313 δαίμονες
864 3244 1009 3314 λέγω
1059 3247 1109 3299 οί
1170 3248 1262 3299 τὸν
1296 3247 1435 3318 ἀέρα
1468 3250 1806 3319 κατέχοντες,

207 3334 355 3388 κατέ
368 3350 532 3402 ραγον
547 3334 639 3387 τὸν
664 3336 888 3407 σπόρον.
920 3337 1163 3391 Τοιοῦτοι
1197 3339 1305 3408 γάρ
1332 3340 1471 3393 εἰσιν
1500 3341 1550 3393 οἱ
1595 3341 1807 3412 ἀνθρω-

213 3425 517 3495 πάρεσκοι,
553 3426 672 3489 ὁδὸς
704 3430 1216 3501 καταπεπατημένη
1250 3431 1357 3484 ὑπὸ
1412 3432 1643 3486 πολλῶν·
1678 3434 1807 3487 ὅταν

209 3519 331 3587 γάρ
361 3535 445 3580 τις
482 3519 658 3573 πάντα
690 3520 904 3591 πράττῃ
957 3522 1097 3591 πρὸς
1136 3523 1196 3575 τὸ
1229 3524 1428 3594 ἀρέσαι
1464 3525 1660 3597 τούτῳ,
1715 3529 1814 3581 κά-

206 3611 405 3680 κείνῳ,
436 3605 588 3676 οὗτος
608 3615 1005 3667 καταπατεῖται
1029 3614 1135 3667 ὑπὸ
1160 3615 1390 3670 πολλῶν.
1419 3617 1563 3687 Ὅρα
1585 3618 1641 3671 δέ
1664 3635 1677 3648 ·
1713 3621 1814 3674 οὐκ

205 3697 377 3754 εἶπεν
406 3702 488 3755 ὅτι
515 3703 777 3775 Ἐῤῥιψεν
807 3705 941 3758 αὐτὸ
964 3706 1057 3758 ἐπὶ
1086 3706 1186 3776 τὴν
1217 3708 1360 3770 ὁδὸν,
1395 3707 1511 3762 ἀλλ’
1550 3710 1809 3765 Ἔπεσεν.

216 3793 293 3846 '0
329 3793 432 3861 μὲν
462 3794 570 3865 γὰρ
620 3796 882 3867 σπείρων,
938 3798 1015 3860 ὡς
1074 3798 1156 3862 είς
1203 3798 1419 3870 ἀγαθὴν
1450 3803 1555 3871 γῆν
1605 3803 1811 3871 ῥίπτει,

204 3885 407 3956 ἐκείνη
436 3886 494 3938 δὲ
525 3890 738 3959 πονηρὰ
766 3889 1159 3965 εὑρισκομένη,
1194 3891 1407 3965 φθείρει
1453 3893 1546 3946 τὸν
1586 3895 1811 3965 σπόρον,

202 3978 341 4048 ἦτοι
368 3978 461 4030 τὸν
507 3979 687 4048 λόγον.
736 3981 893 4045 Τινὲς
930 3982 992 4035 δὲ
1028 3982 1089 4036 τδ
1129 3984 1287 4054 Παρὰ
1335 3986 1436 4055 τὴν
1469 3984 1587 4039 ὁδὸν
1625 3986 1812 4052 ἔπεσε,

201 4074 529 4143 χαριέντως
561 4076 817 4147 ἐνόησαν,
844 4078 929 4131 ὅτι
958 4077 1156 4132 ἔπεσεν
1182 4080 1261 4142 είς
1280 4081 1513 4136 ἄπιστον
1537 4081 1766 4152 καρδίαν
1797 4097 1811 4113 ·

198 4167 344 4229 ὁδὸς
369 4166 470 4235 μὲν
495 4166 605 4236 γὰρ
624 4170 653 4221 ό
683 4169 920 4239 Χριστός
951 4185 965 4200 ·
991 4170 1146 4240 παρὰ
1188 4170 1287 4242 τὴν
1316 4172 1436 4225 ὁδὸν
1482 4172 1540 4225 δέ
1594 4175 1733 4227 εἰσιν
1764 4175 1813 4225 oi

197 4259 471 4324 ἄπιστοι,
492 4257 543 4311 ol
566 4256 671 4324 ἔξω
687 4260 785 4329 τῆς
805 4260 949 4326 ὀδοῦ,
971 4262 1221 4315 τουτέστι
1247 4261 1343 4315 τοῦ
1362 4263 1625 4333 Χριστοῦ.
1650 4264 1814 4317 Ἀλλο

193 4348 269 4402 δὲ
308 4347 505 4402 πίπτει
538 4350 630 4403 ἐπὶ
672 4351 853 4422 ψυχὴν
904 4352 1195 4422 πετρώδη·
1235 4355 1362 4417 τοὺς
1394 4354 1633 4421 εὐκόλως
1670 4354 1816 4424 λέγω

192 4439 573 4509 δεχομένους,
609 4435 728 4493 εἶτα
748 4442 1158 4505 ἀποὸἁλλοντας
1187 4460 1199 4475 ·
1238 4442 1289 4497 οἱ
1332 4444 1632 4515 πετρώδεις
1683 4447 1811 4513 sici,

198 4527 369 4582 κατά
395 4545 445 4581 τι
472 4530 667 4601 μικρὸν
698 4533 935 4597 ἐοικότες
959 4535 1027 4604 τῇ
1055 4534 1251 4606 πέτρᾳ,
1276 4534 1353 4606 τῷ
1384 4536 1608 4607 Χριστῷ
1640 4556 1809 4609 φημι,

195 4619 366 4673 καθὸ
396 4618 644 4682 ἐδέξαντο
673 4622 764 4675 τὸν
808 4624 966 4691 λόγον
988 4640 1004 4657 ·
1052 4625 1189 4679 καθὸ
1226 4624 1283 4677 δὲ
1316 4626 1453 4696 πρὸς
1480 4628 1675 4697 καιρὸν
1726 4629 1813 4681 δέ·

1902 788 2047 839 nam,
2105 779 2160 825 et
2190 769 2352 823 dabat
2382 764 2617 821 fructum
2644 768 3015 830 emergentem
3047 763 3101 813 et
3122 764 3482 816 crescentem,

1897 874 1954 920 et
1984 861 2243 918 afferebat
2274 875 2442 915 unum
2494 858 2743 927 triginta,
2776 862 2829 909 et
2869 864 3037 906 unum
3072 846 3381 919 sexaginta,
3433 853 3490 900 et

1901 970 2067 1010 unum
2097 960 2337 1009 centum.
2364 950 2444 1005 Ac
2472 947 2683 1003 diceba'
2718 944 2827 1000 illis
2857 963 2868 997 :
2896 941 3000 1009 Qui
3032 939 3197 994 habet
3226 950 3389 991 aures
3420 935 3487 988 ad

1901 1045 2251 1108 audiendum,
2277 1042 2479 1096 audiat.
2513 1038 2853 1107 Cunilautem
2880 1032 3139 1103 cmpisset
3166 1043 3291 1085 esse
3318 1028 3487 1091 solus,

1891 1141 2384 1207 interrogaverunt
2416 1147 2540 1189 eum
2583 1130 2637 1185 hi
2670 1128 2761 1200 qui
2793 1128 2939 1182 circa
2972 1123 3147 1195 ipsum
3178 1127 3487 1177 erantcum

1902 1230 2184 1287 duodecim
2214 1227 2285 1283 de
2321 1223 2602 1296 parabola,
2633 1228 2687 1278 et
2714 1220 2927 1275 dicebat
2956 1217 3039 1273 eis
3067 1230 3081 1271 :
3114 1212 3281 1269 Vobis
3302 1212 3488 1267 datum

1901 1336 1987 1381 est
2019 1337 2185 1380 nosse
2235 1320 2554 1392 mysterium
2618 1315 2771 1384 regni
2834 1312 2970 1378 Dei;
3006 1310 3113 1364 illis
3157 1318 3338 1362 autem
3399 1304 3491 1374 qui

1903 1417 2038 1473 foris
2070 1422 2222 1479 sunt,
2255 1427 2352 1484 per
2387 1408 2675 1482 parabolas
2703 1404 2887 1463 omnia
2937 1403 3113 1457 ﬁunt:
3156 1398 3491 1454 ut—videntes

1904 1506 2124 1561 videant
2155 1511 2209 1560 et
2266 1510 2375 1557 non
2434 1506 2711 1565 cernant’;
2744 1504 2800 1553 et
2866 1494 3151 1550 audientes
3180 1489 3405 1545 audiant
3442 1498 3495 1541 ct

1905 1613 2010 1653 non
2048 1595 2376 1666 intelligant,
2408 1590 2695 1662 nequando
2737 1593 3132 1645 convertantur
3189 1591 3245 1638 et
3296 1579 3493 1636 remit-

1906 1698 2093 1744 tantur
2133 1689 2215 1743 eis
2268 1694 2517 1757 peccata.
2584 1701 2604 1735 ι
2674 1681 2915 1736 Primam
2981 1678 3124 1732 hanc
3174 1670 3492 1744 parabolam

1905 1782 2078 1853 ponit,
2111 1795 2234 1851 qure
2266 1786 2351 1835 est
2384 1778 2450 1833 de
2476 1776 2708 1840 semine,
2747 1788 2853 1845 quo
2886 1770 3185 1827 reddantur
3215 1764 3497 1820 auditores

1906 1874 2244 1930 attentiores.
2272 1870 2547 1939 Quoniam
2574 1870 2719 1925 enim
2788 1866 3034 1921 dicturus
3089 1866 3212 1917 erat
3269 1856 3494 1913 verbum

1907 1979 2030 2022 esse
2062 1978 2272 2026 semen,
2304 1960 2447 2033 quod
2477 1961 2565 2016 ubi
2600 1956 2863 2015 ceciderit
2908 1954 2962 2010 in
3012 1966 3202 2023 parum
3229 1957 3493 2007 attentos.

1836 2031 1881 2087 Β
1908 2056 2281 2127 corrumpitur
2299 2031 2640 2125 {propterea
2669 2055 2795 2104 ante
2816 2047 2922 2101 alia
2954 2044 3069 2100 hinc
3092 2042 3247 2105 dicit,
3313 2047 3373 2093 ut
3399 2052 3494 2093 au-

1894 2147 2118 2204 ditores
2167 2144 2423 2201 studeant
2451 2156 2559 2197 non
2612 2140 2689 2195 illi
2726 2145 2892 2193 terra:
2920 2133 3126 2191 similes
3171 2130 3313 2197 lleri,
3377 2142 3498 2198 quae

1908 2252 2094 2293 semen
2129 2234 2417 2304 dispertiit.
2442 2232 2579 2300 Quis
2610 2232 2777 2300 igitur
2819 2236 2905 2283 est
2936 2225 3027 2295 qui
3078 2220 3349 2279 seminat?
3381 2220 3501 2290 ipse

1908 2326 2161 2383 Christus
2196 2327 2286 2397 qui
2318 2325 2486 2380 exivit
2516 2339 2546 2379 e
2575 2322 2829 2378 Paternis
2860 2319 3073 2374 sinibus
3107 2314 3364 2371 ineli‘abili
3399 2313 3500 2366 mi-

1910 2421 2206 2479 sericordia
2237 2434 2298 2476 se
2334 2420 2490 2475 nobis
2523 2425 2915 2485 attemperans.
2947 2409 3129 2466 Exivit
3160 2416 3342 2463 autem
3394 2418 3498 2460 non

1907 2524 1969 2571 ιιι
2000 2512 2253 2568 incendat
2275 2510 2616 2567 maledictum
2647 2514 2848 2562 terram
2867 2513 2921 2559 et
2944 2502 3083 2557 mala
3108 2501 3293 2565 corda,
3321 2510 3500 2566 neque

1911 2616 1968 2661 ut
1998 2614 2218 2661 exsecet
2254 2605 2461 2674 spinas,
2508 2602 2604 2657 sed
2669 2608 2729 2654 ut
2794 2596 3028 2653 seminet
3064 2610 3273 2650 semen.
3330 2590 3504 2659 Quale

1910 2705 2089 2753 autem
2120 2695 2345 2751 semen?
2378 2692 2636 2763 Nunquid
2667 2690 2870 2746 Musis?
2926 2687 3172 2757 nunquid
3206 2685 3500 2757 propheta-

1909 2786 2071 2840 rum?
2126 2785 2267 2851 Non,
2324 2784 2419 2839 sed
2471 2797 2650 2848 suum,
2702 2786 2804 2836 hoc
2850 2788 2935 2834 est
3005 2786 3065 2833 ut
3144 2775 3501 2846 Evangelium

1912 2894 2071 2934 suum
2107 2877 2393 2947 pradicet.
2438 2874 2534 2931 llle
2566 2875 2734 2946 igitur
2764 2858 3077 2928 seminavit.
3140 2869 3262 2926 lam
3308 2882 3500 2924 semen

1912 2970 2057 3026 aliud
2094 2969 2149 3025 in
2188 2969 2428 3024 animam
2451 2982 2482 3023 a
2510 2967 2696 3022 multis
2729 2965 3114 3024 conculcatam
3147 2960 3348 3017 cecidit
3377 2976 3391 3013 :
3448 2968 3505 3014 et

1912 3062 2154 3120 volatilia
2177 3062 2324 3127 cmli,
2362 3063 2636 3117 daemones
2659 3060 2803 3125 dico,
2833 3059 2921 3129 qui
2950 3072 3132 3115 aerem
3170 3057 3503 3121 inhabitant,

1913 3154 2270 3211 comederunt
2298 3168 2503 3210 semen.
2533 3151 2691 3207 Tales
2723 3153 2869 3206 cnim
2910 3158 3036 3205 sunt
3072 3140 3161 3217 qui
3194 3147 3507 3204 hominibus

1917 3246 2137 3317 placere
2168 3246 2380 3311 volunt,
2437 3245 2521 3298 via
2576 3242 2785 3299 scilicet
2844 3240 3163 3297 conculcata
3212 3254 3242 3294 a
3271 3238 3499 3295 multis:

1918 3340 2138 3411 quando
2177 3340 2322 3394 enim
2362 3339 2485 3409 quis
2516 3336 2699 3392 omnia
2734 3336 2865 3391 facit
2895 3344 2952 3390 ut
2999 3334 3127 3391 huic
3172 3343 3225 3387 et
3258 3331 3333 3387 illi
3394 3332 3505 3401 pla-

1919 3442 2065 3498 ceat,
2096 3434 2199 3487 iste
2247 3447 2276 3485 a
2317 3429 2505 3486 multis
2538 3428 2915 3484 conculcatur.
2958 3424 3095 3481 Vide
3150 3435 3331 3479 autem
3365 3422 3508 3494 quod

1919 3541 2023 3579 non
2048 3524 2247 3579 dixerit
2268 3538 2327 3579 se
2345 3521 2637 3593 proiecisse
2664 3520 2797 3576 illud
2826 3520 2881 3574 in
2908 3521 3072 3583 viam,
3096 3518 3192 3573 sed
3214 3516 3506 3572 cecidisse.

1914 3616 2050 3673 Nam
2082 3617 2176 3687 qui
2218 3616 2477 3680 seminat,
2510 3629 2610 3670 ceu
2646 3614 2699 3669 in
2743 3622 2948 3667 terram
3010 3611 3212 3667 bonam
3242 3608 3457 3679 proiicit
3488 3626 3503 3661 :

1916 3709 2006 3763 illa
2043 3717 2225 3765 autem
2260 3708 2307 3763 si
2340 3706 2563 3762 inventa
2594 3706 2762 3762 fuerit
2788 3704 2956 3769 mala,
3004 3718 3214 3768 semen,
3248 3717 3342 3758 seu
3389 3718 3510 3755 vcr-

1915 3800 2041 3855 bum
2092 3800 2414 3871 corrumpit.
2463 3798 2693 3867 Quidam
2746 3808 2929 3853 autem
2980 3810 3077 3868 per
3122 3811 3310 3851 semen
3362 3796 3508 3865 quod

1916 3909 2075 3949 secus
2106 3895 2249 3949 viam
2285 3893 2502 3959 cecidit,
2552 3892 2779 3963 pulchre
2810 3891 3195 3947 intellexerunt
3235 3892 3379 3960 quod
3415 3905 3511 3945 ce-

1921 3986 2119 4041 ciderit
2145 3986 2199 4040 in
2239 3986 2599 4042 corlnlidele.
2634 3983 2732 4040 Via
2769 3984 2916 4040 enim
2947 3992 3036 4041 est
3080 3982 3360 4049 Christus,
3399 3998 3509 4039 ca:-

1920 4086 2095 4131 terum
2145 4092 2305 4132 secus
2336 4077 2503 4142 viam,
2559 4086 2688 4132 sunt
2732 4076 2986 4132 inﬁdeles
3023 4076 3114 4147 qui
3169 4084 3325 4130 extra
3364 4077 3507 4130 viam

1916 4176 2068 4235 sunt,
2103 4168 2205 4223 hoc
2236 4177 2322 4225 est
2348 4167 2657 4224 Christum.
2682 4166 2841 4223 Aliud
2873 4179 3057 4224 autem
3088 4170 3236 4224 cadit
3277 4170 3331 4223 in
3384 4171 3507 4223 ani-

1918 4274 2061 4314 mam
2098 4269 2371 4329 petrosam
2400 4276 2415 4314 :
2446 4274 2541 4315 eos
2575 4260 2719 4322 dico,
2755 4261 2849 4331 qui
2880 4259 3041 4316 facile
3070 4262 3403 4332 suscipiunt,
3454 4270 3511 4317 et

1920 4350 2115 4406 deinde
2145 4350 2434 4420 abjiciunt.
2466 4349 2571 4418 Qui
2600 4352 2805 4421 petrosi
2834 4362 2983 4419 sunt,
3017 4352 3084 4407 ad
3117 4369 3341 4423 parvum
3379 4354 3513 4409 tciri?

1917 4457 2019 4511 pus
2056 4443 2263 4499 similes
2302 4441 2433 4500 facti
2474 4452 2643 4512 petra:
2681 4444 2926 4512 Christo,
2977 4446 3032 4501 in
3074 4447 3180 4503 hoc
3211 4447 3357 4517 quod
3379 4462 3505 4521 ser-

1921 4549 2137 4590 monem
2192 4545 2598 4606 susceperunt:
2655 4536 2954 4593 dissimiles
3005 4546 3182 4593 autem
3244 4537 3399 4604 facti,
3444 4554 3513 4595 eo

1921 4628 2066 4698 quod
2094 4628 2161 4684 ad
2186 4638 2400 4698 tempus
2430 4630 2594 4684 breve
2622 4638 3007 4701 susceperunt,
3034 4640 3088 4685 et
3134 4630 3333 4686 deinde
3369 4631 3512 4701 ahje.

191 4729 437 4784 χονται,
473 4708 593 4766 εἶτα
634 4714 1057 4779 ἀποῦἀλλουσιν,
1112 4716 1459 4781 ἁπεοικότες.
1514 4719 1623 4771 Καὶ
1686 4720 1806 4774 ἄλλη

1921 4730 2135 4775 cerunt.
2174 4720 2240 4775 Et
2280 4721 2429 4776 aliud
2465 4723 2518 4777 in
2569 4722 2808 4777 animam
2867 4723 3065 4779 cecidit
3116 4722 3305 4778 multis
3358 4723 3508 4779 curis

188 4809 298 4867 εὶς
333 4804 517 4875 ψυχὴν
552 4806 915 4877 πολύφροντιν
949 4824 964 4839 ·
1000 4809 1237 4863 ἄκανθαι
1269 4810 1379 4881 γὰρ
1419 4812 1475 4865 al
1508 4812 1812 4882 φροντίδες.

187 4898 290 4953 Τὸ
329 4897 392 4951 δὲ
426 4898 710 4970 τέταρτον,
742 4902 822 4965 είς
866 4902 971 4969 γῆν
1036 4902 1271 4975 ἀγαθήν.
1318 4905 1463 4974 Ὅρα
1520 4904 1653 4972 γοῦν
1695 4906 1815 4970 πῶς

190 4991 437 5047 σπάνια
469 4991 537 5043 τὰ
562 4990 723 5057 καλὰ,
761 4992 857 5045 καὶ
888 4992 1059 5062 ὀλίγοι
1087 4994 1136 5047 οἱ
1170 4995 1487 5066 σωζόμενοι·
1525 4997 1587 5049 τὸ
1612 4997 1813 5069 τέταρ-

194 5101 310 5140 τον
360 5081 474 5150 γὰρ
515 5082 676 5152 μόνον
724 5082 822 5137 τοῦ
874 5084 1079 5155 σπόρου
1132 5084 1463 5155 εὑρίσκεται]
1519 5088 1808 5141 διασωθέν.

185 5176 353 5236 Τοῖς
378 5168 475 5225 οὖν
496 5173 766 5243 μαθηταῖς
794 5176 1138 5248 ὲρωτήσασιν
1167 5178 1333 5231 αὐτὸν
1368 5178 1495 5249 ἰδία,
1533 5180 1700 5249 φησιν
1730 5180 1813 5233 ὅτι

194 5266 405 5336 ’Υμῖῐν
430 5263 639 5319 δέδοται
683 5266 887 5333 γνῶναι
908 5268 978 5320 τὰ
1028 5270 1323 5341 μυστήρια.
1363 5265 1489 5341 ⁷Δρ¹
1536 5268 1629 5324 οὖν
1675 5271 1819 5325 κατὰ

184 5354 623 5429 ἀποπλήρωσιν
653 5359 750 5411 καὶ
802 5360 1148 5431 εἱμαρμένην
1193 5364 1257 5414 ὲκ
1306 5362 1521 5431 φύσεως
1550 5365 1661 5425 τοίς
1716 5363 1817 5433 μὲν

178 5449 465 5507 δέδοται,
486 5451 594 5510 τοῖς
612 5449 669 5502 δὲ
688 5449 751 5502 οὗ
773 5466 787 5515 ;
814 5450 907 5522 Μὴ
930 5453 1140 5519 γένοιτο
1160 5453 1176 5505 l
1194 5454 1307 5506 ἀλλ’
1326 5453 1558 5517 ἐκείνοις
1585 5452 1816 5518 δέδοται,

177 5543 338 5601 τοῖς
377 5536 627 5606 ζητοῦσι.
663 5558 685 5590 ι
735 5543 962 5609 Ζητείτε
1013 5544 1143 5613 γὰρ,
1180 5545 1335 5615 φησι,
1382 5545 1480 5598 καὶ
1530 5543 1818 5613 δοθήσεται

180 5632 390 5700 ὑμῖν.
423 5646 443 5679 ι
486 5628 627 5692 Τοὺς
661 5630 717 5684 δὲ
739 5632 963 5697 λοιποὺς
991 5634 1302 5703 ἐτύφλωσεν
1355 5638 1384 5689 6
1416 5635 1571 5698 Θεὸς,
1619 5636 1707 5689 ἵνα
1742 5636 1817 5708 μὴ

175 5725 367 5795 πρὸς
400 5722 624 5775 πλείονα
652 5724 981 5794 κατάκρισιν
1003 5728 1185 5781 αὐτῶν
1223 5728 1311 5797 εἴη
1334 5727 1395 5781 τὸ
1418 5730 1561 5782 νοεῖν
1587 5729 1647 5780 τὸ
1669 5727 1809 5793 δέον,

177 5818 287 5893 μὴ
329 5814 697 5884 πραττόντων
725 5814 875 5870 αὑτό.
908 5818 1120 5881 ’Δλλως
1150 5835 1163 5847 ·
1199 5818 1385 5884 Θέλεις
1419 5819 1623 5888 γνῶναι
1657 5820 1743 5873 ὅτι
1782 5822 1811 5871 ὁ

279 5992 427 6028 ’τοτ’
444 5990 581 6047 Luc.
621 6007 743 6054 νιιι,
784 5993 866 6048 10.

1920 4813 2237 4878 obnoxiam,
2269 4815 2443 4884 spinae
2498 4814 2643 4869 enim
2682 4828 2833 4870 cura;
2865 4824 3016 4871 sunt.
3062 4814 3305 4885 Denique
3348 4829 3513 4886 quar-

1922 4913 2036 4959 tum
2096 4905 2147 4959 in
2184 4914 2385 4961 terram
2412 4906 2611 4961 bonam
2645 4907 2864 4964 cecidit.
2921 4906 3154 4962 Proinde
3194 4906 3316 4963 vide
3368 4922 3510 4977 quo-

1923 4995 2083 5050 modo
2112 5010 2235 5049 rara
2272 4997 2383 5051 sint
2405 4996 2571 5063 bona,
2614 5006 2670 5053 et
2710 4998 2867 5067 pauci
2896 4999 2990 5068 qui
3025 5006 3355 5053 serventur:
3386 5015 3508 5053 naui

1921 5092 2177 5153 quartum
2210 5084 2367 5155 191
2405 5093 2615 5141 tantum
2666 5101 2857 5142 semen
2890 5088 3163 5142 invenitur
3209 5099 3508 5143 servatum.

1922 5173 2094 5231 Porro
2150 5176 2437 5247 discipulis
2486 5180 2721 5235 seorsim
2772 5180 3242 5249 interrogantibus
3306 5181 3508 5251 inquit,

1928 5287 1946 5320 ι
1975 5267 2146 5322 Vobis
2178 5270 2363 5324 datum
2408 5278 2491 5325 est
2542 5285 2707 5326 nosse
2739 5272 2996 5343 mysteria
3016 5271 3155 5327 ⁷⁷·τθ.
3192 5290 3212 5323 ι
3257 5270 3516 5343 Nunquid

1922 5360 2087 5429 igitur
2143 5375 2241 5429 per
2289 5364 2725 5433 segregationem
2772 5372 2827 5418 et
2860 5364 3107 5421 naturale
3158 5363 3331 5419 fatum
3390 5366 3512 5421 aliis

1923 5452 2141 5522 quidem
2170 5456 2355 5507 datum
2382 5462 2487 5521 est,
2517 5454 2642 5511 aliis
2672 5470 2802 5510 vero
2834 5457 2985 5511 non?
3028 5457 3189 5511 Absit
3221 5458 3234 5511 ί
3274 5457 3369 5513 sed
3407 5457 3512 5512 illis

1920 5544 2109 5599 datum
2134 5546 2333 5615 estqui
2388 5547 2692 5615 inquirunt.
2738 5566 2759 5599 ι
2806 5547 3051 5623 Quaerite
3102 5550 3271 5610 enim,
3308 5549 3509 5619 inquit,

1921 5644 1975 5691 et
2008 5636 2228 5691 dabitur
2258 5638 2431 5692 vobis.
2462 5656 2480 5688 ι
2520 5637 2764 5693 Οωιειυε
2799 5649 2981 5693 autem
3016 5639 3315 5695 excaecavit
3348 5642 3506 5703 Deus,

1926 5743 1992 5782 ne
2020 5728 2092 5783 sit
2124 5728 2230 5783 illis
2278 5728 2331 5782 in
2362 5728 2624 5796 majorem
2653 5732 3169 5787 condemnationem
3221 5732 3265 5786 si
3309 5731 3512 5786 intelli»

1919 5829 2050 5890 gant
2077 5830 2261 5877 etnon
2296 5820 2517 5878 faciant.
2548 5820 2617 5876 Et
2646 5823 2807 5879 aliter
2840 5840 2858 5880 :
2896 5824 2992 5881 Vis
3033 5825 3175 5882 scire
3201 5825 3327 5896 quia
3368 5826 3507 5880 Deus
