4028 6600
200 535 222 596 Ξ
234 533 303 593 3ξῖ

908 523 1357 592 ENARRATIO
1397 524 1482 588 IN
1521 525 2027 590 EVANGELIUM
2065 529 2328 591 MARCI.
2369 555 2438 567 ·-
2477 532 2638 594 CAP.
2685 535 2786 595 1V.
3389 533 3460 597 53

200 648 375 718 χνίαν,
404 647 686 700 τουτέστιν
735 641 826 696 ἐπὶ
869 641 930 695 τὸ
976 639 1109 709 ὕψος
1157 642 1256 713 τῆς
1292 640 1437 695 κατὰ
1464 640 1599 696 Θεὸν
1632 640 1786 695 πολιν

1921 644 1982 711 ιιιί
2043 645 2203 701 debet
2237 648 2361 716 poni
2421 664 2586 718 super
2622 647 3035 714 candelabrum,
3069 649 3174 703 hoc
3227 656 3309 704 est
3335 663 3500 717 super

198 739 373 804 τείας,
419 741 509 792 ἵνα
557 740 653 792 καὶ
691 732 907 806 ἑτέροις
956 735 1184 806 δύνηται
1235 729 1496 806 λάμπειν,
1535 733 1651 787 ἀλλ’
1691 735 1793 804 οὐχ

205 832 309 885 ὑπὸ
341 831 434 884 τὸν
467 830 671 896 μόδιον,
704 827 986 880 τουτέστιν
1019 825 1126 879 ὑπὸ
1165 825 1268 896 τὴν
1313 825 1791 895 γαστριμαργίαν,

206 923 301 976 καὶ
323 921 425 990 τὴν
457 919 588 989 περὶ
615 918 682 970 τὰ
719 919 844 971 σῖτα
876 915 1137 986 σπουδὴν,
1161 914 1272 968 οὐδ’
1307 915 1414 968 ὑπὸ
1451 915 1552 984 τὴν
1579 914 1790 986 κλίνην,

205 1014 456 1070 τουτέστι
487 1011 588 1084 τὴν
621 1011 949 1066 ἀνάπαυσιν.
983 1009 1175 1071 Οὐδεὶς
1219 1008 1493 1080 γὰρπερὶ
1547 1008 1618 1062 τὰ
1671 1008 1794 1060 σῖτα

206 1106 546 1171 σπουδάζων,
579 1104 674 1156 καὶ
701 1102 884 1156 ἄνεσιν
911 1101 1113 1166 ποθῶν,
1145 1099 1371 1155 δύναται
1405 1099 1614 1170 λύχνος
1648 1095 1792 1154 εἶναι

206 1200 349 1252 πᾶσι
387 1197 597 1265 φαίνων
632 1194 721 1248 διὰ
743 1193 838 1247 τοῦ
872 1193 1074 1246 οίκείου
1105 1192 1246 1263 βίου.
1273 1191 1349 1247 οὐ
1380 1191 1488 1262 γάρ
1512 1206 1630 1246 εστι
1658 1209 1796 1264 κρυ-

205 1292 339 1343 πτὸν
366 1286 395 1342 6
429 1287 489 1341 ού
529 1286 604 1358 μὴ
630 1285 940 1354 φανερωθῇ.
966 1283 1088 1337 Εἴτε
1116 1283 1326 1350 ἀγαθόν
1357 1300 1441 1348 τι,
1485 1283 1598 1336 εῐτε
1631 1301 1797 1355 πονηο

204 1382 302 1455 ριν
333 1383 393 1434 ιν
420 1380 498 1449 τῷ
559 1377 808 1449 λεληθότι
842 1377 1006 1438 ποιεῖ,
1039 1374 1497 1446 φανερωθήσεται
1547 1377 1645 1429 καὶ
1700 1376 1788 1430 lv-

205 1473 407 1540 ταῦθα,
444 1473 541 1526 καὶ
574 1469 758 1539 πολλῷ
791 1469 994 1541 μᾶλλον
1044 1469 1106 1522 ὲν
1156 1466 1237 1538 τῷ
1273 1467 1545 1538 μέλλοντι.
1585 1468 1650 1522 Τί
1685 1469 1796 1540 γὰρ

204 1564 275 1637 ἦν
309 1565 686 1638 κρυφιώτερον
719 1562 892 1622 Geo-3;
946 1561 1062 1615 ἀλλ’
1087 1563 1238 1632 ὅμως
1297 1561 1390 1616 καὶ
1423 1553 1578 1627 οὗτος
1603 1562 1768 1630 ἔφανε

207 1659 360 1730 ρώθη
389 1661 448 1711 ὲν
475 1656 661 1727 σαρκί.

289 1771 307 1804 ι
349 1751 459 1806 Καὶ
488 1749 674 1816 ἔλεγεν
705 1747 894 1812 αὐτοῖς
921 1762 944 1785 ι·
977 1745 1216 1801 Βλέπετε
1255 1746 1310 1800 τί
1339 1746 1594 1804 ἀκούετε.
1633 1747 1722 1800 Ἑν
1751 1738 1797 1816 ᾧ

205 1845 398 1916 μέτρῳ
425 1844 700 1912 μετρεῖτε,
733 1841 1143 1912 μετρηθήσεται
1176 1841 1328 1911 ὑμῖν,
1367 1842 1462 1896 καὶ
1485 1841 1795 1915 προστεθή-

206 1954 364 1992 σεται
402 1935 530 2004 ὑμῖν
553 1937 666 1997 τοῖς
707 1932 1019 1988 ἁκούουσιν.
1073 1935 1170 1997 Ὃς
1201 1933 1310 2004 γὰρ
1362 1934 1428 1988 ἂν
1461 1933 1581 2005 ἔχῃ,
1637 1934 1797 2006 δοθή-

1898 737 2273 793 summitatem
2315 739 2514 798 divinae
2545 742 2687 803 vitae,
2717 749 2772 793 ut
2801 750 2853 794 et
2885 739 3006 794 aliis
3054 726 3232 810 possit
3267 739 3451 793 lucere
3480 751 3495 791 :

1897 829 1994 884 sed
2037 845 2146 884 non
2183 831 2286 886 sub
2314 832 2519 894 modio,
2555 833 2661 886 hoc
2711 840 2795 884 est
2830 831 2935 886 sub
2986 829 3397 901 gastrimargia,
3443 837 3500 881 et

1897 922 2142 976 ciborum
2175 938 2307 978 cura
2344 939 2358 976 :
2419 938 2599 993 neque
2645 924 2748 979 sub
2793 923 2956 989 lecto,
3012 923 3115 978 hoc
3157 933 3241 977 est
3292 920 3495 990 quiete.

1897 1013 2089 1069 Nullus
2120 1017 2262 1071 enim
2290 1016 2376 1071 cui
2406 1016 2513 1071 cibi
2544 1024 2874 1077 curasunt,
2909 1025 2963 1069 et
2993 1014 3084 1085 qui
3127 1013 3368 1082 requiem
3397 1013 3499 1070 de-

1887 1110 2125 1177 siderat.
2161 1118 2344 1179 potest
2394 1109 2617 1164 lucerna
2664 1123 2788 1164 esse
2819 1109 3077 1163 omnibus
3115 1107 3306 1162 lucens
3333 1106 3497 1160 etiam

1897 1213 1995 1267 per
2016 1213 2170 1251 suam
2205 1200 2391 1254 vitam.
2426 1198 2542 1254 Non
2575 1199 2722 1254 enim
2753 1208 2843 1255 est
2882 1198 3180 1263 occultum,
3220 1197 3365 1267 quod
3390 1210 3497 1250 non

1900 1286 2297 1344 manifestetur.
2359 1287 2747 1358 Unusquisque
2803 1296 3071 1351 vestrum,
3133 1287 3250 1340 sive
3292 1283 3496 1361 bonum

1898 1380 2026 1450 quid
2061 1378 2275 1445 fecerit,
2305 1380 2420 1435 sive
2454 1380 2657 1434 malum
2692 1379 2746 1434 in
2770 1378 3012 1445 occulto,
3049 1363 3500 1432 manifestabitur

1903 1469 2067 1525 etiam
2100 1469 2209 1535 hic,
2241 1479 2296 1525 et
2327 1471 2499 1525 multo
2540 1472 2715 1541 magis
2745 1471 2800 1525 in
2856 1469 3041 1526 futuro
3092 1468 3316 1525 saeculo.
3356 1465 3499 1534 Quid

1898 1563 2043 1619 enim
2077 1562 2455 1621 absconditius
2506 1565 2662 1620 Deo?
2695 1574 2940 1622 attamen
2980 1574 3036 1620 et
3099 1564 3215 1634 ipse
3269 1559 3503 1616 manife-

1899 1659 2074 1707 status
2102 1663 2182 1708 est
2207 1654 2258 1707 in
2290 1668 2473 1708 carne.

1974 1743 2145 1802 Vens.
2187 1746 2277 1813 Ἡ,
2307 1746 2398 1802 25.
2436 1766 2455 1799 ι
2489 1746 2556 1803 Et
2576 1748 2791 1805 dicebat
2823 1747 2930 1806 illis
2958 1766 2973 1804 :
3001 1744 3198 1804 Videte
3245 1745 3377 1817 quid
3401 1759 3501 1801 au-

1901 1840 2084 1896 diatis.
2119 1837 2237 1906 Qua
2267 1857 2528 1898 mensura
2569 1843 2895 1910 ntetiemini,
2919 1843 3013 1900 alii
3051 1843 3358 1899 metientur
3397 1856 3499 1897 vo-

1903 1932 2027 1988 bis:
2058 1941 2117 1988 et
2145 1933 2437 2000 adjicietur
2467 1934 2624 1990 vobis
2653 1935 2745 2006 qui
2805 1935 3030 1991 auditis.
3063 1935 3166 2004 Qui
3203 1935 3352 1990 enim
3397 1935 3500 1990 ha-

205 2044 366 2081 σεται
403 2023 574 2094 αὐτῷ.
605 2025 699 2080 καὶ
729 2024 789 2088 ὃς
828 2025 928 2077 οὐκ
961 2021 1100 2094 ἔχει,
1143 2026 1238 2078 καὶ
1285 2024 1317 2079 6
1342 2025 1457 2096 ἔχει
1497 2005 1797 2098 ἀρθήσεται

1921 2032 2014 2090 iet,
2035 2024 2254 2081 dabitur
2287 2025 2364 2080 illi
2397 2045 2408 2080 :
2436 2035 2490 2082 et
2518 2027 2610 2098 qui
2633 2044 2740 2082 non
2754 2027 2936 2093 habet,
2961 2030 3127 2084 etiam
3147 2027 3290 2097 quod
3315 2027 3499 2092 habet,

204 2120 307 2174 ἀπ’
337 2117 525 2172 αὐτοῦ.
559 2137 577 2169 ι
620 2117 764 2188 Πρὸς
793 2117 1170 2187 νηφαλιότητα
1223 2116 1486 2188 διεγείρει
1535 2119 1663 2182 τοῦς
1693 2136 1797 2190 μα·

202 2213 403 2284 θητάς.
449 2210 684 2264 Βλέπετε
715 2211 848 2281 γὰρ,
889 2210 1045 2280 φησὶ,
1076 2210 1129 2262 τί
1166 2210 1414 2278 ἀκούετε,
1454 2212 1625 2283 μηδὲν
1655 2214 1798 2284 ὑμᾶς

199 2305 322 2360 τῶν
351 2305 662 2374 λεγομένων
701 2304 831 2375 παρ’
878 2303 1012 2375 ἐμοῦ
1066 2306 1430 2374 διαφευγέτω.
1473 2307 1564 2362 Ἐν
1593 2302 1637 2377 ᾧ
1688 2309 1800 2381 γὰρ

205 2398 404 2469 μέτρῳ
465 2398 741 2466 μετρεῖτε,
804 2393 1210 2465 μετρηθήσεται
1267 2396 1420 2466 ὑμῖν,
1496 2397 1797 2463 τουτέστιν,

204 2491 405 2560 ἡλίκον
440 2488 641 2559 μέτρον
691 2489 968 2558 προσοχῆς
1020 2490 1330 2562 εἰσφέρετε,
1363 2491 1670 2562 τηλικαύτη
1706 2495 1800 2546 καὶ

201 2580 453 2650 ὠφέλεια
482 2579 772 2646 δοθήσεται
801 2581 932 2650 ύμῖν
972 2581 1106 2651 (5'5).
1151 2581 1212 2634 Ὀ
1244 2582 1354 2653 γὰρ
1383 2583 1657 2655 ἀκροατὴς
1706 2585 1801 2638 ἐὰν

206 2675 318 2746 μὲν
353 2676 495 2729 πάνυ
536 2675 787 2745 προσέχῃ
813 2673 907 2725 καὶ
937 2675 1017 2736 εἰς
1048 2673 1240 2743 ἄκρον,
1283 2674 1624 2729 ἀντιδίδωσιν
1650 2676 1804 2746 αὐτῷ

201 2772 236 2822 ὁ
280 2768 414 2832 Θεὸς
443 2770 538 2823 καὶ
564 2769 662 2840 τὴν
687 2757 957 2836 ὠφέλειαν
989 2767 1192 2836 πολλήν
1222 2784 1236 2798 ο
1271 2768 1365 2822 ἐὰν
1393 2767 1450 2821 δὲ
1495 2762 1693 2838 χαῦνος
1743 2764 1803 2842 ᾖ,

205 2862 360 2915 κατὰ
409 2862 701 2929 ἀναλογίαν
734 2861 825 2914 καὶ
878 2860 940 2913 τὸ
997 2861 1189 2929 κέρδος
1223 2860 1328 2929 τῆς
1369 2862 1663 2929 ὠφελείας.
1707 2866 1803 2928 Ὃς

204 2954 327 3023 γὰρ
355 2953 423 3006 ἂν
453 2953 550 3024 ἔχῃ
583 2952 896 3022 προθυμίαν
920 2950 1015 3005 καὶ
1051 2953 1618 3023 σπουδὴν,δοθήσεται
1652 2956 1804 3026 αύτῷ

205 3045 311 3100 καὶ
340 3043 582 3114 ὠφέλεια
607 3061 620 3074 ·
654 3043 711 3107 ὂς
733 3044 778 3096 δ’
808 3043 909 3096 οὐκ
936 3042 1052 3113 ἔχει
1076 3044 1394 3114 προθυμίαν
1420 3046 1514 3099 καὶ
1541 3046 1804 3116 σπουδὴν,

204 3138 312 3192 καὶ
351 3137 382 3190 ὃ
437 3137 584 3190 δοκεῖ
631 3137 797 3206 ἔχειν,
827 3137 1128 3207 ἀρθήσεται
1169 3137 1263 3190 ἀπ’
1319 3138 1482 3192 αὑτοῦ
1535 3139 1671 3210 (54).
1710 3137 1809 3194 Διὰ

202 3227 330 3299 γὸρ
381 3226 486 3296 τῆς
550 3227 828 3298 ῥᾳθυμίας
900 3227 1335 3281 κατασϐέννυται
1393 3230 1489 3282 καὶ
1544 3232 1572 3282 6
1612 3227 1810 3299 μικρὸς

205 3318 461 3390 σπινθὴρ
486 3319 546 3372 ὃν
575 3319 841 3391 πρότερον
867 3311 1037 3388 εἶχεν,
1081 3319 1272 3392 ὥσπερ
1303 3321 1409 3374 ὑπὸ
1457 3323 1553 3392 τῆς
1607 3324 1806 3392 ἐπιμεο
1838 3346 1886 3409 C

203 3410 371 3475 λείας
412 3410 735 3465 ἀνάπτεται.

293 3522 317 3556 ι
357 3503 472 3558 Καὶ
500 3502 718 3572 ἔλεγεν·
749 3505 943 3568 Οὕτως
978 3505 1129 3559 ἐστὶν
1157 3507 1188 3575 ἡ
1226 3504 1475 3576 βασιλεία
1504 3506 1598 3560 τοῦ
1651 3502 1811 3570 Θεοῦ,

200 3595 297 3659 ὡς
340 3595 439 3650 ἑὰν
463 3595 754 3665 ἄνθρωπος
790 3595 929 3668 βάλῃ
957 3596 1049 3650 τὸν
1079 3597 1282 3668 σπόρον
1314 3598 1406 3650 ἐπὶ
1428 3598 1529 3667 τῆς
1567 3596 1695 3668 γῆς,
1721 3596 1816 3650 καὶ

205 3687 473 3759 καθεύδῃ
508 3691 599 3740 καὶ
651 3688 960 3760 ἐγείρηται,
1005 3689 1177 3742 νύκτα
1214 3691 1309 3742 καὶ
1365 3691 1604 3760 ἡμέραν,
1659 3691 1754 3743 καὶ
1790 3692 1818 3744 ὸ

206 3780 432 3850 σπόρος
461 3779 739 3853 βλαστάνῃ
759 3781 854 3834 καὶ
887 3779 1202 3851 μηκύνηται
1235 3782 1311 3844 ὡς
1337 3782 1439 3834 οὐκ
1461 3777 1602 3835 οἶδεν
1628 3781 1812 3846 αὐτός.

204 3873 523 3942 Δύτομὰτη
561 3872 668 3943 γὰρ
713 3873 748 3944 ἡ
799 3875 871 3944 γῆ
927 3876 1291 3944 καρποφορεῖ,
1329 3874 1546 3945 πρῶτον
1592 3873 1810 3945 χόρτον,

201 3960 348 4019 εἶτα
378 3964 604 4034 στάχυν,
627 3960 748 4018 εἶτα
794 3964 976 4036 πλήρη
1009 3967 1155 4018 σῖτον
1186 3967 1244 4019 ὲν
1286 3967 1364 4037 τῷ
1392 3967 1607 4038 στάχυϊ.
1647 3968 1819 4020 Ὅταν

200 4059 271 4112 δὲ
304 4059 541 4129 παραδῷ
569 4061 597 4112 6
637 4061 870 4132 καρπὸς,
899 4060 1106 4124 εὐθέως
1135 4061 1460 4114 ἀποστέλλει
1509 4059 1572 4113 τὸ
1609 4059 1819 4132 δρέπα-

200 4167 336 4212 νον,
383 4151 470 4203 ὃτι
509 4150 856 4221 παρέστηκεν
915 4154 944 4206 6
992 4149 1276 4222 θερισμός.
1325 4172 1342 4204 ι
1401 4150 1689 4206 Βασιλείαν
1724 4149 1821 4204 τοῦ

200 4242 393 4308 Θεοῦ,
424 4242 521 4313 τὴν
555 4244 684 4314 περὶ
715 4244 864 4314 ἡμᾶς
884 4244 1201 4314 οἰκονομίαν
1227 4245 1322 4297 τοῦ
1346 4244 1483 4297 Θεοῦ
1521 4245 1652 4296 νόει.
1687 4244 1816 4298 Ἀν-

201 4336 455 4408 θρωπος
490 4335 712 4409 μὲνγὰρ
741 4340 890 4390 ἐστιν
915 4338 1077 4401 αὐτὸς
1104 4339 1132 4391 6
1168 4338 1324 4403 Θεὸς,
1355 4339 1382 4392 6
1411 4339 1710 4409 γενόμενος
1751 4339 1820 4392 διδ

197 4430 380 4498 ἡμᾶς
408 4427 720 4497 ἄνθρωπος.
749 4428 964 4499 Σπόρον
986 4429 1043 4482 δὲ
1071 4428 1266 4487 ἔϐαλεν
1303 4428 1396 4481 ἐπὶ
1439 4430 1539 4498 τῆς
1569 4430 1695 4500 γῆς,
1720 4429 1817 4482 τοῦ

197 4521 575 4588 Εὐαγγελίου
597 4521 656 4574 τὸ
683 4522 969 4593 κήρυγμαο
1011 4521 1186 4592 βαλὼν
1217 4522 1272 4575 δὲ
1304 4523 1516 4588 τοῦτον,
1543 4521 1820 4590 καθεύδει,

197 4613 540 4678 τουτέστιν,
574 4614 807 4685 ἀνῆλθεν
858 4617 938 4677 είς
990 4615 1253 4686 οὐρανούς
1285 4631 1299 4645 °
1333 4614 1448 4668 ἀλλ’
1479 4617 1627 4686 ὅμως
1680 4614 1822 4691 ἐγεί-

1904 2117 2185 2173 aureretur
2220 2119 2290 2174 ab
2318 2130 2404 2174 eo.
2451 2139 2470 2173 ι
2511 2120 2594 2175 Ad
2646 2121 2987 2191 vigilantiam
3051 2121 3308 2177 hortatur
3337 2121 3503 2175 disci-

1903 2201 2078 2278 pulo's.
2111 2209 2304 2268 Videte
2334 2212 2506 2278 enim,
2553 2213 2751 2284 inquit,
2785 2213 2916 2283 quid
2973 2213 3235 2280 audiatis,
3292 2210 3499 2267 nullum

1904 2311 1972 2360 ex
2007 2302 2168 2359 dictis
2228 2305 2363 2361 meis
2397 2321 2492 2362 vos
2521 2304 2713 2376 fugiat.
2764 2306 2825 2361 ιη
2879 2321 2987 2376 qua
3025 2318 3282 2361 mensura
3326 2303 3500 2362 mensi

1905 2393 2142 2463 fueritis,
2194 2397 2549 2452 remetientur
2601 2398 2692 2452 alii
2756 2397 2931 2464 vobis,
2978 2398 3080 2453 hoc
3146 2408 3230 2453 est
3279 2397 3497 2468 qualem

1907 2503 2218 2544 mensuram
2253 2491 2577 2546 attentionis
2607 2491 2926 2557 attuleritis,
2959 2490 3086 2545 talis
3103 2491 3270 2546 etiam
3293 2491 3503 2547 utilitas

1907 2581 2062 2636 vobis
2113 2581 2352 2636 dabitur.
2393 2585 2625 2639 Auditor
2677 2583 2825 2637 enim
2877 2583 2922 2639 si
2981 2583 3281 2639 attenderit
3328 2598 3503 2653 quan-

1909 2681 2020 2727 tum
2062 2683 2261 2742 potest,
2297 2691 2554 2743 maguum
2610 2675 2687 2730 illi
2720 2674 3064 2732 commodum
3113 2675 3257 2730 Deus
3304 2674 3501 2730 dabit:

1909 2766 1992 2820 sin
2026 2767 2287 2823 remissus
2326 2768 2511 2833 fuerit,
2547 2767 2705 2836 juxta
2745 2766 2863 2835 ejus
2919 2766 3301 2821 remissionem
3329 2777 3385 2823 et
3418 2767 3504 2822 lu-

1910 2871 2070 2926 crum
2108 2857 2484 2913 intminuetur.
2533 2858 2609 2912 Illi
2643 2858 2788 2913 enim
2819 2856 3039 2912 dabitur
3069 2859 3159 2926 qui
3205 2858 3387 2914 alacer
3420 2865 3506 2912 est

1910 2959 1962 3004 ct
1991 2949 2258 3020 diligens:
2286 2951 2354 3004 ab
2376 2965 2440 3006 eo
2476 2960 2662 3005 autem
2696 2951 2785 3019 qui
2811 2951 2998 3020 segnis
3049 2948 3217 3005 fuerit
3248 2966 3312 3006 ac
3351 2951 3505 3020 igna-

1915 3058 2034 3107 vus,
2079 3044 2302 3099 tolletur
2344 3045 2510 3101 etiam
2542 3045 2688 3116 quod
2748 3047 2967 3112 videtur
3001 3045 3225 3100 habere.
3277 3044 3509 3115 Propter

1914 3135 2184 3206 ignaviam
2231 3141 2380 3200 enim
2435 3140 2811 3210 exstinguitur
2851 3141 3020 3196 etiam
3069 3155 3236 3210 parva
3269 3139 3511 3195 scintilla

1916 3243 2077 3298 quam
2111 3231 2292 3297 habet,
2322 3232 2583 3302 sicutper
2609 3232 2949 3291 alacritatem
2991 3231 3432 3289 redaccenditur.

1991 3493 2157 3550 Vsus.
2190 3493 2384 3551 26-29.
2421 3513 2438 3546 ι
2482 3493 2548 3549 Et
2572 3495 2790 3551 dicebat
2817 3514 2829 3548 :
2861 3493 2955 3552 Sic
2984 3503 3068 3549 est
3112 3507 3342 3564 regnum
3394 3491 3512 3556 Dei.

1917 3587 2376 3657 quemadmodum
2403 3585 2449 3643 si
2487 3587 2650 3642 homo
2679 3587 2849 3658 jaciat
2884 3594 3188 3642 sementem
3224 3584 3279 3638 in
3312 3593 3512 3638 terram

1920 3696 1986 3736 ac
2026 3679 2265 3735 dormiat
2311 3689 2477 3750 atque
2505 3687 2776 3749 exsurgat
2818 3679 2908 3734 die
2938 3694 3003 3733 ac
3038 3687 3218 3740 nocte,
3251 3690 3517 3746 segesque

1919 3770 2210 3839 germinet,
2237 3783 2298 3824 ac
2329 3780 2516 3840 surgat
2552 3770 2608 3826 in
2629 3767 2798 3824 altum
2823 3768 2950 3824 dum
3000 3769 3175 3824 nescit
3215 3766 3324 3822 ille.
3360 3763 3516 3821 Ultro

1922 3863 2066 3918 enim
2134 3870 2281 3918 terra
2336 3860 2659 3928 fructificat,
2725 3863 2961 3933 primum
3021 3859 3269 3924 herbam,
3321 3858 3520 3915 deinde

1922 3956 2152 4024 spicam,
2192 3965 2471 4024 postremo
2499 3954 2720 4024 plenum
2746 3952 3080 4009 fermentum
3109 3955 3162 4009 in
3182 3954 3353 4024 spica.
3377 3952 3514 4008 Cum

1925 4059 2107 4104 autem
2140 4051 2439 4120 productus
2495 4047 2662 4102 fuerit
2699 4045 2936 4114 fructus,
2977 4048 3161 4103 statim
3202 4046 3372 4102 mittit
3417 4043 3520 4098 [ει.

1925 4157 2065 4209 cem,
2097 4143 2353 4212 quoniam
2391 4142 2548 4196 adest
2594 4140 2807 4195 messis.
2846 4158 2866 4194 ι
2923 4139 3172 4208 Regnum
3217 4139 3310 4192 Dei
3354 4137 3518 4192 intel-

1926 4234 2031 4306 lige
2063 4234 2159 4290 Dei
2214 4243 2438 4306 prapter
2474 4248 2574 4288 nos
2611 4233 3075 4288 incarnationem.
3127 4230 3303 4286 Homo
3368 4229 3517 4284 enim

1927 4339 2011 4386 est
2041 4330 2158 4399 ipse
2205 4331 2369 4396 Deus,
2403 4328 2498 4400 qui
2555 4338 2781 4399 propter
2833 4342 2932 4381 nos
2968 4327 3147 4382 lactus
3201 4334 3286 4379 est
3335 4325 3503 4378 homo

1932 4423 2131 4478 Semen
2178 4432 2359 4477 autem
2391 4423 2733 4492 misitsuper
2764 4429 2991 4481 terram,
3024 4417 3302 4487 Evangelii
3333 4415 3530 4487 praedi-

1927 4516 2225 4582 cationem,
2260 4515 2460 4585 illoque
2491 4515 2732 4585 proiecto
2768 4513 2992 4579 dormit,
3014 4512 3116 4567 hoe
3159 4519 3242 4566 est
3282 4509 3530 4565 ascendit

1935 4609 1990 4664 itt
2016 4609 2184 4664 caelos
2211 4628 2222 4663 :
2255 4615 2498 4663 attamen
2535 4609 2711 4676 surgit
2734 4617 2896 4662 nocte
2928 4615 2983 4661 et
3015 4605 3122 4660 die.
3153 4602 3288 4657 Nam
3335 4617 3530 4671 quant-

199 4723 394 4778 ρεται
422 4702 597 4759 νύκτα
644 4706 740 4758 καὶ
779 4705 1016 4776 ἡμέραν.
1051 4708 1111 4759 Ei
1139 4707 1248 4778 γὰρ
1277 4708 1375 4761 καὶ
1412 4707 1698 4760 καθεύδειν
1733 4707 1809 4761 δο·

1934 4701 2017 4756 vis
2055 4699 2196 4756 Deus
2221 4699 2462 4755 dormire
2490 4699 2761 4762 videatur,
2797 4697 2971 4766 surgit
3009 4706 3186 4748 tamen
3234 4709 3248 4746 :
3281 4703 3336 4746 et
3370 4702 3532 4747 nocte

194 4799 303 4853 κεί
335 4796 371 4848 ὁ
407 4792 565 4862 Θεὸς,
594 4795 709 4850 ἀλλ’
734 4797 1010 4867 ἐγείρεται
1039 4813 1053 4827 ·
1084 4797 1256 4852 νύκτα
1295 4797 1418 4867 μὲν,
1449 4799 1579 4852 ὅταν
1606 4799 1696 4851 διὰ
1721 4798 1829 4852 τῶν

195 4887 563 4964 πειρασμῶν
606 4890 688 4953 εἰς
711 4890 810 4961 τὴν
843 4890 1009 4942 αὐτοῦ
1063 4891 1360 4959 ἐπίγνωσιν
1395 4891 1542 4964 ἡμᾶς
1593 4890 1788 4962 ἀνιστᾷ
1811 4909 1825 4921 ο

195 4982 456 5054 ἡμέραν
481 4980 558 5042 δὲ,
593 4980 722 5035 ὅταν
753 4982 841 5035 διὰ
871 4983 981 5035 τῶν
1014 4982 1185 5052 ἡδέων
1235 4984 1332 5038 καὶ
1369 4983 1723 5053 εύφροσύνων
1752 4984 1827 5036 οἱ·

195 5075 448 5145 κονομῇ
476 5071 576 5142 τὴν
615 5073 892 5145 ἡμετέραν
929 5075 1093 5144 ζωήν.
1124 5074 1446 5146 Μηκύνεται
1477 5075 1534 5128 δὲ
1569 5077 1596 5128 6
1628 5074 1833 5145 σπόρος

192 5173 282 5234 ὡς
327 5169 449 5222 οὐκ
472 5161 614 5220 οἶδεν
639 5169 801 5233 αὐτός
823 5184 837 5199 ⁸
881 5167 1225 5235 αὐτεξούσιοι
1256 5168 1365 5239 γάρ
1393 5168 1586 5238 ἐσμεν,
1642 5168 1738 5222 καὶ
1767 5167 1826 5221 ὲν

194 5244 283 5333 τῇ
313 5258 584 5331 ἡμετέρᾳ
615 5260 934 5330 προαιρέσει
967 5263 1138 5312 κεῖται
1193 5259 1254 5312 τὸ
1289 5260 1381 5312 τδν
1413 5260 1615 5330 σπόρον
1655 5259 1688 5312 ἦ
1730 5258 1827 5313 αὖ·

196 5349 553 5422 ξὰνεσθαιῆ
589 5352 685 5421 μή.
734 5352 887 5404 Ἐπεὶ
927 5352 1063 5421 μηδὲ
1095 5352 1314 5422 ἀνάγκη
1340 5351 1828 5422 καρποφοροῦμεν,

196 5444 336 5503 ἀλλ’
372 5441 678 5510 αὐτοματὶ,
713 5441 1018 5507 τουτέστιν,
1067 5442 1160 5511 ἀφ’
1187 5441 1400 5494 ἑαυτῶν
1440 5439 1829 5511 καρποφοροῦ-

1206 5600 1299 5659 Ex.
1339 5596 1685 5659 collatione
1717 5597 1906 5658 codd.

282 5783 424 5858 (53)
484 5775 623 5858 thl:
665 5775 930 5858 ed‘addit
961 5789 976 5828 :
1007 5755 1122 5858 Rau}
1166 5775 1229 5828 οὐ
1288 5776 1449 5858 μόνον
1489 5776 1548 5828 ὲν
1573 5773 1834 5858 τςιξαύτῷ

201 5828 449 5933 μέ-ξρζςί,
483 5828 636 5928 ,ἆλλᾶ
672 5828 777 5933 ¹καὶ
828 5828 1270 5933 προστεθήσεταιΖ
1288 5828 1581 5933 ’πλέονλθι
1621 5828 1685 5898 ΕΙ.
1713 5828 1836 5933 uolt

200 5916 438 5986 ξω.ἠὴ
483 5919 536 5972 in
583 5918 774 5972 cadent
827 5931 1113 5978 mensura;
1178 5917 1270 5971 sed
1316 5918 1435 5985 plus
1482 5917 1646 5971 etiam
1705 5916 1840 5984 adji-

203 6003 434 6059 ctctur.
487 6006 508 6039 ι

1933 4789 2180 4859 quidem,
2206 4786 2429 4859 quando
2471 4803 2567 4856 per
2595 4787 2926 4842 tentatiOues
2957 4785 3009 4839 in
3046 4783 3205 4856 193
3224 4785 3306 4838 sui
3338 4782 3531 4854 cogni-

1934 4883 2141 4938 tionem
2168 4895 2267 4937 nos
2293 4881 2522 4936 suscitat
2559 4897 2574 4935 :
2603 4881 2691 4936 die
2716 4895 2870 4944 vero,
2894 4882 3114 4950 quando
3149 4891 3244 4946 per
3262 4876 3452 4930 suavia
3477 4883 3528 4929 et

1928 4975 2168 5046 jucunda
2222 4984 2466 5030 nostram
2500 4975 2670 5029 vitam
2721 4973 3054 5028 moderatur.
3085 4968 3300 5024 Crescit
3349 4976 3530 5022 autem

1934 5083 2122 5124 semen
2159 5069 2276 5139 ipso
2331 5069 2537 5132 nescio,
2577 5066 2735 5120 liberi
2787 5066 2933 5119 enim
2986 5061 3199 5118 arbitrii
3231 5077 3442 5125 sumus,
3475 5068 3532 5114 et

1936 5160 1990 5214 in
2015 5169 2200 5215 nostra
2221 5159 2491 5215 electione
2515 5159 2792 5228 oportebit
2818 5172 3005 5212 semen
3037 5155 3120 5210 vel
3151 5169 3422 5220 crescere,
3451 5153 3537 5208 vel

1941 5268 2071 5308 non.
2115 5252 2300 5320 Neque
2332 5253 2480 5308 enim
2516 5253 2690 5307 coacti
2717 5259 2771 5306 ct
2801 5251 3118 5306 necessario
3172 5248 3412 5302 fructum
3454 5246 3537 5299 af-

1942 5346 2189 5410 lerimus,
2224 5346 2323 5402 sed
2354 5356 2569 5414 Sponte,
2609 5346 2712 5401 hoc
2735 5353 2820 5400 est
2867 5360 2896 5396 a
2922 5343 3250 5412 nobisipsis:
3296 5342 3535 5411 primum

1943 5439 2160 5509 quidem
2225 5439 2449 5493 herbam
2486 5436 2767 5494 ﬂorentem
2805 5451 2871 5491 ac
2929 5434 3202 5503 primitias
3259 5434 3388 5490 boni
3439 5433 3535 5486 de-

1961 5598 2192 5657 Venet.
2227 5597 2290 5657 S.
2331 5596 2554 5658 Marci.

2015 5774 2127 5843 (54)
2157 5773 2304 5828 Idem
2345 5771 2508 5831 Cod..
2541 5771 2640 5843 ἀπ’
2665 5770 2867 5843 αὑτοῦ,
2893 5770 3046 5843 τοῦτξν
3075 5770 3214 5832 ἐστι,
3249 5771 3341 5843 καὶ
3372 5769 3398 5821 ὃ
3425 5768 3540 5843 ἔχει

1944 5839 2169 5913 σπέριὶα
2186 5843 2441 5910 γνώσεως
2454 5842 2756 5912 ἀρθήσεται
2775 5841 2872 5913 ατς
2886 5841 3073 5894 αὑτοῦ.
3093 5845 3191 5893 Διὰ
3205 5840 3272 5907 γὰ
3283 5855 3331 5908 ρ,
3355 5858 3405 5894 κ.
3427 5858 3479 5913 τ,
3495 5839 3541 5895 λ.

1950 5934 1968 5967 ι
2013 5911 2124 5968 lluc
2158 5922 2260 5976 cst,
2293 5923 2347 5967 ct
2379 5913 2507 5967 illttd
2570 5913 2713 5982 quod
2772 5911 2936 5967 h'llJCl
2970 5926 3155 5967 semen
3191 5911 3538 5979 t'uguitiouis.

1948 5986 2170 6041 tolletur
2195 5986 2260 6038 ab
2290 5999 2378 6038 co.
2415 6002 2433 6034 ›
