4028 6530
562 413 668 484 ’5³9

1470 394 2049 466 τηεοΡΗηΑρτι
2087 387 2499 453 BULGAllIIE
2545 383 2905 448 ARCIIIEP.

3700 367 3809 431 MO

561 479 659 585 dea
689 531 872 581 essent
906 519 1249 577 comminuta:
1269 560 1283 580 ,
1321 529 1493 587 neque
1521 516 1807 584 quicquam
1846 508 2004 580 195
2033 519 2122 558 νει-
2150 538 2158 560 Α

2260 500 2461 562 λύσεις,
2516 498 2610 551 καὶ
2660 498 2760 559 τάς
2813 494 2978 555 πέδας
3024 486 3442 560 συντετρῖφθαι·
3478 482 3580 536 καὶ
3625 479 3813 587 ρῦδεὶς

563 621 750 674 luisset
773 631 893 673 eum
920 615 1160 675 domare,
1193 622 1246 666 et
1270 623 1488 677 semper
1512 608 1600 662 die
1624 622 1687 660 ac
1716 614 1873 659 nocte
1897 605 1948 656 in
1973 617 2127 655 mon-

567 713 708 766 tibus
769 723 834 762 ac
865 705 1226 761 monumentis
1268 711 1385 756 erat
1427 700 1702 760 clamans,
1745 706 1796 751 et
1838 694 2130 750 concidens

566 805 801 873 seipsum
832 801 1118 870 lapidibus.
1161 822 1178 849 ι
1209 795 1524 850 Probatiora
1551 791 1881 862 exemplaria
1907 789 2128 850 habent,

565 898 618 950 in
649 896 919 964 regionem
962 892 1410 961 Gergesenorum.
1458 887 1628 943 Porro
1672 886 1954 940 Mattheus
1999 883 2134 936 duos

564 988 694 1041 dicit
743 985 1012 1042 daemonio
1064 984 1348 1053 agitatos:
1402 979 1614 1034 Marcus
1669 991 1800 1032 vero
1847 985 1902 1031 et
1961 975 2134 1028 Lucas

569 1096 754 1144 unum,
785 1078 1109 1132 atrociorem
1147 1075 1399 1129 videlicet
1431 1074 1481 1126 in
1515 1071 1747 1125 medium
1776 1069 2130 1140 prolereutes.

570 1172 727 1226 Venit
755 1172 917 1240 igitur
947 1169 1036 1237 qui
1059 1168 1324 1222 damonio
1347 1166 1669 1235 agitabatur,
1694 1161 1955 1215 conﬁtens
1989 1159 2133 1213 illum

569 1275 690 1315 esse
721 1259 914 1313 Filium
949 1257 1060 1312 Dei.
1101 1256 1362 1322 Quoniam
1393 1255 1443 1307 in
1480 1253 1600 1306 navi
1631 1251 1940 1305 dubitabant
1973 1247 2136 1302 disci-

570 1351 680 1419 puli
708 1359 938 1419 quantus
975 1349 1061 1401 hic
1088 1355 1250 1410 esset,
1285 1345 1507 1414 majoris
1533 1343 1651 1396 lidei
1689 1343 1747 1394 lit
1772 1341 2134 1395 nstimouium

572 1442 639 1493 ab
672 1439 942 1492 inimicis:
973 1451 1106 1507 quos
1134 1450 1229 1504 per
1255 1438 1527 1489 daemones
1558 1434 1816 1499 intelligo.
1851 1429 2138 1484 llahitahat

571 1539 752 1583 autem
777 1529 826 1580 iu
852 1526 1136 1596 sepulcris,
1167 1527 1350 1580 volens
1375 1524 1682 1579 hominibus
1709 1523 1899 1576 malam
1929 1523 2138 1592 ορὶιιῐοο

574 1634 696 1672 nem
753 1615 986 1682 inferre,
1037 1617 1179 1686 quod
1233 1617 1580 1669 morientium
1629 1618 1822 1668 anima:
1869 1615 2141 1668 (laniones

577 1709 708 1764 tiaut
737 1729 755 1765 ;
786 1710 927 1779 quod
958 1710 1098 1764 absit
1131 1719 1188 1763 ut
1212 1709 1336 1779 quis
1365 1709 1570 1764 credat.

648 1977 810 2032 Vens.
841 1976 977 2031 6-H)
1029 1994 1047 2028 ι
1081 1977 1213 2032 Cum
1246 1979 1466 2034 vidisset
1491 1987 1666 2032 autem
1697 1977 1878 2034 Jesum
1910 1980 2140 2043 emlnus,

578 2070 818 2122 cucurrit
857 2079 911 2123 et
958 2070 1202 2124 adoravit
1233 2085 1353 2125 eum
1379 2110 1393 2135 ,
1427 2081 1480 2125 et
1509 2071 1749 2132 clamans
1789 2085 1918 2127 voce
1951 2087 2145 2140 magna

579 2161 746 2219 dixitl:
780 2160 917 2228 Quid
949 2163 1076 2216 mihi
1110 2170 1282 2217 tecum
1311 2173 1412 2225 est.
1433 2161 1697 2226 ἔθευ,ῖίΙί
1732 2165 1825 2218 Dei
1854 2163 2146 2219 altissimi?

582 2252 770 2321 adiuro
802 2263 851 2307 te
880 2269 979 2323 per
1017 2255 1209 2318 Deum,
1241 2270 1308 2310 ne
1345 2271 1431 2310 me
1455 2264 1730 2324 torqueas.
1756 2256 1973 2313 Dicebat
2003 2257 2145 2311 enim

584 2343 658 2394 illi
687 2361 700 2395 :
731 2341 850 2409 Exi,
880 2344 1098 2412 spiritus
1127 2345 1419 2404 immunde.
1455 2346 1523 2399 ab
1555 2346 1791 2402 homine.
1825 2347 1886 2400 Et
1913 2349 2147 2401 interro.

584 2436 748 2502 gabat
801 2450 962 2489 cum:
1011 2435 1162 2501 Quod
1211 2435 1307 2490 tibi
1358 2451 1551 2491 nomen
1595 2438 1721 2492 est?
1765 2438 1828 2492 Et
1875 2440 2151 2509 respondit

588 2527 774 2580 dicens
799 2527 845 2579 ei
875 2545 886 2579 :
919 2526 1082 2594 Legio
1109 2526 1236 2581 mibi
1267 2542 1457 2583 nomen
1486 2538 1588 2593 est,
1613 2527 1737 2598 quia
1767 2529 1918 2584 multi
1940 2545 2148 2586 sumus.

589 2618 656 2672 Et
686 2618 1074 2687 deprecabatur
1097 2632 1220 2673 eum
1252 2619 1500 2683 multum,
1529 2635 1595 2674 ne
1620 2635 1679 2675 se
1704 2621 1974 2677 emitteret
2000 2632 2150 2677 extra

591 2713 887 2783 regionem.
935 2734 950 2764 ι
983 2711 1334 2766 Tormentqu
1364 2728 1523 2767 suum
1557 2721 1744 2783 putant
1779 2715 2072 2779 damones,
2109 2716 2152 2768 si

589 2814 856 2874 cogantur
901 2804 1052 2857 exire
1088 2805 1155 2858 ab
1201 2803 1452 2871 homine;
1494 2804 1616 2861 ideo
1655 2806 1886 2860 dicunt:
1931 2807 2008 2861 Ne
2047 2818 2156 2861 tor-

592 2910 779 2963 queas,
810 2897 909 2950 lioc
934 2906 1036 2961 est,
1069 2910 1136 2950 ne
1163 2897 1364 2950 educas
1394 2911 1493 2950 nos
1519 2910 1584 2951 ex
1612 2896 1918 2953 habitaculo
1949 2907 2152 2963 nostro,

594 2987 694 3040 hoc
740 2993 823 3040 est
871 2986 1103 3041 homine.
1149 2985 1256 3042 Sed
1291 2995 1343 3040 et
1381 2988 1537 3042 aliter
1581 2989 1966 3043 existimabant
2011 2991 2154 3060 quod

592 3091 810 3150 propter
833 3080 1020 3147 gravia
1046 3094 1168 3148 qua
1195 3087 1567 3144 attentassent,
1601 3096 1704 3134 non
1732 3081 1868 3134 ultra
1897 3097 2155 3150 passurus

592 3182 732 3227 esset
769 3174 912 3242 ipsos
937 3213 951 3238 ,
980 3173 1074 3226 sed
1107 3188 1227 3226 mox
1278 3172 1556 3242 suppliciis
1596 3173 1922 3239 traditurus,
1959 3175 2157 3228 idcirco
2186 3185 2231 3241 α

2233 594 2394 648 αὑτὸν
2425 588 2579 660 ἴσχυε
2631 587 2907 659 δαμάσαι·
2951 585 3045 638 καὶ
3078 583 3167 640 διὰ
3223 578 3448 640 παντὸς,
3487 573 3683 636 νυκτὸς
3724 575 3814 625 καὶ

2233 684 2465 752 ἡμέρας,
2498 684 2557 735 ἐν
2582 682 2695 742 τοῖς
2732 679 2883 748 δρεσι
2911 676 3006 728 καὶ
3031 677 3090 726 ἐν
3114 674 3229 734 τοῖς
3270 671 3551 740 μνήμασιν
3581 661 3652 735 ἦν
3680 664 3815 732 apio

2233 778 2342 840 ζων
2378 776 2472 828 καὶ
2506 772 2870 826 κατακόπτων
2909 766 3103 822 ἐαυτὸν
3136 765 3330 826 λίθοις.
3378 780 3395 811 ι
3453 759 3537 811 Ta
3586 755 3812 824 ἀκρισέο

2235 881 2399 933 στερα
2447 863 2557 917 τῶν
2594 862 2965 933 ἀντιγράφων,
2999 860 3079 920 εἰς
3107 857 3210 924 τὴν
3249 853 3434 924 χώραν
3482 850 3592 900 τῶν
3621 848 3817 915 Γεργε·

2235 955 2438 1024 σηνῶν,
2491 955 2624 1023 ἔχει.
2665 954 2724 1006 ’0
2775 952 2874 1022 μιν
2906 946 2999 1003 οὖν
3052 946 3330 1006 Ματθαῖος
3357 942 3452 994 δύο
3490 935 3634 991 εἶναι
3688 938 3815 997 τοὺς

2234 1047 2710 1118 δαιμονιζομένους
2763 1043 2912 1111 λέγει
2936 1058 2949 1072 ·
2989 1041 3018 1093 6
3048 1039 3103 1092 δέ
3142 1037 3367 1105 Μᾶρκος
3394 1032 3490 1086 καὶ
3520 1033 3548 1083 6
3578 1029 3818 1092 Λουκᾶς,

2235 1142 2332 1196 ἕνα
2355 1158 2370 1172 ⁸
2398 1142 2492 1194 τὸν
2519 1140 2628 1208 γάρ
2663 1135 3044 1207 χαλεπώτερον
3072 1127 3477 1196 ἐπιλεξάμενοι,
3499 1119 3823 1191 διηγοῦνται

2239 1235 2368 1304 περὶ
2405 1231 2594 1285 αὐτοῦ.
2634 1229 2896 1297 Ἔρχεται
2922 1225 3101 1290 τοίνυν
3135 1216 3653 1286 δδαιμονιζὸμενος,
3693 1210 3823 1304 Tib:

2240 1297 2403 1379 αὐτὸν
2457 1318 2734 1388 ὁμολογῶν
2772 1311 2914 1368 εἶναι
2971 1311 3131 1366 Θεοῦ.
3171 1308 3327 1363 Ἐπεὶ
3382 1307 3494 1372 γὰρ
3546 1304 3596 1354 οί
3644 1306 3700 1352 ἐν
3747 1297 3827 1364 τῷ

2243 1416 2413 1483 πλοίῳ
2455 1410 2837 1480 ·ἀμφέδαλλον,
2874 1404 3116 1466 ποταπός
3168 1404 3316 1453 ἐστιν
3363 1393 3540 1458 οὗτος,
3606 1394 3639 1460 ή
3671 1390 3829 1483 παρά

2240 1506 2347 1559 τῶν
2382 1482 2620 1572 ξέχθρῶν
2657 1499 2935 1570 μαρτυρία
2969 1493 3265 1562 πιστοτέρα
3287 1490 3498 1555 γίνεται
3531 1502 3544 1515 ο
3580 1485 3732 1550 λέγω
3763 1482 3827 1550 δὴ

2240 1599 2346 1651 τῶν
2369 1595 2660 1664 δαιμόνων.
2697 1592 2964 1658 Κατῴκει
3002 1586 3059 1638 δι
3089 1586 3150 1637 ἐν
3179 1585 3291 1645 τοῖς
3341 1581 3615 1650 μνήμασι,
3662 1589 3831 1640 πονη-

2243 1689 2345 1759 ρὰν
2377 1687 2645 1754 ὑπόληψιν
2689 1683 2924 1736 ἐνθεῖναι
2969 1678 3291 1749 βουλόμενος
3319 1676 3432 1733 τοῖς
3486 1668 3826 1736 ἐνοριῦποις,

2243 1781 2324 1834 ὃτι
2342 1779 2450 1833 τῶν
2478 1774 2934 1845 ἀποθνησκόντων
2965 1773 3022 1822 ai
3052 1767 3223 1836 ψυχαὶ
3267 1764 3527 1832 δαίμονες
3554 1763 3830 1826 γίνονται.

2171 1859 2214 1915 Β
2253 1877 2318 1926 Ὃ
2349 1873 2421 1942 μὴ
2452 1870 2663 1938 γένοιτο
2695 1868 2814 1920 τινά
2843 1861 3156 1916 πιστεῦσαι.

2325 1984 2341 2014 ι
2391 1963 2534 2015 Ἰδὼν
2561 1961 2615 2014 δὲ
2641 1960 2732 2011 τὸν
2775 1955 2984 2026 Ἰησοῦν
3024 1953 3131 2004 ἀπὸ
3160 1947 3454 2020 μακρόθεν,
3493 1945 3699 2013 ἔδραμε
3739 1943 3834 1993 καὶ

2249 2056 2652 2128 προσεκύνησεν
2669 2049 2841 2118 αὐτῷ,
2861 2048 2954 2102 καὶ
2974 2044 3180 2116 κράξας
3212 2043 3362 2109 φωνῇ
3400 2037 3639 2108 μεγάλῃ,
3672 2031 3792 2086 εἶπε
3813 2049 3829 2063 ο

2249 2151 2313 2203 Τί
2348 2149 2470 2217 ἐμοὶ
2504 2146 2596 2200 καὶ
2628 2144 2732 2207 σοὶ,
2763 2139 2958 2210 Ἰησοῦ,
2999 2137 3093 2190 Υίέ
3135 2135 3229 2187 τοῦ
3258 2131 3394 2186 Θεοῦ
3433 2129 3528 2182 τοῦ
3560 2131 3829 2195 ὑψίστου,

2259 2238 2496 2309 Ὀρκίζω
2522 2253 2581 2288 σε
2611 2234 2701 2286 τὸν
2735 2232 2887 2293 Θεὸν,
2931 2231 3004 2300 μή
3045 2246 3108 2299 με
3139 2225 3460 2296 βασανίσῃς.
3484 2221 3688 2287 Ἔλεγε
3725 2221 3833 2293 γάρ

2250 2330 2415 2398 αὐτῷ·
2458 2325 2702 2392 Ἔξελθε,
2737 2324 2796 2377 τὸ
2817 2322 3031 2390 πνεῦμα
3061 2320 3121 2371 τὸ
3145 2316 3476 2385 ἀκάθαρτον,
3516 2316 3581 2365 ἐκ
3610 2310 3706 2365 τοῦ
3739 2312 3832 2362 ἀν·

2250 2418 2491 2490 θρώπου.
2535 2417 2642 2469 Kal
2674 2413 2940 2484 ἐπηρώτα
2992 2410 3173 2473 αὑτὸν,
3212 2408 3276 2460 Τί
3320 2424 3402 2459 σοι
3462 2407 3685 2472 δνομας
3727 2400 3834 2453 Kal

2253 2509 2549 2578 ἀπεκρίθη,
2568 2507 2771 2572 λέγων·
2805 2501 3022 2571 Λεγιὼν
3049 2499 3220 2568 δνομά
3255 2515 3367 2567 μοι,
3415 2497 3498 2549 ὅτι
3525 2493 3713 2546 πολλοί
3744 2495 3835 2545 ἐσ-

2258 2617 2376 2670 μεν.
2433 2598 2542 2650 Kal
2573 2594 2867 2665 παρεκάλει
2919 2592 3083 2644 αὑτὸν
3132 2588 3324 2652 πολλὰ,
3365 2587 3452 2639 ἵνα
3510 2587 3587 2654 μὴ
3632 2585 3833 2646 αὐτοὺς

2254 2689 2546 2758 ἀποστείλῃ
2578 2687 2682 2750 ἔξω
2720 2687 2816 2753 τῆς
2865 2684 3074 2754 χώρας.
3131 2682 3378 2735 Βάσανον
3441 2676 3761 2747 νομίζουσιν
3787 2676 3834 2728 οι

2255 2783 2507 2852 δαίμονες
2531 2782 2589 2834 τὸ
2615 2779 2849 2843 ἐξελθεῖν
2875 2779 2938 2829 ἐκ
2968 2776 3063 2828 τοῦ
3092 2773 3401 2845 ἀνθρώπου.
3437 2771 3527 2823 Διό
3550 2787 3712 2840 φασι,
3743 2768 3834 2839 Μὴ

2257 2875 2580 2944 βασανίσῃς,
2604 2871 2872 2933 τουτέστι,
2907 2869 2982 2940 μὴ
3012 2867 3289 2940 ἐξαγάγης
3322 2867 3473 2935 ἡμᾶς
3491 2865 3556 2916 ἐκ
3582 2861 3680 2915 τοῦ
3702 2878 3838 2914 κατ·

2258 2967 2574 3036 οικητηρίου
2634 2964 2818 3034 ἡμῶν,
2891 2963 3011 3032 ἦτοι
3040 2960 3136 3014 τοῦ
3186 2956 3507 3028 ἀνθρώπουο
3543 2955 3640 3008 καὶ
3665 2954 3837 3018 ἄλλως

2257 3058 2335 3120 δὲ,
2378 3056 2625 3126 ἐνόμιζον
2656 3057 2737 3109 ὅτι
2769 3055 2858 3109 διὰ
2909 3055 3007 3125 τὴν
3039 3051 3344 3123 ὑπερϐολὴν
3373 3049 3484 3101 τῶν
3514 3048 3610 3100 ὑπ’
3657 3045 3838 3102 αὐτῶν

2261 3148 2644 3217 τολμωμένων,
2668 3149 2769 3200 οὐκ
2797 3146 3049 3212 ἀνέξεται
3075 3162 3089 3174 °
3125 3143 3263 3198 ἀλλά
3292 3141 3608 3213 παραδώσει
3639 3138 3837 3200 αὖτοὺς

594 3275 648 3318 et
694 3273 849 3317 orant
893 3278 959 3317 ne
1008 3277 1066 3318 se
1118 3273 1385 3331 torqueat.
1435 3263 1737 3333 luterrogat
1783 3272 1958 3318 autem
2008 3264 2156 3317 lllnnt

2263 3239 2510 3322 ἐντεῦθεν
2539 3240 2638 3308 ἥδη
2699 3241 2767 3308 τῇ
2801 3238 3056 3291 κολάσει·
3106 3235 3193 3288 διά
3234 3233 3394 3287 τοῦτο
3423 3232 3516 3286 καὶ
3581 3245 3841 3333 παρακαῖ

596 3353 872 3421 Dominus,
905 3369 1008 3408 non
1035 3365 1088 3408 ut
1119 3355 1232 3423 ipse
1253 3355 1448 3420 discat,
1475 3356 1567 3408 sed
1589 3363 1646 3408 ut
1668 3353 1757 3409 alii
1785 3356 1996 3410 discant
2020 3356 2158 3408 mul-

597 3444 880 3498 titudinem
923 3445 1308 3497 dmmouiorum
1353 3443 1446 3511 qui
1490 3443 1542 3497 in
1573 3442 1666 3498 illo
1701 3455 1877 3498 erant.
1912 3443 2161 3510 Quando-

599 3533 811 3600 quidem
857 3549 995 3588 unus
1022 3535 1310 3603 apparebat
1350 3549 1507 3600 esse,
1554 3535 1792 3589 ostendit
1835 3534 1995 3591 Jesus
2037 3553 2160 3590 eum

598 3635 727 3695 quot
762 3625 997 3680 inimicis
1038 3625 1360 3682 miserabilis
1392 3628 1555 3682 homo
1585 3628 1673 3683 ille
1707 3638 1962 3684 certaret.

675 3800 838 3854 Vens.
873 3800 928 3854 ll
977 3801 1060 3855 14.
1094 3821 1111 3854 ι
1145 3803 1270 3856 Erat
1294 3814 1471 3860 autem
1499 3807 1568 3860 ibi
1595 3807 1747 3877 juxta
1777 3819 2012 3863 montem
2037 3825 2165 3879 grex

604 3908 888 3960 porcorum
927 3909 1147 3963 magnus
1186 3910 1444 3963 pascens,
1491 3907 1545 3950 et
1582 3899 2013 3967 deprecabantur
2045 3916 2166 3954 eum

603 3997 790 4039 Omnes
820 3985 1090 4040 daemones
1121 3986 1402 4041 dicentes:
1434 3985 1582 4043 Mitte
1624 4003 1720 4044 nos
1756 3990 1806 4042 in
1852 4005 2069 4058 porcos,
2110 4001 2169 4046 ut

605 4075 656 4125 iu
691 4088 783 4128 eos
826 4074 1172 4129 introeamus.
1250 4074 1314 4127 Et
1355 4078 1596 4145 permisit
1640 4079 1719 4131 eis
1764 4079 1946 4133 statim
1989 4080 2168 4134 .Iesus.

608 4161 670 4215 Et
690 4163 892 4228 egressi
919 4162 1142 4230 spiritus
1170 4164 1433 4214 immundi
1469 4163 1699 4232 ingressi
1726 4176 1848 4217 sunt
1881 4165 1931 4217 in
1956 4180 2168 4233 porcos.

611 4253 671 4306 lit
727 4253 999 4308 ferebatur
1056 4267 1184 4320 grex
1243 4269 1336 4322 per
1383 4269 1620 4323 praeceps
1677 4255 1727 4308 in
1784 4270 1952 4310 mare.
2008 4255 2173 4311 Erant

609 4351 783 4395 autem
822 4342 993 4396 lerme
1038 4342 1119 4395 bis
1157 4341 1338 4405 mille,
1385 4351 1439 4395 et
1475 4341 1722 4396 sulloeati
1761 4351 1886 4398 sunt
1919 4345 1971 4396 in
2011 4345 2169 4398 mari.

609 4433 775 4488 l‘urro
810 4435 898 4504 qui
935 4433 1225 4501 pascebant
1256 4449 1477 4503 porcos,
1508 4433 1784 4504 fugerunt,
1809 4445 1862 4490 et
1892 4439 2174 4492 renuntia-

2266 3316 2447 3383 λοῦσιν
2490 3332 2578 3382 ἳνα
2615 3330 2688 3399 μὴ
2717 3329 2986 3400 βασανίσῃ
3027 3325 3244 3390 αὐτούς.
3295 3324 3506 3394 Ἐρωτᾷ
3532 3320 3590 3374 δέ
3623 3319 3788 3373 αὑτὸν
3814 3318 3843 3369 6

2263 3423 2484 3492 Κύριος,
2517 3421 2613 3488 οὐχ
2667 3421 2752 3471 ἵνα
2789 3418 2934 3489 μάθῃ
2967 3417 3152 3479 αὐτὸς,
3209 3414 3440 3468 ἀλλ’ἵνα
3473 3413 3525 3464 οι
3550 3411 3706 3466 ἄλλοι
3739 3408 3843 3480 μά·

2265 3514 2398 3566 θωσι
2437 3513 2498 3565 τὸ
2534 3512 2738 3579 πλῆθος
2796 3511 2904 3562 τῶν
2960 3506 3313 3562 ἐνοικούντων
3345 3503 3494 3573 αὐτῷ
3545 3502 3843 3573 δαιμόνων.

2278 3605 2492 3675 Ἐπειδὴ
2518 3606 2624 3672 γὰρ
2655 3598 2733 3662 εἷς
2764 3601 3039 3669 ἐφαίνετο,
3072 3599 3345 3651 δείκνυσιν
3368 3594 3670 3664 ᾁΧριστὸς
3701 3595 3845 3655 ὅσοις

2270 3698 2482 3765 ἐχθροῖς
2516 3695 2779 3747 ἐπάλαιεν
2815 3694 2842 3744 6
2875 3688 3108 3747 ἐλεεινὸς
3135 3689 3342 3746 ἐκεῖνος
3374 3683 3699 3755 ἄνθρωπος.

2345 3807 2362 3838 ι
2395 3783 2502 3838 Ἦν
2533 3787 2588 3838 δέ
2609 3787 2727 3838 ἐκεῖ
2757 3785 2891 3855 πρὸς
2921 3781 2998 3852 τῷ
3026 3782 3144 3851 δρει
3200 3779 3371 3848 ἀγέλη
3399 3779 3602 3848 χοίρων
3634 3775 3845 3846 μεγάλη

2273 3882 2593 3951 βοσκομένη.
2626 3880 2737 3932 Kal
2761 3877 3141 3948 παρεκάλεσαν
3166 3873 3326 3928 αὑτὸν
3357 3873 3559 3934 πάντες
3589 3871 3636 3921 οἱ
3663 3869 3849 3938 δαίμο-

2272 3991 2380 4035 νες,
2410 3972 2687 4039 λέγοντες·
2746 3969 2966 4040 Πέμψον
3000 3969 3150 4039 ἡμᾶς
3206 3967 3286 4028 είς
3321 3964 3447 4026 τοὺς
3483 3962 3731 4032 χοίρους,
3767 3960 3849 4012 ἵνα

2273 4066 2564 4129 είςςαὺτοὺς
2590 4062 2919 4131 εἰσέλθωμεν
2939 4077 2952 4092 ·
2974 4060 3068 4113 καὶ
3089 4057 3389 4128 ἐπέτρεψεν
3416 4054 3604 4115 αὐτοῖς
3640 4052 3847 4112 εὐθέως

2273 4162 2300 4212 6
2343 4157 2549 4226 Ἰησοῦς
2567 4172 2580 4185 °
2609 4157 2703 4208 καὶ
2735 4153 3019 4217 ἐξελθόντα
3036 4152 3107 4203 τὰ
3134 4148 3421 4216 πνεύματα
3445 4147 3512 4198 τὰ
3541 4144 3850 4214 ἀκάθαρτα,

2276 4248 2524 4317 είσῆλθον
2581 4249 2658 4308 είς
2699 4246 2822 4306 τοὺς
2868 4244 3105 4314 χοίρους.
3140 4241 3253 4294 Kal
3301 4238 3565 4308 ὥρμησεν
3610 4238 3643 4300 ἡ
3686 4235 3852 4305 ἀγέλη

2278 4339 2418 4394 κατὰ
2455 4337 2546 4390 τοῦ
2603 4335 2849 4406 κρημνοῦ
2891 4335 2968 4396 είς
2997 4332 3096 4401 τὴν
3151 4329 3444 4385 θάλασσαν,
3469 4327 3656 4380 Ἦσαν
3688 4327 3745 4380 δὲ
3780 4327 3850 4390 ὡς

2276 4432 2543 4500 δισχίλιοι,
2595 4427 2688 4480 καὶ
2718 4426 3003 4493 ἐπνίγοντο
3042 4424 3100 4476 ἐν
3131 4424 3200 4492 τῇ
3226 4421 3506 4491 θαλάσσῃ.
3540 4419 3605 4470 Ui
3637 4418 3696 4471 δέ
3731 4418 3852 4488 365-

612 4537 801 4580 verunt
835 4528 885 4579 in
918 4528 1216 4592 civitatem,
1251 4539 1305 4582 et
1338 4529 1389 4581 in
1428 4545 1607 4597 agros.
1650 4551 1668 4582 ι
1708 4531 1983 4587 οξειηοηεε
2012 4543 2158 4586 orant

2275 4542 2460 4587 κοντες
2488 4524 2614 4585 τοὺς
2643 4522 2881 4591 χοίρους,
2914 4518 3138 4585 ἔφυγον,
3171 4515 3267 4568 καὶ
3295 4511 3628 4581 ἀνήγγειλαν
3656 4513 3737 4574 είς
3759 4512 3857 4580 τὴν

613 4615 896 4669 hominum
947 4632 1012 4671 ne
1055 4618 1293 4672 mitteret
1341 4633 1398 4674 se
1441 4629 1592 4673 extra
1637 4623 1942 4690 regionem,
1989 4624 2081 4678 sed
2119 4626 2158 4677 ir

2277 4618 2430 4670 πόλιν
2448 4614 2542 4668 καὶ
2563 4615 2640 4676 είς
2666 4613 2789 4674 τοὺς
2825 4609 3049 4678 ἀγρούς.
3093 4626 3110 4659 ι
3137 4608 3199 4659 οι
3225 4607 3321 4676 μέν
3351 4604 3606 4673 δαίμονες
3640 4603 3856 4668 ἀξιοῦσι

611 4723 824 4777 gregem
869 4723 1173 4776 porcorum.
1217 4709 1335 4779 lpse
1373 4722 1551 4766 autem
1595 4714 1694 4768 hoc
1741 4717 2000 4782 permisit.
2039 4716 2158 4784 Qui:

2276 4710 2365 4760 τδν
2399 4708 2598 4777 Κύριον
2656 4707 2729 4773 μὴ
2767 4701 3085 4755 ἀποστεῖλαι
3134 4698 3334 4760 αὐτοὺς
3365 4696 3472 4762 ἔξω
3510 4698 3609 4765 τῆς
3641 4697 3852 4768 χώρας,

611 4799 751 4850 enim
779 4810 1044 4852 certamen
1073 4809 1156 4855 est
1178 4803 1282 4853 vita
1309 4809 1516 4866 nostra,
1542 4803 1711 4856 noluit
1743 4805 1998 4858 Dominus
2024 4817 2174 4859 extra

612 4890 748 4942 hanc
778 4891 940 4942 vitam
982 4892 1254 4945 daemones
1293 4906 1438 4956 esse,
1483 4903 1541 4946 ut
1586 4905 1857 4948 certantes
1894 4897 2174 4950 uobiscum

615 4995 712 5031 nos
760 4981 1092 5047 probatiores
1127 4994 1639 5040 commonstrarent.
1683 4987 1952 5042 Permittit
1998 4999 2176 5042 autent

615 5070 716 5122 illis
747 5073 951 5125 intrare
983 5073 1036 5126 in
1069 5089 1256 5140 porcos
1325 5086 1383 5129 ut
1407 5076 1702 5142 discamus,
1737 5081 1877 5145 quod
1905 5080 2044 5134 sicut
2071 5096 2175 5136 non

617 5172 968 5230 pepercerunt
1001 5165 1176 5230 porcis
1202 5207 1215 5228 ,
1258 5167 1329 5218 ita
1360 5182 1532 5236 neque
1562 5169 1761 5220 homini
1800 5170 1869 5222 illi
1909 5171 2180 5240 pepercis-

617 5266 764 5318 sent,
802 5257 900 5310 nisi
935 5272 1058 5310 eum
1091 5258 1268 5312 divina
1305 5260 1476 5313 virtus
1508 5261 1865 5328 custodisset;
1907 5264 2180 5318 daemones

620 5348 762 5400 enim
795 5362 914 5399 eum
944 5347 1142 5402 inimici
1172 5351 1342 5404 nostri
1376 5352 1504 5414 sint,
1532 5351 1775 5420 pretinus
1806 5369 1900 5408 nos
1929 5356 2181 5409 concide-

623 5448 762 5500 rent,
798 5438 897 5492 nisi
937 5437 1074 5493 Deus
1101 5454 1196 5495 nos
1228 5451 1596 5496 conservaret.
1644 5442 1797 5497 Disce
1830 5455 2004 5498 autem
2039 5451 2181 5514 quod

622 5545 801 5598 neque
841 5530 892 5583 in
934 5545 1124 5597 porcos
1163 5533 1362 5587 habent
1411 5543 1733 5604 potestatem
1783 5536 2083 5603 daamones,
2130 5549 2184 5593 et

629 5623 792 5676 multo
825 5624 1000 5676 minus
1031 5625 1084 5677 in
1117 5625 1394 5690 homines,
1425 5627 1526 5679 nisi
1562 5627 1834 5695 permittat
1877 5629 2036 5683 Deus.
2072 5628 2186 5684 Ob-

630 5729 781 5768 serva
815 5714 975 5786 196
1003 5724 1184 5769 autem
1210 5718 1350 5786 quod
1397 5718 1448 5770 in
1484 5719 1729 5772 homines
1772 5721 1860 5787 qui
1895 5711 2182 5786 porcorum

635 5819 786 5860 more
817 5806 1018 5872 vivunt,
1053 5807 1184 5862 etin
1220 5807 1329 5864 luto
1363 5808 1645 5878 voluptatis
1678 5820 1979 5879 versantur,
2011 5814 2187 5882 ingrc-

2278 4799 2391 4851 ἀλλ⁹
2451 4798 2528 4858 είς
2578 4795 2676 4861 τὴν
2740 4791 2940 4860 ἀγέλην
2979 4789 3088 4842 τῶν
3140 4787 3341 4857 χοίρων
3385 4785 3691 4838 ἀπολῦσαγ
3746 4784 3859 4838 ὁδὶ

2282 4891 2554 4960 συγχωρεῖ
2599 4885 2775 4939 τοῦτο.
2819 4882 3036 4954 Ἐπειδὴ
3089 4881 3199 4951 γὰρ
3251 4878 3566 4947 παλαίστρα
3621 4878 3778 4932 ἐστὶν
3829 4877 3857 4929 6

2283 4983 2392 5052 βίος
2430 4980 2607 5050 ἡμῶν,
2668 4977 2766 5029 οὐκ
2805 4973 3071 5044 ἠθέλησεν
3117 4975 3145 5025 6
3189 4969 3397 5040 Κύριος
3445 4969 3553 5033 ιξω
3596 4969 3694 5022 τοῦ
3745 4969 3856 5038 βίοι)

2277 5074 2470 5126 τούτου
2495 5069 2763 5124 ἀπολῦσαι
2781 5069 2903 5126 τοὺς
2927 5064 3210 5134 δαίμονας,
3239 5062 3324 5116 ἕνα
3347 5059 3676 5124 παλαίοντες
3708 5061 3856 5129 ἡμῖν,

2280 5163 2683 5234 δοκιμωτέρους
2742 5160 2892 5228 ἡμᾶς
2948 5157 3312 5227 ἐγράζωνται.
3383 5153 3745 5223 Συνεχὼρησε
3805 5151 3858 5204 δὲ

2282 5258 2464 5318 αὐτοῖς
2522 5255 2602 5315 είς
2655 5251 2780 5313 τοὺς
2814 5249 3030 5320 χοίρους
3065 5244 3353 5304 είσελθεῖν,
3391 5244 3470 5307 ὡς
3498 5245 3568 5297 ἂν
3595 5244 3858 5314 μάθωμεν

2283 5351 2362 5402 ὃτι
2400 5346 2587 5411 ὥσπερ
2621 5344 2728 5395 τῶν
2756 5343 2955 5412 χοίρων
2991 5340 3090 5391 οὐκ
3116 5337 3423 5407 ἐφείσαντο,
3455 5335 3631 5399 οὕτως
3661 5336 3770 5389 οὐδ’
3797 5334 3861 5388 ἀν

2283 5438 2378 5490 τοῦ
2407 5436 2692 5506 ἀνθρώπου
2730 5433 2938 5486 ἐκείνου
2970 5429 3278 5498 ἐφείσαντο,
3301 5429 3349 5479 εί
3388 5425 3463 5496 μὴ
3495 5424 3616 5478 Θεία
3637 5425 3861 5497 δύναμις

2285 5530 2418 5604 ἦνὴ
2478 5528 2822 5602 σιλντηροῦσα
2861 5527 3062 5581 αὐτόν·
3098 5527 3146 5576 nl
3197 5523 3454 5592 δαίμονες
3497 5521 3610 5593 γὰρ
3670 5519 3857 5592 ἐχθροὶ

2289 5628 2457 5688 ὄντες,
2516 5620 2824 5688 κατέκοψαν
2857 5619 2922 5672 ἂν
2970 5617 3118 5687 ἡμᾶς
3152 5614 3421 5685 αὑθωρ“ιν.
3472 5614 3522 5665 εί
3560 5614 3637 5686 μὴ
3680 5611 3860 5675 ὸΘεδς

2295 5719 2576 5787 συνετήρει
2637 5717 2806 5783 ἡμᾶςς
2844 5711 3098 5766 Μάνθανε
3135 5707 3188 5760 δὲ
3222 5709 3302 5760 ὅτι
3336 5705 3458 5758 οὐδὲ
3491 5705 3639 5757 κατά
3669 5705 3862 5775 χοίρων

2295 5811 2490 5880 ἒχωσιν
2542 5808 2787 5872 ἐξουσίαν
2842 5805 2890 5857 οἱ
2944 5801 3219 5871 δαίμονες,
3266 5799 3359 5851 καὶ
3420 5795 3602 5866 πολλῷ
3665 5793 3860 5865 μᾶλλον
