4028 6620
233 550 332 622 αἱ
990 545 1432 613 ENARRATIO
1467 543 1550 605 IN
1590 536 2100 606 EVANGELIUM
2144 537 2405 601 MARCI.
2427 563 2492 574 -
2526 535 2686 598 CAP.
2718 534 2790 596 ν.

3402 519 3513 589 512

234 666 377 722 κατά
408 665 740 741 ἀνθρώπων,
768 668 818 722 εί
851 666 928 739 μή
955 665 1301 735 συγχωρήσει
1325 662 1352 712 ὀ
1396 657 1536 722 ’Θεός
1555 673 1568 688 ·
1604 656 1715 711 νόει
1762 653 1813 707 δι

1925 652 2151 708 diuntur
2175 651 2481 714 daemones,
2517 657 2574 705 et
2609 646 2836 701 mittunt
2870 639 2993 741 illos
3022 634 3293 709 pmipiti
3335 633 3520 705 pet-dl-

231 759 314 810 ὅτι
369 758 465 811 καὶ
514 760 596 821 είς
629 760 756 822 τοὺς
790 757 932 811 κατά
959 755 1179 826 χοίρους
1213 751 1423 815 ζῶντας
1472 743 1818 817 ἀνθρώπους,

1931 745 2078 799 tione
2109 745 2162 797 in
2193 757 2343 797 mare
2378 740 2543 809 hujus
2571 738 2718 800 vitae,
2747 741 2806 787 ut
2838 729 3192 788 collocentur;

234 852 330 905 καὶ
353 847 429 920 τῷ
466 815 718 923 βορῦόρῳ
736 815 844 921 τῆς
873 815 1066 922 ἡδονῆς
1106 843 1549 915 ὲγκυλιομένους,
1580 815 1588 817 ἡ
1626 841 1710 902 εἰς
1766 837 1996 901 τούτους
2040 838 2387 909 εἰσέρχονται
2423 835 2474 887 οί
2522 829 2807 899 δαίμονες,
2837 827 2932 881 καὶ
2993 823 3283 896 ῥίπτουσιν
3315 815 3520 884 αὐτοὺς

230 940 375 994 κατά
404 941 499 996 τοῦ
526 941 773 1012 κρημνοῦ
803 944 901 1009 τῆς
932 939 1228 1000 ἀπωλείας,
1269 936 1328 990 ιν
1351 935 1417 1004 τῇ
1440 931 1686 1002 θαλάσσῃ
1745 927 1840 981 τοῦ
1883 927 2002 998 βίου
2034 931 2250 993 τούτου,
2287 927 2386 982 καὶ
2415 924 2832 992 ἀποπνίγονται.

307 1047 325 1081 ι
367 1030 480 1083 Kal
513 1030 740 1100 ἐξῆλθον
783 1031 912 1084 ίδεῐν
937 1028 988 1082 τί
1020 1030 1136 1080 ἑστι
1173 1026 1237 1078 τὸ
1291 1023 1538 1094 γεγονός.
1582 1018 1690 1072 Καὶ
1727 1016 1816 1086 ἐρ-

227 1137 415 1190 χονται
450 1121 587 1194 πρὸς
641 1121 734 1176 τὸν
777 1114 1017 1192 Ἰησοῦν,
1040 1117 1138 1172 καὶ
1173 1114 1446 1186 θεωροῦσι
1490 1113 1584 1165 τὸν
1617 1111 1814 1179 δαιμο-

230 1215 517 1282 νιζόμενον
549 1213 883 1284 καθήμενον,
928 1212 1020 1266 καὶ
1045 1210 1406 1279 ἱματισμένον
1448 1207 1536 1258 καὶ
1595 1217 1816 1272 σωφρο-

228 1305 450 1371 νοῦντα,
483 1304 576 1359 τὸν
603 1306 875 1374 ἐσχηκότα
897 1305 988 1356 τὸν
1010 1300 1274 1369 λεγιῶνα,
1296 1299 1391 1352 καὶ
1441 1295 1811 1366 ὲφοὸήθησαν.

228 1397 573 1466 Διηγήσαντο
621 1395 681 1451 δὲ
725 1395 908 1457 αὐτοῖς
934 1395 982 1448 ol
1036 1392 1258 1454 ἰδόντες,
1296 1389 1413 1451 πῶς
1469 1387 1688 1454 έγένετο
1733 1383 1812 1453 τῷ

222 1488 684 1560 δαιμονιζομένῳ,
721 1490 816 1542 καὶ
854 1483 1121 1557 περὶτῶν
1165 1481 1398 1554 χοίρων·
1457 1481 1553 1533 καὶ
1581 1477 1816 1549 ήρξαντο

225 1580 582 1650 παρακαλεῖν
626 1580 792 1634 αὑτὸν
846 1575 1102 1631 ἀπελθεῖν
1125 1574 1232 1629 ἀπὸ
1263 1572 1373 1626 τῶν
1402 1571 1568 1638 ὁρίων
1601 1567 1809 1622 αὐτῶν.

220 1670 338 1722 Kal
383 1668 656 1737 ἐμϐάντος
685 1666 852 1720 αὑτοῦ
888 1667 967 1727 είς
999 1664 1061 1718 τὸ
1086 1662 1294 1726 πλοῖον,
1328 1659 1631 1730 παρεκάλει
1651 1656 1817 1711 αὐτὸν

219 1763 248 1811 ὁ
277 1756 675 1827 δαιμονισθεὶς,
732 1755 818 1807 ἵνα
919 1755 1035 1824 μετ’
1077 1750 1243 1805 αὐτοῦ
1266 1767 1279 1782 ·
1321 1753 1349 1804 ὁ
1377 1750 1435 1804 δὲ
1481 1748 1688 1819 Ἰησοῦς
1717 1747 1831 1798 οὑκ-

221 1848 441 1917 ἁφῆκεν
484 1847 669 1914 αὑτὸν,
722 1845 858 1900 ἀλλά
902 1845 1050 1911 λέγει
1089 1843 1274 1913 αὐτῷ·
1311 1841 1532 1908 ’Υπαγε
1587 1841 1666 1902 είς
1723 1837 1816 1889 τὸν

222 1934 375 1992 οἶκόν
403 1957 496 1994 σου
529 1941 666 2006 πρὸς
696 1939 822 2000 τοὺς
849 1938 974 1999 σοὺς
999 1937 1096 1988 καὶ
1121 1933 1668 2004 ἀνάγγειλονναῦτοϊς
1713 1932 1813 1984 ὅσα

227 2047 313 2085 σοι
342 2034 370 2085 ὁ
403 2029 608 2102 Κύριος
644 2029 936 2098 ⁴πεποίηκε.
972 2029 1068 2081 καὶ
1093 2026 1293 2097 ήλέησέ
1326 2043 1406 2080 σε.
1446 2025 1558 2080 Kal
1579 2023 1812 2094 ἀπῆλθε,

225 2123 325 2176 καὶ
355 2122 562 2192 ήρξατο
585 2120 885 2191 κηρύσσειν
915 2122 972 2172 έν
1001 2121 1066 2186 τῇ
1090 2118 1413 2181 Δεκαπόλει,
1435 2119 1536 2171 ὅσα
1557 2117 1817 2185 ἐποίησεν

223 2212 380 2283 αὐτῷ
412 2213 440 2266 ὁ
483 2211 712 2282 Ἰησοῦς,
744 2212 839 2264 καὶ
889 2215 1091 2274 πάντες
1127 2211 1459 2282 ἐθαύμαζον.
1501 2228 1520 2261 ι
1565 2208 1816 2280 Ἐξῆλθον

225 2308 330 2376 μὲν
356 2308 404 2359 οί
441 2307 536 2376 τῆς
562 2306 768 2368 πόλεως
792 2305 1008 2375 ὲκείνης
1041 2305 1176 2373 πρὸς
1198 2305 1291 2357 τὸν
1334 2302 1565 2373 Ἰησοῦν,
1599 2301 1810 2355 ἐκπλα-

221 2401 417 2469 γέντες
449 2401 509 2454 τδ
542 2400 728 2469 θαῦμα
753 2417 764 2429 ·
793 2399 1127 2463 ἀκούσαντες
1150 2399 1227 2462 δὲ,
1256 2398 1604 2467 ἐφοϐήθησαν
1627 2397 1812 2449 πλέον.

219 2493 321 2547 Διδ
352 2493 448 2546 καὶ
476 2491 855 2563 παρακαλοῦσι
884 2492 975 2545 τὸν
1012 2489 1222 2562 Ἰησοῦν
1253 2491 1340 2544 ἶνα
1368 2489 1561 2561 ἐξέλθῃ
1613 2491 1677 2543 ἐκ
1709 2490 1816 2543 τῶν

217 2585 398 2657 ὁρίων
430 2585 628 2638 αὐτῶν.
663 2583 778 2637 Ἐδε
801 2585 1079 2637 δοίκεισαν
1119 2584 1227 2654 γὰρ
1260 2584 1470 2654 μήποτε
1502 2583 1595 2636 καὶ
1633 2583 1817 2652 μεῖζόν

221 2695 284 2754 τι,
313 2675 553 2734 πάθωσι.
591 2676 730 2738 Τοὺς
765 2677 874 2745 γὰρ
906 2675 1124 2746 χοίρους
1167 2675 1559 2736 ἀπολέσαντες,
1603 2676 1696 2728 καὶ
1723 2674 1818 2726 λυ-

220 2769 495 2838 πηθέντες
522 2768 613 2821 ἐπὶ
643 2771 708 2838 τῇ
737 2767 1000 2839 ἀπωλείᾳ,
1028 2768 1415 2839 παραιτοῦνται
1444 2767 1537 2821 καὶ
1559 2768 1659 2838 τήν
1677 2785 1820 2838 παρ-

217 2859 416 2914 ουσίαν
472 2859 566 2912 τοῦ
620 2859 825 2930 Κυρίου
859 2875 872 2890 ·
908 2860 936 2912 ὀ
982 2859 1036 2912 δὲ
1097 2859 1464 2928 δαιμονισθεὶς
1517 2859 1819 2929 παρεκάλει

220 2953 416 3016 αὑτὸν,
448 2952 536 3006 ενα
636 2954 754 3021 μετ’
776 2950 965 3004 αὐτοῦ’
996 2951 1246 3021 έφοόεῖτο
1279 2952 1386 3022 γὰρ
1412 2954 1624 3024 μήποτε
1655 2955 1819 3023 μόνον

219 3045 482 3113 εὑρόντες
509 3043 670 3096 αὐτὸν
696 3043 746 3094 oi
775 3043 1050 3113 δαίμονες,
1083 3045 1247 3099 πάλιν
1311 3045 1614 3098 ἐπέλθωσιν
1645 3045 1816 3115 αὐτῷ.

229 3137 295 3190 '0
324 3137 382 3190 δὲ
411 3136 614 3204 Κύριος
643 3134 876 3189 ἀπολύει
898 3135 1060 3189 αὐτὸν
1078 3137 1153 3198 τίς
1186 3136 1277 3190 τὸν
1300 3130 1447 3189 οἷκον
1473 3136 1656 3202 αὑτοῦ,
1677 3137 1821 3190 δεικ-

1992 1018 2159 1074 Vens.
2197 1018 2386 1072 15-20.
2424 1033 2442 1068 ι
2484 1017 2549 1070 Et
2572 1013 2782 1084 egressi
2814 1019 2941 1067 sunt
2967 1007 3034 1062 ad
3062 1005 3357 1060 videndum
3385 1003 3516 1073 quid

1917 1118 2063 1166 esset
2111 1108 2256 1178 quod
2303 1108 2635 1162 acciderat:
2691 1113 2748 1158 et
2800 1101 3027 1156 veniunt
3079 1097 3146 1151 ad
3194 1094 3418 1156 Iesum.
3461 1103 3518 1147 et

1913 1204 2105 1258 vident
2139 1203 2292 1255 illum
2326 1200 2420 1270 qui
2466 1213 2495 1250 a
2535 1196 2806 1251 daemonio
2854 1192 3194 1254 vexabatur,
3232 1186 3515 1245 sedentem

1914 1310 1978 1350 ac
1998 1294 2256 1350 vestitum
2308 1301 2362 1345 et
2390 1304 2538 1344 sane
2565 1287 2790 1352 mentis,
2811 1284 2902 1353 qui
2928 1284 3194 1337 habuerat
3217 1278 3510 1347 legionem,

1913 1396 1968 1442 et
2013 1387 2332 1441 timuerunt.
2387 1382 2450 1435 Et
2506 1383 2876 1434 narraverunt
2924 1373 3031 1452 illis
3083 1371 3174 1439 qui
3230 1369 3496 1430 viderant,

1913 1477 2150 1546 qualiter
2187 1474 2480 1529 accidisset
2513 1471 2561 1526 ei
2602 1469 2694 1538 qui
2739 1465 3070 1522 daemonium
3113 1461 3421 1520 habuerat.
3459 1466 3518 1512 et

1915 1571 1980 1624 de
2008 1569 2210 1637 porcis.
2239 1565 2305 1620 Et
2342 1578 2536 1634 rogare
2563 1568 2855 1629 cmperunt
2880 1572 3004 1612 eum
3031 1563 3089 1608 ut
3114 1552 3423 1607 discederet
3450 1547 3516 1602 de

1916 1660 2115 1715 finibus
2147 1660 2415 1727 ipsorum.
2448 1654 2515 1708 Et
2543 1668 2670 1708 cum
2709 1652 2990 1720 ingressus
3017 1653 3165 1700 esset
3196 1642 3397 1707 navim,
3430 1654 3518 1695 ro-

1913 1753 2078 1822 gabat
2126 1751 2279 1805 illum
2333 1748 2425 1819 qui
2475 1746 2653 1802 fuerat
2703 1759 2733 1798 a
2777 1740 3048 1796 daemonio
3093 1746 3412 1805 correptus,
3455 1739 3517 1787 ut

1917 1852 2064 1898 esset
2090 1857 2213 1897 cum
2247 1840 2341 1894 illo
2371 1857 2384 1892 :
2418 1841 2578 1893 Iesus
2608 1843 2791 1890 autem
2821 1848 2928 1887 non
2959 1829 3208 1901 permisit
3236 1840 3385 1890 eum,
3419 1824 3515 1878 sed

1848 1901 1890 1954 Β
1919 1938 1996 1991 ait
2031 1936 2107 1989 illi
2136 1953 2148 1988 :
2193 1933 2293 1988 Abi
2341 1932 2395 1986 in
2434 1931 2655 1984 domum
2709 1937 2856 1980 tuam
2889 1924 2956 1976 ad
2989 1932 3134 1988 tuos,
3171 1929 3224 1975 et
3255 1915 3517 1972 annuutia

1920 2029 2030 2084 illis
2070 2035 2269 2096 quanta
2320 2023 2414 2079 tibi
2458 2020 2719 2077 Dominus
2768 2016 2992 2081 fecerits,
3044 2024 3099 2069 et
3139 2013 3398 2068 misertus
3445 2007 3521 2063 sit

1921 2121 2019 2176 tui.
2080 2118 2148 2172 Et
2208 2117 2381 2182 abiit,
2441 2124 2495 2170 et
2537 2112 2729 2182 .cmpit
2787 2108 3095 2178 praedicare
3146 2106 3200 2160 in
3262 2098 3516 2171 Decapoll

1918 2227 2124 2289 quanta
2154 2214 2256 2270 sibi
2293 2212 2513 2268 fecisset
2545 2207 2740 2274 Iesus;
2775 2215 2831 2260 et
2857 2219 3052 2260 omnes
3083 2200 3447 2256 mirabantur.
3488 2211 3510 2246 ι

1921 2311 2185 2364 Exierunt
2224 2307 2390 2377 igitur
2421 2304 2524 2358 viri
2558 2301 2704 2356 illius
2738 2298 2978 2356 civitatis
3009 2299 3075 2350 ad
3109 2293 3295 2349 Jesum
3328 2301 3518 2359 stupe-

1919 2401 2048 2456 facti
2073 2399 2336 2454 miraculo
2371 2414 2386 2451 :
2416 2406 2471 2450 et
2499 2409 2622 2450 cum
2650 2392 2955 2457 audissent,
2985 2389 3286 2444 timuerunt
3318 2385 3514 2452 magis.

1918 2492 2129 2546 idcirco
2170 2498 2226 2544 et
2270 2488 2454 2542 Jesum
2510 2494 2708 2554 rogant
2752 2492 2813 2536 ut
2863 2481 3181 2550 egrediatur
3228 2491 3258 2530 a
3313 2473 3518 2530 ﬁnibus

1919 2585 2184 2654 ipsorum.
2216 2579 2542 2634 Timuerunt
2570 2577 2718 2632 enim
2749 2573 3042 2643 nequando
3071 2579 3127 2626 et
3159 2568 3334 2638 majus
3359 2565 3518 2638 quid-

1920 2679 2043 2735 dam
2093 2677 2393 2745 patiantur.
2447 2672 2547 2737 Qui
2592 2671 2737 2724 enim
2786 2668 3145 2736 perdiderant
3187 2677 3418 2732 porcos.
3459 2659 3515 2714 in

1923 2769 2227 2839 perditione
2280 2766 2529 2818 dolentes
2571 2769 2869 2834 precantur
2920 2767 2979 2810 ut
3025 2756 3185 2810 abeat
3231 2751 3516 2805 Dominus.

1921 2862 2190 2918 Cxterum
2240 2860 2288 2914 is
2327 2859 2418 2929 qui
2464 2854 2738 2912 daemonio
2787 2853 3028 2922 agitatus
3070 2847 3283 2912 fuerat,
3324 2843 3520 2898 orabat

1921 2958 2074 3013 illum
2125 2967 2183 3011 ut
2239 2971 2359 3010 cum
2414 2957 2532 3025 ipso
2580 2960 2774 3008 esset:
2837 2949 3063 3004 timebat
3110 2944 3296 3006 enim,
3351 2954 3422 2996 ne
3470 2937 3518 2995 si

1923 3047 2142 3118 quando
2167 3047 2442 3100 dmmones
2467 3059 2591 3099 eum
2625 3039 2961 3096 invenissent
2989 3035 3192 3097 solum,
3232 3033 3427 3088 iterum
3456 3041 3518 3085 se

1924 3138 2160 3193 adirent.
2198 3137 2268 3190 At
2303 3136 2566 3190 Dominus
2597 3132 2807 3188 dimisit
2831 3145 2954 3184 eum
3001 3129 3053 3182 in
3093 3126 3322 3182 domum
3355 3122 3474 3190 ejus
3497 3158 3515 3186 ,

217 3224 370 3280 νὺων
404 3227 554 3297 αὐτῷ
599 3228 679 3280 ὅτι
712 3226 818 3280 κᾶν
861 3225 936 3297 μὴ
969 3227 1130 3290 αὐτὸς
1163 3230 1335 3299 παρῇ,
1371 3228 1484 3281 ἀλλ’
1520 3230 1620 3298 ἦγε
1648 3228 1809 3282 δύνα-

1920 3231 2214 3286 ostendens
2239 3229 2288 3284 ei
2317 3227 2461 3298 quod
2498 3227 2626 3281 licet
2659 3227 2778 3296 ipse
2809 3239 2916 3279 non
2955 3221 3121 3286 adsit,
3160 3215 3518 3273 nihilominus

222 3334 325 3384 μις
354 3315 522 3369 αὑτοῦ
554 3316 648 3369 καὶ
701 3318 736 3386 ή
790 3317 1067 3386 ὲπισκοπή
1100 3316 1327 3387 φυλάξει
1370 3319 1555 3384 αὑτὸν,
1584 3319 1699 3387 ἅμα
1731 3319 1808 3384 δὶ,

215 3406 316 3460 ἵνα
344 3407 436 3459 καὶ
468 3407 688 3476 ἐτέρους
710 3405 930 3476 ὁραθεὶς
960 3405 1248 3478 ὠφελήσῃ.
1286 3407 1421 3460 Ἰδοὺ
1445 3409 1577 3476 γοῦν
1607 3408 1813 3478 ήρξατο

217 3497 556 3569 κηρύσσειν,
595 3500 690 3552 καὶ
719 3499 920 3562 πάντες
954 3498 1288 3574 ἐθαύμαζον.
1325 3499 1466 3568 Ὅρα
1491 3499 1548 3552 δὲ
1608 3500 1702 3552 καὶ
1751 3499 1814 3552 τὸ

217 3590 439 3655 ἄτυφον
464 3589 557 3642 τοῦ
575 3590 850 3660 Σωτῆρος.
872 3591 988 3644 Οὐκ
1018 3583 1170 3644 εἶπεν
1199 3592 1302 3654 ὅτι,
1339 3589 1697 3658 ’Δπάγγειλον
1713 3591 1813 3644 ὅσα

219 3696 315 3732 σοι
364 3679 664 3750 πεποίηκα,
714 3679 852 3747 ἀλλ’,
901 3683 1043 3736 Ὅσα
1065 3700 1148 3736 σοι
1198 3681 1548 3750 πεποίηκενὸ
1588 3681 1808 3752 Κύριος.

212 3766 394 3823 Οὕτω
424 3769 518 3821 καὶ
556 3769 649 3831 σὺ,
686 3769 816 3823 ὅταν
851 3772 1055 3840 ἀγαθόν
1100 3790 1153 3826 τι
1183 3773 1436 3844 ποιήσῃς,
1472 3773 1547 3844 μή
1580 3773 1812 3844 σεαυτῷ,

213 3859 368 3913 ἀλλὰ
397 3859 476 3928 τῷ
508 3860 626 3930 Θεῷ
660 3861 900 3915 ἀνατίθει
933 3864 994 3916 τὸ
1027 3865 1292 3936 πραχθέν.

295 3971 318 4003 s
357 3952 467 4004 Kal
496 3952 931 4024 διαπεράσαντος
952 3955 1046 4009 τοῦ
1093 3957 1269 4027 Ἰησοῦ
1293 3961 1350 4011 ὲν
1385 3957 1462 4027 τῷ
1500 3958 1673 4028 πλοίῳ
1702 3958 1811 4012 πά-

209 4044 307 4097 λιν
363 4045 445 4109 ei;
488 4045 549 4098 τὸ
598 4047 796 4118 πέραν,
834 4048 1079 4121 συνήχθη
1111 4049 1268 4121 ὄχλος
1313 4053 1481 4116 πολὺς
1508 4054 1593 4106 ἐπ’
1619 4052 1811 4116 αὑτὸν,

211 4137 319 4190 καὶ
349 4131 424 4208 ἦν
465 4137 618 4210 παρὰ
665 4137 768 4210 τὴν
812 4139 1115 4196 θάλασσαν.
1148 4143 1261 4197 Kal
1323 4144 1433 4198 ἰδοὺ
1468 4144 1690 4214 ἔρχεται
1734 4138 1815 4208 εἷς

207 4226 338 4281 τῶν
387 4227 880 4300 ἀρχισυναγώγων,
933 4231 1160 4302 ὀνόματι
1207 4234 1456 4304 Ἰάειρος.
1513 4236 1622 4288 Kal
1690 4234 1815 4288 ίδὼν

205 4317 416 4377 αὐτὸν,
437 4318 629 4372 πίπτει
661 4321 798 4389 πρὸς
834 4323 961 4385 τοὺς
1000 4323 1169 4384 πόδας
1202 4323 1394 4387 αὑτοῦ,
1433 4324 1527 4377 καὶ
1557 4323 1811 4393 παρεκά-

204 4410 300 4464 λει
344 4409 513 4462 αὐτὸν
537 4410 730 4473 πολλὰ,
763 4412 936 4480 λέγων
963 4414 1067 4477 ὅτι,
1088 4414 1162 4468 Τὸ
1202 4415 1498 4486 θυγάτριόν
1531 4433 1632 4486 μου
1661 4416 1816 4486 έσχάο

202 4520 329 4566 τως
369 4501 514 4574 εχει·
553 4502 640 4555 [va
670 4501 844 4557 ἐλθὼν
876 4506 1070 4575 ἐπιθῇς
1110 4506 1250 4574 αὐτῇ
1281 4506 1380 4570 τὰς
1413 4507 1627 4576 χεῖρας,
1663 4507 1814 4569 ὅπως

1925 3335 2106 3380 tamen
2134 3323 2305 3377 virtus
2328 3337 2424 3376 sua
2450 3329 2505 3374 et
2529 3319 2771 3374 visitatio
2793 3315 3064 3372 custodiet
3098 3327 3219 3367 eum
3254 3328 3266 3364 :
3295 3309 3520 3376 insuper

1922 3425 1978 3472 ut
2021 3424 2076 3470 et
2120 3416 2254 3468 alios
2299 3413 2563 3476 lucretur,
2611 3411 2702 3480 qui
2753 3409 2932 3476 ipsum
2984 3403 3154 3459 visuri
3202 3407 3406 3458 essent.
3449 3395 3519 3452 Et

1921 3522 2052 3563 ecce
2083 3505 2380 3577 praedicare
2428 3502 2626 3573 coepit.
2667 3510 2722 3554 et
2747 3511 2941 3554 omnes
2982 3495 3343 3550 mirabantur.
3379 3487 3519 3543 Vide

1922 3612 2296 3672 autemlquam
2327 3597 2536 3650 alienus
2569 3594 2690 3648 sita
2720 3591 2862 3647 fastu
2888 3589 3164 3644 Servator.
3197 3583 3314 3640 Non
3339 3581 3516 3637 dixit:

1921 3691 2200 3746 Annuntia
2225 3704 2348 3758 quae
2373 3687 2469 3741 tibi
2495 3699 2618 3756 ego,
2647 3682 2767 3745 sed,
2791 3681 2924 3748 Quae
2953 3677 3048 3733 tibi
3075 3675 3203 3730 fecit
3232 3673 3515 3727 Dominus.

1924 3784 2014 3840 Sic
2049 3793 2102 3837 et
2142 3794 2195 3837 tu
2232 3780 2451 3852 quando
2485 3779 2685 3832 bonum
2728 3774 2861 3844 quid
2894 3771 3093 3827 feceris
3115 3808 3130 3834 ,
3168 3783 3236 3824 ne
3266 3765 3364 3822 tibi
3390 3764 3513 3836 ipsi,

1923 3876 2014 3930 sed
2047 3873 2276 3929 Domino
2302 3870 2504 3924 factum
2536 3868 2765 3924 tribuas.

1998 3965 2162 4020 Vens.
2191 3963 2386 4018 ill-‘29.
2425 3980 2443 4014 ι
2483 3960 2544 4015 Et
2579 3975 2702 4015 cum
2738 3958 3025 4014 transisset
3051 3953 3212 4011 Jesus
3240 3953 3365 4009 navi
3393 3967 3518 4006 rur-

1924 4073 2016 4114 sus
2053 4059 2108 4112 in
2151 4059 2467 4112 ulteriorem
2503 4055 2703 4126 ripam,
2743 4053 3000 4108 convenit
3041 4052 3209 4105 multa
3253 4050 3410 4104 turba
3447 4049 3515 4103 ad

1923 4167 2070 4214 eum,
2092 4160 2146 4205 et
2172 4159 2292 4205 erat
2318 4149 2462 4204 circa
2501 4161 2670 4202 mare.
2700 4146 2765 4200 Et
2789 4159 2918 4200 ecce
2943 4144 3091 4198 venit
3116 4143 3336 4212 quidam
3366 4141 3519 4209 prin-

1923 4244 2102 4314 cipum
2155 4242 2457 4312 Synagogaa
2502 4239 2722 4294 nomine
2763 4236 2979 4303 Jairus,
3031 4244 3088 4290 et
3129 4249 3250 4289 eum
3295 4232 3513 4286 vidisset

1922 4352 2045 4392 eum
2073 4379 2086 4401 ,
2131 4333 2367 4405 procidit
2399 4332 2467 4388 ad
2499 4332 2664 4398 pedes
2691 4329 2842 4399 ejus,
2881 4338 2939 4384 et
2969 4327 3364 4397 deprecabatur
3389 4339 3514 4378 eum

1923 4428 2177 4490 multum,
2208 4426 2398 4480 dicens
2429 4441 2443 4478 :
2482 4422 2676 4478 Filiola
2713 4435 2831 4476 mea
2877 4420 2935 4474 in
2962 4420 3230 4474 extremis
3256 4426 3377 4470 est:
3416 4429 3516 4470 oro

1922 4526 1982 4573 ut
2027 4517 2214 4570 venias
2261 4523 2314 4570 et
2360 4515 2610 4582 imponas
2655 4512 2731 4567 illi
2777 4525 2995 4576 manus,
3052 4519 3112 4562 ut
3155 4507 3306 4562 salva
3351 4506 3422 4562 sit
3463 4515 3518 4561 et

207 4591 384 4662 σωθῇ
446 4589 541 4643 καὶ
595 4590 842 4662 ζήσεται.
904 4593 1016 4646 Kal
1064 4591 1279 4664 ἀπῆλθε
1319 4595 1436 4664 μετ’
1475 4594 1676 4649 αὐτοῦ*
1720 4597 1813 4648 καὶ

1925 4609 2086 4663 vivet.
2123 4607 2190 4662 Et
2226 4607 2360 4663 abiit
2408 4622 2531 4662 cum
2575 4605 2692 4670 illo,
2721 4614 2776 4658 et
2815 4603 3149 4672 sequebatur
3185 4616 3308 4655 eum
3356 4599 3516 4653 turba

201 4683 519 4756 ἠκολούθει
549 4683 701 4754 αὐτῷ
727 4684 883 4755 ὄχλος
918 4687 1106 4752 πολὺς,
1159 4689 1254 4740 καὶ
1279 4687 1591 4741 συνέθλισον
1617 4687 1806 4743 αὐτὸν.

202 4778 337 4833 Καὶ
365 4777 508 4846 γυνή
548 4793 633 4840 τις
659 4774 792 4831 οὖσα
817 4781 873 4832 ὲν
909 4781 1061 4851 ῥύσει
1087 4784 1318 4852 αἵματος
1335 4782 1432 4853 ἔτη
1460 4783 1690 4846 δώδεκα,
1721 4786 1814 4837 καὶ

199 4868 403 4928 πολλὰ
435 4869 687 4924 παθοῦσα
717 4872 824 4926 ὑπὸ
854 4873 1064 4926 πολλῶν
1101 4875 1328 4945 ἰατρῶν,
1365 4876 1461 4929 καὶ
1487 4876 1813 4944 δαπανήσα-

200 4979 278 5016 σα
319 4962 402 5015 τὰ
444 4962 576 5032 παρ’
630 4965 801 5032 αὐτῆς
847 4965 1049 5031 πάντα,
1093 4968 1188 5020 καὶ
1221 4968 1387 5037 μηδὲν
1442 4967 1811 5038 ὠφεληθεῖσα,

196 5055 359 5110 ἀλλὰ
398 5055 602 5125 μᾶλλον
647 5061 726 5119 εἰς
772 5060 833 5112 τὸ
870 5062 1051 5129 χεῖρον
1089 5059 1339 5125 ἐλθοῦσα,
1364 5060 1648 5113 ἀκούσασα
1684 5062 1814 5132 περὶ

191 5149 305 5208 τοῦ
358 5147 566 5217 Ἰησοῦ,
589 5149 821 5202 ἐλθοῦσα
857 5152 916 5202 ὲν
945 5151 1022 5220 τῷ
1052 5151 1194 5221 ὄχλῳ
1227 5151 1475 5214 ὄπισθεν,
1514 5151 1692 5222 ἥψατο
1719 5152 1811 5204 τοῦ

194 5241 450 5313 ἱματίου
474 5241 662 5295 αὐτοῦ’
697 5242 854 5310 ἔλεγε
887 5243 994 5313 γὰρ
1020 5245 1126 5307 ὅτι,
1158 5243 1284 5297 Κᾶν
1315 5244 1423 5296 τῶν
1455 5245 1688 5313 ίματίων
1716 5245 1814 5296 αὑ-

186 5334 300 5390 τοῦ
365 5331 626 5401 ἅψωμαι,
685 5335 1039 5404 σωθήσομαι·
1075 5335 1167 5388 καὶ
1199 5334 1404 5398 εὐθέως
1464 5336 1738 5406 ἐξηράνθη
1774 5339 1808 5406 ή

188 5422 374 5495 πηγὴ
415 5420 512 5475 τοῦ
553 5423 784 5492 αἵματος
822 5425 1014 5493 αὐτῆς,
1047 5427 1140 5477 καὶ
1175 5425 1317 5492 ἔγνω
1339 5424 1418 5494 τῷ
1449 5426 1689 5494 σώματι,
1729 5427 1812 5480 ὅτι

188 5519 367 5576 ἴαται
407 5513 518 5566 ἀπὸ
556 5516 654 5586 τής
697 5514 984 5584 μάστιγος.
1030 5533 1049 5566 ι
1105 5516 1261 5569 Μετά
1288 5516 1348 5567 τὸ
1389 5516 1482 5568 ἐπὶ
1511 5515 1588 5586 τῷ
1618 5517 1812 5586 δαιμο-

185 5609 500 5680 νιζομένῳ
555 5607 762 5676 θαῦμα,
791 5607 982 5676 ἓτερον
1043 5598 1334 5678 ἐργάζεται
1388 5610 1417 5661 ὁ
1449 5608 1676 5678 Κύριος,
1709 5609 1810 5679 τὴν

186 5697 508 5766 θυγατέρα
531 5695 625 5748 τοῦ
651 5695 1106 5766 ἀρχισυναγώγου
1137 5697 1393 5752 ἀνιστῶν.
1437 5699 1601 5766 Λέγει
1631 5698 1688 5750 δὲ
1719 5704 1810 5752 καὶ

183 5794 258 5847 τὸ
293 5791 491 5858 ὄνομα
537 5788 635 5841 τοῦ
669 5787 1144 5860 ἀρχισυναγώγου,
1201 5789 1291 5843 διὰ
1351 5791 1480 5852 τοὺς
1520 5789 1812 5853 Ἰουδαίους

182 5885 335 5945 τοὺς
375 5880 595 5945 εἰδότας
627 5881 688 5934 τὸ
725 5883 1044 5953 γενόμενον.
1081 5883 1174 5948 Ἐξ
1200 5884 1455 5952 ἡμισείας
1479 5884 1532 5937 δὲ
1560 5883 1749 5944 πιστὸς
1784 5887 1812 5935 ὁ

183 5977 390 6048 ἀνήρ·
433 5973 573 6030 καθὸ
622 5974 721 6046 μὲν
751 5977 858 6045 γὰρ
914 5977 1101 6030 πίπτει
1142 5977 1290 6048 παρὰ
1333 5979 1459 6042 τοὺς
1493 5977 1679 6042 πόδας,
1718 5993 1808 6030 m-

1922 4701 2126 4766 multa,
2176 4709 2230 4756 et
2275 4698 2710 4768 comprimebant
2742 4712 2887 4752 eum.
2925 4695 2993 4750 Et
3041 4693 3236 4749 mulier
3267 4691 3514 4763 quaedam

1919 4807 2037 4860 quae
2070 4790 2249 4846 fuerat
2278 4790 2514 4845 obnoxia
2555 4789 2821 4860 proﬂuvio
2850 4786 3136 4857 sanguinis
3186 4787 3344 4841 annis
3382 4787 3520 4839 duo-

1917 4884 2116 4950 decim,
2143 4882 2426 4952 fueratque
2458 4881 2626 4936 multa
2654 4897 2914 4952 perpessa
2945 4897 2971 4934 a
2998 4879 3372 4949 compluribus
3400 4895 3515 4936 me-

1917 4975 2075 5037 dicis,
2112 4982 2165 5028 et
2197 4974 2563 5042 insumpserat
2603 4973 2784 5027 omnia
2831 4986 2952 5034 sua,
2992 4985 3169 5040 neque
3212 4972 3512 5042 quidquam

1917 5061 2216 5129 adjumenti
2244 5070 2525 5125 senserat,
2558 5063 2652 5116 sed
2686 5061 2860 5131 magis
2890 5062 2943 5115 in
2974 5063 3216 5116 deterius
3249 5074 3510 5122 venerat:

1917 5167 2042 5206 cum
2087 5153 2335 5207 audisset
2380 5153 2446 5206 de
2475 5150 2604 5206 Jesu
2635 5192 2649 5216 ,
2692 5153 2843 5206 venit
2877 5152 2929 5206 in
2965 5151 3122 5206 turba
3158 5168 3186 5205 a
3221 5161 3372 5224 tergo
3395 5195 3409 5219 ,
3457 5161 3516 5210 et

1917 5242 2094 5313 tetigit
2116 5242 2502 5298 vestimentum
2530 5243 2688 5312 ejus;
2717 5242 2933 5299 dicebat
2959 5245 3129 5309 enim,
3157 5244 3213 5298 Si
3240 5245 3321 5298 vel
3350 5260 3515 5301 vesu-

1917 5344 2095 5388 menta
2116 5337 2233 5405 ejus
2257 5335 2507 5405 tetigero,
2537 5336 2689 5390 salva
2716 5351 2844 5390 ero:
2872 5345 2925 5390 et
2956 5335 3246 5392 confestim
3275 5349 3516 5392 siccato:

1915 5433 2000 5478 est
2031 5421 2153 5479 fons
2178 5425 2463 5494 sanguinis
2493 5426 2611 5494 ejus
2642 5443 2656 5481 :
2690 5434 2745 5480 et
2773 5427 2948 5480 sensit
2976 5441 3208 5495 corpore
3237 5426 3382 5495 quod
3420 5442 3510 5481 sa-

1916 5524 2049 5568 nata
2071 5525 2214 5570 esset
2237 5531 2265 5570 a
2291 5515 2525 5587 ﬂagello.
2559 5535 2590 5574 ι,
2612 5527 2739 5572 Post
2771 5516 3102 5570 miraculum
3136 5517 3279 5584 quod
3322 5521 3376 5570 in
3406 5518 3514 5572 da:-

1918 5607 2169 5662 moniaco
2223 5617 2442 5674 aetum,
2507 5609 2652 5663 aliud
2724 5620 2982 5677 operatur
3031 5607 3190 5678 197
3254 5610 3512 5662 Dominus

1914 5700 2228 5755 suscitando
2256 5699 2420 5754 tiliam
2447 5701 2707 5770 principis
2740 5701 3059 5773 Synagogze.
3086 5700 3294 5753 Nomen
3320 5710 3506 5754 autem

1917 5791 2087 5861 ipsius
2118 5793 2373 5858 exprimit
2403 5791 2856 5863 proptchudaeos
2881 5794 2972 5863 qui
3009 5795 3254 5847 sciebant
3289 5793 3338 5845 id
3363 5796 3504 5861 qunti

1919 5887 2116 5941 factum
2149 5886 2344 5942 fuerat.
2384 5888 2730 5942 Dimidiatatn
2754 5898 2936 5942 autem
2968 5887 3128 5940 fidem
3158 5885 3397 5939 babcbat
3427 5885 3510 5936 vir

1917 5980 2006 6034 illc
2033 5999 2048 6049 ;
2084 5981 2258 6038 lidclis
2286 5981 2430 6037 cnim
2465 5991 2605 6046 erat,
2634 5995 2700 6037 co
2726 5982 2869 6051 quod
2900 5979 3217 6051 procidcbat
3246 5980 3312 6033 ad
3341 5976 3510 6047 pcdcs
