4028 6542
560 454 667 520 £13

1479 433 2067 507 THEOPHYLACTI
2103 426 2513 492 BULGARI/E
2554 424 2909 486 ARCHIEP.

3708 418 3813 482 5H

562 566 690 623 Jesu
721 584 735 623 :
767 566 860 624 sed
886 564 1009 635 quia
1046 572 1099 618 et
1124 561 1446 619 obsecrabat
1474 568 1536 615 ut
1563 558 1745 613 veniat
1766 594 1781 618 ,
1821 567 1927 608 non
1956 565 2133 621 quan-

2244 544 2385 607 στὺς,
2420 540 2556 595 καθὸ
2585 540 2643 594 δι
2674 539 2983 610 παρακαλεῖ
3019 538 3104 590 ἵνα
3132 536 3281 610 ἔλθῃ,
3334 536 3430 605 ούχ
3454 535 3587 604 ὅσην
3612 533 3697 635 δεῖ
3724 532 3809 585 πί·

567 673 673 715 tam
704 658 981 731 Oportebat
1015 673 1125 726 pra:
1157 673 1215 712 se
1237 655 1395 711 iidem
1436 652 1664 708 ferebat.
1699 648 1938 703 Debebat
1977 645 2123 699 enim

562 753 743 805 dicere
769 770 781 782 ·
816 749 911 804 ch
942 748 1127 804 verbo.
1159 747 1348 804 Obiter
1380 742 1557 799 autem
1588 743 1731 796 inter
1755 739 1989 794 eundum
2026 736 2129 791 Do-

566 846 741 897 mlnus
785 851 927 895 )urat
960 842 1240 895 mulierem
1275 837 1554 908 sanguinis
1584 832 1845 903 proﬂuvio
1878 832 2127 885 laboran-

564 943 690 988 tem.
722 934 1062 989 Fidelissima
1092 941 1211 987 erat
1242 932 1439 985 mulier
1471 931 1605 992 haec,
1640 943 1705 982 eo
1736 926 1874 995 quod
1905 940 1934 978 a
1967 921 2130 978 vesti-

564 1028 663 1080 bus
688 1026 971 1080 utilitatem
998 1039 1058 1079 se
1086 1025 1303 1093 assequi
1336 1023 1612 1085 credebat,
1645 1030 1699 1073 et
1735 1020 1937 1074 idcirco
1967 1016 2128 1070 etiam

562 1126 808 1172 sanatur.
860 1115 1131 1187 intelligas
1183 1125 1362 1169 autem
1417 1115 1529 1169 inec
1579 1114 1743 1167 etiam
1789 1111 1854 1165 de
1896 1108 2129 1163 humana

565 1214 751 1258 natura
776 1246 791 1271 ,
822 1220 940 1273 qua
971 1205 1253 1274 sanguinis
1297 1201 1557 1274 proﬂuvio
1596 1200 1895 1255 laborabat.
1935 1197 2130 1253 Scatu-

562 1295 736 1349 riebat
765 1298 908 1349 enim
944 1296 994 1349 in
1020 1312 1079 1350 ea
1114 1305 1415 1366 peccatum,
1448 1294 1592 1362 quod
1623 1308 1769 1348 mors
1798 1302 1882 1348 est
1910 1292 2129 1357 anima,

563 1395 618 1439 et
673 1387 990 1455 sanguinem
1049 1386 1241 1439 animat
1295 1395 1494 1438 nostra:
1543 1382 1791 1439 eﬂttndit.
1845 1384 1890 1438 Δ
1947 1382 2131 1438 multis

562 1488 740 1533 autem
777 1476 1034 1543 medicis,
1073 1478 1173 1531 boc
1207 1485 1292 1531 est
1332 1477 1660 1544 sapientibus
1730 1476 1889 1545 huius
1925 1477 2131 1541 mundi,

561 1569 655 1622 sed
680 1577 733 1621 et
757 1582 784 1619 a
817 1566 932 1636 lege
963 1576 1016 1621 et
1045 1581 1073 1620 a
1102 1567 1379 1636 prophetis
1412 1582 1517 1622 non
1554 1566 1723 1637 potuit
1759 1566 1960 1622 curari.
1992 1565 2136 1620 Teti-

562 1657 641 1725 git
669 1667 847 1714 autem
880 1666 1081 1713 vestem
1114 1658 1347 1724 Christi,
1380 1659 1479 1713 hoc
1515 1667 1600 1713 est
1657 1672 1875 1714 carnem
1906 1658 2046 1727 ejus,
2080 1666 2137 1712 et

563 1759 751 1804 sanata
782 1759 885 1805 est.
920 1751 1020 1819 Qui
1054 1751 1226 1806 credit
1255 1753 1400 1807 enim
1426 1767 1545 1807 esse
1566 1752 1905 1807 incarnatum
1945 1752 2132 1815 Deum,

564 1843 613 1897 is
640 1850 723 1897 est
761 1842 852 1912 qui
891 1844 1061 1911 tangit
1100 1844 1481 1898 vestimentum
1508 1844 1649 1913 eius.

2229 652 2348 688 στιν
2376 634 2733 688 ἐνδείκνυται.
2768 631 2918 685 Ἔδει
2951 631 3061 701 γὰρ
3092 631 3269 681 εἰπεῖν
3294 630 3396 693 ὅτι,
3450 627 3591 680 Eine
3648 625 3809 694 λόγῳ.

2242 726 2331 788 ὀς
2360 728 2417 778 ὲν
2442 726 2705 796 παρέργῳ
2732 723 2789 776 δὲ
2820 722 3203 793 ἀπερχομένου
3254 720 3350 773 τοῦ
3386 720 3619 790 Κυρίου,
3652 717 3811 785 θερα-

2231 817 2458 870 πεύεται
2489 817 2582 870 καὶ
2606 818 2639 885 ἡ
2670 814 3003 885 αῑμόρῥους’
3039 814 3338 881 πιστοτάτη
3378 812 3435 863 ὁὶ
3473 813 3507 879 ἡ
3538 808 3700 877 γυνὴ,
3732 808 3807 859 ὅτι

2230 909 2323 959 καὶ
2356 906 2464 960 ἀπὸ
2496 907 2602 959 τῶν
2634 906 2864 975 ἱματίων
2894 904 3145 972 ένόμισεν
3187 902 3536 972 ὠφεληθῆναι
3563 919 3577 931 ο
3607 902 3687 954 διδ
3720 900 3809 952 καὶ

2232 998 2490 1067 τυγχάνει
2541 998 2638 1065 τῆς
2676 994 2992 1065 θεραπείας.
3031 996 3264 1064 Νοήσεις
3310 994 3363 1045 ϐλ
3392 991 3566 1045 ταῦτα
3602 991 3699 1044 καὶ
3731 990 3810 1051 είς

2230 1091 2329 1160 τὴν
2358 1088 2707 1159 ἀνθρωπίνην
2729 1088 2912 1156 φύσιν,
2941 1088 3064 1157 ητις
3089 1086 3388 1155 αἱμόρρους
3417 1081 3506 1154 ἦν.
3529 1085 3811 1154 Ἐπήγαγε

2233 1183 2341 1253 γὰρ
2372 1183 2470 1252 τὴν
2514 1181 2808 1252 ἁμαρτίαν,
2850 1181 2972 1250 ητις
3012 1180 3171 1248 φόνος
3204 1178 3325 1230 ἐστὶ
3346 1177 3444 1246 τῆς
3481 1175 3686 1245 ψυχῆς.
3720 1176 3814 1227 καὶ

2234 1275 2295 1327 τὸ
2345 1270 2484 1344 αἷμα
2514 1273 2622 1328 τῶν
2671 1273 2861 1343 ψυχῶν
2903 1271 3058 1342 ἡμῶν
3094 1271 3299 1340 έκχέει.
3339 1270 3478 1323 Ὑπὸ
3512 1268 3729 1321 πολλῶν
3755 1265 3814 1318 δὶ

2238 1366 2463 1435 ἰατρῶν,
2507 1363 2616 1416 τῶν
2648 1362 2828 1431 σοφῶν
2857 1361 3003 1429 λέγω
3062 1360 3158 1414 τοῦ
3192 1360 3401 1425 κόσμου
3451 1358 3670 1417 τούτου,
3719 1356 3817 1407 atat

2240 1457 2347 1527 μὴν
2370 1458 2463 1508 καὶ
2494 1454 2594 1508 τοῦ
2621 1455 2786 1525 νόμου
2821 1453 2915 1506 καὶ
2942 1452 3053 1505 τῶν
3085 1450 3402 1522 προφητῶν,
3434 1450 3536 1503 οὐκ
3574 1446 3817 1517 ἠδυνήθη

2235 1549 2663 1619 θεραπευθῆναι.
2696 1549 2848 1615 Ἀμα
2871 1546 2927 1599 δὲ
2959 1546 3136 1616 ἥψατο
3157 1543 3265 1596 τῶν
3292 1542 3525 1612 ίματίων
3552 1540 3647 1593 τοῦ
3680 1541 3816 1609 Χρι-

2238 1641 2388 1705 στοῦ,
2419 1639 2667 1693 τουτέστι
2691 1641 2791 1709 τῆς
2820 1637 3024 1706 σαρκὸς
3052 1634 3243 1697 αὑτοῦ,
3289 1633 3383 1686 καὶ
3421 1632 3571 1700 ίάθη.
3618 1632 3677 1684 '0
3706 1632 3817 1700 γὰρ

2236 1733 2511 1787 πιστεύων
2566 1732 2649 1785 δτι
2687 1728 2977 1800 ισαρκώθη
3028 1728 3057 1779 6
3102 1725 3361 1798 Χριστὸς,
3416 1722 3573 1789 οὗτός
3610 1726 3762 1778 ιστιν
3788 1725 3819 1776 6

2239 1826 2518 1896 ἁψάμενος
2542 1823 2651 1877 τῶν
2681 1820 2913 1892 ἱματίων
2948 1818 3138 1873 αὑτοῦ.

644 1903 804 1983 νεεδ..
844 1903 1028 1985 δοιόί.
1070 1949 1088 1981 ι
1130 1930 1193 1985 Et
1218 1932 1395 1987 statim
1428 1903 1585 1988 Jesua
1621 1934 1673 1988 in
1705 1933 2001 2003 semetipso
2039 1948 2133 1989 co-

2313 1939 2332 1971 ι
2372 1919 2483 1971 Καὶ
2512 1916 2718 1979 εὐθέως
2766 1916 2794 1968 6
2864 1912 3071 1977 Ἰησοῦς
3116 1911 3371 1980 ῑπιγνοὺς
3412 1913 3470 1963 έν
3516 1908 3696 1979 ιαυτῷ

568 2034 833 2087 gnoscens
862 2023 1114 2076 virtutem
1152 2038 1216 2077 ex
1266 2038 1384 2077 sese
1414 2024 1701 2092 prodiisse,
1734 2039 2029 2079 conversus
2082 2026 2135 2079 in

568 2110 730 2167 turba
752 2111 966 2165 aiebat:
998 2111 1132 2177 Quis
1159 2112 1332 2180 tetigit
1354 2115 1674 2170 vestimenta
1703 2130 1818 2171 mea
1846 2117 1869 2169 l
1896 2116 1959 2170 Et
1992 2116 2141 2172 dice-

565 2197 697 2254 bant
753 2200 800 2253 ei
862 2200 1110 2270 discipuli
1168 2202 1375 2270 ipsius:
1430 2202 1591 2258 Vides
1643 2206 1853 2259 turbant
1906 2206 2142 2274 undique

566 2300 907 2362 prementem
951 2303 1023 2358 te,
1053 2304 1105 2347 et
1134 2293 1306 2348 dicis:
1340 2293 1475 2361 Quis
1506 2310 1592 2349 me
1636 2297 1856 2367 tetigit?
1905 2296 1970 2351 Et
2028 2297 2139 2351 cir-

568 2382 995 2451 eumspiciebat,
1054 2392 1112 2437 ut
1161 2384 1369 2438 videret
1420 2399 1538 2439 eam
1592 2399 1712 2453 qua
1763 2389 1863 2440 boc
1911 2387 2135 2442 fecerat.

570 2470 760 2529 Mulier
793 2490 918 2530 vero
954 2476 1150 2530 timens
1179 2492 1241 2531 ac
1271 2485 1529 2540 tremens,
1562 2479 1741 2533 sciens
1764 2479 1907 2546 quod
1934 2478 2135 2534 factum

569 2573 714 2619 esset
750 2564 801 2618 in
830 2581 909 2630 se,
943 2570 1089 2621 venit
1126 2576 1179 2621 et
1204 2568 1401 2623 accidit
1431 2569 1503 2635 ei,
1537 2568 1782 2640 dixitque
1824 2570 1872 2625 ei
1921 2585 2137 2626 omnem

570 2656 874 2711 veritatem.
923 2656 1014 2711 Ille
1060 2669 1238 2713 autem
1288 2658 1424 2714 dixit
1466 2661 1557 2716 ei:
1594 2661 1748 2726 Filia,
1802 2663 1935 2719 lides
1971 2675 2060 2719 tua
2090 2674 2141 2720 le

570 2747 842 2802 servavit:
880 2750 1014 2803 vade
1066 2764 1187 2803 cum
1239 2764 1390 2819 pace,
1436 2761 1492 2805 et
1545 2762 1660 2807 esto
1705 2768 1835 2808 sana
1877 2769 1903 2807 a
1933 2754 2141 2824 ﬂagello

577 2844 689 2890 tuo.
730 2854 749 2887 s
796 2836 1085 2907 Egreditur
1110 2839 1281 2893 virtus
1318 2854 1347 2893 a
1397 2838 1650 2907 Christo,
1694 2856 1798 2896 non
1849 2858 1879 2896 a
1920 2844 2036 2899 loco
2085 2845 2137 2901 in

575 2924 751 2981 locum
780 2928 1070 2995 transiens,
1117 2929 1213 2983 sed
1263 2944 1490 2985 manens
1523 2931 1744 2987 immota
1797 2933 1849 2986 in
1897 2932 2137 2997 Christo.

573 3020 1002 3074 communicatur
1032 3026 1086 3073 et
1120 3018 1240 3074 aliis
1263 3059 1277 3086 ,
1306 3021 1762 3089 quemadmodum
1798 3034 1853 3077 et
1880 3023 2141 3079 doctrina:

575 3122 602 3159 a
639 3106 956 3163 docentibus
982 3116 1129 3175 sunt,
1164 3118 1220 3164 et
1273 3110 1607 3166 discentibus
1654 3115 1957 3167 traduntur.
2008 3115 2141 3170 Vide

576 3208 753 3253 autem
796 3200 1066 3267 quomodo
1098 3202 1266 3255 turbte
1300 3203 1516 3271 quidem
1550 3206 1942 3274 comprimam,
1990 3217 2043 3261 et
2074 3222 2138 3263 ex
2168 3239 2210 3297 ε

576 3292 657 3345 eis
703 3290 879 3344 nullus
914 3290 1066 3345 illum
1100 3291 1372 3360 tetigerit:
1408 3305 1591 3349 contra
1625 3296 1711 3349 illa
1736 3312 1857 3367 qua:
1883 3314 1987 3353 non
2016 3313 2142 3368 pre-

578 3380 789 3449 mebat,
846 3381 995 3436 illum
1052 3384 1311 3451 tetigerit.
1376 3384 1683 3455 Mysterium
1731 3387 1817 3443 bic
1871 3389 2140 3459 quoddam

576 3474 834 3528 discimus
860 3515 874 3540 ,
933 3473 1076 3543 quod
1123 3475 1298 3529 nullus
1330 3492 1394 3531 ex
1432 3477 1512 3531 his
1538 3480 1629 3548 qui
1664 3480 1971 3534 turbulento
2014 3488 2145 3534 sunt

577 3566 757 3620 animo
782 3606 795 3630 ,
836 3566 1007 3635 tangit
1054 3565 1353 3629 Christum,
1402 3569 1495 3624 sed
1543 3569 1714 3623 solum
1753 3572 1945 3640 premit
1976 3586 2141 3626 eum:

578 3658 669 3727 qui
728 3668 908 3710 autem
944 3673 1047 3711 non
1103 3660 1404 3715 turbulente
1456 3673 1649 3730 premit
1708 3663 1919 3725 Jesunt,
1974 3678 2146 3731 neque

581 3751 796 3804 turbato
827 3760 907 3803 est
939 3736 1142 3813 animo.
1176 3750 1264 3806 ille
1297 3753 1635 3822 tangiteum.
1664 3754 1767 3809 Sed
1794 3755 2143 3823 quamobrem

582 3840 843 3894 Dominus
879 3840 1197 3909 manifestat;
1224 3843 1552 3898 mulierem?
1612 3844 1849 3898 Primum
1905 3845 2141 3913 quidem,

583 3944 642 3986 ut
678 3932 834 3987 iidem
868 3932 1113 3988 mulieris
1140 3932 1427 4003 gloriﬁcet,
1464 3934 1659 3991 deinde
1688 3944 1747 3991 ut
1797 3944 1852 3990 et
1900 3936 2146 4006 archisy-

584 4038 845 4093 nagogum
878 4024 1080 4079 animet
1106 4026 1250 4094 quod
1282 4034 1337 4080 et
1368 4026 1487 4095 ejus
1518 4026 1679 4083 tiliam
1710 4028 1781 4083 sit
1802 4036 2093 4082 sanaturus
2128 4045 2143 4094 ;

583 4118 649 4169 ad
691 4115 827 4180 bfec,
866 4124 925 4168 ut
968 4116 1247 4171 tnulierem
1292 4134 1320 4171 a
1370 4133 1564 4187 magno
1596 4127 1739 4173 metu
1796 4118 2012 4174 liberet.
2079 4119 2147 4173 Et

581 4209 724 4261 enim
759 4206 980 4260 timebat
1008 4208 1219 4273 mulier,
1268 4217 1457 4277 utpote
1492 4224 1612 4278 quae
1637 4210 1924 4265 sanitatem
1956 4210 2143 4265 furtim

583 4298 877 4352 abstulerat
902 4315 915 4352 :
950 4298 1147 4353 idcirco
1172 4310 1225 4353 et
1254 4299 1580 4369 evangelista
1612 4299 1777 4357 dicit:
1801 4299 2063 4357 Tremens
2092 4312 2147 4357 et

584 4390 777 4443 timens
818 4388 985 4441 venit.
1042 4389 1299 4445 Dominus
1346 4392 1525 4460 itaque
1571 4407 1673 4447 non
1709 4392 1876 4448 dicit:
1934 4393 2046 4463 Ego
2095 4401 2146 4447 te

580 4480 829 4536 servavi:
861 4483 976 4544 sed,
1002 4479 1165 4537 Fides
1210 4492 1317 4537 tua.
1372 4482 1605 4539 Proinde
1646 4484 1782 4539 vade
1822 4484 1878 4538 in
1932 4499 2141 4553 pacem,

2240 2012 2298 2076 ιε
2341 2010 2507 2063 αὑτοῦ
2552 2008 2783 2079 δύναμιν
2821 2005 3183 2069 ιεελθοῦσαν,
3226 2003 3587 2074 έπιστραφεὶς
3640 2004 3700 2055 ἐν
3742 2002 3819 2073 τῷ

2238 2103 2381 2174 ϐχλῳ
2415 2102 2589 2170 ῐλεγε·
2616 2100 2681 2155 Τί
2710 2117 2810 2171 μου
2839 2098 3018 2170 ἥψατο
3041 2098 3150 2150 τῶν
3186 2097 3456 2167 ίματίων;
3493 2097 3605 2149 Καὶ
3632 2095 3820 2163 ελεγον

2239 2195 2389 2266 αύτῷ
2417 2197 2465 2249 οι
2499 2194 2735 2265 μαθηταὶ
2775 2192 2962 2246 αὐτοῦ’
2996 2191 3225 2252 Βλέπεις
3270 2190 3363 2241 τὸν
3405 2188 3563 2258 ὄχλον
3601 2188 3820 2241 συνθλί-

2238 2287 2404 2341 ϐοντά
2443 2304 2525 2349 σε,
2561 2285 2657 2339 καὶ
2701 2284 2902 2352 λέγεις,
2933 2284 3029 2347 Τίς
3083 2300 3185 2352 μου
3235 2282 3447 2353 ἧψατος
3492 2281 3605 2334 Καὶ
3657 2295 3823 2349 περι-

2243 2382 2507 2435 εϐλέπετο
2532 2380 2658 2435 ῑδείν
2690 2378 2790 2449 τὴν
2812 2378 2971 2432 τοῦτο
2999 2377 3332 2446 ποιήσασαν.
3366 2375 3433 2428 Ἡ
3457 2374 3514 2428 δι
3544 2375 3687 2444 γυνὴ
3720 2391 3819 2443 φο-

2240 2473 2469 2543 ϐηθεῖσα
2510 2473 2607 2524 καὶ
2661 2470 2964 2542 τρέμουσα,
3001 2468 3175 2522 εἰδυῖα
3201 2468 3228 2521 6
3263 2468 3486 2536 γέγονεν
3532 2467 3621 2519 ἐπ’
3657 2467 3820 2535 αὐτῇ,

2239 2562 2371 2637 ἦλθε
2416 2565 2512 2619 καὶ
2547 2564 2885 2636 προσέπεσεν
2909 2560 3077 2633 αὐτῷ,
3107 2562 3199 2615 καὶ
3246 2555 3402 2613 εῐπεν
3446 2558 3598 2629 αὐτῷ
3639 2560 3823 2613 πᾶσαν

2240 2657 2340 2728 τὴν
2360 2656 2634 2726 ἀλήθειαν.
2675 2654 2735 2707 '0
2771 2654 2827 2707 δὲ
2857 2648 3010 2706 εἷπεν
3038 2653 3177 2720 αὐτῇ
3199 2667 3215 2683 ·
3256 2650 3530 2723 Θύγατερ,
3560 2652 3595 2720 ἠ
3636 2651 3825 2713 πίστις

2245 2763 2340 2799 σου
2371 2744 2578 2799 σέσωκέ
2601 2759 2684 2798 σε.
2712 2743 2929 2811 ’Υπαγε
2975 2741 3056 2805 είς
3088 2741 3336 2813 εἰρήνην,
3372 2741 3467 2795 καὶ
3498 2738 3611 2792 ῐσθι
3661 2738 3823 2808 ὑγιὴς

2242 2838 2353 2893 ἀπὸ
2400 2839 2500 2907 τῆς
2556 2834 2825 2905 μάστιγός
2868 2850 2985 2890 σου.
3027 2852 3047 2886 s
3092 2832 3409 2903 Ἐξέρχεται
3453 2831 3692 2901 δύναμις
3718 2831 3825 2884 ἀπὸ

2241 2930 2335 2985 τοῦ
2361 2926 2621 3001 Χριστοῦ,
2655 2928 2717 2981 ού
2767 2924 3009 2991 τοπικῶς
3044 2924 3466 2997 μεταϐαίνουσα,
3494 2922 3633 2977 ἀλλά
3686 2923 3824 2995 πρός

2241 3037 2301 3074 τε
2333 3021 2458 3083 τοὺς
2482 3018 2675 3081 ἄλλους
2691 3015 3056 3087 διαδιδομένη,
3078 3015 3175 3069 καὶ
3196 3016 3254 3069 ἐν
3274 3013 3353 3082 τῷ
3369 3012 3595 3087 Χριστῷ
3616 3013 3826 3083 ἀμείω-

2242 3128 2334 3173 τος
2363 3110 2621 3178 μένουσα·
2674 3106 2865 3176 ὥσπερ
2906 3108 3001 3159 καὶ
3034 3106 3357 3177 μαθήματα,
3388 3104 3485 3158 καὶ
3516 3105 3675 3169 παρὰ
3715 3106 3824 3167 τοῖς

2243 3201 2593 3255 διδάσκουσίν
2620 3202 2749 3266 sict,
2783 3200 2877 3253 καὶ
2905 3200 3017 3261 τοῖς
3055 3198 3385 3269 μανθάνουσι
3417 3197 3823 3268 παραδίδονται.

2246 3296 2390 3365 Ὀρα
2423 3295 2480 3347 δὲ
2512 3293 2629 3356 πῶς
2656 3294 2705 3346 οι
2740 3292 2839 3360 μιν
2874 3292 3023 3363 ϐχλοι
3062 3290 3397 3357 συνέθλιϐον,
3430 3291 3607 3355 οὐδεὶς
3639 3290 3699 3344 δὲ
3731 3292 3827 3345 αὑ-

2244 3386 2338 3438 τοῦ
2375 3386 2572 3456 ἥψατο.
2607 3385 2670 3438 Ἦ
2703 3384 2759 3437 δδ
2793 3383 2869 3456 μὴ
2909 3383 3167 3438 θλίϐουσα
3200 3383 3395 3447 αὐτὸν,
3432 3384 3618 3452 έκείνη
3647 3383 3827 3455 ἥψατο

2244 3477 2429 3531 αὑτοῦ.
2474 3477 2790 3547 Μυστήριον
2834 3476 2944 3548 γὰρ
3004 3473 3257 3529 ιντεῦθεν
3315 3474 3689 3546 μανθάνομεν,
3744 3477 3825 3529 ὅτι

2245 3569 2419 3633 οὐδεὶς
2452 3570 2561 3622 τῶν
2608 3569 2803 3639 ϐχλους
2842 3570 2937 3623 καὶ
2995 3567 3244 3639 ταραχὰς
3292 3569 3528 3638 ἑχόντων
3589 3568 3826 3623 ἅπτεται

2248 3660 2343 3713 τοῦ
2389 3660 2589 3731 Ἰησοῦ,
2623 3659 2759 3713 ἀλλά
2791 3661 2952 3730 μόνον
2999 3658 3173 3712 θλίϐει
3208 3658 3393 3713 αὐτόν.
3445 3659 3514 3713 Ei
3550 3677 3633 3724 τις
3662 3660 3723 3714 δι
3751 3661 3825 3730 μὴ

2248 3751 2429 3821 ὀχλοίη
2471 3751 2562 3805 τὸν
2600 3750 2831 3821 Ἰησοῦν,
2876 3750 3014 3822 μηδὲ
3044 3751 3137 3803 τὸν
3164 3752 3221 3803 ἑν
3252 3750 3429 3821 ἑαυτῷ
3454 3750 3614 3820 λόγον
3656 3769 3826 3824 ταρα-

2247 3844 2368 3913 χαῖς
2401 3843 2739 3914 περιϐάλλοι,
2784 3844 2998 3907 έκεῖνος
3056 3841 3299 3897 ἅπτεται
3337 3843 3525 3899 αὑτοῦ.
3567 3842 3729 3909 Τίνος
3771 3846 3826 3898 ιι

2246 3935 2433 3989 ῑνεκεν
2470 3938 2498 3988 6
2534 3936 2737 4006 Κύριος
2764 3938 2991 4007 φανεροί
3030 3936 3128 4007 τὴν
3154 3938 3423 4004 γυναῖκας
3466 3937 3696 4009 Πρῶτον
3730 3932 3847 4009 μὲν*

2248 4028 2334 4081 ινα
2364 4028 2464 4097 τὴν
2498 4026 2679 4080 πίστιν
2700 4028 2797 4097 τῆς
2823 4027 3082 4095 γυναικὸς
3115 4027 3315 4099 δοξάσῃ
3339 4043 3352 4057 ·
3378 4028 3715 4093 [mum-(va.
3738 4032 3826 4085 καὶ

2249 4119 2339 4171 τὴν
2363 4118 2815 4188 ἀρχισυνάγωγον
2846 4120 3270 4192 παραθαρρύνῃ,
3311 4122 3395 4175 ὅτι
3429 4122 3526 4174 καὶ
3567 4121 3631 4174 τὸ
3659 4122 3825 4175 αὑτοῦ

2251 4209 2543 4280 θυγάτριον
2591 4209 2735 4263 οὕτω
2787 4210 3092 4280 σωθήσεται
3122 4227 3135 4241 ·
3168 4215 3263 4265 κα)⁸
3292 4211 3430 4281 ἃμα,
3469 4212 3557 4266 ῐνα
3602 4213 3701 4267 καὶ
3729 4216 3827 4285 τὴν

2248 4304 2483 4368 γυναῖκα
2506 4301 2600 4355 τοῦ
2631 4301 2827 4356 πολλοῦ
2860 4302 3028 4372 φόϐου
3055 4303 3303 4376 ἀπολύσῃ
3333 4319 3346 4334 ·
3380 4306 3475 4358 καὶ
3503 4305 3613 4376 γὰρ
3639 4306 3826 4360 ἐδεδίει

2248 4391 2282 4459 ἡ
2316 4390 2477 4459 γυνὴ,
2528 4390 2603 4453 ὡς
2657 4389 2908 4459 κλέψασα
2934 4391 3035 4462 τὴν
3078 4390 3245 4443 ίασιν⁸
3290 4390 3369 4444 διὸ
3420 4394 3513 4446 καὶ
3540 4396 3569 4446 6
3598 4394 3827 4463 εύαγγε·

2249 4482 2436 4552 λιστὴς
2467 4480 2615 4550 λέγει
2646 4498 2660 4514 ο
2692 4482 2996 4552 Φοϐηθεῑσα
3016 4482 3073 4535 δὲ
3099 4483 3194 4535 καὶ
3227 4483 3510 4553 τρέμουσα
3542 4478 3731 4553 ἦλθεν,
3773 4485 3827 4539 '0

586 4571 685 4625 hoc
718 4582 799 4626 est
833 4573 884 4625 in
921 4573 1183 4642 requiem,
1224 4583 1282 4627 ut
1306 4574 1376 4627 sit
1406 4574 1521 4629 hac
1562 4575 1867 4631 sententia:
1916 4575 2041 4639 Abi,
2086 4586 2140 4631 et

2244 4575 2335 4629 οὖν
2362 4576 2566 4645 Κύριος
2592 4576 2653 4628 ού
2671 4575 2817 4643 λέγει
2839 4576 2943 4639 δτι,
2977 4575 3119 4643 Ἐγὼ
3147 4576 3363 4629 σέσωκά
3386 4592 3468 4640 σε,
3501 4576 3617 4630 ἀλλ’
3652 4579 3717 4630 Ἦ
3744 4577 3829 4631 πίε

588 4662 767 4727 quieta
794 4673 932 4726 esto,
970 4677 1087 4732 quae
1118 4665 1379 4720 hactenus
1408 4662 1558 4720 luisti
1590 4666 1644 4719 in
1680 4681 1911 4723 mcerore
1942 4674 1997 4723 et
2026 4682 2149 4737 per-

590 4755 916 4808 turbatione.

663 5020 829 5076 sts.
880 5023 1067 5078 3543.
1121 5041 1139 5077 ι
1192 5023 1383 5078 Adhuc
1433 5036 1498 5077 eo
1547 5020 1801 5091 loquente
1844 5018 2066 5075 veniunt
2120 5034 2151 5074 a

591 5114 833 5183 principe
870 5113 1165 5184 Synagoga:
1198 5115 1288 5183 qui
1333 5114 1612 5169 dicerent:
1644 5111 1775 5166 Filia
1820 5121 1906 5165 tua
1942 5120 2152 5165 mortua

588 5216 690 5273 est,
715 5207 843 5276 quid
871 5207 1009 5261 ultra
1038 5219 1199 5260 vexas
1223 5204 1577 5277 Magistrum?
1607 5204 1766 5274 193
1791 5202 1949 5259 Jesus
1972 5215 2152 5257 autem

592 5300 833 5367 protinus
868 5300 1051 5353 audito
1080 5313 1331 5353 sermone
1358 5298 1447 5365 qui
1478 5297 1779 5358 dicebatur,
1813 5297 1891 5350 ait
1918 5294 2150 5364 principi

592 5388 885 5460 Synagoga:
913 5408 927 5444 :
954 5389 1039 5467 bNe
1065 5392 1256 5446 timeas
1284 5408 1298 5445 :
1346 5392 1715 5446 tantummodo
1743 5393 1923 5446 crede.
1950 5389 2015 5443 Et
2048 5406 2151 5445 non

596 5482 839 5551 permisit
884 5492 942 5536 ut
972 5484 1255 5554 quisquam
1286 5499 1408 5538 eum
1442 5493 1759 5552 sequeretur
1801 5493 1999 5555 prteter
2053 5482 2155 5538 Pe-

598 5580 736 5628 trum
769 5582 822 5626 et
862 5571 1116 5628 Jacnbum
1160 5584 1215 5630 et
1254 5574 1514 5629 Joannem
1564 5574 1781 5629 fratrem
1834 5576 2043 5631 Jacobi.
2093 5576 2155 5629 Et

597 5665 745 5718 venit
786 5664 839 5717 in
878 5667 1088 5719 domum
1121 5667 1379 5736 principis
1414 5666 1731 5737 Synagoga,
1774 5668 2027 5735 videtque
2069 5682 2156 5721 tu-

600 5755 823 5810 multum
853 5771 908 5813 et
939 5756 1129 5815 ﬂentes
1149 5771 1203 5814 et
1228 5758 1498 5829 eiulantes
1522 5760 1769 5822 multum,
1797 5770 1853 5815 et
1876 5762 2157 5830 ingressus

600 5843 676 5900 ait
703 5847 806 5905 illis
832 5867 845 5905 :
868 5849 1011 5918 Quid
1044 5853 1439 5909 tumultuamini
1462 5862 1514 5907 ct
1541 5851 1808 5921 ploratis?
1837 5852 2013 5915 puclla
2044 5866 2151 5907 non

2252 4684 2369 4730 στις
2407 4683 2523 4721 σου.
2551 4668 2794 4739 Πορεύου
2823 4667 3004 4721 τοίνυν
3030 4671 3109 4732 είς
3132 4669 3381 4739 εἰρήνην,
3412 4670 3720 4736 τουτέστιν,
3752 4672 3828 4735 είς

2252 4757 2594 4812 ἀνάπαυσιν·
2647 4759 2790 4812 ὥστε
2856 4752 2998 4814 εἶναι
3069 4759 3129 4813 τὸ
3201 4760 3495 4830 λεγόμενον
3551 4761 3819 4817 τοιοῦτονο

2256 4848 2513 4913 ’Δπιλθε,
2547 4849 2853 4912 ἀναπαύου,
2898 4850 2973 4914 ὡς
3017 4850 3145 4918 τόγε
3175 4850 3342 4923 μέχρι
3371 4851 3467 4905 τοῦ
3504 4852 3623 4919 νῦν,
3658 4856 3717 4908 έν
3743 4854 3833 4908 λύ-

2252 4956 2385 5002 παις
2411 4936 2655 5010 ὑπ-’ἧρχες
2683 4939 2778 4991 καὶ
2809 4940 3098 5010 ταραχαῖς.

2329 5049 2348 5081 t
2387 5028 2508 5083 Ἐτι
2555 5029 2721 5083 αὑτοῦ
2766 5030 3086 5095 λαλοῦντος,
3123 5030 3376 5102 ἔρχονται
3405 5031 3516 5086 ἀπὺ
3543 5033 3638 5088 τοῦ
3677 5036 3832 5107 ἁρχι-

2256 5118 2594 5187 συναγώγου,
2634 5118 2884 5187 λέγοντες
2908 5120 3012 5180 ὅτι,
3056 5118 3125 5172 Ἢ
3164 5120 3415 5191 θυγάτηρ
3438 5138 3535 5175 σου
3564 5124 3830 5189 ἀπέθανε,

2254 5213 2305 5263 τί
2332 5210 2412 5262 ἔτι
2438 5209 2687 5272 σκύλλεις
2727 5209 2821 5263 τδν
2865 5210 3236 5278 Διδάσκαλονς
3291 5212 3350 5265 Ὀ
3401 5212 3458 5266 δὲ
3499 5213 3711 5284 Ἰησοῦς
3754 5215 3833 5268 εύ-

2256 5304 2391 5366 θέως
2421 5302 2659 5364 ἀκούσας
2699 5303 2793 5357 τὸν
2822 5302 2980 5371 λόγον
3039 5304 3393 5375 λαλούμενον,
3430 5305 3584 5374 λέγει
3623 5307 3705 5377 τῷ
3730 5309 3831 5379 ἁρ-

2256 5392 2632 5462 χισυναγώγῳο
2694 5393 2784 5461 Μὴ
2830 5392 3018 5461 φοϐοῦ,
3076 5394 3236 5464 μόνον
3262 5397 3513 5450 πίστευε.
3566 5398 3681 5451 Καὶ
3734 5397 3837 5451 οὑι

2257 5486 2467 5556 ἀφῆκεν
2506 5486 2696 5538 οὐδένα
2720 5486 2867 5555 αὐτῷ
2910 5488 3410 5559 συνακολουθῆσαι,
3441 5492 3491 5542 εί
3518 5488 3595 5561 μὴ
3624 5490 3831 5560 Πέτρον

2260 5579 2352 5629 καὶ
2405 5575 2663 5629 Ἰάκωϐον
2704 5578 2800 5631 καὶ
2850 5578 3107 5648 Ἰωάννην
3150 5581 3244 5633 τὸν
3288 5580 3517 5650 ἀδελφὸν
3545 5581 3835 5635 Ἰακώϐου.

2260 5668 2370 5719 Καὶ
2403 5666 2619 5736 ῐργεται
2670 5668 2751 5731 είς
2782 5669 2872 5722 τὸν
2922 5664 3071 5724 οἷκον
3097 5670 3191 5724 τοῦ
3235 5674 3711 5745 ἀρχισυναγώγου,
3741 5674 3832 5726 καὶ

2260 5757 2453 5826 θεωρεῖ
2493 5757 2745 5829 θόρυϐον,
2791 5760 3081 5825 κλαίοντας
3112 5762 3207 5817 καὶ
3236 5761 3610 5827 ἀλαλάζοντας
3641 5763 3828 5824 ποηὰ.

2264 5850 2357 5905 καὶ
2414 5850 2712 5915 εἰσελθὼν,
2768 5853 2915 5925 λέγει
2965 5854 3183 5917 αὐτοῖς·
3234 5854 3299 5906 Ti
3360 5853 3681 5925 θορυϐςῦθε
3741 5854 3832 5909 καὶ
