4028 6604
294 512 402 577 545

1008 505 1453 568 ENARRATIO
1493 504 1578 567 IN
1617 504 2124 570 EVANGELIUM
2162 504 2431 570 MARCI.
2462 530 2536 546 ·-
2568 505 2727 568 CAP.
2773 508 2869 571 Vl.

3478 522 3579 583 ωδ

294 630 515 687 κλαίετε
542 644 557 693 ς
587 628 650 682 τὸ
692 624 910 680 παιδίον
937 624 1037 677 οὐκ
1078 622 1381 686 ἀπέθανεν,
1416 623 1555 678 ἀλλά
1603 620 1872 679 καθεύδει.

1990 630 2073 678 est
2106 630 2356 687 mortua,
2408 622 2504 678 sed
2537 622 2758 678 dormit.
2814 620 2880 676 Et
2904 620 3204 678 irridebant
3253 640 3398 681 eum.
3458 627 3581 699 ipse

301 723 417 777 Kal
450 719 761 784 κατεγέλων
789 714 1057 769 αύτοῦ.⁹υ
1103 716 1182 782 δὲ,
1215 714 1464 769 ἐκϐαλὼν
1504 714 1739 780 πάντας,
1771 731 1879 768 πα-

302 810 645 884 ραλαμϐάνει
675 808 768 861 τὸν
789 810 1006 878 πατέρα
1035 806 1131 860 τοῦ
1162 806 1374 859 παιδίου
1401 808 1494 859 καὶ
1517 806 1617 878 τὴν
1642 806 1878 878 μητέρα,

298 907 396 959 καὶ
427 906 551 965 τοὺς
589 900 708 971 μετ’
744 900 935 966 αὑτοῦ,
970 900 1067 953 καὶ
1116 897 1504 968 εἰσπορεύεται
1539 900 1672 953 ὅπου
1718 893 1789 970 ἦν
1820 897 1882 951 τὸ

300 997 516 1053 παιδίον
547 996 930 1065 ἀνακείμενον,
959 994 1051 1047 καὶ
1104 994 1390 1065 κρατήσας
1432 992 1531 1062 τῆς
1562 994 1746 1065 χειρὸς
1783 992 1879 1047 τοῦ

299 1092 538 1150 παιδίου,
575 1090 723 1157 λέγει
754 1089 913 1157 αὐτῇ·
948 1085 1158 1140 Ταλιθά
1208 1086 1398 1155 κοῦμι,
1451 1086 1479 1139 ὃ
1529 1087 1644 1139 ἐστι
1683 1086 1882 1156 μεθερ-

301 1183 692 1257 μηνευόμενον·
728 1181 800 1233 Τὸ
843 1181 1122 1250 κοράσιον,
1161 1180 1244 1232 σοὶ
1287 1178 1466 1247 λέγω,
1499 1179 1733 1248 ἔγειραι.
1769 1180 1880 1234 Καὶ

300 1275 506 1337 εὐθέως
568 1272 767 1341 ἀνέστη
819 1270 879 1324 τὸ
928 1271 1350 1342 κοράσιον,καὶ
1410 1272 1734 1341 περιεπάτει
1787 1266 1878 1341 (ἦν

295 1369 410 1434 γὰρ
436 1366 571 1417 ἐτῶν
600 1363 862 1433 δώδεκα),
894 1364 988 1415 καὶ
1015 1361 1314 1432 ἐξέστησαν
1350 1364 1608 1418 ἐκστάσει
1641 1364 1875 1436 μεγάλῃ,

296 1460 395 1511 καὶ
421 1454 753 1509 διεστείλατο
783 1455 969 1515 αὐτοῖς
1010 1452 1183 1505 πολλὰ
1216 1453 1302 1505 ἴνα
1337 1452 1527 1522 μηδεὶς
1557 1452 1671 1521 γνῷ
1698 1450 1875 1517 τοῦτο,

298 1549 395 1600 καὶ
446 1542 571 1597 εἷπε
614 1544 834 1613 δοθῆναι
876 1544 1015 1613 αὐτῇ
1060 1546 1283 1609 φαγεῖν.
1317 1561 1335 1596 s
1376 1544 1439 1595 Ol
1481 1543 1573 1595 τοῦ
1622 1547 1880 1612 ἀρχισυνς

296 1638 543 1707 αγὼγου,
576 1636 888 1705 νομίζοντες
943 1635 1039 1687 ἕνα
1086 1635 1197 1687 τῶν
1246 1633 1588 1687 διδασκάλων
1616 1630 1754 1687 εἶναι
1786 1633 1878 1686 τὸν

294 1732 557 1801 Χριστὸν,
609 1730 696 1781 διὰ
726 1728 883 1780 τοῦτο
916 1726 1263 1797 παρεκάλουν
1305 1727 1392 1780 ἳνα
1439 1725 1610 1781 ιλθὼν
1640 1725 1878 1795 προσεύ-

296 1826 461 1896 ξηται
507 1824 597 1877 ἐπὶ
642 1822 723 1892 τῷ
800 1822 1074 1893 κορασίῳλσ
1114 1820 1302 1875 λοιπὸν
1352 1821 1543 1890 ἂπειδὴ
1584 1820 1877 1886 ἀπέθανεν,

292 1922 562 1992 ἐνόμισαν
610 1917 811 1988 μηκέτι
847 1914 1015 1971 αὑτοῦ
1046 1916 1235 1986 χρείαν
1268 1910 1429 1977 εἷναι,
1462 1913 1549 1967 διὰ
1592 1914 1653 1967 τὸ
1682 1913 1877 1983 τεθνη-

1988 731 2117 772 vero
2150 716 2343 785 ejee'tis
2382 715 2635 772 omnibus
2685 715 2915 772 assumit
2963 724 3175 787 patrem
3235 727 3293 772 et
3346 726 3574 775 matrem

1983 808 2215 879 puellae,
2267 819 2321 863 et
2357 823 2451 863 eos
2494 808 2588 877 qui
2640 822 2765 861 cum
2811 807 2930 878 ipso
2973 819 3151 874 erant,
3180 820 3235 865 et
3276 811 3580 881 ingreditur

1982 918 2048 957 eo
2079 902 2167 957 ubi
2202 901 2382 972 puella
2412 902 2654 972 jac‘ebat,
2692 911 2743 955 et
2782 896 3119 971 apprehensa
3168 902 3330 959 manu
3363 904 3574 975 puellae,

1983 997 2059 1050 ait
2079 994 2196 1050 illi:
2223 992 2612 1060 Talithacumi,
2642 986 2793 1063 quod
2810 1005 2894 1050 est
2916 996 2961 1051 si
2987 998 3110 1066 quis
3141 997 3533 1065 interpretetur
3558 1018 3574 1055 :

1983 1085 2168 1142 Puella
2208 1127 2221 1152 ,
2279 1086 2376 1140 tibi
2431 1086 2594 1149 dico,
2632 1101 2815 1157 surge.
2871 1085 2937 1140 Et
2990 1086 3286 1142 confestim
3335 1091 3578 1147 surrexit

1985 1180 2182 1251 puella,
2211 1187 2266 1234 et
2287 1179 2598 1233 ambulabat
2618 1178 2758 1249 (erat
2784 1179 2929 1235 enim
2948 1195 3217 1236 annorum
3243 1182 3573 1256 duodecim),

1983 1284 2035 1328 et
2082 1276 2484 1343 obstupuerunt
2538 1280 2762 1339 stupore
2796 1274 3019 1342 magno.
3070 1272 3135 1327 Et
3171 1277 3429 1345 prtecepit
3469 1276 3575 1331 illis

1982 1358 2337 1420 vehementer
2394 1380 2460 1419 ne
2497 1364 2785 1433 quisquam
2843 1364 2897 1419 id
2949 1366 3112 1420 sciret
3140 1407 3154 1431 ,
3188 1376 3243 1421 et
3292 1362 3475 1435 jussit
3516 1378 3576 1424 ut

1981 1456 2203 1511 daretur
2254 1456 2329 1511 illi
2389 1457 2533 1526 quod
2589 1458 2800 1512 ederet.
2849 1476 2867 1509 ο
2931 1455 3255 1514 Familiares
3312 1462 3576 1531 principis

1984 1550 2285 1621 Synagogte
2315 1550 2730 1605 arbitrabantur
2764 1549 3045 1605 Christum
3078 1565 3200 1607 esse
3231 1568 3295 1606 ex
3339 1552 3578 1609 dor-tori;

1980 1642 2422 1711 busquetndam,
2466 1650 2751 1715 propterea
2785 1642 3154 1698 obsecrabant
3183 1655 3241 1698 ut
3273 1647 3481 1703 veniret
3522 1656 3578 1702 et

1978 1744 2165 1791 oraret
2219 1748 2385 1804 super
2434 1735 2707 1803 puellam:
2751 1744 2807 1790 et
2845 1736 2971 1805 quia
3019 1734 3134 1804 jam
3168 1730 3379 1793 mortua
3431 1734 3573 1807 erat,

1980 1836 2311 1897 putaverunt
2349 1826 2490 1880 ultra
2525 1826 2645 1897 ipso
2678 1842 2783 1883 non
2804 1824 2953 1898 'opus
2985 1844 3125 1895 esse,
3156 1846 3222 1886 eo
3253 1832 3395 1901 quod
3430 1824 3577 1890 mor-

1984 1928 2073 1975 tua
2101 1928 2266 1974 esset.
2296 1917 2406 1974 Sed
2444 1919 2536 1973 ille
2562 1927 2769 1988 patrem
2805 1923 3034 1989 animat,
3060 1934 3112 1977 et
3138 1924 3315 1993 inquit
3343 1944 3357 1982 :
3385 1925 3573 1982 Solum

292 2012 453 2065 κέναι
483 2009 674 2078 αὑτήν.
729 2006 871 2059 Ἀλλ’
917 2007 1128 2069 ἐκεῖνος
1181 2003 1443 2076 θαρῤύνει
1482 2003 1587 2068 ,τὸν
1641 2004 1872 2073 πατέρα,

1982 2009 2165 2065 crede.
2203 2008 2318 2063 Non
2355 2012 2622 2079 permittit
2653 2023 2835 2066 autem
2861 2012 3026 2066 ullum
3053 2014 3219 2068 alium
3252 2027 3375 2070 esse
3405 2018 3577 2073 conti-

292 2103 414 2166 καὶ,
449 2101 624 2154 Μόνον
650 2099 899 2164 πίστευε,
951 2098 1136 2167 φησίν.
1164 2097 1277 2151 Οὐκ
1333 2098 1528 2168 ἀφίησι
1581 2096 1639 2151 δί
1687 2096 1877 2150 οὐδένα

290 2195 485 2261 ἕτερον
517 2189 1004 2259 συνακολουθῆσαι.
1039 2192 1088 2242 εί
1124 2190 1211 2280 μη
1248 2190 1373 2253 τοὺς
1413 2190 1565 2259 τρεῖς
1604 2186 1874 2258 μαθητάς.

290 2286 370 2338 Ού
404 2285 513 2355 γάρ
552 2285 615 2354 δὴ
663 2285 690 2336 ὁ
734 2285 991 2346 ταπεινὸς
1030 2279 1234 2353 Ἰησοῦς
1273 2280 1416 2334 θέλει
1455 2280 1591 2351 πρὸς
1620 2279 1876 2344 ιπίδειξίν

286 2394 344 2431 τι
397 2381 593 2431 ποιεῖν.
644 2378 912 2445 Λέγοντος
966 2376 1023 2429 δὶ
1055 2374 1250 2436 αὐτοῦ,
1293 2374 1376 2429 ὅτι
1422 2374 1523 2426 οὐκ
1548 2373 1789 2427 ἀπέθανε
1817 2372 1877 2425 τὸ

290 2470 575 2538 κοράσιον,
628 2468 766 2522 ἀλλά
822 2466 1101 2531 καθεύδει,
1136 2464 1539 2532 καταγελῶσιν,
1579 2464 1654 2527 ὡς
1697 2465 1763 2517 ἂν
1802 2462 1877 2533 μὴ

288 2562 493 2633 ἔχωσιν
549 2561 776 2631 ὕστερον
835 2560 1013 2627 λέγειν
1074 2559 1155 2611 ὅτι
1218 2559 1449 2627 κάτοχος
1496 2556 1734 2625 ἐγένετο,
1783 2556 1875 2609 καὶ

286 2652 451 2706 οὐδὲν
498 2652 813 2722 θαυμαστὸν
846 2653 895 2704 εί
952 2650 1257 2720 ἀνέστησεν
1298 2650 1494 2717 αὐτὴν,
1543 2647 1660 2701 ἀλλ’
1720 2647 1877 2701 αὐτοὶ

294 2744 511 2797 ἑαυτῶν
544 2741 1101 2813 καταμαρτυροῦντες
1138 2740 1496 2810 ἐλέγχωνται,
1554 2738 1629 2801 ὡς
1659 2736 1876 2807 ἀληθῶς

284 2834 619 2902 τεθνηκυῖαν
645 2836 964 2905 ἀνέστησεν,
985 2835 1119 2888 ὅπου
1152 2850 1215 2902 γε
1249 2832 1345 2886 καὶ
1366 2830 1682 2899 κατεγέλων
1705 2827 1873 2883 αὑτοῦ

285 2926 566 2995 λέγοντος,
611 2926 693 2979 ὅτι
738 2926 838 2979 οὐκ
887 2925 1146 2979 ἀπέθανε.
1194 2925 1404 2994 Κρατεῖ
1443 2922 1501 2974 δὲ
1537 2922 1639 2992 τῆς
1666 2918 1872 2992 χειρὸς,

289 3019 384 3073 ἵνα
414 3019 542 3091 ινθῇ
571 3018 746 3094 ταύτῃ
777 3018 1031 3090 δύναμιν.
1069 3016 1181 3071 Kal
1212 3016 1433 3070 δίδωσιν
1472 3014 1614 3086 αὐτῇ
1646 3016 1873 3084 φαγεῖν,

286 3113 443 3166 ὠσὰν
467 3113 812 3182 πιστώσηται
845 3114 945 3183 τὴν
978 3111 1299 3179 ἀνάστασιν,
1322 3110 1405 3165 ὅτι
1429 3109 1649 3182 ἀληθῶς
1678 3108 1775 3165 καὶ
1809 3107 1873 3165 οὐ

285 3204 437 3261 κατά
472 3204 776 3274 φαντασίαν
804 3204 1057 3273 γέγονεν.

892 3317 1143 3371 ΚΕΦΛΑ.
1181 3319 1273 3385 (τι.

282 3433 431 3503 Περὶ
456 3432 557 3500 τῆς
579 3432 696 3490 τῶν
720 3432 1080 3503 ἀποστόλων
1095 3431 1570 3503 διαταγῆςηηερί
1588 3428 1875 3503 Ἰωάννου

360 3500 463 3557 καὶ
500 3504 771 3572 Ἡρώδου.
824 3505 963 3571 Περὶ
1002 3502 1120 3556 τῶν
1161 3505 1342 3555 πέντε
1387 3500 1585 3568 ἀρτων
1624 3500 1873 3572 καὶτῶν

358 3574 470 3629 δύο
513 3570 755 3644 ἰχθύων.
808 3570 948 3642 Περὶ
978 3573 1082 3627 τοῦ
1112 3573 1181 3626 ἐν
1214 3572 1499 3639 θαλάσσῃ
1524 3570 1869 3640 περιπάτου.

364 3685 474 3738 Καὶ
496 3683 718 3754 ἐξῆλθεν
750 3683 984 3748 ἐκεῖθεν,
1019 3684 1112 3737 καὶ
1148 3678 1313 3753 ἦλθεν
1362 3682 1448 3743 είς
1488 3682 1588 3751 τὴν
1640 3682 1875 3753 πατρίδα

282 3773 485 3837 αὑτοῦ,
518 3773 614 3826 xal
641 3772 1033 3827 ἀκολουθοῦσιν
1074 3771 1224 3841 αὑτῷ
1274 3771 1326 3824 οι
1390 3771 1635 3843 μαθηταὶ
1681 3771 1871 3826 αυτοῦ.

280 3864 402 3918 Καὶ
452 3862 747 3932 γενομένου
799 3861 1104 3920 Σαδϐάτου,
1140 3861 1342 3932 ῆρξατο
1372 3862 1431 3913 ἐν
1475 3865 1539 3931 τῇ
1569 3862 1870 3933 Συναγωγῇ

280 3952 583 4018 διδάσκειν,
615 3954 711 4010 καὶ
759 3953 949 4006 πολλοὶ
998 3952 1299 4015 ἀκούοντες
1320 3951 1740 4021 ἐξεπλήσσοντο,
1778 3954 1870 4007 λέο

278 4062 499 4115 γοντες·
530 4045 702 4099 Πόθεν
732 4044 908 4117 τούτῳ
948 4045 1158 4111 ταῦτα;
1190 4046 1287 4099 καὶ
1316 4052 1401 4108 τίς
1434 4048 1467 4116 ἡ
1508 4046 1676 4115 σοφία
1710 4046 1744 4117 η
1775 4047 1870 4099 δο-

281 4137 446 4191 θεῖσα
475 4136 645 4204 αύτῷ,
676 4136 761 4189 δτι
788 4136 884 4188 καὶ
921 4133 1185 4204 δυνάμεις
1220 4132 1473 4187 τοιαῦται
1507 4132 1597 4186 διὰ
1624 4132 1734 4186 τῶν
1760 4149 1872 4202 χει·

280 4229 403 4303 ρῶν
436 4228 603 4283 αὐτοῦ
636 4227 882 4297 γίνονται
914 4243 928 4293 ;
964 4228 1076 4296 Οὐχ
1112 4219 1268 4289 οὗτός
1308 4226 1458 4279 ἐστιν
1500 4225 1531 4278 ὸ
1581 4225 1814 4291 τέκτων,
1841 4224 1871 4277 δ

277 4324 405 4387 υίὸς
436 4322 679 4395 Μαρίας,
733 4320 963 4390 ἀδελφὸς
1013 4320 1070 4373 δὲ
1117 4318 1401 4383 Ἰακώϐου,
1432 4323 1526 4372 καὶ
1565 4318 1870 4388 ἰωσῆ,καὶ

290 4412 473 4469 Ἰούδα
501 4454 516 4479 ,
571 4412 667 4465 καὶ
710 4411 987 4483 Σίμωνος;
1032 4412 1140 4464 Kal
1198 4410 1299 4463 οὐκ
1345 4410 1482 4464 εἰσὶν
1520 4408 1581 4463 al
1639 4408 1871 4479 ἀδελφαὶ

279 4504 454 4561 αὑτοῦ
479 4499 580 4557 ὧδε
607 4501 743 4573 πρὸς
764 4504 911 4574 ἡμᾶς
933 4520 948 4570 ;
969 4502 1078 4557 Kal
1104 4504 1112 4527 ⁷
1146 4500 1549 4564 ῑκανδαλίζοντο
1575 4502 1633 4553 ὲν
1662 4500 1863 4570 αὐτῷ.»

291 4597 603 4653 Ἐπισαίνει
652 4598 751 4666 τῆς
788 4595 1069 4666 πατρίδος,
1096 4628 1101 4634 ι
1134 4598 1193 4647 ᾷκ
1222 4594 1433 4662 ἀγνοῶν
1462 4594 1545 4646 ὅτι
1589 4609 1868 4661 καταφρο-

1984 2111 2116 2167 tem,
2178 2116 2340 2173 quam
2404 2110 2514 2156 tres
2570 2102 2891 2173 discipulos.
2958 2102 3143 2171 Neque
3204 2109 3348 2161 enim
3415 2108 3576 2166 Jesus

1980 2192 2205 2247 humilis
2267 2193 2336 2247 ad
2394 2193 2818 2248 ostentationem
2877 2194 3156 2262 quidpiam
3208 2196 3322 2251 vult
3373 2197 3573 2256 iacere.

1980 2284 2207 2341 Dicente
2236 2272 2420 2338 autem
2467 2298 2556 2349 eo,
2584 2280 2703 2337 Non
2733 2294 2948 2339 mortua
2978 2292 3061 2338 est
3092 2286 3289 2355 puella,
3321 2290 3417 2345 sed
3444 2291 3573 2343 dor-

1981 2378 2119 2443 mit,
2170 2376 2460 2431 derident:
2522 2390 2592 2430 ne
2637 2376 2857 2449 possint_
2893 2386 3080 2445 postea
3122 2378 3306 2433 dicere
3335 2381 3477 2449 quod
3519 2384 3571 2435 in

1980 2482 2208 2523 excessu
2244 2470 2445 2523 mentis
2473 2478 2724 2536 correpta
2758 2443 2942 2531 iue'rit,
2982 2478 3036 2522 et
3064 2484 3170 2523 nou
3213 2468 3379 2525 fuerit
3402 2472 3573 2527 mira-

1981 2558 2163 2613 culum
2189 2572 2309 2612 eam
2340 2558 2651 2614 suscitare:
2681 2558 2777 2613 se‘d
2804 2559 2905 2628 ipsi
2932 2568 3118 2614 contra
3150 2562 3359 2630 scipsos
3384 2566 3570 2618 testari

1982 2652 2423 2717 convincuntur,
2474 2650 2617 2721 quod
2649 2664 2776 2706 rere
2835 2662 3105 2706 mortuam
3181 2654 3569 2713 suscitaverit:

1982 2742 2426 2812 quandoquidem
2463 2741 2916 2798 deriserinteum
2974 2743 3118 2813 quod
3165 2746 3375 2800 diceret
3422 2747 3571 2803 illam

1983 2847 2089 2887 nou
2121 2843 2415 2897 mortuam,
2446 2834 2541 2887 sed
2565 2832 2824 2888 dormire.
2844 2830 3064 2887 Manum
3093 2848 3224 2889 vero
3256 2836 3569 2905 apprehen-

1982 2925 2082 2991 dit,
2121 2936 2177 2979 ut
2215 2924 2468 2979 virtutem
2524 2924 2575 2979 ei
2623 2925 2885 2993 imponat.
2918 2924 2987 2978 Et
3027 2924 3183 2994 jubet
3230 2938 3287 2981 ut
3330 2927 3493 2984 detur
3522 2931 3571 2984 ei

1982 3016 2124 3086 quod
2181 3018 2457 3080 comedat,
2508 3031 2615 3085 quo
2678 3017 2883 3073 certius
2930 3018 3189 3075 credatur
3237 3023 3573 3079 resurrectio

1982 3123 2111 3167 vero
2139 3118 2192 3164 et
2224 3124 2331 3165 non
2356 3115 2684 3181 apparenter
2716 3119 2926 3165 tantum
2964 3110 3132 3167 facta.

2592 3310 2824 3369 CAPUT
2872 3312 2957 3369 Vl.

1979 3431 2056 3487 De
2112 3429 2299 3484 ordine
2337 3428 2726 3500 apostolorum.
2771 3424 2846 3500 De
2880 3424 3089 3500 Joanne
3134 3438 3181 3482 et
3215 3428 3442 3500 Herode.
3498 3430 3572 3485 De

2047 3502 2275 3584 quinque
2316 3495 2541 3563 partibus
2576 3508 2625 3551 et
2677 3495 2883 3549 duabus
2910 3496 3165 3564 piscibus.
3210 3497 3286 3552 De
3327 3502 3573 3555 ambula.

2051 3582 2190 3624 stone
2216 3586 2378 3638 supra
2405 3584 2572 3623 mare.

2048 3688 2215 3744 Vsus.
2248 3688 2368 3742 l-3.
2406 3704 2423 3738 ι
2462 3686 2529 3741 Et
2573 3700 2829 3757 egressus
2876 3695 2961 3742 est
2992 3685 3161 3752 illinc,
3213 3686 3470 3757 venitque
3515 3690 3574 3746 in

1976 3782 2207 3853 patriam
2252 3780 2417 3835 suam
2447 3818 2462 3843 ,
2515 3788 2570 3834 et
2628 3790 2931 3848 sequuntur
2981 3794 3107 3834 eum
3159 3778 3415 3849 discipuli
3462 3782 3568 3839 sui.

1975 3874 2222 3941 Cumque
2256 3872 2477 3926 adesset
2529 3868 2866 3934 Sabbatum,
2926 3871 3094 3940 cmpit
3156 3872 3210 3925 in
3282 3870 3571 3944 Synagoga

1976 3966 2193 4035 docere,
2228 3962 2500 4034 multique
2526 3962 2816 4017 audientes
2848 3962 3253 4031 obstupuerunt
3283 3960 3527 4020 dicentes
3553 3983 3569 4019 :

1976 4058 2131 4115 Unde
2162 4057 2287 4111 huic
2328 4059 2442 4111 haec
2463 4055 2485 4110 i
2510 4064 2563 4110 et
2592 4069 2714 4126 qua:
2743 4063 2830 4110 est
2874 4054 3297 4125 sapientiaque:
3328 4058 3451 4111 data
3487 4067 3573 4113 est

1974 4150 2075 4216 illi,
2112 4150 2241 4219 quia
2292 4157 2347 4203 et
2378 4149 2611 4203 virtutes
2638 4148 2778 4202 tales
2809 4161 2908 4217 per
2943 4162 3138 4203 manus
3170 4150 3291 4219 ejus
3323 4137 3570 4205 cincinn-

1977 4241 2107 4298 tur?
2141 4241 2332 4297 Nonne
2356 4241 2445 4295 hic
2474 4250 2558 4295 est
2591 4240 2749 4295 faber
2783 4239 2873 4295 ille
2894 4281 2909 4307 ,
2952 4239 3099 4295 lilius
3142 4239 3347 4307 Maria,
3400 4241 3571 4297 frater

1971 4336 2186 4402 Jacobi,
2236 4342 2292 4389 et
2340 4333 2490 4400 Jose,
2540 4342 2594 4388 et
2637 4330 2801 4395 Juda.
2857 4340 2912 4387 et
2958 4333 3241 4388 Simonis?
3292 4332 3481 4390 Nonne
3514 4343 3571 4390 et

1972 4440 2193 4485 sorores
2224 4424 2342 4496 ejus
2372 4424 2460 4481 hic
2508 4423 2796 4479 nobiscum
2840 4422 3017 4481 sunt?
3050 4422 3115 4479 Et
3150 4421 3571 4479 olfendebantur

1972 4534 2070 4590 per
2122 4532 2271 4573 eum.
2310 4536 2329 4569 ›
2366 4514 2625 4572 Ascendit
2695 4515 2762 4570 ad
2826 4514 3083 4586 patriam,
3136 4527 3244 4569 non
3312 4516 3571 4585 ignorans

1972 4626 2032 4666 se
2045 4619 2415 4681 contemptum
2440 4610 2530 4675 iri,
2553 4610 2649 4664 sed
2672 4622 2737 4662 ne
2762 4608 2815 4662 in
2843 4617 3119 4678 posterum
3141 4609 3322 4662 dicere
3339 4618 3566 4677 queant,

275 4690 541 4759 νήσουσιν
588 4686 779 4754 αὐτοῦ,
820 4684 937 4739 ἀλλ’
971 4684 1059 4738 ῐνα
1099 4685 1174 4755 μὴ
1204 4683 1401 4754 ἔχωσιν
1432 4682 1662 4752 ὕστερον
1688 4683 1868 4751 λέγειν

1982 4704 2030 4761 Si
2064 4709 2322 4772 venisset,
2353 4704 2542 4773 utique
2564 4702 2989 4758 credidissemus
3008 4702 3078 4757 ei.
3116 4700 3570 4773 Reprehendebat

276 4784 396 4847 ὅτι,
431 4780 493 4833 Ei
528 4775 719 4851 ἦλθεν,
750 4778 1159 4848 ἐπιστεύσαμεν
1204 4778 1270 4830 ἄν
1294 4791 1308 4808 ⁸
1346 4776 1463 4846 ἅμα
1506 4775 1584 4843 δὲ,
1641 4775 1736 4828 καὶ
1766 4775 1867 4845 τὴν

273 4873 557 4945 φθονεράν
585 4871 814 4943 γνώμην
868 4870 1049 4925 αὐτῶν
1082 4870 1346 4942 ἐλέγχων.
1405 4870 1535 4923 Δέον
1578 4868 1688 4943 γὰρ
1732 4885 1868 4922 καυ-

271 4965 483 5037 χὶσθαι
535 4964 735 5035 μᾶλλον
787 4964 880 5017 ἐπὶ
915 4962 995 5034 τῷ
1048 4963 1275 5035 κυρίῳ,
1310 4962 1386 5027 ὡς
1423 4960 1721 5033 κοσμοῦντι
1766 4960 1868 5029 τὴν

272 5056 463 5113 αὐτῶν
517 5055 755 5128 πατρίδα
812 5056 902 5110 διά
952 5073 1013 5109 τε
1048 5058 1147 5127 τῆς
1183 5054 1538 5117 διδασκαλίας
1590 5052 1689 5107 καὶ
1749 5053 1865 5107 τῶν

272 5148 601 5219 θαυμάτων,
635 5150 685 5202 oi.
719 5146 799 5212 δὲ,
836 5147 1275 5215 ἐξευτελίζουσιν
1319 5147 1483 5201 αὑτὸν
1530 5148 1625 5202 ἐπὶ
1660 5144 1740 5215 τῷ
1772 5162 1869 5199 ta-

275 5240 454 5312 πεινῷ
503 5239 598 5294 τοῦ
654 5240 871 5309 γένους.
904 5238 1185 5292 ’Τοσοῦτόν
1226 5240 1345 5293 ἔστι
1382 5237 1553 5291 κακὸν
1579 5239 1607 5291 ὁ
1643 5236 1861 5307 φθόνος.

284 5335 605 5390 Ἐπισκοτεῖ
634 5334 745 5405 γὰρ
794 5335 908 5395 τοῖς
964 5332 1192 5401 ἀγαθοῖς
1243 5331 1352 5394 ἀεὶ,
1380 5331 1475 5386 καὶ
1519 5331 1626 5384 οὐκ
1654 5332 1721 5403 ἐᾷ
1739 5333 1867 5393 τοὺς

269 5426 613 5501 φθονοῦντας
669 5425 845 5479 ταῦτα
896 5426 1043 5481 ίδεῖν.
1100 5425 1212 5480 Καὶ
1265 5424 1360 5477 νῦν
1398 5419 1492 5477 οὖν
1534 5422 1742 5486 πολλοὶ,
1791 5423 1866 5485 ὡς

267 5522 562 5589 δυσγενεῖς
600 5536 752 5583 τινας
802 5519 1204 5583 διαδάλλουσιν,
1253 5515 1437 5582 ἀξίους
1478 5517 1640 5581 δντας
1696 5518 1866 5575 τᾶλλα

268 5614 469 5685 τιμῆς,
505 5612 693 5675 κακῶς
719 5611 1047 5683 φρονοῦντες
1076 5613 1172 5665 καὶ
1196 5610 1317 5663 λίαν
1344 5608 1611 5677 ἀγεννῶς.

353 5724 374 5757 s
409 5703 606 5772 Ἔλεγε
657 5703 713 5757 δὲ
736 5704 921 5766 αὐτοῖς
951 5702 979 5754 ὁ
1024 5701 1234 5771 Ἰησοῦς
1282 5702 1387 5766 ὅτι,
1423 5701 1537 5754 Οὐκ
1571 5700 1687 5754 ἔστι
1730 5718 1869 5772 προ-

273 5798 462 5869 φήτης
516 5797 733 5864 ἄτιμος,
778 5797 827 5848 εί
877 5797 951 5866 μὴ
991 5796 1051 5847 ὲν
1081 5796 1148 5865 τῇ
1190 5794 1410 5864 πατρίδι
1450 5793 1643 5859 αὐτοῦ,
1672 5794 1769 5847 καὶ
1808 5795 1867 5846 ὲν

266 5894 389 5953 τοῖς
444 5887 759 5958 συγγενέσι,
813 5888 908 5940 καὶ
960 5888 1019 5939 ἐν
1068 5890 1134 5956 τῇ
1167 5885 1319 5957 οἰκίᾳ
1375 5887 1565 5939 αὑτοῦ.
1621 5888 1732 5939 Kal
1766 5887 1868 5940 οὐκ

266 5975 515 6048 ἠδύνατο
542 5976 658 6030 ἐκεῖ
686 5974 944 6047 οὐδεμίαν
971 5972 1203 6045 δύναμιν
1221 5976 1471 6045 ποιῆσαι,
1492 5978 1537 6028 εί
1570 5976 1646 6044 μὴ
1666 5976 1869 6045 ὀλίγοις

1972 4808 2156 4853 autem
2187 4810 2240 4853 et
2267 4798 2508 4853 invidam
2538 4796 2753 4853 illorum
2779 4804 3017 4850 mentem
3074 4793 3236 4866 199
3266 4792 3569 4862 Oportebat

1971 4906 2102 4949 sane
2125 4892 2298 4962 magis
2322 4890 2543 4962 gloriari
2572 4891 2640 4944 de
2662 4886 2915 4953 Domino,
2942 4886 3033 4955 qui
3063 4885 3304 4955 ipsorum
3330 4887 3560 4957 patriam

1972 4987 2044 5042 ita
2094 4995 2317 5041 ornaret
2376 4992 2432 5039 et
2478 4982 2725 5041 doctrina
2770 4993 2826 5038 et
2868 4972 3151 5037 miraculis
3195 4996 3212 5035 :
3262 4980 3411 5051 atqui
3464 4980 3564 5051 ipsi

1970 5082 2340 5150 despexerunt
2390 5077 2542 5134 illum
2591 5077 2662 5131 ob
2717 5074 3079 5131 humilitatem
3142 5073 3395 5143 generis:
3454 5082 3564 5133 tam

1971 5180 2127 5227 atrox
2179 5169 2378 5223 malum
2425 5178 2509 5223 est
2558 5166 2781 5225 invidia.
2835 5162 3067 5235 Semper
3112 5164 3258 5219 enim
3303 5164 3564 5221 obscurat

1970 5262 2135 5324 bona.
2170 5276 2271 5315 nec
2302 5260 2389 5315 illa
2422 5259 2490 5315 ab
2514 5257 2714 5313 invidis
2744 5257 2914 5313 videri
2943 5257 3092 5313 sinit.
3130 5254 3197 5310 Et
3226 5269 3369 5309 nunc
3408 5250 3565 5312 multi

1972 5354 2237 5424 quosdam
2269 5352 2423 5422 quasi
2462 5350 2728 5423 ignobiles
2759 5357 3017 5421 arguunt,
3059 5354 3150 5417 qui
3200 5358 3381 5401 tamen
3414 5346 3566 5405 omni

1971 5447 2177 5501 honore
2207 5444 2354 5515 digni
2383 5455 2535 5510 sunt,
2576 5444 2666 5514 qui
2694 5459 2826 5501 sane
2862 5442 3006 5498 haud
3036 5441 3175 5497 bene
3200 5440 3471 5507 sentiunt,
3507 5449 3565 5496 et

1971 5539 2286 5608 neutiquam
2315 5551 2598 5608 generose.

2044 5698 2212 5753 Vens.
2247 5696 2364 5751 4-6.
2404 5713 2422 5746 ι
2463 5692 2688 5750 Dicebat
2725 5704 2903 5747 autem
2948 5691 3054 5747 illis
3088 5691 3287 5747 Jesus:
3324 5688 3439 5743 Non
3482 5698 3565 5744 est

1971 5798 2318 5860 contemptus
2354 5787 2613 5857 propheta
2666 5786 2771 5840 nisi
2826 5785 2881 5839 in
2936 5785 3106 5853 patria
3157 5798 3274 5847 sua,
3320 5792 3375 5837 et
3422 5782 3565 5835 inter

1974 5893 2259 5954 cognatos,
2291 5892 2345 5937 et
2380 5882 2431 5935 in
2463 5880 2668 5934 familia
2704 5893 2822 5933 sua.
2852 5876 2917 5932 Et
2947 5892 3052 5931 non
3086 5884 3294 5945 poterat
3331 5874 3401 5927 ibi
3454 5874 3568 5927 vir-

1975 5985 2146 6033 tutem
2208 5973 2372 6027 ullam
2432 5972 2638 6033 edere.
2698 5968 2804 6025 nisi
2856 5972 3001 6031 quod
3057 5981 3259 6025 paucos
3318 5963 3564 6023 inﬁrmos
