4028 6538
564 397 667 468 551

1482 382 2063 450 THEOPHYLACTI
2101 378 2513 443 BULGARIB
2556 376 2909 439 ARCHIEP.

3704 374 3809 436 53?.

558 510 874 575 occidisset,
928 504 1235 576 suspicatus
1261 507 1346 554 eat
1392 498 1535 568 quod
1564 495 1891 551 surrexisset
1920 504 1949 544 a
1986 504 2125 543 mor-

2255 488 2419 558 ιάτην
2480 487 2659 541 ἀνεῖλε
2722 486 2815 537 τὸν
2848 481 3133 547 Ἰωάννην,
3171 479 3439 535 ὑπέλαϐεν
3474 480 3558 533 ὅτι
3610 481 3811 556 ἀνίστη

563 604 691 668 tuis.
714 610 770 657 et
791 614 887 670 per
911 586 1363 653 resurrectionem
1386 591 1442 645 in
1470 604 1527 645 ae
1553 589 1805 641 virtutem
1828 584 2126 651 οεεεριτεοι

562 691 821 761 operandi
879 685 1156 741 miracula.
1214 683 1450 739 Joannes
1504 682 1646 735 enim
1701 676 1853 746 prius
1919 673 2125 729 nullum

568 782 881 847 miraculum
916 778 1157 839 fecerat;
1190 773 1433 828 Herodes
1468 780 1645 825 autem
1679 768 1902 839 putabat
1945 765 2128 834 signo-

568 890 687 931 rum
708 871 1072 941 operationem
1107 870 1154 921 ei
1187 882 1251 921 es
1289 862 1702 919 resurrectionis
1732 861 1931 912 virtute
1962 859 2127 911 adve-

567 970 731 1022 nisse.
761 968 829 1019 At
862 964 950 1017 alii
980 962 1249 1021 dicebant,
1286 959 1427 1010 Elias
1451 966 1532 1011 eat
1562 973 1573 1009 :
1610 950 1957 1022 reprehendit
1986 948 2129 1002 enim

568 1061 785 1121 inultos,
816 1068 873 1111 ut
906 1072 1024 1107 cum
1065 1053 1291 1111 diceret.
1324 1048 1368 1103 Ο
1400 1047 1669 1101 incredula
1720 1044 1907 1098 natio!
1953 1041 2129 1095 Hero-

569 1152 662 1203 dcs
686 1159 859 1202 autem
887 1147 1103 1200 timebat
1135 1159 1151 1197 :
1182 1142 1311 1197 adeo
1340 1142 1500 1195 miser
1525 1148 1660 1203 erat,
1690 1147 1746 1190 ut
1774 1148 1831 1191 et
1862 1142 2131 1188 mortuum

567 1244 799 1297 timeret.

644 1334 805 1387 Vsus.
844 1331 906 1385 l7
938 1329 1027 1383 20.
1065 1328 1196 1381 Nam
1229 1326 1340 1395 ipse
1370 1324 1643 1385 Herodes,
1677 1314 2134 1374 nilssia‘satelliti-

573 1428 691 1485 bus.
726 1441 914 1481 manus
947 1423 1198 1489 iniecerat
1229 1421 1279 1472 in
1313 1418 1469 1488 θοι
1500 1414 1783 1474 Joannem,
1806 1419 1859 1465 et
1888 1410 2134 1462 tinxi-rat

573 1531 694 1570 eum
729 1515 783 1567 in
828 1526 1047 1567 carcere
1078 1518 1295 1578 propter
1332 1506 1691 1560 Herodiadetu
1727 1515 1951 1555 uxorem
2004 1496 2134 1551 Phi-

574 1608 700 1677 lippi
740 1604 921 1658 fratris
956 1604 1061 1666 sui,
1094 1602 1219 1671 quia
1249 1601 1471 1653 duxerat
1497 1612 1614 1651 eam
1638 1609 1881 1649 uxorem.
1916 1591 2135 1645 Dicebat

576 1699 717 1754 enim
745 1694 983 1751 Joannes
1012 1692 1205 1747 Herodi
1232 1709 1245 1745 :
1280 1690 1393 1744 Non
1421 1690 1547 1742 licet
1568 1687 1662 1741 tibi
1684 1684 1883 1739 habere
1912 1695 2133 1736 uxorem

577 1791 763 1847 fratris
813 1790 910 1844 tui.
966 1786 1227 1841 llerodias
1260 1793 1437 1839 autem
1471 1780 1825 1835 insidiabatur
1859 1777 1953 1841 illi,
1988 1774 2137 1829 vole-

2237 578 2300 629 ἐκ
2334 577 2564 646 νεκρῶν,
2620 576 2715 628 καὶ
2758 574 2821 626 ἐκ
2860 571 2959 641 τῆς
2999 572 3347 635 ἀναστάσεως
3402 572 3713 641 προσέλασε
3757 576 3813 630 τὺ

2237 667 2698 738 θαυματουργεῐν.
2725 668 2999 737 Πρότερον
3027 665 3137 733 γάρ
3177 667 3205 717 6
3240 663 3492 733 Ἰωάννης
3537 664 3693 717 οὐδὲν
3721 682 3812 736 ση-

2239 763 2389 831 μεῖον
2425 760 2679 828 ἐποίησεν
2700 776 2714 789 ο
2751 759 2858 812 ἀπὸ
2887 757 2942 809 δὲ
2997 758 3094 827 τῆς
3127 756 3478 820 ἀναστάσεως
3509 758 3762 827 ἐνόμισεν
3785 758 3813 810 6

2246 850 2491 922 Ἡρώδης
2519 849 2852 919 προσλαϐεῖν
2894 848 3058 903 αὐτὸν
3088 847 3199 900 τῶν
3233 848 3479 915 σημείων
3512 850 3615 919 τὴν
3649 849 3813 916 ἐργα-

2239 943 2378 997 σίαν.
2405 940 2588 995 ’Λλλοι
2620 941 2676 993 δὶ
2712 941 2896 1007 ιλεγον
2926 941 3012 993 ὅτι
3060 938 3247 1001 Ἡλίας
3275 940 3450 990 ἐστίν’
3475 940 3674 1010 ἤλεγχε
3707 940 3813 1009 γάρ

2237 1036 2361 1096 τοὺς
2399 1033 2647 1095 πολλοὺς,
2690 1031 2764 1094 ὡς
2812 1032 2941 1084 ὅταν
2982 1030 3191 1098 ἔλεγεν,
3231 1029 3295 1079 Ὠ
3349 1031 3509 1095 γενεά
3550 1030 3812 1093 ἀπιστοςι

2249 1125 2494 1195 Ἡρώδης
2536 1124 2592 1180 δὲ
2635 1124 2870 1176 δέδοικεν
2897 1137 2911 1153 ·
2939 1122 3112 1184 οὓτως
3130 1117 3224 1174 οὖν
3262 1120 3515 1183 ἐλεεινὸς,
3550 1121 3695 1174 ὥστε
3725 1123 3815 1174 τὸν

2240 1217 2431 1287 νεκρὸν
2461 1216 2765 1286 φοϐεῖσθαι.

2317 1325 2335 1359 ι
2368 1309 2538 1367 Αὐτὸς
2569 1307 2678 1378 γὰρ
2703 1309 2731 1360 6
2766 1306 3029 1377 Ἡρώδης,
3054 1305 3383 1366 ἀποστείλας
3418 1302 3698 1372 ἐκράτησε
3729 1303 3818 1356 τὸν

2255 1400 2509 1469 Ἰωάννην
2547 1438 2562 1462 ,
2605 1402 2697 1453 καὶ
2752 1400 2936 1469 ἔδησεν
2974 1399 3135 1453 αὑτὸν
3170 1401 3228 1451 ὲν
3268 1398 3481 1467 φυλακῇ
3512 1396 3601 1448 διά
3642 1395 3817 1465 Ἦρωο

2241 1490 2396 1544 διάδα
2422 1492 2524 1562 τὴν
2552 1495 2783 1559 γυναῖκα
2813 1492 3081 1545 Φιλίππου
3122 1491 3214 1543 τοῦ
3244 1489 3473 1558 ἀδελ,φοῦ
3512 1487 3704 1549 αὑτοῦ,
3737 1490 3816 1541 ὅτι

2243 1587 2412 1653 αὐτὴν
2440 1588 2743 1656 ιγάμησεν.
2787 1588 2981 1655 Ἔλεγε
3007 1587 3115 1655 γάρ
3141 1588 3171 1638 6
3205 1586 3457 1655 Ἰωάννης
3488 1583 3568 1654 τῷ
3603 1582 3818 1652 Ἡρώδῃ

2241 1676 2347 1743 δτι,
2383 1678 2493 1730 Οὔκ
2522 1678 2698 1740 ἔξεστί
2738 1694 2819 1730 σοι
2849 1678 2992 1747 εχειν
3030 1678 3132 1745 τὴν
3162 1679 3394 1745 γυναῖκα
3447 1675 3543 1729 τοῦ
3584 1674 3818 1744 ἀδελφοῦ

2248 1785 2361 1821 σου.
2398 1769 2460 1821 Ἡ
2483 1768 2538 1821 δὶ
2572 1769 2838 1839 Ἡρωδιὰς
2875 1771 3079 1837 ἐνεῖχεν
3107 1768 3279 1835 αὐτῷ,
3305 1768 3398 1819 καὶ
3437 1767 3629 1836 ἢθελεν
3655 1767 3820 1819 αὐτὸν

578 1885 778 1963 batque
807 1882 1056 1937 occidere
1096 1894 1239 1942 eum,
1290 1891 1389 1931 nec
1437 1882 1668 1943 poterat.
1724 1869 1963 1925 Herodes
1996 1867 2138 1921 enim

2255 1862 2589 1925 ἀποκτείναι,
2618 1862 2715 1912 καὶ
2746 1859 2843 1911 οὐκ
2881 1857 3123 1911 ὶδύνατο.
3170 1857 3227 1909 Ὀ
3265 1857 3373 1924 γάρ
3419 1853 3669 1924 Ἡρώδης
3697 1846 3822 1922 ἐφο-

582 1977 857 2032 metuebat
892 1974 1177 2035 Joannem,
1214 1970 1392 2025 sciens
1434 1983 1553 2021 eum
1610 1966 1780 2019 virum
1819 1963 2023 2028 justum
2076 1973 2141 2013 ac

582 2079 822 2125 sanetum
845 2105 861 2131 ,
912 2076 965 2120 et
998 2063 1315 2118 observabat
1350 2074 1496 2121 eum,
1530 2056 1819 2121 auditoque
1848 2067 1934 2117 eo,
1971 2051 2140 2104 multa

584 2161 832 2223 faciebat,
875 2166 928 2212 et
962 2155 1191 2209 libenter
1222 2167 1345 2207 eum
1378 2148 1648 2203 audiebat.
1687 2163 1705 2195 ι
1737 2142 2013 2197 luterserit
2039 2144 2141 2196 hoc

583 2253 701 2306 loco
737 2249 947 2303 larens
987 2246 1351 2300 narrationem
1406 2242 1469 2295 de
1502 2247 1675 2294 morte
1704 2233 1926 2290 Joannis
1954 2233 2142 2302 Bapti-

586 2356 703 2407 sm,
735 2341 1019 2395 occasione
1052 2346 1287 2406 sumpta.
1323 2335 1519 2387 Dicunt
1547 2341 1727 2384 autem
1757 2329 1974 2398 quidam
2002 2325 2142 2395 quod

589 2436 827 2489 Herodes
875 2432 1117 2501 rapuerit
1146 2426 1500 2483 Herodiadem
1520 2464 1533 2485 ,
1563 2424 1772 2475 vivente
1802 2419 2063 2488 Philippo,
2093 2424 2147 2469 et

587 2525 728 2593 quod
761 2522 1120 2591 reprehensus
1155 2517 1315 2570 fuerit
1340 2522 1394 2567 ut
1430 2512 1832 2583 pravaricator,
1855 2509 1943 2576 qui
1977 2506 2146 2559 abdu-

589 2617 729 2672 Xcrit
784 2614 1012 2667 viventis
1069 2610 1250 2664 fratris
1310 2620 1573 2669 uxorem;
1636 2605 1721 2657 alii
1779 2610 1955 2655 autem
2004 2598 2144 2666 quod

590 2716 833 2761 mortuus
867 2703 1083 2773 quidem
1132 2700 1295 2754 fuerit
1326 2697 1626 2767 Philippus,
1663 2691 1939 2761 reliquerit
1969 2698 2147 2743 autem

591 2796 844 2851 filiolam:
900 2802 952 2847 et
1003 2805 1122 2846 cum
1176 2790 1339 2844 filiam
1398 2786 1712 2857 reliquerit,
1770 2798 1875 2837 non
1925 2781 2151 2836 debebat

594 2886 833 2941 lierodes
859 2898 1081 2939 uxorem
1114 2882 1299 2937 fratris
1332 2880 1533 2935 ducere
1562 2878 1724 2932 etiam
1749 2885 1868 2943 post
1898 2880 2147 2928 mortem.

596 2977 702 3035 Lex
755 2977 899 3031 enim
953 2985 1079 3029 tunc
1136 2971 1361 3043 iubebat
1415 2969 1635 3024 fratrem
1690 2966 1873 3022 fratris
1928 2977 2149 3019 uxorem

2244 1950 2387 2002 σεϊτο
2438 1950 2529 2003 τὸν
2572 1950 2847 2019 Ἰωάννην,
2882 1948 3041 2012 είδὼς
3084 1948 3245 2001 αὑτὸν
3286 1947 3449 2016 ἄνδρα
3485 1947 3695 1998 ε’καιον
3731 1947 3822 1998 καὶ

2245 2042 2417 2109 ἅγιον,
2456 2042 2547 2095 καὶ
2574 2042 2858 2110 συνετήρει
2880 2041 3058 2102 αὑτὸν,
3090 2042 3181 2093 καὶ
3210 2040 3447 2099 ἀκούσας
3472 2039 3662 2099 αὑτοῦ,
3699 2040 3828 2091 πολ-

2243 2135 2309 2187 λά
2340 2137 2534 2197 εποίει,
2582 2137 2676 2187 καὶ
2707 2136 2875 2203 ἡδέως
2912 2134 3075 2186 αὑτοῦ
3102 2134 3319 2204 ἤκουεν.
3362 2151 3380 2182 ι
3426 2133 3823 2203 Παρεντίθησιν

2243 2224 2481 2278 ινταῦθα
2508 2225 2604 2292 τὴν
2641 2225 2767 2293 περὶ
2797 2222 2889 2275 τοῦ
2932 2222 3165 2276 Θανάτου
3234 2220 3326 2273 τοῦ
3374 2220 3682 2273 Βαπτιστοῦ
3750 2221 3825 2273 δι·-

2250 2318 2448 2386 ήγησιν
2505 2318 2533 2368 6
2577 2316 2844 2385 Μάρκος,
2877 2315 3134 2386 ἀφορμῆς
3188 2314 3545 2383 δραξάμενος.
3608 2315 3719 2384 Ἱὴν
3770 2314 3825 2367 δὲ

2260 2408 2585 2477 Ἡρωδίαδα,
2619 2410 2667 2461 ei
2698 2409 2818 2477 μὲν,
2851 2406 3053 2470 ζῶντος
3077 2406 3168 2460 τοῦ
3197 2408 3468 2460 Φιλίππου
3498 2405 3666 2475 φασιν
3688 2408 3826 2459 ἀπο-

2248 2502 2453 2554 σπάσαι
2505 2500 2595 2555 τὸν
2636 2499 2927 2572 Ἡρώδην,
2985 2501 3078 2558 καὶ
3126 2501 3211 2555 διὰ
3271 2501 3432 2560 τοῦτο
3505 2499 3827 2568 ἐλέγχεσθαι

2248 2594 2408 2645 αὑτὸν
2436 2592 2509 2655 ὡς
2546 2594 2991 2664 παρανομοῦντα,
3025 2592 3117 2645 τοῦ
3165 2593 3366 2657 ζῶντος
3409 2591 3641 2659 ἀδελφοῦ
3691 2591 3829 2642 am.

2251 2684 2557 2751 ζευγνύντα
2583 2685 2680 2753 τὴν
2716 2687 2949 2752 γυναῖκα
2979 2701 2993 2715 ο
3049 2686 3096 2736 oi
3134 2684 3224 2748 δὲ,
3254 2686 3334 2736 ὅτι
3379 2682 3616 2735 ἀπέθανε
3669 2681 3771 2751 μὶν
3803 2683 3829 2733 6

2250 2778 2535 2840 Φίλιππος,
2592 2776 2732 2846 πλὴν
2786 2777 2877 2828 ἐπὶ
2911 2776 3141 2845 Θυγατρί
3171 2794 3182 2807 ’
3220 2775 3488 2845 θυγατρὸς
3545 2774 3604 2827 δὲ
3638 2774 3826 2842 οὔσης.

2254 2870 2354 2921 οὐκ
2402 2870 2512 2921 ἔδει
2567 2868 2659 2921 τὸν
2700 2867 2946 2938 Ἡρώδην
2996 2870 3096 2938 τὴν
3156 2871 3396 2934 γυναῖκα
3448 2864 3546 2919 τοῦ
3595 2864 3830 2933 ἀδελφοῦ

2252 2960 2525 3031 γαμῆσαι,
2568 2961 2689 3013 οὐδε
2752 2962 2889 3031 μετά
2928 2960 3175 3019 Θάνατον.
3222 2960 3279 3012 ’0
3324 2960 3433 3030 γάρ
3487 2959 3655 3027 νόμος
3708 2958 3830 3010 τότε

594 3072 789 3125 ducere
809 3067 877 3131 ",
915 3081 1037 3119 cum
1084 3080 1188 3118 non
1244 3068 1548 3132 superesset
1583 3072 1748 3127 puer:
1802 3070 1941 3111 nunc
1974 3063 2148 3107 autem

2256 3053 2471 3107 δκέλευε
2506 3053 2595 3105 τὸν
2626 3051 2857 3121 ἀδελφὸν
2892 3053 2989 3122 τὴν
3021 3050 3114 3104 τοῦ
3160 3050 3388 3121 ἀδελφοῦ
3418 3054 3655 3118 γυναῖκα
3697 3050 3834 3120 λαμ·

596 3158 671 3213 illi
702 3166 818 3212 erat
850 3156 954 3210 illia
982 3173 995 3209 :
1029 3154 1318 3223 illegitimate
1367 3153 1536 3223 igitur
1577 3158 1731 3204 erant
1775 3149 1992 3218 nuptiae.
2021 3145 2148 3199 Vide

2261 3145 2466 3210 δάνειν,
2494 3147 2581 3199 ὅτε
2623 3144 2695 3215 μὴ
2726 3146 2868 3213 ὑπῆν
2919 3144 3134 3196 παιδίον
3185 3162 3197 3174 °
3238 3142 3473 3196 ἐνταῦθα
3504 3142 3559 3195 δὲ
3582 3143 3830 3212 ὑπῆρχεν

598 3259 776 3306 autem
804 3248 928 3318 quid
956 3246 1116 3301 faciat
1140 3246 1339 3299 ameris
1365 3244 1564 3308 rabies,
1588 3249 1639 3297 et
1663 3249 1923 3310 quantum
1954 3236 2148 3292 valeat.

2261 3240 2293 3306 ὴ
2324 3237 2589 3307 θυγάτηρ,
2626 3238 2943 3307 παράνομος
2971 3238 3078 3303 ἀρα
3111 3237 3138 3287 6
3170 3235 3369 3304 γάμος.
3411 3234 3549 3304 Ὀρα
3580 3234 3639 3287 δὲ
3668 3234 3832 3288 πόσον

597 3342 737 3396 Ecce
762 3342 904 3395 enim
934 3338 1173 3393 Herodes
1200 3335 1485 3400 Joannem,
1508 3349 1665 3405 quem
1691 3334 1744 3388 in
1774 3342 1922 3387 tanto
1950 3333 2148 3385 honore

2265 3330 2438 3400 ίσχύει
2468 3333 2501 3402 ὴ
2538 3331 2707 3386 λύσσα
2752 3330 2848 3383 τοῦ
2885 3331 3103 3399 ἔρωτος,
3140 3327 3281 3380 ὥστε
3323 3328 3538 3382 καὶτὸν
3582 3328 3832 3399 Ἡρώδην

598 3442 653 3487 et
713 3431 1010 3487 reverentia
1070 3428 1437 3495 observabat,
1499 3434 1559 3481 ut
1608 3423 1814 3480 libidini
1898 3420 2148 3485 satisfiat,

2258 3422 2531 3491 τοσαύτην
2552 3424 2685 3476 αίδῶ
2720 3424 2816 3477 καὶ
2849 3422 3015 3491 φόϐον
3042 3422 3181 3491 πρὸς
3197 3420 3290 3473 τὸν
3330 3420 3590 3491 Ἰωάννην
3611 3421 3833 3492 ἔχοντα,

598 3522 913 3579 contemnit.
2258 3515 2667 3585 καταφρονῆσαι
2733 3514 2940 3579 τούτου,
3005 3514 3142 3583 πρὸς
3190 3511 3251 3566 τὸ
3297 3510 3641 3582 θεραπεῦσαι
3676 3515 3836 3584 μόνον

2258 3602 2578 3658 ἀκολασίαν.

671 3697 1039 3755 Vsas.2l-29.
1078 3714 1097 3748 ι
1134 3694 1341 3750 Etcum
1369 3696 1481 3751 dies
1497 3703 1828 3765 opportunus
1854 3694 2148 3762 accidisset,

2339 3714 2355 3745 ι
2393 3698 2498 3749 Kal
2525 3696 2822 3766 γενομινης
2868 3696 3082 3766 ἡμέρας
3132 3694 3415 3766 εὐκαίρου,
3451 3696 3542 3749 ὅτε
3583 3696 3834 3769 Ἡρώδης

602 3808 723 3847 cum
761 3790 996 3846 Herodes
1026 3790 1079 3845 in
1105 3788 1358 3844 natalitiis
1385 3802 1589 3841 canam
1618 3787 1817 3842 faceret
1840 3786 2148 3856 primatibut

2263 3787 2372 3846 τοῖς
2402 3784 2665 3851 γενεσίοις
2692 3783 2858 3836 αὑτοῦ
2890 3784 3105 3836 δεῖπνον
3150 3784 3322 3835 ἑποίει
3361 3785 3473 3842 τοῖς
3506 3785 3839 3851 μεγιστᾶσιν

605 3899 667 3939 ac
707 3884 939 3938 tribunis
966 3891 1019 3936 et
1048 3881 1372 3951 primo‘ribus
1406 3880 1654 3945 Galliarae,
1694 3893 1921 3947 cumque
1952 3878 2148 3932 introis

2264 3876 2449 3939 αὑτοῦ,
2481 3877 2573 3927 καὶ
2605 3877 2715 3938 τοῖς
2747 3874 3049 3945 χιλιάρχοις
3081 3876 3174 3928 καὶ
3203 3877 3314 3937 τοῖς
3344 3873 3581 3942 πρώτοις
3606 3873 3711 3943 τῆς
3734 3875 3840 3927 Γαν

605 3986 688 4031 set
718 3974 821 4027 lilia
852 3956 1378 4042 ipsius'llerodiadis,
1418 3986 1481 4025 ac
1522 3971 1791 4035 saltesset,
1846 3969 2148 4037 placuisset-

2269 3966 2478 4027 λιλαίας
2512 3985 2525 3998 °
2566 3968 2657 4020 καὶ
2700 3966 3045 4036 εῑσελοούσης
3074 3965 3173 4035 τῆς
3206 3966 3475 4035 θυγατρὸς
3535 3966 3710 4035 αὐτῆς
3744 3966 3843 4035 τῆς

603 4082 707 4137 que.
738 4066 953 4129 Herodi,
990 4081 1052 4121 ac
1074 4065 1228 4119 simul
1256 4065 1712 4129 accumbentibus,
1734 4079 1823 4117 res
1842 4064 1913 4117 ait
1934 4062 2148 4133 puellae:

2278 4057 2626 4128 Ἡρωδιάδος,
2678 4057 2773 4112 καὶ
2829 4058 3213 4128 ὀρχησαμένης
3279 4058 3371 4111 καὶ
3422 4058 3706 4127 ἀρεσάσης
3765 4057 3843 4129 τῷ

606 4155 733 4211 Pete
762 4172 790 4209 a
824 4170 907 4210 me
938 4155 1078 4223 quod
1121 4155 1223 4218 vis.
1256 4162 1311 4209 et
1367 4154 1507 4209 dabo
1557 4154 1672 4206 tibi.
1718 4151 1783 4205 Et
1824 4152 2025 4221 juravit
2064 4152 2148 4204 illi.

2277 4149 2511 4221 Ἡρώδῃ,
2544 4149 2637 4204 καὶ
2659 4152 2770 4213 τοῖς
2808 4151 3311 4220 συνανακειμένοις,
3339 4146 3494 4201 εἶπεν
3523 4149 3552 4201 6
3586 4150 3844 4219 βασιλεὺς

606 4244 874 4313 Quidquid
898 4259 927 4296 a
955 4257 1039 4297 nte
1063 4242 1301 4311 petieris,
1326 4244 1461 4297 dabo
1490 4242 1583 4296 tibi
1609 4256 1777 4312 usque
1798 4243 1863 4295 ad
1887 4241 2148 4295 dimidiuu

2265 4241 2343 4311 τῷ
2373 4243 2642 4312 κορασίῳ·
2680 4242 2913 4311 Αἴτησόν
2952 4259 3018 4311 με
3056 4242 3085 4295 δ
3110 4244 3205 4295 ὲάν
3226 4242 3404 4314 θέλῃς,
3423 4241 3517 4293 καὶ
3548 4241 3708 4294 δώσω
3738 4257 3841 4297 σοι.

604 4333 755 4404 regni
806 4333 929 4388 mei.
978 4331 1045 4385 At
1095 4331 1183 4385 illa
1208 4346 1419 4401 egressa
1464 4330 1599 4384 dixit
1640 4330 1797 4386 matri
1831 4342 1941 4383 suae
1980 4344 1993 4382 :
2028 4327 2148 4402 Quit

2266 4332 2375 4386 Kal
2401 4330 2613 4401 ὥμοσεν
2642 4332 2777 4402 αὐτῇ
2802 4332 2910 4395 ὅτι,
2953 4334 3017 4387 '0
3049 4333 3143 4386 ιάν
3179 4349 3248 4402 με
3289 4334 3522 4404 αἰτήσῃς
3552 4332 3716 4386 δώσω
3738 4349 3844 4399 σοι,

606 4424 820 4495 petam?
855 4422 945 4477 illa
1001 4437 1129 4479 vero
1156 4422 1289 4477 dixit
1317 4439 1331 4476 :
1358 4421 1527 4492 Caput
1556 4419 1775 4481 Joannis
1797 4419 2070 4490 Baptistae.
2100 4416 2143 4477 E

2272 4421 2377 4485 ἕως
2404 4423 2636 4492 ἡμίσους
2658 4423 2757 4494 τῆς
2782 4421 3062 4493 βασιλείας
3086 4440 3211 4493 μου.
3246 4422 3311 4477 Ἢ
3340 4422 3417 4489 δὲ,
3444 4422 3745 4488 ἐξελθοῦσα
3770 4419 3847 4477 si-

607 4516 844 4595 ingressa
883 4515 1062 4572 statim
1095 4529 1215 4569 cum
1243 4515 1584 4571 festinatione
1617 4513 1681 4567 ad
1729 4527 1929 4582 regem,
1980 4511 2141 4583 petivi

2272 4531 2339 4568 πε
2364 4518 2431 4586 τῇ
2468 4515 2635 4585 μητρὶ
2665 4515 2856 4584 αὐτῆς,
2880 4514 2945 4570 Τί
2976 4516 3307 4585 αῑτήσομαις
3351 4513 3416 4568 Ἦ
3445 4513 3503 4567 δὲ
3535 4510 3661 4568 εἶπε
3684 4532 3699 4549 ο
3736 4514 3847 4587 τὴν

607 4609 789 4662 dicens
825 4624 838 4667 ;
869 4607 997 4660 Volo
1050 4618 1105 4660 ut
1160 4607 1402 4675 protinus
1448 4608 1540 4661 des
1563 4604 1695 4659 mihi
1734 4606 1786 4659 in
1820 4604 1973 4659 lance
2000 4615 2148 4674 caput

2273 4606 2517 4674 κεφαλὴν
2556 4606 2803 4660 Ἰωάννου
2856 4606 2950 4660 τοῦ
2982 4606 3314 4664 Βαπτιστοῦ.
3353 4606 3469 4659 Kal
3518 4604 3847 4662 εἰσελθοῦσα

609 4695 833 4751 Joannis
877 4693 1150 4761 Baptista.
1186 4694 1249 4746 Et
1286 4694 1470 4749 dolore
1522 4692 1742 4755 euectus
1787 4708 1902 4758 rex,
1950 4703 2165 4761 prepter

607 4786 1002 4857 jusjurandum,
1033 4800 1231 4855 eosque
1258 4786 1347 4853 qui
1382 4785 1541 4839 simul
1564 4786 1970 4851 accumbebant,
1997 4786 2167 4841 noluit

611 4890 728 4930 eam
782 4876 1030 4951 rejicet‘e.
1064 4876 1130 4932 Et
1154 4876 1436 4931 confestim
1470 4891 1579 4941 rex,
1614 4876 1777 4930 misso
1820 4876 2165 4944 spiculatore,

608 4967 767 5037 jhssit
799 4966 980 5022 inferri
1009 4977 1167 5037 caput
1190 4968 1327 5037 ejus.
1371 4966 1551 5022 Atille
1592 4966 1742 5034 abiit,
1772 4982 1833 5021 ac
1894 4966 2176 5021 decollavit

612 5072 731 5113 eum
781 5058 837 5112 in
876 5073 1111 5122 carcere,
1160 5067 1213 5112 et
1270 5058 1447 5114 attulit
1494 5071 1653 5127 caput
1690 5058 1803 5126 ejus
1830 5059 1881 5112 in
1919 5058 2092 5120 lance,
2122 5066 2175 5110 et

614 5152 759 5204 dedit
783 5146 912 5204 illtrd
947 5151 1153 5220 puella,
1185 5161 1237 5204 et
1265 5152 1433 5220 puella
1488 5150 1632 5205 dedit
1674 5148 1799 5202 illud
1836 5148 1989 5201 matri
2042 5164 2169 5201 suae.

616 5242 733 5306 Quo
785 5242 986 5309 audito,
1028 5242 1272 5311 discipuli
1307 5243 1422 5312 ejus
1458 5250 1715 5297 venerunt
1764 5251 1813 5294 et
1840 5242 2175 5294 sustulerunt

616 5334 847 5387 cadaver
884 5332 1021 5401 ejus,
1072 5333 1623 5403 posueruntqueillud
1657 5334 1707 5386 in
1741 5341 2104 5387 monumento.
2151 5351 2168 5382 ι

617 5420 930 5481 Convivium
975 5422 1297 5477 celebratur.
1344 5421 1515 5475 Ssltat
1545 5437 1637 5491 per
1661 5422 1886 5491 puellam
1910 5422 2172 5487 diabolus,

618 5513 678 5567 ﬁt
714 5514 1089 5583 jusjurandum
1137 5516 1357 5585 impium
1387 5526 1440 5571 et
1472 5515 1751 5580 nefarium,
1787 5518 1891 5570 imo
1933 5515 2171 5571 stultum.

619 5603 859 5673 Nequam
911 5612 1086 5659 autem
1118 5606 1305 5661 mulier
1349 5607 1499 5674 dicit,
1532 5605 1606 5660 Da
1628 5606 1752 5661 mibi
1784 5608 2043 5680 protinus,
2077 5605 2181 5661 hoc

685 5785 728 5818 “
761 5785 910 5844 Deut.
940 5801 1063 5853 xxv,
1114 5788 1168 5843 5.

2273 4699 2471 4761 εὐθέως
2522 4698 2658 4767 μετά
2694 4698 2927 4767 σπουδῆς
2966 4698 3102 4767 πρὸς
3149 4699 3241 4751 τὸν
3293 4697 3541 4767 βασιλέα,
3576 4699 3843 4768 ᾐτήσατο,

2273 4788 2503 4853 λέγουσα
2530 4803 2540 4814 ·
2573 4788 2720 4839 Θέλω
2745 4788 2832 4839 ἴνα
2870 4805 2959 4854 μοι
2988 4788 3091 4855 δῷς
3116 4788 3172 4853 ἐξ
3204 4789 3373 4856 αὐτῆς
3408 4789 3500 4841 επὶ
3532 4790 3726 4842 πίνακι
3750 4789 3847 4861 τὴν

2275 4876 2513 4945 κεφαλὴν
2556 4877 2800 4932 Ἰωάννου
2818 4877 2910 4930 τοῦ
2940 4877 3267 4935 Βαπτιστοῦ.
3300 4879 3410 4932 Καὶ
3436 4879 3739 4950 περίλυπος
3754 4897 3849 4950 γε.

2277 4969 2498 5036 νόμενος
2527 4970 2554 5021 6
2582 4967 2853 5037 βασιλεὺς,
2888 4968 2975 5024 διὰ
2995 4970 3122 5033 τοὺς
3147 4971 3345 5039 ὅρκους
3377 4970 3473 5023 καὶ
3520 4973 3650 5035 τοὺς
3678 4990 3846 5028 συναο

2276 5062 2649 5129 νακειμένους,
2678 5062 2777 5114 οὐκ
2805 5060 3073 5131 ἠθέλησεν
3096 5062 3266 5129 αὐτὴν
3294 5061 3584 5131 ἀθετῆσαι.
3614 5064 3727 5117 Kal
3753 5064 3847 5118 εὐ·-

2275 5150 2410 5213 θέως
2433 5153 2756 5215 ἀποστείλας
2777 5154 2804 5205 6
2832 5152 3086 5223 βασιλεὺς
3110 5154 3562 5225 σπεκουλάτωρα,
3584 5155 3849 5222 ἐπέταξεν

2276 5241 2562 5310 ἀνεχθῆναι
2590 5243 2687 5311 τὴν
2739 5242 2979 5310 κεφαλὴν
3010 5241 3192 5294 αὑτοῦ.
3230 5244 3287 5296 Ὀ
3316 5243 3371 5296 δι
3396 5282 3409 5303 ,
3447 5244 3705 5299 ἀπελθὼν
3746 5250 3850 5300 ἀπ-

2292 5334 2613 5400 εκεφάλισεν
2648 5334 2809 5385 αὐτὸν
2837 5336 2893 5388 ὲν
2922 5336 2984 5403 τῇ
3021 5335 3255 5404 φυλακῇ,
3290 5336 3380 5387 καὶ
3402 5337 3601 5406 ἡνεγκε
3626 5340 3726 5407 τὴν
3755 5354 3850 5392 κε-

2278 5426 2449 5493 φαλὴν
2476 5426 2640 5478 αὐτοῦ
2674 5427 2765 5478 ἐπὶ
2800 5425 2988 5479 πίνακι
3034 5427 3128 5481 καὶ
3153 5428 3352 5481 ἔδωκεν
3376 5429 3548 5499 αὐτὴν
3571 5429 3651 5499 τῷ
3682 5447 3849 5502 κορα-

2280 5517 2399 5585 σίῳ,
2430 5518 2599 5571 καὶτὸ
2626 5519 2884 5589 κοράσιον
2918 5518 3118 5573 ἔδωκεν
3148 5520 3317 5590 αὐτὴν
3339 5523 3403 5589 τῇ
3443 5524 3614 5594 μητρὶ
3655 5523 3844 5593 αὐτῆς.

2280 5612 2384 5664 Kal
2424 5611 2751 5675 ἀκούσαντες
2784 5613 2832 5664 oi
2870 5612 3106 5686 μαθηταὶ
3144 5612 3333 5683 αὐτοῦ,
3366 5607 3533 5684 ἦλθον
3584 5615 3685 5669 καὶ
