4028 6618
160 651 248 711 ἴ5Ἱ

845 629 1298 698 ENARRATIO
1327 627 1411 689 1N
1452 621 1954 690 EVANGELIUM
1998 620 2260 683 MARCL
2312 643 2374 657 -
2410 616 2569 678 CAP.
2613 614 2715 678 VI.

3303 609 3413 676 538

154 757 446 820 τοσούτους,
503 752 641 809 ἀλλά
701 750 794 805 καὶ
829 747 1064 820 περιττά
1114 745 1456 800 καταλιπεῖν.
1510 739 1718 810 Μωσῆς

1843 738 2072 809 luanwis
2129 750 2326 788 manna
2378 731 2661 793 drdisset,-
2698 736 2875 781 tamen
2922 738 3021 794 pro
3075 723 3414 795 singulorum

158 853 251 922 μέν
267 849 372 920 γάρ
392 849 442 901 εἰ
468 843 643 900 καὶτὸ
678 841 854 912 μάννα
883 839 1078 902 ἐδίδου,
1108 836 1246 891 ἀλλά
1281 836 1420 920 πρὸς
1449 833 1548 903 τὴν
1584 834 1713 886 sxa-

157 958 273 995 στου
300 937 486 1010 χρείαν
509 953 523 967 ·
555 934 617 986 τὺ
645 932 756 1001 γάρ
793 927 1136 1000 περιττεῦον,
1185 925 1473 995 σκώληκας
1503 924 1710 990 ἐξεςεε.

156 1033 258 1088 Kal
289 1030 470 1091 Ἠλίας
519 1026 576 1079 δέ
606 1023 706 1095 τὴν
744 1023 922 1094 χήραν
953 1019 1281 1089 διατρέφων,
1321 1016 1385 1070 τὺ
1435 1014 1714 1085 αὖταρκες

157 1125 416 1195 ἐχορήγει.
441 1118 649 1190 Ἰησοῦς
679 1115 759 1182 δέ,
814 1113 888 1177 ὡς
921 1113 1220 1181 Δεσπότης,
1249 1110 1343 1164 καὶ
1369 1108 1715 1179 περιττεύειν

157 1218 311 1270 ποιεῖ.
335 1211 518 1266 Ταῦτα
553 1208 652 1280 μὲν
686 1207 780 1261 οὖν
816 1204 963 1260 κατά
1001 1203 1101 1272 τὴν
1144 1201 1409 1272 ἰστορίαν.
1462 1199 1620 1253 Κατὰ
1658 1197 1714 1250 δέ

154 1301 455 1371 ἀναγωγὴν,
490 1301 654 1352 πέντε
684 1298 861 1365 ἄρτοι,
915 1294 965 1345 οἰ
995 1289 1281 1345 Μωσαῖκοὶ
1323 1288 1493 1354 λόγοι.
1547 1287 1716 1340 Πέντε

154 1396 257 1463 γάρ
282 1392 348 1445 τὰ
372 1389 469 1444 τοῦ
493 1387 735 1448 Μωσέως
775 1382 982 1457 βιϐλία,
1015 1381 1253 1443 Γένεσις,
1289 1377 1518 1444 Ἐξόδος,
1558 1376 1719 1430 Λευῖ-

150 1483 315 1546 mm,
357 1480 628 1552 Ἀριθμοὶ,
683 1472 1129 1543 Δευτερονόμιον.
1169 1467 1373 1539 Ἰχθύες
1413 1466 1471 1519 δὲ
1515 1465 1630 1530 δύο,
1664 1465 1715 1517 οἰ

152 1576 258 1629 τῶν
279 1573 472 1628 ἀλιέων
500 1572 668 1634 λόγοι,
705 1569 734 1620 ό
782 1563 1107 1627 ’Δπόστολος
1153 1563 1248 1616 καὶ
1276 1561 1337 1615 τδ
1361 1559 1716 1630 Εὑαγγέλιον.

150 1667 369 1728 Τούτοις
403 1661 495 1717 οὖν
541 1663 833 1731 τρέφονται
871 1659 927 1712 αἱ
987 1656 1149 1709 πέντε
1200 1653 1359 1726 ημῶν
1412 1652 1716 1723 αἰσθήσεις,

151 1753 308 1812 αὗται
357 1756 466 1827 γάρ
523 1756 663 1808 εἰσιν
691 1754 740 1806 οἰ
779 1749 1234 1820 πεντακισχίλιοι.
1268 1748 1386 1818 Ούχ
1410 1746 1625 1801 ᾶπαντα
1664 1746 1721 1799 δέ

149 1847 419 1917 δυνάμεθα
454 1847 670 1913 φαγεῖν,
730 1839 865 1894 ἀλλά
895 1838 1069 1892 πολλά
1117 1837 1557 1908 περιττεύουσιν,
1602 1834 1639 1888 ἃ
1669 1835 1720 1887 οἰ

151 1939 435 1993 ἀπόστολοι
466 1935 723 1989 δύνανται
756 1930 1047 2002 βαστάσαι.
1085 1929 1169 1982 Τά
1199 1929 1310 1998 γάρ
1339 1925 1722 1997 δυσκολώτερα

151 2031 258 2086 τῶν
289 2029 381 2082 τοῦ
413 2026 602 2096 Νόμου
641 2024 738 2079 καὶ
771 2023 880 2077 τῶν
914 2022 1008 2074 τοῦ
1037 2019 1381 2088 Εὐαγγελίου¹
1406 2016 1719 2088 νοημάτων,

154 2123 308 2194 ἡμεῖς
343 2119 444 2192 μὲν
478 2121 524 2174 οἰ
548 2118 629 2171 ἐτι
656 2118 773 2177 ταῖς
809 2114 970 2168 πέντε
1011 2111 1306 2182 αἰσθήσεσι
1354 2109 1722 2174 δουλεύοντες,

148 2214 212 2267 ού
245 2211 611 2282 βαστάζομεν,
652 2209 703 2261 οἰ
729 2204 1018 2260 ἀπόστολοι
1049 2202 1130 2257 δέ.

227 2323 246 2356 ι
282 2303 394 2358 Καὶ
441 2302 643 2364 εὐθέως
706 2300 994 2368 ἠνάγκασε
1064 2296 1192 2359 τοὺς
1249 2292 1500 2366 μαθητὰς
1563 2291 1730 2347 αὑτοῦ

147 2397 388 2470 ἐμϐῆναι
430 2398 510 2457 εἰς
547 2395 610 2446 τὸ
642 2392 851 2455 πλοῖον,
904 2390 1002 2445 καὶ
1033 2388 1302 2459 προάγειν
1344 2388 1426 2450 εἰς
1467 2387 1528 2440 τὸ
1555 2387 1731 2455 πέραν

146 2487 288 2556 πρὸς
310 2483 607 2556 Βηθσαϊδὰ,
647 2483 751 2546 ἕως
785 2481 946 2543 αὐτὸς
1001 2478 1249 2550 ἀπολύσῃ
1283 2479 1374 2532 τὸν
1412 2478 1586 2548 ὄχλον.
1625 2478 1735 2531 Καὶ

146 2579 565 2648 ἀποταξάμενος
596 2576 804 2638 αὐτοῖς,
838 2573 1081 2643 ἀπῆλθεν
1126 2573 1207 2634 εἰς
1234 2571 1296 2624 τὸ
1337 2572 1465 2641 ὅρος
1489 2571 1730 2644 προσεύ-

147 2670 376 2736 ξασθαι.
416 2669 528 2722 Kal.
550 2666 711 2737 ὀψίας
743 2664 1066 2735 γενομένης,
1100 2659 1169 2734 ἦν
1193 2662 1253 2715 τδ
1286 2661 1471 2716 πλοῖον
1493 2664 1552 2716 ἐν
1581 2663 1734 2732 μέσῳ

143 2763 250 2831 τῆς
289 2761 590 2829 θαλάσσης.
638 2758 736 2812 καὶ
790 2757 952 2820 αὐτὸς
1007 2755 1168 2826 μόνος
1199 2756 1293 2808 ἐπὶ
1327 2755 1427 2825 τῆς
1479 2755 1604 2826 γῆς,
1639 2759 1734 2809 καὶ

143 2848 293 2906 εἶδεν
354 2850 552 2913 αὐτοὺς
585 2841 1049 2919 βασανιζομένους
1091 2845 1150 2898 ἐν
1189 2844 1272 2916 τῷ
1312 2843 1560 2898 ἐλαύνειν
1603 2861 1618 2877 ·
1667 2841 1736 2916 ἦν

147 2942 266 3012 γὰρ
297 2942 326 2993 ό
377 2941 576 3010 ἄνεμος
608 2937 854 2999 ἐναντίος
894 2937 1101 2994 αὐτοῖς.
1138 2936 1251 2987 Καὶ
1296 2935 1430 3006 περὶ
1467 2937 1736 3006 τετάρτην

146 3027 407 3097 φυλακὴν
424 3027 542 3095 ⁵τῆς
572 3029 786 3090 νυκτὸς.
822 3026 1040 3095 ἔρχεται
1083 3024 1217 3094 πρὸς
1245 3024 1463 3090 αὐτοὺς,
1501 3041 1740 3095 περιπα-

143 3119 264 3171 τῶν
285 3120 380 3172 ἐπὶ
409 3118 505 3187 τῆς
533 3117 831 3188 θαλάσσης,
878 3117 972 3169 καὶ
1012 3115 1169 3186 ῆθελε
1199 3115 1491 3184 παρελθεῖν
1516 3115 1734 3179 αὐτούς.

143 3211 219 3263 Oi
269 3209 328 3261 δὲ
375 3208 572 3271 ἰδόντες
612 3207 774 3260 αὑτὸν
818 3205 1230 3274 περιπατοῦντα
1260 3205 1353 3258 ἐπὶ
1400 3205 1499 3274 τῆς
1534 3203 1732 3258 θαλάσ·

146 3318 284 3370 σης,
319 3299 509 3363 ἔδοξαν
543 3299 833 3367 φάντασμα
861 3295 1023 3358 εἶναι,
1050 3297 1145 3350 καὶ
1167 3297 1499 3368 ἀνέκραξαν.
1530 3297 1739 3360 Πάντες

1818 847 1917 886 usu
1970 830 2129 882 dabat
2164 846 2178 894 ;
2216 841 2343 881 nam
2392 824 2534 893 quod
2558 827 2861 891 supererat,
2888 819 3200 873 vermiculis
3229 828 3417 874 scatu-

1811 911 2014 978 ricliat.
2056 921 2206 975 Elias
2243 931 2458 1001 quinque
2506 914 2724 970 viduam
2760 926 3011 1001 pascens,
3037 910 3418 982 suppeditabat.

1815 1023 2074 1084 quantum
2101 1011 2233 1066 satis
2254 1000 2392 1064 erat.
2413 1005 2574 1063 Jesus
2597 1012 2802 1069 autem,
2821 1011 2899 1074 ut
2926 1000 3211 1067 Dominus,
3231 1001 3415 1056 etiam

1817 1105 2031 1161 residua
2085 1103 2234 1157 facit.
2291 1100 2357 1155 Et
2389 1102 2502 1155 haec
2528 1097 2749 1169 quidem
2771 1095 2925 1165 juxta
2959 1092 3246 1148 historiam
3277 1104 3292 1150 :
3327 1107 3420 1143 ve-

1821 1212 1939 1250 rum
2004 1174 2159 1295 inp-ta
2215 1206 2514 1263 anagogen,
2568 1189 2810 1258 quinque
2866 1200 3035 1255 panes
3093 1193 3249 1287 sunt.
3282 1183 3420 1286 libri

1819 1287 2004 1352 Musis,
2030 1275 2120 1357 qui
2144 1286 2383 1356 qnlnqne
2405 1293 2553 1348 sunt,
2575 1279 2825 1346 Genesis,
2853 1277 3094 1343 Exodus,
3124 1275 3421 1340 Leviticus.

1819 1379 2042 1434 Numeri
2085 1389 2140 1432 et
2179 1369 2672 1431 Deuteronomium
2703 1388 2719 1438 ;
2749 1371 2859 1428 duo
2885 1380 3063 1425 autem
3109 1368 3309 1440 pisces,
3347 1369 3424 1436 pi-

1821 1480 2096 1526 scatorum
2127 1467 2274 1533 libri,
2308 1465 2602 1535 Apostolus
2639 1473 2699 1519 et
2725 1460 3104 1531 Evangelium.
3134 1459 3246 1515 Illis
3273 1460 3421 1514 enim

1821 1575 2114 1634 pascuntur
2161 1563 2400 1631 quinque
2441 1558 2618 1614 nostri
2673 1571 2894 1623 sensus,
2928 1555 3021 1626 qui
3057 1569 3155 1623 per
3179 1553 3425 1623 quinque

1823 1654 1990 1709 millia
2046 1651 2348 1721 signantur.
2388 1647 2592 1706 Verum
2624 1663 2729 1704 non
2752 1654 2983 1716 possunt
3011 1645 3198 1700 omnia
3224 1646 3416 1710 edere,

1823 1748 1916 1801 sed
1942 1744 2108 1800 multa
2133 1741 2343 1799 residua
2371 1741 2706 1811 relinquunt,
2731 1754 2852 1809 qum
2875 1736 3040 1810 204
3062 1735 3288 1807 apostoli
3333 1751 3430 1808 ge-

1824 1850 1970 1894 stare
1991 1844 2232 1906 possunt.
2264 1833 2399 1888 Nam
2423 1832 2753 1888 difficiliores
2771 1845 2961 1886 sensus
2985 1829 3143 1900 Legis
3168 1839 3221 1885 et
3248 1827 3430 1884 Evan-

1826 1931 2087 2001 gelioruttt
2127 1944 2224 1984 nos
2256 1928 2497 1997 quidem,
2530 1926 2773 1995 quinque
2812 1923 3061 1979 sensibus
3103 1923 3425 1990 servientes,

1829 2039 1934 2080 ttou
1961 2033 2263 2095 portamus,
2293 2020 2386 2077 sed
2416 2005 2664 2091 apostoli.

1908 2286 2072 2341 Vsus.
2106 2283 2294 2341 45-52.
2341 2305 2360 2336 ‹
2405 2283 2470 2339 Et
2512 2283 2697 2339 statim
2741 2282 2918 2354 coegit
2951 2281 3245 2350 discipulos
3301 2297 3431 2338 suos

1834 2379 2199 2436 conscendere
2221 2378 2423 2443 navim,
2457 2377 2514 2430 ut
2539 2375 2910 2446 praecederent
2934 2375 3257 2430 transmisso
3290 2373 3431 2430 mari

1835 2473 2204 2538 Betltsaidaut,
2250 2471 2379 2525 dum
2429 2472 2540 2537 ipse
2592 2469 2889 2524 dimitteret
2926 2469 3158 2524 turbant.
3208 2469 3276 2524 Et
3301 2483 3428 2524 eum

1837 2565 2132 2620 dimisisset
2161 2576 2277 2628 eos,
2319 2563 2451 2616 abiit
2501 2563 2554 2616 in
2611 2568 2849 2616 montem
2906 2560 2973 2616 ad
3025 2560 3312 2614 orandum.
3365 2559 3432 2614 Et

1837 2673 1959 2713 cum
2007 2655 2607 2725 vespera’advenisset,
2663 2660 2782 2708 erat
2809 2652 3035 2707 navisin
3069 2652 3249 2707 medio
3273 2653 3431 2714 tnari,

1837 2760 1893 2804 et
1938 2749 2053 2817 ipse
2100 2746 2249 2802 solus
2291 2747 2344 2800 in
2380 2754 2545 2810 terra,
2593 2744 2836 2814 viditque
2874 2758 2968 2799 eos
3012 2742 3331 2799 laborantes
3381 2745 3434 2796 in

1840 2841 2178 2912 remigando.
2227 2840 2360 2894 Erat
2402 2839 2549 2892 enim
2605 2848 2799 2894 ventus
2850 2833 3161 2893 contrarius
3217 2838 3318 2893 eis.
3373 2825 3440 2892 Et

1839 2932 1983 2986 circa
2037 2937 2287 2999 quartam
2334 2927 2571 2998 vigiliam
2605 2927 2782 2981 noctis
2821 2929 2971 2982 venit
3003 2928 3070 2980 ad
3114 2942 3208 2982 eos
3239 2927 3438 2981 ambu~

1840 3026 1959 3079 laus
2009 3037 2173 3093 super
2194 3035 2365 3085 mare,
2395 3027 2452 3075 et
2477 3019 2689 3075 volebat
2715 3021 2992 3089 praeterire
3019 3034 3131 3075 eos.
3161 3020 3232 3074 At
3265 3021 3340 3075 illi
3378 3031 3440 3074 ttt

1841 3117 2092 3172 viderunt
2119 3129 2243 3170 eum
2274 3112 2640 3168 ambulantem
2684 3127 2850 3182 super
2882 3127 3053 3177 mare,
3107 3123 3439 3183 putaverunt

1841 3216 2118 3278 spectrum
2170 3218 2293 3261 esse
2325 3214 2380 3260 et
2413 3203 2874 3260 exclamaverunt.
2927 3201 3130 3260 Omnes
3153 3206 3298 3259 enim
3358 3206 3439 3258 vi-

1845 3299 2043 3354 debant
2081 3311 2227 3363 eum,
2256 3305 2313 3350 et
2336 3295 2647 3351 conturbati
2696 3304 2846 3360 sunt,
2889 3305 2945 3350 et
2993 3296 3178 3350 statim
3230 3295 3440 3351 locutus

144 3393 270 3463 γὰρ
311 3391 474 3444 αὑτὸν
501 3388 664 3454 εἶδον,
689 3390 784 3443 καὶ
818 3388 1229 3458 ἐταράχθησαν,
1253 3389 1351 3442 καὶ
1382 3389 1584 3452 εὐθέως
1617 3388 1736 3444 ἐλά-

1854 3399 1942 3445 est
1971 3404 2094 3444 cum
2134 3388 2238 3454 eis,
2272 3387 2518 3456 dixitque
2575 3387 2656 3442 eis
2691 3399 2705 3444 :
2737 3385 3028 3453 Conﬂdite,
3068 3404 3169 3459 ego
3191 3404 3337 3455 sum,
3371 3405 3440 3444 tte

139 3483 292 3550 λησε
330 3479 447 3550 μετ’
483 3479 684 3544 αὐτῶν,
735 3480 831 3533 καὶ
870 3478 1021 3547 λέγει
1066 3480 1281 3543 αὐτοῖς·
1315 3480 1606 3551 Θαρσεῖτε,
1631 3479 1736 3549 ἐγώ

1849 3478 2182 3536 terreamini.
2213 3480 2279 3534 Et
2317 3479 2565 3535 ascendit
2589 3482 2655 3533 ad
2691 3479 2812 3535 illos
2857 3481 2911 3534 in
2952 3481 3153 3542 navim.
3205 3491 3261 3536 et
3307 3496 3439 3537 con-

140 3575 299 3643 εἰμι,
335 3571 408 3641 μὴ
451 3571 725 3640 φοϐεῖσθε.
767 3571 877 3624 Kal
921 3571 1089 3641 ἀνέϐη
1142 3572 1278 3642 πρὸς
1326 3573 1525 3636 αὐτοὺς
1573 3574 1652 3635 εἰς
1681 3573 1744 3625 τὸ

140 3665 368 3728 πλοῖον,
402 3663 500 3718 καὶ
525 3664 795 3717 ἐκόπασεν
820 3665 848 3716 ό
873 3663 1097 3734 ἄνεμος.
1124 3665 1236 3717 Καὶ
1259 3663 1379 3717 λίαν
1408 3665 1742 3735 ἐκπερισσοῡ

139 3749 460 3818 ἐνιαυτοῖς
493 3752 794 3820 ἐξίσταντο,
837 3755 932 3807 καὶ
972 3754 1308 3825 ἐθαύμαζον.
1349 3756 1424 3808 Ού
1464 3756 1575 3825 γὰρ
1619 3771 1743 3808 συν-

136 3850 305 3919 ἧκαν
344 3850 435 3901 ἐπὶ
469 3851 581 3910 τοῖς
609 3849 817 3920 άρτοιῖ.
855 3848 950 3901 Ἢν
979 3848 1086 3918 γάρ
1119 3849 1299 3901 αὐτῶν
1327 3851 1359 3918 ἡ
1395 3848 1593 3919 καρδία
1645 3865 1744 3900 πε-

138 3940 480 4012 πωρωμένη
517 3952 530 3966 ⁸
573 3958 593 3990 ι
629 3939 907 4008 ἠνάγκασε
967 3939 1092 4000 τοὺς
1171 3939 1440 4007 μαθητάς.
1504 3939 1580 3991 Οὐ
1638 3938 1745 4006 γὰρ

140 4031 362 4102 ἤθελον
389 4029 811 4101 ἀποσπασθῆναι
857 4029 1049 4097 αὑτοῦ,
1087 4027 1223 4083 ἀλλά
1276 4030 1368 4101 βίᾳ
1395 4029 1744 4100 ἐχωρίζοντο,

141 4125 283 4192 ἅμα
310 4121 410 4192 μὲν
438 4122 530 4174 διὰ
566 4121 666 4192 τὴν
707 4121 845 4192 πρὸς
894 4120 1056 4174 αὑτὸν
1105 4122 1348 4190 ἀγάπην,
1397 4121 1513 4192 ἃμα
1557 4121 1612 4172 δὲ
1653 4122 1748 4172 καὶ

136 4207 249 4262 διὰ
274 4208 340 4260 τὸ
365 4208 591 4278 ἀπορεῖν
620 4207 739 4272 πῶς
775 4210 841 4264 ἂν
880 4209 1025 4263 ἔλθοι
1051 4211 1190 4279 πρὸς
1213 4211 1411 4272 αὐτοὺς
1450 4210 1635 4262 πλοίου
1665 4211 1742 4280 μὴ

135 4301 342 4362 ὄντος.
389 4299 694 4362 Ἀπολύσας
730 4298 821 4352 οὖν
883 4301 1012 4364 τοὺς
1048 4301 1260 4371 ὄχλους,
1294 4302 1463 4372 ἀνέϐη
1507 4302 1714 4372 προσεύ

136 4392 366 4458 ξασθαι
390 4391 511 4446 κατ’
547 4391 705 4444 ἰδίαν.
735 4379 937 4461 Σχολῆς
968 4394 1078 4462 γὰρ
1113 4393 1208 4445 καὶ
1240 4393 1547 4464 ἀταραξίας
1573 4394 1744 4448 δεῖται

133 4489 180 4549 ἠ
226 4483 539 4556 προσευχὴ.
575 4483 795 4553 Ἀφίησι
823 4485 879 4536 δὲ
906 4484 1033 4546 τοὺς
1069 4484 1316 4554 μαθητὰς
1354 4487 1741 4557 πειρασθῆναι,

139 4579 257 4632 ἵνα
303 4574 552 4646 μάθωσιν
576 4575 890 4644 ὑπομένειν.
921 4576 1021 4628 Διά
1057 4577 1216 4629 τοῦτο
1247 4579 1355 4649 γὰρ
1402 4579 1522 4632 ούδέ
1546 4579 1749 4642 εύθέως

132 4672 353 4732 αὐτοῖς
380 4669 690 4739 ἐφίσταται,
719 4668 854 4722 ἀλλά
875 4669 943 4722 δι’
975 4670 1104 4740 ὅλης
1133 4673 1234 4740 τῇς
1251 4671 1442 4734 νυκτὸς
1475 4673 1751 4742 συγχωρεῖ

1847 3572 2052 3642 quievit
2083 3580 2296 3627 ventus.
2327 3571 2396 3625 Et.
2427 3572 2778 3625 vehementer
2818 3586 2981 3639 supra
3037 3572 3256 3626 modum
3295 3572 3437 3627 intra

1847 3678 1907 3718 se
1935 3662 2225 3733 stupebant
2287 3671 2340 3716 et
2394 3660 2821 3716 admirabantur.
2862 3658 2981 3714 Non
3032 3663 3174 3715 enim
3229 3663 3443 3717 intelle-

1851 3765 2046 3811 xerant
2089 3755 2155 3810 de
2207 3754 2434 3822 panibus
2464 3772 2479 3809 :
2515 3761 2635 3808 erat
2677 3752 2824 3807 enim
2859 3769 2952 3807 eor
2972 3767 3160 3808 eorum
3195 3753 3441 3809 obcaeca-

1853 3863 1985 3908 tum.
2027 3871 2046 3904 ι
2085 3851 2241 3918 Cogit
2262 3849 2574 3919 discipulos.
2599 3847 2863 3904 Nolebant
2891 3851 3036 3903 enim
3072 3849 3230 3902 avelli
3259 3847 3328 3902 ab
3353 3863 3440 3912 en,

1850 3952 1946 4001 sed
1990 3945 2037 3998 vi
2067 3943 2479 4013 separabantur,
2536 3944 2732 4012 partim
2785 3952 3006 4012 propter
3038 3957 3279 3995 amorem
3312 3958 3440 4013 erga

1852 4037 2024 4102 illum,
2087 4037 2284 4107 partim
2345 4035 2488 4104 quod
2541 4034 2862 4089 dubitabant
2921 4034 3323 4103 quomodonam
3375 4035 3444 4087 ad

1851 4132 1998 4200 ipsos
2053 4129 2291 4192 rediret,
2323 4126 2692 4182 cutnabessct
2731 4127 2902 4180 navis.
2967 4125 3214 4182 Dimissis
3259 4130 3444 4198 itaque

1853 4220 2025 4275 turbis
2051 4220 2364 4275 ascenditin
2388 4229 2624 4274 montem
2653 4227 2708 4273 ut
2732 4230 2915 4274 oraret
2936 4235 3204 4276 seorsum.
3253 4221 3446 4286 Quir-te

1851 4312 1998 4366 enim
2037 4321 2090 4365 et
2123 4311 2513 4379 tranquillitate
2535 4326 2672 4379 opus
2697 4311 2896 4365 habent
2930 4327 3135 4380 preces.
3175 4312 3444 4365 Cutterttttt

1853 4403 2146 4472 discipulos
2195 4404 2393 4458 tentari
2452 4402 2739 4472 permittit,
2769 4412 2828 4456 ut
2861 4402 3074 4457 disc:tnt
3102 4404 3444 4471 patientiam.

1853 4494 1986 4548 Nam
2020 4504 2300 4564 pr0ptcrea
2358 4508 2464 4548 non
2527 4494 2709 4548 statim
2761 4495 2868 4550 illis
2923 4496 3151 4561 assistit,
3201 4498 3297 4551 sed
3334 4506 3445 4552 tota

1855 4595 2018 4640 nocte
2040 4585 2170 4639 sinit
2193 4585 2246 4638 in
2277 4593 2602 4654 tempestate
2626 4591 2766 4650 esse,
2799 4597 2860 4640 ut
2885 4589 3076 4642 doceat
3103 4587 3274 4642 fortes
3302 4605 3442 4654 esse,

1852 4689 1908 4731 et
1962 4693 2066 4732 non
2135 4678 2191 4732 in
2245 4678 2515 4747 principio
2562 4680 2924 4732 tentatiouum
2971 4679 3292 4749 sperandam
3354 4698 3445 4735 re.

129 4761 617 4826 κλυδωνίζεσθαι,
678 4762 767 4815 ἶνα
815 4762 1002 4832 διδάξῃ
1064 4766 1372 4833 καρτερεῖν,
1412 4766 1503 4816 καὶ
1561 4765 1636 4834 μὴ
1690 4767 1736 4816 ἐκ

1857 4769 2059 4838 quiem.
2128 4767 2366 4822 Observa
2412 4777 2466 4822 et
2497 4769 2664 4831 aliud,
2707 4769 2849 4834 quod
2899 4770 3126 4825 daturus
3157 4770 3318 4824 linem
3354 4788 3444 4825 rc-

130 4854 314 4925 ἀρχῇ
341 4851 449 4903 τῶν
474 4851 663 4904 δεινῶν
681 4850 922 4916 ἐλπίζειν
949 4851 1153 4905 ἄνεσιν.
1173 4853 1314 4923 Ὅρα
1343 4853 1399 4905 δέ
1431 4855 1525 4906 καὶ
1541 4854 1626 4906 ἐτε
1638 4871 1748 4923 ρον,

127 4947 245 4998 ὅτι
295 4944 430 4995 ὅταν
477 4943 644 5014 μέλλῃ
684 4941 883 4995 παύειν
934 4943 1004 4994 τά
1058 4943 1230 5009 δεινὰ,
1271 4943 1392 4998 τότε
1430 4944 1632 5014 μᾶλλον
1674 4950 1754 5008 εἰς

134 5032 401 5106 μείζονα
427 5032 594 5102 φόϐον
614 5033 908 5102 ἐντίθησιν.
955 5031 1177 5095 Ἰδόντες
1226 5033 1335 5102 γὰρ
1371 5033 1553 5100 αὑτὸν,
1590 5035 1753 5106 ἔκραο

134 5128 292 5192 ξαν,
325 5124 694 5194 ταραχθέντες
717 5123 794 5187 ὼς
831 5124 922 5176 ἐπὶ
973 5125 1360 5194 φαντάσματι·
1415 5127 1510 5178 καὶ
1553 5127 1755 5187 εὐθέως

125 5217 256 5272 διὰ
326 5217 428 5286 τῆς
461 5217 644 5288 φωνῆς
677 5217 971 5289 θεραπεύει
999 5217 1216 5284 αὐτοὺς,
1268 5217 1476 5286 λέγων’
1516 5219 1610 5290 Μὴ
1654 5236 1752 5284 φο-

129 5308 385 5384 6αῖσθε.
427 5307 562 5362 Εἶτα
589 5311 687 5362 καὶ
709 5309 799 5364 διὰ
825 5309 919 5362 τοῦ
952 5308 1189 5379 ἐμϐῆναι
1227 5311 1304 5372 εἰς
1337 5310 1395 5362 τὸ
1425 5311 1630 5374 πλοῖον,
1656 5311 1756 5381 τὴν

126 5400 519 5472 τελεωτέραν
555 5402 742 5463 αὐτοῖς
802 5399 1110 5471 ἀταραξίαν
1160 5403 1546 5471 περιποιεῖται.
1580 5401 1758 5464 Εὐθὺς

124 5494 280 5564 γὰρ
312 5492 587 5546 ἐκόπασεν
614 5495 643 5545 ό
691 5491 913 5562 ἄνεμος.
943 5492 1102 5558 Μέγα
1128 5491 1183 5543 δὲ
1219 5491 1402 5561 θαῦμα
1441 5493 1503 5544 τὸ
1537 5493 1630 5545 ἐπὶ.
1659 5492 1757 5545 θα-

127 5586 393 5654 λάσσης
428 5586 774 5653 περιπατεῖν,
807 5585 902 5637 καὶ
931 5585 1065 5637 Θεοῦ
1093 5584 1169 5653 τῷ
1195 5585 1331 5648 ὄντι,
1365 5587 1425 5637 τὸ
1444 5585 1501 5638 δέ
1542 5587 1634 5638 καὶ
1663 5604 1758 5639 τα-

123 5679 353 5754 ραχῆς
380 5675 569 5746 οὔσης,
605 5677 701 5732 καὶ
728 5678 824 5732 τοῦ
867 5680 1072 5748 ἀνέμου
1110 5680 1545 5749 ἐναντιουμένου,
1567 5680 1757 5735 ἐπίτα-

127 5787 255 5833 σις
277 5768 380 5822 τοῦ
407 5767 710 5839 θαύματος.
737 5769 802 5823 Ol
829 5771 887 5822 δὲ
917 5771 1211 5824 ἀπόστολοι
1265 5772 1325 5824 οὺ
1365 5775 1642 5835 συνιέντες
1665 5773 1760 5825 ἐπὶ

121 5851 288 5924 scd;
333 5861 546 5930 ἄρτοις,
591 5860 700 5913 ἀπὸ
741 5860 933 5915 τούτου
963 5861 1059 5914 τοῦ
1105 5863 1382 5932 θαύματος
1417 5863 1511 5918 τοῦ
1557 5867 1652 5917 ἐπὶ⁵
1691 5868 1758 5936 τῇ

1860 4874 1976 4912 runt
2023 4857 2454 4923 dimeultatibus,
2516 4859 2568 4912 in
2617 4859 2877 4929 majorem
2904 4860 3026 4915 illos
3052 4872 3316 4916 terrorem
3351 4865 3446 4918 ad-

1858 4949 2030 5004 ducit.
2069 4949 2198 5006 Viso
2221 4952 2388 5022 igitur
2414 4952 2525 5017 illo,
2549 4954 2924 5008 clamaverunt
2959 4957 3155 5011 turbati
3186 4966 3441 5028 tauquam

1861 5043 1912 5095 itt
1974 5043 2377 5110 phantasmate,
2403 5053 2455 5098 et
2474 5046 2657 5099 statim
2690 5060 2786 5113 per
2816 5061 3003 5100 vocent
3036 5049 3312 5103 succurrit
3343 5053 3444 5114 cis.

1859 5134 2086 5188 dicens:
2119 5134 2192 5188 Ne
2241 5137 2577 5193 terreamiui.
2613 5139 2812 5193 Deinde
2846 5150 2900 5194 et
2924 5155 3022 5210 per
3053 5140 3360 5211 ingressum
3395 5146 3446 5198 in

1860 5227 2061 5292 natim,
2112 5225 2372 5294 majorem
2419 5229 2525 5284 illis
2565 5233 2911 5287 securitatem
2939 5235 3099 5302 parit.
3147 5236 3448 5292 Confestim

1859 5317 2001 5372 enim
2035 5317 2580 5387 conquievitventus.
2617 5321 2866 5391 Magnum
2895 5337 3076 5379 autent
3102 5326 3448 5392 miraculum,

1862 5409 2144 5464 ambulare
2194 5425 2357 5480 super
2402 5427 2573 5474 mare.
2607 5423 2661 5466 et
2694 5426 2882 5467 revera
2907 5411 3148 5471 divinum
3190 5442 3199 5470 -.
3236 5423 3296 5473 et’
3328 5437 3451 5476 cum

1860 5511 2007 5557 esset
2058 5512 2204 5557 tanta
2283 5515 2596 5574 tempestas,
2638 5515 2856 5574 tamque
2895 5513 3203 5564 contrarius
3233 5525 3451 5578 ventus,

1862 5593 2109 5648 miraculi
2168 5597 2563 5650 incrementum
2602 5608 2736 5650 erat.
2796 5601 3039 5667 Apostoli
3094 5612 3277 5656 autem
3327 5618 3450 5656 cum

1863 5699 1973 5739 non
2025 5687 2421 5742 intellexissent
2452 5690 2517 5743 de
2563 5693 2812 5758 panibus,
2851 5707 2933 5744 ιρι
2966 5693 3067 5746 hoc
3097 5693 3365 5748 miraculo
3396 5695 3450 5746 in

1865 5779 2002 5832 mari
2049 5778 2450 5834 intellexerunt.
2479 5781 2733 5836 .Videtnr
2779 5800 2913 5839 sane
2946 5785 3198 5841 Christus
3229 5796 3455 5854 propter

1865 5869 1968 5925 hoc
2003 5872 2316 5936 permisisse
2367 5873 2486 5926 illos
2531 5877 2747 5940 tentari,
2785 5886 2842 5928 ut
2871 5877 3125 5944 quoniam
3159 5893 3187 5928 a
3220 5877 3455 5944 panibus

121 5953 426 6026 θαλάσσῃ
450 5956 692 6025 συνῆκαν
715 5970 730 5986 ο
759 5954 936 6010 ἔοικεν
951 5951 1045 6008 οὖν
1072 5956 1100 6007 ὁ
1121 5956 1358 6024 Χριστὸς
1376 5961 1470 6009 καί
1495 5956 1585 6012 διὰ
1602 5957 1736 6010 τοῦτ

1866 5976 1989 6014 cum
2019 5975 2124 6014 n0n
2148 5962 2550 6030 cognovissent,
2586 5966 2832 6018 notitiam
2865 5982 2893 6020 a
2924 5968 3058 6020 mari
3089 5969 3454 6036 perciperent,

133 6047 542 6116 συγχωρῆσαι
595 6046 792 6110 αὐτοὺς
824 6048 1211 6118 πειρασθῆναι,
1247 6049 1332 6100 ἵνα
1371 6051 1495 6100 ἐπεὶ
1547 6050 1621 6120 μὴ
1655 6051 1736 6103 ἀπ

1867 6060 2030 6121 atque
2059 6052 2347 6106 utilitatem
2377 6067 2862 6126 consequerentur.

127 6137 289 6200 τῶν
321 6138 508 6207 ἀρτων
531 6135 695 6189 αὑτὸν
725 6137 1057 6205 ἐπέγνωσαν,
1097 6139 1390 6207 ἐπιγνῶσιν
1413 6140 1521 6193 ἀπο
1551 6142 1645 6210 τῆς
1677 6141 1973 6212 θαλάσσης,
1999 6143 2092 6194 καὶ
2111 6142 2492 6212 ὠφεληθῶσιν.
