4028 6616
151 554 253 624 561

835 548 1289 624 ENARRAJ'IO
1329 548 1415 609 IN
1448 543 1949 608 EVANGELIUM
1991 543 2254 603 MARCI.
2292 567 2357 577 —
2396 541 2551 613 CAR.
2582 540 2715 606 VII.

3312 538 3419 602 56!

154 668 375 739 ρήσητε.
409 665 614 735 Μωσῆς
637 662 745 735 γὰρ
775 657 897 716 εἷπε
920 680 932 693 ·
970 662 1117 733 Τίμα
1144 662 1235 715 τὸν
1258 660 1475 730 πατέρα
1504 675 1598 713 σου
1627 658 1732 711 καῖ’

1850 665 2055 710 natrem
2098 664 2275 722 tuam;
2311 664 2366 712 et
2400 673 2413 710 :
2444 654 2547 722 Qui
2592 650 2940 709 malediserlt
2967 650 3109 720 patri
3165 649 3249 705 vel
3299 668 3415 705 ma-

150 760 249 832 sbv
270 757 497 829 ’μητέρα
529 772 643 810 σου⁹
679 758 799 821 καὶ,
851 755 909 809 '0
942 754 1261 823 κακολογῶν
1302 752 1514 823 πατέρα
1546 753 1580 825 ἢ
1628 768 1731 821 μηο

154 850 311 918 ητίρα,
344 847 561 917 Θανάτῳ
614 845 941 899 τελευτάτω.
988 844 1178 913 Ὑμεῖς
1226 844 1286 897 δὲ
1314 843 1543 911 λέγετε⁸
1605 841 1731 895 Ἐὰν

152 941 280 1010 εῖπη
307 936 594 1013 ἄνθρωπος
642 933 722 1004 τῷ
775 935 945 1005 πατρὶ
986 934 1019 1004 ἢ
1067 936 1134 1004 τῇ
1184 935 1377 1005 μητρὶ,
1427 931 1670 1003 Κορϐάν,
1703 931 1733 983 δ

158 1030 275 1083 ἑστι
305 1026 508 1095 Δῶρον,
539 1026 567 1079 ὃ
604 1024 698 1099 ἐὰν
746 1023 806 1089 ἐξ
849 1023 985 1093 ἐμοῦ
1020 1024 1328 1095 ὠφεληθῇς,
1366 1023 1462 1076 καὶ
1500 1022 1602 1076 οὑκ
1651 1020 1734 1075 ιτι

150 1118 342 1190 ἀφίετε
372 1117 535 1172 αὑτὸν
583 1102 736 1169 σ’ὑδὲν
764 1113 991 1183 ποιῆσαι
1035 1113 1114 1183 τῷ
1165 1114 1333 1183 πατρὶ
1373 1111 1541 1167 αὑτοῦ
1581 1110 1615 1182 ἢ
1662 1113 1731 1182 τῇ

160 1208 330 1278 μητρὶ
382 1204 571 1270 αὑτοῦ,
630 1204 967 1273 ἀκυροῦντες
1020 1204 1112 1257 τὸν
1165 1203 1323 1272 λόγον
1367 1201 1464 1258 τοῦ
1490 1200 1626 1255 Θεοῦ
1661 1202 1729 1272 τῇ

151 1298 449 1368 παραδόσει
473 1290 677 1370 ὑμῶνῇ
701 1296 1056 1366 παρεδώκατε
1092 1334 1107 1359 ,
1140 1295 1234 1349 καὶ
1260 1295 1538 1369 παρόμοια
1555 1293 1733 1348 τοιαῦ·

154 1409 221 1445 τα
253 1389 423 1444 πολλά
480 1390 704 1443 ποιεῖτε.
742 1409 759 1441 ι
808 1387 1266 1459 Ἐμϐριθέστερον
1314 1387 1557 1455 ἐλέγχων
1604 1386 1731 1449 τοὺς

168 1480 458 1544 Ἰουδαίους
488 1482 516 1532 ό
571 1478 795 1550 Κύριος,
856 1480 1098 1550 παράγει
1150 1479 1245 1531 καὶ
1304 1478 1396 1531 τὸν
1447 1479 1735 1547 προφήτην

158 1572 568 1645 κατηγοροῦντα
619 1570 818 1633 αὑτῶν.
872 1572 1104 1624 Ἐκεῖνοι
1144 1571 1241 1641 μὲν
1266 1568 1357 1627 οὖν
1387 1570 1497 1632 τοῖς
1552 1568 1731 1638 μαθην

155 1668 271 1727 ταῖς
297 1663 588 1735 ἑνεκάλουν
614 1662 696 1715 ὃτι
729 1662 829 1732 τὴν
856 1662 968 1714 τῶν
1001 1661 1391 1731 πρεσϐυτέρων
1426 1660 1733 1732 παράδοσιν

156 1755 485 1825 παρέϐαινον
519 1795 533 1821 ,
559 1757 589 1808 ό
623 1754 827 1827 Κύριος
885 1757 942 1810 δὲ
975 1756 1162 1819 αὐτοῖς
1208 1754 1565 1825 ἀντεπιφέρει
1599 1769 1733 1821 σφο-

151 1848 411 1919 δρότερον
434 1846 708 1920 ἔγκλημα.
742 1848 804 1903 τὸ
830 1848 923 1902 τὸν
944 1847 1038 1901 τοῦ
1066 1846 1315 1919 Μωσέως
1347 1848 1511 1917 νόμον
1551 1863 1733 1915 παραν

156 1928 388 1993 ϐαίνειν.
443 1938 502 1991 '0
536 1941 637 2010 μὲν
670 1940 781 2011 γὰρ
830 1940 996 2010 νόμος
1039 1940 1196 2009 φησι,
1246 1939 1428 2006 λέγει·
1466 1939 1614 2007 Τίμα
1646 1937 1737 1989 τὸν

1840 748 1930 813 tri,
1958 756 2132 803 morte
2163 747 2446 803 moriatur.
2480 746 2591 801 Vos
2621 755 2811 801 autem
2850 741 3073 815 (licitis:
3118 742 3176 797 Si
3213 744 3414 798 dixerit

1834 842 1997 915 homo
2043 840 2181 911 patri
2221 848 2313 895 aut
2363 839 2542 917 matri
2576 837 2816 900 Corbau,
2868 836 3013 906 quod
3040 846 3144 899 est,
3185 824 3420 903 Donum,

1842 933 2203 1003 quodcunque
2236 948 2299 987 ex
2339 938 2425 987 me
2486 931 2539 987 in
2577 941 2727 984 tuum
2767 930 2924 983 cedet
2948 927 3324 991 commodum,
3362 935 3417 982 et

1833 1030 2094 1091 praeterea
2145 1035 2253 1076 non
2316 1020 2637 1076 sinitiseum
2682 1017 2980 1088 quidquam
3018 1016 3221 1082 facere
3276 1018 3418 1085 patri

1834 1128 1954 1178 suo,
1983 1121 2077 1167 aut
2109 1112 2270 1167 matri
2310 1127 2446 1177 sum,
2476 1119 2529 1166 ct
2566 1110 2779 1167 irritum
2812 1108 3009 1170 facitis.
3044 1108 3273 1171 mltum
3323 1106 3417 1161 Dci

1835 1220 1932 1274 per
1962 1203 2410 1259 constitutionem
2469 1211 2707 1261 vestram
2770 1216 2931 1270 quam
2978 1198 3319 1263 indidistis,
3358 1211 3417 1254 et

1834 1297 2001 1369 206
2034 1296 2233 1352 similia
2268 1294 2575 1365 huiusmodi
2596 1293 2767 1349 multa
2792 1292 3006 1350 facitis.
3046 1310 3065 1344 ι
3089 1289 3178 1354 Ut,
3202 1291 3423 1371 gravius

1839 1396 2033 1460 arguat
2086 1388 2349 1441 Dominus
2391 1384 2630 1451 Iudaeos,
2678 1385 2898 1441 adducit
2940 1395 2995 1439 et
3034 1383 3358 1454 prophetam
3390 1398 3419 1437 α

1837 1496 1945 1551 quo
1979 1466 2256 1536 taxantur.
2300 1478 2553 1551 Illienim
2590 1478 2887 1547 discipulos
2944 1477 3247 1548 arguebant
3279 1490 3405 1547 quot

1839 1574 2116 1629 seniorum
2156 1572 2504 1627 traditionem
2544 1571 2887 1641 pravaricali
2928 1578 3130 1632 essent.
3160 1569 3395 1633 Domina

1840 1675 2020 1720 autem
2056 1665 2135 1719 eis
2157 1664 2403 1736 impingit
2421 1664 2630 1719 crimen
2654 1664 2813 1731 longe
2836 1662 3075 1731 gravius,
3101 1662 3244 1731 quod
3261 1659 3415 1719 Mosi.

1840 1758 2007 1828 legem
2038 1758 2545 1827 praevaricarentur.
2588 1755 2697 1811 Lex
2718 1757 2864 1811 enim
2898 1754 2994 1821 ait,
3014 1753 3152 1811 dicit
3176 1772 3189 1807 :
3212 1752 3428 1808 Honora

1840 1859 2052 1920 patrem
2071 1861 2215 1903 tuum
2235 1859 2288 1905 et
2307 1860 2535 1905 matrem
2554 1859 2700 1904 tuam
2724 1867 2737 1902 :
2758 1863 2851 1903 vos
2873 1856 3054 1902 autem
3072 1847 3280 1902 docetis
3296 1860 3433 1917 pue-

1840 1957 1931 1999 ros
1948 1952 2006 1995 ut
2033 1942 2217 1995 dicant
2236 1942 2306 1995 ad
2321 1951 2595 2015 parentes,
2612 1939 2851 2007 Corban,
2877 1939 2981 1995 hoc
3006 1948 3110 2005 est,
3138 1938 3347 2002 Donum
3377 1947 3433 1993 et

156 2030 373 2100 πατέρα
407 2046 500 2082 σου
532 2031 626 2084 καὶ
652 2030 753 2101 τὴν
776 2032 988 2104 μητέρα
1022 2047 1117 2084 σου
1144 2044 1157 2057 ⁸
1196 2033 1358 2101 ὑμεῖς
1383 2030 1440 2084 δὲ
1463 2028 1743 2083 διδάσκετε

1850 2034 2085 2089 oblatum
2149 2033 2261 2090 Deo
2311 2044 2417 2098 est,
2452 2033 2598 2102 quod
2661 2035 2863 2105 qumris
2902 2048 2968 2090 ex
3017 2048 3124 2088 me.
3170 2031 3427 2091 Pharisaei

90 2190 93 2191 ν
156 2121 283 2183 τοὺς
329 2120 525 2183 παῖδας
572 2121 748 2190 λέγειν
789 2123 925 2193 πρὸς
968 2124 1095 2185 τοὺς
1152 2126 1349 2193 γονεῖς,
1385 2122 1466 2175 ὅτι
1498 2120 1743 2189 Κορϐὰν,

152 2209 425 2273 τουτέστι,
452 2209 638 2281 Δῶρον
664 2212 756 2266 καὶ
790 2213 1215 2281 ἀνατεθειμένον
1263 2213 1340 2283 τῷ
1370 2210 1489 2281 θεῷ
1518 2213 1688 2271 ὲυτιν,
1714 2208 1743 2261 ὃ

155 2292 342 2369 ζητεῖς
373 2298 431 2363 ἑξ
460 2300 617 2368 ἐμοῦ.
646 2302 709 2353 Ol
731 2300 839 2371 γὰρ
865 2302 1148 2371 Φαρισαῖοι
1173 2302 1416 2365 θέλοντες
1434 2300 1743 2355 κατεσθίειν

154 2390 227 2443 τὰ
257 2391 365 2451 τῶν
396 2390 802 2461 ἀφελεστέρων,
837 2386 1117 2446 ἐδίδασκον
1158 2395 1283 2455 τοὺς
1316 2393 1538 2455 παῖδας,
1572 2393 1667 2447 ἐάν
1689 2409 1741 2443 τι

155 2474 307 2550 εἶχον
331 2480 499 2532 οἱονεὶ
529 2480 839 2547 πεκούλιον,
871 2481 964 2534 καὶ¹
995 2481 1222 2553 ἐζήτουν
1252 2483 1412 2535 τοῦτο
1451 2484 1499 2535 οἱ
1531 2483 1740 2550 γονεῖς,

64 2574 77 2579 ”
155 2570 360 2638 λέγειν,
382 2571 463 2623 ὅτι
496 2570 637 2643 Ἤδη
661 2572 941 2643 ἀφιέρωσα
964 2572 1122 2626 τοῦτο
1146 2574 1221 2644 τῷ
1250 2574 1390 2644 Θεῷ,
1416 2574 1509 2628 καὶ
1546 2573 1744 2644 μηκέτι

155 2665 339 2735 ζήτει,
365 2665 439 2727 ὡς
463 2665 726 2720 ἀνατεθὲν
751 2666 829 2739 τῷ
851 2668 1063 2740 Κυρίῳ.
1096 2668 1282 2733 Οὑτως
1304 2668 1397 2722 οὖν
1427 2668 1745 2730 ἀπατῶντες

154 2756 290 2820 τοὺς
333 2757 550 2822 παῖδας,
622 2760 716 2813 καὶ
762 2759 1161 2830 συμπείθοντες
1215 2762 1413 2823 αὑτοὺς
1474 2759 1739 2831 ἁφιεροὺν

151 2845 324 2918 δῆθεν
361 2848 441 2920 τῷ
481 2850 602 2921 Θεῷ
632 2850 668 2904 ἃ
704 2848 871 2921 εἶχον,
928 2853 1054 2914 τοὺς
1102 2852 1202 2923 μὲν
1242 2852 1485 2923 πατέρας
1520 2852 1741 2904 ἐποίουν

155 2944 543 3011 περιφρονεῖν,
600 2928 852 2998 αὑτοιδὲ
890 2944 960 2998 τὰ
1004 2945 1384 3015 ἁφιερωθὲντα
1421 2946 1741 3016 κατήσθιον.

155 3030 339 3085 Τοῦτο
374 3033 466 3087 οὖν
497 3036 680 3100 αὑτοῖς
707 3038 736 3088 ό
789 3035 992 3105 Κύριος
1022 3038 1270 3105 ιγκαλεῖ,
1294 3037 1370 3099 ὡς
1402 3036 1491 3091 διὰ
1547 3038 1743 3107 κέρδος

156 3124 567 3194 παραϐαίνουσι
602 3129 696 3181 τὸν
723 3127 818 3181 τυῦ
848 3127 987 3181 Θεοῦ
1036 3130 1223 3199 νόμον.

241 3234 264 3267 ε
297 3218 407 3271 Καὶ
426 3221 956 3291 προσκαλεσάμενος
1002 3222 1182 3275 πάντα
1224 3220 1316 3275 τὸν
1345 3221 1524 3292 δχλον,
1558 3222 1744 3288 ῖλεγεν

154 3308 354 3372 αὐτοῖς
378 3326 391 3340 ·
431 3311 675 3365 Ἀκούετε
713 3330 835 3382 μου,
880 3316 1106 3378 πάντες,
1151 3315 1245 3367 καὶ
1271 3315 1513 3367 συνίετε·
1576 3314 1744 3381 υὺδέν

154 3402 320 3455 ἔστιν
350 3400 549 3466 ἔξωθεν
584 3403 680 3456 τοῦ
716 3406 1008 3478 ἀνθρώπου
1038 3405 1497 3476 είσπορευόμενον
1532 3406 1613 3468 είς
1650 3405 1749 3458 αὑο

153 3493 285 3557 τὸν,
317 3492 347 3545 δ
376 3493 600 3550 δύναται
636 3496 803 3550 αὑτὸν
835 3496 1121 3561 κοινῶσαι,
1172 3496 1313 3550 ἀλλὰ
1357 3496 1427 3550 τὰ
1454 3496 1753 3569 ἐκπορευό-

156 3602 312 3655 μενα
337 3585 433 3639 ἀπ’
450 3587 855 3653 αὑτοῦ,·ὲκεῖνὰ
881 3592 998 3642 ἐστι
1022 3588 1093 3643 τὰ
1120 3587 1513 3645 κοινοῦντατδν
1546 3586 1757 3658 ἄνθρωσ

152 3668 293 3732 τὴν.
336 3678 406 3731 EE
454 3695 536 3742 τις
588 3679 702 3749 ἔχει
732 3674 847 3734 ὦτα
901 3678 1144 3743 ἀκούειν,
1200 3678 1469 3733 ἀκουέτω.
1524 3678 1635 3732 Καὶ
1663 3678 1753 3731 ὅτε

148 3770 421 3841 εἰσῆλθεν
454 3774 533 3836 είς
558 3770 709 3827 οἷκον
738 3774 845 3827 ἀπὸ
878 3773 974 3826 τοῦ
1004 3774 1183 3844 δχλου,
1244 3770 1550 3843 ἐπηρώτων
1583 3771 1749 3825 αὑτὸν

151 3861 206 3912 oi
250 3858 500 3931 μαθηταὶ
524 3860 692 3915 αὑτοῦ
746 3863 1005 3933 περὶτῆς
1053 3861 1391 3933 παραϐολῆς.
1446 3863 1557 3915 Καὶ
1602 3861 1754 3929 λέγει

146 3949 393 4014 αὐτοῖς’
428 3950 586 4023 Οὕτω
648 3953 740 4006 καὶ
790 3954 951 4023 ὑμεῖς
984 3953 1235 4007 ἀσύνετοί
1270 3955 1430 4019 ὲστε;
1469 3951 1549 4008 Οὐ
1581 3955 1755 4007 νοεῖτε

146 4042 244 4096 δτι
285 4043 404 4095 πᾶν
444 4041 506 4096 τὺ
530 4041 729 4107 ἔξωθεν
766 4044 1228 4115 εἰσπορευόμενον
1285 4045 1364 4107 είς
1394 4045 1489 4098 τὸν
1538 4042 1754 4114 ἄνθρω-

145 4152 292 4211 πον,
330 4134 392 4188 οὒ
431 4134 652 4189 δύναται
674 4134 845 4208 αὑτὸν⁵
863 4136 1146 4198 κοινῶσαι,
1187 4137 1271 4189 ὅτι
1294 4136 1395 4190 οὑκ
1431 4134 1757 4207 εἰσπορεύε-

142 4244 247 4280 ται
288 4224 466 4280 αὑτοῦ
488 4226 569 4290 είς
592 4226 691 4297 τὴν
706 4227 970 4297 καρδίαν,
1000 4227 1121 4281 ἀλλ’
1148 4229 1229 4290 είς
1261 4228 1360 4297 τὴν
1397 4227 1631 4293 κοιλίαν,
1662 4227 1757 4281 καὶ

141 4318 368 4383 είςετδν
395 4316 683 4389 ἀφεδρῶνα
716 4317 1100 4388 ἐκπορεύεται,
1152 4316 1536 4388 ἑκκαθαρίζων
1576 4316 1756 4371 πάντα

137 4412 218 4465 τὰ
252 4407 564 4481 βρώματα;
596 4408 790 4477 Ἔλεγε
849 4408 925 4472 δὲ,
966 4410 1049 4463 ὅτι
1092 4410 1167 4465 Τὸ
1204 4413 1293 4477 εκ,
1325 4410 1422 4463 τοῦ
1461 4410 1754 4481 ἀνθρώπου

141 4500 634 4572 ἐκπορευόμενον,
650 4502 825 4553 ἐκεῖνο
845 4502 1017 4554 κοινοῖ
1060 4501 1154 4554 τὸν
1169 4501 1480 4572 ἄνθρωπον.
1503 4503 1749 4555 Ἐσωθεν

135 4598 266 4668 γὰρ
293 4600 372 4650 ὲκ
405 4594 507 4664 τῆς
528 4594 757 4662 καρδίας
783 4594 892 4648 τῶν
919 4594 1227 4666 ἀνθρώπων
1256 4595 1306 4647 oi
1334 4595 1679 4665 διαλογισμοὶ
1704 4598 1753 4650 οί

1846 2126 1989 2179 enim
2024 2126 2271 2189 volentes
2300 2126 2567 2181 devorare
2624 2140 2687 2181 ea
2732 2142 2855 2196 qua:
2884 2135 3042 2181 erant
3071 2125 3431 2197 plebeiorum,

1846 2217 2115 2272 docebant
2148 2231 2372 2286 pueros,
2406 2218 2450 2272 si
2484 2218 2614 2286 quid
2647 2215 2912 2271 baberent
2946 2217 3094 2270 velut
3122 2215 3392 2285 peculium
3418 2253 3433 2279 ,

1846 2318 1901 2365 et
1932 2310 2059 2364 illud
2104 2319 2412 2379 quaererent
2458 2322 2733 2381 parentes,
2761 2310 3051 2366 dicerent:
3087 2307 3205 2365 Jam
3241 2323 3435 2364 conse-

1847 2403 1990 2456 cravi
2028 2402 2129 2457 hoc
2158 2402 2306 2469 Deo;
2335 2420 2402 2460 ne
2449 2404 2588 2466 ultra
2620 2418 2834 2472 quartis
2890 2403 3003 2473 jam
3049 2403 3292 2459 oblatum
3331 2402 3436 2455 Do-

1850 2494 2015 2548 mino.
2046 2493 2217 2563 Igitur
2247 2496 2326 2551 sic
2358 2495 2707 2565 decipiebant
2744 2510 2963 2565 pueros,
2998 2505 3054 2550 et
3101 2493 3265 2550 simul
3300 2509 3437 2563 per-

1848 2588 2153 2640 suadebant
2190 2588 2270 2643 eis
2311 2597 2368 2645 ut
2409 2597 2805 2643 consecrarent
2843 2586 3074 2642 Domino
3106 2602 3227 2657 qua
3260 2586 3435 2641 habe.

1850 2684 1972 2730 rent
2003 2662 2016 2729 ξ
2048 2692 2157 2744 quo
2188 2686 2443 2747 parentes
2472 2677 2744 2734 faciebant
2779 2677 3078 2744 contemni,
3106 2676 3208 2745 ipsi
3243 2684 3428 2730 autem

1849 2768 2181 2825 devorahant
2218 2772 2325 2835 Deo
2360 2783 2601 2825 sacrata.
2634 2763 2931 2839 Propterea
2967 2767 3151 2839 arguit
3195 2782 3290 2824 eos
3333 2766 3440 2823 Do-

1850 2860 2049 2930 minus,
2089 2864 2230 2934 quod
2265 2874 2488 2936 propter
2512 2863 2724 2919 lucrum
2756 2860 3236 2934 transgrediantur
3265 2858 3437 2931 legem

1848 2951 1965 3006 Dei.

1937 3220 2100 3281 Vens.
2143 3222 2335 3278 “.25.
2376 3243 2393 3276 ι
2437 3223 2501 3276 Et
2543 3239 2663 3277 cum
2722 3224 3040 3279 advocasset
3071 3223 3137 3279 ad
3162 3237 3245 3279 ,σε
3276 3232 3442 3279 totam

1854 3313 2088 3377 turbam,
2122 3314 2340 3369 dicebat
2363 3314 2467 3368 illis
2498 3333 2508 3366 :
2536 3314 2732 3369 Audite
2774 3329 2879 3378 me,
2904 3328 3117 3379 omnes,
3146 3325 3203 3371 et
3244 3314 3447 3369 intelli-

1856 3404 2010 3474 gite:
2058 3404 2203 3461 Nihil
2254 3416 2339 3461 est
2367 3416 2525 3461 extra
2590 3392 3168 3463 liominem'introieus
3202 3407 3255 3465 in
3290 3423 3439 3470 eum,

1856 3498 2000 3565 quod
2024 3499 2195 3568 possit
2226 3512 2350 3552 eum
2408 3499 2735 3567 inquinare:
2798 3499 2894 3553 sed
2926 3513 3047 3569 qua:
3099 3500 3165 3555 de
3222 3499 3446 3553 homine

1857 3590 2182 3658 procedunt,
2243 3590 2335 3644 illa
2387 3600 2514 3645 sunt
2545 3606 2666 3661 qua:
2710 3590 3001 3659 inquinant
3043 3590 3340 3645 hominem.
3387 3589 3445 3645 Si

1857 3679 1980 3747 quis
2012 3679 2175 3735 habet
2207 3695 2371 3735 aures
2436 3679 2503 3734 ad
2553 3680 2909 3747 audiendum,
2958 3679 3169 3735 audiat.
3209 3678 3279 3735 Et
3321 3695 3444 3736 cum

1858 3770 2119 3826 intrasset
2160 3772 2213 3826 in
2247 3773 2468 3827 domum
2497 3784 2745 3828 semotus
2770 3787 2797 3825 a
2826 3772 3008 3839 turba,
3038 3775 3449 3844 interrogabant

1857 3875 1984 3916 eum
2016 3862 2269 3933 discipuli
2302 3862 2438 3944 ejus.
2462 3862 2529 3917 de
2560 3861 2843 3935 parabole.
2880 3861 2946 3917 Et
2982 3864 3056 3915 ait
3093 3862 3200 3949 ειμι
3239 3882 3252 3917 :
3292 3863 3443 3917 Adeo

1859 3963 1915 4009 et
1958 3969 2056 4020 vos.
2113 3950 2469 4026 intelligentia
2528 3954 2771 4009 caretis?
2822 3953 3072 4009 Nomium
3146 3955 3449 4027 intelligitis

1859 4049 2002 4117 quod
2040 4061 2205 4101 omne
2234 4046 2368 4102 foris
2410 4048 2675 4103 iutroieus
2700 4048 2755 4102 iu
2782 4046 3083 4113 hominem,
3122 4064 3231 4104 non
3262 4058 3447 4121 potest

1859 4152 1981 4191 eum
2022 4137 2333 4207 inquinare,
2364 4137 2491 4207 quia
2526 4153 2634 4192 non
2686 4139 2855 4193 intrat
2889 4140 2940 4194 in
2973 4154 3069 4194 cor
3096 4140 3237 4209 ejus,
3266 4140 3363 4195 sed
3391 4141 3445 4195 in

1860 4236 2125 4293 ventrem,
2177 4239 2232 4283 et
2279 4230 2329 4281 in
2378 4244 2655 4284 secessum
2709 4232 2841 4298 erit,
2902 4246 3204 4304 repurgans
3257 4246 3448 4289 omnes

1859 4319 2048 4375 escas?
2076 4318 2300 4375 Dicebat
2332 4331 2513 4375 autem
2542 4339 2555 4375 :
2592 4319 2746 4386 Quod
2801 4321 2869 4376 ab
2898 4322 3117 4379 homine
3153 4324 3285 4387 exit,
3318 4323 3449 4378 illud

1861 4415 2114 4483 inquinat
2157 4414 2459 4467 hominem.
2492 4411 2575 4465 Ab
2612 4412 2967 4467 interioribus
2999 4412 3144 4467 enim
3186 4414 3252 4483 de
3280 4414 3445 4468 corde

1862 4505 2142 4560 hominum
2173 4507 2328 4560 mala:
2364 4504 2727 4575 cogitationes
2773 4505 3099 4577 procedunt,
3148 4507 3443 4573 adulteria,

1859 4606 2069 4665 stupra,
2113 4596 2621 4663 homicidia,furta,
2666 4598 2935 4663 avaritite,
2974 4598 3215 4663 fraudes,
3262 4599 3441 4663 dolus,

135 4693 333 4752 κακοὶ
367 4688 785 4760 ἐκπορεύονται,
824 4692 1087 4758 μοιχεῖαι,
1119 4689 1390 4758 πορνεῖαι,
1422 4690 1587 4758 φόνοι,
1629 4689 1745 4742 κλο-

1862 4689 2225 4758 impudicitia,
2279 4689 2454 4744 malus
2486 4690 2699 4757 oculus,
2756 4690 3117 4759 blasphemia,
3164 4692 3441 4762 superbia,

135 4786 280 4847 παὶ.
329 4777 664 4843 πλεονεξίαι,
695 4779 978 4847 πονηρίαι,
1007 4777 1180 4841 δόλος,
1232 4777 1510 4847 ἀσέλγεια,
1548 4778 1753 4848 ὀφθαλ-

134 4879 252 4951 μὸς
291 4872 566 4945 πονηρὸς,
626 4869 969 4950 βλασφημία,
1020 4871 1394 4942 ὑπερηφανία,
1444 4872 1748 4944 ἀφροσύνηι

134 4974 349 5026 πάντα
381 4964 556 5019 ταῦτα
589 4965 660 5020 τὰ
708 4964 921 5037 πονηρὰ
975 4962 1181 5017 ἔσωθεν
1226 4964 1611 5035 ἐκπορεύεται,
1662 4966 1757 5019 καὶ

131 5059 340 5116 κοινοῖ
399 5055 491 5107 τὸν
530 5038 897 5125 ἄνθρωπονζι
950 5053 1009 5106 '0
1054 5054 1261 5121 Κύριος
1310 5052 1581 5108 διδάσκων
1628 5056 1757 5120 τοὺς

127 5151 495 5223 ἀνθρώπους
528 5148 611 5201 ὅτι.
644 5148 711 5201 τὰ
736 5146 847 5201 τῶν
875 5145 1188 5217 βρωμάτων
1221 5148 1675 5219 παρατηρήματα
1720 5146 1756 5202 ἃ

124 5249 164 5300 6
194 5245 391 5314 νόμος
431 5238 766 5309 διαγορεύει,
810 5238 912 5291 οὐκ
944 5236 1235 5307 ὀφείλομεν
1302 5240 1445 5293 νοεῖν
1512 5256 1752 5309 σωματι-

125 5339 289 5403 κῶς,
354 5333 590 5403 ἄρχεται
641 5331 894 5385 ἐντεῦθεν
929 5330 1340 5384 ἀποκαλύπτειν
1389 5334 1633 5403 μετρίως
1690 5333 1754 5386 τδ

121 5429 235 5484 τοῦ
275 5427 463 5495 νόμου
493 5421 758 5494 βούλημα.
798 5422 910 5477 Καί
936 5437 1102 5490 φησιν
1127 5421 1209 5475 ὄτι
1244 5421 1396 5476 οὐδὲν
1431 5423 1539 5475 τῶν
1566 5425 1755 5479 είσπο-

125 5516 485 5593 ρευομένων
507 5513 731 5566 δύναται
764 5513 1048 5581 κοινῶσαι,
1075 5518 1345 5584 τουτέστι,
1382 5520 1575 5587 μιᾶναί
1609 5538 1753 5587 τινα,

122 5611 290 5666 ἀλλὰ
330 5604 413 5659 τὰ
443 5604 855 5675 ἐκπορευόμενα
884 5607 948 5660 ἐκ
992 5607 1093 5675 τῆς
1142 5608 1393 5679 καρδίας,
1430 5612 1614 5665 ἐκεῖνά
1648 5614 1755 5666 είσι

122 5704 206 5756 τὰ
252 5696 594 5770 μιαίνοντα,
630 5695 726 5749 καὶ
771 5697 1061 5765 καταλέγει
1090 5698 1288 5753 ταῦτα.
1328 5700 1641 5772 Ὀφθαλμὸν
1700 5704 1755 5757 δὲ

124 5789 409 5861 τέονηρόν
454 5803 644 5857 φησιν,
692 5787 724 5858 ἦ
784 5788 877 5843 τὸν
923 5789 1139 5857 φθόνον,
1196 5791 1229 5862 ἢ
1285 5793 1385 5861 τὴν
1426 5794 1753 5849 ἀκολασίαν⁹

120 5889 232 5941 καὶ
295 5880 429 5949 γὰρ
486 5880 581 5931 καὶ
643 5880 671 5932 ὁ
726 5880 957 5949 φθονῶν,
1016 5882 1299 5952 ὀφθαλμὸν
1358 5885 1597 5954 πονηρὸν
1661 5887 1755 5939 καὶ

127 5980 447 6034 δάσκανον
478 5961 761 6043 ἐπιϐάλλει
809 5972 885 6029 τῶ
908 5972 1258 6041 φθονουμένῳ
1286 5992 1298 6006 ’
1336 5976 1430 6030 καὶ
1455 5974 1755 6041 ἀκόλαστος

1861 4780 2089 4835 stultitia
2125 4797 2139 4836 :
2177 4780 2361 4835 omnia
2391 4781 2506 4837 haec
2539 4781 2682 4836 mala
2720 4781 2788 4837 ab
2824 4781 3071 4836 internis
3118 4786 3441 4852 procedunt,

1859 4883 1915 4928 et
1944 4874 2614 4943 coinquinantbominem.
2652 4893 2670 4927 ι
2690 4875 2950 4930 Dominus
2965 4876 3165 4931 docens
3194 4877 3444 4932 homines

1859 4965 2004 5047 quod
2037 4965 2285 5019 ciborum
2316 4965 2732 5022 observationes
2763 4980 2901 5035 quas
2932 4966 3015 5019 lex
3038 4960 3306 5035 praecipit,
3334 4982 3441 5024 non

1810 5050 1829 5067 ³
1861 5057 2158 5127 debeamus
2188 5057 2548 5129 corporaliter
2575 5056 2900 5126 intelligere,
2952 5056 3143 5128 incipit
3194 5059 3295 5111 hoc
3328 5059 3446 5113 loco

1859 5147 1996 5219 legis
2033 5160 2267 5205 mentem
2297 5149 2529 5218 aperire,
2583 5149 2769 5204 dicens
2804 5188 2819 5212 ,
2860 5147 2997 5202 nihil
3038 5149 3181 5217 quod
3208 5149 3447 5221 ingredi-

1862 5251 1973 5302 tur,
2009 5232 2167 5311 posse
2217 5255 2562 5296 communem
2617 5239 2816 5304 facerc,
2867 5240 2971 5295 hoc
3024 5250 3109 5294 est
3155 5242 3445 5310 inquinare

1860 5335 2176 5410 quempiam
2204 5352 2219 5389 :
2252 5333 2347 5391 sed
2384 5349 2447 5389 ca
2473 5349 2591 5403 quae
2628 5333 2987 5404 egrediuntur
3010 5333 3075 5387 de
3106 5334 3293 5387 corde.
3351 5332 3442 5386 illa

1860 5425 2009 5481 enim
2032 5434 2159 5480 sunt
2192 5439 2312 5495 qua:
2344 5423 2654 5494 inquinant,
2682 5431 2735 5475 et
2763 5430 3047 5477 enumerat
3091 5437 3177 5477 ea.
3215 5421 3445 5477 Oculum

1861 5516 2062 5570 malum
2123 5517 2300 5586 inquit
2350 5515 2435 5570 vel
2473 5515 2753 5579 invidiam,
2794 5515 2876 5569 vel
2916 5513 3437 5583 intemperantiam:

1860 5608 2059 5664 etenim
2113 5607 2328 5662 invidus
2361 5606 2576 5661 oculum
2606 5604 2805 5659 malum
2831 5614 2886 5659 et
2925 5603 3196 5659 fascinum
3233 5604 3441 5658 immit-

1863 5701 1925 5754 tit
1952 5700 2002 5754 iu
2036 5714 2159 5754 eum
2182 5699 2269 5764 cui
2298 5698 2508 5753 invidet
2539 5737 2555 5763 ,
2591 5705 2648 5752 et
2678 5697 3047 5765 intemperans
3099 5709 3193 5765 per
3225 5694 3442 5749 oculum

1862 5793 2073 5857 videns,
2117 5790 2319 5845 malum
2360 5791 2611 5846 accersit.
2662 5788 3063 5860 Blasphemiam
3098 5798 3273 5841 autem
3313 5786 3444 5842 dicit

1863 5887 2161 5940 convicium
2220 5884 2273 5937 in
2336 5884 2525 5947 Deum,
2586 5892 2641 5936 ut
2698 5881 2743 5934 si
2822 5882 2945 5951 quis
3028 5882 3171 5935 dicat
3228 5898 3242 5933 :
3326 5879 3442 5933 Non

1860 5987 1941 6034 est
1969 5976 2327 6045 providentia,
2367 5978 2466 6032 hoc
2490 5974 2825 6044 blasphemia
2856 5982 2973 6039 est;
3004 5982 3055 6029 et
3085 5973 3207 6030 ideo
3254 5987 3445 6041 snper-
