4028 6614
156 535 259 599 565

836 513 1287 584 ENARRATIO
1327 512 1427 577 IN
1457 508 1965 577 EVANGELIUM
2008 508 2279 571 MARCI.
2320 532 2391 549 σο
2428 508 2591 571 CAP.
2623 507 2761 569 VII.

3329 508 3437 571 566

156 641 498 717 εὐεργεσίαν,
534 638 603 709 ήν
625 636 742 700 τοῖς
793 632 1051 698 παιδίοις,
1098 634 1219 704 ήτοι
1262 631 1377 692 τοῖς
1466 624 1746 697 Εϐραίοις,

1873 621 1992 689 )nia
2024 636 2157 677 vero
2206 621 2514 691 prudenter
2546 618 2832 689 respondit
2863 615 3059 671 mulier
3102 625 3157 672 et
3186 617 3440 683 fideliter,

155 733 434 803 ἀφώρισεν
460 730 488 783 ό
503 727 638 791 Θεός
672 742 685 755 ·
716 726 815 787 τὰς
830 724 940 793 γὰρ
962 723 1287 795 εὐεργεσίας
1307 722 1422 783 τοῖς
1462 717 1743 788 Ἑϐραίοις

156 821 460 878 ἀπέστειλε.
476 819 648 889 Φησὶν
666 816 761 870 οὖν
784 817 814 869 ό
843 815 1073 886 Κύριος,
1092 814 1203 877 ὅτι,
1221 811 1299 865 Οὐ
1326 811 1410 864 δεῖ
1429 811 1560 873 τοὺς
1595 808 1745 861 ιθνι-

160 914 294 976 κοὺς
340 912 634 983 μετασχεῖν
690 909 792 978 τῆς
846 904 1173 977 εὐεργεσίας
1213 904 1249 975 ﬂ
1301 906 1418 965 τοῖς
1463 900 1745 964 Ἰουδαίοις

159 1005 507 1077 ἀφώρισται·
541 1001 667 1054 ἐπεὶ
694 1000 753 1054 δὲ
810 999 1050 1061 συνετῶς
1078 994 1356 1068 ἀπεκρίθη
1395 997 1440 1066 ή’
1480 993 1621 1063 γυνὴ
1648 994 1746 1047 καὶ

156 1098 391 1163 πιστῶς,
427 1094 586 1164 ἔτυχε
638 1092 739 1163 τῆς
796 1089 1115 1160 ιπιθυμίας
1160 1088 1245 1143 Οί’
1284 1086 1386 1158 μιν
1450 1086 1562 1156 γάρ
1599 1085 1737 1139 Ἰουι

155 1192 324 1253 δαίοι,
364 1187 522 1255 φησϊ,
552 1184 646 1237 τδν
674 1184 837 1253 ἄρτον
869 1178 1375 1251 ἔχουσι,τουτέστι,
1410 1177 1473 1230 σὲ
1507 1177 1748 1248 όλόκρη-

161 1300 277 1355 ρον,
318 1279 410 1332 τὸν
432 1278 494 1343 ἐξ
525 1274 758 1348 οὐρανοῦ
789 1273 1129 1343 καταϐάντα,
1182 1274 1279 1325 καὶ
1319 1269 1421 1333 τὰς
1457 1269 1557 1333 σὰς
1587 1270 1748 1339 εὐερ-

156 1371 354 1440 γεσίας
377 1384 392 1399 ο
427 1366 538 1435 ιγὼ
564 1368 623 1421 δὲ
650 1364 810 1435 ψιχία
833 1362 995 1428 αίτῶ,
1020 1360 1292 1425 τουτέστι,
1324 1358 1560 1431 μερικὴν
1589 1358 1749 1430 cusp-

157 1465 375 1532 γεσίαν.
408 1463 551 1531 Ὅρα
576 1461 634 1515 δὲ
662 1459 880 1513 καὶτὸν
909 1456 1150 1526 Κύριον,
1182 1454 1298 1518 πῶς
1325 1453 1429 1506 οὐκ
1450 1448 1609 1506 εἶπεν
1638 1452 1748 1517 ὅτι,

164 1552 235 1607 Ἥ
264 1551 495 1621 δύναμίς
536 1567 637 1618 μου
664 1548 838 1601 ἔσωσέ
870 1564 951 1601 σε.
969 1544 1132 1600 Ἀλλὰ
1161 1544 1214 1597 τί
1236 1542 1517 1612 φησι’;Διὰ
1545 1543 1637 1596 τὸν
1665 1542 1755 1594 λό-

158 1660 257 1713 γσν
286 1642 500 1705 τοῦτον,
528 1640 801 1703 τουτέστι,
832 1638 923 1692 διὰ
983 1635 1085 1708 τήν
1143 1634 1329 1689 πίστιν
1361 1626 1480 1697 σου,
1540 1632 1749 1702 ὕπαγε,

159 1731 507 1804 ἐκαθαρίσθη
562 1731 675 1801 γὰρ
732 1731 765 1800 ή
804 1729 1053 1797 θυγάτηρ
1087 1744 1205 1781 σου.
1245 1724 1504 1781 Μάνθανε
1538 1719 1631 1778 οὖν
1659 1724 1756 1778 καὶ

160 1828 228 1881 σὺ
286 1823 539 1879 ἐντεῦθεν
593 1820 874 1891 ἐπωφελὲς
937 1820 1193 1891 μάθημα.
1234 1816 1349 1872 Καὶ
1380 1816 1489 1887 γὰρ
1522 1815 1757 1879 ἔκαστος

158 1918 325 1989 ἡμῶν
361 1918 491 1969 ὅταν
525 1913 845 1985 ἁμαρτάνῃ,
883 1912 1024 1982 γυνή
1071 1914 1211 1975 ἐστι,
1246 1910 1557 1975 τουτέστιν,
1589 1907 1756 1962 ἀσθε-

1850 712 2109 769 desiderii
2163 711 2315 767 facta
2364 718 2450 766 est
2490 725 2737 780 compos.
2777 707 2967 784 Judaei
3024 708 3194 773 enim,
3245 709 3442 778 inquit,

1848 816 2045 874 panem
2074 801 2300 867 habent,
2324 802 2426 857 hoc
2444 810 2531 857 est
2562 808 2617 856 te
2644 808 2842 864 totum,
2865 792 2960 868 qui
2978 813 3010 852 e
3033 798 3189 854 enatis
3219 799 3445 853 descen-

1849 896 2003 963 disti,
2026 908 2083 951 et
2117 895 2383 953 beneficia
2417 904 2508 949 tua
2538 911 2553 948 :
2588 903 2645 948 at
2676 907 2779 961 ego
2810 892 2983 947 micas
3028 900 3181 960 peto,
3221 891 3327 947 hoc
3357 900 3446 946 est

1850 988 2181 1044 beneﬁcium
2260 985 2617 1059 partitularc.
2695 982 2837 1039 Vide
2900 991 3083 1037 autem
3162 983 3446 1037 Dominum

1851 1076 2127 1144 quomodo
2152 1089 2260 1129 non
2298 1075 2498 1128 dixerit
2530 1091 2545 1129 :
2586 1071 2777 1127 Virtus
2810 1086 2931 1127 mea
2960 1071 3196 1127 salvavit
3234 1081 3324 1127 te:
3351 1071 3446 1127 sed

1854 1166 1987 1237 quid
2035 1166 2209 1221 dicit?
2270 1164 2503 1234 Propter
2573 1178 2887 1221 sermonem
2950 1164 3119 1230 hunc,
3177 1163 3280 1218 hoc
3334 1172 3444 1227 est,

1853 1270 2080 1333 propter
2116 1261 2282 1317 ﬁdem
2308 1272 2478 1329 tuam,
2520 1260 2662 1315 vade
2695 1279 2711 1316 :
2746 1258 3011 1313 mundata
3044 1258 3193 1314 enim
3222 1266 3307 1313 est
3336 1257 3448 1312 filia

1848 1367 1973 1410 «tua.
2007 1354 2165 1409 Disce
2201 1354 2369 1424 igitur
2392 1364 2445 1411 et
2483 1362 2538 1408 tu
2569 1353 2678 1408 hoc
2709 1353 2831 1409 loco
2863 1353 3055 1407 utilem
3111 1352 3446 1406 doctrinam.

1854 1449 2070 1503 Etenim
2113 1447 2496 1517 unusquisque
2520 1454 2771 1500 nostrum
2798 1444 2969 1515 208
3001 1443 3220 1515 quando
3238 1452 3450 1512 peccat,

1857 1540 2052 1596 mulier
2064 1540 2303 1606 est,.hoc
2324 1547 2409 1595 est
2433 1539 2647 1593 inﬁrma
2683 1539 2865 1593 anima
2892 1554 2908 1604 ;
2934 1536 3223 1594 Phoenissa
3243 1545 3452 1597 autem,

1858 1644 2123 1706 tanquam
2178 1635 2403 1687 rubrum
2468 1641 2527 1689 et
2576 1632 2991 1701 sanguinarium
3052 1645 3118 1689 ac
3152 1639 3453 1686 cruentum

1859 1735 2145 1795 peccatum
2170 1724 2404 1805 habens.
2437 1723 2637 1778 Filiam
2666 1732 2857 1779 autem
2894 1723 3062 1777 habet
3086 1721 3212 1776 talis
3250 1721 3455 1786 anima,

1860 1822 2066 1877 malum
2100 1836 2261 1892 Opus,
2301 1822 2444 1892 quod
2489 1822 2659 1876 habet
2710 1819 3067 1875 daemonium.
3124 1817 3263 1873 Mala
3311 1818 3457 1872 enim

1862 1929 2053 1985 opera,
2108 1914 2417 1969 daemonum
2476 1921 2609 1968 sunt
2661 1930 2675 1965 :
2736 1919 3061 1982 peccatores
3100 1911 3283 1978 itaque
3334 1924 3456 1963 cum

160 2014 257 2082 νὴς
278 2010 456 2081 ψυχή·
482 2007 800 2063 Φοινίκισσα
815 2004 909 2071 εδδ,
946 2006 1020 2066 ώς
1052 2003 1151 2074 τὴν
1184 2000 1753 2072 φοιννκὴνάμαρτίαν

1873 2009 2063 2071 simus,
2094 2022 2262 2062 canes
2295 2007 2669 2071 nominamur,
2722 2003 3074 2059 itnmunditia
3126 2001 3294 2069 pleni,
3330 2015 3461 2071 pro-

162 2105 265 2158 καὶ
294 2102 584 2174 αἱματώδη
613 2100 710 2153 καὶ
763 2096 1089 2167 φονεύτριαν
1123 2096 1347 2167 ἔχουσα.
1382 2093 1671 2163 Θυγατέρα
1696 2092 1756 2145 δὲ

163 2197 288 2265 εχει
339 2196 375 2264 ἡ
416 2192 640 2261 τοιαύτη
678 2190 850 2260 ψυχὴ,
907 2189 1007 2259 τὴν
1050 2187 1297 2257 πονηρὰν
1354 2186 1580 2258 πρᾶξιν,
1635 2186 1761 2255 ἣτις

162 2288 283 2358 ἔχει
314 2286 617 2355 δαιμόνιον.
667 2284 734 2337 Αἱ
782 2283 892 2353 γὰρ
922 2282 1162 2352 πονηραὶ
1192 2277 1444 2349 πράξεις,
1485 2276 1759 2347 δαιμόνων

162 2377 332 2430 είσίν·
392 2374 714 2445 ἁμαρτωλοὶ
760 2372 854 2427 οὖν
889 2372 1063 2436 δντες,
1104 2372 1200 2425 καὶ
1229 2369 1465 2441 κυνάρια
1491 2368 1759 2437 ὀνομαζό-

166 2466 339 2537 μεθα,
385 2466 729 2535 ἀκαθαρσίας
782 2464 1063 2534 γέμοντα·
1091 2461 1180 2516 διὰ
1227 2462 1389 2515 τοῦτο
1437 2460 1561 2514 οὐδὲ
1612 2459 1757 2525 ἄξιοί

165 2560 342 2628 ἐσμεν
393 2557 581 2611 λαὸεῖν
608 2556 699 2610 τὸν
730 2557 895 2628 ἄρτον
926 2555 1020 2609 τοῦ
1070 2553 1233 2618 Θεοῦ,
1269 2554 1391 2624 ήτοι
1426 2551 1756 2623 μεταλαϐεῖν

1865 2109 1985 2170 pter
2018 2100 2163 2170 quod
2194 2109 2249 2153 et
2274 2098 2484 2169 indigni
2548 2112 2742 2152 sumus
2771 2097 2861 2164 qui
2892 2094 3229 2163 accipiamus
3264 2108 3459 2163 panem

1860 2190 1978 2255 Dei,
1998 2191 2100 2244 hoc
2123 2188 2734 2253 est,-eommnnicemus
2764 2184 3131 2242 immaculatis
3155 2184 3453 2256 mysteriis.

1858 2282 2015 2350 Quod
2058 2284 2103 2338 si
2163 2299 2261 2351 per
2306 2281 2670 2338 humilitatem
2742 2282 3112 2351 nosmetipsos
3167 2279 3461 2349 agnoveri-

1840 2382 2017 2441 ‘-mns,
2051 2383 2110 2430 et
2149 2374 2388 2433 confessi
2428 2375 2697 2430 fuerimus
2726 2389 2828 2430 nos
2857 2387 2982 2428 esse
3011 2387 3203 2438 canes,
3241 2385 3463 2427 enarra-

1863 2464 2215 2532 verimusque
2278 2474 2497 2536 peccata
2546 2474 2759 2531 nostra,
2813 2473 2942 2519 tunc
3000 2461 3288 2518 sanabitur
3346 2460 3462 2515 lilia

1870 2566 2081 2623 nostra,
2112 2558 2215 2613 hoc
2231 2568 2497 2629 est,,opus
2527 2559 2888 2614 diabolicum.

163 2649 282 2705 τῶν
330 2649 619 2719 ἀχράντων
671 2647 1023 2719 μυστηρίωνο
1060 2646 1156 2700 ἐὰν
1200 2646 1387 2715 μέντοι
1436 2644 1757 2715 ὲπιγνῶμεν
1796 2646 2030 2712 ἑαυτοὺς
2094 2649 2185 2703 διὰ
2240 2651 2342 2722 τῆς
2388 2650 2931 2722 ταπεινοφροσύνης,
2966 2652 3063 2706 καὶ
3113 2651 3197 2705 ὅτι
3232 2648 3469 2719 κυνάριά

164 2745 344 2815 ισμεν
436 2744 890 2814 ὁμολογήσωμεν,
963 2740 1062 2795 καὶ⁸
1120 2738 1579 2811 ἔξαγοριύσωμεν
1666 2739 1767 2803 τὰς
1806 2742 2087 2814 ἁμαρτίας
2124 2743 2307 2815 ήμῶν,
2371 2745 2497 2798 τότε
2547 2745 2834 2816 ἰαθήσεται
2870 2746 2904 2816 ή
2956 2743 3227 2816 θυγάτηρ,
3306 2759 3469 2799 του-δ-

165 2838 348 2903 ιστιν,
373 2839 408 2907 ή
445 2838 644 2907 πρᾶξις
680 2839 713 2908 ή
744 2835 1128 2908 δαιμονιώδης.

249 2948 271 2980 ι
318 2927 430 2981 Καὶ
478 2926 643 2979 πάλιν
698 2926 932 2994 ἐξελθὼν
954 2927 1020 2980 ὲκ
1072 2926 1185 2979 τῶν
1216 2926 1381 2999 ὁρίων
1424 2924 1607 2998 Τύρου
1663 2928 1764 2981 καὶ

165 3021 433 3085 Σιδῶνος,
475 3017 607 3092 ἦ).οε
657 3020 797 3091 πρὸς
826 3019 927 3091 τὴν
978 3019 1259 3074 θάλασσαν
1307 3022 1409 3091 τῆς
1448 3018 1762 3085 Γαλιλαίας,

169 3114 289 3167 άνά
348 3112 514 3182 μέσον
548 3111 659 3165 τῶν
716 3112 884 3181 ὁρίων
920 3111 1297 3174 Δεκαπόλεως,
1351 3110 1449 3165 καὶ
1505 3110 1767 3181 φέρουσιν
1791 3141 1837 3202 c

163 3203 335 3275 αὐτῷ
373 3203 556 3272 κωφὸν
625 3201 939 3272 μογιλάλον,
991 3203 1089 3257 καὶ
1133 3202 1553 3273 παρακαλοῦσιν
1602 3203 1768 3255 αὑτὸν

165 3299 267 3351 ἵνα
301 3296 463 3367 ἐπιθῇ
494 3296 644 3366 αὐτῷ
693 3282 792 3363 τὴν
818 3297 999 3365 χεῖρα,
1038 3294 1138 3348 καὶ
1163 3294 1575 3365 ἀπολαϐόμενος
1603 3293 1771 3348 αὑτὸν

162 3392 289 3446 ἀπὸ
341 3389 436 3443 τοῦ
492 3389 652 3460 ὀχλου
705 3388 825 3443 κατ’
859 3388 1021 3451 ίδίαν,
1070 3386 1233 3441 ἔϐαλε
1282 3388 1412 3449 τοὺς
1464 3387 1773 3451 δακτύλους

165 3478 353 3535 αὐτοῦ
386 3480 467 3543 είς
512 3480 580 3533 τὰ
620 3472 737 3531 ὦτα
768 3478 935 3531 αὑτοῦ
971 3492 987 3506 ·
1032 3477 1130 3532 καὶ
1188 3476 1401 3539 πτύσας
1429 3470 1432 3474 ’
1458 3476 1640 3547 ἥψατο
1668 3477 1771 3546 τῆς

163 3573 432 3641 γλώττης
489 3569 681 3636 αὑτοῦ,
728 3570 825 3625 καὶ
880 3568 1195 3638 ἀναϐλέψας
1260 3570 1341 3632 είς
1390 3569 1484 3621 τὸν
1538 3568 1770 3640 οὐρανὸν

164 3664 459 3729 ἐστέναξε,
483 3663 579 3717 καὶ
610 3662 759 3730 λέγει
784 3660 965 3732 αύτῷζ,
1012 3660 1262 3729 Ἐφφαθά
1286 3676 1300 3691 ο
1338 3664 1367 3715 ὅ
1387 3662 1531 3729 ἔστι,
1558 3662 1773 3716 Διανοίο

162 3756 370 3830 χθητι·
402 3755 499 3809 καὶ
527 3754 728 3817 εὐθέως
758 3752 1143 3824 διηνοίχθησαν
1164 3752 1330 3806 αὐτοῦ
1363 3754 1421 3806 al
1456 3755 1642 3820 ἀκοαὶ,
1676 3756 1775 3809 καὶ

163 3849 350 3919 ἐλύθη
408 3849 437 3901 ό
494 3846 695 3915 δεσμὸς
752 3846 850 3914 τῆς
892 3844 1141 3915 γλώττης
1188 3845 1377 3909 αὑτοῦ,
1432 3847 1529 3899 καὶ
1586 3848 1774 3901 ἐλάλει

161 3935 387 4007 ὀρθῶς,
421 3934 520 3987 καὶ
561 3933 899 3986 διεστείλατο
948 3932 1135 3996 αὐτοῖς
1163 3931 1251 3986 ἵνα
1281 3931 1471 4002 μηδενὶ
1522 3934 1772 3991 εἴπωσιν.

164 4027 357 4081 Ὅσον
380 4025 436 4078 δὲ
467 4024 632 4085 αὐτὸς
649 4024 834 4085 αὐτοῖς
855 4022 1215 4088 διεστέλλετο,
1251 4024 1456 4093 μᾶλλον
1504 4026 1764 4094 περισσό-

165 4130 353 4187 τερον
395 4114 719 4183 ἐκήρυττον,
766 4112 863 4165 καὶ
898 4112 1327 4181 ὑπερπερισσῶς
1354 4111 1775 4185 ἐξεπλήσσοντο,

167 4206 449 4274 λέγοντες
471 4218 485 4233 ·
516 4201 711 4265 Καλῶς
731 4200 913 4254 πάντα
944 4200 1239 4268 πεποίηκε,
1260 4202 1357 4256 καὶ
1386 4204 1514 4267 τοὺς
1556 4206 1777 4272 κωφοὺς

159 4298 336 4351 σοοιεῖ
359 4294 604 4360 ἀκούειν,
636 4296 732 4347 καὶ
752 4293 877 4357 τοὺς
895 4294 1129 4357 ἀλάλους
1147 4295 1351 4350 λαλεῖν.
1390 4313 1410 4347 ι
1436 4297 1552 4349 Οὐκ
1576 4296 1782 4368 ὲμόρα-

156 4390 336 4444 δύνει
373 4392 486 4451 τοῖς
518 4388 627 4440 τῶν
646 4388 891 4450 ,ἐθνικῶν
934 4388 1143 4453 τόποις,
1194 4389 1335 4442 άλλά
1374 4390 1588 4460 ταχέως
1641 4391 1779 4459 μεθ-

1945 2924 2115 2981 Vsus.
2168 2924 2361 2980 51-37.
2412 2943 2432 2977 ι
2465 2924 2533 2981 Ει
2589 2939 2806 2979 rursum
2844 2937 3103 2992 egressus
3152 2922 3221 2979 de
3266 2920 3469 2979 finibus

1876 3018 2007 3089 Tyri
2040 3032 2108 3072 ac
2135 3016 2538 3083 Sidonis,veuit
2582 3018 2651 3070 ad
2678 3030 2831 3071 mare
2869 3014 3111 3072 Galilaeat
3138 3028 3235 3085 per
3259 3016 3471 3071 medios

1878 3107 2017 3161 fines
2056 3106 2363 3175 Decapolis.
2411 3118 2468 3161 et
2530 3107 2807 3161 adducunt
2866 3107 2917 3161 ei
2990 3106 3218 3161 surdum
3283 3106 3470 3177 lingua

1874 3197 2243 3261 haesitantem,
2294 3195 2350 3252 et
2396 3199 2770 3269 deprecantur
2808 3212 2935 3252 eum
2972 3207 3031 3251 nt
3081 3199 3338 3267 imponat
3390 3198 3469 3253 illi

1874 3302 2123 3348 manum.
2144 3294 2346 3344 etcum
2376 3289 2837 3360 apprehendisset
2864 3304 2989 3344 eum
3023 3290 3092 3345 de
3122 3289 3283 3347 turba
3317 3304 3473 3347 seor—

1874 3395 2017 3446 sum,
2050 3380 2199 3435 misit
2231 3381 2433 3453 digitos
2463 3396 2594 3439 suos
2638 3385 2693 3436 in
2726 3381 3003 3437 auriculas
3030 3381 3171 3451 ejus,
3207 3391 3261 3439 et
3308 3392 3473 3455 sputo

1873 3475 2098 3541 emisso,
2122 3473 2303 3544 tetigit
2330 3473 2573 3543 linguam
2597 3476 2739 3544 ejus,
2766 3491 2831 3531 ac
2852 3476 3159 3545 suspiciens
3185 3477 3239 3532 in
3268 3476 3469 3532 callum

1877 3566 2163 3634 ingemuit,
2188 3574 2246 3621 et
2276 3568 2355 3621 alt
2388 3566 2461 3621 illi
2493 3583 2507 3620 :
2536 3566 2883 3636 prplietlta,
2910 3567 3056 3636 quod
3084 3575 3190 3633 est,
3216 3567 3472 3637 Aperire.

1876 3658 1944 3712 Et
1976 3659 2167 3723 statim
2203 3666 2409 3727 aperta:
2434 3669 2568 3714 sunt
2614 3674 2777 3714 aures
2805 3659 2946 3730 ejus,
2995 3668 3051 3716 et
3101 3661 3344 3716 solutum
3385 3671 3472 3716 est

1875 3751 2153 3807 vinculum
2210 3751 2411 3825 lingua:
2471 3753 2618 3822 ejus,
2661 3763 2717 3807 et
2768 3752 3099 3823 loquebatur
3152 3764 3304 3810 recte
3361 3772 3375 3809 :
3418 3764 3476 3810 et

1878 3843 2138 3913 pracepit
2161 3842 2269 3896 illis
2306 3856 2374 3897 ne
2410 3844 2498 3897 cui
2534 3844 2807 3899 dicerent.
2857 3844 2969 3900 Sed
3020 3860 3129 3915 quo
3180 3846 3357 3915 magis
3385 3846 3478 3902 ille

1878 3934 1959 3989 eis
1977 3933 2359 4005 praecipiebat,
2398 3936 2501 3990 hoc
2532 3936 2771 4005 amplius
2806 3936 3205 4007 praedicabant,
3233 3950 3289 3993 et.
3312 3953 3478 4009 supra

1880 4026 2102 4079 modum
2149 4026 2452 4095 stupebant
2486 4026 2734 4081 dicentes
2768 4045 2782 4080 :
2819 4027 2961 4083 Bene
3013 4029 3195 4082 omnia
3226 4028 3377 4095 fecit,
3422 4038 3479 4083 et

1880 4116 2079 4169 surdos
2111 4114 2244 4171 facit
2277 4118 2467 4171 audire
2510 4126 2566 4171 et
2597 4128 2780 4173 mutos
2810 4118 2979 4187 loqui.
3018 4138 3036 4170 ι
3074 4118 3194 4174 Non
3235 4130 3481 4175 moratur

1882 4206 1970 4261 diu
2004 4208 2059 4260 in
2093 4208 2379 4276 gentilium
2411 4206 2571 4272 locis,
2608 4208 2703 4263 sed
2725 4212 2909 4263 statim
2944 4212 3162 4277 transit,
3203 4226 3297 4276 ne,
3331 4216 3476 4267 sicut

1883 4300 2155 4365 dicebam,
2172 4305 2330 4356 daret
2352 4303 2696 4356 occasionem
2718 4301 2918 4357 ludatis
2939 4304 3149 4358 dicendi
3177 4306 3320 4374 quod
3339 4311 3480 4375 prte-

1888 4394 2234 4446 varicarctur
2266 4394 2462 4463 legem,
2496 4395 2791 4462 gentilibus
2825 4412 2884 4449 se
2906 4396 3165 4451 miscens.
3204 4396 3481 4455 Secedetts

161 4483 426 4543 (σταται,
467 4478 577 4542 ἶνα,
605 4477 681 4541 ώς
714 4477 873 4547 ἔφην,
908 4479 983 4549 μὴ
1002 4477 1154 4550 δώσῃ
1174 4482 1287 4543 τοῖς
1316 4480 1591 4545 Ἰουδαίοις
1607 4481 1765 4549 λέγει’

1895 4487 2060 4556 igitur
2085 4502 2112 4539 a
2139 4487 2339 4541 ﬁnibus
2373 4486 2500 4556 Tyri
2533 4499 2587 4542 et
2619 4487 2860 4553 Sidonis,
2891 4489 3041 4542 vadit
3082 4491 3135 4542 in
3176 4491 3479 4548 Galilaeam.

156 4574 247 4637 ὡς
281 4572 627 4641 παρανομεῖ,
672 4569 1004 4639 μιγνύμενος
1039 4573 1155 4634 τοῖς
1187 4570 1443 4633 ἐθνικοῖς.
1477 4573 1776 4636 Μεταστᾶς

155 4665 269 4719 οὖν
293 4662 414 4716 τῶν
427 4662 589 4732 ὁρίων
604 4663 781 4731 Τύρου
798 4663 891 4716 καὶ
916 4662 1169 4729 Σιδῶνος,
1205 4666 1271 4733 τῇ
1306 4662 1569 4735 Γαλιλαίᾳ
1594 4666 1773 4734 πρόσ-

153 4775 305 4812 εισι.
354 4756 466 4808 Καὶ
487 4755 567 4825 [δὴ
598 4754 783 4825 κωφὸν
840 4754 1158 4823 μογιλάλον,
1194 4756 1305 4808 ἀπὸ
1343 4755 1598 4823 δαίμονος
1628 4757 1685 4809 δὲ
1716 4758 1777 4808 τὸ

156 4851 364 4911 πάθος
389 4843 478 4917 ἦν,
505 4848 668 4900 [ἆται.
698 4848 836 4900 Κατ’
865 4848 1001 4901 ίδίαν
1034 4847 1134 4918 μὲν
1162 4846 1327 4901 αὐτὸν
1356 4849 1646 4902 ἀπολαϐών
1670 4868 1682 4880 ·
1713 4852 1773 4902 οὑ

154 4945 286 5013 γὰρ
312 4936 393 5009 ἦν
418 4938 755 5008 φιλόκομπος
781 4939 812 4989 ό
857 4938 1202 4999 ταπεινώσας
1227 4940 1421 4993 ἑαυτὸν
1477 4942 1643 5011 μέχρι
1677 4942 1777 5009 τῆς

153 5033 477 5106 ἡμετέρας
501 5033 800 5100 πτωχείας,
820 5030 941 5083 οίοδὲ
965 5031 1160 5101 ἢθελεν
1198 5032 1275 5095 ὡς
1307 5033 1401 5085 ἐπὶ
1429 5032 1492 5085 τὸ
1526 5034 1775 5088 πλεῖστον

153 5123 505 5197 ἐμπροσθεν
540 5123 752 5175 πολλῶν
805 5122 1270 5191 θαυματουργείν,
1318 5125 1368 5177 εί
1428 5127 1505 5196 μὴ
1556 5127 1665 5196 ἄρα
1686 5128 1777 5181 διὰ

151 5221 270 5289 τὴν
298 5214 423 5270 τῶν
453 5214 707 5285 ὁρώντων
754 5214 1024 5284 ὠφέλειαν
1067 5216 1179 5285 (65)
1228 5234 1240 5246 ·
1270 5216 1484 5281 πτύσας
1517 5219 1574 5271 δὲ
1601 5220 1781 5291 ἥψατο

151 5318 277 5390 τῆς
340 5310 596 5380 γλώττης
648 5310 840 5372 αὑτοῦ,
883 5309 971 5364 ἵνα
998 5311 1147 5382 δείξῃ
1194 5312 1277 5365 ὅτι
1320 5312 1502 5367 πάντα
1528 5316 1599 5367 τὰ
1637 5317 1780 5386 μέρη

152 5411 274 5478 τῆς
312 5404 490 5472 ἁγίας
526 5402 691 5455 αὑτοῦ
722 5403 925 5472 σαρκὸς
965 5402 1087 5457 θεῖα
1120 5400 1263 5473 ἦσαν
1287 5404 1382 5457 καὶ
1410 5404 1566 5473 ἅγια,
1589 5405 1780 5479 ὥσπερ

148 5501 273 5556 καὶ.
306 5495 383 5550 τὸ
415 5493 642 5564 πτύσμα
667 5494 826 5549 ἔλυσε
845 5493 942 5550 νῦν
964 5494 1145 5549 καὶτὰ
1167 5495 1267 5567 τῆς
1296 5494 1548 5568 γλώττης
1575 5499 1776 5571 δεσμά·

1888 4579 2059 4633 Porro
2121 4580 2346 4633 surdum
2407 4591 2461 4633 et
2512 4582 2783 4649 impedita:
2841 4581 3039 4653 linguae
3101 4583 3253 4637 illum
3302 4595 3479 4639 sanat.

1889 4672 2254 4741 Erat‘autem
2306 4672 2530 4724 morbus
2570 4672 2661 4725 ille
2708 4688 2738 4725 a
2784 4676 3052 4727 ilmmone.
3078 4672 3197 4729 1am
3236 4677 3382 4744 quod
3417 4679 3480 4733 dc

1888 4766 2045 4817 turba
2065 4773 2312 4826 seorsum
2336 4764 2698 4832 apprehendit
2730 4766 2901 4830 illum,
2929 4767 3050 4820 ideo
3077 4766 3307 4832 factum,
3335 4772 3481 4839 quod

1892 4872 1997 4910 non
2052 4862 2532 4928 erat‘xarrogautia:
2588 4871 2853 4924 sectator,
2916 4860 3105 4928 quise
3158 4863 3482 4919 bumiliarat

1892 4964 2064 5019 usque
2104 4952 2170 5001 ad
2199 4954 2439 5003 nostram
2482 4950 2723 5017 inopiam
2754 4960 2845 5002 :et
2886 4960 2947 5003 ut
2980 4951 3273 5019 plurimum
3306 4953 3485 5009 noluit

1890 5058 2073 5097 coram
2111 5043 2301 5097 multiat
2352 5043 2616 5097 miracula
2677 5042 2878 5107 facere,
2913 5043 3017 5096 nisi
3064 5043 3208 5099 forte
3260 5056 3485 5114 propter

1890 5137 2187 5190 videntium
2237 5125 2553 5191 utilitatem.
2609 5135 2747 5192 Cum
2784 5151 2917 5189 vero
2956 5138 3256 5206 expuisset,
3305 5140 3485 5208 tetigit

1889 5229 2127 5299 linguam
2166 5230 2333 5293 illius,
2370 5232 2774 5290 ntostenderet
2819 5246 3010 5285 omnes
3041 5244 3223 5300 partes
3274 5244 3483 5289 sancta:

1889 5323 2071 5376 carnis
2096 5337 2209 5377 sua:
2236 5333 2456 5377 sanet.”
2482 5338 2545 5387 ac
2575 5324 2789 5378 divinas
2812 5338 2957 5388 esse,
3009 5324 3145 5379 adeo
3171 5334 3231 5379 ut
3272 5336 3327 5380 et
3350 5343 3481 5393 spn-

1898 5422 2012 5464 tutn
2046 5430 2190 5467 nunc
2229 5414 2470 5469 solveret
2508 5414 2709 5485 lingua:
2761 5416 3080 5471 vinculum:
3126 5419 3340 5472 tametsi
3386 5433 3484 5471 su—

1886 5503 2170 5573 perﬂuitas
2211 5506 2283 5560 sit
2328 5521 2491 5561 omne
2526 5518 2771 5576 sputum,
2805 5508 2901 5562 sed
2952 5508 3007 5562 in
3046 5507 3282 5563 Domino
3310 5510 3483 5565 adtnio

1138 5617 1229 5676 Ex
1262 5600 1611 5679 collatione
1642 5623 1836 5684 codd.
1872 5625 2107 5687 Venet.
2141 5626 2207 5686 S.
2242 5626 2467 5688 Marci.

585 5739 656 5793 26
691 5758 704 5794 :
734 5739 929 5821 Δαρὼν
967 5741 1062 5794 οὑν
1082 5741 1252 5829 αὐτὸν
1276 5745 1398 5826 κατ’
1436 5745 1598 5807 ἰδίαν,
1626 5747 1765 5802 ἔῆαλλ

148 5815 303 5869 τοὺς
421 5809 651 5869 κτυλους
679 5810 845 5863 αὐτου
877 5811 957 5869 είς
982 5812 1052 5864 τά
1076 5829 1192 5865 ωτα
1216 5814 1407 5869 αὐτου.
1433 5816 1533 5869 ἕνα
1568 5817 1666 5869 ιιὲν
1689 5819 1765 5869 τῆ

1894 5753 2046 5809 illum
2082 5757 2310 5808 seorsim
2364 5754 2513 5807 misit
2563 5753 2759 5823 digitos
2792 5768 2922 5808 suos
2954 5754 3005 5805 in
3034 5750 3308 5805 auriculas
3338 5750 3477 5817 ejus.

1892 5840 2056 5869 llllllm
2090 5824 2343 5869 viilnliret
2372 5826 2611 5869 (lenm-:1!
2638 5838 2831 5869 manus
2860 5824 2911 5869 in
2946 5823 3111 5869 aliam
3139 5820 3283 5869 eius-
3309 5836 3475 5869 unum

421 5808 845 5887 κτύλουςαύτοῇ
877 5806 1192 5887 είςῇτά-ὧτα
1216 5814 1533 5887 αὑτοῦςὲνα
1566 5806 1666 5886 μὲν
1689 5819 1791 5887 τῆς

1892 5840 2056 5878 unum
2090 5824 2343 5877 videlicet
2372 5826 2611 5877 dextera:
2625 5820 2831 5879 manus
2859 5824 2911 5876 in
2946 5823 3111 5875 aliam
3139 5820 3283 5890 ejus,
3309 5836 3475 5875 unum

148 5877 373 5961 δεεέᾷς
402 5878 596 5961 χειρδς
624 5880 706 5961 είς
742 5880 902 5961 τοῦτο
929 5881 989 5934 τὺ
1010 5877 1248 5961 οὖς,.ἔνα
1281 5884 1337 5961 δὲ
1364 5877 1765 5961 τῇςῂἀρὶσιτεγράη

1892 5910 2087 5950 manus
2113 5895 2414 5949 SilllSlf'iBln
2436 5896 2685 5949 alteram.
2714 5877 2957 5961 Cumque
2988 5877 3287 5961 cXpuissct,
3318 5900 3422 5946 etc.
3451 5909 3471 5943 ι

150 5948 250 6016 είς
279 5950 506 6004 lascivo.
539 5948 649 6002 Καὶ
682 5948 931 6033 πτύσας,
968 5968 1022 6006 κ.
1057 5969 1109 6007 τ.

1141 5949 1194 6007 λ.
1232 5971 1250 6005 ι
1294 5949 1581 6025 Accipiens
1622 5949 1792 6029 igitur
