4028 6532
562 412 664 485 651
1480 398 2061 466 THEOPHYLACTI
2098 393 2511 459 summa;
2553 391 2906 455 ARCHIEP.
3699 389 3809 452 ωε

556 525 872 591 cecidisset,
925 519 1234 591 suspicatus
1259 524 1344 570 est
1389 514 1533 585 quod
1562 510 1890 567 surrexisset
1917 520 1948 560 a
1983 519 2123 560 moro

2258 504 2417 574 ιάτην
2477 503 2658 558 ἀνεῖλε
2719 501 2813 554 τὸν
2846 497 3130 564 Ἰωάννην,
3168 495 3435 552 ὑπέλαϐεν
3471 496 3554 550 ὅτι
3606 498 3812 572 ἀνίστη

561 587 690 684 tuis,
712 625 768 673 et
789 587 885 686 per
909 587 1361 668 resurrectionem
1383 607 1440 661 in
1468 619 1526 661 se
1550 605 1802 657 virtutem
1825 600 2124 667 accepirset

2258 610 2298 646 ,κ
2331 592 2562 662 νικρῶν,
2618 592 2712 644 καὶ
2754 591 2818 642 6x
2858 587 2957 656 τῆς
2996 588 3344 651 ἀναστάσεως
3398 587 3710 658 προσέλαδε
3755 592 3816 647 τδ

560 679 819 777 oprandi
877 701 1153 756 miracula.
1211 699 1448 755 Joannes
1502 697 1644 751 enim
1699 692 1850 762 prius
1917 689 2123 745 nullum

2258 685 2695 754 ναυματουργιῐν.
2722 683 2996 753 Πρότερον
3024 680 3135 749 γάρ
3174 683 3202 733 6
3237 679 3490 750 Ἰωάννης
3533 680 3689 734 οὐδὲν
3718 697 3812 752 σηο

567 771 880 862 rnlraeulum
913 793 1155 855 fecerat;
1188 789 1432 844 Herodes
1466 797 1643 841 autem
1676 783 1899 855 putabat
1941 781 2126 850 signo-

2258 779 2386 830 ιείον
2421 775 2677 844 ιποίησεν
2697 791 2712 805 ο
2748 774 2855 828 άπὸ
2884 773 2940 826 66
2993 773 3092 842 τῆς
3124 771 3476 836 ἀναστάσεως
3505 775 3760 844 ἐνόμισεν
3783 775 3814 826 6

566 906 684 946 rum
706 887 1071 957 operationem
1105 884 1152 938 ei
1185 897 1248 937 ea
1287 878 1700 935 resurrectionis
1730 877 1928 928 virtute
1959 874 2124 927 adve-

566 985 728 1038 nisse.
759 984 827 1035 At
859 979 948 1034 alii
978 977 1247 1037 dicebant,
1284 974 1425 1026 Elias
1449 982 1530 1027 est
1559 989 1571 1025 :
1608 966 1954 1038 reprehendit
1984 963 2127 1018 enim

567 1077 783 1137 inultos,
814 1083 871 1127 ut
904 1087 1022 1124 cum
1063 1069 1288 1127 diceret.
1321 1063 1366 1119 Ο
1397 1063 1667 1117 incredula
1717 1059 1905 1114 natio!
1949 1057 2126 1111 Hero—

567 1167 660 1220 dcs
685 1174 858 1218 autem
885 1163 1102 1216 timebat
1133 1175 1149 1213 :
1180 1158 1310 1213 adeo
1337 1158 1498 1212 miser
1523 1164 1658 1220 erat,
1687 1162 1744 1206 ut
1771 1163 1828 1207 et
1859 1159 2128 1204 mortuum

565 1259 798 1313 timeret.

641 1349 802 1404 Vsus.
842 1347 904 1400 i7
937 1345 1025 1400 20.
1062 1343 1194 1398 Nam
1227 1341 1338 1411 ipse
1367 1339 1642 1401 Herodes,
1675 1329 2131 1390 missis-satelliti-

571 1444 690 1501 bus.
723 1457 912 1497 manus
945 1439 1196 1505 iniecerat
1226 1437 1277 1488 in
1310 1433 1467 1505 ποι
1497 1430 1780 1490 Joannem,
1803 1434 1856 1481 et
1885 1426 2131 1478 tinxi-rat

571 1546 692 1586 eum
727 1530 780 1583 in
825 1541 1046 1582 carcere
1076 1533 1293 1594 propter
1330 1521 1689 1576 Herodiadent
1724 1530 1948 1571 uxorem
2001 1511 2132 1567 Plii-

572 1623 698 1693 lippi
737 1619 919 1674 fratris
954 1619 1060 1682 sui,
1092 1618 1216 1686 quia
1247 1616 1469 1669 duxerat
1494 1627 1611 1667 eam
1635 1624 1879 1665 uxorein.
1913 1607 2133 1662 Dicebat

574 1714 716 1770 enim
743 1710 982 1766 Joannes
1009 1707 1203 1763 Herodi
1230 1725 1243 1761 :
1277 1705 1391 1760 Non
1419 1705 1544 1758 licet
1565 1703 1659 1756 tibi
1681 1700 1881 1755 habere
1910 1710 2131 1752 uxorem

575 1806 762 1862 fratris
811 1805 908 1859 tui.
964 1800 1225 1857 llerodias
1257 1808 1435 1855 autem
1468 1795 1823 1851 insidiabatur
1856 1793 1952 1858 illi,
1985 1790 2135 1845 vole-

2243 866 2488 938 Ἡρώδης
2517 865 2849 936 προσλαϐεῖν
2891 864 3055 919 αὐτὸν
3085 863 3195 916 τῶν
3229 864 3476 932 σημείων
3509 865 3613 935 τὴν
3646 866 3813 932 ἔργα-

2236 960 2376 1013 σίαν.
2402 956 2586 1010 Ἀλλοι
2617 957 2674 1009 66
2709 956 2894 1022 ιλεγον
2923 957 3010 1010 δτι
3057 954 3244 1016 Ἠλίας
3272 955 3447 1005 ἐστίν·
3472 956 3672 1026 ἢλεγχε
3705 956 3812 1026 γάρ

2234 1051 2358 1112 τοὺς
2396 1049 2644 1110 πολλοὺς,
2686 1047 2762 1110 ὠς
2809 1048 2938 1100 ὅταν
2979 1045 3188 1114 ὓεγεν.
3227 1045 3292 1096 Ὦ
3347 1047 3506 1111 γενεά
3546 1046 3810 1109 άπιστοςί

2245 1141 2491 1212 Ἡρώδης
2534 1139 2590 1195 66
2632 1139 2868 1192 δέδοικεν
2894 1153 2908 1168 ·
2936 1137 3109 1200 οὕτως
3127 1132 3222 1190 οὖν
3259 1135 3513 1200 ἐλεεινὸς,
3547 1137 3692 1190 ὥστε
3722 1138 3814 1190 τὸν

2237 1233 2429 1303 νεκρὸν
2458 1231 2762 1302 φοϐεῖσθαι.

2314 1340 2332 1375 ε
2365 1325 2537 1383 Αὐτὸς
2565 1323 2675 1394 γάρ
2700 1325 2728 1376 6
2762 1322 3026 1394 Ἡρώδης,
3052 1320 3380 1382 ἀποστείλας
3415 1319 3696 1388 ἐκράτησε
3725 1318 3815 1372 τὸν

2252 1415 2507 1485 Ἰωάννην
2545 1454 2560 1478 ,
2602 1418 2694 1470 καὶ
2748 1415 2934 1486 ἔδησεν
2971 1415 3133 1470 αὑτὸν
3167 1417 3226 1467 ὲν
3265 1414 3479 1482 φυλακῇ
3509 1411 3599 1464 διὰ
3638 1411 3813 1481 Ἥρως

2238 1505 2393 1560 διάδα
2419 1508 2522 1578 τὴν
2548 1511 2780 1576 γυναῖκα
2811 1508 3078 1560 Φιλίππου
3119 1507 3211 1560 τοῦ
3240 1505 3471 1574 ἀδελφοῦ
3509 1503 3701 1566 αὐτοῦ,
3732 1505 3812 1557 ὅτι

2240 1602 2410 1668 αὐτὴν
2437 1604 2740 1672 ἐγάμησεν.
2784 1603 2978 1670 Ἔλεγε
3004 1603 3112 1670 γάρ
3138 1604 3168 1654 6
3202 1602 3455 1671 Ἰωάννης
3485 1599 3565 1670 τῷ
3599 1597 3813 1668 Ἡρώδῃ

2239 1691 2344 1759 δτι,
2380 1693 2491 1747 06x
2519 1693 2696 1756 ἔξεστί
2735 1710 2816 1746 σοι
2846 1693 2989 1762 ῑχειν
3027 1695 3129 1761 τὴν
3159 1695 3392 1761 γυναῖκα
3444 1691 3541 1744 τοῦ
3582 1690 3812 1760 ἀδέλφθῦ

2245 1801 2358 1837 σου.
2396 1785 2457 1837 Ἠ
2480 1784 2536 1837 66
2569 1785 2835 1855 Ἡρωδιὰς
2872 1787 3077 1854 ἐνεῖχεν
3103 1784 3276 1852 αὐτῷ,
3302 1784 3396 1836 καὶ
3433 1782 3625 1852 ἢθελεν
3651 1783 3814 1864 αυτὸν

576 1901 776 1970 batque
805 1897 1054 1953 occidere
1094 1910 1238 1958 eum,
1287 1907 1388 1946 nec
1434 1897 1666 1959 poterat.
1721 1885 1960 1940 Herodes
1993 1882 2136 1936 cnim

2258 1877 2586 1941 ὶποιιτεῐναι,
2616 1877 2713 1928 καὶ
2743 1875 2840 1927 οὐκ
2878 1873 3120 1926 ἐδύνατο.
3166 1874 3224 1925 Ὀ
3262 1872 3371 1940 γάρ
3416 1869 3666 1940 Ἡρώδης
3693 1862 3816 1938 ἐφο-

581 1967 855 2048 metuebat
889 1989 1174 2051 Joannem,
1211 1986 1390 2040 sciens
1432 1999 1551 2036 eum
1608 1981 1778 2034 virum
1817 1978 2021 2044 justum
2073 1987 2138 2029 ac

2258 1965 2386 2018 Ξεῐτο
2435 1966 2526 2018 τὸν
2569 1966 2844 2035 Ἰωάννην,
2879 1964 3038 2028 εἰδὼς
3081 1964 3243 2016 αὑτὸν
3282 1963 3446 2033 ἄνδρα
3482 1963 3691 2014 δέκαιον
3726 1962 3816 2014 καὶ

580 2094 820 2140 sanctum
841 2121 858 2147 ,
910 2091 964 2135 et
996 2079 1312 2134 observabat
1347 2089 1494 2137 eum,
1527 2071 1816 2137 auditoque
1846 2083 1931 2132 eo,
1969 2067 2138 2120 multa

2258 2058 2414 2125 ἱγιον,
2453 2058 2544 2111 καὶ
2571 2058 2854 2125 συνετήρει
2876 2057 3055 2118 αὑτὸν.
3086 2057 3178 2109 καὶ
3207 2056 3444 2116 ἀκούσας
3469 2055 3658 2115 αὑτοῦ.
3695 2055 3822 2107 πολ-

583 2176 830 2239 faciebat,
873 2181 926 2228 et
961 2170 1189 2224 libenter
1219 2182 1343 2222 eum
1375 2164 1646 2218 audiebat.
1685 2179 1702 2211 ι
1734 2157 2011 2214 [interserit
2036 2159 2138 2212 hoc

2258 2151 2306 2202 ιά
2337 2152 2532 2213 ἐποίει,
2579 2152 2673 2202 καὶ
2704 2151 2872 2219 ἡδέως
2909 2149 3072 2202 αὐτοῦ
3099 2149 3316 2220 ηκουεν.
3359 2167 3378 2198 ι
3421 2148 3818 2218 Παρεντίθησιν

2241 2239 2478 2293 ινταῦθα
2505 2240 2602 2308 τὴν
2638 2238 2886 2309 περὶτοῦ
2929 2237 3162 2291 θανάτου
3230 2235 3323 2288 τοῦ
3371 2235 3679 2289 Βαπτιστοῦ
3745 2236 3821 2289 δι-

2247 2334 2445 2402 ήγησιν
2503 2333 2530 2384 6
2574 2332 2798 2400 Μάρκος
2827 2371 2841 2396 ,
2874 2330 3130 2402 ἀφορμῆς
3184 2329 3542 2400 δραξάμενος.
3603 2330 3715 2400 ἰἠν
3765 2330 3822 2383 66

2257 2423 2582 2492 Ἥρωδίαδα.
2616 2425 2664 2476 οί
2695 2425 2815 2493 μὲν,
2848 2422 3049 2486 ζῶντος
3073 2422 3165 2476 τοῦ
3193 2424 3465 2476 Φιλίππου
3494 2421 3663 2490 φασὶν
3684 2423 3821 2474 ἀπο·

2245 2517 2450 2570 σπάσαι
2502 2516 2592 2570 τὸν
2633 2515 2924 2587 Ἡρώδην.
2982 2516 3075 2573 καὶ
3122 2516 3208 2571 διά
3269 2517 3429 2576 τοῦτο
3501 2514 3822 2584 ἐλέγχεσθαι

582 2268 700 2322 loco
735 2265 945 2320 larens
984 2261 1349 2316 narrationem
1403 2257 1466 2310 de
1500 2262 1672 2310 morte
1701 2249 1924 2306 Joannis
1951 2249 2139 2318 Bapti-

584 2370 702 2423 sta,
733 2357 1018 2411 occasione
1049 2362 1285 2422 sumpta.
1320 2351 1517 2402 Dicunt
1544 2357 1725 2400 autem
1755 2345 1972 2414 quidam
1999 2341 2140 2412 quod

588 2451 825 2505 Herodes
873 2447 1115 2516 rapuerit
1144 2441 1498 2498 Herodiadem
1518 2479 1530 2501 ,
1561 2440 1770 2491 vivente
1800 2435 2060 2503 Philippo,
2090 2439 2144 2485 et

587 2540 727 2609 quod
759 2537 1118 2607 reprehensus
1153 2533 1312 2586 fuerit
1336 2538 1392 2583 ut
1428 2527 1829 2599 praevaricator,
1852 2524 1940 2592 qui
1974 2521 2143 2574 abdu-

588 2606 728 2687 xerit
783 2606 1011 2682 viventis
1067 2625 1248 2680 fratris
1307 2635 1570 2684 uxorem;
1633 2620 1718 2673 alii
1776 2626 1953 2670 autem
2001 2613 2142 2682 quod

2258 2609 2406 2661 ιὺτον
2433 2608 2506 2670 ὡς
2543 2609 2988 2680 παρανομοῦντα,
3021 2607 3114 2660 τοῦ
3162 2609 3364 2672 ζῶντος
3405 2606 3636 2674 ἁδελῳῦ
3687 2606 3824 2658 6m-

589 2730 832 2776 tnortuus
866 2718 1082 2788 quidem
1129 2715 1292 2770 fuerit
1323 2712 1623 2783 Philippus,
1660 2707 1937 2776 reliquerit
1966 2713 2144 2758 autem

2258 2699 2554 2767 ζευγνύντα
2579 2701 2677 2768 τὴν
2712 2702 2946 2768 γυναῐκα
2975 2715 2990 2731 ο
3046 2701 3094 2752 οί
3131 2699 3221 2764 66,
3251 2701 3331 2751 ὅτι
3376 2698 3612 2751 ἀπέθανε
3665 2695 3766 2768 μὲν
3798 2699 3824 2749 6

590 2809 843 2866 filiolam:
898 2817 950 2862 et
1001 2820 1120 2864 cum
1173 2805 1337 2859 tiliam
1396 2801 1710 2872 reliquerit,
1767 2813 1873 2852 non
1922 2795 2148 2851 debebat

2258 2793 2532 2856 Φίλιππος,
2589 2791 2728 2861 πλὴν
2783 2793 2874 2844 ἐπὶ
2908 2792 3138 2861 Θυγατρί
3167 2809 3179 2822 ·
3217 2790 3485 2861 θυγατρὸς
3542 2789 3599 2842 66
3634 2789 3821 2859 οὔσης,

593 2901 831 2956 Herodes
858 2913 1078 2954 uxorem
1112 2897 1296 2953 fratris
1329 2895 1530 2950 ducere
1559 2894 1722 2948 etiam
1746 2901 1865 2959 post
1894 2896 2144 2943 mortem.

2258 2885 2351 2938 οὐκ
2399 2885 2509 2936 ἔδει
2564 2883 2656 2936 τὸν
2697 2882 2944 2953 Ἡρώδην
2993 2884 3093 2954 τὴν
3153 2887 3393 2950 γυναῖκα
3445 2880 3542 2934 τοῦ
3589 2879 3824 2948 άδελφοῦ

595 2991 702 3050 Lex
753 2991 898 3046 enim
951 2999 1077 3044 tunc
1133 2986 1359 3058 jubebat
1412 2984 1633 3040 fratrem
1688 2981 1872 3037 fratris
1925 2992 2146 3034 uxorem

2258 2976 2522 3047 γαμῆσαι,
2565 2976 2686 3029 0666
2749 2977 2886 3046 μετὰ
2924 2975 3172 3034 θάνατον.
3219 2976 3277 3028 Ὀ
3321 2975 3429 3046 γάρ
3483 2975 3651 3043 νόμος
3702 2974 3826 3026 τότε

594 3087 788 3139 ducere
806 3082 876 3146 “,
913 3096 1034 3135 cum
1081 3094 1185 3134 non
1241 3084 1546 3148 superesset
1581 3086 1746 3143 puer:
1799 3085 1938 3126 nunc
1971 3079 2150 3122 autem

2258 3068 2469 3122 ιιιελευε
2502 3068 2592 3120 τὸν
2623 3067 2854 3136 ἀδελφὸν
2888 3069 2986 3137 τὴν
3017 3066 3110 3120 τοῦ
3157 3065 3386 3137 ἀδελφοῦ
3415 3069 3652 3134 γυναῖκα
3691 3065 3829 3135 λαμ-

595 3172 670 3228 illi
700 3180 817 3226 erat
848 3171 952 3225 illia
979 3188 993 3226 :
1026 3169 1315 3240 illegitimate
1364 3168 1533 3239 igitur
1574 3173 1728 3220 erant
1771 3163 1989 3234 nuptiae.
2017 3160 2150 3215 Vide

2258 3160 2462 3224 δάνειν,
2491 3162 2578 3214 δτε
2619 3159 2692 3230 μὴ
2722 3161 2865 3229 ὑπῆν
2915 3159 3131 3212 παιδίον
3181 3177 3195 3190 ο
3236 3157 3470 3212 ἐνταῦθα
3500 3157 3556 3210 66
3578 3158 3827 3228 ὑπῆρχεν

597 3273 774 3321 autem
801 3263 926 3333 quid
953 3261 1114 3316 faciat
1136 3261 1336 3314 ameris
1362 3259 1561 3323 rabies,
1585 3264 1637 3312 et
1660 3264 1920 3326 quantum
1951 3252 2146 3306 valeat.

595 3356 734 3411 Ecce
759 3357 902 3411 enim
931 3353 1170 3409 Herodes
1197 3350 1482 3416 Joannem,
1504 3364 1662 3421 quem
1689 3349 1741 3403 in
1771 3357 1919 3402 tanto
1947 3347 2152 3400 honore

595 3456 651 3501 et
709 3447 1007 3503 reverentia
1066 3443 1434 3511 observabat,
1495 3450 1556 3496 ut
1606 3438 1811 3495 libidini
1895 3435 2152 3501 satisfiat,

595 3537 912 3595 contemnit.

668 3712 1036 3770 Vsss.2l-29.
1075 3729 1094 3764 ι
1130 3710 1339 3766 Etcum
1367 3711 1478 3766 dies
1494 3718 1826 3780 opportunus
1851 3710 2154 3777 accidisset,

599 3823 720 3862 cttm
758 3805 993 3861 Herodes
1022 3805 1076 3861 in
1102 3804 1356 3860 natalitiis
1382 3817 1587 3857 caenam
1616 3803 1814 3857 faceret
1837 3801 2160 3872 primatibus

602 3913 663 3955 ac
704 3899 936 3953 tribunis
961 3908 1016 3951 et
1045 3896 1369 3967 primo’ribus
1403 3895 1651 3960 Galilm,
1691 3909 1918 3963 cumque
1948 3894 2162 3948 introis-

602 4000 685 4046 set
714 3989 818 4042 tllia
849 3972 1376 4058 ipsius'ilerodiadis,
1415 4002 1478 4041 ac
1519 3986 1788 4050 saltasset,
1842 3985 2160 4053 placuisset-

600 4097 704 4152 que
734 4081 950 4145 Herodi,
987 4097 1048 4137 ac
1069 4080 1225 4136 simul
1253 4080 1709 4145 accumbentibus,
1731 4094 1821 4133 rex
1839 4079 1910 4132 ait
1931 4077 2120 4148 puella:
2141 4093 2155 4132 :

603 4170 731 4226 Pete
758 4187 787 4225 a
820 4185 904 4226 me
934 4171 1075 4240 quod
1117 4171 1220 4233 vis,
1253 4178 1309 4224 et
1364 4169 1504 4224 dabo
1554 4169 1669 4222 tibi.
1714 4166 1780 4220 Iit
1821 4167 2022 4236 juravit
2061 4166 2159 4231 illi,

603 4259 871 4329 Quidquid
895 4274 924 4312 a
951 4273 1036 4313 me
1059 4257 1298 4327 petieris,
1323 4259 1458 4312 dabo
1487 4257 1580 4311 tibi
1606 4271 1774 4327 usque
1795 4257 1860 4310 ad
1883 4256 2161 4311 dimidium

601 4349 752 4419 regni
801 4349 926 4404 mei.
973 4347 1042 4401 At
1091 4346 1180 4401 illa
1205 4361 1416 4416 egressa
1461 4345 1596 4401 dixit
1637 4344 1794 4400 matri
1827 4357 1938 4399 suae
1977 4360 1990 4398 :
2024 4342 2164 4417 Quid

2258 3255 2291 3321 η
2320 3252 2586 3322 Θυγάτηρ,
2623 3253 2940 3322 παράνομος
2967 3253 3075 3318 άρα
3107 3253 3134 3303 6
3167 3250 3366 3320 γάμος.
3407 3249 3547 3320 Ὅρα
3575 3249 3635 3302 δὲ
3663 3249 3829 3304 πόσον

2262 3345 2435 3415 ίσχύει
2465 3348 2498 3417 ή
2535 3346 2704 3401 λύσσα
2748 3345 2844 3399 τοῦ
2881 3347 3101 3415 ἔρωτος,
3137 3343 3279 3396 ὥστε
3319 3343 3535 3398 καὶτὸν
3578 3342 3828 3415 Ἡρώδην

2255 3437 2529 3506 τοσαύτην
2547 3439 2682 3492 αἰδῶ
2716 3439 2813 3492 καὶ
2845 3437 3012 3507 φόϐον
3039 3437 3178 3506 πρὸς
3193 3435 3288 3489 τὸν
3326 3435 3585 3507 Ἰωάννην
3606 3436 3828 3508 ιχοντα,

2255 3530 2664 3600 καταφρονῆσαι
2729 3529 2937 3595 τούτου,
3001 3529 3139 3599 πρὸς
3186 3527 3248 3582 τὸ
3294 3526 3638 3598 θεραπεῦσαι
3671 3530 3832 3600 μόνον

2255 3617 2575 3674 ἀκολασίαν.

2336 3729 2353 3761 ι
2389 3713 2495 3765 Καὶ
2522 3711 2819 3781 γενομινης
2865 3711 3079 3782 ἡμέρας
3129 3709 3411 3782 εὐκαίρου,
3448 3711 3538 3765 δτε
3577 3710 3830 3784 Ἡρώδης

2259 3801 2369 3861 τοῖς
2398 3799 2661 3866 γενεσίοις
2688 3798 2854 3852 αὑτοῦ
2887 3799 3102 3852 δεῖπνον
3146 3799 3320 3851 ιποίει
3357 3800 3469 3859 τοῖς
3501 3801 3836 3867 μεγιστᾶσιν

2261 3891 2446 3955 αὑτοῦ,
2478 3892 2570 3943 καὶ
2601 3892 2712 3953 τοῖς
2743 3890 3046 3961 χιλιάρχοις
3077 3891 3171 3944 καὶ
3199 3892 3310 3953 τοῖς
3340 3889 3576 3958 πρώτοις
3601 3888 3706 3958 τῆς
3727 3890 3837 3943 ra.

2265 3981 2475 4043 λιλαίας
2508 4000 2522 4014 ·
2562 3983 2654 4035 καὶ
2696 3981 3042 4052 είσελθούσης
3070 3981 3170 4050 τῆς
3203 3981 3472 4051 θυγατρὸς
3531 3981 3705 4050 αὐτῆς
3739 3981 3839 4052 τῆς

2274 4072 2623 4144 Ἡρωδιάδος,
2674 4073 2770 4128 καὶ
2826 4073 3210 4144 ὀρχησαμένης
3276 4073 3369 4126 καὶ
3418 4073 3700 4143 ἀρεσάσης
3761 4072 3840 4144 τῷ

2273 4164 2508 4237 Ἡρώδῃ,
2540 4165 2634 4220 καὶ
2655 4167 2767 4228 τοῖς
2804 4166 3308 4235 συνανακειμένοις,
3336 4161 3490 4217 εἶπεν
3519 4165 3548 4216 6
3580 4165 3841 4235 βασιλεὺς

2262 4256 2340 4328 τῷ
2369 4258 2639 4328 κορασίῳο
2676 4257 2910 4327 Αἴτησόν
2948 4274 3015 4327 μα
3052 4257 3081 4310 δ
3106 4259 3201 4310 ιάν
3222 4256 3513 4330 Θέλῃς,καὶ
3543 4255 3701 4310 δώσω
3733 4272 3838 4313 σοι.

2263 4347 2372 4401 Καὶ
2398 4345 2610 4416 ὤμοσεν
2639 4348 2774 4417 αὐτῇ
2798 4347 2907 4410 δτι,
2949 4349 3014 4402 Ὃ
3045 4349 3140 4401 ἐάν
3175 4364 3244 4418 με
3285 4349 3518 4420 αἰτήσῃς
3547 4347 3710 4401 δώσω
3733 4363 3841 4415 σοι,

603 4439 816 4511 petam?
852 4438 942 4493 Illa
997 4453 1126 4495 vero
1152 4437 1286 4492 dixit
1315 4455 1329 4492 :
1355 4436 1525 4508 Caput
1552 4434 1772 4496 Joannis
1794 4433 2067 4506 Baptistae.
2097 4431 2150 4492 Et

2269 4437 2374 4502 ἕως
2400 4438 2633 4508 ἡμίσους
2655 4438 2754 4508 τῆς
2778 4436 3058 4508 βασιλείας
3083 4455 3208 4508 μου.
3241 4438 3308 4492 Ἦ
3336 4437 3414 4505 66,
3441 4437 3740 4503 ἐξελθοῦσα
3764 4435 3844 4493 si-

603 4532 841 4610 iugressa
879 4531 1058 4589 statim
1091 4544 1212 4585 cum
1240 4530 1582 4586 festinatione
1613 4528 1678 4583 ad
1726 4542 1926 4598 regem,
1976 4527 2150 4598 petivil

2268 4547 2336 4584 πε
2361 4533 2428 4602 τῇ
2465 4530 2632 4600 μητρὶ
2661 4530 2853 4600 αὐτῆς,
2876 4529 2942 4585 Τί
2971 4531 3304 4601 αίτήσομαις
3348 4529 3413 4584 Ἦ
3442 4529 3500 4583 66
3531 4525 3655 4584 εἷπε
3676 4547 3692 4564 ·
3730 4529 3844 4603 Τὴν

604 4625 785 4677 dicens
821 4640 835 4684 ;
864 4622 993 4676 Volo
1046 4633 1102 4676 ut
1156 4623 1399 4691 protinus
1445 4623 1538 4676 des
1560 4620 1693 4674 mihi
1731 4621 1783 4674 in
1817 4619 1970 4675 lance
1996 4628 2150 4690 caput

2270 4622 2514 4689 κεφαλὴν
2551 4621 2799 4676 Ἰωάννου
2852 4621 2947 4676 τοῦ
2978 4621 3310 4679 Βαπτιστοῦ.
3348 4622 3465 4675 Καὶ
3515 4620 3845 4678 εἰσελθοῦσα

605 4709 828 4766 Joannis
873 4709 1147 4778 Baptistae.
1182 4709 1247 4761 Et
1283 4709 1468 4764 dolore
1519 4707 1740 4770 allectus
1784 4723 1900 4774 rex,
1945 4717 2150 4778 proptet

2269 4713 2468 4776 εὐθέως
2518 4713 2655 4782 μιτά
2691 4713 2924 4783 σπουδῆς
2963 4713 3098 4783 πρὸς
3145 4714 3238 4766 τὸν
3289 4713 3537 4783 βασιλέα,
3570 4714 3840 4783 ᾐτήσατο,

603 4801 998 4873 jusjurandum.
1029 4815 1228 4870 eosque
1255 4800 1344 4869 qui
1379 4800 1539 4855 simul
1561 4801 1967 4866 accumbebant,
1993 4801 2150 4856 noluit

2269 4802 2500 4869 λέγουσα
2526 4817 2538 4830 ο
2569 4803 2717 4854 Θέλω
2741 4803 2829 4855 ἵνα
2867 4820 2956 4870 μοι
2984 4803 3087 4870 δῷς
3111 4803 3168 4868 ἐξ
3201 4804 3368 4871 αὐτῆς
3404 4803 3495 4856 ἰπὶ
3528 4804 3720 4858 πίνακι
3744 4805 3845 4876 τὴν

606 4905 724 4947 eam
777 4891 1026 4966 rejicere.
1061 4891 1127 4948 Et
1150 4890 1433 4946 confestim
1467 4905 1577 4957 rex,
1611 4891 1774 4945 misso
1817 4891 2162 4959 spiculatore,

603 4983 764 5054 jussit
795 4982 976 5044 inferri
1005 4992 1164 5053 caput
1186 4983 1324 5052 ejus.
1368 4981 1548 5038 Atille
1589 4981 1739 5049 abiit,
1769 4997 1830 5036 ac
1890 4981 2173 5036 decollavit

607 5089 727 5130 eum
776 5074 833 5128 in
872 5089 1108 5138 carcere,
1157 5083 1210 5128 et
1266 5073 1444 5129 attulit
1490 5085 1650 5143 caput
1686 5073 1801 5141 ejus
1827 5073 1878 5127 in
1915 5073 2089 5136 lance,
2119 5081 2172 5126 et

609 5167 755 5221 dedit
778 5162 908 5220 illud
943 5167 1150 5236 puellae,
1181 5176 1233 5219 et
1261 5167 1431 5235 puella
1485 5166 1630 5220 dedit
1671 5164 1796 5218 illud
1833 5164 1986 5216 matri
2038 5180 2166 5217 suae.

611 5258 729 5322 Quo
781 5257 982 5325 audito,
1023 5257 1269 5326 discipuli
1304 5258 1419 5326 ejus
1455 5265 1711 5312 venerunt
1760 5267 1810 5310 et
1837 5257 2172 5310 sustulerunt

613 5350 842 5403 cadaver
880 5349 1017 5417 ejus,
1068 5358 1471 5419 posueruntque
1494 5348 1620 5402 illud
1653 5349 1704 5400 in
1738 5358 2100 5402 monumento.
2147 5366 2165 5398 ι

612 5436 925 5497 Convivium
970 5439 1294 5493 celebratur.
1341 5435 1512 5490 Saltat
1541 5452 1634 5506 per
1657 5437 1883 5507 puellam
1906 5438 2169 5502 diabolus,

614 5528 674 5583 fit
709 5529 1085 5599 jusjurandum
1133 5532 1354 5600 impium
1383 5541 1436 5586 et
1469 5530 1748 5597 nefarium,
1783 5533 1888 5586 imo
1929 5531 2168 5586 stultum.

614 5619 855 5690 Nequam
907 5629 1082 5675 autem
1114 5622 1302 5677 mulier
1345 5622 1496 5688 dicit,
1528 5619 1603 5676 Da
1624 5621 1748 5678 mibi
1779 5623 2039 5696 protinus,
2073 5621 2177 5678 hoc

681 5801 723 5835 "
756 5801 906 5860 Deut.
935 5817 1058 5869 xxv,
1110 5804 1164 5859 5.

2272 4891 2510 4961 κεφαλὴν
2553 4891 2797 4948 Ἰωάννου
2814 4891 2907 4945 τοῦ
2937 4893 3264 4952 Βαπτιστοῦ.
3297 4893 3406 4948 Καὶ
3432 4893 3733 4966 περίλυπος
3747 4913 3848 4966 γε·-

2274 4984 2495 5052 νόμενος
2524 4985 2551 5036 6
2578 4983 2850 5052 βασιλεὺς,
2885 4983 2972 5039 διὰ
2991 4985 3118 5048 τοὺς
3143 4986 3341 5054 ὅρκους
3373 4985 3469 5039 καὶ
3515 4987 3644 5050 τοὺς
3671 5005 3844 5043 συναο

2272 5076 2646 5144 νακειμένους,
2675 5077 2774 5129 οὐκ
2802 5075 3070 5146 ἠθέλησεν
3092 5077 3263 5145 αὐτὴν
3290 5075 3578 5147 ἀθετῆσαι.
3609 5079 3721 5132 Καὶ
3747 5079 3846 5134 εὐ-

2272 5165 2407 5229 Θέως
2429 5167 2753 5231 ἀποστείλας
2774 5169 2801 5220 6
2829 5168 3082 5238 βασιλεὺς
3106 5169 3556 5240 σπεκουλάτωρα,
3577 5171 3847 5238 ἀπέταξαν

2272 5256 2560 5326 άνεχθῆναι
2587 5257 2684 5326 τὴν
2735 5257 2976 5326 κεφαλὴν
3007 5257 3188 5309 αὑτοῦ.
3226 5259 3283 5312 ’0
3312 5259 3367 5311 66
3391 5297 3406 5319 ,
3442 5258 3699 5314 ἀπελθὼν
3741 5265 3850 5315 άπ-

2288 5348 2610 5416 εκεεράλισεν
2645 5349 2806 5401 αὑτὸν
2834 5351 2889 5404 ὲν
2918 5351 2981 5418 τῇ
3017 5350 3252 5420 φυλακῇ,
3286 5351 3376 5402 καὶ
3396 5351 3595 5421 ἡνεγκε
3619 5353 3720 5421 τὴν
3751 5371 3849 5408 κε-

2275 5441 2445 5509 φαλὴν
2472 5441 2637 5493 αὑτοῦ
2670 5442 2761 5493 επὶ
2797 5441 2984 5494 πίνακι
3030 5442 3124 5496 καὶ
3149 5443 3348 5496 ἔδωκεν
3371 5444 3542 5514 αὐτὴν
3563 5443 3644 5513 τῷ
3675 5463 3848 5517 κορα-

2276 5532 2396 5602 σίῳ,
2427 5534 2596 5586 καὶτὸ
2623 5533 2880 5604 κοράσιον
2915 5533 3114 5588 ἔδωκεν
3144 5535 3313 5606 αὐτὴν
3335 5537 3399 5604 τῇ
3437 5539 3606 5608 μητρὶ
3647 5539 3844 5610 αὐτῆς.

2276 5627 2382 5680 Kal.
2420 5626 2748 5690 ἀκούσαντες
2781 5628 2829 5680 οἱ
2866 5627 3103 5702 μαθηταὶ
3141 5627 3330 5698 αὐτοῦ,
3362 5622 3527 5700 ἦλθον
3577 5629 3674 5684 καὶ
3704 5624 3852 5708 ἦραν

3921 5875 3932 5910 ἰ

3915 5929 3926 6024 ὅ
