4022 6562
181 600 273 661 ἴὸτ

883 580 1334 649 ENARRATIO
1364 577 1448 640 ΙΝ
1489 572 1991 642 EVANGELIUM
2035 571 2296 634 MARCL
2348 594 2410 608 -
2446 567 2606 630 CAP.
2649 565 2752 629 VI.

3339 561 3450 627 538

176 707 484 770 τοσούτους,
540 703 679 759 ἀλλά
739 701 830 756 καὶ
866 698 1100 771 περιττὰ
1150 697 1492 751 καταλιπεῖν.
1547 690 1754 761 Μωσῆς

1867 688 2110 760 quamvis
2166 701 2362 739 manna
2414 682 2697 744 dcdissct,
2734 687 2911 732 tamen
2958 689 3057 745 pro
3111 675 3450 747 singulorum

180 802 277 872 μιν
295 799 408 869 γάρ
429 799 479 850 εί
505 794 680 850 καὶτὸ
716 791 890 863 μάννα
920 790 1114 852 ἐδίδου,
1145 787 1282 842 ἀλλά
1318 787 1456 857 πρὸς
1485 783 1585 854 τὴν
1620 785 1749 837 ἐκὰσ

179 907 303 945 στου
332 887 523 960 χρείαν
546 903 560 918 ο
592 884 654 936 τδ
682 882 792 952 γὰρ
831 877 1172 951 περιττεῦον,
1221 876 1510 946 σκώληκας
1539 875 1746 940 ἐξέζεε.

179 983 286 1038 κει
320 980 506 1041 Ἦλίας
556 975 614 1029 δέ
643 973 742 1045 τὴν
781 973 959 1045 χήραν
990 969 1317 1039 διατρέφων,
1358 966 1421 1020 τὺ
1472 965 1750 1035 αῦταρκες

181 1075 453 1145 ἐχορήγει.
478 1068 686 1140 Ἰησοῦς
716 1067 795 1132 δέ,
850 1064 925 1128 ὡς
957 1063 1257 1130 Δεσπότης,
1285 1060 1379 1114 καὶ
1405 1059 1752 1130 περιττεύειν

181 1168 345 1220 ποιεῖ.
370 1161 555 1216 Ταῦτα
590 1159 689 1230 μὲν
723 1158 816 1211 οῦν
852 1154 1000 1210 κατά
1037 1153 1137 1223 τὴν
1181 1151 1446 1223 ἱστορίαν.
1498 1149 1656 1204 Κατά
1694 1147 1751 1201 δέ

178 1250 492 1321 ἀναγωγὴν,
527 1251 692 1302 πέντε
720 1248 897 1316 άρτοι,
951 1244 1000 1296 oi
1032 1240 1317 1296 Μωσαῖκοὶ
1359 1238 1530 1305 λόγοι.
1583 1238 1752 1290 Πέντε

179 1346 287 1414 γὰρ
313 1341 384 1394 τὰ
409 1339 505 1394 τοῦ
528 1337 772 1398 Μωσέως
811 1333 1018 1405 βιϐλία,
1050 1331 1289 1393 Γένεσις,
1325 1327 1554 1394 Ἐξόδος,
1594 1327 1754 1380 Λευῖ-

175 1434 350 1496 τικδν,
393 1430 664 1502 Ἀριθμοὶ,
719 1422 1165 1494 Δευτερονόμιον.
1205 1417 1409 1488 Ἰχθύες
1449 1417 1506 1470 δὲ
1551 1415 1665 1480 δύο,
1700 1415 1751 1468 oi

177 1526 288 1580 τῶν
311 1523 509 1578 ἀλιέων
537 1522 704 1584 λόγοι,
741 1519 770 1570 ό
819 1514 1143 1578 Ἀπόστολος
1189 1513 1283 1567 καὶ
1312 1512 1373 1566 τὸ
1397 1510 1752 1580 Εὐαγγέλιον.

175 1616 406 1678 Τούτοις
440 1611 531 1668 οὖν
577 1613 870 1681 τρέφονται
907 1610 963 1662 al
1023 1607 1185 1660 πέντε
1236 1604 1395 1676 ἡμῶν
1448 1602 1753 1673 αισθήσεις,

176 1704 342 1762 αὗται
393 1707 502 1778 γάρ
559 1706 699 1758 εἰσιν
728 1704 776 1756 oi
815 1699 1270 1771 πεντακισχίλιοι.
1304 1698 1422 1769 Οὐχ
1446 1697 1661 1752 ᾶπαντα
1699 1696 1756 1750 δὲ

174 1798 455 1867 δυνάμεθα
490 1797 707 1863 φαγεῖν,
766 1790 901 1844 ἀλλὰ
931 1788 1105 1843 πολλά
1153 1787 1594 1858 περιττεύουσιν,
1639 1785 1675 1839 ἀ
1705 1785 1756 1837 oi

176 1889 472 1943 ἀπόστολοι
502 1886 759 1940 δύνανται
792 1881 1082 1952 βαστάσαι.
1121 1879 1204 1933 Ta
1235 1879 1346 1949 γάρ
1375 1876 1758 1948 δυσκολώτερα

175 1981 290 2035 τῶν
322 1980 417 2033 τοῦ
449 1977 638 2047 Νόμου
676 1975 774 2030 καὶ
807 1973 917 2027 τῶν
951 1972 1044 2024 τοῦ
1073 1969 1417 2039 Εὑαγγελίου¹
1441 1967 1754 2039 νοημάτων,

179 2073 342 2145 ημεῐς
378 2070 479 2142 μὲν
514 2071 561 2124 oi
584 2069 665 2122 ἐτι
693 2068 809 2128 ταῖς
845 2065 1006 2118 πέντε
1047 2062 1342 2133 αἰσθήσεσι
1389 2060 1758 2125 δουλεύοντες,

173 2164 238 2217 ού
274 2161 647 2232 βαστάζομεν,
689 2158 740 2211 oi
765 2155 1053 2211 ἀπόστολοι
1085 2153 1165 2207 δέ.

253 2273 274 2306 ι
315 2254 430 2308 Καὶ
477 2253 678 2315 εὐθέως
741 2251 1029 2318 ἠνάγκασε
1100 2247 1228 2310 τοὺς
1283 2243 1536 2317 μαθητὰς
1599 2243 1765 2298 αὑτοῦ

171 2347 422 2419 ἐμϐῆναι
465 2348 546 2408 είς
583 2345 646 2397 τὸ
678 2343 887 2406 πλοῖον,
941 2341 1037 2395 καὶ
1069 2339 1338 2410 προάγειν
1379 2339 1461 2400 είς
1502 2338 1564 2390 τὸ
1590 2337 1767 2406 πέραν

170 2437 322 2506 πρὸς
345 2434 643 2507 Βηθσαϊδὰ,
683 2433 787 2496 ἐως
820 2431 982 2494 αὐτὸς
1037 2429 1284 2500 ἀπολύσῃ
1319 2429 1410 2483 τὸν
1447 2429 1621 2499 δχλον.
1661 2429 1770 2481 Καὶ

171 2529 600 2598 ἀποταξάμενος
632 2526 839 2589 αὐτοῖς,
873 2523 1117 2593 ἀπῆλθεν
1161 2523 1242 2585 είς
1269 2522 1331 2575 τὸ
1372 2523 1501 2592 ὅρος
1524 2521 1765 2594 προσεύ-

170 2621 411 2686 ξασθαι.
452 2619 564 2673 Kal
586 2617 747 2686 όψίας
779 2615 1101 2685 γενομένης,
1136 2609 1205 2684 ἦν
1228 2613 1288 2666 τὸ
1321 2613 1506 2666 πλοῖον
1528 2614 1586 2665 ἐν
1615 2614 1770 2683 μέσῳ

167 2713 279 2781 τῆς
323 2711 625 2779 θαλάσσης,
674 2709 771 2762 καὶ
825 2707 988 2770 αὐτὸς
1042 2707 1203 2776 μόνος
1234 2707 1328 2758 ἐπὶ
1361 2706 1462 2775 τῆς
1514 2706 1640 2776 γῆς,
1673 2710 1770 2760 καὶ

166 2798 327 2855 εἶδεν
389 2800 587 2862 αὐτοὺς
621 2791 1085 2869 βασανιζομένους
1126 2796 1185 2849 ἐν
1225 2795 1306 2866 τῷ
1347 2794 1594 2848 ἐλαύνειν
1638 2811 1654 2827 ο
1702 2792 1771 2867 ἦν

170 2892 295 2961 γὰρ
331 2892 361 2943 ό
412 2891 611 2960 ἄνεμος
644 2888 890 2950 ἐναντίος
929 2887 1136 2945 αὐτοῖς.
1173 2885 1286 2938 Καὶ
1331 2885 1464 2956 περ)⁵
1501 2887 1771 2956 τετάρτην

168 2976 578 3046 φυλακὴν,τῆς
608 2979 822 3040 νυκτός,
858 2976 1075 3045 ἔρχεται
1118 2975 1252 3044 πρὸς
1280 2974 1498 3041 αὐτοὺς,
1536 2992 1775 3046 περιπα-

166 3068 293 3121 τῶν
317 3069 416 3122 ἐπὶ
444 3068 541 3137 τῆς
569 3067 866 3138 θαλάσσης,
914 3067 1007 3119 καὶ
1047 3065 1203 3136 ἦθελε
1233 3065 1526 3134 παρελθεῖν
1551 3066 1769 3129 αὐτούς.

165 3160 239 3213 Oi
298 3159 362 3211 δὲ
410 3158 609 3220 ἰδόντες
648 3157 809 3210 αὑτὸν
853 3155 1265 3224 περιπατοῦντα
1295 3155 1388 3208 ἐπὶ
1435 3155 1534 3224 τῆς
1569 3153 1767 3209 θαλάσ·

167 3267 315 3319 σης,
353 3249 545 3312 ἔδοξαν
578 3248 868 3317 φάντασμα
897 3245 1057 3308 εἶναι,
1085 3247 1179 3300 καὶ
1203 3247 1534 3318 ἀνέκραξαν.
1565 3247 1773 3311 Πάντες

1854 797 1954 837 usu
2006 781 2165 833 dabat
2200 797 2214 844 ;
2253 792 2380 832 nam
2428 775 2570 844 quod
2594 778 2897 842 supererat,
2924 769 3236 825 vermiculis
3265 780 3454 825 scatu-

1847 860 2050 929 riebat.
2093 872 2242 926 Elias
2280 881 2495 952 quoque
2541 865 2761 922 viduam
2797 877 3047 952 pascens,
3073 861 3455 932 suppeditabat

1851 974 2111 1034 quantum
2137 962 2270 1016 satis
2290 971 2428 1015 erat.
2449 956 2610 1014 Jesus
2633 963 2838 1020 autem,
2859 961 2935 1024 ut
2963 951 3247 1018 Dominus,
3267 952 3451 1007 etiam

1853 1056 2067 1112 residua
2121 1054 2270 1108 facit.
2328 1051 2393 1105 Et
2425 1052 2538 1106 haec
2565 1048 2785 1120 quidem
2808 1046 2962 1116 juxta
2995 1043 3282 1100 historiam
3313 1055 3328 1102 :
3362 1058 3456 1095 ve-

1856 1163 1975 1201 rum
2041 1124 2195 1245 inp-ta
2251 1156 2550 1214 anagogen,
2604 1139 2846 1209 quinque
2902 1151 3071 1206 panes
3129 1144 3285 1238 sum.
3318 1134 3456 1237 .libri

1855 1238 2041 1303 Musis,
2067 1226 2156 1308 qui
2180 1236 2420 1307 quinque
2442 1244 2589 1299 sunt,
2611 1230 2861 1296 Genesis,
2889 1229 3130 1294 Exodus,
3160 1226 3457 1291 Leviticus,

1855 1329 2078 1385 Numeri
2122 1339 2177 1382 et
2214 1320 2709 1381 'Deuteronomium
2739 1339 2755 1389 ;
2786 1322 2895 1378 duo
2921 1331 3099 1376 autem
3145 1319 3345 1391 pisces,
3383 1320 3460 1388 pi-

1856 1431 2131 1477 scatorum
2164 1417 2310 1484 libri,
2344 1415 2638 1486 Apostolus
2675 1425 2735 1470 et
2762 1412 3140 1482 Evangelium.
3171 1409 3282 1466 illis
3309 1411 3456 1466 enim

1857 1525 2150 1584 pascuntur
2197 1513 2436 1582 quinque
2477 1509 2654 1564 nostri
2709 1523 2932 1574 sensus,
2964 1506 3057 1577 qui
3093 1521 3191 1575 per
3215 1505 3461 1575 quinque

1859 1604 2026 1660 millia
2082 1602 2384 1672 signantur.
2424 1598 2628 1656 Verum
2661 1615 2766 1655 non
2788 1606 3019 1666 possunt
3047 1597 3233 1651 omnia
3259 1598 3452 1662 edere,

1859 1699 1952 1753 sed
1978 1694 2145 1750 multa
2169 1693 2379 1750 residua
2408 1691 2743 1761 relinquunt,
2767 1704 2888 1760 qua:
2911 1687 3076 1761 204
3098 1687 3324 1758 apostoli
3369 1703 3465 1759 ge-

1860 1800 2006 1844 stare
2027 1794 2269 1856 possunt.
2300 1783 2436 1838 Nam
2459 1782 2790 1838 difﬁciliores
2807 1795 2997 1837 sensus
3021 1780 3179 1851 Legis
3204 1791 3257 1836 et
3284 1779 3465 1836 Evan-

1861 1881 2123 1952 geliorum
2163 1894 2260 1935 nos
2292 1878 2534 1948 quidem,
2567 1877 2810 1946 quinque
2849 1874 3096 1931 sensibus
3139 1874 3460 1941 servientes,

1865 1990 1969 2030 non
1997 1983 2300 2046 portamus,
2329 1971 2422 2027 sed
2453 1956 2700 2042 apostoli.

1944 2237 2108 2292 Vens.
2142 2233 2329 2291 45-52.
2378 2255 2396 2287 ι
2441 2234 2506 2290 Et
2548 2234 2733 2289 statim
2777 2233 2955 2305 coegit
2987 2232 3282 2300 discipulos
3337 2247 3467 2290 suos

1869 2329 2235 2386 conscendere
2257 2329 2459 2393 navim,
2494 2328 2550 2381 ut
2575 2325 2946 2396 praecederent
2970 2327 3293 2382 transmisso
3326 2324 3466 2381 mari

1871 2424 2240 2488 Bellisaidam,
2287 2421 2416 2475 dum
2465 2422 2577 2488 ipse
2628 2419 2926 2475 dimitteret
2962 2421 3194 2475 turbam.
3244 2420 3464 2475 Etcum

1872 2515 2169 2571 dimisisset
2197 2527 2313 2579 eos,
2355 2513 2486 2568 abiit
2538 2513 2590 2566 in
2647 2518 2886 2567 montem
2943 2511 3009 2567 ad
3062 2511 3348 2566 orandum.
3401 2511 3468 2566 Et

1873 2623 1995 2664 cum
2043 2605 2642 2676 vespera'advenisset,
2700 2611 2819 2658 erat
2845 2603 2996 2658 navis
3018 2603 3072 2658 in
3105 2604 3285 2658 medio
3309 2605 3466 2665 mari,

1873 2711 1927 2755 et
1974 2700 2088 2768 ipse
2136 2697 2285 2753 solus
2327 2698 2380 2750 in
2416 2705 2581 2761 terra,
2629 2694 2872 2764 viditque
2910 2709 3004 2750 eos
3048 2693 3366 2750 laborantes
3417 2697 3469 2748 in

1875 2792 2214 2863 remigando.
2264 2791 2396 2845 Erat
2438 2790 2584 2844 enim
2641 2799 2835 2844 ventus
2886 2785 3198 2843 contrarius
3253 2789 3354 2844 eis.
3409 2777 3476 2843 Et

1873 2882 2019 2936 circa
2073 2887 2322 2949 quartam
2370 2877 2607 2948 vigiliam
2641 2877 2819 2932 noctis
2857 2879 3007 2932 venit
3039 2879 3106 2931 ad
3150 2893 3244 2934 eos
3275 2879 3473 2932 ambu-

1876 2976 1993 3029 lans
2045 2988 2208 3043 super
2229 2985 2401 3035 mare,
2431 2978 2488 3026 et
2513 2969 2725 3026 volebat
2752 2971 3028 3039 praeterire
3054 2985 3167 3026 eos.
3196 2971 3267 3025 At
3301 2972 3375 3026 illi
3413 2982 3476 3026 ut

1876 3067 2128 3122 viderunt
2154 3079 2279 3120 eum
2310 3063 2676 3118 ambulantem
2719 3077 2886 3132 super
2917 3077 3089 3128 mare,
3142 3073 3474 3130 putaverunt

1876 3166 2153 3228 spcctrnm
2205 3168 2328 3211 csse
2361 3163 2415 3209 et
2448 3152 2909 3210 exclamaverunt.
2963 3152 3166 3210 Omnes
3189 3157 3333 3209 enim
3393 3157 3474 3208 vi-

1879 3249 2078 3305 debant
2115 3262 2262 3314 eum,
2291 3254 2348 3300 et
2371 3245 2682 3301 conturbati
2732 3253 2882 3310 sunt,
2924 3255 2980 3300 et
3028 3247 3213 3300 statim
3265 3246 3476 3301 locutus

163 3343 296 3413 γὰρ
345 3341 510 3394 αὑτὸν
537 3338 699 3404 εἶδον,
725 3340 820 3392 καὶ
853 3338 1264 3409 ἐταράχθησαν,
1288 3339 1386 3392 καὶ
1417 3339 1618 3402 εὐθέως
1651 3339 1760 3394 ἐλά·

1889 3349 1976 3395 est
2006 3355 2130 3395 cum
2169 3339 2273 3404 eis,
2307 3337 2553 3406 dixitque
2610 3337 2692 3392 eis
2726 3349 2741 3395 :
2773 3335 3063 3403 Conﬁdite,
3103 3354 3205 3409 ego
3227 3355 3372 3405 sum,
3407 3355 3475 3394 ne

159 3432 321 3500 λησε
364 3428 482 3500 μετ’
519 3429 720 3494 αὐτῶν,
771 3430 866 3483 καὶ
906 3428 1056 3496 λέγει
1101 3430 1315 3493 αὐτοῖς’
1350 3430 1640 3501 Θαρσεῖτε,
1665 3429 1760 3499 ἐγύ

1884 3429 2217 3486 terroamini.
2247 3431 2314 3484 Et
2352 3430 2600 3485 ascendit
2624 3432 2690 3483 ad
2727 3429 2848 3485 illos
2893 3431 2947 3484 in
2988 3431 3188 3492 navim.
3241 3440 3296 3486 et
3341 3447 3473 3487 con-

159 3525 330 3593 είμι,
369 3521 444 3591 μὴ
487 3520 760 3590 φοϐεῖσθε.
802 3521 912 3574 Kal
957 3521 1124 3591 ἀνέβη
1177 3522 1314 3592 πρὸς
1361 3523 1559 3586 αὐτοὺς
1607 3524 1686 3586 είς
1715 3524 1760 3575 τί

1881 3523 2086 3593 quievit
2118 3531 2332 3577 ventus.
2361 3522 2431 3576 Et
2462 3523 2813 3577 vehementer
2853 3537 3016 3590 supra
3072 3522 3291 3577 modum
3330 3522 3471 3576 intra

159 3615 403 3678 πλοῖον,
438 3613 535 3667 καὶ
561 3614 830 3666 ἐκόπασεν
855 3615 883 3666 ό
908 3613 1132 3684 ἄνεμος.
1159 3615 1271 3667 Καὶ
1294 3613 1413 3667 λίαν
1443 3615 1760 3686 ἐκπερισσοί

1881 3629 1941 3669 se
1970 3613 2261 3683 stupebant
2321 3622 2376 3667 et
2429 3611 2856 3666 admirabantur.
2897 3609 3016 3665 Non
3067 3613 3209 3666 enim
3263 3612 3478 3667 intelle-

155 3707 230 3760 ἐν
257 3699 496 3768 ἑαυτοῖς
528 3703 830 3770 ἐξίσταντο,
872 3705 967 3757 καὶ
1007 3704 1342 3775 ἐθαύμαζον.
1383 3706 1458 3758 Οὑ
1499 3706 1609 3775 γὰρ
1653 3722 1760 3758 συν·

1885 3715 2080 3762 xerant
2123 3706 2190 3760 de
2242 3704 2513 3772 panibus:
2551 3712 2669 3759 erat
2713 3703 2858 3758 enim
2894 3719 2987 3758 cor
3007 3718 3195 3758 eorum
3230 3703 3476 3760 obcaeca-

153 3800 335 3869 ἧκαν
378 3799 470 3851 ἐπὶ
505 3801 616 3859 τοῖς
645 3799 852 3870 ἄρτοις.
891 3799 985 3850 Ὴν
1014 3798 1121 3868 γάρ
1154 3798 1394 3868 αύτῶνὴ
1430 3798 1627 3868 καρδία
1679 3816 1760 3851 πε-

1887 3813 2019 3858 tum.
2061 3822 2080 3854 ι
2119 3801 2275 3869 Cogit
2297 3799 2609 3869 discipulos.
2633 3798 2898 3854 Nolebant
2926 3801 3071 3854 enim
3107 3800 3264 3853 avelli
3294 3799 3363 3852 ab
3388 3814 3475 3862 eo,

156 3890 516 3962 πὼρωμένη
553 3902 566 3915 ⁸
608 3908 629 3940 ι
663 3889 942 3956 ἠνάγκασε
1002 3888 1127 3950 τοὺς
1205 3888 1475 3957 μαθητάς.
1538 3888 1614 3941 Οὐ
1673 3888 1760 3956 γάι

1885 3903 1980 3952 sed
2024 3895 2072 3949 vi
2102 3894 2514 3963 separabantur,
2571 3893 2768 3962 partim
2821 3902 3042 3962 propter
3073 3907 3314 3946 amorem
3348 3908 3475 3963 erga

154 3982 396 4053 ἧθελον
423 3980 847 4050 ἀποσπασθῆναι
892 3979 1084 4046 αὑτοῦ,
1121 3977 1258 4032 ἀλλὰ
1311 3980 1403 4050 βίᾳ
1429 3979 1758 4049 ἐχωρίζοντο

1886 3988 2058 4052 illmu,
2121 3987 2318 4057 partim
2379 3985 2523 4055 quod
2576 3984 2896 4039 dubitabant
2957 3983 3358 4052 quomodonam
3410 3986 3478 4038 ad

156 4075 305 4144 ἅμα
337 4071 444 4143 μὲν
473 4071 564 4124 διὰ
601 4070 700 4142 τὴν
742 4070 880 4141 πρὸς
929 4069 1092 4124 αὐτὸν
1140 4071 1383 4140 ἀγάπην,
1431 4071 1547 4141 ἆμα
1591 4071 1647 4122 δὲ
1687 4074 1760 4122 κα

1885 4082 2032 4149 ipsos
2088 4079 2324 4143 rediret,
2357 4093 2480 4131 cum
2505 4076 2726 4132 abesset
2766 4076 2936 4130 navis.
3002 4075 3248 4132 Dimissis
3293 4079 3480 4148 itaque

148 4159 262 4214 διὰ
292 4158 372 4211 τὸ
399 4158 626 4228 ἀπορεῖν
655 4157 774 4222 πῶς
810 4159 876 4214 ἂν
915 4158 1059 4212 ἔλθοι
1087 4161 1225 4228 πρὸς
1247 4160 1446 4222 αὐτοὺς
1485 4159 1670 4213 πλοίου
1699 4161 1760 4229 μὶ

1887 4169 2059 4224 turbis
2085 4171 2330 4225 ascendit
2347 4170 2398 4224 in
2422 4179 2659 4225 mottletn
2687 4177 2742 4223 ut
2766 4180 2949 4224 oraret
2970 4183 3239 4226 seorsum.
3288 4171 3481 4236 Οιιὶιιιο

147 4252 375 4314 ὄντος.
423 4249 729 4312 Ἀπολύσας
765 4248 856 4332 οῦν
917 4251 1047 4314 τοὺς
1083 4250 1295 4320 ὄχλους,
1329 4252 1498 4321 ἀνέϐη
1542 4251 1748 4323 προσεύ

1885 4261 2032 4316 enim
2071 4270 2125 4315 et
2157 4261 2548 4329 tranquillitate
2570 4276 2706 4329 opus
2731 4261 2931 4315 habent
2964 4277 3170 4330 preces.
3209 4262 3478 4314 Caeterum

147 4345 398 4410 ξασθαι
424 4341 546 4404 κατ’
581 4341 740 4394 ίδίαν.
770 4342 972 4412 Σχολῆς
1003 4343 1114 4412 γὰρ
1147 4343 1242 4394 καὶ
1275 4342 1581 4413 ἀταραξίας
1607 4343 1755 4395 δεῖτα

1886 4352 2180 4422 discipulos
2229 4354 2427 4407 tentari
2486 4352 2773 4422 permittit,
2803 4361 2861 4406 ut
2895 4353 3108 4407 discant
3136 4353 3479 4421 patientiam.

142 4441 185 4502 ἠ
229 4434 574 4508 προσευχὴ.
609 4434 829 4503 ’Δφίησι
857 4435 913 4487 δὲ
941 4434 1068 4496 τοὺς
1103 4434 1350 4510 μαθητὰς
1389 4436 1753 4506 πειρασθῆναι

1886 4443 2020 4497 Nam
2053 4453 2334 4513 pr0pterea
2393 4458 2498 4497 non
2561 4443 2743 4498 statim
2794 4445 2902 4499 illis
2957 4446 3186 4512 assistit,
3235 4448 3332 4502 sed
3369 4456 3479 4503 tota

145 4533 264 4586 ἵνα
320 4525 586 4598 μάθωσιν
610 4525 925 4594 ὑπομένειν.
955 4526 1055 4578 Διά
1093 4527 1251 4579 τοῦτο
1282 4529 1390 4599 γὰρ
1436 4528 1556 4581 οὐδὲ
1579 4528 1760 4581 εύθέω‹

1889 4545 2052 4589 nocte
2074 4535 2204 4588 sinit
2227 4535 2279 4588 in
2311 4543 2636 4604 tempestate
2660 4551 2800 4600 esse,
2833 4547 2894 4589 ut
2919 4538 3110 4592 doceat
3138 4537 3308 4593 fortes
3336 4555 3477 4605 esse,

139 4625 386 4684 αὐτοῖς
413 4620 724 4690 ἐφίσταται,
753 4618 888 4672 ἀλλά
909 4618 977 4671 δι’
1008 4620 1137 4690 ὅλης
1167 4622 1269 4689 τῇς
1285 4620 1476 4683 νυκτὸς
1509 4637 1756 4690 συγχωρε

1886 4638 1941 4680 et
1996 4643 2100 4681 non
2167 4627 2224 4682 in
2279 4627 2549 4696 principio
2596 4630 2958 4682 tentationum
3006 4630 3326 4698 sperandam
3389 4648 3480 4686 re-

135 4711 650 4776 κλυδωνίζεσθαι,
712 4713 801 4765 ἴνα
848 4711 1036 4781 διδάξῃ
1099 4715 1406 4782 καρτερεῖν,
1445 4715 1537 4765 καὶ
1595 4714 1671 4784 μὴ
1724 4716 1760 4766 ἐι

1890 4718 2094 4787 quiem.
2162 4716 2401 4771 Observa
2446 4726 2500 4771 et
2530 4718 2698 4781 aliud,
2741 4719 2883 4784 quod
2933 4721 3160 4775 daturus
3192 4721 3352 4775 linem
3389 4738 3478 4776 re.

136 4807 332 4879 ἀρχῇ
366 4800 484 4853 τῶν
508 4801 697 4854 δεινῶν
715 4800 956 4866 ἐλπίζειν
983 4801 1187 4855 ἄνεσιν.
1206 4803 1348 4873 Ὅρα
1377 4803 1433 4855 δὲ
1465 4804 1559 4856 καὶ
1575 4803 1660 4854 Et:
1672 4820 1760 4873 ρον

1893 4823 2010 4860 rum
2057 4806 2488 4873 diiiieultatibus,
2551 4809 2602 4862 in
2651 4809 2911 4879 majorem
2938 4810 3060 4864 illos
3086 4822 3350 4866 terrorem
3385 4817 3479 4868 ad-

131 4901 242 4953 ὄτι
305 4896 464 4948 ὅταν
511 4891 678 4963 μέλλῃ
718 4891 916 4946 παύειν
968 4893 1038 4944 τὰ
1092 4893 1264 4958 δεινὰ,
1305 4893 1426 4947 τότε
1463 4894 1664 4964 parum
1707 4899 1760 4946 εί

1891 4898 2063 4954 ducit.
2104 4898 2232 4955 Viso
2255 4901 2422 4970 igitur
2449 4901 2560 4966 illo,
2583 4903 2958 4958 elamaverunt
2993 4906 3189 4960 turbati
3220 4915 3475 4978 tanquam

136 4985 435 5060 μείζονα
462 4982 628 5052 φόϐον
648 4983 942 5052 ἐντίθησιν.
988 4981 1211 5046 ’ἰδόντες
1260 4983 1369 5052 γὰρ
1405 4983 1587 5049 αὑτὸν,
1624 4985 1759 5056 ἔκρα

1894 4993 1945 5044 in
2007 4992 2412 5060 phantasmate,
2437 5002 2489 5046 et
2508 4995 2691 5047 statim
2724 5010 2820 5062 per
2849 5011 3037 5050 vocem
3070 5000 3346 5053 succurrit
3377 5002 3477 5064 cis,

134 5082 298 5147 ξαν,
341 5073 728 5144 ταραχθέντες
751 5073 826 5138 ὡς
864 5074 956 5126 ἐπὶ
1007 5075 1393 5144 φαντάσματι·
1449 5076 1544 5128 καὶ
1586 5077 1757 5129 εύθέω

1892 5084 2119 5138 dicens:
2152 5083 2225 5138 Ne
2275 5086 2611 5141 terreamini.
2647 5088 2847 5141 Deinde
2880 5099 2934 5142 et
2958 5105 3055 5159 per
3087 5090 3394 5160 ingressum
3428 5097 3480 5148 in

128 5173 253 5227 διὰ
340 5166 463 5240 τῆς
496 5165 678 5236 φωνῆς
711 5166 1004 5238 θεραπεύει
1032 5167 1250 5233 αὐτοὺς,
1301 5166 1510 5235 λέγων·
1551 5169 1643 5240 Μὴ
1688 5186 1755 5234 φο

1894 5177 2094 5242 natim,
2146 5175 2406 5245 majorem
2453 5177 2559 5233 illis
2599 5181 2945 5235 securitatem
2973 5184 3133 5250 parit.
3181 5185 3482 5241 Confestim

127 5261 418 5339 δεῖσθε.
462 5255 596 5311 Εῐτα
624 5261 721 5312 καὶ
743 5259 833 5314 διά
859 5258 952 5312 τοῦ
984 5259 1223 5330 ’ἐμϐῆναι
1260 5261 1339 5322 είς
1370 5261 1429 5312 τὸ
1459 5261 1664 5324 πλοῖον,
1690 5260 1757 5332 τὴ

1893 5267 2035 5322 enim
2069 5268 2382 5337 conquievit
2399 5277 2614 5324 ventus.
2650 5270 2900 5342 Magnum
2929 5285 3111 5328 autem
3137 5275 3480 5341 miraculum,

127 5349 553 5421 τελεωτέραν
588 5350 776 5412 αὐτοῖς
835 5350 1144 5421 ἀταραξίαν
1194 5354 1580 5421 περιποιεῖται.
1614 5351 1757 5404 Εὺθὺ

1895 5359 2176 5414 ambulare
2227 5377 2390 5430 super
2435 5377 2606 5425 mare,
2639 5374 2694 5418 et
2728 5378 2914 5418 revera
2940 5360 3182 5420 divinum
3224 5391 3234 5418 -.
3270 5371 3330 5422 ct'
3361 5385 3484 5423 cum

122 5451 277 5522 γὰρ
315 5441 622 5498 ἐκόπασεν
648 5443 678 5494 ό
725 5441 947 5511 ἄνεμος.
976 5441 1136 5509 Μέγα
1161 5441 1218 5493 δὲ
1252 5441 1436 5511 θαῦμα
1474 5442 1537 5494 τὸ
1571 5443 1664 5495 ἐπὶ.
1693 5442 1760 5494 θα

1893 5461 2041 5506 esset
2091 5461 2236 5506 tanta
2315 5465 2629 5524 tempestas,
2671 5466 2889 5525 tamque
2927 5462 3236 5515 contrarius
3266 5473 3484 5527 ventus,

127 5545 424 5606 λάσσης
463 5535 809 5603 περιπατεῖν,
841 5535 937 5587 καὶ
965 5534 1099 5587 Θεοῦ
1127 5534 1203 5602 τῷ
1230 5534 1365 5598 ὄντι,
1399 5537 1458 5588 τὸ
1477 5535 1535 5587 δὲ
1576 5537 1667 5588 καὶ
1697 5553 1760 5588 τα

1895 5543 2142 5596 miraculi
2202 5547 2596 5598 incrementum
2635 5558 2770 5600 erat.
2829 5551 3072 5616 Apostoli
3127 5561 3310 5606 autem
3360 5568 3483 5607 cum

122 5635 371 5712 ραχῆς
408 5625 602 5695 οῦσης,
639 5627 735 5680 καὶ
763 5627 858 5680 τοῦ
901 5629 1105 5698 ἀνέμου
1144 5630 1578 5698 ἐναντιουμένου,
1600 5629 1760 5683 ὲπίτα

1896 5649 2007 5687 non
2059 5636 2454 5691 intellexissent
2485 5640 2550 5692 de
2596 5641 2845 5706 panibus,
2884 5655 2965 5693 ρετ
2999 5642 3100 5696 hoc
3130 5642 3397 5698 miraculo
3428 5646 3483 5697 in

125 5747 243 5793 σις
269 5719 408 5779 τοῦ
439 5717 744 5788 θαύματος.
772 5719 836 5772 0i
864 5720 922 5772 δὲ
952 5721 1245 5774 ἀπόστολοι
1299 5722 1358 5773 ού
1399 5724 1675 5784 συνιέντες
1699 5725 1760 5775 ἐπ

1898 5727 2035 5781 mari
2083 5727 2484 5783 intellexerunt.
2512 5729 2766 5784 Videtur
2812 5748 2947 5787 sane
2979 5733 3232 5790 Christus
3263 5747 3488 5805 propter

120 5811 284 5883 τοῖς
339 5813 580 5880 ἄρτοις,
625 5808 735 5862 ἀπὸ
776 5809 968 5863 τούτου
997 5811 1093 5863 τοῦ
1138 5811 1415 5880 θαύματος
1449 5813 1544 5867 τοῦ
1591 5817 1685 5867 ἐπὶ
1723 5833 1760 5867 τι

1898 5818 2001 5874 hoc
2037 5820 2349 5886 permisisse
2400 5821 2520 5875 illos
2563 5824 2780 5889 tentari,
2818 5833 2876 5877 ut
2904 5825 3158 5894 quoniam
3193 5842 3220 5877 a
3255 5828 3488 5894 panibus

120 5913 458 5974 θαλάσσῃ
482 5905 728 5973 συνῆκαν
750 5919 766 5934 ο
794 5903 971 5958 ἔοικεν
986 5900 1078 5957 οῦν
1105 5905 1134 5956 ὁ
1155 5906 1391 5973 Χριστὸς
1409 5911 1504 5959 καὶ
1529 5906 1618 5962 διὰ
1635 5907 1760 5959 τοῦτ

1899 5925 2022 5963 eum
2053 5925 2157 5964 non
2181 5911 2582 5978 cognovissent,
2617 5914 2866 5968 notitiam
2898 5932 2926 5969 a
2957 5917 3090 5970 mari
3122 5919 3488 5985 perciperent,

125 5997 576 6076 συγχωρῆσαι
629 5994 827 6058 αὐτοὺς
859 5997 1244 6066 πειρασθῆναι,
1280 5997 1366 6050 ἵνα
1405 6001 1528 6051 ἐπεὶ
1580 5999 1655 6069 μὴ
1688 6001 1760 6052 ἀπ

1899 6010 2064 6072 atque
2091 6002 2379 6056 utilitatem
2409 6017 2896 6073 consequerentur.

123 6102 280 6164 τῶν
320 6091 540 6160 ἄρτων
564 6083 730 6138 αὑτὸν
760 6085 1091 6154 ἐπέγνωσαν,
1131 6088 1424 6155 ἐπιγνῶσιν
1447 6089 1554 6144 am
1584 6091 1678 6160 τῆς
1711 6090 2006 6162 θαλάσσης,
2032 6094 2125 6145 καὶ
2144 6092 2523 6163 ὠφεληθῶσιν.
