4022 6556
171 528 273 597 561

856 520 1311 597 ENARRAJ‘IO
1351 521 1436 582 IN
1469 517 1970 581 EVANGELIUM
2013 516 2275 576 MARCI.
2313 540 2377 550 -
2417 514 2573 586 ΕΑΒ,
2603 513 2736 579 VII.

3332 511 3439 575 56!

172 642 397 713 ρήσητε.
430 638 636 708 Μωσῆς
658 635 767 709 γὰρ
796 631 919 690 εἷπε
941 652 954 667 ·
991 636 1139 708 Τίμα
1166 635 1257 689 τὸν
1280 634 1497 703 πατέρα
1526 648 1619 686 σου
1648 631 1753 684 καὶ.⁴

1872 638 2077 683 natrem
2118 636 2296 695 tuam;
2332 637 2387 685 et
2420 646 2434 683 :
2465 628 2568 695 Qui
2614 623 2961 682 maledixcrit
2988 623 3129 692 patri
3185 622 3269 678 vel
3320 640 3436 677 ma-

170 733 269 805 τίιν
291 731 519 803 ’μητέρα
550 746 664 783 σου·
700 730 820 794 καὶ,
873 728 931 783 Ὀ
964 727 1282 796 κακολογῶν
1323 726 1535 796 πατέρα
1566 727 1601 799 ἦ
1649 742 1752 794 μη.

170 823 333 891 τέρα,
365 820 583 891 θανάτῳ
636 818 962 873 τελευτόκτω.
1009 817 1199 887 Ὑμεῖς
1248 816 1307 871 δὲ
1335 816 1565 885 λέγετε·
1626 814 1753 869 Ἐὰν

172 915 301 983 sirm
328 910 615 986 ἄνθρωπος
663 906 743 978 τῷ
796 908 967 978 πατρὶ
1007 908 1040 977 ἢ
1088 909 1155 977 τῇ
1205 909 1398 977 μητρὶ,
1448 904 1692 976 Κορσάν,
1725 904 1754 957 ὅ

177 1003 295 1057 im
326 1000 529 1069 Δῶρον,
560 999 589 1052 6
625 998 719 1052 ὲάν
767 996 827 1063 ἐξ
871 997 1007 1067 ἐμοῦ
1041 997 1349 1068 ὠφεληθῇς,
1388 996 1483 1050 καὶ
1521 996 1624 1049 οὐκ
1672 993 1755 1048 let

169 1092 363 1163 ἀφίετε
394 1090 556 1145 αὑτὸν
604 1076 757 1142 οὐδὲν
786 1087 1013 1157 ποιῆσαι
1056 1086 1135 1156 τῷ
1186 1086 1355 1157 πατρὶ
1395 1085 1562 1140 αὑτοῦ
1603 1084 1636 1155 ἢ
1684 1086 1752 1155 τῇ

180 1181 352 1251 μητρὶ
404 1178 592 1243 αὑτοῦ,
652 1176 988 1247 ἀκυροῦντες
1041 1178 1133 1230 τὸν
1186 1177 1344 1246 λόγον
1389 1174 1485 1231 τοῦ
1511 1173 1647 1228 Θεοῦ
1683 1175 1750 1245 τῇ

170 1272 471 1341 παραδόσει
495 1264 699 1343 ὑμῶνῇ
723 1269 1077 1339 παρεδώκατε
1113 1308 1128 1333 ,
1161 1269 1256 1322 καὶ
1280 1268 1560 1341 παρόμοια
1577 1266 1755 1321 τοιαῦ-

172 1383 239 1419 τα
274 1364 445 1417 πολλά
502 1364 725 1416 ποιεῖτε.
763 1382 781 1414 ι
829 1360 1287 1432 Ἐμὸριθέστερον
1335 1360 1578 1429 ἐλέγχων
1626 1360 1752 1421 τοὺς

186 1450 479 1518 Ἰουδαίους
510 1455 537 1506 ό
592 1451 817 1523 Κύριος,
878 1453 1120 1523 παράγει
1172 1452 1267 1505 καὶ
1326 1451 1418 1504 τὸν
1468 1452 1757 1521 προφήτην

176 1545 590 1617 κατηγοροῦντα
641 1543 839 1605 αὐτῶν.
894 1544 1125 1598 Ἐκεῖνοι
1165 1544 1263 1614 μὲν
1288 1542 1379 1600 οὖν
1408 1543 1518 1605 τοῖς
1574 1540 1753 1611 μαθη-

172 1641 293 1700 ταῖς
318 1636 609 1709 ἐνεκάλουν
636 1636 717 1687 ὅτι
751 1635 850 1705 τὴν
878 1636 989 1687 τῶν
1022 1634 1413 1705 πρεσὸυτέρων
1448 1633 1754 1706 παράδοσιν

174 1716 507 1799 παρέϐαινον
540 1768 555 1793 ,
580 1730 611 1781 ὁ
644 1727 849 1800 Κύριος
906 1730 965 1783 δὲ
997 1730 1184 1793 αὐτοῖς
1230 1727 1587 1798 ἀντεπιφέρει
1620 1742 1754 1794 σφο-

169 1820 433 1893 δρότερον
456 1819 729 1893 ἔγκλημα,
763 1820 825 1876 τὺ
852 1822 945 1876 τὸν
966 1819 1059 1875 τοῦ
1088 1820 1337 1891 Μωσέως
1368 1821 1533 1889 νόμον
1572 1835 1755 1888 παραη

89 1930 92 1932 ⁷
174 1901 410 1966 σαίνειν.
465 1911 524 1965 Ὀ
557 1914 659 1983 μὲν
692 1914 802 1984 γὰρ
852 1913 1018 1984 νόμος
1061 1914 1218 1982 φησὶ,
1268 1912 1450 1979 λέγει·
1487 1912 1635 1980 Τίμα
1667 1910 1758 1962 τὸν

1860 721 1951 785 tri,
1979 728 2153 789 morte
2184 720 2467 776 moriatur.
2501 718 2611 774 Vos
2642 728 2829 775 autem
2870 714 3102 789 dicitis:
3139 715 3197 770 Si
3233 716 3434 771 dixerit

1856 816 2018 889 homo
2064 814 2202 884 patri
2242 821 2333 868 aut
2384 812 2562 891 matri
2597 810 2836 873 Corban,
2888 808 3033 879 quod
3061 818 3169 872 est,
3205 797 3440 875 Danum,

1862 906 2224 977 quodcunque
2256 921 2320 961 ex
2360 911 2447 961 me
2507 904 2561 960 in
2598 914 2747 957 tuum
2788 902 2945 957 cedet
2970 900 3345 963 commodum,
3382 907 3437 954 et

1854 1004 2115 1064 praeterea
2166 1009 2274 1049 non
2337 994 2658 1049 sinitiseum
2702 989 3001 1060 quidquam
3040 988 3242 1054 lacere
3297 990 3438 1058 patri

1855 1101 1975 1151 suo,
2004 1094 2097 1140 aut
2130 1085 2291 1141 matri
2330 1100 2467 1151 sum,
2496 1092 2550 1139 ct
2587 1082 2800 1139 irritum
2832 1081 3029 1143 facitis.
3064 1081 3292 1143 stat-bum
3344 1079 3438 1134 Dei

1856 1193 1953 1247 per
1983 1176 2431 1233 constitutionem
2490 1184 2728 1234 vestram
2790 1189 2952 1243 quam
3000 1170 3340 1237 teadidistis,
3379 1183 3437 1227 et

1856 1270 2021 1342 206
2055 1268 2253 1325 similia
2289 1266 2788 1338 hujusmodimulta
2812 1264 3027 1323 tacitis.
3067 1282 3086 1317 ι
3110 1262 3185 1323 Ut
3223 1264 3443 1344 gravius

1860 1369 2054 1433 arguat
2108 1361 2370 1415 Dominus
2412 1357 2651 1424 Iudaeos,
2698 1357 2919 1413 adducit
2961 1367 3016 1412 et
3055 1356 3378 1427 prophetam
3410 1371 3439 1410 α

1859 1470 1967 1524 quo
2000 1462 2277 1509 taxantur.
2320 1451 2397 1507 illi
2420 1452 2574 1525 enim
2612 1450 2908 1520 discipulos
2965 1450 3267 1521 arguebant
3300 1463 3426 1520 quot

1861 1547 2137 1601 seniorum
2177 1545 2525 1600 traditionem
2566 1543 2907 1613 praevaricati
2948 1551 3151 1605 essent.
3180 1542 3416 1600 Domino

1861 1647 2041 1693 autem
2078 1638 2157 1691 eis
2178 1637 2424 1711 impingit
2442 1638 2651 1691 crimen
2675 1637 2834 1705 longe
2857 1635 3096 1704 gravius,
3122 1634 3265 1703 quod
3282 1632 3436 1692 Mosit

1861 1731 2029 1801 legem
2060 1731 2566 1800 praevaricarentur.
2609 1728 2717 1784 Lex
2740 1730 2885 1783 enim
2920 1727 3016 1794 ait,
3036 1726 3173 1783 dicit
3197 1745 3210 1780 :
3231 1725 3448 1781 Honora

1862 1832 2074 1893 patrem
2092 1833 2237 1876 tuum
2256 1832 2309 1878 et
2328 1833 2556 1877 matrem
2576 1832 2720 1877 tuam
2744 1840 2758 1875 :
2779 1836 2872 1876 vos
2894 1828 3075 1875 autem
3094 1820 3301 1875 docetis
3318 1833 3453 1889 pue-

1861 1930 1953 1975 ros
1970 1924 2027 1968 ut
2054 1914 2239 1968 dicunt
2257 1915 2328 1967 ad
2342 1924 2616 1987 parentes,
2633 1912 2872 1981 Corban,
2897 1911 3002 1968 hoc
3027 1921 3131 1977 est,
3159 1910 3369 1975 Donum
3398 1920 3454 1965 et

174 2003 394 2074 πατέρα
428 2018 522 2055 σου
552 2004 648 2058 καὶ
674 2004 774 2074 τὴν
798 2005 1010 2077 μητέρα
1044 2020 1138 2057 σου
1166 2016 1179 2031 ⁸
1218 2006 1380 2073 ὑμεῖς»
1405 2004 1461 2057 δὲ
1485 2002 1764 2056 διδάσκετε

1872 2006 2106 2061 oblatum
2171 2006 2282 2062 Deo
2333 2016 2439 2069 est,
2474 2005 2619 2075 quod
2682 2007 2885 2077 quaeris
2924 2020 2989 2062 ex
3038 2020 3146 2060 me.
3191 2004 3448 2067 Pharisaei

174 2094 305 2157 τοὺς
350 2093 547 2157 παῖδας
594 2095 770 2164 λέγειν
810 2096 947 2166 πρὸς
990 2097 1117 2158 τοὺς
1174 2099 1370 2166 γονεῖς,
1406 2096 1487 2147 ὅτι
1519 2092 1763 2162 Κορόἀν,

168 2182 447 2247 τουτέστι,
474 2183 659 2254 Δῶρον
685 2186 778 2239 καὶ
811 2186 1236 2254 ἀνατεθειμένον
1285 2186 1362 2256 τῷ
1392 2184 1511 2254 Θεῷ
1540 2186 1709 2244 ἐστιν,
1736 2180 1765 2233 6

172 2266 364 2343 ζητεῖς
394 2272 453 2336 ἐξ
482 2273 639 2341 ἐμοῦ.
668 2275 731 2326 Οί
753 2273 860 2344 γὰρ
886 2275 1170 2344 Φαρισαῖοι
1195 2275 1437 2337 θέλοντες
1455 2272 1765 2327 κατεσθίειν

171 2363 247 2417 τὰ
278 2365 386 2423 τῶν
418 2363 824 2434 ἀφελεστέρων,
858 2360 1138 2419 ἐδίδασκον
1180 2368 1305 2429 τοὺς
1338 2366 1559 2428 παῖδας,
1594 2366 1688 2419 ὲάν
1711 2382 1763 2416 τι

171 2448 329 2524 εἶχον
352 2453 521 2505 οἱονεὶ
550 2453 861 2521 πεκούλιον,
893 2454 986 2507 καὶ
1016 2454 1244 2526 ἐζήτουν
1274 2455 1433 2508 τοῦτο
1472 2457 1521 2508 οἱ
1552 2456 1761 2523 γονεῖς,

70 2547 87 2569 η’
169 2543 381 2612 λέγειν,
404 2544 485 2597 ὅτι
517 2543 659 2616 Ἤδη
683 2546 963 2616 ἀφιέρωσα
986 2545 1144 2599 τοῦτο
1168 2547 1243 2617 τῷ
1272 2546 1412 2617 Θεῷ,
1437 2547 1531 2600 καὶ
1567 2546 1765 2617 μηκέτι

170 2638 360 2708 ζήτει,
386 2638 461 2700 ὡς
485 2638 748 2693 ἀνατεθὲν
773 2639 851 2712 τῷ
872 2640 1085 2713 Κυρίῳ.
1118 2641 1303 2705 Οὕτως
1326 2641 1419 2695 οὖν
1448 2640 1767 2702 ἀπατῶντες

168 2729 310 2793 τοὺς
354 2730 572 2794 παῖδας,
644 2732 737 2785 καὶ
784 2732 1183 2802 συμπείθοντες
1236 2735 1434 2796 αὐτοὺς
1495 2731 1760 2803 ἀφιεροῦν

166 2819 345 2891 δῆθεν
383 2822 463 2893 τῷ
503 2824 624 2893 Θεῷ
653 2823 689 2877 ἃ
725 2820 893 2894 εἶχον,
950 2826 1076 2887 τοὺς
1124 2824 1224 2896 μὲν
1263 2825 1507 2895 πατέρας
1542 2824 1763 2877 ἐποίουν

170 2916 565 2985 περιφρονεῖν,
622 2900 873 2971 αὑτοιδὲ
912 2917 981 2971 τὰ
1026 2917 1405 2989 ἀφιερωθέντα
1444 2918 1762 2989 κατήσθιον.

168 3004 360 3059 Τοῦτο
395 3006 488 3060 οὖν
518 3010 701 3073 αὐτοῖς
729 3010 758 3061 ὁ
811 3008 1014 3078 Κύριος
1044 3010 1291 3077 έγκαλεῖ,
1316 3010 1392 3073 ὠς
1424 3009 1513 3063 διὰ
1569 3011 1764 3081 κέρδος

170 3098 589 3167 παραϐαίνουσι
623 3102 717 3154 τὸν
745 3100 840 3154 τοῦ
870 3100 1009 3154 Θεοῦ
1058 3102 1244 3172 νόμον.

258 3208 282 3241 ε
317 3191 429 3244 Καὶ
456 3194 977 3264 προσκαλεσάμενος
1024 3195 1203 3248 πάντα
1246 3193 1338 3248 τὸν
1366 3194 1545 3266 δχλον,
1580 3195 1766 3261 ἔλεγεν

168 3282 375 3346 αὐτοῖς
399 3298 413 3313 ·
453 3284 697 3338 Ἀκούετε
734 3303 856 3356 μου,
902 3289 1128 3351 πάντες,
1173 3288 1266 3339 καὶ
1291 3288 1535 3341 συνίετε·
1597 3287 1765 3354 Οὐδέν

166 3376 341 3429 ἔστιν
370 3373 570 3439 ἔξωθεν
605 3376 701 3430 τοῦ
738 3378 1030 3452 ἀνθρώπου
1060 3378 1519 3449 είσπορευόμενον
1554 3379 1635 3442 είς
1672 3378 1771 3430 αύ-

165 3467 302 3530 τδν,
339 3465 368 3519 6
397 3466 621 3522 δύναται
657 3470 823 3523 αὑτὸν
857 3469 1143 3534 κοινῶσαι,
1194 3468 1335 3523 ἀλλὰ
1379 3469 1449 3523 τὰ
1476 3468 1775 3543 ἐκπορευό-

166 3576 334 3629 μενα
358 3558 456 3612 ἀπ’
472 3560 877 3624 αὑτοῦ,“ὲκεῖνά
902 3565 1020 3615 ἐστι
1043 3561 1115 3616 τὰ
1142 3560 1535 3618 κοινοῦντατδν
1567 3559 1779 3631 ἀνθρω⁴

163 3642 310 3706 τὸν.
358 3651 428 3704 Et
476 3669 558 3715 τις
609 3647 869 3722 ἔχειῶτα
922 3652 1166 3716 ἀκούειν,
1222 3651 1491 3706 ἀκουέτω.
1544 3651 1658 3705 Καὶ
1685 3651 1775 3704 ὅτε

158 3743 443 3815 είσῆλθεν
476 3746 555 3809 είς
580 3743 730 3800 οἶκον
759 3747 867 3800 ἀπὸ
900 3746 996 3800 τοῦ
1026 3747 1206 3816 δχλου,
1266 3743 1572 3816 ἐπηρώτων
1606 3744 1771 3797 αὑτὸν

160 3835 218 3886 ot
265 3832 522 3904 μαθηταὶ
546 3833 714 3888 αὑτοῦ
767 3836 1026 3907 περὶτῆς
1076 3834 1413 3907 παραϐολῆς.
1468 3836 1579 3888 Καὶ
1624 3834 1775 3901 λέγει

156 3923 413 3987 αὐτοῖς·
450 3923 608 3991 Οὕτω
670 3926 762 3979 καὶ
813 3927 973 3997 ὑμεῖς
1006 3926 1257 3982 ἀσύνετοί
1293 3928 1452 3992 ista;
1491 3924 1571 3981 Οὐ
1603 3928 1776 3979 νοεῖτε

156 4016 258 4071 ὅτι
300 4016 426 4069 πᾶν
466 4015 527 4069 τὺ
551 4015 751 4081 έξωθεν
787 4017 1249 4087 είσπορευόμενον
1307 4018 1386 4080 είς
1416 4018 1511 4071 τὸν
1560 4015 1775 4087 ἀνθρω-

153 4126 307 4183 πον,
349 4108 413 4161 οὐ
452 4107 675 4163 δύναται
697 4108 866 4180 αὐτὸν.
884 4109 1168 4171 κοινῶσαι,
1209 4110 1293 4163 ὅτι
1316 4109 1417 4162 οὐκ
1453 4106 1778 4180 είσπορεύε-

150 4219 259 4254 ται
302 4198 488 4253 αὐτοῦ
510 4188 593 4262 είς
614 4199 713 4270 τὴν
728 4200 991 4270 ¹καρδίαν,
1022 4200 1142 4254 ἀλλ’
1165 4201 1252 4263 ἐίς
1283 4201 1382 4271 τὴν
1419 4199 1653 4265 κοιλίαν,
1684 4200 1779 4253 καὶ⁵

148 4292 388 4358 είςε-τὸν
416 4290 704 4363 ἀφεδρῶνα
737 4278 1122 4361 ἐκπορεύεται,
1174 4289 1559 4361 ἑκκαθαρίζων
1597 4288 1778 4343 πάντα

144 4388 228 4441 τὰ
263 4380 585 4455 βρώματας
618 4382 812 4451 Ἔλεγε
871 4382 947 4445 δὲ,
987 4382 1071 4437 ὅτι
1115 4384 1189 4437 Τὸ
1227 4385 1314 4451 εκ,
1346 4382 1444 4436 τοῦ
1483 4382 1776 4453 ἀνθρώπου

140 4473 655 4547 Δἐκπορευόμενον,
671 4475 847 4526 ἐκεῖνο
866 4475 1039 4527 κοινοῖ
1081 4474 1175 4526 τὸν
1190 4474 1288 4529 ἀνθ
1296 4491 1502 4545 ρωπον.
1524 4475 1771 4528 Ἐσωθεν

141 4573 278 4644 γὰρ
304 4574 392 4625 ὲκ
426 4567 529 4638 τῆς
549 4568 779 4635 καρδίας
804 4567 914 4621 τῶν
941 4567 1249 4639 ἀνθρώπων
1278 4568 1328 4620 oi
1356 4568 1701 4638 διαλογισμοὶ
1726 4570 1775 4621 oi

1867 2099 2011 2152 enim
2046 2098 2292 2161 volentes
2322 2098 2588 2153 devorare
2646 2112 2708 2154 ea
2754 2114 2877 2169 qua:
2906 2107 3063 2154 erant
3092 2097 3452 2169 plebeiorum,

1868 2190 2137 2245 docebant
2169 2204 2394 2258 pueros,
2428 2190 2471 2244 si
2506 2189 2635 2258 quid
2668 2188 2933 2244 haberent
2968 2189 3115 2242 velut
3143 2187 3413 2258 peculium
3439 2225 3453 2252 ,

1868 2290 1923 2337 et
1953 2283 2081 2336 illud
2126 2292 2433 2352 quaererent
2480 2294 2755 2353 parentes,
2783 2282 3072 2338 dicereut:
3108 2279 3227 2337 Jam
3262 2295 3457 2336 conse-

1868 2376 2011 2428 cravi
2050 2374 2151 2429 hoc
2180 2375 2327 2441 Deo;
2357 2392 2423 2432 ne
2471 2376 2610 2437 ultra
2642 2390 2855 2444 (μαι-ας
2911 2375 3024 2444 iam
3070 2375 3314 2429 oblatum
3352 2374 3457 2427 Do-
3496 2372 3499 2373 ⁷

1871 2466 2036 2521 mino.
2068 2466 2239 2535 Igitur
2269 2468 2348 2523 sic
2380 2467 2729 2538 decipiebant
2766 2482 2985 2538 pueros,
3020 2477 3075 2522 et
3122 2466 3286 2522 simul
3321 2481 3459 2535 pcr-

1869 2560 2174 2613 suadebant
2211 2561 2292 2615 eis
2332 2569 2389 2617 ut
2430 2570 2826 2616 consecrarent
2864 2559 3096 2614 Domino
3127 2574 3249 2630 quas
3282 2558 3457 2613 habeo

1872 2657 1994 2703 rent
2024 2634 2037 2701 Ξ
2070 2664 2179 2716 quo
2209 2658 2465 2719 parentes
2494 2650 2766 2706 faciebant
2801 2649 3099 2716 contemni,
3128 2648 3230 2716 ipsi
3265 2649 3449 2703 alitem

1870 2741 2203 2797 devorabam
2239 2744 2346 2805 Deo
2381 2755 2622 2797 sacrata.
2655 2736 2953 2811 Propterea
2989 2741 3173 2811 arguit
3216 2754 3311 2796 eos
3354 2739 3461 2794 Do-

1872 2832 2070 2903 minus,
2110 2836 2252 2907 quod
2286 2846 2509 2909 propter
2534 2836 2745 2891 lucrum
2777 2832 3257 2907 transgrediuntur
3286 2831 3458 2903 legem

1870 2924 1986 2979 Dei.

1959 3192 2121 3252 Vens.
2165 3194 2357 3251 “35.
2397 3215 2414 3249 ‹
2458 3195 2522 3248 Ει
2564 3212 2685 3249 cum
2743 3196 3062 3252 advocasset
3093 3196 3267 3251 adse
3297 3204 3463 3251 totam

1876 3287 2109 3349 turbam,
2143 3287 2361 3341 dicebat
2384 3287 2488 3341 illis
2519 3306 2529 3339 :
2557 3288 2754 3341 Audite
2795 3302 2900 3351 me,
2925 3301 3139 3351 omnes,
3168 3298 3225 3343 et
3266 3286 3467 3341 intelli-

1877 3376 1988 3447 gite
2020 3396 2032 3431 :
2080 3378 2224 3433 Nihil
2275 3388 2360 3434 est
2389 3388 2545 3434 extra
2612 3363 2902 3435 hominem
2924 3380 3190 3436 introieris
3223 3380 3276 3437 in
3311 3395 3461 3442 eum,

1877 3470 2021 3538 quod
2045 3471 2217 3540 possit
2248 3485 2372 3524 eum
2430 3471 2756 3539 inquinare:
2820 3471 2916 3526 sed
2947 3464 3081 3541 qure
3121 3472 3187 3527 de
3243 3471 3467 3526 homine

1880 3563 2204 3630 procedunt,
2265 3562 2357 3616 illa
2408 3572 2535 3618 sunt
2566 3578 2687 3633 qua:
2731 3563 3023 3632 inquinant
3064 3562 3362 3618 hominem.
3408 3561 3467 3617 Si

1879 3652 2001 3720 quis
2033 3652 2196 3708 habet
2228 3668 2393 3707 aures
2457 3652 2525 3707 ad
2575 3652 2931 3718 audiendum,
2979 3651 3190 3707 audiat.
3230 3650 3298 3707 Et
3343 3668 3465 3708 cum

1880 3742 2140 3799 intrasset
2182 3744 2235 3799 in
2269 3746 2490 3799 domum
2518 3756 2766 3801 semotus
2792 3760 2819 3798 a
2847 3744 3029 3812 turba,
3059 3747 3470 3817 interrogabant

1880 3848 2005 3888 eum
2038 3834 2289 3905 discipuli
2324 3834 2459 3915 ejus.
2484 3835 2550 3889 de
2583 3833 2864 3909 parabole.
2900 3833 2968 3889 Et
3003 3836 3078 3887 ait
3114 3834 3221 3921 illis
3261 3854 3273 3889 :
3313 3836 3464 3889 Adeo

1881 3936 1937 3981 et
1979 3942 2077 3992 vos
2135 3922 2491 3998 intelligentia
2549 3927 2793 3981 caretis?
2844 3925 3094 3980 Nondum
3167 3927 3470 3997 intelligitis

1881 4021 2024 4089 quod
2062 4034 2226 4074 omne
2256 4017 2389 4074 foris
2431 4020 2696 4075 introiens
2722 4019 2776 4073 in
2803 4018 3104 4085 hominem,
3143 4036 3253 4076 non
3282 4029 3467 4092 potest

1880 4125 2001 4163 eum
2044 4109 2355 4179 inquinare,
2385 4110 2513 4179 quia
2548 4124 2655 4164 non
2707 4110 2877 4165 intrat
2911 4111 2962 4165 in
2995 4125 3091 4166 cor
3117 4112 3258 4180 ejus,
3287 4112 3385 4166 sed
3412 4113 3466 4167 in

1881 4208 2147 4265 ventrem,
2198 4212 2253 4255 et
2300 4202 2350 4253 in
2400 4216 2677 4256 secessum
2730 4203 2863 4269 exit,
2924 4217 3225 4274 repurgans
3278 4217 3470 4260 omnes

1880 4292 2070 4348 escas?
2099 4291 2321 4347 Dicebat
2354 4303 2535 4347 autem
2564 4312 2576 4347 :
2614 4291 2767 4359 Quod
2822 4293 2891 4348 ab
2919 4293 3139 4349 homine
3174 4295 3306 4359 exit,
3340 4294 3470 4349 illud

1883 4388 2135 4455 inquinat
2178 4385 2481 4440 hominem.
2513 4384 2596 4439 Ab
2634 4384 2988 4439 interioribus
3021 4384 3166 4439 enim
3207 4385 3274 4454 de
3302 4385 3467 4440 corde

1882 4478 2164 4531 hominum
2194 4479 2349 4532 malae
2385 4477 2748 4547 cogitationes
2794 4476 3120 4548 procedunt,
3169 4478 3463 4544 adulteria,

1881 4578 2091 4638 stupra,
2135 4568 2642 4635 homicidiaJurta,
2687 4569 2956 4634 avaritias,
2995 4570 3237 4635 fraudes,
3283 4571 3463 4635 dolus,

141 4668 346 4728 κακοὶ
386 4662 807 4734 ἐκπορεύονται,
846 4665 1108 4731 μοιχεῖαι,
1140 4662 1412 4731 πορνεῖαι,
1444 4662 1609 4731 φόνοι,
1650 4662 1767 4714 κλο-

1884 4661 2246 4730 impudicitia,
2300 4660 2475 4717 malus
2508 4661 2721 4728 oculus,
2777 4662 3138 4731 blasphemia,
3184 4663 3463 4734 superbia,

141 4762 292 4822 παὶ,
343 4751 686 4818 πλεονεξίαι,
716 4753 999 4821 πονηρίαι,
1029 4750 1202 4813 δόλος,
1253 4749 1533 4820 ἀσέλγεια,
1570 4750 1774 4819 ὀφθαλ-

140 4856 262 4927 μὸς
304 4846 588 4918 πονηρὸς,
647 4844 990 4922 βλασφημία,
1042 4844 1416 4914 ὑπερηφανία,
1466 4845 1769 4916 ἀφροσύνη·

140 4950 363 5002 πάντα.
399 4937 578 4992 ταῦτα
611 4938 681 4993 τά
730 4937 942 5008 πονηρά
996 4936 1202 4989 ἔσωθεν
1248 4937 1633 5008 ἐκπορεύεται,
1684 4938 1778 4991 καὶ

137 5034 352 5093 κοινοῖ
419 5028 512 5081 τὸν
551 5010 918 5099 avom)va
972 5025 1032 5079 '0
1076 5026 1282 5093 Κύριος
1333 5026 1603 5081 διδάσκων
1650 5029 1779 5093 τοὺς

132 5126 516 5198 ἀνθρώπους
549 5120 632 5174 ὅτι
666 5121 733 5175 τὰ
757 5118 870 5173 τῶν
897 5118 1211 5189 βρωμάτων
1244 5121 1697 5191 παρατηρήματα
1742 5119 1778 5174 θ.

130 5225 171 5277 ὁ
201 5220 410 5291 νόμος
452 5211 788 5283 διαγορεύει,
831 5211 933 5263 οὐκ
966 5209 1257 5280 ὀφείλομεν
1324 5212 1467 5265 νοεῖν
1533 5228 1774 5281 σωματι.

130 5315 299 5378 πῶς,
366 5308 611 5375 ἄρχεται
662 5304 916 5358 ἐντεῦθεν
950 5302 1362 5357 ἀποκαλύπτειν
1410 5306 1655 5375 μετρίως
1712 5306 1776 5358 τὸ

126 5405 244 5461 τοῦ
285 5402 484 5471 νόμου
514 5395 781 5467 βούλημα.
818 5395 931 5449 Καί
958 5398 1124 5462 φησιν
1149 5394 1232 5447 δτι
1266 5394 1419 5449 οὐδὲν
1452 5395 1561 5447 τῶν
1588 5397 1777 5450 είσπο-

131 5491 506 5570 ρευομένων
528 5486 753 5540 δύναται
786 5486 1070 5554 κοινῶσαι,
1097 5490 1367 5557 τουτέστι,
1404 5491 1597 5559 μιᾶναι
1631 5510 1775 5559 τινα,

127 5587 300 5644 ἀλλὰ
340 5579 433 5634 τὰ
464 5578 877 5649 έκπορευόμενα
906 5581 969 5632 ὲκ
1014 5580 1115 5649 τῆς
1165 5581 1415 5651 καρδίας,
1452 5584 1635 5637 ἐκεῖνά
1670 5586 1777 5638 είσι

127 5681 213 5734 τὰ
260 5670 615 5748 μιαίνοντα,
651 5668 747 5723 καὶ
793 5670 1082 5738 καταλέγει
1112 5671 1309 5725 ταῦτα.
1349 5672 1663 5744 Ὀφθαλμὸν
1722 5677 1777 5729 δὲ

129 5765 424 5838 πονηρόν
476 5777 665 5830 φησιν,
712 5761 746 5831 ἦ
807 5762 899 5816 τὸν
945 5762 1161 5831 φθόνον,
1219 5764 1252 5833 ἢ
1308 5765 1407 5832 τὴν
1448 5766 1775 5820 ἀκολασίαν·

125 5867 241 5919 καὶ
305 5856 449 5926 γὰρ
508 5853 603 5905 καὶ
664 5854 692 5906 ὀ
747 5854 979 5923 φθονῶν,
1038 5854 1321 5924 ὀφθαλμὸν
1380 5857 1619 5926 πονηρὸν
1684 5860 1777 5911 καὶ

133 5958 469 6012 Ξάσκανον
499 5943 782 6015 ἐπιϐάλλει
830 5944 906 6002 τῶ
930 5944 1280 6012 φθονουμένῳ
1309 5963 1320 5977 ·
1358 5948 1453 6001 καὶ
1477 5946 1777 6013 ἀκόλαστος

1882 4752 2110 4807 stultitia
2146 4770 2161 4808 :
2198 4752 2382 4807 omnia
2412 4753 2527 4810 haec
2561 4752 2703 4807 mala
2741 4753 2809 4809 ab
2846 4752 3094 4808 internis,
3138 4757 3462 4823 procedunt,

1881 4855 1936 4900 et
1965 4846 2635 4916 coinquinanthominem.
2674 4865 2692 4899 ι
2712 4846 2971 4902 Dominus
2986 4848 3186 4903 docens
3215 4849 3466 4904 homines

1880 4938 2025 5019 quod
2058 4937 2305 4991 ciborum
2338 4936 2754 4994 observationes
2784 4951 2922 5007 quas
2953 4937 3036 4991 lex
3059 4938 3326 5008 praecipit,
3355 4954 3462 4997 non

1844 5034 1851 5041 ’
1883 5029 2179 5099 debeamus
2210 5029 2569 5101 corporaliter
2596 5028 2921 5098 intelligere,
2973 5028 3164 5101 incipit
3214 5031 3317 5084 hoc
3348 5031 3466 5085 loco

1882 5119 2017 5190 legis
2054 5131 2287 5177 mentem
2318 5121 2551 5191 aperire,
2604 5121 2791 5176 dicens
2825 5160 2841 5183 ,
2882 5119 3018 5174 nihil
3058 5122 3202 5190 quod
3228 5121 3467 5193 ingredi-

1884 5223 1995 5275 tur,
2030 5228 2188 5283 posse
2238 5227 2584 5268 communem
2638 5211 2838 5277 facere,
2889 5212 2993 5267 hoc
3046 5222 3130 5266 est
3176 5214 3465 5282 inquinare

1882 5307 2196 5384 quempiam
2225 5323 2240 5361 :
2273 5306 2368 5362 sed
2406 5321 2469 5361 ca
2495 5322 2612 5375 quae
2649 5305 3009 5375 egrediuntur
3032 5305 3097 5359 de
3127 5307 3314 5359 corde.
3371 5304 3463 5358 illa

1882 5396 2031 5457 enim
2053 5406 2180 5452 sunt
2212 5412 2333 5468 qua:
2365 5396 2675 5466 inquinant,
2702 5404 2757 5447 et
2784 5403 3069 5449 enumerat
3112 5409 3198 5449 ea.
3236 5393 3465 5449 Oculum

1883 5488 2083 5543 malum
2144 5489 2321 5558 inquit
2372 5488 2456 5543 vel
2495 5487 2774 5551 invidiam,
2815 5487 2898 5541 vel
2937 5484 3459 5555 intemperantiam:

1881 5581 2081 5637 etenim
2134 5579 2349 5635 invidus
2382 5578 2597 5635 oculum
2628 5577 2826 5631 malum
2852 5585 2907 5631 et
2946 5576 3217 5631 fascinum
3254 5575 3463 5630 immit-

1885 5674 1947 5726 tit
1973 5673 2025 5727 in
2057 5686 2180 5727 eum
2204 5672 2291 5735 cui
2321 5670 2529 5725 invidet
2561 5709 2576 5734 ,
2613 5677 2669 5723 et
2700 5670 3069 5738 intemperans
3120 5681 3214 5738 per
3246 5665 3463 5721 oculum

1884 5765 2094 5830 videns,
2138 5763 2341 5817 malum
2382 5764 2633 5818 accersit.
2684 5761 3085 5832 Blaspbemiam
3119 5770 3294 5813 autem
3333 5757 3465 5813 dicit

1885 5859 2183 5913 convicium
2242 5856 2295 5909 in
2358 5856 2547 5919 Deum,
2609 5864 2663 5909 ut
2720 5854 2765 5907 si
2844 5854 2967 5924 quis
3048 5853 3192 5907 dicat
3249 5870 3263 5905 :
3347 5850 3463 5905 Non

1883 5960 1963 6006 est
1991 5948 2349 6017 providentia,
2389 5950 2488 6004 hoc
2512 5947 2846 6017 blasphemia
2877 5955 2995 6012 est;
3024 5954 3075 6001 et
3106 5945 3227 6002 ideo
3275 5959 3465 6014 snper-
