4022 6464
553 372 676 440 ἐἾι

1490 366 2073 429 THEOPHYLACI‘I
2108 363 2522 429 BULGARIE
2552 366 2914 429 ARCHIEP.

3707 360 3816 424 572

568 485 645 538 ita
678 470 783 538 non
815 476 1028 536 dabitur
1053 479 1388 550 generationi
1435 479 1562 534 huic
1608 480 1819 548 signum
1864 478 1993 543 tale,
2027 478 2128 533 hoc

2241 494 2322 543 τος
2350 478 2612 549 τιμοντα.
2636 478 2797 531 mm
2823 475 2885 530 oo
2914 474 3202 546 δοθησιται
3232 474 3299 544 τι
3332 471 3497 543 γενεᾷ
3520 469 3695 543 ταύτῃ
3724 490 3819 543 ση-

568 581 673 637 est,
708 572 774 626 de
800 570 959 625 caelo.

638 663 797 717 Vna.
830 663 1023 716 t5-2l.
1062 682 1080 715 ι
1119 661 1185 716 Et
1222 661 1425 716 relictis
1469 660 1593 723 illis,
1628 661 1909 731 Ingressus
1934 675 2131 718 rursus

566 752 745 807 navim
776 752 911 805 abiit
945 752 1169 822 trajecto
1207 751 1345 804 lacu.
1395 748 1459 804 Et
1486 749 1637 805 obliti
1671 750 1885 804 fuerant
1918 764 2132 805 sumere

567 856 761 911 panes,
794 856 891 897 nec
924 852 1117 910 prater
1149 856 1311 894 unum
1343 856 1535 911 panem
1570 839 1839 895 habebant
1868 855 2050 895 secum
2076 841 2131 895 in

568 933 713 988 navi.
763 934 839 987 Ac
885 932 1138 1001 prarcrpit
1193 932 1302 986 illis
1337 933 1557 987 dicens:
1614 928 1820 994 Videte,
1867 940 2051 987 cavete
2100 946 2132 986 a

570 1023 836 1080 fermento
874 1021 1294 1087 Pharismorum,
1326 1031 1381 1076 et
1410 1037 1439 1075 a
1468 1016 1735 1076 fermento
1769 1021 2017 1077 Herodis.
2068 1021 2135 1076 Et

566 1113 914 1181 disputabant
959 1113 1098 1166 inter
1124 1102 1266 1177 sese,
1297 1112 1580 1166 dicentes:
1617 1110 1796 1167 Pauca
1829 1126 1932 1167 non
1965 1111 2135 1167 babe-

567 1219 708 1257 mus.
738 1203 802 1257 Et
825 1215 894 1258 eo
915 1202 1146 1272 cognito,
1171 1200 1329 1256 Jraus
1343 1195 1476 1255 dicit
1504 1201 1613 1256 illis
1637 1220 1652 1256 :
1682 1201 1819 1268 Quid
1844 1202 2133 1271 disputatis

568 1295 714 1366 quod
760 1308 925 1363 panes
976 1307 1083 1347 non
1133 1292 1387 1348 habetis?
1422 1290 1668 1348 Nondum
1705 1293 2133 1351 animadvertitis

571 1399 673 1437 nec
736 1381 1317 1452 intelligitis’tadhuc
1374 1383 1705 1438 obczcatum
1768 1382 1979 1439 habetis
2036 1398 2135 1439 cor

569 1471 848 1525 vestrum?
878 1466 1064 1525 oculos
1109 1471 1370 1526 habentes
1417 1486 1522 1524 non
1562 1472 1809 1538 cernitis,
1864 1480 1919 1526 et
1973 1488 2134 1529 aures

569 1560 833 1617 habentes
881 1576 986 1617 non
1044 1562 1283 1616 auditis?
1357 1570 1412 1616 ct
1460 1577 1569 1618 non
1618 1564 1981 1631 meministis,
2010 1579 2133 1619 cum

569 1654 807 1723 quinque
830 1651 1294 1723 panesifregissem
1314 1655 1368 1707 in
1391 1652 1667 1710 hominum
1689 1656 1927 1726 quinque
1946 1656 2131 1721 millia,

572 1752 703 1812 quot
731 1743 991 1811 cophinos
1020 1742 1340 1811 fragmentis
1363 1744 1552 1815 plenos
1573 1746 1868 1802 sustulistis
1891 1747 1915 1801 i
1940 1746 2134 1801 Dicunt

2136 590 2145 599 δ
2233 571 2388 639 μεῖον
2413 568 2678 635 τοιοῦτον,
2707 568 2989 621 τουτέστιν
3015 565 3332 636 οὐρανόθεν.

2309 677 2329 711 ι
2369 658 2481 714 Kal
2513 658 2675 726 ἀφεὶς
2707 656 2904 719 αὐτοὺς
2924 694 2940 720 ,
2975 654 3153 724 ipsa.
3186 654 3350 707 πάλιν
3383 654 3465 717 si;
3495 651 3560 706 τδ
3594 652 3818 719 πλοῖον,

2230 748 2475 818 ἀπῆλθεν
2512 749 2591 811 είς
2627 746 2688 799 τὸ
2728 746 2922 816 πὲραν.
2964 744 3075 798 Kal
3112 740 3440 797 ίπελάθοντο
3478 743 3531 795 oi
3580 742 3821 812 μαθηταὶ

2231 839 2394 893 αὐτοῦ
2427 838 2613 892 λαϐεῖν
2642 838 2861 906 ἄρτους,
2892 836 2988 889 καὶ
3031 836 3079 889 εί
3113 836 3188 906 μὴ
3218 834 3313 887 ινα
3344 834 3511 905 ἄρτον
3536 833 3642 887 οὐκ
3675 828 3820 903 εἶχον

2236 930 2354 1000 μεθ’
2375 930 2586 983 ἑαυτῶν
2626 930 2685 981 δν
2726 927 2806 997 τῷ
2851 926 3042 998 πλοίῳ.
3083 926 3194 980 Καὶ
3237 924 3577 978 διεστέλλετο
3619 925 3822 992 αὐτοῖς,

2231 1020 2442 1089 λέγων·
2481 1019 2698 1090 Ὁρᾶτε,
2728 1017 2958 1089 βλέπετε
2999 1016 3110 1072 ἀπὺ
3144 1016 3244 1086 τῆς
3289 1016 3469 1085 ζύμης
3506 1015 3620 1070 τῶν
3654 1017 3824 1088 Φαρι-

2234 1110 2438 1178 σαίων,
2484 1112 2583 1165 καὶ
2624 1110 2723 1180 τῆς
2770 1109 2948 1181 ζύμης
2985 1107 3254 1179 Ἡρώδου.
3301 1108 3414 1163 Καὶ
3462 1106 3825 1175 διελογίζοντο

2233 1201 2369 1271 πρὸς
2413 1199 2695 1270 ἀλλήλους,
2739 1198 3021 1266 λέγοντες,
3047 1195 3133 1251 δτι
3172 1198 3407 1268 ’Δρ-τους
3454 1196 3554 1249 οὐκ
3603 1197 3821 1268 ιχομεν.

2233 1292 2344 1345 Kal
2372 1292 2533 1359 γνοὺς
2559 1292 2590 1344 6
2622 1290 2849 1357 Ἰησοῦς,
2880 1290 3027 1357 λέγει
3057 1289 3243 1349 αὐτοῖς
3271 1305 3285 1318 ·
3321 1287 3387 1341 τί
3418 1288 3819 1355 διαλογίζεσθε.

2231 1381 2315 1433 δτι
2339 1379 2535 1452 ἄρτους
2560 1379 2661 1433 οὐκ
2686 1379 2873 1449 Ιχετες
2899 1377 3067 1434 οὔπω
3092 1382 3285 1445 νοεῖτε,
3315 1378 3439 1431 οὐδὲ
3467 1377 3715 1439 συνίετες
3744 1378 3823 1431 ἔτι

2234 1475 2653 1541 πεπωρωμένην
2684 1470 2839 1541 ἔχετε
2873 1472 2972 1530 τὴν
3006 1471 3235 1540 καρδίαν
3271 1470 3462 1540 ύμῶνς
3499 1468 3820 1536 ὀφθαλμοὺς

2233 1558 2448 1629 ιχοντες
2486 1560 2550 1613 ού
2588 1559 2837 1630 βλέπετε,
2872 1563 2967 1615 καὶ
3003 1556 3120 1616 ὦτα
3159 1561 3374 1631 ἔχοντες
3413 1561 3517 1614 οὐκ
3556 1558 3819 1622 ἀκούετες

2234 1650 2330 1703 καὶ
2352 1651 2423 1704 οὐ
2459 1651 2829 1722 μνημονεύετε
2852 1692 2868 1718 ,
2898 1654 2986 1705 ὅτε
3021 1654 3149 1716 τοὺς
3181 1654 3343 1706 adv-rs
3376 1652 3587 1721 ἄρτους
3618 1651 3823 1703 ἔκλασα

2235 1740 2316 1803 είς
2352 1740 2481 1803 τοὺς
2520 1741 3015 1811 πεντακισχιλίους,
3056 1743 3255 1805 πόσους
3297 1741 3553 1810 κοφίνους
3593 1741 3824 1811 πλήρεις

571 1834 621 1888 ei
647 1851 662 1887 :
695 1834 1006 1889 Duodecim.
1029 1832 1161 1888 Cum
1183 1844 1360 1889 autem
1383 1845 1587 1905 septem
1613 1837 1667 1891 in
1691 1846 1923 1906 quatuor
1943 1837 2129 1901 millia,

2241 1830 2559 1899 κλασμάτων
2586 1831 2792 1901 lipara;
2823 1832 3087 1900 Λέγουσιν
3113 1833 3263 1904 αὐτῷ
3286 1848 3302 1866 ο
3334 1832 3578 1888 Δώδεκα.
3606 1834 3738 1885 Ὅτε
3767 1833 3823 1885 δὲ

570 1933 703 1993 quot
758 1933 973 1993 sportas
1023 1939 1088 1979 ex
1148 1924 1395 1996 reliquiis
1439 1926 1860 1996 fragmentorum
1895 1926 2132 1983 tulistis?

570 2014 650 2068 illi
684 2030 809 2069 vero
842 2016 1108 2079 dixerunt,
1138 2017 1295 2084 21],
1324 2014 1562 2083 Septem.
1596 2016 1662 2071 Et
1690 2018 1826 2070 dixit
1857 2018 1994 2073 illis:
2032 2016 2132 2085 Qui

572 2102 634 2158 ﬁt
660 2115 718 2158 ut
745 2120 849 2159 non
878 2103 1231 2175 intelligatisi
1260 2105 1496 2176 Reliquit
1519 2104 1822 2162 Phariseos
1852 2106 2133 2173 Dominus,

570 2205 632 2249 ut
664 2196 1079 2265 incorrigibiles.
1116 2195 1216 2251 Ubi
1250 2198 1398 2251 enim
1454 2211 1581 2266 spes
1626 2206 1711 2252 est
1756 2199 2126 2263 correctionis,

574 2286 647 2340 ibi
680 2287 1075 2341 immorandum
1108 2299 1235 2344 est:
1274 2289 1363 2344 ubi
1386 2298 1566 2343 autem
1599 2288 1690 2343 illa
1720 2288 1976 2355 defuerit,
2013 2290 2137 2345 inde

572 2378 981 2431 transeundum.
1016 2377 1287 2447 Singulari
1330 2386 1509 2434 autem
1544 2377 1955 2449 dispensatione
1994 2378 2055 2434 fit
2077 2387 2138 2434 ut

570 2468 821 2535 discipuli
846 2468 1239 2524 obliviscantur
1258 2485 1476 2539 panum,
1499 2486 1607 2540 quo
1630 2469 1882 2526 meliores
1898 2471 2133 2527 evadant

571 2559 865 2629 objurgati,
898 2569 951 2615 et
975 2561 1278 2631 intelligant
1310 2563 1520 2616 Domini
1547 2565 1824 2617 virtutem.
1848 2562 1981 2616 Nam
2012 2577 2135 2615 ('utn

462 2692 467 2697 .
571 2650 796 2706 dixisset
828 2652 1129 2706 cavendum
1176 2666 1205 2704 a
1258 2651 1524 2705 fermento
1572 2650 2006 2715 Pharisaeorum,
2038 2654 2139 2705 hoc

573 2752 678 2804 est.
717 2744 985 2807 doctrina;
1016 2744 1089 2796 illi
1123 2759 1247 2798 eum
1277 2744 1539 2813 putabant
1560 2744 1625 2798 de
1646 2758 1845 2813 panum
1874 2742 2140 2800 fermento

571 2831 832 2886 locutum.
892 2831 1048 2887 Unde
1108 2833 1305 2887 merito
1368 2833 1807 2904 perstringuntur
1882 2844 2136 2903 tanquam

569 2923 805 2991 stupidi,
854 2934 1047 2977 etnon
1094 2922 1453 2993 intelligentes
1496 2924 1749 2977 virtutem
1783 2922 2017 2989 Christi,
2046 2925 2139 2993 qui

568 3012 745 3081 possit
781 3025 846 3065 ex
896 3011 1065 3067 nihilo
1118 3010 1302 3067 facere
1349 3027 1534 3081 panes.
1569 3012 1921 3069 Fermentum
1957 3023 2138 3069 autem

572 3102 694 3155 ideo
723 3102 965 3154 nominat
1005 3103 1305 3156 doctrinam
1334 3100 1729 3158 Pharisaorum
1781 3114 1836 3159 et
1879 3103 2142 3159 Herodia—

572 3206 788 3257 norum,
811 3191 937 3257 quia
964 3206 1147 3246 amara
1194 3202 1300 3257 est,
1346 3192 1673 3262 malitiaeque
1717 3197 1919 3254 veteris
1959 3196 2136 3267 plena.

573 3280 892 3349 Quicunque
936 3282 1081 3336 enim
1128 3281 1329 3336 malitia
1381 3282 1713 3339 inveteratus
1754 3298 1862 3352 est,
1908 3296 1963 3341 et
2004 3287 2137 3341 nihil

570 3372 854 3439 spirituale
901 3379 1075 3441 potest
1118 3373 1299 3427 dicere
1350 3374 1493 3443 quod
1540 3375 1804 3431 auditoris
1842 3377 2024 3445 palato
2069 3378 2139 3432 sit

573 3463 749 3525 dulce,
780 3463 866 3516 ille
899 3462 1217 3520 fermentum
1248 3464 1408 3517 babet
1428 3504 1443 3527 ,
1494 3479 1560 3518 ac
1593 3465 1905 3521 mordacem
1935 3468 2138 3521 veteris

573 3552 795 3606 malitiae
838 3553 1161 3617 doctrinam,
1197 3568 1317 3623 quin
1360 3554 1433 3610 illi
1472 3556 1813 3611 obedientem
1860 3557 1926 3611 ad
1968 3558 2141 3625 pinni-

572 3642 810 3697 tudiuem
830 3645 1040 3699 tandem
1063 3644 1243 3699 ducat.
1268 3643 1556 3700 Herodiani
1583 3654 1761 3699 autem
1784 3655 1939 3699 erant
1956 3648 2142 3701 docto-

575 3748 663 3788 res
710 3734 930 3803 quidam
983 3749 1153 3803 nuper
1208 3736 1351 3799 orti,
1405 3735 1650 3792 dicentes
1700 3735 1969 3792 Herodem
2021 3751 2143 3793 esse

574 3824 871 3887 Christum,
901 3834 956 3879 et
986 3825 1063 3879 illi
1090 3840 1209 3890 esse
1232 3826 1580 3882 credendum.

572 3915 744 3969 διανοί
766 3932 781 3981 ;
811 3916 1129 3975 Διδάσκαλοί
1172 3934 1315 3982 τινες
1342 3922 1643 3987 νεοφανεῐς,
1668 3920 1863 3984 οττινες
1892 3919 2099 3990 ελεγον,
2124 3920 2204 3975 ὅτι

572 4007 808 4062 στεύειν.

646 4101 813 4156 Vens.
843 4100 1039 4157 22-26.
1074 4121 1095 4156 ι
1130 4104 1197 4157 Et
1218 4105 1365 4160 venit
1396 4106 1761 4173 Betbsaidam,
1788 4117 1842 4162 et
1869 4107 2143 4167 adducunt

578 4196 652 4250 illi
687 4212 927 4254 uncum:
964 4206 1020 4251 et
1045 4198 1406 4254 obsecrabant
1436 4216 1558 4254 eum
1596 4211 1655 4254 ut
1691 4201 1840 4255 illum
1874 4209 2141 4271 tangeret.

579 4284 646 4337 Et
678 4284 1013 4352 apprehensa
1050 4300 1210 4340 manu
1238 4288 1386 4352 caci,
1413 4290 1601 4343 eduxit
1652 4290 1801 4344 illum
1852 4301 2005 4345 extra
2057 4291 2142 4344 vi-

575 4390 737 4429 cum:
774 4385 827 4430 et
856 4392 979 4431 cum
1008 4378 1285 4445 expuisset
1316 4380 1367 4434 in
1400 4384 1586 4436 oculos
1633 4383 1801 4449 illius,
1848 4385 2140 4453 imposuis-

578 4478 770 4535 setque
795 4468 867 4521 illi
906 4484 1119 4533 manus,
1145 4470 1501 4541 interrogavit
1515 4488 1640 4526 cum
1667 4475 1711 4527 si
1738 4474 1865 4541 quid
1891 4475 2138 4539 videret:

578 4566 633 4610 et
664 4569 875 4626 rcrepto
906 4560 1023 4613 visu
1061 4561 1310 4616 diccbat:
1355 4562 1527 4617 Video
1576 4567 1821 4619 homines
1843 4605 1857 4631 ,
1888 4567 2139 4634 quoniam
2168 4553 2220 4613 Ι)

584 4651 724 4702 velut
770 4652 994 4703 arbores
1045 4666 1209 4705 cerno
1264 4656 1624 4709 ambulantes.
1672 4656 1873 4711 Deinde
1925 4673 2143 4712 rursum

582 4742 833 4808 imposuit
858 4757 1050 4796 manus
1072 4757 1237 4812 super
1253 4745 1441 4800 oculos
1464 4746 1629 4813 illius,
1650 4756 1705 4801 et
1733 4747 1863 4801 fecit
1891 4758 1947 4801 ut
1970 4748 2145 4802 visum

582 4832 865 4897 reciperet,
919 4841 972 4884 et
1030 4832 1313 4888 restitutus
1358 4846 1475 4890 est:
1530 4852 1592 4891 ac
1650 4838 1865 4892 videbat
1915 4839 2149 4893 dilucide

580 4935 763 4973 omnes
789 4939 801 4974 :
832 4931 889 4975 et
920 4923 1124 4977 dimisit
1156 4926 1305 5000 illum
1361 4928 1412 4980 in
1443 4927 1658 4981 domum
1692 4945 1870 4992 suam,
1919 4931 2103 4984 dicens
2132 4948 2147 4986 ε

581 5012 765 5081 Neque
789 5005 845 5068 in
876 5015 1056 5070 vicum
1081 5018 1426 5086 ingrediaris,
1465 5035 1641 5089 neque
1663 5021 1863 5075 dixeris
1890 5022 2143 5090 cuiquam

584 5105 636 5158 in
675 5108 811 5161 vico.
847 5127 866 5159 ι
905 5109 1143 5178 Apparet
1190 5111 1531 5166 Betltsaidam
1567 5115 1941 5169 incredulitate
1978 5114 2143 5170 multa

582 5196 897 5253 laborasse:
957 5202 1076 5255 ideo
1123 5213 1178 5255 et
1226 5204 1475 5257 miseram
1526 5221 1645 5259 eam
1696 5206 1826 5260 dicit
1872 5206 2141 5272 Christus,

583 5290 723 5342 sicut
759 5290 1040 5347 Mattheus
1072 5293 1278 5361 inquit:
1323 5313 1342 5345 ι
1374 5295 1464 5349 Va:
1490 5296 1584 5349 tibi
1612 5297 1901 5364 Cliorazin,
1936 5314 2014 5353 va:
2048 5298 2141 5353 tibi

584 5377 869 5433 Bctlisaida
893 5401 906 5435 :
940 5384 1063 5450 quia
1098 5384 1144 5437 si
1173 5384 1224 5437 in
1249 5382 1394 5454 Tyro
1418 5394 1471 5437 et
1501 5384 1698 5441 Sidone
1736 5389 1887 5443 facta
1916 5388 2145 5443 fuissent

584 5470 830 5535 virtutes,
859 5487 977 5539 qua
999 5473 1153 5529 facta
1179 5487 1305 5531 sunt
1344 5478 1395 5531 in
1427 5477 1599 5544 vobis,
1643 5480 1846 5548 pridem
1891 5482 2144 5550 resipuis-

586 5564 786 5616 acut”.
832 5583 849 5615 ι
885 5564 1000 5619 lluc
1043 5567 1210 5637 igitur
1236 5582 1358 5623 cum
1400 5572 1633 5626 venisset
1664 5569 1838 5639 lesus,
1872 5572 2145 5629 adducunt

661 5736 706 5767 ⁸³
749 5738 930 5793 Simili.
968 5758 1042 5794 at.

2234 1920 2359 1982 τοὺς
2386 1920 2526 1972 ἑπτὰ
2552 1922 2631 1984 είς
2654 1922 2780 1985 τοὺς
2808 1923 3305 1992 τετρακισχιλίους,
3332 1924 3518 1976 πύσων
3544 1922 3822 1994 σπυρίδων

2235 2009 2578 2080 πληρώματα
2618 2012 2948 2082 κλασμάτων
2968 2014 3167 2083 lipara;
3192 2016 3256 2068 Oi
3291 2014 3348 2067 δδ
3384 2010 3568 2068 εἶπον·
3620 2013 3817 2068 Ἑπτά.

2235 2101 2346 2155 Καὶ
2367 2101 2551 2169 ιλεγεν
2569 2101 2756 2164 αὐτοις
2776 2119 2789 2133 ν
2814 2102 2939 2164 Πῶς
2957 2102 3113 2156 οὔπω
3136 2103 3379 2167 συνίετες
3409 2123 3429 2156 ι
3458 2105 3680 2174 ’Δφίησι
3702 2105 3823 2165 τοὺς

2233 2193 2562 2265 Φαρισαίους
2604 2195 2634 2247 6
2682 2193 2910 2263 Κύριος,
2960 2194 3035 2258 ὡς
3082 2196 3469 2266 ἀδιορθώτους.
3500 2196 3676 2249 Ἔνθα
3724 2196 3822 2266 μὲν

2235 2285 2343 2356 γὰρ
2385 2285 2533 2339 εστιν
2572 2286 2724 2348 ιλπὶς
2749 2285 3108 2355 διορθώσεως,
3150 2287 3269 2339 hui
3308 2287 3391 2339 δεῖ
3434 2286 3777 2359 ἐγχρονίζειν
3802 2302 3816 2316 ⁸

2236 2375 2364 2429 ινθα
2419 2376 2478 2428 δὲ
2539 2375 2864 2446 ἀδιόρθωτον
2927 2376 3228 2444 τδνκακδν,
3270 2376 3484 2432 ἐκεῖθεν
3526 2379 3821 2449 amnes»

2235 2464 2335 2519 δεῖ.
2368 2464 2743 2535 Οἰκονομικώς
2778 2465 2835 2519 δὲ
2872 2466 2923 2519 oi
2962 2468 3205 2537 μαθηταὶ
3237 2468 3692 2523 ιπιλανθάνονται
3726 2470 3820 2523 λα-

2238 2554 2353 2608 ϐεῖν
2400 2557 2618 2625 ἄρτους,
2669 2557 2756 2611 ἵνα
2803 2558 3189 2623 ὀνεῶισθὲντες
3238 2559 3481 2629 βελτίους
3523 2561 3818 2629 γένωνται,

2238 2646 2333 2697 καὶ
2362 2647 2441 2707 είς
2472 2645 2725 2720 αίσθησιν
2753 2645 2949 2699 ελθωσι
2979 2646 3081 2716 τῆς
3111 2646 3209 2700 τοῦ
3239 2647 3479 2717 Χριστοῦ
3506 2648 3818 2718 δυνάμεως.

2240 2737 2503 2800 autem;
2535 2740 2645 2807 γὰρ
2673 2736 2766 2791 τοῦ
2803 2739 3009 2808 Κυρίου
3040 2739 3328 2809 προσέχειν
3356 2741 3467 2794 ἀπὸ
3497 2741 3603 2810 τῆς
3641 2742 3822 2813 ζύμης

2239 2828 2349 2880 τῶν
2392 2829 2722 2898 Φαρισαίων,
2766 2830 2885 2900 ἦτοι
2924 2831 3023 2897 τῆς
3068 2830 3434 2896 διδασκαλίας,
3480 2833 3683 2886 ικεῖνοι
3726 2834 3824 2903 τὴν

2238 2918 2347 2971 τῶν
2383 2918 2567 2991 ἄρτων
2600 2918 2783 2991 ζύμην
2811 2921 3070 2991 ενόμισαν
3100 2922 3473 2992 ἀπαγορεύειν
3508 2913 3700 2988 αὐτοῖς
3734 2925 3823 2980 τδν

2240 3012 2464 3084 Κύριον.
2491 3012 2653 3067 Ὅθεν
2679 3014 2903 3078 είκότως
2933 3013 3364 3084 ἑπιπλήσσονται
3392 3015 3469 3078 ὡς
3499 3016 3577 3086 μὴ
3609 3018 3820 3071 συνιένο

2242 3121 2334 3168 τες
2360 3104 2460 3173 τὴν
2484 3103 2713 3173 δύναμιν
2739 3103 2835 3157 τοῦ
2868 3104 3130 3178 Χριστοῦ,
3160 3105 3242 3158 ὅτι
3270 3104 3496 3159 δύναται
3525 3106 3730 3177 ἄρτους
3758 3110 3822 3162 ἐκ

2247 3197 2321 3267 μὴ
2349 3195 2519 3249 ὀντων
2573 3196 2815 3264 ποιῆσαι.
2856 3196 3042 3266 Ζύμην
3069 3197 3125 3250 δι
3156 3196 3410 3267 ὀνομάζει
3435 3196 3536 3269 την
3561 3198 3821 3253 διδασκα-

2240 3285 2362 3337 λίαν
2389 3284 2497 3338 τῶν
2527 3284 2835 3353 Φαρισαίων
2865 3286 2957 3337 καὶ
2986 3285 3095 3337 τῶν
3132 3275 3507 3355 Ἥρωδιανῶν,
3536 3273 3822 3359 ὡς’δζώδη

2239 3372 2404 3430 οὖσαν
2428 3375 2522 3428 καὶ
2552 3375 2786 3437 παλαιᾶς
2819 3373 3016 3437 κακίας
3047 3376 3343 3445 γέμουσαν.
3378 3378 3491 3442 Πᾶς
3523 3380 3634 3449 γὰρ
3662 3382 3692 3434 ό
3716 3396 3823 3435 πα-

2239 3465 2491 3528 λαιωθεὶς
2523 3467 2582 3518 ὲν
2607 3467 2673 3536 τῇ
2704 3466 2902 3533 κακία,
2934 3466 3030 3517 καὶ
3062 3465 3230 3535 μηδὲν
3259 3469 3635 3537 πνευματικὸν
3664 3470 3824 3525 δυνά·

2245 3574 2403 3627 μενος
2458 3558 2659 3624 λέγειν,
2710 3556 2852 3609 ὥστε
2907 3558 3221 3624 γλυκαίνειν
3270 3560 3363 3615 τὸν
3417 3562 3677 3633 λάρυγγα
3726 3562 3818 3617 τοῦ

2242 3648 2554 3711 ἀκούοντος,
2593 3649 2621 3699 6
2660 3648 2904 3711 τοιοῦτος
2946 3648 3127 3719 ζύμην
3167 3650 3302 3721 ἔχει,
3341 3653 3581 3717 παλαιᾶς
3622 3656 3821 3719 κακίας

2243 3736 2592 3790 διδασκαλίαν
2623 3736 2959 3801 δάκνουσαν,
2997 3740 3092 3791 καὶ
3136 3741 3215 3803 είς
3259 3742 3627 3811 μεταμέλειαν
3664 3742 3821 3796 ὓστε-

2249 3845 2341 3898 ρον
2371 3829 2611 3895 ἄγουσαν
2640 3828 2732 3882 τὸν
2764 3830 3076 3885 πεισθέντα.
3110 3832 3266 3896 Τίνες
3302 3833 3358 3885 δὲ
3389 3830 3531 3904 ἦσαν
3559 3837 3610 3888 οί
3637 3835 3822 3905 Ἥρω-

2243 3921 2273 3974 ὀ
2305 3921 2549 3992 Ἡρώδης
2592 3922 2739 3976 ἐστὶν
2773 3925 2803 3976 6
2831 3923 3085 3993 Χριστὸς,
3112 3924 3221 3995 ξκαὶ
3284 3925 3363 3978 ὅτι
3388 3926 3576 3997 ςτούτῳ
3612 3928 3698 3981 δεῖ
3738 3946 3821 3981 πιο

2321 4125 2342 4158 ι
2384 4106 2494 4159 Καὶ
2532 4105 2753 4176 ἔρχεται
2788 4108 2867 4169 είς
2904 4106 3211 4175 Βηθσαϊδὰ,
3245 4111 3342 4162 καὶ
3376 4109 3639 4179 φέρουσιν
3675 4111 3821 4180 αὐτῷ

2243 4200 2466 4267 τυφλὸν,
2499 4202 2593 4252 καὶ
2624 4199 3036 4268 παρακαλοῦσιν
3064 4201 3247 4267 αὑτὸν,
3281 4202 3371 4255 ίνα
3396 4204 3562 4255 αὐτοῦ
3592 4204 3818 4275 ἅψηται.

2242 4293 2353 4343 Καὶ
2382 4292 2775 4360 ὲπιλαὸὁμενος
2807 4292 2905 4359 τῆς
2940 4292 3123 4362 χειρὸς
3152 4292 3249 4346 τοῦ
3278 4293 3515 4363 τυφλοῦ,
3550 4296 3822 4365 ἐξήγαγεν

2243 4385 2405 4437 αὑτὸν
2444 4384 2548 4446 ἔξω
2583 4385 2680 4453 τῆς
2718 4384 2931 4452 κώμης.
2974 4386 3082 4437 Kal
3121 4384 3333 4449 πτύσας
3375 4388 3458 4449 είς
3488 4389 3560 4439 τὰ
3594 4387 3824 4457 δμματα

2243 4474 2406 4528 αὐτοῦ
2426 4514 2441 4537 ,
2475 4476 2683 4537 ἐπιθεὶς
2711 4476 2810 4539 τὰς
2842 4478 3029 4545 χεῖρας
3056 4474 3251 4541 αὑτοῦ,
3283 4480 3548 4548 ἐπηρώτα
3577 4482 3748 4533 αὑτὸν
3775 4482 3827 4533 εί

2244 4584 2297 4618 τι
2339 4567 2547 4633 βλέπει.
2586 4567 2693 4619 Kal
2732 4568 3069 4637 ἁναόλέψας,
3106 4568 3257 4637 ἔλεγε
3284 4584 3299 4599 ·
3337 4569 3532 4622 Βλέπω
3563 4572 3691 4633 τοὺς
3732 4572 3825 4624 ἁν-

2242 4658 2519 4727 θρώπους,
2555 4660 2637 4709 ὅτι
2674 4658 2751 4721 ὡς
2792 4660 2982 4729 δένδρα
3033 4662 3145 4730 ὁρῶ
3188 4660 3653 4731 περιπατοῦντας.
3691 4658 3825 4717 Εἶτα

2243 4750 2404 4802 πάλιν
2438 4750 2677 4819 ἐπέθηκε
2711 4751 2808 4815 τὰς
2852 4754 3041 4821 χεῖρας
3081 4753 3172 4808 ἐπὶ
3205 4754 3332 4816 τοὺς
3370 4753 3693 4823 δρθαλμοὺς
3729 4756 3825 4808 αύ-

2245 4840 2375 4904 τοῦ,
2416 4842 2512 4893 καὶ
2552 4842 2807 4912 εποίησεν
2850 4844 3011 4896 αὑτὸν
3054 4843 3373 4913 ἀναϐλέψαι.
3423 4840 3535 4897 Kal
3580 4846 3825 4900 ἀποκατ-

2244 4934 2444 5004 εστάθη
2466 4976 2480 4998 ,
2520 4935 2615 4987 καὶ
2653 4934 2902 5003 ἐνέϐλεψε
2938 4936 3226 5005 τηλαυγῶς
3263 4937 3545 5002 ἅπαντας,
3581 4940 3680 4991 καὶ
3717 4941 3824 4992 ἁπ-

2248 5024 2484 5077 ίστειλεν
2511 5026 2673 5078 αὐτὸν
2704 5028 2783 5088 είς
2815 5026 2904 5081 τδν
2932 5025 3080 5079 οἷκον
3108 5027 3295 5090 αὑτοῦ,
3323 5027 3497 5094 λέγων
3515 5044 3529 5058 ’
3556 5029 3713 5098 Μηδὶ
3745 5031 3821 5091 είς

2250 5117 2347 5186 τὴν
2377 5117 2567 5186 κώμην
2594 5117 2870 5187 εἰσέλθῃς,
2905 5118 3039 5187 μηδὲ
3072 5118 3230 5189 εἴπῃς
3258 5120 3366 5171 τινὶ
3393 5121 3451 5171 ιν
3474 5122 3543 5189 τῇ
3573 5119 3762 5191 κώμῃ.
3798 5136 3815 5170 ι

2249 5207 2499 5259 Φαίνεται
2529 5208 2561 5276 ἠ
2592 5204 2865 5277 Βηθσαϊδὰ
2895 5208 3097 5278 πολλὴν
3122 5209 3383 5262 ἀπιστίαν
3410 5213 3718 5280 νοσήσασα,
3743 5210 3821 5264 διδ

2252 5297 2345 5349 καὶ
2375 5296 2645 5362 ταλανίζει
2680 5296 2850 5367 αὐτὴν
2878 5300 2906 5351 6
2937 5298 3201 5368 Χριστὸς,
3231 5300 3307 5362 ὡς
3339 5301 3367 5351 6
3398 5300 3683 5364 Ματθαῖὀς
3718 5319 3821 5371 φη-

2251 5404 2361 5439 σιν·
2391 5407 2408 5438 ι
2437 5387 2571 5440 Οὐαί
2598 5404 2703 5453 σοι,
2727 5387 2989 5457 Χοραζίψ
3013 5388 3132 5441 οὐαί
3149 5405 3250 5452 σοι,
3275 5388 3573 5459 Βηθσαϊδὰ,
3596 5392 3679 5444 δτι
3700 5394 3748 5444 εί
3765 5392 3820 5443 ὲν

2250 5480 2409 5549 Τύρῳ
2439 5480 2533 5533 καὶ
2561 5479 2751 5532 Σιδῶνι
2781 5482 3024 5547 ἐγένοντο
3052 5484 3106 5533 ai
3134 5482 3412 5549 δυνάμεις,
3440 5484 3501 5535 ai
3529 5484 3818 5553 γενόμεναι

2248 5572 2305 5625 ἐν
2330 5571 2479 5641 ὑμῖν,
2510 5569 2677 5627 πάλαι
2712 5571 2777 5625 ἂν
2812 5570 3164 5641 μετενόησαν.
3190 5590 3208 5623 ι
3249 5571 3514 5625 Ἐνταῦθα
3528 5573 3709 5629 τοίνυν
3737 5572 3818 5626 ὲ).-
