4022 6558
266 467 382 536 573

955 467 1527 539 ENARRATIO-IN
1565 470 2075 557 EVANGELIUM
2114 474 2383 537 MARCI.
2420 474 2670 537 -CAP.
2704 471 2873 535 VIII.

3448 461 3555 530 ιιι

267 587 416 641 θόντι
444 588 523 658 τῷ
553 586 763 658 Κυρίῳ,
791 588 1162 656 προσάγουσιν
1191 586 1343 657 αὐτῷ
1367 586 1587 657 τυφλόν.
1614 586 1690 640 Οὐ
1721 604 1853 657 γνη-

1967 590 2033 646 ad
2063 605 2187 647 eum
2218 604 2445 647 caecum.
2484 571 2603 645 Nan
2635 596 2755 643 erat
2777 595 2960 642 autem
2993 596 3131 654 pura
3163 570 3554 659 adducentium

268 679 361 733 σία
384 679 442 733 δὲ
466 676 536 751 ἦν
561 680 809 752 ηπίστις
834 680 944 735 τῶν
973 682 1386 751 προσαγόντων,
1413 678 1540 733 ὅθεν
1566 680 1663 734 καὶ
1688 681 1717 733 6
1749 680 1862 734 Κύ-

269 783 385 840 ριος
428 772 635 837 ἀπάγει
673 772 763 824 τὸν
801 772 1002 840 τυφλδν
1038 775 1103 825 ἐκ
1137 775 1239 844 τῆς
1287 772 1503 843 κώμης,
1545 771 1643 826 καὶ
1688 770 1866 836 οὕτως

268 864 417 919 ἰᾶται
460 864 643 920 αὐτόν.
682 864 851 920 Πτῦει
892 863 950 916 δὲ
995 865 1076 927 εἰς
1116 864 1183 918 τὰ
1224 863 1456 934 ὄμματα
1492 861 1590 916 τοῦ
1630 860 1859 931 τυφλοῦ,

266 956 364 1009 καὶ
397 957 495 1019 τὰς
532 946 729 1028 χεῖρας
758 955 1092 1028 ἐπιτίθησιν,
1134 956 1222 1009 ῖνα
1271 954 1537 1026 μάθωμεν
1576 955 1738 1027 ἡμεῖς
1776 955 1862 1006 ὅτι

263 1042 425 1119 λόγος
462 1049 605 1112 θεῖος
642 1049 739 1102 καλ⁸
780 1047 981 1116 πρᾶξις
1016 1048 1261 1119 ἑπομένη
1293 1047 1374 1117 τῷ
1402 1046 1582 1117 λόγῳ,
1615 1044 1685 1098 τά
1725 1043 1860 1097 Gad-

268 1150 417 1209 ματα
444 1141 623 1195 τελεῖν
649 1140 894 1201 δύναται,
933 1141 999 1193 Ἦ
1032 1141 1133 1210 μὲν
1162 1140 1272 1210 γὰρ
1298 1140 1441 1209 χεὶρ,
1472 1139 1573 1208 τῆς
1602 1132 1877 1209 πράξεώς.

264 1232 383 1285 ἐστι
412 1232 689 1301 σύμϐολον
705 1225 806 1285 ’τὸ
831 1232 889 1287 δὲ
914 1231 1162 1301 πτύσμα,
1187 1231 1283 1287 τοῦ
1309 1230 1494 1300 λόγου,
1520 1230 1654 1283 καθὸ
1676 1231 1742 1282 ἐκ
1763 1226 1858 1281 τοῦ

266 1322 537 1389 στόματός
573 1323 742 1376 ἐστιν.
782 1321 918 1388 Οὐδὲ
956 1322 985 1375 6
1021 1319 1225 1388 τυφλὸς
1269 1318 1452 1389 μέντοι
1491 1316 1706 1371 τελείαν
1740 1312 1858 1387 εἶχε

264 1413 368 1480 τὴν
402 1412 617 1475 πίστιν,
656 1412 745 1467 διά
782 1411 944 1467 τοῦτο
985 1411 1109 1465 οὐδὲ
1150 1410 1314 1474 εὐθὺς
1354 1409 1657 1478 ἀναϐλέψαι
1694 1408 1859 1462 αὑτὸν

264 1509 435 1569 ποιεῖ,
459 1505 597 1559 ἀλλά
622 1504 763 1559 κατά
794 1505 983 1575 μέρος,
1007 1502 1084 1566 ὠς
1116 1501 1189 1572 μὴ
1217 1498 1511 1575 ὁλόκληρον
1534 1500 1731 1572 ἔχοντα
1755 1500 1857 1571 τὴν

264 1598 451 1650 πίστιν
476 1613 490 1626 ’
523 1597 667 1651 κατὰ
698 1596 805 1667 γὰρ
837 1595 937 1665 τὴν
969 1595 1154 1648 πίστιν
1175 1634 1190 1659 ,
1227 1593 1325 1649 καὶ·
1353 1595 1411 1648 ai
1444 1594 1735 1665 θεραπεῖαι
1770 1591 1857 1661 γί-

260 1706 469 1741 νονται.
508 1686 888 1757 Παραγγέλλει
926 1685 983 1738 δὲ
1028 1684 1179 1751 αὒτῷ
1222 1684 1298 1754 μὴ
1337 1684 1603 1738 εἰσελθεῖν
1638 1686 1721 1746 είς
1755 1683 1855 1754 τὴν

262 1780 485 1848 κώμην,
524 1779 681 1839 διότι,
727 1778 803 1840 ώς
845 1774 1004 1846 ἔφην,
1050 1775 1297 1829 ἀπίστων
1336 1773 1508 1829 δντων
1543 1775 1654 1829 τῶν
1690 1776 1749 1828 ὲν
1784 1776 1853 1845 τῇ

263 1871 575 1943 Βηθσαϊδᾷ,
610 1869 810 1938 ὲόλάδη
844 1864 968 1922 ἀνιό
1001 1867 1291 1939 ἄνθρωπος
1316 1866 1418 1939 τὴν
1455 1866 1635 1937 ψυχήν
1662 1883 1678 1898 °
1717 1866 1855 1920 ἀλλά

267 1932 406 2033 μηδὲ
439 1932 614 2013 εἰπεῖν
641 1977 746 2012 τινι
830 1957 1051 2027 δγένετο
1078 1932 1163 2010 ἔπ’
1184 1932 1482 2027 autin-(va-
1510 1932 1852 2027 μῆ-άπιστή-
1889 1932 1931 1985 Β

262 2068 493 2114 σαντες,
527 2053 706 2121 χεῖρον
736 2051 915 2118 κρῖμα
944 2049 1381 2103 ιπισπάσωνται.
1416 2047 1528 2101 Καὶ
1562 2049 1725 2118 ἡμεῖς
1761 2045 1857 2100 οῦν

255 2141 524 2205 πολλάκις
553 2132 719 2209 ἐσμὲν
744 2141 937 2207 τυφλοὶ
959 2138 1059 2211 τὴν
1082 2139 1286 2209 ψυχὴν,
1311 2140 1371 2192 ὲν
1393 2140 1461 2209 τῇ
1487 2136 1655 2210 κώμῃ
1678 2136 1851 2203 ὄντες,

256 2234 515 2287 τουτέστι
536 2230 614 2302 τῷ
640 2232 830 2302 κόσμῳ
851 2230 1051 2299 τούτῳ.
1076 2226 1210 2283 Εἶτα
1236 2229 1342 2296 ἐξω
1366 2228 1467 2297 τῆς
1490 2228 1707 2298 κώμης,
1734 2227 1855 2297 ῆτοι

254 2322 359 2377 τοῦ
392 2322 597 2391 κόσμου
618 2362 633 2385 ,
668 2320 761 2375 καὶ
790 2319 900 2373 τῶν
930 2320 1097 2373 αὑτοῦ
1134 2321 1480 2389 πραγμάτων
1513 2307 1855 2387 ἀπαχθέντες

257 2416 370 2471 ὑπὸ
414 2413 676 2486 Χριστοῦ,
716 2412 1156 2485 θεραπευόμτθα.
1200 2410 1349 2466 Μεθὸ
1389 2410 1449 2465 δὲ
1494 2409 1854 2481 θεραπευθῶ-

260 2522 401 2577 μεν,
433 2505 583 2573 λέγει
620 2506 752 2574 ἡμῖν
786 2504 985 2575 μηκέτι
1016 2501 1358 2573 ὑποστρέψαι
1392 2502 1475 2565 είς
1504 2500 1605 2572 τὴν
1635 2500 1851 2571 κώμην,

254 2596 382 2652 ἀλλ’
400 2598 481 2660 εἰς
504 2596 596 2655 τὸν
618 2591 788 2649 οῐκον.
813 2589 977 2658 Οῐκος
1000 2592 1060 2649 δι
1084 2592 1321 2648 ἑκάστου
1348 2590 1507 2664 ἡμῶν
1530 2630 1545 2657 ,
1570 2592 1601 2644 6
1624 2591 1855 2661 οὐρανὸς

256 2685 443 2743 καὶαι
476 2688 655 2739 taceto:
690 2683 873 2753 μοναί.
1086 2694 1109 2710 δ

342 2799 361 2832 ι
400 2778 513 2833 Καὶ
540 2776 767 2847 ιξῆλθεν
794 2778 822 2830 6
854 2773 1068 2847 Ἰησοῦς
1094 2774 1193 2831 καὶ
1220 2774 1269 2828 oi
1304 2771 1547 2845 μαθηταὶ
1576 2761 1744 2825 αὐτοῦ
1774 2774 1855 2835 είς

254 2870 363 2932 τὰς
392 2869 585 2939 κώμας
613 2866 954 2939 Καισαρείας
982 2867 1085 2941 τῆς
1108 2865 1407 2933 Φιλίππου,
1442 2866 1538 2920 καὶ
1565 2866 1626 2919 ὲν
1654 2867 1719 2937 τῇ
1748 2864 1857 2935 ὁδῷ

254 2959 530 3032 ἐπηρώτα
560 2960 688 3023 τοὺς
730 2958 983 3030 μαθητάς
1017 2955 1208 3024 αὐτοῦ,
1242 2956 1422 3025 λέγων
1456 2956 1644 3019 αὐτοῖς
1669 2971 1683 2986 ο
1721 2955 1858 3010 Τίνα

258 3071 335 3123 με
366 3054 619 3121 λεγουσιν
645 3053 696 3105 oi
726 3050 1005 3120 ἄνθρωποι
1035 3046 1175 3104 εἶναι
1198 3066 1214 3115 ;
1247 3050 1314 3103 0i
1342 3049 1401 3103 δι
1429 3046 1817 3119 ἀπεκρίθησαν
1836 3086 1853 3112 ,

252 3143 519 3213 Ἰωάννην
542 3143 633 3197 τὸν
678 3140 1010 3211 Βαπτιστήν,
1040 3142 1135 3196 καὶ
1164 3139 1337 3203 ἄλλοι.
1367 3137 1577 3205 Ἠλίαν,
1600 3138 1749 3194 ἄλλοι
1776 3138 1854 3205 δὲ,

1968 683 2124 747 fides,
2147 684 2291 738 unde
2320 692 2375 738 et
2408 668 2669 737 Dominus
2694 672 2881 735 educit
2908 690 3111 733 caecum
3144 688 3175 730 e
3202 688 3363 744 pago,
3394 680 3449 727 et
3474 672 3557 752 sic

1964 786 2120 830 sanat
2152 775 2325 829 illum.
2361 772 2563 843 Ειρυίι
2603 786 2733 827 vero
2764 770 2817 829 iu
2850 768 3039 824 oculos
3070 765 3235 828 cteci,
3268 775 3325 822 et
3360 777 3558 817 manus

1966 867 2218 937 imponit,
2266 877 2325 921 ut
2369 870 2645 921 discamus
2692 879 2793 920 nos
2834 863 2979 933 quod
3027 864 3209 915 sermo
3244 856 3459 912 divinus
3498 864 3559 911 et

1963 961 2211 1031 operatio
2257 959 2410 1015 illum
2461 960 2805 1025 subsequens
2862 956 2930 1009 ad
2987 951 3250 1019 miracula
3306 940 3553 1004 facienda

1963 1054 2157 1110 emcax
2190 1050 2282 1109 sit.
2314 1052 2506 1109 nanus
2526 1052 2700 1127 enim,
2730 1044 3073 1118 operationis
3098 1043 3405 1115 symbolum
3436 1044 3554 1095 est:

1962 1154 2189 1217 sputum
2208 1154 2389 1201 autem
2402 1143 2706 1206 sermonis,
2728 1138 2962 1207 eoquod
2990 1150 3059 1191 ex
3088 1149 3183 1189 ore
3210 1132 3303 1188 sit.
3336 1130 3403 1185 Et
3424 1129 3553 1197 quia

1962 1254 2142 1311 neque
2172 1254 2350 1303 cacus
2388 1238 2480 1295 ille
2514 1234 2818 1315 perfectam
2868 1228 3058 1293 habuit
3113 1225 3301 1292 fidem,
3349 1223 3554 1278 idcirco

1962 1348 2083 1389 non"
2114 1336 2304 1389 statim
2350 1331 2530 1402 ipsum
2568 1327 2894 1400 resipiscere
2945 1322 3121 1389 facit,
3172 1317 3270 1375 sed
3324 1315 3552 1379 sensim,

1960 1433 2147 1494 υίΡθιθ
2172 1422 2383 1493 integra
2415 1427 2692 1481 carentem
2723 1416 2849 1470 nde.
2872 1412 3041 1468 Juxta
3084 1410 3205 1465 ﬂdei
3233 1405 3380 1480 enim
3436 1402 3558 1485 ma-

1959 1516 2303 1587 gnitudinem
2350 1522 2408 1569 et
2450 1510 2660 1567 sanitas
2696 1494 2884 1563 datur.
2937 1501 3203 1559 Prohibet
3251 1508 3435 1555 autem
3486 1510 3555 1551 ne

1960 1608 2297 1679 ingrediatur
2322 1606 2375 1660 in
2409 1618 2605 1675 pagum
2639 1596 2836 1663 suum,
2868 1610 2937 1653 eo
2985 1596 3127 1665 quod
3151 1634 3177 1657 ,,
3216 1593 3360 1679 sicut
3412 1590 3551 1655 dixi,

1959 1676 2225 1756 increduli
2275 1706 2437 1757 erant
2478 1696 2729 1752 homines
2759 1688 3084 1752 Betltsaidae,
3117 1696 3173 1741 et
3198 1676 3397 1739 anima:
3425 1681 3547 1751 eius

1961 1789 2298 1845 nocuissent.
2324 1785 2433 1841 Sed
2462 1797 2637 1852 neque
2663 1779 2918 1837 Christus
2940 1776 3045 1829 hoc
3063 1777 3130 1827 de
3160 1788 3221 1828 se
3251 1772 3415 1827 alicui
3440 1769 3551 1825 dici

1961 1880 2096 1946 vult,
2132 1890 2188 1935 ut
2219 1894 2287 1933 ne
2318 1878 2372 1933 in
2404 1874 2789 1932 incredulitate
2825 1884 2920 1925 sua
2940 1866 3105 1936 212
3126 1862 3554 1935 perseverantes

1961 1971 2061 2037 illi,
2095 1972 2148 2025 in
2178 1970 2403 2040 gravius
2442 1966 2750 2022 inciderent
2799 1960 3092 2030 judicium.
3144 1956 3212 2013 Et
3240 1972 3341 2012 nos
3370 1970 3548 2035 smpe-

1961 2075 2189 2114 numero
2212 2059 2455 2129 quandiu
2488 2058 2541 2111 itt
2566 2058 2667 2111 hac
2690 2069 2849 2125 pago,
2874 2052 2928 2105 id
2956 2059 3059 2113 est,
3088 2049 3289 2105 ntundo
3311 2050 3549 2119 agimus,

1958 2152 2138 2207 anima
2200 2128 2391 2205 sumus
2445 2148 2573 2203 caci
2607 2164 2627 2203 :
2675 2145 2855 2201 educti
2911 2132 3095 2197 autem
3152 2154 3184 2194 ο
3238 2137 3441 2195 mundo
3490 2128 3551 2195 et

1958 2242 2317 2300 saecularibus
2340 2240 2591 2310 negotiis,
2621 2254 2653 2293 a
2678 2237 2908 2294 Christo
2935 2228 3215 2288 sanantur.
3251 2228 3545 2299 Postquam

1958 2344 2138 2393 autem
2174 2334 2348 2392 sanati
2389 2334 2683 2398 fuerimus,
2712 2333 2848 2387 dicit
2890 2331 3045 2387 nobis
3077 2341 3153 2383 ne
3179 2326 3323 2389 ultra
3352 2338 3543 2389 revera

1958 2438 2138 2485 tamur
2176 2429 2231 2484 in
2286 2442 2507 2499 pagum,
2565 2429 2661 2481 sed
2722 2424 2777 2478 in
2832 2424 3080 2479 domum.
3122 2418 3328 2475 Domus
3360 2423 3549 2471 autem

1957 2518 2387 2589 uniuscujusque
2438 2508 2688 2570 nostrum
2719 2511 2942 2576 omium,
2978 2518 3034 2566 et
3086 2506 3403 2571 mansiones
3434 2503 3548 2559 illic

1958 2621 2112 2668 sunt.

2029 2788 2195 2845 Vens.
2224 2783 2417 2841 27-30.
2466 2801 2485 2835 ι
2532 2782 2600 2837 Et
2628 2796 2884 2860 egressus
2909 2789 2995 2836 est
3020 2779 3179 2835 Iesus
3206 2784 3262 2831 et
3296 2771 3549 2844 discipuli

1959 2881 2104 2938 illius
2126 2881 2186 2935 in
2209 2880 2355 2935 vicos
2380 2877 2649 2932 Caesarem
2671 2889 2792 2945 qua:
2817 2874 3234 2942 cognominatur
3262 2867 3501 2937 Philippi
3531 2882 3545 2918 :

1957 2986 2013 3032 et
2040 2976 2094 3031 in
2122 2976 2207 3028 via
2237 2970 2599 3038 interrogavit
2624 2968 2925 3035 discipulus
2949 2980 3099 3028 suos,
3125 2964 3346 3019 dicens:
3376 2960 3548 3028 Quem

1960 3082 2046 3122 me
2087 3066 2277 3121 dicunt
2324 3063 2573 3119 homines
2619 3060 2781 3115 esse?
2817 3055 2904 3112 illi
2939 3073 3072 3112 vero
3123 3056 3547 3124 responderunt,

1957 3159 2225 3215 Joannem
2282 3154 2609 3225 Baptistant,
2677 3158 2736 3206 et
2794 3149 2908 3216 alii,
2961 3145 3304 3209 Eliam,‘alii
3357 3155 3555 3199 rursus

252 3234 357 3289 Ξνα
381 3234 490 3286 τῶν
516 3231 829 3303 προφητῶν.
861 3232 971 3287 Καὶ
997 3232 1159 3295 αὐτὸς
1174 3231 1325 3299 λέγει
1352 3230 1560 3292 αὐτοῖς’
1584 3229 1774 3300 Ὑμεῖς
1796 3229 1856 3282 δὲ

1963 3267 2129 3307 unum
2158 3252 2225 3305 de
2250 3263 2481 3303 numero
2518 3246 2931 3316 prophetarum.
2974 3241 3038 3293 Et
3068 3240 3185 3309 ipse
3220 3236 3356 3292 dicit
3401 3234 3551 3292 illis:

253 3324 387 3379 τίνα
422 3341 489 3394 με
521 3324 710 3390 λέγετε
745 3318 918 3387 εἷναις
950 3321 1296 3391 Ἀποκριθεὶς
1330 3320 1390 3373 δὲ
1431 3321 1669 3389 Πέτρος,
1705 3319 1853 3387 λέγει

250 3415 410 3486 αὐτῷ
434 3433 449 3447 ο
483 3416 556 3469 Σὺ
587 3412 640 3469 εῐ
667 3417 695 3468 6
725 3414 984 3485 Χριστός.
1018 3414 1130 3467 Καὶ
1159 3411 1498 3483 ἐπετίμησεν
1527 3413 1731 3475 αὐτοῖς,
1765 3412 1855 3464 ῖνα

253 3506 459 3580 μηδενὶ
512 3506 717 3574 λέγωσι
768 3505 899 3575 περὶ
950 3502 1140 3561 αὐτοῦ.
1204 3522 1224 3556 ι
1268 3502 1602 3573 Ἀπαγαγὼν
1655 3502 1854 3564 αὐτοὺς

254 3599 453 3670 πόρρω
481 3597 591 3651 τῶν
625 3594 899 3650 Ἰουδαίων
919 3635 935 3662 ,
962 3597 1083 3650 τότε
1114 3596 1298 3666 ἐρωτᾷ
1328 3598 1464 3667 περὶ
1492 3592 1691 3648 ἑαυτοῦ
1718 3634 1732 3658 ,
1767 3593 1855 3647 ῖνα

253 3689 469 3763 μηδένα
520 3689 887 3760 φοόούμενοι,
942 3688 1039 3758 τὴν
1078 3687 1354 3759 ἀλήθειαν
1407 3688 1850 3757 ὁμολογήσωσιν.

261 3782 683 3853 Ἀποκρίνονται
711 3777 804 3833 οῦν
857 3780 962 3847 ὅτι,
999 3780 1061 3832 υί
1094 3779 1192 3850 μὲν
1227 3779 1485 3849 Ἰωάννην
1514 3794 1575 3831 σε
1606 3777 1855 3846 ὑπολαμ-

251 3873 515 3926 6άνουσιν
541 3886 555 3901 ·
600 3872 649 3923 oi
689 3871 779 3937 δὲ,
818 3870 1029 3922 Ἠλίαν.
1092 3869 1376 3939 Ἐνόμιζον
1414 3870 1527 3939 γὰρ
1570 3870 1619 3922 οἱ
1662 3865 1855 3921 πολλοὶ

250 3964 567 4033 ἀναστῆναι
610 3961 702 4014 τὸν
737 3960 1010 4029 Ἰωάννην,
1050 3958 1243 4030 ὥσπερ
1287 3960 1353 4029 δὴ
1395 3962 1490 4012 καὶ
1536 3962 1564 4013 6
1601 3958 1853 4029 Ἡρώδης

248 4056 434 4126 ᾤετο,
474 4050 803 4124 προσλαϐεῖν
840 4052 897 4105 δὲ
934 4053 1045 4105 ἀπὸ
1076 4051 1179 4119 τῆς
1218 4051 1577 4115 ἀναστάσεως
1619 4051 1714 4105 καὶ
1750 4052 1854 4123 τὴν

247 4149 368 4202 τῶν
404 4146 650 4218 σημείων
700 4146 965 4215 ἐργασίαν
989 4161 1001 4174 ·
1026 4144 1135 4208 ζῶν
1166 4143 1275 4213 γάρ
1314 4146 1341 4197 6
1373 4143 1664 4215 Ἰωάννης,
1702 4145 1853 4199 οὐδὲν

251 4241 491 4311 σημεῖον
512 4237 756 4307 ἐποίησε.
778 4235 928 4290 Μεϐδ
952 4235 1047 4292 οὖν
1072 4238 1100 4287 it
1116 4235 1357 4306 'u'ttqaav
1384 4236 1594 4299 αὐτοὺς
1622 4236 1720 4299 τὰς
1742 4235 1853 4289 τῶν

247 4332 435 4389 ἄλλων
466 4332 491 4384 εἴ,
504 4330 782 4400 παλήψεις,
816 4329 999 4399 ἐρωτᾷ
1023 4331 1089 4381 αὑ
1136 4328 1222 4391 οὓς
1260 4328 1351 4381 καὶ
1370 4330 1477 4398 τὴν
1502 4328 1685 4381 αὐτῶν
1713 4328 1853 4397 γνώ⁴

253 4442 391 4494 μην.
431 4422 731 4491 Μονονουχὶ
764 4421 922 4473 τοῦτο
957 4420 1081 4488 λέγω
1136 4460 1151 4485 ,
1175 4422 1281 4483 ὅτι,
1322 4419 1553 4474 Ἐκεῖνοι
1578 4420 1676 4491 μὲν
1712 4420 1854 4472 οὕτω

246 4516 543 4581 δοξάζουσι
582 4515 711 4583 περὶ
748 4512 883 4583 ἐμοῦ
926 4512 1064 4565 πλαν
1120 4529 1294 4581 ⁵λιιινοι,
1340 4513 1499 4581 ὑμεῖς
1536 4512 1593 4564 δὲ
1632 4512 1763 4566 ἄλλο
1798 4526 1852 4563 τι

1954 3346 2025 3400 At
2060 3358 2159 3399 vos
2199 3357 2360 3413 quem
2414 3354 2500 3393 me
2540 3338 2721 3393 dicitis
2758 3335 2943 3400 esset
2975 3331 3335 3401 lieSpondens
3368 3340 3551 3383 autem

1954 3436 2151 3490 Petrus
2179 3432 2312 3487 dicit
2348 3431 2424 3484 illi
2450 3446 2466 3484 :
2495 3428 2576 3481 Tu
2603 3443 2664 3483 es
2695 3426 2786 3481 ille
2813 3423 3091 3480 Christus.
3124 3421 3191 3476 Et
3224 3419 3551 3477 intermina-

1958 3534 2048 3579 tus
2072 3534 2158 3580 est
2186 3524 2266 3577 eis
2297 3536 2364 3575 ne
2396 3520 2483 3573 cui
2511 3518 2760 3572 dicerent
2790 3514 2858 3569 de
2883 3529 2964 3569 se.
3004 3536 3024 3566 ο
3056 3510 3192 3567 Cum
3235 3510 3554 3564 abduxisset

1955 3630 2051 3669 eos
2085 3611 2273 3684 procul
2303 3625 2334 3664 a
2366 3608 2591 3670 ludatis,
2634 3615 2768 3660 tunc
2797 3604 3099 3669 interrogat
3124 3601 3191 3656 de
3222 3616 3304 3663 se,
3333 3606 3393 3652 ut
3426 3595 3554 3652 nui-

1954 3704 2065 3760 iutu
2122 3702 2414 3764 timentes,
2459 3697 2746 3750 veritatem
2808 3692 3142 3747 faterentur.
3201 3689 3558 3758 Respondent

1956 3798 2161 3867 igitur:
2193 3792 2291 3848 Alii
2319 3791 2535 3862 quidem
2567 3787 2833 3843 Joannem
2864 3785 3157 3855 Baptistant
3183 3792 3235 3839 te
3266 3780 3555 3851 suspican-

1955 3899 2069 3953 tur,
2104 3886 2198 3942 alii
2229 3900 2359 3941 vero
2406 3882 2613 3936 Eliatu..
2640 3878 2792 3932 Multi
2834 3879 2979 3933 enim
3009 3874 3275 3931 Joannem
3309 3887 3557 3929 resurre—

1936 3980 2101 4047 rxisse
2129 3977 2448 4038 credebant,
2493 3974 2630 4027 sicut
2674 3970 2841 4024 etiam
2890 3969 3134 4024 Herodes
3156 3968 3414 4037 opinatus
3442 3972 3551 4028 est,

1953 4073 2097 4143 quod
2128 4080 2354 4141 propter
2404 4066 2863 4131 resurrectionem
2922 4062 3247 4117 accessisset
3277 4060 3329 4115 ei
3374 4058 3553 4113 virtus

1954 4163 2042 4220 illa
2094 4178 2201 4233 qua
2262 4158 2523 4216 miracula
2590 4158 2826 4211 fat-iebat
2864 4170 2880 4221 ;
2916 4152 3159 4209 Joannes
3220 4150 3383 4206 ettim'
3423 4164 3550 4203 cunt

1954 4255 2186 4321 viveret,
2225 4268 2330 4308 non
2360 4250 2602 4307 faciebat
2654 4246 2938 4301 miracula.
2976 4243 3078 4299 Ubi
3116 4243 3285 4313 igitur
3313 4242 3555 4296 interro-

1954 4348 2101 4421 gavit
2130 4362 2228 4403 eos
2258 4346 2326 4401 de
2368 4344 2601 4398 aliorum
2655 4339 3031 4411 opinionibus,
3093 4334 3247 4403 rogat
3276 4342 3358 4387 ‘ex
3387 4334 3470 4388 eis
3497 4343 3554 4387 ct

1953 4454 2107 4494 suam
2134 4437 2375 4506 ipsorum
2407 4434 2759 4496 sententiam,
2788 4430 2944 4501 quasi
2971 4429 3212 4486 diceret:
3242 4427 3329 4482 liii
3360 4442 3552 4481 erran-

1956 4540 2039 4585 tes
2075 4530 2156 4585 sic
2182 4528 2251 4583 de
2300 4540 2388 4582 me
2436 4526 2702 4591 sentiunt,
2748 4539 2848 4579 vos
2892 4532 3074 4577 autem
3113 4521 3258 4575 aliud
3287 4520 3548 4595 quiddam

246 4600 481 4663 εἷπατεξ
510 4605 576 4660 Τί
615 4604 707 4658 οὖν
740 4607 768 4657 6
790 4606 1029 4675 Πέτρος;
1058 4604 1344 4673 Ὁμολογεῖ
1380 4604 1544 4657 αὑτὸν
1580 4599 1721 4657 εἶναι
1756 4604 1847 4657 τὸν

1960 4623 2139 4677 dicite.
2166 4619 2307 4687 Quid
2373 4618 2538 4688 igitur
2593 4615 2836 4671 Petrus?
2892 4600 3202 4670 conﬁtetur
3253 4617 3378 4680 eum
3422 4626 3552 4667 esse
3593 4630 3599 4636 '

247 4700 364 4754 ὑπὸ
395 4698 506 4751 τῶν
538 4697 833 4768 προφητῶν
865 4695 1377 4765 καταγγελλόμενον
1407 4695 1664 4765 Χριστόν.
1692 4696 1737 4765 Τ
1744 4694 1760 4747 ί
1797 4695 1855 4748 δὲ

244 4793 397 4862 πρὸς
424 4788 523 4858 τὴν
551 4789 845 4857 ὁμολογίαν
875 4789 969 4841 τοῦ
1005 4789 1215 4859 Πέτρου
1250 4784 1405 4841 εἶπεν
1432 4790 1460 4841 6
1492 4774 1728 4857 Κύριος,
1760 4790 1856 4842 καὶ

243 4882 377 4944 πῶς
418 4881 756 4949 ὲμακάρισεν
790 4880 973 4942 αὑτὸν,
1013 4882 1041 4932 6
1089 4880 1190 4948 μὲν
1230 4880 1459 4950 Μάρκος
1500 4880 1851 4949 παρέλειψεν,

244 4976 344 5028 ἵνα.
388 4972 465 5042 μὴ
499 4972 629 5043 δόξῃ
665 4972 1029 5042 χαριζόμενος
1055 4972 1133 5043 τῷ
1172 4973 1385 5043 Πέτρῳ,
1418 4973 1726 5045 διδασκάλῳ
1759 4976 1857 5026 αὑ-

242 5065 350 5120 τοῦ
396 5062 535 5127 ὄντι,
574 5063 748 5116 ταῦτα
790 5062 973 5140 λέγειν
1009 5080 1023 5093 ·
1059 5064 1087 5115 6
1127 5063 1182 5116 δὲ
1229 5064 1509 5127 Ματθαῖος
1552 5065 1857 5136 ἀπαραλεί-

244 5173 410 5235 mut;
443 5154 635 5226 είρηκε
675 5154 876 5208 πάντα.
911 5154 1243 5224 Ἐπετίμησε
1283 5155 1339 5207 δὲ
1378 5156 1592 5221 αὐτοῖς,
1624 5156 1711 5208 ἵνα
1746 5173 1854 5227 μη-

242 5248 373 5303 δενὶ
398 5245 598 5313 λέγωσι
624 5244 753 5315 περὶ
778 5243 967 5297 αὐτοῦ.
1000 5244 1292 5298 Ἧϐούλετο
1318 5248 1430 5316 γάρ
1461 5247 1853 5312 συσκιάζεσθαι

242 5339 359 5410 τὴν
387 5337 516 5407 περὶ
540 5334 705 5389 αὐτοῦ
732 5334 915 5403 δόξαν,
941 5336 1030 5390 ῐνα
1062 5337 1139 5408 μὴ
1169 5337 1357 5390 πολλοὶ
1386 5338 1855 5403 σκανδαλίζωνται

243 5433 347 5485 ἐπ’
370 5426 520 5497 αὐτῷ
536 5468 551 5491 ,
580 5428 676 5481 καὶ
702 5428 791 5481 διὰ
812 5426 971 5481 τοῦτο
999 5429 1378 5497 ἀπιστοῦντες,
1406 5430 1653 5500 μείζονος
1677 5450 1853 5503 τιμω-

244 5524 387 5597 ρίας
419 5518 715 5573 ὑπεύθυνοι
746 5519 1037 5588 γένωνται.

328 5634 351 5668 ι
398 5614 509 5665 Καὶ
546 5611 749 5683 ἤρξατο
785 5612 1063 5666 διδάσκειν
1102 5614 1325 5683 αὐτοὺς,
1365 5618 1449 5670 ὅτι
1483 5618 1566 5671 δεῖ
1598 5618 1689 5671 τὸν
1728 5619 1857 5673 Υίὸν

241 5706 353 5761 τοῦ
402 5701 695 5773 ἀνθρώπου
747 5702 921 5755 πολλὰ
966 5703 1162 5759 παθεῖν
1210 5708 1304 5759 καὶ
1348 5708 1855 5779 ἀποδοκιμασθῆναι

244 5801 369 5856 ἀπὸ
398 5796 511 5851 τῶν
538 5794 951 5866 πρεσϐυτέρων,
983 5798 1080 5853 καὶ
1106 5798 1434 5870 ἀρχιερέων,
1468 5800 1564 5854 καὶ
1595 5802 1856 5871 Γραμμαο

243 5894 431 5953 τέων,
482 5886 576 5940 καὶ
623 5887 1062 5958 ἀποκτανθῆναι,
1108 5894 1203 5945 καὶ
1256 5894 1398 5963 μετά
1442 5896 1593 5962 τρεῖς
1642 5895 1856 5965 ἡμέρας

1957 4716 2235 4773 Christum
2268 4714 2418 4769 illum
2446 4712 2539 4781 qui
2576 4726 2606 4764 a
2640 4708 2920 4781 prophetis
2950 4708 3242 4777 praedictus
3270 4713 3374 4761 est.
3406 4703 3551 4771 Quid

1957 4820 2138 4865 autem
2175 4810 2243 4863 ad
2269 4805 2670 4862 confessionem
2718 4802 2864 4857 Petri
2911 4801 3115 4856 dixerit
3166 4799 3451 4867 Dominus,
3497 4810 3554 4852 ct

1956 4900 2230 4971 quomodo
2259 4896 2587 4977 beatificarit
2615 4896 2791 4959 illum,
2821 4894 3036 4948 Marcus
3069 4892 3290 4963 quidem
3322 4900 3551 4962 praeter-

1957 4993 2126 5056 misit,
2170 5005 2239 5045 ne
2270 4989 2553 5044 videretur
2601 4985 2669 5040 ad
2727 4986 2961 5056 gratiam
3006 4983 3152 5039 Petri
3200 4983 3552 5053 praeceptoris
3650 5054 3653 5055 ν

1956 5086 2040 5140 sui
2085 5085 2198 5138 haec
2236 5081 2446 5138 dixisse
2477 5098 2491 5134 :
2533 5078 2824 5135 latthazns
2853 5087 3037 5132 autem
3064 5091 3175 5131 non
3203 5075 3410 5130 omisit.
3457 5074 3551 5130 lu-

1962 5175 2283 5230 terminatus
2304 5182 2390 5227 est
2418 5179 2598 5225 autem
2618 5168 2741 5225 illis
2791 5180 2853 5224 ut
2900 5168 3037 5223 nulli
3090 5168 3157 5222 de
3223 5181 3284 5221 se
3341 5166 3549 5231 dicant.

1957 5266 2185 5323 Volebat
2217 5264 2361 5320 enim
2389 5262 2705 5319 adumbrari
2741 5262 2973 5333 gloriam
3004 5274 3183 5323 suam,
3233 5274 3306 5315 ne
3348 5267 3539 5328 postea

1957 5357 2111 5412 multi
2142 5357 2195 5412 in
2228 5371 2290 5413 se
2314 5354 2845 5420 scandalizarentur,
2871 5366 2927 5408 et
2956 5362 3242 5424 propterea
3270 5352 3342 5407 ob
3368 5352 3553 5410 incre-

1958 5448 2242 5503 dulitatem
2266 5460 2419 5502 suam
2451 5445 2644 5516 majori
2674 5442 2944 5515 supplicio
2973 5442 3171 5499 tierent
3205 5442 3456 5498 obnoxii.

2031 5620 2199 5676 Vsus.
2233 5622 2429 5677 31-33.
2477 5639 2496 5672 ι
2537 5620 2601 5674 Ει
2632 5620 2801 5688 erepit
2840 5631 3037 5674 uocere
3068 5633 3186 5685 eos,
3214 5620 3359 5687 quod
3381 5632 3549 5688 Opor-

1961 5718 2098 5765 teret
2142 5709 2341 5764 Filium
2376 5709 2616 5763 hominis
2656 5709 2827 5761 multa
2878 5708 3030 5776 pati,
3078 5715 3132 5762 et
3174 5706 3460 5773 reprobari
3514 5722 3547 5761 a

1959 5802 2264 5857 senioribus
2308 5802 2650 5871 summisque
2700 5799 3077 5855 sacerdotibus
3113 5814 3177 5852 ar.
3224 5797 3456 5863 Scribis,
3491 5808 3547 5852 ct

1959 5895 2155 5962 occidi,
2200 5904 2253 5950 ct
2300 5905 2419 5965 post
2451 5904 2563 5950 tres
2591 5895 2705 5951 dies
2742 5905 3066 5960 resurgere-
3118 5899 3172 5945 et
3214 5897 3397 5959 aperte
3429 5905 3544 5946 scr-
