4022 6464
581 383 687 447 575

1503 389 2077 453 THEOPHYLACTI
2122 392 2528 453 BULGARIB
2568 392 2923 453 ARCHIEP.

3699 391 3810 456 576

580 508 793 550 monem
836 493 1173 563 loquebatur.
1226 494 1294 549 Et
1326 496 1681 566 apprehendit
1724 496 1874 551 illum
1921 498 2135 564 Petrus,

2249 498 2555 569 ἀναστῆναι.
2608 497 2718 551 Καὶ
2765 496 3051 570 παρρησίᾳ
3098 492 3190 548 τὸν
3236 492 3396 563 λόγον
3447 494 3661 561 ἐλάλει,
3716 500 3811 550 καὶ

578 585 851 653 coepitque
904 584 1183 651 increpare
1244 600 1384 639 eum.
1428 586 1495 641 At
1552 584 1641 640 ille
1696 600 2024 650 convenas,
2079 595 2137 642 et

580 676 804 730 intuitus
826 675 1117 745 discipulos
1146 692 1290 742 suos,
1319 678 1615 745 increpavit
1642 674 1882 741 Petrum,
1912 679 2133 733 dicens:

575 768 675 822 Abi
723 777 844 837 post
876 783 982 834 me,
1019 768 1236 834 Satana,
1270 769 1525 836 quoniam
1574 783 1679 823 non
1719 769 1863 836 sapis
1889 784 2010 839 qua:
2039 769 2135 825 Dei

576 869 723 924 sunt,
752 859 844 913 sed
866 873 985 925 qua:
1013 869 1137 911 sunt
1163 859 1461 912 hominum.
1501 878 1519 911 ι
1548 858 1771 925 Quando
1786 859 2139 928 deprehendit

576 964 671 1005 eos
714 950 994 1004 coul‘essos
1033 965 1092 1004 se
1125 965 1246 1005 esse
1283 965 1469 1004 verum
1503 952 1651 1004 illum
1673 950 1970 1014 Chrlstum,
2014 961 2138 1007 tunc

579 1040 791 1095 tandem
849 1050 904 1094 et
957 1041 1162 1095 crucis-
1195 1050 1590 1097 sacramentum
1644 1042 1724 1095 eis
1792 1041 2135 1106 manifestat,

579 1130 792 1185 tametsi
823 1128 931 1184 non
962 1133 1183 1186 omnino
1226 1133 1398 1185 unde:
1454 1145 1630 1199 neque
1682 1133 1825 1187 enim
1877 1134 1955 1189 sic
2010 1133 2139 1201 quid

574 1219 783 1277 diceret
811 1221 1220 1286 intellexissent,
1248 1236 1420 1292 neque
1454 1223 1821 1294 intelligebant
1848 1226 1973 1294 quid
1996 1236 2140 1281 esset

575 1323 884 1379 resurgere.
924 1309 1026 1367 Sed
1057 1313 1316 1378 putabant
1373 1310 1567 1367 melius
1610 1323 1730 1367 esse
1779 1313 1999 1369 omnino
2029 1328 2137 1369 nou

574 1402 709 1472 pati.
738 1400 916 1467 Quare
936 1412 993 1465 ,et
1020 1399 1213 1459 Petrus
1246 1403 1467 1474 iucmpit
1505 1419 1627 1460 eum
1672 1404 1969 1473 increpare,
1997 1406 2138 1472 quod

577 1502 779 1547 temere
813 1492 865 1546 in
898 1504 1125 1549 mortem
1157 1510 1216 1549 se
1245 1480 1503 1550 ‘oﬂerret:
1552 1498 1815 1565 potuisset
1838 1497 1979 1551 enim
2028 1513 2135 1552 non

575 1580 704 1652 pati.
740 1582 900 1657 213
929 1585 996 1638 At
1022 1584 1280 1642 Dominus
1304 1596 1607 1642 monstrans
1637 1589 1702 1641 ad
1729 1589 1958 1643 salutem
1984 1604 2136 1644 suam

575 1673 879 1743 passionem
910 1679 1215 1744 pertinere.
1252 1690 1307 1731 et
1337 1677 1509 1732 solum
1539 1678 1795 1735 Satanam
1840 1696 1961 1735 eum
2000 1682 2140 1737 nolle

576 1764 727 1833 pati,
780 1780 847 1820 ne
901 1764 1179 1821 salvenmr
1234 1767 1512 1826 homines:
1581 1767 1837 1824 Satanam
1898 1770 2138 1823 nomlnat

2239 588 2675 659 προσλαϐόμενος
2720 588 2885 642 αὑτὸν
2935 590 2963 642 ὀ
3015 587 3243 657 Πέτρος,
3296 586 3500 657 ἤρξατο
3550 589 3811 656 ἐπιτιμᾷν

2238 678 2404 749 αὐτῷ.
2432 679 2493 733 ὐ
2520 680 2574 733 ὀὶ
2605 681 2962 752 ἐπιστραφεὶς
2994 680 3094 735 καὶ
3122 679 3245 733 ἰδὼν
3278 680 3403 741 τοὺς
3434 679 3682 750 μαθητὰς
3712 680 3811 733 αὐ-

2236 770 2352 836 τοῦ,
2400 770 2699 844 έπετίμησε
2743 773 2827 843 τῷ
2870 773 3081 843 Πέτρῳ,
3132 771 3341 840 λέγων·
3372 770 3589 839 ’Υπατε
3640 771 3814 825 ὀπίσω

2242 876 2375 930 μου,
2406 860 2638 926 Σατανᾶ,
2686 861 2770 915 ὅτι
2806 862 2868 915 οὗ
2907 864 3122 932 φρονεῖς
3152 861 3220 916 τά
3250 860 3344 916 τοῦ
3382 860 3547 926 Θεοῦ,
3581 860 3720 914 ἀλλά
3749 861 3817 915 τά

2237 955 2346 1008 τῶν
2388 954 2707 1025 ἀνθρώπων.
2758 973 2779 1006 ι
2815 955 2943 1008 Ὅτε
2990 954 3258 1025 κατέσχεν
3302 953 3502 1016 αὐτοὺς
3542 952 3815 1023 ὀμολογήυ

2241 1057 2458 1109 σαντας,
2486 1047 2565 1098 ὅτι
2592 1045 2753 1109 αὑτός
2778 1047 2927 1099 ἔστιν
2950 1048 2977 1099 ό
3000 1045 3253 1109 ἀληθινὸς
3282 1045 3539 1116 Χριστὸς,
3567 1044 3689 1098 τότε
3722 1043 3817 1098 αό-

2238 1139 2350 1201 τοῖς
2391 1135 2719 1190 ικιιαλύπτει
2761 1138 2854 1189 καὶ
2889 1135 2951 1189 τὸ
2989 1135 3084 1189 τοῦ
3127 1133 3364 1206 σταυροῦ
3408 1135 3729 1205 μυστήριον,
3768 1134 3817 1187 εί

2240 1225 2334 1277 καὶ
2357 1223 2431 1296 μὴ
2458 1224 2677 1295 γυμνῶς
2708 1224 2884 1295 πάντη
2906 1242 2919 1256 ·
2949 1226 3068 1279 οὐδὲ
3103 1225 3230 1295 γὰρ,
3248 1225 3368 1279 om
3390 1223 3532 1279 οὕτω
3562 1224 3819 1278 συνίεσαν

2226 1316 2292 1370 ’τί
2321 1317 2492 1384 λέγει,
2524 1316 2643 1371 οόδδ
2674 1317 2857 1372 δνόουν
2886 1318 2938 1370 τί
2970 1318 3085 1371 ιστι
3116 1318 3175 1371 τὸ
3204 1318 3525 1389 ἀναστῆναι,
3558 1316 3676 1369 ἀλλ’
3697 1317 3816 1372 ινό-

2244 1405 2396 1475 μιζον
2428 1406 2672 1474 κρεῖττον
2702 1400 2841 1461 εἶναι
2872 1407 2933 1461 τὸ
2971 1407 3093 1477 μηδ’
3117 1406 3254 1471 ὅλως
3288 1406 3501 1461 παθεῖν.
3536 1405 3628 1461 Διδ
3663 1406 3761 1460 καὶ
3791 1408 3819 1460 ὀ

2241 1483 2445 1566 Πέτρος
2466 1496 2692 1565 ἄρχεται
2724 1495 3035 1566 μέμφεσθαι
3054 1495 3221 1565 αὐτῷ,
3256 1495 3334 1558 ὡς
3365 1498 3443 1558 εις
3473 1495 3705 1549 θάνατον
3734 1494 3819 1563 ῥί-

2240 1600 2427 1639 πτοντι
2462 1585 2675 1651 ἑαυτὸν,
2703 1586 2820 1654 έξὸν
2852 1586 3019 1656 μηδὲν
3048 1587 3261 1639 παθεῖν.
3289 1586 3350 1639 Ὀ
3382 1586 3438 1638 δὲ
3473 1585 3679 1654 Κύριος
3712 1566 3867 1656 δενῖ

2242 1676 2438 1739 κνύων,
2476 1678 2558 1729 ὅτι
2592 1676 2685 1729 hri.
2720 1677 2964 1747 σωτηρίᾳ
2997 1676 3061 1755 rb
3093 1675 3257 1730 αὐτοῦ
3295 1675 3466 1738 πάθος
3499 1677 3816 1745 γενήσεται,

2243 1768 2337 1822 καὶ
2368 1769 2448 1821 ὅτι
2478 1770 2511 1835 ὀ,
2536 1764 2785 1833 Σατανᾶς
2818 1769 2977 1841 μόνος
3006 1766 3069 1822 οὺ
3100 1767 3257 1821 θέλει.
3274 1768 3438 1821 αὑτθν
3467 1767 3663 1820 παθεῖν
3683 1807 3700 1831 ,
3734 1768 3821 1826 ἵνα

575 1849 822 1919 Petrum,
876 1862 1127 1923 tanquam
1183 1856 1324 1911 idem
1372 1870 1492 1910 cum
1544 1856 1743 1911 Satana
1795 1860 2139 1925 sentientem,

2249 1858 2323 1927 μὴ
2371 1856 2520 1928 σώση
2560 1857 2685 1919 τοὺς
2732 1856 3092 1926 ἀνθρώπους,
3135 1858 3385 1910 Σατανᾶν
3425 1856 3689 1926 ὀνομάζει
3729 1857 3821 1912 the

575 1944 954 2014 nolentemque
998 1960 1121 2000 eum
1153 1947 1295 2019 pati,
1333 1954 1426 2003 sed
1462 1949 1631 2016 magis
1666 1964 1724 2004 se
1751 1959 2132 2019 opponentem.

2249 1948 2476 2016 Πέτρον,
2511 1948 2587 2011 ὡς
2614 1949 2683 2002 τὰ
2714 1948 2808 2001 τοῦ
2845 1947 3060 2002 Σατανά
3099 1947 3401 2019 φρονοῦντα
3422 1987 3437 2011 .
3473 1948 3572 2002 καὶ
3614 1948 3694 2019 μὴ
3731 1948 3820 2002 θέ-

579 2032 813 2093 Satanas
865 2040 1007 2093 enim
1059 2040 1197 2094 idem
1250 2047 1331 2094 est
1380 2039 1521 2109 quod
1575 2042 1935 2097 adversarius.
1990 2041 2138 2099 Vade

2249 2042 2398 2092 λοντα
2419 2038 2581 2091 αὑτὸν
2605 2038 2820 2103 παθεῖν,
2841 2038 2959 2092 ἀλλ’
2972 2041 3347 2109 ἀντικείμενον
3367 2038 3536 2107 αὐτῷ.
3550 2040 3823 2103 (Σατανᾶς

577 2140 755 2189 autem
783 2140 902 2203 post
929 2146 1033 2196 me,
1055 2133 1247 2201 inqult.
1280 2134 1379 2187 hoc
1406 2141 1506 2197 est,
1541 2132 1781 2203 Sequere
1807 2134 2135 2191 voluntatem

2249 2125 2367 2198 γὰρ,
2407 2126 2815 2197 ἀντικείμενος
2856 2128 3263 2199 έρμηνεύεται.)
3301 2128 3521 2195 ’Υπαγε
3559 2128 3616 2181 δλ
3647 2128 3822 2181 ὀπίσω

578 2235 778 2289 meam,
808 2231 863 2276 et
900 2237 1005 2277 non
1053 2223 1381 2286 oblucteris.
1423 2239 1597 2294 neque
1632 2240 1698 2279 ex
1746 2228 1972 2282 adverso
2005 2228 2135 2282 mihi

2249 2232 2365 2301 μου,
2387 2216 2539 2286 φησί,
2559 2219 2856 2280 τουτέστιν,
2886 2216 3191 2272 Ἀκολούθει
3205 2217 3283 2288 τῷ
3298 2217 3564 2289 θελήματι
3587 2234 3710 2286 μου,
3731 2218 3819 2271 καὶ

579 2322 712 2378 stes,
749 2313 840 2368 sed
869 2322 987 2382 post
1016 2329 1101 2369 me
1129 2315 1396 2383 sequaris.
1432 2312 1678 2372 Humana
1708 2318 1921 2374 dicebat
1949 2334 2140 2389 sapere

2249 2309 2317 2380 μὴ
2345 2309 2685 2373 ἀντιτάττου,
2720 2309 2855 2379 μηδι
2884 2309 3124 2374 ἐναντίος
3154 2310 3313 2381 ἔρχου
3332 2312 3477 2379 έμοὶ,
3505 2309 3623 2363 ἀλλ’
3646 2309 3821 2363 ὀπίσω

579 2402 823 2471 Petrum,
850 2418 917 2458 eo
947 2405 1088 2473 quod
1130 2406 1347 2460 humilia
1377 2407 1619 2476 quedam
1671 2420 1727 2465 et
1770 2410 2003 2466 carnalia
2052 2426 2142 2467 sa-

2249 2420 2346 2474 μου
2382 2402 2689 2456 ἀκολούθει.
2722 2402 2803 2455 Τά
2831 2402 2940 2464 τῶν
2971 2400 3272 2472 ἀνθρώπων
3303 2401 3360 2454 δὲ
3393 2402 3563 2471 ῑφησε
3600 2404 3819 2471 φρονεῖν

580 2493 791 2562 piebat,
841 2499 1031 2552 volens
1059 2498 1241 2567 quiete
1270 2513 1449 2567 agere,
1490 2509 1546 2555 et
1582 2515 1687 2555 non
1717 2501 1958 2569 cruciﬂgi
1980 2540 1995 2567 ,
2044 2517 2143 2557 nec

2249 2494 2333 2548 τὸν
2356 2494 2579 2564 Πέτρον,
2607 2494 2740 2547 καθὸ
2765 2493 2997 2548 ταπεινά
3026 2510 3147 2546 τινα
3177 2493 3392 2562 φρονῶν
3421 2493 3518 2546 καὶ
3551 2494 3813 2565 σαρκικὰ,

580 2585 635 2638 in
685 2586 1009 2643 tentationes
1065 2588 1305 2645 incidere
1354 2589 1638 2646 Dominum
1691 2601 1910 2661 propter
1956 2593 2143 2647 mundi

2249 2584 2434 2655 ἢθελεν
2462 2587 2519 2637 έν
2549 2586 2732 2637 ἀνέσει
2772 2578 2909 2639 εἶναι
2938 2585 3031 2638 τδν
3058 2583 3295 2656 Κύριον,
3326 2586 3422 2640 καὶ
3462 2587 3537 2657 μὴ
3578 2602 3822 2657 σταυρω-

579 2677 828 2741 salutem.

653 2856 814 2913 Vsus.
840 2857 1030 2913 M47.
1067 2879 1084 2912 ι
1117 2859 1327 2915 Etcum
1358 2860 1422 2916 ad
1448 2876 1509 2917 se
1533 2870 1780 2918 vocasset
1806 2864 2016 2918 turbam
2043 2880 2147 2920 una

580 2964 704 3005 cum
761 2950 1039 3019 discipulis
1088 2952 1219 3017 suis,
1277 2951 1413 3006 dixit
1470 2952 1574 3007 illis
1612 2971 1625 3007 :
1664 2952 1979 3023 Quicunque
2038 2955 2150 3011 vult

584 3041 739 3110 sequi
787 3056 893 3111 me,
945 3043 1172 3109 abneget
1221 3043 1588 3113 semetipsum,
1639 3054 1694 3099 et
1748 3044 1897 3100 tollat
1935 3060 2148 3104 crucem

584 3144 761 3196 suam,
795 3138 851 3184 et
889 3122 1145 3201 sequatur
1193 3146 1298 3186 me.
1334 3129 1466 3186 Nam
1497 3133 1741 3203 quisquis
1773 3134 1997 3191 voluerit
2031 3138 2150 3191 ani-

584 3237 729 3278 mam
784 3238 936 3277 suam
990 3237 1226 3290 servare,
1264 3224 1452 3294 perdet
1481 3240 1622 3280 eam.
1666 3224 1922 3294 Quisquis
1972 3236 2151 3283 autem

579 3314 874 3383 perdiderit
920 3316 1154 3372 animam
1204 3332 1355 3372 suam
1397 3333 1558 3373 causa
1592 3333 1710 3373 mea
1740 3328 1794 3374 et
1844 3318 2150 3391 Evangelii.

578 3407 671 3467 hic
713 3408 950 3463 servabit
984 3422 1125 3463 eam.
1177 3408 1317 3476 Quid
1351 3422 1530 3465 autem
1564 3412 1830 3480 profuerit
1866 3413 2068 3468 homini
2106 3414 2153 3467 si

584 3500 823 3556 lucratus
851 3500 1021 3557 fuerit
1064 3502 1319 3557 mundum
1373 3504 1687 3560 universum
1712 3513 1772 3560 et
1816 3507 2010 3560 anima:
2044 3520 2155 3563 sua

580 3592 847 3663 iacturam
893 3593 1123 3649 fecerit?
1169 3596 1277 3650 Aut
1313 3596 1441 3665 quid
1479 3596 1701 3651 daturus
1746 3606 1827 3653 est
1859 3598 2020 3653 homo
2048 3612 2155 3667 quo

588 3694 838 3753 repenset
873 3686 1107 3742 animam
1158 3700 1333 3745 suam.
1366 3705 1383 3739 ι
1432 3686 1719 3757 Postquam
1761 3686 1952 3743 Petrus
1978 3688 2156 3745 incre-

588 3787 741 3847 parat
785 3792 904 3831 eum
952 3777 1227 3847 volentem,
1250 3778 1510 3847 cruciﬁgi,
1543 3781 1767 3835 advocat
1799 3782 2009 3833 turbam
2047 3818 2065 3846 ,
2099 3787 2155 3835 et

588 3846 934 3926 audientibus
961 3846 1233 3933 omnibus:
1258 3846 1469 3921 Petrum
1493 3846 1673 3925 acrius
1704 3871 1991 3940 alloquitur
2021 3891 2033 3925 :
2071 3871 2150 3926 Tu

586 3974 692 4024 rue,
732 3959 927 4029 inquit,
958 3961 1326 4029 reprehendis,
1359 3959 1539 4027 Petre,
1572 3962 1712 4030 quod
1742 3970 1956 4018 crucem
1989 3964 2156 4020 tollo?

588 4066 685 4121 ego
717 4060 893 4109 autem
922 4052 1041 4107 dico
1072 4052 1185 4123 tibi,
1218 4052 1358 4123 quod
1391 4067 1563 4122 neque
1586 4060 1641 4106 tu
1667 4068 1841 4122 neque
1868 4053 2151 4123 quisquam

582 4142 907 4202 salvabitur.
941 4142 1043 4196 nisi
1070 4141 1334 4195 moriatur
1370 4156 1466 4211 pro
1492 4142 1632 4197 bono
1664 4151 1717 4197 et
1761 4144 2005 4199 veritate.
2037 4143 2153 4198 Ca:-

586 4245 761 4289 terum
797 4232 917 4288 vide
946 4233 1084 4301 quod
1116 4247 1219 4287 non
1252 4233 1409 4297 dixit,
1444 4234 1664 4288 Etiamsi
1713 4236 1823 4291 non
1850 4235 1978 4289 velit
2006 4235 2147 4303 quis,

587 4326 864 4391 moriatur,
888 4323 1338 4393 sed,Quicunque
1359 4324 1490 4379 vult.
1518 4322 1729 4380 Nullum
1755 4326 1921 4393 enim,
1948 4327 2148 4397 inquit,

585 4432 740 4487 cogo.
769 4417 845 4471 Ad
867 4418 1004 4471 bona
1037 4432 1190 4483 voco,
1213 4432 1316 4471 non
1350 4418 1414 4470 ad
1440 4417 1599 4481 mala,
1620 4424 1676 4470 ut
1698 4427 1751 4472 et
1782 4419 2093 4487 compellam
2132 4437 2148 4473 :

2246 2675 2403 2744 θῆναι
2436 2676 2529 2728 καὶ
2564 2676 2853 2746 πειρασμῷ
2886 2677 3145 2747 ιμπεσεῖν
3176 2676 3451 2746 ὑπὶρυτῆς
3482 2676 3577 2732 τοῦ
3611 2679 3818 2748 κόσμου

2249 2773 2543 2841 σωτηρίας.

2325 2883 2343 2915 ε
2387 2866 2493 2922 Καὶ
2543 2863 3051 2935 προσκαλεσάμενος
3081 2863 3172 2917 τὸν
3218 2863 3371 2934 ὀχλον
3411 2864 3509 2918 σὺν
3539 2866 3654 2929 τοῖς
3709 2882 3814 2935 μα-

2251 2955 2441 3025 θηταῖς
2471 2954 2657 3018 αὐτοῦ,
2693 2951 2844 3007 εἶπεν
2875 2956 3088 3018 αὐτοῖς’
3118 2954 3309 3018 Ὅστις
3343 2954 3486 3009 θέλει
3513 2956 3693 3011 ὀπίσω
3723 2974 3820 3027 μου

2250 3045 2583 3109 ἀκολουθεῖν,
2631 3045 3041 3116 ἀπαρνησάσθω
3087 3046 3299 3114 ἑαυτὸν,
3356 3048 3449 3101 καὶ
3499 3049 3691 3119 ἀράτω
3735 3050 3822 3101 τὸν

2254 3138 2486 3211 σταυρὸν
2530 3137 2717 3211 αὑτοῦ,
2772 3139 2867 3191 καὶ
2913 3137 3276 3191 ἀκολουθείτω
3335 3156 3445 3209 μοι.
3493 3139 3591 3203 ⁸ος
3624 3141 3733 3208 γὰρ
3758 3140 3823 3193 ἀν

2255 3230 2385 3303 θέλῃ
2414 3210 2722 3301 τὴν’ψυχὴν
2778 3228 2942 3285 αὐτοῦ
2990 3230 3184 3294 σῶσαι,
3225 3230 3480 3284 ἀπολέσει
3533 3230 3825 3305 αὐτηνοδς

2254 3321 2298 3376 δ’
2329 3322 2397 3374 ἀν
2424 3322 2662 3391 ἀπολέσῃ
2690 3321 2788 3388 τὴν
2814 3320 2992 3391 ψυχὴν
3036 3318 3200 3376 αὑτοῦ
3231 3321 3419 3374 ῑνεκεν
3447 3321 3583 3390 ἐμοῦ
3614 3323 3710 3375 καὶ
3733 3322 3823 3374 τοῦ

2254 3411 2610 3480 Εὑαγγελίου,
2644 3407 2796 3475 οὗτος
2835 3412 2998 3465 σώσει
3046 3412 3238 3481 αὐτήν.
3292 3411 3358 3464 Τί
3406 3412 3513 3483 γὰρ
3556 3412 3825 3483 ὠφελήσει

2254 3502 2537 3570 ἄνθρωπον
2561 3502 2655 3557 liv
2685 3504 2924 3575 κερδήσῃ
2943 3503 3035 3556 τὸν
3056 3504 3258 3571 κόσμον
3284 3502 3423 3566 ὅλον,
3452 3505 3547 3557 καὶ
3573 3503 3824 3577 ζημιωθῇ

2254 3593 2351 3664 τὴν
2399 3593 2575 3663 ψυχὴν
2632 3592 2795 3646 αὑτοῦ
2847 3596 2923 3663 ςῆ
2960 3594 3015 3647 τί
3076 3594 3234 3647 δώσει
3302 3594 3587 3665 ἄνθρωπος
3632 3599 3829 3652 ἀνταλ-

2259 3687 2444 3755 λαγμα
2478 3686 2577 3755 τῆς
2623 3686 2801 3755 ψυχῆς
2837 3685 3039 3752 αὐτοῦς
3088 3705 3106 3738 s
3172 3688 3499 3758 Ἐπειδήπερ
3549 3689 3577 3739 ὀ
3626 3689 3829 3757 Πέτρος

2255 3775 2586 3845 ἀπετίμησεν
2619 3774 2765 3845 αὑτῷ
2794 3776 2870 3838 ὼς
2910 3775 3116 3829 θέλοντι
3147 3776 3551 3848 σταυρωθῆναι,
3590 3794 3831 3848 προσκα-

2257 3869 2428 3921 λεῖται
2467 3869 2556 3919 τὸν
2600 3868 2773 3935 ὄχλον,
2808 3868 2906 3921 καὶ
2936 3870 2992 3919 ὲν
3026 3869 3249 3938 ιπηκόῳ
3285 3869 3526 3934 πάντων,
3574 3868 3715 3938 πρὸς
3742 3869 3830 3923 τὸν

2259 3961 2467 4033 Πέτρον
2488 3960 2549 4013 τδ
2568 3960 2725 4013 πλέον
2748 3962 3185 4030 ἀποτεινόμενος,
3210 3960 3363 4031 φησί’
3396 3957 3467 4011 Σύ
3493 3976 3585 4029 μοι
3612 3962 3825 4033 μέμφῃ,

2256 4044 2301 4105 ὦ
2330 4053 2523 4122 Πέτρε,
2545 4053 2624 4105 ὄτι
2646 4053 2738 4104 τὸν
2761 4050 2991 4117 σταυρὸν
3011 4050 3307 4122 αίροῦμαι;
3333 4049 3445 4118 εγὼ
3470 4049 3528 4103 δέ
3556 4067 3641 4103 σοι
3667 4050 3829 4121 λέγω,

2254 4144 2335 4197 δτι
2364 4144 2482 4197 οὺδλ
2530 4144 2593 4196 σὺ
2624 4144 2743 4198 οὐδὲ
2776 4143 2933 4206 ἀλλος
2964 4158 3047 4207 τις
3087 4141 3415 4209 σωθήσεται,
3461 4142 3557 4195 ιάν
3587 4141 3667 4214 μὴ
3696 4144 3833 4196 ἀπο-

2255 4236 2388 4308 θάνῃ
2420 4236 2561 4305 ὑπὲρ
2588 4235 2681 4289 τοῦ
2712 4235 2881 4289 καλοῦ
2913 4235 3007 4289 καὶ
3036 4235 3132 4305 τῆς
3182 4235 3459 4304 ἀληθείας.
3497 4236 3637 4306 Ὅρα
3665 4237 3722 4289 δὲ
3751 4238 3831 4290 ὃτι

2252 4330 2350 4381 οὐκ
2382 4326 2531 4382 εἶπεν
2560 4326 2655 4394 ὡς,
2686 4326 2801 4380 Κάν
2836 4327 2910 4398 μὴ
2944 4326 3073 4399 θέλῃ
3108 4344 3209 4392 τις,
3246 4308 3669 4397 ἀποθνησκέτω,
3692 4329 3827 4393 ἀλλ’,

2255 4420 2441 4483 Ὅστις
2471 4420 2633 4474 θέλει.
2666 4418 2865 4471 Οὐδένα
2898 4419 3026 4487 γάρ,
3057 4418 3211 4490 φησὶ,
3246 4416 3522 4488 βιάζομαι.
3567 4419 3696 4471 Ἐπὶ
3726 4421 3830 4491 γὰρ

582 4519 637 4563 et
670 4509 739 4562 ita
763 4510 808 4563 si
840 4509 959 4575 quis
1012 4522 1114 4562 non
1140 4507 1269 4572 vult,
1298 4521 1404 4562 non
1434 4517 1519 4563 est
1543 4509 1626 4563 his
1663 4509 1879 4578 dignus.
1913 4509 2049 4575 Quid
2083 4510 2146 4564 sil

2254 4512 2433 4582 ἀγαθά
2458 4512 2627 4577 καλῶ,
2657 4512 2757 4565 οὐκ
2783 4512 2872 4565 ἐπὶ
2908 4511 3073 4576 κακὰ,
3101 4510 3189 4563 ἵνα
3210 4511 3306 4565 καὶ
3340 4511 3662 4578 ἀναγκάσωο
3689 4510 3829 4566 ὥστε

585 4611 762 4657 autem
793 4602 1064 4667 abnegare
1111 4602 1480 4669 semetipsum,
1522 4601 1811 4667 discemus,
1852 4602 1895 4655 si
1937 4601 2140 4658 didice-

2244 4604 2300 4657 εί
2322 4621 2404 4667 τις
2437 4604 2497 4657 οὐ
2522 4603 2687 4667 θέλει,
2712 4602 2831 4655 οὐδὲ
2853 4601 3003 4668 ἀξιός
3036 4605 3149 4655 εστι
3188 4601 3413 4655 τούτων.
3443 4598 3508 4652 Τί
3536 4600 3597 4654 δέ
3625 4605 3749 4657 ἐστι
3773 4603 3832 4658 τδ

588 4694 755 4747 rimus
778 4693 907 4763 quid
946 4694 1016 4748 sit
1049 4693 1319 4762 abnegare
1362 4694 1547 4746 alium.
1597 4691 1697 4758 Qui
1731 4693 1874 4745 enim
1914 4694 2145 4762 abnegat

2249 4692 2661 4765 ἀπαρνήσασθαι
2684 4692 2895 4755 ἑαυτὸν,
2912 4691 3081 4753 οὕτως
3105 4690 3170 4745 ἀν
3190 4686 3476 4760 μάθοιμεν,
3497 4691 3592 4744 ὲάν
3614 4692 3831 4760 γνῶμεν

586 4784 771 4851 alium,
802 4786 1015 4839 fratrem
1075 4783 1341 4843 fortassis.
1394 4782 1475 4837 vel
1530 4782 1873 4849 faniiliarem,
1918 4786 1997 4836 vel
2047 4800 2143 4853 pa-

589 4884 748 4938 trem,
777 4876 983 4931 etiamsi
1042 4874 1299 4945 ﬂagellari
1331 4873 1476 4927 illum
1506 4872 1697 4928 viderit
1726 4883 1781 4927 ct
1812 4873 2006 4937 occidi,
2043 4890 2144 4928 non

585 4965 837 5029 advertit,
886 4982 993 5020 non
1042 4967 1201 5029 dolet,
1250 4979 1353 5021 non
1400 4964 1726 5033 compatitur
1773 4964 1939 5019 semel
1987 4965 2055 5019 ab
2085 4980 2149 5018 eo

586 5058 855 5113 alienatus
890 5076 903 5112 :
936 5059 1014 5115 sic
1062 5072 1275 5127 quoque
1296 5066 1355 5109 et
1397 5070 1496 5112 nos
1526 5054 1638 5109 vult
1685 5071 1878 5125 corpus
1908 5064 2148 5109 nostrum

586 5150 885 5218 despicere,
920 5158 972 5205 ut
1006 5148 1122 5218 sive
1152 5146 1380 5216 ﬂagella,
1416 5146 1529 5206 sive
1566 5146 1709 5201 aliud
1734 5146 1859 5215 quid
1895 5144 2148 5217 patiatur.

594 5256 660 5296 ne
691 5242 765 5297 iiii
799 5255 1111 5310 parcamus.
1166 5237 1337 5296 Tollat
1386 5246 1559 5292 autem
1591 5252 1843 5301 crucem,
1896 5236 1996 5290 hoc
2046 5246 2147 5300 est,

592 5332 999 5402 ignominiosam
1040 5338 1295 5395 mortem.
1332 5328 1686 5397 lgnominiosa
1734 5328 1876 5385 enim
1910 5337 2037 5381 tunc
2068 5328 2151 5378 vi-

585 5424 821 5476 debatur
847 5436 999 5475 crux.
1037 5421 1303 5477 Praeterea
1337 5420 1463 5488 quia
1501 5420 1649 5472 multi
1683 5419 1735 5471 in
1782 5433 1994 5473 crucem
2032 5432 2155 5488 age-

604 5514 804 5569 bantur
833 5514 1090 5579 latrones,
1120 5515 1267 5570 addit
1292 5515 1438 5582 quod
1473 5526 1590 5565 cum
1621 5509 1966 5567 crucidaione
1989 5510 2152 5571 etiam

591 5620 811 5659 omnem
848 5605 1010 5659 aliam
1061 5606 1305 5660 virtutem
1364 5604 1575 5659 habeat.
1639 5600 1750 5662 lioc
1783 5603 1923 5655 enim
1952 5609 2054 5667 est,
2088 5600 2157 5655 Et

594 5708 851 5765 sequatur
880 5712 986 5753 me.
1022 5697 1089 5750 At
1118 5692 1367 5765 quoniam
1400 5710 1559 5765 grave
1591 5694 1691 5749 hoc
1725 5706 1842 5747 csse
1883 5692 2157 5747 videbatur

597 5795 654 5841 et
677 5789 889 5849 crudele
914 5790 1057 5860 quod
1090 5790 1316 5865 imperat
1346 5797 1401 5839 ut
1434 5802 1527 5841 nos
1562 5784 1716 5840 morti
1748 5796 2153 5852 exponeremus,

2246 4785 2299 4839 τί
2327 4787 2442 4838 ιστι
2474 4784 2535 4836 τὸ
2563 4780 2904 4853 ἀρνήσασθαι
2932 4780 3139 4851 ῑτερον.
3183 4780 3241 4833 ὐ
3260 4780 3593 4850 ἀρνούμενος
3621 4782 3827 4855 ἓτερον,

2247 4875 2471 4941 ἀδελφὸν
2494 4873 2671 4942 τυχὸν,
2700 4870 3037 4941 ilo!“va
3060 4870 3295 4939 πατέρα,
3309 4869 3412 4923 κάν
3430 4871 3829 4943 μαστιζόμενον

2251 4963 2478 5025 ῐδοι,κάν
2497 4960 2977 5030 φονευόμενον,οὒκ
2991 4959 3399 5027 ἐπιστρέφεται,
3415 4960 3477 5011 οὐ
3493 4976 3557 5011 συ
3565 4961 3826 5032 μπάσχει,

2253 5051 2347 5106 ἅτε
2379 5050 2525 5115 ἀπαξ
2555 5049 2953 5121 ἀλλοτριωθείς.
2991 5048 3177 5113 Οὕτως
3217 5046 3309 5103 οὖν
3334 5050 3430 5119 καὶ
3455 5051 3605 5121 ἡμᾶς
3640 5051 3830 5121 βούλε-

2252 5159 2339 5195 ται
2370 5143 2461 5194 τοῦ
2506 5143 2773 5213 ἡμετέρου
2810 5142 3061 5211 σώματος
3088 5141 3351 5211 ἀφειδεῖν.
3380 5140 3468 5195 ἵνα
3497 5142 3604 5196 κάν
3638 5144 3829 5213 μαστί-

2253 5234 2409 5297 ζωσι,
2456 5235 2557 5288 κᾶν
2582 5233 2761 5287 ὁτιοῦν
2792 5233 3006 5298 ποιῶσι,
3043 5232 3120 5304 μὴ
3142 5232 3476 5302 φειδώμεθα.
3532 5234 3749 5303 ’Δράτω
3774 5234 3826 5287 δὲ

2253 5322 2341 5376 τὸν
2398 5323 2649 5396 σταυρὸν,
2702 5323 2970 5387 τουτέστι,
3015 5322 3106 5376 τὸν
3145 5322 3503 5377 ἐπονείδιστον
3559 5323 3818 5377 θάνατον’

2254 5412 2613 5475 ἐπονείδιστος
2662 5413 2770 5481 γὰρ
2817 5412 2993 5466 ἐδόκει
3065 5413 3185 5467 τότε
3231 5412 3541 5484 ὀσταυρός.
3593 5413 3827 5467 Ἐπεὶδδ

2256 5504 2440 5563 *πολλοῖ⁸
2476 5524 2608 5559 σταυ
2619 5507 2838 5575 ροῦνται
2863 5507 2952 5559 διὰ
2971 5506 3031 5559 τὸ
3058 5507 3252 5579 λῃσταὶ
3281 5502 3442 5574 εἶναι,
3471 5506 3827 5579 προστίθησιν

2256 5598 2336 5649 ὅτι
2368 5598 2504 5665 μετά
2528 5597 2621 5650 τοῦ
2660 5598 3059 5669 σταυρωθῆναι.
3081 5601 3177 5652 καὶ
3200 5599 3298 5669 τὴν
3322 5597 3719 5669 sxw-apem
3746 5598 3827 5652 δεῖ

2260 5688 2424 5759 ἔχειν.
2483 5690 2653 5743 Τοῦτο
2702 5670 2806 5763 γάρ
2858 5693 2972 5744 ἐστι
3017 5692 3099 5753 τὸ,
3165 5691 3276 5745 Καὶ
3312 5690 3677 5744 ἀκολουθείτω
3713 5703 3820 5758 μοι.

2272 5783 2423 5835 Ἐπεὶ
2450 5782 2504 5835 δὲ
2530 5782 2698 5836 ἐδόκει
2724 5784 2859 5854 βαρὺ
2884 5782 3019 5837 εἶναι
3046 5781 3199 5835 τοῦτο
3227 5783 3318 5839 καὶ
3346 5782 3577 5852 ἀπηνὲς,
3608 5781 3637 5835 δ
3663 5793 3821 5851 προσι-
