4022 6502
634 431 695 496 εξ
703 430 738 492 5
1551 424 2121 486 THEOPHYLACTI
2154 423 2562 486 BULGARIIE
2599 420 2954 484 ARCHIEP.
3777 419 3876 482 σοι

633 562 761 610 sua,
810 553 865 601 et
915 543 1041 600 flent
1083 543 1189 598 duo
1217 556 1351 612 ,caro
1389 555 1518 598 una.
1568 529 1892 612 Itaque'non
1916 543 2027 611 jam
2074 549 2199 595 sunt

2301 540 2394 594 καὶ
2427 538 2528 610 τὴν
2581 539 2816 610 μητέρα.
2857 536 2966 590 Καὶ
3012 533 3553 606 προσκολληθήσεται
3598 533 3739 604 πρὸς
3785 535 3880 603 τὴν

632 641 758 702 duo,
804 637 896 692 sed
955 651 1057 690 una
1117 649 1264 690 caro.
1311 633 1462 701 Quod
1509 634 1673 705 igitur
1727 634 1868 688 Deus
1901 631 2194 702 copulavit,

2296 633 2529 700 γυναῖκα
2557 629 2749 696 αὑτοῦ,
2800 631 2895 682 καὶ
2923 628 3138 682 ἔσονται
3167 629 3217 680 οι
3239 627 3335 682 δύο
3373 627 3452 689 είς
3497 627 3678 696 σάρκα
3711 625 3840 696 μίαν
3863 639 3878 658 ·

633 739 790 783 homo
828 742 899 782 ne
947 736 1177 795 separet.
1231 745 1250 778 ι
1289 725 1670 794 δεροηιιηιετο
1722 725 2055 791 relinquebat
2090 724 2197 777 Do-

2297 724 2436 778 ὥστε
2465 723 2647 776 οὐκέτι
2685 721 2792 774 εισι
2816 719 2932 784 δύο,
2955 720 3093 775 ἀλλὰ
3128 720 3225 790 μία
3256 717 3416 788 σάρξ.
3458 719 3525 771 Ὃ
3564 713 3659 770 ὠν
3687 720 3713 770 6
3751 717 3880 780 Θεδις

633 819 810 872 minus
840 816 1052 871 Iuda-os
1082 827 1302 886 pr0pter
1336 817 1588 869 invidiam
1640 814 1876 878 illorum,
1921 829 2067 869 nunc
2097 830 2197 867 au-

2299 814 2637 878 συνέζευξεν,
2671 811 2958 883 ἄνθρωπος
3001 812 3074 881 μὴ
3109 809 3410 881 χωριζέτω.
3445 827 3464 860 ι
3501 809 3751 877 Συνεχῶς
3781 807 3875 879 τὴν

633 920 736 964 tem
767 910 960 962 iterum
994 910 1045 962 in
1074 923 1258 962 eorum
1297 909 1568 978 regionem
1594 907 1808 972 transit,
1837 908 1962 976 quia
1990 909 2198 976 passio-

2309 899 2568 956 Ἰουδαίαν
2602 899 2750 968 ἀφίει
2778 905 2805 952 6
2841 900 3042 969 Κύριος
3065 898 3154 951 διὰ
3179 898 3278 968 τὴν
3303 897 3605 966 βασκανίαν
3635 897 3877 960 ὲκείνων,

631 1003 714 1054 nis
746 1012 956 1069 tempus
987 999 1468 1069 apprOpinquabat.
1520 996 1626 1053 Nec
1659 1013 1786 1052 vero
1825 998 2194 1068 Hierosolyma

2303 992 2390 1044 νῦν
2420 987 2511 1044 οὖν
2539 992 2916 1061 ἐπιχωριάζει,
2949 990 3136 1059 ἐπειδὴ
3164 991 3223 1043 τὸ
3249 989 3421 1052 πάθος
3453 989 3627 1054 ἔγγὺς
3659 985 3879 1055 ἔμελλεν

630 1108 774 1147 nunc
798 1095 1062 1156 ascendit,
1113 1092 1204 1146 sed
1250 1092 1301 1143 in
1339 1090 1470 1144 fines
1494 1089 1715 1156 Iudaeae,
1758 1101 1810 1143 ut
1844 1091 2038 1161 populo
2068 1090 2199 1144 sim-

2297 1081 2458 1138 εἶναι.
2495 1085 2570 1137 Οὑ
2610 1085 2714 1154 μὴν
2757 1086 2836 1146 εἰς
2869 1083 2937 1135 τά
2972 1082 3322 1151 Ἰεροσόλυμα
3351 1081 3526 1134 άνεισι
3571 1081 3738 1142 τέως,
3770 1078 3879 1130 ἀλλ’

629 1185 752 1254 plici
791 1184 1100 1252 prodesset.
1155 1183 1523 1254 Hierosolyma
1556 1186 1698 1238 enim
1750 1185 1929 1239 omnis
1980 1185 2196 1238 malitiae

2297 1173 2376 1234 είς
2433 1172 2500 1224 τά
2554 1174 2654 1240 τῆς
2713 1172 2972 1234 Ἰουδαίας
3007 1173 3154 1240 ὅρια.
3201 1172 3288 1223 ἴνα
3335 1171 3426 1224 τὸν
3472 1170 3687 1222 άκακον
3726 1168 3879 1238 δχλσιν

629 1277 840 1330 oiliciua
871 1285 1046 1339 erant,
1070 1286 1290 1346 propter
1318 1278 1709 1331 Pharisaeorum
1743 1279 2022 1330 malitiam.
2060 1275 2196 1331 Vide

2295 1262 2572 1335 ὠφελήσῃ.
2615 1264 2694 1316 Τὰ
2721 1265 2829 1333 γὰρ
2871 1263 3218 1333 Ἰεροσόλυμα
3247 1264 3428 1331 πάσης
3481 1263 3686 1324 κακίας
3716 1265 3877 1330 ἐργα-

629 1382 757 1438 ergo
790 1368 1046 1421 malitiam
1077 1368 1315 1431 illorum,
1355 1369 1625 1437 quomodo
1651 1378 1855 1423 tentent
1879 1369 2192 1434 Dominum,

2297 1357 2519 1426 στήριον
2569 1351 2730 1425 ἦσαν,
2785 1357 2869 1409 διὰ
2929 1357 3026 1425 τὴν
3069 1356 3178 1407 τῶν
3225 1355 3538 1424 Φαρισαίων
3601 1351 3881 1455 πονηρίαν.

629 1474 737 1512 non
770 1458 1140 1534 relinquentes
1180 1457 1348 1521 illum,
1400 1474 1465 1513 ne
1506 1460 1727 1513 credant
1771 1463 1818 1513 ei
1855 1461 2021 1514 turba!
2051 1477 2066 1525 ;
2101 1461 2194 1515 sed

2301 1447 2405 1500 Ἴδε
2449 1446 2578 1513 γοῦν
2616 1448 2714 1516 τὴν
2761 1447 2960 1499 κακίαν
3009 1445 3209 1511 αὐτῶν,
3244 1447 3360 1508 πῶς
3410 1445 3741 1515 πειράζουσι
3788 1445 3878 1498 ἶτὸν

626 1565 840 1618 semper
868 1551 1150 1612 accedunt,
1180 1559 1232 1602 et
1265 1558 1489 1617 sperant
1531 1565 1589 1604 se
1619 1551 2010 1620 questionibus
2039 1552 2187 1605 illunt

2297 1537 2521 1605 Κύριον,
2560 1539 2637 1607 μὴ
2667 1539 2861 1602 ἐῶντες
2905 1539 3086 1600 αὑτὸν,
3136 1539 3223 1591 ἶνα
3246 1537 3616 1591 πιστεύσωσιν
3646 1537 3800 1608 αὐτῷ
3836 1539 3881 1592 oi

626 1643 866 1698 facturos
896 1642 1205 1712 perplexum
1269 1643 1448 1696 animo
1472 1651 1525 1696 et
1578 1641 1969 1697 confutaturos.
2018 1644 2194 1712 Roga-

2295 1633 2466 1704 δχλοι,
2522 1634 2635 1686 ἀλλ’
2692 1634 2778 1686 ἀεὶ
2831 1637 3264 1705 προσερχόμενοι
3319 1635 3412 1688 καὶ
3457 1634 3751 1696 δοκοῦντες
3809 1635 3883 1696 είς

628 1734 756 1787 bant
781 1733 923 1787 enim
957 1733 1302 1803 qttmstimietn
1330 1749 1452 1803 qua:
1485 1734 1743 1803 utrinque
1769 1735 2066 1803 praecipitia
2106 1736 2195 1791 ha-

2296 1724 2532 1795 ἀπορίαν
2565 1723 2858 1793 έμδάλλειν
2891 1726 2985 1776 καὶ
3033 1725 3409 1794 ἐπιστομίζειν
3438 1725 3525 1778 διά
3559 1725 3672 1778 τῶν
3718 1725 3882 1794 ζητη-

627 1825 826 1879 bebat:
865 1841 930 1877 an
968 1824 1125 1878 liceat
1167 1825 1372 1879 homini
1401 1841 1620 1880 uxorem
1647 1827 1961 1881 dimittere?
1987 1826 2115 1881 Nam
2147 1826 2194 1882 si

2300 1815 2508 1886 μάτων.
2555 1815 2880 1885 Ἥρώτησαν
2914 1817 3023 1886 γὰρ
3057 1816 3220 1868 αὑτὸν
3253 1816 3519 1886 ἐρώτημα
3551 1819 3881 1886 ἀμφοτέρω-

629 1916 836 1967 diccret
869 1913 1010 1981 quod
1057 1912 1244 1967 liceret
1273 1912 1574 1977 absolvere,
1607 1913 1935 1983 obiecissent
1969 1917 2015 1971 ei
2053 1916 2195 1984 quod

2298 1905 2390 1959 θεν
2430 1905 2549 1976 εχον
2590 1905 2898 1975 κρημνούς·
2934 1905 2992 1958 Ei
3038 1905 3249 1967 ἔξεστιν
3291 1905 3567 1975 ἀνθρώπῳ
3607 1907 3881 1960 ἀπολῦσαι

628 2005 856 2060 dixisset
890 2014 1041 2060 extra
1083 2021 1302 2060 causam
1346 2005 1719 2060 fornicationis
1754 2023 1858 2061 non
1905 2007 2068 2062 licere
2096 2009 2194 2062 ab~

2297 1999 2398 2068 τὴν
2417 2001 2649 2065 γυναῖκα
2669 2014 2684 2063 ;
2708 1998 2822 2049 Ἵνα
2852 1997 2946 2049 ἐὰν
2972 1997 3072 2065 μὲν
3093 1997 3222 2068 εῐπῃ
3252 1999 3333 2052 ὅτι
3359 1997 3570 2063 ἔξεστιν
3601 1999 3885 2066 ἀπολύειν,

627 2097 859 2152 solvere.
896 2097 952 2149 Si
987 2105 1165 2150 autem
1211 2097 1416 2150 diceret
1449 2098 1591 2165 quod
1641 2112 1744 2148 non
1784 2097 1991 2161 liceret,
2029 2107 2195 2152 laxa-

2297 2095 2685 2164 ἀπαντὴσωσιν
2710 2094 2859 2159 αύτῷ
2890 2111 2902 2123 °
2947 2093 3072 2156 Πῶς
3100 2089 3192 2147 οὖν
3224 2089 3384 2157 εἴπας
3417 2096 3500 2148 ὅτι
3535 2097 3699 2158 ἐκτὸς
3729 2097 3884 2165 λόγου

631 2197 752 2242 rent
775 2203 895 2242 eum
931 2197 989 2242 ut
1021 2189 1388 2240 adversarium
1427 2187 1691 2241 doctrinis
1744 2189 1906 2243 Mosi.
1949 2189 2198 2245 Christus

2299 2186 2580 2257 πορνείας,
2631 2187 2730 2239 οὐκ
2782 2186 2993 2250 ἔξεστιν
3043 2186 3346 2253 άπολύεινς
3394 2187 3518 2241 Ἐάν
3543 2188 3600 2240 δὲ
3643 2188 3778 2259 εἴπῃ
3811 2187 3887 2241 ὅτι

619 2283 815 2350 igitur,
845 2281 933 2349 qui
959 2290 1040 2334 est
1066 2279 1324 2348 sapientia
1358 2280 1494 2349 ipsa,
1519 2280 1808 2347 respondet
1833 2267 1920 2334 εἰς’
1936 2295 2198 2350 responso

2301 2274 2397 2327 οὐκ
2429 2274 2677 2339 ιέξεστιν,
2733 2274 3104 2342 ἐγκαλέσωσιν
3159 2275 3308 2346 αὑτῷ
3358 2277 3437 2340 ὡς
3485 2277 3889 2348 ὲναντιουμένφ

631 2386 740 2440 quo
768 2371 987 2439 laqueos
1026 2369 1239 2423 illorum
1288 2369 1499 2440 emisit,
1531 2369 1700 2439 ROgat
1729 2372 1874 2423 enim
1919 2370 2040 2425 illos
2068 2372 2196 2440 quid

2301 2370 2410 2432 τοῖς
2442 2368 2534 2422 τοῦ
2587 2368 2832 2430 Μωσέως
2861 2367 3154 2438 δόγμασιν.
3208 2368 3269 2420 ’0
3300 2365 3394 2421 οῦν
3432 2369 3693 2438 Χριστὸς,
3725 2372 3759 2438 ἡ
3795 2370 3889 2423 αύ-

629 2463 711 2517 eis
742 2463 1054 2532 pra'ceperit
1083 2463 1279 2517 Moses.
1310 2463 1442 2517 Cum
1467 2473 1641 2516 autem
1675 2463 1745 2517 illi
1773 2465 2034 2518 dixissent
2065 2478 2201 2532 pra-

2301 2457 2546 2527 τοσοφία,
2572 2458 2932 2528 ἀποκρίνεται
2957 2458 3137 2520 αὐτοῖς
3168 2458 3462 2529 ἀπόκρισιν
3482 2453 3889 2529 διαφεύγουσαν

631 2568 844 2625 ceptum
875 2571 992 2611 esse
1029 2556 1424 2616 dimittendam.
1460 2555 1846 2624 interpretatur
1886 2556 1965 2610 eis
2002 2557 2192 2625 legem.

2300 2548 2396 2610 τὰς
2434 2548 2615 2600 αὐτῶν
2646 2548 2900 2616 παγίδας.
2956 2548 3174 2621 Ἐρωτᾷ
3217 2551 3326 2622 γάρ
3354 2552 3574 2617 αὐτοὺς,
3608 2553 3664 2606 τί
3705 2554 3888 2616 αὐτοῖς

634 2647 748 2703 Νοη
791 2651 924 2704 adeo
959 2649 1194 2704 crudelis
1221 2659 1338 2704 erat
1371 2648 1572 2713 Moses,
1606 2649 1798 2718 inquit,
1832 2657 1887 2703 ut
1931 2650 2088 2703 talem
2119 2651 2200 2704 in-

2299 2640 2603 2692 ὲνετείλατο
2644 2639 2872 2708 Μωσῆς.
2918 2639 3040 2692 Τῶν
3085 2641 3141 2693 δὲ
3189 2643 3454 2696 είπόντων
3499 2645 3584 2696 ὅτι
3628 2643 3886 2698 ἀπολύειν

635 2738 942 2792 trodnceret
998 2739 1191 2809 legem,
1239 2739 1331 2794 sed
1385 2741 1448 2793 ad
1499 2740 1662 2794 vestri
1717 2741 1898 2796 cordis
1944 2742 2198 2797 duritiam

2300 2729 2626 2792 ένετείλατο,
2673 2731 2967 2801 ὲρμηνεὺει
3018 2732 3205 2795 αὐτοῖς
3256 2733 3348 2785 τὴν
3406 2733 3591 2801 νόμον.
3649 2737 3729 2788 Oi)
3786 2737 3887 2805 γάρ

632 2831 852 2899 scripsit
875 2831 995 2885 hoc.
1045 2833 1185 2886 Deus
1215 2833 1359 2886 enim
1395 2833 1572 2886 sciens
1598 2829 1901 2887 Judaorum
1939 2833 2200 2888 inhuma-

2301 2819 2472 2885 οὕτως
2511 2823 2728 2892 ἀπηνὴς
2760 2819 2828 2894 ἧν
2871 2823 2900 2874 6
2944 2824 3172 2892 Μωσῆς,
3217 2826 3400 2895 φησὶν,
3443 2826 3585 2879 ὥστε
3644 2821 3889 2882 τοιὸῦτον

632 2922 882 2986 nitatem,
911 2921 1053 2989 quod
1085 2921 1174 2990 qui
1206 2920 1370 2975 semel
1416 2936 1479 2975 ex
1511 2922 1590 2975 eis
1617 2921 1742 2976 odio
1769 2922 1966 2977 habere
1999 2924 2201 2992 capis-

2301 2911 2637 2979 εἰσενεγκεῖν
2664 2914 2849 2982 νόμον,
2879 2915 3016 2968 ἀλλά
3047 2916 3183 2984 πρὸς
3213 2918 3310 2986 τὴν
3342 2918 3618 2987 ὑμετέραν
3654 2920 3885 2990 σκληροο

633 3019 717 3064 set
748 3010 1046 3074 mulierem,
1081 3011 1368 3066 occidisset
1415 3027 1557 3074 eam,
1587 3013 1858 3066 concessit
1903 3013 1982 3067 eis
2011 3013 2200 3067 dimit-

2301 3005 2528 3074 καρδίαν
2557 3005 2714 3058 τοῦτο
2755 3005 3014 3076 ἔγραψεν.
3051 3008 3109 3061 Ὀ
3139 3011 3247 3078 γάρ
3277 3011 3429 3075 Θεὸς,
3470 3010 3767 3077 γινώσκων
3795 3013 3889 3077 τὴν

633 3110 750 3156 tere
783 3086 1028 3165 uxorem,
1066 3118 1168 3156 non
1201 3102 1301 3157 sibi
1346 3103 1666 3172 placentem.
1717 3105 1797 3159 Ab
1827 3105 1982 3161 initio
2012 3119 2193 3162 autem

2304 3095 2410 3148 τῶν
2443 3095 2711 3167 Ἐϐραίων
2737 3099 3159 3169 ἀπανθρωπίαν,
3210 3104 3303 3154 καὶ
3345 3103 3428 3154 ὅτι
3481 3101 3684 3173 ῥᾳδίως
3713 3106 3741 3157 6
3769 3103 3892 3174 βου·

635 3208 740 3247 uon
770 3193 849 3246 sic
875 3203 1010 3256 erat,
1044 3194 1134 3247 sed
1155 3193 1245 3247 Dei
1276 3195 1556 3248 consilium
1589 3196 1844 3266 conjuges
1868 3199 1934 3251 ad
1967 3200 2194 3253 invicem

2301 3182 2524 3252 λὸμενος
2550 3185 2761 3253 φονεύοι
2789 3185 2856 3239 ἂν
2878 3187 2974 3258 τὴν
3001 3189 3194 3242 ἑαυτοῦ
3212 3192 3446 3258 γυναῖκα
3472 3195 3717 3262 μισήσας
3744 3193 3889 3262 άπαξ

634 3284 932 3354 conjungit,
967 3296 1020 3338 et
1068 3285 1270 3339 relictis
1315 3289 1626 3354 parentibus
1673 3303 1836 3342 unum
1871 3289 2018 3344 facit.
2069 3290 2202 3347 Vide

2304 3276 2494 3346 αὐτὴν,
2529 3277 2911 3348 συνεχώρησεν
2943 3280 3202 3335 ἀπολύειν
3243 3282 3339 3352 τὴν
3381 3287 3642 3352 γυναῖκα,
3691 3287 3784 3338 τὸν
3817 3286 3888 3357 μὴ

634 3382 814 3426 autent
843 3375 969 3443 quid
1003 3374 1168 3436 dicat,
1226 3377 1366 3442 quod
1415 3378 1554 3427 Deus
1603 3376 1773 3430 noluit
1817 3379 2197 3450 polygamiam,

2303 3369 2673 3440 ἀρεσκόμενον
2724 3371 2888 3442 αὐτῇ.
2935 3371 3056 3425 Ἀπ’
3107 3374 3282 3444 ἀρχῆς
3336 3375 3392 3427 δὲ
3440 3377 3540 3446 οὑχ
3592 3378 3770 3442 οὕτως
3801 3374 3888 3450 ἦν,

635 3475 691 3518 ut
718 3465 832 3519 haec
864 3465 1281 3534 relinqueretur.
1315 3477 1368 3520 et
1401 3468 1570 3522 altera
1602 3467 1894 3524 duceretur
1935 3486 2110 3525 uxor:
2147 3482 2201 3526 et

2303 3460 2422 3512 ἀλλ’
2451 3463 2482 3532 ἡ
2523 3460 2612 3513 τοῦ
2659 3462 2794 3514 Θεοῦ
2831 3462 2996 3533 βουλὴ
3024 3465 3299 3537 συγκολλᾴ
3333 3467 3587 3536 ἀλλήλοις
3633 3473 3762 3534 τοὺς
3797 3487 3890 3524 συ·

635 3555 832 3608 iterum
864 3555 1256 3625 relinqueretur
1278 3557 1400 3621 ista,
1435 3569 1488 3612 et
1513 3570 1880 3615 assumeretur
1910 3561 2034 3616 alia.
2065 3561 2200 3616 Nam

2304 3551 2525 3620 ζύγους,
2559 3554 2654 3606 καὶ
2700 3555 2758 3606 ἒν
2806 3559 2967 3618 ποιεῖ,
3006 3555 3146 3610 ὥστε
3179 3561 3273 3611 καὶ
3301 3559 3506 3626 γονέων
3531 3563 3886 3632 καταμελεῐν.

634 3648 680 3702 si
729 3647 835 3703 hoc
880 3658 1044 3711 esset,
1100 3651 1318 3705 fecisset
1370 3650 1508 3706 Deus
1545 3668 1704 3706 unum
1752 3655 1967 3722 quidem
2002 3658 2198 3716 virum.

2307 3645 2448 3715 Ὅρα
2477 3645 2533 3697 δὲ
2563 3645 2615 3697 τί
2664 3646 2835 3713 λέγει,
2870 3647 2952 3701 ὅτι
2986 3650 3013 3701 ὁ
3056 3647 3191 3712 Θεὸς
3233 3650 3294 3702 οὑ
3329 3650 3472 3704 θέλει
3519 3652 3889 3723 πολυγαμίαν,

642 3741 834 3795 multas
866 3751 1043 3796 autem
1083 3743 1374 3806 mulieres;
1401 3760 1543 3798 nunc
1573 3757 1748 3801 autem
1786 3751 1884 3800 hoc
1915 3764 2018 3801 non
2053 3747 2200 3814 fecit,

2307 3737 2445 3791 ὥστε
2479 3738 2681 3807 ταύτην
2721 3739 2820 3808 μὲν
2851 3741 3308 3810 καταλιμπάνειν,
3342 3743 3536 3814 ἑτέραν
3568 3745 3628 3798 δὲ
3661 3747 3891 3815 ἄγεσθαι

633 3835 729 3886 sed
765 3833 1060 3887 masculum
1095 3842 1148 3887 et
1185 3833 1439 3889 feminam
1472 3836 1621 3901 fecit,
1648 3853 1812 3890 unum
1847 3839 1935 3892 uni
1964 3840 2202 3908 copulari

2308 3832 2566 3898 γυναῖκα,
2629 3831 2724 3883 καὶ
2790 3831 2951 3886 πάλιν
3007 3833 3216 3905 ταύτην
3269 3836 3732 3906 καταλιμπάνειν,
3801 3839 3896 3892 καὶ

629 3923 845 3988 juhcns.
899 3923 1182 3980 Possemus
1213 3926 1349 3981 lorte
1386 3936 1441 3981 et
1470 3929 1548 3982 sic
1592 3929 1734 3983 hunc
1783 3928 1958 3984 locum
2011 3931 2206 3985 intelli-

2307 3923 2471 3994 ἑτέρα
2512 3923 2824 3979 κολλᾶσθαι.
2861 3925 2922 3977 Ei
2950 3926 3059 3996 γὰρ
3084 3925 3246 3980 τοῦτο
3281 3921 3371 3997 ἦν,
3402 3928 3664 3998 εποίησεν
3696 3929 3762 3983 ἂν
3799 3931 3894 3982 ἕνα

635 4031 760 4085 gere
788 4030 802 4067 :
838 4014 1031 4070 Sermo
1059 4018 1316 4084 doctoris,
1369 4019 1458 4087 qui
1510 4035 1692 4075 semen
1719 4021 1918 4075 bonum
1953 4023 2116 4076 mittit
2150 4025 2202 4076 in

2309 4014 2407 4082 μὲν
2446 4014 2636 4079 ἄνδρα,
2689 4015 2888 4078 πολλὰς
2930 4016 2988 4070 δὲ
3036 4021 3323 4086 γυναῖκας.
3359 4018 3475 4072 Νῦν
3510 4019 3567 4074 δὲ
3626 4021 3690 4074 οὑ
3735 4020 3895 4076 τοῦτο

636 4107 690 4159 in
722 4107 958 4160 animam
984 4107 1153 4164 fidelis
1175 4109 1435 4174 hominis,
1459 4109 1620 4164 hahet
1651 4112 1913 4165 rationem
1944 4113 2042 4166 viri
2079 4129 2204 4184 erga

2307 4105 2550 4173 γέγονεν.
2605 4106 2720 4178 ἀλλ’
2768 4107 2934 4177 άρσεν
2976 4109 3070 4162 καὶ
3120 4109 3254 4178 θῆλυ
3301 4110 3582 4180 εποίησεν,
3635 4114 3734 4167 ενα
3797 4115 3895 4184 μιᾷ

637 4198 872 4252 anitnam
906 4216 1024 4268 qua:
1055 4200 1204 4255 illum
1242 4201 1489 4271 suscipit.
1531 4203 1686 4273 Saepe
1721 4205 1883 4274 igitur
1919 4206 2057 4260 ratio
2088 4222 2207 4275 qua

2309 4198 2573 4260 κελεύσας
2620 4200 3010 4256 συνάπτεσθαι.
3078 4203 3308 4272 Μήποτε
3339 4204 3396 4256 δὲ
3441 4205 3534 4257 καὶ
3561 4203 3707 4258 οὕτω
3734 4205 3897 4260 δυνά-

633 4291 780 4359 Cupit
814 4296 1070 4361 prodesse
1098 4294 1311 4357 animai,
1346 4310 1463 4362 qua:
1491 4298 1712 4350 veritum
1759 4299 2006 4368 suscipit,
2041 4300 2203 4354 relin-

2317 4291 2458 4361 μεθα
2484 4291 2676 4360 νοῆσαι
2707 4291 2768 4344 τὸ
2801 4293 2975 4362 παρὸν
3015 4295 3235 4364 χωρίον.
3300 4295 3360 4348 Ὀ
3393 4295 3548 4364 λόγος
3579 4299 3608 4349 6
3634 4297 3894 4352 διδασκα-

633 4383 753 4450 quit
793 4394 1000 4451 patrem
1030 4400 1208 4451 suum,
1239 4387 1399 4456 323
1444 4388 1547 4442 hoc
1604 4397 1687 4444 est
1743 4401 1975 4444 mentem
2031 4391 2206 4446 suhli-

2309 4382 2479 4446 λικὸς,
2533 4383 2826 4453 σπέρματα
2879 4384 3059 4453 ἀγαθά
3104 4385 3392 4456 ἐμϐάλλων
3441 4389 3524 4452 είς
3566 4388 3670 4459 τὴν
3717 4389 3897 4462 ψυχὴν

636 4489 774 4529 mem
812 4493 826 4528 :
858 4485 910 4528 et
941 4490 1164 4532 matrem
1193 4495 1366 4544 suam,
1399 4481 1499 4536 hoc
1525 4491 1628 4542 est.
1659 4483 1878 4536 vcrhum
1905 4497 2154 4540 ornatum
2191 4502 2204 4540 :

2310 4475 2401 4529 τοῦ
2434 4475 2622 4530 πιστοῦ
2657 4475 2970 4542 ἀνθρώπου,
3000 4478 3193 4548 ἀνδρὸς
3224 4478 3383 4547 λόγον
3411 4481 3602 4550 ἐπέχει
3625 4481 3769 4550 πρὸς
3800 4483 3898 4552 τὴν

637 4573 692 4619 et
739 4568 976 4621 adhaeret
1017 4571 1170 4625 uxori
1227 4587 1358 4637 sum,
1395 4575 1806 4642 attemperando
1844 4589 1902 4629 se
1951 4577 2046 4640 illi,
2084 4592 2202 4646 quin

2309 4566 2714 4638 ὑποδεχομένην
2748 4567 2913 4622 αὑτὸν
2953 4567 3156 4638 ψυχήν.
3216 4569 3485 4632 Πολλάκις
3521 4567 3617 4624 οὖν
3668 4573 3698 4623 6
3737 4571 3895 4640 λόγος

639 4658 710 4710 illi
743 4661 1029 4728 expediant
1061 4662 1283 4727 docens,
1315 4673 1367 4716 et
1403 4680 1542 4731 εει-ρο
1577 4681 1792 4720 sensum
1832 4667 2206 4736 imperfectum

2306 4661 2476 4716 θέλων
2509 4663 2789 4732 ὠφελῆσαι
2821 4663 2920 4733 τὴν
2949 4663 3351 4734 ὑποδεχομένην
3395 4664 3598 4736 ψυχὴν,
3626 4666 3883 4736 καταλιμ-

641 4767 704 4805 ac
738 4755 901 4807 verba
933 4755 1195 4824 simplicia
1229 4767 1280 4808 et
1315 4756 1602 4807 idiotarum
1643 4756 1920 4824 proferens
1953 4776 1965 4811 ε
1999 4769 2052 4814 et
2082 4769 2211 4816 tunc

2309 4753 2468 4807 πάνει
2495 4755 2585 4807 τὸν
2613 4756 2828 4824 πατέρα
2864 4754 3054 4816 αὑτοῦ.
3084 4756 3331 4809 τουτέστι
3386 4755 3510 4810 νοῦν
3536 4757 3769 4826 ὑψηλὸν,
3807 4759 3894 4811 καὶ

637 4854 764 4898 sunt
798 4844 905 4897 duo
940 4845 991 4898 in
1026 4860 1187 4899 carne
1232 4863 1355 4909 una,
1397 4847 1500 4900 hoc
1547 4857 1647 4911 est,
1683 4849 1853 4902 credit
1881 4851 2057 4902 anima
2091 4866 2212 4906 car-

2305 4844 2405 4914 τὴν
2435 4844 2648 4915 μητέρα
2687 4844 2876 4908 αὑτοῦ,
2900 4845 3147 4898 τουτέστι
3171 4844 3316 4910 λέξιν
3345 4847 3893 4920 κεκαλλωπισμένην.

639 4951 758 4988 nem
810 4934 1010 4989 factum
1063 4951 1183 4992 csse.
1235 4937 1468 4991 Verbum
1513 4937 1623 4999 Dei,
1671 4948 1725 4991 et
1782 4939 1924 4993 nulla
1974 4940 2211 4995 humana

2309 4936 2405 4988 καὶ
2438 4937 2840 5007 προσκολλᾶται
2875 4941 2941 5008 τῇ
2980 4940 3205 5007 γυναικὶ
3255 4939 3441 5007 αὑτοῦ,
3477 4941 3598 5011 ῆτοι
3651 4941 3721 4996 τὰ
3760 4942 3891 5012 πρδι

637 5027 893 5095 cogitatio
919 5037 1095 5096 potest
1125 5044 1378 5098 separare
1409 5031 1647 5083 animam
1677 5045 1707 5084 a
1743 5031 1832 5085 tali
1870 5031 1995 5085 fide.

2309 5031 2579 5100 ὠφέλειαν
2613 5032 2710 5101 τῆς
2746 5032 2925 5102 ψυχῆς
2955 5033 3172 5103 έκείνης
3205 5033 3470 5103 διδάσκει,
3521 5034 3882 5105 συγκατασαι

642 5135 749 5171 νων
776 5119 915 5191 αὐτῇ
951 5121 1044 5174 καὶ
1067 5121 1190 5174 νοῦν
1254 5123 1516 5186 πολλάκις
1577 5123 1768 5195 εὐτελῆ
1836 5125 1930 5179 καὶ
1971 5123 2147 5190 λέξεις
2216 5126 2490 5188 ἰδιωτικάς
2539 5126 2845 5197 προτιμῶν.
2897 5127 3009 5179 Καὶ
3051 5127 3236 5181 λοιπὸν
3285 5127 3524 5197 γίνονται
3575 5130 3628 5183 ol
3678 5129 3776 5184 δύο
3817 5133 3894 5186 είς

641 5213 820 5284 σάρκα
854 5212 1003 5281 μίαν,
1053 5213 1325 5274 τουτέστι,
1359 5213 1607 5266 πιστεύει
1639 5216 1672 5285 ἡ
1709 5214 1852 5286 ψυχὴ
1903 5216 2083 5286 σάρκα
2122 5217 2374 5284 γενέσθαι
2414 5217 2503 5270 τὸν
2544 5217 2720 5286 Λόγον
2750 5217 2844 5271 τοῦ
2913 5217 3073 5272 Θεοῦ.
3143 5221 3254 5276 Καὶ
3317 5221 3494 5286 οὐδεὶς
3547 5221 3892 5294 ἀνθρώπινοι

637 5307 896 5375 λογισμὸς
920 5305 1143 5359 δύναται
1165 5306 1395 5377 χωρίσαι
1421 5308 1519 5375 τὴν
1549 5307 1728 5380 ψυχὴν
1758 5311 1864 5363 ἀπὸ
1896 5312 1994 5380 τῆς
2019 5311 2274 5381 τοιαύτης
2299 5313 2554 5374 πίστεως.

712 5399 876 5455 Vsus.
925 5402 1125 5465 10,1Ι.
1181 5420 1199 5452 ι
1249 5402 1312 5455 Ει
1363 5404 1415 5457 in
1469 5405 1626 5459 domo
1687 5421 1901 5460 rursum
1952 5409 2204 5476 discipuli

2379 5427 2397 5460 ι
2442 5408 2552 5462 Καὶ
2601 5410 2658 5460 ὲν
2699 5411 2766 5479 τῇ
2801 5409 2949 5480 οἰκία
2993 5409 3160 5463 πάλιν
3192 5411 3242 5464 οί
3281 5410 3525 5482 μαθηταὶ
3560 5411 3732 5467 αὑτοῦ
3769 5408 3894 5485 περἱ

639 5493 780 5547 illius
823 5494 1010 5548 eadem
1046 5495 1111 5550 de
1157 5510 1214 5550 re
1254 5496 1722 5566 interrogaverunt
1770 5500 1938 5561 illum,
1976 5510 2032 5554 et
2077 5500 2207 5554 dicit

2307 5501 2393 5554 τοῦ
2425 5501 2588 5554 αὑτοῦ
2627 5501 2995 5574 ἐπηρώτησαν
3016 5503 3198 5572 αὑτὸν,
3233 5505 3328 5558 καὶ
3362 5505 3511 5573 λέγει
3544 5507 3757 5570 αὐτοῖς’
3799 5510 3895 5574 ὀς

638 5584 742 5637 illis
786 5603 799 5638 :
854 5582 1171 5654 Quicunque
1232 5587 1599 5656 repudiaverit
1651 5608 1871 5646 uxorem
1921 5609 2100 5657 suam,
2153 5601 2206 5648 et

2301 5592 2397 5646 ἐὰν
2428 5593 2673 5665 ἀπολύσῃ
2703 5596 2802 5665 τὴν
2831 5599 3065 5664 γυναῖκα
3097 5596 3265 5650 αὑτοῦ
3295 5597 3389 5650 καὶ
3416 5599 3650 5671 γαμήσῃ
3695 5599 3887 5672 ἄλλην.

638 5667 852 5728 duxerit
877 5675 1061 5738 aliam,
1089 5677 1412 5732 adulterium
1440 5681 1723 5736 committit
1744 5681 2002 5737 adversus
2036 5682 2203 5736 illam.

2310 5687 2558 5756 μοιχᾶται
2582 5687 2669 5739 ἐπ’
2691 5688 2888 5758 αὑτήν.
2916 5688 3027 5742 Καὶ
3048 5687 3145 5742 ἐὰν
3169 5689 3307 5760 γυνὴ
3328 5667 3581 5763 ἀπολύση
3607 5667 3702 5745 {by
3720 5667 3898 5763 ἄνδρα

637 5765 702 5819 Et
733 5767 778 5820 si
814 5767 1008 5822 mulier
1042 5770 1408 5839 repudiaverit
1445 5771 1615 5826 virum
1661 5790 1839 5835 suum,
1876 5784 1926 5828 et
1959 5775 2206 5842 nupserit

2307 5777 2492 5846 αὐτῆς,
2528 5779 2621 5830 καὶ
2667 5778 2890 5848 γαμηθῇ
2940 5778 3106 5850 ἄλλῳ,
3148 5780 3429 5852 μοιχᾶται.
3484 5798 3504 5833 ι
3549 5780 3678 5836 Ἔτι
3710 5786 3806 5839 καὶ
3840 5786 3895 5838 oi

640 5856 815 5924 alteri,
851 5857 1168 5916 adulterium
1196 5863 1505 5917 committit.
1547 5881 1564 5915 ι
1617 5861 1810 5919 lterum
1847 5865 2007 5918 etiam
2040 5864 2204 5922 disci-

2307 5870 2545 5938 μαθηταὶ
2575 5868 3042 5936 έσκανδαλίζοντοσ
3080 5870 3168 5926 διά
3196 5871 3356 5926 τοῦτο
3387 5867 3486 5927 οὖν
3514 5875 3610 5928 καὶ
3649 5875 3895 5947 προσέρ-
