4022 6556
198 472 302 541 591

904 469 1346 532 ENARRATIO
1385 471 1467 532 IN
1509 469 2010 534 EVA‘NGELIUM
2053 473 2316 534 MARCI.
2350 497 2414 507 -
2459 472 2619 533 CAP.
2662 472 2736 534 Χ.

3369 470 3481 536 593

200 607 388 663 xovnt
433 588 594 644 πάλιν
623 584 771 658 αὺτῷ
800 585 893 640 καὶ
922 585 1220 656 ἐρωτῶσιν,
1250 584 1326 646 ὡς
1372 586 1552 656 μήπω
1579 586 1782 650 ίκανῶς

1895 587 1994 657 puli
2027 586 2379 642 scandalizati
2411 594 2559 652 sunt,
2597 596 2764 655 atque
2784 598 2904 638 eam
2945 582 3017 638 ob
3051 597 3272 638 causam
3300 583 3476 636 denuo

199 680 697 753 ἐκθεραπευοέντος
747 679 928 732 αὐτῶν
977 676 1072 730 τοῦ
1121 676 1407 746 λογισμοῦ.
1462 678 1523 730 '0
1558 677 1614 731 δὲ
1643 679 1780 731 ἁπο-

198 774 444 842 κρίνεται
473 771 674 834 αὐτοῖς,
725 771 921 837 λέγων·
959 769 1058 829 ’ος
1111 769 1207 821 ἐὰν
1255 767 1500 839 ἀπολύσῃ
1540 770 1641 838 τὴν
1690 785 1785 834 γυ-

198 867 363 918 ναῖκα
394 861 562 916 αὑτοῦ
599 862 694 915 καὶ
724 864 950 932 γαμήσῃ
990 860 1178 930 ἄλλην,
1216 859 1402 930 μοιχός
1433 863 1580 912 ἐστιν
1613 861 1783 929 αὐτῆς

195 960 296 1026 τῆς
356 954 631 1023 δευτέρας.
685 953 913 1023 Ὀμοῖως
980 948 1072 1006 οὖν
1129 953 1224 1005 καὶ
1271 953 1303 1022 ἡ
1350 951 1485 1022 γυνὴ
1536 953 1783 1022 μοιχαλίς

198 1048 369 1112 εστιν,
404 1049 437 1117 ἡ
477 1048 678 1116 ἀφεῖσα
723 1049 814 1100 τὸν
857 1044 985 1098 ίδιον
1023 1044 1212 1115 ἄνδρα,
1258 1044 1352 1096 καὶ
1404 1043 1578 1114 ἑτέρῳ
1627 1042 1786 1108 συζυ-

196 1143 377 1210 γεῖσα.

276 1249 297 1282 ι
339 1231 808 1301 Καὶιπροσέφερον
832 1227 980 1298 αὐτῷ
1004 1227 1215 1294 παιδία,
1241 1229 1329 1283 ἵνα
1354 1229 1558 1301 ἅψηται
1582 1229 1780 1283 αὐτῶν·

193 1321 247 1374 οἱ
281 1321 339 1373 δὲ
373 1320 613 1391 μαθηταὶ
663 1319 941 1389 ὲπετίμων
983 1322 1094 1382 τοῖς
1144 1319 1572 1388 προσφέρουσιν.
1637 1318 1783 1372 Ἰδὼν

192 1416 251 1469 δὶ
276 1416 304 1468 ὁ
335 1413 563 1486 Ἰησοῦς,
581 1413 928 1483 ἠγανάκτησε
949 1413 1042 1464 καὶ
1074 1408 1226 1464 εἶπεν
1257 1413 1462 1473 αὐτοῖς·
1493 1415 1694 1480 "Aeace
1717 1411 1784 1465 τὰ

194 1507 390 1560 παιδία
435 1507 685 1578 ἔρχεσθαι
733 1505 869 1574 πρὸς
917 1505 1026 1573 μὲ,
1082 1506 1177 1558 καὶ
1226 1506 1301 1576 μὴ
1343 1506 1585 1559 κωλύετε
1619 1505 1782 1559 αὐτοὶ⁵

191 1599 308 1652 τῶν
355 1597 464 1669 γὰρ
489 1596 748 1650 τοιούτων
773 1597 920 1648 ἐστὶν
953 1597 986 1667 ἡ
1014 1595 1260 1665 βασιλεία
1291 1596 1383 1649 τοῦ
1413 1597 1569 1650 Θεοῦ.
1613 1598 1785 1666 Ἀμὴν

192 1692 344 1760 λέγω
362 1691 618 1760 ὑμῖν,⁶ος
641 1690 736 1743 ἐὰν
762 1689 836 1759 μὴ
859 1688 1078 1760 δέξηται
1099 1688 1198 1759 τὴν
1222 1689 1499 1758 βασιλείαν
1522 1691 1618 1746 τοῦ
1650 1690 1786 1746 Θεοῦ

126 1791 130 1795 “
191 1784 273 1847 ὡς
304 1783 537 1847 παιδίον,
569 1783 631 1835 οὑ
669 1781 745 1853 μὴ
775 1781 993 1853 εἰσέλθῃ
1026 1783 1101 1844 είς
1134 1784 1328 1850 αὑτήν.
1373 1784 1486 1836 Καὶ
1538 1785 1785 1852 ἀναγκα-

192 1875 491 1946 λισάμενος
533 1875 696 1940 αὐτὰ,
752 1875 845 1927 καὶ
905 1874 1079 1936 τιθεὶς
1109 1876 1208 1938 τὰς
1251 1878 1443 1945 χεῖρας,
1488 1877 1574 1929 ἐπ’
1620 1877 1780 1941 αὐτὰ,

1885 681 1951 734 ad
2006 693 2129 734 eum
2185 680 2451 735 accedunt
2498 690 2551 735 et
2602 680 2965 748 interrogant,
3026 675 3183 744 quasi
3233 675 3478 728 nomium

1884 773 2221 828 satisfactum
2261 782 2411 829 esset
2456 772 2624 828 menti
2680 786 2893 827 eorum.
2935 770 3006 822 At
3037 770 3155 837 ipse
3196 766 3479 835 respondit-

1885 865 1987 930 eis,
2018 864 2209 920 dicens
2243 882 2258 919 :
2305 865 2408 931 Qui
2445 864 2714 920 dimiserit
2741 876 2967 916 uxorem
3003 873 3182 923 suam,
3216 867 3270 911 et
3308 858 3476 909 duxe-

1886 957 1956 1010 rit
1988 957 2172 1023 aliam,
2202 957 2413 1012 adulter
2450 966 2533 1012 est
2563 957 2701 1028 ejus,
2735 955 2942 1011 scilicet
2969 952 3245 1007 secundae.
3305 947 3474 1001 Sinti-

1885 1047 2010 1102 liter
2061 1063 2276 1118 quoque
2323 1057 2378 1102 et
2445 1063 2582 1102 uxor
2624 1045 2868 1101 adultera
2923 1052 3029 1106 est,
3086 1053 3208 1109 quae
3263 1035 3480 1106 reliquit

1887 1141 2059 1193 virum
2087 1140 2386 1210 proprium,
2416 1147 2470 1194 et
2496 1139 2650 1193 alteri
2684 1137 2975 1206 conjuncta
3003 1133 3186 1188 fuerit.

1959 1232 2122 1288 Vens.
2152 1231 2338 1286 1246.
2384 1250 2402 1283 ι
2443 1232 2510 1285 Et
2535 1230 2837 1284 attulerunt
2867 1230 2933 1283 ad
2970 1227 3121 1281 illum
3155 1226 3383 1295 puellos,
3421 1233 3481 1280 nt

1887 1333 2132 1396 tangeret
2185 1325 2328 1379 illos.
2382 1321 2643 1392 Discipuli
2685 1335 2818 1376 vero
2852 1319 3212 1388 increpabant
3242 1332 3337 1371 eos
3385 1317 3476 1385 qui

1885 1417 2243 1471 adducebant.
2271 1416 2406 1470 Cum
2440 1415 2671 1470 vidisset
2702 1420 2885 1468 autem
2931 1411 3113 1478 Jesns,
3162 1410 3479 1480 indignatus

1886 1518 1989 1576 est,
2021 1517 2076 1564 et
2117 1509 2254 1563 dixit
2286 1506 2392 1561 illis
2426 1524 2438 1560 :
2489 1504 2664 1560 Sinite
2699 1503 2907 1576 puellos
2953 1502 3141 1557 venire
3171 1501 3238 1555 ad
3275 1515 3381 1565 me,
3413 1515 3481 1554 ne

1888 1604 2170 1674 prohibete
2201 1603 2340 1666 illos,
2377 1601 2563 1655 talium
2593 1601 2736 1655 enim
2769 1611 2854 1654 est
2881 1614 3110 1668 regnum
3149 1596 3269 1652 Dei.
3299 1597 3474 1650 Amen

1887 1698 2009 1752 dico
2061 1696 2251 1750 vobis:
2291 1694 2611 1762 Quicunque
2658 1706 2764 1746 non
2801 1691 3075 1760 acceperit
3112 1703 3338 1758 regnum
3381 1689 3476 1743 Dei

1891 1801 2146 1859 tanquam
2175 1787 2404 1857 puellus,
2434 1787 2854 1854 haudquaquam
2879 1783 3217 1854 ingredietur
3247 1783 3297 1836 in
3325 1781 3475 1835 illud.

1893 1880 2105 1935 Etcum
2152 1877 2387 1946 cepisset
2435 1875 2554 1928 illos
2599 1874 2650 1927 in
2698 1874 2877 1938 ulnas,
2928 1871 3200 1940 impositis
3228 1871 3480 1924 manibus

191 1939 492 2034 εὐλόγησεν
526 1939 689 2018 αὐταί
721 1985 740 2016 ι
779 1964 952 2035 Πολλὴ
982 1965 1017 2035 ἡ
1057 1939 1394 2027 πίστιςητᾶλν
1434 1939 1629 2035 δχλων,
1669 1939 1781 2035 είγε

1895 1984 2047 2038 super
2085 1939 2637 2022 illos-benedixiteis.
2691 1984 2710 2015 ι
2760 1962 2952 2033 Magna
2995 1939 3128 2016 fides
3174 1959 3478 2020 turbarum,

192 2058 292 2110 καὶ
333 2059 470 2129 μόνῃ
495 2061 561 2126 τῇ
589 2057 694 2108 τῶν
721 2056 920 2126 χειρῶν
947 2055 1217 2120 ἐπιοέσει,
1257 2057 1500 2124 εὐλογεῖν
1534 2057 1782 2127 ἐνόμιζον

193 2166 224 2200 τ
258 2164 289 2199 ν
339 2148 574 2216 Χριστὸν
621 2148 747 2211 τοὺς
786 2148 937 2217 αὐτῷ
970 2147 1442 2218 προσαγομένους.
1493 2151 1556 2203 Oi
1588 2151 1644 2202 δὲ
1681 2170 1785 2219 μα-

173 2241 398 2312 θηταὶ,
428 2239 742 2310 νομίζοντες
762 2239 980 2307 ἀνάξιον
1011 2239 1172 2293 τοῦτο
1205 2237 1343 2292 εἶναι
1373 2240 1468 2293 τοῦ
1517 2227 1780 2312 Χριστοῦ,

192 2331 255 2384 τὺ
295 2331 480 2384 παιδία
514 2331 887 2401 προσάγεσθαι
927 2331 1102 2401 αὐτῷ,
1129 2329 1421 2384 διεκώλυον
1453 2334 1578 2396 τοὺς
1613 2351 1783 2402 προσ-

192 2425 453 2491 άγοντας.
502 2422 569 2477 Τί
610 2419 704 2476 οὖν
745 2425 773 2475 ὁ
818 2423 1092 2490 Χριστός;
1125 2423 1407 2476 Διδάσκων
1458 2425 1655 2486 αὐτοὺς
1687 2443 1783 2494 με·

191 2516 564 2587 τριοφρονείν,
616 2515 712 2568 καὶ
758 2513 927 2582 τῦφον
978 2517 1320 2568 καταπατεῖν
1367 2515 1652 2583 κοσμικὸν,
1690 2516 1784 2568 καὶ

192 2605 465 2677 λαμϐάνει
492 2608 587 2660 καὶ
619 2607 1073 2674 ἀναγκαλίζεται.
1121 2607 1376 2659 Δείκνυσι
1402 2607 1511 2676 γὰρ
1550 2609 1630 2659 ὅτι
1659 2609 1783 2670 τοὺς

193 2699 441 2760 ἀκάκους
465 2696 972 2768 προσλαμϐάνεται,
993 2698 1075 2751 διὸ
1102 2699 1196 2750 καὶ
1228 2699 1400 2766 λέγει,
1421 2716 1438 2747 ι
1472 2698 1592 2749 Τῶν
1615 2697 1784 2750 τοιού-

191 2805 307 2841 ειων
343 2789 453 2858 γάρ
507 2789 656 2841 ἐστιν
698 2789 728 2857 ἡ
779 2787 1033 2857 βασιλεία
1077 2787 1173 2840 τοῦ
1202 2788 1360 2840 Θεοῦ.
1410 2806 1429 2838 ι
1484 2787 1651 2858 Ὅρα,
1684 2789 1785 2840 οὐκ

195 2877 345 2942 εἶπε,
388 2878 609 2931 Τούτων
643 2878 753 2946 γάρ
783 2879 931 2931 ἐστιν
961 2879 994 2948 ἡ
1024 2877 1293 2947 βασιλεία,
1322 2877 1457 2930 ἀλλὰ
1477 2877 1586 2930 τῶν
1615 2877 1787 2930 τοιού-

194 2987 330 3034 των,
363 2970 610 3022 τουτέστι
661 2969 771 3022 τῶν
800 2968 1037 3038 ἑχόντων
1068 2969 1128 3031 ἐξ
1174 2968 1458 3034 ἀσκήσεως
1509 2967 1607 3034 τὴν
1649 2970 1787 3021 ἀκα-

196 3063 351 3126 κίαν,
403 3062 471 3133 ἢν
521 3064 589 3116 τὰ
637 3061 826 3114 παιδία
878 3060 1092 3132 ἔχουσιν
1140 3060 1248 3114 ἀπὸ
1287 3061 1522 3130 φύσεως.
1559 3062 1630 3113 Τὸ
1679 3062 1786 3133 γὰρ

197 3154 419 3207 παιδίον
457 3152 582 3206 οῦτε
633 3152 839 3221 φθονεῖ,
875 3150 999 3205 οὕτε
1036 3155 1387 3223 μνησικακεῖ,
1433 3151 1558 3206 οὗτε
1593 3171 1786 3223 μιστιο

1888 2079 2006 2133 quze
2047 2062 2209 2116 etiam
2265 2061 2380 2115 sola
2435 2073 2690 2112 manuum
2747 2055 3096 2124 impositione
3152 2052 3396 2108 benedici
3450 2067 3478 2104 ιι

1885 2155 2104 2210 Christo
2128 2150 2512 2206 existimabant
2542 2149 2750 2217 puellos
2781 2161 2920 2216 quos
2945 2143 3268 2200 offerebant.
3307 2143 3482 2197 Disci-

1889 2247 1996 2316 puli
2033 2262 2160 2300 vero
2196 2246 2480 2315 indignum
2512 2244 2616 2297 hoc
2645 2256 2767 2296 esse
2795 2239 3015 2295 Christo
3048 2237 3480 2300 arbitrabantur,

1886 2338 2028 2408 quod
2071 2336 2222 2405 pueri
2255 2337 2659 2390 adducerentur
2684 2333 2751 2388 ad
2785 2333 2963 2402 ipsum
2992 2350 3007 2386 :
3043 2340 3092 2385 et
3121 2330 3486 2399 prohibebant

1886 2430 2236 2486 adducentes.
2262 2428 2402 2495 Quid
2425 2428 2586 2497 igitur
2603 2423 2976 2492 Ciil‘isl05?,Ui
2996 2424 3187 2477 doceat
3211 2421 3457 2476 humilita
3485 2462 3488 2463 ν

1889 2536 1994 2578 tem
2047 2534 2101 2578 et
2125 2520 2382 2576 mundani
2415 2520 2582 2574 fastus
2603 2527 2999 2586 contemptum,
3028 2515 3147 2570 illos
3169 2524 3224 2569 et
3260 2513 3490 2579 suscipit

1887 2623 1940 2669 et
1961 2612 2099 2668 ulnis
2125 2611 2493 2681 amplectitur.
2521 2607 2774 2664 Ostendit
2803 2607 2948 2662 enim
2974 2607 3119 2676 quod
3140 2606 3418 2673 simplices
3432 2614 3488 2659 et

1888 2706 2206 2760 innocentes
2234 2703 2516 2772 suscipiat,
2563 2702 2792 2770 ideoque
2839 2701 3012 2755 dicit:
3048 2719 3066 2751 ‹
3130 2698 3345 2753 Talium
3398 2711 3487 2754 eet

1890 2797 2035 2851 enim
2071 2810 2294 2867 regnum
2347 2794 2464 2848 Dei.
2519 2813 2537 2845 ι
2585 2791 2743 2855 Vide,
2787 2808 2893 2846 non
2946 2792 3107 2857 dixit,
3147 2791 3352 2846 ﬂorum
3402 2801 3488 2845 est

1887 2889 2031 2944 enim
2058 2902 2283 2957 regnum
2331 2885 2446 2952 Dei,
2478 2883 2596 2948 sed,
2637 2884 2850 2948 talium,
2887 2883 2990 2938 hoc
3021 2894 3126 2948 est,
3175 2898 3362 2938 eorum
3391 2885 3485 2953 qui

1891 2995 1984 3050 per
2031 2978 2481 3035 exercitationem
2528 2976 2899 3030 innocentiam
2950 2975 3267 3045 acquirunt,
3318 2989 3483 3044 quam

1890 3071 2056 3141 puelli
2089 3087 2120 3125 a
2157 3079 2355 3124 natura
2407 3069 2629 3123 habent.
2680 3066 2824 3121 Puer
2862 3068 3008 3122 enim
3042 3081 3220 3137 neque
3255 3067 3482 3132 invidet,

1890 3178 2068 3233 neque
2121 3163 2419 3217 vindictam
2476 3161 2793 3223 meditatur,
2861 3174 3038 3229 neque
3086 3160 3130 3215 si
3178 3159 3486 3228 ﬂagellatur

195 3247 428 3316 ζιμενον
484 3246 635 3316 παρὰ
689 3247 786 3315 τῆς
839 3244 1048 3316 μητρὸς
1095 3244 1413 3313 ἀφίσταται.
1476 3245 1637 3298 Ἀλλὰ
1683 3247 1787 3298 κᾶν

1899 3274 1927 3311 a
1954 3267 2148 3320 matre,
2183 3257 2387 3312 recedit
2415 3269 2430 3309 :
2457 3255 2552 3311 sed
2585 3255 2748 3317 banc,
2778 3253 2944 3308 etiam
2976 3253 3021 3308 si
3050 3261 3230 3307 vestes
3255 3251 3488 3307 detritas

196 3338 375 3408 ρίκια
403 3337 544 3408 αῦτη
589 3341 752 3408 φορῇ,
800 3337 900 3406 τῆς
946 3336 1216 3407 βασιλίδος
1261 3336 1469 3406 ταύτην
1525 3341 1793 3410 προτιμᾷ.

201 3428 370 3482 υῦτω
401 3432 494 3483 καὶ
524 3430 554 3482 ὀ
581 3431 703 3483 κατ’
729 3428 932 3500 ἀρετὴν
965 3429 1094 3494 ζῶν,
1113 3429 1212 3498 τῆς
1246 3431 1450 3498 μητρὸς
1477 3431 1665 3497 αὑτοῦ,
1696 3433 1796 3500 τῆς

210 3519 544 3591 Ἐκκλησίας
590 3519 758 3588 λέγω,
809 3521 964 3574 οὐδὲν
1016 3521 1285 3591 προτιμᾷ,
1337 3521 1458 3573 οὐδὲ
1506 3521 1605 3590 τὴν
1643 3522 1795 3591 βασι-

196 3613 467 3666 λεύουσαν
491 3613 602 3666 τῶν
633 3612 846 3666 πολλῶν
877 3613 1094 3684 ἡδονήν.
1121 3613 1213 3665 Διὸ
1242 3615 1338 3665 καὶ⁵
1367 3613 1793 3680 ἁναγκαλίζεται

193 3708 330 3768 τοὺς
365 3705 640 3768 τοιούτους
678 3705 707 3757 ὁ
743 3705 970 3776 Κύριος,
1025 3705 1221 3773 λέγων·
1270 3723 1290 3755 ‹
1319 3703 1484 3756 Δεῦτε
1522 3706 1661 3775 πρός
1695 3723 1782 3775 με,

197 3800 407 3863 πάντες
445 3799 495 3851 οί
529 3799 830 3861 κοπιῶντες
860 3799 956 3852 καὶ
999 3798 1455 3865 πεφορτισμένοι.
1499 3816 1516 3848 ι
1560 3799 1668 3851 Καὶ
1703 3801 1794 3850 εὑ-

196 3890 374 3960 λογεΐ,
408 3889 605 3958 λέγων·
639 3909 659 3943 ι
695 3889 886 3957 Δεῦτε,
921 3892 972 3943 oi
1024 3890 1381 3959 εὐλογημένοι
1431 3888 1526 3942 τοῦ
1581 3892 1792 3960 Πατρός

200 3999 336 4054 μου.
371 4002 390 4035 ε
435 3983 718 4037 Βασιλείαν
760 3983 815 4036 δὲ
842 3981 935 4036 τοῦ
963 3981 1132 4047 Θεοῦ,
1180 3983 1240 4034 τὸ
1269 3983 1532 4051 κήρυγμα
1569 3985 1664 4035 καὶ
1693 3982 1792 4052 τὴν

193 4073 546 4145 ἐπαγγελίαν
577 4075 687 4128 τῶν
737 4072 960 4143 ἀγαθῶν
993 4071 1232 4126 ἐνταῦθα
1264 4088 1450 4141 φησιν.
1483 4073 1673 4134 Ὅστις
1699 4071 1792 4125 οὖν

196 4166 422 4233 δίενται
454 4167 515 4221 τὸ
547 4168 811 4237 κήρυγμα
840 4165 935 4219 τοῦ
973 4165 1108 4219 Θεοῦ
1149 4165 1248 4228 ὠς,
1273 4163 1506 4229 παιδίον,
1545 4164 1791 4216 τουτέστι

199 4261 376 4332 μηδὲν
415 4259 828 4330 διακρινόμενος
866 4259 1194 4330 ῆάπιστῶν,
1230 4259 1443 4322 ἐκεῖνος
1483 4259 1791 4330 εἰσέρχεται

193 4355 281 4416 είς
330 4351 432 4419 τὴν
483 4351 757 4421 βασιλείαν
802 4351 898 4404 τοῦ
929 4350 1088 4417 Θεοῦ,
1143 4351 1244 4405 καὶ
1292 4353 1370 4416 είς
1416 4353 1484 4406 τὰ
1523 4350 1706 4419 ἀγαθὰ
1755 4350 1791 4404 ἃ.

196 4443 428 4509 ἰδέξατο
451 4443 551 4515 ήδη
583 4446 649 4515 τῇ
683 4444 883 4498 πίστει.

276 4553 298 4587 ε
340 4535 455 4589 Καὶ
504 4535 948 4606 ικπορευομένου
980 4534 1148 4589 αὑτοῦ
1193 4537 1275 4600 είς
1320 4536 1462 4600 ὁδὸν,
1511 4537 1788 4608 προσδρα-

196 4626 326 4700 μὼν
373 4620 478 4691 εἷς,
524 4627 618 4681 καὶ
666 4629 1043 4700 γονυπετήσας
1091 4628 1261 4699 αὐτῷ,
1297 4627 1561 4700 ἐπηρώτα
1609 4630 1795 4684 αὐτόν·

195 4720 512 4777 Διδάσκαλε
538 4720 737 4790 ἀγαθὲ,
770 4721 821 4774 τί
851 4722 1084 4791 ποιήσω.
1119 4720 1208 4775 ῐνα
1235 4721 1383 4790 ζωὴν
1411 4720 1630 4775 αίώνιον
1661 4722 1796 4792 κλης

195 4813 533 4885 ρονομήσως
575 4813 633 4867 Ὀ
654 4813 712 4866 δὲ
757 4813 968 4884 Ἰησοῦς
997 4809 1154 4868 εἶπεν
1183 4812 1339 4885 αὑτῷ
1366 4829 1379 4844 ·
1413 4813 1479 4866 Τί
1510 4830 1578 4884 με
1609 4813 1791 4882 λέγεις

194 4905 417 4975 ἀγαθόν
442 4921 458 4972 ;
500 4905 688 4969 Οὐδεὶς
725 4905 952 4973 ἀγαθὸς,
985 4908 1034 4958 εί
1063 4907 1137 4976 μὴ
1163 4900 1243 4969 εἷς
1273 4908 1303 4960 ό
1334 4905 1488 4970 Θεὸς*
1517 4906 1614 4970 τὰς
1648 4907 1798 4961 ὲντο-

190 4998 294 5062 te;
328 4993 482 5061 οἶδας
504 5014 520 5063 ;
541 4997 634 5067 Μὴ
669 4996 986 5068 μοιχεύσῃς,
1020 4995 1096 5068 μή
1126 4996 1415 5070 φονώσης.
1459 4997 1534 5067 μὴ
1565 4997 1794 5068 κλέψῃς»

195 5092 278 5162 μὴ
331 5088 886 5161 ψευδομαρτυρήσῃς,
941 5090 1017 5158 μὴ
1061 5089 1474 5159 ἀποστερήσῃς.
1506 5089 1655 5158 Τίμα
1700 5087 1792 5142 τὸν

191 5179 428 5251 πατέρα
453 5195 546 5232 σου
597 5181 694 5233 καὶ
721 5181 821 5250 τὴν
863 5180 1081 5251 μητέρα
1111 5196 1230 5234 σου.
1271 5179 1334 5235 ‘0
1363 5179 1420 5232 δὲ
1449 5179 1791 5250 ἀποκριθεὶς,

191 5267 555 5340 εἷπεναύτῷ·
587 5269 911 5335 Διδάσκαλε,
935 5272 1110 5325 ταῦτα
1137 5271 1320 5326 πάντα
1339 5271 1699 5342 ἐφυλαξάμην
1730 5273 1796 5325 ὲκ

191 5362 465 5432 νεότητός
499 5379 624 5430 μου.
671 5363 730 5416 ’0
773 5363 832 5417 δὲ
878 5362 1087 5431 Ἰησοῦς
1121 5363 1404 5433 ἐμϐλέψας
1457 5362 1627 5432 αὐτῷ,
1656 5363 1799 5433 ἠγά-

193 5439 384 5524 πηοεν
438 5453 622 5542 αὐτὸν)
670 5457 766 5507 καὶ
819 5448 977 5507 εἶπεν
1021 5453 1172 5524 αὕτῷ
1204 5469 1218 5483 °
1248 5454 1348 5507 'Ev
1406 5471 1489 5507 σοι
1551 5454 1793 5527 ὑστερεῖ,

190 5544 418 5614 ὕπαγε,
462 5543 566 5598 ὅσα
611 5542 757 5614 ἔχεις
801 5543 1078 5614 πώλησον,
1125 5546 1220 5598 καὶ
1265 5544 1355 5606 δὸς
1395 5547 1653 5614 πτωχοῖς,
1701 5545 1798 5598 καὶ

192 5641 348 5707 ἕξεις
379 5635 658 5707 θησαυρὸν
684 5638 743 5690 ιν
774 5636 1012 5707 οὐρανῷ,
1042 5638 1139 5692 καὶ
1161 5636 1328 5710 δεῦρο
1365 5636 1651 5692 ἀκολούθει
1681 5653 1794 5708 μοι,

193 5734 346 5804 ἄρας
379 5729 479 5784 τὸν
516 5728 770 5800 σταυρόν.
818 5731 878 5784 '0
930 5730 998 5784 δὲ
1026 5730 1336 5799 στυγνάσας
1367 5731 1462 5784 ἐπὶ
1495 5729 1575 5800 τῷ
1610 5729 1754 5798 λόγῳ
1779 5768 1794 5792 ,

191 5820 422 5895 suam
455 5819 818 5891 λυπούμενος.
845 5816 914 5893 ἦν
939 5820 1051 5893 γὰρ
1081 5820 1219 5891 ἔχων
1253 5823 1514 5891 κτήματα
1545 5819 1738 5874 πολλὰ.
1770 5837 1786 5871 ι

192 5915 364 5980 Τινδς
396 5911 747 5970 διαϐάλλουσι
781 5912 872 5968 τὸν
915 5913 1200 5969 νεανίσκον
1247 5911 1458 5981 τοῦτον,
1505 5913 1581 5977 ὡς
1625 5910 1794 5966 ὓπου-

1903 3350 2064 3415 ferat,
2104 3351 2302 3417 reginae
2362 3347 2598 3415 praefert.
2639 3348 2730 3402 Sic
2756 3349 2825 3417 let
2854 3347 2948 3416 qui
2983 3345 3277 3401 virtutibus
3308 3355 3486 3411 vacat,

1901 3444 2059 3496 matri
2091 3457 2225 3504 sum,
2261 3441 2516 3495 Ecclesia:
2565 3440 2708 3504 dico,
2747 3455 2922 3509 neque
2967 3438 3319 3508 voluptatem.
3366 3454 3488 3507 qua:

1899 3534 2084 3588 multis
2136 3536 2387 3602 imperat,
2423 3547 2601 3601 neque
2635 3531 2914 3601 quippiam
2973 3530 3212 3600 prefert.
3251 3529 3378 3585 Ideo
3432 3532 3486 3582 in

1898 3627 2053 3681 ulnas
2080 3628 2213 3680 tales
2249 3624 2678 3693 suscipitJesus,
2712 3626 2942 3679 dicens:
2985 3641 3004 3674 ι
3035 3622 3230 3678 Venite
3274 3623 3340 3675 ad
3377 3637 3487 3688 ιιιρ,

1895 3735 2086 3774 omnes
2118 3721 2209 3788 qui
2243 3719 2502 3774 laboratis
2544 3727 2597 3773 et
2619 3720 2830 3772 onerati
2863 3719 3040 3784 estis;
3068 3735 3086 3768 ι
3118 3726 3172 3771 et
3215 3715 3488 3770 benedicit

1897 3815 2084 3866 dicens
2121 3831 2135 3866 ι
2171 3830 2191 3863 ι
2226 3811 2415 3867 Venite
2439 3850 2455 3876 ,
2481 3810 2749 3866 benedicti
2790 3809 2973 3864 Patris
3016 3808 3142 3862 mei.
3179 3825 3197 3858 ι
3240 3807 3486 3877 Regnum

1896 3913 2074 3957 autem
2115 3904 2227 3966 Dei,
2264 3903 2706 3972 praedicationem
2756 3911 2811 3956 et
2856 3899 3278 3971 promissionem
3314 3899 3486 3953 bouu-

1897 4012 2014 4049 rum
2045 3997 2131 4050 hic
2167 3997 2316 4051 dicit.
2354 3995 2807 4066 Quisquis'igitur
2833 3993 3109 4063 acceperit
3141 3992 3490 4060 praedicatio-

1898 4105 2018 4144 nem
2055 4088 2151 4144 Dei
2194 4089 2338 4144 sicut
2368 4104 2524 4159 puer,
2561 4104 2666 4142 non
2701 4087 3013 4157 dijudicans
3039 4086 3124 4140 vel
3146 4085 3488 4146 discredens,

1895 4181 1984 4238 ille
2031 4184 2334 4252 ingreditur
2362 4186 2422 4242 in
2445 4198 2678 4253 regnum
2700 4181 2792 4236 Dei
2859 4190 2914 4235 et
2938 4181 2993 4234 in
3029 4183 3170 4248 bona
3205 4193 3327 4250 quae
3375 4177 3489 4246 jam

1899 4273 2004 4330 [ide
2052 4257 2312 4346 suscepit.

1967 4522 2135 4580 Vens.
2189 4523 2372 4581 17-22.
2412 4543 2430 4577 ι
2488 4523 2554 4577 Et
2603 4538 2725 4578 eum
2761 4522 2937 4578 exiret
2986 4524 3040 4578 in
3095 4519 3263 4588 viam,
3325 4519 3498 4594 224
3565 4590 3571 4600 ¹

1821 4609 2141 4671 Daccurrit
2165 4619 2407 4688 quidam,
2444 4631 2509 4671 ac
2552 4631 2726 4686 genua
2758 4614 2906 4671 ﬂexit
2950 4614 3050 4682 illi,
3090 4624 3146 4671 et
3178 4615 3490 4686 interroga-

1902 4710 1993 4763 bat
2020 4725 2189 4764 eum:
2234 4708 2544 4778 Prmeeptor
2595 4710 2758 4773 bone,
2791 4709 2920 4778 quid
2971 4707 3168 4764 faciam
3216 4718 3274 4762 ut
3323 4711 3492 4763 vitam

1897 4811 2154 4858 aeternam
2191 4803 2492 4872 possideam
2516 4801 2545 4854 ‘l‘
2567 4799 2728 4856 Jesus
2757 4811 2938 4856 autem
2967 4803 3105 4856 dixit
3129 4801 3204 4856 illi
3229 4818 3243 4856 :
3265 4801 3376 4856 Cur
3402 4817 3489 4855 me

1898 4894 2035 4950 dicis
2060 4891 2294 4948 bonum?
2330 4892 2498 4947 Nemo
2525 4893 2720 4956 bonus,
2753 4894 2857 4947 nisi
2896 4909 3056 4956 unus,
3093 4907 3289 4962 nempe
3322 4893 3488 4962 Deus.

1899 4986 2171 5056 Praecepta
2204 4984 2386 5039 nosti?
2417 4984 2494 5040 Ne
2522 4983 2835 5038 committas
2860 4984 3214 5046 adulterium,
3243 4998 3315 5039 ne
3342 4985 3491 5038 occi-

1899 5078 2020 5141 das,
2056 5090 2122 5129 ne
2165 5069 2387 5140 (ureris,
2435 5088 2501 5128 ne
2553 5073 2753 5129 falsum
2786 5073 3159 5129 testimonium
3209 5074 3381 5139 dicas,
3418 5089 3488 5128 ne

1896 5167 2137 5231 fraudes.
2173 5168 2380 5223 honora
2412 5179 2621 5237 patrem
2653 5174 2807 5220 tuum
2842 5174 2899 5220 et
2945 5174 3178 5221 matrem
3212 5175 3380 5220 tuam.
3417 5167 3488 5220 At

1896 5261 1987 5315 ille
2047 5261 2382 5331 respondens
2428 5260 2564 5314 dixit
2615 5257 2735 5314 illi:
2767 5257 3102 5328 Praeceptor,
3139 5258 3257 5314 haec
3303 5259 3485 5314 omnia

1896 5351 2105 5407 servavi
2159 5352 2233 5406 ab
2261 5349 2626 5405 adolescentia
2664 5363 2808 5403 mea.
2842 5347 3000 5402 Jesus
3027 5358 3207 5404 autem
3257 5349 3491 5404 intuitus

1895 5444 2069 5510 illum.
2105 5445 2295 5500 dilexit
2327 5459 2482 5508 eum,
2528 5453 2584 5499 et
2620 5441 2760 5497 dixit
2783 5443 2858 5498 illi
2891 5461 2905 5498 :
2939 5443 3120 5500 Unum
3170 5443 3267 5497 tibi
3300 5444 3489 5508 deest;

1900 5541 2010 5598 abi.
2045 5552 2386 5608 quacunque
2417 5536 2586 5592 babes
2621 5536 2818 5600 vende,
2859 5546 2918 5592 et
2946 5541 3012 5591 da
3054 5537 3386 5606 pauperibus
3435 5543 3492 5589 et

1900 5631 2124 5686 habebis
2173 5631 2487 5684 thesaurum
2525 5629 2578 5684 in
2631 5629 2792 5692 caelo,
2845 5638 2900 5683 et
2942 5628 3066 5684 veni
3119 5642 3349 5697 sequere
3382 5641 3489 5690 me,

1900 5723 2116 5781 sublata
2149 5723 2200 5776 in
2239 5723 2500 5777 humeros
2535 5735 2718 5775 cruce.
2749 5720 2819 5774 At
2847 5720 2938 5773 ille
2980 5719 3229 5773 molestia
3263 5716 3492 5773 aﬂectus

1900 5830 1997 5885 per
2030 5828 2361 5875 sermonem.
2396 5812 2708 5868 discedebat
2760 5823 3039 5877 maerens;
3079 5809 3314 5863 habebat
3345 5809 3493 5862 enim

1899 5908 2274 5980 possessiones
2326 5905 2550 5961 multas.
2613 5923 2630 5956 ι
2677 5903 2905 5970 Quidam
2933 5911 3120 5958 taxant
3170 5901 3496 5959 adolescen-
