4022 6532
623 446 730 510 599

1517 446 2084 508 THEOPHYLACTI
2128 445 2538 508 BULGARl/B
2574 443 2925 507 ARCHIEP.

3748 439 3844 503 680

625 574 732 619 tem
762 561 909 618 illum
939 573 990 619 et
1016 560 1300 622 subdolum
1342 571 1395 618 et
1432 561 1629 616 malum
1662 572 1711 616 et
1745 571 2086 615 tentatorem.
2137 563 2172 616 Α

2307 561 2397 614 λον
2425 577 2544 614 τινα
2581 561 2674 613 καὶ
2707 557 2945 628 πονηρὸν
2973 555 3066 608 καὶ
3116 554 3490 624 πειραστικόν.
3525 553 3642 608 Οὐκ
3676 551 3785 606 εστι
3809 555 3861 609 ιι

625 668 730 710 non
760 653 833 708 ita
862 667 921 707 se
955 667 1040 707 res
1069 652 1254 717 habet,
1285 653 1376 706 sed
1413 654 1628 706 amabat
1659 652 1898 716 divitias,
1935 667 2039 704 non
2077 663 2197 705 ten-

2305 652 2482 707 τοῦτο·
2515 651 2651 704 ἀλλὰ
2691 649 3098 719 φιλοχρήματος
3129 646 3227 717 μὲν
3256 648 3284 699 6
3311 645 3625 715 ἄνθρωπος,
3656 645 3717 698 οὐ
3755 662 3862 697 πει-

623 746 787 799 labat.
820 743 958 796 Audi
994 744 1138 798 enim
1171 743 1577 813 evangelistam,
1619 745 1760 811 quod
1792 760 1913 797 cum
1967 744 2164 796 intuitu

2307 742 2506 811 ραστὴς
2560 742 2638 794 δέ.
2710 741 2903 792 Ἀκουε
2965 739 3074 809 γὰρ
3143 737 3238 790 τοῦ
3308 736 3730 805 εὐαγγελιστοῦ,
3787 737 3858 789 ὃτι

619 843 763 888 esset
794 849 916 887 eum
949 832 1127 899 Iesus,
1162 834 1407 888 dilexerit
1463 833 1633 886 illum.
1675 832 1854 898 Quare
1899 835 2060 902 igitur
2119 836 2172 888 sit

2299 834 2573 901 ἐμδλέψας
2622 831 2770 901 αὖτῷ
2840 833 2868 883 6
2901 830 3128 901 Ἰησοῦς,
3154 830 3443 898 ἠγάπησεν
3489 829 3677 882 αὐτόν.
3711 829 3854 881 Διατί

620 926 896 993 respondit
919 926 964 978 ei
984 923 1235 978 Christus
1255 925 1440 978 dicens
1472 942 1484 977 :
1519 923 1703 978 Nullus
1731 926 1942 978 bonus?
1967 923 2099 988 Quia
2132 944 2172 974 at

2297 921 2389 977 οὗν
2419 926 2559 977 οὕτω
2587 925 2719 992 πρὸς
2756 925 2916 977 αὐτὸν
2943 923 3277 991 ἀπεκρίνατο
3305 924 3332 974 6
3360 922 3615 991 Χριστὸς,
3652 922 3849 988 λέγων·

627 1019 803 1085 ipsum
870 1025 1171 1071 accesserat
1226 1026 1478 1084 tanquam
1541 1019 1606 1070 ad
1665 1019 1960 1080 hominem,
2020 1028 2072 1071 et
2123 1017 2188 1069 ad

619 1125 781 1162 ttnttm
817 1124 879 1163 ex
920 1109 1214 1178 magistris.
1259 1108 1446 1161 Dicere.
1483 1110 1625 1162 enim
1663 1109 1771 1162 vult
1801 1110 2047 1164 Christus
2078 1127 2090 1162 :
2128 1109 2184 1162 Si

617 1199 831 1266 quidem
863 1206 920 1251 ut
943 1197 1256 1264 magistrum
1314 1208 1468 1266 putas
1499 1215 1583 1250 me
1605 1212 1720 1251 esse
1756 1200 1976 1264 bonum,
2014 1201 2187 1254 nullus

618 1289 778 1343 homo
813 1288 1003 1353 bonus,
1037 1289 1081 1342 si
1122 1304 1240 1341 cum
1287 1288 1393 1341 Deo
1453 1289 1781 1350 conferatur,
1815 1292 1894 1343 sin
1929 1301 1982 1343 ut
2021 1291 2185 1344 Deum

616 1395 704 1434 me
741 1380 936 1434 bonum
972 1395 1089 1434 esse
1128 1394 1334 1443 censes,
1383 1379 1509 1447 quid
1551 1381 1715 1449 igitur
1756 1383 2067 1449 magistrum
2104 1396 2189 1435 me

2295 1018 2485 1080 Οὐδεὶς
2527 1016 2764 1083 άγαθὸςς
2826 1017 3046 1085 Ἐπειδὴ
3097 1015 3172 1077 ὡς
3226 1013 3498 1084 ἀνθρώπῳ
3554 1014 3855 1085 προσῆλθε,

2295 1112 2388 1163 καὶ
2437 1109 2512 1173 ὡς
2561 1111 2640 1162 ἐνὶ
2692 1108 2798 1160 τῶν
2859 1107 3070 1160 πολλῶν
3113 1107 3470 1160 διδασκάλων.
3534 1107 3709 1158 Τοῦτο
3763 1109 3859 1176 γὰρ

2292 1201 2441 1267 λέγει
2478 1202 2506 1252 6
2535 1199 2766 1268 Χριστός
2792 1215 2803 1227 ·
2855 1198 2981 1250 Ἐὰν
3013 1197 3113 1266 μὲν
3141 1197 3214 1258 ὡς
3260 1196 3578 1249 διδάσκαλον
3628 1195 3857 1263 νομίζεις

2293 1311 2359 1361 με
2402 1291 2538 1346 εἶναι
2564 1291 2784 1360 άγαθδν,
2821 1292 2996 1352 οὐδεὶς
3025 1290 3310 1358 ἄνθρωπος
3352 1288 3579 1355 ἀγαθὸς,
3622 1288 3700 1349 ῶς
3735 1289 3859 1356 πρὸς

2291 1385 2577 1451 σύγκρισιν
2609 1383 2701 1435 τοῦ
2722 1381 2875 1434 Θεοῦ’
2905 1381 3000 1434 ἐὰν
3030 1380 3086 1433 δὲ
3114 1379 3189 1442 ὼς
3206 1381 3337 1432 Θεὸν
3361 1379 3603 1448 νομίζεις
3638 1395 3703 1447 με
3730 1374 3856 1430 εἶναι

620 1471 820 1526 vocas?
852 1469 914 1523 Et
946 1471 1015 1523 ita
1045 1471 1221 1524 verbis
1258 1472 1378 1525 istis
1407 1469 1656 1525 Christus
1689 1482 1920 1526 mentem
1955 1473 2172 1526 hominit

2288 1474 2508 1541 ἀγαθὸν,
2556 1474 2607 1526 τί
2639 1474 2822 1526 λοιπὸν
2871 1471 3192 1525 διδάσκαλόν
3239 1488 3302 1541 με
3335 1470 3666 1537 ὀνομάζειςς
3702 1468 3853 1520 Ὥστε

617 1564 759 1617 illius
795 1561 1161 1617 sublimiorem
1215 1561 1437 1616 reddere
1484 1562 1618 1623 vult,
1669 1571 1723 1615 ιιι
1770 1563 1884 1631 ipse
1934 1574 2166 1632 tanquau

2287 1567 2444 1622 τοῦτο
2473 1569 2560 1620 διὰ
2600 1568 2704 1620 τῶν
2741 1566 3002 1637 ῥημάτων
3047 1565 3253 1616 τούτων
3282 1564 3309 1615 6
3341 1562 3580 1630 Χριστὸς
3613 1561 3855 1629 βούλεται

615 1656 755 1707 Deus
805 1663 1147 1722 agnoscatur.
1204 1651 1308 1706 Sed
1359 1662 1414 1706 et
1453 1652 1595 1707 aliud
1642 1653 1897 1721 quiddam
1944 1655 2172 1722 corrigit

2285 1659 2366 1724 τὸ,
2400 1659 2734 1730 ὑψηλοτέραν
2762 1658 2983 1726 ποιῆσαι
3013 1656 3112 1726 τὴν
3144 1653 3238 1707 τοῦ
3269 1653 3562 1723 ἀνθρώπου
3600 1654 3854 1716 διάνοιαν,

614 1747 852 1799 ducendo
883 1746 1030 1799 illum
1063 1759 1129 1798 ne
1173 1745 1420 1798 aduletur
1450 1745 1531 1799 his
1562 1759 1681 1796 cum
1723 1745 1920 1814 quibus
1957 1761 2172 1799 conver-

2289 1753 2423 1821 πρὸς
2454 1752 2513 1804 τὸ
2542 1751 2838 1819 ἐπιγνῶναι
2882 1749 3042 1802 αὑτὸν
3081 1750 3156 1810 ὼς
3206 1746 3359 1800 Θεόν.
3415 1744 3574 1798 Ἀλλά
3620 1747 3713 1797 καὶ
3743 1744 3857 1797 άλλο

612 1847 828 1890 saturus
856 1845 957 1899 est,
997 1837 1089 1890 scd
1143 1836 1377 1890 radicem
1415 1834 1723 1904 fontemque
1764 1837 2019 1890 benitatis
2045 1839 2172 1890 sciat

2289 1835 2343 1897 τί
2394 1843 2671 1913 κατορθοῖ,
2732 1842 2792 1894 τὸ
2842 1840 3046 1903 διδάξαι
3095 1838 3280 1901 αὐτὸν,
3343 1837 3473 1890 ὅταν
3532 1837 3641 1887 τινὶ
3699 1835 3856 1904 μέλλῃ

614 1928 802 1989 Deum,
856 1930 938 1980 cui
991 1927 1163 1980 honor
1196 1927 1510 1979 tribuendus
1558 1937 1658 1978 est.
1707 1927 1959 1981 Admiror
2003 1938 2172 1979 auten:

2285 1935 2561 2006 ὁμιλῆσαι,
2593 1935 2666 2003 μὴ
2698 1931 3102 1992 κολακευτικῶς
3137 1929 3365 1998 ὁμιλεῖν,
3394 1927 3531 1980 ἀλλὰ
3566 1926 3668 1995 τὴν
3708 1925 3854 1996 ῥίζαν

609 2015 1036 2080 adolescentem,
1085 2017 1225 2086 quod
1273 2031 1392 2069 cum
1427 2016 1514 2068 alii
1550 2017 1787 2084 plerique
1821 2017 2172 2070 sanandorum

2285 2028 2376 2078 καὶ
2401 2025 2498 2095 τὴν
2527 2025 2709 2093 πηγὴν
2737 2023 2833 2092 τῆς
2863 2021 3217 2088 άγαθότητος.
3240 2019 3436 2070 ειδέναι
3461 2015 3554 2068 τὸν
3587 2015 3744 2076 Θεὸν,
3774 2014 3857 2066 καὶ

611 2115 922 2165 morborum
954 2115 1122 2181 gratia
1157 2113 1525 2176 accesserint,
1559 2112 1644 2166 ille
1679 2111 1801 2165 vita:
1830 2122 2043 2164 aeterna:
2073 2110 2181 2163 lue-

613 2204 891 2256 teditatem
944 2203 1242 2272 quaesierit,
1302 2204 1513 2258 tametsi
1561 2203 1878 2272 gravissimo
1933 2203 2176 2256 avaritia:

610 2297 795 2350 morbo
825 2303 1130 2349 teneretur:
1163 2305 1380 2364 propter
1401 2295 1541 2363 quod
1567 2311 1685 2348 cum
1713 2295 1976 2358 audisset,
2011 2293 2173 2359 Vade,

613 2387 800 2450 vende,
826 2397 880 2441 et
908 2389 969 2440 da
994 2387 1339 2456 pauperibus,
1371 2386 1503 2438 abiit
1525 2386 1741 2440 tristitia
1770 2385 2011 2440 allectus.
2049 2385 2178 2440 Vide

607 2488 787 2532 autem
811 2478 951 2546 quod
975 2493 1081 2533 nou
1106 2480 1321 2542 dixerit,
1360 2477 1526 2542 Vade,
1561 2487 1614 2530 et
1636 2492 1966 2546 quaecunque
1991 2478 2174 2541 habes,

607 2571 964 2641 particulatim
1014 2569 1205 2632 vende,
1236 2579 1288 2622 et
1315 2569 1380 2623 da
1407 2588 1418 2624 :
1455 2574 1574 2632 sed,
1606 2570 1786 2624 Vende
1810 2570 1996 2633 semel,
2031 2580 2083 2622 et
2110 2571 2172 2622 da

611 2665 955 2732 pauperibus,
991 2664 1184 2730 inquit,
1218 2663 1310 2716 sed
1350 2677 1454 2715 non
1487 2661 1860 2714 adulatoribus
1895 2671 1947 2715 et
1982 2663 2175 2714 intem-

607 2755 828 2824 peratis.
861 2753 1085 2821 Insuper
1110 2763 1162 2806 et
1185 2754 1282 2806 hoc
1313 2753 1476 2806 dicit:
1510 2749 1663 2815 Veni,
1685 2765 1912 2818 sequere
1945 2766 2047 2815 me,
2076 2751 2174 2804 hoc

606 2856 710 2909 est,
759 2855 812 2900 et
858 2859 1072 2900 omnem
1123 2845 1282 2896 aliam
1340 2843 1592 2895 virtutem
1640 2840 1970 2907 amplexare.
2029 2840 2174 2893 Multi

604 2939 746 2992 enim
779 2949 1040 3004 pauperes
1064 2946 1209 2998 sunt,
1245 2934 1338 2988 sed
1377 2947 1482 2987 non
1515 2931 1744 2985 humiles
1779 2950 1790 2983 :
1823 2931 1903 2983 vel
1935 2930 2034 2982 etsi
2074 2931 2169 2982 bu-

607 3026 782 3089 miles,
817 3041 918 3080 non
955 3036 1131 3078 tamen
1162 3023 1349 3086 sobrii,
1375 3021 1468 3075 sed
1499 3021 1657 3082 ebrii,
1699 3020 1779 3074 vel
1807 3020 1910 3072 alio
1935 3021 2167 3088 quodam

605 3116 744 3172 malo
778 3117 1042 3186 impliciti.
1074 3111 1139 3169 Et
1170 3123 1450 3184 propterea
1488 3113 1747 3166 Dominus
1778 3113 1938 3166 dicit:
1968 3113 2167 3174 Vende,

605 3218 660 3263 et
688 3209 754 3263 da
802 3208 1153 3278 pauperibus,
1203 3214 1257 3260 et
1303 3218 1531 3273 sequere
1577 3219 1681 3268 me,
1724 3205 1935 3257 sublata
1990 3219 2168 3268 cruce,

607 3301 709 3352 hoc
757 3310 858 3360 est,
893 3304 1190 3364 praeparato
1227 3296 1398 3363 teipse
1426 3309 1525 3363 pro
1572 3309 1655 3347 me
1704 3295 1768 3347 ad
1806 3303 2055 3348 mortem.
2106 3295 2176 3346 At

604 3389 710 3452 hic.
744 3399 968 3442 minatus
1027 3387 1095 3441 ob
1141 3400 1447 3441 sermonem
1502 3385 1674 3448 illum,
1727 3386 1878 3440 abiit.
1931 3385 2173 3439 Habebat

601 3477 1148 3546 ettim,possessiones
1173 3477 1387 3532 multas.
1414 3475 1521 3532 Nec
1545 3479 1746 3531 frustra
1779 3478 2001 3541 addidit,
2038 3477 2172 3529 mul-

607 3579 735 3624 tas:
778 3585 884 3623 non
914 3571 1055 3623 enim
1091 3570 1340 3624 similiter
1387 3569 1671 3640 alligantur
1715 3571 1767 3624 hi
1815 3571 1906 3638 qtti
1949 3577 2171 3624 multum

603 3672 657 3715 et
693 3663 744 3716 hi
786 3663 878 3731 qui
929 3677 1116 3730 parum
1170 3663 1464 3731 possident.
1514 3661 1787 3718 Difﬁcilius
1820 3664 1965 3718 enim
2009 3678 2173 3731 expe-

546 3805 548 3807 ,
603 3757 825 3808 diuntur
854 3754 1067 3808 vincula
1104 3769 1289 3808 eorum
1324 3756 1413 3824 qui
1449 3755 1613 3808 multa
1644 3757 1937 3822 possident.
1973 3754 2170 3808 Verum

604 3857 658 3900 et
684 3846 726 3898 si
769 3848 890 3914 quis
935 3845 1252 3900 adolescens
1283 3844 1446 3900 fuerit
1487 3845 1706 3914 juvenili
1743 3862 1806 3900 ac
1849 3846 1950 3900 levi
1986 3861 2168 3909 sensu,

604 3946 658 3990 et
691 3937 826 3990 male
868 3936 1166 4005 composita
1211 3947 1416 4003 mente,
1449 3937 1644 3992 vendat
1679 3938 1840 4008 325
1893 3937 2170 3994 facultates

604 4038 750 4088 suas,
785 4031 967 4092 utpote
999 4025 1132 4079 iram
1165 4035 1219 4078 et
1260 4026 1773 4096 concupiscentiam,
1815 4034 1868 4082 et
1903 4043 2169 4096 quacun—

599 4129 706 4183 que
740 4129 802 4168 οι
841 4114 924 4170 bis
972 4117 1112 4169 mala
1162 4115 1446 4184 pullulant,
1504 4126 1557 4171 et
1607 4119 1696 4170 det
1741 4133 1801 4172 ea
1852 4133 1915 4172 ac
1955 4117 2170 4186 abjiciat

603 4205 948 4274 pauperibus,
1011 4205 1111 4259 hoc
1167 4215 1250 4260 est
1303 4206 1634 4264 damonibus
1669 4221 1971 4275 :pauperes
2028 4209 2167 4261 enim

603 4307 729 4349 sunt
788 4297 1039 4364 ouudque
1091 4297 1285 4365 privati
1318 4301 1476 4362 bono,
1528 4307 1581 4352 et
1617 4300 1932 4352 exciderunt
1969 4300 2168 4354 divitiis

602 4388 862 4443 bonitatis
902 4388 1029 4442 Dei:
1067 4399 1120 4442 et
1146 4397 1272 4442 tunc
1297 4397 1552 4457 sequatur
1579 4388 1877 4444 Christum.
1909 4389 2042 4442 Nam
2075 4392 2166 4460 qtti

602 4477 814 4531 divitias
846 4487 1191 4547 peccatorum
1218 4477 1553 4533 dzentonibus
1581 4478 1856 4543 obiecerit,
1894 4480 2042 4547 sequi
2073 4496 2166 4550 po-

2283 2116 2430 2184 αὺτῴ
2469 2116 2567 2176 τὰς
2607 2116 2768 2184 τιμὰς
2814 2112 3127 2180 ἀναφέρειν.
3169 2109 3452 2178 Θαυμάζω
3481 2107 3538 2160 δὲ
3569 2106 3663 2158 τὸν
3693 2105 3856 2158 νεανί-

2283 2226 2410 2260 σκον
2447 2209 2654 2271 τοῦτον,
2684 2208 2764 2259 ὅτι
2800 2205 2908 2258 τῶν
2961 2204 3136 2258 ἄλλων
3170 2203 3425 2254 ἁπάντων
3459 2201 3588 2268 περὶ
3621 2198 3857 2265 νοσημά-

2279 2317 2386 2352 των
2443 2296 2737 2366 Θεραττείας
2784 2295 3143 2364 προσιόντων,
3203 2290 3364 2351 αὐτὸς
3437 2287 3586 2356 ζωῆς
3639 2288 3856 2340 αἰωνίου

2280 2387 2643 2458 κληρονομίαν
2677 2386 2848 2454 ζητεῖ,
2893 2387 2938 2437 εί
2980 2385 3073 2436 καί
3114 2382 3271 2435 πάθει
3300 2381 3593 2448 δεινοτάτῳ
3637 2382 3704 2448 τῇ
3741 2379 3856 2446 φιλ-

2279 2478 2517 2548 αργυρία
2565 2478 2869 2545 κατείχετο,
2919 2475 2986 2526 δι’
3043 2475 3106 2542 ἡν
3154 2472 3415 2532 ἀκούσας,
3469 2471 3712 2537 ⁸Υπαγε.
3748 2471 3857 2522 πώο

2277 2570 2459 2639 λησον,
2489 2569 2579 2620 val
2625 2567 2712 2628 δὸς
2750 2568 3008 2634 πτωχοῖς,
3053 2562 3261 2631 ἀπῆλθε
3300 2560 3662 2629 λυπούμενος.
3721 2562 3856 2630 ’Ὅρα

2276 2661 2350 2718 δὲ.
2403 2660 2501 2712 οὐκ
2542 2657 2714 2721 εἶπεν,
2763 2657 3108 2723 ὄτι”ὶ⁴παγε,
3141 2657 3240 2708 ὅσα
3293 2654 3436 2723 ἔχεις
3488 2654 3659 2705 πώλει
3719 2653 3854 2704 κατὰ

2281 2751 2446 2820 μέρος
2484 2751 2575 2801 καὶ
2601 2749 2768 2811 δίδου,
2804 2748 2939 2800 ἀλλὰ
2981 2747 3232 2813 πώλησον
3278 2745 3383 2798 ἀπὸ
3419 2746 3571 2813 μιᾶς,
3611 2746 3706 2796 καὶ
3750 2744 3852 2805 δὺς,

2275 2841 2410 2895 ἀλλὰ
2444 2842 2698 2909 ⁶πτωχοῖς,
2731 2840 2868 2891 ἀλλὰ
2925 2839 2998 2907 μὴ
3026 2836 3214 2901 κόλαξι
3264 2839 3354 2890 καὶ
3399 2835 3653 2898 ἀσώτοις.
3701 2835 3854 2887 Ἀλλὰ

2277 2932 2365 2984 καὶ
2397 2930 2589 3000 δεῦρο,
2629 2929 2911 2983 ἀκολούθει
2949 2947 3058 2998 μοι,
3095 2929 3364 2991 τουτέστι,
3442 2929 3537 2981 καὶ
3562 2928 3660 2997 τὴν
3692 2928 3856 2994 άλλην

2275 3024 2491 3076 ἃπασαν
2524 3023 2723 3091 ἀρετὴν
2759 3022 3004 3089 μέτελθε.
3041 3021 3232 3073 Πολλοὶ
3265 3022 3375 3091 γάρ
3410 3022 3723 3090 άκτήμονες
3759 3021 3856 3088 μέν

2275 3114 2432 3176 εἰσιν,
2461 3114 2519 3164 οὑ
2551 3112 2974 3180 ταπεινόφρονες
3002 3112 3080 3172 δὲ.
3105 3113 3136 3184 ἢ
3165 3114 3258 3165 καὶ
3283 3112 3711 3182 ταπεινόφρονες
3738 3112 3853 3180 μιν,

2277 3203 2409 3255 ἀλλὰ
2449 3202 2733 3271 μέθυσοιῆ
2781 3202 2907 3253 ἄλλο
2956 3219 3006 3254 τι
3054 3203 3223 3255 κακὸν
3275 3202 3512 3273 ἔχοντες.
3557 3202 3660 3253 Διά
3701 3202 3857 3253 τοῦτο

2277 3294 2368 3348 οὖν
2395 3297 2423 3347 ό
2454 3294 2653 3363 Κύριος
2682 3294 2851 3361 λέγει’
2889 3293 3166 3364 Πώλησον,
3205 3296 3299 3346 καὶ
3337 3294 3424 3356 δὶς
3472 3295 3733 3365 πτωχοῖς,
3768 3295 3856 3344 καὶ

2276 3383 2559 3438 ἀκολούθει
2603 3400 2728 3453 μοι,
2776 3385 2912 3453 άρας
2957 3384 3050 3436 τὸν
3101 3385 3350 3454 σταυρὸν,
3394 3384 3669 3445 τουτέστι,
3720 3384 3856 3454 πρὸς

2276 3477 2504 3529 θάνατον
2533 3475 2623 3528 τὸν
2655 3475 2795 3546 ὑπὲρ
2827 3474 2960 3542 ἐμοῦ
3005 3476 3301 3544 ἑτοιμάσας
3350 3475 3601 3528 σεαυτόν.
3673 3476 3732 3528 '0
3774 3475 3852 3538 δὲ,

2277 3568 2583 3636 στυγνάσας
2625 3568 2718 3621 ἐπὶ
2763 3567 2840 3637 τῷ
2875 3569 3036 3636 λόγῳ,
3087 3568 3351 3637 ἀπῆλθεν.
3390 3563 3503 3621 Ἤν
3554 3569 3666 3637 γὰρ
3717 3569 3856 3637 ἔχων

2276 3662 2525 3729 κτήματα
2558 3662 2728 3714 πολλὰ
2762 3678 2776 3692 θ
2815 3661 2878 3714 οὐ
2936 3662 3111 3730 μάτην
3142 3660 3199 3714 δὲ
3233 3661 3554 3730 πρόσκειται
3588 3660 3746 3713 τοῦτο
3774 3658 3854 3722 τὸ,

2275 3752 2464 3804 πολλά.
2495 3754 2605 3805 Kal
2639 3751 2745 3821 γὰρ
2768 3751 2864 3820 οὐχ
2889 3752 3089 3819 ὁμοίως
3119 3752 3228 3803 οἵτε
3263 3751 3432 3804 πολλὰ
3463 3751 3704 3821 ἔχοντες,
3739 3753 3854 3804 οῖτε

2273 3845 2430 3911 ὀλίγα
2450 3845 2790 3913 κατέχονται,
2818 3844 2953 3898 ἀλλὰ
2974 3845 3250 3916 δεινότερα
3268 3846 3362 3898 καὶ
3385 3846 3444 3898 δυ
3455 3845 3855 3916 σδιαλυτώτερα

2273 3937 2340 3988 τὰ
2365 3937 2538 4002 δεσμά
2565 3937 2670 3989 τῶν
2709 3935 2922 3989 πολλῶν
2972 3938 3288 4007 κτημάτων.
3344 3937 3506 3990 ’Δλλὰ
3543 3938 3651 3991 κᾶν
3677 3937 3859 3990 νεανί-

2275 4044 2400 4089 σκος
2435 4029 2516 4096 εἴη
2551 4045 2634 4090 τις
2662 4029 2929 4098 νεώτερος
2968 4030 3060 4082 καὶ
3101 4030 3300 4098 κοῦφος
3327 4031 3426 4099 τὴν
3459 4029 3727 4094 διάνοιαν,
3761 4027 3857 4082 καὶ

2277 4118 2351 4185 μὴ
2397 4120 2757 4188 καθεστηκὼς
2799 4120 2897 4181 τὰς
2930 4122 3152 4189 φρένας,
3191 4120 3500 4190 πωλησάτω
3559 4121 3627 4174 τὰ
3678 4121 3855 4188 snsp-

2272 4227 2432 4278 χοντα
2461 4211 2606 4280 αὐτῷ
2637 4228 2649 4240 ·
2685 4206 2795 4264 οἷον
2833 4211 3006 4282 θυμὸν
3035 4215 3126 4267 καὶ
3174 4213 3492 4282 ἐπιθυμίαν,
3520 4213 3617 4265 καὶ
3653 4212 3757 4265 ὅσα
3797 4214 3857 4262 εκ

2272 4302 2474 4356 τούτων
2506 4302 2648 4354 κακὰ
2693 4303 2938 4372 φύονται,
2971 4305 3065 4357 καὶ
3098 4304 3234 4358 δότω
3278 4305 3450 4358 ταῦτα
3481 4305 3577 4358 καὶ
3612 4302 3850 4374 empsi-

2270 4393 2425 4460 φάτω
2468 4397 2584 4455 τοῖς
2624 4396 2893 4464 δαίμοσιν,
2946 4381 3143 4460 οἵτινές
3190 4398 3296 4449 εἱσι
3339 4396 3547 4467 πτωχοὶ
3582 4434 3598 4460 ,
3641 4395 3851 4456 παντὸς

2272 4487 2626 4554 ἐστερημένοι
2671 4487 2876 4555 ἀγαθοῦ
2910 4489 3006 4542 καὶ
3053 4489 3144 4542 τοῦ
3177 4489 3410 4543 πλούτου
3441 4490 3540 4560 τῆς
3571 4488 3856 4558 άγαθότη-

606 4570 729 4622 terit
766 4566 1059 4623 Christum.
1100 4587 1118 4621 ι
1156 4569 1374 4624 Declina
1421 4569 1564 4624 enim
1616 4583 1646 4622 a
1683 4570 1822 4624 malo
1851 4569 1919 4637 ⁸⁹,
1971 4573 2162 4639 inquit,

2277 4595 2363 4641 τος
2390 4577 2483 4630 τοῦ
2519 4579 2655 4632 Θεοῦ
2687 4581 3126 4644 ἐκπεπτωκότες.
3161 4582 3269 4634 Καὶ
3318 4581 3443 4635 τότε
3476 4583 3855 4638 ἀκολουθείτω

607 4661 707 4712 hoc
732 4667 836 4726 est,
871 4657 1041 4728 abjice
1069 4659 1235 4715 malas
1275 4661 1492 4715 divitias
1523 4661 1848 4730 pauperibus
1880 4664 2164 4732 potestati-

607 4753 724 4814 bus,
774 4754 1105 4808 daemonibus
1154 4756 1394 4822 inquam,
1428 4763 1481 4807 et
1527 4753 1608 4806 fac
1641 4756 1863 4817 bonum,
1914 4759 2013 4810 hoc
2061 4768 2163 4820 est,

605 4856 829 4911 sequere
859 4844 1153 4908 Christum,
1185 4853 1237 4898 et
1266 4843 1394 4898 tolle
1420 4858 1657 4899 crucem.

2271 4669 2347 4739 τῷ
2379 4671 2622 4740 Χριστῷ.
2667 4669 2727 4724 Ὀ
2767 4673 2875 4742 γὰρ
2910 4673 3222 4743 ἀπορρίψας
3264 4671 3356 4724 τὸν
3400 4673 3509 4725 τῶν
3564 4675 3854 4745 ἁμαρτιῶν

2274 4761 2502 4815 πλοῦτον
2542 4767 2655 4826 τοῖς
2680 4766 2952 4834 δαίμοσιν,
3010 4768 3216 4829 ἐκεῖνος
3257 4764 3482 4818 δύναται
3537 4766 3856 4822 ἀκολουθεῖν

2273 4852 2352 4922 τῷ
2384 4853 2625 4923 Χριστῷ.
2666 4874 2683 4906 ι
2739 4857 3022 4910 Ἐκκλινον
3055 4857 3163 4926 γάρ
3209 4856 3317 4909 ἀπὸ
3361 4855 3536 4911 κακοῦ
3569 4874 3584 4889 ⁸
3625 4878 3645 4911 s
3693 4858 3858 4913 τοῦτο

601 4935 661 4988 τὸ
703 4936 1002 5008 ἀπορρῖψαι
1039 4939 1129 4991 τὸν
1172 4938 1342 4992 κακὸν
1413 4938 1645 4992 πλοῦτον
1689 4941 1810 4998 ταῖς
1888 4944 2132 5009 πτωχαῖς
2196 4943 2461 5016 δυνάμεσι
2508 4947 2628 5000 τῶν
2671 4948 2961 5019 δαιμόνωνο
3011 4950 3106 5002 καὶ
3143 4949 3370 5021 ποίησον
3417 4948 3650 5018 ἀγαθον,
3689 4951 3856 5007 τοῦτο

602 5031 659 5081 τὸ
686 5029 999 5083 ἀκολουθεῖν
1035 5030 1111 5101 τῷ
1147 5031 1389 5102 Χριστῷ,
1429 5032 1524 5086 καὶ
1557 5027 1688 5103 ἆραι
1719 5034 1810 5087 τὸν
1857 5034 2106 5103 σταυρόν.

676 5123 835 5176 Vsus.
867 5123 1054 5178 23-27.
1097 5143 1114 5176 ι
1164 5125 1228 5179 Et
1280 5142 1403 5180 cum
1466 5127 1938 5196 circumspexisset
1991 5128 2168 5196 Jesus;

603 5215 727 5269 dicit
755 5215 1032 5284 discipulis
1065 5216 1176 5271 suis
1208 5235 1220 5270 :
1251 5215 1421 5283 Quam
1461 5218 1742 5273 difﬁculter
1791 5221 1825 5274 ii
1861 5221 1951 5290 qui
2007 5237 2168 5289 pecu-

603 5306 718 5355 uias
745 5304 962 5367 habent,
1019 5306 1071 5359 in
1125 5320 1345 5376 regnum
1405 5309 1494 5362 Dei
1550 5310 1858 5365 intrabunt!
1912 5311 2160 5379 Discipuli

603 5408 727 5447 vero
757 5393 1111 5463 obstuperunt
1141 5412 1302 5465 super
1334 5400 1514 5454 verbis
1551 5400 1715 5456 illius.
1756 5403 1822 5456 At
1861 5401 2021 5458 Jesus
2049 5418 2167 5456 rur-

598 5501 714 5537 sum
757 5487 1106 5552 respondens,
1130 5490 1257 5543 dicit
1289 5490 1391 5544 illis
1424 5510 1436 5544 :
1465 5490 1609 5554 Filii,
1653 5507 1811 5561 quam
1849 5492 2061 5546 difﬁcile
2088 5501 2169 5547 est

599 5593 692 5630 eos
716 5578 806 5646 qui
836 5578 1083 5633 fiduciam
1131 5580 1333 5635 habent
1394 5585 1444 5635 in
1491 5584 1753 5652 pecuniis,
1801 5600 2024 5655 regnum
2074 5584 2167 5637 Dei

606 5669 831 5737 ingredi.
879 5669 1114 5725 Facilius
1159 5683 1241 5726 est
1278 5677 1540 5730 catnelum
1597 5692 1691 5746 per
1737 5676 1982 5732 foramen
2042 5691 2170 5729 acus

631 5852 637 5856 '
672 5845 716 5877 "
749 5846 888 5901 Psal.
924 5865 1107 5916 xxxvt,
1140 5850 1230 5903 27.

2354 5154 2372 5184 ι
2409 5136 2517 5189 Kal
2534 5138 2997 5206 περιϐλεψάμενος
3027 5137 3052 5190 6
3090 5135 3317 5207 Ἰησοῦς,
3345 5137 3494 5206 λέγει
3526 5142 3641 5205 τοῖς
3673 5143 3856 5215 μαθη-

2274 5222 2393 5283 ταῖς
2426 5223 2590 5276 αὑτοῦ
2632 5240 2645 5253 ·
2681 5224 2804 5287 Πῶς
2833 5224 3107 5287 δυσκόλως
3150 5227 3197 5277 οἱ
3229 5226 3295 5279 τὰ
3324 5230 3582 5298 χρήματα
3637 5232 3857 5303 ἔχοντες

2271 5313 2348 5373 εἰς
2374 5314 2473 5379 τὴν
2501 5312 2774 5380 βασιλείαν
2799 5312 2890 5366 τοῦ
2913 5312 3048 5366 Θεοῦ
3081 5315 3481 5369 εἰσελεύσονται
3511 5335 3527 5384 ;
3557 5321 3623 5373 Ol
3658 5322 3717 5374 δὲ
3746 5339 3856 5389 μα-

2267 5402 2424 5468 Θηταὶ
2477 5402 2812 5469 ἐθαμϐοῦντο
2859 5406 2951 5457 ἐπὶ
3009 5407 3123 5468 τοῖς
3179 5405 3360 5474 λόγοις
3415 5409 3614 5501 αρτοῦ.
3696 5413 3762 5466 '0
3798 5413 3854 5466 δὲ

2279 5493 2483 5563 Ἰησοῦς
2520 5495 2682 5548 πάλιν
2703 5495 3043 5566 ἀποκριθεὶς,
3073 5497 3220 5563 λέγει
3247 5497 3434 5562 αὐτοῖς
3455 5493 3475 5529 τ
3503 5500 3711 5567 Τέκνα,
3738 5503 3857 5566 πῶς

2266 5586 2520 5640 δύσκολόν
2557 5591 2672 5640 ἐστι
2724 5592 2850 5653 τοὺς
2911 5576 3232 5653 πεποιθότας
3298 5592 3394 5644 επὶ
3453 5594 3741 5663 χρήμασιν
3779 5595 3856 5655 si;

2267 5679 2363 5746 τὴν
2395 5679 2673 5748 βασιλειαν
2697 5681 2792 5735 τοῦ
2827 5679 2962 5735 Θεοῦ
2984 5680 3265 5738 εἰσελθεῖν.
3299 5680 3709 5755 Εὐκοπώτερον
3733 5686 3854 5739 εστι
