4022 6556
247 517 354 583 601

1025 511 1470 576 ENARBATIO
1509 511 1591 572 IN
1629 451 2138 578 EV'ANGELIDM
2177 515 2444 580 MARCI.
2468 519 2720 580 —CAP.
2754 518 2828 579 Χ.

3444 515 3553 578 602

253 629 504 701 κάμηλον
530 629 618 684 διὰ
651 628 956 702 τρυμαλιᾶς
996 628 1222 700 ῥαφίδος
1251 625 1503 691 διελθεῖν,
1527 626 1560 696 ἢ
1587 625 1842 681 πλούσιον

1950 632 2367 704 ingredi.qnam
2393 632 2613 686 divitem
2668 632 2720 686 in
2754 647 2980 702 regnum
3034 628 3126 684 Dei
3179 628 3409 709 ingredi.
3468 629 3551 684 Illi

251 725 333 786 εἰς
357 723 457 792 τὴν
486 722 762 792 βασιλείαν
794 719 890 774 τοῦ
946 719 1083 774 Θεοῦ
1117 719 1399 774 είσελθιῐν.
1430 719 1497 771 Oi
1535 717 1592 772 δὲ
1645 734 1845 796 περιστ

1950 738 2080 776 νυνι)
2109 738 2273 793 supra
2327 726 2546 778 modum
2599 724 2853 778 admirati
2905 731 3054 780 sunt.
3105 721 3348 777 dicentes
3410 721 3552 775 intra

253 812 365 877 σῶς
402 812 812 889 ἐξεπλήττοντο,
850 811 1102 881 λέγοντες
1146 810 1286 881 πρὸς
1343 808 1594 871 ἑαυτούς’
1625 809 1734 862 Καὶ
1766 809 1850 872 τίς

248 907 476 961 δύναται
507 905 776 977 σωθῆναι;
803 904 1111 975 Ἐμσλίψας
1146 904 1202 957 δὲ
1230 903 1415 967 αὐτοῖς
1458 903 1486 954 6
1524 901 1732 972 Ἰησοῦς
1763 901 1850 953 λέ-

252 1015 377 1068 γει·
410 1000 569 1071 Παρὰ
600 998 912 1068 ἀνθρώποις
962 998 1249 1062 ἀδύνατον,
1281 996 1398 1051 ἀλλ’
1452 996 1514 1049 οὐ
1555 996 1707 1066 παρά
1771 996 1848 1064 τῷ

252 1091 399 1161 Θεῷ.
435 1092 619 1146 Πάντα
649 1092 758 1162 γὰρ
792 1089 993 1144 δυνατά
1024 1092 1143 1144 ἐστι
1172 1091 1323 1160 παρὰ
1379 1086 1456 1158 τῷ
1482 1087 1621 1158 Θεῷ.
1653 1106 1671 1139 ι
1707 1084 1847 1156 Οὐχὶ

247 1183 323 1238 τὰ
351 1186 610 1256 χρήματα
656 1184 823 1250 κακὰ,
855 1184 972 1237 ἀλλ’
1016 1184 1064 1235 oi
1101 1182 1319 1253 ἔχοντες
1359 1182 1503 1236 αὐτά
1561 1179 1846 1234 διαϐάλλεο

255 1278 386 1335 σθαι
410 1280 549 1346 αξιοι
572 1295 586 1310 ο
620 1279 703 1332 δεῖ
733 1280 841 1349 γὰρ
897 1277 972 1348 μὴ
1004 1276 1157 1346 ἔχειν
1189 1277 1330 1330 αὺτά
1357 1313 1372 1337 ,
1407 1275 1660 1328 τουτέστι
1717 1293 1849 1328 κατ-

259 1371 439 1443 έχειν,
471 1370 608 1424 ἀλλὰ
644 1369 877 1440 γρῆσθαι
905 1370 1086 1433 αὐτοῖς
1124 1369 1203 1432 είς
1233 1367 1372 1422 δέον.
1401 1367 1678 1437 Χρήματα
1734 1366 1844 1436 γὰρ

250 1464 472 1536 εἴρηται
497 1464 649 1535 παρά
685 1464 744 1515 τὸ
773 1465 851 1522 είς
892 1463 1090 1532 χρῆσιν
1133 1455 1279 1513 εἷναι
1331 1460 1663 1529 ἀνθρώποις,
1726 1459 1848 1528 οὐχὶ

249 1555 409 1624 παρά
432 1555 492 1607 τὸ
539 1553 886 1624 κατέχεσθαι.
953 1551 1018 1607 Οἱ
1073 1552 1252 1603 τοίνυν
1281 1550 1496 1620 ἔχοντες
1561 1551 1654 1602 καὶ
1707 1551 1848 1602 ἀπο-

248 1646 526 1711 κλείοντες
581 1647 777 1710 ταῦτα,
840 1645 1114 1707 δυσκόλως
1169 1643 1575 1696 είσελεύσονται
1619 1645 1700 1705 είς
1745 1643 1848 1710 τὴν

248 1737 534 1808 βασιλείαν
561 1738 653 1790 τοῦ
687 1738 841 1790 Θεοῦ.
881 1736 954 1788 Τὸ
1013 1735 1070 1788 δὲ
1125 1734 1386 1787 δύσκολον
1431 1732 1666 1786 ἐνταῦθα
1728 1731 1850 1785 ἀντὶ

243 1827 346 1880 τοῦ
380 1828 641 1883 ἀδύνατον
673 1830 803 1882 νόει.
848 1828 1138 1882 Ἀδύνατον
1169 1828 1278 1894 γάρ
1309 1826 1422 1878 ἐστι
1453 1824 1708 1879 πλούσιον
1758 1823 1851 1877 ἄν·

245 1917 469 1990 θρωπον
504 1921 771 1989 σωθῆναι.
805 1920 981 1972 Τοῦτο
1012 1918 1068 1972 δὲ
1095 1918 1254 1988 δῆλον
1285 1917 1396 1970 ἀπὸ
1449 1918 1544 1968 τοῦ
1587 1914 1844 1981 ὑποδείγ-

252 2028 447 2080 ματος,
484 2011 511 2064 6
571 2012 785 2082 τίθησιν
829 2012 856 2062 6
898 2011 1124 2080 Κύριος,
1157 2009 1330 2077 λέγων
1356 2007 1439 2061 ὅτι
1469 2004 1850 2074 εὐκοπώτερόν

240 2107 364 2160 ἐστι
399 2104 645 2174 κάμηλον
711 2103 800 2159 διά
846 2105 1203 2174 τρυπήματος
1254 2098 1476 2172 ῥαφίδος
1527 2097 1846 2167 διελθεῖν,ἢ

241 2197 506 2250 πλούσιον
544 2199 623 2259 είς
657 2198 757 2266 τὴν
788 2195 1064 2264 βασιλείαν
1101 2193 1192 2247 τοῦ
1215 2194 1379 2247 Θεοῦ.
1426 2191 1715 2246 ’Ᾱδύνατον
1740 2191 1850 2258 γάρ

241 2290 365 2343 ἔστι
388 2289 638 2358 κάμηλον
667 2288 755 2340 διὰ
775 2289 1136 2356 τρυπήματος
1180 2285 1402 2355 βελόνης
1431 2281 1685 2334 διελθεῖν.
1728 2281 1848 2334 Κά-

248 2379 425 2451 μηλον
448 2379 504 2433 δὲ
540 2379 670 2445 νόει,
705 2377 736 2448 ἢ
775 2377 908 2431 αὐτὸ
940 2378 1000 2430 τὸ
1035 2376 1194 2442 ζῶον,
1226 2376 1258 2446 ἢ
1302 2374 1514 2444 σχοῖνόν
1569 2388 1690 2425 τινα
1738 2387 1847 2423 πα-

239 2475 420 2546 χεῖαν,
451 2469 482 2546 ᾗ
521 2473 584 2525 τά
617 2471 853 2541 μέγιστα
878 2469 988 2523 τῶν
1023 2468 1224 2522 πλοίων
1253 2467 1514 2537 χρῶνται.
1557 2464 1847 2518 Ἀδύνατον

239 2566 342 2619 οὖν
375 2565 663 2635 ἄνθρωπον
691 2566 748 2616 ὲν
780 2565 890 2634 ὅσῳ
928 2565 1044 2616 ἐστὶ
1064 2560 1342 2622 πλούσιος,
1373 2559 1637 2628 σωθῆναι.
1678 2557 1838 2628 Παρά

243 2660 436 2732 μέντοι
486 2658 564 2729 τῷ
616 2658 736 2727 Θεῷ
781 2655 1008 2710 δυνατόν
1062 2656 1178 2706 ἐστι
1238 2652 1419 2705 τοῦτο.
1472 2647 1612 2706 Eine
1659 2650 1769 2721 γὰρ
1819 2651 1847 2702 6

243 2753 524 2825 Χριστὸς⁶
565 2752 867 2821 ιΠοιήσατε
911 2747 1040 2818 ὑμῖν
1070 2746 1259 2817 φίλους
1307 2746 1370 2797 ὲκ
1423 2744 1518 2797 τοῦ
1558 2743 1846 2814 μαμμωνᾶ

240 2844 348 2915 τῆς
383 2844 652 2905 ἀδικίας.»
709 2831 873 2910 Ὀῥᾷς
907 2839 1036 2893 ὅταν
1058 2837 1382 2906 ἀκούσωμεν
1403 2837 1498 2888 τοῦ
1533 2834 1692 2898 Θεοῦ,
1727 2834 1846 2897 πῶς

244 2940 468 3004 γίνεται
509 2933 678 3003 ,τοῦτο
732 2932 1004 2997 δυνατόνς
1053 2928 1212 3001 Παρά
1259 2929 1315 2982 δὲ
1365 2931 1479 2990 τοῖς
1536 2925 1845 2995 ἀνθρώποις

241 3027 550 3090 ἀδύνατον,
587 3024 864 3078 τουτέστιν
895 3064 910 3089 ,
961 3023 1091 3076 ὅταν
1153 3019 1470 3090 ἀνθρώπινα
1527 3017 1839 3086 φρονῶμεν,

241 3120 516 3174 ἀδύνατόν
575 3121 690 3170 ἐστι
717 3117 898 3170 τοῦτο.
925 3117 1082 3177 Τίνος
1112 3113 1169 3166 δὲ
1191 3113 1378 3166 ἕνεκεν
1404 3112 1454 3164 οί
1479 3109 1722 3179 μαθηταὶ
1751 3108 1842 3171 ἐξ·

1950 830 2069 870 sese
2103 836 2117 871 :
2148 817 2217 871 Ει
2242 817 2364 885 quis
2411 825 2587 884 potest
2642 817 2822 871 salvus
2871 816 3030 870 esse?
3081 812 3321 868 Intuitus
3370 825 3550 868 autem

1948 907 2108 962 Jesus
2155 909 2277 962 illos
2334 909 2504 962 dicit:
2549 908 2703 977 Apud
2756 908 3001 963 homines
3059 906 3392 974 impossibile
3444 916 3550 967 est,

1951 1016 2054 1055 non
2091 1003 2230 1069 apud
2266 1002 2430 1055 Deum
2463 1019 2477 1056 :
2512 1017 2634 1055 nam
2669 999 2853 1054 omnia
2903 1000 3180 1065 possibilia
3231 1008 3357 1053 sunt
3408 999 3551 1068 apud

1950 1091 2147 1146 Deum.
2183 1112 2200 1144 ι
2243 1092 2452 1147 Divitiae
2490 1109 2594 1148 non
2632 1094 2785 1146 malae
2813 1099 2958 1154 sunt,
2996 1093 3089 1145 sed
3138 1090 3237 1160 qui
3288 1089 3409 1143 illas
3455 1089 3553 1144 ba-

1949 1184 2097 1249 bent,
2127 1187 2269 1255 digni
2301 1195 2426 1241 sunt
2451 1187 2543 1258 qui
2582 1197 2837 1240 taxentur
2862 1205 2875 1240 :
2903 1201 3012 1240 non
3042 1186 3188 1240 enim
3225 1183 3344 1239 illas
3379 1183 3553 1238 liabe-

1953 1291 2011 1329 re
2037 1285 2270 1344 oportet,
2316 1278 2418 1330 hoc
2455 1286 2540 1330 est
2569 1277 2832 1336 detinere.
2859 1276 2951 1329 sed
2987 1275 3068 1329 eis
3101 1275 3180 1328 uti
3213 1288 3311 1344 pro
3362 1287 3553 1328 neces-

1951 1369 2130 1423 sitate.
2151 1369 2427 1439 Χρήματα
2454 1368 2621 1432 enim,
2646 1368 2750 1423 hoc
2782 1379 2864 1422 est
2893 1382 3046 1436 opes.
3074 1367 3234 1421 dicta!
3256 1375 3402 1429 sunt,
3427 1366 3552 1432 quia

1952 1460 2073 1516 usui
2103 1469 2231 1516 sunt
2267 1461 2674 1524 hominibus,et
2705 1475 2861 1528 opem
2913 1472 3076 1528 atque
3112 1459 3376 1513 auxilium
3418 1456 3553 1512 affe-

1953 1562 2248 1606 runt.non
2307 1561 2484 1605 autem
2517 1549 2662 1620 quod
2721 1551 3027 1605 detinenda:
3081 1551 3210 1604 sint.
3245 1551 3343 1616 Qui
3391 1551 3556 1611 igitur

1952 1645 2072 1699 illas
2108 1646 2308 1698 habent
2355 1654 2410 1698 et
2453 1643 2753 1708 includunt,
2808 1643 3026 1697 diiiicile
3076 1644 3125 1696 in
3171 1657 3398 1712 regnum
3451 1641 3543 1695 Dri

1956 1738 2347 1805 ingrediuntur.
2390 1735 2616 1790 Dillicile
2645 1745 2825 1789 autem
2859 1737 2963 1790 hoc
2997 1736 3117 1790 loco
3167 1751 3263 1804 pro
3307 1735 3556 1804 impossi-

1954 1827 2048 1881 bili
2102 1828 2366 1896 intellige.
2418 1827 2756 1897 lmpossibile
2803 1829 2947 1880 enim
2997 1828 3220 1880 divitem
3277 1827 3553 1881 hominem

1955 1920 2174 1974 salvari.
2213 1918 2326 1974 Hoc
2356 1930 2535 1972 autem
2591 1917 2937 1972 manifestum
2999 1921 3065 1971 ab
3113 1919 3362 1986 exemplo
3408 1917 3553 1988 quod

1956 2011 2409 2082 ponitDominus,
2446 2012 2634 2064 dicens
2682 2012 2825 2078 quod
2886 2011 3099 2065 lucilius
3161 2010 3233 2063 sit
3282 2010 3550 2063 canit-lum

1955 2104 2160 2157 intrare
2190 2118 2286 2170 per
2348 2103 2594 2156 foramen
2643 2118 2790 2163 aens.
2857 2118 3018 2169 quam
3077 2102 3302 2155 divitem
3351 2102 3403 2155 in
3466 2117 3556 2155 re-

1954 2214 2115 2267 gnum
2151 2197 2262 2250 Dei.
2304 2195 2445 2250 Fieri
2479 2197 2623 2251 enim
2667 2211 2771 2250 non
2824 2206 3000 2266 potest
3047 2205 3104 2250 ut
3146 2196 3390 2253 camelus
3449 2211 3546 2264 per

1955 2288 2197 2343 foramen
2231 2303 2362 2342 acus
2396 2298 2662 2344 transeat.
2696 2289 2798 2343 Per
2827 2289 3098 2344 camelum
3157 2298 3340 2343 autem
3387 2287 3545 2340 intel-

1953 2379 2055 2446 lige
2093 2380 2174 2435 vel
2209 2381 2431 2442 animal,
2465 2380 2543 2434 vel
2581 2397 2828 2436 crassum
2870 2380 3052 2433 l'unem
3099 2396 3210 2449 quo
3267 2390 3448 2434 nauta:
3494 2381 3548 2433 in

1951 2473 2204 2528 maximis
2229 2473 2459 2545 navigiis
2487 2484 2732 2528 utuntur.
2763 2472 3105 2543 [inpossibile
3136 2473 3279 2525 eiiim
3305 2482 3390 2526 est
3445 2472 3544 2525 lto-

1952 2565 2468 2634 minem,quatenus
2518 2565 2669 2620 dives
2724 2575 2829 2629 est,
2857 2565 3079 2620 salvari.
3146 2563 3358 2618 Etenim
3413 2563 3557 2630 apud

1951 2656 2119 2712 Deum
2152 2657 2254 2712 hoc
2275 2659 2531 2724 possibile
2561 2669 2665 2712 est.
2700 2657 2844 2712 Dixit
2873 2656 3017 2710 enim
3044 2656 3329 2710 Christus:
3356 2675 3374 2708 ι
3406 2655 3559 2709 Faci-

1952 2761 2002 2805 te
2034 2752 2187 2805 vobis
2225 2752 2432 2805 amicos
2482 2766 2545 2805 ex
2575 2766 2883 2805 mammona
2913 2751 3195 2820 injustitize
3211 2751 3281 2804 ’°.
3321 2767 3338 2800 ι
3372 2748 3542 2804 Vides

1949 2847 2091 2914 quod
2125 2845 2168 2899 si
2203 2843 2369 2898 Deum
2395 2845 2790 2910 audiverimus,
2821 2844 3096 2914 quomOdo
3129 2842 3389 2913 possibile
3426 2841 3554 2897 ﬂat?

1929 2939 2101 3006 ‘Apnd
2128 2938 2378 2992 homines
2432 2951 2613 2991 autem
2667 2936 3026 3006 impossibile,
3055 2938 3156 2991 hoc
3199 2947 3306 2999 est,
3337 2939 3559 3006 quando

1952 3033 2186 3086 humana
2235 3031 2498 3098 sapimus,
2548 3031 2884 3099 impossibile
2950 3039 3052 3084 eat.
3087 3029 3206 3085 Jam
3262 3044 3432 3098 quare
3477 3029 3562 3083 di-

1955 3125 2149 3193 scipuli
2181 3124 2580 3193 obstupuerunt
2619 3140 2781 3192 super
2814 3123 2997 3178 verbis
3031 3123 3223 3177 illius?
3259 3122 3374 3176 Non
3408 3121 3558 3176 enim

250 3212 604 3283 εθαμόοῡντο
635 3213 726 3264 ἐπὶ
765 3211 878 3272 τοῖς
928 3208 1108 3276 λόγοις
1138 3207 1390 3270 τούτοις;
1423 3206 1498 3257 Οὐ
1532 3204 1639 3272 γὰρ
1670 3202 1842 3272 δήπου

1951 3218 2052 3286 ipsi
2081 3217 2276 3271 divites
2304 3225 2481 3272 erant.
2531 3214 2657 3269 Mihi
2693 3218 2905 3270 videtur
2959 3215 3100 3284 quod
3156 3231 3254 3285 pro
3306 3215 3564 3269 omnibus

239 3307 405 3362 αὐτοὶ
445 3305 691 3358 πλούσιοι
713 3299 878 3375 ἦσαν.
923 3301 1081 3372 Ἐμοὶ
1124 3300 1274 3353 δοκεῖ
1305 3298 1444 3367 ὑπὲρ
1477 3296 1696 3348 πάντων
1743 3294 1842 3347 ἀν-

1955 3312 2265 3365 hominibus
2286 3312 2434 3364 anxii
2464 3309 2685 3364 lucrint.
2711 3307 2830 3363 Jam
2854 3310 3001 3363 enim
3027 3307 3416 3362 misericordes
3443 3321 3560 3361 eaa-

242 3400 489 3471 θρὼπων
517 3399 887 3466 ἀγωνιῶντες.
922 3393 1302 3464 Φιλάνθρωποι
1331 3391 1440 3459 γὰρ
1463 3389 1563 3459 ἠδη
1609 3387 1845 3458 ἢρξαντο

1951 3411 2136 3470 perant
2161 3399 2297 3453 fieri.
2334 3399 2561 3464 Quidam
2586 3400 2686 3452 hoc
2719 3398 2836 3451 loco
2869 3397 3141 3461 dubitant,
3173 3397 3448 3465 quomodo
3481 3395 3564 3449 di-

237 3493 519 3563 γίνεσθαι.
565 3492 724 3554 Τινὲς
784 3489 841 3542 δὲ
906 3486 1142 3541 ἐνταῦθα
1203 3482 1472 3554 ἀποροῦσι
1523 3481 1638 3544 πῶς
1699 3475 1842 3544 εἷπε,

236 3586 437 3641 Πάντα
462 3582 668 3636 δυνατὰ
698 3582 815 3633 ἐστι
843 3577 993 3648 παρά
1022 3577 1101 3646 τῷ
1128 3574 1269 3645 Θεῷ.
1307 3572 1420 3645 (73)
1459 3571 1707 3640 Λέγομεν
1751 3565 1846 3622 οὖν

237 3680 326 3734 ὅτι
368 3679 496 3731 ὅταν
527 3677 680 3745 εἴπῃ,
725 3675 922 3735 πάντα,
958 3673 1026 3723 τά
1065 3669 1193 3722 ὄντα
1226 3667 1406 3734 λέγει’
1439 3666 1472 3734 ὴ
1512 3665 1569 3716 δὲ
1599 3663 1844 3732 ἁμαρτία

243 3772 326 3844 μὴ
359 3771 417 3823 δν
442 3770 614 3822 ἐστιν.
667 3765 944 3819 Ἀνούσιον
966 3764 1076 3833 γὰρ
1103 3762 1338 3832 πρᾶγμα
1379 3759 1474 3812 καὶ
1529 3756 1842 3810 ἀνυπόστα-

238 3881 339 3917 τον
383 3863 417 3931 ἡ
445 3858 692 3930 ἁμαρτία
717 3876 728 3887 ·
757 3858 932 3918 ἄλλως
963 3852 1124 3920 τε,Ὶλ1
1156 3852 1404 3922 ἁμαρτία
1418 3851 1519 3903 aiax
1543 3850 1659 3901 ἐστι
1681 3848 1846 3901 δυνά-

241 3971 421 4026 μεως,
453 3952 567 4008 ἀλλ’
615 3950 926 4015 ἀσθενείας,
971 3948 1042 4010 ὼς
1072 3947 1168 4000 καὶ
1205 3949 1232 3998 ὁ
1271 3943 1600 4004 Ἀπόστολος
1663 3940 1841 4008 λέγει’

240 4047 516 4118 Χριστὸς,
546 4044 716 4097 ὄντων
759 4043 920 4113 ἡμῶν
956 4039 1222 4100 ἀσθενῶν,
1259 4037 1523 4091 ἀπέθανε.
1547 4035 1660 4087 Καὶ
1684 4032 1846 4086 πάλιν

244 4141 276 4194 6
311 4138 482 4193 Δαῦίδ
514 4155 529 4170 ’
565 4136 1016 4207 Ἑπληθύνθησαν
1054 4135 1108 4186 αἱ
1135 4132 1411 4186 ἀσθένειαι
1454 4129 1657 4184 αὐτῶν.
1680 4129 1844 4182 ’Ὥστε

239 4237 276 4306 ἡ
305 4233 583 4303 ἁμαρτία,
625 4231 877 4284 ἀσθένεια
918 4226 1082 4291 οὖσα,
1117 4228 1219 4280 οὐκ
1271 4226 1388 4279 ιστι
1434 4224 1636 4294 δυνατὴ
1692 4223 1846 4293 παρὰ

237 4325 324 4397 τῷ
359 4323 501 4394 Θεῷ.
532 4319 682 4393 'Apa
713 4319 832 4390 οὖν,
861 4322 1017 4390 φασὶ,
1058 4320 1282 4373 δύναται
1308 4320 1336 4372 6
1389 4317 1521 4380 Θεὸς
1558 4318 1651 4370 καὶ
1673 4317 1732 4369 τὸ
1753 4333 1846 4383 γε-

237 4419 412 4488 γονὸς
442 4417 515 4478 ὠς
569 4416 641 4485 μὴ
671 4415 896 4482 γεγονὸς
943 4411 1170 4480 ποιῆσαι
1217 4427 1231 4475 ;
1276 4410 1522 4477 Λέγομεν
1577 4403 1672 4460 οὖν
1711 4408 1792 4460 ὅτι
1819 4408 1847 4458 6

233 4509 384 4569 Θεὸς
418 4506 645 4576 ἀλήθειά
678 4508 818 4558 ἐστι.
872 4504 945 4556 Τὸ
1000 4502 1058 4555 δὲ
1093 4501 1323 4570 ποιῆσαι
1363 4501 1424 4552 τὸ
1478 4498 1706 4567 γεγονὸς
1768 4497 1847 4559 ὼς

242 4601 327 4675 μὴ
362 4599 614 4670 γεγοικδς,
654 4596 873 4667 ψεῦδος.
903 4595 1031 4656 Πῶς
1063 4588 1156 4647 οὖν
1197 4595 1230 4663 ὴ
1262 4592 1488 4662 ἀλήθεια
1520 4593 1738 4660 ποιήσει
1783 4588 1844 4642 τὸ

1949 3493 2110 3554 xerit,
2146 3490 2337 3544 Omnia
2361 3491 2643 3559 possibilia
2677 3500 2806 3542 sunt
2841 3487 2970 3552 Dco,
3008 3503 3175 3556 quum
3221 3485 3363 3540 Deus
3423 3499 3562 3554 pec-

1947 3600 2076 3642 care
2102 3593 2358 3654 nequeat.
2387 3583 2627 3636 Dicimus
2664 3583 2865 3649 itaque,
2901 3578 3123 3650 quando
3156 3581 3325 3644 dicit,
3355 3579 3562 3658 omnia,

1950 3678 2300 3747 intelligimus
2327 3689 2391 3730 ea
2426 3688 2547 3744 qua
2576 3683 2725 3727 sunt.
2758 3674 3045 3728 Peccatum
3095 3684 3276 3728 autem
3311 3689 3417 3726 non
3454 3681 3561 3731 est.

1948 3773 2234 3825 Peccatum
2267 3769 2410 3822 enim
2447 3781 2534 3820 res
2559 3773 2643 3819 est
2684 3766 2803 3823 sine
2845 3767 3081 3821 essentia
3110 3809 3124 3832 ,
3177 3775 3232 3820 et
3270 3766 3388 3819 sine
3430 3764 3561 3818 sub-

1950 3864 2169 3918 s'antia.
2212 3859 2301 3912 νυι
2345 3861 2520 3918 aliter,
2560 3863 2847 3916 Peccatum
2895 3850 3010 3911 non
3044 3868 3129 3912 est
3154 3857 3432 3928 potentiae,
3467 3856 3563 3911 sed

1952 3955 2333 4010 inﬁrmitatis:
2385 3955 2525 4009 sicut
2581 3965 2636 4010 et
2693 3951 2988 4023 Apostolus
3039 3953 3172 4005 dicit
3221 3970 3233 4006 :
3283 3950 3564 4012 Christus.

1949 4063 2070 4102 cum
2102 4063 2199 4102 nos
2229 4048 2429 4102 infirmi
2465 4062 2738 4112 essemus,
2767 4058 3013 4101 mortuus
3043 4045 3211 4099 est".
3255 4043 3322 4097 Et
3367 4044 3565 4097 iterum

1949 4139 2116 4197 David
2142 4160 2154 4196 :
2179 4141 2346 4215 226
2381 4141 2747 4210 Multiplicatae
2771 4149 2896 4194 sunt
2922 4139 3270 4194 infirmitates
3295 4135 3564 4202 eorum”,

1950 4246 2005 4288 et
2037 4235 2109 4288 ita
2149 4246 2429 4302 peccatum
2467 4234 2605 4302 apud
2642 4233 2807 4288 Deum
2842 4247 2950 4286 non
2996 4243 3079 4284 est
3128 4229 3405 4299 possibile,
3433 4227 3563 4296 quia

1951 4329 2245 4387 inﬁrmitas
2316 4341 2418 4384 cst.
2455 4328 2703 4398 Nunquid
2771 4337 2950 4381 autem
2997 4326 3204 4387 dicunt,
3255 4324 3423 4377 Deum
3475 4321 3567 4374 fa—

1950 4435 2100 4479 ctum
2155 4423 2412 4477 infectum
2464 4422 2644 4477 fatere
2697 4436 2803 4476 non
2854 4418 3054 4489 posse?
3095 4418 3334 4472 Dicimus
3394 4413 3566 4468 Deum

1949 4531 2072 4572 esse
2129 4515 2436 4569 veritatem.
2491 4513 2713 4568 Factum
2778 4521 2957 4565 autem
3014 4508 3272 4564 infectum
3333 4506 3561 4573 facere,

1954 4607 2292 4663 mendacium
2345 4615 2450 4662 est.
2492 4606 2610 4672 Quo
2667 4615 2844 4673 pacto,
2879 4617 3081 4672 quaeso,
3121 4602 3325 4656 veritas
3375 4598 3567 4654 fecerit

239 4694 485 4766 ψεῦδος;
515 4693 787 4764 Πρότερον
814 4691 924 4761 γὰρ
956 4692 1021 4744 ἂν
1047 4689 1333 4743 ἀπολέσειε
1355 4687 1454 4755 τὴν
1492 4686 1699 4740 οἰκείαν
1746 4684 1845 4753 φύ-

1958 4699 2343 4757 mendacium?
2372 4696 2530 4751 Prius
2575 4697 2716 4749 enim
2758 4694 3007 4764 perderet
3063 4701 3313 4746 naturam
3358 4705 3558 4746 suam:

246 4807 340 4842 σιν
365 4805 379 4818 ο
415 4785 559 4839 ὥστε
587 4784 746 4837 τοῦτό
779 4801 946 4853 φασιν
971 4785 1021 4835 οί
1047 4784 1298 4850 λέγοντες
1326 4799 1338 4811 '
1370 4775 1522 4851 'Apa
1562 4780 1788 4832 δύναται
1823 4777 1845 4829 6

1956 4803 2010 4847 et
2039 4792 2159 4845 ideo
2191 4791 2282 4860 qui
2312 4792 2392 4844 sic
2419 4789 2737 4857 loquuntur,
2765 4786 2992 4857 perinde
3051 4784 3348 4853 loquuntur
3404 4799 3468 4836 ac
3516 4782 3562 4836 si

240 4879 391 4942 Θεὸς
457 4877 531 4948 μὴ
583 4871 724 4930 εἶναι
783 4877 958 4942 Θεός;
1018 4875 1182 4946 Ὁρᾷς
1228 4875 1335 4943 γὰρ
1373 4874 1434 4925 τὸ
1491 4872 1700 4940 γελοῖον
1755 4868 1845 4920 τοῦ

1954 4891 2226 4950 qumrant,
2261 4879 2397 4934 Num
2431 4889 2606 4948 potest
2658 4880 2801 4932 Dens
2842 4894 2949 4932 non
2996 4892 3117 4931 esse
3168 4874 3346 4931 Deus?
3397 4875 3562 4930 Vides

239 4971 633 5042 ἔρωτήματος.

1955 4974 2119 5044 igitur
2153 4988 2312 5041 quam
2342 4972 2569 5025 ridicula
2608 4973 2677 5023 sit
2705 4974 2952 5039 quzestio.

324 5063 476 5115 «Καὶ
497 5061 748 5132 ἤρξατοὸ
780 5059 986 5131 Πέτρος
1029 5060 1209 5128 λέγειν
1252 5060 1403 5128 αὐτῷ
1435 5077 1448 5090 ·
1500 5059 1633 5113 Ἰδοὺ
1682 5062 1845 5131 ἡμεῖς

2026 5061 2190 5116 Vsus.
2215 5062 2407 5118 28-51.
2440 5081 2457 5113 ι
2493 5061 2556 5115 Ει
2585 5063 2753 5133 cmpit
2796 5062 2988 5116 Petrus
3041 5060 3225 5115 dicere
3252 5060 3323 5113 illi
3362 5076 3377 5115 :
3416 5059 3560 5114 Ecce

241 5157 556 5226 ἀφήκαμεν
584 5155 765 5207 πάντα
788 5157 883 5206 καὶ
905 5153 1357 5224 ἠκολουθήσαμέν
1378 5154 1844 5225 σοι.ῗΑποκριθεὶς

1955 5169 2054 5207 nos
2089 5154 2407 5222 reliquimus
2436 5155 2645 5220 omnia,
2679 5164 2733 5207 et
2764 5153 2935 5207 secuti
2984 5169 3174 5207 sumus
3203 5163 3275 5206 te.
3312 5151 3559 5219 Respon-

241 5249 304 5304 δὲ
327 5251 358 5301 6
395 5247 628 5318 Ἰησοῦς,
653 5243 825 5300 εἶπεν*
855 5246 1030 5317 Ἀμὴν
1051 5247 1194 5314 λέγω
1225 5247 1376 5316 ὑμῖν,
1401 5246 1575 5309 οὐδείς
1611 5249 1760 5299 ἐστιν
1789 5245 1845 5309 ὃς

1952 5247 2089 5301 deos
2118 5256 2295 5301 autem
2337 5245 2495 5302 Jesus
2527 5247 2696 5301 dixit:
2733 5247 2907 5299 Amen
2963 5246 3085 5299 dico
3151 5245 3328 5307 vobis,
3377 5243 3558 5297 nullus

242 5342 474 5410 ἁφῆγεν
518 5339 716 5402 οἰκίαν,
740 5339 773 5409 ἦ
799 5338 1141 5407 ἁδελφοὺς,ἥ
1195 5337 1506 5408 ἀδελφὰς,ἢ
1544 5339 1780 5408 πατέρα,
1813 5339 1844 5407 ἢ

1951 5340 2151 5408 estqui
2197 5339 2416 5408 reliquit
2447 5341 2687 5402 domum,
2741 5349 2835 5392 aut
2883 5337 3103 5396 fratres.
3159 5346 3250 5391 aut
3312 5351 3556 5403 sorores,

245 5431 494 5502 μητέρα,
513 5427 544 5498 ἥ
562 5434 819 5495 γυναῖκα,
838 5430 870 5500 ἢ
889 5429 1115 5499 τέκνα,ἢ
1143 5431 1368 5498 ἀγροὺς,
1393 5430 1580 5482 ἕνεκεν
1603 5430 1734 5499 ἐμοῦ
1756 5432 1845 5480 καὶ

1957 5442 2048 5485 aut
2079 5441 2310 5499 patrem,
2341 5441 2433 5482 aut
2464 5440 2717 5494 matrem,
2759 5440 2850 5484 aut
2886 5446 3133 5494 uxorem,
3182 5439 3275 5484 aut
3322 5429 3548 5493 liberos,

238 5539 262 5571 τ
274 5518 342 5572 οὗ
357 5519 720 5587 Εὑαγγελίου,
736 5520 829 5572 ἐὰν
856 5520 930 5589 μὴ
945 5519 1084 5589 λάϐῃ
1102 5518 1660 5581 ἑκατονταπλασίονα,
1676 5518 1771 5570 νῦν
1793 5521 1845 5570 ἐν

1959 5532 2052 5576 aut
2121 5537 2280 5592 agros
2320 5538 2438 5577 mea
2478 5537 2642 5577 causa
2695 5531 2750 5577 et
2792 5519 3097 5592 Evangelii,
3141 5522 3270 5590 quin
3328 5523 3554 5589 recipiat

321 5661 370 5694 ’⁸
407 5657 543 5716 Luc.
578 5673 692 5724 xvi,
724 5661 777 5715 9.
855 5661 897 5691 "
937 5659 1094 5714 Rom.
1141 5674 1215 5724 vr,
1259 5658 1313 5713 7.
1391 5658 1435 5691 ⁹¹
1473 5658 1615 5714 Psal.
1647 5674 1734 5725 xv,
1771 5659 1824 5712 4.

1233 5779 1325 5837 Ex
1373 5776 1718 5838 collatione
1749 5775 1936 5838 codd.
1974 5779 2204 5838 Venet.
2241 5777 2300 5836 S.
2338 5777 2558 5837 Marci.

1953 5892 2094 5970 οὖν,
2132 5914 2278 5970 κητ.
2321 5897 2369 5949 λ.
2439 5917 2456 5947 ι
2500 5896 2739 5964 Igiturne
2778 5910 2831 5953 et
2873 5914 3095 5968 peccare
3142 5897 3402 5970 possibile
3468 5909 3548 5952 cst

315 5901 442 5969 (75)
480 5897 679 5966 Supple
701 5914 763 5952 ex
797 5899 919 5953 cod.
964 5899 1032 5954 5‘2
1071 5916 1083 5952 :
1121 5901 1264 5968 Ἀρα
1294 5899 1404 5969 γὰρ
1435 5901 1530 5953 καὶ
1564 5898 1623 5951 τὸ
1654 5898 1838 5966 ἀμαρ-

316 5989 460 6037 νειν,
515 5971 742 6024 δυνατόν
819 5973 935 6024 ἐστι
1010 5970 1160 6037 παρὰ
1227 5970 1304 6037 τῷ
1371 5969 1510 6037 Θεῷ.
1570 5971 1839 6037 Λέγομεν

1953 5897 2090 5959 οὖν,
2132 5916 2184 5948 κ.
2226 5914 2278 5950 τ.
2321 5897 2369 5949 λ.
2439 5917 2456 5947 (
2500 5897 2739 5964 lgiturne
2778 5914 2801 5953 ε

1954 5967 2100 6022 Deo?
2137 5967 2375 6021 Dicimus
2413 5969 2611 6037 itaque,
2656 5988 2673 6020 ι
2718 5981 2801 6024 etc

237 5974 460 6038 tivam,
515 5971 742 6024 δυνατόν
819 5973 935 6024 ἐστι
1010 5970 1160 6040 παρά
1227 5970 1304 6040 τῷ
1371 5969 1510 6040 Θεῷ.
1570 5971 1839 6037 Λέγομεν
