  <div class='ocr_page' id='page_1' title='image "/cluster/home/n/w/nwhite01/storage/ocr_20150623/123/uva.x004884189/399.png"; bbox 0 0 4022 6472; ppageno 0'>
   <div class='ocr_carea' id='block_1_1' title="bbox 559 392 661 454">
    <p class='ocr_par' dir='ltr' id='par_1_1' title="bbox 559 392 661 454">
     <span class='ocr_line' id='line_1_1' title="bbox 559 392 661 454; baseline 0 0"><span class='ocrx_word' id='word_1_1' title='bbox 559 392 661 454; x_wconf 80' lang='lat'><strong>603</strong></span> 
     </span>
    </p>
   </div>
   <div class='ocr_carea' id='block_1_2' title="bbox 1469 368 2890 444">
    <p class='ocr_par' dir='ltr' id='par_1_2' title="bbox 1469 368 2890 444">
     <span class='ocr_line' id='line_1_2' title="bbox 1469 368 2890 444; baseline -0.008 0"><span class='ocrx_word' id='word_1_2' title='bbox 1469 378 2042 444; x_wconf 74' lang='lat' dir='ltr'><strong>THEOPHYLACTI</strong></span> <span class='ocrx_word' id='word_1_3' title='bbox 2088 370 2498 438; x_wconf 60' lang='lat' dir='ltr'><strong>BULGARIIE</strong></span> <span class='ocrx_word' id='word_1_4' title='bbox 2532 368 2890 432; x_wconf 78' lang='lat' dir='ltr'><strong>ARCHIEP.</strong></span> 
     </span>
    </p>
   </div>
   <div class='ocr_carea' id='block_1_3' title="bbox 3677 357 3786 418">
    <p class='ocr_par' dir='ltr' id='par_1_3' title="bbox 3677 357 3786 418">
     <span class='ocr_line' id='line_1_3' title="bbox 3677 357 3786 418; baseline -0.046 0"><span class='ocrx_word' id='word_1_5' title='bbox 3677 357 3786 418; x_wconf 67' lang='grc' dir='ltr'><strong>δθι</strong></span> 
     </span>
    </p>
   </div>
   <div class='ocr_carea' id='block_1_4' title="bbox 561 467 2140 568">
    <p class='ocr_par' dir='ltr' id='par_1_4' title="bbox 561 471 2108 568">
     <span class='ocr_line' id='line_1_4' title="bbox 561 471 2108 568; baseline -0.014 -10"><span class='ocrx_word' id='word_1_6' title='bbox 561 500 802 568; x_wconf 77' lang='lat' dir='ltr'><strong>centupla</strong></span> <span class='ocrx_word' id='word_1_7' title='bbox 836 471 975 553; x_wconf 88' lang='lat' dir='ltr'><strong>nunc</strong></span> <span class='ocrx_word' id='word_1_8' title='bbox 1008 496 1058 549; x_wconf 92' lang='lat' dir='ltr'><strong>in</strong></span> <span class='ocrx_word' id='word_1_9' title='bbox 1092 502 1332 561; x_wconf 77' lang='lat' dir='ltr'><strong>tempore</strong></span> <span class='ocrx_word' id='word_1_10' title='bbox 1379 492 1501 555; x_wconf 83' lang='lat' dir='ltr'><strong>hoc,</strong></span> <span class='ocrx_word' id='word_1_11' title='bbox 1550 491 1760 550; x_wconf 79' lang='lat' dir='ltr'><strong>domus,</strong></span> <span class='ocrx_word' id='word_1_12' title='bbox 1787 496 1842 542; x_wconf 87' lang='lat' dir='ltr'><strong>et</strong></span> <span class='ocrx_word' id='word_1_13' title='bbox 1895 487 2108 548; x_wconf 86' lang='lat' dir='ltr'><strong>fratres,</strong></span> 
     </span>
    </p>
   </div>
   <div class='ocr_carea' id='block_1_5' title="bbox 2242 467 3793 568">
    <p class='ocr_par' dir='ltr' id='par_1_5' title="bbox 2242 467 3793 549">
     <span class='ocr_line' id='line_1_5' title="bbox 2242 467 3793 549; baseline -0.006 -20"><span class='ocrx_word' id='word_1_14' title='bbox 2242 479 2295 549; x_wconf 69' lang='grc' dir='ltr'><strong>τῷ</strong></span> <span class='ocrx_word' id='word_1_15' title='bbox 2324 477 2499 548; x_wconf 76' lang='grc' dir='ltr'>καιρῷ</span> <span class='ocrx_word' id='word_1_16' title='bbox 2533 476 2725 546; x_wconf 82' lang='grc' dir='ltr'>τούτῳ,</span> <span class='ocrx_word' id='word_1_17' title='bbox 2748 476 2946 538; x_wconf 79' lang='grc' dir='ltr'>οἰκίας,</span> <span class='ocrx_word' id='word_1_18' title='bbox 2982 472 3074 526; x_wconf 70' lang='grc' dir='ltr'>καὶ</span> <span class='ocrx_word' id='word_1_19' title='bbox 3100 469 3386 540; x_wconf 73' lang='grc' dir='ltr'>ἀδελφοὺς.</span> <span class='ocrx_word' id='word_1_20' title='bbox 3421 469 3511 522; x_wconf 69' lang='grc' dir='ltr'><strong>καὶ</strong></span> <span class='ocrx_word' id='word_1_21' title='bbox 3538 467 3793 537; x_wconf 67' lang='grc' dir='ltr'>ἀδελφὰς,</span> 
     </span>
    </p>
   </div>
   <div class='ocr_carea' id='block_1_6' title="bbox 562 583 2116 653">
    <p class='ocr_par' dir='ltr' id='par_1_6' title="bbox 562 583 2116 653">
     <span class='ocr_line' id='line_1_6' title="bbox 562 583 2116 653; baseline -0.014 -3"><span class='ocrx_word' id='word_1_22' title='bbox 562 606 865 653; x_wconf 79' lang='lat' dir='ltr'><strong>stsorores,</strong></span> <span class='ocrx_word' id='word_1_23' title='bbox 921 599 972 643; x_wconf 89' lang='lat' dir='ltr'><strong>et</strong></span> <span class='ocrx_word' id='word_1_24' title='bbox 1035 596 1256 650; x_wconf 72' lang='lat' dir='ltr'><strong>matres,</strong></span> <span class='ocrx_word' id='word_1_25' title='bbox 1297 594 1352 638; x_wconf 88' lang='lat' dir='ltr'><strong>et</strong></span> <span class='ocrx_word' id='word_1_26' title='bbox 1405 583 1622 645; x_wconf 80' lang='lat' dir='ltr'><strong>liberos,</strong></span> <span class='ocrx_word' id='word_1_27' title='bbox 1674 589 1729 635; x_wconf 87' lang='lat' dir='ltr'><strong>et</strong></span> <span class='ocrx_word' id='word_1_28' title='bbox 1779 593 1936 649; x_wconf 78' lang='lat' dir='ltr'><strong>agros</strong></span> <span class='ocrx_word' id='word_1_29' title='bbox 1995 593 2116 632; x_wconf 89' lang='lat' dir='ltr'><strong>cum</strong></span> 
     </span>
    </p>
   </div>
   <div class='ocr_carea' id='block_1_7' title="bbox 562 671 2117 754">
    <p class='ocr_par' dir='ltr' id='par_1_7' title="bbox 562 671 2117 754">
     <span class='ocr_line' id='line_1_7' title="bbox 562 671 2117 754; baseline -0.011 -17"><span class='ocrx_word' id='word_1_30' title='bbox 562 681 1039 754; x_wconf 80' lang='lat' dir='ltr'><strong>persccutionibus,</strong></span> <span class='ocrx_word' id='word_1_31' title='bbox 1071 677 1212 730; x_wconf 89' lang='lat' dir='ltr'><strong>aciu</strong></span> <span class='ocrx_word' id='word_1_32' title='bbox 1260 685 1484 728; x_wconf 82' lang='lat' dir='ltr'><strong>venturo</strong></span> <span class='ocrx_word' id='word_1_33' title='bbox 1529 671 1723 727; x_wconf 61' lang='lat' dir='ltr'><strong>seculo</strong></span> <span class='ocrx_word' id='word_1_34' title='bbox 1757 673 1918 724; x_wconf 76' lang='lat' dir='ltr'><strong>vitam</strong></span> <span class='ocrx_word' id='word_1_35' title='bbox 1964 677 2117 723; x_wconf 53' lang='grc' dir='ltr'>κίειν</span> 
     </span>
    </p>
   </div>
   <div class='ocr_carea' id='block_1_8' title="bbox 561 760 2117 834">
    <p class='ocr_par' dir='ltr' id='par_1_8' title="bbox 561 760 2117 834">
     <span class='ocr_line' id='line_1_8' title="bbox 561 760 2117 834; baseline -0.015 -6"><span class='ocrx_word' id='word_1_36' title='bbox 561 788 708 828; x_wconf 84' lang='lat' dir='ltr'><strong>nam.</strong></span> <span class='ocrx_word' id='word_1_37' title='bbox 763 768 915 824; x_wconf 82' lang='lat' dir='ltr'><strong>Multi</strong></span> <span class='ocrx_word' id='word_1_38' title='bbox 969 778 1145 821; x_wconf 85' lang='lat' dir='ltr'><strong>autem</strong></span> <span class='ocrx_word' id='word_1_39' title='bbox 1193 764 1346 834; x_wconf 83' lang='lat' dir='ltr'><strong>primi</strong></span> <span class='ocrx_word' id='word_1_40' title='bbox 1394 771 1551 816; x_wconf 88' lang='lat' dir='ltr'><strong>erunt</strong></span> <span class='ocrx_word' id='word_1_41' title='bbox 1580 760 1859 828; x_wconf 76' lang='lat' dir='ltr'><strong>postremi.</strong></span> <span class='ocrx_word' id='word_1_42' title='bbox 1907 765 1963 813; x_wconf 85' lang='lat' dir='ltr'><strong>et</strong></span> <span class='ocrx_word' id='word_1_43' title='bbox 2021 773 2117 826; x_wconf 81' lang='lat' dir='ltr'><strong>pn-</strong></span> 
     </span>
    </p>
   </div>
   <div class='ocr_carea' id='block_1_9' title="bbox 562 850 2116 927">
    <p class='ocr_par' dir='ltr' id='par_1_9' title="bbox 562 850 2116 927">
     <span class='ocr_line' id='line_1_9' title="bbox 562 850 2116 927; baseline -0.01 -11"><span class='ocrx_word' id='word_1_44' title='bbox 562 861 741 916; x_wconf 81' lang='lat' dir='ltr'><strong>stremi</strong></span> <span class='ocrx_word' id='word_1_45' title='bbox 795 857 972 927; x_wconf 86' lang='lat' dir='ltr'><strong>primi.</strong></span> <span class='ocrx_word' id='word_1_46' title='bbox 1017 875 1035 907; x_wconf 75' lang='grc' dir='ltr'><strong>ι</strong></span> <span class='ocrx_word' id='word_1_47' title='bbox 1079 855 1262 909; x_wconf 77' lang='lat' dir='ltr'><strong>Petrus</strong></span> <span class='ocrx_word' id='word_1_48' title='bbox 1329 853 1537 906; x_wconf 85' lang='lat' dir='ltr'><strong>tametsi</strong></span> <span class='ocrx_word' id='word_1_49' title='bbox 1591 865 1757 919; x_wconf 75' lang='lat' dir='ltr'><strong>pauca</strong></span> <span class='ocrx_word' id='word_1_50' title='bbox 1794 850 2116 916; x_wconf 69' lang='lat' dir='ltr'><strong>reliqui&#39;so-t,</strong></span> 
     </span>
    </p>
   </div>
   <div class='ocr_carea' id='block_1_10' title="bbox 561 941 2117 1020">
    <p class='ocr_par' dir='ltr' id='par_1_10' title="bbox 561 941 2117 1020">
     <span class='ocr_line' id='line_1_10' title="bbox 561 941 2117 1020; baseline -0.008 -18"><span class='ocrx_word' id='word_1_51' title='bbox 561 951 683 1020; x_wconf 83' lang='lat' dir='ltr'><strong>quia</strong></span> <span class='ocrx_word' id='word_1_52' title='bbox 729 960 904 1003; x_wconf 85' lang='lat' dir='ltr'><strong>tamen</strong></span> <span class='ocrx_word' id='word_1_53' title='bbox 937 949 1086 1008; x_wconf 81' lang='lat' dir='ltr'><strong>dixit,</strong></span> <span class='ocrx_word' id='word_1_54' title='bbox 1122 947 1322 1009; x_wconf 83' lang='lat' dir='ltr'><strong>omnia,</strong></span> <span class='ocrx_word' id='word_1_55' title='bbox 1349 944 1600 997; x_wconf 87' lang='lat' dir='ltr'><strong>indicimu</strong></span> <span class='ocrx_word' id='word_1_56' title='bbox 1658 951 1740 996; x_wconf 86' lang='lat' dir='ltr'><strong>est</strong></span> <span class='ocrx_word' id='word_1_57' title='bbox 1786 941 1925 1008; x_wconf 88' lang='lat' dir='ltr'><strong>quod</strong></span> <span class='ocrx_word' id='word_1_58' title='bbox 1957 943 2117 994; x_wconf 71' lang='lat' dir='ltr'><strong>etiam</strong></span> 
     </span>
    </p>
   </div>
   <div class='ocr_carea' id='block_1_11' title="bbox 561 1031 2119 1108">
    <p class='ocr_par' dir='ltr' id='par_1_11' title="bbox 561 1031 2119 1108">
     <span class='ocr_line' id='line_1_11' title="bbox 561 1031 2119 1108; baseline -0.009 -14"><span class='ocrx_word' id='word_1_59' title='bbox 561 1056 729 1108; x_wconf 85' lang='lat' dir='ltr'><strong>pauca</strong></span> <span class='ocrx_word' id='word_1_60' title='bbox 783 1040 992 1093; x_wconf 83' lang='lat' dir='ltr'><strong>vinculo</strong></span> <span class='ocrx_word' id='word_1_61' title='bbox 1048 1039 1276 1106; x_wconf 81' lang='lat' dir='ltr'><strong>quodam</strong></span> <span class='ocrx_word' id='word_1_62' title='bbox 1334 1037 1479 1088; x_wconf 89' lang='lat' dir='ltr'><strong>illum</strong></span> <span class='ocrx_word' id='word_1_63' title='bbox 1545 1035 1998 1088; x_wconf 82' lang='lat' dir='ltr'><strong>detinuerintzet</strong></span> <span class='ocrx_word' id='word_1_64' title='bbox 2049 1031 2119 1082; x_wconf 91' lang='lat' dir='ltr'><strong>ita</strong></span> 
     </span>
    </p>
   </div>
   <div class='ocr_carea' id='block_1_12' title="bbox 561 1123 2119 1194">
    <p class='ocr_par' dir='ltr' id='par_1_12' title="bbox 561 1123 2119 1194">
     <span class='ocr_line' id='line_1_12' title="bbox 561 1123 2119 1194; baseline -0.006 -11"><span class='ocrx_word' id='word_1_65' title='bbox 561 1130 898 1184; x_wconf 81' lang='lat' dir='ltr'><strong>beatificatus</strong></span> <span class='ocrx_word' id='word_1_66' title='bbox 945 1137 1026 1180; x_wconf 88' lang='lat' dir='ltr'><strong>est</strong></span> <span class='ocrx_word' id='word_1_67' title='bbox 1083 1127 1127 1179; x_wconf 84' lang='lat' dir='ltr'><strong>is</strong></span> <span class='ocrx_word' id='word_1_68' title='bbox 1193 1125 1283 1194; x_wconf 86' lang='lat' dir='ltr'><strong>qui</strong></span> <span class='ocrx_word' id='word_1_69' title='bbox 1336 1126 1496 1178; x_wconf 86' lang='lat' dir='ltr'><strong>etiam</strong></span> <span class='ocrx_word' id='word_1_70' title='bbox 1555 1139 1723 1190; x_wconf 83' lang='lat' dir='ltr'><strong>pauca</strong></span> <span class='ocrx_word' id='word_1_71' title='bbox 1808 1123 2119 1189; x_wconf 81' lang='lat' dir='ltr'><strong>reliquerat.</strong></span> 
     </span>
    </p>
   </div>
   <div class='ocr_carea' id='block_1_13' title="bbox 562 1217 2125 1289">
    <p class='ocr_par' dir='ltr' id='par_1_13' title="bbox 562 1217 2125 1289">
     <span class='ocr_line' id='line_1_13' title="bbox 562 1217 2125 1289; baseline -0.006 -13"><span class='ocrx_word' id='word_1_72' title='bbox 562 1221 798 1289; x_wconf 79' lang='lat' dir='ltr'><strong>Cumque</strong></span> <span class='ocrx_word' id='word_1_73' title='bbox 862 1220 1008 1275; x_wconf 86' lang='lat' dir='ltr'><strong>solus</strong></span> <span class='ocrx_word' id='word_1_74' title='bbox 1082 1217 1272 1273; x_wconf 85' lang='lat' dir='ltr'><strong>Petrus</strong></span> <span class='ocrx_word' id='word_1_75' title='bbox 1326 1225 1601 1287; x_wconf 74' lang='lat' dir='ltr'><strong>rogasset,</strong></span> <span class='ocrx_word' id='word_1_76' title='bbox 1654 1217 1900 1269; x_wconf 75' lang='lat' dir='ltr'><strong>omnibus</strong></span> <span class='ocrx_word' id='word_1_77' title='bbox 1964 1229 2125 1283; x_wconf 72' lang='lat' dir='ltr'><strong>gene-</strong></span> 
     </span>
    </p>
   </div>
   <div class='ocr_carea' id='block_1_14' title="bbox 565 1309 2120 1381">
    <p class='ocr_par' dir='ltr' id='par_1_14' title="bbox 565 1309 2120 1381">
     <span class='ocr_line' id='line_1_14' title="bbox 565 1309 2120 1381; baseline -0.005 -14"><span class='ocrx_word' id='word_1_78' title='bbox 565 1315 746 1367; x_wconf 89' lang='lat' dir='ltr'><strong>raliter</strong></span> <span class='ocrx_word' id='word_1_79' title='bbox 806 1313 1040 1381; x_wconf 77' lang='lat' dir='ltr'><strong>loquitur</strong></span> <span class='ocrx_word' id='word_1_80' title='bbox 1105 1313 1382 1375; x_wconf 78' lang='lat' dir='ltr'><strong>Christus,</strong></span> <span class='ocrx_word' id='word_1_81' title='bbox 1463 1311 1644 1362; x_wconf 86' lang='lat' dir='ltr'><strong>dicens</strong></span> <span class='ocrx_word' id='word_1_82' title='bbox 1703 1327 1714 1361; x_wconf 93' lang='lat'>:</span> <span class='ocrx_word' id='word_1_83' title='bbox 1780 1310 1967 1364; x_wconf 93' lang='lat' dir='ltr'><strong>Omnis</strong></span> <span class='ocrx_word' id='word_1_84' title='bbox 2028 1309 2120 1376; x_wconf 85' lang='lat' dir='ltr'><strong>qui</strong></span> 
     </span>
    </p>
   </div>
   <div class='ocr_carea' id='block_1_15' title="bbox 565 1396 2126 1474">
    <p class='ocr_par' dir='ltr' id='par_1_15' title="bbox 565 1396 2126 1474">
     <span class='ocr_line' id='line_1_15' title="bbox 565 1396 2126 1474; baseline -0.002 -16"><span class='ocrx_word' id='word_1_85' title='bbox 565 1405 840 1474; x_wconf 69' lang='lat' dir='ltr'><strong>reliquerit</strong></span> <span class='ocrx_word' id='word_1_86' title='bbox 870 1419 1113 1467; x_wconf 82' lang='lat' dir='ltr'><strong>uxorem,</strong></span> <span class='ocrx_word' id='word_1_87' title='bbox 1166 1396 1246 1457; x_wconf 80' lang='lat' dir='ltr'><strong>vel</strong></span> <span class='ocrx_word' id='word_1_88' title='bbox 1282 1414 1511 1470; x_wconf 74' lang='lat' dir='ltr'><strong>patrem.</strong></span> <span class='ocrx_word' id='word_1_89' title='bbox 1565 1402 1688 1456; x_wconf 59' lang='lat' dir='ltr'><strong>Haec</strong></span> <span class='ocrx_word' id='word_1_90' title='bbox 1746 1403 1872 1455; x_wconf 86' lang='lat' dir='ltr'><strong>dicit</strong></span> <span class='ocrx_word' id='word_1_91' title='bbox 1922 1417 2026 1455; x_wconf 91' lang='lat' dir='ltr'><strong>non</strong></span> <span class='ocrx_word' id='word_1_92' title='bbox 2067 1411 2126 1455; x_wconf 89' lang='lat' dir='ltr'><strong>ut</strong></span> 
     </span>
    </p>
   </div>
   <div class='ocr_carea' id='block_1_16' title="bbox 563 1489 2127 1560">
    <p class='ocr_par' dir='ltr' id='par_1_16' title="bbox 563 1489 2127 1560">
     <span class='ocr_line' id='line_1_16' title="bbox 563 1489 2127 1560; baseline 0.001 -18"><span class='ocrx_word' id='word_1_93' title='bbox 563 1501 809 1560; x_wconf 84' lang='lat' dir='ltr'><strong>parentes</strong></span> <span class='ocrx_word' id='word_1_94' title='bbox 839 1492 964 1545; x_wconf 83' lang='lat' dir='ltr'><strong>velit</strong></span> <span class='ocrx_word' id='word_1_95' title='bbox 993 1489 1190 1545; x_wconf 76' lang='lat' dir='ltr'><strong>auxilio</strong></span> <span class='ocrx_word' id='word_1_96' title='bbox 1217 1491 1456 1553; x_wconf 87' lang='lat' dir='ltr'><strong>destitui,</strong></span> <span class='ocrx_word' id='word_1_97' title='bbox 1489 1501 1541 1543; x_wconf 90' lang='lat' dir='ltr'><strong>et</strong></span> <span class='ocrx_word' id='word_1_98' title='bbox 1566 1491 1631 1543; x_wconf 91' lang='lat' dir='ltr'><strong>ab</strong></span> <span class='ocrx_word' id='word_1_99' title='bbox 1661 1492 1920 1544; x_wconf 80' lang='lat' dir='ltr'><strong>uxoribus</strong></span> <span class='ocrx_word' id='word_1_100' title='bbox 1963 1505 2127 1557; x_wconf 80' lang='lat' dir='ltr'><strong>sepa-</strong></span> 
     </span>
    </p>
   </div>
   <div class='ocr_carea' id='block_1_17' title="bbox 563 1579 2125 1650">
    <p class='ocr_par' dir='ltr' id='par_1_17' title="bbox 563 1579 2125 1650">
     <span class='ocr_line' id='line_1_17' title="bbox 563 1579 2125 1650; baseline -0.001 -17"><span class='ocrx_word' id='word_1_101' title='bbox 563 1579 690 1644; x_wconf 87' lang='lat' dir='ltr'><strong>rari,</strong></span> <span class='ocrx_word' id='word_1_102' title='bbox 719 1581 811 1634; x_wconf 86' lang='lat' dir='ltr'><strong>sed</strong></span> <span class='ocrx_word' id='word_1_103' title='bbox 849 1583 1000 1635; x_wconf 82' lang='lat' dir='ltr'><strong>docet</strong></span> <span class='ocrx_word' id='word_1_104' title='bbox 1041 1595 1137 1633; x_wconf 90' lang='lat' dir='ltr'><strong>nos</strong></span> <span class='ocrx_word' id='word_1_105' title='bbox 1167 1579 1422 1647; x_wconf 70' lang='lat' dir='ltr'><strong>praeferre</strong></span> <span class='ocrx_word' id='word_1_106' title='bbox 1473 1581 1723 1649; x_wconf 80' lang='lat' dir='ltr'><strong>pietatem</strong></span> <span class='ocrx_word' id='word_1_107' title='bbox 1781 1595 1904 1650; x_wconf 73' lang='lat' dir='ltr'><strong>erga</strong></span> <span class='ocrx_word' id='word_1_108' title='bbox 1959 1582 2125 1635; x_wconf 87' lang='lat' dir='ltr'><strong>Deum</strong></span> 
     </span>
    </p>
   </div>
   <div class='ocr_carea' id='block_1_18' title="bbox 562 1668 2128 1738">
    <p class='ocr_par' dir='ltr' id='par_1_18' title="bbox 562 1668 2128 1738">
     <span class='ocr_line' id='line_1_18' title="bbox 562 1668 2128 1738; baseline -0.001 -12"><span class='ocrx_word' id='word_1_109' title='bbox 562 1672 810 1726; x_wconf 87' lang='lat' dir='ltr'><strong>omnibus</strong></span> <span class='ocrx_word' id='word_1_110' title='bbox 836 1671 1159 1725; x_wconf 74' lang='lat' dir='ltr'><strong>carnalibus.</strong></span> <span class='ocrx_word' id='word_1_111' title='bbox 1188 1668 1321 1736; x_wconf 90' lang='lat' dir='ltr'><strong>Quia</strong></span> <span class='ocrx_word' id='word_1_112' title='bbox 1354 1671 1494 1724; x_wconf 86' lang='lat' dir='ltr'><strong>enim</strong></span> <span class='ocrx_word' id='word_1_113' title='bbox 1536 1685 1660 1724; x_wconf 76' lang='lat' dir='ltr'><strong>vere</strong></span> <span class='ocrx_word' id='word_1_114' title='bbox 1709 1669 1902 1724; x_wconf 91' lang='lat' dir='ltr'><strong>bellum</strong></span> <span class='ocrx_word' id='word_1_115' title='bbox 1929 1685 1958 1724; x_wconf 90' lang='lat' dir='ltr'><strong>a</strong></span> <span class='ocrx_word' id='word_1_116' title='bbox 1991 1685 2128 1738; x_wconf 60' lang='lat' dir='ltr'><strong>pre-</strong></span> 
     </span>
    </p>
   </div>
   <div class='ocr_carea' id='block_1_19' title="bbox 563 1757 2126 1827">
    <p class='ocr_par' dir='ltr' id='par_1_19' title="bbox 563 1757 2126 1827">
     <span class='ocr_line' id='line_1_19' title="bbox 563 1757 2126 1827; baseline -0.002 -15"><span class='ocrx_word' id='word_1_117' title='bbox 563 1760 834 1812; x_wconf 83' lang='lat' dir='ltr'><strong>dicatioue</strong></span> <span class='ocrx_word' id='word_1_118' title='bbox 876 1774 1158 1813; x_wconf 84' lang='lat' dir='ltr'><strong>accensum</strong></span> <span class='ocrx_word' id='word_1_119' title='bbox 1211 1767 1348 1819; x_wconf 86' lang='lat' dir='ltr'><strong>erat,</strong></span> <span class='ocrx_word' id='word_1_120' title='bbox 1385 1767 1437 1810; x_wconf 90' lang='lat' dir='ltr'><strong>et</strong></span> <span class='ocrx_word' id='word_1_121' title='bbox 1492 1757 1734 1826; x_wconf 76' lang='lat' dir='ltr'><strong>negaturi</strong></span> <span class='ocrx_word' id='word_1_122' title='bbox 1785 1768 1938 1811; x_wconf 75' lang='lat' dir='ltr'><strong>erant</strong></span> <span class='ocrx_word' id='word_1_123' title='bbox 1978 1761 2126 1827; x_wconf 80' lang='lat' dir='ltr'><strong>pueri</strong></span> 
     </span>
    </p>
   </div>
   <div class='ocr_carea' id='block_1_20' title="bbox 565 1849 2130 1920">
    <p class='ocr_par' dir='ltr' id='par_1_20' title="bbox 565 1849 2130 1920">
     <span class='ocr_line' id='line_1_20' title="bbox 565 1849 2130 1920; baseline 0.001 -18"><span class='ocrx_word' id='word_1_124' title='bbox 565 1860 817 1920; x_wconf 88' lang='lat' dir='ltr'><strong>parentes</strong></span> <span class='ocrx_word' id='word_1_125' title='bbox 849 1862 1064 1919; x_wconf 81' lang='lat' dir='ltr'><strong>propter</strong></span> <span class='ocrx_word' id='word_1_126' title='bbox 1094 1851 1370 1918; x_wconf 87' lang='lat' dir='ltr'><strong>pietatem,</strong></span> <span class='ocrx_word' id='word_1_127' title='bbox 1401 1849 1565 1902; x_wconf 85' lang='lat' dir='ltr'><strong>dicit:</strong></span> <span class='ocrx_word' id='word_1_128' title='bbox 1595 1849 1851 1918; x_wconf 84' lang='lat' dir='ltr'><strong>Quisquis</strong></span> <span class='ocrx_word' id='word_1_129' title='bbox 1899 1850 2130 1919; x_wconf 82' lang='lat' dir='ltr'><strong>relique-</strong></span> 
     </span>
    </p>
   </div>
   <div class='ocr_carea' id='block_1_21' title="bbox 566 1941 2130 2010">
    <p class='ocr_par' dir='ltr' id='par_1_21' title="bbox 566 1941 2130 2010">
     <span class='ocr_line' id='line_1_21' title="bbox 566 1941 2130 2010; baseline 0.001 -17"><span class='ocrx_word' id='word_1_130' title='bbox 566 1941 638 1994; x_wconf 91' lang='lat' dir='ltr'><strong>rit</strong></span> <span class='ocrx_word' id='word_1_131' title='bbox 663 1950 916 2010; x_wconf 75' lang='lat' dir='ltr'><strong>cognatos</strong></span> <span class='ocrx_word' id='word_1_132' title='bbox 945 1957 1091 2010; x_wconf 82' lang='lat' dir='ltr'><strong>quos</strong></span> <span class='ocrx_word' id='word_1_133' title='bbox 1133 1942 1230 1994; x_wconf 84' lang='lat' dir='ltr'><strong>sibi</strong></span> <span class='ocrx_word' id='word_1_134' title='bbox 1275 1949 1461 1994; x_wconf 81' lang='lat' dir='ltr'><strong>natura</strong></span> <span class='ocrx_word' id='word_1_135' title='bbox 1496 1941 1662 2004; x_wconf 80' lang='lat' dir='ltr'><strong>dedit,</strong></span> <span class='ocrx_word' id='word_1_136' title='bbox 1715 1951 1769 1995; x_wconf 89' lang='lat' dir='ltr'><strong>et</strong></span> <span class='ocrx_word' id='word_1_137' title='bbox 1817 1943 1868 1994; x_wconf 92' lang='lat' dir='ltr'><strong>iu</strong></span> <span class='ocrx_word' id='word_1_138' title='bbox 1921 1955 2130 1995; x_wconf 82' lang='lat' dir='ltr'><strong>summa</strong></span> 
     </span>
    </p>
   </div>
   <div class='ocr_carea' id='block_1_22' title="bbox 565 2031 2130 2102">
    <p class='ocr_par' dir='ltr' id='par_1_22' title="bbox 565 2031 2130 2102">
     <span class='ocr_line' id='line_1_22' title="bbox 565 2031 2130 2102; baseline 0.001 -17"><span class='ocrx_word' id='word_1_139' title='bbox 565 2031 866 2100; x_wconf 89' lang='lat' dir='ltr'><strong>corporalia</strong></span> <span class='ocrx_word' id='word_1_140' title='bbox 929 2033 1106 2085; x_wconf 86' lang='lat' dir='ltr'><strong>omnia</strong></span> <span class='ocrx_word' id='word_1_141' title='bbox 1172 2042 1388 2102; x_wconf 84' lang='lat' dir='ltr'><strong>propter</strong></span> <span class='ocrx_word' id='word_1_142' title='bbox 1459 2032 1824 2099; x_wconf 76' lang='lat' dir='ltr'><strong>Evangelium,</strong></span> <span class='ocrx_word' id='word_1_143' title='bbox 1886 2033 2130 2101; x_wconf 81' lang='lat' dir='ltr'><strong>centuplu</strong></span> 
     </span>
    </p>
   </div>
   <div class='ocr_carea' id='block_1_23' title="bbox 565 2123 2134 2192">
    <p class='ocr_par' dir='ltr' id='par_1_23' title="bbox 565 2123 2134 2192">
     <span class='ocr_line' id='line_1_23' title="bbox 565 2123 2134 2192; baseline -0.001 -13"><span class='ocrx_word' id='word_1_144' title='bbox 565 2123 748 2179; x_wconf 82' lang='lat' dir='ltr'><strong>omnia</strong></span> <span class='ocrx_word' id='word_1_145' title='bbox 802 2124 1024 2191; x_wconf 80' lang='lat' dir='ltr'><strong>accipiet</strong></span> <span class='ocrx_word' id='word_1_146' title='bbox 1074 2124 1124 2175; x_wconf 89' lang='lat' dir='ltr'><strong>in</strong></span> <span class='ocrx_word' id='word_1_147' title='bbox 1173 2125 1419 2192; x_wconf 76' lang='lat' dir='ltr'><strong>przesenti</strong></span> <span class='ocrx_word' id='word_1_148' title='bbox 1467 2123 1679 2185; x_wconf 67' lang='lat' dir='ltr'><strong>saeculo,</strong></span> <span class='ocrx_word' id='word_1_149' title='bbox 1726 2133 1779 2177; x_wconf 92' lang='lat' dir='ltr'><strong>et</strong></span> <span class='ocrx_word' id='word_1_150' title='bbox 1834 2125 1886 2178; x_wconf 92' lang='lat' dir='ltr'><strong>in</strong></span> <span class='ocrx_word' id='word_1_151' title='bbox 1952 2123 2134 2177; x_wconf 91' lang='lat' dir='ltr'><strong>futuro</strong></span> 
     </span>
    </p>
   </div>
   <div class='ocr_carea' id='block_1_24' title="bbox 568 2213 2134 2284">
    <p class='ocr_par' dir='ltr' id='par_1_24' title="bbox 568 2213 2134 2284">
     <span class='ocr_line' id='line_1_24' title="bbox 568 2213 2134 2284; baseline 0.003 -20"><span class='ocrx_word' id='word_1_152' title='bbox 568 2216 728 2268; x_wconf 74' lang='lat' dir='ltr'><strong>vitam</strong></span> <span class='ocrx_word' id='word_1_153' title='bbox 763 2223 1039 2268; x_wconf 64' lang='lat' dir='ltr'><strong>aeternam.</strong></span> <span class='ocrx_word' id='word_1_154' title='bbox 1072 2213 1334 2282; x_wconf 79' lang='lat' dir='ltr'><strong>Numquid</strong></span> <span class='ocrx_word' id='word_1_155' title='bbox 1374 2229 1501 2284; x_wconf 73' lang='lat' dir='ltr'><strong>ergo</strong></span> <span class='ocrx_word' id='word_1_156' title='bbox 1532 2223 1585 2268; x_wconf 89' lang='lat' dir='ltr'><strong>et</strong></span> <span class='ocrx_word' id='word_1_157' title='bbox 1637 2215 1892 2270; x_wconf 80' lang='lat' dir='ltr'><strong>mulieres</strong></span> <span class='ocrx_word' id='word_1_158' title='bbox 1923 2227 2134 2270; x_wconf 84' lang='lat' dir='ltr'><strong>centum</strong></span> 
     </span>
    </p>
   </div>
   <div class='ocr_carea' id='block_1_25' title="bbox 567 2306 2136 2372">
    <p class='ocr_par' dir='ltr' id='par_1_25' title="bbox 567 2306 2136 2372">
     <span class='ocr_line' id='line_1_25' title="bbox 567 2306 2136 2372; baseline 0.001 -11"><span class='ocrx_word' id='word_1_159' title='bbox 567 2306 834 2372; x_wconf 77' lang='lat' dir='ltr'><strong>accipiet?</strong></span> <span class='ocrx_word' id='word_1_160' title='bbox 881 2307 1074 2360; x_wconf 82' lang='lat' dir='ltr'><strong>Etiam.</strong></span> <span class='ocrx_word' id='word_1_161' title='bbox 1115 2307 1350 2360; x_wconf 82' lang='lat' dir='ltr'><strong>Tametsi</strong></span> <span class='ocrx_word' id='word_1_162' title='bbox 1397 2307 1707 2362; x_wconf 84' lang='lat' dir='ltr'><strong>maledictus</strong></span> <span class='ocrx_word' id='word_1_163' title='bbox 1746 2307 1986 2363; x_wconf 82' lang='lat' dir='ltr'><strong>Juliums</strong></span> <span class='ocrx_word' id='word_1_164' title='bbox 2035 2309 2136 2364; x_wconf 85' lang='lat' dir='ltr'><strong>hoc</strong></span> 
     </span>
    </p>
   </div>
   <div class='ocr_carea' id='block_1_26' title="bbox 571 2392 2135 2458">
    <p class='ocr_par' dir='ltr' id='par_1_26' title="bbox 571 2392 2135 2458">
     <span class='ocr_line' id='line_1_26' title="bbox 571 2392 2135 2458; baseline 0.001 -11"><span class='ocrx_word' id='word_1_165' title='bbox 571 2394 823 2448; x_wconf 83' lang='lat' dir='ltr'><strong>irriserit.</strong></span> <span class='ocrx_word' id='word_1_166' title='bbox 856 2395 992 2458; x_wconf 86' lang='lat' dir='ltr'><strong>Quid</strong></span> <span class='ocrx_word' id='word_1_167' title='bbox 1025 2395 1230 2447; x_wconf 70' lang='lat' dir='ltr'><strong>confert</strong></span> <span class='ocrx_word' id='word_1_168' title='bbox 1282 2408 1418 2446; x_wconf 77' lang='lat' dir='ltr'><strong>uxor</strong></span> <span class='ocrx_word' id='word_1_169' title='bbox 1467 2393 1653 2446; x_wconf 86' lang='lat' dir='ltr'><strong>domui</strong></span> <span class='ocrx_word' id='word_1_170' title='bbox 1706 2393 1846 2445; x_wconf 71' lang='lat' dir='ltr'><strong>tiri?</strong></span> <span class='ocrx_word' id='word_1_171' title='bbox 1898 2392 2135 2448; x_wconf 82' lang='lat' dir='ltr'><strong>Omnino</strong></span> 
     </span>
    </p>
   </div>
   <div class='ocr_carea' id='block_1_27' title="bbox 571 2482 2138 2550">
    <p class='ocr_par' dir='ltr' id='par_1_27' title="bbox 571 2482 2138 2550">
     <span class='ocr_line' id='line_1_27' title="bbox 571 2482 2138 2550; baseline -0.001 -14"><span class='ocrx_word' id='word_1_172' title='bbox 571 2494 723 2536; x_wconf 84' lang='lat' dir='ltr'><strong>curat</strong></span> <span class='ocrx_word' id='word_1_173' title='bbox 763 2492 819 2534; x_wconf 93' lang='lat' dir='ltr'><strong>ut</strong></span> <span class='ocrx_word' id='word_1_174' title='bbox 854 2482 937 2535; x_wconf 83' lang='lat' dir='ltr'><strong>vir</strong></span> <span class='ocrx_word' id='word_1_175' title='bbox 969 2483 1159 2536; x_wconf 89' lang='lat' dir='ltr'><strong>habeat</strong></span> <span class='ocrx_word' id='word_1_176' title='bbox 1202 2482 1344 2550; x_wconf 90' lang='lat' dir='ltr'><strong>quod</strong></span> <span class='ocrx_word' id='word_1_177' title='bbox 1382 2482 1527 2542; x_wconf 85' lang='lat' dir='ltr'><strong>edat.</strong></span> <span class='ocrx_word' id='word_1_178' title='bbox 1566 2482 1760 2548; x_wconf 86' lang='lat' dir='ltr'><strong>quibus</strong></span> <span class='ocrx_word' id='word_1_179' title='bbox 1786 2482 2060 2546; x_wconf 78' lang='lat' dir='ltr'><strong>induatur,</strong></span> <span class='ocrx_word' id='word_1_180' title='bbox 2085 2491 2138 2534; x_wconf 82' lang='lat' dir='ltr'><strong>et</strong></span> 
     </span>
    </p>
   </div>
   <div class='ocr_carea' id='block_1_28' title="bbox 573 2572 2140 2642">
    <p class='ocr_par' dir='ltr' id='par_1_28' title="bbox 573 2572 2140 2642">
     <span class='ocr_line' id='line_1_28' title="bbox 573 2572 2140 2642; baseline 0.002 -17"><span class='ocrx_word' id='word_1_181' title='bbox 573 2572 763 2625; x_wconf 82' lang='lat' dir='ltr'><strong>horum</strong></span> <span class='ocrx_word' id='word_1_182' title='bbox 812 2575 1050 2626; x_wconf 88' lang='lat' dir='ltr'><strong>Omnium</strong></span> <span class='ocrx_word' id='word_1_183' title='bbox 1097 2589 1282 2627; x_wconf 88' lang='lat' dir='ltr'><strong>curam</strong></span> <span class='ocrx_word' id='word_1_184' title='bbox 1340 2573 1529 2626; x_wconf 83' lang='lat' dir='ltr'><strong>adimit</strong></span> <span class='ocrx_word' id='word_1_185' title='bbox 1579 2573 1716 2626; x_wconf 86' lang='lat' dir='ltr'><strong>viro.</strong></span> <span class='ocrx_word' id='word_1_186' title='bbox 1775 2572 1908 2626; x_wconf 84' lang='lat' dir='ltr'><strong>Vide</strong></span> <span class='ocrx_word' id='word_1_187' title='bbox 1959 2577 2140 2642; x_wconf 83' lang='lat' dir='ltr'><strong>itaque</strong></span> 
     </span>
    </p>
   </div>
   <div class='ocr_carea' id='block_1_29' title="bbox 575 2664 2139 2736">
    <p class='ocr_par' dir='ltr' id='par_1_29' title="bbox 575 2664 2139 2736">
     <span class='ocr_line' id='line_1_29' title="bbox 575 2664 2139 2736; baseline 0.002 -19"><span class='ocrx_word' id='word_1_188' title='bbox 575 2665 676 2717; x_wconf 79' lang='lat' dir='ltr'><strong>huc</strong></span> <span class='ocrx_word' id='word_1_189' title='bbox 728 2665 891 2718; x_wconf 84' lang='lat' dir='ltr'><strong>etiam</strong></span> <span class='ocrx_word' id='word_1_190' title='bbox 940 2664 994 2718; x_wconf 90' lang='lat' dir='ltr'><strong>in</strong></span> <span class='ocrx_word' id='word_1_191' title='bbox 1028 2665 1304 2732; x_wconf 85' lang='lat' dir='ltr'><strong>apostolis.</strong></span> <span class='ocrx_word' id='word_1_192' title='bbox 1343 2665 1484 2731; x_wconf 92' lang='lat' dir='ltr'><strong>Quot</strong></span> <span class='ocrx_word' id='word_1_193' title='bbox 1518 2666 1771 2719; x_wconf 83' lang='lat' dir='ltr'><strong>mulieres</strong></span> <span class='ocrx_word' id='word_1_194' title='bbox 1817 2667 1984 2728; x_wconf 89' lang='lat' dir='ltr'><strong>fuere,</strong></span> <span class='ocrx_word' id='word_1_195' title='bbox 2017 2668 2139 2736; x_wconf 79' lang='lat' dir='ltr'><strong>qui-</strong></span> 
     </span>
    </p>
   </div>
   <div class='ocr_carea' id='block_1_30' title="bbox 574 2753 2142 2823">
    <p class='ocr_par' dir='ltr' id='par_1_30' title="bbox 574 2753 2142 2823">
     <span class='ocr_line' id='line_1_30' title="bbox 574 2753 2142 2823; baseline 0.003 -18"><span class='ocrx_word' id='word_1_196' title='bbox 574 2753 673 2806; x_wconf 85' lang='lat' dir='ltr'><strong>hus</strong></span> <span class='ocrx_word' id='word_1_197' title='bbox 703 2769 829 2806; x_wconf 90' lang='lat' dir='ltr'><strong>cura</strong></span> <span class='ocrx_word' id='word_1_198' title='bbox 867 2765 985 2806; x_wconf 83' lang='lat' dir='ltr'><strong>erat</strong></span> <span class='ocrx_word' id='word_1_199' title='bbox 1018 2756 1083 2807; x_wconf 88' lang='lat' dir='ltr'><strong>de</strong></span> <span class='ocrx_word' id='word_1_200' title='bbox 1129 2755 1324 2809; x_wconf 86' lang='lat' dir='ltr'><strong>amictu</strong></span> <span class='ocrx_word' id='word_1_201' title='bbox 1372 2765 1425 2808; x_wconf 90' lang='lat' dir='ltr'><strong>et</strong></span> <span class='ocrx_word' id='word_1_202' title='bbox 1477 2769 1570 2808; x_wconf 82' lang='lat' dir='ltr'><strong>esu</strong></span> <span class='ocrx_word' id='word_1_203' title='bbox 1628 2755 1859 2817; x_wconf 89' lang='lat' dir='ltr'><strong>illorum,</strong></span> <span class='ocrx_word' id='word_1_204' title='bbox 1911 2764 1964 2808; x_wconf 90' lang='lat' dir='ltr'><strong>et</strong></span> <span class='ocrx_word' id='word_1_205' title='bbox 2024 2771 2142 2823; x_wconf 75' lang='lat' dir='ltr'><strong>quae</strong></span> 
     </span>
    </p>
   </div>
   <div class='ocr_carea' id='block_1_31' title="bbox 577 2844 2138 2913">
    <p class='ocr_par' dir='ltr' id='par_1_31' title="bbox 577 2844 2138 2913">
     <span class='ocr_line' id='line_1_31' title="bbox 577 2844 2138 2913; baseline 0.003 -17"><span class='ocrx_word' id='word_1_206' title='bbox 577 2844 950 2898; x_wconf 86' lang='lat' dir='ltr'><strong>ministraruut</strong></span> <span class='ocrx_word' id='word_1_207' title='bbox 993 2845 1091 2911; x_wconf 82' lang='lat' dir='ltr'><strong>eis,</strong></span> <span class='ocrx_word' id='word_1_208' title='bbox 1137 2844 1228 2913; x_wconf 88' lang='lat' dir='ltr'><strong>qui</strong></span> <span class='ocrx_word' id='word_1_209' title='bbox 1287 2846 1421 2899; x_wconf 85' lang='lat' dir='ltr'><strong>nihil</strong></span> <span class='ocrx_word' id='word_1_210' title='bbox 1476 2845 1664 2898; x_wconf 86' lang='lat' dir='ltr'><strong>horum</strong></span> <span class='ocrx_word' id='word_1_211' title='bbox 1712 2846 1995 2908; x_wconf 79' lang='lat' dir='ltr'><strong>curabant,</strong></span> <span class='ocrx_word' id='word_1_212' title='bbox 2047 2850 2138 2901; x_wconf 88' lang='lat' dir='ltr'><strong>sed</strong></span> 
     </span>
    </p>
   </div>
   <div class='ocr_carea' id='block_1_32' title="bbox 577 2934 2144 2994">
    <p class='ocr_par' dir='ltr' id='par_1_32' title="bbox 577 2934 2144 2994">
     <span class='ocr_line' id='line_1_32' title="bbox 577 2934 2144 2994; baseline 0.003 -6"><span class='ocrx_word' id='word_1_213' title='bbox 577 2934 746 2988; x_wconf 84' lang='lat' dir='ltr'><strong>solum</strong></span> <span class='ocrx_word' id='word_1_214' title='bbox 783 2950 1080 2988; x_wconf 84' lang='lat' dir='ltr'><strong>sermonem</strong></span> <span class='ocrx_word' id='word_1_215' title='bbox 1110 2947 1166 2990; x_wconf 91' lang='lat' dir='ltr'><strong>et</strong></span> <span class='ocrx_word' id='word_1_216' title='bbox 1191 2936 1527 2990; x_wconf 73' lang='lat' dir='ltr'><strong>doctrinam?</strong></span> <span class='ocrx_word' id='word_1_217' title='bbox 1569 2937 1828 2991; x_wconf 90' lang='lat' dir='ltr'><strong>Similiter</strong></span> <span class='ocrx_word' id='word_1_218' title='bbox 1858 2949 2054 2992; x_wconf 86' lang='lat' dir='ltr'><strong>matres</strong></span> <span class='ocrx_word' id='word_1_219' title='bbox 2090 2948 2144 2994; x_wconf 87' lang='lat' dir='ltr'><strong>et</strong></span> 
     </span>
    </p>
   </div>
   <div class='ocr_carea' id='block_1_33' title="bbox 577 3025 2143 3097">
    <p class='ocr_par' dir='ltr' id='par_1_33' title="bbox 577 3025 2143 3097">
     <span class='ocr_line' id='line_1_33' title="bbox 577 3025 2143 3097; baseline 0.006 -24"><span class='ocrx_word' id='word_1_220' title='bbox 577 3034 757 3090; x_wconf 81' lang='lat' dir='ltr'><strong>patres</strong></span> <span class='ocrx_word' id='word_1_221' title='bbox 791 3025 986 3078; x_wconf 87' lang='lat' dir='ltr'><strong>multos</strong></span> <span class='ocrx_word' id='word_1_222' title='bbox 1018 3026 1318 3081; x_wconf 82' lang='lat' dir='ltr'><strong>habuerunt</strong></span> <span class='ocrx_word' id='word_1_223' title='bbox 1360 3027 1610 3097; x_wconf 82' lang='lat' dir='ltr'><strong>apostoli,</strong></span> <span class='ocrx_word' id='word_1_224' title='bbox 1636 3029 1725 3096; x_wconf 86' lang='lat' dir='ltr'><strong>qui</strong></span> <span class='ocrx_word' id='word_1_225' title='bbox 1753 3028 2055 3097; x_wconf 74' lang='lat' dir='ltr'><strong>diligerent,</strong></span> <span class='ocrx_word' id='word_1_226' title='bbox 2089 3039 2143 3083; x_wconf 92' lang='lat' dir='ltr'><strong>et</strong></span> 
     </span>
    </p>
   </div>
   <div class='ocr_carea' id='block_1_34' title="bbox 2220 558 3793 642">
    <p class='ocr_par' dir='ltr' id='par_1_34' title="bbox 2220 558 3793 642">
     <span class='ocr_line' id='line_1_34' title="bbox 2220 558 3793 642; baseline -0.011 -16"><span class='ocrx_word' id='word_1_227' title='bbox 2220 571 2608 642; x_wconf 74' lang='grc' dir='ltr'>καὶ⁸’μητέρας,</span> <span class='ocrx_word' id='word_1_228' title='bbox 2633 570 2728 622; x_wconf 81' lang='grc' dir='ltr'>καὶ</span> <span class='ocrx_word' id='word_1_229' title='bbox 2756 569 2943 628; x_wconf 80' lang='grc' dir='ltr'>τίκνα,</span> <span class='ocrx_word' id='word_1_230' title='bbox 2967 564 3061 618; x_wconf 77' lang='grc' dir='ltr'>καὶ</span> <span class='ocrx_word' id='word_1_231' title='bbox 3090 564 3315 633; x_wconf 76' lang='grc' dir='ltr'>ἀγροὺς,</span> <span class='ocrx_word' id='word_1_232' title='bbox 3347 562 3484 630; x_wconf 85' lang='grc' dir='ltr'><strong>μετά</strong></span> <span class='ocrx_word' id='word_1_233' title='bbox 3511 558 3793 628; x_wconf 85' lang='grc' dir='ltr'>διωγμῶν,</span> 
     </span>
    </p>
   </div>
   <div class='ocr_carea' id='block_1_35' title="bbox 2221 649 3797 732">
    <p class='ocr_par' dir='ltr' id='par_1_35' title="bbox 2221 649 3797 732">
     <span class='ocr_line' id='line_1_35' title="bbox 2221 649 3797 732; baseline -0.011 -15"><span class='ocrx_word' id='word_1_234' title='bbox 2221 666 2314 717; x_wconf 79' lang='grc' dir='ltr'>καὶ</span> <span class='ocrx_word' id='word_1_235' title='bbox 2362 666 2419 716; x_wconf 70' lang='grc' dir='ltr'>ὲν</span> <span class='ocrx_word' id='word_1_236' title='bbox 2451 661 2528 732; x_wconf 86' lang='grc' dir='ltr'>τῷ</span> <span class='ocrx_word' id='word_1_237' title='bbox 2556 660 2712 715; x_wconf 84' lang='grc' dir='ltr'>αίῶνι</span> <span class='ocrx_word' id='word_1_238' title='bbox 2746 659 2824 728; x_wconf 84' lang='grc' dir='ltr'>τῷ</span> <span class='ocrx_word' id='word_1_239' title='bbox 2862 653 3168 726; x_wconf 65' lang='grc' dir='ltr'>ἐρχομίνῳ,</span> <span class='ocrx_word' id='word_1_240' title='bbox 3201 653 3347 723; x_wconf 78' lang='grc' dir='ltr'>ζωὴν</span> <span class='ocrx_word' id='word_1_241' title='bbox 3378 652 3619 704; x_wconf 79' lang='grc' dir='ltr'>αἰώνιον.</span> <span class='ocrx_word' id='word_1_242' title='bbox 3663 649 3797 701; x_wconf 78' lang='grc' dir='ltr'>Πολ-</span> 
     </span>
    </p>
   </div>
   <div class='ocr_carea' id='block_1_36' title="bbox 2207 740 3790 821">
    <p class='ocr_par' dir='ltr' id='par_1_36' title="bbox 2207 740 3790 821">
     <span class='ocr_line' id='line_1_36' title="bbox 2207 740 3790 821; baseline -0.013 -11"><span class='ocrx_word' id='word_1_243' title='bbox 2207 757 2299 813; x_wconf 79' lang='grc' dir='ltr'>,λοὶ</span> <span class='ocrx_word' id='word_1_244' title='bbox 2331 755 2386 808; x_wconf 69' lang='grc' dir='ltr'><strong>δὲ</strong></span> <span class='ocrx_word' id='word_1_245' title='bbox 2422 755 2634 806; x_wconf 76' lang='grc' dir='ltr'>ισονται</span> <span class='ocrx_word' id='word_1_246' title='bbox 2666 751 2874 821; x_wconf 89' lang='grc' dir='ltr'>πρῶτοι</span> <span class='ocrx_word' id='word_1_247' title='bbox 2904 749 3142 818; x_wconf 79' lang='grc' dir='ltr'>ισχατοι,</span> <span class='ocrx_word' id='word_1_248' title='bbox 3170 744 3264 797; x_wconf 73' lang='grc' dir='ltr'>καὶ</span> <span class='ocrx_word' id='word_1_249' title='bbox 3287 744 3337 796; x_wconf 88' lang='grc' dir='ltr'><strong>οί</strong></span> <span class='ocrx_word' id='word_1_250' title='bbox 3376 743 3594 812; x_wconf 71' lang='grc' dir='ltr'>ἔσχατοι</span> <span class='ocrx_word' id='word_1_251' title='bbox 3638 740 3790 808; x_wconf 77' lang='grc' dir='ltr'>πρῶο</span> 
     </span>
    </p>
   </div>
   <div class='ocr_carea' id='block_1_37' title="bbox 2217 831 3793 913">
    <p class='ocr_par' dir='ltr' id='par_1_37' title="bbox 2217 831 3793 913">
     <span class='ocr_line' id='line_1_37' title="bbox 2217 831 3793 913; baseline -0.01 -15"><span class='ocrx_word' id='word_1_252' title='bbox 2217 863 2319 898; x_wconf 87' lang='grc' dir='ltr'>τοι.</span> <span class='ocrx_word' id='word_1_253' title='bbox 2347 865 2364 896; x_wconf 72' lang='grc' dir='ltr'><strong>ι</strong></span> <span class='ocrx_word' id='word_1_254' title='bbox 2399 847 2456 898; x_wconf 89' lang='grc' dir='ltr'><strong>Ὀ</strong></span> <span class='ocrx_word' id='word_1_255' title='bbox 2476 845 2679 913; x_wconf 77' lang='grc' dir='ltr'>Πέτρος</span> <span class='ocrx_word' id='word_1_256' title='bbox 2710 843 2758 894; x_wconf 85' lang='grc' dir='ltr'><strong>εί</strong></span> <span class='ocrx_word' id='word_1_257' title='bbox 2787 841 2879 894; x_wconf 73' lang='grc' dir='ltr'>καὶ</span> <span class='ocrx_word' id='word_1_258' title='bbox 2905 841 3064 904; x_wconf 78' lang='grc' dir='ltr'>ὀλίγα</span> <span class='ocrx_word' id='word_1_259' title='bbox 3090 836 3324 907; x_wconf 79' lang='grc' dir='ltr'>ἀφῆκεν.</span> <span class='ocrx_word' id='word_1_260' title='bbox 3352 834 3468 887; x_wconf 79' lang='grc' dir='ltr'>ἀλλ’</span> <span class='ocrx_word' id='word_1_261' title='bbox 3495 831 3590 887; x_wconf 74' lang='grc' dir='ltr'>οὖν</span> <span class='ocrx_word' id='word_1_262' title='bbox 3619 835 3793 886; x_wconf 75' lang='grc' dir='ltr'>πάντα</span> 
     </span>
    </p>
   </div>
   <div class='ocr_carea' id='block_1_38' title="bbox 2220 927 3796 1006">
    <p class='ocr_par' dir='ltr' id='par_1_38' title="bbox 2220 927 3796 1006">
     <span class='ocr_line' id='line_1_38' title="bbox 2220 927 3796 1006; baseline -0.011 -15"><span class='ocrx_word' id='word_1_263' title='bbox 2220 937 2478 1006; x_wconf 77' lang='grc' dir='ltr'><strong>ὀνομάζει</strong></span> <span class='ocrx_word' id='word_1_264' title='bbox 2511 935 2707 988; x_wconf 84' lang='grc' dir='ltr'>ταῦτα.</span> <span class='ocrx_word' id='word_1_265' title='bbox 2737 935 2843 987; x_wconf 74' lang='grc' dir='ltr'><strong>Καὶ</strong></span> <span class='ocrx_word' id='word_1_266' title='bbox 2874 934 2941 985; x_wconf 79' lang='grc' dir='ltr'>τὰ</span> <span class='ocrx_word' id='word_1_267' title='bbox 2968 931 3124 998; x_wconf 74' lang='grc' dir='ltr'>ὀλίγα</span> <span class='ocrx_word' id='word_1_268' title='bbox 3151 930 3262 998; x_wconf 84' lang='grc' dir='ltr'>γὰρ</span> <span class='ocrx_word' id='word_1_269' title='bbox 3306 927 3507 995; x_wconf 79' lang='grc' dir='ltr'>δεσμὸν</span> <span class='ocrx_word' id='word_1_270' title='bbox 3545 941 3796 995; x_wconf 78' lang='grc' dir='ltr'>προσπα-</span> 
     </span>
    </p>
   </div>
   <div class='ocr_carea' id='block_1_39' title="bbox 2223 1012 3799 1092">
    <p class='ocr_par' dir='ltr' id='par_1_39' title="bbox 2223 1012 3799 1092">
     <span class='ocr_line' id='line_1_39' title="bbox 2223 1012 3799 1092; baseline -0.009 -16"><span class='ocrx_word' id='word_1_271' title='bbox 2223 1025 2376 1085; x_wconf 85' lang='grc' dir='ltr'>θείας</span> <span class='ocrx_word' id='word_1_272' title='bbox 2425 1023 2668 1092; x_wconf 71' lang='grc' dir='ltr'>ἔχουσιν.</span> <span class='ocrx_word' id='word_1_273' title='bbox 2720 1021 2861 1073; x_wconf 84' lang='grc' dir='ltr'>ὥστε</span> <span class='ocrx_word' id='word_1_274' title='bbox 2911 1017 3249 1088; x_wconf 79' lang='grc' dir='ltr'>μακαριστὸς</span> <span class='ocrx_word' id='word_1_275' title='bbox 3309 1016 3406 1068; x_wconf 74' lang='grc' dir='ltr'>καὶ</span> <span class='ocrx_word' id='word_1_276' title='bbox 3452 1015 3482 1065; x_wconf 91' lang='lat'><strong>6</strong></span> <span class='ocrx_word' id='word_1_277' title='bbox 3539 1015 3608 1065; x_wconf 79' lang='grc' dir='ltr'>τὰ</span> <span class='ocrx_word' id='word_1_278' title='bbox 3647 1012 3799 1077; x_wconf 80' lang='grc' dir='ltr'>ὀλίγα</span> 
     </span>
    </p>
   </div>
   <div class='ocr_carea' id='block_1_40' title="bbox 2223 1103 3800 1181">
    <p class='ocr_par' dir='ltr' id='par_1_40' title="bbox 2223 1103 3800 1181">
     <span class='ocr_line' id='line_1_40' title="bbox 2223 1103 3800 1181; baseline -0.009 -14"><span class='ocrx_word' id='word_1_279' title='bbox 2223 1115 2381 1181; x_wconf 83' lang='grc' dir='ltr'>ἀφείς</span> <span class='ocrx_word' id='word_1_280' title='bbox 2417 1131 2431 1145; x_wconf 71' lang='grc' dir='ltr'><strong>ο</strong></span> <span class='ocrx_word' id='word_1_281' title='bbox 2469 1111 2576 1164; x_wconf 82' lang='grc' dir='ltr'>Τοῦ</span> <span class='ocrx_word' id='word_1_282' title='bbox 2608 1112 2665 1164; x_wconf 69' lang='grc' dir='ltr'><strong>δὲ</strong></span> <span class='ocrx_word' id='word_1_283' title='bbox 2689 1112 2896 1181; x_wconf 78' lang='grc' dir='ltr'><strong>Πέτρου</strong></span> <span class='ocrx_word' id='word_1_284' title='bbox 2935 1110 3095 1178; x_wconf 81' lang='grc' dir='ltr'>μόνου</span> <span class='ocrx_word' id='word_1_285' title='bbox 3131 1108 3526 1178; x_wconf 74' lang='grc' dir='ltr'>ἐρωτήσαντος,</span> <span class='ocrx_word' id='word_1_286' title='bbox 3582 1103 3800 1156; x_wconf 76' lang='grc' dir='ltr'>καθολιο</span> 
     </span>
    </p>
   </div>
   <div class='ocr_carea' id='block_1_41' title="bbox 2227 1193 3802 1268">
    <p class='ocr_par' dir='ltr' id='par_1_41' title="bbox 2227 1193 3802 1268">
     <span class='ocr_line' id='line_1_41' title="bbox 2227 1193 3802 1268; baseline -0.009 -11"><span class='ocrx_word' id='word_1_287' title='bbox 2227 1205 2322 1257; x_wconf 79' lang='grc' dir='ltr'>κδν</span> <span class='ocrx_word' id='word_1_288' title='bbox 2362 1207 2595 1257; x_wconf 77' lang='grc' dir='ltr'>ποιεῖται</span> <span class='ocrx_word' id='word_1_289' title='bbox 2649 1203 2742 1254; x_wconf 84' lang='grc' dir='ltr'>τὸν</span> <span class='ocrx_word' id='word_1_290' title='bbox 2806 1201 2960 1268; x_wconf 85' lang='grc' dir='ltr'>λόγον</span> <span class='ocrx_word' id='word_1_291' title='bbox 3008 1201 3036 1249; x_wconf 98' lang='lat'><strong>6</strong></span> <span class='ocrx_word' id='word_1_292' title='bbox 3069 1199 3294 1266; x_wconf 75' lang='grc' dir='ltr'>Κύριος,</span> <span class='ocrx_word' id='word_1_293' title='bbox 3342 1194 3694 1261; x_wconf 60' lang='grc' dir='ltr'>λέγωνοῐιᾶς</span> <span class='ocrx_word' id='word_1_294' title='bbox 3747 1193 3802 1255; x_wconf 78' lang='grc' dir='ltr'>ὃς</span> 
     </span>
    </p>
   </div>
   <div class='ocr_carea' id='block_1_42' title="bbox 2225 1281 3802 1363">
    <p class='ocr_par' dir='ltr' id='par_1_42' title="bbox 2225 1281 3802 1363">
     <span class='ocr_line' id='line_1_42' title="bbox 2225 1281 3802 1363; baseline -0.01 -15"><span class='ocrx_word' id='word_1_295' title='bbox 2225 1296 2434 1363; x_wconf 82' lang='grc' dir='ltr'>ἀφῆκεν</span> <span class='ocrx_word' id='word_1_296' title='bbox 2463 1293 2495 1362; x_wconf 78' lang='grc' dir='ltr'>ἢ</span> <span class='ocrx_word' id='word_1_297' title='bbox 2523 1295 2757 1359; x_wconf 77' lang='grc' dir='ltr'>γυναῖκα</span> <span class='ocrx_word' id='word_1_298' title='bbox 2790 1291 2821 1360; x_wconf 77' lang='grc' dir='ltr'>ἢ</span> <span class='ocrx_word' id='word_1_299' title='bbox 2855 1289 3065 1358; x_wconf 80' lang='grc' dir='ltr'>πατέρα</span> <span class='ocrx_word' id='word_1_300' title='bbox 3095 1305 3107 1317; x_wconf 86' lang='grc'><strong>·</strong></span> <span class='ocrx_word' id='word_1_301' title='bbox 3137 1285 3311 1338; x_wconf 83' lang='grc' dir='ltr'>ταῦτα</span> <span class='ocrx_word' id='word_1_302' title='bbox 3367 1285 3424 1338; x_wconf 68' lang='grc' dir='ltr'><strong>δὲ</strong></span> <span class='ocrx_word' id='word_1_303' title='bbox 3480 1282 3653 1348; x_wconf 75' lang='grc' dir='ltr'>λέγει,</span> <span class='ocrx_word' id='word_1_304' title='bbox 3706 1281 3802 1346; x_wconf 81' lang='grc' dir='ltr'>οὐχ</span> 
     </span>
    </p>
   </div>
   <div class='ocr_carea' id='block_1_43' title="bbox 2227 1373 3802 1453">
    <p class='ocr_par' dir='ltr' id='par_1_43' title="bbox 2227 1373 3802 1453">
     <span class='ocr_line' id='line_1_43' title="bbox 2227 1373 3802 1453; baseline -0.013 -13"><span class='ocrx_word' id='word_1_305' title='bbox 2227 1389 2315 1440; x_wconf 86' lang='grc' dir='ltr'><strong>ίνα</strong></span> <span class='ocrx_word' id='word_1_306' title='bbox 2349 1387 2474 1448; x_wconf 77' lang='grc' dir='ltr'>τοὺς</span> <span class='ocrx_word' id='word_1_307' title='bbox 2505 1386 2747 1453; x_wconf 80' lang='grc' dir='ltr'><strong>πατέρας</strong></span> <span class='ocrx_word' id='word_1_308' title='bbox 2795 1383 2970 1452; x_wconf 77' lang='grc' dir='ltr'>ἐῶμεν</span> <span class='ocrx_word' id='word_1_309' title='bbox 3002 1379 3361 1449; x_wconf 73' lang='grc' dir='ltr'>ἀϐοηθήτους.</span> <span class='ocrx_word' id='word_1_310' title='bbox 3394 1375 3485 1428; x_wconf 73' lang='grc' dir='ltr'>καὶ</span> <span class='ocrx_word' id='word_1_311' title='bbox 3543 1373 3653 1426; x_wconf 86' lang='grc' dir='ltr'><strong>τῶν</strong></span> <span class='ocrx_word' id='word_1_312' title='bbox 3709 1388 3802 1438; x_wconf 78' lang='grc' dir='ltr'>γυ-</span> 
     </span>
    </p>
   </div>
   <div class='ocr_carea' id='block_1_44' title="bbox 2229 1465 3804 1546">
    <p class='ocr_par' dir='ltr' id='par_1_44' title="bbox 2229 1465 3804 1546">
     <span class='ocr_line' id='line_1_44' title="bbox 2229 1465 3804 1546; baseline -0.011 -16"><span class='ocrx_word' id='word_1_313' title='bbox 2229 1477 2432 1531; x_wconf 81' lang='grc' dir='ltr'>ναικῶν</span> <span class='ocrx_word' id='word_1_314' title='bbox 2464 1475 2852 1546; x_wconf 82' lang='grc' dir='ltr'>χωριζὼμεθα,</span> <span class='ocrx_word' id='word_1_315' title='bbox 2889 1472 3021 1525; x_wconf 82' lang='grc' dir='ltr'><strong>ἀλλά</strong></span> <span class='ocrx_word' id='word_1_316' title='bbox 3057 1469 3330 1524; x_wconf 78' lang='grc' dir='ltr'><strong>παιδεύων</strong></span> <span class='ocrx_word' id='word_1_317' title='bbox 3359 1468 3506 1536; x_wconf 77' lang='grc' dir='ltr'>ἡμᾶς</span> <span class='ocrx_word' id='word_1_318' title='bbox 3533 1465 3804 1534; x_wconf 73' lang='grc' dir='ltr'>προτιμᾷν</span> 
     </span>
    </p>
   </div>
   <div class='ocr_carea' id='block_1_45' title="bbox 2227 1554 3809 1640">
    <p class='ocr_par' dir='ltr' id='par_1_45' title="bbox 2227 1554 3809 1640">
     <span class='ocr_line' id='line_1_45' title="bbox 2227 1554 3809 1640; baseline -0.011 -17"><span class='ocrx_word' id='word_1_319' title='bbox 2227 1569 2326 1640; x_wconf 80' lang='grc' dir='ltr'>τὴν</span> <span class='ocrx_word' id='word_1_320' title='bbox 2359 1570 2439 1630; x_wconf 88' lang='grc' dir='ltr'><strong>είς</strong></span> <span class='ocrx_word' id='word_1_321' title='bbox 2467 1568 2600 1619; x_wconf 84' lang='grc' dir='ltr'>Θεὸν</span> <span class='ocrx_word' id='word_1_322' title='bbox 2634 1565 2912 1618; x_wconf 73' lang='grc' dir='ltr'>εὐσέϐειαν</span> <span class='ocrx_word' id='word_1_323' title='bbox 2942 1564 3161 1616; x_wconf 79' lang='grc' dir='ltr'>πάντων</span> <span class='ocrx_word' id='word_1_324' title='bbox 3188 1559 3299 1612; x_wconf 89' lang='grc' dir='ltr'><strong>τῶν</strong></span> <span class='ocrx_word' id='word_1_325' title='bbox 3326 1555 3632 1628; x_wconf 79' lang='grc' dir='ltr'>σαρκικῶν.</span> <span class='ocrx_word' id='word_1_326' title='bbox 3656 1554 3809 1608; x_wconf 77' lang='grc' dir='ltr'>Ἐπεὶ</span> 
     </span>
    </p>
   </div>
   <div class='ocr_carea' id='block_1_46' title="bbox 2230 1644 3806 1729">
    <p class='ocr_par' dir='ltr' id='par_1_46' title="bbox 2230 1644 3806 1729">
     <span class='ocr_line' id='line_1_46' title="bbox 2230 1644 3806 1729; baseline -0.011 -17"><span class='ocrx_word' id='word_1_327' title='bbox 2230 1663 2340 1729; x_wconf 76' lang='grc' dir='ltr'><strong>γὰρ</strong></span> <span class='ocrx_word' id='word_1_328' title='bbox 2392 1659 2622 1724; x_wconf 86' lang='grc' dir='ltr'>πόλεμος</span> <span class='ocrx_word' id='word_1_329' title='bbox 2654 1657 2926 1724; x_wconf 78' lang='grc' dir='ltr'>ἀνήπτετο</span> <span class='ocrx_word' id='word_1_330' title='bbox 2957 1654 3066 1705; x_wconf 81' lang='grc' dir='ltr'><strong>ἀπὸ</strong></span> <span class='ocrx_word' id='word_1_331' title='bbox 3121 1649 3211 1703; x_wconf 88' lang='grc' dir='ltr'><strong>τοῦ</strong></span> <span class='ocrx_word' id='word_1_332' title='bbox 3275 1649 3658 1720; x_wconf 78' lang='grc' dir='ltr'><strong>κηρύγματος,</strong></span> <span class='ocrx_word' id='word_1_333' title='bbox 3717 1644 3806 1698; x_wconf 73' lang='grc' dir='ltr'>καὶ</span> 
     </span>
    </p>
   </div>
   <div class='ocr_carea' id='block_1_47' title="bbox 2230 1733 3808 1820">
    <p class='ocr_par' dir='ltr' id='par_1_47' title="bbox 2230 1733 3808 1820">
     <span class='ocr_line' id='line_1_47' title="bbox 2230 1733 3808 1820; baseline -0.013 -16"><span class='ocrx_word' id='word_1_334' title='bbox 2230 1749 2449 1820; x_wconf 79' lang='grc' dir='ltr'>ιμελλον</span> <span class='ocrx_word' id='word_1_335' title='bbox 2475 1745 2723 1814; x_wconf 67' lang='grc' dir='ltr'>πατέρας</span> <span class='ocrx_word' id='word_1_336' title='bbox 2754 1742 3034 1813; x_wconf 77' lang='grc' dir='ltr'>ἀρνεῖσθαι</span> <span class='ocrx_word' id='word_1_337' title='bbox 3062 1740 3250 1801; x_wconf 80' lang='grc' dir='ltr'>παῖδες</span> <span class='ocrx_word' id='word_1_338' title='bbox 3273 1738 3358 1790; x_wconf 73' lang='grc' dir='ltr'><strong>διὰ</strong></span> <span class='ocrx_word' id='word_1_339' title='bbox 3376 1737 3475 1805; x_wconf 78' lang='grc' dir='ltr'>τὴν</span> <span class='ocrx_word' id='word_1_340' title='bbox 3501 1733 3808 1793; x_wconf 73' lang='grc' dir='ltr'>εὑσέΰειαν,</span> 
     </span>
    </p>
   </div>
   <div class='ocr_carea' id='block_1_48' title="bbox 2234 1824 3808 1908">
    <p class='ocr_par' dir='ltr' id='par_1_48' title="bbox 2234 1824 3808 1908">
     <span class='ocr_line' id='line_1_48' title="bbox 2234 1824 3808 1908; baseline -0.01 -17"><span class='ocrx_word' id='word_1_341' title='bbox 2234 1839 2438 1908; x_wconf 83' lang='grc' dir='ltr'>φησίν·</span> <span class='ocrx_word' id='word_1_342' title='bbox 2500 1837 2687 1896; x_wconf 84' lang='grc' dir='ltr'>Ὅστις</span> <span class='ocrx_word' id='word_1_343' title='bbox 2738 1834 2937 1901; x_wconf 75' lang='grc' dir='ltr'>ἀφήσει</span> <span class='ocrx_word' id='word_1_344' title='bbox 2981 1833 3078 1892; x_wconf 86' lang='grc' dir='ltr'>τὰς</span> <span class='ocrx_word' id='word_1_345' title='bbox 3139 1828 3406 1898; x_wconf 81' lang='grc' dir='ltr'>σαρκικὰς</span> <span class='ocrx_word' id='word_1_346' title='bbox 3463 1824 3808 1894; x_wconf 83' lang='grc' dir='ltr'>συγγενείας,</span> 
     </span>
    </p>
   </div>
   <div class='ocr_carea' id='block_1_49' title="bbox 2236 1915 3808 1990">
    <p class='ocr_par' dir='ltr' id='par_1_49' title="bbox 2236 1915 3808 1990">
     <span class='ocr_line' id='line_1_49' title="bbox 2236 1915 3808 1990; baseline -0.013 -6"><span class='ocrx_word' id='word_1_347' title='bbox 2236 1931 2330 1984; x_wconf 72' lang='grc' dir='ltr'>καὶ</span> <span class='ocrx_word' id='word_1_348' title='bbox 2361 1927 2548 1989; x_wconf 86' lang='grc' dir='ltr'>ἀπλῶς</span> <span class='ocrx_word' id='word_1_349' title='bbox 2603 1926 2780 1977; x_wconf 72' lang='grc' dir='ltr'>πάντα</span> <span class='ocrx_word' id='word_1_350' title='bbox 2810 1923 2880 1974; x_wconf 90' lang='grc' dir='ltr'><strong>τά</strong></span> <span class='ocrx_word' id='word_1_351' title='bbox 2930 1920 3220 1990; x_wconf 82' lang='grc' dir='ltr'>σωματικά</span> <span class='ocrx_word' id='word_1_352' title='bbox 3253 1920 3444 1970; x_wconf 69' lang='grc' dir='ltr'>ἕνεκεν</span> <span class='ocrx_word' id='word_1_353' title='bbox 3479 1915 3575 1968; x_wconf 87' lang='grc' dir='ltr'><strong>τοῦ</strong></span> <span class='ocrx_word' id='word_1_354' title='bbox 3630 1915 3808 1987; x_wconf 77' lang='grc' dir='ltr'>Εὐαγ-</span> 
     </span>
    </p>
   </div>
   <div class='ocr_carea' id='block_1_50' title="bbox 2235 2002 3812 2087">
    <p class='ocr_par' dir='ltr' id='par_1_50' title="bbox 2235 2002 3812 2087">
     <span class='ocr_line' id='line_1_50' title="bbox 2235 2002 3812 2087; baseline -0.013 -14"><span class='ocrx_word' id='word_1_355' title='bbox 2235 2019 2436 2087; x_wconf 86' lang='grc' dir='ltr'>γελίου,</span> <span class='ocrx_word' id='word_1_356' title='bbox 2476 2011 3003 2070; x_wconf 68' lang='grc' dir='ltr'>ἑκατονταπλασίονα</span> <span class='ocrx_word' id='word_1_357' title='bbox 3036 2010 3213 2061; x_wconf 78' lang='grc' dir='ltr'>πάντα</span> <span class='ocrx_word' id='word_1_358' title='bbox 3243 2007 3474 2075; x_wconf 72' lang='grc' dir='ltr'>λήψεται</span> <span class='ocrx_word' id='word_1_359' title='bbox 3507 2005 3564 2056; x_wconf 74' lang='grc' dir='ltr'>ἐν</span> <span class='ocrx_word' id='word_1_360' title='bbox 3585 2002 3664 2072; x_wconf 82' lang='grc' dir='ltr'>τῷ</span> <span class='ocrx_word' id='word_1_361' title='bbox 3719 2002 3812 2053; x_wconf 83' lang='grc' dir='ltr'><strong>νῦν</strong></span> 
     </span>
    </p>
   </div>
   <div class='ocr_carea' id='block_1_51' title="bbox 2236 2091 3813 2173">
    <p class='ocr_par' dir='ltr' id='par_1_51' title="bbox 2236 2091 3813 2173">
     <span class='ocr_line' id='line_1_51' title="bbox 2236 2091 3813 2173; baseline -0.013 -10"><span class='ocrx_word' id='word_1_362' title='bbox 2236 2111 2411 2173; x_wconf 76' lang='grc' dir='ltr'>αἰῶνι,</span> <span class='ocrx_word' id='word_1_363' title='bbox 2437 2110 2531 2160; x_wconf 73' lang='grc' dir='ltr'>καὶ</span> <span class='ocrx_word' id='word_1_364' title='bbox 2568 2109 2624 2158; x_wconf 79' lang='grc' dir='ltr'>ὲν</span> <span class='ocrx_word' id='word_1_365' title='bbox 2650 2104 2727 2173; x_wconf 80' lang='grc' dir='ltr'>τῷ</span> <span class='ocrx_word' id='word_1_366' title='bbox 2757 2104 3035 2172; x_wconf 65' lang='grc' dir='ltr'>ἔρχομένῳ</span> <span class='ocrx_word' id='word_1_367' title='bbox 3066 2101 3212 2169; x_wconf 78' lang='grc' dir='ltr'>ζωὴν</span> <span class='ocrx_word' id='word_1_368' title='bbox 3239 2099 3481 2150; x_wconf 75' lang='grc' dir='ltr'>αἰώνιον.</span> <span class='ocrx_word' id='word_1_369' title='bbox 3513 2091 3667 2162; x_wconf 69' lang='grc' dir='ltr'>’Δρα</span> <span class='ocrx_word' id='word_1_370' title='bbox 3721 2091 3813 2145; x_wconf 81' lang='grc' dir='ltr'><strong>οῦν</strong></span> 
     </span>
    </p>
   </div>
   <div class='ocr_carea' id='block_1_52' title="bbox 2238 2184 3815 2267">
    <p class='ocr_par' dir='ltr' id='par_1_52' title="bbox 2238 2184 3815 2267">
     <span class='ocr_line' id='line_1_52' title="bbox 2238 2184 3815 2267; baseline -0.011 -14"><span class='ocrx_word' id='word_1_371' title='bbox 2238 2201 2332 2253; x_wconf 74' lang='grc' dir='ltr'>καὶ</span> <span class='ocrx_word' id='word_1_372' title='bbox 2363 2201 2625 2267; x_wconf 81' lang='grc' dir='ltr'>γυναῖκας</span> <span class='ocrx_word' id='word_1_373' title='bbox 2657 2191 3217 2252; x_wconf 80' lang='grc' dir='ltr'>ἑκατονταπλασίονας</span> <span class='ocrx_word' id='word_1_374' title='bbox 3240 2189 3513 2256; x_wconf 73' lang='grc' dir='ltr'>λήψεταις</span> <span class='ocrx_word' id='word_1_375' title='bbox 3543 2186 3651 2240; x_wconf 80' lang='grc' dir='ltr'>Ναί</span> <span class='ocrx_word' id='word_1_376' title='bbox 3679 2201 3691 2214; x_wconf 75' lang='grc'><strong><em>⁸</em></strong></span> <span class='ocrx_word' id='word_1_377' title='bbox 3713 2184 3815 2238; x_wconf 69' lang='grc' dir='ltr'><strong>κάν</strong></span> 
     </span>
    </p>
   </div>
   <div class='ocr_carea' id='block_1_53' title="bbox 2238 2270 3818 2356">
    <p class='ocr_par' dir='ltr' id='par_1_53' title="bbox 2238 2270 3818 2356">
     <span class='ocr_line' id='line_1_53' title="bbox 2238 2270 3818 2356; baseline -0.012 -11"><span class='ocrx_word' id='word_1_378' title='bbox 2238 2293 2266 2344; x_wconf 92' lang='lat'><strong>6</strong></span> <span class='ocrx_word' id='word_1_379' title='bbox 2322 2290 2626 2356; x_wconf 82' lang='grc' dir='ltr'>κατάρατος</span> <span class='ocrx_word' id='word_1_380' title='bbox 2664 2284 2951 2346; x_wconf 80' lang='grc' dir='ltr'>Ἰουλιανὸς</span> <span class='ocrx_word' id='word_1_381' title='bbox 2996 2281 3277 2350; x_wconf 77' lang='grc' dir='ltr'>ἑκωμῲδει</span> <span class='ocrx_word' id='word_1_382' title='bbox 3316 2281 3475 2332; x_wconf 86' lang='grc' dir='ltr'>τοῦτο</span> <span class='ocrx_word' id='word_1_383' title='bbox 3501 2295 3513 2308; x_wconf 94' lang='grc'><strong>·</strong></span> <span class='ocrx_word' id='word_1_384' title='bbox 3544 2270 3666 2328; x_wconf 54' lang='lat' dir='ltr'><strong>sine</strong></span> <span class='ocrx_word' id='word_1_385' title='bbox 3727 2292 3818 2348; x_wconf 85' lang='grc' dir='ltr'><strong>μοι</strong></span> 
     </span>
    </p>
   </div>
   <div class='ocr_carea' id='block_1_54' title="bbox 2239 2366 3815 2451">
    <p class='ocr_par' dir='ltr' id='par_1_54' title="bbox 2239 2366 3815 2451">
     <span class='ocr_line' id='line_1_54' title="bbox 2239 2366 3815 2451; baseline -0.011 -15"><span class='ocrx_word' id='word_1_386' title='bbox 2239 2383 2369 2451; x_wconf 79' lang='grc' dir='ltr'>γὰρ,</span> <span class='ocrx_word' id='word_1_387' title='bbox 2411 2381 2461 2432; x_wconf 90' lang='grc' dir='ltr'><strong>τί</strong></span> <span class='ocrx_word' id='word_1_388' title='bbox 2497 2377 2862 2447; x_wconf 66' lang='grc' dir='ltr'>ωμόἐλ).εται</span> <span class='ocrx_word' id='word_1_389' title='bbox 2919 2378 2952 2444; x_wconf 72' lang='grc' dir='ltr'><strong>ἡ</strong></span> <span class='ocrx_word' id='word_1_390' title='bbox 2980 2375 3118 2442; x_wconf 77' lang='grc' dir='ltr'>γυνὴ</span> <span class='ocrx_word' id='word_1_391' title='bbox 3159 2373 3295 2442; x_wconf 72' lang='grc' dir='ltr'>πρὸς</span> <span class='ocrx_word' id='word_1_392' title='bbox 3354 2371 3452 2441; x_wconf 81' lang='grc' dir='ltr'>τὴν</span> <span class='ocrx_word' id='word_1_393' title='bbox 3508 2370 3689 2422; x_wconf 83' lang='grc' dir='ltr'>οίκίαν</span> <span class='ocrx_word' id='word_1_394' title='bbox 3723 2366 3815 2420; x_wconf 85' lang='grc' dir='ltr'><strong>τοῦ</strong></span> 
     </span>
    </p>
   </div>
   <div class='ocr_carea' id='block_1_55' title="bbox 2240 2462 3818 2543">
    <p class='ocr_par' dir='ltr' id='par_1_55' title="bbox 2240 2462 3818 2543">
     <span class='ocr_line' id='line_1_55' title="bbox 2240 2462 3818 2543; baseline -0.011 -15"><span class='ocrx_word' id='word_1_395' title='bbox 2240 2474 2433 2543; x_wconf 85' lang='grc' dir='ltr'>ἀνδρός</span> <span class='ocrx_word' id='word_1_396' title='bbox 2461 2488 2477 2536; x_wconf 89' lang='lat'><strong>;</strong></span> <span class='ocrx_word' id='word_1_397' title='bbox 2511 2471 2736 2532; x_wconf 79' lang='grc' dir='ltr'>Πάντως</span> <span class='ocrx_word' id='word_1_398' title='bbox 2760 2469 3098 2537; x_wconf 79' lang='grc' dir='ltr'>ἐπιμελεῖται</span> <span class='ocrx_word' id='word_1_399' title='bbox 3118 2469 3212 2535; x_wconf 77' lang='grc' dir='ltr'>τῆς</span> <span class='ocrx_word' id='word_1_400' title='bbox 3243 2464 3452 2534; x_wconf 78' lang='grc' dir='ltr'>τροφῆς</span> <span class='ocrx_word' id='word_1_401' title='bbox 3477 2462 3571 2514; x_wconf 85' lang='grc' dir='ltr'><strong>τοῦ</strong></span> <span class='ocrx_word' id='word_1_402' title='bbox 3602 2462 3818 2532; x_wconf 75' lang='grc' dir='ltr'>ἀνδρὸς,</span> 
     </span>
    </p>
   </div>
   <div class='ocr_carea' id='block_1_56' title="bbox 2240 2555 3818 2630">
    <p class='ocr_par' dir='ltr' id='par_1_56' title="bbox 2240 2555 3818 2630">
     <span class='ocr_line' id='line_1_56' title="bbox 2240 2555 3818 2630; baseline -0.008 -13"><span class='ocrx_word' id='word_1_403' title='bbox 2240 2567 2346 2618; x_wconf 87' lang='grc' dir='ltr'><strong>τῶν</strong></span> <span class='ocrx_word' id='word_1_404' title='bbox 2376 2561 2710 2630; x_wconf 68' lang='grc' dir='ltr'>ὶνδυμάτων,</span> <span class='ocrx_word' id='word_1_405' title='bbox 2749 2562 2844 2612; x_wconf 76' lang='grc' dir='ltr'>καὶ</span> <span class='ocrx_word' id='word_1_406' title='bbox 2880 2560 3059 2611; x_wconf 74' lang='grc' dir='ltr'>πᾶσαν</span> <span class='ocrx_word' id='word_1_407' title='bbox 3088 2559 3440 2627; x_wconf 69' lang='grc' dir='ltr'>ἀφροντισίαν</span> <span class='ocrx_word' id='word_1_408' title='bbox 3473 2557 3582 2608; x_wconf 74' lang='grc' dir='ltr'>ἀπὸ</span> <span class='ocrx_word' id='word_1_409' title='bbox 3609 2555 3818 2607; x_wconf 80' lang='grc' dir='ltr'>τούτων</span> 
     </span>
    </p>
   </div>
   <div class='ocr_carea' id='block_1_57' title="bbox 2243 2645 3822 2724">
    <p class='ocr_par' dir='ltr' id='par_1_57' title="bbox 2243 2645 3822 2724">
     <span class='ocr_line' id='line_1_57' title="bbox 2243 2645 3822 2724; baseline -0.009 -15"><span class='ocrx_word' id='word_1_410' title='bbox 2243 2657 2364 2724; x_wconf 85' lang='grc' dir='ltr'>ἇγει</span> <span class='ocrx_word' id='word_1_411' title='bbox 2393 2657 2421 2706; x_wconf 97' lang='lat'><strong>6</strong></span> <span class='ocrx_word' id='word_1_412' title='bbox 2449 2655 2624 2722; x_wconf 72' lang='grc' dir='ltr'>ἀνὴρ..</span> <span class='ocrx_word' id='word_1_413' title='bbox 2653 2651 2756 2703; x_wconf 85' lang='grc' dir='ltr'>Ἱδε</span> <span class='ocrx_word' id='word_1_414' title='bbox 2789 2650 2966 2703; x_wconf 82' lang='grc' dir='ltr'>τοίνυν</span> <span class='ocrx_word' id='word_1_415' title='bbox 2996 2648 3155 2701; x_wconf 87' lang='grc' dir='ltr'>τοῦτο</span> <span class='ocrx_word' id='word_1_416' title='bbox 3183 2648 3275 2699; x_wconf 81' lang='grc' dir='ltr'>καὶ</span> <span class='ocrx_word' id='word_1_417' title='bbox 3323 2649 3417 2698; x_wconf 68' lang='lat' dir='ltr'><strong>tari.</strong></span> <span class='ocrx_word' id='word_1_418' title='bbox 3441 2647 3548 2699; x_wconf 81' lang='grc' dir='ltr'><strong>τῶν</strong></span> <span class='ocrx_word' id='word_1_419' title='bbox 3587 2645 3822 2700; x_wconf 80' lang='grc' dir='ltr'>ἀποστό-</span> 
     </span>
    </p>
   </div>
   <div class='ocr_carea' id='block_1_58' title="bbox 2243 2737 3817 2811">
    <p class='ocr_par' dir='ltr' id='par_1_58' title="bbox 2243 2737 3817 2811">
     <span class='ocr_line' id='line_1_58' title="bbox 2243 2737 3817 2811; baseline -0.006 -14"><span class='ocrx_word' id='word_1_420' title='bbox 2243 2748 2370 2809; x_wconf 78' lang='grc' dir='ltr'>λων,</span> <span class='ocrx_word' id='word_1_421' title='bbox 2407 2746 2568 2796; x_wconf 79' lang='grc' dir='ltr'>πόσαι</span> <span class='ocrx_word' id='word_1_422' title='bbox 2597 2743 2855 2809; x_wconf 82' lang='grc' dir='ltr'>γυναῖκες</span> <span class='ocrx_word' id='word_1_423' title='bbox 2883 2739 3195 2811; x_wconf 69' lang='grc' dir='ltr'>ἐφρόντιζον</span> <span class='ocrx_word' id='word_1_424' title='bbox 3228 2738 3338 2790; x_wconf 89' lang='grc' dir='ltr'><strong>τῶν</strong></span> <span class='ocrx_word' id='word_1_425' title='bbox 3371 2737 3693 2806; x_wconf 63' lang='grc' dir='ltr'>ἔνδυμάτων</span> <span class='ocrx_word' id='word_1_426' title='bbox 3723 2737 3817 2788; x_wconf 73' lang='grc' dir='ltr'>καὶ</span> 
     </span>
    </p>
   </div>
   <div class='ocr_carea' id='block_1_59' title="bbox 2241 2828 3822 2905">
    <p class='ocr_par' dir='ltr' id='par_1_59' title="bbox 2241 2828 3822 2905">
     <span class='ocr_line' id='line_1_59' title="bbox 2241 2828 3822 2905; baseline -0.008 -15"><span class='ocrx_word' id='word_1_427' title='bbox 2241 2839 2349 2890; x_wconf 86' lang='grc' dir='ltr'><strong>τῶν</strong></span> <span class='ocrx_word' id='word_1_428' title='bbox 2435 2835 2738 2905; x_wconf 76' lang='grc' dir='ltr'><strong>βρωμάτων</strong></span> <span class='ocrx_word' id='word_1_429' title='bbox 2815 2830 2996 2884; x_wconf 76' lang='grc' dir='ltr'>αὐτῶν</span> <span class='ocrx_word' id='word_1_430' title='bbox 3028 2869 3044 2892; x_wconf 86' lang='grc'><strong>,</strong></span> <span class='ocrx_word' id='word_1_431' title='bbox 3111 2831 3204 2882; x_wconf 73' lang='grc' dir='ltr'>καὶ</span> <span class='ocrx_word' id='word_1_432' title='bbox 3284 2829 3564 2896; x_wconf 74' lang='grc' dir='ltr'>διηκόνουν</span> <span class='ocrx_word' id='word_1_433' title='bbox 3637 2828 3822 2888; x_wconf 73' lang='grc' dir='ltr'>αὐτοῖς</span> 
     </span>
    </p>
   </div>
   <div class='ocr_carea' id='block_1_60' title="bbox 2247 2915 3824 2998">
    <p class='ocr_par' dir='ltr' id='par_1_60' title="bbox 2247 2915 3824 2998">
     <span class='ocr_line' id='line_1_60' title="bbox 2247 2915 3824 2998; baseline -0.004 -22"><span class='ocrx_word' id='word_1_434' title='bbox 2247 2928 2469 2998; x_wconf 68' lang='grc' dir='ltr'>μηδενὸς</span> <span class='ocrx_word' id='word_1_435' title='bbox 2500 2923 2896 2996; x_wconf 77' lang='grc' dir='ltr'>φροντίζουσιν,</span> <span class='ocrx_word' id='word_1_436' title='bbox 2943 2923 2990 2974; x_wconf 85' lang='grc' dir='ltr'><strong>εί</strong></span> <span class='ocrx_word' id='word_1_437' title='bbox 3052 2921 3126 2990; x_wconf 82' lang='grc' dir='ltr'>μὴ</span> <span class='ocrx_word' id='word_1_438' title='bbox 3164 2921 3324 2990; x_wconf 80' lang='grc' dir='ltr'>μόνου</span> <span class='ocrx_word' id='word_1_439' title='bbox 3370 2919 3463 2972; x_wconf 88' lang='grc' dir='ltr'><strong>τοῦ</strong></span> <span class='ocrx_word' id='word_1_440' title='bbox 3518 2919 3682 2987; x_wconf 74' lang='grc' dir='ltr'>λόγιυ</span> <span class='ocrx_word' id='word_1_441' title='bbox 3731 2915 3824 2970; x_wconf 74' lang='grc' dir='ltr'>καὶ</span> 
     </span>
    </p>
   </div>
   <div class='ocr_carea' id='block_1_61' title="bbox 2246 3012 3826 3088">
    <p class='ocr_par' dir='ltr' id='par_1_61' title="bbox 2246 3012 3826 3088">
     <span class='ocr_line' id='line_1_61' title="bbox 2246 3012 3826 3088; baseline -0.005 -16"><span class='ocrx_word' id='word_1_442' title='bbox 2246 3023 2344 3088; x_wconf 77' lang='grc' dir='ltr'>τῆς</span> <span class='ocrx_word' id='word_1_443' title='bbox 2400 3018 2804 3080; x_wconf 75' lang='grc' dir='ltr'>διδασκαλίαςς</span> <span class='ocrx_word' id='word_1_444' title='bbox 2864 3014 3096 3084; x_wconf 88' lang='grc' dir='ltr'>Ὁμοίως</span> <span class='ocrx_word' id='word_1_445' title='bbox 3147 3015 3240 3067; x_wconf 79' lang='grc' dir='ltr'>καὶ</span> <span class='ocrx_word' id='word_1_446' title='bbox 3301 3014 3544 3082; x_wconf 78' lang='grc' dir='ltr'>πατέρας</span> <span class='ocrx_word' id='word_1_447' title='bbox 3601 3012 3698 3066; x_wconf 71' lang='grc' dir='ltr'>καὶ</span> <span class='ocrx_word' id='word_1_448' title='bbox 3731 3028 3826 3082; x_wconf 80' lang='grc' dir='ltr'><strong>μη-</strong></span> 
     </span>
    </p>
   </div>
   <div class='ocr_carea' id='block_1_62' title="bbox 577 3104 2140 3201">
    <p class='ocr_par' dir='ltr' id='par_1_62' title="bbox 577 3114 2139 3187">
     <span class='ocr_line' id='line_1_62' title="bbox 577 3114 2139 3187; baseline 0.004 -22"><span class='ocrx_word' id='word_1_449' title='bbox 577 3115 751 3167; x_wconf 88' lang='lat' dir='ltr'><strong>amico</strong></span> <span class='ocrx_word' id='word_1_450' title='bbox 784 3114 974 3168; x_wconf 80' lang='lat' dir='ltr'><strong>affectu</strong></span> <span class='ocrx_word' id='word_1_451' title='bbox 1004 3131 1130 3186; x_wconf 74' lang='lat' dir='ltr'><strong>erga</strong></span> <span class='ocrx_word' id='word_1_452' title='bbox 1173 3131 1230 3172; x_wconf 90' lang='lat' dir='ltr'><strong>se</strong></span> <span class='ocrx_word' id='word_1_453' title='bbox 1271 3127 1472 3172; x_wconf 88' lang='lat' dir='ltr'><strong>essent.</strong></span> <span class='ocrx_word' id='word_1_454' title='bbox 1512 3117 1574 3170; x_wconf 85' lang='lat' dir='ltr'><strong>Et</strong></span> <span class='ocrx_word' id='word_1_455' title='bbox 1630 3117 1819 3173; x_wconf 86' lang='lat' dir='ltr'><strong>Petrus</strong></span> <span class='ocrx_word' id='word_1_456' title='bbox 1854 3120 1941 3187; x_wconf 88' lang='lat' dir='ltr'><strong>qui</strong></span> <span class='ocrx_word' id='word_1_457' title='bbox 1979 3135 2139 3172; x_wconf 89' lang='lat' dir='ltr'><strong>uuam</strong></span> 
     </span>
    </p>
   </div>
   <div class='ocr_carea' id='block_1_63' title="bbox 2242 3104 3823 3201">
    <p class='ocr_par' dir='ltr' id='par_1_63' title="bbox 2247 3104 3823 3181">
     <span class='ocr_line' id='line_1_63' title="bbox 2247 3104 3823 3181; baseline -0.006 -17"><span class='ocrx_word' id='word_1_458' title='bbox 2247 3112 2409 3181; x_wconf 82' lang='grc' dir='ltr'>τέρας</span> <span class='ocrx_word' id='word_1_459' title='bbox 2463 3109 2657 3170; x_wconf 77' lang='grc' dir='ltr'>πολλᾶς</span> <span class='ocrx_word' id='word_1_460' title='bbox 2708 3104 2853 3177; x_wconf 77' lang='grc' dir='ltr'>εἶχον</span> <span class='ocrx_word' id='word_1_461' title='bbox 2889 3109 2938 3160; x_wconf 91' lang='grc' dir='ltr'><strong>οί</strong></span> <span class='ocrx_word' id='word_1_462' title='bbox 3001 3106 3312 3171; x_wconf 84' lang='grc' dir='ltr'>ἀπόστολοι,</span> <span class='ocrx_word' id='word_1_463' title='bbox 3379 3108 3506 3167; x_wconf 70' lang='grc' dir='ltr'>τοὺς</span> <span class='ocrx_word' id='word_1_464' title='bbox 3563 3105 3823 3174; x_wconf 82' lang='grc' dir='ltr'>ἀγαπῶν-</span> 
     </span>
    </p>
   </div>
   <div class='ocr_carea' id='block_1_64' title="bbox 577 3205 2139 3278">
    <p class='ocr_par' dir='ltr' id='par_1_64' title="bbox 577 3205 2139 3278">
     <span class='ocr_line' id='line_1_64' title="bbox 577 3205 2139 3278; baseline 0.003 -21"><span class='ocrx_word' id='word_1_465' title='bbox 577 3207 790 3257; x_wconf 90' lang='lat' dir='ltr'><strong>domum</strong></span> <span class='ocrx_word' id='word_1_466' title='bbox 847 3205 1155 3274; x_wconf 78' lang='lat' dir='ltr'><strong>reliquerat,</strong></span> <span class='ocrx_word' id='word_1_467' title='bbox 1203 3217 1387 3275; x_wconf 84' lang='lat' dir='ltr'><strong>postea</strong></span> <span class='ocrx_word' id='word_1_468' title='bbox 1448 3208 1688 3262; x_wconf 91' lang='lat' dir='ltr'><strong>omnium</strong></span> <span class='ocrx_word' id='word_1_469' title='bbox 1755 3209 2139 3278; x_wconf 89' lang='lat' dir='ltr'><strong>discipulorum</strong></span> 
     </span>
    </p>
   </div>
   <div class='ocr_carea' id='block_1_65' title="bbox 575 3295 2142 3370">
    <p class='ocr_par' dir='ltr' id='par_1_65' title="bbox 575 3295 2142 3370">
     <span class='ocr_line' id='line_1_65' title="bbox 575 3295 2142 3370; baseline 0.001 -19"><span class='ocrx_word' id='word_1_470' title='bbox 575 3295 765 3351; x_wconf 65' lang='lat' dir='ltr'><strong>domos</strong></span> <span class='ocrx_word' id='word_1_471' title='bbox 797 3296 1046 3353; x_wconf 84' lang='lat' dir='ltr'><strong>habebat.</strong></span> <span class='ocrx_word' id='word_1_472' title='bbox 1093 3298 1154 3350; x_wconf 82' lang='lat' dir='ltr'><strong>Et</strong></span> <span class='ocrx_word' id='word_1_473' title='bbox 1201 3314 1339 3354; x_wconf 91' lang='lat' dir='ltr'><strong>nunc</strong></span> <span class='ocrx_word' id='word_1_474' title='bbox 1382 3315 1592 3366; x_wconf 81' lang='lat' dir='ltr'><strong>quoque</strong></span> <span class='ocrx_word' id='word_1_475' title='bbox 1634 3301 1834 3370; x_wconf 87' lang='lat' dir='ltr'><strong>ubique</strong></span> <span class='ocrx_word' id='word_1_476' title='bbox 1877 3312 2142 3356; x_wconf 89' lang='lat' dir='ltr'><strong>terrarum</strong></span> 
     </span>
    </p>
   </div>
   <div class='ocr_carea' id='block_1_66' title="bbox 577 3385 2146 3457">
    <p class='ocr_par' dir='ltr' id='par_1_66' title="bbox 577 3385 2146 3457">
     <span class='ocr_line' id='line_1_66' title="bbox 577 3385 2146 3457; baseline 0.007 -23"><span class='ocrx_word' id='word_1_477' title='bbox 577 3392 754 3434; x_wconf 89' lang='lat' dir='ltr'><strong>erecta</strong></span> <span class='ocrx_word' id='word_1_478' title='bbox 788 3394 910 3436; x_wconf 85' lang='lat' dir='ltr'><strong>sunt</strong></span> <span class='ocrx_word' id='word_1_479' title='bbox 940 3385 1134 3452; x_wconf 78' lang='lat' dir='ltr'><strong>templa</strong></span> <span class='ocrx_word' id='word_1_480' title='bbox 1165 3386 1214 3439; x_wconf 90' lang='lat' dir='ltr'><strong>in</strong></span> <span class='ocrx_word' id='word_1_481' title='bbox 1247 3387 1462 3441; x_wconf 90' lang='lat' dir='ltr'><strong>nomine</strong></span> <span class='ocrx_word' id='word_1_482' title='bbox 1489 3388 1624 3457; x_wconf 86' lang='lat' dir='ltr'><strong>ejus,</strong></span> <span class='ocrx_word' id='word_1_483' title='bbox 1662 3404 1781 3457; x_wconf 73' lang='lat' dir='ltr'><strong>quae</strong></span> <span class='ocrx_word' id='word_1_484' title='bbox 1825 3401 1948 3444; x_wconf 85' lang='lat' dir='ltr'><strong>sunt</strong></span> <span class='ocrx_word' id='word_1_485' title='bbox 1988 3391 2146 3445; x_wconf 70' lang='lat' dir='ltr'><strong>clara:</strong></span> 
     </span>
    </p>
   </div>
   <div class='ocr_carea' id='block_1_67' title="bbox 579 3472 2146 3550">
    <p class='ocr_par' dir='ltr' id='par_1_67' title="bbox 579 3472 2146 3550">
     <span class='ocr_line' id='line_1_67' title="bbox 579 3472 2146 3550; baseline 0.007 -24"><span class='ocrx_word' id='word_1_486' title='bbox 579 3472 791 3528; x_wconf 74' lang='lat' dir='ltr'><strong>domus.</strong></span> <span class='ocrx_word' id='word_1_487' title='bbox 827 3474 889 3528; x_wconf 83' lang='lat' dir='ltr'><strong>Et</strong></span> <span class='ocrx_word' id='word_1_488' title='bbox 920 3477 1062 3544; x_wconf 88' lang='lat' dir='ltr'><strong>quod</strong></span> <span class='ocrx_word' id='word_1_489' title='bbox 1092 3476 1285 3545; x_wconf 73' lang='lat' dir='ltr'><strong>majus.</strong></span> <span class='ocrx_word' id='word_1_490' title='bbox 1329 3480 1442 3532; x_wconf 62' lang='lat' dir='ltr'><strong>haec</strong></span> <span class='ocrx_word' id='word_1_491' title='bbox 1471 3483 1645 3532; x_wconf 83' lang='lat' dir='ltr'><strong>omnia</strong></span> <span class='ocrx_word' id='word_1_492' title='bbox 1678 3482 1728 3534; x_wconf 87' lang='lat' dir='ltr'><strong>in</strong></span> <span class='ocrx_word' id='word_1_493' title='bbox 1759 3482 2146 3550; x_wconf 83' lang='lat' dir='ltr'><strong>persecutioni-</strong></span> 
     </span>
    </p>
   </div>
   <div class='ocr_carea' id='block_1_68' title="bbox 579 3562 2148 3640">
    <p class='ocr_par' dir='ltr' id='par_1_68' title="bbox 579 3562 2148 3640">
     <span class='ocr_line' id='line_1_68' title="bbox 579 3562 2148 3640; baseline 0.004 -20"><span class='ocrx_word' id='word_1_494' title='bbox 579 3562 682 3620; x_wconf 64' lang='lat' dir='ltr'><strong>l‘as</strong></span> <span class='ocrx_word' id='word_1_495' title='bbox 713 3567 984 3631; x_wconf 84' lang='lat' dir='ltr'><strong>possident</strong></span> <span class='ocrx_word' id='word_1_496' title='bbox 1011 3570 1202 3630; x_wconf 86' lang='lat' dir='ltr'><strong>sancti,</strong></span> <span class='ocrx_word' id='word_1_497' title='bbox 1232 3570 1329 3622; x_wconf 90' lang='lat' dir='ltr'><strong>hoc</strong></span> <span class='ocrx_word' id='word_1_498' title='bbox 1358 3581 1458 3630; x_wconf 90' lang='lat' dir='ltr'><strong>est,</strong></span> <span class='ocrx_word' id='word_1_499' title='bbox 1487 3573 1626 3640; x_wconf 90' lang='lat' dir='ltr'><strong>quod</strong></span> <span class='ocrx_word' id='word_1_500' title='bbox 1653 3573 1938 3638; x_wconf 89' lang='lat' dir='ltr'><strong>dicit,cum</strong></span> <span class='ocrx_word' id='word_1_501' title='bbox 1967 3587 2148 3640; x_wconf 77' lang='lat' dir='ltr'><strong>perse-</strong></span> 
     </span>
    </p>
   </div>
   <div class='ocr_carea' id='block_1_69' title="bbox 582 3656 2151 3729">
    <p class='ocr_par' dir='ltr' id='par_1_69' title="bbox 582 3656 2151 3729">
     <span class='ocr_line' id='line_1_69' title="bbox 582 3656 2151 3729; baseline 0.006 -23"><span class='ocrx_word' id='word_1_502' title='bbox 582 3656 910 3720; x_wconf 88' lang='lat' dir='ltr'><strong>cutionibus,</strong></span> <span class='ocrx_word' id='word_1_503' title='bbox 953 3657 1003 3708; x_wconf 77' lang='lat' dir='ltr'><strong>id</strong></span> <span class='ocrx_word' id='word_1_504' title='bbox 1035 3669 1114 3710; x_wconf 91' lang='lat' dir='ltr'><strong>est</strong></span> <span class='ocrx_word' id='word_1_505' title='bbox 1147 3661 1572 3724; x_wconf 83' lang='lat' dir='ltr'><strong>persecutionem</strong></span> <span class='ocrx_word' id='word_1_506' title='bbox 1618 3663 1782 3729; x_wconf 83' lang='lat' dir='ltr'><strong>passi,</strong></span> <span class='ocrx_word' id='word_1_507' title='bbox 1818 3673 1870 3716; x_wconf 87' lang='lat' dir='ltr'><strong>et</strong></span> <span class='ocrx_word' id='word_1_508' title='bbox 1907 3666 2042 3715; x_wconf 85' lang='lat' dir='ltr'><strong>male</strong></span> <span class='ocrx_word' id='word_1_509' title='bbox 2076 3662 2151 3716; x_wconf 81' lang='lat' dir='ltr'><strong>af-</strong></span> 
     </span>
    </p>
   </div>
   <div class='ocr_carea' id='block_1_70' title="bbox 582 3745 2148 3820">
    <p class='ocr_par' dir='ltr' id='par_1_70' title="bbox 582 3745 2148 3820">
     <span class='ocr_line' id='line_1_70' title="bbox 582 3745 2148 3820; baseline 0.006 -20"><span class='ocrx_word' id='word_1_510' title='bbox 582 3745 705 3801; x_wconf 81' lang='lat' dir='ltr'><strong>fccti</strong></span> <span class='ocrx_word' id='word_1_511' title='bbox 731 3759 892 3815; x_wconf 76' lang='lat' dir='ltr'><strong>atque</strong></span> <span class='ocrx_word' id='word_1_512' title='bbox 929 3749 1129 3803; x_wconf 53' lang='lat' dir='ltr'><strong>amitti.</strong></span> <span class='ocrx_word' id='word_1_513' title='bbox 1170 3749 1320 3805; x_wconf 88' lang='lat' dir='ltr'><strong>Uude</strong></span> <span class='ocrx_word' id='word_1_514' title='bbox 1345 3765 1398 3804; x_wconf 91' lang='lat' dir='ltr'><strong>et</strong></span> <span class='ocrx_word' id='word_1_515' title='bbox 1435 3754 1527 3820; x_wconf 88' lang='lat' dir='ltr'><strong>qui</strong></span> <span class='ocrx_word' id='word_1_516' title='bbox 1562 3754 1731 3806; x_wconf 90' lang='lat' dir='ltr'><strong>ultimi</strong></span> <span class='ocrx_word' id='word_1_517' title='bbox 1788 3756 1841 3808; x_wconf 87' lang='lat' dir='ltr'><strong>in</strong></span> <span class='ocrx_word' id='word_1_518' title='bbox 1891 3757 1990 3809; x_wconf 81' lang='lat' dir='ltr'><strong>hoc</strong></span> <span class='ocrx_word' id='word_1_519' title='bbox 2049 3772 2148 3810; x_wconf 75' lang='lat' dir='ltr'><strong>s:e~</strong></span> 
     </span>
    </p>
   </div>
   <div class='ocr_carea' id='block_1_71' title="bbox 583 3839 2148 3911">
    <p class='ocr_par' dir='ltr' id='par_1_71' title="bbox 583 3839 2148 3911">
     <span class='ocr_line' id='line_1_71' title="bbox 583 3839 2148 3911; baseline 0.005 -20"><span class='ocrx_word' id='word_1_520' title='bbox 583 3839 704 3891; x_wconf 91' lang='lat' dir='ltr'><strong>culo</strong></span> <span class='ocrx_word' id='word_1_521' title='bbox 744 3841 990 3893; x_wconf 85' lang='lat' dir='ltr'><strong>videntur</strong></span> <span class='ocrx_word' id='word_1_522' title='bbox 1030 3850 1248 3911; x_wconf 75' lang='lat' dir='ltr'><strong>propter</strong></span> <span class='ocrx_word' id='word_1_523' title='bbox 1278 3842 1589 3898; x_wconf 76' lang='lat' dir='ltr'><strong>alllicdones</strong></span> <span class='ocrx_word' id='word_1_524' title='bbox 1625 3854 1679 3897; x_wconf 91' lang='lat' dir='ltr'><strong>et</strong></span> <span class='ocrx_word' id='word_1_525' title='bbox 1723 3847 2148 3911; x_wconf 76' lang='lat' dir='ltr'><strong>persecutimtes,</strong></span> 
     </span>
    </p>
   </div>
   <div class='ocr_carea' id='block_1_72' title="bbox 583 3929 2152 4005">
    <p class='ocr_par' dir='ltr' id='par_1_72' title="bbox 583 3929 2152 4005">
     <span class='ocr_line' id='line_1_72' title="bbox 583 3929 2152 4005; baseline 0.007 -26"><span class='ocrx_word' id='word_1_526' title='bbox 583 3937 741 3980; x_wconf 88' lang='lat' dir='ltr'><strong>erunt</strong></span> <span class='ocrx_word' id='word_1_527' title='bbox 767 3929 918 3996; x_wconf 91' lang='lat' dir='ltr'><strong>primi</strong></span> <span class='ocrx_word' id='word_1_528' title='bbox 957 3941 1174 3998; x_wconf 85' lang='lat' dir='ltr'><strong>propter</strong></span> <span class='ocrx_word' id='word_1_529' title='bbox 1203 3948 1350 4002; x_wconf 84' lang='lat' dir='ltr'><strong>spem</strong></span> <span class='ocrx_word' id='word_1_530' title='bbox 1403 3935 1454 3986; x_wconf 93' lang='lat' dir='ltr'><strong>in</strong></span> <span class='ocrx_word' id='word_1_531' title='bbox 1500 3933 1684 3988; x_wconf 89' lang='lat' dir='ltr'><strong>Deum.</strong></span> <span class='ocrx_word' id='word_1_532' title='bbox 1738 3933 1900 4005; x_wconf 72' lang='grc'><strong>227</strong></span> <span class='ocrx_word' id='word_1_533' title='bbox 1961 3935 2062 3990; x_wconf 89' lang='lat' dir='ltr'><strong>Sed</strong></span> <span class='ocrx_word' id='word_1_534' title='bbox 2099 3947 2152 3990; x_wconf 91' lang='lat' dir='ltr'><strong>et</strong></span> 
     </span>
    </p>
   </div>
   <div class='ocr_carea' id='block_1_73' title="bbox 583 4012 2150 4100">
    <p class='ocr_par' dir='ltr' id='par_1_73' title="bbox 583 4012 2150 4100">
     <span class='ocr_line' id='line_1_73' title="bbox 583 4012 2150 4100; baseline 0.006 -32"><span class='ocrx_word' id='word_1_535' title='bbox 583 4012 835 4068; x_wconf 63' lang='lat' dir='ltr'><strong>Pharisaei</strong></span> <span class='ocrx_word' id='word_1_536' title='bbox 881 4017 967 4085; x_wconf 92' lang='lat' dir='ltr'><strong>qui</strong></span> <span class='ocrx_word' id='word_1_537' title='bbox 995 4019 1240 4073; x_wconf 84' lang='lat' dir='ltr'><strong>videntur</strong></span> <span class='ocrx_word' id='word_1_538' title='bbox 1275 4021 1430 4100; x_wconf 81' lang='lat' dir='ltr'><strong>primi</strong></span> <span class='ocrx_word' id='word_1_539' title='bbox 1458 4060 1472 4084; x_wconf 85' lang='lat'><strong>,</strong></span> <span class='ocrx_word' id='word_1_540' title='bbox 1517 4020 1641 4076; x_wconf 86' lang='lat' dir='ltr'><strong>lacti</strong></span> <span class='ocrx_word' id='word_1_541' title='bbox 1697 4034 1820 4077; x_wconf 88' lang='lat' dir='ltr'><strong>sunt</strong></span> <span class='ocrx_word' id='word_1_542' title='bbox 1869 4024 2150 4091; x_wconf 88' lang='lat' dir='ltr'><strong>postremi.</strong></span> 
     </span>
    </p>
   </div>
   <div class='ocr_carea' id='block_1_74' title="bbox 2246 3197 3825 3270">
    <p class='ocr_par' dir='ltr' id='par_1_74' title="bbox 2246 3197 3825 3270">
     <span class='ocr_line' id='line_1_74' title="bbox 2246 3197 3825 3270; baseline -0.004 -14"><span class='ocrx_word' id='word_1_543' title='bbox 2246 3220 2342 3262; x_wconf 78' lang='grc' dir='ltr'><strong>τας</strong></span> <span class='ocrx_word' id='word_1_544' title='bbox 2390 3204 2596 3264; x_wconf 83' lang='grc' dir='ltr'>πάντας</span> <span class='ocrx_word' id='word_1_545' title='bbox 2665 3202 2760 3253; x_wconf 79' lang='grc' dir='ltr'>καὶ</span> <span class='ocrx_word' id='word_1_546' title='bbox 2797 3200 3162 3269; x_wconf 81' lang='grc' dir='ltr'>φιλοστόργως</span> <span class='ocrx_word' id='word_1_547' title='bbox 3217 3201 3353 3270; x_wconf 69' lang='grc' dir='ltr'>πρὸς</span> <span class='ocrx_word' id='word_1_548' title='bbox 3407 3197 3607 3254; x_wconf 72' lang='grc' dir='ltr'>αὐτοὺς</span> <span class='ocrx_word' id='word_1_549' title='bbox 3674 3197 3825 3266; x_wconf 68' lang='grc' dir='ltr'>ἔχον-</span> 
     </span>
    </p>
   </div>
   <div class='ocr_carea' id='block_1_75' title="bbox 2245 3287 3823 3360">
    <p class='ocr_par' dir='ltr' id='par_1_75' title="bbox 2245 3287 3823 3360">
     <span class='ocr_line' id='line_1_75' title="bbox 2245 3287 3823 3360; baseline -0.003 -15"><span class='ocrx_word' id='word_1_550' title='bbox 2245 3311 2364 3355; x_wconf 80' lang='grc' dir='ltr'>τας,</span> <span class='ocrx_word' id='word_1_551' title='bbox 2404 3294 2536 3344; x_wconf 77' lang='grc' dir='ltr'>ὀλλά</span> <span class='ocrx_word' id='word_1_552' title='bbox 2567 3293 2658 3344; x_wconf 76' lang='grc' dir='ltr'>καὶ</span> <span class='ocrx_word' id='word_1_553' title='bbox 2691 3291 2869 3344; x_wconf 82' lang='grc' dir='ltr'>οἰκίαν</span> <span class='ocrx_word' id='word_1_554' title='bbox 2907 3290 3032 3359; x_wconf 89' lang='grc' dir='ltr'>μίαν</span> <span class='ocrx_word' id='word_1_555' title='bbox 3074 3290 3231 3358; x_wconf 58' lang='grc' dir='ltr'>ἀφεὶς</span> <span class='ocrx_word' id='word_1_556' title='bbox 3263 3291 3292 3343; x_wconf 89' lang='lat'><strong>6</strong></span> <span class='ocrx_word' id='word_1_557' title='bbox 3322 3291 3546 3360; x_wconf 80' lang='grc' dir='ltr'>Πέτρος,</span> <span class='ocrx_word' id='word_1_558' title='bbox 3599 3287 3823 3359; x_wconf 78' lang='grc' dir='ltr'>ὕστερον</span> 
     </span>
    </p>
   </div>
   <div class='ocr_carea' id='block_1_76' title="bbox 2247 3375 3825 3451">
    <p class='ocr_par' dir='ltr' id='par_1_76' title="bbox 2247 3375 3825 3451">
     <span class='ocr_line' id='line_1_76' title="bbox 2247 3375 3825 3451; baseline -0.003 -16"><span class='ocrx_word' id='word_1_559' title='bbox 2247 3387 2342 3446; x_wconf 71' lang='grc' dir='ltr'>τὰς</span> <span class='ocrx_word' id='word_1_560' title='bbox 2373 3385 2588 3445; x_wconf 60' lang='grc' dir='ltr'>πάντων</span> <span class='ocrx_word' id='word_1_561' title='bbox 2643 3383 2752 3434; x_wconf 81' lang='grc' dir='ltr'><strong>τῶν</strong></span> <span class='ocrx_word' id='word_1_562' title='bbox 2811 3382 3067 3451; x_wconf 79' lang='grc' dir='ltr'>μαθητῶν</span> <span class='ocrx_word' id='word_1_563' title='bbox 3095 3382 3264 3435; x_wconf 81' lang='grc' dir='ltr'>αὐτοῦ</span> <span class='ocrx_word' id='word_1_564' title='bbox 3314 3381 3490 3444; x_wconf 81' lang='grc' dir='ltr'>οἰκίας</span> <span class='ocrx_word' id='word_1_565' title='bbox 3547 3375 3686 3450; x_wconf 73' lang='grc' dir='ltr'>εἶχε.</span> <span class='ocrx_word' id='word_1_566' title='bbox 3718 3381 3825 3434; x_wconf 71' lang='grc' dir='ltr'><strong>Καὶ</strong></span> 
     </span>
    </p>
   </div>
   <div class='ocr_carea' id='block_1_77' title="bbox 2249 3470 3824 3543">
    <p class='ocr_par' dir='ltr' id='par_1_77' title="bbox 2249 3470 3824 3543">
     <span class='ocr_line' id='line_1_77' title="bbox 2249 3470 3824 3543; baseline -0.004 -15"><span class='ocrx_word' id='word_1_567' title='bbox 2249 3477 2342 3528; x_wconf 87' lang='grc' dir='ltr'><strong>νῦν</strong></span> <span class='ocrx_word' id='word_1_568' title='bbox 2369 3475 2424 3527; x_wconf 79' lang='lat' dir='ltr'><strong>6‘s</strong></span> <span class='ocrx_word' id='word_1_569' title='bbox 2455 3475 2580 3537; x_wconf 76' lang='grc' dir='ltr'>τοὺς</span> <span class='ocrx_word' id='word_1_570' title='bbox 2604 3472 2919 3543; x_wconf 83' lang='grc' dir='ltr'>ἁπανταχοῦ</span> <span class='ocrx_word' id='word_1_571' title='bbox 2952 3471 3056 3540; x_wconf 80' lang='grc' dir='ltr'>γῆς</span> <span class='ocrx_word' id='word_1_572' title='bbox 3079 3472 3241 3534; x_wconf 78' lang='grc' dir='ltr'>ναοὺς</span> <span class='ocrx_word' id='word_1_573' title='bbox 3271 3471 3358 3523; x_wconf 72' lang='grc' dir='ltr'><strong>ἐπ’</strong></span> <span class='ocrx_word' id='word_1_574' title='bbox 3388 3471 3614 3539; x_wconf 82' lang='grc' dir='ltr'>ὀνόματι</span> <span class='ocrx_word' id='word_1_575' title='bbox 3638 3470 3824 3534; x_wconf 76' lang='grc' dir='ltr'>αὑτοῦ,</span> 
     </span>
    </p>
   </div>
   <div class='ocr_carea' id='block_1_78' title="bbox 2249 3563 3827 3636">
    <p class='ocr_par' dir='ltr' id='par_1_78' title="bbox 2249 3563 3827 3636">
     <span class='ocr_line' id='line_1_78' title="bbox 2249 3563 3827 3636; baseline -0.003 -16"><span class='ocrx_word' id='word_1_576' title='bbox 2249 3568 2421 3628; x_wconf 83' lang='grc' dir='ltr'>οίκίας</span> <span class='ocrx_word' id='word_1_577' title='bbox 2456 3568 2568 3635; x_wconf 70' lang='grc' dir='ltr'>εχει</span> <span class='ocrx_word' id='word_1_578' title='bbox 2596 3566 2853 3636; x_wconf 82' lang='grc' dir='ltr'>λαμπράς</span> <span class='ocrx_word' id='word_1_579' title='bbox 2877 3581 2889 3594; x_wconf 89' lang='grc'><strong>·</strong></span> <span class='ocrx_word' id='word_1_580' title='bbox 2919 3566 3097 3618; x_wconf 76' lang='grc' dir='ltr'>καὶτὸ</span> <span class='ocrx_word' id='word_1_581' title='bbox 3130 3565 3336 3633; x_wconf 76' lang='grc' dir='ltr'>μεῖζον,</span> <span class='ocrx_word' id='word_1_582' title='bbox 3391 3565 3473 3616; x_wconf 81' lang='grc' dir='ltr'>ὅτι</span> <span class='ocrx_word' id='word_1_583' title='bbox 3508 3564 3649 3632; x_wconf 85' lang='grc' dir='ltr'><strong>μετά</strong></span> <span class='ocrx_word' id='word_1_584' title='bbox 3705 3563 3827 3616; x_wconf 81' lang='grc' dir='ltr'>διω-</span> 
     </span>
    </p>
   </div>
   <div class='ocr_carea' id='block_1_79' title="bbox 2252 3653 3829 3726">
    <p class='ocr_par' dir='ltr' id='par_1_79' title="bbox 2252 3653 3829 3726">
     <span class='ocr_line' id='line_1_79' title="bbox 2252 3653 3829 3726; baseline -0.001 -18"><span class='ocrx_word' id='word_1_585' title='bbox 2252 3659 2406 3726; x_wconf 80' lang='grc' dir='ltr'>γμῶν</span> <span class='ocrx_word' id='word_1_586' title='bbox 2443 3657 2614 3710; x_wconf 89' lang='grc' dir='ltr'>ταῦτα</span> <span class='ocrx_word' id='word_1_587' title='bbox 2653 3659 2828 3710; x_wconf 84' lang='grc' dir='ltr'>πάντα</span> <span class='ocrx_word' id='word_1_588' title='bbox 2877 3656 3306 3726; x_wconf 83' lang='grc' dir='ltr'>κληρονομοῦσιν</span> <span class='ocrx_word' id='word_1_589' title='bbox 3338 3656 3388 3706; x_wconf 81' lang='lat' dir='ltr'><strong>oi</strong></span> <span class='ocrx_word' id='word_1_590' title='bbox 3446 3653 3618 3721; x_wconf 76' lang='grc' dir='ltr'>ἀγιοι,</span> <span class='ocrx_word' id='word_1_591' title='bbox 3675 3671 3829 3707; x_wconf 79' lang='grc' dir='ltr'>τουτ-</span> 
     </span>
    </p>
   </div>
   <div class='ocr_carea' id='block_1_80' title="bbox 2254 3741 3830 3815">
    <p class='ocr_par' dir='ltr' id='par_1_80' title="bbox 2254 3741 3830 3815">
     <span class='ocr_line' id='line_1_80' title="bbox 2254 3741 3830 3815; baseline -0.003 -14"><span class='ocrx_word' id='word_1_592' title='bbox 2254 3750 2394 3814; x_wconf 68' lang='grc' dir='ltr'>έστι,</span> <span class='ocrx_word' id='word_1_593' title='bbox 2459 3747 2782 3815; x_wconf 67' lang='grc' dir='ltr'>διωκόμενοι</span> <span class='ocrx_word' id='word_1_594' title='bbox 2820 3784 2834 3808; x_wconf 86' lang='grc'><strong>,</strong></span> <span class='ocrx_word' id='word_1_595' title='bbox 2886 3747 2980 3798; x_wconf 68' lang='grc' dir='ltr'>καὶ</span> <span class='ocrx_word' id='word_1_596' title='bbox 3053 3746 3153 3796; x_wconf 80' lang='grc' dir='ltr'>οὐκ</span> <span class='ocrx_word' id='word_1_597' title='bbox 3230 3741 3596 3806; x_wconf 78' lang='grc' dir='ltr'>εὐπαθοῦντες</span> <span class='ocrx_word' id='word_1_598' title='bbox 3631 3784 3646 3806; x_wconf 96' lang='grc'><strong>,</strong></span> <span class='ocrx_word' id='word_1_599' title='bbox 3701 3742 3830 3796; x_wconf 80' lang='grc' dir='ltr'><strong>ἀλλά</strong></span> 
     </span>
    </p>
   </div>
   <div class='ocr_carea' id='block_1_81' title="bbox 2254 3834 3828 3908">
    <p class='ocr_par' dir='ltr' id='par_1_81' title="bbox 2254 3834 3828 3908">
     <span class='ocr_line' id='line_1_81' title="bbox 2254 3834 3828 3908; baseline -0.004 -16"><span class='ocrx_word' id='word_1_600' title='bbox 2254 3839 2580 3908; x_wconf 77' lang='grc' dir='ltr'>θλιϐόμενοι.</span> <span class='ocrx_word' id='word_1_601' title='bbox 2629 3837 2794 3889; x_wconf 82' lang='grc' dir='ltr'>Ὅθεν</span> <span class='ocrx_word' id='word_1_602' title='bbox 2822 3837 2917 3889; x_wconf 81' lang='grc' dir='ltr'>καὶ</span> <span class='ocrx_word' id='word_1_603' title='bbox 2951 3837 3000 3889; x_wconf 81' lang='lat' dir='ltr'><strong>oi</strong></span> <span class='ocrx_word' id='word_1_604' title='bbox 3036 3836 3258 3906; x_wconf 74' lang='grc' dir='ltr'>ἔσχατοι</span> <span class='ocrx_word' id='word_1_605' title='bbox 3313 3836 3370 3887; x_wconf 80' lang='grc' dir='ltr'>ὲν</span> <span class='ocrx_word' id='word_1_606' title='bbox 3399 3834 3480 3906; x_wconf 83' lang='grc' dir='ltr'>τῷ</span> <span class='ocrx_word' id='word_1_607' title='bbox 3519 3834 3616 3887; x_wconf 92' lang='grc' dir='ltr'><strong>νῦν</strong></span> <span class='ocrx_word' id='word_1_608' title='bbox 3673 3834 3828 3886; x_wconf 82' lang='grc' dir='ltr'>αίῶνι</span> 
     </span>
    </p>
   </div>
   <div class='ocr_carea' id='block_1_82' title="bbox 2253 3926 3832 3992">
    <p class='ocr_par' dir='ltr' id='par_1_82' title="bbox 2253 3926 3832 3992">
     <span class='ocr_line' id='line_1_82' title="bbox 2253 3926 3832 3992; baseline -0.001 -10"><span class='ocrx_word' id='word_1_609' title='bbox 2253 3929 2535 3992; x_wconf 79' lang='grc' dir='ltr'>δοκοῦντες</span> <span class='ocrx_word' id='word_1_610' title='bbox 2571 3929 2658 3982; x_wconf 78' lang='grc' dir='ltr'>διὰ</span> <span class='ocrx_word' id='word_1_611' title='bbox 2683 3928 2740 3980; x_wconf 83' lang='grc' dir='ltr'>τὸ</span> <span class='ocrx_word' id='word_1_612' title='bbox 2766 3927 3048 3981; x_wconf 70' lang='grc' dir='ltr'>θλίϐεσθαι</span> <span class='ocrx_word' id='word_1_613' title='bbox 3095 3927 3191 3980; x_wconf 79' lang='grc' dir='ltr'>καὶ</span> <span class='ocrx_word' id='word_1_614' title='bbox 3240 3926 3558 3988; x_wconf 82' lang='grc' dir='ltr'>διώκεσθαι,</span> <span class='ocrx_word' id='word_1_615' title='bbox 3621 3927 3832 3981; x_wconf 68' lang='grc' dir='ltr'>ἔσονται</span> 
     </span>
    </p>
   </div>
   <div class='ocr_carea' id='block_1_83' title="bbox 2256 4019 3831 4090">
    <p class='ocr_par' dir='ltr' id='par_1_83' title="bbox 2256 4019 3831 4090">
     <span class='ocr_line' id='line_1_83' title="bbox 2256 4019 3831 4090; baseline -0.002 -16"><span class='ocrx_word' id='word_1_616' title='bbox 2256 4022 2463 4090; x_wconf 86' lang='grc' dir='ltr'>πρῶτοι</span> <span class='ocrx_word' id='word_1_617' title='bbox 2489 4022 2576 4074; x_wconf 77' lang='grc' dir='ltr'><strong>διὸ</strong></span> <span class='ocrx_word' id='word_1_618' title='bbox 2608 4023 2706 4090; x_wconf 80' lang='grc' dir='ltr'>τὴν</span> <span class='ocrx_word' id='word_1_619' title='bbox 2737 4023 2817 4085; x_wconf 84' lang='grc' dir='ltr'><strong>είς</strong></span> <span class='ocrx_word' id='word_1_620' title='bbox 2872 4021 3004 4074; x_wconf 83' lang='grc' dir='ltr'>Θεὸν</span> <span class='ocrx_word' id='word_1_621' title='bbox 3051 4020 3258 4086; x_wconf 72' lang='grc' dir='ltr'>ἐλπίδα,</span> <span class='ocrx_word' id='word_1_622' title='bbox 3288 4019 3423 4073; x_wconf 87' lang='grc' dir='ltr'><strong>ἀλλά</strong></span> <span class='ocrx_word' id='word_1_623' title='bbox 3445 4019 3537 4072; x_wconf 74' lang='grc' dir='ltr'>καὶ</span> <span class='ocrx_word' id='word_1_624' title='bbox 3569 4019 3620 4072; x_wconf 77' lang='lat' dir='ltr'><strong>oi</strong></span> <span class='ocrx_word' id='word_1_625' title='bbox 3671 4019 3831 4089; x_wconf 72' lang='grc' dir='ltr'>Φαριο</span> 
     </span>
    </p>
   </div>
   <div class='ocr_carea' id='block_1_84' title="bbox 583 4101 2140 4184">
    <p class='ocr_par' dir='ltr' id='par_1_84' title="bbox 583 4101 2140 4169">
     <span class='ocr_line' id='line_1_84' title="bbox 583 4101 2140 4169; baseline 0.008 -13"><span class='ocrx_word' id='word_1_626' title='bbox 583 4103 684 4169; x_wconf 89' lang='lat' dir='ltr'><strong>Qui</strong></span> <span class='ocrx_word' id='word_1_627' title='bbox 715 4115 889 4159; x_wconf 82' lang='lat' dir='ltr'><strong>autem</strong></span> <span class='ocrx_word' id='word_1_628' title='bbox 930 4109 1130 4162; x_wconf 82' lang='lat' dir='ltr'><strong>relictis</strong></span> <span class='ocrx_word' id='word_1_629' title='bbox 1167 4101 1415 4166; x_wconf 83' lang='lat' dir='ltr'><strong>omnibus</strong></span> <span class='ocrx_word' id='word_1_630' title='bbox 1473 4113 1640 4166; x_wconf 88' lang='lat' dir='ltr'><strong>secuti</strong></span> <span class='ocrx_word' id='word_1_631' title='bbox 1685 4123 1807 4167; x_wconf 89' lang='lat' dir='ltr'><strong>sunt</strong></span> <span class='ocrx_word' id='word_1_632' title='bbox 1881 4113 2140 4168; x_wconf 72' lang='lat' dir='ltr'><strong>Christum</strong></span> 
     </span>
    </p>
   </div>
   <div class='ocr_carea' id='block_1_85' title="bbox 2242 4101 3832 4184">
    <p class='ocr_par' dir='ltr' id='par_1_85' title="bbox 2259 4109 3832 4184">
     <span class='ocr_line' id='line_1_85' title="bbox 2259 4109 3832 4184; baseline -0.002 -18"><span class='ocrx_word' id='word_1_633' title='bbox 2259 4116 2420 4178; x_wconf 85' lang='grc' dir='ltr'>σαίοι,</span> <span class='ocrx_word' id='word_1_634' title='bbox 2459 4113 2666 4184; x_wconf 86' lang='grc' dir='ltr'>πρῶτοι</span> <span class='ocrx_word' id='word_1_635' title='bbox 2695 4113 2865 4175; x_wconf 76' lang='grc' dir='ltr'>ὅντες,</span> <span class='ocrx_word' id='word_1_636' title='bbox 2893 4112 3144 4176; x_wconf 75' lang='grc' dir='ltr'>ὲγὲνοντο</span> <span class='ocrx_word' id='word_1_637' title='bbox 3171 4111 3412 4183; x_wconf 63' lang='grc' dir='ltr'>ἔσχατοι.</span> <span class='ocrx_word' id='word_1_638' title='bbox 3451 4111 3516 4163; x_wconf 85' lang='grc' dir='ltr'><strong>οι</strong></span> <span class='ocrx_word' id='word_1_639' title='bbox 3560 4109 3618 4163; x_wconf 78' lang='grc' dir='ltr'><strong>δὲ</strong></span> <span class='ocrx_word' id='word_1_640' title='bbox 3673 4111 3832 4178; x_wconf 68' lang='grc' dir='ltr'>ἀφέν-</span> 
     </span>
    </p>
   </div>
   <div class='ocr_carea' id='block_1_86' title="bbox 585 4192 2140 4275">
    <p class='ocr_par' dir='ltr' id='par_1_86' title="bbox 585 4192 1096 4265">
     <span class='ocr_line' id='line_1_86' title="bbox 585 4192 1096 4265; baseline 0.012 -17"><span class='ocrx_word' id='word_1_641' title='bbox 585 4192 713 4258; x_wconf 75' lang='lat' dir='ltr'><strong>facti</strong></span> <span class='ocrx_word' id='word_1_642' title='bbox 769 4208 893 4253; x_wconf 90' lang='lat' dir='ltr'><strong>sunt</strong></span> <span class='ocrx_word' id='word_1_643' title='bbox 920 4200 1096 4265; x_wconf 85' lang='lat' dir='ltr'><strong>primi.</strong></span> 
     </span>
    </p>
   </div>
   <div class='ocr_carea' id='block_1_87' title="bbox 2242 4192 3834 4275">
    <p class='ocr_par' dir='ltr' id='par_1_87' title="bbox 2257 4202 3834 4275">
     <span class='ocr_line' id='line_1_87' title="bbox 2257 4202 3834 4275; baseline 0.001 -17"><span class='ocrx_word' id='word_1_644' title='bbox 2257 4223 2346 4269; x_wconf 87' lang='grc' dir='ltr'><strong>τες</strong></span> <span class='ocrx_word' id='word_1_645' title='bbox 2377 4207 2444 4259; x_wconf 82' lang='grc' dir='ltr'>τὰ</span> <span class='ocrx_word' id='word_1_646' title='bbox 2483 4208 2682 4267; x_wconf 82' lang='grc' dir='ltr'>πάντα,</span> <span class='ocrx_word' id='word_1_647' title='bbox 2715 4203 2810 4258; x_wconf 82' lang='grc' dir='ltr'>καὶ</span> <span class='ocrx_word' id='word_1_648' title='bbox 2842 4203 3310 4272; x_wconf 81' lang='grc' dir='ltr'>ἀκολουθήσαντες</span> <span class='ocrx_word' id='word_1_649' title='bbox 3337 4204 3416 4273; x_wconf 83' lang='grc' dir='ltr'>τῷ</span> <span class='ocrx_word' id='word_1_650' title='bbox 3441 4202 3688 4275; x_wconf 82' lang='grc' dir='ltr'>Χριστῷ,</span> <span class='ocrx_word' id='word_1_651' title='bbox 3714 4203 3834 4271; x_wconf 68' lang='grc' dir='ltr'><strong>ἐγέο</strong></span> 
     </span>
    </p>
   </div>
   <div class='ocr_carea' id='block_1_88' title="bbox 605 4296 2662 4366">
    <p class='ocr_par' dir='ltr' id='par_1_88' title="bbox 605 4296 2662 4366">
     <span class='ocr_line' id='line_1_88' title="bbox 605 4296 2662 4366; baseline -0.003 -12"><span class='ocrx_word' id='word_1_652' title='bbox 605 4359 608 4362; x_wconf 50' lang='grc'><strong>,</strong></span> <span class='ocrx_word' id='word_1_653' title='bbox 2259 4314 2408 4349; x_wconf 91' lang='grc' dir='ltr'>νοντο</span> <span class='ocrx_word' id='word_1_654' title='bbox 2439 4296 2662 4366; x_wconf 87' lang='grc' dir='ltr'>πρῶτοι.</span> 
     </span>
    </p>
   </div>
   <div class='ocr_carea' id='block_1_89' title="bbox 659 4377 2140 4457">
    <p class='ocr_par' dir='ltr' id='par_1_89' title="bbox 659 4377 2140 4444">
     <span class='ocr_line' id='line_1_89' title="bbox 659 4377 2140 4444; baseline 0.007 -11"><span class='ocrx_word' id='word_1_655' title='bbox 659 4377 823 4435; x_wconf 70' lang='lat' dir='ltr'><strong>Vsus.</strong></span> <span class='ocrx_word' id='word_1_656' title='bbox 864 4382 1047 4438; x_wconf 60' lang='lat'><strong>32-35.</strong></span> <span class='ocrx_word' id='word_1_657' title='bbox 1083 4402 1102 4434; x_wconf 77' lang='grc' dir='ltr'><strong>ι</strong></span> <span class='ocrx_word' id='word_1_658' title='bbox 1158 4383 1324 4439; x_wconf 86' lang='lat' dir='ltr'><strong>Erant</strong></span> <span class='ocrx_word' id='word_1_659' title='bbox 1373 4395 1551 4440; x_wconf 88' lang='lat' dir='ltr'><strong>autem</strong></span> <span class='ocrx_word' id='word_1_660' title='bbox 1582 4385 1635 4439; x_wconf 92' lang='lat' dir='ltr'><strong>in</strong></span> <span class='ocrx_word' id='word_1_661' title='bbox 1669 4388 1754 4440; x_wconf 81' lang='lat' dir='ltr'><strong>via</strong></span> <span class='ocrx_word' id='word_1_662' title='bbox 1798 4388 2140 4444; x_wconf 67' lang='lat' dir='ltr'><strong>ascendente:</strong></span> 
     </span>
    </p>
   </div>
   <div class='ocr_carea' id='block_1_90' title="bbox 2242 4377 3830 4457">
    <p class='ocr_par' dir='ltr' id='par_1_90' title="bbox 2335 4382 3830 4457">
     <span class='ocr_line' id='line_1_90' title="bbox 2335 4382 3830 4457; baseline 0.001 -19"><span class='ocrx_word' id='word_1_663' title='bbox 2335 4405 2354 4438; x_wconf 79' lang='grc' dir='ltr'><strong>ι</strong></span> <span class='ocrx_word' id='word_1_664' title='bbox 2391 4382 2563 4439; x_wconf 82' lang='grc' dir='ltr'>Ἦσαν</span> <span class='ocrx_word' id='word_1_665' title='bbox 2596 4387 2653 4440; x_wconf 78' lang='lat'><strong>62-:</strong></span> <span class='ocrx_word' id='word_1_666' title='bbox 2685 4388 2741 4439; x_wconf 78' lang='grc' dir='ltr'>ὲν</span> <span class='ocrx_word' id='word_1_667' title='bbox 2786 4390 2852 4457; x_wconf 72' lang='grc' dir='ltr'><strong>τῇ</strong></span> <span class='ocrx_word' id='word_1_668' title='bbox 2897 4384 3000 4456; x_wconf 76' lang='grc' dir='ltr'><strong>ὁδῷ</strong></span> <span class='ocrx_word' id='word_1_669' title='bbox 3038 4385 3428 4449; x_wconf 75' lang='grc' dir='ltr'>ἀναϐαίνοντες</span> <span class='ocrx_word' id='word_1_670' title='bbox 3481 4387 3564 4448; x_wconf 86' lang='grc' dir='ltr'><strong>είς</strong></span> <span class='ocrx_word' id='word_1_671' title='bbox 3603 4386 3830 4456; x_wconf 72' lang='grc' dir='ltr'>Ἱεροσᾶο</span> 
     </span>
    </p>
   </div>
   <div class='ocr_carea' id='block_1_91' title="bbox 592 4470 2140 4548">
    <p class='ocr_par' dir='ltr' id='par_1_91' title="bbox 592 4470 2140 4548">
     <span class='ocr_line' id='line_1_91' title="bbox 592 4470 2140 4548; baseline 0.006 -23"><span class='ocrx_word' id='word_1_672' title='bbox 592 4470 955 4542; x_wconf 83' lang='lat' dir='ltr'><strong>Hierosolyma</strong></span> <span class='ocrx_word' id='word_1_673' title='bbox 980 4513 995 4538; x_wconf 93' lang='lat'><strong>,</strong></span> <span class='ocrx_word' id='word_1_674' title='bbox 1034 4485 1088 4529; x_wconf 89' lang='lat' dir='ltr'><strong>et</strong></span> <span class='ocrx_word' id='word_1_675' title='bbox 1131 4476 1468 4544; x_wconf 63' lang='lat' dir='ltr'><strong>pracedebat</strong></span> <span class='ocrx_word' id='word_1_676' title='bbox 1519 4477 1638 4530; x_wconf 90' lang='lat' dir='ltr'><strong>illos</strong></span> <span class='ocrx_word' id='word_1_677' title='bbox 1669 4473 1848 4542; x_wconf 81' lang='lat' dir='ltr'><strong>Jesus,</strong></span> <span class='ocrx_word' id='word_1_678' title='bbox 1884 4487 2140 4548; x_wconf 84' lang='lat' dir='ltr'><strong>erantque</strong></span> 
     </span>
    </p>
   </div>
   <div class='ocr_carea' id='block_1_92' title="bbox 2242 4470 3836 4548">
    <p class='ocr_par' dir='ltr' id='par_1_92' title="bbox 2251 4474 3836 4548">
     <span class='ocr_line' id='line_1_92' title="bbox 2251 4474 3836 4548; baseline 0 -19"><span class='ocrx_word' id='word_1_679' title='bbox 2251 4477 2416 4548; x_wconf 87' lang='grc' dir='ltr'>λυμα,</span> <span class='ocrx_word' id='word_1_680' title='bbox 2451 4481 2542 4531; x_wconf 77' lang='grc' dir='ltr'>καὶ</span> <span class='ocrx_word' id='word_1_681' title='bbox 2571 4474 2638 4548; x_wconf 74' lang='grc' dir='ltr'>ἦν</span> <span class='ocrx_word' id='word_1_682' title='bbox 2678 4479 2937 4547; x_wconf 78' lang='grc' dir='ltr'>προάγων</span> <span class='ocrx_word' id='word_1_683' title='bbox 2975 4477 3174 4538; x_wconf 77' lang='grc' dir='ltr'>αὐτοὺς</span> <span class='ocrx_word' id='word_1_684' title='bbox 3204 4477 3234 4529; x_wconf 91' lang='lat'><strong>6</strong></span> <span class='ocrx_word' id='word_1_685' title='bbox 3262 4474 3498 4546; x_wconf 79' lang='grc' dir='ltr'>Ἰησοῦς,</span> <span class='ocrx_word' id='word_1_686' title='bbox 3538 4477 3639 4530; x_wconf 77' lang='grc' dir='ltr'>καὶ</span> <span class='ocrx_word' id='word_1_687' title='bbox 3665 4475 3836 4545; x_wconf 53' lang='lat' dir='ltr'><strong>aeau-</strong></span> 
     </span>
    </p>
   </div>
   <div class='ocr_carea' id='block_1_93' title="bbox 591 4562 2140 4640">
    <p class='ocr_par' dir='ltr' id='par_1_93' title="bbox 591 4562 2140 4640">
     <span class='ocr_line' id='line_1_93' title="bbox 591 4562 2140 4640; baseline 0.009 -27"><span class='ocrx_word' id='word_1_688' title='bbox 591 4562 873 4629; x_wconf 79' lang='lat' dir='ltr'><strong>pavefacti,</strong></span> <span class='ocrx_word' id='word_1_689' title='bbox 903 4575 956 4618; x_wconf 91' lang='lat' dir='ltr'><strong>ct</strong></span> <span class='ocrx_word' id='word_1_690' title='bbox 985 4576 1271 4635; x_wconf 87' lang='lat' dir='ltr'><strong>sequentes</strong></span> <span class='ocrx_word' id='word_1_691' title='bbox 1299 4568 1576 4622; x_wconf 86' lang='lat' dir='ltr'><strong>timebant.</strong></span> <span class='ocrx_word' id='word_1_692' title='bbox 1608 4569 1672 4622; x_wconf 89' lang='lat' dir='ltr'><strong>Et</strong></span> <span class='ocrx_word' id='word_1_693' title='bbox 1703 4571 1996 4640; x_wconf 80' lang='lat' dir='ltr'><strong>assumptis</strong></span> <span class='ocrx_word' id='word_1_694' title='bbox 2026 4588 2140 4626; x_wconf 85' lang='lat' dir='ltr'><strong>rur-</strong></span> 
     </span>
    </p>
   </div>
   <div class='ocr_carea' id='block_1_94' title="bbox 2242 4562 3837 4640">
    <p class='ocr_par' dir='ltr' id='par_1_94' title="bbox 2254 4567 3837 4637">
     <span class='ocr_line' id='line_1_94' title="bbox 2254 4567 3837 4637; baseline -0.002 -14"><span class='ocrx_word' id='word_1_695' title='bbox 2254 4569 2463 4630; x_wconf 75' lang='grc' dir='ltr'>ϐοῦντο.</span> <span class='ocrx_word' id='word_1_696' title='bbox 2487 4571 2580 4622; x_wconf 73' lang='grc' dir='ltr'>καὶ</span> <span class='ocrx_word' id='word_1_697' title='bbox 2629 4569 3051 4631; x_wconf 81' lang='grc' dir='ltr'>ἀκολουθοῦντες</span> <span class='ocrx_word' id='word_1_698' title='bbox 3084 4567 3384 4637; x_wconf 65' lang='grc' dir='ltr'>ἐφοϐοῦντο</span> <span class='ocrx_word' id='word_1_699' title='bbox 3409 4583 3422 4597; x_wconf 84' lang='lat'><strong><em>°</em></strong></span> <span class='ocrx_word' id='word_1_700' title='bbox 3457 4569 3551 4620; x_wconf 72' lang='grc' dir='ltr'>καὶ</span> <span class='ocrx_word' id='word_1_701' title='bbox 3585 4569 3837 4637; x_wconf 79' lang='grc' dir='ltr'>παραλαο</span> 
     </span>
    </p>
   </div>
   <div class='ocr_carea' id='block_1_95' title="bbox 594 4641 2140 4729">
    <p class='ocr_par' dir='ltr' id='par_1_95' title="bbox 594 4654 2140 4727">
     <span class='ocr_line' id='line_1_95' title="bbox 594 4654 2140 4727; baseline 0.006 -21"><span class='ocrx_word' id='word_1_702' title='bbox 594 4667 712 4706; x_wconf 90' lang='lat' dir='ltr'><strong>sum</strong></span> <span class='ocrx_word' id='word_1_703' title='bbox 741 4654 1046 4720; x_wconf 89' lang='lat' dir='ltr'><strong>duodecim,</strong></span> <span class='ocrx_word' id='word_1_704' title='bbox 1081 4657 1246 4724; x_wconf 84' lang='lat' dir='ltr'><strong>ccepit</strong></span> <span class='ocrx_word' id='word_1_705' title='bbox 1267 4657 1372 4710; x_wconf 87' lang='lat' dir='ltr'><strong>illis</strong></span> <span class='ocrx_word' id='word_1_706' title='bbox 1404 4659 1584 4712; x_wconf 90' lang='lat' dir='ltr'><strong>dicere</strong></span> <span class='ocrx_word' id='word_1_707' title='bbox 1611 4673 1729 4727; x_wconf 61' lang='lat' dir='ltr'><strong>quae</strong></span> <span class='ocrx_word' id='word_1_708' title='bbox 1764 4661 1865 4714; x_wconf 89' lang='lat' dir='ltr'><strong>sibi</strong></span> <span class='ocrx_word' id='word_1_709' title='bbox 1894 4673 2140 4716; x_wconf 74' lang='lat' dir='ltr'><strong>eventura</strong></span> 
     </span>
    </p>
   </div>
   <div class='ocr_carea' id='block_1_96' title="bbox 2242 4641 3838 4729">
    <p class='ocr_par' dir='ltr' id='par_1_96' title="bbox 2257 4641 3838 4729">
     <span class='ocr_line' id='line_1_96' title="bbox 2257 4641 3838 4729; baseline 0.003 -17"><span class='ocrx_word' id='word_1_710' title='bbox 2257 4660 2366 4712; x_wconf 75' lang='grc' dir='ltr'><strong>σὼν</strong></span> <span class='ocrx_word' id='word_1_711' title='bbox 2396 4661 2556 4713; x_wconf 64' lang='grc' dir='ltr'>πάλιν</span> <span class='ocrx_word' id='word_1_712' title='bbox 2603 4662 2729 4723; x_wconf 81' lang='grc' dir='ltr'>τοὺς</span> <span class='ocrx_word' id='word_1_713' title='bbox 2771 4661 3016 4724; x_wconf 80' lang='grc' dir='ltr'>δώδεκα,</span> <span class='ocrx_word' id='word_1_714' title='bbox 3068 4641 3272 4729; x_wconf 71' lang='grc' dir='ltr'>ἤρξατο</span> <span class='ocrx_word' id='word_1_715' title='bbox 3325 4660 3511 4723; x_wconf 78' lang='grc' dir='ltr'>αὐτοις</span> <span class='ocrx_word' id='word_1_716' title='bbox 3543 4660 3729 4728; x_wconf 67' lang='grc' dir='ltr'>λέγειν</span> <span class='ocrx_word' id='word_1_717' title='bbox 3773 4659 3838 4716; x_wconf 64' lang='grc' dir='ltr'><strong>τὰ</strong></span> 
     </span>
    </p>
   </div>
   <div class='ocr_carea' id='block_1_97' title="bbox 595 4746 2154 4820">
    <p class='ocr_par' dir='ltr' id='par_1_97' title="bbox 595 4746 2154 4820">
     <span class='ocr_line' id='line_1_97' title="bbox 595 4746 2154 4820; baseline 0.006 -22"><span class='ocrx_word' id='word_1_718' title='bbox 595 4755 807 4798; x_wconf 87' lang='lat' dir='ltr'><strong>essent:</strong></span> <span class='ocrx_word' id='word_1_719' title='bbox 834 4746 969 4801; x_wconf 80' lang='lat' dir='ltr'><strong>Ecce</strong></span> <span class='ocrx_word' id='word_1_720' title='bbox 999 4750 1340 4802; x_wconf 80' lang='lat' dir='ltr'><strong>ascendimus</strong></span> <span class='ocrx_word' id='word_1_721' title='bbox 1364 4747 1753 4820; x_wconf 86' lang='lat' dir='ltr'><strong>Hierosolyma,</strong></span> <span class='ocrx_word' id='word_1_722' title='bbox 1787 4761 1840 4806; x_wconf 92' lang='lat' dir='ltr'><strong>et</strong></span> <span class='ocrx_word' id='word_1_723' title='bbox 1864 4750 2031 4805; x_wconf 83' lang='lat' dir='ltr'><strong>Filius</strong></span> <span class='ocrx_word' id='word_1_724' title='bbox 2057 4754 2154 4808; x_wconf 87' lang='lat' dir='ltr'><strong>ho-</strong></span> 
     </span>
    </p>
   </div>
   <div class='ocr_carea' id='block_1_98' title="bbox 597 4835 2154 4912">
    <p class='ocr_par' dir='ltr' id='par_1_98' title="bbox 597 4835 2154 4912">
     <span class='ocr_line' id='line_1_98' title="bbox 597 4835 2154 4912; baseline 0.008 -24"><span class='ocrx_word' id='word_1_725' title='bbox 597 4835 757 4889; x_wconf 83' lang='lat' dir='ltr'><strong>minis</strong></span> <span class='ocrx_word' id='word_1_726' title='bbox 791 4839 1028 4891; x_wconf 81' lang='lat' dir='ltr'><strong>tradetur</strong></span> <span class='ocrx_word' id='word_1_727' title='bbox 1065 4839 1398 4908; x_wconf 86' lang='lat' dir='ltr'><strong>principibus</strong></span> <span class='ocrx_word' id='word_1_728' title='bbox 1446 4843 1787 4896; x_wconf 86' lang='lat' dir='ltr'><strong>sacerdotum</strong></span> <span class='ocrx_word' id='word_1_729' title='bbox 1827 4851 1882 4897; x_wconf 91' lang='lat' dir='ltr'><strong>ct</strong></span> <span class='ocrx_word' id='word_1_730' title='bbox 1924 4842 2154 4912; x_wconf 88' lang='lat' dir='ltr'><strong>Scribis,</strong></span> 
     </span>
    </p>
   </div>
   <div class='ocr_carea' id='block_1_99' title="bbox 597 4930 2156 4998">
    <p class='ocr_par' dir='ltr' id='par_1_99' title="bbox 597 4930 2156 4998">
     <span class='ocr_line' id='line_1_99' title="bbox 597 4930 2156 4998; baseline 0.008 -22"><span class='ocrx_word' id='word_1_731' title='bbox 597 4935 652 4980; x_wconf 73' lang='lat' dir='ltr'><strong>et</strong></span> <span class='ocrx_word' id='word_1_732' title='bbox 679 4930 1106 4982; x_wconf 82' lang='lat' dir='ltr'><strong>condemuabunt</strong></span> <span class='ocrx_word' id='word_1_733' title='bbox 1144 4944 1267 4983; x_wconf 90' lang='lat' dir='ltr'><strong>eum</strong></span> <span class='ocrx_word' id='word_1_734' title='bbox 1299 4932 1365 4984; x_wconf 88' lang='lat' dir='ltr'><strong>ad</strong></span> <span class='ocrx_word' id='word_1_735' title='bbox 1401 4941 1647 4998; x_wconf 90' lang='lat' dir='ltr'><strong>mortem,</strong></span> <span class='ocrx_word' id='word_1_736' title='bbox 1680 4943 1733 4987; x_wconf 89' lang='lat' dir='ltr'><strong>et</strong></span> <span class='ocrx_word' id='word_1_737' title='bbox 1759 4935 1972 4990; x_wconf 91' lang='lat' dir='ltr'><strong>tradent</strong></span> <span class='ocrx_word' id='word_1_738' title='bbox 2007 4936 2156 4988; x_wconf 89' lang='lat' dir='ltr'><strong>illum</strong></span> 
     </span>
    </p>
   </div>
   <div class='ocr_carea' id='block_1_100' title="bbox 600 5018 2161 5094">
    <p class='ocr_par' dir='ltr' id='par_1_100' title="bbox 600 5018 2161 5094">
     <span class='ocr_line' id='line_1_100' title="bbox 600 5018 2161 5094; baseline 0.007 -24"><span class='ocrx_word' id='word_1_739' title='bbox 600 5018 873 5086; x_wconf 81' lang='lat' dir='ltr'><strong>gentibus,</strong></span> <span class='ocrx_word' id='word_1_740' title='bbox 920 5031 971 5072; x_wconf 88' lang='lat' dir='ltr'><strong>et</strong></span> <span class='ocrx_word' id='word_1_741' title='bbox 1015 5021 1240 5076; x_wconf 86' lang='lat' dir='ltr'><strong>illudent</strong></span> <span class='ocrx_word' id='word_1_742' title='bbox 1278 5021 1382 5085; x_wconf 82' lang='lat' dir='ltr'><strong>illi,</strong></span> <span class='ocrx_word' id='word_1_743' title='bbox 1414 5034 1469 5077; x_wconf 88' lang='lat' dir='ltr'><strong>et</strong></span> <span class='ocrx_word' id='word_1_744' title='bbox 1519 5024 1862 5094; x_wconf 77' lang='lat' dir='ltr'><strong>ﬂagellabunt</strong></span> <span class='ocrx_word' id='word_1_745' title='bbox 1913 5041 2057 5091; x_wconf 89' lang='lat' dir='ltr'><strong>eum,</strong></span> <span class='ocrx_word' id='word_1_746' title='bbox 2106 5037 2161 5081; x_wconf 85' lang='lat' dir='ltr'><strong>et</strong></span> 
     </span>
    </p>
   </div>
   <div class='ocr_carea' id='block_1_101' title="bbox 599 5109 2163 5179">
    <p class='ocr_par' dir='ltr' id='par_1_101' title="bbox 599 5109 2163 5179">
     <span class='ocr_line' id='line_1_101' title="bbox 599 5109 2163 5179; baseline 0.008 -18"><span class='ocrx_word' id='word_1_747' title='bbox 599 5109 851 5176; x_wconf 87' lang='lat' dir='ltr'><strong>inspucnt</strong></span> <span class='ocrx_word' id='word_1_748' title='bbox 884 5109 933 5162; x_wconf 93' lang='lat' dir='ltr'><strong>iu</strong></span> <span class='ocrx_word' id='word_1_749' title='bbox 979 5109 1150 5174; x_wconf 81' lang='lat' dir='ltr'><strong>illum,</strong></span> <span class='ocrx_word' id='word_1_750' title='bbox 1180 5123 1235 5166; x_wconf 90' lang='lat' dir='ltr'><strong>et</strong></span> <span class='ocrx_word' id='word_1_751' title='bbox 1282 5113 1532 5168; x_wconf 87' lang='lat' dir='ltr'><strong>occident</strong></span> <span class='ocrx_word' id='word_1_752' title='bbox 1569 5129 1690 5169; x_wconf 89' lang='lat' dir='ltr'><strong>eum</strong></span> <span class='ocrx_word' id='word_1_753' title='bbox 1713 5155 1728 5179; x_wconf 90' lang='lat'><strong>,</strong></span> <span class='ocrx_word' id='word_1_754' title='bbox 1768 5125 1820 5170; x_wconf 85' lang='lat' dir='ltr'><strong>et</strong></span> <span class='ocrx_word' id='word_1_755' title='bbox 1853 5119 2010 5172; x_wconf 91' lang='lat' dir='ltr'><strong>tertia</strong></span> <span class='ocrx_word' id='word_1_756' title='bbox 2076 5119 2163 5173; x_wconf 87' lang='lat' dir='ltr'><strong>die</strong></span> 
     </span>
    </p>
   </div>
   <div class='ocr_carea' id='block_1_102' title="bbox 601 5199 2162 5274">
    <p class='ocr_par' dir='ltr' id='par_1_102' title="bbox 601 5199 2162 5274">
     <span class='ocr_line' id='line_1_102' title="bbox 601 5199 2162 5274; baseline 0.008 -23"><span class='ocrx_word' id='word_1_757' title='bbox 601 5210 866 5268; x_wconf 78' lang='lat' dir='ltr'><strong>resurget.</strong></span> <span class='ocrx_word' id='word_1_758' title='bbox 894 5220 912 5252; x_wconf 75' lang='grc' dir='ltr'><strong>ι</strong></span> <span class='ocrx_word' id='word_1_759' title='bbox 951 5199 1129 5266; x_wconf 87' lang='lat' dir='ltr'><strong>Quare</strong></span> <span class='ocrx_word' id='word_1_760' title='bbox 1163 5205 1406 5274; x_wconf 68' lang='lat' dir='ltr'><strong>praedicit</strong></span> <span class='ocrx_word' id='word_1_761' title='bbox 1447 5207 1496 5260; x_wconf 87' lang='lat' dir='ltr'><strong>ei</strong></span> <span class='ocrx_word' id='word_1_762' title='bbox 1527 5207 1827 5259; x_wconf 77' lang='lat' dir='ltr'><strong>eventura?</strong></span> <span class='ocrx_word' id='word_1_763' title='bbox 1857 5206 1929 5262; x_wconf 91' lang='lat' dir='ltr'><strong>Ut</strong></span> <span class='ocrx_word' id='word_1_764' title='bbox 1956 5217 2162 5264; x_wconf 85' lang='lat' dir='ltr'><strong>mentes</strong></span> 
     </span>
    </p>
   </div>
   <div class='ocr_carea' id='block_1_103' title="bbox 601 5279 2161 5364">
    <p class='ocr_par' dir='ltr' id='par_1_103' title="bbox 601 5279 2161 5364">
     <span class='ocr_line' id='line_1_103' title="bbox 601 5279 2161 5364; baseline 0.006 -21"><span class='ocrx_word' id='word_1_765' title='bbox 601 5290 983 5358; x_wconf 85' lang='lat' dir='ltr'><strong>discipulorum</strong></span> <span class='ocrx_word' id='word_1_766' title='bbox 1034 5305 1318 5363; x_wconf 67' lang='lat' dir='ltr'><strong>praeparet,</strong></span> <span class='ocrx_word' id='word_1_767' title='bbox 1369 5313 1475 5364; x_wconf 91' lang='lat' dir='ltr'><strong>quo</strong></span> <span class='ocrx_word' id='word_1_768' title='bbox 1526 5298 1677 5364; x_wconf 86' lang='lat' dir='ltr'><strong>prius</strong></span> <span class='ocrx_word' id='word_1_769' title='bbox 1710 5279 2161 5353; x_wconf 35' lang='lat' dir='ltr'><strong>audita&#39;facilius</strong></span> 
     </span>
    </p>
   </div>
   <div class='ocr_carea' id='block_1_104' title="bbox 602 5379 2165 5456">
    <p class='ocr_par' dir='ltr' id='par_1_104' title="bbox 602 5379 2165 5456">
     <span class='ocr_line' id='line_1_104' title="bbox 602 5379 2165 5456; baseline 0.005 -22"><span class='ocrx_word' id='word_1_770' title='bbox 602 5379 797 5446; x_wconf 82' lang='lat' dir='ltr'><strong>ferant,</strong></span> <span class='ocrx_word' id='word_1_771' title='bbox 830 5391 885 5436; x_wconf 89' lang='lat' dir='ltr'><strong>et</strong></span> <span class='ocrx_word' id='word_1_772' title='bbox 933 5399 1036 5437; x_wconf 85' lang='lat' dir='ltr'><strong>non</strong></span> <span class='ocrx_word' id='word_1_773' title='bbox 1071 5397 1289 5452; x_wconf 82' lang='lat' dir='ltr'><strong>repente</strong></span> <span class='ocrx_word' id='word_1_774' title='bbox 1317 5387 1900 5454; x_wconf 78' lang='lat' dir='ltr'><strong>percellauturauimo.</strong></span> <span class='ocrx_word' id='word_1_775' title='bbox 1939 5387 2165 5456; x_wconf 85' lang='lat' dir='ltr'><strong>Insuper</strong></span> 
     </span>
    </p>
   </div>
   <div class='ocr_carea' id='block_1_105' title="bbox 607 5473 2166 5550">
    <p class='ocr_par' dir='ltr' id='par_1_105' title="bbox 607 5473 2166 5550">
     <span class='ocr_line' id='line_1_105' title="bbox 607 5473 2166 5550; baseline 0.008 -25"><span class='ocrx_word' id='word_1_776' title='bbox 607 5483 665 5526; x_wconf 93' lang='lat' dir='ltr'><strong>ut</strong></span> <span class='ocrx_word' id='word_1_777' title='bbox 691 5473 865 5528; x_wconf 87' lang='lat' dir='ltr'><strong>sciant</strong></span> <span class='ocrx_word' id='word_1_778' title='bbox 887 5477 1030 5544; x_wconf 86' lang='lat' dir='ltr'><strong>quod</strong></span> <span class='ocrx_word' id='word_1_779' title='bbox 1063 5477 1398 5535; x_wconf 81' lang='lat' dir='ltr'><strong>voluntarius</strong></span> <span class='ocrx_word' id='word_1_780' title='bbox 1434 5481 1688 5548; x_wconf 86' lang='lat' dir='ltr'><strong>patiatur.</strong></span> <span class='ocrx_word' id='word_1_781' title='bbox 1730 5480 1860 5534; x_wconf 79' lang='lat' dir='ltr'><strong>Nam</strong></span> <span class='ocrx_word' id='word_1_782' title='bbox 1900 5481 1991 5550; x_wconf 92' lang='lat' dir='ltr'><strong>qui</strong></span> <span class='ocrx_word' id='word_1_783' title='bbox 2027 5495 2166 5550; x_wconf 78' lang='lat' dir='ltr'><strong>pra:-</strong></span> 
     </span>
    </p>
   </div>
   <div class='ocr_carea' id='block_1_106' title="bbox 609 5568 2164 5644">
    <p class='ocr_par' dir='ltr' id='par_1_106' title="bbox 609 5568 2164 5644">
     <span class='ocr_line' id='line_1_106' title="bbox 609 5568 2164 5644; baseline 0.004 -21"><span class='ocrx_word' id='word_1_784' title='bbox 609 5569 780 5633; x_wconf 83' lang='lat' dir='ltr'><strong>uovit,</strong></span> <span class='ocrx_word' id='word_1_785' title='bbox 809 5580 863 5623; x_wconf 91' lang='lat' dir='ltr'><strong>et</strong></span> <span class='ocrx_word' id='word_1_786' title='bbox 890 5568 1122 5640; x_wconf 74' lang='lat' dir='ltr'><strong>eﬂ&#39;ugere</strong></span> <span class='ocrx_word' id='word_1_787' title='bbox 1155 5581 1356 5642; x_wconf 88' lang='lat' dir='ltr'><strong>potest,</strong></span> <span class='ocrx_word' id='word_1_788' title='bbox 1384 5583 1439 5629; x_wconf 90' lang='lat' dir='ltr'><strong>et</strong></span> <span class='ocrx_word' id='word_1_789' title='bbox 1469 5590 1572 5629; x_wconf 90' lang='lat' dir='ltr'><strong>non</strong></span> <span class='ocrx_word' id='word_1_790' title='bbox 1611 5575 1743 5644; x_wconf 78' lang='lat' dir='ltr'><strong>fugit</strong></span> <span class='ocrx_word' id='word_1_791' title='bbox 1774 5592 1790 5630; x_wconf 86' lang='lat'>:</span> <span class='ocrx_word' id='word_1_792' title='bbox 1820 5575 2164 5630; x_wconf 87' lang='lat' dir='ltr'><strong>manifestum</strong></span> 
     </span>
    </p>
   </div>
   <div class='ocr_carea' id='block_1_107' title="bbox 611 5660 2166 5734">
    <p class='ocr_par' dir='ltr' id='par_1_107' title="bbox 611 5660 2166 5734">
     <span class='ocr_line' id='line_1_107' title="bbox 611 5660 2166 5734; baseline 0.008 -25"><span class='ocrx_word' id='word_1_793' title='bbox 611 5660 752 5729; x_wconf 84' lang='lat' dir='ltr'><strong>quod</strong></span> <span class='ocrx_word' id='word_1_794' title='bbox 785 5660 1146 5717; x_wconf 73' lang='lat' dir='ltr'><strong>voluntarium</strong></span> <span class='ocrx_word' id='word_1_795' title='bbox 1182 5678 1262 5718; x_wconf 84' lang='lat' dir='ltr'><strong>se.</strong></span> <span class='ocrx_word' id='word_1_796' title='bbox 1289 5665 1629 5733; x_wconf 87' lang='lat' dir='ltr'><strong>passiouibus</strong></span> <span class='ocrx_word' id='word_1_797' title='bbox 1655 5677 1906 5734; x_wconf 69' lang='lat' dir='ltr'><strong>exponat.</strong></span> <span class='ocrx_word' id='word_1_798' title='bbox 1927 5666 2166 5721; x_wconf 82' lang='lat' dir='ltr'><strong>Seorsim</strong></span> 
     </span>
    </p>
   </div>
   <div class='ocr_carea' id='block_1_108' title="bbox 616 5752 2162 5827">
    <p class='ocr_par' dir='ltr' id='par_1_108' title="bbox 616 5752 2162 5827">
     <span class='ocr_line' id='line_1_108' title="bbox 616 5752 2162 5827; baseline 0.009 -26"><span class='ocrx_word' id='word_1_799' title='bbox 616 5757 792 5805; x_wconf 82' lang='lat' dir='ltr'><strong>autem</strong></span> <span class='ocrx_word' id='word_1_800' title='bbox 821 5752 1049 5809; x_wconf 85' lang='lat' dir='ltr'><strong>assumit</strong></span> <span class='ocrx_word' id='word_1_801' title='bbox 1072 5753 1385 5825; x_wconf 77' lang='lat' dir='ltr'><strong>disripulos,</strong></span> <span class='ocrx_word' id='word_1_802' title='bbox 1413 5765 1467 5812; x_wconf 87' lang='lat' dir='ltr'><strong>et</strong></span> <span class='ocrx_word' id='word_1_803' title='bbox 1495 5771 1614 5812; x_wconf 89' lang='lat' dir='ltr'><strong>cum</strong></span> <span class='ocrx_word' id='word_1_804' title='bbox 1638 5757 1767 5812; x_wconf 90' lang='lat' dir='ltr'><strong>solis</strong></span> <span class='ocrx_word' id='word_1_805' title='bbox 1791 5757 2162 5827; x_wconf 86' lang='lat' dir='ltr'><strong>illisloquitur.</strong></span> 
     </span>
    </p>
   </div>
   <div class='ocr_carea' id='block_1_109' title="bbox 2261 4752 3838 4823">
    <p class='ocr_par' dir='ltr' id='par_1_109' title="bbox 2261 4752 3838 4823">
     <span class='ocr_line' id='line_1_109' title="bbox 2261 4752 3838 4823; baseline 0.002 -19"><span class='ocrx_word' id='word_1_806' title='bbox 2261 4752 2521 4822; x_wconf 75' lang='grc' dir='ltr'>μέλλοντα</span> <span class='ocrx_word' id='word_1_807' title='bbox 2557 4752 2706 4822; x_wconf 83' lang='grc' dir='ltr'>αὐτῷ</span> <span class='ocrx_word' id='word_1_808' title='bbox 2764 4752 3080 4821; x_wconf 71' lang='grc' dir='ltr'>συειῦαίνειν</span> <span class='ocrx_word' id='word_1_809' title='bbox 3105 4769 3118 4783; x_wconf 89' lang='grc'><strong>·</strong></span> <span class='ocrx_word' id='word_1_810' title='bbox 3168 4753 3251 4806; x_wconf 80' lang='grc' dir='ltr'>ὅτι</span> <span class='ocrx_word' id='word_1_811' title='bbox 3304 4752 3434 4807; x_wconf 79' lang='grc' dir='ltr'><strong>Ἰδοὺ</strong></span> <span class='ocrx_word' id='word_1_812' title='bbox 3472 4752 3838 4823; x_wconf 77' lang='grc' dir='ltr'>ἀναϐαίνομεν</span> 
     </span>
    </p>
   </div>
   <div class='ocr_carea' id='block_1_110' title="bbox 2257 4842 3840 4916">
    <p class='ocr_par' dir='ltr' id='par_1_110' title="bbox 2257 4842 3840 4916">
     <span class='ocr_line' id='line_1_110' title="bbox 2257 4842 3840 4916; baseline 0.003 -20"><span class='ocrx_word' id='word_1_813' title='bbox 2257 4846 2334 4907; x_wconf 81' lang='grc' dir='ltr'><strong>είς</strong></span> <span class='ocrx_word' id='word_1_814' title='bbox 2369 4845 2738 4914; x_wconf 85' lang='grc' dir='ltr'>Ἰεροσόλυμα,</span> <span class='ocrx_word' id='word_1_815' title='bbox 2768 4844 2864 4897; x_wconf 79' lang='grc' dir='ltr'>καὶ</span> <span class='ocrx_word' id='word_1_816' title='bbox 2893 4845 2920 4897; x_wconf 92' lang='lat'><strong>6</strong></span> <span class='ocrx_word' id='word_1_817' title='bbox 2951 4845 3079 4906; x_wconf 78' lang='grc' dir='ltr'>Υίὸς</span> <span class='ocrx_word' id='word_1_818' title='bbox 3107 4843 3202 4898; x_wconf 90' lang='grc' dir='ltr'><strong>τοῦ</strong></span> <span class='ocrx_word' id='word_1_819' title='bbox 3224 4842 3512 4914; x_wconf 76' lang='grc' dir='ltr'>ἀνθρώπου</span> <span class='ocrx_word' id='word_1_820' title='bbox 3526 4843 3840 4916; x_wconf 75' lang='grc' dir='ltr'>παραδοθή-</span> 
     </span>
    </p>
   </div>
   <div class='ocr_carea' id='block_1_111' title="bbox 2262 4934 3840 5006">
    <p class='ocr_par' dir='ltr' id='par_1_111' title="bbox 2262 4934 3840 5006">
     <span class='ocr_line' id='line_1_111' title="bbox 2262 4934 3840 5006; baseline 0.001 -20"><span class='ocrx_word' id='word_1_821' title='bbox 2262 4951 2412 4989; x_wconf 87' lang='grc' dir='ltr'>σεται</span> <span class='ocrx_word' id='word_1_822' title='bbox 2445 4937 2554 4998; x_wconf 81' lang='grc' dir='ltr'>τοίς</span> <span class='ocrx_word' id='word_1_823' title='bbox 2585 4935 2908 5006; x_wconf 80' lang='grc' dir='ltr'>ἀρχιερεῦσι</span> <span class='ocrx_word' id='word_1_824' title='bbox 2949 4936 3046 4990; x_wconf 77' lang='grc' dir='ltr'>καὶ</span> <span class='ocrx_word' id='word_1_825' title='bbox 3083 4934 3475 5005; x_wconf 85' lang='grc' dir='ltr'>Γραμματεῦσι</span> <span class='ocrx_word' id='word_1_826' title='bbox 3498 4975 3512 5000; x_wconf 88' lang='grc'><strong>,</strong></span> <span class='ocrx_word' id='word_1_827' title='bbox 3546 4937 3644 4990; x_wconf 81' lang='grc' dir='ltr'>καὶ</span> <span class='ocrx_word' id='word_1_828' title='bbox 3675 4952 3840 4990; x_wconf 70' lang='lat' dir='ltr'><strong>uta-</strong></span> 
     </span>
    </p>
   </div>
   <div class='ocr_carea' id='block_1_112' title="bbox 2261 5025 3840 5098">
    <p class='ocr_par' dir='ltr' id='par_1_112' title="bbox 2261 5025 3840 5098">
     <span class='ocr_line' id='line_1_112' title="bbox 2261 5025 3840 5098; baseline -0.001 -17"><span class='ocrx_word' id='word_1_829' title='bbox 2261 5027 2538 5098; x_wconf 86' lang='grc' dir='ltr'>κρινοῦσιν</span> <span class='ocrx_word' id='word_1_830' title='bbox 2585 5029 2751 5081; x_wconf 75' lang='grc' dir='ltr'>αὐτὸν</span> <span class='ocrx_word' id='word_1_831' title='bbox 2787 5028 3041 5097; x_wconf 77' lang='grc' dir='ltr'>θανάτῳ,</span> <span class='ocrx_word' id='word_1_832' title='bbox 3091 5027 3188 5081; x_wconf 73' lang='grc' dir='ltr'>καὶ</span> <span class='ocrx_word' id='word_1_833' title='bbox 3233 5025 3655 5098; x_wconf 80' lang='grc' dir='ltr'>παραδώσουσιν</span> <span class='ocrx_word' id='word_1_834' title='bbox 3684 5026 3840 5081; x_wconf 69' lang='grc' dir='ltr'>αὐτὸν</span> 
     </span>
    </p>
   </div>
   <div class='ocr_carea' id='block_1_113' title="bbox 2260 5117 3844 5189">
    <p class='ocr_par' dir='ltr' id='par_1_113' title="bbox 2260 5117 3844 5189">
     <span class='ocr_line' id='line_1_113' title="bbox 2260 5117 3844 5189; baseline -0.001 -17"><span class='ocrx_word' id='word_1_835' title='bbox 2260 5122 2371 5182; x_wconf 81' lang='grc' dir='ltr'>τοῖς</span> <span class='ocrx_word' id='word_1_836' title='bbox 2398 5119 2597 5184; x_wconf 81' lang='grc' dir='ltr'>ἔθνεσι,</span> <span class='ocrx_word' id='word_1_837' title='bbox 2627 5119 2722 5172; x_wconf 75' lang='grc' dir='ltr'>καὶ</span> <span class='ocrx_word' id='word_1_838' title='bbox 2751 5117 3112 5189; x_wconf 76' lang='grc' dir='ltr'>ἐμπαίξουσιν</span> <span class='ocrx_word' id='word_1_839' title='bbox 3138 5117 3311 5188; x_wconf 80' lang='grc' dir='ltr'>αὐτῷ,</span> <span class='ocrx_word' id='word_1_840' title='bbox 3342 5119 3436 5171; x_wconf 74' lang='grc' dir='ltr'>καὶ</span> <span class='ocrx_word' id='word_1_841' title='bbox 3469 5117 3844 5186; x_wconf 75' lang='grc' dir='ltr'>μαστιγώσου-</span> 
     </span>
    </p>
   </div>
   <div class='ocr_carea' id='block_1_114' title="bbox 2265 5209 3844 5280">
    <p class='ocr_par' dir='ltr' id='par_1_114' title="bbox 2265 5209 3844 5280">
     <span class='ocr_line' id='line_1_114' title="bbox 2265 5209 3844 5280; baseline -0.001 -17"><span class='ocrx_word' id='word_1_842' title='bbox 2265 5227 2348 5264; x_wconf 90' lang='grc' dir='ltr'><strong>σιν</strong></span> <span class='ocrx_word' id='word_1_843' title='bbox 2375 5212 2558 5272; x_wconf 71' lang='grc' dir='ltr'>αὐτδν,</span> <span class='ocrx_word' id='word_1_844' title='bbox 2595 5213 2689 5264; x_wconf 72' lang='grc' dir='ltr'><strong>καὶ</strong></span> <span class='ocrx_word' id='word_1_845' title='bbox 2723 5211 3096 5280; x_wconf 75' lang='grc' dir='ltr'>ἐμπτύσουσιν</span> <span class='ocrx_word' id='word_1_846' title='bbox 3144 5209 3293 5280; x_wconf 82' lang='grc' dir='ltr'><strong>αὐτῷ</strong></span> <span class='ocrx_word' id='word_1_847' title='bbox 3319 5210 3844 5275; x_wconf 22' lang='grc' dir='ltr'>καὶλάποκτενοῦαιν</span> 
     </span>
    </p>
   </div>
   <div class='ocr_carea' id='block_1_115' title="bbox 2262 5301 3843 5373">
    <p class='ocr_par' dir='ltr' id='par_1_115' title="bbox 2262 5301 3843 5373">
     <span class='ocr_line' id='line_1_115' title="bbox 2262 5301 3843 5373; baseline 0.001 -19"><span class='ocrx_word' id='word_1_848' title='bbox 2262 5302 2446 5366; x_wconf 80' lang='grc' dir='ltr'>αὑτὸν,</span> <span class='ocrx_word' id='word_1_849' title='bbox 2489 5303 2580 5354; x_wconf 78' lang='grc' dir='ltr'>καὶ</span> <span class='ocrx_word' id='word_1_850' title='bbox 2625 5305 2690 5372; x_wconf 82' lang='grc' dir='ltr'>τῇ</span> <span class='ocrx_word' id='word_1_851' title='bbox 2730 5301 2889 5372; x_wconf 75' lang='grc' dir='ltr'>τρίτῃ</span> <span class='ocrx_word' id='word_1_852' title='bbox 2932 5303 3116 5373; x_wconf 75' lang='grc' dir='ltr'>ἡμέρᾳ</span> <span class='ocrx_word' id='word_1_853' title='bbox 3164 5302 3555 5371; x_wconf 84' lang='grc' dir='ltr'>ἀναστήσεται.</span> <span class='ocrx_word' id='word_1_854' title='bbox 3618 5320 3640 5354; x_wconf 77' lang='grc' dir='ltr'><strong>ε</strong></span> <span class='ocrx_word' id='word_1_855' title='bbox 3687 5301 3843 5363; x_wconf 79' lang='grc' dir='ltr'>Τίνος</span> 
     </span>
    </p>
   </div>
   <div class='ocr_carea' id='block_1_116' title="bbox 2263 5392 3844 5465">
    <p class='ocr_par' dir='ltr' id='par_1_116' title="bbox 2263 5392 3844 5465">
     <span class='ocr_line' id='line_1_116' title="bbox 2263 5392 3844 5465; baseline 0.001 -17"><span class='ocrx_word' id='word_1_856' title='bbox 2263 5394 2449 5448; x_wconf 78' lang='grc' dir='ltr'>ῑνεκεν</span> <span class='ocrx_word' id='word_1_857' title='bbox 2483 5394 2739 5465; x_wconf 69' lang='grc' dir='ltr'>προλέγει</span> <span class='ocrx_word' id='word_1_858' title='bbox 2784 5395 2854 5446; x_wconf 87' lang='grc' dir='ltr'><strong>τὰ</strong></span> <span class='ocrx_word' id='word_1_859' title='bbox 2892 5394 3156 5462; x_wconf 73' lang='grc' dir='ltr'>μέλλοντα</span> <span class='ocrx_word' id='word_1_860' title='bbox 3190 5392 3343 5462; x_wconf 69' lang='grc' dir='ltr'><strong>αὖτῷ</strong></span> <span class='ocrx_word' id='word_1_861' title='bbox 3360 5393 3720 5463; x_wconf 67' lang='grc' dir='ltr'>συμϐαίνεινξ</span> <span class='ocrx_word' id='word_1_862' title='bbox 3748 5393 3844 5448; x_wconf 68' lang='grc' dir='ltr'><strong>Διὰ</strong></span> 
     </span>
    </p>
   </div>
   <div class='ocr_carea' id='block_1_117' title="bbox 2237 5480 3841 5556">
    <p class='ocr_par' dir='ltr' id='par_1_117' title="bbox 2237 5480 3841 5556">
     <span class='ocr_line' id='line_1_117' title="bbox 2237 5480 3841 5556; baseline 0.001 -18"><span class='ocrx_word' id='word_1_863' title='bbox 2237 5486 2328 5538; x_wconf 81' lang='grc' dir='ltr'><strong>·τδ</strong></span> <span class='ocrx_word' id='word_1_864' title='bbox 2360 5485 2718 5555; x_wconf 83' lang='grc' dir='ltr'>προομαλίσαι</span> <span class='ocrx_word' id='word_1_865' title='bbox 2768 5485 2876 5538; x_wconf 88' lang='grc' dir='ltr'><strong>τῶν</strong></span> <span class='ocrx_word' id='word_1_866' title='bbox 2920 5485 3178 5555; x_wconf 84' lang='grc' dir='ltr'>μαθητῶν</span> <span class='ocrx_word' id='word_1_867' title='bbox 3230 5483 3329 5556; x_wconf 79' lang='grc' dir='ltr'>τὴν</span> <span class='ocrx_word' id='word_1_868' title='bbox 3375 5484 3644 5551; x_wconf 76' lang='grc' dir='ltr'>διάνοιαν,</span> <span class='ocrx_word' id='word_1_869' title='bbox 3694 5480 3841 5541; x_wconf 60' lang='lat' dir='ltr'><strong>om</strong></span> 
     </span>
    </p>
   </div>
   <div class='ocr_carea' id='block_1_118' title="bbox 2267 5575 3842 5650">
    <p class='ocr_par' dir='ltr' id='par_1_118' title="bbox 2267 5575 3842 5650">
     <span class='ocr_line' id='line_1_118' title="bbox 2267 5575 3842 5650; baseline 0.004 -22"><span class='ocrx_word' id='word_1_870' title='bbox 2267 5577 2725 5644; x_wconf 80' lang='grc' dir='ltr'>προακούσαντες,</span> <span class='ocrx_word' id='word_1_871' title='bbox 2780 5576 3156 5647; x_wconf 80' lang='grc' dir='ltr'>εὐφορώτερον</span> <span class='ocrx_word' id='word_1_872' title='bbox 3198 5575 3491 5644; x_wconf 68' lang='grc' dir='ltr'>ἐνέγκωσι,</span> <span class='ocrx_word' id='word_1_873' title='bbox 3536 5578 3634 5631; x_wconf 79' lang='grc' dir='ltr'>καὶ</span> <span class='ocrx_word' id='word_1_874' title='bbox 3661 5578 3738 5650; x_wconf 78' lang='grc' dir='ltr'>μὴ</span> <span class='ocrx_word' id='word_1_875' title='bbox 3768 5576 3842 5649; x_wconf 78' lang='grc' dir='ltr'><strong>τῷ</strong></span> 
     </span>
    </p>
   </div>
   <div class='ocr_carea' id='block_1_119' title="bbox 2268 5665 3846 5736">
    <p class='ocr_par' dir='ltr' id='par_1_119' title="bbox 2268 5665 3846 5736">
     <span class='ocr_line' id='line_1_119' title="bbox 2268 5665 3846 5736; baseline 0.001 -17"><span class='ocrx_word' id='word_1_876' title='bbox 2268 5667 2449 5736; x_wconf 86' lang='grc' dir='ltr'>ἀθρόῳ</span> <span class='ocrx_word' id='word_1_877' title='bbox 2483 5665 2879 5735; x_wconf 79' lang='grc' dir='ltr'>καταπλαγῶσι</span> <span class='ocrx_word' id='word_1_878' title='bbox 2908 5707 2923 5732; x_wconf 95' lang='grc'><strong>,</strong></span> <span class='ocrx_word' id='word_1_879' title='bbox 2964 5667 3054 5720; x_wconf 82' lang='grc' dir='ltr'>καὶ</span> <span class='ocrx_word' id='word_1_880' title='bbox 3103 5666 3254 5721; x_wconf 72' lang='grc' dir='ltr'>ὠσάν</span> <span class='ocrx_word' id='word_1_881' title='bbox 3288 5666 3480 5720; x_wconf 73' lang='grc' dir='ltr'>εἰδεῖεν</span> <span class='ocrx_word' id='word_1_882' title='bbox 3507 5709 3524 5732; x_wconf 87' lang='lat'><strong>,</strong></span> <span class='ocrx_word' id='word_1_883' title='bbox 3572 5669 3660 5724; x_wconf 77' lang='grc' dir='ltr'>ὃτι</span> <span class='ocrx_word' id='word_1_884' title='bbox 3707 5667 3846 5723; x_wconf 65' lang='grc' dir='ltr'>ἀπὼν</span> 
     </span>
    </p>
   </div>
   <div class='ocr_carea' id='block_1_120' title="bbox 2273 5758 3843 5832">
    <p class='ocr_par' dir='ltr' id='par_1_120' title="bbox 2273 5758 3843 5832">
     <span class='ocr_line' id='line_1_120' title="bbox 2273 5758 3843 5832; baseline 0.004 -20"><span class='ocrx_word' id='word_1_885' title='bbox 2273 5758 2488 5828; x_wconf 77' lang='grc' dir='ltr'>πάσχει.</span> <span class='ocrx_word' id='word_1_886' title='bbox 2529 5758 2589 5812; x_wconf 87' lang='lat'><strong>&#39;0</strong></span> <span class='ocrx_word' id='word_1_887' title='bbox 2630 5761 2739 5831; x_wconf 78' lang='grc' dir='ltr'>γὰρ</span> <span class='ocrx_word' id='word_1_888' title='bbox 2771 5759 3034 5830; x_wconf 79' lang='grc' dir='ltr'>προειδὼς</span> <span class='ocrx_word' id='word_1_889' title='bbox 3081 5761 3174 5813; x_wconf 71' lang='grc' dir='ltr'>καὶ</span> <span class='ocrx_word' id='word_1_890' title='bbox 3215 5760 3515 5832; x_wconf 73' lang='grc' dir='ltr'>δυνάμενος</span> <span class='ocrx_word' id='word_1_891' title='bbox 3562 5760 3843 5832; x_wconf 68' lang='grc' dir='ltr'>ικφυγιιν.</span> 
     </span>
    </p>
   </div>
  </div>
