4022 6538
287 480 395 545 θθδ

1002 475 1451 539 ENARRATIO
1491 476 1573 536 IN
1614 475 2117 541 EVANGELIUM
2157 473 2422 542 MARCI.
2455 506 2523 517 —
2565 481 2722 544 CAP.
2760 481 2835 541 Χ.

3475 478 3584 543 606

290 596 369 669 μὴ
414 595 634 665 φεύγων
682 594 739 648 δὲ
766 635 781 660 ,
836 592 1107 665 πρόδηλον
1149 593 1224 657 ὡς
1270 593 1538 655 ἑκουσίως
1596 591 1881 646 ἐκδίδωσιν

1994 593 2276 650 Secretum
2302 597 2447 651 enim
2485 596 2803 667 mysterium
2842 603 2959 649 erat
2989 592 3192 663 passio,
3218 591 3361 662 quod
3418 592 3586 645 fami‘

286 689 483 744 ιαυτόν
512 690 623 748 τοῖς
646 686 893 741 πάθεσιν.
948 683 1081 755 ’ἰδίᾳ
1117 683 1173 736 δὲ
1222 683 1561 753 παραλαϐὼν
1614 684 1743 747 τοὺς
1777 702 1876 753 μαο

287 782 479 853 θητὰς,
515 780 700 851 μόνοις
727 780 915 840 αὐτοῖς
952 778 1283 847 διαλέγεται.
1318 778 1640 847 Μυστήριον
1682 778 1789 849 γὰρ
1820 777 1879 829 ὃν

283 873 348 926 τὸ
378 871 571 933 πάθος,
609 872 721 934 τοῖς
746 870 1102 941 οἰκειοτέροις
1137 870 1243 921 ἔδει
1272 869 1751 939 ἀποκαλυφθῆναι.
1778 868 1879 923 Διά

284 964 450 1016 τοῦτο
482 961 613 1030 γοῦν
647 962 738 1014 καὶ
771 958 1144 1030 προλαμϐάνει
1168 958 1385 1023 πάντας
1420 960 1479 1011 ὲν
1499 962 1564 1029 τῇ
1596 958 1722 1029 ὀδῷ,
1752 959 1878 1028 βου-

285 1055 512 1120 λάμενος
528 1052 871 1122 ἀποχωρίσαι
892 1050 987 1103 τοῦ
1017 1051 1177 1105 ἄλλου
1202 1049 1444 1121 πλήθους
1463 1052 1590 1113 τοὺς
1624 1051 1877 1121 μαθητὰς

285 1143 475 1196 αὑτοῦ.
526 1143 678 1211 ’Ἀμα
723 1141 819 1193 καὶ
879 1140 968 1193 διὰ
1024 1139 1116 1191 τοῦ
1175 1139 1442 1209 προάγειν
1503 1141 1721 1203 πάντας
1783 1140 1877 1193 καὶ

286 1236 621 1307 προφθάνειν
653 1236 712 1286 ὲν
736 1235 802 1302 τῇ
835 1230 938 1301 ὁδῷ
961 1272 975 1295 ,
1014 1230 1288 1284 δείκνυσιν
1321 1232 1403 1284 ὅτι
1436 1232 1767 1302 προστρέχει
1799 1231 1878 1301 τῷ

285 1328 475 1391 πάθει,
507 1328 601 1379 καὶ
628 1326 727 1378 οὐκ
772 1325 1075 1391 ἀποφεύγει
1123 1324 1224 1395 τὴν
1276 1324 1419 1395 ὑπὲρ
1450 1325 1554 1394 τῆς
1596 1327 1879 1396 ἡμετέρας

1984 686 2298 741 liarioribus
2330 688 2593 742 duntaxat
2640 686 2993 741 revelandnm
3024 692 3165 748 erat,
3193 693 3582 757 et'proptcrca

1984 777 2039 832 in
2066 779 2150 831 via
2169 793 2362 834 omnes
2393 778 2672 847 praecedit,
2714 778 2903 833 volens
2937 794 2965 831 a
3025 774 3374 831 multitudine
3399 776 3585 845 segr'e-

1984 885 2114 941 gare
2145 872 2457 939 discipulos.
2507 871 2733 941 Insuper
2766 886 2862 940 per
2896 871 3000 924 hoc
3028 869 3171 937 quod
3209 882 3401 922 omnes
3435 882 3581 937 prac-

1982 962 2130 1019 cedit
2168 973 2223 1017 et
2254 964 2516 1032 praevenit
2550 964 2601 1017 in
2638 964 2724 1018 via
2756 1003 2771 1027 ,
2820 962 3058 1016 ostendit
3096 962 3239 1028 quod
3272 961 3337 1011 ad
3372 960 3585 1029 passio-
3655 992 3671 1004 -

1986 1068 2108 1108 nem
2138 1066 2483 1119 accurrat,et
2509 1072 2613 1109 non
2640 1055 2814 1124 fugiat
2841 1064 3067 1107 mortem
3089 1063 3311 1121 propter
3340 1062 3581 1106 nostram

1987 1146 2240 1201 salutem.
2288 1147 2549 1213 Quamvis
2589 1155 2780 1212 autem
2820 1147 2984 1200 multa
3028 1158 3315 1200 enumerat
3365 1160 3583 1212 aspera,

1988 1239 2231 1291 omnium
2276 1248 2455 1294 tamen
2533 1240 2748 1293 illorum
2809 1238 3082 1293 sumciens
3147 1237 3453 1293 consolatio
3503 1246 3585 1291 est

1991 1342 2158 1381 unum
2195 1331 2318 1396 hoc,
2352 1331 2493 1398 quod
2537 1330 2694 1384 tertia
2728 1330 2815 1384 die
2848 1340 3117 1398 resurget.

286 1417 567 1487 σωτηρίας
593 1418 861 1487 νέκρωσιν
882 1416 976 1469 οπ)
989 1417 1055 1487 ὴν
1084 1418 1132 1469 εί
1154 1417 1247 1471 καὶ
1271 1418 1341 1470 τά
1361 1417 1666 1489 σκυθρωπά
1735 1419 1917 1473 πάντα
1988 1422 2309 1490 καταλέγει,
2333 1423 2450 1481 ἀλλ’
2482 1420 2575 1477 οὖν
2608 1424 2825 1477 πάντων
2843 1423 3067 1478 ἐκείνων
3101 1422 3428 1493 παραμυθία
3464 1420 3585 1491 μία,

283 1512 369 1575 τὸ,
409 1513 531 1565 Καὶ
569 1515 637 1582 τῇ
657 1513 813 1582 τρίτῃ
841 1511 1025 1583 ἡμέρᾳ
1057 1512 1448 1579 ἀναστήσεται.

363 1626 381 1658 ι
423 1608 534 1661 Καὶ
561 1607 1032 1676 προσπορεύονται
1066 1606 1215 1675 αύτῷ
1257 1605 1518 1669 Ἰάκωϐος
1548 1608 1644 1659 καὶ
1687 1606 1874 1661 Ἰωάνα

285 1716 406 1767 νης,
434 1700 482 1751 οί
513 1698 619 1750 υίοὶ
642 1698 955 1761 Ζεϐεδαίου,
984 1698 1238 1767 λέγοντες
1256 1712 1271 1728 ⁸
1298 1698 1624 1761 Διδάσκαλε,
1646 1697 1877 1767 θέλομεν

284 1791 375 1844 ῖνα
406 1791 434 1843 δ
471 1790 565 1842 ὲάν
591 1789 925 1859 αίτήσωμεν,
962 1792 1196 1861 ποιήσῃς
1221 1792 1372 1860 ήμῖν.
1419 1790 1478 1844 Ὁ
1510 1791 1565 1843 δὲ
1594 1787 1749 1845 εἶπεν
1780 1790 1881 1842 αὑ·-

285 1882 398 1944 τοῖς
424 1898 440 1914 ⁸
470 1880 535 1932 Τί
564 1878 745 1932 θέλετε
771 1880 991 1949 ποιῆσαί
1026 1897 1092 1949 με
1134 1881 1265 1951 ὑμῖν
1296 1899 1309 1948 ;
1342 1881 1405 1933 Ol
1436 1880 1491 1934 δὲ
1520 1877 1673 1934 εἷπον
1699 1879 1876 1950 αὐτῷ·

2062 1607 2226 1660 Vsas.
2264 1603 2459 1658 35-59.
2504 1621 2521 1653 ι
2561 1592 2623 1655 Et
2663 1602 2932 1655 accedunt
2976 1600 3041 1653 ad
3073 1614 3195 1653 eum
3250 1598 3490 1653 .Iacobus
3528 1608 3587 1654 et

1985 1696 2244 1759 JOannes,
2287 1696 2380 1749 lilii
2421 1694 2687 1757 Zebedaai,
2730 1695 3010 1748 dicentes:
3050 1692 3385 1757 Princeptor,
3429 1690 3587 1744 volu-

1992 1806 2112 1844 mus
2153 1799 2211 1843 ut
2239 1788 2499 1857 quidquid
2534 1788 2870 1856 petierimus,
2916 1785 3085 1838 facias
3118 1784 3293 1838 nobis.
3339 1783 3431 1838 Ille
3457 1790 3588 1838 vero

1997 1883 2123 1936 dicit
2154 1881 2233 1935 eis
2263 1899 2276 1934 :
2308 1879 2446 1945 Quid
2496 1893 2581 1932 me
2614 1878 2774 1931 vultis
2796 1876 2973 1931 facere
3006 1876 3190 1931 Vubis‘!
3237 1874 3310 1929 llli
3347 1890 3474 1930 vero
3502 1875 3587 1929 di-

284 1972 384 2035 Δδς
416 1972 548 2041 ἡμῖν
588 1970 673 2024 ἵνα
697 1965 776 2029 εἷς
798 1972 861 2023 ὲκ
886 1971 1076 2036 δεξιῶν
1110 1990 1224 2036 σου,
1254 1974 1348 2026 καὶ
1376 1968 1455 2035 εἷς
1490 1972 1547 2039 ἐξ
1583 1972 1881 2041 εὐωνύμων

1994 1982 2187 2025 xerunt
2219 1972 2268 2025 ei
2308 1990 2321 2027 ε
2359 1970 2433 2024 Da
2468 1972 2623 2024 nobis
2656 1982 2712 2022 ut
2744 1986 2883 2023 unus
2922 1968 3012 2020 tibi
3046 1986 3073 2020 ει
3102 1967 3329 2028 dextris.
3362 1976 3416 2021 et
3448 1965 3587 2020 alter

286 2076 383 2115 σου
420 2059 750 2130 καθήσωμεν
786 2063 843 2113 ὲν
876 2066 943 2131 τῇ
974 2061 1100 2133 δόξῃ
1127 2080 1245 2117 σου.
1290 2063 1348 2116 '0
1387 2064 1443 2118 δὴ
1484 2063 1695 2134 Ἰησοῦς
1725 2060 1881 2117 εἶπεν

284 2156 496 2217 αὐτοῖς’
520 2155 634 2206 Ούκ
662 2152 841 2207 οῐδατε
873 2154 925 2205 τί
946 2154 1211 2209 αἰτεῖσθε.
1238 2155 1481 2209 Δύνασθε
1511 2159 1657 2209 πιεῖν
1688 2157 1749 2210 τὸ
1782 2174 1882 2209 πο-

281 2246 476 2317 τήριον
501 2245 529 2298 δ
550 2245 663 2312 ἐγὼ
691 2245 854 2309 πίνω,
884 2247 982 2299 καὶ
1010 2246 1070 2299 τὸ
1100 2246 1388 2318 βάπτισμα
1418 2248 1447 2301 δ
1474 2248 1585 2315 ἑγὼ
1615 2247 1877 2318 βαπτίζο-

286 2354 411 2407 μαι,
446 2337 812 2407 βαπτισθῆναι
839 2354 855 2405 ;
884 2337 947 2390 Οἳ
1003 2338 1062 2392 δὲ
1111 2334 1264 2392 εἷπον
1319 2340 1492 2410 αὐτῷ’
1526 2342 1870 2409 Δυνάμεθα.»

287 2428 482 2491 Ἀλλος
500 2428 897 2499 ιῦαγγελιστής
920 2446 1087 2499 φησιν
1104 2432 1185 2483 ὅτι
1219 2434 1251 2502 ή
1288 2434 1473 2503 μήτηρ
1495 2433 1676 2486 αὐτῶν
1707 2451 1879 2503 προσ-

282 2522 418 2591 ῆλθε
462 2520 540 2591 τῷ
580 2519 825 2591 Χριστῷ.
883 2522 1041 2587 Εἰκὸς
1095 2523 1156 2577 δέ
1197 2526 1369 2579 ιὲστιν
1400 2525 1691 2596 ἀμφότερα
1733 2525 1885 2594 γενέ-

284 2616 447 2670 σθαι’
483 2619 730 2681 καὶτοὺς
785 2618 1119 2681 ἀποστόλους
1189 2617 1614 2688 αἰσχυνομένους
1668 2618 1879 2688 προϐα-

282 2708 475 2761 λέσθαι
508 2712 607 2779 τήν
642 2710 854 2781 μητέρα
882 2710 1060 2764 αὐτῶν
1083 2750 1096 2774 ,
1130 2706 1254 2763 εἶτα
1287 2710 1383 2765 καὶ
1418 2711 1617 2774 αὖτοὺς
1641 2712 1881 2782 προσελ-

284 2799 403 2853 θεῖν
459 2799 606 2872 ιδίαο
648 2802 728 2854 διὸ
776 2804 873 2855 καὶ
923 2804 951 2857 ὁ
1002 2802 1402 2875 εύαγγελιστὴς
1452 2804 1881 2873 ἐπισημαίνεται

282 2893 466 2959 τοῦτο,
492 2893 699 2962 λέγων’
729 2896 1232 2965 Προσπορεύονται,
1264 2897 1386 2951 ἀντὶ
1418 2896 1534 2964 τοῦ,
1574 2898 1680 2966 ίδίᾳ
1713 2912 1883 2965 προσ-

283 2984 565 3054 έρχονται,
619 2984 731 3037 τῶν
794 2985 971 3039 ἄλλων
1006 2986 1508 3055 ἀποχωρισθέντες.
1554 2988 1620 3038 Τί
1662 2986 1719 3039 δὲ
1764 2983 1885 3057 ἦνὸ

284 3074 531 3146 ᾐτοῦντο,
565 3075 851 3146 μάθωμεν.
884 3076 1171 3145 Ἐνόμιζον
1202 3077 1285 3129 ὅτι
1315 3077 1475 3129 τοῦτο
1514 3076 1541 3128 δ
1586 3076 1882 3146 ἀνέρχεται

283 3168 368 3227 είς
404 3164 772 3235 Ἱεροσόλυμα.
798 3165 887 3218 διά
916 3167 976 3218 τὸ
1002 3165 1349 3235 βασιλεύσειν
1370 3167 1662 3237 ἀνέρχεται
1690 3167 1887 3237 αἰσθη-

280 3254 386 3325 τὴν
417 3252 712 3323 βασιλείαν.
740 3256 851 3307 Καὶ
877 3255 1016 3323 μετά
1045 3255 1106 3307 τὸ
1124 3256 1464 3324 βασιλεῦσαι,
1485 3257 1607 3309 τότε
1632 3256 1882 3309 πείσεται

280 3346 321 3401 ἃ
357 3346 553 3416 [μιλλε
608 3348 823 3400 παθεῖν.
864 3346 1053 3401 Ταῦτα
1092 3344 1186 3401 οὖν
1216 3348 1552 3412 ἐννοοῦντες,
1592 3348 1875 3401 αίτοῦνται

282 3440 388 3494 καὶ
436 3441 534 3511 τὴν
567 3442 631 3495 ὲκ
662 3442 853 3509 δεξιῶν
896 3443 992 3495 καὶ
1023 3444 1126 3513 τὴν
1164 3446 1222 3509 ἐξ
1248 3444 1545 3513 εὐωνύμων
1585 3444 1879 3515 καθέδραν·

281 3531 371 3585 διὸ
398 3533 495 3586 καὶ
525 3534 553 3586 δ
590 3533 801 3605 Κύριος
829 3536 1061 3606 ἐπιτιμᾷ
1090 3535 1277 3599 αὐτοῖς
1304 3536 1379 3599 ὡς
1420 3537 1649 3605 ἀνόητόν
1696 3554 1747 3589 τι
1788 3537 1885 3606 ζη-

282 3625 493 3680 τοῦσιν.
516 3627 631 3681 Οὐκ
658 3628 835 3681 οῖδατε
861 3630 991 3700 γὰρ,
1024 3632 1181 3699 φησι,
1199 3631 1253 3683 τί
1271 3630 1533 3685 αἰτεῖσθε.
1569 3630 1759 3701 Ὑμεῖς
1777 3632 1886 3705 γὰρ

281 3720 543 3788 νομίζετε
591 3721 860 3792 αἰσθητὴν
920 3718 1060 3775 εἶναι
1114 3725 1215 3793 τὴν
1266 3724 1407 3793 ἐμὴν
1447 3723 1751 3793 βασιλείαν,
1790 3724 1885 3777 καὶ

283 3810 557 3881 αἰσθητὴν
581 3812 680 3884 τὴν
705 3813 979 3885 καθέδραν
1013 3815 1276 3869 αἰτεῖσθε.
1309 3816 1423 3868 Ούκ
1450 3814 1565 3868 ἔστι
1596 3817 1651 3869 δὲ
1684 3815 1844 3868 τοῦτο
1868 3832 1883 3848 ο

283 3902 427 3957 ἀλλὰ
459 3902 632 3958 ταῦτα
672 3906 853 3961 πάντα
887 3907 1029 3977 ὑπὲρ
1068 3907 1194 3961 νοῦν
1230 3911 1356 3960 είσι.
1403 3909 1518 3961 Καὶ
1566 3910 1627 3961 τὸ
1661 3908 1885 3961 καθίσαι

285 3996 356 4047 ὲκ
386 3994 577 4060 δεξιῶν
611 4014 711 4066 μου
780 3999 926 4067 μέγα
954 3998 1093 4064 ἐστὶ,
1129 3999 1225 4052 καὶ
1251 4000 1350 4061 τὰς
1377 4000 1676 4068 ἀγγελικὰς
1716 4001 1887 4069 ὑπερ-

288 4086 477 4141 ϐαῖνον
509 4089 696 4154 τάξεις
718 4131 733 4155 ,
767 4092 862 4143 καὶ
895 4091 1054 4160 ὑμεῖς
1088 4092 1187 4161 μὲν
1237 4094 1331 4145 ἐπὶ
1374 4094 1534 4159 δόξαν
1592 4095 1883 4163 κεχήνατε,

285 4177 404 4247 ἐγὼ
435 4178 491 4231 δὲ
513 4181 595 4242 είς
645 4180 875 4233 θάνατον
918 4182 1063 4251 ὑμᾶς
1104 4182 1273 4235 καλῶ.
1331 4184 1599 4254 Ποτήριον
1647 4185 1758 4254 γὰρ
1788 4184 1885 4237 κα)⁸

287 4268 579 4340 βάπτισμα
632 4272 725 4323 τὸν
759 4272 994 4343 σταυρὸν
1036 4272 1327 4343 όνομάζεν
1359 4278 1618 4345 ποτήριον
1648 4277 1776 4345 μὲν,
1812 4276 1888 4339 ὡς

283 4366 371 4426 εἰς
395 4362 563 4416 ὗπνον
596 4364 758 4427 εὐθὺς
790 4365 921 4431 ἄγον
960 4366 1054 4418 καὶ
1081 4365 1154 4427 ὡς
1178 4366 1351 4436 ἡδέως
1380 4368 1472 4419 ὑπ’
1493 4367 1661 4421 αὑτοῦ
1711 4386 1887 4438 προσ-

286 4454 482 4527 δεχθέν
505 4472 519 4486 ’
556 4455 843 4525 βάπτισμα
876 4456 953 4520 δὲ,
986 4457 1061 4520 ὡς
1095 4458 1436 4528 καθαρισμὸν
1468 4459 1575 4511 τῶν
1602 4460 1889 4529 ἁμαρτιῶν

288 4550 693 4619 ποιησάμενον,·
728 4552 778 4603 οι
802 4550 882 4614 δε,
917 4550 992 4621 μὴ
1019 4551 1314 4621 νοήσαντες
1342 4552 1394 4604 τί
1414 4552 1583 4616 λέγοι,
1615 4553 1887 4623 ὑπέσχον-

1997 2067 2093 2121 tibi
2123 2082 2149 2118 a
2188 2065 2432 2120 sinistris
2455 2066 2740 2118 sedeamus
2768 2064 2819 2116 in
2848 2062 3017 2133 gloria
3050 2072 3163 2116 tua.
3191 2060 3351 2115 Jesus
3403 2071 3588 2114 autem

1996 2159 2132 2213 dixit
2157 2158 2266 2212 illis
2296 2176 2309 2212 :
2350 2157 2585 2212 Nescitis
2607 2157 2732 2224 quid
2760 2156 2979 2223 petatis.
3015 2153 3249 2208 Potestis
3282 2153 3471 2207 bibere
3502 2165 3592 2220 po-

1985 2250 2167 2306 culum
2202 2249 2347 2319 quod
2377 2264 2477 2319 ego
2510 2250 2667 2312 bibo,
2701 2256 2755 2300 et
2785 2248 3114 2316 baptismate
3146 2258 3256 2314 quo
3285 2258 3389 2314 ego
3420 2242 3591 2311 bapti-

1984 2358 2081 2396 τοι·
2129 2342 2391 2411 baptizari
2437 2341 2563 2393 ?At
2622 2340 2697 2392 illi
2750 2338 3006 2393 dixerunt
3042 2339 3091 2391 ei
3136 2354 3153 2392 :
3200 2338 3517 2390 POssumus.
3565 2354 3583 2387 ι

1986 2436 2141 2489 Alius
2163 2434 2492 2505 evangelista
2522 2433 2656 2487 dicit
2686 2431 2827 2501 quod
2856 2440 3029 2485 mater
3054 2430 3270 2484 illorum
3298 2429 3593 2484 accesserit

1993 2530 2059 2581 ad
2078 2527 2382 2581 Christum.
2413 2524 2723 2579 Verisimile
2747 2532 2929 2581 autem
2951 2532 3033 2577 est
3050 2533 3345 2591 utrumque
3364 2522 3589 2584 lactem.

1984 2624 2039 2670 et
2087 2616 2367 2686 apostolos
2397 2615 2605 2683 pudore
2654 2618 2891 2683 quodam
2946 2623 3174 2667 matrem
3230 2614 3589 2682 praemisisse,

1990 2718 2043 2765 et
2065 2709 2261 2764 deinde
2300 2710 2449 2779 ipsos
2486 2708 2712 2761 seorsim
2749 2706 2948 2761 adiisse
2977 2724 2990 2760 :
3026 2707 3232 2761 idcirco
3264 2716 3321 2761 et
3354 2720 3594 2777 evange-

1986 2803 2111 2856 lista
2136 2803 2382 2871 asSignat
2403 2801 2526 2863 hoc,
2558 2800 2746 2855 dicens
2776 2816 2791 2854 :
2824 2799 3128 2864 Accedunt,
3164 2798 3269 2853 huc
3308 2808 3415 2863 est,
3441 2811 3596 2851 seor-

1988 2894 2089 2947 sim
2110 2893 2330 2951 adeunt.
2360 2892 2428 2945 ab
2453 2891 2575 2944 aliis
2598 2889 2888 2959 segregati.
2915 2887 3053 2955 Quid
3077 2890 3242 2961 igitur
3264 2888 3429 2943 fuerit
3450 2889 3593 2958 quod

1990 2984 2284 3051 petierunt,
2320 2982 2621 3038 discamus.
2653 2979 2984 3051 Cogitabant
3015 2985 3157 3049 quod
3185 2983 3509 3035 ascenderet
3539 2979 3593 3033 in

1993 3074 2368 3144 lierosolyma
2399 3086 2457 3129 ut
2484 3076 3109 3146 regnatur-ustemporali
3130 3074 3364 3143 quodam
3396 3088 3594 3143 regno,

1992 3175 2048 3222 et
2079 3177 2369 3237 postquam
2407 3176 2711 3238 regnasset,
2752 3182 3013 3236 passurus
3043 3177 3190 3221 esset
3220 3181 3282 3219 ea
3308 3167 3374 3221 de
3392 3167 3592 3236 quibus

1993 3259 2229 3314 dicebat.
2266 3259 2417 3312 Talia
2462 3274 2648 3314 secum
2679 3260 3010 3329 cOgitantes,
3049 3258 3365 3329 petiverunt
3403 3260 3591 3314 sedem

1992 3361 2043 3404 et
2075 3366 2103 3403 a
2132 3350 2342 3404 dextris
2358 3360 2409 3403 et
2442 3367 2469 3401 a
2505 3351 2780 3404 sinistris:
2810 3350 3015 3405 idcirco
3039 3362 3094 3404 et
3129 3351 3390 3405 Dominus
3416 3351 3597 3405 incre-

1992 3453 2085 3513 pat
2111 3458 2204 3497 eos
2234 3453 2489 3511 tanquam
2509 3444 2734 3497 stultum
2771 3444 3032 3513 quiddam
3064 3453 3329 3513 petentes.
3355 3442 3597 3500 Nescitis

1991 3537 2159 3601 enim,
2197 3535 2395 3605 inquit,
2430 3537 2558 3605 quid
2591 3536 2811 3605 petatis.
2846 3536 2955 3592 Vos
2988 3539 3133 3591 enim
3168 3538 3397 3593 creditis
3418 3539 3594 3593 sensi-

1989 3627 2097 3683 bile
2129 3628 2403 3697 quoddam
2462 3642 2642 3681 meum
2696 3642 2922 3695 regnum
2964 3643 3108 3692 esse,
3140 3642 3195 3683 et
3232 3629 3592 3698 temporalem

1991 3722 2175 3774 sedem
2223 3720 2409 3787 petitis
2443 3737 2456 3773 :
2491 3730 2545 3773 at
2585 3735 2673 3774 res
2718 3737 2823 3775 non
2861 3723 2933 3775 ita
2966 3736 3025 3775 se
3062 3722 3245 3787 habet,
3281 3724 3376 3776 sed
3411 3723 3595 3777 omnia

1992 3811 2106 3863 base
2126 3825 2288 3878 supra
2323 3819 2559 3862 mentem
2591 3810 2826 3864 bominis
2844 3821 2991 3865 sunt.
3018 3811 3079 3865 Et
3110 3813 3305 3866 sedere
3328 3827 3357 3865 a
3383 3814 3593 3868 dextris

1999 3903 2156 3965 meis,
2190 3917 2445 3972 magnum
2478 3911 2585 3967 est,
2616 3904 2833 3972 etquod
2863 3904 3082 3959 excellit
3121 3906 3285 3959 etiam
3320 3907 3598 3975 angelicas

1992 3994 2247 4048 ordines:
2281 3994 2451 4065 228
2479 4004 2533 4050 et
2563 4010 2661 4050 vos
2685 3998 2902 4065 quidem
2934 3997 3002 4050 ad
3033 3998 3263 4065 gloriam
3300 3997 3597 4065 festinatis,

1992 4101 2092 4156 ego
2116 4098 2299 4141 antem
2355 4090 2421 4141 ad
2472 4099 2704 4144 mortem
2736 4104 2833 4144 vos
2867 4104 3019 4143 voco.
3067 4088 3331 4144 Poculum
3363 4091 3509 4145 enim
3540 4103 3598 4145 et

1993 4178 2261 4246 baptisma
2295 4192 2513 4232 crucem
2551 4178 2823 4234 nominat.
2863 4179 3122 4234 Poculutn
3155 4180 3375 4249 quidem
3401 4221 3418 4247 ,
3449 4184 3596 4251 quod

1991 4270 2177 4323 statim
2222 4285 2476 4326 somnum
2508 4273 2795 4337 conciliet,
2833 4284 2890 4327 et
2940 4276 3085 4344 quod
3117 4277 3183 4328 ab
3236 4275 3355 4345 ipso
3396 4290 3597 4346 magna

1993 4377 2113 4419 cum
2149 4365 2420 4420 suavitate
2447 4375 2737 4433 sumatur;
2778 4368 3278 4435 baptisma'autem,
3323 4375 3466 4440 quod
3509 4369 3598 4426 ῖυα

1996 4464 2117 4509 tura
2146 4466 2293 4511 esset
2321 4469 2676 4526 peccatorum
2712 4461 3040 4529 puriﬁcatio.
3076 4467 3146 4515 At
3192 4462 3245 4517 bi
3298 4481 3403 4517 non
3435 4465 3599 4519 intel-

1995 4549 2231 4621 ligentes
2269 4550 2399 4621 quid
2456 4552 2666 4607 diceret
2724 4554 2953 4621 polliciti
3013 4565 3158 4610 sunt.
3223 4557 3598 4624 Opinabantur

285 4659 374 4708 το,
414 4642 732 4712 νομίζοντες
764 4643 947 4712 λέγειν
982 4646 1111 4715 περὶ
1145 4643 1408 4715 ποτηρίου
1462 4645 1757 4716 αίσθητοῠ,
1795 4648 1881 4700 καὶ

1996 4645 2140 4699 enim
2166 4644 2448 4714 eumioqui
2466 4646 2531 4699 de
2552 4645 2747 4713 poculo
2763 4646 3101 4711 sensibili,et
3122 4647 3450 4716 baptismate
3483 4666 3599 4717 quo

290 4735 675 4807 βαπτίσματος
723 4738 820 4808 οῖῳ
850 4737 1211 4802 ἐϐαπτίζοντο
1243 4740 1293 4791 oi
1334 4737 1613 4804 Ἰουδαῖοι,
1649 4739 1758 4811 πρὸ
1790 4738 1885 4793 τοῦ

289 4831 492 4899 φαγεῖν
515 4828 867 4900 πλυνόμενοι.

366 4939 388 4972 c
436 4922 495 4973 '0
525 4920 583 4975 at
634 4920 843 4991 Ἰησοῦς
885 4916 1038 4975 εἶπεν
1068 4922 1283 4983 αὐτοῖς’
1309 4922 1382 4975 Τὸ
1416 4924 1515 4993 μὲν
1547 4925 1811 4994 ποτήριον
1859 4922 1889 4976 δ

287 5013 407 5084 ἐγὼ
429 5014 595 5077 πίνω.
626 5014 837 5078 πίεσθε,
870 5014 965 5069 καὶ
1000 5016 1061 5069 τὸ
1086 5015 1373 5086 βάπτισμα
1409 5017 1437 5069 ὃ
1471 5016 1583 5085 ἐγὼ
1626 5017 1887 5088 βαπτίζο-

291 5126 415 5185 μαι,
451 5106 873 5178 βαπτισθήσεθε.
925 5110 999 5162 Τὸ
1047 5109 1103 5162 δὲ
1136 5109 1361 5163 καθίσαι
1416 5112 1481 5163 ὲκ
1527 5110 1724 5175 δεξιῶν
1782 5128 1885 5181 μου

286 5201 387 5255 καὶ
410 5198 469 5265 te
497 5199 795 5271 εὐωνύμων
833 5217 935 5271 μου
957 5241 971 5263 .
1000 5202 1102 5255 οὐκ
1136 5200 1286 5255 ἐστιν
1317 5202 1450 5272 ἐμὸν
1486 5202 1711 5269 δοῦναι,
1738 5239 1740 5241 ›
1766 5203 1886 5257 ἀλλ’

285 5287 373 5355 οἷς
411 5292 760 5362 ἡτοίμασται.
809 5310 827 5342 ι
862 5292 935 5346 Τὸ
971 5293 1071 5362 μὶν
1111 5294 1434 5366 μαρτύριον,
1462 5296 1885 5364 φησὶν,μὺπεισ-

286 5384 608 5449 meum,
644 5386 736 5439 καὶ
780 5384 1150 5440 ἀποθανεῖσθε
1184 5388 1275 5439 τὸν
1315 5388 1458 5459 ὑπὲρ
1490 5388 1588 5458 τῆς
1618 5388 1884 5457 ἀληθείας

285 5478 547 5532 θάνατον.
598 5478 681 5530 Τὸ·
720 5478 778 5531 δὲ
819 5478 1069 5543 καθίσαι,
1135 5480 1235 5532 οὐκ
1281 5478 1430 5534 ἔστιν
1496 5482 1631 5549 ἐμὸν
1674 5482 1882 5536 δοῦναι.

299 5568 570 5623 ἐνταῦθα
600 5568 656 5623 δδ
685 5569 778 5623 δύο
802 5570 925 5623 τινὰ
952 5569 1265 5641 ζητοῦνται.
1300 5571 1399 5649 ’,Εν
1430 5573 1529 5643 μὲν
1560 5573 1702 5628 τόδε.
1734 5570 1887 5645 Ἀρα

285 5657 623 5729 ήτοίμασταί
650 5674 758 5711 τινι
786 5658 846 5709 τὸ
880 5658 1107 5713 καθίσαι
1138 5674 1154 5724 ;
1200 5660 1389 5731 ἓτερον
1432 5660 1511 5725 δὲ,
1548 5655 1658 5731 ἄρα
1686 5662 1717 5714 ό
1747 5664 1886 5715 πάν-

282 5765 399 5804 των
426 5749 699 5817 Δεσπότης
726 5749 789 5802 οὐ
829 5749 1055 5804 δύναται
1076 5752 1280 5821 ταύτην
1306 5753 1409 5823 τὴν
1438 5752 1711 5823 καθέδραν
1742 5754 1872 5808 δοῦο

286 5859 415 5907 ναις
460 5841 707 5913 Λιγομεν
733 5842 830 5898 οὖν
860 5844 943 5898 ὅτι
964 5844 1148 5909 οὐδεὶς
1188 5847 1254 5899 tat
1282 5844 1476 5911 δεξιῶν
1510 5847 1723 5901 καθίσει
1752 5848 1786 5918 ἢ
1827 5849 1886 5915 ἐξ

284 5931 620 6003 ἀριετερῶν.
669 5933 829 5989 Ἀλλά
861 5933 967 5989 κᾶν
1004 5934 1274 6006 πολλαχοῦ
1320 5936 1422 6007 τῆς
1476 5936 1703 6008 Γραςῆς
1746 5938 1880 5992 καθ-

1998 4734 2420 4805 baptizabantur
2451 4734 2628 4791 Judaei
2669 4751 2795 4792 cum
2827 4746 2956 4793 ante
3000 4739 3182 4793 cibum
3224 4752 3283 4794 se
3330 4738 3596 4797 lavarent.

2068 4919 2232 4974 Vens.
2264 4921 2355 4987 39,
2398 4922 2489 4977 40.
2529 4940 2547 4974 ι
2586 4919 2749 4979 Iesus
2780 4932 2962 4978 autem
2986 4923 3124 4979 dixit
3152 4923 3259 4979 illis
3291 4941 3305 4978 :
3338 4922 3595 4978 Pocuutm

1996 5011 2213 5079 quidem
2244 5014 2384 5083 quod
2410 5029 2511 5084 ego
2540 5015 2687 5079 bibo,
2722 5015 2919 5071 bibetis
2953 5033 2968 5070 :
3012 5026 3066 5071 et
3112 5017 3443 5086 baptismate
3488 5033 3595 5087 quo

1997 5117 2097 5171 ego
2128 5103 2402 5173 baptizor,
2442 5105 2855 5173 baptizabimini
2894 5126 2907 5161 :
2944 5120 3199 5163 caeterum
3248 5111 3436 5164 sedere
3465 5109 3596 5163 milii

1996 5208 2025 5247 a
2050 5196 2257 5250 dextris
2302 5211 2366 5249 ac
2390 5196 2655 5262 sinistris,
2696 5214 2805 5252 non
2842 5206 2929 5255 est
2973 5214 3152 5254 meum
3199 5201 3355 5266 dare,
3406 5204 3499 5256 sed
3533 5204 3595 5257 iis

1995 5288 2275 5359 Continget
2337 5289 2539 5356 quibus
2578 5300 2830 5359 paratum
2882 5301 2989 5347 est.
3051 5312 3071 5345 ι
3127 5294 3208 5348 Ad
3270 5296 3595 5365 martyrium

1998 5381 2463 5451 quidem,inquit,
2506 5386 2837 5451 pervenietis
2866 5424 2881 5449 ,
2921 5396 2976 5441 et
3021 5386 3335 5441 moriemini
3379 5401 3479 5456 pro
3510 5403 3595 5441 ve-

1999 5475 2206 5528 ritate:
2261 5484 2319 5528 at
2364 5478 2561 5531 sedere
2615 5491 2644 5529 a
2700 5479 2909 5533 dextris
2939 5494 3003 5532 ac
3036 5479 3299 5545 sinistris,
3356 5496 3464 5535 non
3512 5488 3595 5536 est

1996 5580 2175 5619 meum
2208 5567 2358 5619 dare.
2411 5565 2523 5622 lloc
2567 5568 2688 5625 loco
2723 5572 2831 5624 duo
2890 5572 3064 5640 quaari
3112 5575 3294 5628 solent
3331 5591 3345 5628 :
3386 5573 3593 5642 Primo,

1995 5673 2123 5712 num
2154 5658 2392 5729 cuipiam
2436 5670 2684 5732 paratum
2740 5662 2811 5717 sit
2859 5666 3053 5719 sedere
3087 5683 3101 5719 :
3132 5668 3328 5721 deinde
3368 5682 3435 5718 an
3470 5681 3594 5720 om-

1996 5749 2144 5803 nium
2175 5750 2437 5807 Dominus
2472 5768 2577 5809 non
2610 5756 2785 5823 possit
2811 5756 2996 5811 sedent
3030 5757 3191 5811 istam
3232 5757 3409 5811 dare?
3443 5755 3593 5813 Dici-

1993 5858 2118 5898 mus
2148 5846 2333 5915 igitur,
2365 5848 2506 5915 quod
2536 5849 2716 5905 nullus
2758 5863 2786 5901 a
2824 5849 3033 5905 dextris
3065 5851 3278 5905 sedebit
3310 5861 3405 5905 aut
3440 5866 3469 5904 a
3514 5852 3591 5904 si-

1994 5937 2203 5992 nistris.
2240 5938 2450 5993 Etcum
2488 5955 2631 6011 saepe
2680 5942 2735 5997 in
2777 5941 3083 6013 Scripturis
3134 5943 3376 6000 audieris
3405 5945 3591 6000 catbc-
