  <div class='ocr_page' id='page_1' title='image "/cluster/home/n/w/nwhite01/storage/ocr_20150623/123/uva.x004884189/401.png"; bbox 0 0 4022 6476; ppageno 0'>
   <div class='ocr_carea' id='block_1_1' title="bbox 537 437 641 498">
    <p class='ocr_par' dir='ltr' id='par_1_1' title="bbox 537 437 641 498">
     <span class='ocr_line' id='line_1_1' title="bbox 537 437 641 498; baseline -0.01 0"><span class='ocrx_word' id='word_1_1' title='bbox 537 437 641 498; x_wconf 74' lang='lat'><strong>607</strong></span> 
     </span>
    </p>
   </div>
   <div class='ocr_carea' id='block_1_2' title="bbox 1451 411 2881 485">
    <p class='ocr_par' dir='ltr' id='par_1_2' title="bbox 1451 411 2881 485">
     <span class='ocr_line' id='line_1_2' title="bbox 1451 411 2881 485; baseline -0.01 0"><span class='ocrx_word' id='word_1_2' title='bbox 1451 418 2030 485; x_wconf 76' lang='lat' dir='ltr'><strong>THEOPBYLACTI</strong></span> <span class='ocrx_word' id='word_1_3' title='bbox 2073 414 2486 478; x_wconf 73' lang='lat' dir='ltr'><strong>BULGARLE</strong></span> <span class='ocrx_word' id='word_1_4' title='bbox 2526 411 2881 473; x_wconf 75' lang='lat' dir='ltr'><strong>ARCHIEP.</strong></span> 
     </span>
    </p>
   </div>
   <div class='ocr_carea' id='block_1_3' title="bbox 3670 402 3774 465">
    <p class='ocr_par' dir='ltr' id='par_1_3' title="bbox 3670 402 3774 465">
     <span class='ocr_line' id='line_1_3' title="bbox 3670 402 3774 465; baseline 0.01 -1"><span class='ocrx_word' id='word_1_5' title='bbox 3670 402 3774 465; x_wconf 79' lang='lat'><strong>608</strong></span> 
     </span>
    </p>
   </div>
   <div class='ocr_carea' id='block_1_4' title="bbox 528 511 2109 609">
    <p class='ocr_par' dir='ltr' id='par_1_4' title="bbox 528 526 2090 609">
     <span class='ocr_line' id='line_1_4' title="bbox 528 526 2090 609; baseline -0.017 -7"><span class='ocrx_word' id='word_1_6' title='bbox 528 550 702 609; x_wconf 82' lang='lat' dir='ltr'><strong>dram,</strong></span> <span class='ocrx_word' id='word_1_7' title='bbox 753 558 857 596; x_wconf 87' lang='lat' dir='ltr'><strong>non</strong></span> <span class='ocrx_word' id='word_1_8' title='bbox 912 537 1222 591; x_wconf 69' lang='lat' dir='ltr'><strong>cathedram</strong></span> <span class='ocrx_word' id='word_1_9' title='bbox 1275 531 1574 601; x_wconf 77' lang='lat' dir='ltr'><strong>intelligas,</strong></span> <span class='ocrx_word' id='word_1_10' title='bbox 1614 531 1708 585; x_wconf 83' lang='lat' dir='ltr'><strong>sed</strong></span> <span class='ocrx_word' id='word_1_11' title='bbox 1739 526 2090 582; x_wconf 76' lang='lat' dir='ltr'><strong>execllentcnt</strong></span> 
     </span>
    </p>
   </div>
   <div class='ocr_carea' id='block_1_5' title="bbox 2214 511 3772 609">
    <p class='ocr_par' dir='ltr' id='par_1_5' title="bbox 2214 511 3772 598">
     <span class='ocr_line' id='line_1_5' title="bbox 2214 511 3772 598; baseline -0.006 -24"><span class='ocrx_word' id='word_1_12' title='bbox 2214 523 2357 591; x_wconf 67' lang='grc' dir='ltr'><strong>ἕδρας</strong></span> <span class='ocrx_word' id='word_1_13' title='bbox 2388 519 2611 592; x_wconf 72' lang='grc' dir='ltr'><strong>ἀκούῃς,</strong></span> <span class='ocrx_word' id='word_1_14' title='bbox 2657 519 2731 598; x_wconf 65' lang='grc' dir='ltr'><strong>μὴ</strong></span> <span class='ocrx_word' id='word_1_15' title='bbox 2781 515 3051 585; x_wconf 70' lang='grc' dir='ltr'><strong>καθέδραν</strong></span> <span class='ocrx_word' id='word_1_16' title='bbox 3085 516 3213 578; x_wconf 74' lang='grc' dir='ltr'><strong>νόει,</strong></span> <span class='ocrx_word' id='word_1_17' title='bbox 3244 511 3380 567; x_wconf 72' lang='grc' dir='ltr'><strong>ἀλλά</strong></span> <span class='ocrx_word' id='word_1_18' title='bbox 3417 511 3584 582; x_wconf 69' lang='grc' dir='ltr'><strong>τιμὴν</strong></span> <span class='ocrx_word' id='word_1_19' title='bbox 3606 512 3772 581; x_wconf 68' lang='lat' dir='ltr'><strong>mp.</strong></span> 
     </span>
    </p>
   </div>
   <div class='ocr_carea' id='block_1_6' title="bbox 530 619 2092 708">
    <p class='ocr_par' dir='ltr' id='par_1_6' title="bbox 530 619 2092 708">
     <span class='ocr_line' id='line_1_6' title="bbox 530 619 2092 708; baseline -0.012 -18"><span class='ocrx_word' id='word_1_20' title='bbox 530 640 864 708; x_wconf 78' lang='lat' dir='ltr'><strong>dignitatem.</strong></span> <span class='ocrx_word' id='word_1_21' title='bbox 896 630 1048 695; x_wconf 79' lang='lat' dir='ltr'><strong>Quod</strong></span> <span class='ocrx_word' id='word_1_22' title='bbox 1095 638 1272 679; x_wconf 88' lang='lat' dir='ltr'><strong>autent</strong></span> <span class='ocrx_word' id='word_1_23' title='bbox 1309 640 1412 679; x_wconf 91' lang='lat' dir='ltr'><strong>non</strong></span> <span class='ocrx_word' id='word_1_24' title='bbox 1453 625 1524 677; x_wconf 86' lang='lat' dir='ltr'><strong>sit</strong></span> <span class='ocrx_word' id='word_1_25' title='bbox 1573 638 1746 675; x_wconf 87' lang='lat' dir='ltr'><strong>meum</strong></span> <span class='ocrx_word' id='word_1_26' title='bbox 1786 622 1933 682; x_wconf 76' lang='lat' dir='ltr'><strong>dare,</strong></span> <span class='ocrx_word' id='word_1_27' title='bbox 1993 619 2092 671; x_wconf 86' lang='lat' dir='ltr'><strong>hoc</strong></span> 
     </span>
    </p>
   </div>
   <div class='ocr_carea' id='block_1_7' title="bbox 533 710 2093 782">
    <p class='ocr_par' dir='ltr' id='par_1_7' title="bbox 533 710 2093 782">
     <span class='ocr_line' id='line_1_7' title="bbox 533 710 2093 782; baseline -0.013 0"><span class='ocrx_word' id='word_1_28' title='bbox 533 732 686 782; x_wconf 80' lang='lat' dir='ltr'><strong>talem</strong></span> <span class='ocrx_word' id='word_1_29' title='bbox 718 727 875 780; x_wconf 84' lang='lat' dir='ltr'><strong>habet</strong></span> <span class='ocrx_word' id='word_1_30' title='bbox 894 736 1111 774; x_wconf 85' lang='lat' dir='ltr'><strong>sensum</strong></span> <span class='ocrx_word' id='word_1_31' title='bbox 1140 737 1152 773; x_wconf 92' lang='lat'><strong>:</strong></span> <span class='ocrx_word' id='word_1_32' title='bbox 1188 717 1302 772; x_wconf 83' lang='lat' dir='ltr'><strong>Non</strong></span> <span class='ocrx_word' id='word_1_33' title='bbox 1337 728 1420 770; x_wconf 85' lang='lat' dir='ltr'><strong>est</strong></span> <span class='ocrx_word' id='word_1_34' title='bbox 1465 730 1662 776; x_wconf 91' lang='lat' dir='ltr'><strong>meum,</strong></span> <span class='ocrx_word' id='word_1_35' title='bbox 1698 714 1796 766; x_wconf 84' lang='lat' dir='ltr'><strong>hoc</strong></span> <span class='ocrx_word' id='word_1_36' title='bbox 1826 721 1929 774; x_wconf 88' lang='lat' dir='ltr'><strong>est,</strong></span> <span class='ocrx_word' id='word_1_37' title='bbox 1957 710 2093 779; x_wconf 79' lang='lat' dir='ltr'><strong>juSIi</strong></span> 
     </span>
    </p>
   </div>
   <div class='ocr_carea' id='block_1_8' title="bbox 525 804 2092 888">
    <p class='ocr_par' dir='ltr' id='par_1_8' title="bbox 525 804 2092 888">
     <span class='ocr_line' id='line_1_8' title="bbox 525 804 2092 888; baseline -0.011 -18"><span class='ocrx_word' id='word_1_38' title='bbox 525 819 745 888; x_wconf 84' lang='lat' dir='ltr'><strong>jndicis,</strong></span> <span class='ocrx_word' id='word_1_39' title='bbox 781 819 909 869; x_wconf 84' lang='lat' dir='ltr'><strong>dare</strong></span> <span class='ocrx_word' id='word_1_40' title='bbox 950 815 1103 867; x_wconf 90' lang='lat' dir='ltr'><strong>vobis</strong></span> <span class='ocrx_word' id='word_1_41' title='bbox 1146 812 1212 864; x_wconf 87' lang='lat' dir='ltr'><strong>ad</strong></span> <span class='ocrx_word' id='word_1_42' title='bbox 1253 809 1478 878; x_wconf 73' lang='lat' dir='ltr'><strong>gratiam</strong></span> <span class='ocrx_word' id='word_1_43' title='bbox 1535 806 1851 875; x_wconf 75' lang='lat' dir='ltr'><strong>dignitatem</strong></span> <span class='ocrx_word' id='word_1_44' title='bbox 1911 804 2092 865; x_wconf 83' lang='lat' dir='ltr'><strong>istam,</strong></span> 
     </span>
    </p>
   </div>
   <div class='ocr_carea' id='block_1_9' title="bbox 531 891 2094 972">
    <p class='ocr_par' dir='ltr' id='par_1_9' title="bbox 531 891 2094 972">
     <span class='ocr_line' id='line_1_9' title="bbox 531 891 2094 972; baseline -0.013 -10"><span class='ocrx_word' id='word_1_45' title='bbox 531 924 634 962; x_wconf 88' lang='lat' dir='ltr'><strong>nou</strong></span> <span class='ocrx_word' id='word_1_46' title='bbox 685 909 825 959; x_wconf 88' lang='lat' dir='ltr'><strong>enim</strong></span> <span class='ocrx_word' id='word_1_47' title='bbox 857 905 1032 972; x_wconf 86' lang='lat' dir='ltr'><strong>justus</strong></span> <span class='ocrx_word' id='word_1_48' title='bbox 1069 915 1240 956; x_wconf 74' lang='lat' dir='ltr'><strong>essem</strong></span> <span class='ocrx_word' id='word_1_49' title='bbox 1274 915 1290 964; x_wconf 88' lang='lat'><strong>;</strong></span> <span class='ocrx_word' id='word_1_50' title='bbox 1321 898 1411 951; x_wconf 89' lang='lat' dir='ltr'><strong>sed</strong></span> <span class='ocrx_word' id='word_1_51' title='bbox 1445 897 1529 949; x_wconf 84' lang='lat' dir='ltr'><strong>his</strong></span> <span class='ocrx_word' id='word_1_52' title='bbox 1567 895 1657 964; x_wconf 92' lang='lat' dir='ltr'><strong>qui</strong></span> <span class='ocrx_word' id='word_1_53' title='bbox 1705 891 2094 952; x_wconf 87' lang='lat' dir='ltr'><strong>laboraverint.</strong></span> 
     </span>
    </p>
   </div>
   <div class='ocr_carea' id='block_1_10' title="bbox 531 985 2096 1070">
    <p class='ocr_par' dir='ltr' id='par_1_10' title="bbox 531 985 2096 1070">
     <span class='ocr_line' id='line_1_10' title="bbox 531 985 2096 1070; baseline -0.011 -16"><span class='ocrx_word' id='word_1_54' title='bbox 531 1011 825 1070; x_wconf 78' lang='lat' dir='ltr'><strong>przeparata</strong></span> <span class='ocrx_word' id='word_1_55' title='bbox 847 1010 928 1052; x_wconf 76' lang='lat' dir='ltr'><strong>est</strong></span> <span class='ocrx_word' id='word_1_56' title='bbox 954 996 1186 1064; x_wconf 75' lang='lat' dir='ltr'><strong>dignitas</strong></span> <span class='ocrx_word' id='word_1_57' title='bbox 1206 994 1330 1046; x_wconf 89' lang='lat' dir='ltr'><strong>illa:</strong></span> <span class='ocrx_word' id='word_1_58' title='bbox 1364 986 1816 1059; x_wconf 78' lang='lat' dir='ltr'><strong>quemadmodum</strong></span> <span class='ocrx_word' id='word_1_59' title='bbox 1844 986 1886 1039; x_wconf 85' lang='lat' dir='ltr'><strong>si</strong></span> <span class='ocrx_word' id='word_1_60' title='bbox 1917 985 2096 1053; x_wconf 76' lang='lat' dir='ltr'><strong>justus</strong></span> 
     </span>
    </p>
   </div>
   <div class='ocr_carea' id='block_1_11' title="bbox 532 1078 2095 1161">
    <p class='ocr_par' dir='ltr' id='par_1_11' title="bbox 532 1078 2095 1161">
     <span class='ocr_line' id='line_1_11' title="bbox 532 1078 2095 1161; baseline -0.011 -14"><span class='ocrx_word' id='word_1_61' title='bbox 532 1109 625 1147; x_wconf 77' lang='lat' dir='ltr'><strong>rex</strong></span> <span class='ocrx_word' id='word_1_62' title='bbox 670 1091 978 1161; x_wconf 66' lang='lat' dir='ltr'><strong>prrcsidcret</strong></span> <span class='ocrx_word' id='word_1_63' title='bbox 1013 1085 1296 1141; x_wconf 84' lang='lat' dir='ltr'><strong>certamini</strong></span> <span class='ocrx_word' id='word_1_64' title='bbox 1329 1083 1581 1149; x_wconf 86' lang='lat' dir='ltr'><strong>cuipiam,</strong></span> <span class='ocrx_word' id='word_1_65' title='bbox 1611 1092 1662 1134; x_wconf 91' lang='lat' dir='ltr'><strong>et</strong></span> <span class='ocrx_word' id='word_1_66' title='bbox 1698 1078 1890 1131; x_wconf 85' lang='lat' dir='ltr'><strong>deinde</strong></span> <span class='ocrx_word' id='word_1_67' title='bbox 1939 1089 2095 1130; x_wconf 80' lang='lat' dir='ltr'><strong>acce-</strong></span> 
     </span>
    </p>
   </div>
   <div class='ocr_carea' id='block_1_12' title="bbox 532 1167 2093 1249">
    <p class='ocr_par' dir='ltr' id='par_1_12' title="bbox 532 1167 2093 1249">
     <span class='ocr_line' id='line_1_12' title="bbox 532 1167 2093 1249; baseline -0.012 -9"><span class='ocrx_word' id='word_1_68' title='bbox 532 1185 664 1240; x_wconf 84' lang='lat' dir='ltr'><strong>dant</strong></span> <span class='ocrx_word' id='word_1_69' title='bbox 698 1186 761 1235; x_wconf 88' lang='lat' dir='ltr'><strong>ad</strong></span> <span class='ocrx_word' id='word_1_70' title='bbox 812 1183 962 1235; x_wconf 90' lang='lat' dir='ltr'><strong>illum</strong></span> <span class='ocrx_word' id='word_1_71' title='bbox 996 1181 1212 1249; x_wconf 89' lang='lat' dir='ltr'><strong>quidam</strong></span> <span class='ocrx_word' id='word_1_72' title='bbox 1267 1176 1422 1229; x_wconf 75' lang='lat' dir='ltr'><strong>amici</strong></span> <span class='ocrx_word' id='word_1_73' title='bbox 1466 1175 1602 1242; x_wconf 85' lang='lat' dir='ltr'><strong>ejus,</strong></span> <span class='ocrx_word' id='word_1_74' title='bbox 1653 1179 1705 1226; x_wconf 86' lang='lat' dir='ltr'><strong>et</strong></span> <span class='ocrx_word' id='word_1_75' title='bbox 1759 1172 1985 1226; x_wconf 86' lang='lat' dir='ltr'><strong>dicant:</strong></span> <span class='ocrx_word' id='word_1_76' title='bbox 2021 1167 2093 1222; x_wconf 86' lang='lat' dir='ltr'><strong>Da</strong></span> 
     </span>
    </p>
   </div>
   <div class='ocr_carea' id='block_1_13' title="bbox 533 1262 2093 1334">
    <p class='ocr_par' dir='ltr' id='par_1_13' title="bbox 533 1262 2093 1334">
     <span class='ocr_line' id='line_1_13' title="bbox 533 1262 2093 1334; baseline -0.008 -9"><span class='ocrx_word' id='word_1_77' title='bbox 533 1274 688 1326; x_wconf 84' lang='lat' dir='ltr'><strong>nobis</strong></span> <span class='ocrx_word' id='word_1_78' title='bbox 719 1287 950 1325; x_wconf 75' lang='lat' dir='ltr'><strong>coronas</strong></span> <span class='ocrx_word' id='word_1_79' title='bbox 980 1288 992 1322; x_wconf 89' lang='lat'><strong>:</strong></span> <span class='ocrx_word' id='word_1_80' title='bbox 1034 1270 1177 1323; x_wconf 82' lang='lat' dir='ltr'><strong>dicet</strong></span> <span class='ocrx_word' id='word_1_81' title='bbox 1209 1267 1413 1334; x_wconf 87' lang='lat' dir='ltr'><strong>utique,</strong></span> <span class='ocrx_word' id='word_1_82' title='bbox 1443 1265 1552 1318; x_wconf 73' lang='lat' dir='ltr'><strong>Non</strong></span> <span class='ocrx_word' id='word_1_83' title='bbox 1593 1273 1674 1316; x_wconf 70' lang='lat' dir='ltr'><strong>est</strong></span> <span class='ocrx_word' id='word_1_84' title='bbox 1725 1277 1906 1315; x_wconf 86' lang='lat' dir='ltr'><strong>meum</strong></span> <span class='ocrx_word' id='word_1_85' title='bbox 1945 1262 2093 1322; x_wconf 74' lang='lat' dir='ltr'><strong>dare,</strong></span> 
     </span>
    </p>
   </div>
   <div class='ocr_carea' id='block_1_14' title="bbox 533 1355 2098 1430">
    <p class='ocr_par' dir='ltr' id='par_1_14' title="bbox 533 1355 2098 1430">
     <span class='ocr_line' id='line_1_14' title="bbox 533 1355 2098 1430; baseline -0.011 -12"><span class='ocrx_word' id='word_1_86' title='bbox 533 1365 627 1418; x_wconf 67' lang='lat' dir='ltr'><strong>Sed</strong></span> <span class='ocrx_word' id='word_1_87' title='bbox 662 1365 701 1414; x_wconf 66' lang='lat' dir='ltr'><strong>si</strong></span> <span class='ocrx_word' id='word_1_88' title='bbox 738 1365 857 1430; x_wconf 88' lang='lat' dir='ltr'><strong>quis</strong></span> <span class='ocrx_word' id='word_1_89' title='bbox 891 1361 1177 1415; x_wconf 76' lang='lat' dir='ltr'><strong>certaverit</strong></span> <span class='ocrx_word' id='word_1_90' title='bbox 1214 1368 1264 1411; x_wconf 88' lang='lat' dir='ltr'><strong>et</strong></span> <span class='ocrx_word' id='word_1_91' title='bbox 1306 1357 1517 1414; x_wconf 78' lang='lat' dir='ltr'><strong>vicerit.</strong></span> <span class='ocrx_word' id='word_1_92' title='bbox 1562 1355 1635 1406; x_wconf 92' lang='lat' dir='ltr'><strong>illi</strong></span> <span class='ocrx_word' id='word_1_93' title='bbox 1687 1360 1986 1421; x_wconf 70' lang='lat' dir='ltr'><strong>pra-parata</strong></span> <span class='ocrx_word' id='word_1_94' title='bbox 2016 1359 2098 1404; x_wconf 85' lang='lat' dir='ltr'><strong>est</strong></span> 
     </span>
    </p>
   </div>
   <div class='ocr_carea' id='block_1_15' title="bbox 535 1444 2098 1510">
    <p class='ocr_par' dir='ltr' id='par_1_15' title="bbox 535 1444 2098 1510">
     <span class='ocr_line' id='line_1_15' title="bbox 535 1444 2098 1510; baseline -0.008 -5"><span class='ocrx_word' id='word_1_95' title='bbox 535 1469 756 1506; x_wconf 78' lang='lat' dir='ltr'><strong>cornua.</strong></span> <span class='ocrx_word' id='word_1_96' title='bbox 790 1453 849 1504; x_wconf 84' lang='lat' dir='ltr'><strong>Et</strong></span> <span class='ocrx_word' id='word_1_97' title='bbox 882 1453 951 1503; x_wconf 87' lang='lat' dir='ltr'><strong>ita</strong></span> <span class='ocrx_word' id='word_1_98' title='bbox 979 1453 1138 1502; x_wconf 88' lang='lat' dir='ltr'><strong>etiam</strong></span> <span class='ocrx_word' id='word_1_99' title='bbox 1169 1463 1279 1509; x_wconf 77' lang='lat' dir='ltr'><strong>vos,</strong></span> <span class='ocrx_word' id='word_1_100' title='bbox 1312 1464 1342 1500; x_wconf 91' lang='grc' dir='ltr'><strong>ο</strong></span> <span class='ocrx_word' id='word_1_101' title='bbox 1377 1446 1468 1498; x_wconf 80' lang='lat' dir='ltr'><strong>lilii</strong></span> <span class='ocrx_word' id='word_1_102' title='bbox 1519 1444 1786 1504; x_wconf 81' lang='lat' dir='ltr'><strong>Zcbed:ei,</strong></span> <span class='ocrx_word' id='word_1_103' title='bbox 1832 1451 2098 1510; x_wconf 79' lang='lat' dir='ltr'><strong>martyres</strong></span> 
     </span>
    </p>
   </div>
   <div class='ocr_carea' id='block_1_16' title="bbox 535 1533 2097 1609">
    <p class='ocr_par' dir='ltr' id='par_1_16' title="bbox 535 1533 2097 1609">
     <span class='ocr_line' id='line_1_16' title="bbox 535 1533 2097 1609; baseline -0.006 -17"><span class='ocrx_word' id='word_1_104' title='bbox 535 1543 748 1609; x_wconf 86' lang='lat' dir='ltr'><strong>quidem</strong></span> <span class='ocrx_word' id='word_1_105' title='bbox 780 1542 932 1594; x_wconf 87' lang='lat' dir='ltr'><strong>eritis</strong></span> <span class='ocrx_word' id='word_1_106' title='bbox 983 1552 1206 1608; x_wconf 84' lang='lat' dir='ltr'><strong>propter</strong></span> <span class='ocrx_word' id='word_1_107' title='bbox 1240 1553 1323 1590; x_wconf 89' lang='lat' dir='ltr'><strong>me</strong></span> <span class='ocrx_word' id='word_1_108' title='bbox 1359 1555 1372 1590; x_wconf 90' lang='lat'><strong>:</strong></span> <span class='ocrx_word' id='word_1_109' title='bbox 1405 1536 1449 1589; x_wconf 90' lang='lat' dir='ltr'><strong>si</strong></span> <span class='ocrx_word' id='word_1_110' title='bbox 1480 1544 1656 1588; x_wconf 88' lang='lat' dir='ltr'><strong>autem</strong></span> <span class='ocrx_word' id='word_1_111' title='bbox 1689 1535 1811 1598; x_wconf 80' lang='lat' dir='ltr'><strong>quis</strong></span> <span class='ocrx_word' id='word_1_112' title='bbox 1847 1533 2097 1584; x_wconf 88' lang='lat' dir='ltr'><strong>inventus</strong></span> 
     </span>
    </p>
   </div>
   <div class='ocr_carea' id='block_1_17' title="bbox 536 1623 2099 1701">
    <p class='ocr_par' dir='ltr' id='par_1_17' title="bbox 536 1623 2099 1701">
     <span class='ocr_line' id='line_1_17' title="bbox 536 1623 2099 1701; baseline -0.008 -15"><span class='ocrx_word' id='word_1_113' title='bbox 536 1634 690 1686; x_wconf 77' lang='lat' dir='ltr'><strong>fuerit</strong></span> <span class='ocrx_word' id='word_1_114' title='bbox 723 1648 841 1684; x_wconf 82' lang='lat' dir='ltr'><strong>cum</strong></span> <span class='ocrx_word' id='word_1_115' title='bbox 879 1631 1136 1701; x_wconf 80' lang='lat' dir='ltr'><strong>martyrio</strong></span> <span class='ocrx_word' id='word_1_116' title='bbox 1165 1642 1353 1681; x_wconf 81' lang='lat' dir='ltr'><strong>omnes</strong></span> <span class='ocrx_word' id='word_1_117' title='bbox 1387 1627 1521 1678; x_wconf 88' lang='lat' dir='ltr'><strong>alias</strong></span> <span class='ocrx_word' id='word_1_118' title='bbox 1569 1627 1793 1679; x_wconf 75' lang='lat' dir='ltr'><strong>virtutes</strong></span> <span class='ocrx_word' id='word_1_119' title='bbox 1823 1623 2099 1691; x_wconf 81' lang='lat' dir='ltr'><strong>possidere</strong></span> 
     </span>
    </p>
   </div>
   <div class='ocr_carea' id='block_1_18' title="bbox 535 1718 1669 1788">
    <p class='ocr_par' dir='ltr' id='par_1_18' title="bbox 535 1718 1669 1788">
     <span class='ocr_line' id='line_1_18' title="bbox 535 1718 1669 1788; baseline -0.005 -14"><span class='ocrx_word' id='word_1_120' title='bbox 535 1723 766 1786; x_wconf 73' lang='lat' dir='ltr'><strong>amplius</strong></span> <span class='ocrx_word' id='word_1_121' title='bbox 798 1735 957 1788; x_wconf 89' lang='lat' dir='ltr'><strong>quam</strong></span> <span class='ocrx_word' id='word_1_122' title='bbox 990 1735 1103 1782; x_wconf 87' lang='lat' dir='ltr'><strong>vos,</strong></span> <span class='ocrx_word' id='word_1_123' title='bbox 1138 1719 1226 1771; x_wconf 92' lang='lat' dir='ltr'><strong>ille</strong></span> <span class='ocrx_word' id='word_1_124' title='bbox 1262 1732 1354 1770; x_wconf 85' lang='lat' dir='ltr'><strong>vos</strong></span> <span class='ocrx_word' id='word_1_125' title='bbox 1388 1718 1669 1784; x_wconf 70' lang='lat' dir='ltr'><strong>praecedet.</strong></span> 
     </span>
    </p>
   </div>
   <div class='ocr_carea' id='block_1_19' title="bbox 612 1806 2100 1868">
    <p class='ocr_par' dir='ltr' id='par_1_19' title="bbox 612 1806 2100 1868">
     <span class='ocr_line' id='line_1_19' title="bbox 612 1806 2100 1868; baseline -0.005 -6"><span class='ocrx_word' id='word_1_126' title='bbox 612 1813 769 1864; x_wconf 66' lang='lat' dir='ltr'><strong>Vens.</strong></span> <span class='ocrx_word' id='word_1_127' title='bbox 803 1810 983 1863; x_wconf 65' lang='lat'><strong>“~65.</strong></span> <span class='ocrx_word' id='word_1_128' title='bbox 1025 1828 1041 1860; x_wconf 75' lang='grc' dir='ltr'><strong>ι</strong></span> <span class='ocrx_word' id='word_1_129' title='bbox 1109 1809 1172 1861; x_wconf 81' lang='lat' dir='ltr'><strong>Et</strong></span> <span class='ocrx_word' id='word_1_130' title='bbox 1226 1824 1347 1860; x_wconf 90' lang='lat' dir='ltr'><strong>cum</strong></span> <span class='ocrx_word' id='word_1_131' title='bbox 1381 1806 1652 1859; x_wconf 75' lang='lat' dir='ltr'><strong>audissent</strong></span> <span class='ocrx_word' id='word_1_132' title='bbox 1689 1806 1894 1865; x_wconf 78' lang='lat' dir='ltr'><strong>decem,</strong></span> <span class='ocrx_word' id='word_1_133' title='bbox 1929 1816 2100 1868; x_wconf 73' lang='lat' dir='ltr'><strong>cmpe-</strong></span> 
     </span>
    </p>
   </div>
   <div class='ocr_carea' id='block_1_20' title="bbox 2197 603 3774 674">
    <p class='ocr_par' dir='ltr' id='par_1_20' title="bbox 2197 603 3774 674">
     <span class='ocr_line' id='line_1_20' title="bbox 2197 603 3774 674; baseline -0.009 -6"><span class='ocrx_word' id='word_1_134' title='bbox 2197 615 2514 668; x_wconf 79' lang='grc' dir='ltr'><strong>ϐἀλλουσαν.</strong></span> <span class='ocrx_word' id='word_1_135' title='bbox 2549 611 2622 663; x_wconf 82' lang='grc' dir='ltr'><strong>Τὸ</strong></span> <span class='ocrx_word' id='word_1_136' title='bbox 2668 611 2746 674; x_wconf 84' lang='grc' dir='ltr'><strong>δέ,</strong></span> <span class='ocrx_word' id='word_1_137' title='bbox 2775 609 2892 662; x_wconf 65' lang='grc' dir='ltr'><strong>Οὔκ</strong></span> <span class='ocrx_word' id='word_1_138' title='bbox 2931 608 3077 661; x_wconf 70' lang='grc' dir='ltr'><strong>ιστιν</strong></span> <span class='ocrx_word' id='word_1_139' title='bbox 3109 606 3240 672; x_wconf 75' lang='grc' dir='ltr'><strong>ἐμὸν</strong></span> <span class='ocrx_word' id='word_1_140' title='bbox 3274 605 3459 657; x_wconf 86' lang='grc' dir='ltr'><strong>δοῦναι</strong></span> <span class='ocrx_word' id='word_1_141' title='bbox 3487 645 3502 667; x_wconf 86' lang='grc'><strong>,</strong></span> <span class='ocrx_word' id='word_1_142' title='bbox 3535 603 3774 656; x_wconf 78' lang='grc' dir='ltr'><strong>τοιοῦτον</strong></span> 
     </span>
    </p>
   </div>
   <div class='ocr_carea' id='block_1_21' title="bbox 2198 691 3772 776">
    <p class='ocr_par' dir='ltr' id='par_1_21' title="bbox 2198 691 3772 776">
     <span class='ocr_line' id='line_1_21' title="bbox 2198 691 3772 776; baseline -0.01 -17"><span class='ocrx_word' id='word_1_143' title='bbox 2198 707 2309 776; x_wconf 74' lang='grc' dir='ltr'><strong>ἔχει</strong></span> <span class='ocrx_word' id='word_1_144' title='bbox 2348 705 2438 757; x_wconf 73' lang='grc' dir='ltr'><strong>τὸν</strong></span> <span class='ocrx_word' id='word_1_145' title='bbox 2470 702 2625 754; x_wconf 77' lang='grc' dir='ltr'><strong>νοῦνο</strong></span> <span class='ocrx_word' id='word_1_146' title='bbox 2665 702 2778 754; x_wconf 72' lang='grc' dir='ltr'><strong>οὐκ</strong></span> <span class='ocrx_word' id='word_1_147' title='bbox 2806 698 2954 751; x_wconf 81' lang='grc' dir='ltr'><strong>ιστιν</strong></span> <span class='ocrx_word' id='word_1_148' title='bbox 2983 694 3119 765; x_wconf 88' lang='grc' dir='ltr'><strong>ἐμοῦ</strong></span> <span class='ocrx_word' id='word_1_149' title='bbox 3162 694 3256 746; x_wconf 80' lang='grc' dir='ltr'><strong>τοῦ</strong></span> <span class='ocrx_word' id='word_1_150' title='bbox 3293 694 3508 746; x_wconf 76' lang='grc' dir='ltr'><strong>δικαίου</strong></span> <span class='ocrx_word' id='word_1_151' title='bbox 3557 691 3772 761; x_wconf 84' lang='grc' dir='ltr'><strong>κριτοῦ,</strong></span> 
     </span>
    </p>
   </div>
   <div class='ocr_carea' id='block_1_22' title="bbox 2195 779 3774 860">
    <p class='ocr_par' dir='ltr' id='par_1_22' title="bbox 2195 779 3774 860">
     <span class='ocr_line' id='line_1_22' title="bbox 2195 779 3774 860; baseline -0.011 -10"><span class='ocrx_word' id='word_1_152' title='bbox 2195 798 2256 850; x_wconf 75' lang='grc' dir='ltr'><strong>τὸ</strong></span> <span class='ocrx_word' id='word_1_153' title='bbox 2277 794 2458 848; x_wconf 81' lang='grc' dir='ltr'><strong>δοῦναι</strong></span> <span class='ocrx_word' id='word_1_154' title='bbox 2495 793 2622 860; x_wconf 74' lang='grc' dir='ltr'><strong>ὑμῖν</strong></span> <span class='ocrx_word' id='word_1_155' title='bbox 2653 790 2792 843; x_wconf 81' lang='grc' dir='ltr'><strong>κατὰ</strong></span> <span class='ocrx_word' id='word_1_156' title='bbox 2827 789 2988 858; x_wconf 82' lang='grc' dir='ltr'><strong>χάριν</strong></span> <span class='ocrx_word' id='word_1_157' title='bbox 3009 785 3106 856; x_wconf 77' lang='grc' dir='ltr'><strong>τὴν</strong></span> <span class='ocrx_word' id='word_1_158' title='bbox 3137 785 3302 855; x_wconf 77' lang='grc' dir='ltr'><strong>τιμὴν</strong></span> <span class='ocrx_word' id='word_1_159' title='bbox 3326 783 3556 853; x_wconf 76' lang='grc' dir='ltr'><strong>ταύτηνο</strong></span> <span class='ocrx_word' id='word_1_160' title='bbox 3580 782 3642 833; x_wconf 82' lang='grc' dir='ltr'><strong>οὐ</strong></span> <span class='ocrx_word' id='word_1_161' title='bbox 3668 779 3774 852; x_wconf 73' lang='grc' dir='ltr'><strong>γὰρ</strong></span> 
     </span>
    </p>
   </div>
   <div class='ocr_carea' id='block_1_23' title="bbox 2199 874 3772 952">
    <p class='ocr_par' dir='ltr' id='par_1_23' title="bbox 2199 874 3772 952">
     <span class='ocr_line' id='line_1_23' title="bbox 2199 874 3772 952; baseline -0.012 -8"><span class='ocrx_word' id='word_1_162' title='bbox 2199 890 2265 944; x_wconf 77' lang='grc' dir='ltr'><strong>ἂν</strong></span> <span class='ocrx_word' id='word_1_163' title='bbox 2295 888 2498 947; x_wconf 77' lang='grc' dir='ltr'><strong>δίκαιος</strong></span> <span class='ocrx_word' id='word_1_164' title='bbox 2531 884 2685 952; x_wconf 75' lang='grc' dir='ltr'><strong>εἶην⁸</strong></span> <span class='ocrx_word' id='word_1_165' title='bbox 2715 881 2848 935; x_wconf 74' lang='grc' dir='ltr'><strong>ἀλλὰ</strong></span> <span class='ocrx_word' id='word_1_166' title='bbox 2888 881 3001 942; x_wconf 81' lang='grc' dir='ltr'><strong>τοῖς</strong></span> <span class='ocrx_word' id='word_1_167' title='bbox 3051 876 3508 945; x_wconf 74' lang='grc' dir='ltr'><strong>ἀγωνισαμένοις,</strong></span> <span class='ocrx_word' id='word_1_168' title='bbox 3543 874 3772 936; x_wconf 78' lang='grc' dir='ltr'><strong>ἐκείνοις</strong></span> 
     </span>
    </p>
   </div>
   <div class='ocr_carea' id='block_1_24' title="bbox 2197 963 3774 1051">
    <p class='ocr_par' dir='ltr' id='par_1_24' title="bbox 2197 963 3774 1051">
     <span class='ocr_line' id='line_1_24' title="bbox 2197 963 3774 1051; baseline -0.012 -18"><span class='ocrx_word' id='word_1_169' title='bbox 2197 980 2523 1051; x_wconf 69' lang='grc' dir='ltr'><strong>ἡτοίμασται</strong></span> <span class='ocrx_word' id='word_1_170' title='bbox 2548 978 2580 1044; x_wconf 79' lang='grc' dir='ltr'><strong>ἡ</strong></span> <span class='ocrx_word' id='word_1_171' title='bbox 2627 973 2758 1042; x_wconf 73' lang='grc' dir='ltr'><strong>τιμὴ</strong></span> <span class='ocrx_word' id='word_1_172' title='bbox 2786 967 2953 1040; x_wconf 61' lang='grc' dir='ltr'><strong>ἃῦτη,</strong></span> <span class='ocrx_word' id='word_1_173' title='bbox 2989 969 3180 1036; x_wconf 80' lang='grc' dir='ltr'><strong>ὥσπερ</strong></span> <span class='ocrx_word' id='word_1_174' title='bbox 3208 968 3274 1020; x_wconf 76' lang='grc' dir='ltr'><strong>ἂν</strong></span> <span class='ocrx_word' id='word_1_175' title='bbox 3315 968 3362 1018; x_wconf 81' lang='grc' dir='ltr'><strong>εί</strong></span> <span class='ocrx_word' id='word_1_176' title='bbox 3397 964 3652 1035; x_wconf 70' lang='grc' dir='ltr'><strong>βασιλεὺς</strong></span> <span class='ocrx_word' id='word_1_177' title='bbox 3701 963 3774 1017; x_wconf 80' lang='grc' dir='ltr'><strong>δί-</strong></span> 
     </span>
    </p>
   </div>
   <div class='ocr_carea' id='block_1_25' title="bbox 2199 1055 3774 1138">
    <p class='ocr_par' dir='ltr' id='par_1_25' title="bbox 2199 1055 3774 1138">
     <span class='ocr_line' id='line_1_25' title="bbox 2199 1055 3774 1138; baseline -0.011 -13"><span class='ocrx_word' id='word_1_178' title='bbox 2199 1089 2351 1134; x_wconf 90' lang='grc' dir='ltr'><strong>καιος</strong></span> <span class='ocrx_word' id='word_1_179' title='bbox 2388 1068 2732 1138; x_wconf 71' lang='grc' dir='ltr'><strong>προεκάθητο</strong></span> <span class='ocrx_word' id='word_1_180' title='bbox 2789 1063 2999 1131; x_wconf 76' lang='grc' dir='ltr'><strong>ἀγῶνός</strong></span> <span class='ocrx_word' id='word_1_181' title='bbox 3050 1076 3196 1123; x_wconf 88' lang='grc' dir='ltr'><strong>τινος</strong></span> <span class='ocrx_word' id='word_1_182' title='bbox 3222 1101 3236 1124; x_wconf 82' lang='grc'><strong>,</strong></span> <span class='ocrx_word' id='word_1_183' title='bbox 3265 1055 3385 1111; x_wconf 77' lang='grc' dir='ltr'><strong>εἶτα</strong></span> <span class='ocrx_word' id='word_1_184' title='bbox 3422 1055 3774 1126; x_wconf 73' lang='grc' dir='ltr'><strong>προσέλθοιεν</strong></span> 
     </span>
    </p>
   </div>
   <div class='ocr_carea' id='block_1_26' title="bbox 2198 1147 3776 1232">
    <p class='ocr_par' dir='ltr' id='par_1_26' title="bbox 2198 1147 3776 1232">
     <span class='ocr_line' id='line_1_26' title="bbox 2198 1147 3776 1232; baseline -0.01 -16"><span class='ocrx_word' id='word_1_185' title='bbox 2198 1162 2346 1232; x_wconf 78' lang='grc' dir='ltr'><strong>αὐτῷ</strong></span> <span class='ocrx_word' id='word_1_186' title='bbox 2365 1177 2507 1224; x_wconf 80' lang='grc' dir='ltr'><strong>τινες</strong></span> <span class='ocrx_word' id='word_1_187' title='bbox 2549 1159 2691 1229; x_wconf 83' lang='grc' dir='ltr'><strong>φίλοι</strong></span> <span class='ocrx_word' id='word_1_188' title='bbox 2721 1155 2909 1216; x_wconf 84' lang='grc' dir='ltr'><strong>αὑτοῦ,</strong></span> <span class='ocrx_word' id='word_1_189' title='bbox 2940 1154 3035 1206; x_wconf 61' lang='grc' dir='ltr'><strong>καὶ⁵</strong></span> <span class='ocrx_word' id='word_1_190' title='bbox 3073 1152 3300 1204; x_wconf 76' lang='grc' dir='ltr'><strong>εἴποιενο</strong></span> <span class='ocrx_word' id='word_1_191' title='bbox 3339 1149 3438 1212; x_wconf 73' lang='grc' dir='ltr'><strong>Δὸς</strong></span> <span class='ocrx_word' id='word_1_192' title='bbox 3483 1149 3616 1218; x_wconf 74' lang='grc' dir='ltr'><strong>ἡμῖν</strong></span> <span class='ocrx_word' id='word_1_193' title='bbox 3657 1147 3776 1210; x_wconf 76' lang='grc' dir='ltr'><strong>τοὺς</strong></span> 
     </span>
    </p>
   </div>
   <div class='ocr_carea' id='block_1_27' title="bbox 2200 1239 3774 1322">
    <p class='ocr_par' dir='ltr' id='par_1_27' title="bbox 2200 1239 3774 1322">
     <span class='ocr_line' id='line_1_27' title="bbox 2200 1239 3774 1322; baseline -0.01 -15"><span class='ocrx_word' id='word_1_194' title='bbox 2200 1254 2494 1322; x_wconf 80' lang='grc' dir='ltr'><strong>στεφάνους</strong></span> <span class='ocrx_word' id='word_1_195' title='bbox 2518 1293 2530 1314; x_wconf 90' lang='grc'><strong>,</strong></span> <span class='ocrx_word' id='word_1_196' title='bbox 2563 1246 2712 1302; x_wconf 76' lang='grc' dir='ltr'><strong>εἶπεν</strong></span> <span class='ocrx_word' id='word_1_197' title='bbox 2740 1247 2827 1309; x_wconf 74' lang='grc' dir='ltr'><strong>ἂν,</strong></span> <span class='ocrx_word' id='word_1_198' title='bbox 2855 1247 2967 1300; x_wconf 72' lang='grc' dir='ltr'><strong>οὐκ</strong></span> <span class='ocrx_word' id='word_1_199' title='bbox 2999 1244 3149 1297; x_wconf 75' lang='grc' dir='ltr'><strong>ἐστιν</strong></span> <span class='ocrx_word' id='word_1_200' title='bbox 3176 1243 3309 1312; x_wconf 68' lang='grc' dir='ltr'><strong>ἐμδν</strong></span> <span class='ocrx_word' id='word_1_201' title='bbox 3339 1241 3400 1293; x_wconf 76' lang='grc' dir='ltr'><strong>τὸ</strong></span> <span class='ocrx_word' id='word_1_202' title='bbox 3433 1239 3641 1303; x_wconf 83' lang='grc' dir='ltr'><strong>δοῦναι,</strong></span> <span class='ocrx_word' id='word_1_203' title='bbox 3662 1240 3774 1291; x_wconf 74' lang='grc' dir='ltr'><strong>ἀλλ’</strong></span> 
     </span>
    </p>
   </div>
   <div class='ocr_carea' id='block_1_28' title="bbox 2196 1331 3778 1413">
    <p class='ocr_par' dir='ltr' id='par_1_28' title="bbox 2196 1331 3778 1413">
     <span class='ocr_line' id='line_1_28' title="bbox 2196 1331 3778 1413; baseline -0.009 -14"><span class='ocrx_word' id='word_1_204' title='bbox 2196 1350 2249 1399; x_wconf 82' lang='grc' dir='ltr'><strong>ετ</strong></span> <span class='ocrx_word' id='word_1_205' title='bbox 2275 1363 2358 1409; x_wconf 91' lang='grc' dir='ltr'><strong>τις</strong></span> <span class='ocrx_word' id='word_1_206' title='bbox 2386 1345 2712 1413; x_wconf 83' lang='grc' dir='ltr'><strong>ἀγωνίσεται</strong></span> <span class='ocrx_word' id='word_1_207' title='bbox 2740 1343 2834 1394; x_wconf 74' lang='grc' dir='ltr'><strong>καὶ</strong></span> <span class='ocrx_word' id='word_1_208' title='bbox 2878 1340 3092 1408; x_wconf 76' lang='grc' dir='ltr'><strong>νικήσει</strong></span> <span class='ocrx_word' id='word_1_209' title='bbox 3112 1376 3127 1399; x_wconf 93' lang='grc'><strong>,</strong></span> <span class='ocrx_word' id='word_1_210' title='bbox 3159 1337 3356 1404; x_wconf 74' lang='grc' dir='ltr'><strong>ἐκείνῳ</strong></span> <span class='ocrx_word' id='word_1_211' title='bbox 3395 1333 3724 1404; x_wconf 77' lang='grc' dir='ltr'><strong>ὴτοίμασται</strong></span> <span class='ocrx_word' id='word_1_212' title='bbox 3748 1331 3778 1384; x_wconf 86' lang='lat'><strong>6</strong></span> 
     </span>
    </p>
   </div>
   <div class='ocr_carea' id='block_1_29' title="bbox 2199 1423 3774 1505">
    <p class='ocr_par' dir='ltr' id='par_1_29' title="bbox 2199 1423 3774 1505">
     <span class='ocr_line' id='line_1_29' title="bbox 2199 1423 3774 1505; baseline -0.01 -14"><span class='ocrx_word' id='word_1_213' title='bbox 2199 1438 2460 1505; x_wconf 67' lang='grc' dir='ltr'><strong>στέφανος</strong></span> <span class='ocrx_word' id='word_1_214' title='bbox 2481 1455 2494 1467; x_wconf 78' lang='grc' dir='ltr'><strong>ο</strong></span> <span class='ocrx_word' id='word_1_215' title='bbox 2530 1435 2669 1487; x_wconf 81' lang='grc' dir='ltr'><strong>ὥστε</strong></span> <span class='ocrx_word' id='word_1_216' title='bbox 2707 1435 2798 1485; x_wconf 67' lang='grc' dir='ltr'><strong>καὶ</strong></span> <span class='ocrx_word' id='word_1_217' title='bbox 2827 1432 2980 1500; x_wconf 75' lang='grc' dir='ltr'><strong>ὑμεῖς</strong></span> <span class='ocrx_word' id='word_1_218' title='bbox 3000 1471 3014 1495; x_wconf 87' lang='grc'><strong>,</strong></span> <span class='ocrx_word' id='word_1_219' title='bbox 3041 1430 3090 1482; x_wconf 77' lang='lat' dir='ltr'><strong>oi</strong></span> <span class='ocrx_word' id='word_1_220' title='bbox 3126 1426 3219 1482; x_wconf 81' lang='grc' dir='ltr'><strong>τοῦ</strong></span> <span class='ocrx_word' id='word_1_221' title='bbox 3246 1426 3534 1482; x_wconf 77' lang='grc' dir='ltr'><strong>Ζεϐεδαίου</strong></span> <span class='ocrx_word' id='word_1_222' title='bbox 3564 1423 3774 1486; x_wconf 76' lang='grc' dir='ltr'><strong>παῖδες,</strong></span> 
     </span>
    </p>
   </div>
   <div class='ocr_carea' id='block_1_30' title="bbox 2202 1517 3781 1599">
    <p class='ocr_par' dir='ltr' id='par_1_30' title="bbox 2202 1517 3781 1599">
     <span class='ocr_line' id='line_1_30' title="bbox 2202 1517 3781 1599; baseline -0.008 -17"><span class='ocrx_word' id='word_1_223' title='bbox 2202 1532 2579 1599; x_wconf 76' lang='grc' dir='ltr'><strong>μαρτυρήσετε</strong></span> <span class='ocrx_word' id='word_1_224' title='bbox 2616 1528 2712 1596; x_wconf 64' lang='grc' dir='ltr'><strong>μὲν</strong></span> <span class='ocrx_word' id='word_1_225' title='bbox 2745 1527 2888 1595; x_wconf 69' lang='grc' dir='ltr'><strong>ὑπὲρ</strong></span> <span class='ocrx_word' id='word_1_226' title='bbox 2937 1525 3071 1593; x_wconf 77' lang='grc' dir='ltr'><strong>ἐμοῦ</strong></span> <span class='ocrx_word' id='word_1_227' title='bbox 3098 1565 3113 1589; x_wconf 84' lang='grc'><strong>,</strong></span> <span class='ocrx_word' id='word_1_228' title='bbox 3151 1525 3249 1578; x_wconf 68' lang='grc' dir='ltr'><strong>ἐὰν</strong></span> <span class='ocrx_word' id='word_1_229' title='bbox 3298 1523 3353 1574; x_wconf 78' lang='grc' dir='ltr'><strong>δέ</strong></span> <span class='ocrx_word' id='word_1_230' title='bbox 3398 1538 3480 1584; x_wconf 85' lang='grc' dir='ltr'><strong>τις</strong></span> <span class='ocrx_word' id='word_1_231' title='bbox 3531 1517 3781 1590; x_wconf 78' lang='grc' dir='ltr'><strong>εὑρεθείη</strong></span> 
     </span>
    </p>
   </div>
   <div class='ocr_carea' id='block_1_31' title="bbox 2202 1605 3782 1688">
    <p class='ocr_par' dir='ltr' id='par_1_31' title="bbox 2202 1605 3782 1688">
     <span class='ocr_line' id='line_1_31' title="bbox 2202 1605 3782 1688; baseline -0.008 -18"><span class='ocrx_word' id='word_1_232' title='bbox 2202 1621 2340 1688; x_wconf 69' lang='grc' dir='ltr'><strong>μετὰ</strong></span> <span class='ocrx_word' id='word_1_233' title='bbox 2369 1617 2462 1670; x_wconf 86' lang='grc' dir='ltr'><strong>τοῦ</strong></span> <span class='ocrx_word' id='word_1_234' title='bbox 2502 1616 2804 1686; x_wconf 73' lang='grc' dir='ltr'><strong>μαρτυρίου</strong></span> <span class='ocrx_word' id='word_1_235' title='bbox 2831 1657 2843 1675; x_wconf 90' lang='grc'><strong>,</strong></span> <span class='ocrx_word' id='word_1_236' title='bbox 2892 1616 2985 1667; x_wconf 80' lang='grc' dir='ltr'><strong>καὶ</strong></span> <span class='ocrx_word' id='word_1_237' title='bbox 3037 1614 3133 1680; x_wconf 74' lang='grc' dir='ltr'><strong>τὴν</strong></span> <span class='ocrx_word' id='word_1_238' title='bbox 3165 1611 3332 1679; x_wconf 74' lang='grc' dir='ltr'><strong>ἄλλην</strong></span> <span class='ocrx_word' id='word_1_239' title='bbox 3367 1612 3547 1662; x_wconf 76' lang='grc' dir='ltr'><strong>πᾶσαν</strong></span> <span class='ocrx_word' id='word_1_240' title='bbox 3583 1605 3782 1677; x_wconf 76' lang='grc' dir='ltr'><strong>ἀρετὴν</strong></span> 
     </span>
    </p>
   </div>
   <div class='ocr_carea' id='block_1_32' title="bbox 2200 1706 3380 1780">
    <p class='ocr_par' dir='ltr' id='par_1_32' title="bbox 2200 1706 3380 1780">
     <span class='ocr_line' id='line_1_32' title="bbox 2200 1706 3380 1780; baseline -0.003 -20"><span class='ocrx_word' id='word_1_241' title='bbox 2200 1711 2337 1780; x_wconf 69' lang='grc' dir='ltr'><strong>ἔχων</strong></span> <span class='ocrx_word' id='word_1_242' title='bbox 2371 1710 2510 1779; x_wconf 71' lang='grc' dir='ltr'><strong>ὑπὲρ</strong></span> <span class='ocrx_word' id='word_1_243' title='bbox 2538 1709 2703 1776; x_wconf 78' lang='grc' dir='ltr'><strong>ὑμᾶς,</strong></span> <span class='ocrx_word' id='word_1_244' title='bbox 2733 1709 2938 1770; x_wconf 78' lang='grc' dir='ltr'><strong>ἐκεῖνος</strong></span> <span class='ocrx_word' id='word_1_245' title='bbox 2967 1707 3193 1775; x_wconf 77' lang='grc' dir='ltr'><strong>προάξει</strong></span> <span class='ocrx_word' id='word_1_246' title='bbox 3217 1706 3380 1774; x_wconf 75' lang='grc' dir='ltr'><strong>ὑμᾶς.</strong></span> 
     </span>
    </p>
   </div>
   <div class='ocr_carea' id='block_1_33' title="bbox 2281 1792 3781 1866">
    <p class='ocr_par' dir='ltr' id='par_1_33' title="bbox 2281 1792 3781 1866">
     <span class='ocr_line' id='line_1_33' title="bbox 2281 1792 3781 1866; baseline -0.005 -15"><span class='ocrx_word' id='word_1_247' title='bbox 2281 1819 2298 1851; x_wconf 88' lang='grc' dir='ltr'><strong>ι</strong></span> <span class='ocrx_word' id='word_1_248' title='bbox 2337 1801 2442 1852; x_wconf 81' lang='lat' dir='ltr'><strong>Kal</strong></span> <span class='ocrx_word' id='word_1_249' title='bbox 2498 1798 2828 1859; x_wconf 76' lang='grc' dir='ltr'><strong>ἀκούσαντες</strong></span> <span class='ocrx_word' id='word_1_250' title='bbox 2877 1799 2924 1850; x_wconf 81' lang='lat' dir='ltr'><strong>ot</strong></span> <span class='ocrx_word' id='word_1_251' title='bbox 2973 1797 3130 1860; x_wconf 81' lang='grc' dir='ltr'><strong>δέκα,</strong></span> <span class='ocrx_word' id='word_1_252' title='bbox 3182 1793 3416 1866; x_wconf 70' lang='grc' dir='ltr'><strong>ἧρξαντο</strong></span> <span class='ocrx_word' id='word_1_253' title='bbox 3450 1792 3781 1860; x_wconf 72' lang='grc' dir='ltr'><strong>ἀγανακτεῖν</strong></span> 
     </span>
    </p>
   </div>
   <div class='ocr_carea' id='block_1_34' title="bbox 540 1885 2109 1970">
    <p class='ocr_par' dir='ltr' id='par_1_34' title="bbox 540 1896 2100 1970">
     <span class='ocr_line' id='line_1_34' title="bbox 540 1896 2100 1970; baseline -0.009 -14"><span class='ocrx_word' id='word_1_254' title='bbox 540 1913 667 1956; x_wconf 90' lang='lat' dir='ltr'><strong>runt</strong></span> <span class='ocrx_word' id='word_1_255' title='bbox 697 1903 958 1970; x_wconf 76' lang='lat' dir='ltr'><strong>indignari</strong></span> <span class='ocrx_word' id='word_1_256' title='bbox 994 1914 1153 1969; x_wconf 84' lang='lat' dir='ltr'><strong>snper</strong></span> <span class='ocrx_word' id='word_1_257' title='bbox 1175 1899 1378 1953; x_wconf 80' lang='lat' dir='ltr'><strong>Jacobo</strong></span> <span class='ocrx_word' id='word_1_258' title='bbox 1400 1909 1450 1951; x_wconf 90' lang='lat' dir='ltr'><strong>et</strong></span> <span class='ocrx_word' id='word_1_259' title='bbox 1485 1897 1709 1950; x_wconf 74' lang='lat' dir='ltr'><strong>Joanne.</strong></span> <span class='ocrx_word' id='word_1_260' title='bbox 1743 1896 1898 1948; x_wconf 83' lang='lat' dir='ltr'><strong>Jesus</strong></span> <span class='ocrx_word' id='word_1_261' title='bbox 1926 1906 2100 1944; x_wconf 86' lang='lat' dir='ltr'><strong>autem</strong></span> 
     </span>
    </p>
   </div>
   <div class='ocr_carea' id='block_1_35' title="bbox 2214 1885 3784 1970">
    <p class='ocr_par' dir='ltr' id='par_1_35' title="bbox 2214 1885 3784 1958">
     <span class='ocr_line' id='line_1_35' title="bbox 2214 1885 3784 1958; baseline -0.004 -16"><span class='ocrx_word' id='word_1_262' title='bbox 2214 1892 2333 1958; x_wconf 70' lang='grc' dir='ltr'><strong>περὶ</strong></span> <span class='ocrx_word' id='word_1_263' title='bbox 2382 1889 2638 1942; x_wconf 69' lang='grc' dir='ltr'><strong>Ἰακώϐου</strong></span> <span class='ocrx_word' id='word_1_264' title='bbox 2673 1892 2764 1941; x_wconf 75' lang='grc' dir='ltr'><strong>καὶ</strong></span> <span class='ocrx_word' id='word_1_265' title='bbox 2798 1889 3067 1941; x_wconf 80' lang='grc' dir='ltr'><strong>Ἰωάννου,</strong></span> <span class='ocrx_word' id='word_1_266' title='bbox 3121 1887 3178 1940; x_wconf 85' lang='grc'><strong>’0</strong></span> <span class='ocrx_word' id='word_1_267' title='bbox 3207 1887 3263 1938; x_wconf 75' lang='grc' dir='ltr'><strong>δὲ</strong></span> <span class='ocrx_word' id='word_1_268' title='bbox 3306 1885 3511 1953; x_wconf 75' lang='grc' dir='ltr'><strong>Ἰησοῦς</strong></span> <span class='ocrx_word' id='word_1_269' title='bbox 3540 1900 3784 1954; x_wconf 60' lang='lat' dir='ltr'><strong>«90m-</strong></span> 
     </span>
    </p>
   </div>
   <div class='ocr_carea' id='block_1_36' title="bbox 536 1982 2100 2053">
    <p class='ocr_par' dir='ltr' id='par_1_36' title="bbox 536 1982 2100 2053">
     <span class='ocr_line' id='line_1_36' title="bbox 536 1982 2100 2053; baseline -0.007 -8"><span class='ocrx_word' id='word_1_270' title='bbox 536 2009 656 2045; x_wconf 86' lang='lat' dir='ltr'><strong>cum</strong></span> <span class='ocrx_word' id='word_1_271' title='bbox 693 2001 932 2045; x_wconf 79' lang='lat' dir='ltr'><strong>vocasset</strong></span> <span class='ocrx_word' id='word_1_272' title='bbox 963 2006 1054 2044; x_wconf 88' lang='lat' dir='ltr'><strong>eos</strong></span> <span class='ocrx_word' id='word_1_273' title='bbox 1085 1993 1148 2043; x_wconf 89' lang='lat' dir='ltr'><strong>ad</strong></span> <span class='ocrx_word' id='word_1_274' title='bbox 1189 2005 1268 2052; x_wconf 74' lang='lat' dir='ltr'><strong>sc,</strong></span> <span class='ocrx_word' id='word_1_275' title='bbox 1311 1989 1441 2041; x_wconf 80' lang='lat' dir='ltr'><strong>dicit</strong></span> <span class='ocrx_word' id='word_1_276' title='bbox 1465 1990 1567 2041; x_wconf 84' lang='lat' dir='ltr'><strong>illis</strong></span> <span class='ocrx_word' id='word_1_277' title='bbox 1595 2006 1606 2041; x_wconf 93' lang='lat'><strong>:</strong></span> <span class='ocrx_word' id='word_1_278' title='bbox 1643 1985 1808 2040; x_wconf 74' lang='lat' dir='ltr'><strong>Scitis</strong></span> <span class='ocrx_word' id='word_1_279' title='bbox 1841 1986 1980 2053; x_wconf 89' lang='lat' dir='ltr'><strong>quod</strong></span> <span class='ocrx_word' id='word_1_280' title='bbox 2012 1982 2100 2049; x_wconf 90' lang='lat' dir='ltr'><strong>qui</strong></span> 
     </span>
    </p>
   </div>
   <div class='ocr_carea' id='block_1_37' title="bbox 538 2077 2104 2150">
    <p class='ocr_par' dir='ltr' id='par_1_37' title="bbox 538 2077 2104 2150">
     <span class='ocr_line' id='line_1_37' title="bbox 538 2077 2104 2150; baseline -0.004 -18"><span class='ocrx_word' id='word_1_281' title='bbox 538 2085 792 2136; x_wconf 86' lang='lat' dir='ltr'><strong>videntur</strong></span> <span class='ocrx_word' id='word_1_282' title='bbox 847 2083 1112 2150; x_wconf 75' lang='lat' dir='ltr'><strong>imperare</strong></span> <span class='ocrx_word' id='word_1_283' title='bbox 1173 2081 1455 2148; x_wconf 77' lang='lat' dir='ltr'><strong>gentibus.</strong></span> <span class='ocrx_word' id='word_1_284' title='bbox 1506 2077 1802 2131; x_wconf 84' lang='lat' dir='ltr'><strong>dominium</strong></span> <span class='ocrx_word' id='word_1_285' title='bbox 1849 2081 2104 2128; x_wconf 74' lang='lat' dir='ltr'><strong>exercent</strong></span> 
     </span>
    </p>
   </div>
   <div class='ocr_carea' id='block_1_38' title="bbox 539 2172 2098 2240">
    <p class='ocr_par' dir='ltr' id='par_1_38' title="bbox 539 2172 2098 2240">
     <span class='ocr_line' id='line_1_38' title="bbox 539 2172 2098 2240; baseline -0.005 -13"><span class='ocrx_word' id='word_1_286' title='bbox 539 2177 795 2227; x_wconf 77' lang='lat' dir='ltr'><strong>adversus</strong></span> <span class='ocrx_word' id='word_1_287' title='bbox 830 2172 981 2227; x_wconf 86' lang='lat' dir='ltr'><strong>illas:</strong></span> <span class='ocrx_word' id='word_1_288' title='bbox 1009 2182 1064 2225; x_wconf 89' lang='lat' dir='ltr'><strong>et</strong></span> <span class='ocrx_word' id='word_1_289' title='bbox 1096 2173 1186 2240; x_wconf 90' lang='lat' dir='ltr'><strong>qui</strong></span> <span class='ocrx_word' id='word_1_290' title='bbox 1225 2181 1499 2239; x_wconf 81' lang='lat' dir='ltr'><strong>magnatcs</strong></span> <span class='ocrx_word' id='word_1_291' title='bbox 1529 2179 1654 2224; x_wconf 84' lang='lat' dir='ltr'><strong>sunt</strong></span> <span class='ocrx_word' id='word_1_292' title='bbox 1687 2172 1828 2224; x_wconf 82' lang='lat' dir='ltr'><strong>inter</strong></span> <span class='ocrx_word' id='word_1_293' title='bbox 1857 2184 1972 2229; x_wconf 77' lang='lat' dir='ltr'><strong>cas,</strong></span> <span class='ocrx_word' id='word_1_294' title='bbox 2004 2182 2098 2236; x_wconf 83' lang='lat' dir='ltr'><strong>po-</strong></span> 
     </span>
    </p>
   </div>
   <div class='ocr_carea' id='block_1_39' title="bbox 541 2261 2106 2319">
    <p class='ocr_par' dir='ltr' id='par_1_39' title="bbox 541 2261 2106 2319">
     <span class='ocr_line' id='line_1_39' title="bbox 541 2261 2106 2319; baseline -0.006 0"><span class='ocrx_word' id='word_1_295' title='bbox 541 2276 786 2319; x_wconf 77' lang='lat' dir='ltr'><strong>testatem</strong></span> <span class='ocrx_word' id='word_1_296' title='bbox 817 2273 1068 2318; x_wconf 74' lang='lat' dir='ltr'><strong>exercent</strong></span> <span class='ocrx_word' id='word_1_297' title='bbox 1106 2263 1157 2316; x_wconf 94' lang='lat' dir='ltr'><strong>in</strong></span> <span class='ocrx_word' id='word_1_298' title='bbox 1184 2263 1322 2316; x_wconf 89' lang='lat' dir='ltr'><strong>illas.</strong></span> <span class='ocrx_word' id='word_1_299' title='bbox 1349 2261 1546 2315; x_wconf 87' lang='lat' dir='ltr'><strong>Verum</strong></span> <span class='ocrx_word' id='word_1_300' title='bbox 1587 2278 1693 2317; x_wconf 81' lang='lat' dir='ltr'><strong>non</strong></span> <span class='ocrx_word' id='word_1_301' title='bbox 1721 2264 1799 2315; x_wconf 77' lang='lat' dir='ltr'><strong>sic</strong></span> <span class='ocrx_word' id='word_1_302' title='bbox 1829 2263 1932 2314; x_wconf 87' lang='lat' dir='ltr'><strong>erit</strong></span> <span class='ocrx_word' id='word_1_303' title='bbox 1965 2261 2106 2313; x_wconf 81' lang='lat' dir='ltr'><strong>itttcr</strong></span> 
     </span>
    </p>
   </div>
   <div class='ocr_carea' id='block_1_40' title="bbox 541 2354 2107 2426">
    <p class='ocr_par' dir='ltr' id='par_1_40' title="bbox 541 2354 2107 2426">
     <span class='ocr_line' id='line_1_40' title="bbox 541 2354 2107 2426; baseline -0.002 -19"><span class='ocrx_word' id='word_1_304' title='bbox 541 2374 637 2411; x_wconf 88' lang='lat' dir='ltr'><strong>vos</strong></span> <span class='ocrx_word' id='word_1_305' title='bbox 674 2377 684 2411; x_wconf 93' lang='lat'>:</span> <span class='ocrx_word' id='word_1_306' title='bbox 721 2358 811 2412; x_wconf 86' lang='lat' dir='ltr'><strong>sed</strong></span> <span class='ocrx_word' id='word_1_307' title='bbox 873 2358 1182 2426; x_wconf 87' lang='lat' dir='ltr'><strong>quicunque</strong></span> <span class='ocrx_word' id='word_1_308' title='bbox 1228 2356 1458 2408; x_wconf 87' lang='lat' dir='ltr'><strong>voluerit</strong></span> <span class='ocrx_word' id='word_1_309' title='bbox 1510 2356 1622 2408; x_wconf 79' lang='lat' dir='ltr'><strong>[leti</strong></span> <span class='ocrx_word' id='word_1_310' title='bbox 1681 2370 1906 2425; x_wconf 80' lang='lat' dir='ltr'><strong>magnus</strong></span> <span class='ocrx_word' id='word_1_311' title='bbox 1970 2354 2107 2405; x_wconf 85' lang='lat' dir='ltr'><strong>inter</strong></span> 
     </span>
    </p>
   </div>
   <div class='ocr_carea' id='block_1_41' title="bbox 542 2444 2105 2514">
    <p class='ocr_par' dir='ltr' id='par_1_41' title="bbox 542 2444 2105 2514">
     <span class='ocr_line' id='line_1_41' title="bbox 542 2444 2105 2514; baseline -0.004 -14"><span class='ocrx_word' id='word_1_312' title='bbox 542 2463 655 2514; x_wconf 89' lang='lat' dir='ltr'><strong>vos,</strong></span> <span class='ocrx_word' id='word_1_313' title='bbox 688 2450 787 2502; x_wconf 81' lang='lat' dir='ltr'><strong>erit</strong></span> <span class='ocrx_word' id='word_1_314' title='bbox 818 2448 969 2500; x_wconf 81' lang='lat' dir='ltr'><strong>vobis</strong></span> <span class='ocrx_word' id='word_1_315' title='bbox 1023 2447 1305 2499; x_wconf 80' lang='lat' dir='ltr'><strong>minister:</strong></span> <span class='ocrx_word' id='word_1_316' title='bbox 1356 2456 1409 2498; x_wconf 91' lang='lat' dir='ltr'><strong>et</strong></span> <span class='ocrx_word' id='word_1_317' title='bbox 1448 2447 1755 2512; x_wconf 82' lang='lat' dir='ltr'><strong>quicunque</strong></span> <span class='ocrx_word' id='word_1_318' title='bbox 1788 2444 2010 2497; x_wconf 76' lang='lat' dir='ltr'><strong>voluerit</strong></span> <span class='ocrx_word' id='word_1_319' title='bbox 2041 2458 2105 2495; x_wconf 79' lang='lat' dir='ltr'><strong>ex</strong></span> 
     </span>
    </p>
   </div>
   <div class='ocr_carea' id='block_1_42' title="bbox 547 2535 2107 2606">
    <p class='ocr_par' dir='ltr' id='par_1_42' title="bbox 547 2535 2107 2606">
     <span class='ocr_line' id='line_1_42' title="bbox 547 2535 2107 2606; baseline -0.004 -15"><span class='ocrx_word' id='word_1_320' title='bbox 547 2543 701 2592; x_wconf 64' lang='lat' dir='ltr'><strong>volvis</strong></span> <span class='ocrx_word' id='word_1_321' title='bbox 730 2555 849 2592; x_wconf 82' lang='lat' dir='ltr'><strong>esse</strong></span> <span class='ocrx_word' id='word_1_322' title='bbox 897 2539 1124 2606; x_wconf 83' lang='lat' dir='ltr'><strong>primus,</strong></span> <span class='ocrx_word' id='word_1_323' title='bbox 1175 2539 1280 2590; x_wconf 81' lang='lat' dir='ltr'><strong>erit</strong></span> <span class='ocrx_word' id='word_1_324' title='bbox 1324 2538 1562 2590; x_wconf 89' lang='lat' dir='ltr'><strong>omnium</strong></span> <span class='ocrx_word' id='word_1_325' title='bbox 1616 2551 1820 2592; x_wconf 76' lang='lat' dir='ltr'><strong>servus.</strong></span> <span class='ocrx_word' id='word_1_326' title='bbox 1880 2535 2012 2588; x_wconf 66' lang='lat' dir='ltr'><strong>Nam</strong></span> <span class='ocrx_word' id='word_1_327' title='bbox 2054 2542 2107 2586; x_wconf 80' lang='lat' dir='ltr'><strong>et</strong></span> 
     </span>
    </p>
   </div>
   <div class='ocr_carea' id='block_1_43' title="bbox 543 2626 2107 2686">
    <p class='ocr_par' dir='ltr' id='par_1_43' title="bbox 543 2626 2107 2686">
     <span class='ocr_line' id='line_1_43' title="bbox 543 2626 2107 2686; baseline -0.005 -1"><span class='ocrx_word' id='word_1_328' title='bbox 543 2631 711 2686; x_wconf 65' lang='lat' dir='ltr'><strong>Fllllls</strong></span> <span class='ocrx_word' id='word_1_329' title='bbox 739 2631 971 2684; x_wconf 75' lang='lat' dir='ltr'><strong>hominis</strong></span> <span class='ocrx_word' id='word_1_330' title='bbox 998 2644 1100 2682; x_wconf 92' lang='lat' dir='ltr'><strong>non</strong></span> <span class='ocrx_word' id='word_1_331' title='bbox 1136 2629 1279 2682; x_wconf 81' lang='lat' dir='ltr'><strong>venit</strong></span> <span class='ocrx_word' id='word_1_332' title='bbox 1303 2638 1359 2680; x_wconf 91' lang='lat' dir='ltr'><strong>ut</strong></span> <span class='ocrx_word' id='word_1_333' title='bbox 1393 2628 1492 2681; x_wconf 83' lang='lat' dir='ltr'><strong>sibi</strong></span> <span class='ocrx_word' id='word_1_334' title='bbox 1531 2629 1969 2686; x_wconf 75' lang='lat' dir='ltr'><strong>ministraretnr,</strong></span> <span class='ocrx_word' id='word_1_335' title='bbox 2013 2626 2107 2678; x_wconf 87' lang='lat' dir='ltr'><strong>sed</strong></span> 
     </span>
    </p>
   </div>
   <div class='ocr_carea' id='block_1_44' title="bbox 544 2717 2106 2790">
    <p class='ocr_par' dir='ltr' id='par_1_44' title="bbox 544 2717 2106 2790">
     <span class='ocr_line' id='line_1_44' title="bbox 544 2717 2106 2790; baseline -0.004 -16"><span class='ocrx_word' id='word_1_336' title='bbox 544 2733 601 2774; x_wconf 90' lang='lat' dir='ltr'><strong>ut</strong></span> <span class='ocrx_word' id='word_1_337' title='bbox 639 2724 750 2790; x_wconf 76' lang='lat' dir='ltr'><strong>ipse</strong></span> <span class='ocrx_word' id='word_1_338' title='bbox 789 2721 1140 2783; x_wconf 84' lang='lat' dir='ltr'><strong>ministraret,</strong></span> <span class='ocrx_word' id='word_1_339' title='bbox 1168 2735 1230 2772; x_wconf 85' lang='lat' dir='ltr'><strong>ac</strong></span> <span class='ocrx_word' id='word_1_340' title='bbox 1252 2720 1407 2771; x_wconf 87' lang='lat' dir='ltr'><strong>daret</strong></span> <span class='ocrx_word' id='word_1_341' title='bbox 1441 2720 1672 2770; x_wconf 80' lang='lat' dir='ltr'><strong>animam</strong></span> <span class='ocrx_word' id='word_1_342' title='bbox 1705 2734 1856 2772; x_wconf 81' lang='lat' dir='ltr'><strong>suam</strong></span> <span class='ocrx_word' id='word_1_343' title='bbox 1899 2717 2106 2770; x_wconf 88' lang='lat' dir='ltr'><strong>redem-</strong></span> 
     </span>
    </p>
   </div>
   <div class='ocr_carea' id='block_1_45' title="bbox 544 2808 2110 2884">
    <p class='ocr_par' dir='ltr' id='par_1_45' title="bbox 544 2808 2110 2884">
     <span class='ocr_line' id='line_1_45' title="bbox 544 2808 2110 2884; baseline -0.004 -17"><span class='ocrx_word' id='word_1_344' title='bbox 544 2815 780 2884; x_wconf 71' lang='lat' dir='ltr'><strong>ptionem</strong></span> <span class='ocrx_word' id='word_1_345' title='bbox 843 2827 940 2880; x_wconf 92' lang='lat' dir='ltr'><strong>pro</strong></span> <span class='ocrx_word' id='word_1_346' title='bbox 996 2811 1200 2864; x_wconf 85' lang='lat' dir='ltr'><strong>multis.</strong></span> <span class='ocrx_word' id='word_1_347' title='bbox 1256 2829 1273 2862; x_wconf 76' lang='grc' dir='ltr'><strong>ι</strong></span> <span class='ocrx_word' id='word_1_348' title='bbox 1323 2810 1575 2877; x_wconf 86' lang='lat' dir='ltr'><strong>Discipuli</strong></span> <span class='ocrx_word' id='word_1_349' title='bbox 1635 2809 1808 2862; x_wconf 87' lang='lat' dir='ltr'><strong>adhuc</strong></span> <span class='ocrx_word' id='word_1_350' title='bbox 1861 2808 2110 2862; x_wconf 75' lang='lat' dir='ltr'><strong>humanis</strong></span> 
     </span>
    </p>
   </div>
   <div class='ocr_carea' id='block_1_46' title="bbox 543 2901 2110 2964">
    <p class='ocr_par' dir='ltr' id='par_1_46' title="bbox 543 2901 2110 2964">
     <span class='ocr_line' id='line_1_46' title="bbox 543 2901 2110 2964; baseline -0.006 -1"><span class='ocrx_word' id='word_1_351' title='bbox 543 2908 917 2964; x_wconf 77' lang='lat' dir='ltr'><strong>aﬂ&#39;eCtionibus</strong></span> <span class='ocrx_word' id='word_1_352' title='bbox 965 2917 1018 2960; x_wconf 91' lang='lat' dir='ltr'><strong>et</strong></span> <span class='ocrx_word' id='word_1_353' title='bbox 1065 2906 1261 2960; x_wconf 81' lang='lat' dir='ltr'><strong>invidia</strong></span> <span class='ocrx_word' id='word_1_354' title='bbox 1324 2905 1684 2959; x_wconf 81' lang='lat' dir='ltr'><strong>laborabant:</strong></span> <span class='ocrx_word' id='word_1_355' title='bbox 1723 2904 1841 2957; x_wconf 89' lang='lat' dir='ltr'><strong>ideo</strong></span> <span class='ocrx_word' id='word_1_356' title='bbox 1879 2912 1932 2956; x_wconf 87' lang='lat' dir='ltr'><strong>et</strong></span> <span class='ocrx_word' id='word_1_357' title='bbox 1973 2901 2110 2956; x_wconf 84' lang='lat' dir='ltr'><strong>indi-</strong></span> 
     </span>
    </p>
   </div>
   <div class='ocr_carea' id='block_1_47' title="bbox 543 2993 2110 3068">
    <p class='ocr_par' dir='ltr' id='par_1_47' title="bbox 543 2993 2110 3068">
     <span class='ocr_line' id='line_1_47' title="bbox 543 2993 2110 3068; baseline -0.005 -16"><span class='ocrx_word' id='word_1_358' title='bbox 543 3010 776 3068; x_wconf 61' lang='lat' dir='ltr'><strong>quatitur</strong></span> <span class='ocrx_word' id='word_1_359' title='bbox 804 2997 1059 3051; x_wconf 84' lang='lat' dir='ltr'><strong>adversus</strong></span> <span class='ocrx_word' id='word_1_360' title='bbox 1085 3000 1238 3050; x_wconf 86' lang='lat' dir='ltr'><strong>duos.</strong></span> <span class='ocrx_word' id='word_1_361' title='bbox 1268 2995 1371 3048; x_wconf 77' lang='lat' dir='ltr'><strong>Sed</strong></span> <span class='ocrx_word' id='word_1_362' title='bbox 1405 2996 1625 3063; x_wconf 85' lang='lat' dir='ltr'><strong>quando</strong></span> <span class='ocrx_word' id='word_1_363' title='bbox 1646 2994 1668 3046; x_wconf 79' lang='lat'><strong>?</strong></span> <span class='ocrx_word' id='word_1_364' title='bbox 1689 2993 1822 3050; x_wconf 89' lang='lat' dir='ltr'><strong>Cum</strong></span> <span class='ocrx_word' id='word_1_365' title='bbox 1851 2994 2110 3046; x_wconf 73' lang='lat' dir='ltr'><strong>vidissent</strong></span> 
     </span>
    </p>
   </div>
   <div class='ocr_carea' id='block_1_48' title="bbox 543 3085 2107 3155">
    <p class='ocr_par' dir='ltr' id='par_1_48' title="bbox 543 3085 2107 3155">
     <span class='ocr_line' id='line_1_48' title="bbox 543 3085 2107 3155; baseline -0.004 -12"><span class='ocrx_word' id='word_1_366' title='bbox 543 3107 636 3144; x_wconf 87' lang='lat' dir='ltr'><strong>eos</strong></span> <span class='ocrx_word' id='word_1_367' title='bbox 665 3105 767 3143; x_wconf 89' lang='lat' dir='ltr'><strong>non</strong></span> <span class='ocrx_word' id='word_1_368' title='bbox 787 3095 1061 3154; x_wconf 82' lang='lat' dir='ltr'><strong>susceptos</strong></span> <span class='ocrx_word' id='word_1_369' title='bbox 1082 3101 1201 3141; x_wconf 85' lang='lat' dir='ltr'><strong>esse</strong></span> <span class='ocrx_word' id='word_1_370' title='bbox 1223 3102 1251 3139; x_wconf 90' lang='lat' dir='ltr'><strong>a</strong></span> <span class='ocrx_word' id='word_1_371' title='bbox 1280 3087 1523 3148; x_wconf 87' lang='lat' dir='ltr'><strong>Domino,</strong></span> <span class='ocrx_word' id='word_1_372' title='bbox 1551 3086 1643 3140; x_wconf 86' lang='lat' dir='ltr'><strong>scd</strong></span> <span class='ocrx_word' id='word_1_373' title='bbox 1662 3088 1814 3155; x_wconf 86' lang='lat' dir='ltr'><strong>quasi</strong></span> <span class='ocrx_word' id='word_1_374' title='bbox 1842 3085 2107 3154; x_wconf 83' lang='lat' dir='ltr'><strong>repulsam</strong></span> 
     </span>
    </p>
   </div>
   <div class='ocr_carea' id='block_1_49' title="bbox 2209 1973 3788 2046">
    <p class='ocr_par' dir='ltr' id='par_1_49' title="bbox 2209 1973 3788 2046">
     <span class='ocr_line' id='line_1_49' title="bbox 2209 1973 3788 2046; baseline -0.004 -14"><span class='ocrx_word' id='word_1_375' title='bbox 2209 1980 2504 2046; x_wconf 82' lang='grc' dir='ltr'><strong>λεσάμενος</strong></span> <span class='ocrx_word' id='word_1_376' title='bbox 2556 1980 2756 2041; x_wconf 69' lang='grc' dir='ltr'><strong>αὐτοὺς</strong></span> <span class='ocrx_word' id='word_1_377' title='bbox 2783 2021 2795 2042; x_wconf 86' lang='grc'><strong>,</strong></span> <span class='ocrx_word' id='word_1_378' title='bbox 2832 1978 2979 2045; x_wconf 84' lang='grc' dir='ltr'><strong>λέγει</strong></span> <span class='ocrx_word' id='word_1_379' title='bbox 3027 1980 3243 2040; x_wconf 73' lang='grc' dir='ltr'><strong>αὐτοῖς’</strong></span> <span class='ocrx_word' id='word_1_380' title='bbox 3282 1977 3474 2030; x_wconf 75' lang='grc' dir='ltr'><strong>Οἴδατε</strong></span> <span class='ocrx_word' id='word_1_381' title='bbox 3505 1977 3590 2028; x_wconf 83' lang='grc' dir='ltr'><strong>ὅτι</strong></span> <span class='ocrx_word' id='word_1_382' title='bbox 3618 1976 3666 2027; x_wconf 71' lang='lat' dir='ltr'><strong>oi</strong></span> <span class='ocrx_word' id='word_1_383' title='bbox 3705 1973 3788 2026; x_wconf 78' lang='grc' dir='ltr'><strong>δο·</strong></span> 
     </span>
    </p>
   </div>
   <div class='ocr_carea' id='block_1_50' title="bbox 2209 2063 3786 2138">
    <p class='ocr_par' dir='ltr' id='par_1_50' title="bbox 2209 2063 3786 2138">
     <span class='ocr_line' id='line_1_50' title="bbox 2209 2063 3786 2138; baseline -0.005 -14"><span class='ocrx_word' id='word_1_384' title='bbox 2209 2071 2431 2133; x_wconf 78' lang='grc' dir='ltr'><strong>κοῦντες</strong></span> <span class='ocrx_word' id='word_1_385' title='bbox 2456 2071 2650 2138; x_wconf 74' lang='grc' dir='ltr'><strong>ἄρχειν</strong></span> <span class='ocrx_word' id='word_1_386' title='bbox 2669 2071 2780 2122; x_wconf 89' lang='grc' dir='ltr'><strong>τῶν</strong></span> <span class='ocrx_word' id='word_1_387' title='bbox 2812 2069 3005 2132; x_wconf 76' lang='grc' dir='ltr'><strong>ἐθνῶν,</strong></span> <span class='ocrx_word' id='word_1_388' title='bbox 3044 2068 3537 2136; x_wconf 74' lang='grc' dir='ltr'><strong>κατακυριεύουσιν</strong></span> <span class='ocrx_word' id='word_1_389' title='bbox 3573 2063 3754 2119; x_wconf 82' lang='grc' dir='ltr'><strong>αὐτῶν</strong></span> <span class='ocrx_word' id='word_1_390' title='bbox 3772 2079 3786 2094; x_wconf 87' lang='grc'><strong>·</strong></span> 
     </span>
    </p>
   </div>
   <div class='ocr_carea' id='block_1_51' title="bbox 2205 2157 3790 2232">
    <p class='ocr_par' dir='ltr' id='par_1_51' title="bbox 2205 2157 3790 2232">
     <span class='ocr_line' id='line_1_51' title="bbox 2205 2157 3790 2232; baseline -0.004 -15"><span class='ocrx_word' id='word_1_391' title='bbox 2205 2165 2299 2217; x_wconf 76' lang='grc' dir='ltr'><strong>καὶ</strong></span> <span class='ocrx_word' id='word_1_392' title='bbox 2324 2166 2371 2216; x_wconf 86' lang='grc' dir='ltr'><strong>οί</strong></span> <span class='ocrx_word' id='word_1_393' title='bbox 2405 2164 2626 2232; x_wconf 84' lang='grc' dir='ltr'><strong>μεγάλοι</strong></span> <span class='ocrx_word' id='word_1_394' title='bbox 2655 2164 2830 2215; x_wconf 81' lang='grc' dir='ltr'><strong>αὐτῶν</strong></span> <span class='ocrx_word' id='word_1_395' title='bbox 2863 2161 3372 2227; x_wconf 72' lang='grc' dir='ltr'><strong>κατεξουσιάζουσιν</strong></span> <span class='ocrx_word' id='word_1_396' title='bbox 3389 2157 3614 2212; x_wconf 64' lang='grc' dir='ltr'><strong>ἀὒτῶν.</strong></span> <span class='ocrx_word' id='word_1_397' title='bbox 3678 2157 3790 2226; x_wconf 84' lang='grc' dir='ltr'><strong>Οὐχ</strong></span> 
     </span>
    </p>
   </div>
   <div class='ocr_carea' id='block_1_52' title="bbox 2205 2249 3793 2324">
    <p class='ocr_par' dir='ltr' id='par_1_52' title="bbox 2205 2249 3793 2324">
     <span class='ocr_line' id='line_1_52' title="bbox 2205 2249 3793 2324; baseline -0.004 -16"><span class='ocrx_word' id='word_1_398' title='bbox 2205 2256 2348 2310; x_wconf 73' lang='grc' dir='ltr'><strong>οὕτω</strong></span> <span class='ocrx_word' id='word_1_399' title='bbox 2399 2256 2452 2308; x_wconf 73' lang='grc' dir='ltr'><strong>δέ</strong></span> <span class='ocrx_word' id='word_1_400' title='bbox 2499 2256 2654 2308; x_wconf 80' lang='grc' dir='ltr'><strong>ἐσται</strong></span> <span class='ocrx_word' id='word_1_401' title='bbox 2689 2258 2746 2308; x_wconf 83' lang='grc' dir='ltr'><strong>ἐν</strong></span> <span class='ocrx_word' id='word_1_402' title='bbox 2792 2257 2942 2324; x_wconf 79' lang='grc' dir='ltr'><strong>ὑμῖν.</strong></span> <span class='ocrx_word' id='word_1_403' title='bbox 2985 2254 3127 2322; x_wconf 68' lang='grc' dir='ltr'><strong>Ἀλλ’</strong></span> <span class='ocrx_word' id='word_1_404' title='bbox 3155 2255 3212 2315; x_wconf 80' lang='lat'><strong>6;</strong></span> <span class='ocrx_word' id='word_1_405' title='bbox 3247 2253 3343 2305; x_wconf 81' lang='grc' dir='ltr'><strong>ἐὰν</strong></span> <span class='ocrx_word' id='word_1_406' title='bbox 3374 2251 3505 2323; x_wconf 64' lang='grc' dir='ltr'><strong>θέλῃ</strong></span> <span class='ocrx_word' id='word_1_407' title='bbox 3540 2249 3793 2318; x_wconf 70' lang='grc' dir='ltr'><strong>γενέσθαι</strong></span> 
     </span>
    </p>
   </div>
   <div class='ocr_carea' id='block_1_53' title="bbox 2212 2342 3792 2417">
    <p class='ocr_par' dir='ltr' id='par_1_53' title="bbox 2212 2342 3792 2417">
     <span class='ocr_line' id='line_1_53' title="bbox 2212 2342 3792 2417; baseline -0.007 -17"><span class='ocrx_word' id='word_1_408' title='bbox 2212 2349 2380 2417; x_wconf 76' lang='grc' dir='ltr'><strong>μέγας</strong></span> <span class='ocrx_word' id='word_1_409' title='bbox 2417 2351 2474 2400; x_wconf 85' lang='grc' dir='ltr'><strong>ἐν</strong></span> <span class='ocrx_word' id='word_1_410' title='bbox 2519 2351 2683 2416; x_wconf 85' lang='grc' dir='ltr'><strong>ὑμῖν,</strong></span> <span class='ocrx_word' id='word_1_411' title='bbox 2738 2347 2889 2399; x_wconf 70' lang='grc' dir='ltr'><strong>ἔσται</strong></span> <span class='ocrx_word' id='word_1_412' title='bbox 2939 2345 3093 2415; x_wconf 77' lang='grc' dir='ltr'><strong>ὑμῶν</strong></span> <span class='ocrx_word' id='word_1_413' title='bbox 3135 2345 3402 2406; x_wconf 84' lang='grc' dir='ltr'><strong>διάκονος.</strong></span> <span class='ocrx_word' id='word_1_414' title='bbox 3448 2345 3558 2396; x_wconf 73' lang='grc' dir='ltr'><strong>Καὶ</strong></span> <span class='ocrx_word' id='word_1_415' title='bbox 3592 2343 3647 2406; x_wconf 81' lang='grc' dir='ltr'><strong>ὃς</strong></span> <span class='ocrx_word' id='word_1_416' title='bbox 3697 2342 3792 2392; x_wconf 71' lang='grc' dir='ltr'><strong>ἐὰν</strong></span> 
     </span>
    </p>
   </div>
   <div class='ocr_carea' id='block_1_54' title="bbox 2208 2435 3786 2510">
    <p class='ocr_par' dir='ltr' id='par_1_54' title="bbox 2208 2435 3786 2510">
     <span class='ocr_line' id='line_1_54' title="bbox 2208 2435 3786 2510; baseline -0.004 -18"><span class='ocrx_word' id='word_1_417' title='bbox 2208 2440 2337 2510; x_wconf 75' lang='grc' dir='ltr'><strong>θέλῃ</strong></span> <span class='ocrx_word' id='word_1_418' title='bbox 2373 2440 2525 2510; x_wconf 84' lang='grc' dir='ltr'><strong>ὑμῶν</strong></span> <span class='ocrx_word' id='word_1_419' title='bbox 2555 2439 2808 2505; x_wconf 74' lang='grc' dir='ltr'><strong>γενέσθαι</strong></span> <span class='ocrx_word' id='word_1_420' title='bbox 2842 2439 3081 2508; x_wconf 76' lang='grc' dir='ltr'><strong>πρῶτος,</strong></span> <span class='ocrx_word' id='word_1_421' title='bbox 3136 2437 3286 2491; x_wconf 68' lang='grc' dir='ltr'><strong>ἐσται</strong></span> <span class='ocrx_word' id='word_1_422' title='bbox 3321 2437 3550 2490; x_wconf 80' lang='grc' dir='ltr'><strong>πάντων</strong></span> <span class='ocrx_word' id='word_1_423' title='bbox 3580 2435 3786 2492; x_wconf 75' lang='grc' dir='ltr'><strong>δοῦλος.</strong></span> 
     </span>
    </p>
   </div>
   <div class='ocr_carea' id='block_1_55' title="bbox 2210 2523 3791 2599">
    <p class='ocr_par' dir='ltr' id='par_1_55' title="bbox 2210 2523 3791 2599">
     <span class='ocr_line' id='line_1_55' title="bbox 2210 2523 3791 2599; baseline -0.006 -15"><span class='ocrx_word' id='word_1_424' title='bbox 2210 2533 2317 2584; x_wconf 78' lang='lat' dir='ltr'><strong>Kal</strong></span> <span class='ocrx_word' id='word_1_425' title='bbox 2347 2532 2454 2599; x_wconf 73' lang='grc' dir='ltr'><strong>γάρ</strong></span> <span class='ocrx_word' id='word_1_426' title='bbox 2482 2533 2509 2581; x_wconf 97' lang='lat'><strong>6</strong></span> <span class='ocrx_word' id='word_1_427' title='bbox 2547 2530 2672 2591; x_wconf 79' lang='grc' dir='ltr'><strong>Υἱὸς</strong></span> <span class='ocrx_word' id='word_1_428' title='bbox 2702 2530 2796 2582; x_wconf 86' lang='grc' dir='ltr'><strong>τοῦ</strong></span> <span class='ocrx_word' id='word_1_429' title='bbox 2832 2529 3122 2599; x_wconf 81' lang='grc' dir='ltr'><strong>ἀνθρώπου</strong></span> <span class='ocrx_word' id='word_1_430' title='bbox 3161 2529 3262 2581; x_wconf 85' lang='grc' dir='ltr'><strong>οὐκ</strong></span> <span class='ocrx_word' id='word_1_431' title='bbox 3290 2523 3423 2598; x_wconf 77' lang='grc' dir='ltr'><strong>ἦλθε</strong></span> <span class='ocrx_word' id='word_1_432' title='bbox 3464 2525 3791 2592; x_wconf 64' lang='grc' dir='ltr'><strong>διαωνηθῆο</strong></span> 
     </span>
    </p>
   </div>
   <div class='ocr_carea' id='block_1_56' title="bbox 2209 2619 3790 2690">
    <p class='ocr_par' dir='ltr' id='par_1_56' title="bbox 2209 2619 3790 2690">
     <span class='ocr_line' id='line_1_56' title="bbox 2209 2619 3790 2690; baseline -0.004 -15"><span class='ocrx_word' id='word_1_433' title='bbox 2209 2640 2319 2685; x_wconf 85' lang='grc' dir='ltr'><strong>ναι,</strong></span> <span class='ocrx_word' id='word_1_434' title='bbox 2343 2622 2479 2675; x_wconf 85' lang='grc' dir='ltr'><strong>ά).λά</strong></span> <span class='ocrx_word' id='word_1_435' title='bbox 2519 2621 2861 2690; x_wconf 83' lang='grc' dir='ltr'><strong>διακονῆσαι,</strong></span> <span class='ocrx_word' id='word_1_436' title='bbox 2890 2622 2986 2674; x_wconf 84' lang='grc' dir='ltr'><strong>καὶ</strong></span> <span class='ocrx_word' id='word_1_437' title='bbox 3014 2621 3199 2674; x_wconf 84' lang='grc' dir='ltr'><strong>δοῦναι</strong></span> <span class='ocrx_word' id='word_1_438' title='bbox 3243 2620 3342 2690; x_wconf 81' lang='grc' dir='ltr'><strong>τὴν</strong></span> <span class='ocrx_word' id='word_1_439' title='bbox 3372 2620 3554 2688; x_wconf 71' lang='grc' dir='ltr'><strong>ψυχὴν</strong></span> <span class='ocrx_word' id='word_1_440' title='bbox 3617 2620 3685 2671; x_wconf 86' lang='grc' dir='ltr'><strong>αὑ</strong></span> <span class='ocrx_word' id='word_1_441' title='bbox 3702 2619 3790 2670; x_wconf 73' lang='grc' dir='ltr'><strong>τοῦ</strong></span> 
     </span>
    </p>
   </div>
   <div class='ocr_carea' id='block_1_57' title="bbox 2210 2712 3796 2783">
    <p class='ocr_par' dir='ltr' id='par_1_57' title="bbox 2210 2712 3796 2783">
     <span class='ocr_line' id='line_1_57' title="bbox 2210 2712 3796 2783; baseline -0.002 -19"><span class='ocrx_word' id='word_1_442' title='bbox 2210 2713 2403 2782; x_wconf 82' lang='grc' dir='ltr'><strong>λύτρον</strong></span> <span class='ocrx_word' id='word_1_443' title='bbox 2427 2715 2545 2766; x_wconf 76' lang='grc' dir='ltr'><strong>ἀντὶ</strong></span> <span class='ocrx_word' id='word_1_444' title='bbox 2573 2713 2805 2765; x_wconf 78' lang='grc' dir='ltr'><strong>πολλῶν.</strong></span> <span class='ocrx_word' id='word_1_445' title='bbox 2846 2732 2864 2764; x_wconf 77' lang='grc' dir='ltr'><strong>ι</strong></span> <span class='ocrx_word' id='word_1_446' title='bbox 2898 2712 3019 2765; x_wconf 78' lang='grc' dir='ltr'><strong>Ἔτι</strong></span> <span class='ocrx_word' id='word_1_447' title='bbox 3059 2712 3418 2783; x_wconf 72' lang='grc' dir='ltr'><strong>ἀνθρωπίνως</strong></span> <span class='ocrx_word' id='word_1_448' title='bbox 3452 2712 3796 2778; x_wconf 84' lang='grc' dir='ltr'><strong>διακείμενοι</strong></span> 
     </span>
    </p>
   </div>
   <div class='ocr_carea' id='block_1_58' title="bbox 2211 2810 3796 2880">
    <p class='ocr_par' dir='ltr' id='par_1_58' title="bbox 2211 2810 3796 2880">
     <span class='ocr_line' id='line_1_58' title="bbox 2211 2810 3796 2880; baseline -0.001 -18"><span class='ocrx_word' id='word_1_449' title='bbox 2211 2811 2262 2862; x_wconf 83' lang='grc' dir='ltr'><strong>οι</strong></span> <span class='ocrx_word' id='word_1_450' title='bbox 2304 2811 2541 2878; x_wconf 78' lang='grc' dir='ltr'><strong>μαθηταὶ</strong></span> <span class='ocrx_word' id='word_1_451' title='bbox 2577 2812 2672 2863; x_wconf 74' lang='grc' dir='ltr'><strong>καὶ</strong></span> <span class='ocrx_word' id='word_1_452' title='bbox 2723 2812 2905 2880; x_wconf 82' lang='grc' dir='ltr'><strong>φθόνῳ</strong></span> <span class='ocrx_word' id='word_1_453' title='bbox 2957 2810 3263 2864; x_wconf 77' lang='grc' dir='ltr'><strong>ἐϐάλλοντο.</strong></span> <span class='ocrx_word' id='word_1_454' title='bbox 3308 2810 3399 2862; x_wconf 73' lang='grc' dir='ltr'><strong>Διὸ</strong></span> <span class='ocrx_word' id='word_1_455' title='bbox 3439 2813 3533 2861; x_wconf 79' lang='grc' dir='ltr'><strong>καὶ</strong></span> <span class='ocrx_word' id='word_1_456' title='bbox 3587 2813 3796 2874; x_wconf 79' lang='grc' dir='ltr'><strong>ἀγανα-</strong></span> 
     </span>
    </p>
   </div>
   <div class='ocr_carea' id='block_1_59' title="bbox 2211 2897 3798 2968">
    <p class='ocr_par' dir='ltr' id='par_1_59' title="bbox 2211 2897 3798 2968">
     <span class='ocr_line' id='line_1_59' title="bbox 2211 2897 3798 2968; baseline -0.001 -15"><span class='ocrx_word' id='word_1_457' title='bbox 2211 2901 2400 2954; x_wconf 86' lang='grc' dir='ltr'><strong>κτοῦσι</strong></span> <span class='ocrx_word' id='word_1_458' title='bbox 2435 2904 2576 2953; x_wconf 79' lang='grc' dir='ltr'><strong>κατὰ</strong></span> <span class='ocrx_word' id='word_1_459' title='bbox 2597 2902 2704 2954; x_wconf 91' lang='grc' dir='ltr'><strong>τῶν</strong></span> <span class='ocrx_word' id='word_1_460' title='bbox 2725 2902 2839 2957; x_wconf 86' lang='grc' dir='ltr'><strong>δύο.</strong></span> <span class='ocrx_word' id='word_1_461' title='bbox 2859 2902 3018 2954; x_wconf 79' lang='grc' dir='ltr'><strong>’Δλλά</strong></span> <span class='ocrx_word' id='word_1_462' title='bbox 3045 2901 3175 2954; x_wconf 77' lang='grc' dir='ltr'><strong>πότε</strong></span> <span class='ocrx_word' id='word_1_463' title='bbox 3198 2918 3216 2968; x_wconf 87' lang='lat'><strong>;</strong></span> <span class='ocrx_word' id='word_1_464' title='bbox 3248 2901 3377 2954; x_wconf 86' lang='grc' dir='ltr'><strong>Ὅτε</strong></span> <span class='ocrx_word' id='word_1_465' title='bbox 3432 2897 3578 2954; x_wconf 54' lang='grc' dir='ltr'><strong>(δον</strong></span> <span class='ocrx_word' id='word_1_466' title='bbox 3604 2902 3798 2963; x_wconf 73' lang='grc' dir='ltr'><strong>αὐτοὺς</strong></span> 
     </span>
    </p>
   </div>
   <div class='ocr_carea' id='block_1_60' title="bbox 2215 2993 3792 3064">
    <p class='ocr_par' dir='ltr' id='par_1_60' title="bbox 2215 2993 3792 3064">
     <span class='ocr_line' id='line_1_60' title="bbox 2215 2993 3792 3064; baseline -0.001 -18"><span class='ocrx_word' id='word_1_467' title='bbox 2215 2994 2289 3064; x_wconf 78' lang='grc' dir='ltr'><strong>μὴ</strong></span> <span class='ocrx_word' id='word_1_468' title='bbox 2335 2995 2765 3064; x_wconf 78' lang='grc' dir='ltr'><strong>προσδεχθέντας</strong></span> <span class='ocrx_word' id='word_1_469' title='bbox 2810 2996 2915 3047; x_wconf 75' lang='grc' dir='ltr'><strong>ὑπὸ</strong></span> <span class='ocrx_word' id='word_1_470' title='bbox 2984 2993 3078 3047; x_wconf 84' lang='grc' dir='ltr'><strong>τοῦ</strong></span> <span class='ocrx_word' id='word_1_471' title='bbox 3130 2995 3362 3063; x_wconf 78' lang='grc' dir='ltr'><strong>Κυρίου,</strong></span> <span class='ocrx_word' id='word_1_472' title='bbox 3422 2994 3539 3046; x_wconf 78' lang='grc' dir='ltr'><strong>ἀλλ’</strong></span> <span class='ocrx_word' id='word_1_473' title='bbox 3588 2993 3792 3046; x_wconf 71' lang='grc' dir='ltr'><strong>ὡσανεὶ</strong></span> 
     </span>
    </p>
   </div>
   <div class='ocr_carea' id='block_1_61' title="bbox 2212 3085 3798 3156">
    <p class='ocr_par' dir='ltr' id='par_1_61' title="bbox 2212 3085 3798 3156">
     <span class='ocr_line' id='line_1_61' title="bbox 2212 3085 3798 3156; baseline -0.003 -16"><span class='ocrx_word' id='word_1_474' title='bbox 2212 3088 2586 3149; x_wconf 71' lang='grc' dir='ltr'><strong>ἀπωσθέντας,</strong></span> <span class='ocrx_word' id='word_1_475' title='bbox 2609 3087 2728 3140; x_wconf 74' lang='grc' dir='ltr'><strong>τότε</strong></span> <span class='ocrx_word' id='word_1_476' title='bbox 2756 3085 3180 3154; x_wconf 73' lang='grc' dir='ltr'><strong>ἀγανακτοῦσιν.</strong></span> <span class='ocrx_word' id='word_1_477' title='bbox 3211 3086 3375 3155; x_wconf 79' lang='grc' dir='ltr'><strong>’Ᾱχρι</strong></span> <span class='ocrx_word' id='word_1_478' title='bbox 3409 3086 3512 3156; x_wconf 67' lang='grc' dir='ltr'><strong>μὲν</strong></span> <span class='ocrx_word' id='word_1_479' title='bbox 3549 3086 3661 3152; x_wconf 85' lang='grc' dir='ltr'><strong>γάρ</strong></span> <span class='ocrx_word' id='word_1_480' title='bbox 3691 3086 3798 3137; x_wconf 70' lang='lat' dir='ltr'><strong>ht-</strong></span> 
     </span>
    </p>
   </div>
   <div class='ocr_carea' id='block_1_62' title="bbox 544 3170 2109 3280">
    <p class='ocr_par' dir='ltr' id='par_1_62' title="bbox 544 3170 2109 3251">
     <span class='ocr_line' id='line_1_62' title="bbox 544 3170 2109 3251; baseline -0.003 -17"><span class='ocrx_word' id='word_1_481' title='bbox 544 3196 756 3251; x_wconf 85' lang='lat' dir='ltr'><strong>passos,</strong></span> <span class='ocrx_word' id='word_1_482' title='bbox 791 3191 915 3233; x_wconf 90' lang='lat' dir='ltr'><strong>tunc</strong></span> <span class='ocrx_word' id='word_1_483' title='bbox 968 3178 1232 3249; x_wconf 75' lang='lat' dir='ltr'><strong>indignati</strong></span> <span class='ocrx_word' id='word_1_484' title='bbox 1292 3187 1440 3232; x_wconf 87' lang='lat' dir='ltr'><strong>sunt.</strong></span> <span class='ocrx_word' id='word_1_485' title='bbox 1467 3177 1715 3243; x_wconf 78' lang='lat' dir='ltr'><strong>Quamdiu</strong></span> <span class='ocrx_word' id='word_1_486' title='bbox 1747 3180 1889 3230; x_wconf 88' lang='lat' dir='ltr'><strong>enim</strong></span> <span class='ocrx_word' id='word_1_487' title='bbox 1944 3191 1972 3228; x_wconf 86' lang='lat' dir='ltr'><strong>a</strong></span> <span class='ocrx_word' id='word_1_488' title='bbox 2017 3170 2109 3230; x_wconf 86' lang='lat' dir='ltr'><strong>Do-</strong></span> 
     </span>
    </p>
   </div>
   <div class='ocr_carea' id='block_1_63' title="bbox 2214 3170 3796 3280">
    <p class='ocr_par' dir='ltr' id='par_1_63' title="bbox 2224 3176 3796 3247">
     <span class='ocr_line' id='line_1_63' title="bbox 2224 3176 3796 3247; baseline 0 -18"><span class='ocrx_word' id='word_1_489' title='bbox 2224 3177 2400 3246; x_wconf 81' lang='grc' dir='ltr'><strong>μῶντο</strong></span> <span class='ocrx_word' id='word_1_490' title='bbox 2434 3179 2537 3230; x_wconf 80' lang='grc' dir='ltr'><strong>ὑπὸ</strong></span> <span class='ocrx_word' id='word_1_491' title='bbox 2556 3177 2649 3230; x_wconf 88' lang='grc' dir='ltr'><strong>τοῦ</strong></span> <span class='ocrx_word' id='word_1_492' title='bbox 2681 3179 2906 3247; x_wconf 74' lang='grc' dir='ltr'><strong>Κυρίου,</strong></span> <span class='ocrx_word' id='word_1_493' title='bbox 2935 3177 3214 3247; x_wconf 71' lang='grc' dir='ltr'><strong>ἠνείχοντο</strong></span> <span class='ocrx_word' id='word_1_494' title='bbox 3235 3177 3312 3246; x_wconf 78' lang='grc' dir='ltr'><strong>μὴ</strong></span> <span class='ocrx_word' id='word_1_495' title='bbox 3337 3176 3796 3244; x_wconf 77' lang='grc' dir='ltr'><strong>ἀγανακτοῦντες,</strong></span> 
     </span>
    </p>
   </div>
   <div class='ocr_carea' id='block_1_64' title="bbox 545 3270 2108 3338">
    <p class='ocr_par' dir='ltr' id='par_1_64' title="bbox 545 3270 2108 3338">
     <span class='ocr_line' id='line_1_64' title="bbox 545 3270 2108 3338; baseline -0.004 -10"><span class='ocrx_word' id='word_1_496' title='bbox 545 3275 692 3328; x_wconf 73' lang='lat' dir='ltr'><strong>mino</strong></span> <span class='ocrx_word' id='word_1_497' title='bbox 752 3273 1199 3338; x_wconf 83' lang='lat' dir='ltr'><strong>ltouorabantur,</strong></span> <span class='ocrx_word' id='word_1_498' title='bbox 1259 3270 1502 3324; x_wconf 79' lang='lat' dir='ltr'><strong>ferebant</strong></span> <span class='ocrx_word' id='word_1_499' title='bbox 1569 3285 1672 3323; x_wconf 92' lang='lat' dir='ltr'><strong>non</strong></span> <span class='ocrx_word' id='word_1_500' title='bbox 1744 3271 2108 3338; x_wconf 76' lang='lat' dir='ltr'><strong>indignantes.</strong></span> 
     </span>
    </p>
   </div>
   <div class='ocr_carea' id='block_1_65' title="bbox 545 3361 2113 3433">
    <p class='ocr_par' dir='ltr' id='par_1_65' title="bbox 545 3361 2113 3433">
     <span class='ocr_line' id='line_1_65' title="bbox 545 3361 2113 3433; baseline -0.003 -16"><span class='ocrx_word' id='word_1_501' title='bbox 545 3366 793 3433; x_wconf 74' lang='lat' dir='ltr'><strong>quamvis</strong></span> <span class='ocrx_word' id='word_1_502' title='bbox 845 3364 1084 3417; x_wconf 88' lang='lat' dir='ltr'><strong>viderent</strong></span> <span class='ocrx_word' id='word_1_503' title='bbox 1125 3378 1218 3417; x_wconf 79' lang='lat' dir='ltr'><strong>eos</strong></span> <span class='ocrx_word' id='word_1_504' title='bbox 1271 3361 1512 3432; x_wconf 68' lang='lat' dir='ltr'><strong>praeferri</strong></span> <span class='ocrx_word' id='word_1_505' title='bbox 1546 3378 1558 3414; x_wconf 94' lang='lat'>:</span> <span class='ocrx_word' id='word_1_506' title='bbox 1600 3377 1720 3415; x_wconf 91' lang='lat' dir='ltr'><strong>cum</strong></span> <span class='ocrx_word' id='word_1_507' title='bbox 1756 3372 1937 3414; x_wconf 84' lang='lat' dir='ltr'><strong>autem</strong></span> <span class='ocrx_word' id='word_1_508' title='bbox 1972 3374 2113 3413; x_wconf 88' lang='lat' dir='ltr'><strong>nunc</strong></span> 
     </span>
    </p>
   </div>
   <div class='ocr_carea' id='block_1_66' title="bbox 549 3451 2111 3526">
    <p class='ocr_par' dir='ltr' id='par_1_66' title="bbox 549 3451 2111 3526">
     <span class='ocr_line' id='line_1_66' title="bbox 549 3451 2111 3526; baseline -0.003 -15"><span class='ocrx_word' id='word_1_509' title='bbox 549 3459 647 3526; x_wconf 88' lang='lat' dir='ltr'><strong>ipsi</strong></span> <span class='ocrx_word' id='word_1_510' title='bbox 696 3459 954 3510; x_wconf 82' lang='lat' dir='ltr'><strong>honorem</strong></span> <span class='ocrx_word' id='word_1_511' title='bbox 993 3456 1094 3508; x_wconf 91' lang='lat' dir='ltr'><strong>sibi</strong></span> <span class='ocrx_word' id='word_1_512' title='bbox 1138 3455 1458 3524; x_wconf 87' lang='lat' dir='ltr'><strong>deposcunt,</strong></span> <span class='ocrx_word' id='word_1_513' title='bbox 1495 3469 1598 3506; x_wconf 91' lang='lat' dir='ltr'><strong>non</strong></span> <span class='ocrx_word' id='word_1_514' title='bbox 1641 3451 1819 3507; x_wconf 80' lang='lat' dir='ltr'><strong>ferunt</strong></span> <span class='ocrx_word' id='word_1_515' title='bbox 1854 3452 1962 3505; x_wconf 84' lang='lat' dir='ltr'><strong>alii.</strong></span> <span class='ocrx_word' id='word_1_516' title='bbox 1994 3451 2111 3506; x_wconf 63' lang='lat' dir='ltr'><strong>Cie-</strong></span> 
     </span>
    </p>
   </div>
   <div class='ocr_carea' id='block_1_67' title="bbox 548 3542 2110 3612">
    <p class='ocr_par' dir='ltr' id='par_1_67' title="bbox 548 3542 2110 3612">
     <span class='ocr_line' id='line_1_67' title="bbox 548 3542 2110 3612; baseline -0.004 -12"><span class='ocrx_word' id='word_1_517' title='bbox 548 3555 720 3600; x_wconf 84' lang='lat' dir='ltr'><strong>terum</strong></span> <span class='ocrx_word' id='word_1_518' title='bbox 750 3559 895 3598; x_wconf 91' lang='lat' dir='ltr'><strong>nunc</strong></span> <span class='ocrx_word' id='word_1_519' title='bbox 915 3544 1129 3610; x_wconf 89' lang='lat' dir='ltr'><strong>quidem</strong></span> <span class='ocrx_word' id='word_1_520' title='bbox 1153 3543 1225 3596; x_wconf 91' lang='lat' dir='ltr'><strong>ita</strong></span> <span class='ocrx_word' id='word_1_521' title='bbox 1247 3542 1563 3611; x_wconf 80' lang='lat' dir='ltr'><strong>imperfecte</strong></span> <span class='ocrx_word' id='word_1_522' title='bbox 1595 3557 1652 3598; x_wconf 85' lang='lat' dir='ltr'><strong>se</strong></span> <span class='ocrx_word' id='word_1_523' title='bbox 1680 3552 1894 3612; x_wconf 75' lang='lat' dir='ltr'><strong>gerunt,</strong></span> <span class='ocrx_word' id='word_1_524' title='bbox 1928 3553 2110 3609; x_wconf 85' lang='lat' dir='ltr'><strong>postea</strong></span> 
     </span>
    </p>
   </div>
   <div class='ocr_carea' id='block_1_68' title="bbox 550 3633 2108 3701">
    <p class='ocr_par' dir='ltr' id='par_1_68' title="bbox 550 3633 2108 3701">
     <span class='ocr_line' id='line_1_68' title="bbox 550 3633 2108 3701; baseline -0.003 -12"><span class='ocrx_word' id='word_1_525' title='bbox 550 3647 731 3690; x_wconf 81' lang='lat' dir='ltr'><strong>autem</strong></span> <span class='ocrx_word' id='word_1_526' title='bbox 755 3635 960 3689; x_wconf 81' lang='lat' dir='ltr'><strong>videbis</strong></span> <span class='ocrx_word' id='word_1_527' title='bbox 985 3649 1078 3690; x_wconf 82' lang='lat' dir='ltr'><strong>eos</strong></span> <span class='ocrx_word' id='word_1_528' title='bbox 1113 3643 1353 3687; x_wconf 89' lang='lat' dir='ltr'><strong>mutuum</strong></span> <span class='ocrx_word' id='word_1_529' title='bbox 1401 3634 1501 3687; x_wconf 85' lang='lat' dir='ltr'><strong>sibi</strong></span> <span class='ocrx_word' id='word_1_530' title='bbox 1538 3633 1606 3687; x_wconf 89' lang='lat' dir='ltr'><strong>de</strong></span> <span class='ocrx_word' id='word_1_531' title='bbox 1637 3634 1869 3701; x_wconf 84' lang='lat' dir='ltr'><strong>primatu</strong></span> <span class='ocrx_word' id='word_1_532' title='bbox 1899 3633 2108 3686; x_wconf 88' lang='lat' dir='ltr'><strong>cedere.</strong></span> 
     </span>
    </p>
   </div>
   <div class='ocr_carea' id='block_1_69' title="bbox 552 3722 2114 3790">
    <p class='ocr_par' dir='ltr' id='par_1_69' title="bbox 552 3722 2114 3790">
     <span class='ocr_line' id='line_1_69' title="bbox 552 3722 2114 3790; baseline -0.005 -10"><span class='ocrx_word' id='word_1_533' title='bbox 552 3728 622 3780; x_wconf 81' lang='lat' dir='ltr'><strong>At</strong></span> <span class='ocrx_word' id='word_1_534' title='bbox 664 3726 910 3779; x_wconf 83' lang='lat' dir='ltr'><strong>Christus</strong></span> <span class='ocrx_word' id='word_1_535' title='bbox 953 3734 1106 3779; x_wconf 84' lang='lat' dir='ltr'><strong>sanat</strong></span> <span class='ocrx_word' id='word_1_536' title='bbox 1138 3725 1275 3787; x_wconf 87' lang='lat' dir='ltr'><strong>Illos,</strong></span> <span class='ocrx_word' id='word_1_537' title='bbox 1314 3735 1366 3777; x_wconf 90' lang='lat' dir='ltr'><strong>et</strong></span> <span class='ocrx_word' id='word_1_538' title='bbox 1415 3724 1645 3790; x_wconf 87' lang='lat' dir='ltr'><strong>primum</strong></span> <span class='ocrx_word' id='word_1_539' title='bbox 1684 3724 1950 3776; x_wconf 89' lang='lat' dir='ltr'><strong>demulcet</strong></span> <span class='ocrx_word' id='word_1_540' title='bbox 1996 3722 2114 3774; x_wconf 86' lang='lat' dir='ltr'><strong>illus</strong></span> 
     </span>
    </p>
   </div>
   <div class='ocr_carea' id='block_1_70' title="bbox 551 3811 2114 3885">
    <p class='ocr_par' dir='ltr' id='par_1_70' title="bbox 551 3811 2114 3885">
     <span class='ocr_line' id='line_1_70' title="bbox 551 3811 2114 3885; baseline -0.002 -19"><span class='ocrx_word' id='word_1_541' title='bbox 551 3819 770 3885; x_wconf 86' lang='lat' dir='ltr'><strong>propius</strong></span> <span class='ocrx_word' id='word_1_542' title='bbox 800 3818 864 3869; x_wconf 79' lang='lat' dir='ltr'><strong>ad</strong></span> <span class='ocrx_word' id='word_1_543' title='bbox 901 3830 959 3868; x_wconf 87' lang='lat' dir='ltr'><strong>se</strong></span> <span class='ocrx_word' id='word_1_544' title='bbox 1015 3816 1279 3869; x_wconf 78' lang='lat' dir='ltr'><strong>vocando.</strong></span> <span class='ocrx_word' id='word_1_545' title='bbox 1311 3811 1474 3882; x_wconf 72' lang='grc'><strong>229</strong></span> <span class='ocrx_word' id='word_1_546' title='bbox 1518 3811 1630 3866; x_wconf 77' lang='lat' dir='ltr'><strong>Hoc</strong></span> <span class='ocrx_word' id='word_1_547' title='bbox 1659 3814 1800 3865; x_wconf 87' lang='lat' dir='ltr'><strong>enim</strong></span> <span class='ocrx_word' id='word_1_548' title='bbox 1847 3813 2114 3876; x_wconf 67' lang='lat' dir='ltr'><strong>signiﬁcat</strong></span> 
     </span>
    </p>
   </div>
   <div class='ocr_carea' id='block_1_71' title="bbox 551 3904 2115 3976">
    <p class='ocr_par' dir='ltr' id='par_1_71' title="bbox 551 3904 2115 3976">
     <span class='ocr_line' id='line_1_71' title="bbox 551 3904 2115 3976; baseline -0.004 -16"><span class='ocrx_word' id='word_1_549' title='bbox 551 3908 696 3976; x_wconf 86' lang='lat' dir='ltr'><strong>quod</strong></span> <span class='ocrx_word' id='word_1_550' title='bbox 723 3909 853 3960; x_wconf 90' lang='lat' dir='ltr'><strong>dicit</strong></span> <span class='ocrx_word' id='word_1_551' title='bbox 885 3906 1057 3959; x_wconf 83' lang='lat' dir='ltr'><strong>:Cum</strong></span> <span class='ocrx_word' id='word_1_552' title='bbox 1095 3915 1340 3959; x_wconf 74' lang='lat' dir='ltr'><strong>vocasset</strong></span> <span class='ocrx_word' id='word_1_553' title='bbox 1366 3921 1460 3957; x_wconf 88' lang='lat' dir='ltr'><strong>eos</strong></span> <span class='ocrx_word' id='word_1_554' title='bbox 1506 3906 1570 3958; x_wconf 85' lang='lat' dir='ltr'><strong>ad</strong></span> <span class='ocrx_word' id='word_1_555' title='bbox 1606 3920 1684 3960; x_wconf 81' lang='lat' dir='ltr'><strong>se.</strong></span> <span class='ocrx_word' id='word_1_556' title='bbox 1727 3904 1928 3957; x_wconf 86' lang='lat' dir='ltr'><strong>Deinde</strong></span> <span class='ocrx_word' id='word_1_557' title='bbox 1960 3916 2115 3957; x_wconf 86' lang='lat' dir='ltr'><strong>mon-</strong></span> 
     </span>
    </p>
   </div>
   <div class='ocr_carea' id='block_1_72' title="bbox 551 3993 2112 4068">
    <p class='ocr_par' dir='ltr' id='par_1_72' title="bbox 551 3993 2112 4068">
     <span class='ocr_line' id='line_1_72' title="bbox 551 3993 2112 4068; baseline -0.004 -13"><span class='ocrx_word' id='word_1_558' title='bbox 551 4010 687 4056; x_wconf 86' lang='lat' dir='ltr'><strong>strat</strong></span> <span class='ocrx_word' id='word_1_559' title='bbox 717 3999 858 4068; x_wconf 87' lang='lat' dir='ltr'><strong>quod</strong></span> <span class='ocrx_word' id='word_1_560' title='bbox 897 4014 1085 4065; x_wconf 86' lang='lat' dir='ltr'><strong>rapere</strong></span> <span class='ocrx_word' id='word_1_561' title='bbox 1143 3998 1425 4059; x_wconf 84' lang='lat' dir='ltr'><strong>honorem,</strong></span> <span class='ocrx_word' id='word_1_562' title='bbox 1466 4005 1521 4049; x_wconf 92' lang='lat' dir='ltr'><strong>et</strong></span> <span class='ocrx_word' id='word_1_563' title='bbox 1570 3994 1774 4048; x_wconf 81' lang='lat' dir='ltr'><strong>ambire</strong></span> <span class='ocrx_word' id='word_1_564' title='bbox 1803 3993 2112 4061; x_wconf 76' lang='lat' dir='ltr'><strong>dignitates,</strong></span> 
     </span>
    </p>
   </div>
   <div class='ocr_carea' id='block_1_73' title="bbox 549 4088 2114 4164">
    <p class='ocr_par' dir='ltr' id='par_1_73' title="bbox 549 4088 2114 4164">
     <span class='ocr_line' id='line_1_73' title="bbox 549 4088 2114 4164; baseline -0.006 -19"><span class='ocrx_word' id='word_1_565' title='bbox 549 4094 788 4164; x_wconf 72' lang='lat' dir='ltr'><strong>gentium</strong></span> <span class='ocrx_word' id='word_1_566' title='bbox 833 4092 921 4144; x_wconf 87' lang='lat' dir='ltr'><strong>sit.</strong></span> <span class='ocrx_word' id='word_1_567' title='bbox 971 4089 1247 4154; x_wconf 72' lang='lat' dir='ltr'><strong>Principes</strong></span> <span class='ocrx_word' id='word_1_568' title='bbox 1295 4089 1437 4140; x_wconf 81' lang='lat' dir='ltr'><strong>cnim</strong></span> <span class='ocrx_word' id='word_1_569' title='bbox 1489 4088 1726 4156; x_wconf 75' lang='lat' dir='ltr'><strong>gentium</strong></span> <span class='ocrx_word' id='word_1_570' title='bbox 1782 4101 1971 4153; x_wconf 75' lang='lat' dir='ltr'><strong>magna</strong></span> <span class='ocrx_word' id='word_1_571' title='bbox 2022 4101 2114 4153; x_wconf 77' lang='lat' dir='ltr'><strong>pu-</strong></span> 
     </span>
    </p>
   </div>
   <div class='ocr_carea' id='block_1_74' title="bbox 553 4174 2112 4242">
    <p class='ocr_par' dir='ltr' id='par_1_74' title="bbox 553 4174 2112 4242">
     <span class='ocr_line' id='line_1_74' title="bbox 553 4174 2112 4242; baseline -0.008 -5"><span class='ocrx_word' id='word_1_572' title='bbox 553 4193 749 4237; x_wconf 86' lang='lat' dir='ltr'><strong>testate</strong></span> <span class='ocrx_word' id='word_1_573' title='bbox 799 4192 855 4235; x_wconf 88' lang='lat' dir='ltr'><strong>et</strong></span> <span class='ocrx_word' id='word_1_574' title='bbox 908 4179 1231 4231; x_wconf 85' lang='lat' dir='ltr'><strong>auctoritate</strong></span> <span class='ocrx_word' id='word_1_575' title='bbox 1269 4176 1564 4229; x_wconf 82' lang='lat' dir='ltr'><strong>eﬂeruntur</strong></span> <span class='ocrx_word' id='word_1_576' title='bbox 1602 4193 1615 4228; x_wconf 89' lang='lat'><strong>:</strong></span> <span class='ocrx_word' id='word_1_577' title='bbox 1652 4174 1898 4242; x_wconf 86' lang='lat' dir='ltr'><strong>discipuli</strong></span> <span class='ocrx_word' id='word_1_578' title='bbox 1935 4187 2112 4227; x_wconf 88' lang='lat' dir='ltr'><strong>autem</strong></span> 
     </span>
    </p>
   </div>
   <div class='ocr_carea' id='block_1_75' title="bbox 548 4269 2119 4345">
    <p class='ocr_par' dir='ltr' id='par_1_75' title="bbox 548 4269 2119 4345">
     <span class='ocr_line' id='line_1_75' title="bbox 548 4269 2119 4345; baseline -0.008 -11"><span class='ocrx_word' id='word_1_579' title='bbox 548 4279 653 4334; x_wconf 86' lang='lat' dir='ltr'><strong>mei</strong></span> <span class='ocrx_word' id='word_1_580' title='bbox 709 4295 810 4331; x_wconf 86' lang='lat' dir='ltr'><strong>nun</strong></span> <span class='ocrx_word' id='word_1_581' title='bbox 848 4278 927 4331; x_wconf 90' lang='lat' dir='ltr'><strong>sic</strong></span> <span class='ocrx_word' id='word_1_582' title='bbox 957 4294 969 4328; x_wconf 89' lang='lat'>:</span> <span class='ocrx_word' id='word_1_583' title='bbox 996 4277 1087 4328; x_wconf 89' lang='lat' dir='ltr'><strong>sed</strong></span> <span class='ocrx_word' id='word_1_584' title='bbox 1125 4275 1218 4345; x_wconf 91' lang='lat' dir='ltr'><strong>qui</strong></span> <span class='ocrx_word' id='word_1_585' title='bbox 1268 4273 1378 4324; x_wconf 89' lang='lat' dir='ltr'><strong>vult</strong></span> <span class='ocrx_word' id='word_1_586' title='bbox 1410 4287 1529 4324; x_wconf 80' lang='lat' dir='ltr'><strong>esse</strong></span> <span class='ocrx_word' id='word_1_587' title='bbox 1564 4284 1811 4338; x_wconf 80' lang='lat' dir='ltr'><strong>magnus,</strong></span> <span class='ocrx_word' id='word_1_588' title='bbox 1846 4269 2119 4322; x_wconf 86' lang='lat' dir='ltr'><strong>ministret</strong></span> 
     </span>
    </p>
   </div>
   <div class='ocr_carea' id='block_1_76' title="bbox 548 4361 2111 4436">
    <p class='ocr_par' dir='ltr' id='par_1_76' title="bbox 548 4361 2111 4436">
     <span class='ocr_line' id='line_1_76' title="bbox 548 4361 2111 4436; baseline -0.01 -11"><span class='ocrx_word' id='word_1_589' title='bbox 548 4371 802 4425; x_wconf 82' lang='lat' dir='ltr'><strong>Omnibus</strong></span> <span class='ocrx_word' id='word_1_590' title='bbox 833 4385 846 4421; x_wconf 90' lang='lat'><strong>:</strong></span> <span class='ocrx_word' id='word_1_591' title='bbox 872 4369 1125 4436; x_wconf 86' lang='lat' dir='ltr'><strong>quoniam</strong></span> <span class='ocrx_word' id='word_1_592' title='bbox 1148 4376 1201 4418; x_wconf 86' lang='lat' dir='ltr'><strong>et</strong></span> <span class='ocrx_word' id='word_1_593' title='bbox 1226 4369 1323 4417; x_wconf 85' lang='lat' dir='ltr'><strong>ltoc</strong></span> <span class='ocrx_word' id='word_1_594' title='bbox 1357 4377 1560 4430; x_wconf 74' lang='lat' dir='ltr'><strong>magna:</strong></span> <span class='ocrx_word' id='word_1_595' title='bbox 1591 4362 1784 4413; x_wconf 63' lang='lat' dir='ltr'><strong>animas</strong></span> <span class='ocrx_word' id='word_1_596' title='bbox 1807 4368 1908 4422; x_wconf 84' lang='lat' dir='ltr'><strong>est,</strong></span> <span class='ocrx_word' id='word_1_597' title='bbox 1935 4361 2111 4412; x_wconf 88' lang='lat' dir='ltr'><strong>omnia</strong></span> 
     </span>
    </p>
   </div>
   <div class='ocr_carea' id='block_1_77' title="bbox 550 4453 2112 4526">
    <p class='ocr_par' dir='ltr' id='par_1_77' title="bbox 550 4453 2112 4526">
     <span class='ocr_line' id='line_1_77' title="bbox 550 4453 2112 4526; baseline -0.01 -9"><span class='ocrx_word' id='word_1_598' title='bbox 550 4462 713 4526; x_wconf 75' lang='lat' dir='ltr'><strong>ferre,</strong></span> <span class='ocrx_word' id='word_1_599' title='bbox 740 4472 792 4514; x_wconf 91' lang='lat' dir='ltr'><strong>et</strong></span> <span class='ocrx_word' id='word_1_600' title='bbox 824 4461 1073 4513; x_wconf 87' lang='lat' dir='ltr'><strong>omnibus</strong></span> <span class='ocrx_word' id='word_1_601' title='bbox 1103 4457 1330 4512; x_wconf 80' lang='lat' dir='ltr'><strong>servire.</strong></span> <span class='ocrx_word' id='word_1_602' title='bbox 1356 4454 1417 4505; x_wconf 81' lang='lat' dir='ltr'><strong>Et</strong></span> <span class='ocrx_word' id='word_1_603' title='bbox 1446 4453 1748 4520; x_wconf 75' lang='lat' dir='ltr'><strong>exemplum</strong></span> <span class='ocrx_word' id='word_1_604' title='bbox 1784 4453 1834 4504; x_wconf 92' lang='lat' dir='ltr'><strong>in</strong></span> <span class='ocrx_word' id='word_1_605' title='bbox 1867 4461 2112 4520; x_wconf 81' lang='lat' dir='ltr'><strong>promptu</strong></span> 
     </span>
    </p>
   </div>
   <div class='ocr_carea' id='block_1_78' title="bbox 2214 3268 3796 3340">
    <p class='ocr_par' dir='ltr' id='par_1_78' title="bbox 2214 3268 3796 3340">
     <span class='ocr_line' id='line_1_78' title="bbox 2214 3268 3796 3340; baseline 0 -17"><span class='ocrx_word' id='word_1_606' title='bbox 2214 3273 2386 3325; x_wconf 84' lang='grc' dir='ltr'><strong>καίτοι</strong></span> <span class='ocrx_word' id='word_1_607' title='bbox 2436 3271 2669 3340; x_wconf 82' lang='grc' dir='ltr'><strong>ὁρῶντες</strong></span> <span class='ocrx_word' id='word_1_608' title='bbox 2723 3272 2923 3334; x_wconf 83' lang='grc' dir='ltr'><strong>αὐτοὺς</strong></span> <span class='ocrx_word' id='word_1_609' title='bbox 2967 3271 3454 3340; x_wconf 63' lang='grc' dir='ltr'><strong>προτιμωμῶιους·</strong></span> <span class='ocrx_word' id='word_1_610' title='bbox 3497 3269 3690 3340; x_wconf 76' lang='grc' dir='ltr'><strong>ἐπειδὴ</strong></span> <span class='ocrx_word' id='word_1_611' title='bbox 3738 3268 3796 3323; x_wconf 76' lang='grc' dir='ltr'><strong>δι</strong></span> 
     </span>
    </p>
   </div>
   <div class='ocr_carea' id='block_1_79' title="bbox 2213 3361 3794 3432">
    <p class='ocr_par' dir='ltr' id='par_1_79' title="bbox 2213 3361 3794 3432">
     <span class='ocr_line' id='line_1_79' title="bbox 2213 3361 3794 3432; baseline -0.001 -16"><span class='ocrx_word' id='word_1_612' title='bbox 2213 3363 2445 3416; x_wconf 78' lang='grc' dir='ltr'><strong>ἐνταῦθα</strong></span> <span class='ocrx_word' id='word_1_613' title='bbox 2477 3365 2630 3415; x_wconf 75' lang='grc' dir='ltr'><strong>αὑτοὶ</strong></span> <span class='ocrx_word' id='word_1_614' title='bbox 2647 3365 2845 3416; x_wconf 83' lang='grc' dir='ltr'><strong>ἐκεῖνοι</strong></span> <span class='ocrx_word' id='word_1_615' title='bbox 2867 3362 2966 3432; x_wconf 81' lang='grc' dir='ltr'><strong>τὴν</strong></span> <span class='ocrx_word' id='word_1_616' title='bbox 2983 3361 3151 3432; x_wconf 77' lang='grc' dir='ltr'><strong>τιμὴν</strong></span> <span class='ocrx_word' id='word_1_617' title='bbox 3167 3363 3461 3432; x_wconf 70' lang='grc' dir='ltr'><strong>ᾐτήσαντο,</strong></span> <span class='ocrx_word' id='word_1_618' title='bbox 3485 3364 3547 3415; x_wconf 78' lang='grc' dir='ltr'><strong>οὐ</strong></span> <span class='ocrx_word' id='word_1_619' title='bbox 3570 3362 3794 3431; x_wconf 69' lang='grc' dir='ltr'><strong>φέρουσι</strong></span> 
     </span>
    </p>
   </div>
   <div class='ocr_carea' id='block_1_80' title="bbox 2211 3450 3798 3523">
    <p class='ocr_par' dir='ltr' id='par_1_80' title="bbox 2211 3450 3798 3523">
     <span class='ocr_line' id='line_1_80' title="bbox 2211 3450 3798 3523; baseline 0 -17"><span class='ocrx_word' id='word_1_620' title='bbox 2211 3455 2396 3506; x_wconf 61' lang='grc' dir='ltr'><strong>λοιπὴν</strong></span> <span class='ocrx_word' id='word_1_621' title='bbox 2429 3457 2476 3506; x_wconf 85' lang='grc' dir='ltr'><strong>οἱ</strong></span> <span class='ocrx_word' id='word_1_622' title='bbox 2508 3454 2706 3508; x_wconf 84' lang='grc' dir='ltr'><strong>λοιποί.</strong></span> <span class='ocrx_word' id='word_1_623' title='bbox 2756 3454 2918 3508; x_wconf 74' lang='grc' dir='ltr'><strong>’Δλλὰ</strong></span> <span class='ocrx_word' id='word_1_624' title='bbox 2965 3452 3062 3507; x_wconf 82' lang='grc' dir='ltr'><strong>νῦν</strong></span> <span class='ocrx_word' id='word_1_625' title='bbox 3116 3453 3217 3523; x_wconf 67' lang='grc' dir='ltr'><strong>μιν</strong></span> <span class='ocrx_word' id='word_1_626' title='bbox 3274 3453 3449 3517; x_wconf 76' lang='grc' dir='ltr'><strong>οὕτως</strong></span> <span class='ocrx_word' id='word_1_627' title='bbox 3491 3450 3639 3523; x_wconf 74' lang='grc' dir='ltr'><strong>εἰχον</strong></span> <span class='ocrx_word' id='word_1_628' title='bbox 3677 3454 3798 3506; x_wconf 75' lang='grc' dir='ltr'><strong>ἁτε·</strong></span> 
     </span>
    </p>
   </div>
   <div class='ocr_carea' id='block_1_81' title="bbox 2212 3543 3796 3615">
    <p class='ocr_par' dir='ltr' id='par_1_81' title="bbox 2212 3543 3796 3615">
     <span class='ocr_line' id='line_1_81' title="bbox 2212 3543 3796 3615; baseline 0.001 -18"><span class='ocrx_word' id='word_1_629' title='bbox 2212 3546 2339 3608; x_wconf 74' lang='grc' dir='ltr'><strong>λῶς,</strong></span> <span class='ocrx_word' id='word_1_630' title='bbox 2397 3546 2624 3615; x_wconf 75' lang='grc' dir='ltr'><strong>ὕστερον</strong></span> <span class='ocrx_word' id='word_1_631' title='bbox 2673 3546 2730 3599; x_wconf 74' lang='grc' dir='ltr'><strong>δι</strong></span> <span class='ocrx_word' id='word_1_632' title='bbox 2776 3547 2897 3614; x_wconf 72' lang='grc' dir='ltr'><strong>θψει</strong></span> <span class='ocrx_word' id='word_1_633' title='bbox 2950 3547 3150 3609; x_wconf 71' lang='grc' dir='ltr'><strong>αὐτοὺς</strong></span> <span class='ocrx_word' id='word_1_634' title='bbox 3215 3546 3310 3600; x_wconf 81' lang='grc' dir='ltr'><strong>καὶ</strong></span> <span class='ocrx_word' id='word_1_635' title='bbox 3349 3545 3461 3598; x_wconf 85' lang='grc' dir='ltr'><strong>τῶν</strong></span> <span class='ocrx_word' id='word_1_636' title='bbox 3507 3543 3796 3614; x_wconf 66' lang='grc' dir='ltr'><strong>⁸κρωτείιιιν</strong></span> 
     </span>
    </p>
   </div>
   <div class='ocr_carea' id='block_1_82' title="bbox 2215 3635 3796 3705">
    <p class='ocr_par' dir='ltr' id='par_1_82' title="bbox 2215 3635 3796 3705">
     <span class='ocr_line' id='line_1_82' title="bbox 2215 3635 3796 3705; baseline -0.001 -18"><span class='ocrx_word' id='word_1_637' title='bbox 2215 3636 2462 3704; x_wconf 76' lang='grc' dir='ltr'><strong>ἀλλήλοις</strong></span> <span class='ocrx_word' id='word_1_638' title='bbox 2505 3635 2969 3705; x_wconf 82' lang='grc' dir='ltr'><strong>παραχωροῦντας</strong></span> <span class='ocrx_word' id='word_1_639' title='bbox 2997 3652 3010 3664; x_wconf 88' lang='grc'><strong>·</strong></span> <span class='ocrx_word' id='word_1_640' title='bbox 3041 3636 3158 3689; x_wconf 76' lang='grc' dir='ltr'><strong>ἀλλ’</strong></span> <span class='ocrx_word' id='word_1_641' title='bbox 3181 3637 3209 3688; x_wconf 91' lang='lat'><strong>6</strong></span> <span class='ocrx_word' id='word_1_642' title='bbox 3237 3635 3473 3704; x_wconf 79' lang='grc' dir='ltr'><strong>Χριστὸς</strong></span> <span class='ocrx_word' id='word_1_643' title='bbox 3501 3635 3796 3704; x_wconf 82' lang='grc' dir='ltr'><strong>θεραπεύει</strong></span> 
     </span>
    </p>
   </div>
   <div class='ocr_carea' id='block_1_83' title="bbox 2215 3725 3797 3797">
    <p class='ocr_par' dir='ltr' id='par_1_83' title="bbox 2215 3725 3797 3797">
     <span class='ocr_line' id='line_1_83' title="bbox 2215 3725 3797 3797; baseline 0.001 -19"><span class='ocrx_word' id='word_1_644' title='bbox 2215 3727 2412 3789; x_wconf 72' lang='grc' dir='ltr'><strong>αὐτοὺς</strong></span> <span class='ocrx_word' id='word_1_645' title='bbox 2442 3726 2657 3796; x_wconf 84' lang='grc' dir='ltr'><strong>πρῶτον</strong></span> <span class='ocrx_word' id='word_1_646' title='bbox 2691 3729 2811 3793; x_wconf 67' lang='grc' dir='ltr'><strong>μὶν,</strong></span> <span class='ocrx_word' id='word_1_647' title='bbox 2843 3727 3249 3797; x_wconf 80' lang='grc' dir='ltr'><strong>καταπραΰνων</strong></span> <span class='ocrx_word' id='word_1_648' title='bbox 3290 3725 3487 3789; x_wconf 75' lang='grc' dir='ltr'><strong>αὐτοὺς</strong></span> <span class='ocrx_word' id='word_1_649' title='bbox 3514 3726 3596 3792; x_wconf 83' lang='grc' dir='ltr'><strong>τῷ</strong></span> <span class='ocrx_word' id='word_1_650' title='bbox 3633 3726 3797 3793; x_wconf 76' lang='grc' dir='ltr'><strong>ἐγγὺς</strong></span> 
     </span>
    </p>
   </div>
   <div class='ocr_carea' id='block_1_84' title="bbox 2216 3817 3798 3889">
    <p class='ocr_par' dir='ltr' id='par_1_84' title="bbox 2216 3817 3798 3889">
     <span class='ocr_line' id='line_1_84' title="bbox 2216 3817 3798 3889; baseline 0.002 -21"><span class='ocrx_word' id='word_1_651' title='bbox 2216 3817 2378 3869; x_wconf 73' lang='grc' dir='ltr'><strong>αὑτοῦ</strong></span> <span class='ocrx_word' id='word_1_652' title='bbox 2402 3818 2872 3887; x_wconf 67' lang='grc' dir='ltr'><strong>προσαγαγέσθαι.</strong></span> <span class='ocrx_word' id='word_1_653' title='bbox 2898 3817 3066 3871; x_wconf 83' lang='grc' dir='ltr'><strong>Τοῦτο</strong></span> <span class='ocrx_word' id='word_1_654' title='bbox 3089 3818 3198 3888; x_wconf 82' lang='grc' dir='ltr'><strong>γὰρ</strong></span> <span class='ocrx_word' id='word_1_655' title='bbox 3226 3831 3479 3888; x_wconf 89' lang='grc' dir='ltr'><strong>σημαινει</strong></span> <span class='ocrx_word' id='word_1_656' title='bbox 3505 3821 3590 3880; x_wconf 59' lang='grc' dir='ltr'><strong>τι,</strong></span> <span class='ocrx_word' id='word_1_657' title='bbox 3633 3833 3798 3889; x_wconf 81' lang='grc' dir='ltr'><strong>προσ·</strong></span> 
     </span>
    </p>
   </div>
   <div class='ocr_carea' id='block_1_85' title="bbox 2215 3908 3799 3978">
    <p class='ocr_par' dir='ltr' id='par_1_85' title="bbox 2215 3908 3799 3978">
     <span class='ocr_line' id='line_1_85' title="bbox 2215 3908 3799 3978; baseline -0.001 -18"><span class='ocrx_word' id='word_1_658' title='bbox 2215 3909 2600 3977; x_wconf 85' lang='grc' dir='ltr'><strong>καλεσάμενος.</strong></span> <span class='ocrx_word' id='word_1_659' title='bbox 2642 3911 2872 3962; x_wconf 78' lang='grc' dir='ltr'><strong>Ἔπειτα</strong></span> <span class='ocrx_word' id='word_1_660' title='bbox 2912 3909 2991 3977; x_wconf 79' lang='grc' dir='ltr'><strong>τῷ</strong></span> <span class='ocrx_word' id='word_1_661' title='bbox 3041 3908 3212 3974; x_wconf 77' lang='grc' dir='ltr'><strong>δεῖξαι</strong></span> <span class='ocrx_word' id='word_1_662' title='bbox 3239 3947 3253 3972; x_wconf 93' lang='grc'><strong>,</strong></span> <span class='ocrx_word' id='word_1_663' title='bbox 3296 3911 3384 3962; x_wconf 86' lang='grc' dir='ltr'><strong>ὃτι</strong></span> <span class='ocrx_word' id='word_1_664' title='bbox 3424 3910 3486 3962; x_wconf 82' lang='grc' dir='ltr'><strong>τὸ</strong></span> <span class='ocrx_word' id='word_1_665' title='bbox 3529 3909 3799 3978; x_wconf 78' lang='grc' dir='ltr'><strong>ἁρπάζειν</strong></span> 
     </span>
    </p>
   </div>
   <div class='ocr_carea' id='block_1_86' title="bbox 2214 4000 3798 4072">
    <p class='ocr_par' dir='ltr' id='par_1_86' title="bbox 2214 4000 3798 4072">
     <span class='ocr_line' id='line_1_86' title="bbox 2214 4000 3798 4072; baseline 0 -20"><span class='ocrx_word' id='word_1_666' title='bbox 2214 4003 2314 4070; x_wconf 77' lang='grc' dir='ltr'><strong>τὴν</strong></span> <span class='ocrx_word' id='word_1_667' title='bbox 2342 4002 2528 4072; x_wconf 83' lang='grc' dir='ltr'><strong>τιμὴν,</strong></span> <span class='ocrx_word' id='word_1_668' title='bbox 2564 4002 2659 4056; x_wconf 77' lang='grc' dir='ltr'><strong>καὶ</strong></span> <span class='ocrx_word' id='word_1_669' title='bbox 2693 4002 2800 4054; x_wconf 90' lang='grc' dir='ltr'><strong>τῶν</strong></span> <span class='ocrx_word' id='word_1_670' title='bbox 2837 4005 3125 4071; x_wconf 76' lang='grc' dir='ltr'><strong>πρωτείων</strong></span> <span class='ocrx_word' id='word_1_671' title='bbox 3155 4003 3288 4072; x_wconf 75' lang='grc' dir='ltr'><strong>ἐρᾷν</strong></span> <span class='ocrx_word' id='word_1_672' title='bbox 3316 4041 3330 4066; x_wconf 87' lang='grc'><strong>,</strong></span> <span class='ocrx_word' id='word_1_673' title='bbox 3363 4000 3581 4053; x_wconf 77' lang='grc' dir='ltr'><strong>ἐθνικόν</strong></span> <span class='ocrx_word' id='word_1_674' title='bbox 3633 4003 3798 4054; x_wconf 80' lang='grc' dir='ltr'><strong>ἐστιν.</strong></span> 
     </span>
    </p>
   </div>
   <div class='ocr_carea' id='block_1_87' title="bbox 2225 4093 3800 4163">
    <p class='ocr_par' dir='ltr' id='par_1_87' title="bbox 2225 4093 3800 4163">
     <span class='ocr_line' id='line_1_87' title="bbox 2225 4093 3800 4163; baseline -0.001 -18"><span class='ocrx_word' id='word_1_675' title='bbox 2225 4095 2286 4145; x_wconf 86' lang='lat' dir='ltr'><strong>Ol</strong></span> <span class='ocrx_word' id='word_1_676' title='bbox 2325 4094 2434 4162; x_wconf 81' lang='grc' dir='ltr'><strong>γὰρ</strong></span> <span class='ocrx_word' id='word_1_677' title='bbox 2480 4094 2588 4146; x_wconf 85' lang='grc' dir='ltr'><strong>τῶν</strong></span> <span class='ocrx_word' id='word_1_678' title='bbox 2620 4094 2790 4146; x_wconf 80' lang='grc' dir='ltr'><strong>ἐθνῶν</strong></span> <span class='ocrx_word' id='word_1_679' title='bbox 2825 4096 3103 4163; x_wconf 78' lang='grc' dir='ltr'><strong>ἄρχοντες,</strong></span> <span class='ocrx_word' id='word_1_680' title='bbox 3148 4094 3348 4147; x_wconf 76' lang='grc' dir='ltr'><strong>ἐκεῖνοι</strong></span> <span class='ocrx_word' id='word_1_681' title='bbox 3379 4093 3800 4157; x_wconf 70' lang='grc' dir='ltr'><strong>ἐξουσιαστικῶς</strong></span> 
     </span>
    </p>
   </div>
   <div class='ocr_carea' id='block_1_88' title="bbox 2218 4183 3803 4255">
    <p class='ocr_par' dir='ltr' id='par_1_88' title="bbox 2218 4183 3803 4255">
     <span class='ocr_line' id='line_1_88' title="bbox 2218 4183 3803 4255; baseline -0.001 -19"><span class='ocrx_word' id='word_1_682' title='bbox 2218 4184 2310 4236; x_wconf 73' lang='grc' dir='ltr'><strong>καὶ</strong></span> <span class='ocrx_word' id='word_1_683' title='bbox 2342 4184 2684 4253; x_wconf 80' lang='grc' dir='ltr'><strong>τυραννικῶς</strong></span> <span class='ocrx_word' id='word_1_684' title='bbox 2738 4185 3163 4255; x_wconf 78' lang='grc' dir='ltr'><strong>προσφέρονται.</strong></span> <span class='ocrx_word' id='word_1_685' title='bbox 3200 4186 3264 4238; x_wconf 83' lang='lat' dir='ltr'><strong>Ol</strong></span> <span class='ocrx_word' id='word_1_686' title='bbox 3306 4184 3363 4237; x_wconf 69' lang='grc' dir='ltr'><strong>δὲ</strong></span> <span class='ocrx_word' id='word_1_687' title='bbox 3400 4185 3528 4254; x_wconf 68' lang='grc' dir='ltr'><strong>ἐμοὶ</strong></span> <span class='ocrx_word' id='word_1_688' title='bbox 3561 4183 3803 4253; x_wconf 81' lang='grc' dir='ltr'><strong>μαθηταὶ</strong></span> 
     </span>
    </p>
   </div>
   <div class='ocr_carea' id='block_1_89' title="bbox 2217 4272 3806 4346">
    <p class='ocr_par' dir='ltr' id='par_1_89' title="bbox 2217 4272 3806 4346">
     <span class='ocr_line' id='line_1_89' title="bbox 2217 4272 3806 4346; baseline 0.001 -18"><span class='ocrx_word' id='word_1_689' title='bbox 2217 4278 2314 4345; x_wconf 76' lang='grc' dir='ltr'><strong>οὐχ</strong></span> <span class='ocrx_word' id='word_1_690' title='bbox 2346 4276 2541 4342; x_wconf 77' lang='grc' dir='ltr'><strong>οὕτως,</strong></span> <span class='ocrx_word' id='word_1_691' title='bbox 2582 4277 2698 4330; x_wconf 80' lang='grc' dir='ltr'><strong>ἀλλ’</strong></span> <span class='ocrx_word' id='word_1_692' title='bbox 2736 4279 2763 4330; x_wconf 93' lang='lat'><strong>6</strong></span> <span class='ocrx_word' id='word_1_693' title='bbox 2807 4277 2977 4330; x_wconf 65' lang='grc' dir='ltr'><strong>θέλων</strong></span> <span class='ocrx_word' id='word_1_694' title='bbox 3028 4272 3166 4329; x_wconf 75' lang='grc' dir='ltr'><strong>εἶναι</strong></span> <span class='ocrx_word' id='word_1_695' title='bbox 3215 4277 3392 4346; x_wconf 81' lang='grc' dir='ltr'><strong>μέγας</strong></span> <span class='ocrx_word' id='word_1_696' title='bbox 3418 4317 3432 4339; x_wconf 90' lang='grc'><strong>,</strong></span> <span class='ocrx_word' id='word_1_697' title='bbox 3485 4276 3806 4330; x_wconf 86' lang='grc' dir='ltr'><strong>διακονείτω</strong></span> 
     </span>
    </p>
   </div>
   <div class='ocr_carea' id='block_1_90' title="bbox 2219 4373 3803 4444">
    <p class='ocr_par' dir='ltr' id='par_1_90' title="bbox 2219 4373 3803 4444">
     <span class='ocr_line' id='line_1_90' title="bbox 2219 4373 3803 4444; baseline 0.001 -20"><span class='ocrx_word' id='word_1_698' title='bbox 2219 4376 2404 4437; x_wconf 76' lang='grc' dir='ltr'><strong>πᾶσιν,</strong></span> <span class='ocrx_word' id='word_1_699' title='bbox 2464 4375 2586 4426; x_wconf 74' lang='grc' dir='ltr'><strong>ἐπεὶ</strong></span> <span class='ocrx_word' id='word_1_700' title='bbox 2645 4375 2740 4426; x_wconf 70' lang='grc' dir='ltr'><strong>καὶ</strong></span> <span class='ocrx_word' id='word_1_701' title='bbox 2779 4374 2938 4428; x_wconf 84' lang='grc' dir='ltr'><strong>τοῦτο</strong></span> <span class='ocrx_word' id='word_1_702' title='bbox 2991 4373 3234 4444; x_wconf 80' lang='grc' dir='ltr'><strong>μεγάλης</strong></span> <span class='ocrx_word' id='word_1_703' title='bbox 3269 4373 3473 4442; x_wconf 76' lang='grc' dir='ltr'><strong>ψυχῆς,</strong></span> <span class='ocrx_word' id='word_1_704' title='bbox 3499 4375 3564 4426; x_wconf 81' lang='grc' dir='ltr'><strong>τὸ</strong></span> <span class='ocrx_word' id='word_1_705' title='bbox 3594 4375 3803 4428; x_wconf 73' lang='grc' dir='ltr'><strong>πάντων</strong></span> 
     </span>
    </p>
   </div>
   <div class='ocr_carea' id='block_1_91' title="bbox 2223 4465 3808 4535">
    <p class='ocr_par' dir='ltr' id='par_1_91' title="bbox 2223 4465 3808 4535">
     <span class='ocr_line' id='line_1_91' title="bbox 2223 4465 3808 4535; baseline 0.001 -19"><span class='ocrx_word' id='word_1_706' title='bbox 2223 4465 2518 4533; x_wconf 81' lang='grc' dir='ltr'><strong>ἀνέχεσθαι</strong></span> <span class='ocrx_word' id='word_1_707' title='bbox 2557 4468 2652 4518; x_wconf 68' lang='grc' dir='ltr'><strong>καὶ</strong></span> <span class='ocrx_word' id='word_1_708' title='bbox 2699 4468 2834 4520; x_wconf 77' lang='grc' dir='ltr'><strong>πᾶσι</strong></span> <span class='ocrx_word' id='word_1_709' title='bbox 2877 4465 3172 4519; x_wconf 81' lang='grc' dir='ltr'><strong>δουλεύειν.</strong></span> <span class='ocrx_word' id='word_1_710' title='bbox 3207 4466 3318 4519; x_wconf 77' lang='lat' dir='ltr'><strong>Kal</strong></span> <span class='ocrx_word' id='word_1_711' title='bbox 3354 4466 3416 4519; x_wconf 76' lang='grc' dir='ltr'><strong>τδ</strong></span> <span class='ocrx_word' id='word_1_712' title='bbox 3460 4466 3808 4535; x_wconf 83' lang='grc' dir='ltr'><strong>παράδειγμο</strong></span> 
     </span>
    </p>
   </div>
   <div class='ocr_carea' id='block_1_92' title="bbox 551 4544 2109 4629">
    <p class='ocr_par' dir='ltr' id='par_1_92' title="bbox 551 4544 2109 4608">
     <span class='ocr_line' id='line_1_92' title="bbox 551 4544 2109 4608; baseline -0.008 0"><span class='ocrx_word' id='word_1_713' title='bbox 551 4565 688 4608; x_wconf 88' lang='lat' dir='ltr'><strong>erat.</strong></span> <span class='ocrx_word' id='word_1_714' title='bbox 729 4551 937 4605; x_wconf 83' lang='lat' dir='ltr'><strong>Etenim</strong></span> <span class='ocrx_word' id='word_1_715' title='bbox 979 4548 1143 4603; x_wconf 65' lang='lat' dir='ltr'><strong>Filius</strong></span> <span class='ocrx_word' id='word_1_716' title='bbox 1183 4547 1417 4600; x_wconf 83' lang='lat' dir='ltr'><strong>hominis</strong></span> <span class='ocrx_word' id='word_1_717' title='bbox 1458 4560 1562 4598; x_wconf 91' lang='lat' dir='ltr'><strong>non</strong></span> <span class='ocrx_word' id='word_1_718' title='bbox 1610 4544 1756 4598; x_wconf 82' lang='lat' dir='ltr'><strong>venit</strong></span> <span class='ocrx_word' id='word_1_719' title='bbox 1793 4554 1850 4598; x_wconf 90' lang='lat' dir='ltr'><strong>ut</strong></span> <span class='ocrx_word' id='word_1_720' title='bbox 1878 4546 1979 4598; x_wconf 90' lang='lat' dir='ltr'><strong>sibi</strong></span> <span class='ocrx_word' id='word_1_721' title='bbox 2014 4544 2109 4596; x_wconf 84' lang='lat' dir='ltr'><strong>mi-</strong></span> 
     </span>
    </p>
   </div>
   <div class='ocr_carea' id='block_1_93' title="bbox 2214 4544 3799 4629">
    <p class='ocr_par' dir='ltr' id='par_1_93' title="bbox 2221 4553 3799 4629">
     <span class='ocr_line' id='line_1_93' title="bbox 2221 4553 3799 4629; baseline 0 -21"><span class='ocrx_word' id='word_1_722' title='bbox 2221 4557 2450 4622; x_wconf 80' lang='grc' dir='ltr'><strong>ἐγγύθεν</strong></span> <span class='ocrx_word' id='word_1_723' title='bbox 2479 4574 2492 4589; x_wconf 87' lang='grc'><strong>·</strong></span> <span class='ocrx_word' id='word_1_724' title='bbox 2523 4558 2755 4625; x_wconf 78' lang='grc' dir='ltr'><strong>καὶγὰρ</strong></span> <span class='ocrx_word' id='word_1_725' title='bbox 2786 4559 2814 4610; x_wconf 90' lang='lat'><strong>6</strong></span> <span class='ocrx_word' id='word_1_726' title='bbox 2870 4559 2995 4621; x_wconf 82' lang='grc' dir='ltr'><strong>Υίὸς</strong></span> <span class='ocrx_word' id='word_1_727' title='bbox 3035 4556 3128 4610; x_wconf 83' lang='grc' dir='ltr'><strong>τοῦ</strong></span> <span class='ocrx_word' id='word_1_728' title='bbox 3169 4556 3462 4626; x_wconf 73' lang='grc' dir='ltr'><strong>ἀνθρώπου</strong></span> <span class='ocrx_word' id='word_1_729' title='bbox 3503 4559 3607 4612; x_wconf 82' lang='grc' dir='ltr'><strong>οὐκ</strong></span> <span class='ocrx_word' id='word_1_730' title='bbox 3667 4553 3799 4629; x_wconf 74' lang='grc' dir='ltr'><strong>ἦλθε</strong></span> 
     </span>
    </p>
   </div>
   <div class='ocr_carea' id='block_1_94' title="bbox 564 4637 2113 4708">
    <p class='ocr_par' dir='ltr' id='par_1_94' title="bbox 564 4637 2113 4708">
     <span class='ocr_line' id='line_1_94' title="bbox 564 4637 2113 4708; baseline -0.006 -11"><span class='ocrx_word' id='word_1_731' title='bbox 564 4647 910 4705; x_wconf 68' lang='lat' dir='ltr'><strong>nistraretur,</strong></span> <span class='ocrx_word' id='word_1_732' title='bbox 963 4642 1056 4694; x_wconf 82' lang='lat' dir='ltr'><strong>sed</strong></span> <span class='ocrx_word' id='word_1_733' title='bbox 1101 4651 1157 4693; x_wconf 91' lang='lat' dir='ltr'><strong>ut</strong></span> <span class='ocrx_word' id='word_1_734' title='bbox 1209 4640 1322 4708; x_wconf 90' lang='lat' dir='ltr'><strong>ipse</strong></span> <span class='ocrx_word' id='word_1_735' title='bbox 1366 4640 1796 4698; x_wconf 78' lang='lat' dir='ltr'><strong>ministraret,et</strong></span> <span class='ocrx_word' id='word_1_736' title='bbox 1828 4637 2113 4690; x_wconf 82' lang='lat' dir='ltr'><strong>daretani-</strong></span> 
     </span>
    </p>
   </div>
   <div class='ocr_carea' id='block_1_95' title="bbox 556 4729 2120 4801">
    <p class='ocr_par' dir='ltr' id='par_1_95' title="bbox 556 4729 2120 4801">
     <span class='ocr_line' id='line_1_95' title="bbox 556 4729 2120 4801; baseline -0.006 -12"><span class='ocrx_word' id='word_1_737' title='bbox 556 4754 693 4789; x_wconf 86' lang='lat' dir='ltr'><strong>mam</strong></span> <span class='ocrx_word' id='word_1_738' title='bbox 728 4751 880 4790; x_wconf 89' lang='lat' dir='ltr'><strong>suam</strong></span> <span class='ocrx_word' id='word_1_739' title='bbox 930 4732 1355 4801; x_wconf 83' lang='lat' dir='ltr'><strong>redemptionem</strong></span> <span class='ocrx_word' id='word_1_740' title='bbox 1391 4745 1486 4795; x_wconf 88' lang='lat' dir='ltr'><strong>prn</strong></span> <span class='ocrx_word' id='word_1_741' title='bbox 1519 4730 1718 4792; x_wconf 88' lang='lat' dir='ltr'><strong>multis,</strong></span> <span class='ocrx_word' id='word_1_742' title='bbox 1764 4730 1905 4796; x_wconf 90' lang='lat' dir='ltr'><strong>quod</strong></span> <span class='ocrx_word' id='word_1_743' title='bbox 1951 4729 2120 4796; x_wconf 80' lang='lat' dir='ltr'><strong>majus</strong></span> 
     </span>
    </p>
   </div>
   <div class='ocr_carea' id='block_1_96' title="bbox 550 4822 2114 4897">
    <p class='ocr_par' dir='ltr' id='par_1_96' title="bbox 550 4822 2114 4897">
     <span class='ocr_line' id='line_1_96' title="bbox 550 4822 2114 4897; baseline -0.008 -13"><span class='ocrx_word' id='word_1_744' title='bbox 550 4841 811 4897; x_wconf 75' lang='lat' dir='ltr'><strong>eetquatn</strong></span> <span class='ocrx_word' id='word_1_745' title='bbox 837 4827 1166 4880; x_wconf 85' lang='lat' dir='ltr'><strong>ministrare.</strong></span> <span class='ocrx_word' id='word_1_746' title='bbox 1211 4823 1438 4889; x_wconf 85' lang='lat' dir='ltr'><strong>Quando</strong></span> <span class='ocrx_word' id='word_1_747' title='bbox 1467 4823 1612 4874; x_wconf 89' lang='lat' dir='ltr'><strong>enim</strong></span> <span class='ocrx_word' id='word_1_748' title='bbox 1653 4822 1772 4888; x_wconf 84' lang='lat' dir='ltr'><strong>quis</strong></span> <span class='ocrx_word' id='word_1_749' title='bbox 1805 4836 1908 4874; x_wconf 91' lang='lat' dir='ltr'><strong>non</strong></span> <span class='ocrx_word' id='word_1_750' title='bbox 1942 4823 2114 4872; x_wconf 85' lang='lat' dir='ltr'><strong>solum</strong></span> 
     </span>
    </p>
   </div>
   <div class='ocr_carea' id='block_1_97' title="bbox 557 4912 2121 4982">
    <p class='ocr_par' dir='ltr' id='par_1_97' title="bbox 557 4912 2121 4982">
     <span class='ocr_line' id='line_1_97' title="bbox 557 4912 2121 4982; baseline -0.006 -8"><span class='ocrx_word' id='word_1_751' title='bbox 557 4921 965 4982; x_wconf 88' lang='lat' dir='ltr'><strong>ministraverit,</strong></span> <span class='ocrx_word' id='word_1_752' title='bbox 997 4917 1089 4971; x_wconf 79' lang='lat' dir='ltr'><strong>sed</strong></span> <span class='ocrx_word' id='word_1_753' title='bbox 1125 4926 1178 4970; x_wconf 89' lang='lat' dir='ltr'><strong>et</strong></span> <span class='ocrx_word' id='word_1_754' title='bbox 1201 4924 1444 4969; x_wconf 85' lang='lat' dir='ltr'><strong>mortuus</strong></span> <span class='ocrx_word' id='word_1_755' title='bbox 1471 4913 1636 4967; x_wconf 81' lang='lat' dir='ltr'><strong>fuerit</strong></span> <span class='ocrx_word' id='word_1_756' title='bbox 1673 4928 1769 4980; x_wconf 87' lang='lat' dir='ltr'><strong>pro</strong></span> <span class='ocrx_word' id='word_1_757' title='bbox 1813 4926 1878 4966; x_wconf 87' lang='lat' dir='ltr'><strong>eo</strong></span> <span class='ocrx_word' id='word_1_758' title='bbox 1905 4915 1986 4965; x_wconf 91' lang='lat' dir='ltr'><strong>cui</strong></span> <span class='ocrx_word' id='word_1_759' title='bbox 2025 4912 2121 4964; x_wconf 85' lang='lat' dir='ltr'><strong>mi-</strong></span> 
     </span>
    </p>
   </div>
   <div class='ocr_carea' id='block_1_98' title="bbox 560 5002 2120 5076">
    <p class='ocr_par' dir='ltr' id='par_1_98' title="bbox 560 5002 2120 5076">
     <span class='ocr_line' id='line_1_98' title="bbox 560 5002 2120 5076; baseline -0.005 -16"><span class='ocrx_word' id='word_1_760' title='bbox 560 5011 771 5068; x_wconf 87' lang='lat' dir='ltr'><strong>nistrat,</strong></span> <span class='ocrx_word' id='word_1_761' title='bbox 797 5009 922 5076; x_wconf 92' lang='lat' dir='ltr'><strong>quid</strong></span> <span class='ocrx_word' id='word_1_762' title='bbox 965 5007 1054 5059; x_wconf 90' lang='lat' dir='ltr'><strong>illo</strong></span> <span class='ocrx_word' id='word_1_763' title='bbox 1093 5005 1269 5074; x_wconf 84' lang='lat' dir='ltr'><strong>majus</strong></span> <span class='ocrx_word' id='word_1_764' title='bbox 1316 5015 1373 5059; x_wconf 87' lang='lat' dir='ltr'><strong>et</strong></span> <span class='ocrx_word' id='word_1_765' title='bbox 1414 5002 1829 5056; x_wconf 76' lang='lat' dir='ltr'><strong>admirabilius?</strong></span> <span class='ocrx_word' id='word_1_766' title='bbox 1867 5003 2120 5054; x_wconf 79' lang='lat' dir='ltr'><strong>Attamen</strong></span> 
     </span>
    </p>
   </div>
   <div class='ocr_carea' id='block_1_99' title="bbox 562 5095 2125 5161">
    <p class='ocr_par' dir='ltr' id='par_1_99' title="bbox 562 5095 2125 5161">
     <span class='ocr_line' id='line_1_99' title="bbox 562 5095 2125 5161; baseline -0.005 -5"><span class='ocrx_word' id='word_1_767' title='bbox 562 5103 917 5156; x_wconf 77' lang='lat' dir='ltr'><strong>ministerium</strong></span> <span class='ocrx_word' id='word_1_768' title='bbox 957 5101 1084 5154; x_wconf 89' lang='lat' dir='ltr'><strong>illud</strong></span> <span class='ocrx_word' id='word_1_769' title='bbox 1116 5110 1170 5154; x_wconf 90' lang='lat' dir='ltr'><strong>et</strong></span> <span class='ocrx_word' id='word_1_770' title='bbox 1197 5099 1610 5161; x_wconf 87' lang='lat' dir='ltr'><strong>condescensio,</strong></span> <span class='ocrx_word' id='word_1_771' title='bbox 1644 5096 1904 5151; x_wconf 77' lang='lat' dir='ltr'><strong>exaltatio</strong></span> <span class='ocrx_word' id='word_1_772' title='bbox 1937 5095 2034 5148; x_wconf 80' lang='lat' dir='ltr'><strong>fuit</strong></span> <span class='ocrx_word' id='word_1_773' title='bbox 2063 5111 2125 5148; x_wconf 88' lang='lat' dir='ltr'><strong>ac</strong></span> 
     </span>
    </p>
   </div>
   <div class='ocr_carea' id='block_1_100' title="bbox 560 5189 2123 5260">
    <p class='ocr_par' dir='ltr' id='par_1_100' title="bbox 560 5189 2123 5260">
     <span class='ocr_line' id='line_1_100' title="bbox 560 5189 2123 5260; baseline -0.004 -13"><span class='ocrx_word' id='word_1_774' title='bbox 560 5196 728 5260; x_wconf 74' lang='lat' dir='ltr'><strong>gloria</strong></span> <span class='ocrx_word' id='word_1_775' title='bbox 765 5206 872 5246; x_wconf 88' lang='lat' dir='ltr'><strong>tam</strong></span> <span class='ocrx_word' id='word_1_776' title='bbox 904 5208 999 5246; x_wconf 89' lang='lat' dir='ltr'><strong>sua</strong></span> <span class='ocrx_word' id='word_1_777' title='bbox 1051 5207 1211 5260; x_wconf 89' lang='lat' dir='ltr'><strong>quam</strong></span> <span class='ocrx_word' id='word_1_778' title='bbox 1258 5192 1519 5244; x_wconf 88' lang='lat' dir='ltr'><strong>omnium.</strong></span> <span class='ocrx_word' id='word_1_779' title='bbox 1555 5189 1761 5242; x_wconf 86' lang='lat' dir='ltr'><strong>Etenim</strong></span> <span class='ocrx_word' id='word_1_780' title='bbox 1811 5190 2123 5257; x_wconf 78' lang='lat' dir='ltr'><strong>priusquam</strong></span> 
     </span>
    </p>
   </div>
   <div class='ocr_carea' id='block_1_101' title="bbox 563 5281 2123 5350">
    <p class='ocr_par' dir='ltr' id='par_1_101' title="bbox 563 5281 2123 5350">
     <span class='ocr_line' id='line_1_101' title="bbox 563 5281 2123 5350; baseline -0.003 -12"><span class='ocrx_word' id='word_1_781' title='bbox 563 5290 734 5340; x_wconf 63' lang='lat' dir='ltr'><strong>fictus</strong></span> <span class='ocrx_word' id='word_1_782' title='bbox 759 5295 841 5339; x_wconf 91' lang='lat' dir='ltr'><strong>est</strong></span> <span class='ocrx_word' id='word_1_783' title='bbox 871 5285 1056 5347; x_wconf 87' lang='lat' dir='ltr'><strong>homo,</strong></span> <span class='ocrx_word' id='word_1_784' title='bbox 1102 5291 1310 5334; x_wconf 77' lang='lat' dir='ltr'><strong>tantum</strong></span> <span class='ocrx_word' id='word_1_785' title='bbox 1349 5283 1415 5334; x_wconf 87' lang='lat' dir='ltr'><strong>ab</strong></span> <span class='ocrx_word' id='word_1_786' title='bbox 1448 5281 1652 5350; x_wconf 72' lang='lat' dir='ltr'><strong>angelis</strong></span> <span class='ocrx_word' id='word_1_787' title='bbox 1688 5283 2082 5350; x_wconf 74' lang='lat' dir='ltr'><strong>agnoscebatur</strong></span> <span class='ocrx_word' id='word_1_788' title='bbox 2110 5297 2123 5333; x_wconf 89' lang='lat'><strong>:</strong></span> 
     </span>
    </p>
   </div>
   <div class='ocr_carea' id='block_1_102' title="bbox 561 5373 2125 5449">
    <p class='ocr_par' dir='ltr' id='par_1_102' title="bbox 561 5373 2125 5449">
     <span class='ocr_line' id='line_1_102' title="bbox 561 5373 2125 5449; baseline -0.006 -17"><span class='ocrx_word' id='word_1_789' title='bbox 561 5393 842 5449; x_wconf 80' lang='lat' dir='ltr'><strong>postquam</strong></span> <span class='ocrx_word' id='word_1_790' title='bbox 879 5389 1052 5430; x_wconf 81' lang='lat' dir='ltr'><strong>autem</strong></span> <span class='ocrx_word' id='word_1_791' title='bbox 1085 5379 1263 5430; x_wconf 77' lang='lat' dir='ltr'><strong>factus</strong></span> <span class='ocrx_word' id='word_1_792' title='bbox 1281 5385 1365 5428; x_wconf 89' lang='lat' dir='ltr'><strong>est</strong></span> <span class='ocrx_word' id='word_1_793' title='bbox 1397 5375 1558 5427; x_wconf 89' lang='lat' dir='ltr'><strong>homo</strong></span> <span class='ocrx_word' id='word_1_794' title='bbox 1583 5373 1978 5434; x_wconf 78' lang='lat' dir='ltr'><strong>etcrncitixus,</strong></span> <span class='ocrx_word' id='word_1_795' title='bbox 2021 5386 2125 5424; x_wconf 90' lang='lat' dir='ltr'><strong>non</strong></span> 
     </span>
    </p>
   </div>
   <div class='ocr_carea' id='block_1_103' title="bbox 565 5464 2130 5536">
    <p class='ocr_par' dir='ltr' id='par_1_103' title="bbox 565 5464 2130 5536">
     <span class='ocr_line' id='line_1_103' title="bbox 565 5464 2130 5536; baseline -0.006 -11"><span class='ocrx_word' id='word_1_796' title='bbox 565 5473 736 5525; x_wconf 87' lang='lat' dir='ltr'><strong>solum</strong></span> <span class='ocrx_word' id='word_1_797' title='bbox 769 5470 1167 5536; x_wconf 79' lang='lat' dir='ltr'><strong>illamgloriam</strong></span> <span class='ocrx_word' id='word_1_798' title='bbox 1195 5467 1383 5528; x_wconf 83' lang='lat' dir='ltr'><strong>habet,</strong></span> <span class='ocrx_word' id='word_1_799' title='bbox 1417 5466 1508 5520; x_wconf 89' lang='lat' dir='ltr'><strong>sed</strong></span> <span class='ocrx_word' id='word_1_800' title='bbox 1548 5473 1602 5518; x_wconf 88' lang='lat' dir='ltr'><strong>et</strong></span> <span class='ocrx_word' id='word_1_801' title='bbox 1630 5464 1786 5519; x_wconf 85' lang='lat' dir='ltr'><strong>aliam</strong></span> <span class='ocrx_word' id='word_1_802' title='bbox 1810 5465 2049 5533; x_wconf 85' lang='lat' dir='ltr'><strong>accepit,</strong></span> <span class='ocrx_word' id='word_1_803' title='bbox 2077 5474 2130 5517; x_wconf 87' lang='lat' dir='ltr'><strong>et</strong></span> 
     </span>
    </p>
   </div>
   <div class='ocr_carea' id='block_1_104' title="bbox 563 5560 1168 5628">
    <p class='ocr_par' dir='ltr' id='par_1_104' title="bbox 563 5560 1168 5628">
     <span class='ocr_line' id='line_1_104' title="bbox 563 5560 1168 5628; baseline -0.007 -10"><span class='ocrx_word' id='word_1_804' title='bbox 563 5566 616 5618; x_wconf 87' lang='lat' dir='ltr'><strong>in</strong></span> <span class='ocrx_word' id='word_1_805' title='bbox 659 5575 768 5614; x_wconf 89' lang='lat' dir='ltr'><strong>toto</strong></span> <span class='ocrx_word' id='word_1_806' title='bbox 804 5567 988 5628; x_wconf 74' lang='lat' dir='ltr'><strong>regnat</strong></span> <span class='ocrx_word' id='word_1_807' title='bbox 1021 5560 1168 5614; x_wconf 84' lang='lat' dir='ltr'><strong>orbe.</strong></span> 
     </span>
    </p>
   </div>
   <div class='ocr_carea' id='block_1_105' title="bbox 640 5647 2131 5715">
    <p class='ocr_par' dir='ltr' id='par_1_105' title="bbox 640 5647 2131 5715">
     <span class='ocr_line' id='line_1_105' title="bbox 640 5647 2131 5715; baseline -0.005 -8"><span class='ocrx_word' id='word_1_808' title='bbox 640 5656 800 5707; x_wconf 76' lang='lat' dir='ltr'><strong>Van.</strong></span> <span class='ocrx_word' id='word_1_809' title='bbox 847 5651 1033 5706; x_wconf 68' lang='lat'><strong>66-52.</strong></span> <span class='ocrx_word' id='word_1_810' title='bbox 1095 5669 1113 5702; x_wconf 81' lang='grc' dir='ltr'><strong>ι</strong></span> <span class='ocrx_word' id='word_1_811' title='bbox 1173 5650 1239 5704; x_wconf 85' lang='grc' dir='ltr'><strong>Ει</strong></span> <span class='ocrx_word' id='word_1_812' title='bbox 1294 5651 1512 5704; x_wconf 84' lang='lat' dir='ltr'><strong>veniunt</strong></span> <span class='ocrx_word' id='word_1_813' title='bbox 1546 5647 1799 5702; x_wconf 88' lang='lat' dir='ltr'><strong>lliericbo</strong></span> <span class='ocrx_word' id='word_1_814' title='bbox 1842 5664 1856 5701; x_wconf 87' lang='lat'><strong>:</strong></span> <span class='ocrx_word' id='word_1_815' title='bbox 1900 5661 2131 5715; x_wconf 80' lang='lat' dir='ltr'><strong>cumque</strong></span> 
     </span>
    </p>
   </div>
   <div class='ocr_carea' id='block_1_106' title="bbox 573 5737 2133 5812">
    <p class='ocr_par' dir='ltr' id='par_1_106' title="bbox 573 5737 2133 5812">
     <span class='ocr_line' id='line_1_106' title="bbox 573 5737 2133 5812; baseline -0.003 -14"><span class='ocrx_word' id='word_1_816' title='bbox 573 5749 920 5812; x_wconf 68' lang='lat' dir='ltr'><strong>egrederetur</strong></span> <span class='ocrx_word' id='word_1_817' title='bbox 947 5743 1014 5798; x_wconf 88' lang='lat' dir='ltr'><strong>ab</strong></span> <span class='ocrx_word' id='word_1_818' title='bbox 1039 5745 1172 5796; x_wconf 89' lang='lat' dir='ltr'><strong>urbe</strong></span> <span class='ocrx_word' id='word_1_819' title='bbox 1206 5742 1480 5804; x_wconf 84' lang='lat' dir='ltr'><strong>llicricbo,</strong></span> <span class='ocrx_word' id='word_1_820' title='bbox 1511 5757 1572 5792; x_wconf 86' lang='lat' dir='ltr'><strong>ac</strong></span> <span class='ocrx_word' id='word_1_821' title='bbox 1601 5737 1855 5809; x_wconf 88' lang='lat' dir='ltr'><strong>discipuli</strong></span> <span class='ocrx_word' id='word_1_822' title='bbox 1889 5739 2052 5801; x_wconf 88' lang='lat' dir='ltr'><strong>illius.</strong></span> <span class='ocrx_word' id='word_1_823' title='bbox 2078 5751 2133 5794; x_wconf 90' lang='lat' dir='ltr'><strong>et</strong></span> 
     </span>
    </p>
   </div>
   <div class='ocr_carea' id='block_1_107' title="bbox 578 5833 2128 5906">
    <p class='ocr_par' dir='ltr' id='par_1_107' title="bbox 578 5833 2128 5906">
     <span class='ocr_line' id='line_1_107' title="bbox 578 5833 2128 5906; baseline -0.001 -16"><span class='ocrx_word' id='word_1_824' title='bbox 578 5838 731 5891; x_wconf 82' lang='lat' dir='ltr'><strong>turba</strong></span> <span class='ocrx_word' id='word_1_825' title='bbox 766 5836 1005 5906; x_wconf 86' lang='lat' dir='ltr'><strong>copiosa,</strong></span> <span class='ocrx_word' id='word_1_826' title='bbox 1038 5835 1179 5891; x_wconf 77' lang='lat' dir='ltr'><strong>filius</strong></span> <span class='ocrx_word' id='word_1_827' title='bbox 1203 5833 1391 5889; x_wconf 68' lang='lat' dir='ltr'><strong>Timaei</strong></span> <span class='ocrx_word' id='word_1_828' title='bbox 1419 5833 1736 5889; x_wconf 74' lang='lat' dir='ltr'><strong>Bartimazus</strong></span> <span class='ocrx_word' id='word_1_829' title='bbox 1765 5848 1942 5891; x_wconf 66' lang='lat' dir='ltr'><strong>cacus</strong></span> <span class='ocrx_word' id='word_1_830' title='bbox 1971 5835 2128 5890; x_wconf 30' lang='lat' dir='ltr'><strong>sedes</strong></span> 
     </span>
    </p>
   </div>
   <div class='ocr_carea' id='block_1_108' title="bbox 2225 4650 3805 4721">
    <p class='ocr_par' dir='ltr' id='par_1_108' title="bbox 2225 4650 3805 4721">
     <span class='ocr_line' id='line_1_108' title="bbox 2225 4650 3805 4721; baseline -0.001 -18"><span class='ocrx_word' id='word_1_831' title='bbox 2225 4651 2630 4720; x_wconf 77' lang='grc' dir='ltr'><strong>διακονηθῆναι,</strong></span> <span class='ocrx_word' id='word_1_832' title='bbox 2659 4651 2792 4701; x_wconf 72' lang='grc' dir='ltr'><strong>ἀλλὰ</strong></span> <span class='ocrx_word' id='word_1_833' title='bbox 2821 4650 3162 4718; x_wconf 81' lang='grc' dir='ltr'><strong>διακονῆσαι,</strong></span> <span class='ocrx_word' id='word_1_834' title='bbox 3184 4651 3277 4702; x_wconf 78' lang='grc' dir='ltr'><strong>καὶ</strong></span> <span class='ocrx_word' id='word_1_835' title='bbox 3302 4650 3486 4703; x_wconf 77' lang='grc' dir='ltr'><strong>δοῦναι</strong></span> <span class='ocrx_word' id='word_1_836' title='bbox 3509 4651 3608 4720; x_wconf 82' lang='grc' dir='ltr'><strong>τὴν</strong></span> <span class='ocrx_word' id='word_1_837' title='bbox 3631 4650 3805 4721; x_wconf 70' lang='grc' dir='ltr'><strong>ψυχὴν</strong></span> 
     </span>
    </p>
   </div>
   <div class='ocr_carea' id='block_1_109' title="bbox 2229 4740 3804 4810">
    <p class='ocr_par' dir='ltr' id='par_1_109' title="bbox 2229 4740 3804 4810">
     <span class='ocr_line' id='line_1_109' title="bbox 2229 4740 3804 4810; baseline 0.001 -18"><span class='ocrx_word' id='word_1_838' title='bbox 2229 4741 2395 4793; x_wconf 75' lang='grc' dir='ltr'><strong>αὐτοῦ</strong></span> <span class='ocrx_word' id='word_1_839' title='bbox 2444 4740 2639 4810; x_wconf 85' lang='grc' dir='ltr'><strong>λύτρον</strong></span> <span class='ocrx_word' id='word_1_840' title='bbox 2671 4741 2790 4793; x_wconf 76' lang='grc' dir='ltr'><strong>ἀντὶ</strong></span> <span class='ocrx_word' id='word_1_841' title='bbox 2819 4741 3051 4804; x_wconf 81' lang='grc' dir='ltr'><strong>πολλῶν,</strong></span> <span class='ocrx_word' id='word_1_842' title='bbox 3083 4741 3111 4793; x_wconf 81' lang='grc' dir='ltr'><strong>δ</strong></span> <span class='ocrx_word' id='word_1_843' title='bbox 3145 4741 3331 4810; x_wconf 76' lang='grc' dir='ltr'><strong>μεῖζόν</strong></span> <span class='ocrx_word' id='word_1_844' title='bbox 3362 4745 3480 4796; x_wconf 77' lang='grc' dir='ltr'><strong>ἐστι</strong></span> <span class='ocrx_word' id='word_1_845' title='bbox 3509 4742 3606 4795; x_wconf 84' lang='grc' dir='ltr'><strong>τοῦ</strong></span> <span class='ocrx_word' id='word_1_846' title='bbox 3635 4743 3804 4797; x_wconf 88' lang='grc' dir='ltr'><strong>διακο-</strong></span> 
     </span>
    </p>
   </div>
   <div class='ocr_carea' id='block_1_110' title="bbox 2230 4833 3804 4904">
    <p class='ocr_par' dir='ltr' id='par_1_110' title="bbox 2230 4833 3804 4904">
     <span class='ocr_line' id='line_1_110' title="bbox 2230 4833 3804 4904; baseline 0.001 -19"><span class='ocrx_word' id='word_1_847' title='bbox 2230 4833 2421 4902; x_wconf 79' lang='grc' dir='ltr'><strong>νῆσαι·</strong></span> <span class='ocrx_word' id='word_1_848' title='bbox 2453 4834 2582 4884; x_wconf 85' lang='grc' dir='ltr'><strong>ὅταν</strong></span> <span class='ocrx_word' id='word_1_849' title='bbox 2619 4833 2725 4902; x_wconf 84' lang='grc' dir='ltr'><strong>γὰρ</strong></span> <span class='ocrx_word' id='word_1_850' title='bbox 2753 4850 2838 4895; x_wconf 89' lang='grc' dir='ltr'><strong>τις</strong></span> <span class='ocrx_word' id='word_1_851' title='bbox 2873 4834 2934 4886; x_wconf 84' lang='grc' dir='ltr'><strong>οὐ</strong></span> <span class='ocrx_word' id='word_1_852' title='bbox 2985 4834 3150 4903; x_wconf 77' lang='grc' dir='ltr'><strong>μόνον</strong></span> <span class='ocrx_word' id='word_1_853' title='bbox 3191 4833 3516 4904; x_wconf 63' lang='grc' dir='ltr'><strong>διακονησῃ,</strong></span> <span class='ocrx_word' id='word_1_854' title='bbox 3555 4834 3693 4888; x_wconf 77' lang='grc' dir='ltr'><strong>ἀλλά</strong></span> <span class='ocrx_word' id='word_1_855' title='bbox 3725 4838 3804 4886; x_wconf 66' lang='grc' dir='ltr'><strong>καὶ</strong></span> 
     </span>
    </p>
   </div>
   <div class='ocr_carea' id='block_1_111' title="bbox 2231 4925 3808 4997">
    <p class='ocr_par' dir='ltr' id='par_1_111' title="bbox 2231 4925 3808 4997">
     <span class='ocr_line' id='line_1_111' title="bbox 2231 4925 3808 4997; baseline 0.001 -19"><span class='ocrx_word' id='word_1_856' title='bbox 2231 4927 2476 4997; x_wconf 80' lang='grc' dir='ltr'><strong>ἀποθάνῃ</strong></span> <span class='ocrx_word' id='word_1_857' title='bbox 2504 4926 2645 4996; x_wconf 85' lang='grc' dir='ltr'><strong>ὑπὲρ</strong></span> <span class='ocrx_word' id='word_1_858' title='bbox 2674 4926 2764 4978; x_wconf 85' lang='grc' dir='ltr'><strong>τοῦ</strong></span> <span class='ocrx_word' id='word_1_859' title='bbox 2791 4926 3229 4995; x_wconf 79' lang='grc' dir='ltr'><strong>διακονουμένου,</strong></span> <span class='ocrx_word' id='word_1_860' title='bbox 3259 4925 3311 4978; x_wconf 85' lang='grc' dir='ltr'><strong>τί</strong></span> <span class='ocrx_word' id='word_1_861' title='bbox 3336 4927 3534 4980; x_wconf 86' lang='grc' dir='ltr'><strong>τούτου</strong></span> <span class='ocrx_word' id='word_1_862' title='bbox 3572 4929 3756 4996; x_wconf 70' lang='grc' dir='ltr'><strong>μεῖξον</strong></span> <span class='ocrx_word' id='word_1_863' title='bbox 3775 4925 3808 4993; x_wconf 63' lang='grc' dir='ltr'><strong><em>ἦ</em></strong></span> 
     </span>
    </p>
   </div>
   <div class='ocr_carea' id='block_1_112' title="bbox 2233 5018 3805 5090">
    <p class='ocr_par' dir='ltr' id='par_1_112' title="bbox 2233 5018 3805 5090">
     <span class='ocr_line' id='line_1_112' title="bbox 2233 5018 3805 5090; baseline 0.001 -19"><span class='ocrx_word' id='word_1_864' title='bbox 2233 5019 2679 5088; x_wconf 84' lang='grc' dir='ltr'><strong>θαυμασιώτερον</strong></span> <span class='ocrx_word' id='word_1_865' title='bbox 2710 5037 2724 5083; x_wconf 88' lang='lat'>;</span> <span class='ocrx_word' id='word_1_866' title='bbox 2766 5019 2906 5072; x_wconf 80' lang='grc' dir='ltr'><strong>Ἀλλ’</strong></span> <span class='ocrx_word' id='word_1_867' title='bbox 2930 5020 3078 5087; x_wconf 84' lang='grc' dir='ltr'><strong>ὅμως</strong></span> <span class='ocrx_word' id='word_1_868' title='bbox 3141 5021 3173 5088; x_wconf 77' lang='grc' dir='ltr'><strong>ἡ</strong></span> <span class='ocrx_word' id='word_1_869' title='bbox 3203 5018 3520 5087; x_wconf 79' lang='grc' dir='ltr'><strong>διακόνησις</strong></span> <span class='ocrx_word' id='word_1_870' title='bbox 3553 5019 3697 5090; x_wconf 81' lang='grc' dir='ltr'><strong>αῦτη</strong></span> <span class='ocrx_word' id='word_1_871' title='bbox 3723 5019 3805 5072; x_wconf 78' lang='grc' dir='ltr'><strong>καὶ</strong></span> 
     </span>
    </p>
   </div>
   <div class='ocr_carea' id='block_1_113' title="bbox 2235 5108 3808 5178">
    <p class='ocr_par' dir='ltr' id='par_1_113' title="bbox 2235 5108 3808 5178">
     <span class='ocr_line' id='line_1_113' title="bbox 2235 5108 3808 5178; baseline 0.001 -17"><span class='ocrx_word' id='word_1_872' title='bbox 2235 5113 2266 5178; x_wconf 80' lang='grc' dir='ltr'><strong>η</strong></span> <span class='ocrx_word' id='word_1_873' title='bbox 2299 5111 2703 5176; x_wconf 77' lang='grc' dir='ltr'><strong>συγκατάϐασις</strong></span> <span class='ocrx_word' id='word_1_874' title='bbox 2751 5109 2958 5178; x_wconf 75' lang='grc' dir='ltr'><strong>ὕψωσις</strong></span> <span class='ocrx_word' id='word_1_875' title='bbox 2994 5111 3090 5164; x_wconf 74' lang='grc' dir='ltr'><strong>καὶ</strong></span> <span class='ocrx_word' id='word_1_876' title='bbox 3141 5108 3267 5174; x_wconf 78' lang='grc' dir='ltr'><strong>δόξα</strong></span> <span class='ocrx_word' id='word_1_877' title='bbox 3299 5111 3492 5177; x_wconf 71' lang='grc' dir='ltr'><strong>γέγονε</strong></span> <span class='ocrx_word' id='word_1_878' title='bbox 3525 5113 3620 5165; x_wconf 79' lang='grc' dir='ltr'><strong>καὶ</strong></span> <span class='ocrx_word' id='word_1_879' title='bbox 3651 5108 3808 5164; x_wconf 84' lang='grc' dir='ltr'><strong>αὑτοῦ</strong></span> 
     </span>
    </p>
   </div>
   <div class='ocr_carea' id='block_1_114' title="bbox 2234 5199 3808 5272">
    <p class='ocr_par' dir='ltr' id='par_1_114' title="bbox 2234 5199 3808 5272">
     <span class='ocr_line' id='line_1_114' title="bbox 2234 5199 3808 5272; baseline 0.003 -22"><span class='ocrx_word' id='word_1_880' title='bbox 2234 5202 2324 5250; x_wconf 74' lang='grc' dir='ltr'><strong>καὶ</strong></span> <span class='ocrx_word' id='word_1_881' title='bbox 2353 5201 2590 5252; x_wconf 83' lang='grc' dir='ltr'><strong>πάντων.</strong></span> <span class='ocrx_word' id='word_1_882' title='bbox 2617 5200 2752 5268; x_wconf 79' lang='grc' dir='ltr'><strong>[Ιρὶν</strong></span> <span class='ocrx_word' id='word_1_883' title='bbox 2789 5201 2887 5268; x_wconf 81' lang='grc' dir='ltr'><strong>μὲν</strong></span> <span class='ocrx_word' id='word_1_884' title='bbox 2923 5201 3030 5270; x_wconf 84' lang='grc' dir='ltr'><strong>γὰρ</strong></span> <span class='ocrx_word' id='word_1_885' title='bbox 3057 5199 3316 5268; x_wconf 75' lang='grc' dir='ltr'><strong>γενέσθαι</strong></span> <span class='ocrx_word' id='word_1_886' title='bbox 3341 5200 3652 5272; x_wconf 73' lang='grc' dir='ltr'><strong>ἄνθρωπος,</strong></span> <span class='ocrx_word' id='word_1_887' title='bbox 3689 5201 3808 5270; x_wconf 81' lang='grc' dir='ltr'><strong>παρ’</strong></span> 
     </span>
    </p>
   </div>
   <div class='ocr_carea' id='block_1_115' title="bbox 2235 5290 3807 5363">
    <p class='ocr_par' dir='ltr' id='par_1_115' title="bbox 2235 5290 3807 5363">
     <span class='ocr_line' id='line_1_115' title="bbox 2235 5290 3807 5363; baseline 0.003 -21"><span class='ocrx_word' id='word_1_888' title='bbox 2235 5291 2485 5357; x_wconf 74' lang='grc' dir='ltr'><strong>ἀγγέλοις</strong></span> <span class='ocrx_word' id='word_1_889' title='bbox 2531 5290 2855 5362; x_wconf 75' lang='grc' dir='ltr'><strong>ἐγνωρίξετο</strong></span> <span class='ocrx_word' id='word_1_890' title='bbox 2919 5293 3127 5360; x_wconf 84' lang='grc' dir='ltr'><strong>μόνοις.</strong></span> <span class='ocrx_word' id='word_1_891' title='bbox 3160 5291 3381 5363; x_wconf 81' lang='grc' dir='ltr'><strong>Ἐπειδὴ</strong></span> <span class='ocrx_word' id='word_1_892' title='bbox 3433 5291 3491 5346; x_wconf 75' lang='grc' dir='ltr'><strong>δι</strong></span> <span class='ocrx_word' id='word_1_893' title='bbox 3527 5292 3807 5363; x_wconf 74' lang='grc' dir='ltr'><strong>ἄνθρωπος</strong></span> 
     </span>
    </p>
   </div>
   <div class='ocr_carea' id='block_1_116' title="bbox 2237 5363 3814 5456">
    <p class='ocr_par' dir='ltr' id='par_1_116' title="bbox 2237 5363 3814 5456">
     <span class='ocr_line' id='line_1_116' title="bbox 2237 5363 3814 5456; baseline 0.001 -22"><span class='ocrx_word' id='word_1_894' title='bbox 2237 5383 2450 5448; x_wconf 80' lang='grc' dir='ltr'><strong>ἐγένετο</strong></span> <span class='ocrx_word' id='word_1_895' title='bbox 2477 5381 2570 5434; x_wconf 74' lang='grc' dir='ltr'><strong>καὶ</strong></span> <span class='ocrx_word' id='word_1_896' title='bbox 2601 5381 2954 5452; x_wconf 80' lang='grc' dir='ltr'><strong>ἐσταυρώθη,</strong></span> <span class='ocrx_word' id='word_1_897' title='bbox 2983 5383 3046 5435; x_wconf 83' lang='grc' dir='ltr'><strong>οὐ</strong></span> <span class='ocrx_word' id='word_1_898' title='bbox 3074 5383 3243 5452; x_wconf 81' lang='grc' dir='ltr'><strong>μόνην</strong></span> <span class='ocrx_word' id='word_1_899' title='bbox 3277 5383 3494 5453; x_wconf 77' lang='grc' dir='ltr'><strong>ἐκείνην</strong></span> <span class='ocrx_word' id='word_1_900' title='bbox 3525 5385 3625 5456; x_wconf 73' lang='grc' dir='ltr'><strong>τὴν</strong></span> <span class='ocrx_word' id='word_1_901' title='bbox 3658 5363 3814 5451; x_wconf 75' lang='grc' dir='ltr'><strong>δόξαν</strong></span> 
     </span>
    </p>
   </div>
   <div class='ocr_carea' id='block_1_117' title="bbox 2237 5470 3809 5546">
    <p class='ocr_par' dir='ltr' id='par_1_117' title="bbox 2237 5470 3809 5546">
     <span class='ocr_line' id='line_1_117' title="bbox 2237 5470 3809 5546; baseline 0.003 -19"><span class='ocrx_word' id='word_1_902' title='bbox 2237 5476 2369 5543; x_wconf 76' lang='grc' dir='ltr'><strong>ἐχει,</strong></span> <span class='ocrx_word' id='word_1_903' title='bbox 2420 5474 2554 5527; x_wconf 79' lang='grc' dir='ltr'><strong>ἀλλὰ</strong></span> <span class='ocrx_word' id='word_1_904' title='bbox 2593 5475 2685 5527; x_wconf 71' lang='grc' dir='ltr'><strong>καὶ</strong></span> <span class='ocrx_word' id='word_1_905' title='bbox 2712 5475 2907 5543; x_wconf 74' lang='grc' dir='ltr'><strong>ἑτέραν</strong></span> <span class='ocrx_word' id='word_1_906' title='bbox 2961 5475 3264 5546; x_wconf 74' lang='grc' dir='ltr'><strong>προσέλαϐε</strong></span> <span class='ocrx_word' id='word_1_907' title='bbox 3293 5516 3309 5543; x_wconf 84' lang='grc'><strong>,</strong></span> <span class='ocrx_word' id='word_1_908' title='bbox 3353 5475 3451 5528; x_wconf 76' lang='grc' dir='ltr'><strong>καὶ</strong></span> <span class='ocrx_word' id='word_1_909' title='bbox 3500 5470 3686 5546; x_wconf 59' lang='lat' dir='ltr'><strong>nisti:</strong></span> <span class='ocrx_word' id='word_1_910' title='bbox 3716 5475 3809 5546; x_wconf 75' lang='grc' dir='ltr'><strong>τῆς</strong></span> 
     </span>
    </p>
   </div>
   <div class='ocr_carea' id='block_1_118' title="bbox 2239 5566 2895 5636">
    <p class='ocr_par' dir='ltr' id='par_1_118' title="bbox 2239 5566 2895 5636">
     <span class='ocr_line' id='line_1_118' title="bbox 2239 5566 2895 5636; baseline 0 -17"><span class='ocrx_word' id='word_1_911' title='bbox 2239 5567 2562 5636; x_wconf 77' lang='grc' dir='ltr'><strong>οἰκουμένης</strong></span> <span class='ocrx_word' id='word_1_912' title='bbox 2595 5566 2895 5636; x_wconf 85' lang='grc' dir='ltr'><strong>βασιλεύει.</strong></span> 
     </span>
    </p>
   </div>
   <div class='ocr_carea' id='block_1_119' title="bbox 2318 5655 3810 5730">
    <p class='ocr_par' dir='ltr' id='par_1_119' title="bbox 2318 5655 3810 5730">
     <span class='ocr_line' id='line_1_119' title="bbox 2318 5655 3810 5730; baseline 0 -20"><span class='ocrx_word' id='word_1_913' title='bbox 2318 5677 2336 5710; x_wconf 79' lang='grc' dir='ltr'><strong>ι</strong></span> <span class='ocrx_word' id='word_1_914' title='bbox 2377 5660 2483 5714; x_wconf 80' lang='grc' dir='ltr'><strong>Καὶ</strong></span> <span class='ocrx_word' id='word_1_915' title='bbox 2501 5660 2753 5729; x_wconf 76' lang='grc' dir='ltr'><strong>ἐρχονται</strong></span> <span class='ocrx_word' id='word_1_916' title='bbox 2811 5659 2891 5722; x_wconf 78' lang='grc' dir='ltr'><strong>εἰς</strong></span> <span class='ocrx_word' id='word_1_917' title='bbox 2935 5655 3180 5728; x_wconf 79' lang='grc' dir='ltr'><strong>Ὶεριχὼ,</strong></span> <span class='ocrx_word' id='word_1_918' title='bbox 3226 5658 3321 5711; x_wconf 70' lang='grc' dir='ltr'><strong>καὶ</strong></span> <span class='ocrx_word' id='word_1_919' title='bbox 3375 5658 3810 5730; x_wconf 67' lang='grc' dir='ltr'><strong>ἐκπορευομένου</strong></span> 
     </span>
    </p>
   </div>
   <div class='ocr_carea' id='block_1_120' title="bbox 2242 5744 3811 5818">
    <p class='ocr_par' dir='ltr' id='par_1_120' title="bbox 2242 5744 3811 5818">
     <span class='ocr_line' id='line_1_120' title="bbox 2242 5744 3811 5818; baseline 0.001 -22"><span class='ocrx_word' id='word_1_920' title='bbox 2242 5744 2407 5798; x_wconf 75' lang='grc' dir='ltr'><strong>αὐτοῦ</strong></span> <span class='ocrx_word' id='word_1_921' title='bbox 2466 5746 2577 5800; x_wconf 75' lang='grc' dir='ltr'><strong>ἀπὸ</strong></span> <span class='ocrx_word' id='word_1_922' title='bbox 2620 5746 2867 5818; x_wconf 81' lang='grc' dir='ltr'><strong>Ἰεριχῶ,</strong></span> <span class='ocrx_word' id='word_1_923' title='bbox 2920 5748 3016 5801; x_wconf 78' lang='grc' dir='ltr'><strong>καὶ</strong></span> <span class='ocrx_word' id='word_1_924' title='bbox 3069 5747 3182 5799; x_wconf 84' lang='grc' dir='ltr'><strong>τῶν</strong></span> <span class='ocrx_word' id='word_1_925' title='bbox 3223 5745 3486 5818; x_wconf 77' lang='grc' dir='ltr'><strong>μαθητῶν</strong></span> <span class='ocrx_word' id='word_1_926' title='bbox 3526 5748 3695 5802; x_wconf 66' lang='grc' dir='ltr'><strong>αὑτοῦ</strong></span> <span class='ocrx_word' id='word_1_927' title='bbox 3723 5746 3811 5802; x_wconf 71' lang='lat' dir='ltr'><strong>ul</strong></span> 
     </span>
    </p>
   </div>
   <div class='ocr_carea' id='block_1_121' title="bbox 2240 5836 3813 5911">
    <p class='ocr_par' dir='ltr' id='par_1_121' title="bbox 2240 5836 3813 5911">
     <span class='ocr_line' id='line_1_121' title="bbox 2240 5836 3813 5911; baseline 0.01 -24"><span class='ocrx_word' id='word_1_928' title='bbox 2240 5837 2397 5906; x_wconf 71' lang='grc' dir='ltr'><strong>οχλου</strong></span> <span class='ocrx_word' id='word_1_929' title='bbox 2444 5836 2629 5894; x_wconf 84' lang='grc' dir='ltr'><strong>ίκανοῦ</strong></span> <span class='ocrx_word' id='word_1_930' title='bbox 2657 5879 2672 5907; x_wconf 82' lang='grc'><strong>,</strong></span> <span class='ocrx_word' id='word_1_931' title='bbox 2721 5838 2837 5904; x_wconf 68' lang='grc' dir='ltr'><strong>υίὸς</strong></span> <span class='ocrx_word' id='word_1_932' title='bbox 2887 5839 3121 5910; x_wconf 80' lang='grc' dir='ltr'><strong>Τιμαίου</strong></span> <span class='ocrx_word' id='word_1_933' title='bbox 3166 5839 3505 5911; x_wconf 63' lang='grc' dir='ltr'><strong>Βαρτίμαιος</strong></span> <span class='ocrx_word' id='word_1_934' title='bbox 3542 5842 3573 5896; x_wconf 92' lang='lat'><strong>6</strong></span> <span class='ocrx_word' id='word_1_935' title='bbox 3617 5841 3813 5909; x_wconf 55' lang='grc' dir='ltr'><strong>τυφλὶς</strong></span> 
     </span>
    </p>
   </div>
  </div>
