4022 6534
333 507 443 567 (30)

1041 495 1485 559 ENARRATIO
1521 495 1600 556 IN
1643 493 2144 557 EVANGELIUM
2207 492 2472 554 MARCI.
2513 516 2581 527 --
2619 491 2778 552 CAP.
2823 490 2932 552 XI.

3516 491 3627 557 610

334 615 581 686 ὶκάθητο
619 612 769 680 παρὰ
799 611 902 681 τὴν
931 609 1050 664 ὁδὸν
1075 606 1408 680 προσαιτῶν.
1444 579 1822 670 Καὶοάκούσας
1848 606 1909 660 ὅτ

2034 605 2130 661 bat
2155 605 2310 675 juxta
2347 603 2489 659 viam
2541 602 2882 657 mendicans.
2925 599 3002 653 Et
3044 615 3166 655 cum
3196 599 3439 656 audisset
3481 605 3624 672 quod

345 702 561 774 Ἰησοῦς
601 703 629 754 6
668 699 988 767 Ναζωραῖός
1016 699 1186 757 ἐστιν,
1221 695 1427 767 ἧρξατο
1454 695 1678 763 κράζειν
1709 696 1801 750 καὶ
1839 695 1926 750 λέ-

333 812 479 864 γειν’
515 794 576 848 '0
601 792 717 858 υίὸς
740 790 908 845 Δαὸὶδ
942 789 1138 860 Ἰησοῦ,
1167 788 1389 855 ἐλέησόν
1415 806 1502 859 με.
1519 789 1630 842 Καὶ
1652 788 1930 856 ἐπετίμων

333 886 490 957 αύτῷ
535 884 716 938 πολλοὶ
775 883 863 938 ἵνα
920 882 1192 954 σιωπήσῃ,
1250 882 1307 934 Ὀ
1372 881 1429 934 δὲ
1488 880 1670 952 πολλῷ
1726 881 1930 950 μᾶλλον

333 975 571 1046 ἔκραζεν
595 992 606 1004 ·
631 975 732 1033 Υἱὲ,
755 972 942 1037 Δαόὶδ,
970 964 1192 1043 ἐλέησόν
1212 989 1300 1041 με.
1337 973 1447 1024 Καὶ
1470 973 1602 1034 στὰς
1631 973 1659 1024 6
1697 970 1925 1041 Ἰησοῦς,

333 1065 490 1122 εἶπεν
517 1066 684 1121 αὑτὸν
728 1064 1085 1135 φωνηθῆναι·
1129 1065 1221 1116 καὶ
1275 1063 1516 1132 φωνοῦσι
1564 1063 1657 1116 τὸν
1704 1061 1924 1132 τυφλὸν,

332 1163 585 1229 λέγοντες
612 1159 763 1232 αὐτῷ
786 1175 796 1188 ·
820 1159 1045 1226 Θάρσει,
1071 1157 1273 1228 ἔγειρε,
1301 1158 1472 1226 φωνεῖ
1495 1173 1576 1210 σε.
1613 1155 1674 1208 '0
1694 1155 1770 1218 δὲ,
1795 1155 1928 1208 arro-

331 1254 513 1308 ϐαλὼν
543 1253 604 1306 τὸ
638 1254 852 1323 ἱμάτιον
885 1249 1074 1317 αὐτοῦ,
1100 1251 1342 1314 ἀναστὰς
1362 1246 1494 1321 ἦλθε
1521 1248 1656 1321 πρὸς
1690 1248 1782 1300 τὸν
1821 1245 1923 1317 Ἰη-

333 1346 483 1398 σοῦν.
519 1345 631 1399 Καὶ
660 1343 981 1413 ἀποκριθεὶς
1009 1342 1160 1410 λέγει
1191 1341 1339 1413 αὐτῷ
1364 1344 1392 1395 6
1443 1341 1650 1412 Ἰησοῦς
1671 1358 1683 1372 ⁸
1719 1340 1783 1395 Τί
1839 1339 1928 1392 θέο

329 1437 448 1500 λεις
507 1439 717 1507 ποιήσω
769 1451 879 1500 σοι;
929 1433 986 1488 Ὀ
1023 1435 1080 1487 δὲ
1113 1434 1310 1501 τυφλδις
1335 1430 1487 1487 εἶπεν
1520 1433 1670 1505 αὐτῷ
1703 1448 1717 1464 ο
1760 1430 1926 1485 Ῥασ-

329 1529 506 1595 6ουνὶ,
561 1529 648 1583 ῖνα
707 1528 1018 1598 ἀναῦλέψω.
1063 1529 1122 1582 '0
1168 1529 1226 1581 δὲ
1288 1527 1495 1597 Ἰησοῦς
1542 1523 1698 1580 εἶπεν
1744 1526 1918 1596 αὐτῷ’

333 1623 586 1691 ’Ύπαγε,
630 1624 662 1693 ὴ
704 1621 886 1684 πίστις
921 1639 1014 1674 σου
1051 1623 1258 1675 σέκωκέ
1305 1639 1384 1674 σε.
1427 1622 1536 1675 Καὶ
1583 1619 1786 1682 εὐθέως
1833 1621 1927 1673 av-

328 1713 526 1783 έὸλεψε
557 1715 652 1767 καὶ
685 1712 971 1779 ἠκολούθει
1024 1713 1101 1783 τῷ
1138 1712 1316 1782 Ἰησοῦ
1355 1714 1412 1764 ἐν
1444 1715 1510 1782 τῇ
1540 1710 1664 1782 ὀδῷ.
1705 1729 1724 1762 ι
1775 1710 1835 1764 Ὀ
1867 1709 1924 1762 δὲ

330 1808 609 1870 Ματθαῖος
654 1803 748 1857 δύο
783 1805 1017 1873 τυφλοὺς
1045 1805 1192 1872 λέγει
1229 1805 1547 1874 ’ἐνδέχεται
1574 1803 1629 1856 δὲ
1665 1802 1761 1856 δύο
1821 1801 1923 1870 μὲν

327 1895 473 1951 εἶναι
521 1898 647 1958 τοὺς
717 1895 985 1956 ἰαθέντας,
1034 1896 1123 1948 τὸν
1165 1896 1217 1948 δὲ
1265 1896 1692 1963 ἐπιφανέστερον
1741 1894 1923 1946 αὐτῶν

2033 696 2194 752 Jesus
2223 696 2538 751 Nazareuus
2567 705 2737 760 esset,
2797 694 2965 763 coepit
3012 694 3254 749 clamare
3290 705 3348 749 et
3381 695 3564 751 dicere
3611 713 3625 751 :

2032 789 2133 844 Fili
2167 789 2332 843 David
2359 787 2514 853 Jesu,
2550 788 2814 843 miserere
2838 787 2963 841 mei.
2994 784 3058 839 Et
3091 785 3445 855 increpabant
3477 787 3626 843 illum

2035 881 2188 935 nulli
2229 892 2286 935 ut
2344 891 2570 935 taceret.
2633 879 2702 933 At
2753 878 2843 933 ille
2887 879 3057 933 multo
3101 880 3274 950 magis
3303 879 3624 934 clamabat:

2020 975 2132 1029 'Fili
2163 974 2350 1042 David,
2377 977 2640 1028 miserere
2686 972 2816 1027 mei.
2851 970 2919 1026 Ει
2940 971 3093 1026 stetit
3130 969 3329 1036 Iesus,
3366 987 3429 1027 ac
3456 972 3627 1040 jussit

2033 1067 2182 1122 illum
2219 1067 2397 1121 vocari
2425 1083 2439 1133 ;
2467 1074 2522 1120 ct
2551 1073 2747 1120 vocant
2778 1079 3008 1130 caecum,
3032 1064 3278 1120 dicentes
3304 1063 3378 1118 illi
3412 1083 3426 1119 :
3475 1065 3626 1121 Bono

2031 1161 2214 1215 animo
2229 1168 2383 1214 esto:
2421 1174 2601 1230 surge,
2637 1169 2796 1213 vocat
2829 1169 2899 1212 te.
2939 1155 3032 1212 ille
3053 1171 3183 1212 vero
3217 1158 3427 1224 abiecto
3455 1159 3623 1228 pallio

2032 1269 2130 1310 suo
2151 1254 2410 1316 surrexit,
2444 1254 2748 1307 etvenitad
2781 1249 2995 1306 Jesum.
3032 1250 3100 1305 Et
3119 1251 3458 1320 respondens
3490 1252 3626 1307 dicit

2032 1345 2108 1400 illi
2131 1343 2288 1398 Jesus
2315 1363 2330 1397 :
2362 1342 2503 1410 Quid
2536 1343 2617 1396 vis
2644 1343 2838 1396 faciam
2874 1342 3021 1395 tibi?
3052 1341 3244 1396 Caecus
3280 1352 3461 1397 autem
3486 1343 3627 1399 dixit

2030 1439 2117 1494 ei:
2153 1437 2424 1501 Rabboni,
2462 1446 2517 1489 ut
2556 1435 2730 1489 visum
2765 1434 3047 1503 rccipiunt.
3084 1431 3245 1488 Jcsus
3277 1445 3454 1488 autem
3485 1434 3625 1488 dixit

2032 1531 2106 1586 illi
2135 1553 2148 1587 :
2185 1530 2310 1594 Abi,
2343 1529 2479 1583 ﬁdes
2505 1538 2592 1581 tua
2623 1526 2835 1582 salvum
2883 1539 2932 1579 te
2979 1526 3232 1581 reddidit.
3264 1527 3342 1579 Ac
3375 1525 3627 1594 protinus

2030 1621 2236 1693 recepit
2262 1621 2469 1687 visum,
2514 1629 2568 1674 et
2618 1620 2952 1685 sequebatur
2983 1617 3238 1672 Jesumin
3278 1619 3384 1672 via.
3424 1635 3443 1669 ι
3481 1617 3626 1672 Mat-

2030 1717 2201 1770 thaaus
2233 1716 2368 1768 duos
2401 1726 2575 1767 caecos
2616 1720 2803 1765 narrat
2837 1727 2849 1763 :
2886 1722 2937 1764 et
2973 1711 3086 1765 ﬁeri
3138 1720 3316 1778 potest
3343 1710 3477 1763 duos
3500 1709 3621 1780 qui-

2028 1807 2148 1862 dem
2194 1819 2316 1860 esse
2353 1811 2576 1858 sanatos
2601 1841 2616 1866 ,
2648 1805 2790 1856 hunc
2833 1811 3018 1855 autem
3080 1815 3145 1854 ex
3188 1801 3296 1854 illis
3332 1801 3620 1855 clariorem

2029 1898 2220 1960 fuisse,
2258 1897 2414 1966 cujus
2462 1910 2606 1949 nunc
2649 1895 2987 1950 mentionem
3027 1893 3157 1947 facit
3195 1891 3429 1947 Marcus.
3485 1891 3620 1946 Vide

326 1990 525 2042 τοίτον
555 1983 696 2043 εἶναι
730 1988 820 2041 τὸν
863 1988 960 2040 νῦν
1014 1987 1164 2057 παρὰ
1205 1987 1284 2055 τῷ
1319 1986 1532 2056 Μάρκῳ
1576 1983 1914 2055 μνημονευό-

2026 2002 2207 2046 autem
2239 1992 2509 2061 quomodo
2535 1990 2706 2044 turba:
2734 1986 2920 2042 Jcsum
2955 1994 3309 2051 venerantur,
3347 1987 3420 2040 ita
3449 1993 3506 2040 ut
3537 1984 3622 2040 in-

329 2099 515 2150 μενον.
551 2081 692 2151 Ὅρα
718 2081 773 2134 δὲ
803 2081 923 2143 πῶς
955 2080 1159 2150 τιμῶσι
1191 2079 1283 2131 τὸν
1320 2077 1528 2148 Ἰησοῦν
1556 2079 1650 2131 καὶ
1674 2081 1722 2132 oi
1747 2079 1917 2148 ὄχλοι,

324 2172 466 2226 ὥστε
494 2172 753 2241 ἐπιτιμᾷν
783 2170 860 2241 τῷ
894 2170 1077 2240 τυφλῷ
1111 2169 1327 2240 βοῶντι,
1367 2170 1570 2240 ιῖισανεί
1599 2186 1741 2230 τινος
1767 2170 1922 2240 βασι-

323 2261 462 2326 λέως
494 2261 902 2332 παροδεύοντος.
963 2260 1175 2330 Ἐρωτᾷ
1202 2259 1257 2312 δὲ
1305 2259 1470 2313 αὐτὸν
1499 2262 1526 2313 6
1553 2260 1783 2329 Κύριος,
1833 2261 1919 2312 ῖνσ.

329 2356 497 2426 μήτις
529 2355 659 2424 εῖπῃ
689 2353 771 2406 ὅτι
803 2352 937 2406 ἄλλα
968 2352 1275 2421 βουλομένῳ
1334 2352 1469 2404 ἄλλα
1500 2352 1713 2406 δίδωσιν
1743 2356 1770 2405 6
1804 2351 1917 2405 Κύ-

330 2464 466 2518 ριος.
509 2447 819 2515 Εὐγνώμων
849 2446 906 2498 δὲ
936 2444 1084 2516 ψυχὴ
1120 2443 1211 2497 τοῦ
1241 2444 1446 2511 τυφλοῦ
1467 2461 1481 2476 ο
1521 2445 1650 2512 ὅσγε
1696 2446 1832 2513 μετὰ
1859 2445 1919 2496 τὸ
1964 2438 1970 2442 ’

325 2541 734 2614 θεραπευθῆναι
780 2538 880 2592 οὐκ
920 2538 1099 2607 ἀφῆκε
1126 2540 1216 2589 τον
1266 2536 1494 2607 Κύριον,
1531 2536 1649 2589 ἀλλ’
1685 2535 1919 2606 ἠκολού-

323 2635 410 2686 θει
426 2632 595 2701 αὐτῷ.
619 2630 856 2685 Δύναται
884 2630 940 2682 δὲ
964 2630 1057 2683 καὶ
1075 2628 1438 2696 ἀναγωγικῶς
1460 2627 1717 2697 νοηθῆναι
1735 2627 1912 2680 τοῦτο·

335 2721 552 2793 ⁹1νεριχὼ
580 2723 608 2774 6
656 2721 820 2783 τόπος
843 2713 1000 2782 οὗτος
1034 2719 1063 2771 6
1092 2720 1272 2772 κέιτω.
1310 2718 1521 2787 Τυφλὸς
1558 2719 1613 2771 δὲ
1663 2719 1913 2788 καθήμεα

323 2831 418 2877 νος
477 2811 716 2866 ἐνταῦθα
755 2813 788 2882 ὴ
824 2810 984 2881 φύσις
1038 2812 1070 2880 ἡ
1111 2808 1429 2879 ἀνθρωπίνη
1458 2850 1472 2872 ,
1507 2810 1628 2880 ἣτις
1682 2809 1796 2872 υίὸς
1845 2804 1915 2879 ἦν

213 2961 216 2964 ,
320 2899 433 2957 τοῦ
453 2904 592 2972 ὑπὲρ
620 2905 802 2957 πᾶσαν
832 2901 996 2972 τιμὴν
1025 2900 1184 2956 Θεοῦ.
1218 2900 1364 2971 Αῦτη
1394 2903 1573 2954 τοίνυν
1600 2899 1802 2970 ἐκραζε
1839 2901 1917 2971 τῷ

337 2996 514 3067 Ἰησοῦ
542 2995 768 3065 διὰητῆς
836 2993 1085 3066 Ἰεριχὼ,
1119 2993 1368 3047 τουτέστι
1404 2993 1498 3046 τοῦ
1540 2993 1659 3064 βίου
1699 2994 1914 3059 τούτου,

321 3087 585 3144 ὁδεύοντι.
633 3088 865 3157 Ἠλέησε
921 3088 978 3140 δὲ
1023 3086 1192 3157 αὐτὴν
1246 3086 1342 3139 καὶ
1383 3086 1471 3138 διὰ
1517 3089 1617 3156 τῆς
1673 3086 1915 3149 πίστεως

320 3179 932 3249 ἔσωσεν,ὲκδυσαμένην
944 3184 1003 3231 τὸ
1019 3178 1246 3231 παλαιὸν
1263 3179 1278 3229 ί
1287 3179 1479 3247 μάτιον
1495 3177 1592 3246 τῆς
1608 3179 1908 3248 ἁμαρτίας.

2023 2094 2312 2154 creparent
2362 2099 2562 2137 mecum
2595 2083 2947 2145 clamantem,
3001 2080 3154 2149 quasi
3214 2095 3310 2134 rex
3350 2077 3619 2148 quispiam

2023 2193 2347 2261 praeteriret.
2388 2188 2560 2244 Porro
2593 2187 2750 2243 Jesus
2773 2186 2924 2241 illum
2956 2186 3278 2256 interrogat,
3311 2193 3368 2238 ut
3403 2197 3469 2238 ne
3495 2183 3619 2253 quis

2024 2288 2176 2346 putct
2217 2279 2363 2348 quod
2421 2277 2511 2331 ille
2554 2275 2658 2330 alia
2713 2276 2969 2342 voluerit,
2998 2275 3252 2330 Christus
3297 2284 3479 2329 autem
3511 2273 3616 2329 alia

2021 2371 2254 2426 dederit.
2272 2368 2425 2428 Grati
2456 2376 2642 2422 autem
2667 2368 2830 2421 animi
2855 2382 3032 2423 caecus
3047 2375 3192 2431 erat,
3210 2365 3303 2436 qui
3322 2371 3615 2436 postquam

2021 2485 2244 2532 sanatus
2269 2485 2374 2541 est,
2398 2472 2584 2529 Jesum
2621 2489 2726 2529 non
2747 2474 2992 2539 dimisit,
3019 2474 3115 2529 sed
3169 2482 3394 2529 secutus
3426 2482 3516 2527 est
3547 2472 3618 2527 ilo

2023 2570 2155 2624 lutu.
2207 2567 2324 2623 lam
2369 2576 2425 2620 ct
2475 2581 2570 2635 per
2608 2580 2889 2636 anagogen
2943 2565 3248 2634 intelligere
3273 2577 3614 2635 possumus:

2018 2658 2239 2713 Iericho
2289 2657 2438 2713 locus
2486 2657 2588 2712 iste
2624 2657 2851 2711 inferior
2874 2665 3005 2711 est:
3047 2663 3226 2710 caicus
3280 2664 3459 2710 autent
3522 2654 3614 2724 qui

2020 2751 2175 2806 sede't
2204 2752 2304 2805 hoc
2333 2751 2472 2813 loco,
2513 2749 2747 2804 humana
2775 2757 2858 2804 est
2891 2757 3084 2803 natura
3113 2786 3128 2811 ,
3171 2759 3292 2818 qua
3321 2745 3471 2809 ﬁlius
3500 2754 3622 2802 erat

2020 2840 2141 2906 Dei,
2177 2842 2268 2910 qui
2326 2854 2544 2894 omnem
2598 2849 2823 2910 superat
2872 2839 3246 2909 diguitatem.-
3284 2835 3394 2892 Ista
3450 2836 3620 2907 igitur

2019 2933 2293 2989 clamabat
2334 2935 2400 2987 ad
2434 2931 2643 2998 Jesum,
2681 2947 2776 3001 per
2809 2931 3087 2996 Hiericho,
3150 2931 3205 2985 id
3238 2940 3324 2986 est
3354 2931 3499 2985 hanc
3532 2931 3619 2984 ti-

2021 3036 2156 3092 tam,
2187 3034 2430 3081 euntem.
2455 3025 2825 3079 Misericordia
2856 3033 3039 3078 autem
3078 3033 3258 3078 motus
3287 3037 3418 3092 erga
3443 3022 3617 3086 illam,

2020 3129 2074 3174 et
2104 3130 2324 3190 propter
2355 3119 2540 3182 (idem,
2572 3117 2780 3171 salvam
2811 3131 2932 3169 eam
2986 3114 3146 3180 fecit,
3182 3113 3274 3169 ubi
3304 3124 3457 3169 vetus
3488 3128 3618 3183 pec-

2021 3212 2127 3265 cati
2153 3211 2532 3265 vestimentum
2585 3207 2760 3262 exuit.
2805 3205 3031 3261 Servata
3077 3216 3260 3262 autem
3306 3214 3497 3260 secuta
3530 3214 3618 3260 est

321 3273 566 3328 Σωθετσα
581 3273 638 3324 δὲ
653 3269 1018 3340 ἠκολούθησεν
1032 3269 1199 3339 αὐτῷ,
1221 3270 1562 3341 ἐργαζομένη
1581 3272 1678 3333 τὰς
1695 3270 1914 3334 ἐντολὰς

2024 3302 2198 3365 illum,
2233 3300 2483 3356 faciendo
2502 3301 2754 3354 mandata
2778 3300 2830 3354 iu
2853 3299 2962 3362 via,
2989 3298 3093 3353 hoc
3128 3307 3209 3354 est
3263 3299 3316 3352 in
3351 3298 3455 3354 hac
3483 3298 3615 3353 \‘lta.

317 3366 382 3419 ιν
418 3368 483 3436 τῇ
527 3363 655 3434 ὁδῷ,
709 3363 987 3416 τουτέστιν
1037 3365 1094 3415 ὲν
1146 3361 1223 3429 τῷ
1274 3359 1374 3432 βίῳ
1407 3364 1604 3432 τούτῳ,
1648 3362 1914 3417 Ἐνταῦθα

319 3459 434 3529 γὰρ
481 3458 626 3510 ἔστιν
661 3455 1025 3527 ἀκολουθῆσαι
1062 3454 1141 3523 τῷ
1165 3456 1388 3527 Χριστῷ
1420 3471 1435 3488 ⁸
1466 3457 1606 3524 μετὰ
1646 3456 1704 3510 δὲ
1744 3457 1921 3513 ταῦτα

317 3549 701 3604 ἀποκλείονται
732 3549 934 3612 πάντες
970 3547 1066 3601 τοῦ
1105 3547 1435 3617 ἐργάζεσθαι
1468 3548 1568 3613 τὰς
1610 3550 1853 3616 ἐντολάς.

920 3659 1175 3715 ΚΕΦΔΛ.
1238 3660 1350 3714 IA'.-

317 3773 461 3842 Hirpi
489 3771 868 3845 τοῦ-πώλου.
919 3774 1058 3845 Περὶ
1089 3772 1196 3839 τῆς
1236 3772 1648 3844 ξηρανθείσης
1685 3776 1911 3845 συκῆς.

392 3841 532 3911 Περὶ
561 3841 676 3897 τῶν
695 3843 1107 3913 ἐκὸτληθέντων
1125 3845 1192 3897 ἐκ
1215 3846 1320 3897 τοῦ
1345 3846 1506 3910 (spat?
1533 3841 1908 3913 τραπεζὶτῶκ.

389 3913 532 3985 Περὶ
583 3913 689 3966 τοῦ
743 3910 1202 3985 θάρσους-πρρς
1238 3914 1347 3985 τὸν
1402 3910 1572 3969 Θεόνζ
1607 3919 1746 3985 Περὶ
1800 3917 1912 3985 τῆς

388 3983 852 4052 ἀμνησικακίας.
897 3983 1035 4050 Περὶ
1097 3981 1216 4035 τῶν
1238 3981 1750 4052 ἐπερωτησάντων
1797 3981 1906 4041 τὸνλ

391 4054 612 4120 Κύριον
642 4053 967 4120 ἀρχιερέων
996 4052 1094 4105 καὶ
1116 4054 1562 4123 πρεσϐυτέρων,

390 4167 502 4220 Καὶ
528 4167 616 4218 ὅτε
648 4164 955 4233 ἐγγίζουσιν
983 4165 1061 4228 είς
1099 4164 1495 4236 Ἰερουσαλὴμ,
1530 4165 1607 4226 εί,
1647 4165 1908 4238 Βεθφαγὴ

313 4259 414 4313 καὶ
434 4256 707 4328 Βηθανίαν
748 4256 885 4327 πρὸς
915 4254 976 4310 τὸ
1014 4255 1139 4328 ὅρος
1162 4257 1273 4309 τῶν
1303 4257 1554 4320 Ἐλαιίτλν,
1590 4258 1913 4313 ἀποστέλλει

309 4351 412 4404 δύο
443 4349 551 4402 τῶν
585 4347 843 4418 μαθητῶν
869 4347 1165 4411 αὑτοῦ,κιὶ
1197 4347 1347 4415 λέγει
1380 4350 1561 4412 αὑτοῖς
1593 4348 1901 4417 ’Ὑπάγετε

313 4441 396 4503 εἰς
434 4439 533 4509 τὴν
591 4440 784 4509 κώμην
823 4437 922 4508 τὴν
975 4438 1270 4491 κατέναντι
1321 4439 1513 4508 ὑμῶν’
1562 4441 1656 4492 καὶ
1702 4440 1907 4503 εὐθέως

315 4532 766 4604 εἰσπορευόμενοι
816 4531 896 4594 εἰς
927 4531 1123 4600 αὐτὴν,
1159 4531 1427 4602 εὑρήσετε
1473 4531 1658 4584 πῶλον
1691 4531 1912 4603 δεδεμέὲ

313 4641 428 4689 νον,
464 4623 551 4693 ἐφ’
583 4623 642 4676 δν
669 4622 842 4685 οὐδεὶς
874 4621 1177 4692 ἀνθρώπων
1205 4621 1482 4676 κεκάθικε.
1512 4623 1785 4688 Λύσαντες
1811 4626 1910 4677 αὑ-

2024 4629 2198 4684 uullus
2238 4627 2521 4681 hominum
2557 4626 2696 4680 sedit
2741 4641 2754 4678 :

312 4719 407 4771 τὸν
459 4718 724 4784 ἀγάγετε,
768 4715 864 4766 καὶ
923 4715 1018 4767 ἐάν
1049 4731 1130 4776 τις
1183 4714 1311 4782 ὑμῖν
1362 4713 1495 4786 εῖπῃ
1526 4729 1540 4745 ο
1585 4714 1649 4766 Τί
1698 4717 1903 4768 ποιεῖτε

310 4810 514 4872 τοῦτο;
556 4810 751 4861 είπατε
781 4808 865 4859 ὅτι
909 4808 936 4859 6
965 4805 1167 4876 Κύριος
1200 4804 1367 4858 αὑτοῦ
1404 4806 1595 4876 χρείαν
1634 4807 1768 4876 ἔχει,
1814 4809 1907 4860 καὶ

311 4903 517 4966 εὐθέως
541 4902 704 4956 αὐτὸν
734 4899 1026 4964 ἀποστελεῖ
1058 4894 1184 4952 ὦδε.
1233 4897 1505 4965 Ἀπῆλθον
1533 4897 1608 4963 δὲ,
1638 4899 1730 4950 καὶ
1753 4894 1909 4970 εὗρον

309 4993 494 5048 πῶλον
515 4993 798 5061 δεδεμένον
817 4991 950 5061 πρὸς
975 4992 1073 5062 τὴν
1109 4989 1280 5059 θύραν
1304 4989 1429 5055 ἔξω,
1483 4989 1577 5042 ἐπὶ
1609 4991 1706 5060 τῆς
1739 4993 1893 5061 ἁμφο

309 5088 461 5152 ὁδου,
492 5088 588 5141 καὶ
668 5084 889 5138 λύουσιν
922 5083 1107 5137 αὐτόν.
1138 5082 1244 5136 Καί
1278 5100 1424 5145 τινες
1464 5082 1573 5135 τῶν
1603 5085 1720 5136 ἐκεῖ
1745 5085 1906 5154 ἑστη-

312 5183 492 5234 κότων
529 5179 716 5246 ελεγον
739 5179 921 5239 αὐτοῖς
945 5193 958 5207 ο
982 5176 1046 5228 Τί
1076 5180 1278 5230 ποιεῖτε
1309 5176 1528 5240 λύοντες
1566 5177 1658 5231 τὸν
1693 5175 1907 5243 πῶλον;

310 5273 378 5346 Oi
406 5271 463 5324 δὲ
494 5268 649 5324 εἷπον
691 5269 874 5331 αὐτοῖς
898 5307 913 5333 ,
944 5267 1124 5331 καθὼς
1178 5269 1480 5322 ἐνετείλατο
1530 5271 1708 5333 αὐτοῖς
1739 5271 1767 5323 6
1808 5269 1911 5341 ’1η-

312 5362 466 5428 σοῦς,
493 5364 590 5417 καὶ
619 5363 841 5432 ἀφῆκαν
873 5361 1090 5424 αὐτούς.
1131 5379 1148 5412 ι
1185 5360 1454 5425 Πολλάκις
1479 5362 1579 5432 μὲν
1597 5363 1691 5416 καὶ
1718 5361 1906 5416 ἄλλοτε

307 5451 478 5526 ἦλθεν
509 5454 589 5515 είς
637 5451 1026 5521 Ἱεροσόλυμα,
1062 5449 1180 5504 ἀλλ’
1226 5451 1482 5505 οὐδέποτε
1525 5451 1666 5522 μετὰ
1709 5453 1907 5506 τοσαύ-

308 5561 412 5615 της
464 5543 865 5615 περιφανείας,
922 5542 1040 5612 μεθ’
1075 5543 1209 5612 ὅσης
1261 5542 1378 5597 νῦν.
1427 5542 1628 5615 Πρώην
1665 5544 1763 5612 μὲν
1798 5544 1906 5614 γὰρ

308 5636 622 5701 ἐκρύπτετο
643 5633 732 5686 διὰ
757 5632 849 5686 τὸν
880 5632 1075 5701 φθόνον
1109 5632 1315 5687 αὐτῶν
1356 5633 1450 5687 νῦν
1478 5634 1556 5698 δὲ,
1592 5633 1782 5707 ἐπειδὴ
1809 5636 1904 5688 τοῦ

310 5726 526 5788 πάθους
555 5725 858 5794 ἐφέστηκεν
904 5725 930 5776 6
951 5723 1166 5794 καιρὸς,
1194 5724 1254 5777 ὃν
1299 5724 1460 5788 αὐτὸς
1504 5725 1683 5792 ἑαυτῷ
1711 5724 1903 5796 ὥρισε,

308 5817 699 5888 ῖαμπρότερον
739 5815 1004 5886 ἔρχεται,
1073 5816 1308 5871 ἵνανὲὰν
1357 5817 1459 5885 μὲν
1491 5817 1718 5884 θέλωσι,
1774 5836 1902 5873 συν-

303 5923 492 6000 ήσωσι
518 5910 618 5981 τὴν
654 5908 809 5972 δόξαν
853 5908 1038 5978 αὑτοῦ,
1082 5910 1176 5966 καὶ
1203 5910 1310 5966 ἀπὸ
1337 5909 1448 5966 τῶν
1475 5911 1563 5966 ἐπ’
1588 5910 1738 5983 αὐτῷ
1767 5929 1903 5985 προ-

2035 3391 2134 3446 Hic
2174 3393 2318 3446 enim
2351 3406 2639 3461 possumus
2665 3391 2816 3459 sequi
2860 3389 3136 3445 Christum
3170 3405 3184 3443 :
3217 3397 3406 3457 postea
3433 3397 3616 3444 autem

2030 3485 2396 3540 excluduntur
2441 3497 2632 3536 omnes
2671 3497 2698 3536 a
2739 3480 3122 3536 mandatorum
3166 3481 3505 3551 operatione.

2623 3660 2856 3717 CAPUT
2886 3659 2977 3714 XI.

2014 3779 2179 3849 23o
2212 3778 2284 3831 De
2313 3777 2480 3844 pullo.
2519 3775 2592 3849 D_e
2621 3777 2860 3849 arefacta
2902 3775 3028 3843 ﬁcu.
3074 3774 3148 3828 De
3182 3775 3380 3849 fugatis
3420 3791 3450 3849 ε
3479 3785 3616 3829 letu-

2086 3844 2173 3919 pia
2212 3853 2506 3919 trapeziiis.
2540 3845 2617 3919 De
2644 3847 2843 3911 ﬁducia
2876 3851 2928 3898 in
2959 3849 3146 3919 Deum.
3186 3844 3262 3898 De
3286 3845 3612 3919 injuriarnm

2087 3917 2364 3973 obivione.
2417 3917 2489 3970 De
2519 3918 2846 3984 principibus
2888 3918 3259 3988 sacerdomm,
3293 3927 3341 3970 et
3391 3918 3608 3988 presby-

2085 3993 2212 4043 teris
2251 3989 2535 4041 Dominum
2577 3987 3025 4054 interrogantibus

2083 4167 2252 4224 Vsus.
2288 4166 2399 4221 l-6.
2429 4184 2446 4216 ι
2485 4164 2549 4217 Ει
2578 4178 2701 4217 cum
2734 4163 3176 4232 appropinquant
3213 4160 3610 4232 Hierosolymis

2012 4263 2077 4316 ad
2100 4261 2416 4330 Bethphage
2434 4267 2487 4312 et
2515 4255 2831 4310 Bethaniatn
2857 4255 3012 4324 juxta
3040 4265 3277 4308 montem
3305 4254 3607 4321 Olirarum,

2009 4353 2214 4408 emittit
2241 4353 2378 4406 duos
2418 4365 2448 4405 e
2481 4349 2770 4418 discipulis
2817 4348 2958 4414 suis,
2987 4348 3197 4402 etdicit
3237 4348 3346 4402 illis
3381 4365 3396 4402 :
3445 4349 3610 4405 Abite

2013 4447 2066 4500 in
2100 4445 2278 4499 vicum
2318 4443 2407 4511 qui
2443 4451 2632 4496 contra
2667 4456 2764 4496 vos
2789 4450 2893 4506 est,
2932 4449 2986 4495 et
3025 4441 3212 4496 statim
3236 4440 3612 4510 ingredientes

2015 4539 2065 4591 in
2119 4537 2288 4602 illum,
2327 4534 2617 4589 invenietis
2658 4533 2863 4601 pullum
2909 4532 3404 4604 alligatum,supra
3443 4547 3607 4602 quem

2813 4625 3008 4680 solvite
3035 4641 3183 4690 eum,
3218 4634 3272 4679 et
3310 4625 3563 4682 adducite
3593 4641 3608 4678 :

2016 4730 2069 4774 et
2095 4722 2135 4774 si
2171 4721 2293 4790 quis
2311 4720 2469 4776 vobis
2500 4719 2699 4773 dixerit
2729 4759 2743 4784 ,
2776 4716 2886 4772 Cur
2908 4717 3089 4772 facitis
3113 4718 3440 4782 hocidicite
3463 4719 3610 4795 quod

2015 4812 2274 4866 Dominus
2316 4827 2382 4866 eo
2435 4827 2572 4880 opus
2617 4811 2783 4865 habet
2818 4829 2830 4865 :
2869 4818 2921 4865 et
2947 4812 3210 4866 continuo
3249 4811 3398 4865 illum
3432 4813 3613 4866 mittet

2014 4905 2144 4956 huc.
2180 4903 2446 4957 Abierunt
2473 4909 2678 4966 autem,
2730 4911 2785 4956 et
2819 4902 3147 4956 invenerunt
3179 4902 3382 4972 pullum
3415 4902 3613 4972 alliga-

2015 5004 2126 5048 tum
2165 4995 2320 5065 juxta
2347 4995 2573 5064 jauuam
2618 4994 2752 5050 loris
2791 4995 2845 5049 in
2883 4995 3050 5062 bivio,
3097 5006 3152 5051 et
3185 4996 3406 5051 solvunt
3433 4995 3608 5060 illum,

2012 5087 2079 5140 Et
2118 5072 2360 5139 nonnulli
2392 5100 2586 5138 eorum
2621 5087 2710 5153 qui
2748 5084 2854 5139 illic
2890 5088 3134 5152 stahanl,
3170 5087 3426 5142 dicebant
3458 5087 3606 5144 illis:

2012 5178 2151 5245 Quid
2187 5175 2367 5231 facitis
2396 5178 2672 5231 solventes
2709 5177 2955 5244 pullum?
2994 5180 3062 5230 At
3098 5179 3175 5232 illi
3218 5180 3480 5233 dixerunt
3525 5181 3606 5236 eis

2011 5270 2472 5341 quemadmodum
2507 5269 2642 5337 ipsis
2670 5278 3004 5339 prmceperal
3036 5269 3197 5326 Je~us
3217 5311 3230 5334 ,
3259 5282 3311 5324 et
3343 5270 3603 5327 sinebant

2011 5365 2152 5419 illus.
2190 5381 2208 5415 ι
2247 5361 2401 5432 Saepe
2443 5363 2607 5415 etiam
2658 5363 2796 5416 alias
2840 5364 2990 5417 venit
3024 5361 3485 5434 Hierosolymam,
3510 5364 3606 5418 sed

2011 5470 2288 5523 nunquam
2321 5468 2442 5508 cum
2480 5464 2631 5508 tanta
2666 5455 2972 5525 majestate,
3003 5465 3206 5523 quanta
3237 5470 3412 5509 nunc.
3445 5454 3607 5512 Prius

2009 5546 2226 5614 quidem
2260 5543 2612 5599 delitescebat
2639 5555 2863 5612 propter
2894 5543 3156 5597 invidiam
3178 5544 3432 5605 illorum:
3459 5561 3605 5600 nunc

2009 5651 2214 5702 autem,
2243 5637 2366 5707 quia
2401 5637 2678 5708 passionis
2713 5646 2926 5706 tempus
2944 5639 3156 5704 aderat,
3185 5639 3327 5708 quod
3359 5637 3478 5707 ipse
3498 5637 3602 5691 sibi

2008 5733 2407 5801 prwlinirerat,
2450 5730 2653 5786 clarior
2702 5731 2850 5785 venit
2895 5748 2909 5784 :
2951 5739 3010 5784 ut
3049 5731 3094 5785 si
3135 5731 3322 5796 velint,
3369 5731 3597 5801 gloriam

2007 5822 2125 5892 ejus
2160 5822 2498 5892 intelligant,
2554 5829 2612 5876 et
2656 5835 2722 5877 ex
2768 5823 3069 5891 prophetiis
3101 5838 3220 5892 qua:
3252 5823 3306 5878 in
3354 5822 3595 5894 ipsoim-

2006 5916 2164 5988 pictae
2196 5923 2376 5984 erant,
2409 5925 2711 5987 agtioscsnt
2735 5930 2857 5971 eum
2888 5930 3012 5973 esse
3041 5915 3212 5973 Deum
3258 5931 3484 5988 verum;
3509 5917 3596 5975 sin
