4022 6472
549 448 649 517 ﬁli

1460 435 2037 507 THEOPHYLACTI
2077 430 2491 499 BULGARLE
2524 428 2873 491 ARCHIEP.

3702 424 3812 488 612

551 564 759 629 nolint,
818 559 873 614 in
920 554 1176 626 maiorem
1225 553 1728 609 condemnationem
1775 565 1966 605 eorum
2024 549 2152 611 sit,,

2257 542 2465 614 νητειῶν
2500 541 2897 612 τελειουμένων
2956 538 3254 609 ίπιγνῶσιν
3298 538 3381 592 δτι
3425 536 3636 609 ἀληθὴς
3673 537 3811 602 θεός

553 652 697 722 quod
733 649 898 703 etiam
949 657 1077 701 tam.
1103 642 1268 699 claris
1310 643 1585 697 miraculis
1619 657 1725 696 non
1765 640 2119 695 crediderim.

556 740 693 797 Vide
719 741 857 795 enim
888 746 1019 806 quot
1051 736 1161 791 sint
1188 736 1275 790 bic
1302 733 1562 788 miracula
1602 747 1724 801 quas
1762 732 1843 787 eis
1873 731 1976 786 boc
2008 729 2125 785 loco

556 832 777 887 dixerit.
808 828 954 883 Dixit
981 830 1098 884 eis:
1129 827 1417 883 Invenietis
1436 827 1676 894 pullum;
1716 825 1851 879 dixit
1878 839 1973 879 eos
2007 838 2129 891 pro-

560 922 785 977 hibitum
817 920 904 988 iri,
935 928 991 975 et
1022 918 1218 972 deinde
1244 931 1366 970 cum
1410 918 1651 971 dicerent
1678 934 1690 968 :
1730 914 1989 969 Dominus
2035 912 2126 966 illo

557 1027 693 1082 opus
748 1012 947 1078 habet,
993 1009 1130 1064 dixit
1162 1007 1568 1062 dimittendum.
1612 997 1939 1073 Neutiquatn
1980 1002 2127 1057 enim

459 1171 465 1177 ,
559 1105 662 1161 hoc
707 1117 896 1174 parum
942 1101 1137 1156 fuisset
1182 1099 1439 1168 apostolis
1484 1097 1721 1168 permitti
1758 1103 1818 1149 ut
1853 1093 2129 1148 abducant

558 1196 787 1265 pullum,
842 1193 945 1247 nisi
1001 1193 1182 1246 divina
1230 1191 1474 1259 quaedam
1509 1191 1680 1242 virtus
1706 1186 1957 1241 dominos
1996 1182 2126 1255 pulli

562 1286 853 1357 adegisset,
874 1283 1172 1353 praesertim
1202 1295 1481 1352 pauperes,
1505 1290 1558 1333 et
1578 1278 1841 1348 agricolas
1860 1276 2129 1342 fortassis,

561 1388 623 1433 ut
663 1376 859 1431 animal
884 1374 1013 1429 illud
1059 1374 1416 1433 dimitterent.
1452 1371 1703 1425 Attamen
1755 1370 1905 1425 disce
1949 1368 2132 1422 Domi-

564 1487 692 1527 num
729 1470 781 1525 id
824 1483 927 1523 non
956 1468 1073 1521 sine
1107 1480 1269 1520 causa
1312 1463 1549 1520 iecisse:
1586 1478 1762 1531 neque
1798 1462 1943 1517 enim
1997 1475 2132 1531 opus

564 1562 799 1618 habebat
824 1559 991 1630 pullo,
1028 1557 1120 1627 qui
1148 1557 1309 1612 toties
1356 1555 1595 1611 Judasam
1632 1566 1687 1608 et
1710 1554 1985 1609 Galilteatn
2012 1566 2133 1621 per-

566 1664 852 1726 agraverat
896 1669 911 1706 :
971 1654 1065 1707 sed
1112 1652 1451 1704 monstrabat
1488 1649 1629 1717 quod
1668 1660 1833 1716 super
1875 1645 2131 1714 populum

2226 638 2394 689 ἐστιν.
2449 634 2513 688 El
2552 633 2610 688 δὲ
2664 635 2740 705 μὴ
2772 634 3045 704 Θελήσωσι
3079 633 3344 695 συνιέναι,
3378 633 3459 697 είς
3485 630 3811 702 κατάκριμα

2230 723 2414 795 μεῖζον
2443 724 2629 786 αὐτοῖς
2652 723 2765 795 εῐη,
2818 724 2901 777 δτι
2950 722 3072 778 om
3122 724 3263 793 μετά
3289 721 3532 777 τοσαῦτα
3578 721 3811 793 λαμπρά

2227 818 2483 886 θαύματα
2511 816 2860 871 ὶπίστευσαν.
2891 817 3036 887 Ὅρα
3081 816 3193 886 γὰρ
3242 815 3387 869 πόσα
3421 813 3663 870 ενταῦθα
3709 830 3811 885 ση-

2232 914 2378 981 μεῖα.
2409 906 2576 963 Εἶπεν
2600 910 2803 972 αὐτοῖς,
2840 910 2925 962 δτι
2980 907 3255 981 Εὑρήσετε
3287 908 3487 963 πῶλον.
3526 902 3701 963 Εῐπιν
3729 907 3813 962 δτι

2230 1000 2635 1071 κωλυθήσονται
2657 1037 2675 1063 ,
2720 996 2844 1053 εἶτα
2872 1000 3137 1065 είπόντες,
3166 999 3253 1053 δτι
3294 998 3360 1055 ’0
3384 999 3588 1072 Κύριος
3617 998 3813 1073 χρῄζει

2230 1093 2416 1157 αὐτοῦ,
2451 1092 2794 1163 ἐσϐήσονται.
2824 1092 2961 1147 Οὐδὲ
2983 1092 3092 1162 τάρ
3112 1091 3235 1145 οὐδὲ
3259 1090 3427 1147 τοῦτον
3449 1091 3649 1164 μικράν
3671 1092 3815 1156 ἔστι,

2232 1185 2295 1237 τὸ
2328 1184 2749 1256 συγχωρηθῆναι
2774 1185 2899 1247 τοὺς
2922 1183 3261 1247 ἀποστόλους
3292 1182 3536 1251 ἀπάγιιν
3564 1180 3661 1235 τδν
3703 1182 3817 1235 πῶ-

2232 1275 2504 1346 λον,’δπερ
2538 1274 2639 1328 οὐκ
2664 1274 2731 1328 ἀν
2763 1274 2980 1342 εγενετο
3007 1275 3056 1329 ει
3093 1274 3170 1346 μη
3200 1273 3320 1327 θεία
3343 1290 3427 1337 τις
3460 1273 3680 1343 ἀνάγκη
3711 1276 3813 1327 ιπ-

2235 1367 2416 1421 ἐκειτο
2438 1368 2552 1431 τοῖς
2590 1367 2803 1438 κυρίοις
2830 1365 2923 1421 τοῦ
2954 1366 3137 1421 πώλου
3166 1365 3556 1434 ἀναγκάζουσι
3590 1368 3816 1430 αὐτοὺς,

2237 1458 2413 1511 καίτοι
2433 1459 2671 1528 πένητας
2688 1457 2851 1521 δντας
2879 1457 2973 1511 καὶ
2995 1457 3280 1527 γεωργοὺς
3300 1456 3487 1528 τυχὸν,
3511 1458 3735 1526 ἀφεῖναι
3759 1456 3822 1509 τὸ

2237 1550 2397 1611 ζῶον.
2432 1551 2579 1618 Πλὴν
2614 1549 2874 1620 μάνθανε,
2902 1549 3067 1604 δτιοὺ
3102 1552 3284 1619 μάτην
3323 1549 3481 1603 τοῦτο
3517 1550 3821 1619 ἑποίησενό

2238 1639 2461 1709 Κύρινς.
2504 1639 2638 1692 Οὐδὲ
2669 1639 2778 1709 γὰρ
2810 1638 3006 1711 ιχρηζε
3036 1636 3129 1690 τοῦ
3156 1637 3359 1701 πώλου,
3384 1639 3413 1691 6
3441 1637 3705 1696 πολλάκις
3723 1636 3822 1705 τὴν

564 1746 801 1813 gentium
831 1758 1080 1798 sessurus
1114 1752 1294 1806 esset,
1324 1743 1414 1810 qui
1452 1751 1561 1792 tum
1596 1736 1905 1792 incredulus
1931 1743 2049 1790 erat
2080 1742 2137 1788 et

2257 1731 2529 1786 Γαλιλαίαν
2556 1731 2651 1784 καὶ
2683 1731 2784 1800 τὴν
2820 1730 3080 1784 Ἰουδαίαν
3108 1729 3325 1785 ἅπασαν
3358 1727 3659 1799 ικπεριῐών
3685 1729 3819 1799 (78)·

566 1836 909 1899 ineruditus,
943 1842 999 1889 et
1026 1833 1237 1887 vinctus
1275 1832 1509 1901 peccatis
1550 1830 1664 1884 suis
1697 1830 1749 1882 iu
1805 1828 1984 1891 bivio,
2036 1826 2137 1880 hoc

2257 1822 2379 1875 λλλά
2410 1820 2670 1873 δεικνύων
2695 1821 2779 1873 ὅτι
2822 1821 2917 1873 isti
2958 1824 3052 1874 τὸν
3080 1819 3294 1873 ἰονικδν
3322 1818 3448 1871 λαὶν
3471 1816 3822 1887 ἀπιθήσετσι.

564 1936 652 1981 est
674 1927 777 1979 vita
806 1895 927 1988 hac,
981 1926 1120 1993 apud
1134 1895 1378 1993 januam,
1403 1938 1520 1989 qua:
1535 1932 1618 1977 est
1634 1931 1787 1975 extra
1817 1916 2135 1974 Ecclesiam.

2257 1914 2297 1977 l;
2330 1913 2559 1983 ἀπειθὴς
2591 1914 2689 1984 μὲν
2717 1908 2785 1986 ἦν
2825 1913 2921 1968 και⁵
2959 1912 3323 1977 ἀπαίδευτος,
3367 1910 3577 1965 ididem
3606 1911 3664 1965 δι
3706 1912 3824 1973 ταις

568 2018 793 2075 Solutus
831 2027 913 2073 est
958 2025 1142 2071 autem
1177 2017 1245 2071 ab
1278 2014 1535 2085 apostolis
1583 2027 1678 2082 per
1728 2011 2057 2081 baptismum
2086 2019 2142 2062 et

2257 2002 2463 2067 ιίκείσις
2494 2004 2787 2075 ἁμαρτίαις
2817 2005 2874 2057 ἐν
2897 2006 2962 2075 τῇ
2993 2004 3222 2074 ἀμφόδφ
3249 2044 3264 2069 ,
3313 2002 3560 2056 τουτέστι
3592 2002 3673 2073 τῷ
3728 2002 3829 2073 βίῳ

570 2112 730 2166 iidem
768 2126 783 2163 :
812 2120 867 2164 et
900 2118 1084 2163 vectus
1114 2118 1195 2163 est
1218 2108 1268 2160 in
1298 2122 1362 2161 eo
1405 2104 1666 2158 Dominus
1691 2141 1706 2166 ,
1750 2116 1875 2157 cum
1913 2100 2139 2169 apostoli

2257 2093 2437 2164 ςούτῳ,
2472 2095 2605 2164 πρὸς
2631 2093 2730 2163 τῆν
2748 2093 2921 2163 Θύραν
2948 2133 2961 2157 ,
2988 2094 3155 2163 ἠγουν
3192 2093 3301 2159 ἔξω
3329 2092 3428 2162 τῆς
3468 2092 3827 2163 Ἐκκλησίας.

572 2200 897 2255 vestimenta
926 2214 1044 2263 sua,
1078 2199 1183 2252 hoc
1214 2206 1319 2260 eat,
1344 2209 1561 2249 omnem
1591 2191 1685 2261 qui
1713 2200 1799 2245 est
1839 2205 1907 2245 ex
1946 2190 2143 2243 virtute

574 2294 826 2347 decorem
872 2290 1276 2359 imposuissent.
1311 2286 1466 2340 Prius
1494 2286 1635 2338 enim
1671 2282 1798 2337 nudi
1838 2293 1992 2337 erant
2023 2296 2149 2349 gen-

575 2386 696 2441 tiles
740 2395 793 2439 et
828 2383 1116 2446 deformes,
1156 2390 1435 2449 patrantes
1469 2378 1671 2433 uelatia
1701 2394 1715 2430 :
1743 2385 2026 2449 poslquam
2052 2388 2150 2427 au-

577 2488 685 2531 tem
716 2477 784 2529 ab
815 2474 1074 2545 apostolis
1116 2474 1331 2527 adducti
1363 2470 1581 2525 fuerunt
1603 2508 1617 2531 ,
1644 2478 1770 2522 tunc
1803 2470 2027 2521 honeste
2058 2468 2141 2518 di-

574 2569 823 2623 dicerunt
853 2566 1152 2628 ambulare.
1172 2573 1228 2621 et
1254 2574 1535 2634 propterea
1565 2562 1728 2616 etiam
1764 2560 1816 2613 in
1868 2557 2005 2629 ipsis
2031 2556 2142 2611 l‘er-
2183 2604 2186 2609 .

574 2667 666 2714 tur
708 2668 950 2728 gestatus
990 2657 1263 2712 Christus.
1297 2656 1525 2722 Quinam
1566 2664 1747 2707 autem
1784 2650 2025 2717 fuerunt,
2051 2650 2142 2718 qui

577 2754 730 2821 prius
748 2759 906 2805 erant
931 2748 1135 2804 domini
1167 2748 1317 2817 pulli,
1343 2748 1433 2816 qui
1467 2744 1738 2821 apostolos
1765 2743 2145 2811 prohiberent;

582 2819 764 2896 nonne
808 2840 1031 2895 omnino
1080 2839 1237 2909 331
1288 2819 1597 2894 ὁποιουοέῖ
1634 2835 1776 2891 Sane
1804 2843 1860 2891 et
1900 2836 1985 2890 bis
2015 2848 2147 2904 apo-

584 2933 713 2989 stoli
758 2932 1180 3001 prmvaluerunt.

2256 2187 2453 2256 Ἐλύθη
2486 2186 2542 2239 δὲ
2581 2187 2732 2256 παρά
2761 2187 2869 2238 τῶν
2906 2186 3169 2255 μαθητῶν
3201 2186 3289 2243 διὰ
3313 2186 3407 2245 τοῦ
3446 2185 3830 2256 βαπτίσματος

2244 2278 2338 2331 καὶ
2382 2279 2481 2348 τῆς
2540 2277 2782 2340 πίστεως
2813 2294 2826 2308 ·
2862 2279 2958 2331 καὶ
3008 2278 3271 2350 ἐπωχήϐη
3330 2278 3481 2349 αὐτῷ
3522 2280 3552 2333 6
3597 2279 3828 2350 Κὺριος,

2244 2369 2541 2422 δπιθέντων
2590 2366 2699 2423 τῶν
2746 2369 3058 2423 ἀποστόλων
3097 2371 3167 2423 τὰ
3200 2372 3393 2440 ίμάτιι
3429 2369 3639 2433 αὐτῶν,
3676 2387 3829 2424 τουτ-

2252 2464 2368 2515 έστι
2424 2464 2605 2516 πᾶσαν
2649 2462 3066 2533 εὐσχημοσύνην
3118 2463 3217 2532 τὴν
3263 2463 3320 2530 ιε
3353 2464 3580 2532 ἀρετῆς.
3630 2464 3833 2535 Πρώην

2253 2555 2349 2623 μὲν
2373 2554 2482 2623 γάρ
2512 2554 2711 2624 γυμνοὶ
2739 2553 2890 2617 ὄντες
2919 2555 2968 2606 oi
2995 2555 3054 2618 si
3105 2553 3278 2607 ιθνῶν
3309 2554 3627 2626 ἀσχήμονες
3668 2550 3833 2626 ἦσαν,

2252 2652 2583 2719 πράττοντες
2630 2651 2871 2721 ἄθεσμα.
2929 2651 3086 2706 Ἐπεὶ
3122 2652 3199 2705 δὲν
3234 2652 3339 2705 ὑπὸ
3368 2652 3477 2706 τῶν
3510 2654 3835 2707 ἀποστόλων

2252 2741 2516 2811 ήχθησαν,
2539 2741 2657 2795 τότε
2674 2742 2738 2810 δὴ
2755 2742 2874 2793 τότε
2892 2742 3241 2810 εὐσχημόνως
3260 2741 3463 2811 ἔμαθον
3484 2747 3835 2812 περιπατεῖν,

2253 2834 2347 2885 καὶ
2372 2833 2459 2885 διὰ
2479 2832 2637 2885 τοῦτο
2657 2834 2751 2885 καὶ
2774 2834 2857 2885 ἐπ’
2876 2833 3056 2884 αὐτῶν
3076 2834 3299 2904 φέρεται
3316 2837 3343 2887 6
3363 2834 3599 2906 Χριστὸς
3631 2836 3835 2905 βαστα-

2254 2923 2501 2994 ζόμενος.
2517 2924 2674 2987 Τίνες
2692 2925 2747 2977 δὲ
2768 2921 2907 2996 ἦσαν
2923 2927 2970 2978 οί
2988 2927 3179 2997 πρώην
3197 2927 3453 2981 δεσπόται
3471 2926 3566 2980 τοῦ
3585 2928 3771 2983 πώλου
3789 2929 3837 2981 οι

579 3020 879 3084 κωλύοντες
908 3025 1033 3084 τοὺς
1066 3020 1427 3085 ἀποστόλους,
1456 3019 1489 3091 ἢ
1518 3019 1732 3084 πάντως
1754 3019 1804 3073 oi
1839 3018 2095 3090 δαίμονες
2118 3034 2133 3082 ;
2159 3017 2323 3072 Ἀλλά
2349 3019 2443 3074 καὶ
2473 3018 2679 3072 τούτων
2704 3018 3152 3089 ἐπικρατέστεροι
3182 3020 3423 3089 γίνονται
3446 3023 3495 3075 oi
3523 3022 3835 3082 ἀπόστολοι.

654 3111 822 3167 Vsus.
858 3110 1008 3165 7—10.
1043 3130 1061 3163 ι
1096 3110 1160 3164 Ει
1181 3112 1521 3165 adduxerunt
1543 3110 1745 3181 pullum
1778 3113 1844 3164 ad
1865 3108 2073 3177 Iesum,
2102 3118 2152 3165 et

2334 3129 2354 3161 ε
2420 3111 2528 3163 Καὶ
2578 3110 2787 3180 ἤγαγον
2846 3110 2937 3163 τὸν
3004 3110 3187 3164 πῶλον
3250 3111 3387 3184 πρὸς
3439 3113 3534 3167 τὸν
3604 3106 3836 3187 Ἰησοῦν⁹

580 3205 889 3275 iniecerunt
917 3204 993 3257 illi
1018 3205 1339 3261 vestimenta
1370 3216 1489 3266 sua,
1514 3202 1759 3272 seditque
1787 3218 1949 3273 super
1974 3203 2149 3257 illum.

582 3294 738 3351 Multi
772 3312 897 3351 vero
922 3296 1245 3350 vestimenta
1272 3309 1373 3349 sua
1421 3295 1742 3349 sternebant
1784 3295 1838 3349 in
1867 3296 2035 3362 viam,
2062 3294 2156 3347 alii

586 3401 713 3440 vero
743 3384 963 3440 frondes
1002 3384 1311 3439 incidebant
1358 3397 1425 3437 ex
1482 3384 1792 3450 arboribus,
1846 3393 1902 3438 et
1934 3394 2151 3439 sterne-

585 3474 717 3532 bant
754 3480 806 3531 in
839 3477 999 3530 viam.
1029 3475 1097 3530 Et
1142 3477 1231 3545 qui
1296 3474 1671 3544 praecedebant
1716 3476 1915 3546 quique
1974 3492 2161 3546 seque-

587 3568 785 3622 bantur
826 3567 1135 3621 clamabant
1178 3566 1420 3621 dicentes
1458 3584 1473 3621 :
1510 3566 1765 3621 Hosanna
1797 3606 1812 3631 ,
1846 3566 2160 3623 benedictus

587 3662 681 3733 qui
724 3661 872 3715 venit
906 3660 958 3715 in
984 3658 1199 3715 nomine
1230 3658 1463 3713 Domini.
1490 3658 1840 3715 Benedictum
1874 3663 2015 3728 quod
2063 3676 2155 3715 ve-

590 3753 671 3806 nit
696 3765 942 3817 regnum,
985 3749 1037 3803 in
1062 3748 1283 3803 nomine
1313 3750 1520 3802 Domini
1545 3750 1717 3815 patris
1748 3746 1918 3802 nostri
1950 3747 2114 3802 David
2144 3766 2157 3801 :

588 3840 842 3897 Hosanna
877 3841 930 3894 in
963 3838 1265 3913 altissimis.
1314 3856 1333 3891 ι
1366 3838 1656 3892 Multitudo
1684 3838 1938 3907 quamdiu
1979 3839 2161 3891 incor-

594 3944 749 4003 rupta
780 3942 981 3997 manet,
1015 3931 1261 4000 agnoscit
1305 3939 1565 3997 quantum
1615 3942 1748 3998 opus
1773 3940 1889 3981 erat
1919 3945 1931 3980 :
1957 3928 2077 3981 ideo
2104 3936 2160 3983 et

594 4022 789 4091 singuli
816 4035 915 4090 pro
967 4020 1171 4074 vitibus
1214 4019 1327 4072 suis
1360 4017 1543 4072 Jesutn
1607 4027 1958 4071 venerantur.
2015 4018 2159 4072 Lau-

594 4111 789 4166 dantes
819 4122 993 4164 autem
1013 4108 1142 4178 quid
1164 4109 1423 4175 dixerint,
1451 4110 1745 4163 videamus.
1774 4110 1815 4161 Α
1839 4109 2002 4163 David
2032 4126 2163 4164 sane

594 4203 853 4272 hymnum
912 4202 1059 4254 illum
1110 4214 1412 4267 sumpsere.
1474 4199 1645 4253 Porro
1706 4198 1955 4254 Hosanna
2012 4200 2163 4269 juxta

594 4292 852 4361 quosdam
884 4292 1170 4362 signiﬁcat,
1216 4291 1385 4355 salva,
1419 4292 1645 4346 obsecro
1678 4291 1867 4357 :juxta
1906 4293 2166 4361 quasdam

594 4398 745 4449 vero,
782 4384 1056 4451 hymnum.
1109 4382 1327 4437 Rectius
1378 4392 1557 4435 tamen
1589 4392 1670 4437 est
1714 4384 1854 4451 quod
1880 4384 2053 4453 primo
2085 4384 2166 4436 di-

2259 3204 2355 3257 καὶ
2410 3202 2672 3255 ἐπέϐαλον
2719 3202 2868 3271 αὐτῷ
2929 3202 2999 3255 τά
3048 3205 3238 3273 ίμάτια
3289 3205 3507 3271 αὐτῶν,
3563 3208 3663 3262 καὶ
3711 3210 3835 3263 tnd-

2259 3294 2408 3346 Θισεν
2457 3297 2544 3346 ἐπ’
2576 3294 2761 3348 αὐτόν.
2791 3295 2983 3348 Πολλοὶ
3008 3297 3066 3349 δὲ
3106 3298 3176 3349 τά
3202 3298 3397 3366 ἱμάτια
3423 3298 3607 3351 αὐτῶν
3634 3300 3838 3370 εστρωο

2263 3402 2362 3437 σαν
2388 3386 2467 3448 είς
2497 3386 2594 3457 τὴν
2627 3386 2742 3439 665v
2762 3404 2775 3417 ·
2816 3388 2967 3442 ἀλλοι
2994 3388 3052 3441 δὲ
3080 3388 3336 3453 στιϐάδας
3378 3390 3611 3444 ἔκοπτον
3633 3392 3699 3445 ὲκ
3738 3393 3838 3445 τῶν

2260 3475 2513 3545 δένδρων,
2542 3477 2636 3529 καὶ
2666 3478 3005 3548 ἐστρώννυον
3029 3480 3107 3541 είς
3147 3480 3249 3551 τὴν
3288 3480 3425 3537 ὁδόν.
3476 3483 3588 3537 Καὶ
3618 3485 3670 3538 οι
3701 3501 3832 3554 προ·

2261 3568 2488 3635 ἄγοντες
2546 3571 2641 3623 καὶ
2675 3572 2725 3623 oi
2772 3570 3196 3637 ἀκολουθοῦντες
3255 3573 3492 3644 ἔκραζον
3542 3576 3835 3645 λέγοντες·

2273 3660 2504 3715 ὀσαννά
2526 3662 2890 3732 εὐλογημένος
2918 3664 2946 3717 6
2969 3665 3265 3735 ἐρχόμενος
3290 3670 3346 3719 ιν
3368 3668 3595 3735 ὀνόματι
3612 3670 3838 3739 Κυρίου.

2264 3751 2617 3824 Εὐλογημένη
2644 3756 2677 3825 ή
2709 3758 2978 3826 ἐρχομένη
3012 3742 3257 3826 βασιλέία
3288 3759 3345 3811 ἰν
3380 3759 3610 3829 ὀνόματι
3636 3762 3834 3833 Κυρίου

2264 3844 2357 3897 τοῦ
2383 3848 2589 3915 πατρὸς
2612 3848 2767 3915 ἡμῶν
2797 3848 2989 3900 Δαδίδ·
3034 3848 3262 3902 Ὡσαννά
3294 3850 3350 3901 ιν
3377 3852 3489 3913 τοῖς
3514 3852 3786 3921 ὑψίστοις.
3817 3872 3832 3904 ι

2266 3936 2338 3986 Τὸ
2376 3936 2580 4005 πλῆθος
2615 3938 2807 4007 μέχρις
2839 3938 2905 3991 ἂν
2936 3937 3262 4009 ἀδιάφθορον
3296 3939 3455 4011 μένῃ,
3487 3941 3842 4009 ἐπιγινώσκει

2264 4024 2327 4075 τὸ
2358 4024 2495 4077 δέον.
2561 4024 2651 4075 Διὸ
2687 4026 2781 4077 κα)⁹
2829 4025 3032 4093 τιμῶσι
3071 4024 3161 4078 τὸν
3222 4024 3428 4096 Ἰησοῦν
3481 4026 3716 4091 ἕκαστος
3770 4027 3839 4091 ὡς

2268 4109 2380 4181 εἶχε
2412 4114 2719 4184 δυνάμεως.
2752 4116 2813 4167 0i
2845 4116 2898 4167 δὲ
2934 4116 3231 4183 ὑμνοῦντες
3280 4117 3333 4169 τί
3371 4116 3582 4185 ἔλεγον,
3626 4120 3838 4189 ἴδωμεν.

2283 4204 2379 4257 Ἐκ
2410 4204 2504 4257 τοῦ
2534 4205 2696 4258 Δασὶδ
2728 4207 2827 4275 μὶν
2859 4206 2950 4258 τὸν
3000 4205 3168 4275 ὒμνον
3195 4207 3386 4260 τοῦτον
3436 4207 3658 4263 ιλασσν.
3689 4210 3762 4263 Τὸ
3786 4210 3837 4262 δὲ

2288 4293 2537 4363 Ὠἑαννά,
2576 4297 2716 4352 κατὰ
2752 4299 2850 4367 μέν
2882 4316 3032 4361 τινας
3060 4299 3338 4368 σημαίνει,
3370 4299 3546 4351 σῶσον
3580 4300 3673 4368 δὴ,
3708 4304 3839 4355 κατὰ

2269 4386 2323 4438 δέ
2349 4404 2501 4449 τινας
2544 4390 2823 4457 σημαίνει,
2864 4388 3053 4457 ὕμνος.
3105 4390 3271 4461 Πλὴν,
3303 4392 3556 4460 κρεῖττον
3606 4393 3669 4445 τὸ
3700 4394 3838 4463 πρῶ-

595 4485 761 4527 ctnm.
794 4471 1038 4527 [labetur
1074 4475 1221 4529 enim
1256 4476 1309 4528 in
1339 4475 1637 4529 centesimo
1667 4476 1878 4529 decimo
1910 4477 2152 4545 .scptintc

2269 4495 2379 4531 τον.
2426 4480 2515 4533 Ἐν
2558 4453 2677 4550 γάρ
2698 4482 2773 4551 τῷ
2816 4453 3094 4550 ἑκατοστῷ
3145 4453 3601 4553 ἑπτακαιδεκάτῳ
3651 4453 3842 4554 ψαλμῷ

598 4566 887 4633 psalmo,§0
917 4565 1160 4629 Domine,
1195 4566 1374 4630 salva,
1412 4568 1637 4621 obsecro
1670 4585 1682 4619 :
1716 4567 1767 4619 id
1807 4567 1949 4635 quod
1979 4569 2030 4619 in
2061 4567 2165 4621 ile-

602 4654 783 4707 braico
838 4654 1085 4707 Hosauna
1136 4657 1391 4725 scriptum
1436 4668 1535 4710 est.
1572 4654 1816 4727 Regnum
1854 4669 2029 4711 autem
2063 4656 2166 4712 Da-

602 4747 688 4799 vid
738 4759 961 4815 regnum
991 4746 1191 4802 Christi
1227 4750 1493 4812 dicebant,
1553 4759 1664 4803 tum
1714 4751 1855 4819 quod
1884 4766 1913 4803 a
1959 4752 2163 4807 semine

601 4836 765 4891 David
784 4838 1044 4893 deductus
1069 4838 1502 4907 essethristus,
1541 4850 1651 4894 tum
1695 4842 1837 4909 quod
1877 4842 2042 4896 David
2081 4844 2163 4897 in-

604 4931 883 4997 terpretari
912 4932 1032 4999 quis
1056 4940 1253 5001 potest,
1288 4944 1560 4999 potentem
1586 4934 1667 4987 vel
1699 4934 1952 4987 idoneum
1978 4951 2161 4990 manu.

602 5020 733 5085 Quis
754 5031 928 5074 autem
965 5022 1107 5075 alius
1155 5038 1315 5075 manu
1354 5039 1524 5091 usque
1571 5023 1705 5079 adeo
1750 5025 1961 5079 validus
1997 5036 2050 5077 et
2074 5042 2171 5093 po-

605 5126 721 5169 tens
753 5124 810 5168 ut
836 5114 1115 5179 Dominus,
1148 5114 1300 5179 cujus
1328 5130 1519 5168 manus
1560 5124 1706 5169 tanta
1746 5116 2005 5169 miracula
2044 5128 2171 5169 sunt

602 5206 866 5272 operata?
893 5204 1157 5260 Czcterutn
1182 5214 1488 5260 sternatnus
1514 5218 1569 5262 et
1592 5222 1691 5262 nos
1723 5209 2041 5261 veStimenta
2076 5223 2172 5258 nu-

605 5306 737 5361 stra,
778 5298 877 5349 boc
908 5299 993 5350 est
1033 5310 1273 5350 carnem.
1329 5295 1511 5350 VeSliS
1567 5299 1710 5351 enim
1754 5299 1967 5362 animae,
2017 5312 2169 5360 caro,

604 5400 762 5455 quant
793 5388 1145 5453 subjiciatnus
1184 5385 1435 5453 Domino,
1465 5398 1517 5441 et
1541 5399 1843 5442 sternamus
1866 5392 2006 5442 viam
2048 5390 2170 5443 vita:

606 5487 802 5530 nostra:
831 5496 846 5532 :
878 5480 1212 5544 deputantes,
1244 5489 1296 5531 et
1328 5479 1627 5533 incidentes
1666 5482 1733 5532 ab
1758 5482 2042 5535 arboribus
2077 5496 2165 5533 ra-

608 5584 638 5619 n
661 5583 742 5635 os,
774 5569 875 5623 hoc
920 5579 1025 5637 est,
1061 5583 1372 5625 sanctorum
1406 5571 1542 5626 vitas
1589 5573 1882 5625 imitemur.
1918 5576 2168 5627 .Arltores

2271 4575 2482 4624 κεῖται·
2513 4568 2583 4623 Ὦ
2615 4574 2805 4642 Κύριε,
2846 4574 3017 4624 σῶσον
3054 4572 3118 4643 δή
3158 4590 3171 4602 ⁸
3204 4575 3338 4643 ὅπερ
3374 4577 3430 4626 ἐν
3467 4576 3544 4643 τῷ
3579 4576 3843 4647 Ἐϐραῖκῴ

2284 4664 2513 4716 Ὡσαννά
2553 4666 2886 4735 γέγραπται.
2947 4666 3231 4717 Βασιλείαν
3264 4665 3317 4717 δὲ
3362 4666 3525 4718 Δαϐιδ
3551 4669 3651 4737 τὴν
3698 4668 3841 4737 βασι-

2271 4758 2418 4810 λείαν
2445 4759 2537 4810 τοῦ
2561 4757 2800 4828 Χριστοῦ
2828 4758 3032 4823 ἔλεγον,
3058 4757 3173 4828 ἅμα
3201 4758 3299 4826 μὲν
3325 4756 3464 4810 διότι
3496 4758 3593 4810 καὶ
3624 4761 3737 4813 ἀπὸ
3759 4758 3841 4812 τοῦ

2274 4850 2590 4917 σπέρματος
2620 4847 2713 4899 τοῦ
2750 4848 2914 4901 Δαειδ
2954 4850 3221 4918 κατήγετο
3258 4850 3285 4900 6
3317 4848 3523 4920 Κύριος
3548 4891 3564 4915 ,
3625 4852 3743 4921 ἅμα
3771 4851 3839 4914 δὲ,

2272 4939 2355 4990 ὃτι
2388 4939 2548 4990 Δαδὶδ
2580 4940 2969 5009 ἑρμηνεύεται,
2998 4941 3222 5003 δυνατὸς
3278 4943 3444 5011 χειρὶ,
3487 4943 3609 5011 ἦτοι
3667 4943 3839 5003 ἱκανὸς

2275 5031 2437 5098 χειρί.
2478 5030 2571 5091 Τίς
2612 5030 2667 5080 δὲ
2719 5031 2874 5093 ἄλλος
2914 5033 3095 5095 ἱκανὸς
3149 5035 3316 5103 χειρὶ,
3348 5034 3395 5084 εί
3442 5034 3516 5102 μὴ
3545 5036 3572 5083 ὁ
3602 5035 3801 5104 Κύριος
3828 5076 3839 5097 ,

2273 5116 2332 5172 οὗ
2366 5122 2418 5170 εί
2452 5122 2629 5190 χεῖρες
2677 5122 2916 5174 τοσαῦτα
2978 5122 3232 5191 (latinam
3294 5125 3649 5191 ὲνήργησανς
3694 5124 3843 5176 Ἀλλὰ

2276 5213 2381 5281 γὰρ
2424 5212 2756 5282 στρώσωμεν
2813 5217 2907 5266 καὶ
2956 5218 3115 5284 ἡμεῖς
3165 5217 3229 5267 τὰ
3276 5217 3466 5285 ἱμάτια
3518 5218 3699 5287 ἡμῶν,
3736 5219 3842 5287 ἦτοι

2273 5306 2369 5371 τὴν
2401 5306 2577 5373 σάρκα
2620 5305 2855 5376 (ἱμάτιον
2911 5310 3019 5377 γὰρ
3070 5309 3102 5376 ἡ
3146 5308 3283 5376 σὰρξ
3343 5309 3441 5376 τῆς
3477 5308 3710 5377 ψυχῆς),
3757 5314 3843 5361 καὶ

2278 5396 2635 5466 ὑποτὰξωμεν
2668 5400 2871 5468 ταύτην
2902 5400 2977 5469 τῷ
3010 5401 3218 5469 Κυρίῳ.
3258 5401 3366 5452 Καὶ
3391 5401 3729 5471 στρώσωμεν
3756 5402 3845 5470 την

2278 5486 2396 5536 ὁδὸν
2432 5487 2522 5539 τοῦ
2548 5490 2819 5557 ἡμετέρου
2869 5491 3005 5560 βίου,
3063 5492 3353 5554 κόπτοντες
3382 5492 3447 5543 ἐκ
3485 5493 3595 5545 τῶν
3624 5493 3843 5563 δένδρων

2278 5576 2523 5639 κλάδους,
2556 5582 2825 5647 τουτέστι,
2863 5585 2987 5646 τοὺς
3022 5583 3133 5636 τῶν
3172 5582 3343 5651 ἁγίων
3390 5582 3542 5652 βίους
3580 5585 3847 5656 μιμούμε-

1592 5710 1681 5769 Ex
1716 5710 2054 5773 collatione
2104 5713 2290 5773 codd.
2329 5716 2549 5777 Venet.
2587 5720 2646 5778 ἓ.
2676 5722 2890 5780 Marci.

689 5828 801 5897 (τι)
839 5828 1163 5901 Ἐκπεριῖὼν
1193 5831 1355 5901 πεζῇ,
1390 5832 1543 5887 codd.
1578 5831 1669 5896 se,
1706 5832 1771 5884 50
1801 5843 1850 5885 cl
1876 5834 1963 5887 ει.
