4022 6500
587 433 692 500 (23

1505 420 2082 487 THEOPHYLACTI
2128 417 2539 482 ΒυιϐΑιιιΛι
2579 415 2933 478 ARCHIEP.

3729 411 3832 477 624

589 547 802 606 tradi:le
840 544 1120 608 Romanis,
1149 553 1199 598 et
1234 540 1488 613 pepulttm
1519 539 1803 596 collocavit
1840 537 1960 591 a‘iis
2007 535 2146 604 agri-

2271 534 2407 600 Γνς,
2435 533 2694 587 ἀπολέσει
2718 532 2842 593 τοὺς
2867 529 3170 601 γεωργοὺς,
3196 525 3477 598 παραδοὺς
3506 525 3709 590 αὐτοὺς
3731 530 3840 590 τοῖς

585 641 740 706 colis,
776 635 1028 707 apostolis
1063 635 1290 689 scilicet.
1336 633 1426 688 Vis
1473 633 1654 686 videre
1707 629 1980 698 quomodo
2023 641 2150 696 apo-

585 735 708 789 Sluli
764 730 1029 787 coluerint
1071 727 1321 784 vineam?
1354 726 1494 797 Lege
1539 723 1744 778 librum
1779 722 2063 782 Actorum,
2100 729 2152 772 et

587 823 828 878 invenies
866 820 964 874 tria
1001 817 1168 874 millia
1199 826 1254 873 et
1279 814 1518 884 quinque
1541 813 1706 868 millia
1740 811 1898 867 simul
1927 809 2152 866 credere

587 932 647 969 ac
689 913 870 970 oﬂerri
914 913 965 967 in
997 910 1265 981 primitias
1301 907 1428 963 Deo.

656 1169 821 1224 Vens.
862 1168 1043 1224 ιιι-ιε.
1082 1188 1100 1221 t
1148 1168 1230 1223 An
1272 1183 1339 1222 ne
1370 1167 1508 1221 hanc
1555 1165 1770 1236 quidem
1815 1163 2150 1234 Scripturam

585 1262 824 1331 legistis?
850 1261 1100 1329 Lapidem
1148 1273 1306 1326 quem
1343 1258 1761 1326 reprobaverunt
1794 1255 1828 1308 ii
1861 1256 1950 1324 qui
1979 1253 2150 1308 21‘le-

586 1361 802 1420 cabant,
836 1356 922 1409 hic
972 1353 1145 1404 laetus
1190 1359 1272 1403 est
1315 1351 1363 1402 in
1396 1358 1552 1414 caput
1595 1347 1774 1416 anguli
1813 1365 1824 1399 :
1859 1362 1886 1399 a
1930 1346 2156 1400 Domino

588 1455 760 1504 fztt'llts
788 1459 869 1503 est
906 1447 1012 1510 ltic,
1044 1455 1096 1499 et
1139 1453 1224 1498 est
1269 1441 1617 1495 admirandus
1646 1442 1696 1494 in
1727 1439 1896 1494 oculis
1935 1440 2151 1495 nostris.

588 1547 649 1599 Et
691 1542 1003 1612 qurerebant
1049 1556 1169 1594 eum
1220 1537 1700 1605 comprehendere,
1749 1545 1803 1589 et
1845 1534 2156 1588 metuebant

588 1639 795 1691 turbam
833 1636 1116 1692 :scieliant
1154 1634 1296 1686 enim
1330 1630 1473 1700 quod
1523 1630 1782 1683 adversus
1825 1627 1968 1693 ipsos
2001 1640 2157 1692 para-

587 1730 761 1784 lolam
791 1728 1035 1782 dixisset.
1071 1725 1132 1778 Et
1163 1725 1348 1779 relicto
1378 1725 1466 1776 illo
1490 1722 1756 1774 abierunt.
1793 1739 1811 1771 ι
1847 1717 1952 1772 Per
1977 1717 2155 1771 omnia

589 1823 687 1873 ista
715 1818 954 1872 ostendit
979 1817 1181 1885 eiectos
1203 1813 1438 1877 Iudaeos,
1465 1822 1656 1880 gentes
1685 1821 1861 1864 autem
1887 1816 2152 1876 acceptas.

2274 626 2587 698 Ῥωμαίοις.
2620 627 2730 680 Kal
2759 626 2848 678 τὸν
2872 625 3001 678 λαὸν
3025 623 3306 678 έκδόσεται
3333 622 3518 685 ἄλλοις
3545 621 3838 691 γεωργοῇ,

2259 721 2508 774 τουτέστι
2566 721 2678 782 τοῖς
2723 717 3068 780 ἀποστόλοις.
3129 715 3316 779 Θέλεις
3372 714 3484 785 γάρ
3537 714 3672 768 ιδεῖν
3722 711 3839 774 πῶς

2263 795 2619 882 έγεώργησαν
2651 811 2701 863 ot
2724 808 3014 862 ἀπόστολοι
3035 807 3128 861 τιν
3150 805 3491 876 ἀμπελῶνα;
3533 800 3841 870 ’Δνάγνωθι

2258 903 2358 972 τὴν
2387 902 2497 954 τῶν
2523 901 2784 971 Πράεεων
2826 897 3030 969 βίϐλον,
3076 898 3170 951 καὶ
3197 897 3454 966 εὑρήσεις
3507 893 3843 965 τρισχιλίους

2260 996 2353 1048 καὶ
2381 992 2856 1062 πεντακισχιλίους
2884 989 3081 1060 ἀθρόον
3109 991 3470 1052 πιστεύοντας
3498 988 3596 1041 καὶ
3626 1001 3839 1056 καρπο-

2261 1087 2629 1159 φορουμένους
2654 1086 2732 1150 τῷ
2766 1083 2911 1152 Θεῷ.

2341 1197 2357 1228 t
2411 1177 2543 1231 Οὐδὲ
2591 1177 2690 1247 τὴν
2738 1175 2960 1246 Γραφὴν
3008 1172 3214 1238 ταύτην
3251 1168 3560 1238 ἀνέγνωτε;
3603 1165 3770 1221 Λίθον
3790 1165 3846 1220 δν

2261 1267 2675 1338 ἀπεδοκίμασαν
2723 1266 2774 1319 οί
2824 1263 3254 1335 οίκοδομοῦντες,
3290 1253 3446 1323 οὗτος
3491 1257 3734 1327 ἐγενήθη
3773 1257 3850 1319 είς

2263 1361 2505 1431 κεφαλὴν
2561 1357 2802 1427 γωνίας·
2840 1357 2991 1429 παρά
3043 1354 3250 1427 Κυρίου
3289 1352 3509 1421 nam
3556 1350 3706 1419 αῦτη
3757 1350 3849 1402 καὶ

2263 1455 2378 1507 ἔστι
2411 1450 2700 1521 Θαυμαστὴ
2730 1452 2788 1502 ὲν
2815 1448 3112 1518 όφοαλμοῖς
3139 1444 3315 1516 ἡμῶν.
3350 1443 3461 1497 Kal
3490 1439 3725 1512 ιζήτουν
3752 1440 3849 1492 αὒ-

2262 1544 2351 1598 τδν
2385 1545 2674 1614 κρατῆσαι.
2706 1546 2799 1593 καὶ
2834 1538 3182 1609 ἐφοϐήθησαν
3219 1535 3311 1590 τδν
3346 1533 3523 1604 ϐχλον.
3561 1533 3850 1600 Ἐγνωσαν

2264 1637 2371 1708 γάρ
2399 1637 2480 1690 δτι
2505 1635 2638 1706 πρὸς
2668 1633 2865 1695 αὐτοὺς
2892 1633 2990 1696 τὴν
3023 1627 3346 1699 παραϐολὴν
3368 1621 3511 1679 εἶπε.
3537 1625 3654 1678 Kal
3684 1623 3849 1691 ἀφένυ

2263 1745 2354 1792 τες
2389 1727 2574 1788 αὑτὸν,
2611 1724 2879 1794 ἀπῆλθον.
2920 1743 2936 1772 ι
2973 1721 3072 1774 Διά
3105 1720 3325 1774 πάντων
3363 1716 3570 1771 τούτων
3611 1714 3851 1769 δείκνυσι

2263 1820 2388 1883 τοὺς
2458 1819 2556 1888 μιν
2631 1815 2920 1877 Ἰουδαίους
2976 1810 3418 1882 ἀποϐληθέντας,
3476 1810 3546 1862 τὰ
3601 1807 3660 1861 δὶ
3725 1806 3851 1874 tow;

589 1910 746 1979 Lapis
769 1908 932 1980 236
958 1909 1099 1960 enim
1137 1905 1246 1971 ille,
1277 1904 1529 1958 Dominus
1557 1922 1569 1957 :
1600 1901 1930 1956 :edillcantes
1956 1909 2158 1959 autem,

2271 1908 2685 1982 προσδεχθέντα.
2717 1906 2879 1970 Λίθος
2913 1903 3013 1976 μιν
3038 1904 3148 1975 γὰρ
3185 1903 3348 1965 αὐτὸς
3380 1903 3410 1956 ό
3435 1901 3670 1970 Κύριος,
3702 1898 3848 1952 οίκοο

587 2005 835 2056 iloetores
853 1999 1053 2070 populi.
1070 1997 1235 2064 Quem
1257 1998 1417 2065 igitur
1452 1997 1869 2065 reprobaverunt
1885 1994 2156 2052 doctores,

589 2095 674 2148 ille
721 2095 772 2148 in
811 2103 973 2163 caput
1020 2091 1198 2162 anguli
1234 2091 1409 2146 factus
1443 2097 1544 2144 est.
1582 2088 1755 2156 Caput
1795 2087 1938 2142 enim
1976 2085 2160 2141 Eccle-

587 2191 678 2242 sia:
704 2187 878 2242 factus
905 2194 1006 2241 est.
1035 2185 1274 2257 Angulus
1300 2185 1444 2240 enim
1470 2183 1736 2248 Ecclesia,
1761 2197 1880 2252 qua:
1903 2181 1962 2234 in
1993 2195 2157 2233 unum

587 2279 864 2349 conjungit
913 2277 1126 2332 Judzeos
1185 2287 1238 2332 et
1293 2276 1566 2346 gentiles:
1609 2272 2059 2343 quemadmodum
2107 2280 2163 2323 et

591 2373 820 2443 angulus
841 2369 979 2425 duos
1012 2371 1243 2440 parietes
1272 2369 1412 2421 inter
1435 2382 1494 2422 se
1523 2367 1833 2422 committit.
1867 2365 2037 2434 Igitur
2060 2363 2163 2416 iste

591 2466 845 2537 angulus,
894 2463 992 2518 hoc
1041 2471 1126 2516 est
1171 2461 1428 2523 Ecclesia,
1483 2475 1510 2511 a
1566 2458 1792 2512 Dumin
1867 2456 2062 2512 factus.
2098 2453 2162 2507 Et

589 2568 672 2612 est
704 2553 962 2609 mirabilis
1007 2553 1060 2606 in
1112 2563 1420 2606 nostrorum
1470 2550 1703 2604 lidelium
1739 2547 1930 2603 oculis.
1965 2549 2044 2601 Ab
2078 2547 2161 2600 itt-

594 2631 842 2698 lidelibus
874 2643 1015 2696 enim
1051 2640 1305 2694 miracula
1352 2639 1677 2692 calumniam
1715 2637 2010 2706 patiuntur.
2059 2633 2161 2688 Mi-

594 2733 779 2786 rabilis
799 2742 883 2785 est
914 2731 1074 2800 igitur
1108 2727 1367 2787 Ecclesia,
1398 2726 1549 2796 quasi
1576 2739 1639 2778 ex
1667 2723 1938 2776 miraculis
1961 2722 2160 2774 consti-

594 2833 731 2886 tuta,
770 2820 994 2874 Domino
1043 2826 1368 2887 cooperante
1427 2813 1706 2883 apostolis,
1758 2821 1812 2866 et
1860 2822 2162 2865 sermonem

592 2912 947 2968 eonﬁrmante
975 2925 1069 2980 per
1098 2911 1372 2978 sequentia
1406 2907 1577 2977 signa.

663 3196 829 3252 Vna.
867 3193 1052 3248 13-17.
1096 3211 1113 3243 ε
1160 3191 1222 3246 Et
1264 3193 1484 3246 mittunt
1529 3189 1596 3244 ad
1645 3185 1790 3240 illum
1834 3185 2094 3253 quosdam
2134 3199 2163 3237 e

593 3288 882 3346 i‘harisaﬁs
899 3294 953 3341 et
981 3283 1321 3349 Herodianis,
1347 3293 1403 3335 ut
1429 3297 1552 3336 eum
1585 3288 1870 3347 captarent
1892 3289 2162 3332 sermone.

595 3380 671 3438 llli
704 3394 832 3435 vero
858 3394 979 3434 cum
1022 3377 1317 3440 venissent,
1357 3376 1543 3430 dicunt
1577 3373 1626 3429 ei
1663 3391 1674 3426 :
1714 3371 2040 3438 Praeceptor,
2063 3367 2166 3423 sci-

593 3490 716 3529 mus
747 3473 889 3543 quod
923 3482 1087 3527 verax
1120 3483 1199 3533 es,
1232 3475 1287 3522 et
1322 3483 1424 3521 non
1461 3480 1619 3520 curas
1650 3476 1975 3533 quemquam
2010 3479 2023 3514 :
2062 3474 2166 3514 non

595 3565 738 3618 enim
764 3561 988 3633 respicis
1016 3574 1300 3630 personam
1333 3558 1629 3620 hominum,
1664 3555 1755 3610 sed
1787 3571 1909 3610 eum
1943 3555 2168 3609 veritate

595 3655 737 3708 viam
769 3653 861 3708 Dei
895 3653 1073 3706 doces.
1104 3649 1256 3704 Licet
1287 3664 1503 3702 censum
1532 3649 1657 3700 dare
1682 3646 1994 3709 Caesaripan
2023 3645 2170 3700 non?

595 3742 810 3806 demus,
835 3757 902 3795 an
943 3756 1047 3794 non
1083 3739 1314 3793 demus?
1343 3738 1430 3793 Ille
1471 3752 1599 3794 vero
1637 3738 1813 3793 sciens
1853 3739 2063 3792 illorum
2097 3738 2171 3792 si-

597 3834 970 3894 mulationem,
1011 3829 1148 3882 disit
1179 3828 1284 3881 illis
1320 3845 1334 3880 :
1366 3830 1504 3894 Quid
1552 3844 1636 3882 me
1677 3826 1934 3882 tentatis?
1970 3824 2170 3881 Alierte

598 3925 727 3979 mini
765 3922 1069 3986 denarium,
1115 3933 1171 3974 ιιι
1213 3922 1446 3975 videant.
1483 3922 1557 3975 Illi
1591 3935 1719 3975 vero
1763 3919 2074 3974 attulerunt.
2106 3917 2171 3973 Et

596 4015 727 4068 dicit
755 4014 832 4068 eis
869 4029 882 4065 :
920 4011 1086 4079 Cujus
1123 4023 1209 4066 est
1265 4013 1438 4080 imago
1496 4014 1607 4066 bac
1653 4021 1706 4065 et
1742 4010 2059 4082 inscriptio?
2089 4010 2168 4064 Illi

597 4117 778 4162 autem
812 4107 1069 4160 dixerunt
1122 4105 1206 4158 ei:
1256 4103 1506 4159 Caesaris.
1544 4104 1606 4159 Et
1631 4103 1958 4172 respondens
1992 4103 2168 4167 Jesus,

599 4202 736 4254 dixit
789 4199 892 4251 illis
927 4215 940 4250 :
981 4195 1208 4253 Reddite
1243 4211 1360 4261 (ιιιαξ
1394 4205 1517 4249 sunt
1562 4195 1813 4259 Caesaris,
1840 4195 2040 4250 (Βεεθτὶ
2077 4204 2172 4249 :et

594 4307 717 4361 qua
741 4303 869 4344 sunt
911 4288 1025 4355 Dei,
1059 4291 1197 4354 Deo;
1230 4299 1284 4344 et
1322 4287 1571 4342 admirati
1597 4298 1722 4343 sunt
1749 4289 1814 4341 de
1845 4301 1927 4342 eo.
1972 4305 1989 4337 ι
2023 4285 2170 4340 Dixi-

602 4398 720 4438 mus
751 4372 915 4436 ctiam
952 4381 1084 4434 alias
1109 4381 1174 4434 de
1208 4377 1550 4445 Herodianis,
1578 4378 1718 4448 quod
1754 4377 1916 4433 luerit
1953 4378 2171 4432 lneresls

598 4475 840 4543 quadam
889 4484 1014 4527 tunc
1048 4487 1217 4542 nuper
1256 4482 1374 4526 orta
1413 4471 1724 4534 dicentium,
1760 4471 2022 4526 Herodem
2049 4485 2170 4525 esse

2266 2000 2556 2072 δομοῦντες
2583 2000 2660 2065 δὲ,
2694 2001 2742 2053 οί
2777 1998 3090 2056 διδάσκαλοι
3123 1995 3218 2050 τοῦ
3261 1995 3414 2051 λαοῦ.
3477 1993 3578 2048 ’ον
3625 1987 3723 2047 οὖν
3751 1995 3855 2046 άπ-

2266 2094 2595 2164 εδοκίμασαν
2625 2094 2675 2146 ol
2714 2091 3047 2156 διδάσκαλοι,
3075 2082 3232 2152 οὗτος
3261 2089 3342 2152 είς
3377 2085 3626 2158 κεφαλὴν
3652 2084 3856 2155 γωνίας

2267 2189 2501 2256 ίγένετο,
2546 2186 2760 2255 κεφαλὴ
2807 2184 2907 2254 τῆς
2951 2181 3280 2253 Ἐκκλησίας
3326 2179 3644 2252 γενόμενος.
3679 2178 3857 2234 Fulvia

2268 2281 2376 2350 γλρ
2419 2281 2454 2350 ἡ
2510 2276 2828 2346 Ἐκκλησία,
2869 2278 2946 2340 ὡς
3002 2275 3352 2330 συνάπτουσα
3392 2272 3488 2328 καὶ
3534 2269 3858 2327 ἑνοποιοῦσα

2270 2371 2475 2434 πάντας
2514 2370 2803 2432 Ἰουδαίους
2830 2371 2923 2422 και
2955 2367 3248 2439 Ἕλληνας,
3273 2367 3467 2437 ὥσπερ
3489 2367 3586 2421 καὶ
3612 2367 3649 2437 ὴ
3687 2365 3858 2435 γωνία

2267 2460 2361 2514 δύο
2381 2461 2596 2530 τοίχους
2617 2460 2866 2530 ἀλλήλοις
2917 2459 3199 2520 συνάπτει,
3234 2455 3600 2528 μεσιτεύουσα
3623 2456 3857 2526 ἀμφοῖν.

2268 2549 2419 2620 Αὕτη
2449 2549 2506 2604 δὲ
2547 2551 2578 2619 ἡ
2625 2550 2816 2618 γωνία,
2846 2550 2966 2620 ἦτοι
3014 2551 3046 2616 ὴ
3104 2545 3430 2617 Ἐκκλησία,
3465 2544 3619 2615 παρά
3652 2544 3858 2616 Κυρίου

2272 2643 2510 2710 ἐγένετο,
2585 2644 2678 2695 καὶ
2728 2643 2843 2694 ἐστι
2899 2639 3186 2709 θαυμαστὴ
3238 2641 3298 2692 εν
3347 2637 3654 2708 ὀφθαλμοῖς
3705 2636 3858 2707 ἡμῶν

2270 2737 2379 2788 τῶν
2421 2733 2647 2788 πιστῶν.
2697 2735 2821 2796 Τοῖς
2870 2733 2976 2803 γὰρ
3051 2734 3301 2797 ἀπίστοις
3346 2731 3442 2785 καὶ
3485 2729 3556 2783 τά
3593 2729 3859 2800 Ὁαύματα

2272 2825 2664 2880 διαϐάλλονται.
2707 2826 3009 2896 Θαυμαστὴ
3050 2824 3227 2878 τοίνυν
3262 2825 3296 2894 ἡ
3340 2820 3663 2892 Ἐκκλησία,
3693 2820 3771 2884 ὡς
3799 2820 3860 2873 ἐκ

2275 2917 2571 2987 Θαυμάτων
2603 2921 2867 2982 συστᾶσα,
2917 2917 3012 2970 τοῦ
3054 2917 3262 2987 Κυρίου
3313 2911 3714 2986 συνεργοῦντος
3750 2913 3858 2973 τοῖς

2273 3010 2593 3073 ἀποστόλοις
2635 3011 2727 3064 καὶ
2775 3011 2866 3063 τὸν
2916 3010 3074 3078 λόγον
3110 3007 3459 3081 βεϐαιοῦντος
3491 3006 3583 3060 διὰ
3617 3006 3730 3060 τῶν
3763 3007 3860 3060 ιπ-

2275 3100 2715 3154 ακολουθούντων
2741 3101 3004 3170 σημείων.

2353 3207 2370 3240 ε
2415 3190 2525 3242 Kal
2563 3188 2955 3242 ἀποστέλλουσι
2999 3189 3135 3259 πρὸς
3167 3187 3331 3243 αὐτόν
3364 3202 3517 3251 τινας
3551 3185 3666 3241 τῶν
3694 3186 3862 3256 Φαρι-

2275 3283 2445 3335 σαίων
2474 3284 2570 3336 καὶ
2614 3283 2989 3350 Ἥρωδιανῶν,
3027 3282 3116 3336 ῖνα
3156 3281 3322 3336 αὑτὸν
3348 3279 3672 3352 ἀγρεῦσωσι
3697 3280 3858 3350 λόγῳ.

2273 3374 2337 3428 Ol
2363 3373 2417 3426 δι
2447 3374 2716 3436 ἐλθόντες,
2746 3373 2997 3441 λέγουσιν
3038 3373 3187 3444 αὐτῷ
3207 3390 3223 3407 ο
3285 3371 3609 3438 Διδάσκαλε,
3641 3370 3863 3441 οῐδαμεν

2272 3463 2354 3517 ὅτι
2387 3463 2592 3534 ἀληθὴς
2625 3460 2693 3528 εί,
2725 3465 2817 3517 καὶ
2847 3465 2908 3517 οὐ
2937 3464 3088 3533 μέλει
3122 3481 3204 3518 σοι
3231 3464 3360 3534 περὶ
3389 3463 3630 3527 οὐδενός·
3668 3463 3730 3516 οὐ
3759 3462 3863 3531 γάρ

2276 3555 2495 3626 βλέπεις
2525 3557 2606 3616 είς
2644 3557 2937 3624 πρόσωπον
2967 3555 3296 3626 ἀνθρώπων,
3326 3555 3444 3608 ἀλλ’
3478 3556 3568 3608 tn‘
3601 3553 3864 3625 ἀληθείας

2277 3648 2376 3716 τὴν
2397 3647 2518 3699 ὁδὸν
2535 3647 2628 3698 τοῦ
2655 3646 2791 3699 Θεοῦ
2815 3646 3111 3710 διδάσκεις.
3142 3647 3364 3714 Ἔξεστι
3391 3646 3593 3717 κῆνσον
3625 3646 3864 3715 Καίσαρι

2273 3739 2480 3805 δοῦναι,
2510 3738 2542 3808 ἢ
2573 3738 2634 3790 οῦ
2659 3757 2672 3803 ;
2704 3738 2904 3807 δῶμεν,
2947 3739 2979 3810 ἢ
3012 3738 3088 3810 μὴ
3118 3739 3298 3809 δῶμεν
3324 3755 3338 3805 ;
3376 3739 3437 3794 '0
3466 3739 3548 3803 δδ,
3577 3738 3743 3803 εἰδὼς
3771 3739 3868 3792 αὑ-

2272 3832 2383 3887 τῶν
2409 3831 2508 3904 τὴν
2539 3831 2859 3900 ὑπόκρισιν,
2891 3827 3044 3884 είπεν
3089 3831 3273 3895 αὐτοῖς
3293 3847 3307 3863 ι
3342 3831 3408 3885 Τί
3437 3848 3505 3902 με
3531 3832 3864 3901 πειράζετε;

2272 3925 2472 3994 Φέρετέ
2503 3940 2592 3993 μοι
2642 3923 2898 3990 δηνάριον
2957 3923 3045 3975 ἵνα
3095 3921 3219 3976 (Sor
3261 3922 3312 3975 οι
3358 3921 3415 3976 δι
3461 3923 3728 3993 ἧνεγκαν.
3757 3924 3865 3978 Kal

2273 4018 2418 4085 λέγει
2444 4020 2626 4078 αὐτοῖς
2651 4033 2663 4046 ·
2703 4015 2859 4077 Ύίνος
2884 4019 2917 4086 ἡ
2949 4015 3112 4068 είκὼν
3153 4016 3318 4087 αὕτη,
3352 4018 3444 4070 καὶ
3481 4018 3514 4088 ὴ
3547 4017 3863 4088 έπιγραφής

2275 4113 2339 4163 Ui
2368 4110 2424 4162 δὲ
2459 4105 2610 4160 εἷπον
2634 4108 2804 4176 αὐτῷ,
2848 4108 3152 4178 Καίσαρος.
3195 4108 3305 4161 Kal
3339 4108 3716 4179 ἀποκριθεὶςό
3762 4109 3866 4179 Ἰη-

2277 4199 2400 4263 σοῦς
2434 4197 2586 4252 εἶπεν
2638 4200 2850 4260 αὐτοῖς·
2899 4199 3148 4254 Ἀπόδοτε
3179 4199 3247 4254 τά
3290 4199 3568 4272 Καίσαρος
3601 4201 3864 4272 Καίσαρι,

2276 4295 2372 4347 καὶ
2434 4294 2500 4346 ait
2555 4290 2649 4345 τοῦ
2705 4291 2840 4345 Θεοῦ
2900 4291 2976 4362 τῷ
3029 4292 3150 4363 Θεῷ
3187 4309 3200 4322 ·
3244 4294 3338 4347 καὶ
3396 4294 3724 4364 ἐθαύμασαν
3779 4293 3864 4348 ὲπ¹

2277 4385 2442 4455 αὐτῷ.
2488 4405 2505 4436 ι
2555 4385 2791 4453 Εἴπομεν
2821 4385 2915 4436 καὶ
2947 4384 3136 4438 ἄλλοτε
3169 4388 3301 4456 περὶ
3338 4384 3449 4438 τῶν
3491 4385 3862 4458 Ἥρωδιανῶν,

2276 4480 2358 4532 ὅτι
2388 4477 2600 4546 αἵρεσίς
2647 4495 2728 4539 τις
2757 4473 2825 4548 ἦν
2869 4477 3136 4547 νεοφανὴς
3173 4477 3280 4530 τῶν
3311 4476 3584 4546 λεγόντων
3627 4477 3866 4547 Χριστὸν

597 4565 897 4627 Christum,
935 4578 1000 4617 co
1049 4564 1190 4632 quod
1221 4561 1274 4614 in
1329 4562 1660 4630 temporibus
1699 4561 1844 4616 illius
1881 4560 2165 4616 defecisset

2279 4569 2418 4625 εῖναι
2453 4572 2544 4624 τὸν
2585 4570 2832 4640 Ἡρώδην
2858 4569 2948 4623 διὰ
2973 4571 3033 4623 τὸ
3054 4573 3110 4622 ἐν
3134 4573 3245 4634 τοῖς
3275 4570 3490 4641 χρόνοις
3519 4569 3692 4625 αὐτοῦ
3715 4569 3862 4625 ικλι-

599 4654 876 4707 sncccssiu
903 4667 1087 4720 regum
1114 4649 1486 4705 Judaicorum.
1517 4652 1621 4705 Alii
1647 4664 1826 4706 autem
1853 4652 2030 4706 dicunt
2059 4651 2166 4707 ﬂe-

603 4749 853 4798 todtanns
881 4745 979 4798 huc
1011 4747 1128 4799 loco
1167 4745 1339 4798 dictos
1373 4757 1492 4798 esse
1523 4744 1720 4798 milites
1752 4742 2001 4807 Herodis,
2035 4757 2170 4811 quos

601 4835 856 4890 Pharisaei
917 4837 968 4888 in
1016 4845 1181 4892 testes
1227 4849 1413 4890 eorum
1467 4849 1588 4905 quae
1630 4835 1883 4889 Christus
1930 4836 2171 4889 dicturus

600 4939 736 4992 erat,
770 4939 1071 4992 assumunt,
1104 4940 1161 4983 ut
1183 4936 1579 4998 consequenter
1617 4928 2081 4995 comprehendant
2112 4929 2173 4981 il-

603 5023 710 5073 lum
763 5028 817 5074 et
865 5022 1154 5075 abducant.
1211 5020 1344 5076 Vide
1395 5034 1571 5076 autem
1627 5022 1882 5074 malitiam
1935 5021 2169 5086 illorum,

603 5127 766 5182 quem
807 5115 877 5166 do
928 5113 1239 5168 adulatione
1293 5123 1500 5168 tentent
1559 5115 1805 5183 decipere
1862 5113 2171 5168 Dominum.

605 5209 840 5271 Srimus,
869 5206 1075 5268 dicunt,
1109 5207 1378 5274 quodnon
1416 5205 1637 5276 respicis
1669 5220 1956 5276 personam
1999 5206 2176 5260 homi-

606 5315 755 5361 num,
789 5309 842 5352 et
870 5300 940 5352 ita
974 5313 1148 5368 neque
1173 5297 1440 5354 Cazsaretn
1477 5301 1762 5354 revereris.
1793 5299 1987 5353 Totum
2025 5303 2174 5356 enim
2227 5307 2229 5310 ‘

606 5391 709 5444 ltoc
750 5389 1033 5444 artificium
1075 5400 1192 5446 erat
1223 5392 1477 5460 utrinque
1505 5392 1709 5447 habens
1745 5394 2080 5463 przecipitia:
2119 5405 2174 5447 ut

603 5482 649 5535 si
673 5481 885 5549 quidem
912 5482 1111 5536 diceret
1137 5485 1276 5554 quod
1303 5484 1460 5538 liceat
1492 5484 1619 5539 dare
1651 5486 1849 5540 Caesari
1891 5489 2148 5541 tributum

605 5585 898 5641 arguerent
928 5590 1048 5629 eum
1080 5578 1218 5645 apud
1252 5579 1525 5648 pepulmn,
1561 5589 1814 5648 tanquam
1858 5587 1947 5650 qui
1991 5596 2086 5634 eos
2121 5581 2172 5634 in

605 5662 924 5719 servitutem
951 5665 1250 5737 redigeret:
1277 5670 1357 5724 sin
1381 5670 1584 5724 diceret
1605 5687 1711 5726 non
1737 5657 2171 5741 persolvendum,

610 5756 931 5810 accusarent
968 5771 1091 5810 cum
1123 5768 1177 5810 ut
1216 5760 1280 5812 ad
1315 5760 1633 5816 seditionem
1667 5762 1917 5831 p0pulum
1955 5779 2176 5818 moven-

612 5853 718 5899 tem
743 5853 928 5898 contra
947 5845 1232 5903 Caesarem.
1257 5849 1322 5903 At
1346 5851 1464 5906 lous
1486 5851 1767 5922 sapientia:
1789 5853 1939 5909 dolos
1961 5853 2171 5909 illorum

2274 4666 2395 4716 πεῖν
2426 4664 2527 4726 τὰς
2559 4662 2812 4732 διαδοχάς
2855 4661 2965 4714 τῶν
3011 4661 3324 4716 Ἰουδαῖκῶν
3353 4661 3644 4732 βασιλέων.
3680 4663 3864 4717 ’Δλλοι

2272 4752 2330 4806 δέ
2373 4769 2537 4820 φασιν
2580 4750 2944 4821 Ἦρωδιανοῦς
2980 4750 3214 4807 ἐνταῦθα
3245 4739 3666 4822 λέγεσθαὶτοῦς
3696 4771 3862 4827 στρα-

2273 4842 2474 4907 τιώτας
2505 4841 2600 4896 τοῦ
2639 4841 2901 4914 Ἡρώδου,
2931 4842 3026 4908 οὓς
3054 4845 3453 4915 προσελάϐοντο
3477 4846 3527 4900 οῖ
3554 4846 3859 4918 Φαρισαῖοι,

2273 4935 2421 4988 em
2483 4935 2759 5007 μάρτυρες
2813 4929 2916 4989 ὦσι
2970 4935 3090 4990 τῶν
3136 4937 3560 5008 λεχθησομένων
3613 4939 3722 4993 ὐπὸ
3770 4937 3859 4992 τοῦ

2275 5026 2533 5098 Χριστοῦ,
2579 5029 2672 5083 καὶ
2738 5027 2926 5082 λοιπὸν
2979 5029 3319 5086 συλλάϐωσιν
3361 5030 3549 5097 αὐτὴν,
3609 5032 3708 5086 καὶ
3758 5033 3863 5086 άπ-

2276 5121 2575 5188 αγάγωσιν.
2611 5120 2756 5192 Ὅρα
2779 5121 2838 5174 δὲ
2859 5120 2958 5191 τὴν
2987 5120 3318 5192 κακοήθειαν
3341 5121 3543 5188 αὐτῶν,
3577 5122 3698 5187 est};
3730 5123 3863 5193 μετὰ

2276 5214 2563 5278 κολακείας
2605 5215 2906 5285 πειρῶνται
2939 5216 3281 5285 ἐξαπατῆσαι
3309 5217 3402 5271 τὸν
3440 5217 3670 5289 Κύριον.
3705 5219 3862 5273 οῖδα-

2282 5325 2382 5378 μεν
2419 5311 2501 5363 δτι
2546 5308 2609 5361 οὐ
2654 5308 2874 5378 βλέπεις
2919 5312 3000 5373 είς
3046 5311 3335 5382 πρόσωπον
3366 5310 3690 5383 ἀνθρώπου,
3726 5311 3860 5364 ὥστε

2276 5400 2394 5453 οὐδὲ
2440 5398 2530 5451 τὸν
2591 5400 2851 5470 Καίσαρα
2891 5400 3262 5474 εὐλαϐηθήσῃ.
3309 5401 3384 5456 Τδ
3428 5401 3552 5456 ὅλον
3606 5402 3667 5456 δὲ
3709 5401 3860 5456 τοῦτο

2225 5521 2230 5528 κ
2275 5491 2555 5561 τέχνασμα
2584 5487 2673 5562 ἦν,
2713 5493 3109 5565 ἀμφοτέρωθεν
3146 5495 3270 5565 ἔχον
3321 5496 3625 5567 κρημνοὺς,
3657 5495 3745 5550 ῖνα
3769 5496 3859 5548 ss»

2278 5581 2377 5649 μὲν
2407 5584 2535 5652 εἴπῃ
2562 5584 2646 5636 ὅτι
2684 5584 2864 5648 ἔξεστι
2895 5583 3072 5640 τελεῖν
3100 5585 3179 5654 τῷ
3210 5587 3475 5655 Καίσαρι,
3503 5586 3859 5641 διαϐάλλωσιν

2275 5671 2437 5724 αὑτὸν
2463 5673 2595 5745 πρὸς
2620 5674 2712 5727 τὸν
2737 5675 2918 5744 δχλον,
2941 5675 3018 5740 ὡς
3043 5675 3479 5732 καταδουλοῦντα
3504 5678 3700 5735 αὐτοῦ’
3738 5681 3787 5733 εί
3806 5679 3857 5732 δι

2281 5764 2356 5835 μὴ
2401 5766 2574 5820 τελεῖν
2607 5765 2757 5839 εἴπῃ,
2804 5773 3260 5840 κατηγορήσωσιν
3291 5771 3482 5838 αὑτοῦ,
3515 5774 3594 5837 ὡς
3627 5774 3857 5830 enasca-

2277 5858 2493 5922 τοῦντος
2526 5861 2618 5914 τὸν
2667 5862 2794 5917 λαὸν
2851 5866 2991 5918 κατά
3036 5864 3131 5918 τοῦ
3173 5866 3472 5936 Καίσαρος.
3520 5867 3662 5924 Ἀλλ’
3699 5872 3732 5943 ἡ
3765 5871 3856 5942 τῆς

3489 5971 3534 6012 ft
