4022 6556
177 544 287 612 633

795 664 1048 718 ΚΕΦΛΔ.
1082 662 1180 721 ll".

181 801 325 872 Περὶ
363 797 478 872 τῆς
515 799 900 865 συντελείας.
925 799 1067 870 Περί
1093 797 1204 868 τῆς
1223 795 1454 869 ἡμέρας
1476 795 1573 852 καὶ
1604 795 1782 866 ὥρας.

264 957 283 990 ι
319 938 427 992 Καὶ
465 935 911 1008 ικπορευομένου
959 933 1130 989 αὐτοῦ
1175 934 1242 988 ὲκ
1283 931 1380 988 τοῦ
1414 932 1589 1002 ίεροῦ,
1636 931 1786 1000 λέγει

179 1027 340 1098 αὐτῷ
358 1023 437 1094 εἵς
459 1027 568 1082 τῶν
598 1027 860 1100 μαθητῶν
887 1025 1062 1082 αὐτοῦ
1083 1043 1098 1056 ·
1149 1025 1475 1090 Διδάσκαλε,
1508 1025 1586 1078 ίδε
1615 1041 1788 1078 ποτα-

181 1125 279 1176 ποὶ
309 1120 470 1184 λίθοι,
505 1111 602 1174 καὶ
655 1120 900 1174 ποταπαὶ
951 1119 1258 1189 οἰκοδομαί.
1322 1117 1434 1172 Kal
1493 1118 1522 1170 δ
1578 1115 1787 1186 Ἰησοῦς

179 1213 508 1286 ἀποκριθεὶς
534 1209 692 1268 εἶπεν
717 1211 867 1282 αύτῷ
889 1228 904 1245 ο
935 1213 1170 1276 Βλέπεις
1189 1211 1396 1274 ταύτας
1413 1212 1513 1273 τὰς
1539 1209 1788 1281 μεγάλας

179 1307 515 1376 οίκοδομάςς
556 1305 617 1360 οὐ
654 1304 730 1378 μὴ
753 1303 932 1377 ἀφεθῇ
991 1303 1139 1368 λίθος
1203 1302 1300 1356 ἐπὶ
1347 1302 1480 1371 λίθῳ
1513 1301 1574 1365 δς
1603 1302 1665 1355 οὐ
1710 1301 1786 1372 μὴ

180 1401 492 1472 καταλυθῇ.
553 1400 667 1456 Καὶ
717 1399 1038 1470 καθημένου
1095 1397 1280 1453 αὐτοῦ
1309 1399 1394 1462 είς
1425 1395 1488 1449 τὸ
1522 1395 1648 1464 ὅρος
1678 1393 1788 1447 τῶν

195 1493 450 1559 Ἐλαιῶν,
482 1493 779 1548 κατέναντι
803 1490 899 1544 τοῦ
929 1488 1100 1561 ἱεροῦ,
1123 1488 1430 1559 ἐπηρώτων
1464 1479 1788 1542 αὐτδνκατ³

185 1586 334 1640 ίδίαν
363 1586 570 1657 Πέτρος
597 1585 694 1639 καὶ
740 1583 1002 1646 Ἰάκωϐος
1062 1583 1161 1636 καὶ
1214 1581 1474 1651 Ἰωάννης
1531 1579 1628 1633 καὶ
1667 1579 1788 1631 Ἀν-

182 1678 372 1750 δρέιςο
411 1678 552 1732 Εἰπὲ
585 1679 722 1749 ἡμῖν
756 1675 889 1729 πότε
932 1673 1109 1728 ταῦτα
1157 1673 1348 1737 Eatur;
1389 1675 1486 1728 καὶ
1511 1671 1564 1725 τί
1597 1671 1659 1724 τὸ
1689 1687 1789 1741 ση-

188 1773 343 1843 μεῖον
402 1772 533 1827 δταν
599 1771 774 1842 μέλλῃ
830 1770 1006 1825 ταῦτα
1060 1769 1242 1823 πάντα
1305 1765 1727 1829 συντελεῖσθαι;
1760 1781 1778 1816 ι

199 1863 430 1934 Ἐπειδὴ
466 1862 638 1916 πολλὰ
681 1863 810 1932 περὶ
849 1861 949 1930 τῆς
983 1859 1324 1931 ἐρημώσεως
1359 1860 1458 1927 τῆς
1509 1857 1786 1927 Ἰερουσα-

186 1956 305 2028 λὴμ
325 1955 512 2024 ἔλεγεν
535 1956 564 2009 ὁ
584 1955 811 2026 Κύριος,
829 1956 934 2020 ὅτι,
971 1953 1223 2022 Ἀφξεται
1246 1955 1273 2006 ὁ
1297 1947 1446 2017 οἶκος
1481 1951 1638 2022 ὑμῶν
1666 1948 1788 2021 ἐρη-

191 2067 319 2120 μος,
382 2051 432 2104 οί
501 2050 743 2120 μαθηταὶ
791 2048 958 2103 αὑτοῦ
1019 2046 1432 2119 θαυμάζοντες,
1499 2045 1691 2114 ὥσπερ
1737 2045 1786 2097 εί

187 2141 436 2196 τοσαῦτα
468 2141 678 2214 μεγέθη
712 2142 806 2195 καὶ
860 2139 1035 2212 κάλλη
1082 2137 1543 2208 οἰκοδομημάτων
1590 2139 1786 2206 ἀφανι-

189 2235 480 2308 σθήσεται,
514 2234 857 2290 δεικνύουσιν
886 2235 1037 2306 αύτῷ
1068 2233 1169 2304 τὴν
1193 2233 1289 2286 τοῦ
1342 2231 1471 2286 ναοῦ
1515 2229 1787 2298 τοσαύτην

186 2327 557 2397 εὐπρέπειαν.
618 2327 677 2382 '0
724 2328 782 2381 δὲ
845 2327 999 2381 οὐδὲν
1062 2321 1229 2399 ἦττον
1307 2322 1785 2393 ἀπολεσθήσεσθαι

186 2419 368 2503 ταῦτα
407 2423 815 2491 προαναφωνεῐ,
850 2422 948 2475 καὶ
976 2419 1253 2481 τοσοῦτον,
1300 2412 1441 2471 ὥστε
1477 2416 1613 2487 μηδὲ
1641 2415 1788 2468 λίθον

187 2515 288 2568 ἐπὶ
343 2513 479 2584 λίθῳ
529 2516 734 2584 μεῖναι.
778 2515 888 2568 Kal
954 2516 1067 2584 μήν
1125 2512 1260 2583 φασί
1314 2529 1461 2572 τινες
1503 2510 1579 2574 ὡς
1618 2508 1792 2563 πολλὰ

191 2607 502 2678 ἁπέμειναν
548 2607 784 2678 λείψανα
838 2607 939 2676 τῆς
997 2606 1360 2676 Ἰερουσαλὴμ
1406 2605 1506 2675 τῆς
1547 2601 1790 2664 παλαιᾶς

191 2701 429 2764 πόλεως,
472 2701 611 2755 ὥστε
660 2698 1158 2770 πειρῶνταιδεῖξαι
1207 2699 1377 2769 ψευδῆ
1406 2697 1498 2751 τὸν
1530 2695 1790 2767 Χριστὸν,

192 2793 312 2848 ἀλλ’
339 2793 442 2846 οὐκ
464 2791 579 2846 ἐστι
609 2793 791 2848 τοῦτο.
838 2793 900 2847 Εί
933 2793 1043 2864 γὰρ
1083 2793 1177 2847 καὶ
1217 2791 1630 2861 ὑπελείφθησάν
1669 2806 1793 2843 τινα

191 2885 450 2955 λείψανα,
483 2887 619 2956 ὅπερ
647 2886 765 2940 οὐκ.
785 2885 936 2940 ἔστιν
988 2886 1212 2956 ἀληθὲς,
1243 2885 1361 2940 ἀλλ’
1395 2880 1491 2938 οὖν
1519 2882 1648 2954 ἄχρι
1692 2881 1794 2951 τῆς

193 2978 429 3033 καθόλου
497 2979 810 3044 συντελείας
862 2979 925 3034 οὐ
988 2979 1062 3049 μὴ
1119 2978 1280 3054 μείνῃ
1316 2977 1465 3041 λίθος
1513 2977 1607 3031 ἰπὶ
1638 2974 1793 3043 λίθῳ.

195 3071 349 3141 Πλὴν
381 3070 691 3142 ἱστόρηται.
722 3073 806 3126 ὅτι
858 3073 887 3126 δ
929 3073 1116 3135 Αἴλιος
1156 3072 1442 3144 Ἀδριανὸς
1475 3068 1796 3138 κατέσκαψε

193 3163 300 3231 τὴν
335 3163 492 3215 πόλιν
524 3163 620 3217 καὶ
639 3163 702 3216 τὸ
731 3162 880 3232 ἱερὸν
919 3166 984 3217 ὲκ
1021 3162 1241 3233 βάθρων
1292 3161 1494 3224 αὐτῶν,
1528 3161 1671 3214 ὥστε
1703 3160 1796 3214 καὶ

195 3255 362 3311 τοῦτο
399 3257 487 3309 ἐπ’
551 3255 717 3310 αὑτοῦ
754 3256 1135 3327 πληρωθῆναι,
1191 3257 1275 3321 τὸ,
1313 3255 1448 3326 μηδὲ
1474 3254 1622 3309 λίθον
1661 3255 1798 3307 67:0-

872 546 1324 612 ENARRATIO
1365 545 1448 608 IN
1490 545 1996 614 EVANGEIJUM
2036 547 2302 612 MARCI.
2333 573 2404 587 -
2441 548 2607 612 CAP.
2650 549 2832 611 XIII.

1815 669 1862 728 Α

3387 538 3497 604 634

2497 661 2732 720 CAPUT
2766 659 2906 718 Xlll.

2177 805 2251 861 De
2285 804 2763 861 consummatione.
2798 801 2873 857 De
2905 800 2990 859 die
3020 809 3067 856 et
3097 799 3250 853 liora.

1967 943 2129 1000 Vens.
2155 943 2274 997 14.
2307 959 2328 994 ι
2350 942 2418 998 Et
2436 956 2561 996 cum
2582 940 2760 996 exiret
2787 938 2857 993 de
2880 934 3104 1005 templo.
3123 933 3257 990 dicit
3282 929 3497 1002 llllqui-

1891 1038 2013 1089 dam
2049 1049 2081 1088 e
2105 1032 2392 1101 discipulis
2426 1032 2572 1085 illius
2599 1047 2614 1084 :
2644 1030 2982 1095 Praeceptor,
3010 1024 3134 1078 vide
3163 1021 3354 1088 quales
3409 1020 3494 1076 la-

1892 1129 2131 1200 pides,et
2160 1127 2349 1197 quales
2373 1122 2833 1181 substructiones.
2859 1115 3102 1174 EtJesus
3127 1115 3489 1185 respondens.

1893 1226 1962 1280 ait
1998 1222 2074 1277 illi
2098 1241 2110 1276 :
2130 1220 2296 1275 Vides
2324 1220 2421 1274 bas
2440 1231 2666 1286 magnas
2688 1210 3164 1270 substructiones?
3184 1207 3298 1263 Non
3328 1205 3494 1262 relin-

1891 1315 2246 1387 queturlapis
2273 1327 2434 1382 super
2452 1307 2813 1381 lapidem,qui
2835 1320 2940 1361 non
2976 1304 3247 1358 dirnatur.
3269 1300 3491 1367 Etcum

1892 1412 2105 1466 sederet
2119 1408 2174 1462 in
2194 1417 2375 1461 monte
2397 1404 2663 1458 olivarum
2679 1417 2710 1457 e
2730 1400 2954 1468 regione
2971 1395 3178 1466 templi.
3197 1395 3499 1464 interroga-

1893 1504 2021 1556 bant
2051 1501 2203 1556 illurn
2238 1507 2448 1554 secreto
2479 1495 2672 1550 Petrus
2703 1502 2756 1548 et
2782 1491 3046 1556 Jacobus,
3073 1496 3128 1544 et
3155 1485 3397 1543 Joannes
3433 1495 3492 1540 et

1892 1596 2142 1651 Andreas
2173 1612 2186 1649 :
2216 1591 2314 1646 Dic
2361 1590 2539 1655 nobis,
2585 1587 2806 1658 quando
2867 1585 2984 1641 haec
3029 1582 3309 1639 erunt?et
3351 1580 3497 1650 quod

1897 1691 2113 1759 signum
2167 1695 2253 1741 est
2307 1683 2527 1755 quando
2607 1682 2727 1736 haec
2799 1679 2985 1735 omnia
3055 1677 3167 1733 sint
3236 1690 3498 1731 consum-

1897 1781 2133 1837 mantia?
2167 1798 2185 1833 i
2238 1779 2511 1846 Quoniam
2577 1775 2748 1832 multa
2783 1775 2852 1831 de
2888 1771 3230 1829 desolatione
3273 1766 3496 1824 Jerusa-

1893 1875 1999 1930 lem
2028 1875 2242 1930 dicebat
2271 1871 2452 1937 Jesns,
2514 1870 2659 1940 quod
2709 1867 3118 1939 relinqueretur
3162 1865 3359 1919 domus
3407 1876 3501 1916 ve.

1896 1977 2014 2026 stra
2043 1968 2284 2033 deserta,
2309 1963 2562 2034 discipuli
2586 1962 2702 2033 ejus
2747 1958 3108 2019 admirantes,
3134 1956 3280 2027 quod
3330 1961 3499 2010 tantae

1895 2057 2287 2129 magnitudinis
2362 2065 2584 2124 tamque
2645 2049 2880 2122 pulchra
2937 2048 3168 2105 aedilicia
3233 2043 3498 2100 abolenda

1891 2164 2100 2219 essent,
2125 2152 2422 2209 ostendunt
2449 2148 2523 2204 illi
2551 2149 2803 2226 decorem
2832 2144 3038 2214 templi.
3068 2142 3138 2196 At
3169 2141 3260 2195 ille
3289 2138 3496 2193 nihilo-

1894 2252 2074 2306 minus
2136 2247 2382 2320 pradicit
2415 2243 2712 2316 perdenda,
2759 2247 2816 2298 et
2854 2240 2909 2294 in
2948 2248 3182 2302 tantum,
3229 2245 3287 2289 ιιι
3323 2248 3501 2302 neque

1893 2344 2031 2412 lapis
2087 2357 2254 2413 super
2304 2339 2540 2409 lapidem
2593 2346 2834 2391 maneat.
2878 2331 3039 2405 241
3094 2329 3257 2399 Atqui
3312 2327 3502 2383 dicunt

1892 2437 2112 2506 quidam
2147 2433 2343 2489 inultas
2378 2432 2579 2487 veteris
2609 2429 2848 2486 civitatis
2881 2423 3187 2483 Jerusalem
3245 2419 3503 2489 reliquias

1896 2530 2245 2600 Superstiles,
2266 2538 2319 2582 et
2365 2527 2439 2581 ita
2492 2526 2773 2582 Christum
2829 2519 3152 2577 mendacem
3209 2516 3500 2570 ostendere

1899 2622 2245 2689 tentant,sed
2282 2623 2388 2677 hoc
2418 2620 2739 2690 neutiquam
2765 2613 2953 2672 verum
2977 2621 3084 2669 est.
3119 2607 3254 2664 Nam
3285 2605 3499 2662 etiamsi

1895 2717 2140 2787 reliquiae
2178 2713 2429 2784 quaedam
2467 2711 2669 2767 relictae
2719 2716 2928 2771 essent,
2953 2702 3100 2777 quod
3151 2714 3340 2756 verum
3390 2709 3497 2749 non

1895 2823 1998 2873 est,
2026 2825 2132 2864 non
2159 2817 2346 2864 tamen
2387 2806 2730 2878 relinquetur
2755 2802 2928 2872 usque
2974 2800 3042 2854 ad
3067 2790 3502 2852 consummatio-

1900 2921 2022 2958 nem
2062 2900 2247 2958 smculi
2281 2899 2419 2968 lapis
2450 2912 2618 2968 super
2654 2893 2913 2968 lapidem.
2942 2890 3087 2960 Quin
3121 2885 3366 2943 historia?
3399 2882 3503 2938 ha-

1898 2996 2030 3053 bent
2067 2993 2225 3065 quod
2243 2990 2427 3050 Elius
2470 2989 2745 3044 Adrianus
2779 2984 3038 3057 templum
3077 2992 3133 3037 et
3163 2981 3440 3037 civitatem
3472 2992 3500 3030 a

1900 3089 2272 3147 fundamentis
2301 3085 2652 3149 elloderit,et
2701 3082 2777 3137 ita
2829 3081 2882 3134 in
2936 3077 3030 3133 illo
3083 3073 3366 3146 impletum
3419 3079 3506 3126 est

1900 3189 2042 3257 quod
2077 3201 2186 3240 non
2217 3184 2289 3238 sit
2341 3180 2568 3237 relictus
2621 3178 2758 3245 lapis
2800 3188 2966 3244 super
3020 3170 3279 3241 lapldein.
3331 3164 3506 3257 Porro

1900 3255 2125 3333 sedente
2179 3275 2272 3329 illo
2321 3276 2375 3327 in
2437 3279 2623 3326 monte
2675 3268 3373 3328 ulivarum,accesserunt
3431 3255 3498 3310 ad

193 3346 485 3417 λειφθῆναι
509 3350 600 3400 ἐπὶ
637 3347 792 3416 λίθῳ.
829 3350 1162 3418 Καθημένου
1188 3348 1244 3401 δὲ
1275 3347 1442 3401 αὐτοῦ
1476 3350 1555 3409 είς
1579 3347 1639 3398 τὸ
1666 3345 1791 3413 δρος

1903 3383 2026 3424 eum
2092 3369 2498 3436 interrogantes
2529 3381 2540 3417 :
2572 3360 2802 3430 Quando
2828 3360 2946 3414 lizec
2996 3353 3200 3410 erunt?
3231 3353 3335 3408 hoc
3395 3358 3501 3414 est,

196 3442 310 3494 τῶν
338 3440 596 3508 Ἐλαιῶν,
613 3441 923 3511 προσῆλθον
947 3443 1095 3512 αὐτῷ
1112 3441 1446 3511 ἐρωτῶντες,
1471 3440 1606 3493 Πότε
1623 3438 1798 3492 ταῦτα

198 3535 391 3600 locat;
417 3534 685 3596 τουτέστι,
723 3534 856 3586 πότε
917 3531 1409 3603 συντελεσθήσεται
1438 3531 1506 3584 τὰ
1552 3533 1653 3599 τῆς
1696 3530 1799 3582 Ἰε-

199 3625 526 3698 ρουσαλήμ;
577 3624 638 3678 Ὅ
673 3623 874 3692 δὲ,πρὸ
897 3624 989 3676 τοῦ
1017 3621 1426 3694 ἀποκρίνασθαι
1450 3622 1637 3680 αὐτοῖς
1667 3620 1800 3691 περὶ

195 3711 274 3772 ὧν
303 3718 616 3787 ἠρώτησαν,
653 3714 1015 3785 ἀσφαλίζεται
1066 3714 1167 3786 τὴν
1201 3714 1443 3768 διάνοιαν
1480 3714 1680 3776 αὐτῶν,
1709 3714 1798 3768 ἵνα

203 3809 281 3881 μὴ
315 3806 690 3877 πλανηθῶσιν.
730 3807 884 3858 Ἐπελ⁵
940 3805 1050 3874 γὰρ
1096 3805 1428 3875 ἀρξαμένων
1483 3805 1595 3858 τῶν
1655 3809 1798 3859 κατά

197 3903 299 3974 τὴν
333 3901 598 3956 Ἰουδαίαν
620 3900 824 3966 νοσεῖν,
861 3898 1244 3967 ὲπανέστησάν
1264 3916 1411 3960 τινες
1437 3898 1798 3962 διδασκάλους

197 3995 431 4057 ἑαυτοὺς
451 3994 725 4062 λέγοντες,
762 3994 928 4062 φησὶν
949 3995 977 4046 ὁ
1013 3991 1250 4065 Κύριος·
1284 3991 1520 4045 Βλέπετε
1557 3991 1631 4062 μὴ
1656 3991 1799 4045 πλα-

197 4088 424 4162 νηθῆτε.

280 4200 299 4233 ι
343 4181 401 4235 '0
423 4181 479 4234 δὲ
516 4179 748 4251 Ἰησοῦς,
775 4181 1100 4252 ἀποκριθεὶς
1128 4182 1335 4244 αὐτοῖς,
1361 4182 1568 4251 ἤρξατο
1590 4181 1794 4249 λέγειν,

198 4274 440 4329 Βλέπετε
465 4273 632 4343 μήτις
660 4274 804 4344 ὑμᾶς
833 4274 1083 4346 πλανήσῃ
1113 4293 1125 4305 ·
1154 4274 1339 4328 πολλοὶ
1353 4276 1462 4346 γὰρ
1482 4276 1796 4329 ἐλεύσονται

197 4370 294 4422 ἐπὶ
319 4367 397 4434 τῷ
415 4368 640 4437 ὀνόματί
667 4386 790 4437 μου,
810 4369 1059 4436 λέγοντες
1083 4371 1188 4432 ὅτι,
1225 4369 1368 4438 Ἐγώ
1395 4371 1510 4440 εἶμι
1535 4371 1794 4442 Χριστὸς,

198 4463 296 4515 καὶ
318 4460 546 4524 πολλοὺς
576 4462 938 4533 πλανήσουσιν
963 4481 973 4491 ·
1003 4463 1135 4516 ὅταν
1155 4463 1211 4515 δὲ
1236 4464 1506 4535 ἀκούσητε
1528 4465 1797 4534 πολέμους

196 4554 296 4608 καὶ
327 4553 499 4617 ἀκοὰς
530 4553 809 4625 πολέμων,
847 4558 921 4625 μὴ
948 4557 1227 4625 θροεῖσθε·
1265 4558 1346 4610 δεῖ
1371 4558 1648 4625 γενέσθαι,
1678 4558 1794 4610 ἀλλ’

194 4648 358 4703 οὔπω
395 4648 458 4702 τὸ
498 4649 670 4713 τέλος.
730 4649 1127 4721 Ἐγερθήσεται
1174 4651 1284 4721 γὰρ
1313 4651 1467 4716 ἔθνος
1493 4652 1586 4704 ἐπὶ
1620 4652 1792 4717 ἔθνος,

1904 3462 2122 3532 quando
2140 3455 2613 3514 consummabitttr
2635 3447 2986 3508 Jerusalem?
3012 3448 3082 3501 At
3102 3445 3219 3516 ipse
3238 3452 3500 3512 tanquam

1904 3554 2263 3624 responderet
2296 3551 2380 3606 eis
2412 3550 2478 3604 de
2542 3547 2629 3603 his
2685 3547 2754 3602 de
2814 3543 3015 3613 quibus
3068 3539 3504 3604 interrogabant,

1904 3647 2082 3702 munit
2115 3643 2506 3717 cogitationem
2537 3639 2781 3702 illorum,
2805 3642 2865 3691 ut
2906 3648 2976 3689 ne
3011 3637 3221 3688 errent.
3246 3627 3385 3698 Quia
3423 3626 3501 3681 in-

1901 3736 2233 3807 cipientibus
2255 3744 2437 3790 autem
2463 3733 2627 3788 rebus
2651 3729 2897 3786 Judaicis
2923 3725 3226 3789 labescere,
3248 3734 3505 3777 surrexe-

1905 3839 2031 3884 runt
2060 3828 2281 3896 quidam
2315 3825 2407 3895 qui
2442 3838 2500 3878 se
2523 3822 2783 3877 dicebant
2813 3817 3134 3891 magistros,
3159 3813 3294 3870 dicit
3319 3812 3506 3868 Domi-

1905 3935 2006 3976 nus
2033 3935 2048 3973 :
2079 3916 2273 3974 Videte
2303 3931 2373 3971 ne
2403 3912 2782 3987 decipiaminl.

1973 4190 2140 4245 Vens.
2189 4187 2346 4244 540.
2383 4205 2402 4239 ι
2433 4188 2502 4240 At
2563 4183 2726 4240 Jesus
2784 4179 3126 4252 respondens
3176 4175 3284 4231 illis
3341 4174 3508 4243 carpit

1902 4284 2087 4338 dicere
2137 4303 2147 4336 :
2200 4278 2390 4334 Videte
2443 4292 2514 4332 ne
2573 4277 2696 4346 quis
2752 4289 2847 4329 vos
2903 4270 3096 4325 fallat:
3131 4268 3287 4324 multi
3356 4268 3504 4323 enim

1900 4379 2121 4432 venient
2173 4377 2226 4430 in
2264 4375 2488 4431 nomine
2539 4387 2662 4428 meo
2697 4372 2944 4427 dicentes
2973 4386 2988 4425 :
3014 4365 3133 4438 Ego
3180 4381 3300 4422 sum
3355 4363 3510 4420 Chri-

1901 4483 2040 4537 stus,
2091 4471 2401 4539 multosque
2452 4466 2747 4535 decipient.
2793 4462 2928 4520 Cum
2980 4471 3163 4516 autem
3216 4457 3508 4513 audieritis

1901 4562 2040 4617 bella
2081 4571 2134 4615 et
2171 4575 2417 4615 rumores
2470 4558 2760 4624 bellorum,
2803 4570 2871 4611 ne
2908 4551 3198 4609 turbemiui
3236 4569 3250 4607 :
3291 4559 3510 4620 Oportet

1900 4657 2042 4710 enim
2099 4654 2238 4717 ﬁeri,
2286 4663 2340 4705 at
2396 4652 2633 4707 nendum
2680 4651 2824 4705 linis.
2866 4650 3114 4717 lnsurget
3165 4645 3310 4701 enim
3370 4656 3506 4714 gens

196 4745 298 4797 καὶ
349 4739 597 4812 βασιλεία
658 4742 751 4795 ἐπὶ
800 4742 1102 4814 βασιλείαν.
1153 4746 1263 4800 Καὶ
1307 4746 1521 4798 ἔσονται
1575 4747 1791 4815 σεισμοὶ

1905 4752 2167 4804 adversus
2217 4757 2460 4816 gentem,
2517 4756 2573 4800 et
2619 4759 2848 4816 regnum
2916 4744 3182 4798 adversus
3255 4754 3506 4811 regnum.

194 4833 344 4887 κατὰ
371 4833 588 4897 τόπους.
621 4834 732 4887 Καὶ
755 4835 969 4889 ἔσονται
991 4837 1141 4907 λιμοὶ
1185 4841 1277 4892 καὶ
1302 4841 1560 4910 ταραχαί.
1605 4843 1795 4912 Ἀρχαὶ

199 4926 416 4980 ὠδίνων
436 4925 629 4980 ταῦτα.
662 4927 899 4982 Βλέπετε
934 4931 990 4983 δὲ
1033 4931 1192 5001 ὑμεῖς
1230 4934 1457 4995 ἑαυτούς
1485 4950 1496 4964 ·
1534 4936 1796 5004 παραδώ-

200 5033 361 5070 σουσι
409 5015 517 5087 γὰρ
562 5017 708 5087 ὑμᾶς
761 5021 843 5082 είς
884 5022 1164 5093 συνέδρια,
1210 5027 1302 5077 καὶ
1346 5027 1426 5088 είς
1474 5027 1799 5094 συναγωγὰς

198 5107 534 5177 δαρήσεσθε,
572 5110 666 5164 καὶ
697 5112 789 5163 ἐπὶ
835 5113 1122 5184 ἡγεμόνων
1171 5116 1267 5172 καὶ
1301 5118 1567 5187 βασιλέων
1596 5120 1798 5190 σταθήο

199 5201 367 5255 σεσθε
398 5201 586 5256 ἕνεκεν
639 5205 798 5273 ἐμοῦ,
857 5207 938 5271 είς
981 5209 1287 5280 μαρτύριον
1337 5211 1541 5274 αὐτοῖς.
1582 5213 1692 5266 Καὶ
1716 5214 1799 5277 εἰς

197 5294 387 5351 πάντα
420 5295 489 5348 τὰ
519 5296 647 5366 ἔθνη
674 5298 756 5352 δεῖ
810 5299 1031 5368 πρῶτον
1071 5303 1418 5375 κηρυχθῆναι
1448 5306 1508 5358 τὸ
1550 5306 1796 5374 Εὐαγγέ-

192 5389 337 5443 λιον.
377 5408 395 5437 ι
447 5390 642 5445 Πολλοὶ
692 5390 1030 5463 ἐλεύσονται,
1094 5393 1206 5459 οἷος
1268 5392 1338 5468 ἦν
1404 5398 1624 5461 Ἰούδας,
1685 5394 1798 5463 οἷος

197 5480 434 5545 Θευδᾶς,
471 5484 518 5536 οἳ
570 5485 761 5552 ἔλεγον
792 5487 1018 5551 ἑαυτοὺς
1043 5489 1148 5542 ὑπὸ
1175 5489 1267 5544 τοῦ
1286 5489 1424 5544 Θεοῦ
1455 5492 1793 5564 πεμφθῆναι.

197 5572 488 5644 Πολέμους
511 5576 566 5629 δὲ
603 5579 929 5662 ἀκούσεσθε,
973 5582 1161 5652 φησὶν,
1224 5582 1318 5647 οὓς
1346 5586 1440 5637 καὶ
1474 5585 1501 5638 ὁ
1536 5584 1798 5656 Ἰώσηπος

197 5667 411 5736 ιστορεί
444 5673 775 5740 γεγενῆσθαι
804 5675 910 5742 πρὸ
939 5675 1038 5743 τῆς
1071 5675 1348 5738 ἁλώσεως.
1382 5679 1491 5730 Καὶ
1532 5677 1641 5747 γὰρ
1671 5679 1797 5732 ἀντι

195 5757 301 5825 ἦρε
356 5758 455 5824 μὲν
477 5760 537 5811 τὸ
574 5761 747 5827 ἔθνος,
782 5766 875 5816 καὶ
901 5766 998 5818 οὐκ
1035 5766 1207 5818 ἐδίδου
1237 5767 1365 5831 τοὺς
1407 5771 1606 5837 φόρους
1661 5771 1791 5823 ἰ’ω-

198 5849 407 5916 μαξοις.
469 5854 533 5906 Οἱ
561 5853 638 5914 δὲ,
681 5857 1055 5924 ὀργισθέντες,
1118 5860 1359 5928 ἐπῆλθον
1409 5864 1505 5915 καὶ
1548 5865 1795 5932 συνεχεῖς

192 5941 421 6009 ἐφόδους
466 5947 706 6011 ἐποίουν,
747 5949 863 6000 ἀλλ’
917 5954 1068 6004 οὕτω)
1104 5954 1156 6003 ἴὲ
1194 5955 1348 6008 τέλικ
1385 5956 1473 6022 τῆς
1519 5957 1762 6008 Ἰεωιιυσα

1594 6010 1602 6025 .

194 6034 329 6104 Αήμ.
355 6036 943 6104 ’Ἔφιλανθρωπεύοντο
977 6046 1079 6109 γὰρ
1113 6050 1162 6101 ol
1208 6046 1491 6112 Ῥωμαῖα..
1531 6049 1603 6102 Οὐ
1633 6047 1791 6111 μόνον

1913 4846 1975 4899 Et
1997 4853 2158 4899 erunt
2186 4851 2342 4895 terra?
2359 4851 2539 4895 motus
2566 4840 2618 4893 in
2649 4838 2878 4908 singulis
2903 4836 3128 4902 locis,et
3150 4841 3313 4890 erunt
3338 4831 3512 4887 fames

1915 4952 1978 4990 ac
2033 4935 2391 4990 turbationcs.
2419 4931 2578 4986 Initia
2610 4931 2857 4987 dolorum
2898 4929 3036 4994 haec,
3061 4927 3156 4982 sed
3186 4935 3379 4983 cavete
3415 4940 3511 4980 vos

1913 5027 2352 5082 v0bis.Tradeut
2376 5025 2522 5079 enim
2567 5039 2664 5079 vos
2705 5024 2757 5078 in
2808 5021 3151 5086 concilia,el
3183 5019 3238 5074 in
3268 5032 3509 5090 synago-

1910 5123 1993 5190 εἰς
2027 5119 2337 5185 cmdemini,
2364 5129 2417 5173 et
2449 5120 2552 5174 sub
2585 5116 2925 5189 principibus
2957 5130 3020 5170 ac
3071 5114 3293 5185 regibus
3339 5113 3510 5168 duce-

1910 5213 2042 5268 mitti
2111 5221 2334 5282 prepter
2399 5225 2505 5277 me,
2558 5211 2610 5265 in
2667 5209 3039 5266 testimonium
3093 5209 3222 5263 illis.
3248 5206 3315 5261 Et
3368 5208 3512 5272 apud

1907 5320 2098 5361 omnes
2123 5316 2312 5375 gentes
2339 5313 2554 5374 oportet
2579 5304 2729 5374 prius
2754 5303 3040 5374 prtedicari
3071 5301 3447 5372 Evangeliuin.
3486 5318 3504 5352 ι

1907 5397 2064 5453 Multi
2116 5399 2354 5465 venient,
2387 5397 2568 5467 qualis
2623 5404 2741 5451 erat
2789 5395 2979 5462 Judas,
3008 5395 3188 5465 qualis
3228 5394 3510 5458 Tbeudas,

1909 5493 2000 5562 qni
2035 5491 2290 5546 dicebant
2324 5505 2381 5543 se
2413 5505 2441 5544 a
2474 5489 2586 5545 Deo
2619 5491 2821 5545 missos
2855 5503 2999 5543 esse.
3027 5486 3177 5541 Bella
3223 5494 3405 5541 autem
3438 5485 3515 5539 tu.

1912 5592 2032 5637 tura
2062 5583 2352 5652 dicit,qu:e
2378 5591 2434 5636 et
2457 5581 2733 5651 Joseplins
2758 5591 2953 5638 narrat
2978 5593 3108 5634 ante
3133 5578 3508 5649 captivitatem

1909 5677 2073 5731 facta.
2103 5675 2238 5730 Nam
2284 5677 2604 5748 insurgebat
2636 5676 2856 5746 quidem
2891 5690 3047 5747 gens,
3080 5685 3135 5728 et
3177 5689 3281 5728 non
3317 5671 3508 5727 redde—

1912 5780 2002 5822 nat
2043 5767 2534 5823 tributaJtomani
2589 5777 2773 5824 autem
2819 5770 2944 5824 irati
2999 5785 3093 5824 eos
3148 5766 3509 5828 infestarunt,

1907 5875 1958 5916 ct
1992 5864 2265 5916 continuis
2309 5864 2734 5918 excursionibus
2785 5880 2847 5917 ne
2889 5864 3135 5930 cladibus
3185 5857 3508 5921 affecerunt,

1908 5956 2001 6011 sed
2038 5957 2278 6029 nonduin
2326 5957 2447 6009 linis
2480 5957 2807 6012 Jerusalem.
2845 5956 3072 6014 ltonani
3109 5957 3250 6009 cnim
3292 5953 3507 6009 iniseri—

1913 6048 2106 6103 cordes
2158 6058 2333 6103 erant.
2382 6046 2499 6106 Non
2555 6050 2732 6103 solum
2787 6059 2965 6104 autem
3022 6050 3156 6102 bella
3208 6051 3386 6108 erant.
3413 6045 3509 6101 sed
