  <div class='ocr_page' id='page_1' title='image "/cluster/home/n/w/nwhite01/storage/ocr_20150623/123/uva.x004884189/416.png"; bbox 0 0 4022 6534; ppageno 0'>
   <div class='ocr_carea' id='block_1_1' title="bbox 203 507 311 574">
    <p class='ocr_par' dir='ltr' id='par_1_1' title="bbox 203 507 311 574">
     <span class='ocr_line' id='line_1_1' title="bbox 203 507 311 574; baseline -0.019 0"><span class='ocrx_word' id='word_1_1' title='bbox 203 507 311 574; x_wconf 76' lang='lat'><strong>637</strong></span> 
     </span>
    </p>
   </div>
   <div class='ocr_carea' id='block_1_2' title="bbox 894 477 2907 562">
    <p class='ocr_par' dir='ltr' id='par_1_2' title="bbox 894 477 2907 562">
     <span class='ocr_line' id='line_1_2' title="bbox 894 477 2907 562; baseline -0.012 0"><span class='ocrx_word' id='word_1_2' title='bbox 894 496 1343 562; x_wconf 76' lang='lat' dir='ltr'><strong>ENARRATIO</strong></span> <span class='ocrx_word' id='word_1_3' title='bbox 1400 493 1482 554; x_wconf 91' lang='lat' dir='ltr'><strong>IN</strong></span> <span class='ocrx_word' id='word_1_4' title='bbox 1524 484 2031 553; x_wconf 78' lang='lat' dir='ltr'><strong>EVANGELIUM</strong></span> <span class='ocrx_word' id='word_1_5' title='bbox 2087 483 2354 549; x_wconf 80' lang='lat' dir='ltr'><strong>MARCI.</strong></span> <span class='ocrx_word' id='word_1_6' title='bbox 2413 507 2484 521; x_wconf 87' lang='grc'><strong><em>-</em></strong></span> <span class='ocrx_word' id='word_1_7' title='bbox 2519 479 2683 544; x_wconf 81' lang='lat' dir='ltr'><strong>CAP.</strong></span> <span class='ocrx_word' id='word_1_8' title='bbox 2730 477 2907 543; x_wconf 77' lang='lat' dir='ltr'><strong>XIII.</strong></span> 
     </span>
    </p>
   </div>
   <div class='ocr_carea' id='block_1_3' title="bbox 3400 467 3510 533">
    <p class='ocr_par' dir='ltr' id='par_1_3' title="bbox 3400 467 3510 533">
     <span class='ocr_line' id='line_1_3' title="bbox 3400 467 3510 533; baseline 0 0"><span class='ocrx_word' id='word_1_9' title='bbox 3400 467 3510 533; x_wconf 81' lang='lat'><strong>638</strong></span> 
     </span>
    </p>
   </div>
   <div class='ocr_carea' id='block_1_4' title="bbox 204 587 1810 692">
    <p class='ocr_par' dir='ltr' id='par_1_4' title="bbox 204 611 1796 692">
     <span class='ocr_line' id='line_1_4' title="bbox 204 611 1796 692; baseline -0.012 -12"><span class='ocrx_word' id='word_1_10' title='bbox 204 631 288 687; x_wconf 78' lang='grc' dir='ltr'>τὸ,</span> <span class='ocrx_word' id='word_1_11' title='bbox 329 622 558 679; x_wconf 72' lang='grc' dir='ltr'>Ἕνεκεν</span> <span class='ocrx_word' id='word_1_12' title='bbox 589 618 725 692; x_wconf 82' lang='grc' dir='ltr'>ἐμοῦ</span> <span class='ocrx_word' id='word_1_13' title='bbox 757 618 948 674; x_wconf 71' lang='grc' dir='ltr'>ἐσεσθι</span> <span class='ocrx_word' id='word_1_14' title='bbox 984 615 1325 688; x_wconf 87' lang='grc' dir='ltr'>μισούμενοι.</span> <span class='ocrx_word' id='word_1_15' title='bbox 1360 615 1434 667; x_wconf 85' lang='grc' dir='ltr'>Τὸ</span> <span class='ocrx_word' id='word_1_16' title='bbox 1460 612 1567 683; x_wconf 76' lang='grc' dir='ltr'><strong>γαρ</strong></span> <span class='ocrx_word' id='word_1_17' title='bbox 1609 611 1796 664; x_wconf 71' lang='grc' dir='ltr'>ἕνεκεν</span> 
     </span>
    </p>
   </div>
   <div class='ocr_carea' id='block_1_5' title="bbox 1920 587 3512 692">
    <p class='ocr_par' dir='ltr' id='par_1_5' title="bbox 1920 587 3512 676">
     <span class='ocr_line' id='line_1_5' title="bbox 1920 587 3512 676; baseline -0.014 -13"><span class='ocrx_word' id='word_1_18' title='bbox 1920 613 2118 671; x_wconf 85' lang='lat' dir='ltr'><strong>&#39;entur,</strong></span> <span class='ocrx_word' id='word_1_19' title='bbox 2145 617 2201 662; x_wconf 90' lang='lat' dir='ltr'><strong>et</strong></span> <span class='ocrx_word' id='word_1_20' title='bbox 2220 603 2520 676; x_wconf 72' lang='lat' dir='ltr'><strong>periculum</strong></span> <span class='ocrx_word' id='word_1_21' title='bbox 2547 599 2765 657; x_wconf 83' lang='lat' dir='ltr'><strong>facilius</strong></span> <span class='ocrx_word' id='word_1_22' title='bbox 2797 600 2975 652; x_wconf 88' lang='lat' dir='ltr'><strong>ferant</strong></span> <span class='ocrx_word' id='word_1_23' title='bbox 3001 611 3016 650; x_wconf 86' lang='lat'><strong>:</strong></span> <span class='ocrx_word' id='word_1_24' title='bbox 3043 590 3242 658; x_wconf 51' lang='lat' dir='ltr'><strong>deinde</strong></span> <span class='ocrx_word' id='word_1_25' title='bbox 3261 587 3512 645; x_wconf 80' lang='lat' dir='ltr'><strong>consola-</strong></span> 
     </span>
    </p>
   </div>
   <div class='ocr_carea' id='block_1_6' title="bbox 203 702 1797 787">
    <p class='ocr_par' dir='ltr' id='par_1_6' title="bbox 203 702 1797 787">
     <span class='ocr_line' id='line_1_6' title="bbox 203 702 1797 787; baseline -0.012 -13"><span class='ocrx_word' id='word_1_26' title='bbox 203 716 374 774; x_wconf 75' lang='grc' dir='ltr'>αὐτοῦ</span> <span class='ocrx_word' id='word_1_27' title='bbox 408 712 711 787; x_wconf 76' lang='grc' dir='ltr'>μισιῐσθαι,</span> <span class='ocrx_word' id='word_1_28' title='bbox 739 712 924 768; x_wconf 86' lang='grc' dir='ltr'>ίκανόν</span> <span class='ocrx_word' id='word_1_29' title='bbox 949 712 1066 766; x_wconf 83' lang='grc' dir='ltr'>ἐστι</span> <span class='ocrx_word' id='word_1_30' title='bbox 1100 710 1285 774; x_wconf 81' lang='grc' dir='ltr'>πάσας</span> <span class='ocrx_word' id='word_1_31' title='bbox 1315 706 1672 773; x_wconf 72' lang='grc' dir='ltr'><strong>ἐπικουφίσαι</strong></span> <span class='ocrx_word' id='word_1_32' title='bbox 1697 702 1797 768; x_wconf 80' lang='grc' dir='ltr'>τὰς</span> 
     </span>
    </p>
   </div>
   <div class='ocr_carea' id='block_1_7' title="bbox 207 797 1800 883">
    <p class='ocr_par' dir='ltr' id='par_1_7' title="bbox 207 797 1800 883">
     <span class='ocr_line' id='line_1_7' title="bbox 207 797 1800 883; baseline -0.012 -16"><span class='ocrx_word' id='word_1_33' title='bbox 207 809 520 883; x_wconf 70' lang='grc' dir='ltr'>συμφοράς.</span> <span class='ocrx_word' id='word_1_34' title='bbox 587 806 750 863; x_wconf 76' lang='grc' dir='ltr'>Ἀλλὰ</span> <span class='ocrx_word' id='word_1_35' title='bbox 803 806 900 860; x_wconf 80' lang='grc' dir='ltr'>καὶ</span> <span class='ocrx_word' id='word_1_36' title='bbox 957 806 1020 858; x_wconf 72' lang='grc' dir='ltr'>τὸ</span> <span class='ocrx_word' id='word_1_37' title='bbox 1095 802 1443 874; x_wconf 83' lang='grc' dir='ltr'>σωθήσεσθαι</span> <span class='ocrx_word' id='word_1_38' title='bbox 1496 797 1589 855; x_wconf 78' lang='grc' dir='ltr'>τὸν</span> <span class='ocrx_word' id='word_1_39' title='bbox 1649 798 1800 849; x_wconf 80' lang='grc' dir='ltr'>ὑπο-</span> 
     </span>
    </p>
   </div>
   <div class='ocr_carea' id='block_1_8' title="bbox 206 890 1743 977">
    <p class='ocr_par' dir='ltr' id='par_1_8' title="bbox 206 890 1743 977">
     <span class='ocr_line' id='line_1_8' title="bbox 206 890 1743 977; baseline -0.011 -18"><span class='ocrx_word' id='word_1_40' title='bbox 206 903 473 977; x_wconf 79' lang='grc' dir='ltr'>μείναντα</span> <span class='ocrx_word' id='word_1_41' title='bbox 502 901 585 966; x_wconf 82' lang='grc' dir='ltr'><strong>είς</strong></span> <span class='ocrx_word' id='word_1_42' title='bbox 610 899 900 966; x_wconf 78' lang='grc' dir='ltr'>τέλος,καὶ</span> <span class='ocrx_word' id='word_1_43' title='bbox 919 897 1082 952; x_wconf 85' lang='grc' dir='ltr'>τοῦτο</span> <span class='ocrx_word' id='word_1_44' title='bbox 1111 894 1348 968; x_wconf 76' lang='grc' dir='ltr'><strong>μεγίστη</strong></span> <span class='ocrx_word' id='word_1_45' title='bbox 1371 890 1743 964; x_wconf 80' lang='grc' dir='ltr'>παράκλησις.</span> 
     </span>
    </p>
   </div>
   <div class='ocr_carea' id='block_1_9' title="bbox 286 1146 1798 1230">
    <p class='ocr_par' dir='ltr' id='par_1_9' title="bbox 286 1146 1798 1230">
     <span class='ocr_line' id='line_1_9' title="bbox 286 1146 1798 1230; baseline -0.011 -15"><span class='ocrx_word' id='word_1_46' title='bbox 286 1182 306 1215; x_wconf 77' lang='grc' dir='ltr'><strong>ι</strong></span> <span class='ocrx_word' id='word_1_47' title='bbox 346 1162 519 1217; x_wconf 85' lang='grc' dir='ltr'>Ὅταν</span> <span class='ocrx_word' id='word_1_48' title='bbox 544 1161 600 1216; x_wconf 78' lang='grc' dir='ltr'>δὲ</span> <span class='ocrx_word' id='word_1_49' title='bbox 632 1160 780 1230; x_wconf 82' lang='grc' dir='ltr'>ίδητε</span> <span class='ocrx_word' id='word_1_50' title='bbox 807 1159 869 1212; x_wconf 79' lang='grc' dir='ltr'>τὸ</span> <span class='ocrx_word' id='word_1_51' title='bbox 903 1157 1183 1230; x_wconf 81' lang='grc' dir='ltr'>βδέλυγμα</span> <span class='ocrx_word' id='word_1_52' title='bbox 1228 1151 1328 1224; x_wconf 82' lang='grc' dir='ltr'>τῆς</span> <span class='ocrx_word' id='word_1_53' title='bbox 1352 1148 1710 1224; x_wconf 74' lang='grc' dir='ltr'><strong>ἐρημώσεως,</strong></span> <span class='ocrx_word' id='word_1_54' title='bbox 1742 1146 1798 1200; x_wconf 77' lang='grc' dir='ltr'>τὸ</span> 
     </span>
    </p>
   </div>
   <div class='ocr_carea' id='block_1_10' title="bbox 137 1238 1799 1330">
    <p class='ocr_par' dir='ltr' id='par_1_10' title="bbox 137 1238 1799 1330">
     <span class='ocr_line' id='line_1_10' title="bbox 137 1238 1799 1330; baseline -0.016 -14"><span class='ocrx_word' id='word_1_55' title='bbox 137 1309 144 1316; x_wconf 94' lang='grc'><strong>.</strong></span> <span class='ocrx_word' id='word_1_56' title='bbox 204 1256 373 1330; x_wconf 69' lang='grc' dir='ltr'>ῥηθὲν</span> <span class='ocrx_word' id='word_1_57' title='bbox 396 1255 502 1308; x_wconf 74' lang='grc' dir='ltr'><strong>ὑπὸ</strong></span> <span class='ocrx_word' id='word_1_58' title='bbox 536 1253 735 1324; x_wconf 74' lang='grc' dir='ltr'>Δανιὴλ</span> <span class='ocrx_word' id='word_1_59' title='bbox 765 1248 861 1304; x_wconf 86' lang='lat'><strong>106</strong></span> <span class='ocrx_word' id='word_1_60' title='bbox 885 1250 1194 1321; x_wconf 81' lang='grc' dir='ltr'><strong>προφήτου,</strong></span> <span class='ocrx_word' id='word_1_61' title='bbox 1243 1242 1418 1307; x_wconf 87' lang='grc' dir='ltr'>ἐστὼς</span> <span class='ocrx_word' id='word_1_62' title='bbox 1443 1243 1581 1296; x_wconf 81' lang='grc' dir='ltr'>ὅπου</span> <span class='ocrx_word' id='word_1_63' title='bbox 1607 1239 1667 1294; x_wconf 86' lang='grc' dir='ltr'><strong>ού</strong></span> <span class='ocrx_word' id='word_1_64' title='bbox 1699 1238 1799 1303; x_wconf 78' lang='grc' dir='ltr'>δεῖ,</span> 
     </span>
    </p>
   </div>
   <div class='ocr_carea' id='block_1_11' title="bbox 199 1332 1799 1417">
    <p class='ocr_par' dir='ltr' id='par_1_11' title="bbox 199 1332 1799 1417">
     <span class='ocr_line' id='line_1_11' title="bbox 199 1332 1799 1417; baseline -0.014 -13"><span class='ocrx_word' id='word_1_65' title='bbox 199 1353 233 1404; x_wconf 98' lang='lat'><strong>6</strong></span> <span class='ocrx_word' id='word_1_66' title='bbox 273 1346 671 1417; x_wconf 76' lang='grc' dir='ltr'><strong>ἀναγινώσκων</strong></span> <span class='ocrx_word' id='word_1_67' title='bbox 698 1343 912 1407; x_wconf 80' lang='grc' dir='ltr'><strong>νοείτω,</strong></span> <span class='ocrx_word' id='word_1_68' title='bbox 958 1341 1082 1394; x_wconf 84' lang='grc' dir='ltr'>τότε</span> <span class='ocrx_word' id='word_1_69' title='bbox 1118 1339 1169 1391; x_wconf 89' lang='grc' dir='ltr'><strong>οί</strong></span> <span class='ocrx_word' id='word_1_70' title='bbox 1197 1339 1255 1391; x_wconf 91' lang='grc' dir='ltr'><strong>ἐν</strong></span> <span class='ocrx_word' id='word_1_71' title='bbox 1294 1338 1360 1406; x_wconf 76' lang='grc' dir='ltr'><strong>τῇ</strong></span> <span class='ocrx_word' id='word_1_72' title='bbox 1404 1332 1637 1404; x_wconf 76' lang='grc' dir='ltr'>Ἰουδαίᾳ</span> <span class='ocrx_word' id='word_1_73' title='bbox 1669 1346 1799 1400; x_wconf 83' lang='grc' dir='ltr'>φευ-</span> 
     </span>
    </p>
   </div>
   <div class='ocr_carea' id='block_1_12' title="bbox 201 1423 1804 1514">
    <p class='ocr_par' dir='ltr' id='par_1_12' title="bbox 201 1423 1804 1514">
     <span class='ocr_line' id='line_1_12' title="bbox 201 1423 1804 1514; baseline -0.014 -17"><span class='ocrx_word' id='word_1_74' title='bbox 201 1444 454 1514; x_wconf 84' lang='grc' dir='ltr'>γέτωσαν</span> <span class='ocrx_word' id='word_1_75' title='bbox 485 1443 566 1503; x_wconf 79' lang='grc' dir='ltr'><strong>είς</strong></span> <span class='ocrx_word' id='word_1_76' title='bbox 604 1438 674 1492; x_wconf 75' lang='grc' dir='ltr'>τὰ</span> <span class='ocrx_word' id='word_1_77' title='bbox 717 1436 843 1508; x_wconf 78' lang='grc' dir='ltr'>όρη.</span> <span class='ocrx_word' id='word_1_78' title='bbox 889 1435 947 1489; x_wconf 78' lang='grc' dir='ltr'>Ὀ</span> <span class='ocrx_word' id='word_1_79' title='bbox 1005 1433 1064 1486; x_wconf 76' lang='grc' dir='ltr'><strong>δέ</strong></span> <span class='ocrx_word' id='word_1_80' title='bbox 1104 1432 1196 1487; x_wconf 81' lang='grc' dir='ltr'>ἐπὶ</span> <span class='ocrx_word' id='word_1_81' title='bbox 1243 1429 1339 1483; x_wconf 84' lang='grc' dir='ltr'>τοῦ</span> <span class='ocrx_word' id='word_1_82' title='bbox 1399 1427 1674 1514; x_wconf 84' lang='grc' dir='ltr'>δώματος,</span> <span class='ocrx_word' id='word_1_83' title='bbox 1727 1423 1804 1492; x_wconf 80' lang='grc' dir='ltr'>μὴ</span> 
     </span>
    </p>
   </div>
   <div class='ocr_carea' id='block_1_13' title="bbox 201 1512 1806 1601">
    <p class='ocr_par' dir='ltr' id='par_1_13' title="bbox 201 1512 1806 1601">
     <span class='ocr_line' id='line_1_13' title="bbox 201 1512 1806 1601; baseline -0.014 -11"><span class='ocrx_word' id='word_1_84' title='bbox 201 1512 506 1590; x_wconf 75' lang='grc' dir='ltr'>καταϐάτω</span> <span class='ocrx_word' id='word_1_85' title='bbox 551 1534 631 1595; x_wconf 83' lang='grc' dir='ltr'><strong>είς</strong></span> <span class='ocrx_word' id='word_1_86' title='bbox 677 1529 776 1601; x_wconf 75' lang='grc' dir='ltr'>τὴν</span> <span class='ocrx_word' id='word_1_87' title='bbox 812 1528 1013 1590; x_wconf 74' lang='grc' dir='ltr'>οἰκίαν,</span> <span class='ocrx_word' id='word_1_88' title='bbox 1066 1524 1201 1596; x_wconf 83' lang='grc' dir='ltr'>μηδὲ</span> <span class='ocrx_word' id='word_1_89' title='bbox 1235 1520 1530 1576; x_wconf 75' lang='grc' dir='ltr'><strong>εἰσελθέτω</strong></span> <span class='ocrx_word' id='word_1_90' title='bbox 1587 1512 1722 1588; x_wconf 79' lang='grc' dir='ltr'>ἆραι</span> <span class='ocrx_word' id='word_1_91' title='bbox 1752 1531 1806 1568; x_wconf 85' lang='grc' dir='ltr'><strong>τι</strong></span> 
     </span>
    </p>
   </div>
   <div class='ocr_carea' id='block_1_14' title="bbox 199 1605 1806 1696">
    <p class='ocr_par' dir='ltr' id='par_1_14' title="bbox 199 1605 1806 1696">
     <span class='ocr_line' id='line_1_14' title="bbox 199 1605 1806 1696; baseline -0.014 -13"><span class='ocrx_word' id='word_1_92' title='bbox 199 1631 272 1684; x_wconf 86' lang='grc' dir='ltr'><strong>ἐκ</strong></span> <span class='ocrx_word' id='word_1_93' title='bbox 313 1627 413 1696; x_wconf 83' lang='grc' dir='ltr'>τῆς</span> <span class='ocrx_word' id='word_1_94' title='bbox 463 1624 643 1687; x_wconf 82' lang='grc' dir='ltr'>οίκίας</span> <span class='ocrx_word' id='word_1_95' title='bbox 701 1620 892 1681; x_wconf 79' lang='grc' dir='ltr'>αὑτοῦ.</span> <span class='ocrx_word' id='word_1_96' title='bbox 949 1617 1045 1672; x_wconf 72' lang='grc' dir='ltr'>καὶ</span> <span class='ocrx_word' id='word_1_97' title='bbox 1091 1620 1119 1671; x_wconf 90' lang='grc' dir='ltr'><strong>ό</strong></span> <span class='ocrx_word' id='word_1_98' title='bbox 1167 1616 1248 1679; x_wconf 87' lang='grc' dir='ltr'><strong>είς</strong></span> <span class='ocrx_word' id='word_1_99' title='bbox 1281 1613 1374 1667; x_wconf 81' lang='grc' dir='ltr'><strong>τὸν</strong></span> <span class='ocrx_word' id='word_1_100' title='bbox 1405 1610 1578 1681; x_wconf 81' lang='grc' dir='ltr'>ἀγρὸν</span> <span class='ocrx_word' id='word_1_101' title='bbox 1597 1608 1696 1670; x_wconf 78' lang='grc' dir='ltr'>ὢν,</span> <span class='ocrx_word' id='word_1_102' title='bbox 1730 1605 1806 1676; x_wconf 80' lang='grc' dir='ltr'>μὴ</span> 
     </span>
    </p>
   </div>
   <div class='ocr_carea' id='block_1_15' title="bbox 201 1699 1804 1790">
    <p class='ocr_par' dir='ltr' id='par_1_15' title="bbox 201 1699 1804 1790">
     <span class='ocr_line' id='line_1_15' title="bbox 201 1699 1804 1790; baseline -0.015 -14"><span class='ocrx_word' id='word_1_103' title='bbox 201 1718 597 1790; x_wconf 68' lang='grc' dir='ltr'><strong>ἐπιστρεψάτω</strong></span> <span class='ocrx_word' id='word_1_104' title='bbox 629 1717 710 1780; x_wconf 86' lang='grc' dir='ltr'><strong>είς</strong></span> <span class='ocrx_word' id='word_1_105' title='bbox 761 1713 833 1767; x_wconf 82' lang='grc' dir='ltr'><strong>τὰ</strong></span> <span class='ocrx_word' id='word_1_106' title='bbox 880 1712 1078 1774; x_wconf 83' lang='grc' dir='ltr'>ὀπίσω,</span> <span class='ocrx_word' id='word_1_107' title='bbox 1109 1706 1242 1779; x_wconf 82' lang='grc' dir='ltr'>ἆραι</span> <span class='ocrx_word' id='word_1_108' title='bbox 1270 1707 1330 1760; x_wconf 75' lang='grc' dir='ltr'>τὸ</span> <span class='ocrx_word' id='word_1_109' title='bbox 1370 1706 1588 1776; x_wconf 74' lang='grc' dir='ltr'>ἱμάτιον</span> <span class='ocrx_word' id='word_1_110' title='bbox 1616 1699 1804 1754; x_wconf 81' lang='grc' dir='ltr'>αὑτοῦ.</span> 
     </span>
    </p>
   </div>
   <div class='ocr_carea' id='block_1_16' title="bbox 200 1791 1804 1878">
    <p class='ocr_par' dir='ltr' id='par_1_16' title="bbox 200 1791 1804 1878">
     <span class='ocr_line' id='line_1_16' title="bbox 200 1791 1804 1878; baseline -0.015 -9"><span class='ocrx_word' id='word_1_111' title='bbox 200 1816 345 1870; x_wconf 74' lang='grc' dir='ltr'>Οὐαὶ</span> <span class='ocrx_word' id='word_1_112' title='bbox 370 1814 427 1867; x_wconf 71' lang='grc' dir='ltr'><strong>δέ</strong></span> <span class='ocrx_word' id='word_1_113' title='bbox 461 1814 578 1875; x_wconf 86' lang='grc' dir='ltr'>ταῖς</span> <span class='ocrx_word' id='word_1_114' title='bbox 605 1812 663 1862; x_wconf 90' lang='grc' dir='ltr'><strong>ἐν</strong></span> <span class='ocrx_word' id='word_1_115' title='bbox 693 1807 898 1878; x_wconf 73' lang='grc' dir='ltr'>γαστρὶ</span> <span class='ocrx_word' id='word_1_116' title='bbox 936 1803 1194 1876; x_wconf 77' lang='grc' dir='ltr'><strong>ἐχούσαις</strong></span> <span class='ocrx_word' id='word_1_117' title='bbox 1242 1801 1338 1856; x_wconf 78' lang='grc' dir='ltr'>καὶ</span> <span class='ocrx_word' id='word_1_118' title='bbox 1384 1800 1504 1862; x_wconf 82' lang='grc' dir='ltr'>ταῖς</span> <span class='ocrx_word' id='word_1_119' title='bbox 1524 1791 1804 1867; x_wconf 75' lang='grc' dir='ltr'>θηλαζού-</span> 
     </span>
    </p>
   </div>
   <div class='ocr_carea' id='block_1_17' title="bbox 201 1886 1808 1968">
    <p class='ocr_par' dir='ltr' id='par_1_17' title="bbox 201 1886 1808 1968">
     <span class='ocr_line' id='line_1_17' title="bbox 201 1886 1808 1968; baseline -0.015 -10"><span class='ocrx_word' id='word_1_120' title='bbox 201 1921 331 1967; x_wconf 81' lang='grc' dir='ltr'>σ;ις</span> <span class='ocrx_word' id='word_1_121' title='bbox 363 1907 419 1955; x_wconf 75' lang='grc' dir='ltr'><strong>ἐν</strong></span> <span class='ocrx_word' id='word_1_122' title='bbox 451 1902 692 1963; x_wconf 82' lang='grc' dir='ltr'><strong>ἐκείναις</strong></span> <span class='ocrx_word' id='word_1_123' title='bbox 724 1899 845 1960; x_wconf 75' lang='grc' dir='ltr'>ταῖς</span> <span class='ocrx_word' id='word_1_124' title='bbox 879 1896 1136 1968; x_wconf 76' lang='grc' dir='ltr'>ἡμέραις.</span> <span class='ocrx_word' id='word_1_125' title='bbox 1170 1909 1187 1943; x_wconf 77' lang='grc' dir='ltr'><strong>ι</strong></span> <span class='ocrx_word' id='word_1_126' title='bbox 1227 1888 1513 1958; x_wconf 77' lang='grc' dir='ltr'>Βδέλυγμα</span> <span class='ocrx_word' id='word_1_127' title='bbox 1534 1887 1631 1956; x_wconf 81' lang='grc' dir='ltr'>τῆς</span> <span class='ocrx_word' id='word_1_128' title='bbox 1674 1886 1808 1954; x_wconf 81' lang='grc' dir='ltr'>ἐρη-</span> 
     </span>
    </p>
   </div>
   <div class='ocr_carea' id='block_1_18' title="bbox 1905 678 3510 769">
    <p class='ocr_par' dir='ltr' id='par_1_18' title="bbox 1905 678 3510 769">
     <span class='ocr_line' id='line_1_18' title="bbox 1905 678 3510 769; baseline -0.014 -13"><span class='ocrx_word' id='word_1_129' title='bbox 1905 702 1980 755; x_wconf 91' lang='lat' dir='ltr'><strong>tio</strong></span> <span class='ocrx_word' id='word_1_130' title='bbox 1994 699 2420 769; x_wconf 87' lang='lat' dir='ltr'><strong>sequitur,quod</strong></span> <span class='ocrx_word' id='word_1_131' title='bbox 2443 695 2672 764; x_wconf 76' lang='lat' dir='ltr'><strong>Propter</strong></span> <span class='ocrx_word' id='word_1_132' title='bbox 2703 706 2788 747; x_wconf 86' lang='lat' dir='ltr'><strong>me</strong></span> <span class='ocrx_word' id='word_1_133' title='bbox 2804 689 2932 745; x_wconf 88' lang='lat' dir='ltr'><strong>odio</strong></span> <span class='ocrx_word' id='word_1_134' title='bbox 2957 685 3112 742; x_wconf 84' lang='lat' dir='ltr'><strong>erit’is</strong></span> <span class='ocrx_word' id='word_1_135' title='bbox 3143 678 3510 747; x_wconf 79' lang='lat' dir='ltr'><strong>liabiti.Quod</strong></span> 
     </span>
    </p>
   </div>
   <div class='ocr_carea' id='block_1_19' title="bbox 1901 774 3512 865">
    <p class='ocr_par' dir='ltr' id='par_1_19' title="bbox 1901 774 3512 865">
     <span class='ocr_line' id='line_1_19' title="bbox 1901 774 3512 865; baseline -0.016 -14"><span class='ocrx_word' id='word_1_136' title='bbox 1901 796 2046 851; x_wconf 79' lang='lat' dir='ltr'><strong>enim</strong></span> <span class='ocrx_word' id='word_1_137' title='bbox 2081 801 2301 865; x_wconf 88' lang='lat' dir='ltr'><strong>propter</strong></span> <span class='ocrx_word' id='word_1_138' title='bbox 2334 791 2508 861; x_wconf 88' lang='lat' dir='ltr'><strong>ipsum</strong></span> <span class='ocrx_word' id='word_1_139' title='bbox 2540 787 2761 843; x_wconf 88' lang='lat' dir='ltr'><strong>fuerunt</strong></span> <span class='ocrx_word' id='word_1_140' title='bbox 2804 783 2929 837; x_wconf 90' lang='lat' dir='ltr'><strong>odio</strong></span> <span class='ocrx_word' id='word_1_141' title='bbox 2963 777 3160 841; x_wconf 81' lang='lat' dir='ltr'><strong>habiti,</strong></span> <span class='ocrx_word' id='word_1_142' title='bbox 3202 774 3338 830; x_wconf 84' lang='lat' dir='ltr'><strong>satis</strong></span> <span class='ocrx_word' id='word_1_143' title='bbox 3389 780 3512 828; x_wconf 74' lang='lat' dir='ltr'><strong>erat</strong></span> 
     </span>
    </p>
   </div>
   <div class='ocr_carea' id='block_1_20' title="bbox 1902 865 3511 946">
    <p class='ocr_par' dir='ltr' id='par_1_20' title="bbox 1902 865 3511 946">
     <span class='ocr_line' id='line_1_20' title="bbox 1902 865 3511 946; baseline -0.015 -3"><span class='ocrx_word' id='word_1_144' title='bbox 1902 890 1968 943; x_wconf 90' lang='lat' dir='ltr'><strong>ad</strong></span> <span class='ocrx_word' id='word_1_145' title='bbox 2033 902 2224 943; x_wconf 87' lang='lat' dir='ltr'><strong>omnes</strong></span> <span class='ocrx_word' id='word_1_146' title='bbox 2293 883 2636 941; x_wconf 77' lang='lat' dir='ltr'><strong>ealaniitates</strong></span> <span class='ocrx_word' id='word_1_147' title='bbox 2711 877 3014 946; x_wconf 74' lang='lat' dir='ltr'><strong>leniendas.</strong></span> <span class='ocrx_word' id='word_1_148' title='bbox 3058 871 3200 939; x_wconf 83' lang='lat' dir='ltr'><strong>Quin</strong></span> <span class='ocrx_word' id='word_1_149' title='bbox 3261 879 3315 923; x_wconf 92' lang='lat' dir='ltr'><strong>et</strong></span> <span class='ocrx_word' id='word_1_150' title='bbox 3365 865 3511 936; x_wconf 88' lang='lat' dir='ltr'><strong>quod</strong></span> 
     </span>
    </p>
   </div>
   <div class='ocr_carea' id='block_1_21' title="bbox 1902 962 3514 1048">
    <p class='ocr_par' dir='ltr' id='par_1_21' title="bbox 1902 962 3514 1048">
     <span class='ocr_line' id='line_1_21' title="bbox 1902 962 3514 1048; baseline -0.015 -11"><span class='ocrx_word' id='word_1_151' title='bbox 1902 981 2145 1037; x_wconf 81' lang='lat' dir='ltr'><strong>salvandi</strong></span> <span class='ocrx_word' id='word_1_152' title='bbox 2187 989 2347 1034; x_wconf 86' lang='lat' dir='ltr'><strong>erant</strong></span> <span class='ocrx_word' id='word_1_153' title='bbox 2391 975 2792 1048; x_wconf 84' lang='lat' dir='ltr'><strong>perseveraturi</strong></span> <span class='ocrx_word' id='word_1_154' title='bbox 2829 984 3001 1039; x_wconf 89' lang='lat' dir='ltr'><strong>usque</strong></span> <span class='ocrx_word' id='word_1_155' title='bbox 3033 966 3088 1021; x_wconf 87' lang='lat' dir='ltr'><strong>in</strong></span> <span class='ocrx_word' id='word_1_156' title='bbox 3120 965 3307 1028; x_wconf 82' lang='lat' dir='ltr'><strong>finem,</strong></span> <span class='ocrx_word' id='word_1_157' title='bbox 3346 962 3514 1016; x_wconf 79' lang='lat' dir='ltr'><strong>etiam</strong></span> 
     </span>
    </p>
   </div>
   <div class='ocr_carea' id='block_1_22' title="bbox 1907 1061 3200 1143">
    <p class='ocr_par' dir='ltr' id='par_1_22' title="bbox 1907 1061 3200 1143">
     <span class='ocr_line' id='line_1_22' title="bbox 1907 1061 3200 1143; baseline -0.012 -13"><span class='ocrx_word' id='word_1_158' title='bbox 1907 1075 2085 1143; x_wconf 85' lang='lat' dir='ltr'><strong>ipsum</strong></span> <span class='ocrx_word' id='word_1_159' title='bbox 2117 1074 2413 1128; x_wconf 70' lang='lat' dir='ltr'><strong>maximam</strong></span> <span class='ocrx_word' id='word_1_160' title='bbox 2447 1069 2717 1125; x_wconf 82' lang='lat' dir='ltr'><strong>aﬂ&#39;erebat</strong></span> <span class='ocrx_word' id='word_1_161' title='bbox 2742 1061 3200 1121; x_wconf 83' lang='lat' dir='ltr'><strong>cnnsolatiouem.</strong></span> 
     </span>
    </p>
   </div>
   <div class='ocr_carea' id='block_1_23' title="bbox 1980 1149 3516 1224">
    <p class='ocr_par' dir='ltr' id='par_1_23' title="bbox 1980 1149 3516 1224">
     <span class='ocr_line' id='line_1_23' title="bbox 1980 1149 3516 1224; baseline -0.012 -2"><span class='ocrx_word' id='word_1_162' title='bbox 1980 1170 2147 1224; x_wconf 73' lang='lat' dir='ltr'><strong>Vsus.</strong></span> <span class='ocrx_word' id='word_1_163' title='bbox 2173 1165 2364 1222; x_wconf 72' lang='grc' dir='ltr'>ιι-ιτ.</span> <span class='ocrx_word' id='word_1_164' title='bbox 2394 1183 2412 1216; x_wconf 84' lang='grc' dir='ltr'><strong>ι</strong></span> <span class='ocrx_word' id='word_1_165' title='bbox 2442 1163 2612 1218; x_wconf 84' lang='lat' dir='ltr'><strong>Porro</strong></span> <span class='ocrx_word' id='word_1_166' title='bbox 2630 1175 2756 1216; x_wconf 87' lang='lat' dir='ltr'><strong>cum</strong></span> <span class='ocrx_word' id='word_1_167' title='bbox 2783 1153 3032 1212; x_wconf 82' lang='lat' dir='ltr'><strong>videritis</strong></span> <span class='ocrx_word' id='word_1_168' title='bbox 3051 1149 3516 1208; x_wconf 84' lang='lat' dir='ltr'><strong>abominationem</strong></span> 
     </span>
    </p>
   </div>
   <div class='ocr_carea' id='block_1_24' title="bbox 1907 1245 3514 1326">
    <p class='ocr_par' dir='ltr' id='par_1_24' title="bbox 1907 1245 3514 1326">
     <span class='ocr_line' id='line_1_24' title="bbox 1907 1245 3514 1326; baseline -0.016 -7"><span class='ocrx_word' id='word_1_169' title='bbox 1907 1262 2267 1320; x_wconf 77' lang='lat' dir='ltr'><strong>desolationis</strong></span> <span class='ocrx_word' id='word_1_170' title='bbox 2298 1257 2366 1313; x_wconf 85' lang='lat' dir='ltr'><strong>de</strong></span> <span class='ocrx_word' id='word_1_171' title='bbox 2393 1272 2501 1326; x_wconf 87' lang='lat' dir='ltr'><strong>qua</strong></span> <span class='ocrx_word' id='word_1_172' title='bbox 2532 1255 2735 1311; x_wconf 81' lang='lat' dir='ltr'><strong>dictum</strong></span> <span class='ocrx_word' id='word_1_173' title='bbox 2769 1262 2856 1308; x_wconf 82' lang='lat' dir='ltr'><strong>est</strong></span> <span class='ocrx_word' id='word_1_174' title='bbox 2889 1266 2917 1303; x_wconf 89' lang='lat' dir='ltr'><strong>a</strong></span> <span class='ocrx_word' id='word_1_175' title='bbox 2953 1246 3178 1304; x_wconf 79' lang='lat' dir='ltr'><strong>Daniele</strong></span> <span class='ocrx_word' id='word_1_176' title='bbox 3225 1245 3514 1315; x_wconf 74' lang='lat' dir='ltr'><strong>propheta,</strong></span> 
     </span>
    </p>
   </div>
   <div class='ocr_carea' id='block_1_25' title="bbox 1909 1336 3519 1420">
    <p class='ocr_par' dir='ltr' id='par_1_25' title="bbox 1909 1336 3519 1420">
     <span class='ocr_line' id='line_1_25' title="bbox 1909 1336 3519 1420; baseline -0.012 -6"><span class='ocrx_word' id='word_1_177' title='bbox 1909 1369 2143 1413; x_wconf 84' lang='lat' dir='ltr'><strong>stantem</strong></span> <span class='ocrx_word' id='word_1_178' title='bbox 2177 1354 2266 1409; x_wconf 90' lang='lat' dir='ltr'><strong>ubi</strong></span> <span class='ocrx_word' id='word_1_179' title='bbox 2296 1353 2400 1406; x_wconf 86' lang='lat' dir='ltr'><strong>non</strong></span> <span class='ocrx_word' id='word_1_180' title='bbox 2430 1359 2668 1420; x_wconf 83' lang='lat' dir='ltr'><strong>oportet.</strong></span> <span class='ocrx_word' id='word_1_181' title='bbox 2693 1347 2788 1419; x_wconf 86' lang='lat' dir='ltr'><strong>qui</strong></span> <span class='ocrx_word' id='word_1_182' title='bbox 2817 1345 3010 1415; x_wconf 86' lang='lat' dir='ltr'><strong>legerit</strong></span> <span class='ocrx_word' id='word_1_183' title='bbox 3047 1342 3339 1411; x_wconf 80' lang='lat' dir='ltr'><strong>intelligat.</strong></span> <span class='ocrx_word' id='word_1_184' title='bbox 3359 1336 3519 1394; x_wconf 86' lang='lat' dir='ltr'><strong>Tunc</strong></span> 
     </span>
    </p>
   </div>
   <div class='ocr_carea' id='block_1_26' title="bbox 1908 1431 3522 1522">
    <p class='ocr_par' dir='ltr' id='par_1_26' title="bbox 1908 1431 3522 1522">
     <span class='ocr_line' id='line_1_26' title="bbox 1908 1431 3522 1522; baseline -0.01 -20"><span class='ocrx_word' id='word_1_185' title='bbox 1908 1451 2000 1522; x_wconf 86' lang='lat' dir='ltr'><strong>qui</strong></span> <span class='ocrx_word' id='word_1_186' title='bbox 2033 1445 2239 1502; x_wconf 76' lang='lat' dir='ltr'><strong>fuerint</strong></span> <span class='ocrx_word' id='word_1_187' title='bbox 2289 1439 2345 1499; x_wconf 81' lang='lat' dir='ltr'><strong>in</strong></span> <span class='ocrx_word' id='word_1_188' title='bbox 2373 1441 2588 1506; x_wconf 54' lang='grc' dir='ltr'>ἰαύει,</span> <span class='ocrx_word' id='word_1_189' title='bbox 2614 1441 2824 1509; x_wconf 77' lang='lat' dir='ltr'><strong>fugiant</strong></span> <span class='ocrx_word' id='word_1_190' title='bbox 2856 1437 2924 1492; x_wconf 84' lang='lat' dir='ltr'><strong>ad</strong></span> <span class='ocrx_word' id='word_1_191' title='bbox 2961 1445 3219 1491; x_wconf 87' lang='lat' dir='ltr'><strong>montes:</strong></span> <span class='ocrx_word' id='word_1_192' title='bbox 3248 1431 3342 1502; x_wconf 88' lang='lat' dir='ltr'><strong>qui</strong></span> <span class='ocrx_word' id='word_1_193' title='bbox 3387 1444 3522 1486; x_wconf 77' lang='lat' dir='ltr'><strong>vero</strong></span> 
     </span>
    </p>
   </div>
   <div class='ocr_carea' id='block_1_27' title="bbox 1908 1526 3522 1603">
    <p class='ocr_par' dir='ltr' id='par_1_27' title="bbox 1908 1526 3522 1603">
     <span class='ocr_line' id='line_1_27' title="bbox 1908 1526 3522 1603; baseline -0.012 -5"><span class='ocrx_word' id='word_1_194' title='bbox 1908 1543 2072 1599; x_wconf 89' lang='lat' dir='ltr'><strong>fuerit</strong></span> <span class='ocrx_word' id='word_1_195' title='bbox 2101 1539 2357 1603; x_wconf 79' lang='lat' dir='ltr'><strong>intecto,</strong></span> <span class='ocrx_word' id='word_1_196' title='bbox 2395 1550 2461 1591; x_wconf 89' lang='lat' dir='ltr'><strong>ne</strong></span> <span class='ocrx_word' id='word_1_197' title='bbox 2497 1535 2792 1591; x_wconf 74' lang='lat' dir='ltr'><strong>descendat</strong></span> <span class='ocrx_word' id='word_1_198' title='bbox 2840 1531 2894 1586; x_wconf 91' lang='lat' dir='ltr'><strong>in</strong></span> <span class='ocrx_word' id='word_1_199' title='bbox 2922 1526 3173 1594; x_wconf 85' lang='lat' dir='ltr'><strong>domum,</strong></span> <span class='ocrx_word' id='word_1_200' title='bbox 3201 1542 3300 1583; x_wconf 86' lang='lat' dir='ltr'><strong>nec</strong></span> <span class='ocrx_word' id='word_1_201' title='bbox 3338 1526 3522 1595; x_wconf 87' lang='lat' dir='ltr'><strong>ingre-</strong></span> 
     </span>
    </p>
   </div>
   <div class='ocr_carea' id='block_1_28' title="bbox 1911 1613 3519 1700">
    <p class='ocr_par' dir='ltr' id='par_1_28' title="bbox 1911 1613 3519 1700">
     <span class='ocr_line' id='line_1_28' title="bbox 1911 1613 3519 1700; baseline -0.011 -13"><span class='ocrx_word' id='word_1_202' title='bbox 1911 1635 2093 1689; x_wconf 89' lang='lat' dir='ltr'><strong>diatur</strong></span> <span class='ocrx_word' id='word_1_203' title='bbox 2146 1639 2206 1684; x_wconf 91' lang='lat' dir='ltr'><strong>ut</strong></span> <span class='ocrx_word' id='word_1_204' title='bbox 2250 1630 2545 1700; x_wconf 75' lang='lat' dir='ltr'><strong>quicquam</strong></span> <span class='ocrx_word' id='word_1_205' title='bbox 2601 1623 2759 1680; x_wconf 75' lang='lat' dir='ltr'><strong>tollat</strong></span> <span class='ocrx_word' id='word_1_206' title='bbox 2811 1639 2843 1678; x_wconf 89' lang='lat' dir='ltr'><strong>e</strong></span> <span class='ocrx_word' id='word_1_207' title='bbox 2889 1622 3052 1677; x_wconf 87' lang='lat' dir='ltr'><strong>domo</strong></span> <span class='ocrx_word' id='word_1_208' title='bbox 3103 1633 3200 1674; x_wconf 88' lang='lat' dir='ltr'><strong>sua</strong></span> <span class='ocrx_word' id='word_1_209' title='bbox 3249 1635 3266 1672; x_wconf 83' lang='lat'><strong>:</strong></span> <span class='ocrx_word' id='word_1_210' title='bbox 3317 1627 3372 1671; x_wconf 94' lang='lat' dir='ltr'><strong>et</strong></span> <span class='ocrx_word' id='word_1_211' title='bbox 3426 1613 3519 1685; x_wconf 92' lang='lat' dir='ltr'><strong>qui</strong></span> 
     </span>
    </p>
   </div>
   <div class='ocr_carea' id='block_1_29' title="bbox 1913 1709 3518 1794">
    <p class='ocr_par' dir='ltr' id='par_1_29' title="bbox 1913 1709 3518 1794">
     <span class='ocr_line' id='line_1_29' title="bbox 1913 1709 3518 1794; baseline -0.012 -14"><span class='ocrx_word' id='word_1_212' title='bbox 1913 1727 2075 1780; x_wconf 57' lang='lat' dir='ltr'><strong>fuerit</strong></span> <span class='ocrx_word' id='word_1_213' title='bbox 2104 1725 2156 1778; x_wconf 85' lang='lat' dir='ltr'><strong>it)</strong></span> <span class='ocrx_word' id='word_1_214' title='bbox 2198 1738 2347 1794; x_wconf 84' lang='lat' dir='ltr'><strong>agro,</strong></span> <span class='ocrx_word' id='word_1_215' title='bbox 2389 1736 2456 1775; x_wconf 88' lang='lat' dir='ltr'><strong>ne</strong></span> <span class='ocrx_word' id='word_1_216' title='bbox 2504 1727 2816 1775; x_wconf 81' lang='lat' dir='ltr'><strong>revertatur</strong></span> <span class='ocrx_word' id='word_1_217' title='bbox 2846 1716 2914 1771; x_wconf 80' lang='lat' dir='ltr'><strong>ad</strong></span> <span class='ocrx_word' id='word_1_218' title='bbox 2953 1730 3019 1770; x_wconf 84' lang='lat' dir='ltr'><strong>ea</strong></span> <span class='ocrx_word' id='word_1_219' title='bbox 3055 1727 3178 1784; x_wconf 65' lang='lat' dir='ltr'><strong>qua!</strong></span> <span class='ocrx_word' id='word_1_220' title='bbox 3235 1709 3456 1781; x_wconf 87' lang='lat' dir='ltr'><strong>reliquit</strong></span> <span class='ocrx_word' id='word_1_221' title='bbox 3488 1725 3518 1761; x_wconf 87' lang='lat' dir='ltr'><strong>a</strong></span> 
     </span>
    </p>
   </div>
   <div class='ocr_carea' id='block_1_30' title="bbox 1917 1799 3519 1888">
    <p class='ocr_par' dir='ltr' id='par_1_30' title="bbox 1917 1799 3519 1888">
     <span class='ocr_line' id='line_1_30' title="bbox 1917 1799 3519 1888; baseline -0.012 -13"><span class='ocrx_word' id='word_1_222' title='bbox 1917 1833 2088 1888; x_wconf 65' lang='lat' dir='ltr'><strong>tergo,</strong></span> <span class='ocrx_word' id='word_1_223' title='bbox 2119 1821 2185 1872; x_wconf 87' lang='lat' dir='ltr'><strong>ad</strong></span> <span class='ocrx_word' id='word_1_224' title='bbox 2229 1815 2526 1870; x_wconf 87' lang='lat' dir='ltr'><strong>tollendum</strong></span> <span class='ocrx_word' id='word_1_225' title='bbox 2559 1806 2782 1880; x_wconf 83' lang='lat' dir='ltr'><strong>pallium</strong></span> <span class='ocrx_word' id='word_1_226' title='bbox 2815 1799 3005 1864; x_wconf 73' lang='lat' dir='ltr'><strong>suum.</strong></span> <span class='ocrx_word' id='word_1_227' title='bbox 3029 1805 3124 1861; x_wconf 74' lang='lat' dir='ltr'><strong>Va:</strong></span> <span class='ocrx_word' id='word_1_228' title='bbox 3157 1807 3343 1861; x_wconf 81' lang='lat' dir='ltr'><strong>autem</strong></span> <span class='ocrx_word' id='word_1_229' title='bbox 3380 1818 3519 1871; x_wconf 70' lang='lat' dir='ltr'><strong>prm-</strong></span> 
     </span>
    </p>
   </div>
   <div class='ocr_carea' id='block_1_31' title="bbox 1914 1893 3521 1985">
    <p class='ocr_par' dir='ltr' id='par_1_31' title="bbox 1914 1893 3521 1985">
     <span class='ocr_line' id='line_1_31' title="bbox 1914 1893 3521 1985; baseline -0.01 -21"><span class='ocrx_word' id='word_1_230' title='bbox 1914 1911 2227 1985; x_wconf 71' lang='lat' dir='ltr'><strong>gnautibus,</strong></span> <span class='ocrx_word' id='word_1_231' title='bbox 2261 1917 2316 1964; x_wconf 93' lang='lat' dir='ltr'><strong>et</strong></span> <span class='ocrx_word' id='word_1_232' title='bbox 2371 1905 2702 1960; x_wconf 84' lang='lat' dir='ltr'><strong>lactantibus</strong></span> <span class='ocrx_word' id='word_1_233' title='bbox 2736 1903 2790 1958; x_wconf 91' lang='lat' dir='ltr'><strong>in</strong></span> <span class='ocrx_word' id='word_1_234' title='bbox 2827 1901 3024 1958; x_wconf 86' lang='lat' dir='ltr'><strong>diebus</strong></span> <span class='ocrx_word' id='word_1_235' title='bbox 3059 1900 3189 1955; x_wconf 85' lang='lat' dir='ltr'><strong>illis.</strong></span> <span class='ocrx_word' id='word_1_236' title='bbox 3239 1917 3260 1952; x_wconf 72' lang='grc' dir='ltr'><strong>ι</strong></span> <span class='ocrx_word' id='word_1_237' title='bbox 3296 1893 3521 1950; x_wconf 81' lang='lat' dir='ltr'><strong>Abomi-</strong></span> 
     </span>
    </p>
   </div>
   <div class='ocr_carea' id='block_1_32' title="bbox 200 1978 1810 2070">
    <p class='ocr_par' dir='ltr' id='par_1_32' title="bbox 200 1978 1803 2070">
     <span class='ocr_line' id='line_1_32' title="bbox 200 1978 1803 2070; baseline -0.013 -19"><span class='ocrx_word' id='word_1_238' title='bbox 200 1996 462 2070; x_wconf 84' lang='grc' dir='ltr'>μώσεως,</span> <span class='ocrx_word' id='word_1_239' title='bbox 493 1997 522 2049; x_wconf 86' lang='grc' dir='ltr'><strong>ό</strong></span> <span class='ocrx_word' id='word_1_240' title='bbox 557 1993 781 2060; x_wconf 71' lang='grc' dir='ltr'>ἀνδριὰς</span> <span class='ocrx_word' id='word_1_241' title='bbox 816 1989 909 2044; x_wconf 78' lang='grc' dir='ltr'>τοῦ</span> <span class='ocrx_word' id='word_1_242' title='bbox 942 1989 1041 2058; x_wconf 76' lang='grc' dir='ltr'><strong>την</strong></span> <span class='ocrx_word' id='word_1_243' title='bbox 1057 1987 1212 2040; x_wconf 83' lang='grc' dir='ltr'>πόλιν</span> <span class='ocrx_word' id='word_1_244' title='bbox 1245 1984 1478 2045; x_wconf 82' lang='grc' dir='ltr'>ἑλόντος.</span> <span class='ocrx_word' id='word_1_245' title='bbox 1512 1978 1803 2046; x_wconf 77' lang='grc' dir='ltr'>Βδέλυγμα</span> 
     </span>
    </p>
   </div>
   <div class='ocr_carea' id='block_1_33' title="bbox 1920 1978 3520 2070">
    <p class='ocr_par' dir='ltr' id='par_1_33' title="bbox 1920 1991 3520 2066">
     <span class='ocr_line' id='line_1_33' title="bbox 1920 1991 3520 2066; baseline -0.013 -5"><span class='ocrx_word' id='word_1_246' title='bbox 1920 2010 2060 2061; x_wconf 76' lang='lat' dir='ltr'><strong>uatio</strong></span> <span class='ocrx_word' id='word_1_247' title='bbox 2117 2001 2474 2059; x_wconf 87' lang='lat' dir='ltr'><strong>desolatiouis</strong></span> <span class='ocrx_word' id='word_1_248' title='bbox 2518 2008 2700 2056; x_wconf 78' lang='lat' dir='ltr'><strong>statua</strong></span> <span class='ocrx_word' id='word_1_249' title='bbox 2759 2007 2844 2051; x_wconf 88' lang='lat' dir='ltr'><strong>est</strong></span> <span class='ocrx_word' id='word_1_250' title='bbox 2915 1995 3036 2066; x_wconf 84' lang='lat' dir='ltr'><strong>ejus</strong></span> <span class='ocrx_word' id='word_1_251' title='bbox 3093 2009 3188 2064; x_wconf 88' lang='lat' dir='ltr'><strong>qm</strong></span> <span class='ocrx_word' id='word_1_252' title='bbox 3241 1991 3520 2048; x_wconf 83' lang='lat' dir='ltr'><strong>civitatem</strong></span> 
     </span>
    </p>
   </div>
   <div class='ocr_carea' id='block_1_34' title="bbox 193 2069 1802 2161">
    <p class='ocr_par' dir='ltr' id='par_1_34' title="bbox 193 2069 1802 2161">
     <span class='ocr_line' id='line_1_34' title="bbox 193 2069 1802 2161; baseline -0.014 -16"><span class='ocrx_word' id='word_1_253' title='bbox 193 2069 314 2161; x_wconf 80' lang='grc' dir='ltr'>γὰρ</span> <span class='ocrx_word' id='word_1_254' title='bbox 358 2090 470 2141; x_wconf 77' lang='grc' dir='ltr'><strong>πᾶν</strong></span> <span class='ocrx_word' id='word_1_255' title='bbox 525 2086 745 2139; x_wconf 76' lang='grc' dir='ltr'>εἴδωλον</span> <span class='ocrx_word' id='word_1_256' title='bbox 794 2083 1041 2150; x_wconf 79' lang='grc' dir='ltr'>λέγεται.</span> <span class='ocrx_word' id='word_1_257' title='bbox 1109 2076 1479 2149; x_wconf 82' lang='grc' dir='ltr'>Ἐρημώσεως</span> <span class='ocrx_word' id='word_1_258' title='bbox 1528 2073 1606 2136; x_wconf 80' lang='grc' dir='ltr'>δὲ,</span> <span class='ocrx_word' id='word_1_259' title='bbox 1666 2069 1802 2124; x_wconf 82' lang='grc' dir='ltr'>διότι</span> 
     </span>
    </p>
   </div>
   <div class='ocr_carea' id='block_1_35' title="bbox 192 2161 1804 2250">
    <p class='ocr_par' dir='ltr' id='par_1_35' title="bbox 192 2161 1804 2250">
     <span class='ocr_line' id='line_1_35' title="bbox 192 2161 1804 2250; baseline -0.014 -13"><span class='ocrx_word' id='word_1_260' title='bbox 192 2179 441 2250; x_wconf 71' lang='grc' dir='ltr'>ἁλούσης</span> <span class='ocrx_word' id='word_1_261' title='bbox 457 2178 557 2248; x_wconf 85' lang='grc' dir='ltr'>τῆς</span> <span class='ocrx_word' id='word_1_262' title='bbox 593 2173 974 2248; x_wconf 82' lang='grc' dir='ltr'>Ἰερουσαλὴμ,</span> <span class='ocrx_word' id='word_1_263' title='bbox 1016 2172 1112 2227; x_wconf 80' lang='grc' dir='ltr'>καὶ</span> <span class='ocrx_word' id='word_1_264' title='bbox 1167 2170 1455 2240; x_wconf 82' lang='grc' dir='ltr'><strong>ἐρήμωσιν</strong></span> <span class='ocrx_word' id='word_1_265' title='bbox 1482 2161 1804 2234; x_wconf 82' lang='grc' dir='ltr'>πασχούσης</span> 
     </span>
    </p>
   </div>
   <div class='ocr_carea' id='block_1_36' title="bbox 197 2252 1805 2343">
    <p class='ocr_par' dir='ltr' id='par_1_36' title="bbox 197 2252 1805 2343">
     <span class='ocr_line' id='line_1_36' title="bbox 197 2252 1805 2343; baseline -0.014 -15"><span class='ocrx_word' id='word_1_266' title='bbox 197 2272 444 2343; x_wconf 77' lang='grc' dir='ltr'>ῑστησαν</span> <span class='ocrx_word' id='word_1_267' title='bbox 478 2269 611 2323; x_wconf 77' lang='grc' dir='ltr'>αὐτὸ</span> <span class='ocrx_word' id='word_1_268' title='bbox 636 2268 746 2321; x_wconf 68' lang='grc' dir='ltr'>ἔσω</span> <span class='ocrx_word' id='word_1_269' title='bbox 774 2266 886 2319; x_wconf 84' lang='grc' dir='ltr'>τῶν</span> <span class='ocrx_word' id='word_1_270' title='bbox 917 2263 1129 2317; x_wconf 78' lang='grc' dir='ltr'>ἀδύτων</span> <span class='ocrx_word' id='word_1_271' title='bbox 1173 2258 1268 2315; x_wconf 84' lang='grc' dir='ltr'>τοῦ</span> <span class='ocrx_word' id='word_1_272' title='bbox 1309 2258 1462 2312; x_wconf 84' lang='grc' dir='ltr'>ναοῦ.</span> <span class='ocrx_word' id='word_1_273' title='bbox 1516 2255 1679 2311; x_wconf 81' lang='grc' dir='ltr'>Ἀλλὰ</span> <span class='ocrx_word' id='word_1_274' title='bbox 1707 2252 1805 2308; x_wconf 80' lang='grc' dir='ltr'>καὶ</span> 
     </span>
    </p>
   </div>
   <div class='ocr_carea' id='block_1_37' title="bbox 193 2346 1805 2427">
    <p class='ocr_par' dir='ltr' id='par_1_37' title="bbox 193 2346 1805 2427">
     <span class='ocr_line' id='line_1_37' title="bbox 193 2346 1805 2427; baseline -0.014 -7"><span class='ocrx_word' id='word_1_275' title='bbox 193 2368 227 2420; x_wconf 92' lang='lat'><strong>6</strong></span> <span class='ocrx_word' id='word_1_276' title='bbox 264 2363 522 2427; x_wconf 77' lang='grc' dir='ltr'>Πιλᾶτος,</span> <span class='ocrx_word' id='word_1_277' title='bbox 549 2361 650 2420; x_wconf 72' lang='grc' dir='ltr'>τὰς</span> <span class='ocrx_word' id='word_1_278' title='bbox 682 2358 776 2412; x_wconf 80' lang='grc' dir='ltr'>τοῦ</span> <span class='ocrx_word' id='word_1_279' title='bbox 813 2357 1098 2427; x_wconf 81' lang='grc' dir='ltr'>Καίσαρος</span> <span class='ocrx_word' id='word_1_280' title='bbox 1123 2351 1344 2416; x_wconf 78' lang='grc' dir='ltr'>εἰκόνας</span> <span class='ocrx_word' id='word_1_281' title='bbox 1375 2351 1596 2418; x_wconf 88' lang='grc' dir='ltr'>νύκτωρ</span> <span class='ocrx_word' id='word_1_282' title='bbox 1636 2350 1718 2410; x_wconf 87' lang='grc' dir='ltr'><strong>είς</strong></span> <span class='ocrx_word' id='word_1_283' title='bbox 1744 2346 1805 2399; x_wconf 81' lang='grc' dir='ltr'><strong>τδ</strong></span> 
     </span>
    </p>
   </div>
   <div class='ocr_carea' id='block_1_38' title="bbox 198 2439 1806 2529">
    <p class='ocr_par' dir='ltr' id='par_1_38' title="bbox 198 2439 1806 2529">
     <span class='ocr_line' id='line_1_38' title="bbox 198 2439 1806 2529; baseline -0.013 -17"><span class='ocrx_word' id='word_1_284' title='bbox 198 2459 354 2529; x_wconf 74' lang='grc' dir='ltr'>ἱερὸν</span> <span class='ocrx_word' id='word_1_285' title='bbox 384 2453 632 2524; x_wconf 82' lang='grc' dir='ltr'>ἀγαγὼν,</span> <span class='ocrx_word' id='word_1_286' title='bbox 685 2449 885 2506; x_wconf 80' lang='grc' dir='ltr'>πολλοῦ</span> <span class='ocrx_word' id='word_1_287' title='bbox 932 2448 1169 2520; x_wconf 79' lang='grc' dir='ltr'>θορύσου</span> <span class='ocrx_word' id='word_1_288' title='bbox 1219 2445 1299 2517; x_wconf 80' lang='grc' dir='ltr'>τῷ</span> <span class='ocrx_word' id='word_1_289' title='bbox 1344 2443 1544 2514; x_wconf 83' lang='grc' dir='ltr'>πλήθει</span> <span class='ocrx_word' id='word_1_290' title='bbox 1583 2439 1806 2508; x_wconf 85' lang='grc' dir='ltr'>ἐγένετο</span> 
     </span>
    </p>
   </div>
   <div class='ocr_carea' id='block_1_39' title="bbox 193 2533 1805 2616">
    <p class='ocr_par' dir='ltr' id='par_1_39' title="bbox 193 2533 1805 2616">
     <span class='ocr_line' id='line_1_39' title="bbox 193 2533 1805 2616; baseline -0.014 -12"><span class='ocrx_word' id='word_1_291' title='bbox 193 2550 398 2613; x_wconf 66' lang='grc' dir='ltr'>αἴτιος.</span> <span class='ocrx_word' id='word_1_292' title='bbox 436 2548 665 2600; x_wconf 81' lang='grc' dir='ltr'>Ἐκτοτε</span> <span class='ocrx_word' id='word_1_293' title='bbox 693 2543 898 2616; x_wconf 78' lang='grc' dir='ltr'>ἤρξατο</span> <span class='ocrx_word' id='word_1_294' title='bbox 934 2542 1030 2595; x_wconf 77' lang='grc' dir='ltr'>καὶ</span> <span class='ocrx_word' id='word_1_295' title='bbox 1061 2543 1089 2593; x_wconf 91' lang='lat'><strong>6</strong></span> <span class='ocrx_word' id='word_1_296' title='bbox 1129 2539 1366 2608; x_wconf 84' lang='grc' dir='ltr'>πόλεμος</span> <span class='ocrx_word' id='word_1_297' title='bbox 1397 2536 1494 2589; x_wconf 78' lang='grc' dir='ltr'>καὶ</span> <span class='ocrx_word' id='word_1_298' title='bbox 1516 2535 1550 2603; x_wconf 86' lang='grc' dir='ltr'>ὴ</span> <span class='ocrx_word' id='word_1_299' title='bbox 1578 2533 1805 2602; x_wconf 75' lang='grc' dir='ltr'>ἐρήμω-</span> 
     </span>
    </p>
   </div>
   <div class='ocr_carea' id='block_1_40' title="bbox 197 2622 1808 2712">
    <p class='ocr_par' dir='ltr' id='par_1_40' title="bbox 197 2622 1808 2712">
     <span class='ocr_line' id='line_1_40' title="bbox 197 2622 1808 2712; baseline -0.015 -13"><span class='ocrx_word' id='word_1_300' title='bbox 197 2661 288 2706; x_wconf 84' lang='grc' dir='ltr'><strong>σις</strong></span> <span class='ocrx_word' id='word_1_301' title='bbox 325 2642 428 2712; x_wconf 84' lang='grc' dir='ltr'><strong>τῆς</strong></span> <span class='ocrx_word' id='word_1_302' title='bbox 470 2637 850 2710; x_wconf 80' lang='grc' dir='ltr'>Ἰερουσαλήμ.</span> <span class='ocrx_word' id='word_1_303' title='bbox 904 2635 1040 2689; x_wconf 83' lang='grc' dir='ltr'>Τότε</span> <span class='ocrx_word' id='word_1_304' title='bbox 1087 2632 1271 2686; x_wconf 87' lang='grc' dir='ltr'>τοίνυν</span> <span class='ocrx_word' id='word_1_305' title='bbox 1294 2631 1345 2683; x_wconf 85' lang='lat' dir='ltr'><strong>oi</strong></span> <span class='ocrx_word' id='word_1_306' title='bbox 1379 2631 1436 2682; x_wconf 87' lang='grc' dir='ltr'>ἐν</span> <span class='ocrx_word' id='word_1_307' title='bbox 1464 2629 1531 2698; x_wconf 81' lang='grc' dir='ltr'><strong>τῇ</strong></span> <span class='ocrx_word' id='word_1_308' title='bbox 1576 2622 1808 2696; x_wconf 76' lang='grc' dir='ltr'>Ἰουδαίᾳ</span> 
     </span>
    </p>
   </div>
   <div class='ocr_carea' id='block_1_41' title="bbox 195 2716 1804 2803">
    <p class='ocr_par' dir='ltr' id='par_1_41' title="bbox 195 2716 1804 2803">
     <span class='ocr_line' id='line_1_41' title="bbox 195 2716 1804 2803; baseline -0.013 -12"><span class='ocrx_word' id='word_1_309' title='bbox 195 2738 377 2801; x_wconf 67' lang='grc' dir='ltr'>ὄντες,</span> <span class='ocrx_word' id='word_1_310' title='bbox 403 2733 760 2803; x_wconf 82' lang='grc' dir='ltr'>φευγέτωσαν</span> <span class='ocrx_word' id='word_1_311' title='bbox 791 2731 871 2793; x_wconf 80' lang='grc' dir='ltr'><strong>είς</strong></span> <span class='ocrx_word' id='word_1_312' title='bbox 904 2729 973 2782; x_wconf 79' lang='grc' dir='ltr'>τὰ</span> <span class='ocrx_word' id='word_1_313' title='bbox 1000 2728 1124 2799; x_wconf 76' lang='grc' dir='ltr'>ὅρη.</span> <span class='ocrx_word' id='word_1_314' title='bbox 1159 2723 1357 2787; x_wconf 79' lang='grc' dir='ltr'>Καλῶς</span> <span class='ocrx_word' id='word_1_315' title='bbox 1388 2723 1444 2776; x_wconf 84' lang='grc' dir='ltr'><strong>δέ</strong></span> <span class='ocrx_word' id='word_1_316' title='bbox 1459 2716 1644 2784; x_wconf 75' lang='grc' dir='ltr'>εἶπεν,</span> <span class='ocrx_word' id='word_1_317' title='bbox 1675 2721 1722 2772; x_wconf 85' lang='lat' dir='ltr'><strong>oi</strong></span> <span class='ocrx_word' id='word_1_318' title='bbox 1745 2719 1804 2771; x_wconf 86' lang='grc' dir='ltr'><strong>ἐν</strong></span> 
     </span>
    </p>
   </div>
   <div class='ocr_carea' id='block_1_42' title="bbox 195 2812 1805 2905">
    <p class='ocr_par' dir='ltr' id='par_1_42' title="bbox 195 2812 1805 2905">
     <span class='ocr_line' id='line_1_42' title="bbox 195 2812 1805 2905; baseline -0.014 -20"><span class='ocrx_word' id='word_1_319' title='bbox 195 2835 268 2905; x_wconf 73' lang='grc' dir='ltr'>τῇ</span> <span class='ocrx_word' id='word_1_320' title='bbox 337 2827 590 2898; x_wconf 71' lang='grc' dir='ltr'>Ἰουδαία.</span> <span class='ocrx_word' id='word_1_321' title='bbox 639 2827 704 2881; x_wconf 80' lang='lat' dir='ltr'><strong>Oi</strong></span> <span class='ocrx_word' id='word_1_322' title='bbox 752 2825 865 2894; x_wconf 81' lang='grc' dir='ltr'><strong>γὰρ</strong></span> <span class='ocrx_word' id='word_1_323' title='bbox 913 2821 1208 2878; x_wconf 74' lang='grc' dir='ltr'>ἀπόστολοι</span> <span class='ocrx_word' id='word_1_324' title='bbox 1275 2819 1375 2872; x_wconf 85' lang='grc' dir='ltr'>οὑκ</span> <span class='ocrx_word' id='word_1_325' title='bbox 1420 2812 1562 2889; x_wconf 81' lang='grc' dir='ltr'>ἦσαν</span> <span class='ocrx_word' id='word_1_326' title='bbox 1623 2815 1681 2866; x_wconf 89' lang='grc' dir='ltr'><strong>ἐν</strong></span> <span class='ocrx_word' id='word_1_327' title='bbox 1737 2814 1805 2884; x_wconf 75' lang='grc' dir='ltr'>τῇ</span> 
     </span>
    </p>
   </div>
   <div class='ocr_carea' id='block_1_43' title="bbox 211 2903 1812 2991">
    <p class='ocr_par' dir='ltr' id='par_1_43' title="bbox 211 2903 1812 2991">
     <span class='ocr_line' id='line_1_43' title="bbox 211 2903 1812 2991; baseline -0.015 -13"><span class='ocrx_word' id='word_1_328' title='bbox 211 2903 470 2991; x_wconf 66' lang='grc' dir='ltr'>Ἰουδαίᾳ,</span> <span class='ocrx_word' id='word_1_329' title='bbox 497 2919 639 2982; x_wconf 82' lang='grc' dir='ltr'>ἀλλ’,</span> <span class='ocrx_word' id='word_1_330' title='bbox 670 2918 746 2981; x_wconf 85' lang='grc' dir='ltr'><strong>ὡς</strong></span> <span class='ocrx_word' id='word_1_331' title='bbox 787 2918 1023 2986; x_wconf 71' lang='grc' dir='ltr'>ἔφημεν,</span> <span class='ocrx_word' id='word_1_332' title='bbox 1047 2912 1152 2984; x_wconf 75' lang='grc' dir='ltr'><strong>πρὸ</strong></span> <span class='ocrx_word' id='word_1_333' title='bbox 1166 2910 1260 2965; x_wconf 81' lang='grc' dir='ltr'>τοῦ</span> <span class='ocrx_word' id='word_1_334' title='bbox 1280 2909 1520 2979; x_wconf 78' lang='grc' dir='ltr'>πολέμου</span> <span class='ocrx_word' id='word_1_335' title='bbox 1549 2903 1812 2974; x_wconf 81' lang='grc' dir='ltr'>ἐδιώχθη-</span> 
     </span>
    </p>
   </div>
   <div class='ocr_carea' id='block_1_44' title="bbox 199 2998 1806 3083">
    <p class='ocr_par' dir='ltr' id='par_1_44' title="bbox 199 2998 1806 3083">
     <span class='ocr_line' id='line_1_44' title="bbox 199 2998 1806 3083; baseline -0.014 -12"><span class='ocrx_word' id='word_1_336' title='bbox 199 3034 310 3072; x_wconf 88' lang='grc' dir='ltr'><strong>σαν</strong></span> <span class='ocrx_word' id='word_1_337' title='bbox 332 3016 439 3068; x_wconf 80' lang='grc' dir='ltr'><strong>ἁπδ</strong></span> <span class='ocrx_word' id='word_1_338' title='bbox 467 3014 568 3083; x_wconf 75' lang='grc' dir='ltr'>τῆς</span> <span class='ocrx_word' id='word_1_339' title='bbox 611 3008 971 3082; x_wconf 74' lang='grc' dir='ltr'>Ἰερουσαλήμ</span> <span class='ocrx_word' id='word_1_340' title='bbox 990 3025 1005 3040; x_wconf 89' lang='grc'><strong>·</strong></span> <span class='ocrx_word' id='word_1_341' title='bbox 1054 3006 1256 3077; x_wconf 81' lang='grc' dir='ltr'>μᾶλλον</span> <span class='ocrx_word' id='word_1_342' title='bbox 1284 3003 1340 3058; x_wconf 77' lang='grc' dir='ltr'>δὲ</span> <span class='ocrx_word' id='word_1_343' title='bbox 1367 3000 1591 3072; x_wconf 82' lang='grc' dir='ltr'>ἐξῆλθον</span> <span class='ocrx_word' id='word_1_344' title='bbox 1629 2998 1806 3056; x_wconf 70' lang='grc' dir='ltr'>αὐτοὶ.</span> 
     </span>
    </p>
   </div>
   <div class='ocr_carea' id='block_1_45' title="bbox 199 3096 1807 3182">
    <p class='ocr_par' dir='ltr' id='par_1_45' title="bbox 199 3096 1807 3182">
     <span class='ocr_line' id='line_1_45' title="bbox 199 3096 1807 3182; baseline -0.013 -17"><span class='ocrx_word' id='word_1_345' title='bbox 199 3111 344 3182; x_wconf 79' lang='grc' dir='ltr'>θείῳ</span> <span class='ocrx_word' id='word_1_346' title='bbox 364 3107 678 3178; x_wconf 80' lang='grc' dir='ltr'>κινούμενοι</span> <span class='ocrx_word' id='word_1_347' title='bbox 706 3104 1014 3174; x_wconf 87' lang='grc' dir='ltr'>Πνεύματι.</span> <span class='ocrx_word' id='word_1_348' title='bbox 1049 3101 1112 3153; x_wconf 78' lang='grc' dir='ltr'><strong>Οἱ</strong></span> <span class='ocrx_word' id='word_1_349' title='bbox 1139 3099 1271 3168; x_wconf 81' lang='grc' dir='ltr'>γοῦν</span> <span class='ocrx_word' id='word_1_350' title='bbox 1299 3097 1620 3167; x_wconf 79' lang='grc' dir='ltr'>εὐρεθέντες</span> <span class='ocrx_word' id='word_1_351' title='bbox 1651 3096 1709 3147; x_wconf 86' lang='grc' dir='ltr'><strong>ἐν</strong></span> <span class='ocrx_word' id='word_1_352' title='bbox 1739 3096 1807 3165; x_wconf 75' lang='grc' dir='ltr'><strong>τῇ</strong></span> 
     </span>
    </p>
   </div>
   <div class='ocr_carea' id='block_1_46' title="bbox 209 3188 1810 3274">
    <p class='ocr_par' dir='ltr' id='par_1_46' title="bbox 209 3188 1810 3274">
     <span class='ocr_line' id='line_1_46' title="bbox 209 3188 1810 3274; baseline -0.012 -15"><span class='ocrx_word' id='word_1_353' title='bbox 209 3202 471 3274; x_wconf 77' lang='grc' dir='ltr'>Ἰουδαίᾳ,</span> <span class='ocrx_word' id='word_1_354' title='bbox 508 3203 888 3272; x_wconf 83' lang='grc' dir='ltr'>φευγέτωσαν,</span> <span class='ocrx_word' id='word_1_355' title='bbox 925 3198 1020 3250; x_wconf 73' lang='grc' dir='ltr'>καὶ</span> <span class='ocrx_word' id='word_1_356' title='bbox 1049 3198 1076 3250; x_wconf 89' lang='grc' dir='ltr'><strong>ό</strong></span> <span class='ocrx_word' id='word_1_357' title='bbox 1103 3197 1196 3247; x_wconf 71' lang='grc' dir='ltr'><strong>ἐπὶ</strong></span> <span class='ocrx_word' id='word_1_358' title='bbox 1218 3193 1311 3246; x_wconf 82' lang='grc' dir='ltr'>τοῦ</span> <span class='ocrx_word' id='word_1_359' title='bbox 1340 3191 1613 3262; x_wconf 84' lang='grc' dir='ltr'>δώματος,</span> <span class='ocrx_word' id='word_1_360' title='bbox 1642 3188 1810 3258; x_wconf 85' lang='grc' dir='ltr'>μηδε-</span> 
     </span>
    </p>
   </div>
   <div class='ocr_carea' id='block_1_47' title="bbox 1907 2084 3539 2156">
    <p class='ocr_par' dir='ltr' id='par_1_47' title="bbox 1907 2084 3539 2156">
     <span class='ocr_line' id='line_1_47' title="bbox 1907 2084 3539 2156; baseline -0.009 0"><span class='ocrx_word' id='word_1_361' title='bbox 1907 2097 2201 2156; x_wconf 75' lang='lat' dir='ltr'><strong>destruxit.</strong></span> <span class='ocrx_word' id='word_1_362' title='bbox 2227 2093 2577 2151; x_wconf 85' lang='lat' dir='ltr'><strong>Abominatio</strong></span> <span class='ocrx_word' id='word_1_363' title='bbox 2629 2091 2778 2147; x_wconf 79' lang='lat' dir='ltr'><strong>eni-n</strong></span> <span class='ocrx_word' id='word_1_364' title='bbox 2817 2106 2979 2144; x_wconf 89' lang='lat' dir='ltr'><strong>omne</strong></span> <span class='ocrx_word' id='word_1_365' title='bbox 3011 2087 3217 2143; x_wconf 82' lang='lat' dir='ltr'><strong>idolum</strong></span> <span class='ocrx_word' id='word_1_366' title='bbox 3268 2084 3470 2140; x_wconf 90' lang='lat' dir='ltr'><strong>dicitur</strong></span> <span class='ocrx_word' id='word_1_367' title='bbox 3507 2105 3539 2154; x_wconf 3' lang='lat' dir='ltr'><strong>:q</strong></span> 
     </span>
    </p>
   </div>
   <div class='ocr_carea' id='block_1_48' title="bbox 1907 2175 3520 2256">
    <p class='ocr_par' dir='ltr' id='par_1_48' title="bbox 1907 2175 3520 2256">
     <span class='ocr_line' id='line_1_48' title="bbox 1907 2175 3520 2256; baseline -0.011 -8"><span class='ocrx_word' id='word_1_368' title='bbox 1907 2189 2266 2248; x_wconf 83' lang='lat' dir='ltr'><strong>desolationis</strong></span> <span class='ocrx_word' id='word_1_369' title='bbox 2295 2202 2428 2243; x_wconf 80' lang='lat' dir='ltr'><strong>vero</strong></span> <span class='ocrx_word' id='word_1_370' title='bbox 2457 2201 2522 2242; x_wconf 91' lang='lat' dir='ltr'><strong>eo</strong></span> <span class='ocrx_word' id='word_1_371' title='bbox 2549 2185 2717 2256; x_wconf 87' lang='lat' dir='ltr'><strong>quod,</strong></span> <span class='ocrx_word' id='word_1_372' title='bbox 2740 2194 2900 2254; x_wconf 79' lang='lat' dir='ltr'><strong>capta</strong></span> <span class='ocrx_word' id='word_1_373' title='bbox 2933 2192 2987 2237; x_wconf 90' lang='lat' dir='ltr'><strong>et</strong></span> <span class='ocrx_word' id='word_1_374' title='bbox 3018 2179 3262 2236; x_wconf 78' lang='lat' dir='ltr'><strong>desolata</strong></span> <span class='ocrx_word' id='word_1_375' title='bbox 3291 2175 3520 2234; x_wconf 77' lang='lat' dir='ltr'><strong>Jerusa-</strong></span> 
     </span>
    </p>
   </div>
   <div class='ocr_carea' id='block_1_49' title="bbox 1909 2270 3523 2353">
    <p class='ocr_par' dir='ltr' id='par_1_49' title="bbox 1909 2270 3523 2353">
     <span class='ocr_line' id='line_1_49' title="bbox 1909 2270 3523 2353; baseline -0.009 -12"><span class='ocrx_word' id='word_1_376' title='bbox 1909 2286 2036 2353; x_wconf 85' lang='lat' dir='ltr'><strong>lem,</strong></span> <span class='ocrx_word' id='word_1_377' title='bbox 2065 2283 2211 2338; x_wconf 85' lang='lat' dir='ltr'><strong>illam</strong></span> <span class='ocrx_word' id='word_1_378' title='bbox 2268 2288 2591 2336; x_wconf 89' lang='lat' dir='ltr'><strong>statueruut</strong></span> <span class='ocrx_word' id='word_1_379' title='bbox 2625 2281 2766 2334; x_wconf 82' lang='lat' dir='ltr'><strong>intra</strong></span> <span class='ocrx_word' id='word_1_380' title='bbox 2804 2277 3030 2349; x_wconf 80' lang='lat' dir='ltr'><strong>adytum</strong></span> <span class='ocrx_word' id='word_1_381' title='bbox 3067 2272 3283 2344; x_wconf 83' lang='lat' dir='ltr'><strong>templi.</strong></span> <span class='ocrx_word' id='word_1_382' title='bbox 3315 2270 3523 2326; x_wconf 78' lang='lat' dir='ltr'><strong>Pilatus</strong></span> 
     </span>
    </p>
   </div>
   <div class='ocr_carea' id='block_1_50' title="bbox 1909 2362 3523 2448">
    <p class='ocr_par' dir='ltr' id='par_1_50' title="bbox 1909 2362 3523 2448">
     <span class='ocr_line' id='line_1_50' title="bbox 1909 2362 3523 2448; baseline -0.007 -18"><span class='ocrx_word' id='word_1_383' title='bbox 1909 2390 2126 2448; x_wconf 84' lang='lat' dir='ltr'><strong>quoque</strong></span> <span class='ocrx_word' id='word_1_384' title='bbox 2168 2373 2406 2432; x_wconf 65' lang='lat' dir='ltr'><strong>Cmsaris</strong></span> <span class='ocrx_word' id='word_1_385' title='bbox 2460 2372 2699 2442; x_wconf 91' lang='lat' dir='ltr'><strong>imagine</strong></span> <span class='ocrx_word' id='word_1_386' title='bbox 2747 2384 2910 2425; x_wconf 90' lang='lat' dir='ltr'><strong>noctu</strong></span> <span class='ocrx_word' id='word_1_387' title='bbox 2941 2371 2994 2423; x_wconf 95' lang='lat' dir='ltr'><strong>in</strong></span> <span class='ocrx_word' id='word_1_388' title='bbox 3031 2363 3296 2435; x_wconf 85' lang='lat' dir='ltr'><strong>templum</strong></span> <span class='ocrx_word' id='word_1_389' title='bbox 3345 2362 3523 2429; x_wconf 80' lang='lat' dir='ltr'><strong>illata,</strong></span> 
     </span>
    </p>
   </div>
   <div class='ocr_carea' id='block_1_51' title="bbox 1911 2455 3523 2540">
    <p class='ocr_par' dir='ltr' id='par_1_51' title="bbox 1911 2455 3523 2540">
     <span class='ocr_line' id='line_1_51' title="bbox 1911 2455 3523 2540; baseline -0.011 -14"><span class='ocrx_word' id='word_1_390' title='bbox 1911 2471 2091 2540; x_wconf 87' lang='lat' dir='ltr'><strong>magni</strong></span> <span class='ocrx_word' id='word_1_391' title='bbox 2127 2471 2392 2524; x_wconf 85' lang='lat' dir='ltr'><strong>tumultus</strong></span> <span class='ocrx_word' id='word_1_392' title='bbox 2421 2476 2614 2521; x_wconf 87' lang='lat' dir='ltr'><strong>auctor</strong></span> <span class='ocrx_word' id='word_1_393' title='bbox 2645 2464 2748 2519; x_wconf 86' lang='lat' dir='ltr'><strong>fuit</strong></span> <span class='ocrx_word' id='word_1_394' title='bbox 2784 2464 2950 2533; x_wconf 84' lang='lat' dir='ltr'><strong>plebi.</strong></span> <span class='ocrx_word' id='word_1_395' title='bbox 2985 2461 3142 2519; x_wconf 82' lang='lat' dir='ltr'><strong>Tunc</strong></span> <span class='ocrx_word' id='word_1_396' title='bbox 3168 2459 3316 2516; x_wconf 88' lang='lat' dir='ltr'><strong>enim</strong></span> <span class='ocrx_word' id='word_1_397' title='bbox 3353 2455 3523 2528; x_wconf 72' lang='lat' dir='ltr'><strong>cmpit</strong></span> 
     </span>
    </p>
   </div>
   <div class='ocr_carea' id='block_1_52' title="bbox 1909 2550 3520 2625">
    <p class='ocr_par' dir='ltr' id='par_1_52' title="bbox 1909 2550 3520 2625">
     <span class='ocr_line' id='line_1_52' title="bbox 1909 2550 3520 2625; baseline -0.011 -6"><span class='ocrx_word' id='word_1_398' title='bbox 1909 2577 1966 2619; x_wconf 87' lang='lat' dir='ltr'><strong>et</strong></span> <span class='ocrx_word' id='word_1_399' title='bbox 1995 2563 2193 2618; x_wconf 83' lang='lat' dir='ltr'><strong>bellum</strong></span> <span class='ocrx_word' id='word_1_400' title='bbox 2239 2572 2294 2616; x_wconf 92' lang='lat' dir='ltr'><strong>et</strong></span> <span class='ocrx_word' id='word_1_401' title='bbox 2323 2557 2593 2616; x_wconf 89' lang='lat' dir='ltr'><strong>desolatio</strong></span> <span class='ocrx_word' id='word_1_402' title='bbox 2623 2557 2950 2613; x_wconf 82' lang='lat' dir='ltr'><strong>Jerusalem.</strong></span> <span class='ocrx_word' id='word_1_403' title='bbox 2977 2554 3149 2625; x_wconf 84' lang='lat' dir='ltr'><strong>Igitur</strong></span> <span class='ocrx_word' id='word_1_404' title='bbox 3180 2564 3312 2607; x_wconf 88' lang='lat' dir='ltr'><strong>tunc</strong></span> <span class='ocrx_word' id='word_1_405' title='bbox 3339 2550 3395 2604; x_wconf 92' lang='lat' dir='ltr'><strong>hi</strong></span> <span class='ocrx_word' id='word_1_406' title='bbox 3422 2556 3520 2619; x_wconf 71' lang='grc' dir='ltr'>(ιιι</span> 
     </span>
    </p>
   </div>
   <div class='ocr_carea' id='block_1_53' title="bbox 1911 2643 3523 2722">
    <p class='ocr_par' dir='ltr' id='par_1_53' title="bbox 1911 2643 3523 2722">
     <span class='ocr_line' id='line_1_53' title="bbox 1911 2643 3523 2722; baseline -0.012 -9"><span class='ocrx_word' id='word_1_407' title='bbox 1911 2658 1963 2713; x_wconf 88' lang='lat' dir='ltr'><strong>in</strong></span> <span class='ocrx_word' id='word_1_408' title='bbox 2001 2655 2188 2712; x_wconf 67' lang='lat' dir='ltr'><strong>Judrea</strong></span> <span class='ocrx_word' id='word_1_409' title='bbox 2243 2652 2470 2717; x_wconf 81' lang='lat' dir='ltr'><strong>fuerint,</strong></span> <span class='ocrx_word' id='word_1_410' title='bbox 2500 2649 2712 2722; x_wconf 76' lang='lat' dir='ltr'><strong>fugiant</strong></span> <span class='ocrx_word' id='word_1_411' title='bbox 2767 2649 2820 2703; x_wconf 92' lang='lat' dir='ltr'><strong>in</strong></span> <span class='ocrx_word' id='word_1_412' title='bbox 2876 2658 3112 2701; x_wconf 85' lang='lat' dir='ltr'><strong>montes.</strong></span> <span class='ocrx_word' id='word_1_413' title='bbox 3142 2643 3290 2699; x_wconf 78' lang='lat' dir='ltr'><strong>Bene</strong></span> <span class='ocrx_word' id='word_1_414' title='bbox 3335 2648 3523 2695; x_wconf 84' lang='lat' dir='ltr'><strong>autem</strong></span> 
     </span>
    </p>
   </div>
   <div class='ocr_carea' id='block_1_54' title="bbox 1912 2734 3528 2819">
    <p class='ocr_par' dir='ltr' id='par_1_54' title="bbox 1912 2734 3528 2819">
     <span class='ocr_line' id='line_1_54' title="bbox 1912 2734 3528 2819; baseline -0.011 -13"><span class='ocrx_word' id='word_1_415' title='bbox 1912 2751 2068 2818; x_wconf 80' lang='lat' dir='ltr'><strong>dixit,</strong></span> <span class='ocrx_word' id='word_1_416' title='bbox 2101 2750 2156 2804; x_wconf 84' lang='grc' dir='ltr'><strong>1ιί</strong></span> <span class='ocrx_word' id='word_1_417' title='bbox 2203 2755 2298 2819; x_wconf 89' lang='lat' dir='ltr'><strong>qut</strong></span> <span class='ocrx_word' id='word_1_418' title='bbox 2352 2747 2406 2802; x_wconf 90' lang='lat' dir='ltr'><strong>in</strong></span> <span class='ocrx_word' id='word_1_419' title='bbox 2443 2743 2674 2799; x_wconf 65' lang='lat' dir='ltr'><strong>‘Judaaa.</strong></span> <span class='ocrx_word' id='word_1_420' title='bbox 2701 2743 2840 2799; x_wconf 85' lang='lat' dir='ltr'><strong>Nam</strong></span> <span class='ocrx_word' id='word_1_421' title='bbox 2891 2740 3123 2812; x_wconf 77' lang='lat' dir='ltr'><strong>apostoli</strong></span> <span class='ocrx_word' id='word_1_422' title='bbox 3164 2754 3272 2795; x_wconf 89' lang='lat' dir='ltr'><strong>non</strong></span> <span class='ocrx_word' id='word_1_423' title='bbox 3303 2734 3528 2791; x_wconf 86' lang='lat' dir='ltr'><strong>fuerunt</strong></span> 
     </span>
    </p>
   </div>
   <div class='ocr_carea' id='block_1_55' title="bbox 1913 2827 3525 2906">
    <p class='ocr_par' dir='ltr' id='par_1_55' title="bbox 1913 2827 3525 2906">
     <span class='ocr_line' id='line_1_55' title="bbox 1913 2827 3525 2906; baseline -0.012 -8"><span class='ocrx_word' id='word_1_424' title='bbox 1913 2845 1965 2898; x_wconf 90' lang='lat' dir='ltr'><strong>in</strong></span> <span class='ocrx_word' id='word_1_425' title='bbox 2022 2842 2210 2898; x_wconf 71' lang='lat' dir='ltr'><strong>Iudaea</strong></span> <span class='ocrx_word' id='word_1_426' title='bbox 2272 2857 2288 2895; x_wconf 88' lang='lat'><strong>:</strong></span> <span class='ocrx_word' id='word_1_427' title='bbox 2344 2839 2465 2906; x_wconf 89' lang='lat' dir='ltr'><strong>sed,</strong></span> <span class='ocrx_word' id='word_1_428' title='bbox 2516 2850 2576 2893; x_wconf 91' lang='lat' dir='ltr'><strong>ut</strong></span> <span class='ocrx_word' id='word_1_429' title='bbox 2636 2837 2902 2901; x_wconf 75' lang='lat' dir='ltr'><strong>diximus,</strong></span> <span class='ocrx_word' id='word_1_430' title='bbox 2954 2843 3247 2903; x_wconf 74' lang='lat' dir='ltr'><strong>antequam</strong></span> <span class='ocrx_word' id='word_1_431' title='bbox 3321 2827 3525 2885; x_wconf 80' lang='lat' dir='ltr'><strong>bellum</strong></span> 
     </span>
    </p>
   </div>
   <div class='ocr_carea' id='block_1_56' title="bbox 1913 2920 3529 3006">
    <p class='ocr_par' dir='ltr' id='par_1_56' title="bbox 1913 2920 3529 3006">
     <span class='ocr_line' id='line_1_56' title="bbox 1913 2920 3529 3006; baseline -0.009 -17"><span class='ocrx_word' id='word_1_432' title='bbox 1913 2931 2075 3006; x_wconf 59' lang='lat'><strong>253</strong></span> <span class='ocrx_word' id='word_1_433' title='bbox 2125 2943 2376 2987; x_wconf 81' lang='lat' dir='ltr'><strong>exortqu</strong></span> <span class='ocrx_word' id='word_1_434' title='bbox 2427 2939 2531 2993; x_wconf 86' lang='lat' dir='ltr'><strong>est,</strong></span> <span class='ocrx_word' id='word_1_435' title='bbox 2581 2928 2634 2982; x_wconf 89' lang='lat' dir='ltr'><strong>in</strong></span> <span class='ocrx_word' id='word_1_436' title='bbox 2688 2930 3073 2997; x_wconf 80' lang='lat' dir='ltr'><strong>persecutione</strong></span> <span class='ocrx_word' id='word_1_437' title='bbox 3118 2920 3303 2977; x_wconf 76' lang='lat' dir='ltr'><strong>exacti</strong></span> <span class='ocrx_word' id='word_1_438' title='bbox 3340 2927 3529 2975; x_wconf 85' lang='lat' dir='ltr'><strong>sonte</strong></span> 
     </span>
    </p>
   </div>
   <div class='ocr_carea' id='block_1_57' title="bbox 1912 3009 3525 3090">
    <p class='ocr_par' dir='ltr' id='par_1_57' title="bbox 1912 3009 3525 3090">
     <span class='ocr_line' id='line_1_57' title="bbox 1912 3009 3525 3090; baseline -0.01 -11"><span class='ocrx_word' id='word_1_439' title='bbox 1912 3023 2372 3089; x_wconf 54' lang='lat' dir='ltr'><strong>Jerusalemﬂmo</strong></span> <span class='ocrx_word' id='word_1_440' title='bbox 2403 3020 2506 3090; x_wconf 83' lang='lat' dir='ltr'><strong>ipsi</strong></span> <span class='ocrx_word' id='word_1_441' title='bbox 2541 3020 2819 3083; x_wconf 77' lang='lat' dir='ltr'><strong>exierunt,</strong></span> <span class='ocrx_word' id='word_1_442' title='bbox 2849 3016 3034 3071; x_wconf 76' lang='lat' dir='ltr'><strong>divino</strong></span> <span class='ocrx_word' id='word_1_443' title='bbox 3067 3012 3237 3068; x_wconf 84' lang='lat' dir='ltr'><strong>atllati</strong></span> <span class='ocrx_word' id='word_1_444' title='bbox 3291 3009 3525 3080; x_wconf 80' lang='lat' dir='ltr'><strong>Spiritu.</strong></span> 
     </span>
    </p>
   </div>
   <div class='ocr_carea' id='block_1_58' title="bbox 1914 3100 3530 3186">
    <p class='ocr_par' dir='ltr' id='par_1_58' title="bbox 1914 3100 3530 3186">
     <span class='ocr_line' id='line_1_58' title="bbox 1914 3100 3530 3186; baseline -0.01 -16"><span class='ocrx_word' id='word_1_445' title='bbox 1914 3117 2018 3184; x_wconf 89' lang='lat' dir='ltr'><strong>Qui</strong></span> <span class='ocrx_word' id='word_1_446' title='bbox 2057 3118 2222 3186; x_wconf 78' lang='lat' dir='ltr'><strong>igitur</strong></span> <span class='ocrx_word' id='word_1_447' title='bbox 2256 3115 2459 3169; x_wconf 79' lang='lat' dir='ltr'><strong>inventi</strong></span> <span class='ocrx_word' id='word_1_448' title='bbox 2491 3111 2701 3168; x_wconf 89' lang='lat' dir='ltr'><strong>fuerint</strong></span> <span class='ocrx_word' id='word_1_449' title='bbox 2729 3111 2781 3165; x_wconf 89' lang='lat' dir='ltr'><strong>in</strong></span> <span class='ocrx_word' id='word_1_450' title='bbox 2823 3106 3033 3174; x_wconf 77' lang='lat' dir='ltr'><strong>Judzea,</strong></span> <span class='ocrx_word' id='word_1_451' title='bbox 3067 3105 3324 3178; x_wconf 80' lang='lat' dir='ltr'><strong>fugiant:</strong></span> <span class='ocrx_word' id='word_1_452' title='bbox 3370 3109 3427 3156; x_wconf 89' lang='lat' dir='ltr'><strong>et</strong></span> <span class='ocrx_word' id='word_1_453' title='bbox 3480 3100 3530 3155; x_wconf 76' lang='lat' dir='ltr'><strong>is</strong></span> 
     </span>
    </p>
   </div>
   <div class='ocr_carea' id='block_1_59' title="bbox 1917 3196 3526 3283">
    <p class='ocr_par' dir='ltr' id='par_1_59' title="bbox 1917 3196 3526 3283">
     <span class='ocr_line' id='line_1_59' title="bbox 1917 3196 3526 3283; baseline -0.012 -17"><span class='ocrx_word' id='word_1_454' title='bbox 1917 3212 2012 3283; x_wconf 87' lang='lat' dir='ltr'><strong>qui</strong></span> <span class='ocrx_word' id='word_1_455' title='bbox 2047 3226 2208 3281; x_wconf 84' lang='lat' dir='ltr'><strong>supra</strong></span> <span class='ocrx_word' id='word_1_456' title='bbox 2243 3218 2471 3274; x_wconf 86' lang='lat' dir='ltr'><strong>tectum,</strong></span> <span class='ocrx_word' id='word_1_457' title='bbox 2495 3207 2702 3261; x_wconf 90' lang='lat' dir='ltr'><strong>nullius</strong></span> <span class='ocrx_word' id='word_1_458' title='bbox 2738 3204 2817 3260; x_wconf 90' lang='lat' dir='ltr'><strong>rei</strong></span> <span class='ocrx_word' id='word_1_459' title='bbox 2853 3203 3027 3275; x_wconf 85' lang='lat' dir='ltr'><strong>gratia</strong></span> <span class='ocrx_word' id='word_1_460' title='bbox 3062 3214 3184 3270; x_wconf 65' lang='lat' dir='ltr'><strong>quae</strong></span> <span class='ocrx_word' id='word_1_461' title='bbox 3228 3197 3286 3253; x_wconf 91' lang='lat' dir='ltr'><strong>in</strong></span> <span class='ocrx_word' id='word_1_462' title='bbox 3342 3196 3526 3255; x_wconf 85' lang='lat' dir='ltr'><strong>domo.</strong></span> 
     </span>
    </p>
   </div>
   <div class='ocr_carea' id='block_1_60' title="bbox 199 3280 1810 3385">
    <p class='ocr_par' dir='ltr' id='par_1_60' title="bbox 199 3280 1810 3364">
     <span class='ocr_line' id='line_1_60' title="bbox 199 3280 1810 3364; baseline -0.014 -9"><span class='ocrx_word' id='word_1_463' title='bbox 199 3300 300 3362; x_wconf 79' lang='grc' dir='ltr'>νὸς</span> <span class='ocrx_word' id='word_1_464' title='bbox 334 3297 442 3350; x_wconf 83' lang='grc' dir='ltr'>τῶν</span> <span class='ocrx_word' id='word_1_465' title='bbox 470 3296 528 3347; x_wconf 78' lang='grc' dir='ltr'><strong>ἐν</strong></span> <span class='ocrx_word' id='word_1_466' title='bbox 559 3297 626 3364; x_wconf 85' lang='grc' dir='ltr'>τῇ</span> <span class='ocrx_word' id='word_1_467' title='bbox 677 3292 830 3362; x_wconf 81' lang='grc' dir='ltr'>οίκίᾳ</span> <span class='ocrx_word' id='word_1_468' title='bbox 893 3288 1310 3359; x_wconf 80' lang='grc' dir='ltr'>ἐπιστραφήτω.</span> <span class='ocrx_word' id='word_1_469' title='bbox 1349 3281 1661 3353; x_wconf 80' lang='grc' dir='ltr'>Ἀγαπητὺν</span> <span class='ocrx_word' id='word_1_470' title='bbox 1702 3280 1810 3351; x_wconf 83' lang='grc' dir='ltr'>γὰρ</span> 
     </span>
    </p>
   </div>
   <div class='ocr_carea' id='block_1_61' title="bbox 1920 3280 3533 3385">
    <p class='ocr_par' dir='ltr' id='par_1_61' title="bbox 1922 3280 3533 3369">
     <span class='ocr_line' id='line_1_61' title="bbox 1922 3280 3533 3369; baseline -0.011 -11"><span class='ocrx_word' id='word_1_471' title='bbox 1922 3280 2254 3360; x_wconf 74' lang='lat' dir='ltr'><strong>revertatur.</strong></span> <span class='ocrx_word' id='word_1_472' title='bbox 2300 3299 2531 3369; x_wconf 73' lang='lat' dir='ltr'><strong>Expedit</strong></span> <span class='ocrx_word' id='word_1_473' title='bbox 2567 3298 2715 3353; x_wconf 88' lang='lat' dir='ltr'><strong>enim</strong></span> <span class='ocrx_word' id='word_1_474' title='bbox 2748 3305 2805 3350; x_wconf 94' lang='lat' dir='ltr'><strong>ut</strong></span> <span class='ocrx_word' id='word_1_475' title='bbox 2838 3296 2961 3365; x_wconf 86' lang='lat' dir='ltr'><strong>quis</strong></span> <span class='ocrx_word' id='word_1_476' title='bbox 2994 3293 3078 3348; x_wconf 73' lang='lat' dir='ltr'><strong>vel</strong></span> <span class='ocrx_word' id='word_1_477' title='bbox 3122 3290 3266 3346; x_wconf 90' lang='lat' dir='ltr'><strong>nudo</strong></span> <span class='ocrx_word' id='word_1_478' title='bbox 3299 3301 3533 3356; x_wconf 73' lang='lat' dir='ltr'><strong>corpore</strong></span> 
     </span>
    </p>
   </div>
   <div class='ocr_carea' id='block_1_62' title="bbox 194 3373 1812 3456">
    <p class='ocr_par' dir='ltr' id='par_1_62' title="bbox 194 3373 1812 3456">
     <span class='ocr_line' id='line_1_62' title="bbox 194 3373 1812 3456; baseline -0.012 -12"><span class='ocrx_word' id='word_1_479' title='bbox 194 3394 253 3446; x_wconf 73' lang='lat' dir='ltr'><strong>tl</strong></span> <span class='ocrx_word' id='word_1_480' title='bbox 291 3389 387 3443; x_wconf 84' lang='grc' dir='ltr'>καὶ</span> <span class='ocrx_word' id='word_1_481' title='bbox 417 3385 612 3456; x_wconf 79' lang='grc' dir='ltr'>γυμνῷ</span> <span class='ocrx_word' id='word_1_482' title='bbox 641 3383 722 3455; x_wconf 83' lang='grc' dir='ltr'>τῷ</span> <span class='ocrx_word' id='word_1_483' title='bbox 774 3382 990 3452; x_wconf 86' lang='grc' dir='ltr'>σώματι</span> <span class='ocrx_word' id='word_1_484' title='bbox 1040 3378 1338 3449; x_wconf 88' lang='grc' dir='ltr'>διασωθείη</span> <span class='ocrx_word' id='word_1_485' title='bbox 1391 3394 1497 3439; x_wconf 82' lang='grc' dir='ltr'>τις,</span> <span class='ocrx_word' id='word_1_486' title='bbox 1534 3373 1672 3428; x_wconf 80' lang='grc' dir='ltr'>ἀλλὰ</span> <span class='ocrx_word' id='word_1_487' title='bbox 1718 3373 1812 3425; x_wconf 71' lang='grc' dir='ltr'>καὶ</span> 
     </span>
    </p>
   </div>
   <div class='ocr_carea' id='block_1_63' title="bbox 196 3465 1812 3551">
    <p class='ocr_par' dir='ltr' id='par_1_63' title="bbox 196 3465 1812 3551">
     <span class='ocr_line' id='line_1_63' title="bbox 196 3465 1812 3551; baseline -0.012 -14"><span class='ocrx_word' id='word_1_488' title='bbox 196 3502 232 3536; x_wconf 80' lang='lat'><strong>1</strong></span> <span class='ocrx_word' id='word_1_489' title='bbox 255 3484 332 3546; x_wconf 75' lang='grc' dir='ltr'><strong>,ῖς</strong></span> <span class='ocrx_word' id='word_1_490' title='bbox 365 3479 620 3551; x_wconf 86' lang='grc' dir='ltr'>ἐχούσαις</span> <span class='ocrx_word' id='word_1_491' title='bbox 643 3478 811 3530; x_wconf 85' lang='grc' dir='ltr'>τέκνα</span> <span class='ocrx_word' id='word_1_492' title='bbox 838 3477 935 3528; x_wconf 75' lang='grc' dir='ltr'>καὶ</span> <span class='ocrx_word' id='word_1_493' title='bbox 976 3475 1098 3537; x_wconf 82' lang='grc' dir='ltr'>ταῖς</span> <span class='ocrx_word' id='word_1_494' title='bbox 1148 3471 1393 3542; x_wconf 87' lang='grc' dir='ltr'>ἐγκύοις,</span> <span class='ocrx_word' id='word_1_495' title='bbox 1421 3469 1566 3523; x_wconf 83' lang='grc' dir='ltr'>οὐαί.</span> <span class='ocrx_word' id='word_1_496' title='bbox 1609 3465 1763 3520; x_wconf 91' lang='grc' dir='ltr'>Διατί</span> <span class='ocrx_word' id='word_1_497' title='bbox 1795 3480 1812 3530; x_wconf 88' lang='lat'><strong>;</strong></span> 
     </span>
    </p>
   </div>
   <div class='ocr_carea' id='block_1_64' title="bbox 202 3560 1810 3643">
    <p class='ocr_par' dir='ltr' id='par_1_64' title="bbox 202 3560 1810 3643">
     <span class='ocr_line' id='line_1_64' title="bbox 202 3560 1810 3643; baseline -0.001 -14"><span class='ocrx_word' id='word_1_498' title='bbox 202 3575 365 3633; x_wconf 68' lang='lat' dir='ltr'><strong>Ai61t</strong></span> <span class='ocrx_word' id='word_1_499' title='bbox 392 3574 450 3630; x_wconf 87' lang='grc' dir='ltr'><strong>αί</strong></span> <span class='ocrx_word' id='word_1_500' title='bbox 479 3571 576 3643; x_wconf 81' lang='grc' dir='ltr'>μὲν</span> <span class='ocrx_word' id='word_1_501' title='bbox 609 3571 833 3641; x_wconf 74' lang='grc' dir='ltr'>ἔχουσαι</span> <span class='ocrx_word' id='word_1_502' title='bbox 894 3568 1086 3630; x_wconf 72' lang='grc' dir='ltr'>τέκνα,</span> <span class='ocrx_word' id='word_1_503' title='bbox 1115 3567 1183 3636; x_wconf 79' lang='grc' dir='ltr'>τῇ</span> <span class='ocrx_word' id='word_1_504' title='bbox 1228 3563 1364 3636; x_wconf 74' lang='grc' dir='ltr'>πρὸς</span> <span class='ocrx_word' id='word_1_505' title='bbox 1409 3561 1550 3617; x_wconf 74' lang='grc' dir='ltr'><strong>αὖτά</strong></span> <span class='ocrx_word' id='word_1_506' title='bbox 1608 3560 1810 3630; x_wconf 75' lang='grc' dir='ltr'>στοργῇ</span> 
     </span>
    </p>
   </div>
   <div class='ocr_carea' id='block_1_65' title="bbox 196 3653 1816 3738">
    <p class='ocr_par' dir='ltr' id='par_1_65' title="bbox 196 3653 1816 3738">
     <span class='ocr_line' id='line_1_65' title="bbox 196 3653 1816 3738; baseline -0.011 -17"><span class='ocrx_word' id='word_1_507' title='bbox 196 3667 600 3738; x_wconf 70' lang='grc' dir='ltr'>κατεχόμεναι,</span> <span class='ocrx_word' id='word_1_508' title='bbox 637 3663 699 3716; x_wconf 83' lang='grc' dir='ltr'>οὐ</span> <span class='ocrx_word' id='word_1_509' title='bbox 739 3658 1327 3732; x_wconf 80' lang='grc' dir='ltr'>δυνήσονταιφεύγειν,</span> <span class='ocrx_word' id='word_1_510' title='bbox 1362 3655 1494 3720; x_wconf 76' lang='grc' dir='ltr'><strong>αίδέ</strong></span> <span class='ocrx_word' id='word_1_511' title='bbox 1523 3656 1582 3706; x_wconf 87' lang='grc' dir='ltr'><strong>ἐν</strong></span> <span class='ocrx_word' id='word_1_512' title='bbox 1613 3653 1816 3721; x_wconf 79' lang='grc' dir='ltr'>γαστρὶ</span> 
     </span>
    </p>
   </div>
   <div class='ocr_carea' id='block_1_66' title="bbox 196 3739 1810 3833">
    <p class='ocr_par' dir='ltr' id='par_1_66' title="bbox 196 3739 1810 3833">
     <span class='ocr_line' id='line_1_66' title="bbox 196 3739 1810 3833; baseline -0.013 -16"><span class='ocrx_word' id='word_1_513' title='bbox 196 3761 454 3833; x_wconf 63' lang='grc' dir='ltr'>ἔχουσαι,</span> <span class='ocrx_word' id='word_1_514' title='bbox 486 3758 574 3811; x_wconf 84' lang='grc' dir='ltr'><strong>διὰ</strong></span> <span class='ocrx_word' id='word_1_515' title='bbox 598 3757 661 3810; x_wconf 83' lang='grc' dir='ltr'>τὸ</span> <span class='ocrx_word' id='word_1_516' title='bbox 688 3757 787 3824; x_wconf 83' lang='grc' dir='ltr'>τῆς</span> <span class='ocrx_word' id='word_1_517' title='bbox 813 3753 1117 3824; x_wconf 86' lang='grc' dir='ltr'>κυοφορίας</span> <span class='ocrx_word' id='word_1_518' title='bbox 1142 3751 1330 3822; x_wconf 82' lang='grc' dir='ltr'>ἄχθος,</span> <span class='ocrx_word' id='word_1_519' title='bbox 1361 3748 1484 3801; x_wconf 77' lang='grc' dir='ltr'>οὐδὲ</span> <span class='ocrx_word' id='word_1_520' title='bbox 1511 3739 1672 3801; x_wconf 71' lang='grc' dir='ltr'>αὗται</span> <span class='ocrx_word' id='word_1_521' title='bbox 1711 3747 1810 3815; x_wconf 77' lang='grc' dir='ltr'><strong>ρᾳ-</strong></span> 
     </span>
    </p>
   </div>
   <div class='ocr_carea' id='block_1_67' title="bbox 197 3841 1815 3923">
    <p class='ocr_par' dir='ltr' id='par_1_67' title="bbox 197 3841 1815 3923">
     <span class='ocr_line' id='line_1_67' title="bbox 197 3841 1815 3923; baseline -0.012 -13"><span class='ocrx_word' id='word_1_522' title='bbox 197 3855 332 3910; x_wconf 82' lang='grc' dir='ltr'>δίαν</span> <span class='ocrx_word' id='word_1_523' title='bbox 357 3854 458 3922; x_wconf 82' lang='grc' dir='ltr'>τὴν</span> <span class='ocrx_word' id='word_1_524' title='bbox 493 3850 672 3923; x_wconf 81' lang='grc' dir='ltr'>φυγὴν</span> <span class='ocrx_word' id='word_1_525' title='bbox 712 3850 948 3915; x_wconf 72' lang='grc' dir='ltr'>ἕξουσιν.</span> <span class='ocrx_word' id='word_1_526' title='bbox 984 3841 1155 3913; x_wconf 79' lang='grc' dir='ltr'>Οίμαι</span> <span class='ocrx_word' id='word_1_527' title='bbox 1201 3845 1256 3898; x_wconf 79' lang='grc' dir='ltr'>δὲ</span> <span class='ocrx_word' id='word_1_528' title='bbox 1291 3845 1386 3897; x_wconf 74' lang='grc' dir='ltr'>καὶ</span> <span class='ocrx_word' id='word_1_529' title='bbox 1414 3842 1512 3914; x_wconf 82' lang='grc' dir='ltr'>τὴν</span> <span class='ocrx_word' id='word_1_530' title='bbox 1542 3855 1815 3908; x_wconf 84' lang='grc' dir='ltr'>τεκνοφα-</span> 
     </span>
    </p>
   </div>
   <div class='ocr_carea' id='block_1_68' title="bbox 196 3930 1816 4016">
    <p class='ocr_par' dir='ltr' id='par_1_68' title="bbox 196 3930 1816 4016">
     <span class='ocr_line' id='line_1_68' title="bbox 196 3930 1816 4016; baseline -0.009 -19"><span class='ocrx_word' id='word_1_531' title='bbox 196 3947 341 4016; x_wconf 81' lang='grc' dir='ltr'>γίαν</span> <span class='ocrx_word' id='word_1_532' title='bbox 367 3942 600 3996; x_wconf 70' lang='grc' dir='ltr'>ἐνταῦθα</span> <span class='ocrx_word' id='word_1_533' title='bbox 631 3940 939 4010; x_wconf 82' lang='grc' dir='ltr'>σημαίνειν.</span> <span class='ocrx_word' id='word_1_534' title='bbox 963 3938 1049 3990; x_wconf 86' lang='grc' dir='ltr'><strong>Ἐν</strong></span> <span class='ocrx_word' id='word_1_535' title='bbox 1077 3938 1186 4006; x_wconf 82' lang='grc' dir='ltr'>γὰρ</span> <span class='ocrx_word' id='word_1_536' title='bbox 1208 3934 1287 4006; x_wconf 82' lang='grc' dir='ltr'>τῷ</span> <span class='ocrx_word' id='word_1_537' title='bbox 1318 3933 1464 4005; x_wconf 88' lang='grc' dir='ltr'><strong>λιμῷ</strong></span> <span class='ocrx_word' id='word_1_538' title='bbox 1491 3930 1816 4004; x_wconf 82' lang='grc' dir='ltr'>πολιορκού-</span> 
     </span>
    </p>
   </div>
   <div class='ocr_carea' id='block_1_69' title="bbox 203 4032 1152 4111">
    <p class='ocr_par' dir='ltr' id='par_1_69' title="bbox 203 4032 1152 4111">
     <span class='ocr_line' id='line_1_69' title="bbox 203 4032 1152 4111; baseline -0.011 -19"><span class='ocrx_word' id='word_1_539' title='bbox 203 4055 393 4111; x_wconf 58' lang='lat' dir='ltr'><strong>psum,</strong></span> <span class='ocrx_word' id='word_1_540' title='bbox 414 4054 506 4088; x_wconf 85' lang='grc' dir='ltr'><strong>και</strong></span> <span class='ocrx_word' id='word_1_541' title='bbox 534 4033 645 4088; x_wconf 81' lang='grc' dir='ltr'>τῶν</span> <span class='ocrx_word' id='word_1_542' title='bbox 684 4032 890 4085; x_wconf 82' lang='grc' dir='ltr'>τέκνων</span> <span class='ocrx_word' id='word_1_543' title='bbox 917 4032 1152 4100; x_wconf 67' lang='grc' dir='ltr'>ἥψαντο.</span> 
     </span>
    </p>
   </div>
   <div class='ocr_carea' id='block_1_70' title="bbox 288 4114 1817 4197">
    <p class='ocr_par' dir='ltr' id='par_1_70' title="bbox 288 4114 1817 4197">
     <span class='ocr_line' id='line_1_70' title="bbox 288 4114 1817 4197; baseline -0.01 -16"><span class='ocrx_word' id='word_1_544' title='bbox 288 4147 307 4180; x_wconf 80' lang='grc' dir='ltr'><strong>ι</strong></span> <span class='ocrx_word' id='word_1_545' title='bbox 349 4124 725 4197; x_wconf 82' lang='grc' dir='ltr'>Προσεύχεσθε</span> <span class='ocrx_word' id='word_1_546' title='bbox 756 4121 834 4190; x_wconf 79' lang='grc' dir='ltr'>δὲ,</span> <span class='ocrx_word' id='word_1_547' title='bbox 871 4122 958 4175; x_wconf 75' lang='grc' dir='ltr'>ἵνα</span> <span class='ocrx_word' id='word_1_548' title='bbox 1004 4123 1078 4192; x_wconf 82' lang='grc' dir='ltr'>μὴ</span> <span class='ocrx_word' id='word_1_549' title='bbox 1124 4121 1352 4190; x_wconf 83' lang='grc' dir='ltr'>γένηται</span> <span class='ocrx_word' id='word_1_550' title='bbox 1387 4121 1420 4190; x_wconf 83' lang='grc' dir='ltr'><strong>ή</strong></span> <span class='ocrx_word' id='word_1_551' title='bbox 1458 4116 1606 4187; x_wconf 81' lang='grc' dir='ltr'>φυγὴ</span> <span class='ocrx_word' id='word_1_552' title='bbox 1659 4114 1817 4186; x_wconf 82' lang='grc' dir='ltr'>ἡμῶν</span> 
     </span>
    </p>
   </div>
   <div class='ocr_carea' id='block_1_71' title="bbox 200 4207 1812 4299">
    <p class='ocr_par' dir='ltr' id='par_1_71' title="bbox 200 4207 1812 4299">
     <span class='ocr_line' id='line_1_71' title="bbox 200 4207 1812 4299; baseline -0.011 -22"><span class='ocrx_word' id='word_1_553' title='bbox 200 4223 504 4299; x_wconf 73' lang='grc' dir='ltr'>χειμῶνος.</span> <span class='ocrx_word' id='word_1_554' title='bbox 534 4218 791 4270; x_wconf 70' lang='grc' dir='ltr'>Ἔσονται</span> <span class='ocrx_word' id='word_1_555' title='bbox 834 4215 943 4287; x_wconf 77' lang='grc' dir='ltr'><strong>γὰρ</strong></span> <span class='ocrx_word' id='word_1_556' title='bbox 985 4217 1038 4268; x_wconf 70' lang='grc' dir='ltr'>α’</span> <span class='ocrx_word' id='word_1_557' title='bbox 1089 4213 1300 4284; x_wconf 79' lang='grc' dir='ltr'>ἡμέραι</span> <span class='ocrx_word' id='word_1_558' title='bbox 1343 4214 1551 4265; x_wconf 86' lang='grc' dir='ltr'>ἐκεῖναι</span> <span class='ocrx_word' id='word_1_559' title='bbox 1605 4207 1812 4277; x_wconf 77' lang='grc' dir='ltr'>θλίψις,</span> 
     </span>
    </p>
   </div>
   <div class='ocr_carea' id='block_1_72' title="bbox 197 4299 1818 4379">
    <p class='ocr_par' dir='ltr' id='par_1_72' title="bbox 197 4299 1818 4379">
     <span class='ocr_line' id='line_1_72' title="bbox 197 4299 1818 4379; baseline -0.013 -5"><span class='ocrx_word' id='word_1_560' title='bbox 197 4318 304 4374; x_wconf 84' lang='grc' dir='ltr'>οῐα</span> <span class='ocrx_word' id='word_1_561' title='bbox 338 4315 400 4368; x_wconf 82' lang='grc' dir='ltr'>οὐ</span> <span class='ocrx_word' id='word_1_562' title='bbox 429 4323 618 4379; x_wconf 80' lang='grc' dir='ltr'>γεγονε</span> <span class='ocrx_word' id='word_1_563' title='bbox 663 4308 888 4377; x_wconf 70' lang='grc' dir='ltr'>τοιαύτη</span> <span class='ocrx_word' id='word_1_564' title='bbox 929 4310 1006 4362; x_wconf 80' lang='grc' dir='ltr'><strong>ἀπ</strong></span> <span class='ocrx_word' id='word_1_565' title='bbox 1073 4307 1252 4378; x_wconf 82' lang='grc' dir='ltr'>ἀρχῆς</span> <span class='ocrx_word' id='word_1_566' title='bbox 1303 4308 1540 4367; x_wconf 82' lang='grc' dir='ltr'>κτίσεως</span> <span class='ocrx_word' id='word_1_567' title='bbox 1569 4299 1635 4374; x_wconf 82' lang='grc' dir='ltr'>ἦς</span> <span class='ocrx_word' id='word_1_568' title='bbox 1667 4304 1818 4354; x_wconf 75' lang='grc' dir='ltr'>ἔκτι-</span> 
     </span>
    </p>
   </div>
   <div class='ocr_carea' id='block_1_73' title="bbox 204 4396 1814 4470">
    <p class='ocr_par' dir='ltr' id='par_1_73' title="bbox 204 4396 1814 4470">
     <span class='ocr_line' id='line_1_73' title="bbox 204 4396 1814 4470; baseline -0.011 -5"><span class='ocrx_word' id='word_1_569' title='bbox 204 4428 311 4466; x_wconf 85' lang='grc' dir='ltr'><strong>σεν</strong></span> <span class='ocrx_word' id='word_1_570' title='bbox 341 4411 368 4462; x_wconf 88' lang='grc' dir='ltr'><strong>ό</strong></span> <span class='ocrx_word' id='word_1_571' title='bbox 396 4407 526 4466; x_wconf 76' lang='grc' dir='ltr'>Θεὸς</span> <span class='ocrx_word' id='word_1_572' title='bbox 555 4406 659 4464; x_wconf 75' lang='grc' dir='ltr'>ἕως</span> <span class='ocrx_word' id='word_1_573' title='bbox 688 4402 782 4454; x_wconf 85' lang='lat'><strong>106</strong></span> <span class='ocrx_word' id='word_1_574' title='bbox 816 4402 936 4468; x_wconf 72' lang='grc' dir='ltr'>νῦν,</span> <span class='ocrx_word' id='word_1_575' title='bbox 971 4419 1002 4453; x_wconf 89' lang='grc' dir='ltr'><strong>κ</strong></span> <span class='ocrx_word' id='word_1_576' title='bbox 1057 4426 1071 4454; x_wconf 85' lang='lat'><strong>-.</strong></span> <span class='ocrx_word' id='word_1_577' title='bbox 1116 4401 1178 4454; x_wconf 85' lang='grc' dir='ltr'><strong>ού</strong></span> <span class='ocrx_word' id='word_1_578' title='bbox 1215 4399 1292 4470; x_wconf 80' lang='grc' dir='ltr'>μὴ</span> <span class='ocrx_word' id='word_1_579' title='bbox 1327 4402 1574 4469; x_wconf 77' lang='grc' dir='ltr'>γένηται.</span> <span class='ocrx_word' id='word_1_580' title='bbox 1615 4396 1724 4449; x_wconf 68' lang='grc' dir='ltr'>Καὶ</span> <span class='ocrx_word' id='word_1_581' title='bbox 1766 4399 1814 4448; x_wconf 88' lang='grc' dir='ltr'><strong>εί</strong></span> 
     </span>
    </p>
   </div>
   <div class='ocr_carea' id='block_1_74' title="bbox 206 4490 1818 4577">
    <p class='ocr_par' dir='ltr' id='par_1_74' title="bbox 206 4490 1818 4577">
     <span class='ocr_line' id='line_1_74' title="bbox 206 4490 1818 4577; baseline -0.01 -19"><span class='ocrx_word' id='word_1_582' title='bbox 206 4504 296 4577; x_wconf 80' lang='grc' dir='ltr'>μὴ</span> <span class='ocrx_word' id='word_1_583' title='bbox 356 4502 564 4573; x_wconf 72' lang='grc' dir='ltr'>Κύριος</span> <span class='ocrx_word' id='word_1_584' title='bbox 603 4496 910 4558; x_wconf 77' lang='grc' dir='ltr'>ἐκολόϐωσε</span> <span class='ocrx_word' id='word_1_585' title='bbox 967 4515 990 4548; x_wconf 80' lang='lat'><strong>1</strong></span> <span class='ocrx_word' id='word_1_586' title='bbox 1045 4513 1068 4560; x_wconf 88' lang='lat'><strong>;</strong></span> <span class='ocrx_word' id='word_1_587' title='bbox 1101 4495 1336 4566; x_wconf 81' lang='grc' dir='ltr'>ἡμέρας,</span> <span class='ocrx_word' id='word_1_588' title='bbox 1379 4494 1481 4546; x_wconf 71' lang='grc' dir='ltr'>οὐκ</span> <span class='ocrx_word' id='word_1_589' title='bbox 1516 4493 1582 4546; x_wconf 81' lang='grc' dir='ltr'>ἂν</span> <span class='ocrx_word' id='word_1_590' title='bbox 1630 4490 1818 4561; x_wconf 91' lang='grc' dir='ltr'>ἐσώθη</span> 
     </span>
    </p>
   </div>
   <div class='ocr_carea' id='block_1_75' title="bbox 199 4582 1816 4664">
    <p class='ocr_par' dir='ltr' id='par_1_75' title="bbox 199 4582 1816 4664">
     <span class='ocr_line' id='line_1_75' title="bbox 199 4582 1816 4664; baseline -0.01 -15"><span class='ocrx_word' id='word_1_591' title='bbox 199 4595 373 4648; x_wconf 66' lang='grc' dir='ltr'>πᾶσα</span> <span class='ocrx_word' id='word_1_592' title='bbox 407 4594 563 4664; x_wconf 80' lang='grc' dir='ltr'>σὰρξ,</span> <span class='ocrx_word' id='word_1_593' title='bbox 595 4593 730 4645; x_wconf 74' lang='grc' dir='ltr'>ἀλλὰ</span> <span class='ocrx_word' id='word_1_594' title='bbox 759 4591 849 4644; x_wconf 81' lang='grc' dir='ltr'>διὰ</span> <span class='ocrx_word' id='word_1_595' title='bbox 879 4589 1008 4649; x_wconf 76' lang='grc' dir='ltr'>τοὺς</span> <span class='ocrx_word' id='word_1_596' title='bbox 1053 4585 1346 4647; x_wconf 77' lang='grc' dir='ltr'>ἐκλεκτοὺς</span> <span class='ocrx_word' id='word_1_597' title='bbox 1377 4582 1471 4647; x_wconf 74' lang='grc' dir='ltr'><strong>οὒς</strong></span> <span class='ocrx_word' id='word_1_598' title='bbox 1511 4583 1816 4649; x_wconf 75' lang='grc' dir='ltr'>ἐξελέξατο,</span> 
     </span>
    </p>
   </div>
   <div class='ocr_carea' id='block_1_76' title="bbox 1911 3384 3532 3465">
    <p class='ocr_par' dir='ltr' id='par_1_76' title="bbox 1911 3384 3532 3465">
     <span class='ocr_line' id='line_1_76' title="bbox 1911 3384 3532 3465; baseline -0.012 -11"><span class='ocrx_word' id='word_1_599' title='bbox 1911 3399 2104 3454; x_wconf 79' lang='lat' dir='ltr'><strong>salvus</strong></span> <span class='ocrx_word' id='word_1_600' title='bbox 2138 3395 2250 3452; x_wconf 84' lang='lat' dir='ltr'><strong>flat.</strong></span> <span class='ocrx_word' id='word_1_601' title='bbox 2285 3392 2517 3465; x_wconf 89' lang='lat' dir='ltr'><strong>Insuper</strong></span> <span class='ocrx_word' id='word_1_602' title='bbox 2547 3407 2626 3446; x_wconf 75' lang='lat' dir='ltr'><strong>va:</strong></span> <span class='ocrx_word' id='word_1_603' title='bbox 2658 3402 2709 3446; x_wconf 90' lang='lat' dir='ltr'><strong>et</strong></span> <span class='ocrx_word' id='word_1_604' title='bbox 2745 3388 3178 3461; x_wconf 70' lang='lat' dir='ltr'><strong>praegnantibus,</strong></span> <span class='ocrx_word' id='word_1_605' title='bbox 3209 3397 3264 3441; x_wconf 94' lang='lat' dir='ltr'><strong>et</strong></span> <span class='ocrx_word' id='word_1_606' title='bbox 3317 3384 3532 3438; x_wconf 78' lang='lat' dir='ltr'><strong>lactan-</strong></span> 
     </span>
    </p>
   </div>
   <div class='ocr_carea' id='block_1_77' title="bbox 1921 3475 3531 3556">
    <p class='ocr_par' dir='ltr' id='par_1_77' title="bbox 1921 3475 3531 3556">
     <span class='ocr_line' id='line_1_77' title="bbox 1921 3475 3531 3556; baseline -0.009 -11"><span class='ocrx_word' id='word_1_607' title='bbox 1921 3491 2064 3545; x_wconf 91' lang='lat' dir='ltr'><strong>tibus</strong></span> <span class='ocrx_word' id='word_1_608' title='bbox 2092 3507 2192 3544; x_wconf 78' lang='lat' dir='ltr'><strong>va:.</strong></span> <span class='ocrx_word' id='word_1_609' title='bbox 2217 3486 2437 3556; x_wconf 87' lang='lat' dir='ltr'><strong>Quare?</strong></span> <span class='ocrx_word' id='word_1_610' title='bbox 2471 3487 2611 3554; x_wconf 79' lang='lat' dir='ltr'><strong>Quia</strong></span> <span class='ocrx_word' id='word_1_611' title='bbox 2643 3500 2753 3539; x_wconf 88' lang='lat' dir='ltr'><strong>non</strong></span> <span class='ocrx_word' id='word_1_612' title='bbox 2778 3493 3004 3554; x_wconf 86' lang='lat' dir='ltr'><strong>possunt</strong></span> <span class='ocrx_word' id='word_1_613' title='bbox 3045 3480 3234 3551; x_wconf 86' lang='lat' dir='ltr'><strong>fugere</strong></span> <span class='ocrx_word' id='word_1_614' title='bbox 3264 3475 3531 3531; x_wconf 73' lang='lat' dir='ltr'><strong>mulieres</strong></span> 
     </span>
    </p>
   </div>
   <div class='ocr_carea' id='block_1_78' title="bbox 1917 3570 3529 3652">
    <p class='ocr_par' dir='ltr' id='par_1_78' title="bbox 1917 3570 3529 3652">
     <span class='ocr_line' id='line_1_78' title="bbox 1917 3570 3529 3652; baseline -0.007 -16"><span class='ocrx_word' id='word_1_615' title='bbox 1917 3586 2116 3652; x_wconf 82' lang='lat' dir='ltr'><strong>quibus</strong></span> <span class='ocrx_word' id='word_1_616' title='bbox 2147 3592 2277 3637; x_wconf 89' lang='lat' dir='ltr'><strong>sunt</strong></span> <span class='ocrx_word' id='word_1_617' title='bbox 2334 3582 2511 3651; x_wconf 89' lang='lat' dir='ltr'><strong>pueri,</strong></span> <span class='ocrx_word' id='word_1_618' title='bbox 2568 3577 2868 3632; x_wconf 71' lang='lat' dir='ltr'><strong>affectione</strong></span> <span class='ocrx_word' id='word_1_619' title='bbox 2917 3590 3045 3643; x_wconf 78' lang='lat' dir='ltr'><strong>erga</strong></span> <span class='ocrx_word' id='word_1_620' title='bbox 3093 3573 3217 3628; x_wconf 83' lang='lat' dir='ltr'><strong>illos</strong></span> <span class='ocrx_word' id='word_1_621' title='bbox 3268 3570 3529 3626; x_wconf 68' lang='lat' dir='ltr'><strong>detenta.</strong></span> 
     </span>
    </p>
   </div>
   <div class='ocr_carea' id='block_1_79' title="bbox 1917 3666 3536 3747">
    <p class='ocr_par' dir='ltr' id='par_1_79' title="bbox 1917 3666 3536 3747">
     <span class='ocr_line' id='line_1_79' title="bbox 1917 3666 3536 3747; baseline -0.007 -19"><span class='ocrx_word' id='word_1_622' title='bbox 1917 3675 2272 3747; x_wconf 82' lang='lat' dir='ltr'><strong>Praegnantes</strong></span> <span class='ocrx_word' id='word_1_623' title='bbox 2307 3685 2528 3743; x_wconf 86' lang='lat' dir='ltr'><strong>quoque</strong></span> <span class='ocrx_word' id='word_1_624' title='bbox 2557 3679 2782 3741; x_wconf 86' lang='lat' dir='ltr'><strong>propter</strong></span> <span class='ocrx_word' id='word_1_625' title='bbox 2818 3667 2956 3721; x_wconf 91' lang='lat' dir='ltr'><strong>uteri</strong></span> <span class='ocrx_word' id='word_1_626' title='bbox 3011 3666 3292 3721; x_wconf 85' lang='lat' dir='ltr'><strong>sarcinam</strong></span> <span class='ocrx_word' id='word_1_627' title='bbox 3355 3676 3536 3732; x_wconf 84' lang='lat' dir='ltr'><strong>neque</strong></span> 
     </span>
    </p>
   </div>
   <div class='ocr_carea' id='block_1_80' title="bbox 1920 3757 3535 3838">
    <p class='ocr_par' dir='ltr' id='par_1_80' title="bbox 1920 3757 3535 3838">
     <span class='ocr_line' id='line_1_80' title="bbox 1920 3757 3535 3838; baseline -0.007 -16"><span class='ocrx_word' id='word_1_628' title='bbox 1920 3770 2053 3838; x_wconf 70' lang='lat' dir='ltr'><strong>ipsa:</strong></span> <span class='ocrx_word' id='word_1_629' title='bbox 2086 3767 2242 3822; x_wconf 74' lang='lat' dir='ltr'><strong>facile</strong></span> <span class='ocrx_word' id='word_1_630' title='bbox 2278 3765 2460 3836; x_wconf 89' lang='lat' dir='ltr'><strong>fugam</strong></span> <span class='ocrx_word' id='word_1_631' title='bbox 2493 3763 2803 3818; x_wconf 86' lang='lat' dir='ltr'><strong>inveniunt.</strong></span> <span class='ocrx_word' id='word_1_632' title='bbox 2841 3761 3111 3816; x_wconf 77' lang='lat' dir='ltr'><strong>Existimo</strong></span> <span class='ocrx_word' id='word_1_633' title='bbox 3167 3768 3348 3812; x_wconf 88' lang='lat' dir='ltr'><strong>autem</strong></span> <span class='ocrx_word' id='word_1_634' title='bbox 3388 3757 3535 3825; x_wconf 89' lang='lat' dir='ltr'><strong>quod</strong></span> 
     </span>
    </p>
   </div>
   <div class='ocr_carea' id='block_1_81' title="bbox 1921 3851 3534 3934">
    <p class='ocr_par' dir='ltr' id='par_1_81' title="bbox 1921 3851 3534 3934">
     <span class='ocr_line' id='line_1_81' title="bbox 1921 3851 3534 3934; baseline -0.007 -16"><span class='ocrx_word' id='word_1_635' title='bbox 1921 3873 1975 3919; x_wconf 89' lang='lat' dir='ltr'><strong>et</strong></span> <span class='ocrx_word' id='word_1_636' title='bbox 2007 3879 2206 3934; x_wconf 84' lang='lat' dir='ltr'><strong>pueros</strong></span> <span class='ocrx_word' id='word_1_637' title='bbox 2240 3864 2342 3918; x_wconf 75' lang='lat' dir='ltr'><strong>hoc</strong></span> <span class='ocrx_word' id='word_1_638' title='bbox 2379 3862 2504 3917; x_wconf 90' lang='lat' dir='ltr'><strong>loco</strong></span> <span class='ocrx_word' id='word_1_639' title='bbox 2539 3859 2823 3931; x_wconf 86' lang='lat' dir='ltr'><strong>significet</strong></span> <span class='ocrx_word' id='word_1_640' title='bbox 2853 3859 3146 3912; x_wconf 76' lang='lat' dir='ltr'><strong>vorandos.</strong></span> <span class='ocrx_word' id='word_1_641' title='bbox 3180 3853 3348 3908; x_wconf 83' lang='lat' dir='ltr'><strong>Fame</strong></span> <span class='ocrx_word' id='word_1_642' title='bbox 3385 3851 3534 3908; x_wconf 87' lang='lat' dir='ltr'><strong>enim</strong></span> 
     </span>
    </p>
   </div>
   <div class='ocr_carea' id='block_1_82' title="bbox 1920 3954 2894 4027">
    <p class='ocr_par' dir='ltr' id='par_1_82' title="bbox 1920 3954 2894 4027">
     <span class='ocr_line' id='line_1_82' title="bbox 1920 3954 2894 4027; baseline -0.008 -13"><span class='ocrx_word' id='word_1_643' title='bbox 1920 3957 2129 4014; x_wconf 86' lang='lat' dir='ltr'><strong>obsessi</strong></span> <span class='ocrx_word' id='word_1_644' title='bbox 2164 3970 2264 4012; x_wconf 90' lang='lat' dir='ltr'><strong>nec</strong></span> <span class='ocrx_word' id='word_1_645' title='bbox 2291 3954 2475 4027; x_wconf 61' lang='lat' dir='ltr'><strong>pueri-</strong></span> <span class='ocrx_word' id='word_1_646' title='bbox 2503 3960 2894 4026; x_wconf 69' lang='lat' dir='ltr'><strong>pepercerunt.</strong></span> 
     </span>
    </p>
   </div>
   <div class='ocr_carea' id='block_1_83' title="bbox 2000 4129 3531 4203">
    <p class='ocr_par' dir='ltr' id='par_1_83' title="bbox 2000 4129 3531 4203">
     <span class='ocr_line' id='line_1_83' title="bbox 2000 4129 3531 4203; baseline -0.004 -10"><span class='ocrx_word' id='word_1_647' title='bbox 2000 4139 2167 4194; x_wconf 72' lang='lat' dir='ltr'><strong>Vsus.</strong></span> <span class='ocrx_word' id='word_1_648' title='bbox 2231 4135 2428 4193; x_wconf 64' lang='lat'><strong>{8-20.</strong></span> <span class='ocrx_word' id='word_1_649' title='bbox 2494 4153 2512 4188; x_wconf 83' lang='grc' dir='ltr'><strong>ι</strong></span> <span class='ocrx_word' id='word_1_650' title='bbox 2564 4132 2734 4190; x_wconf 88' lang='lat' dir='ltr'><strong>Orate</strong></span> <span class='ocrx_word' id='word_1_651' title='bbox 2784 4145 2969 4191; x_wconf 88' lang='lat' dir='ltr'><strong>autem</strong></span> <span class='ocrx_word' id='word_1_652' title='bbox 3030 4148 3099 4188; x_wconf 90' lang='lat' dir='ltr'><strong>ne</strong></span> <span class='ocrx_word' id='word_1_653' title='bbox 3169 4129 3296 4203; x_wconf 85' lang='lat' dir='ltr'><strong>fuga</strong></span> <span class='ocrx_word' id='word_1_654' title='bbox 3344 4138 3531 4187; x_wconf 78' lang='lat' dir='ltr'><strong>vestra</strong></span> 
     </span>
    </p>
   </div>
   <div class='ocr_carea' id='block_1_84' title="bbox 1926 4223 3538 4300">
    <p class='ocr_par' dir='ltr' id='par_1_84' title="bbox 1926 4223 3538 4300">
     <span class='ocr_line' id='line_1_84' title="bbox 1926 4223 3538 4300; baseline -0.006 -14"><span class='ocrx_word' id='word_1_655' title='bbox 1926 4232 2020 4286; x_wconf 84' lang='lat' dir='ltr'><strong>fiat</strong></span> <span class='ocrx_word' id='word_1_656' title='bbox 2054 4232 2271 4300; x_wconf 80' lang='lat' dir='ltr'><strong>hyeme.</strong></span> <span class='ocrx_word' id='word_1_657' title='bbox 2305 4225 2486 4285; x_wconf 82' lang='lat' dir='ltr'><strong>Erunt</strong></span> <span class='ocrx_word' id='word_1_658' title='bbox 2514 4229 2660 4284; x_wconf 87' lang='lat' dir='ltr'><strong>enim</strong></span> <span class='ocrx_word' id='word_1_659' title='bbox 2697 4229 2812 4282; x_wconf 88' lang='lat' dir='ltr'><strong>dies</strong></span> <span class='ocrx_word' id='word_1_660' title='bbox 2856 4227 2930 4280; x_wconf 93' lang='lat' dir='ltr'><strong>illi</strong></span> <span class='ocrx_word' id='word_1_661' title='bbox 2965 4227 3090 4282; x_wconf 88' lang='lat' dir='ltr'><strong>talis</strong></span> <span class='ocrx_word' id='word_1_662' title='bbox 3126 4223 3368 4289; x_wconf 79' lang='lat' dir='ltr'><strong>afﬂictio,</strong></span> <span class='ocrx_word' id='word_1_663' title='bbox 3403 4239 3538 4294; x_wconf 86' lang='lat' dir='ltr'><strong>qua-</strong></span> 
     </span>
    </p>
   </div>
   <div class='ocr_carea' id='block_1_85' title="bbox 1922 4319 3538 4388">
    <p class='ocr_par' dir='ltr' id='par_1_85' title="bbox 1922 4319 3538 4388">
     <span class='ocr_line' id='line_1_85' title="bbox 1922 4319 3538 4388; baseline -0.002 -10"><span class='ocrx_word' id='word_1_664' title='bbox 1922 4324 1991 4379; x_wconf 85' lang='lat' dir='ltr'><strong>lis</strong></span> <span class='ocrx_word' id='word_1_665' title='bbox 2048 4339 2156 4378; x_wconf 90' lang='lat' dir='ltr'><strong>non</strong></span> <span class='ocrx_word' id='word_1_666' title='bbox 2215 4321 2316 4376; x_wconf 88' lang='lat' dir='ltr'><strong>fuit</strong></span> <span class='ocrx_word' id='word_1_667' title='bbox 2389 4322 2459 4376; x_wconf 90' lang='lat' dir='ltr'><strong>ab</strong></span> <span class='ocrx_word' id='word_1_668' title='bbox 2529 4321 2686 4376; x_wconf 91' lang='lat' dir='ltr'><strong>initio</strong></span> <span class='ocrx_word' id='word_1_669' title='bbox 2744 4334 2928 4375; x_wconf 88' lang='lat' dir='ltr'><strong>rerum</strong></span> <span class='ocrx_word' id='word_1_670' title='bbox 2982 4319 3350 4385; x_wconf 87' lang='lat' dir='ltr'><strong>conditarum,</strong></span> <span class='ocrx_word' id='word_1_671' title='bbox 3399 4333 3538 4388; x_wconf 81' lang='lat' dir='ltr'><strong>quas</strong></span> 
     </span>
    </p>
   </div>
   <div class='ocr_carea' id='block_1_86' title="bbox 1923 4410 3540 4484">
    <p class='ocr_par' dir='ltr' id='par_1_86' title="bbox 1923 4410 3540 4484">
     <span class='ocr_line' id='line_1_86' title="bbox 1923 4410 3540 4484; baseline -0.003 -13"><span class='ocrx_word' id='word_1_672' title='bbox 1923 4416 2167 4472; x_wconf 86' lang='lat' dir='ltr'><strong>condidit</strong></span> <span class='ocrx_word' id='word_1_673' title='bbox 2199 4415 2366 4482; x_wconf 89' lang='lat' dir='ltr'><strong>Deus,</strong></span> <span class='ocrx_word' id='word_1_674' title='bbox 2392 4429 2568 4484; x_wconf 89' lang='lat' dir='ltr'><strong>usque</strong></span> <span class='ocrx_word' id='word_1_675' title='bbox 2597 4415 2663 4468; x_wconf 89' lang='lat' dir='ltr'><strong>ad</strong></span> <span class='ocrx_word' id='word_1_676' title='bbox 2694 4415 2796 4469; x_wconf 88' lang='lat' dir='ltr'><strong>hoc</strong></span> <span class='ocrx_word' id='word_1_677' title='bbox 2827 4420 3064 4480; x_wconf 86' lang='lat' dir='ltr'><strong>tempus,</strong></span> <span class='ocrx_word' id='word_1_678' title='bbox 3095 4427 3197 4468; x_wconf 90' lang='lat' dir='ltr'><strong>nec</strong></span> <span class='ocrx_word' id='word_1_679' title='bbox 3224 4410 3407 4466; x_wconf 88' lang='lat' dir='ltr'><strong>futura</strong></span> <span class='ocrx_word' id='word_1_680' title='bbox 3432 4423 3540 4467; x_wconf 86' lang='lat' dir='ltr'><strong>est.</strong></span> 
     </span>
    </p>
   </div>
   <div class='ocr_carea' id='block_1_87' title="bbox 1924 4505 3541 4576">
    <p class='ocr_par' dir='ltr' id='par_1_87' title="bbox 1924 4505 3541 4576">
     <span class='ocr_line' id='line_1_87' title="bbox 1924 4505 3541 4576; baseline -0.004 -12"><span class='ocrx_word' id='word_1_681' title='bbox 1924 4509 1990 4564; x_wconf 85' lang='lat' dir='ltr'><strong>Et</strong></span> <span class='ocrx_word' id='word_1_682' title='bbox 2020 4509 2121 4563; x_wconf 85' lang='lat' dir='ltr'><strong>nisi</strong></span> <span class='ocrx_word' id='word_1_683' title='bbox 2154 4508 2420 4563; x_wconf 82' lang='lat' dir='ltr'><strong>Dominus</strong></span> <span class='ocrx_word' id='word_1_684' title='bbox 2468 4507 2850 4561; x_wconf 80' lang='lat' dir='ltr'><strong>abb‘reviasset</strong></span> <span class='ocrx_word' id='word_1_685' title='bbox 2898 4505 3018 4560; x_wconf 87' lang='lat' dir='ltr'><strong>dies</strong></span> <span class='ocrx_word' id='word_1_686' title='bbox 3067 4507 3216 4570; x_wconf 89' lang='lat' dir='ltr'><strong>illos,</strong></span> <span class='ocrx_word' id='word_1_687' title='bbox 3251 4505 3541 4576; x_wconf 84' lang='lat' dir='ltr'><strong>haudqua-</strong></span> 
     </span>
    </p>
   </div>
   <div class='ocr_carea' id='block_1_88' title="bbox 1927 4593 3538 4672">
    <p class='ocr_par' dir='ltr' id='par_1_88' title="bbox 1927 4593 3538 4672">
     <span class='ocr_line' id='line_1_88' title="bbox 1927 4593 3538 4672; baseline -0.003 -18"><span class='ocrx_word' id='word_1_688' title='bbox 1927 4617 2090 4672; x_wconf 88' lang='lat' dir='ltr'><strong>quam</strong></span> <span class='ocrx_word' id='word_1_689' title='bbox 2125 4599 2276 4655; x_wconf 82' lang='lat' dir='ltr'><strong>salva</strong></span> <span class='ocrx_word' id='word_1_690' title='bbox 2314 4599 2508 4654; x_wconf 90' lang='lat' dir='ltr'><strong>fuisset</strong></span> <span class='ocrx_word' id='word_1_691' title='bbox 2538 4599 2790 4653; x_wconf 82' lang='lat' dir='ltr'><strong>universa</strong></span> <span class='ocrx_word' id='word_1_692' title='bbox 2825 4613 2978 4653; x_wconf 88' lang='lat' dir='ltr'><strong>caro.</strong></span> <span class='ocrx_word' id='word_1_693' title='bbox 3024 4593 3132 4652; x_wconf 79' lang='lat' dir='ltr'><strong>Sed</strong></span> <span class='ocrx_word' id='word_1_694' title='bbox 3182 4604 3405 4666; x_wconf 73' lang='lat' dir='ltr'><strong>proliter</strong></span> <span class='ocrx_word' id='word_1_695' title='bbox 3428 4595 3538 4652; x_wconf 88' lang='lat' dir='ltr'><strong>ele-</strong></span> 
     </span>
    </p>
   </div>
   <div class='ocr_carea' id='block_1_89' title="bbox 198 4676 1810 4763">
    <p class='ocr_par' dir='ltr' id='par_1_89' title="bbox 198 4676 1810 4754">
     <span class='ocr_line' id='line_1_89' title="bbox 198 4676 1810 4754; baseline -0.008 -14"><span class='ocrx_word' id='word_1_696' title='bbox 198 4682 526 4740; x_wconf 68' lang='grc' dir='ltr'>ικολόὸωσε</span> <span class='ocrx_word' id='word_1_697' title='bbox 559 4685 658 4747; x_wconf 74' lang='grc' dir='ltr'><strong>τὰς</strong></span> <span class='ocrx_word' id='word_1_698' title='bbox 688 4683 924 4754; x_wconf 80' lang='grc' dir='ltr'>ἡμέρας.</span> <span class='ocrx_word' id='word_1_699' title='bbox 972 4699 990 4731; x_wconf 68' lang='grc' dir='ltr'><strong>ι</strong></span> <span class='ocrx_word' id='word_1_700' title='bbox 1030 4680 1092 4732; x_wconf 89' lang='grc' dir='ltr'>Εἰ</span> <span class='ocrx_word' id='word_1_701' title='bbox 1123 4679 1393 4748; x_wconf 79' lang='grc' dir='ltr'>χειμῶνος</span> <span class='ocrx_word' id='word_1_702' title='bbox 1451 4678 1559 4746; x_wconf 79' lang='grc' dir='ltr'><strong>γὰρ</strong></span> <span class='ocrx_word' id='word_1_703' title='bbox 1606 4676 1810 4746; x_wconf 78' lang='grc' dir='ltr'>γένοιτο</span> 
     </span>
    </p>
   </div>
   <div class='ocr_carea' id='block_1_90' title="bbox 1920 4676 3539 4763">
    <p class='ocr_par' dir='ltr' id='par_1_90' title="bbox 1929 4689 3539 4763">
     <span class='ocr_line' id='line_1_90' title="bbox 1929 4689 3539 4763; baseline -0.004 -14"><span class='ocrx_word' id='word_1_704' title='bbox 1929 4703 2048 4750; x_wconf 91' lang='lat' dir='ltr'><strong>ctos</strong></span> <span class='ocrx_word' id='word_1_705' title='bbox 2082 4708 2220 4763; x_wconf 89' lang='lat' dir='ltr'><strong>quos</strong></span> <span class='ocrx_word' id='word_1_706' title='bbox 2252 4693 2435 4763; x_wconf 87' lang='lat' dir='ltr'><strong>elegit,</strong></span> <span class='ocrx_word' id='word_1_707' title='bbox 2472 4691 2815 4747; x_wconf 85' lang='lat' dir='ltr'><strong>abbreviavit</strong></span> <span class='ocrx_word' id='word_1_708' title='bbox 2846 4692 2989 4746; x_wconf 85' lang='lat' dir='ltr'><strong>dies.</strong></span> <span class='ocrx_word' id='word_1_709' title='bbox 3032 4710 3051 4742; x_wconf 71' lang='grc' dir='ltr'><strong>ι</strong></span> <span class='ocrx_word' id='word_1_710' title='bbox 3091 4689 3150 4745; x_wconf 92' lang='lat' dir='ltr'><strong>Si</strong></span> <span class='ocrx_word' id='word_1_711' title='bbox 3186 4692 3380 4761; x_wconf 83' lang='lat' dir='ltr'><strong>hyeme</strong></span> <span class='ocrx_word' id='word_1_712' title='bbox 3415 4689 3539 4758; x_wconf 89' lang='lat' dir='ltr'><strong>fuga</strong></span> 
     </span>
    </p>
   </div>
   <div class='ocr_carea' id='block_1_91' title="bbox 199 4767 1821 4849">
    <p class='ocr_par' dir='ltr' id='par_1_91' title="bbox 199 4767 1821 4849">
     <span class='ocr_line' id='line_1_91' title="bbox 199 4767 1821 4849; baseline -0.008 -17"><span class='ocrx_word' id='word_1_713' title='bbox 199 4783 242 4849; x_wconf 74' lang='grc' dir='ltr'>ἡ</span> <span class='ocrx_word' id='word_1_714' title='bbox 297 4777 470 4848; x_wconf 78' lang='grc' dir='ltr'>φυγὴ,</span> <span class='ocrx_word' id='word_1_715' title='bbox 501 4777 608 4829; x_wconf 82' lang='grc' dir='ltr'><strong>ἀπὸ</strong></span> <span class='ocrx_word' id='word_1_716' title='bbox 633 4779 732 4848; x_wconf 79' lang='grc' dir='ltr'>τῆς</span> <span class='ocrx_word' id='word_1_717' title='bbox 777 4773 872 4826; x_wconf 80' lang='grc' dir='ltr'>τοῦ</span> <span class='ocrx_word' id='word_1_718' title='bbox 915 4771 1109 4840; x_wconf 78' lang='grc' dir='ltr'>καιροῦ</span> <span class='ocrx_word' id='word_1_719' title='bbox 1146 4771 1436 4835; x_wconf 84' lang='grc' dir='ltr'>δυσκολίας</span> <span class='ocrx_word' id='word_1_720' title='bbox 1489 4767 1821 4840; x_wconf 81' lang='grc' dir='ltr'>ἐμποδισθή-</span> 
     </span>
    </p>
   </div>
   <div class='ocr_carea' id='block_1_92' title="bbox 202 4860 1820 4936">
    <p class='ocr_par' dir='ltr' id='par_1_92' title="bbox 202 4860 1820 4936">
     <span class='ocr_line' id='line_1_92' title="bbox 202 4860 1820 4936; baseline -0.009 -10"><span class='ocrx_word' id='word_1_721' title='bbox 202 4887 411 4925; x_wconf 82' lang='grc' dir='ltr'>σονται</span> <span class='ocrx_word' id='word_1_722' title='bbox 438 4869 488 4920; x_wconf 86' lang='lat' dir='ltr'><strong>oi</strong></span> <span class='ocrx_word' id='word_1_723' title='bbox 536 4867 758 4936; x_wconf 86' lang='grc' dir='ltr'>φεύγειν</span> <span class='ocrx_word' id='word_1_724' title='bbox 787 4865 1059 4929; x_wconf 87' lang='grc' dir='ltr'>θέλοντες,</span> <span class='ocrx_word' id='word_1_725' title='bbox 1095 4863 1195 4915; x_wconf 74' lang='grc' dir='ltr'>καὶ</span> <span class='ocrx_word' id='word_1_726' title='bbox 1237 4862 1376 4926; x_wconf 79' lang='grc' dir='ltr'>ὅλως</span> <span class='ocrx_word' id='word_1_727' title='bbox 1415 4861 1598 4930; x_wconf 72' lang='grc' dir='ltr'>θλίψις</span> <span class='ocrx_word' id='word_1_728' title='bbox 1642 4860 1820 4923; x_wconf 75' lang='grc' dir='ltr'>ἔσται,</span> 
     </span>
    </p>
   </div>
   <div class='ocr_carea' id='block_1_93' title="bbox 198 4958 1820 5033">
    <p class='ocr_par' dir='ltr' id='par_1_93' title="bbox 198 4958 1820 5033">
     <span class='ocr_line' id='line_1_93' title="bbox 198 4958 1820 5033; baseline -0.005 -12"><span class='ocrx_word' id='word_1_729' title='bbox 198 4965 333 5020; x_wconf 78' lang='grc' dir='ltr'><strong>τῶν</strong></span> <span class='ocrx_word' id='word_1_730' title='bbox 356 4965 576 5017; x_wconf 84' lang='grc' dir='ltr'>πώποτε</span> <span class='ocrx_word' id='word_1_731' title='bbox 609 4962 924 5032; x_wconf 80' lang='grc' dir='ltr'>γενομένων</span> <span class='ocrx_word' id='word_1_732' title='bbox 974 4961 1006 5033; x_wconf 76' lang='grc' dir='ltr'>ἢ</span> <span class='ocrx_word' id='word_1_733' title='bbox 1036 4960 1420 5030; x_wconf 83' lang='grc' dir='ltr'>γενησομένων</span> <span class='ocrx_word' id='word_1_734' title='bbox 1436 4958 1820 5030; x_wconf 85' lang='grc' dir='ltr'>χαλεπωτέρα.</span> 
     </span>
    </p>
   </div>
   <div class='ocr_carea' id='block_1_94' title="bbox 1929 4783 3542 4856">
    <p class='ocr_par' dir='ltr' id='par_1_94' title="bbox 1929 4783 3542 4856">
     <span class='ocr_line' id='line_1_94' title="bbox 1929 4783 3542 4856; baseline -0.004 -14"><span class='ocrx_word' id='word_1_735' title='bbox 1929 4790 2106 4850; x_wconf 83' lang='lat' dir='ltr'><strong>fieret,</strong></span> <span class='ocrx_word' id='word_1_736' title='bbox 2138 4789 2401 4856; x_wconf 88' lang='lat' dir='ltr'><strong>temporis</strong></span> <span class='ocrx_word' id='word_1_737' title='bbox 2431 4785 2630 4854; x_wconf 85' lang='lat' dir='ltr'><strong>injuria</strong></span> <span class='ocrx_word' id='word_1_738' title='bbox 2658 4785 3051 4854; x_wconf 87' lang='lat' dir='ltr'><strong>impedimenta</strong></span> <span class='ocrx_word' id='word_1_739' title='bbox 3084 4783 3328 4840; x_wconf 84' lang='lat' dir='ltr'><strong>habituri</strong></span> <span class='ocrx_word' id='word_1_740' title='bbox 3351 4791 3542 4838; x_wconf 85' lang='lat' dir='ltr'><strong>essent</strong></span> 
     </span>
    </p>
   </div>
   <div class='ocr_carea' id='block_1_95' title="bbox 1928 4875 3538 4950">
    <p class='ocr_par' dir='ltr' id='par_1_95' title="bbox 1928 4875 3538 4950">
     <span class='ocr_line' id='line_1_95' title="bbox 1928 4875 3538 4950; baseline -0.006 -16"><span class='ocrx_word' id='word_1_741' title='bbox 1928 4878 2117 4950; x_wconf 83' lang='lat' dir='ltr'><strong>fugere</strong></span> <span class='ocrx_word' id='word_1_742' title='bbox 2136 4877 2400 4942; x_wconf 87' lang='lat' dir='ltr'><strong>volentes,</strong></span> <span class='ocrx_word' id='word_1_743' title='bbox 2427 4887 2480 4932; x_wconf 92' lang='lat' dir='ltr'><strong>et</strong></span> <span class='ocrx_word' id='word_1_744' title='bbox 2499 4879 2727 4932; x_wconf 90' lang='lat' dir='ltr'><strong>omnino</strong></span> <span class='ocrx_word' id='word_1_745' title='bbox 2748 4875 2974 4932; x_wconf 82' lang='lat' dir='ltr'><strong>amictio</strong></span> <span class='ocrx_word' id='word_1_746' title='bbox 3008 4876 3191 4930; x_wconf 83' lang='lat' dir='ltr'><strong>futura</strong></span> <span class='ocrx_word' id='word_1_747' title='bbox 3224 4882 3304 4929; x_wconf 75' lang='lat' dir='ltr'><strong>ast</strong></span> <span class='ocrx_word' id='word_1_748' title='bbox 3325 4887 3538 4938; x_wconf 90' lang='lat' dir='ltr'><strong>earum,</strong></span> 
     </span>
    </p>
   </div>
   <div class='ocr_carea' id='block_1_96' title="bbox 1930 4962 3543 5041">
    <p class='ocr_par' dir='ltr' id='par_1_96' title="bbox 1930 4962 3543 5041">
     <span class='ocr_line' id='line_1_96' title="bbox 1930 4962 3543 5041; baseline -0.002 -20"><span class='ocrx_word' id='word_1_749' title='bbox 1930 4987 2052 5041; x_wconf 70' lang='lat' dir='ltr'><strong>quae</strong></span> <span class='ocrx_word' id='word_1_750' title='bbox 2088 4969 2309 5026; x_wconf 86' lang='lat' dir='ltr'><strong>fuerunt</strong></span> <span class='ocrx_word' id='word_1_751' title='bbox 2348 4969 2430 5025; x_wconf 89' lang='lat' dir='ltr'><strong>vel</strong></span> <span class='ocrx_word' id='word_1_752' title='bbox 2461 4978 2626 5024; x_wconf 86' lang='lat' dir='ltr'><strong>erunt</strong></span> <span class='ocrx_word' id='word_1_753' title='bbox 2656 4984 2895 5040; x_wconf 89' lang='lat' dir='ltr'><strong>unquam</strong></span> <span class='ocrx_word' id='word_1_754' title='bbox 2929 4967 3286 5039; x_wconf 81' lang='lat' dir='ltr'><strong>gravissima,</strong></span> <span class='ocrx_word' id='word_1_755' title='bbox 3331 4975 3388 5019; x_wconf 90' lang='lat' dir='ltr'><strong>et</strong></span> <span class='ocrx_word' id='word_1_756' title='bbox 3434 4962 3543 5019; x_wconf 80' lang='lat' dir='ltr'><strong>nisi</strong></span> 
     </span>
    </p>
   </div>
   <div class='ocr_carea' id='block_1_97' title="bbox 202 5051 1810 5126">
    <p class='ocr_par' dir='ltr' id='par_1_97' title="bbox 202 5051 1810 5124">
     <span class='ocr_line' id='line_1_97' title="bbox 202 5051 1810 5124; baseline -0.002 -15"><span class='ocrx_word' id='word_1_757' title='bbox 202 5058 338 5115; x_wconf 77' lang='grc' dir='ltr'><strong>Καὶ</strong></span> <span class='ocrx_word' id='word_1_758' title='bbox 368 5056 415 5107; x_wconf 88' lang='grc' dir='ltr'><strong>εί</strong></span> <span class='ocrx_word' id='word_1_759' title='bbox 472 5054 547 5124; x_wconf 85' lang='grc' dir='ltr'>μὴ</span> <span class='ocrx_word' id='word_1_760' title='bbox 587 5054 928 5107; x_wconf 79' lang='grc' dir='ltr'>ἐκολόϐωσεν</span> <span class='ocrx_word' id='word_1_761' title='bbox 951 5056 1006 5106; x_wconf 79' lang='lat'><strong>,6</strong></span> <span class='ocrx_word' id='word_1_762' title='bbox 1041 5055 1197 5118; x_wconf 77' lang='grc' dir='ltr'>Θεὸς,</span> <span class='ocrx_word' id='word_1_763' title='bbox 1226 5054 1499 5113; x_wconf 80' lang='grc' dir='ltr'>τουτέστι,</span> <span class='ocrx_word' id='word_1_764' title='bbox 1539 5051 1810 5122; x_wconf 77' lang='grc' dir='ltr'>συντόμως</span> 
     </span>
    </p>
   </div>
   <div class='ocr_carea' id='block_1_98' title="bbox 1920 5051 3544 5126">
    <p class='ocr_par' dir='ltr' id='par_1_98' title="bbox 1931 5053 3544 5126">
     <span class='ocr_line' id='line_1_98' title="bbox 1931 5053 3544 5126; baseline -0.006 -9"><span class='ocrx_word' id='word_1_765' title='bbox 1931 5061 2310 5117; x_wconf 85' lang='lat' dir='ltr'><strong>abbreviasset</strong></span> <span class='ocrx_word' id='word_1_766' title='bbox 2342 5059 2510 5125; x_wconf 89' lang='lat' dir='ltr'><strong>Deus,</strong></span> <span class='ocrx_word' id='word_1_767' title='bbox 2543 5060 2647 5114; x_wconf 83' lang='lat' dir='ltr'><strong>hoc</strong></span> <span class='ocrx_word' id='word_1_768' title='bbox 2679 5069 2787 5126; x_wconf 88' lang='lat' dir='ltr'><strong>est,</strong></span> <span class='ocrx_word' id='word_1_769' title='bbox 2823 5061 2986 5114; x_wconf 90' lang='lat' dir='ltr'><strong>citius</strong></span> <span class='ocrx_word' id='word_1_770' title='bbox 3019 5057 3395 5113; x_wconf 82' lang='lat' dir='ltr'><strong>Romanorum</strong></span> <span class='ocrx_word' id='word_1_771' title='bbox 3429 5053 3544 5110; x_wconf 87' lang='lat' dir='ltr'><strong>bel-</strong></span> 
     </span>
    </p>
   </div>
   <div class='ocr_carea' id='block_1_99' title="bbox 203 5145 1818 5218">
    <p class='ocr_par' dir='ltr' id='par_1_99' title="bbox 203 5145 1818 5218">
     <span class='ocr_line' id='line_1_99' title="bbox 203 5145 1818 5218; baseline -0.006 -10"><span class='ocrx_word' id='word_1_772' title='bbox 203 5150 494 5208; x_wconf 77' lang='grc' dir='ltr'>κατέλυσε</span> <span class='ocrx_word' id='word_1_773' title='bbox 524 5149 614 5201; x_wconf 78' lang='grc' dir='ltr'><strong>τὸν</strong></span> <span class='ocrx_word' id='word_1_774' title='bbox 643 5149 882 5218; x_wconf 84' lang='grc' dir='ltr'>πόλεμον</span> <span class='ocrx_word' id='word_1_775' title='bbox 907 5146 1020 5200; x_wconf 83' lang='grc' dir='ltr'><strong>τῶν</strong></span> <span class='ocrx_word' id='word_1_776' title='bbox 1062 5148 1376 5218; x_wconf 86' lang='grc' dir='ltr'>Ῥωμαίων,</span> <span class='ocrx_word' id='word_1_777' title='bbox 1407 5148 1509 5200; x_wconf 87' lang='grc' dir='ltr'><strong>ούκ</strong></span> <span class='ocrx_word' id='word_1_778' title='bbox 1541 5147 1607 5200; x_wconf 81' lang='grc' dir='ltr'>ἂν</span> <span class='ocrx_word' id='word_1_779' title='bbox 1637 5145 1818 5217; x_wconf 84' lang='grc' dir='ltr'>ἐσώθη</span> 
     </span>
    </p>
   </div>
   <div class='ocr_carea' id='block_1_100' title="bbox 205 5239 1820 5319">
    <p class='ocr_par' dir='ltr' id='par_1_100' title="bbox 205 5239 1820 5319">
     <span class='ocr_line' id='line_1_100' title="bbox 205 5239 1820 5319; baseline -0.003 -22"><span class='ocrx_word' id='word_1_780' title='bbox 205 5244 380 5297; x_wconf 78' lang='grc' dir='ltr'>πᾶσα</span> <span class='ocrx_word' id='word_1_781' title='bbox 427 5239 590 5319; x_wconf 78' lang='grc' dir='ltr'>σὰρξ,</span> <span class='ocrx_word' id='word_1_782' title='bbox 616 5241 921 5309; x_wconf 81' lang='grc' dir='ltr'>τουτέστιν,</span> <span class='ocrx_word' id='word_1_783' title='bbox 962 5240 1212 5304; x_wconf 81' lang='grc' dir='ltr'>Ἰουδαῖος</span> <span class='ocrx_word' id='word_1_784' title='bbox 1241 5241 1342 5293; x_wconf 85' lang='grc' dir='ltr'>οὐκ</span> <span class='ocrx_word' id='word_1_785' title='bbox 1374 5241 1440 5293; x_wconf 82' lang='grc' dir='ltr'>ἂν</span> <span class='ocrx_word' id='word_1_786' title='bbox 1474 5239 1774 5310; x_wconf 83' lang='grc' dir='ltr'>ὑπελείφθη</span> <span class='ocrx_word' id='word_1_787' title='bbox 1806 5256 1820 5270; x_wconf 75' lang='grc' dir='ltr'><strong><em>ο</em></strong></span> 
     </span>
    </p>
   </div>
   <div class='ocr_carea' id='block_1_101' title="bbox 208 5329 1823 5399">
    <p class='ocr_par' dir='ltr' id='par_1_101' title="bbox 208 5329 1823 5399">
     <span class='ocr_line' id='line_1_101' title="bbox 208 5329 1823 5399; baseline -0.004 -9"><span class='ocrx_word' id='word_1_788' title='bbox 208 5334 369 5391; x_wconf 73' lang='grc' dir='ltr'>ἀλλὰ</span> <span class='ocrx_word' id='word_1_789' title='bbox 426 5332 517 5387; x_wconf 80' lang='grc' dir='ltr'>διὰ</span> <span class='ocrx_word' id='word_1_790' title='bbox 551 5333 680 5395; x_wconf 78' lang='grc' dir='ltr'>τοὺς</span> <span class='ocrx_word' id='word_1_791' title='bbox 707 5331 1023 5396; x_wconf 79' lang='grc' dir='ltr'>ἐκλεκτοὺς,</span> <span class='ocrx_word' id='word_1_792' title='bbox 1048 5332 1302 5384; x_wconf 85' lang='grc' dir='ltr'>τουτέστι</span> <span class='ocrx_word' id='word_1_793' title='bbox 1323 5331 1448 5394; x_wconf 82' lang='grc' dir='ltr'>τοὺς</span> <span class='ocrx_word' id='word_1_794' title='bbox 1472 5329 1529 5396; x_wconf 75' lang='grc' dir='ltr'><strong>ἐξ</strong></span> <span class='ocrx_word' id='word_1_795' title='bbox 1555 5331 1823 5399; x_wconf 76' lang='grc' dir='ltr'>Ἐϐραίων</span> 
     </span>
    </p>
   </div>
   <div class='ocr_carea' id='block_1_102' title="bbox 204 5424 1823 5498">
    <p class='ocr_par' dir='ltr' id='par_1_102' title="bbox 204 5424 1823 5498">
     <span class='ocr_line' id='line_1_102' title="bbox 204 5424 1823 5498; baseline -0.006 -14"><span class='ocrx_word' id='word_1_796' title='bbox 204 5426 656 5491; x_wconf 77' lang='grc' dir='ltr'>πιστεύσαντας,</span> <span class='ocrx_word' id='word_1_797' title='bbox 689 5427 721 5498; x_wconf 84' lang='grc' dir='ltr'>ἢ</span> <span class='ocrx_word' id='word_1_798' title='bbox 756 5425 850 5478; x_wconf 70' lang='grc' dir='ltr'>καὶ</span> <span class='ocrx_word' id='word_1_799' title='bbox 898 5424 1128 5494; x_wconf 79' lang='grc' dir='ltr'>ὕστερον</span> <span class='ocrx_word' id='word_1_800' title='bbox 1179 5424 1473 5495; x_wconf 87' lang='grc' dir='ltr'>μέλλοντας</span> <span class='ocrx_word' id='word_1_801' title='bbox 1521 5425 1823 5484; x_wconf 81' lang='grc' dir='ltr'>πιστεύειν,</span> 
     </span>
    </p>
   </div>
   <div class='ocr_carea' id='block_1_103' title="bbox 206 5518 1822 5590">
    <p class='ocr_par' dir='ltr' id='par_1_103' title="bbox 206 5518 1822 5590">
     <span class='ocr_line' id='line_1_103' title="bbox 206 5518 1822 5590; baseline -0.001 -19"><span class='ocrx_word' id='word_1_802' title='bbox 206 5518 505 5589; x_wconf 65' lang='grc' dir='ltr'>κατελύθη</span> <span class='ocrx_word' id='word_1_803' title='bbox 545 5519 824 5588; x_wconf 73' lang='grc' dir='ltr'>συντόμως</span> <span class='ocrx_word' id='word_1_804' title='bbox 883 5519 911 5570; x_wconf 86' lang='grc' dir='ltr'><strong>ό</strong></span> <span class='ocrx_word' id='word_1_805' title='bbox 949 5519 1214 5587; x_wconf 83' lang='grc' dir='ltr'>πόλεμος.</span> <span class='ocrx_word' id='word_1_806' title='bbox 1256 5519 1315 5572; x_wconf 80' lang='grc' dir='ltr'><strong>Ὀ</strong></span> <span class='ocrx_word' id='word_1_807' title='bbox 1341 5520 1447 5590; x_wconf 77' lang='grc' dir='ltr'><strong>γὰρ</strong></span> <span class='ocrx_word' id='word_1_808' title='bbox 1471 5519 1605 5582; x_wconf 64' lang='grc' dir='ltr'>Θεξς</span> <span class='ocrx_word' id='word_1_809' title='bbox 1632 5536 1822 5588; x_wconf 82' lang='grc' dir='ltr'>προγι-</span> 
     </span>
    </p>
   </div>
   <div class='ocr_carea' id='block_1_104' title="bbox 1931 5149 3539 5216">
    <p class='ocr_par' dir='ltr' id='par_1_104' title="bbox 1931 5149 3539 5216">
     <span class='ocr_line' id='line_1_104' title="bbox 1931 5149 3539 5216; baseline -0.004 -8"><span class='ocrx_word' id='word_1_810' title='bbox 1931 5154 2043 5208; x_wconf 90' lang='lat' dir='ltr'><strong>lum</strong></span> <span class='ocrx_word' id='word_1_811' title='bbox 2100 5151 2464 5216; x_wconf 81' lang='lat' dir='ltr'><strong>dissolvisset,</strong></span> <span class='ocrx_word' id='word_1_812' title='bbox 2522 5166 2633 5206; x_wconf 87' lang='lat' dir='ltr'><strong>non</strong></span> <span class='ocrx_word' id='word_1_813' title='bbox 2672 5150 2872 5206; x_wconf 86' lang='lat' dir='ltr'><strong>fuisset</strong></span> <span class='ocrx_word' id='word_1_814' title='bbox 2906 5150 3056 5205; x_wconf 83' lang='lat' dir='ltr'><strong>salva</strong></span> <span class='ocrx_word' id='word_1_815' title='bbox 3095 5149 3352 5203; x_wconf 85' lang='lat' dir='ltr'><strong>universa</strong></span> <span class='ocrx_word' id='word_1_816' title='bbox 3387 5161 3539 5210; x_wconf 89' lang='lat' dir='ltr'><strong>caro.</strong></span> 
     </span>
    </p>
   </div>
   <div class='ocr_carea' id='block_1_105' title="bbox 1934 5241 3541 5310">
    <p class='ocr_par' dir='ltr' id='par_1_105' title="bbox 1934 5241 3541 5310">
     <span class='ocr_line' id='line_1_105' title="bbox 1934 5241 3541 5310; baseline -0.004 -9"><span class='ocrx_word' id='word_1_817' title='bbox 1934 5248 2038 5302; x_wconf 83' lang='lat' dir='ltr'><strong>hoc</strong></span> <span class='ocrx_word' id='word_1_818' title='bbox 2086 5257 2192 5306; x_wconf 86' lang='lat' dir='ltr'><strong>est,</strong></span> <span class='ocrx_word' id='word_1_819' title='bbox 2228 5243 2450 5299; x_wconf 69' lang='lat' dir='ltr'><strong>Judaeus</strong></span> <span class='ocrx_word' id='word_1_820' title='bbox 2497 5259 2606 5298; x_wconf 92' lang='lat' dir='ltr'><strong>non</strong></span> <span class='ocrx_word' id='word_1_821' title='bbox 2658 5242 2856 5299; x_wconf 88' lang='lat' dir='ltr'><strong>fuisset</strong></span> <span class='ocrx_word' id='word_1_822' title='bbox 2895 5242 3139 5297; x_wconf 90' lang='lat' dir='ltr'><strong>relictus.</strong></span> <span class='ocrx_word' id='word_1_823' title='bbox 3173 5241 3281 5296; x_wconf 85' lang='lat' dir='ltr'><strong>Sed</strong></span> <span class='ocrx_word' id='word_1_824' title='bbox 3317 5249 3541 5310; x_wconf 88' lang='lat' dir='ltr'><strong>propter</strong></span> 
     </span>
    </p>
   </div>
   <div class='ocr_carea' id='block_1_106' title="bbox 1930 5331 3540 5404">
    <p class='ocr_par' dir='ltr' id='par_1_106' title="bbox 1930 5331 3540 5404">
     <span class='ocr_line' id='line_1_106' title="bbox 1930 5331 3540 5404; baseline -0.003 -14"><span class='ocrx_word' id='word_1_825' title='bbox 1930 5337 2156 5401; x_wconf 79' lang='lat' dir='ltr'><strong>eleCtos,</strong></span> <span class='ocrx_word' id='word_1_826' title='bbox 2185 5336 2290 5390; x_wconf 88' lang='lat' dir='ltr'><strong>hoc</strong></span> <span class='ocrx_word' id='word_1_827' title='bbox 2324 5343 2432 5400; x_wconf 88' lang='lat' dir='ltr'><strong>est,</strong></span> <span class='ocrx_word' id='word_1_828' title='bbox 2465 5349 2562 5390; x_wconf 87' lang='lat' dir='ltr'><strong>eos</strong></span> <span class='ocrx_word' id='word_1_829' title='bbox 2598 5335 2692 5404; x_wconf 91' lang='lat' dir='ltr'><strong>qui</strong></span> <span class='ocrx_word' id='word_1_830' title='bbox 2726 5347 2793 5389; x_wconf 81' lang='lat' dir='ltr'><strong>ex</strong></span> <span class='ocrx_word' id='word_1_831' title='bbox 2824 5332 3026 5390; x_wconf 72' lang='lat' dir='ltr'><strong>Iudaeis</strong></span> <span class='ocrx_word' id='word_1_832' title='bbox 3054 5333 3428 5396; x_wconf 87' lang='lat' dir='ltr'><strong>crediderunt,</strong></span> <span class='ocrx_word' id='word_1_833' title='bbox 3456 5331 3540 5385; x_wconf 52' lang='lat' dir='ltr'><strong>vtl</strong></span> 
     </span>
    </p>
   </div>
   <div class='ocr_carea' id='block_1_107' title="bbox 1931 5427 3535 5500">
    <p class='ocr_par' dir='ltr' id='par_1_107' title="bbox 1931 5427 3535 5500">
     <span class='ocr_line' id='line_1_107' title="bbox 1931 5427 3535 5500; baseline -0.003 -17"><span class='ocrx_word' id='word_1_834' title='bbox 1931 5441 2117 5500; x_wconf 78' lang='lat' dir='ltr'><strong>postea</strong></span> <span class='ocrx_word' id='word_1_835' title='bbox 2152 5429 2415 5484; x_wconf 85' lang='lat' dir='ltr'><strong>credituri</strong></span> <span class='ocrx_word' id='word_1_836' title='bbox 2453 5439 2603 5492; x_wconf 86' lang='lat' dir='ltr'><strong>sunt,</strong></span> <span class='ocrx_word' id='word_1_837' title='bbox 2631 5429 2837 5484; x_wconf 88' lang='lat' dir='ltr'><strong>bellum</strong></span> <span class='ocrx_word' id='word_1_838' title='bbox 2869 5428 3032 5482; x_wconf 84' lang='lat' dir='ltr'><strong>citius</strong></span> <span class='ocrx_word' id='word_1_839' title='bbox 3060 5427 3393 5496; x_wconf 89' lang='lat' dir='ltr'><strong>diremptum</strong></span> <span class='ocrx_word' id='word_1_840' title='bbox 3426 5434 3535 5478; x_wconf 84' lang='lat' dir='ltr'><strong>est.</strong></span> 
     </span>
    </p>
   </div>
   <div class='ocr_carea' id='block_1_108' title="bbox 1931 5518 3546 5591">
    <p class='ocr_par' dir='ltr' id='par_1_108' title="bbox 1931 5518 3546 5591">
     <span class='ocr_line' id='line_1_108' title="bbox 1931 5518 3546 5591; baseline -0.004 -17"><span class='ocrx_word' id='word_1_841' title='bbox 1931 5520 2073 5576; x_wconf 81' lang='lat' dir='ltr'><strong>Deus</strong></span> <span class='ocrx_word' id='word_1_842' title='bbox 2105 5523 2249 5577; x_wconf 86' lang='lat' dir='ltr'><strong>enim</strong></span> <span class='ocrx_word' id='word_1_843' title='bbox 2273 5521 2399 5589; x_wconf 90' lang='lat' dir='ltr'><strong>quia</strong></span> <span class='ocrx_word' id='word_1_844' title='bbox 2433 5521 2806 5591; x_wconf 66' lang='lat' dir='ltr'><strong>prtecognovit</strong></span> <span class='ocrx_word' id='word_1_845' title='bbox 2828 5533 2893 5573; x_wconf 81' lang='lat' dir='ltr'><strong>ex</strong></span> <span class='ocrx_word' id='word_1_846' title='bbox 2925 5518 3168 5575; x_wconf 82' lang='lat' dir='ltr'><strong>Hebraeis</strong></span> <span class='ocrx_word' id='word_1_847' title='bbox 3195 5518 3391 5571; x_wconf 90' lang='lat' dir='ltr'><strong>multos</strong></span> <span class='ocrx_word' id='word_1_848' title='bbox 3420 5525 3546 5584; x_wconf 84' lang='lat' dir='ltr'><strong>post</strong></span> 
     </span>
    </p>
   </div>
   <div class='ocr_carea' id='block_1_109' title="bbox 207 5612 1810 5684">
    <p class='ocr_par' dir='ltr' id='par_1_109' title="bbox 207 5612 1810 5683">
     <span class='ocr_line' id='line_1_109' title="bbox 207 5612 1810 5683; baseline -0.002 -15"><span class='ocrx_word' id='word_1_849' title='bbox 207 5612 486 5674; x_wconf 82' lang='grc' dir='ltr'>νώσκων,</span> <span class='ocrx_word' id='word_1_850' title='bbox 517 5613 600 5664; x_wconf 75' lang='grc' dir='ltr'><strong>ὅτι</strong></span> <span class='ocrx_word' id='word_1_851' title='bbox 627 5612 685 5678; x_wconf 81' lang='grc' dir='ltr'><strong>ἐξ</strong></span> <span class='ocrx_word' id='word_1_852' title='bbox 718 5612 990 5683; x_wconf 80' lang='grc' dir='ltr'>Ἑϐραίων</span> <span class='ocrx_word' id='word_1_853' title='bbox 1038 5612 1228 5664; x_wconf 81' lang='grc' dir='ltr'>πολλοὶ</span> <span class='ocrx_word' id='word_1_854' title='bbox 1283 5613 1636 5665; x_wconf 79' lang='grc' dir='ltr'>πιστεύσουσι</span> <span class='ocrx_word' id='word_1_855' title='bbox 1687 5612 1810 5682; x_wconf 79' lang='grc' dir='ltr'>μετέ</span> 
     </span>
    </p>
   </div>
   <div class='ocr_carea' id='block_1_110' title="bbox 1920 5612 3540 5684">
    <p class='ocr_par' dir='ltr' id='par_1_110' title="bbox 1933 5613 3540 5684">
     <span class='ocr_line' id='line_1_110' title="bbox 1933 5613 3540 5684; baseline -0.004 -16"><span class='ocrx_word' id='word_1_856' title='bbox 1933 5617 2308 5684; x_wconf 86' lang='lat' dir='ltr'><strong>captivitatem</strong></span> <span class='ocrx_word' id='word_1_857' title='bbox 2343 5614 2674 5678; x_wconf 86' lang='lat' dir='ltr'><strong>credituros,</strong></span> <span class='ocrx_word' id='word_1_858' title='bbox 2711 5629 2816 5668; x_wconf 91' lang='lat' dir='ltr'><strong>non</strong></span> <span class='ocrx_word' id='word_1_859' title='bbox 2849 5614 3099 5683; x_wconf 88' lang='lat' dir='ltr'><strong>permisit</strong></span> <span class='ocrx_word' id='word_1_860' title='bbox 3153 5622 3322 5666; x_wconf 93' lang='lat' dir='ltr'><strong>totum</strong></span> <span class='ocrx_word' id='word_1_861' title='bbox 3368 5613 3540 5676; x_wconf 79' lang='lat' dir='ltr'><strong>genus</strong></span> 
     </span>
    </p>
   </div>
   <div class='ocr_carea' id='block_1_111' title="bbox 217 5704 1827 5776">
    <p class='ocr_par' dir='ltr' id='par_1_111' title="bbox 217 5704 1827 5776">
     <span class='ocr_line' id='line_1_111' title="bbox 217 5704 1827 5776; baseline -0.002 -16"><span class='ocrx_word' id='word_1_862' title='bbox 217 5705 344 5776; x_wconf 73' lang='grc' dir='ltr'>τὴν</span> <span class='ocrx_word' id='word_1_863' title='bbox 369 5704 593 5770; x_wconf 71' lang='grc' dir='ltr'>ἅλωσιν,</span> <span class='ocrx_word' id='word_1_864' title='bbox 619 5704 811 5758; x_wconf 88' lang='grc' dir='ltr'>τούτου</span> <span class='ocrx_word' id='word_1_865' title='bbox 848 5705 1009 5774; x_wconf 83' lang='grc' dir='ltr'>χάριν</span> <span class='ocrx_word' id='word_1_866' title='bbox 1057 5705 1116 5757; x_wconf 80' lang='grc' dir='ltr'>οὐ</span> <span class='ocrx_word' id='word_1_867' title='bbox 1166 5704 1513 5774; x_wconf 82' lang='grc' dir='ltr'>συνεχώρησε</span> <span class='ocrx_word' id='word_1_868' title='bbox 1547 5706 1827 5769; x_wconf 80' lang='grc' dir='ltr'>παντελῶς</span> 
     </span>
    </p>
   </div>
   <div class='ocr_carea' id='block_1_112' title="bbox 203 5794 1823 5867">
    <p class='ocr_par' dir='ltr' id='par_1_112' title="bbox 203 5794 1823 5867">
     <span class='ocr_line' id='line_1_112' title="bbox 203 5794 1823 5867; baseline 0.002 -20"><span class='ocrx_word' id='word_1_869' title='bbox 203 5794 598 5867; x_wconf 80' lang='grc' dir='ltr'>ἀφανισθῆναι</span> <span class='ocrx_word' id='word_1_870' title='bbox 653 5796 713 5846; x_wconf 66' lang='grc' dir='ltr'><strong>τὸ</strong></span> <span class='ocrx_word' id='word_1_871' title='bbox 745 5803 921 5862; x_wconf 80' lang='grc' dir='ltr'>γένος.</span> <span class='ocrx_word' id='word_1_872' title='bbox 954 5795 1190 5849; x_wconf 84' lang='grc' dir='ltr'>Δύναται</span> <span class='ocrx_word' id='word_1_873' title='bbox 1230 5797 1286 5849; x_wconf 82' lang='grc' dir='ltr'>δὲ</span> <span class='ocrx_word' id='word_1_874' title='bbox 1327 5797 1498 5850; x_wconf 74' lang='grc' dir='ltr'>ταῦτα</span> <span class='ocrx_word' id='word_1_875' title='bbox 1554 5800 1646 5851; x_wconf 73' lang='grc' dir='ltr'>καὶ</span> <span class='ocrx_word' id='word_1_876' title='bbox 1691 5801 1823 5851; x_wconf 81' lang='grc' dir='ltr'>ἁνα-</span> 
     </span>
    </p>
   </div>
   <div class='ocr_carea' id='block_1_113' title="bbox 201 5887 1826 5960">
    <p class='ocr_par' dir='ltr' id='par_1_113' title="bbox 201 5887 1826 5960">
     <span class='ocr_line' id='line_1_113' title="bbox 201 5887 1826 5960; baseline 0.001 -20"><span class='ocrx_word' id='word_1_877' title='bbox 201 5887 430 5960; x_wconf 74' lang='grc' dir='ltr'>χθῆναι</span> <span class='ocrx_word' id='word_1_878' title='bbox 466 5887 823 5958; x_wconf 62' lang='grc' dir='ltr'>ἠθικώτερον.</span> <span class='ocrx_word' id='word_1_879' title='bbox 856 5889 1140 5957; x_wconf 66' lang='grc' dir='ltr'>Βδέλυγμα</span> <span class='ocrx_word' id='word_1_880' title='bbox 1184 5890 1283 5958; x_wconf 77' lang='grc' dir='ltr'>τῆς</span> <span class='ocrx_word' id='word_1_881' title='bbox 1310 5891 1669 5960; x_wconf 81' lang='grc' dir='ltr'>ἐρημώσεως,</span> <span class='ocrx_word' id='word_1_882' title='bbox 1707 5891 1826 5944; x_wconf 72' lang='grc' dir='ltr'>ἐστὶ</span> 
     </span>
    </p>
   </div>
   <div class='ocr_carea' id='block_1_114' title="bbox 207 5981 1826 6055">
    <p class='ocr_par' dir='ltr' id='par_1_114' title="bbox 207 5981 1826 6055">
     <span class='ocr_line' id='line_1_114' title="bbox 207 5981 1826 6055; baseline 0.002 -22"><span class='ocrx_word' id='word_1_883' title='bbox 207 5981 340 6037; x_wconf 74' lang='grc' dir='ltr'><strong>ττᾶ)</strong></span> <span class='ocrx_word' id='word_1_884' title='bbox 372 5982 552 6050; x_wconf 68' lang='grc' dir='ltr'>νόημα</span> <span class='ocrx_word' id='word_1_885' title='bbox 585 5981 896 6045; x_wconf 75' lang='grc' dir='ltr'>σατανικδν,</span> <span class='ocrx_word' id='word_1_886' title='bbox 945 5983 1115 6046; x_wconf 73' lang='grc' dir='ltr'>ἑστώς</span> <span class='ocrx_word' id='word_1_887' title='bbox 1151 5985 1208 6037; x_wconf 75' lang='grc' dir='ltr'><strong>ἐν</strong></span> <span class='ocrx_word' id='word_1_888' title='bbox 1230 5984 1379 6054; x_wconf 65' lang='grc' dir='ltr'>τόπῳ</span> <span class='ocrx_word' id='word_1_889' title='bbox 1401 5983 1561 6054; x_wconf 81' lang='grc' dir='ltr'>ἁγίῳ,</span> <span class='ocrx_word' id='word_1_890' title='bbox 1584 5985 1661 6055; x_wconf 77' lang='grc' dir='ltr'>τῷ</span> <span class='ocrx_word' id='word_1_891' title='bbox 1689 5986 1826 6054; x_wconf 80' lang='grc' dir='ltr'>ἡμε-</span> 
     </span>
    </p>
   </div>
   <div class='ocr_carea' id='block_1_115' title="bbox 1939 5703 3541 5763">
    <p class='ocr_par' dir='ltr' id='par_1_115' title="bbox 1939 5703 3541 5763">
     <span class='ocr_line' id='line_1_115' title="bbox 1939 5703 3541 5763; baseline -0.004 -3"><span class='ocrx_word' id='word_1_892' title='bbox 1939 5709 2170 5763; x_wconf 83' lang='lat' dir='ltr'><strong>aboleri.</strong></span> <span class='ocrx_word' id='word_1_893' title='bbox 2208 5707 2444 5762; x_wconf 84' lang='lat' dir='ltr'><strong>Possunt</strong></span> <span class='ocrx_word' id='word_1_894' title='bbox 2485 5719 2667 5761; x_wconf 88' lang='lat' dir='ltr'><strong>autem</strong></span> <span class='ocrx_word' id='word_1_895' title='bbox 2713 5708 2828 5762; x_wconf 70' lang='lat' dir='ltr'><strong>haec</strong></span> <span class='ocrx_word' id='word_1_896' title='bbox 2878 5708 3070 5762; x_wconf 88' lang='lat' dir='ltr'><strong>morali</strong></span> <span class='ocrx_word' id='word_1_897' title='bbox 3121 5721 3283 5760; x_wconf 89' lang='lat' dir='ltr'><strong>sensu</strong></span> <span class='ocrx_word' id='word_1_898' title='bbox 3324 5703 3405 5757; x_wconf 89' lang='lat' dir='ltr'><strong>sic</strong></span> <span class='ocrx_word' id='word_1_899' title='bbox 3443 5719 3541 5755; x_wconf 81' lang='lat' dir='ltr'><strong>ex-</strong></span> 
     </span>
    </p>
   </div>
   <div class='ocr_carea' id='block_1_116' title="bbox 1934 5797 3537 5869">
    <p class='ocr_par' dir='ltr' id='par_1_116' title="bbox 1934 5797 3537 5869">
     <span class='ocr_line' id='line_1_116' title="bbox 1934 5797 3537 5869; baseline -0.002 -18"><span class='ocrx_word' id='word_1_900' title='bbox 1934 5803 2098 5869; x_wconf 80' lang='lat' dir='ltr'><strong>poni:</strong></span> <span class='ocrx_word' id='word_1_901' title='bbox 2147 5802 2498 5856; x_wconf 82' lang='lat' dir='ltr'><strong>Abominatio</strong></span> <span class='ocrx_word' id='word_1_902' title='bbox 2529 5800 2880 5856; x_wconf 81' lang='lat' dir='ltr'><strong>desolationis</strong></span> <span class='ocrx_word' id='word_1_903' title='bbox 2925 5811 3009 5856; x_wconf 88' lang='lat' dir='ltr'><strong>est</strong></span> <span class='ocrx_word' id='word_1_904' title='bbox 3061 5800 3240 5854; x_wconf 84' lang='lat' dir='ltr'><strong>omnis</strong></span> <span class='ocrx_word' id='word_1_905' title='bbox 3267 5797 3537 5852; x_wconf 73' lang='lat' dir='ltr'><strong>diabolica</strong></span> 
     </span>
    </p>
   </div>
   <div class='ocr_carea' id='block_1_117' title="bbox 1933 5893 3534 5963">
    <p class='ocr_par' dir='ltr' id='par_1_117' title="bbox 1933 5893 3534 5963">
     <span class='ocr_line' id='line_1_117' title="bbox 1933 5893 3534 5963; baseline -0.004 -15"><span class='ocrx_word' id='word_1_906' title='bbox 1933 5910 1976 5948; x_wconf 80' lang='lat' dir='ltr'><strong>Ct</strong></span> <span class='ocrx_word' id='word_1_907' title='bbox 2002 5895 2214 5963; x_wconf 80' lang='lat' dir='ltr'><strong>gitatio.</strong></span> <span class='ocrx_word' id='word_1_908' title='bbox 2243 5911 2365 5963; x_wconf 53' lang='lat' dir='ltr'><strong>quae</strong></span> <span class='ocrx_word' id='word_1_909' title='bbox 2401 5906 2510 5947; x_wconf 79' lang='lat' dir='ltr'><strong>stat</strong></span> <span class='ocrx_word' id='word_1_910' title='bbox 2541 5896 2592 5948; x_wconf 89' lang='lat' dir='ltr'><strong>in</strong></span> <span class='ocrx_word' id='word_1_911' title='bbox 2653 5895 2772 5949; x_wconf 87' lang='lat' dir='ltr'><strong>luco</strong></span> <span class='ocrx_word' id='word_1_912' title='bbox 2804 5905 3018 5960; x_wconf 83' lang='lat' dir='ltr'><strong>sancto,</strong></span> <span class='ocrx_word' id='word_1_913' title='bbox 3071 5893 3174 5946; x_wconf 89' lang='lat' dir='ltr'><strong>hoc</strong></span> <span class='ocrx_word' id='word_1_914' title='bbox 3226 5900 3309 5944; x_wconf 87' lang='lat' dir='ltr'><strong>est</strong></span> <span class='ocrx_word' id='word_1_915' title='bbox 3350 5899 3534 5944; x_wconf 79' lang='lat' dir='ltr'><strong>nostra</strong></span> 
     </span>
    </p>
   </div>
   <div class='ocr_carea' id='block_1_118' title="bbox 1935 5983 3536 6057">
    <p class='ocr_par' dir='ltr' id='par_1_118' title="bbox 1935 5983 3536 6057">
     <span class='ocr_line' id='line_1_118' title="bbox 1935 5983 3536 6057; baseline -0.003 -18"><span class='ocrx_word' id='word_1_916' title='bbox 1935 5997 2133 6041; x_wconf 80' lang='lat' dir='ltr'><strong>mente.</strong></span> <span class='ocrx_word' id='word_1_917' title='bbox 2162 5985 2318 6044; x_wconf 88' lang='lat' dir='ltr'><strong>Tunc</strong></span> <span class='ocrx_word' id='word_1_918' title='bbox 2355 5988 2517 6057; x_wconf 77' lang='lat' dir='ltr'><strong>igitur</strong></span> <span class='ocrx_word' id='word_1_919' title='bbox 2552 5988 2639 6057; x_wconf 79' lang='lat' dir='ltr'><strong>qui</strong></span> <span class='ocrx_word' id='word_1_920' title='bbox 2675 5995 2756 6042; x_wconf 83' lang='lat' dir='ltr'><strong>est</strong></span> <span class='ocrx_word' id='word_1_921' title='bbox 2782 5988 2834 6041; x_wconf 89' lang='lat' dir='ltr'><strong>iu</strong></span> <span class='ocrx_word' id='word_1_922' title='bbox 2861 5985 3069 6051; x_wconf 75' lang='lat' dir='ltr'><strong>Iudaea,</strong></span> <span class='ocrx_word' id='word_1_923' title='bbox 3099 5983 3270 6056; x_wconf 77' lang='lat' dir='ltr'><strong>fngiat</strong></span> <span class='ocrx_word' id='word_1_924' title='bbox 3297 5983 3350 6040; x_wconf 74' lang='lat' dir='ltr'><strong>in</strong></span> <span class='ocrx_word' id='word_1_925' title='bbox 3379 5995 3536 6036; x_wconf 75' lang='lat' dir='ltr'><strong>tuon~</strong></span> 
     </span>
    </p>
   </div>
  </div>
