4022 6542
607 519 706 589 651

1547 477 2123 569 THEOPllYLACTl
2163 500 2573 563 BULGARLE
2610 499 2966 561 ARCHIEP.

610 642 669 691 e'.
700 648 918 691 carnem
960 634 1222 689 videntes.
1262 639 1368 679 non
1406 622 1692 683 ferremus,
1724 618 1819 673 sed
1862 618 2179 671 abhorrere-

2288 615 2539 682 κείμενον
2579 616 2671 665 καὶ
2712 614 2893 683 σάρκα
2931 609 3166 681 δριῖιντες
3194 650 3208 675 ,
3257 609 3359 663 οὐκ
3412 608 3483 663 ἂν
3530 608 3848 678 ἠνέγκαμεν,

612 744 733 783 mus
783 744 797 781 :
835 725 1038 781 idcirco
1090 718 1400 774 misericors
1446 712 1589 768 Deus
1640 720 1841 765 nostra:
1884 708 2181 762 infirmitati

610 814 1067 879 condcscendeus,
1095 810 1327 881 speciem
1350 806 1566 874 quidem
1592 804 1746 871 panis
1768 810 1823 855 et
1845 800 1953 854 vini
1981 807 2182 861 servat,

609 910 663 963 in
714 909 969 961 virtutem
1028 913 1206 956 autem
1256 897 1438 952 carnis
1486 905 1541 949 et
1587 890 1871 962 sanguinis
1917 888 2183 943 transele-

608 1008 833 1052 mentat.
885 994 1215 1064 Sanguinem
1271 1003 1403 1042 vero
1447 985 1581 1040 Novi
1642 980 1952 1037 testamenti
2021 979 2180 1041 dixit,

605 1086 926 1157 opponendo
963 1084 1166 1137 Veteri.
1205 1078 1448 1133 Habebat
1483 1076 1623 1129 enim
1665 1082 1717 1126 et
1760 1069 1929 1127 Vetus
1978 1068 2186 1157 Testa-

586 1187 848 1232 attentum
882 1174 1197 1243 sanguinem
1231 1184 1337 1237 quo
1378 1165 1809 1233 aspergebantur
1840 1171 1895 1213 et
1936 1156 2186 1227 pot'ulus,

608 1276 664 1322 et
732 1266 868 1318 lil'er
918 1264 1051 1333 lrgis
1086 1264 1127 1316 ¹.
1174 1260 1292 1313 Non
1336 1264 1519 1310 antem
1559 1254 1736 1307 bibam
1778 1266 1842 1305 ex
1892 1251 1993 1303 hoc
2038 1249 2185 1310 vino,

606 1357 759 1421 dicit,
793 1370 963 1425 usque
999 1358 1066 1407 ad
1112 1350 1583 1406 resurrectionem.
1629 1345 1872 1413 Regnum
1921 1340 2064 1395 enim
2097 1354 2185 1393 re-

608 1449 997 1506 surrectionem
1060 1453 1259 1505 vocat,
1312 1452 1565 1508 tanquam
1626 1450 1718 1490 rex
1774 1434 1861 1502 qui
1923 1434 2185 1486 adversus

611 1544 839 1591 tuOrtetn
875 1532 1118 1595 certarit,
1158 1542 1210 1583 et
1245 1539 1450 1596 regnat.
1498 1525 1643 1577 Sane
1676 1531 1798 1592 post
1832 1518 2188 1575 resurrectio-

607 1643 728 1683 nem
763 1626 970 1679 bibitet
1009 1623 1242 1677 comedit
1276 1635 1398 1673 cum
1427 1616 1728 1685 discipulis,
1767 1616 2000 1682 probans
2038 1612 2181 1680 quod

608 1718 696 1772 ille
721 1717 834 1784 ipse
856 1724 999 1769 esset
1028 1714 1116 1782 qui
1145 1725 1337 1781 passus
1366 1707 1563 1761 fuerat.
1592 1705 1798 1758 Novum
1833 1713 2013 1757 autem
2052 1702 2181 1755 illud

603 1808 761 1871 bibit,
790 1807 891 1860 hoc
928 1816 1013 1860 est
1050 1818 1189 1858 novo
1225 1800 1455 1871 quodam
1506 1800 1665 1852 ntodu
1710 1806 1764 1851 et
1804 1796 2040 1859 insolito,
2076 1810 2183 1847 non

2291 708 2405 760 ἀλλ’
2442 707 2928 776 ἁπεναρκήσαμενο
2960 705 3049 758 διά
3068 702 3231 757 τοῦτο
3258 700 3714 770 συγκαταϐαίνων
3735 703 3853 772 ἡμῖν

2299 799 2326 851 6
2356 796 2546 867 φιλάνο
2558 813 2760 867 ρωπος,
2791 796 2855 849 τὸ
2886 795 2987 865 μὶν
3016 791 3156 860 εἶδος
3190 795 3355 866 ἀρτου
3379 794 3476 847 καὶ
3504 792 3652 846 οἴνου
3671 792 3853 861 φυλάτ-

2288 907 2371 944 τει
2399 907 2413 919 ·
2450 890 2530 950 είς
2575 887 2803 957 δύναμιν
2835 887 2892 940 δὲ
2928 887 3127 957 σαρκὸς
3164 888 3256 940 καὶ
3301 886 3535 955 αἵματος
3580 900 3848 954 μεταστοι-

2290 981 2448 1050 χειοῖ.
2493 974 2642 1049 Αἷμα
2687 979 2742 1031 δὲ
2786 966 2995 1048 Καινῆς
3027 972 3301 1047 Διαθήκης
3352 970 3498 1043 εἶπε,
3547 976 3688 1045 πρὸς
3721 976 3854 1028 ἀντι·

2290 1071 2575 1143 διαστολὴν
2612 1072 2709 1141 τῆς
2744 1070 3129 1133 Παλαιᾶς.Καὶ
3160 1070 3268 1139 γάρ
3297 1067 3577 1139 ή⁹Παλαιά
3607 1067 3852 1139 Διαθὴκη,

2292 1165 2520 1234 κάκείνη
2552 1157 2691 1232 αἷμα
2722 1159 2863 1232 εἶχε,
2888 1162 2959 1215 δι’
2999 1154 3062 1214 οὗ
3104 1161 3437 1233 apemtum
3467 1163 3497 1216 δ
3524 1178 3584 1215 τε
3622 1160 3744 1224 λαὸς
3770 1164 3854 1214 καὶ

2291 1258 2352 1309 τὸ
2383 1256 2589 1326 βιϐλίον
2621 1254 2717 1309 τοῦ
2747 1255 2935 1325 νόμον.
2972 1255 3048 1308 Οὐ
3083 1256 3158 1322 μὴ
3203 1253 3311 1307 πίω
3353 1253 3415 1307 δὲ
3456 1257 3519 1307 ὲκ
3552 1251 3649 1307 τοῦ
3694 1254 3850 1319 οῖνου,

2291 1350 2459 1416 λέγει,
2510 1347 2637 1418 ἄχρι
2697 1346 2796 1416 τῆς
2852 1346 3223 1408 ἀναστάσεως.
3282 1345 3572 1399 Βασιλείαν
3621 1347 3728 1415 γὰρ
3765 1346 3854 1413 τὴν

2290 1442 2585 1495 ἀνάστασιν
2616 1439 2898 1509 ὀνομάζει,
2931 1439 3005 1501 ὡς
3048 1437 3374 1508 βασιλεύσας
3424 1438 3544 1491 τότε
3594 1437 3733 1490 κατά
3769 1434 3855 1488 τοῦ

2298 1533 2556 1587 Θανάτου.
2598 1534 2754 1586 Mssa
2780 1532 2910 1599 γοῦν
2951 1531 3048 1600 τὴν
3080 1530 3403 1594 ἀνάστασιν,
3432 1530 3605 1597 ἔφαγε
3635 1527 3856 1581 ηιξκιε

2295 1627 2439 1696 μετά
2470 1626 2578 1680 τῶν
2614 1624 2893 1697 μαθητῶν,
2928 1623 3313 1694 πιστούμενος,
3348 1623 3430 1676 δτι
3475 1622 3637 1685 αὐτὸς
3665 1621 3858 1686 sui!“

2292 1720 2444 1771 ἔστιν
2499 1721 2529 1772 6
2564 1720 2775 1773 παθων.
2818 1718 3022 1775 Καινδν
3046 1716 3104 1775 δὲ
3162 1718 3307 1769 πίνει
3356 1716 3511 1778 αὐτὸ,
3568 1714 3857 1776 τουτέστιν,

2290 1814 2475 1865 καινόν
2501 1828 2623 1864 τινα
2640 1810 2842 1879 τρόπον
2866 1811 2957 1863 καὶ
2982 1808 3152 1873 ξενον,
3177 1810 3279 1863 οὐκ
3309 1808 3389 1862 ἔτι
3420 1810 3529 1878 γὰρ
3566 1807 3726 1878 σῶμα
3762 1824 3858 1860 παο

607 1900 753 1953 enim
790 1900 931 1952 ultra
971 1912 1167 1963 corpus
1196 1894 1428 1947 habebat
1459 1889 1735 1960 passibile,
1772 1886 1916 1955 quod
1953 1886 2075 1939 cibo
2108 1885 2179 1936 in-

2300 1902 2461 1973 θητὸν
2488 1899 2624 1974 εἶχε,
2651 1902 2905 1977 δεόμενον
2932 1902 3158 1972 τροφῆς,
3178 1900 3293 1954 ἀλλ’
3325 1900 3605 1971 ἄφθαρτον
3625 1900 3719 1954 καὶ
3738 1897 3859 1953 άθάκ

608 1994 836 2063 digeret,
888 1992 978 2045 sed
1032 1987 1333 2044 immortale
1369 1997 1420 2038 et
1455 1981 1885 2051 incorruptibile.
1920 1978 2183 2046 llntellige

609 2096 786 2141 autem
824 2086 987 2138 etiam
1032 2083 1157 2136 sic:
1203 2078 1340 2131 Vitis
1368 2077 1628 2130 Dominus
1676 2076 1787 2142 ipse
1823 2082 1926 2137 est,
1977 2070 2183 2125 fructus

611 2189 789 2232 .atetn
837 2176 961 2228 vitis
996 2171 1249 2243 mysteria
1298 2179 1424 2223 sunt
1467 2178 1523 2221 et
1572 2165 1887 2219 abscondita
1936 2162 2181 2225 scientia,

607 2287 767 2341 quam
801 2270 913 2338 ipse
952 2266 1177 2337 profert.
1214 2264 1413 2317 docens
1463 2259 1734 2314 hominem
1784 2256 2090 2309 scientiam.
2124 2253 2181 2306 ln

608 2377 773 2433 regno
814 2362 991 2427 itaque
1032 2355 1146 2421 Dei,
1174 2356 1275 2407 hoc
1336 2361 1440 2417 est,
1477 2353 1527 2405 in
1561 2358 1754 2405 octavo
1784 2347 2002 2407 saeculo,
2037 2344 2183 2398 hibet

607 2470 731 2510 cutn
761 2450 1034 2519 discipulis
1087 2447 1219 2511 suis,
1266 2444 1429 2514 25o
1466 2441 1720 2514 mysteria
1764 2448 1818 2493 et
1864 2436 2180 2507 sapientiam

608 2560 799 2601 novam
824 2541 1112 2612 quamdam
1145 2538 1345 2592 docens
1380 2542 1571 2598 nos,et
1600 2529 1853 2586 revolans
1884 2544 2003 2597 qum
2040 2542 2183 2580 nunc

605 2634 923 2691 abscondita
952 2641 1099 2686 sunt.

679 2725 843 2781 Vens.
879 2724 1065 2779 26-51.
1110 2742 1126 2773 ι
1161 2722 1224 2773 Ει
1265 2734 1387 2774 cum
1436 2718 1693 2789 hymnum
1729 2716 2017 2777 dixissent,
2064 2714 2180 2768 exi-

613 2828 775 2875 etunt
829 2820 878 2870 in
931 2823 1169 2869 montem
1220 2812 1499 2867 Ol.varutn
1531 2828 1543 2864 :
1581 2821 1633 2864 et
1668 2809 1798 2863 dicit
1841 2807 1949 2860 illis
1980 2805 2178 2861 Jesus:

605 2910 807 2966 Omnes
829 2905 1209 2962 oﬂendit-ulum
1236 2901 1514 2970 patiemini
1546 2915 1640 2965 per
1666 2914 1749 2953 tne
1773 2898 1824 2950 in
1850 2896 1953 2951 bac
1979 2907 2137 2949 nocte
2164 2910 2178 2948 :

607 3004 734 3071 quia
779 3001 1040 3070 scriptum
1074 3010 1156 3052 est
1185 3015 1198 3049 :
1234 2996 1541 3051 Percutiam
1570 3004 1861 3063 pastorem.
1887 3000 1942 3046 et
1973 2993 2181 3061 disper-

607 3102 799 3162 gentur
822 3104 967 3144 oves.
990 3086 1095 3144 Sed
1125 3098 1468 3157 posteaquam
1494 3100 1861 3149 resurrexero,
1882 3084 2179 3154 prccedam

607 3200 703 3241 vos
738 3186 788 3239 in
831 3183 1129 3239 Galilaeam.
1163 3178 1355 3235 Petrus
1390 3188 1572 3232 autem
1620 3177 1753 3230 dixit
1798 3177 1872 3230 illi
1908 3194 1921 3229 :
1953 3174 2175 3229 Etiamsi

2288 2012 2465 2049 νατον.
2499 1994 2629 2047 Νόει
2649 1994 2705 2046 δὲ
2728 1994 2823 2048 καὶ
2848 1993 3045 2056 οὕτως’
3078 1993 3378 2065 ᾍμπελος,
3402 1992 3430 2045 ὀ
3462 1992 3667 2063 Κύριος
3684 1992 3855 2055 αὐτὸς,

2287 2090 2533 2158 γέννημα
2567 2088 2624 2142 δὲ
2654 2088 2926 2159 ἀμπέλου,
2975 2086 3044 2139 τά
3087 2087 3389 2157 μυστήρια,
3426 2087 3523 2139 καὶ
3581 2087 3616 2156 ἡ
3670 2086 3767 2152 γνέ
3784 2100 3859 2149 σις

2291 2182 2319 2251 ἢ
2349 2180 2721 2254 ἀπόκρυφοςζ
2749 2179 2817 2249 ἢν
2876 2177 3035 2239 αὐτὸς
3080 2178 3267 2247 γεννᾷ,
3293 2178 3322 2230 6
3350 2176 3623 2231 διδάσκων
3656 2174 3853 2246 ἀνθρω-

2286 2289 2389 2325 πον
2420 2270 2642 2339 γνῶσιν.
2684 2270 2773 2325 Ἐν
2811 2269 2991 2322 τοίνυν
3023 2271 3088 2339 τῇ
3132 2268 3381 2338 βασιλείᾳ
3404 2267 3499 2320 τοῦ
3524 2265 3688 2332 Θεοῦ,
3714 2282 3858 2320 τουτ-

2285 2364 2454 2426 έστιν,
2478 2365 2534 2416 ἐν
2557 2363 2636 2433 τῷ
2658 2362 2828 2432 ὀγδόῳ
2857 2362 3034 2427 αἰῶνι,
3069 2362 3253 2413 πίεται
3286 2359 3424 2430 μετά
3456 2359 3567 2412 τῶν
3613 2355 3860 2428 μαθητῶν

2287 2454 2477 2519 αὐτοῦ,
2525 2456 2594 2507 τὰ
2638 2456 2914 2525 μυστήρια
2960 2455 3053 2505 καὶ
3109 2453 3209 2523 τὴν
3263 2454 3492 2523 σοφέαν,
3543 2452 3712 2505 καινά
3750 2467 3858 2504 τινα

2284 2548 2549 2601 διδάσκων
2576 2547 2746 2616 ἡμᾶς,
2783 2547 2873 2600 καὶ
2902 2544 3303 2601 ἀποκαλύπτων
3332 2545 3368 2599 ἀ
3406 2542 3503 2599 νῦν
3542 2543 3858 2614 κέκρυπται.

2362 2746 2382 2781 ε
2444 2730 2556 2783 Καὶ
2619 2729 3009 2799 ὑμνήσαντες,
3045 2728 3271 2799 δεῆλθον
3328 2728 3410 2791 είς
3459 2727 3522 2779 τὸ
3569 2726 3701 2795 δρος
3758 2726 3860 2779 τῶν

2298 2820 2547 2881 Ἐλαιῶν,
2591 2822 2684 2873 καὶ
2720 2820 2868 2888 λέγει
2922 2822 3107 2883 αὐτοῖς
3155 2821 3185 2872 6
3227 2819 3464 2890 Ἰησοῦς,
3524 2819 3609 2872 δτι
3666 2819 3861 2879 Πάντες

2289 2908 2823 2980 σκανδαλισθήσεσθε
2874 2912 2932 2963 ιν
2971 2911 3117 2979 ἐμοὶ,
3150 2910 3209 2961 ιν
3254 2912 3322 2981 τῇ
3370 2909 3525 2963 νυκτὶ
3555 2907 3751 2979 ταύτῃ,
3786 2908 3840 2960 ὅτ

2289 3002 2625 3073 γέγραπται·
2684 3002 2917 3067 Πατάξω
2963 3002 3054 3055 τὸν
3102 3003 3367 3071 ποιμένα,
3427 3000 3523 3053 καὶ
3553 3001 3863 3071 διασκορπιο

2292 3096 2584 3168 σθήσονται
2614 3095 2684 3148 τὰ
2740 3094 3011 3165 πρόδατα.
3056 3094 3221 3147 Ἀλλά
3271 3093 3411 3163 μετά
3466 3092 3530 3145 τὺ
3572 3090 3863 3163 ἑγερθῆναῖ

2291 3206 2381 3258 με,
2410 3187 2633 3259 προάξω
2684 3188 2827 3257 ὑμᾶς
2870 3188 2949 3251 είς
2986 3186 3085 3259 τὴν
3115 3186 3427 3241 Γαλιλαίαν.
3466 3183 3526 3239 Ὀ
3577 3185 3636 3240 δὲ
3668 3186 3864 3258 Πάτροε

606 3294 795 3334 omnes
833 3274 1215 3331 offendicttlum
1266 3273 1407 3341 passi
1449 3271 1669 3334 fuerint,
1700 3281 1753 3325 at
1789 3286 1887 3341 ego
1943 3287 2071 3325 non.
2108 3272 2175 3325 Et

2286 3282 2387 3351 εφη
2423 3280 2596 3349 αὐτῷ,
2636 3280 2747 3334 Καὶ
2786 3279 2835 3332 εί
2887 3279 3085 3342 πάντες
3139 3278 3726 3349 σκανδαλισθήσονται,
3755 3276 3863 3332 ἀλλ’

607 3374 739 3427 dicit
782 3369 857 3426 illi
899 3368 1098 3423 Jesus:
1137 3367 1306 3420 Amen
1356 3366 1478 3419 dico
1509 3364 1603 3418 tibi
1636 3363 1780 3434 quod
1815 3375 1871 3418 tu
1914 3364 2073 3418 hodie
2123 3366 2175 3418 itt

607 3474 766 3520 nocte
804 3463 903 3517 hac
927 3461 1237 3531 priusquam
1272 3458 1355 3513 bis
1378 3457 1549 3527 gallus
1588 3456 1867 3522 cecinerit,
1900 3467 1981 3511 ter
2013 3458 2178 3512 alme-

606 3556 757 3627 gabis
792 3569 897 3609 me.
932 3554 1001 3607 At
1035 3552 1123 3606 ille
1152 3549 1525 3604 Vehementius
1569 3550 1780 3603 dicebat
1818 3566 1829 3601 :
1863 3547 1975 3604 lnto
2012 3549 2056 3601 si
2093 3565 2176 3602 me

606 3646 907 3715 oportuerit
955 3643 1214 3699 commori
1250 3642 1373 3703 tibi,
1412 3656 1514 3695 non
1552 3651 1602 3694 te
1636 3643 1861 3711 negabo.
1915 3640 2178 3695 Similiter

610 3749 792 3794 autem
827 3746 878 3791 et
907 3750 1098 3790 omnes
1130 3734 1399 3789 dicebant.
1442 3752 1460 3783 ι
1495 3732 1709 3787 Gratias
1742 3745 1965 3802 egerunt
1997 3745 2050 3788 et
2084 3752 2182 3786 att-

614 3844 829 3901 teqnam
884 3830 1145 3883 bibissent
1190 3846 1201 3880 :
1251 3836 1304 3881 et
1343 3835 1623 3895 postquam
1669 3825 1932 3880 bibissent
1982 3827 2183 3894 gratias

611 3930 836 3989 egerunt
866 3934 878 3969 :
914 3928 971 3971 ut
996 3927 1049 3971 et
1081 3931 1176 3971 nos
1206 3915 1479 3968 discamus
1529 3916 1666 3981 quod
1700 3925 1947 3981 oporteat
1985 3916 2183 3983 gratias

614 4026 777 4083 agerc
806 4009 1024 4063 Christo
1064 4017 1119 4059 et
1155 4008 1327 4075 ipsum
1375 4004 1599 4058 laudare
1641 4013 1695 4058 et
1738 4014 1864 4057 ante
1893 4006 2097 4068 cibum,
2129 4016 2182 4059 et

614 4111 730 4170 post
763 4100 961 4154 cibum.
998 4097 1265 4150 Praeterea
1295 4098 1457 4149 etiam
1502 4097 1601 4151 hoc
1629 4096 1824 4151 indicat
1862 4099 2001 4167 qnud
2031 4113 2178 4167 grata

616 4192 687 4242 sit
742 4190 789 4242 ei
835 4205 977 4242 mors
1020 4204 1115 4257 pro
1158 4188 1331 4251 nobis,
1382 4188 1641 4255 quoniam
1688 4190 1847 4241 etiam
1904 4192 2090 4243 exiens
2127 4200 2184 4244 tit

616 4283 939 4345 traderetur,
964 4279 1142 4333 laudat
1178 4278 1479 4331 Dominum.
1517 4277 1750 4333 Omnino
1784 4288 1963 4332 autem
1994 4291 2048 4334 et
2084 4296 2181 4334 nos

616 4373 797 4438 docet,
836 4372 879 4423 si
914 4372 1127 4437 quando
1160 4372 1211 4421 in
1261 4372 1485 4421 adversa
1536 4384 1632 4436 pro
1674 4369 1965 4423 multorum
2011 4372 2181 4426 salute

617 4463 981 4525 inciderituus,
1007 4475 1072 4513 ne
1101 4460 1278 4513 tristes
1301 4460 1491 4523 simus,
1520 4460 1611 4513 sed
1636 4468 1690 4512 et
1722 4461 1929 4528 gratias
1956 4475 2180 4528 agamus

615 4558 743 4620 Deo,
770 4556 859 4623 qui
890 4564 1126 4607 nostram
1161 4550 1501 4605 alflictionem
1538 4550 1589 4603 itt
1627 4552 1916 4604 multorum
1948 4554 2175 4607 saltttetn

611 4656 884 4715 Operatur.
918 4643 1206 4713 Egreditur
1256 4658 1383 4697 vero
1430 4642 1482 4696 in
1534 4651 1771 4697 montem
1818 4644 2087 4697 Olivarum
2122 4657 2179 4698 ut

612 4738 911 4793 solitarium
964 4738 1329 4799 adorirentur,
1382 4746 1437 4788 et
1480 4735 1802 4796 detinerent,
1862 4751 1927 4790 ne
1972 4747 2177 4790 tantum

616 4828 901 4884 tumultum
941 4830 1154 4882 faciant.
1190 4826 1322 4880 Nam
1370 4827 1413 4879 si
1453 4828 1505 4878 itt
1546 4828 1767 4880 civitate
1811 4827 1983 4896 ipsum
2021 4828 2177 4882 inva-

612 4924 830 4985 sissent,
870 4920 1119 4975 fortassis
1168 4922 1388 4975 suborta
1426 4918 1615 4973 fuisset
1662 4920 1838 4984 turba,
1878 4931 1930 4971 et
1970 4920 2173 4975 inimici

609 5016 889 5067 occasione
920 5013 1187 5081 quapiam,
1237 5026 1355 5079 qua:
1396 5011 1541 5078 justa
1579 5010 1749 5065 videri
1774 5010 2056 5079 potuisset,
2085 5027 2176 5080 ap-

607 5107 892 5173 prehensa,
943 5103 1041 5155 visi
1100 5104 1322 5155 fuissent
1365 5102 1536 5169 ipsum
1568 5100 1714 5168 juste
1760 5110 1815 5152 nt
1860 5100 2172 5153 seditiosum

612 5198 931 5249 interficere.
968 5195 1219 5248 Prmdicit
1256 5204 1430 5245 autem
1461 5193 1564 5245 illis
1601 5194 1745 5259 quod
1788 5201 1841 5246 et
1882 5190 2174 5244 oflvttdicn-

609 5286 715 5339 lum
756 5286 965 5353 paSsnri
1010 5294 1210 5338 essent.
1246 5283 1435 5335 Postea
1480 5298 1545 5334 ne
1589 5284 1871 5335 videantur
1911 5281 2021 5335 haec
2050 5296 2171 5335 esse

610 5376 662 5428 in
716 5376 1053 5428 manifestam
1127 5374 1363 5425 omnium
1436 5373 1880 5434 accusationem,
1952 5372 2171 5424 adducit

609 5468 769 5520 etiam
816 5466 1178 5519 testimonium
1212 5479 1275 5517 ex
1315 5462 1573 5532 prepbeta
1611 5461 1870 5516 Zacharia
1915 5465 2054 5529 quod
2092 5467 2171 5516 di-

608 5560 888 5627 spergendi
947 5568 1147 5613 essent.
1204 5556 1443 5624 Denique
1492 5566 1545 5609 et
1594 5556 2016 5610 consolationem
2067 5556 2171 5611 illis

607 5648 761 5703 aﬂ'ert
785 5650 967 5704 dicens
1000 5669 1011 5700 :
1049 5650 1353 5703 Prmcedatn
1388 5664 1481 5701 vos
1517 5649 1565 5699 in
1602 5645 1898 5707 Gatilmam.
1934 5648 2033 5700 hoc
2064 5657 2165 5713 est,

606 5742 947 5810 ttrmveuiatu.
985 5743 1051 5795 At
1099 5741 1286 5795 Petrus
1319 5740 1531 5795 obsistit
1569 5755 1580 5793 :
1616 5739 1735 5793 ideo
1763 5747 1814 5792 et
1849 5739 1996 5792 audit
2030 5742 2167 5808 quod

680 5920 695 5948 '
752 5916 915 5973 Exod.
962 5932 1113 5983 sxw,
1144 5920 1194 5973 8.

762 6458 829 6461 κ
1100 6396 1339 6471 -Δ

2283 3371 2385 3425 οὐκ
2421 3370 2552 3439 ιγώ.
2596 3370 2710 3424 Καὶ
2758 3370 2911 3437 λέγει
2960 3368 3109 3440 αὐτῷ
3147 3373 3176 3424 6
3233 3369 3469 3438 Ἰησοῦς·
3516 3369 3693 3442 ’Δμὴν
3724 3370 3861 3436 λέγω

2287 3479 2392 3528 σοι,
2428 3462 2511 3514 ὅτι
2554 3462 2618 3514 σὺ
2656 3462 2896 3531 σήμερον
2927 3464 2984 3513 ἐν
3031 3462 3099 3531 τῇ
3132 3460 3290 3513 νυκτὶ
3322 3460 3518 3531 ταύτῃ,
3563 3462 3696 3530 πρὶν
3726 3461 3761 3533 ἢ
3791 3462 3866 3524 δἰς

2285 3555 2554 3624 ἀλέκτορα
2585 3555 2852 3623 φωνῆσαι,
2888 3553 3006 3622 τρὶς
3034 3553 3333 3625 ἀπαρνήσῃ
3363 3570 3453 3622 με.
3500 3552 3561 3607 ’0
3598 3553 3659 3606 ει
3685 3555 3751 3607 ὲκ
3774 3572 3868 3608 τε·

2289 3646 2477 3717 ρισσοῦ
2499 3646 2677 3712 ἔλεγε·
2721 3644 2939 3697 Μᾶλλον
2970 3644 3066 3697 ἐάν
3089 3661 3158 3713 με
3182 3644 3276 3715 δέη
3318 3643 3718 3699 συναποθανεῖν
3764 3662 3863 3703 σοι.

2284 3736 2345 3790 ού
2381 3736 2452 3806 μή
2491 3752 2549 3787 σε
2596 3736 3023 3803 ἀπαρνήσωμαι.
3089 3730 3365 3796 Ὡσαύτως
3420 3733 3477 3787 δι
3514 3734 3612 3788 καὶ
3668 3735 3868 3796 πάντες

2284 3830 2490 3897 ελεγον.
2536 3847 2554 3880 ι
2592 3827 3005 3897 Εὐχαρίστησαν
3052 3827 3148 3879 καὶ
3189 3826 3296 3897 πρὸ
3333 3826 3428 3880 τοῦ
3497 3829 3668 3891 πιεῖν,
3708 3828 3869 3897 εὐχα-

2290 3922 2557 3990 ρίστησαν
2586 3922 2681 3973 καὶ
2732 3920 2872 3989 μετά
2910 3919 2971 3972 τ’.
3010 3920 3180 3983 πιεῖν,
3233 3918 3321 3972 ἵνα
3347 3920 3633 3990 καὶήμεῖς
3676 3921 3867 3982 μάθω-

2290 4028 2411 4081 μεν,
2436 4012 2519 4064 ὃτι
2556 4010 2637 4062 δεῖ
2674 4010 3019 4079 εὐχαριστεῖν
3068 4011 3162 4062 καὶ
3221 4009 3435 4079 ὑμνεῖν,
3492 4010 3590 4063 καὶ
3632 4010 3744 4081 πρὸ
3774 4010 3869 4079 τῆς

2286 4101 2513 4169 τροφῆς,
2568 4099 2661 4150 καὶ
2705 4097 2843 4167 μετά
2872 4097 2971 4166 τὴν
3020 4099 3252 4168 τροφήν.
3291 4098 3444 4168 Ἀμα
3474 4098 3533 4151 δὲ
3578 4101 3676 4153 καὶ⁵
3715 4100 3874 4153 τοῦτο

2286 4195 2584 4257 δείκνυσιν,
2626 4192 2709 4246 δτι
2750 4191 3032 4253 ἀσπαστός
3094 4193 3242 4245 εστιν
3274 4190 3427 4260 αύτῷ
3471 4197 3502 4245 6
3537 4190 3681 4261 ὑπὲρ
3710 4191 3871 4261 ἡμῶν

2287 4286 2540 4349 θάνατος,
2584 4286 2647 4345 ὃς
2679 4299 2740 4349 γε
2794 4283 2888 4336 ἐπὶ
2934 4281 3013 4351 τῷ
3068 4280 3442 4352 παραδοθῆναι
3477 4281 3642 4348 ἐξιὼν
3712 4283 3871 4352 ὑμνεῖ

2286 4378 2376 4430 τὸν
2402 4376 2556 4429 Θεόν.
2599 4376 2819 4437 Πάντως
2840 4374 2897 4428 δὲ
2932 4375 3027 4427 καὶ
3060 4376 3205 4444 ἡμᾶς
3226 4374 3491 4439 διδάσκει,
3524 4376 3659 4431 ὅταν
3688 4376 3869 4430 0M6;-

2291 4467 2404 4535 ροῖς
2450 4465 2838 4535 περιπέσωμεν
2887 4466 2967 4526 είς
3018 4465 3297 4535 σωτηρίαν
3338 4464 3570 4530 πολλῶν,
3618 4468 3698 4537 μὴ
3738 4467 3867 4520 ἀθυ-

2290 4562 2430 4627 μεῖν,
2480 4556 2595 4610 ἀλλ’
2640 4559 2981 4626 εὐχαριστεῖν
3033 4556 3112 4626 τῷ
3167 4554 3307 4627 Θεῷ,
3358 4557 3434 4627 τῷ
3477 4557 3569 4611 διὰ
3598 4559 3702 4628 τῆς
3734 4562 3868 4630 mta-

2285 4652 2447 4719 τέρας
2493 4648 2723 4717 θλίψεως
2778 4647 3241 4718 κατεργαζομένῳ
3289 4650 3572 4718 σωτηρίαν
3624 4651 3864 4705 πολλῶν.

2295 4740 2605 4810 ’Βξέρχεται
2633 4738 2688 4791 δὲ
2714 4740 2791 4801 είς
2810 4739 2869 4791 τὸ
2895 4738 3019 4807 δρος
3042 4739 3148 4791 τῶν
3167 4738 3417 4802 Ἐλαιῶν,
3440 4740 3527 4793 ῖνα
3549 4742 3868 4812 καταμόνας

2280 4832 2395 4884 δντι
2430 4830 2753 4891 ἐπελθόντες
2796 4830 2893 4882 καὶ
2938 4829 3327 4899 κατασχόντες,
3360 4829 3438 4901 μὴ
3488 4833 3752 4885 τοσοῦτον
3777 4833 3855 4887 θό-

2283 4918 2445 4989 ρυϐον
2471 4918 2793 4987 ποιήσωσιν.
2834 4918 2895 4971 Et
2926 4919 3035 4987 γάρ
3066 4918 3124 4970 ιν
3151 4922 3217 4989 τῇ
3254 4920 3408 4973 πόλει
3450 4920 3570 4975 δντι
3602 4922 3864 4995 ὶπῆλθον,

2280 5009 2439 5078 τυχὸν
2480 5010 2543 5061 ἂν
2606 5006 2879 5077 ἐταράχθη
2908 5006 2969 5061 τὸ
3016 5007 3221 5077 πλῆθος
3254 5010 3345 5062 ἐπ’
3375 5011 3527 5082 αὐτῷ
3552 5032 3565 5045 ·
3604 5015 3705 5068 καὶ
3743 5014 3863 5068 τότε

2279 5097 2671 5166 εὐ>.ογοφανοῦς
2698 5098 2958 5169 ἀῳορμῆς
2980 5098 3312 5170 δραξάμενοι
3340 5102 3392 5154 οί
3427 5103 3644 5173 ἔχθροὶ,
3675 5104 3863 5172 ἔδοξαν

2278 5192 2343 5245 ἂν
2394 5193 2556 5245 αὑτὸν
2604 5190 2815 5245 ἀνελεῖν
2860 5193 3085 5257 δικαίως
3132 5193 3207 5256 ὼς
3245 5198 3602 5269 στασιαστὴν.
3636 5198 3861 5269 [Imq-

2274 5289 2421 5336 τεύει
2455 5285 2512 5337 δὲ
2542 5285 2720 5346 αὐτοῖς
2748 5286 2831 5338 ὅτι
2865 5287 2958 5339 καὶ
2989 5286 3567 5358 σκανδαλισθήσονται.
3611 5288 3743 5345 Εἶτα
3777 5292 3861 5345 ινα

2278 5377 2352 5444 μὴ
2407 5375 2532 5445 δόξῃ
2588 5378 2872 5447 προφανὴς
2936 5372 3073 5431 εἶναι
3140 5381 3443 5450 κατηγορία
3514 5382 3740 5438 πάντων
3801 5383 3863 5438 τὸ

2274 5466 2537 5530 τοιοῦτον,
2573 5468 2816 5537 παράγει
2853 5468 2949 5521 καὶ
2998 5472 3311 5541 μαρτυρίαν
3338 5474 3403 5526 εκ
3439 5476 3538 5527 τοῦ
3572 5479 3861 5545 προφήτου

2275 5559 2563 5627 Ζαχαρὶου,
2620 5558 2700 5610 ὅτι
2749 5559 3359 5630 διασκορπισθήσονται.
3400 5564 3736 5621 Τελευταῖον
3778 5570 3858 5630 δὲ,

2276 5653 2367 5703 καὶ
2420 5651 2778 5717 παραμυθίαν
2812 5652 3006 5719 ἐπάγει
3064 5654 3268 5718 αὐτοῖς,
3315 5656 3397 5708 ὅτι
3445 5658 3683 5728 Προάξω
3707 5660 3860 5729 ὑμᾶς

2274 5744 2351 5805 είς
2382 5743 2476 5812 τὴν
2508 5741 2819 5813 Γαλιλαίαν,
2849 5744 3117 5809 τουτέστι,
3150 5748 3429 5816 προλάὅω.
3479 5750 3627 5804 Ἀλλ’
3668 5754 3697 5806 6
3748 5753 3861 5808 Πέ-
