4022 6548
228 516 331 585 Otii

909 508 1355 574 EVARRATIO
1392 512 1474 574 1N
1503 504 2007 573 EVANGELIUM
2048 509 2311 574 MARCI.
2344 540 2415 550 -
2448 514 2609 574 CAP.
2650 514 2805 575 Χιν.

3419 513 3529 583 652

236 630 694 703 εΔιεσχίσθησαν,
739 626 832 682 καὶ
896 628 959 680 οὐ
1022 626 1494 694 κατενύγησανοι
1551 622 1821 695 σύμϐολον

1929 637 2036 677 non
2068 623 2463 691 intelligerent,
2489 628 2852 695 rumpentium
2880 635 2935 681 et
2962 628 3289 684 abolendum
3311 626 3529 685 Juda~o-

225 726 287 781 ἃ
309 726 403 781 καὶ
433 723 594 779 τοῦτο
617 717 706 791 ἦν,
732 719 835 774 κᾶν
858 722 1062 781 ἐκεῖνος
1096 719 1157 771 οὔ
1187 716 1496 781 συνίει,.τοῦ
1516 716 1617 787 τήν
1633 716 1824 786 ἀρχιεσ

231 817 485 892 ρωσύνην
522 815 630 867 τῶν
688 812 959 866 Ἰουδαίων
995 809 1362 883 διαρραγῆναι
1388 808 1483 863 καὶ
1521 807 1829 877 ἀφανισθῆ-

232 928 345 965 vat.
370 908 524 963 Ἐπεὶ
554 906 730 959 τοίνυν
756 905 787 974 ή
820 903 975 973 κοινὴ
997 902 1177 973 ψῆφος
1206 903 1316 955 τῶν
1362 902 1665 972 ἀρχιερέων
1705 914 1829 954 κατι

236 1002 453 1073 έκρινεν
515 999 701 1063 αὐτὸν,
736 996 861 1049 τότε
903 997 951 1049 οι
1000 994 1272 1067 ὑπηρέται
1324 992 1827 1062 περικαλύπτοντες

230 1091 416 1155 αὑτὸν,
453 1089 643 1142 ἔπαιον
666 1088 759 1142 καὶ
783 1086 992 1153 ἔλεγον·
1046 1086 1453 1156 Προφήτευσον,
1505 1085 1588 1148 τίς
1622 1086 1769 1137 ἐστιν
1801 1086 1828 1136 6

232 1183 437 1245 παίσας
459 1197 516 1233 σε
552 1195 567 1245 ;
602 1181 746 1233 Πόσα
770 1180 952 1231 τοίνυν
974 1176 1245 1246 πάθοιμεν
1272 1176 1337 1229 1v
1363 1178 1546 1246 ἡμεῖς.
1579 1175 1663 1229 ἴνα
1682 1177 1831 1229 ἀντι-

228 1272 457 1344 δοιημεν
515 1274 585 1325 τά
640 1272 729 1325 (sa
780 1270 860 1341 τῷ
916 1269 1205 1339 Δεσπότης
1253 1268 1461 1339 Φρίκης
1510 1266 1688 1323 ταῦτα
1731 1286 1829 1338 με·

233 1362 361 1422 στά.

316 1473 335 1506 ι
365 1456 471 1508 Ka‘:
513 1454 664 1515 δντος
691 1452 785 1505 τοῦ
836 1449 1045 1521 Πέτρου
1073 1452 1131 1502 ὲν
1181 1453 1247 1521 τῇ
1283 1450 1420 1522 αὐλῇ
1457 1452 1627 1513 κάτω,
1671 1450 1829 1520 ἔρχε-

233 1562 329 1599 ται
358 1546 458 1616 μία
474 1545 581 1598 τῶν
612 1543 1017 1597 παιδισκῶντοῦ
1039 1542 1362 1613 ἀρχιερέως·
1387 1545 1481 1596 καὶ
1514 1542 1703 1596 ίδοῦσα
1732 1544 1824 1594 τὸν

235 1638 449 1709 Πέτρον
478 1636 931 1706 θερμαινόμενον,
965 1634 1285 1702 ἐμϐλέψασα
1313 1634 1482 1704 αὐτῷ,
1508 1636 1689 1702 λέγει·
1719 1636 1829 1688 Καὶ

235 1730 303 1781 σὺ
342 1729 481 1798 μετά
508 1727 600 1780 τοῦ
640 1726 964 1795 Ναζαρηνοῦ
1006 1726 1182 1795 Ἰησοῦ
1250 1722 1415 1795 ἦσθα.
1460 1725 1523 1781 ’0
1553 1726 1610 1780 ὁὶ
1668 1729 1830 1797 ἠρνή-

235 1838 391 1881 σατο.
416 1822 611 1889 λέγων’
642 1821 755 1873 Οὐκ
777 1814 914 1883 οῖδα,
943 1821 1063 1873 οὐδὲ
1094 1822 1395 1889 ἐπίσταμαι
1426 1821 1478 1873 τί
1510 1821 1574 1873 σὺ
1607 1822 1786 1889 λέγεις
1810 1839 1827 1857 ο

1933 730 2052 768 rum
2085 717 2478 770 sacerdotium.
2522 717 2708 787 itaque
2741 718 2960 786 quando
2992 720 3273 774 communi
3310 722 3529 789 pontiﬁ-

1930 820 2052 858 cum
2078 804 2337 876 suﬁ‘ragio
2360 807 2760 863 condemnatus
2788 818 2893 875 est,
2929 818 3056 865 tunc
3088 811 3324 867 ministri
3360 814 3529 869 obvv-

1932 893 2182 948 laverunt
2232 897 2384 949 illum
2435 908 2492 951 et
2542 900 2898 963 czeciderunt,
2947 899 3348 971 dixeruntque:
3394 902 3531 957 Pro-

1930 988 2148 1058 phetiza
2171 1031 2186 1057 ,
2224 991 2348 1059 quis
2379 1001 2463 1045 est
2492 993 2583 1061 qui
2614 1001 2667 1046 te
2702 992 3018 1062 percussit?
3050 992 3190 1061 Quid
3225 994 3390 1064 igitur
3419 999 3529 1069 puli

1930 1090 1983 1135 et
2014 1098 2115 1138 nos
2147 1084 2427 1149 debemus,
2457 1096 2515 1140 ut
2544 1086 2837 1142 reddamus
2865 1101 2964 1156 par
2992 1087 3263 1144 Domino?
3294 1090 3533 1147 iiorrore

1930 1175 2086 1245 plena
2114 1187 2240 1229 sunt
2268 1177 2407 1231 haec.

2007 1440 2169 1496 Vens.
2206 1442 2395 1497 66-72.
2432 1464 2449 1496 ι
2488 1446 2548 1498 Et
2580 1462 2705 1501 cum
2739 1457 2883 1501 esset
2914 1446 3107 1502 Petrus
3136 1449 3187 1502 in
3219 1450 3360 1503 atrio
3394 1450 3532 1503 infe-

1934 1534 2067 1597 rius,
2102 1536 2250 1589 venit
2286 1553 2389 1589 una
2427 1538 2749 1590 ancillarum
2782 1540 2980 1593 summi
3018 1542 3349 1605 sacerdotis,
3380 1558 3533 1596 cum-

1931 1642 2039 1694 que
2072 1627 2295 1683 vidisset
2328 1628 2549 1684 Petrum
2587 1632 3007 1687 culefacieutem
3034 1650 3113 1697 se.
3148 1636 3346 1690 intuita
3383 1637 3532 1691 illum

1930 1720 2065 1773 dicit
2097 1736 2108 1771 :
2148 1720 2213 1774 Et
2240 1731 2294 1774 ιιι
2326 1737 2447 1776 cum
2481 1721 2609 1778 Jesu
2643 1724 2935 1781 anareno
2977 1725 3171 1781 fuisti?
3202 1730 3272 1782 At
3312 1728 3399 1783 ille
3439 1744 3534 1784 ne-

1932 1812 2077 1879 gavit
2111 1812 2300 1867 dicens
2333 1830 2347 1871 :
2379 1813 2497 1870 Non
2532 1818 2689 1881 novi,
2725 1832 2898 1888 neque
2940 1820 3055 1873 scio
3088 1819 3219 1889 quid
3262 1820 3430 1874 dicas.
3467 1818 3535 1873 Et

234 1917 333 1970 καὶ
365 1913 590 1982 ὶῇλθεν
604 1914 709 1979 ἔξω
739 1916 816 1976 εἰς
846 1914 905 1966 τὸ
928 1913 1241 1981 προαύλιον.
1265 1914 1373 1967 Καὶ
1403 1914 1655 1984 ἀλέκτωρ
1686 1915 1823 1984 ἐφώ-

1936 1905 2105 1959 exivit
2156 1905 2306 1963 foras
2352 1910 2405 1963 in
2456 1911 2827 1976 vestibulum,
2874 1925 2927 1967 et
2974 1912 3147 1984 gallus
3193 1914 3412 1971 cecinit.
3468 1915 3534 1970 Et

232 2024 385 2077 νησε.
420 2008 530 2060 Καὶ
566 2010 597 2077 ἡ
632 2007 891 2077 παιδίσκη
948 2006 1137 2060 ἰδοῦσα
1185 2007 1347 2060 αὑτὸν
1375 2008 1562 2071 πάλιν,
1624 2008 1829 2078 ήρεατο

232 2098 417 2165 λέγειν
465 2101 577 2161 τοῖς
638 2098 1046 2168 παρεστηκόσιν
1082 2138 1097 2160 ,
1168 2098 1249 2150 ὅτι
1284 2091 1456 2161 Οὗτος
1532 2099 1591 2165 ἐξ
1648 2098 1829 2151 αὐτῶν

232 2191 415 2243 ἔστιν’
477 2193 507 2243 6
556 2190 614 2243 δὲ
666 2190 829 2245 πάλιν
881 2191 1121 2258 ἠρνεῖτο.
1158 2190 1267 2242 Καὶ
1310 2188 1451 2259 μετά
1486 2190 1686 2259 μικρὸν
1722 2192 1828 2243 πά-

231 2281 367 2344 λιν.
418 2282 468 2334 οἱ
522 2282 873 2352 παρεστῶτες
939 2282 1125 2349 ελεγον
1188 2282 1267 2351 τῷ
1326 2282 1550 2351 Πέτρῳ·
1585 2283 1827 2351 Ἀληθῶς

230 2372 295 2435 ιξ
319 2372 497 2425 αὐτῶν
535 2370 583 2425 εἷ
604 2415 617 2434 .
656 2377 751 2426 καὶ
785 2374 893 2443 γάρ
930 2373 1217 2437 Γαλιλαῖος
1238 2369 1307 2437 εί,
1353 2375 1448 2426 καὶ
1476 2376 1509 2445 η
1542 2374 1703 2427 λαλιά
1734 2379 1827 2427 σου

231 2465 507 2531 ὀμοιάζει.
542 2466 600 2519 Ὀ
628 2467 683 2519 δὲ
714 2466 921 2536 ήρξατρ
946 2465 1369 2535 ἀναθεματίζειν
1436 2469 1530 2520 καὶ
1581 2470 1825 2537 ὀμνύειν.

233 2558 319 2608 ἔτι
352 2560 465 2611 Οὐκ
491 2556 605 2611 οἶδα
640 2560 730 2612 τὸν
761 2559 1050 2630 ἄνθρωπον
1081 2560 1270 2613 τοῦτον
1302 2560 1361 2613 ὃν
1396 2561 1602 2628 λέγετε.
1634 2564 1743 2616 Καὶ
1767 2564 1829 2615 ὲκ

232 2650 494 2721 δευτέρου
558 2652 812 2721 ἀλέκτωρ
845 2650 1093 2723 ἐφώνησε
1118 2695 1132 2718 ,
1189 2652 1285 2707 καὶ
1320 2654 1635 2725 ἀνεμνήσθη
1663 2658 1689 2707 6
1729 2656 1831 2707 Πέ-

232 2757 367 2810 τρος
429 2740 522 2794 τοῦ
573 2743 841 2812 ῥήματος,
867 2736 929 2795 οὗ
978 2739 1133 2795 εἶπεν
1189 2742 1341 2814 αὑτῷ
1380 2746 1409 2798 6
1453 2744 1682 2813 Ἰησοῦς,
1723 2748 1830 2808 ,δτι

235 2833 377 2902 Πρὶν
407 2834 679 2903 ἀλέκτορα
703 2834 952 2904 φωνῆσαι
983 2835 1088 2897 δὶς,
1113 2837 1411 2910 ἀπαρνήσῃ
1439 2854 1507 2907 με
1530 2838 1649 2907 τρίς
1674 2856 1688 2869 ·
1736 2840 1829 2893 καὶ

230 2926 534 2988 ἐπιϐαλὼν,
574 2926 815 2981 ἔκλαιεν.
844 2945 861 2978 ι
932 2928 1263 2998 Ἦσθένησεν
1290 2930 1318 2981 6
1346 2930 1573 3001 Πέτρος,
1637 2932 1685 2984 εί
1734 2933 1829 2986 καὶ

236 3019 577 3089 θερμότερος
608 3016 699 3091 ἦν,
751 3020 845 3074 καὶ
890 3020 1139 3091 ἀρνεῖται
1168 3022 1261 3075 τὸν
1311 3022 1519 3094 Κύριον
1572 3024 1676 3078 ὑπὸ
1729 3024 1830 3092 τῆς

230 3109 439 3174 δειλίας
477 3112 865 3182 διαταραχθείς
891 3132 904 3143 ο
935 3116 1031 3167 καὶ
1058 3115 1233 3171 ταῦτα
1262 3114 1557 3189 παιδίσκης
1594 3118 1830 3188 ὲκπτοη-

233 3204 410 3272 σάσης
448 3204 613 3257 αὐτόν
634 3221 648 3234 ·
681 3203 836 3257 τοῦτο
862 3206 919 3257 δὲ
948 3207 1068 3259 κατ’
1085 3208 1399 3277 οἰκονομίαν
1436 3208 1827 3280 συνεχώρησεν

231 3296 401 3349 αὑτὸν
444 3298 472 3350 6
512 3295 645 3359 Θεδς
684 3296 901 3362 παθεῖν,
957 3298 1046 3350 ῐνα
1098 3298 1175 3369 μὴ
1221 3299 1539 3371 ἑπαίρηται,
1569 3304 1662 3357 καὶ
1710 3304 1827 3374 ἅμα

232 3390 327 3443 ἴνα
352 3389 449 3442 καὶ
499 3390 613 3452 τοῖς
661 3389 914 3443 πταίουσι
970 3391 1266 3463 συμπαθὴς
1314 3394 1424 3463 εἴη,
1488 3397 1583 3467 ἀφ’
1629 3399 1823 3452 ἑαυτοῦ

232 3479 549 3544 παιδευθεὶς
594 3481 655 3535 τὸ
725 3481 828 3550 τῆς
882 3482 1232 3553 ἀνθρωπίνης
1286 3487 1571 3552 ἀσθενείας
1625 3488 1820 3559 βίαιον.

230 3570 554 3641 Ἀδιάφορον
596 3571 652 3623 δὲ
680 3572 786 3625 εἴτε
823 3573 856 3641 ή
890 3572 1029 3643 αὑτὴ
1064 3575 1321 3646 παιδίσκη
1369 3573 1459 3649 ἦν,
1494 3578 1607 3633 εἴτε
1658 3581 1820 3652 άλλη,

230 3664 267 3731 ἡ
327 3662 594 3731 ἑλέγξασα
634 3664 723 3715 τὸν
753 3664 981 3735 Πέτρον.
1043 3665 1327 3731 Ματθαίος
1381 3670 1479 3739 μὲν
1512 3672 1621 3741 γάρ
1657 3672 1824 3742 ἄλλην

230 3753 441 3822 ταύτην
468 3753 639 3821 λέγει·
676 3755 901 3825 Μάρκος
932 3756 988 3810 δὲ
1009 3758 1109 3829 τὴν
1139 3760 1330 3832 αὑτήν.
1367 3762 1535 3816 Οὐδὲν
1566 3764 1622 3816 δὲ
1691 3766 1825 3835 ήμίν

228 3844 395 3898 τοῦτο
424 3846 681 3913 ἐμπόδιον
709 3848 845 3917 πρὸς
872 3848 971 3919 τήν
1005 3851 1264 3921 ἀλήθειαν
1302 3853 1399 3906 τοῦ
1462 3856 1819 3924 Εὑαγγελίου³

232 3934 314 4006 μὴ
347 3935 454 4005 γὰρ
488 3938 547 3989 έν
578 3937 799 4008 μεγάλῳ
823 3941 932 3991 τινὶ
958 3941 1050 3994 καὶ
1080 3944 1384 4015 συνεκτικῷ
1422 3946 1521 4017 τῆς
1549 3948 1825 4021 σωτηρίας

228 4027 393 4097 ἡμῶν
423 4027 789 4098 διαφωνοῦσι;
822 4033 916 4103 Μὴ
944 4036 972 4087 6
1002 4035 1101 4104 μὲν
1124 4032 1279 4089 εἶπεν
1305 4078 1320 4103 ,
1362 4039 1444 4091 ὅτι
1501 4042 1820 4112 ἐσταυρώθη

226 4122 261 4172 6
292 4117 519 4206 Κύριος,
568 4122 596 4174 6
625 4120 702 4186 δὲ,
749 4121 810 4175 οὗ
844 4141 859 4191 ;
921 4126 1119 4193 ἄπαγε.
1155 4127 1215 4179 '0
1247 4128 1427 4181 τοίνυν
1461 4132 1668 4203 Πέτρος
1720 4132 1824 4185 ὑπὸ

227 4210 333 4280 τῆς
364 4208 567 4273 δειλίας
596 4209 1003 4283 διαταραχθεὶς,
1035 4216 1128 4268 καὶ
1152 4216 1544 4287 ἐπιλαθόμενος
1575 4221 1668 4274 τοῦ
1727 4222 1818 4276 λό-

228 4315 333 4367 γου
395 4294 456 4354 οὗ
486 4296 640 4355 εἶπεν
689 4305 717 4356 6
752 4304 974 4374 Κύριος,
1030 4308 1111 4361 ὅτι
1164 4309 1268 4361 Τὸν
1318 4310 1699 4382 ἀρνησάμενόν
1752 4332 1820 4384 με

228 4394 549 4465 ἀρνήσομαι
588 4394 747 4464 κάγὼ
806 4396 1039 4452 ἐνώπιον
1070 4400 1166 4454 τοῦ
1216 4403 1429 4473 Πατρός
1462 4422 1588 4476 μου,
1647 4409 1821 4478 ἠρνή-

231 4500 391 4549 σατο,
423 4485 541 4539 ἀλλ’
572 4488 603 4555 ή
646 4490 911 4554 μετάνοια
942 4490 1102 4545 πάλιν
1122 4493 1287 4547 αὐτὸν
1316 4496 1559 4567 ᾠκείωεε
1584 4498 1663 4569 τῷ
1681 4501 1819 4569 Χρι-

1933 1999 2131 2054 ancilla
2160 2015 2285 2054 cum
2335 2001 2563 2057 vidisset
2603 2019 2752 2072 eum,
2786 2022 3001 2060 rursum
3032 2008 3199 2074 ccepit
3231 2008 3415 2063 dicere
3448 2007 3534 2062 his

1931 2092 2024 2158 qui
2051 2092 2304 2145 astabant
2332 2110 2346 2146 :
2384 2091 2484 2149 Hic
2510 2110 2576 2149 ex
2606 2096 2711 2151 illis
2749 2108 2854 2151 est.
2894 2100 2963 2151 At
2995 2096 3082 2152 ille
3110 2114 3324 2153 rursum
3365 2113 3532 2168 nega-

1932 2182 2054 2244 bat;
2094 2198 2159 2238 ac
2200 2186 2363 2253 paulo
2403 2198 2526 2256 post
2570 2189 2767 2243 iterum
2802 2190 2895 2259 qui
2942 2192 3230 2257 astabant,
3276 2191 3533 2247 dicebant

1932 2272 2135 2327 Petro:
2170 2275 2307 2329 Vere
2337 2291 2404 2329 ex
2437 2278 2544 2331 illis
2577 2295 2674 2334 es:
2709 2296 2830 2333 nam
2873 2290 2925 2335 et
2958 2280 3216 2337 Galilaeus
3254 2297 3333 2347 es,
3363 2292 3417 2338 et
3449 2283 3531 2336 lu-

1932 2366 2091 2433 quela
2120 2374 2207 2420 tua
2242 2370 2518 2424 convenit.
2552 2370 2618 2423 At
2663 2372 2751 2425 ille
2782 2374 2945 2441 C(Bpil
2978 2375 3257 2429 exsecrari
3289 2391 3351 2429 ac
3384 2374 3533 2442 deje-

1938 2475 2097 2514 rure:
2131 2460 2248 2513 Non
2287 2464 2410 2516 novi
2450 2463 2725 2519 hominem
2772 2466 2932 2519 istum
2970 2468 3038 2521 de
3080 2483 3188 2536 quo
3227 2469 3428 2523 dicitis.
3464 2467 3533 2523 Et

1934 2550 2131 2606 iterum
2165 2553 2341 2623 gallus
2376 2558 2614 2611 cecinit:
2652 2560 3079 2629 recordatusqne
3109 2559 3272 2634 255
3310 2570 3393 2618 est
3428 2561 3529 2615 Pe-

1936 2655 2050 2699 trus
2081 2647 2230 2701 verbi
2260 2651 2403 2717 quod
2427 2650 2642 2706 dixerat
2673 2652 2744 2706 illi
2768 2647 2929 2710 Jesus
2958 2670 2969 2708 :
2999 2654 3324 2725 Priusquam
3352 2658 3530 2729 gallus

1933 2736 2194 2793 cecinerit
2236 2739 2345 2803 bis,
2376 2744 2674 2812 abuegabis
2724 2758 2810 2799 me
2846 2754 2949 2799 ter.
2983 2746 3050 2801 Et
3072 2762 3195 2801 cum
3228 2746 3529 2817 iniecisset,

1933 2822 2099 2879 nevit.
2142 2844 2160 2879 ι
2194 2826 2447 2883 infirmus
2476 2840 2596 2884 erat
2628 2829 2827 2887 Petrus
2848 2873 2862 2896 ,
2898 2836 3115 2890 tametsi
3153 2837 3330 2890 alacer
3361 2848 3527 2901 esset,

1933 2930 1985 2971 et
2016 2934 2129 2989 pra:
2175 2920 2373 2976 timore
2415 2923 2665 2979 turbatus
2705 2922 2997 2979 Dominum
3043 2931 3314 2996 abnegat,
3366 2928 3530 3000 idque

1934 3010 2002 3061 ab
2064 3008 2258 3064 ancilla
2316 3011 2751 3079 obstupefactus.
2816 3013 3072 3069 Permisit
3142 3024 3325 3070 autem
3386 3018 3528 3073 Deus

1934 3102 2077 3156 istud
2107 3103 2370 3173 singulari
2421 3103 2832 3173 dispensatione
2871 3105 3020 3171 iieri,
3054 3117 3112 3161 ut
3142 3123 3209 3162 ne
3240 3109 3529 3163 extollere-

1938 3203 2043 3258 lur,
2071 3203 2125 3247 et
2155 3194 2220 3247 ad
2248 3194 2369 3257 hoc,
2398 3203 2457 3248 ut
2484 3194 2897 3265 compateretur
2924 3196 3253 3265 labentibus,
3284 3216 3319 3254 a
3348 3202 3527 3270 seipse

1933 3288 2177 3341 eruditus
2200 3297 2403 3356 quanta
2426 3289 2499 3341 sit
2520 3290 2753 3342 humana
2786 3290 3132 3345 imbecillitas
3154 3302 3209 3346 et
3231 3292 3524 3362 fragilitas.

1931 3375 2046 3432 Non
2078 3378 2246 3433 refert
2287 3380 2401 3433 sive
2448 3395 2583 3443 una,
2612 3382 2728 3436 sive
2758 3382 2876 3436 duae
2907 3382 3119 3436 ancillae
3164 3381 3368 3438 fuerint
3405 3398 3526 3454 qua:

1929 3470 2208 3541 arguerint
2249 3472 2490 3526 Petrum.
2537 3472 2825 3528 Mattheus
2862 3490 2993 3529 sane
3036 3475 3191 3529 istam
3232 3490 3340 3531 non
3370 3490 3522 3532 eant-

1930 3570 2050 3619 dem
2073 3562 2225 3629 dicit,
2264 3563 2478 3618 Mart-us
2514 3580 2644 3619 vero
2673 3567 2945 3623 eamdem.
2978 3565 3122 3621 Nihil
3161 3579 3340 3623 autem
3371 3571 3529 3625 nobis

1930 3658 1984 3712 iu
2027 3660 2128 3713 hoc
2164 3656 2436 3713 obstaculi
2474 3658 2541 3712 ad
2592 3658 2870 3729 Evangelii
2918 3660 3228 3719 veritatem.
3270 3660 3524 3731 Nunquid

1929 3755 2071 3807 enim
2107 3755 2158 3808 in
2196 3768 2393 3823 magno
2424 3752 2608 3823 aliquo
2644 3763 2695 3806 et
2728 3755 2960 3808 salutem
2993 3767 3239 3811 nostram
3285 3759 3525 3826 compleo

1928 3838 2112 3901 ctente
2158 3844 2521 3899 discordant?
2562 3842 2814 3916 Nunquid
2858 3846 2949 3902 ille
2984 3847 3123 3901 dixit
3163 3850 3306 3917 quod
3346 3850 3525 3904 cruci-

1931 3937 2069 3992 ilxus
2091 3938 2181 4001 sit,
2210 3945 2263 3991 et
2285 3937 2424 3991 alius
2449 3951 2556 3991 non
2579 3936 2601 3989 ‘i
2628 3936 2791 3992 absit.
2824 3936 2992 4009 Igitur
3014 3937 3214 4007 Petrus
3238 3956 3348 4010 pra:
3374 3952 3519 3995 metu

1931 4030 2198 4093 turbatus,
2246 4040 2301 4085 et
2332 4030 2536 4083 oblitus
2567 4029 2839 4084 sermonis
2882 4045 3043 4099 quem
3083 4032 3293 4086 dixerat
3338 4031 3523 4088 Domi-

1926 4139 2052 4188 nus,
2078 4124 2218 4198 quod
2250 4120 2381 4175 Eum
2413 4122 2502 4190 qui
2532 4135 2617 4176 me
2643 4123 3019 4192 abnegnverit,
3039 4124 3321 4195 abnegabo
3351 4134 3403 4180 et
3425 4142 3525 4198 ego

1924 4229 2109 4270 coram
2142 4192 2304 4268 Patre
2338 4230 2479 4279 tuen,
2514 4215 2730 4283 negavit
2758 4233 2771 4268 :
2802 4215 2895 4269 sed
2924 4192 3242 4284 paenitentia
3267 4227 3320 4272 et
3347 4192 3525 4291 latr}-

1926 4322 2027 4361 nue
2060 4305 2209 4360 illum
2248 4307 2312 4359 ad
2346 4307 2627 4367 Christum
2658 4309 3016 4363 reduxerunt.
3055 4308 3121 4364 Et
3148 4325 3270 4363 cum
3301 4311 3521 4383 injecis-

1924 4410 2027 4465 set,
2058 4398 2204 4452 ﬂevit
2233 4417 2245 4453 :
2278 4399 2380 4452 hoc
2413 4409 2495 4452 est
2523 4414 2647 4452 cum
2674 4408 2837 4469 caput
2862 4401 3193 4470 obveiasset,
3225 4405 3305 4458 vel
3335 4422 3431 4474 pro
3453 4422 3523 4463 eo

1923 4494 2067 4563 quod
2095 4492 2261 4561 cmpit
2285 4506 2481 4561 magna
2513 4492 2880 4550 vehementia.
2909 4494 3029 4551 lam
3056 4496 3205 4565 quod
3234 4497 3519 4553 Matthzeus

230 4574 369 4645 στῷ,
398 4580 493 4629 καὶ
528 4576 598 4631 τά
620 4577 852 4650 δάκρυα.
893 4580 1199 4637 Ἐπιϐαλὼν
1227 4586 1355 4657 γὰρ,
1393 4590 1579 4657 φησὶν,
1610 4589 1816 4653 ἔκλαιε,

1929 4587 2158 4641 obscure
2186 4585 2345 4651 dixit,
2380 4583 2525 4652 quod
2555 4583 2881 4653 Priusquam
2916 4586 3089 4655 gallus
3117 4597 3322 4656 cantet,
3354 4590 3523 4643 inter-

227 4667 537 4735 τουτέστιν,
592 4671 1074 4742 ἐπικαλυψάμενος
1128 4676 1226 4748 τὴν
1262 4680 1546 4753 κεφαλήν·
1609 4683 1639 4753 ἧ
1694 4686 1816 4739 ἀντὶ

228 4756 353 4823 τοῦ,
388 4757 693 4827 ἀρξάμενος
744 4762 883 4831 μετά
920 4763 1285 4836 σφοδρότητος
1312 4784 1327 4799 ο
1380 4770 1519 4840 ὅπερ
1566 4772 1621 4825 δὲ
1664 4770 1817 4825 εἶπεν

228 4850 465 4916 ἀσαφῶς
491 4852 519 4902 6
566 4851 866 4918 Ματθαῐος,
915 4854 997 4907 ὅτι
1033 4856 1168 4925 Πρὶν
1232 4858 1500 4931 ἀλέκτορα
1544 4867 1813 4936 φωνῆσαι,

228 4938 586 5010 ⁴ιήρμήνιευσεν
610 4943 638 4995 6
663 4943 914 5013 Μάρκος,
950 4946 1032 4999 ὅτι
1062 4947 1203 5019 Πρὶν
1236 4951 1485 5020 φωνῆσαι
1531 4954 1634 5018 δίς.
1679 4957 1818 5010 Εἰώ-

229 5030 361 5084 eam.
398 5030 508 5101 γὰρ
536 5033 584 5084 οἱ
611 5032 927 5104 ἀλέκτορες,
962 5039 1107 5091 κατά
1143 5039 1274 5108 μίαν
1294 5042 1519 5114 ἀγωγὴν
1556 5045 1819 5113 πολλάκις

227 5122 455 5190 φωνεῖν,
496 5116 616 5178 εἶτα
643 5120 758 5180 οἷον
791 5128 1115 5195 ὑπνὼττειν,
1170 5132 1267 5186 καὶ
1317 5135 1484 5189 πάλιν
1508 5139 1652 5206 μετά
1696 5156 1818 5195 τινα

227 5212 447 5287 καιρὸν,
478 5215 676 5288 ἑτέραν
702 5220 878 5291 ἀρχὴν
930 5221 1207 5278 ποιεῖσθαι
1232 5224 1327 5279 τοῦ
1359 5232 1579 5295 φωνεῖν.
1616 5233 1682 5285 '0
1715 5229 1812 5287 οὖν

224 5302 387 5362 εἶπεν
414 5311 763 5378 ὀΜατθαῖος,
797 5314 957 5371 τοῦτό
991 5320 1141 5371 ἐστιν
1162 5359 1176 5382 ,
1224 5319 1305 5375 ὅτι
1358 5321 1497 5392 Πρὶν
1546 5324 1818 5400 ἀλέκτορα

224 5399 791 5469 φωνῆσαι,τουτὲστι,
821 5406 1111 5477 πληρῶσαι
1142 5410 1242 5473 τὰς
1271 5412 1520 5481 κραυγὰς
1547 5416 1646 5483 τῆς
1674 5399 1818 5490 πρώ-

221 5505 330 5561 της
366 5491 610 5562 ἀγωγῆς.
641 5494 938 5569 ἀπαρνήσῃ
970 5516 1039 5569 με
1060 5500 1203 5571 τρίς.
1250 5503 1709 5573 Δίαχυνέσθωσαν
1759 5510 1817 5563 δὲ

225 5582 285 5635 oi
320 5580 660 5637 Ναυατιανοὶ
690 5587 741 5639 oi
790 5589 916 5651 τοὺς
976 5589 1119 5659 μετά
1152 5591 1213 5644 τὸ
1259 5592 1545 5667 βάπτισμα
1577 5601 1670 5652 καὶ
1716 5601 1818 5671 τὴν

228 5674 545 5762 μετάληψιν
573 5676 683 5730 τῶν
719 5681 1036 5751 μυστηρίων
1075 5682 1525 5755 ἁμαρτήσαντας.
1563 5691 1639 5760 μὴ
1670 5690 1819 5762 δεχό⁴

230 5775 412 5829 μενοι.
487 5761 623 5817 Ἰδοὺ
701 5768 810 5837 γὰρ
856 5769 885 5820 6
932 5768 1161 5841 Πέτρος,
1211 5774 1307 5828 καὶ
1355 5776 1679 5845 μεταλαῦὼν
1722 5761 1815 5837 τοῦ

222 5852 505 5943 ἀχράντου
544 5856 799 5928 σώματος
832 5861 926 5915 καὶ
963 5863 1218 5935 αἵματος.
1275 5871 1369 5923 καὶ
1409 5871 1814 5943 ἀρνησάμενος,

1922 4688 2171 4747 pretatus
2216 4686 2299 4732 est
2347 4675 2602 4741 Marcus,
2649 4678 2775 4744 quia
2812 4675 3139 4748 Priusquam
3189 4679 3274 4733 bis
3314 4690 3519 4736 cantet.

1920 4771 2337 4825 Consueverunt
2372 4769 2517 4823 enim
2551 4769 2676 4838 galli
2709 4782 2817 4823 uno
2849 4780 3097 4841 tempore
3125 4787 3269 4841 saepe
3299 4787 3518 4839 sonare,

1920 4873 1974 4918 et
2000 4871 2189 4933 postea
2228 4862 2494 4929 dormire,
2526 4872 2583 4916 et
2621 4870 2743 4932 post
2777 4872 2988 4932 tempus
3018 4863 3289 4934 quoddam
3320 4866 3514 4920 iterum

1921 4966 2140 5014 cantum
2177 4955 2439 5026 incipere.
2495 4953 2650 5021 Quod
2691 4954 2854 5024 igitur
2884 4954 3174 5012 Mattheus
3210 4958 3377 5023 dixit,
3412 4960 3517 5014 hoc

1921 5059 2044 5105 est:
2083 5047 2407 5117 Priusquam
2445 5046 2621 5118 gallus
2650 5055 2859 5109 cantet,
2884 5045 2985 5101 hoc
3018 5056 3121 5113 est,
3150 5047 3371 5117 impleat
3400 5049 3516 5103 cla-

1921 5155 2130 5196 morem
2176 5140 2336 5210 primi
2369 5148 2598 5201 cantus.
2648 5137 2876 5209 negabis
2920 5153 3005 5192 me
3037 5149 3137 5193 ter.
3178 5137 3517 5196 Erubescant

1921 5232 2230 5299 Novatiani,
2252 5232 2347 5304 qui
2377 5247 2471 5289 eos
2496 5232 2589 5303 qui
2619 5240 2740 5302 post
2769 5231 3097 5302 baptismum
3119 5241 3174 5287 et
3197 5248 3515 5288 sacramen-

1923 5336 2098 5380 torum
2125 5325 2567 5381 communionem
2625 5333 2954 5393 peccarunt.
3020 5336 3131 5377 non
3187 5324 3511 5394 suscipiunt.

1921 5420 2061 5477 Ecce
2079 5429 2135 5474 et
2162 5417 2361 5473 Petrus
2387 5426 2644 5487 suscepto
2665 5415 3017 5471 immaculato
3046 5431 3279 5488 corpore
3306 5424 3363 5472 et
3388 5431 3516 5471 san-

1920 5511 2102 5582 guine,
2128 5525 2253 5565 cum
2297 5517 2575 5579 negasset,
2607 5518 2831 5579 propter
2858 5508 3234 5579 penitentiam
3260 5518 3513 5578 receptus

1919 5609 2024 5657 est.
2056 5601 2385 5657 Sanctorum
2420 5600 2567 5656 enim
2592 5600 2789 5655 delicta
2816 5599 2939 5654 ideo
2968 5600 3169 5669 scripta
3198 5609 3343 5666 sunt,
3370 5611 3428 5655 ut
3459 5608 3517 5655 et

1922 5708 2023 5749 nos
2056 5693 2104 5750 si
2141 5692 2359 5762 quando
2395 5692 2532 5761 lapsi
2566 5691 2834 5746 fuerimus
2862 5704 2969 5746 non
3003 5691 3509 5754 animadvertendo,

1919 5787 2195 5857 possimus
2231 5786 2284 5839 in
2328 5783 2575 5853 exempla
2607 5782 2824 5839 illorum
2858 5783 3164 5853 respicere,
3192 5796 3244 5838 et
3272 5800 3369 5855 per
3396 5797 3512 5855 pm.

1924 5877 2205 5933 uitentiam
2234 5875 2457 5943 corrigi.

222 5942 317 6001 διὰ
351 5948 450 6019 τῆς
486 5951 781 6019 μετανοίας
808 5955 1167 6031 προσεδέχθη.
1200 5958 1279 6015 Τὰ
1307 5962 1415 6033 γὰρ
1448 5964 1812 6039 ἐλαττώματα
1849 5974 1960 6031 τῶν
2026 5970 2197 6041 ἀγίων
2226 5971 2314 6027 διὰ
2346 5942 2506 6026 τοῦτο
2542 5970 2958 6042 ἀνεγράφησαν,
3037 5970 3121 6025 ἵνα
3182 5971 3274 6024 καὶ
3329 5969 3512 6040 ἡμεῖς.
