4022 6524
216 468 318 537 661

902 461 1348 527 EVARRATIO
1385 464 1467 526 1N
1496 456 2001 525 EVANGELIUM
2041 462 2304 526 MARCI.
2336 491 2408 501 -
2441 465 2601 525 CAP.
2641 466 2799 527 XIV.

3412 464 3522 535 652

229 583 688 655 εΔιεσχίσθησαν,
733 579 826 635 καὶ
889 581 953 633 οὐ
1016 578 1487 647 κατενύγησανί
1545 574 1815 647 σύμϐολον

1925 588 2030 628 non
2062 574 2455 642 intelligerent,
2482 579 2845 646 rumpentium
2874 586 2929 633 et
2956 579 3282 634 abolendum
3304 577 3521 636 ,ἰαύει-ο·

217 680 278 735 ἃ
298 680 394 734 καὶ
423 676 588 732 τοῦτο
610 670 699 744 ἦν,
726 672 829 727 κάν
852 674 1055 733 ἐκεῖνος
1090 671 1151 723 οὗ
1180 668 1489 734 συνίει,.τοῦ
1510 669 1610 739 τὴν
1627 668 1818 737 ἀρχιεο

223 771 477 846 ρωσύνην
514 768 623 821 τῶν
681 764 953 819 Ἰουδαίων
989 762 1355 835 ὄιαρῥαγῆναι
1382 760 1477 815 καὶ
1515 759 1822 829 ἀφανισθῆ-

224 880 336 919 ναι.
362 860 517 916 Ἐπεὶ
547 858 724 912 τοίνυν
750 858 781 926 ή
813 855 968 927 κοινὴ
991 855 1171 925 ψῆφος
1199 855 1309 907 τῶν
1356 854 1659 924 ἀρχιερέων
1699 866 1823 907 κατι

230 955 446 1026 ἔκρινεν
508 952 695 1017 αὑτὸν,
731 948 855 1002 τότε
896 950 945 1001 οι
994 947 1266 1018 ὑπηρέται
1318 944 1820 1014 περικαλύπτοντες

222 1045 409 1108 αὑτὸν,
446 1042 637 1095 ἔπαιον
660 1040 753 1095 καὶ
777 1038 986 1107 ἔλεγον·
1040 1037 1447 1108 Προφήτευσον,
1498 1037 1581 1101 τίς
1616 1038 1763 1089 ἐστιν
1794 1037 1822 1088 6

223 1136 430 1198 παίσας
452 1150 509 1186 σε
546 1148 560 1197 ;
596 1134 740 1186 Πόσα
764 1132 947 1183 τοίνυν
968 1129 1239 1198 πάθοιμεν
1265 1127 1331 1182 ἂν
1356 1130 1540 1199 ἡμεῖς,
1573 1128 1657 1181 ἵνα
1675 1128 1824 1181 ἀντι-

220 1225 451 1297 δοιημεν
508 1227 579 1278 τά
634 1226 723 1277 (ea
774 1222 854 1293 τῷ
910 1221 1199 1291 Δεσπότη;
1247 1220 1455 1291 Φρίκης
1504 1218 1682 1275 ταῦτα
1725 1238 1823 1290 με·

226 1316 354 1375 στὰ.

308 1426 328 1459 ε
358 1408 465 1461 Καὶ
506 1407 658 1468 ὄντος
686 1404 779 1458 τοῦ
830 1402 1039 1473 Πέτρου
1068 1404 1126 1455 ὲν
1175 1405 1242 1473 τῇ
1277 1402 1414 1473 αὐλῇ
1450 1404 1621 1465 κάτω,
1665 1402 1823 1473 ἔρχεο

225 1515 321 1552 ται
352 1500 451 1569 μία
467 1498 575 1551 τῶν
606 1494 1012 1550 παιδισκῶντοῦ
1034 1495 1356 1565 ἀρχιερέως·
1381 1497 1475 1548 καὶ
1509 1494 1697 1548 ἰδοῦσα
1726 1495 1818 1545 τὸν

228 1590 443 1661 Πέτρον
473 1588 925 1659 θερμαινόμενον,
960 1586 1280 1655 ἐμϐλέψασα
1308 1585 1476 1656 αὐτῷ,
1501 1587 1683 1654 λέγει·
1714 1588 1823 1639 Kal

228 1683 295 1735 σὺ
336 1682 476 1751 μετά
502 1680 595 1733 τοῦ
634 1679 959 1747 Ναζαρηνοῦ
1001 1678 1177 1747 Ἰησοῦ
1244 1674 1409 1747 ἧσοα.
1455 1676 1517 1733 Ὀ
1547 1677 1604 1731 δὲ
1662 1681 1824 1749 ὴρνήσ

227 1792 384 1834 σιτο.
410 1774 606 1841 λέγων·
636 1774 749 1826 Οὐκ
771 1767 909 1836 οἶδα,
938 1773 1057 1825 οὐδὲ
1089 1774 1389 1841 ἐπίσταμαι
1420 1772 1473 1825 τί
1504 1773 1569 1825 σὺ
1601 1773 1780 1841 λέγεις
1804 1790 1821 1809 ο

1926 681 2045 720 rum
2078 669 2472 722 sacerdotium.
2516 668 2702 738 itaque
2734 670 2954 738 quando
2986 671 3266 725 communi
3304 672 3523 739 pontifi-

1924 772 2046 810 cum
2072 756 2330 827 suﬂ‘ragio
2354 758 2753 815 condemnatus
2781 768 2887 826 est,
2922 770 3049 815 tunc
3082 762 3317 817 ministri
3353 764 3522 819 obvv-

1925 844 2175 900 laverunt
2226 849 2377 901 illum
2428 860 2485 903 et
2536 850 2891 914 acciderunt,
2941 850 3341 922 dixeruntque:
3387 852 3524 907 Pro-

1924 940 2142 1009 phetiza
2165 982 2180 1007 ,
2217 942 2341 1011 quis
2372 952 2457 997 est
2485 944 2576 1012 qui
2607 953 2660 997 te
2696 943 3012 1013 percussit?
3044 944 3183 1012 Quid
3218 945 3383 1015 igitur
3412 950 3523 1019 puli

1924 1042 1977 1086 et
2008 1049 2109 1089 nos
2141 1036 2420 1100 debemus,
2451 1047 2508 1091 ut
2538 1037 2830 1093 reddamus
2859 1052 2957 1107 par
2985 1038 3257 1095 Domino?
3288 1040 3526 1097 Horrore

1924 1127 2080 1196 plena
2108 1139 2234 1181 sunt
2263 1128 2400 1182 haec.

2002 1392 2163 1447 Vens.
2200 1393 2389 1449 66-72.
2426 1414 2443 1447 ι
2482 1397 2543 1450 Et
2574 1412 2699 1451 cum
2733 1408 2876 1452 esset
2909 1398 3101 1453 Petrus
3130 1400 3181 1453 in
3213 1401 3353 1454 atrio
3387 1400 3526 1453 infe-

1928 1484 2061 1549 rius,
2096 1488 2244 1540 venit
2281 1504 2384 1541 una
2421 1489 2743 1541 ancillarum
2777 1492 2973 1544 summi
3012 1493 3343 1556 sacerdotis,
3374 1508 3527 1547 cum-

1925 1593 2033 1646 que
2066 1579 2290 1634 vidisset
2322 1580 2544 1635 Petrum
2582 1582 3000 1638 calefacientem
3027 1601 3107 1648 se.
3141 1586 3340 1641 intuita
3377 1587 3525 1642 illum

1925 1671 2060 1724 dicit
2091 1688 2102 1722 :
2142 1671 2208 1724 Et
2234 1682 2289 1725 ttt
2321 1688 2442 1727 cum
2475 1672 2603 1728 Jesu
2638 1675 2929 1731 Nazareno
2972 1676 3165 1732 fuisti?
3197 1680 3266 1732 At
3306 1678 3393 1733 ille
3433 1696 3527 1734 nec

1926 1764 2071 1831 gavit
2105 1764 2295 1818 dicens
2328 1781 2342 1823 ς
2373 1764 2492 1821 Νοη
2527 1768 2684 1831 novi,
2719 1783 2892 1839 neque
2934 1770 3049 1823 scio
3082 1769 3213 1839 quid
3256 1770 3425 1825 dicas.
3461 1769 3529 1823 Et

226 1870 326 1923 καὶ
358 1866 584 1935 ἐξῆλθεν
599 1866 703 1932 ἔξω
733 1869 811 1928 εἰς
840 1867 900 1918 τὸ
923 1865 1237 1934 προαύλιον.
1259 1866 1368 1919 Kal
1397 1865 1649 1935 ἀλέκτωρ
1681 1867 1819 1936 ὲφώ-

1931 1856 2099 1910 exivit
2150 1856 2301 1914 foras
2347 1860 2400 1914 in
2451 1862 2820 1927 vestibulum,
2868 1876 2921 1918 et
2968 1863 3141 1934 gallus
3188 1864 3406 1921 cecinit.
3462 1865 3528 1919 Et

223 1976 379 2030 νησε.
414 1960 523 2013 Kal
560 1962 592 2029 ὴ
625 1959 887 2029 παιδίσκη
943 1958 1132 2013 ἰδοῦσα
1180 1959 1341 2012 αὑτὸν
1369 1959 1556 2024 πάλιν,
1618 1959 1823 2029 ήρεατο

224 2051 410 2118 λέγειν
458 2053 573 2113 τοῖς
632 2051 1041 2120 παρεστηκόσιν
1077 2090 1092 2112 ,
1163 2049 1243 2102 ὅτι
1278 2042 1450 2113 Οὗτος
1527 2050 1586 2117 ἐξ
1643 2050 1823 2103 αὐτῶν

222 2144 409 2197 ἔστιν’
471 2146 501 2196 6
551 2142 609 2197 δὲ
661 2142 824 2197 πάλιν
876 2143 1116 2211 ἠρνεῖτο.
1153 2141 1261 2193 Kal
1305 2141 1445 2211 μετά
1481 2142 1681 2211 μικρὸν
1716 2143 1823 2195 πά-

221 2234 314 2285 λιν
345 2273 360 2298 ,
412 2236 462 2287 οἱ
516 2234 868 2304 παρεστῶτες
934 2235 1120 2302 ελεγον
1183 2233 1261 2303 τῷ
1320 2234 1545 2303 Πέτρῳο
1580 2235 1821 2303 Ἀληθῶς

222 2326 286 2389 ιξ
311 2326 491 2378 αὐτῶν
530 2322 578 2379 εἶ
599 2367 611 2387 ,
651 2329 746 2379 καὶ
780 2327 888 2395 γάρ
924 2325 1211 2388 Γαλιλαῖος
1232 2321 1302 2389 εἴ,
1348 2326 1443 2378 καὶ
1471 2328 1504 2397 ἡ
1536 2326 1698 2379 λαλιά
1728 2330 1821 2379 σου

222 2418 501 2484 ὀμοιάζει.
536 2419 595 2473 '0
622 2420 678 2472 δὲ
710 2418 916 2489 ήρξατρ
940 2417 1363 2487 ἀναθεματίζειν
1430 2422 1525 2472 καὶ
1576 2422 1819 2489 ὀμνύειν.

225 2512 313 2561 ἔτι
344 2514 459 2564 υὺκ
485 2509 599 2564 οἶδα
635 2514 725 2564 τὸν
756 2511 1045 2583 ἄνθρωπον
1077 2512 1265 2566 τοῦτον
1297 2513 1356 2565 ὃν
1391 2513 1596 2580 λέγετε.
1629 2516 1737 2567 Kal
1762 2516 1824 2567 ὲκ

225 2604 488 2674 δευτέρου
553 2606 807 2673 ἀλέκτωρ
840 2602 1089 2676 ὲφώνησε
1114 2647 1127 2670 ,
1184 2604 1280 2659 καὶ
1314 2606 1630 2677 ἀνεμνήσθη
1657 2609 1685 2659 6
1723 2607 1826 2659 Πέ-

224 2710 360 2764 τρος
422 2694 517 2747 τοῦ
568 2697 836 2765 ῥήματος,
862 2688 924 2747 οὗ
973 2692 1128 2748 εἶπεν
1184 2694 1336 2765 αὐτῷ
1375 2698 1403 2749 6
1448 2695 1677 2764 Ἰησοῦς,
1718 2698 1825 2759 ,ὅτι

228 2786 370 2856 Πρὶν
401 2786 673 2856 ἀλέκτορα
698 2786 948 2857 φωνῆσαι
978 2788 1084 2850 δὶς,
1108 2788 1406 2861 ἀπαρνήσῃ
1434 2806 1502 2859 με
1526 2790 1645 2859 τρίς
1670 2807 1683 2820 ο
1732 2791 1825 2844 καὶ

222 2879 529 2941 ἐπιϐαλὼν,
569 2879 809 2933 ἔκλαιεν.
839 2898 857 2931 ι
927 2880 1259 2950 Ἦσθένησεν
1285 2882 1313 2933 6
1341 2882 1569 2953 Πέτρος,
1632 2883 1680 2935 εί
1729 2884 1825 2937 καὶ

228 2973 572 3043 θερμότερος
604 2968 693 3044 ἦν,
746 2972 840 3027 καὶ
885 2973 1133 3043 ἀρνεῖται
1163 2974 1256 3027 τὸν
1305 2974 1515 3045 Κύριον
1566 2976 1671 3029 ὑπὸ
1724 2976 1825 3043 τῆς

223 3062 434 3127 δειλίας
471 3064 861 3134 διαταραχθείς
887 3084 899 3096 ·
930 3069 1027 3119 xal
1053 3067 1228 3122 ταῦτα
1257 3066 1552 3140 παιδίσκης
1590 3069 1825 3139 ὲκπτοη·

226 3157 405 3225 σάσης
443 3156 608 3209 αὐτόν
629 3173 643 3187 ο
676 3156 831 3209 τοῦτο
857 3157 914 3210 δὲ
942 3159 1064 3211 κατ’
1080 3159 1395 3229 οἰκονομίαν
1432 3160 1822 3231 συνεχώρησεν

224 3249 396 3302 αὐτὸν
438 3250 467 3302 6
507 3247 640 3311 Θεὸς
679 3248 896 3315 παθεῐν,
952 3250 1041 3303 ῐνα
1094 3250 1170 3320 μὴ
1216 3251 1534 3324 ἑπαίρηται,
1564 3256 1657 3309 καὶ
1706 3255 1821 3325 ἀμα

225 3342 318 3395 ἴνα
345 3342 444 3395 καὶ
494 3342 609 3405 τοῖς
656 3342 909 3395 πταίουσι
966 3343 1261 3415 συμπαθής
1310 3346 1419 3414 εἴη,
1484 3349 1579 3418 ἀφ’
1624 3351 1819 3404 ἑαυτοῦ

224 3432 545 3496 παιδευθεὶς
590 3434 651 3487 τὸ
720 3434 823 3502 τῆς
876 3434 1227 3505 ἀνθρωπίνης
1282 3438 1567 3503 ἀσθενείας
1621 3440 1816 3511 βίαιον.

222 3524 549 3594 Ἀδιάφορον
591 3524 648 3576 δὲ
675 3524 781 3577 εἴτε
818 3526 851 3593 ή
886 3525 1025 3595 αὐτή
1058 3526 1316 3598 παιδίσκη
1364 3524 1454 3601 ἦν,
1490 3529 1601 3584 εἴτε
1653 3532 1815 3603 άλλη,

221 3617 257 3684 ή
317 3615 590 3683 ἑλίγξασα
629 3616 718 3667 τὸν
748 3616 976 3687 Πέτρον.
1039 3617 1322 3683 Ματθαίος
1376 3622 1475 3691 μὲν
1507 3623 1616 3693 γάρ
1652 3624 1820 3693 ἀλλην

221 3706 438 3775 ταύτην
465 3706 634 3773 λέγει·
671 3707 897 3777 Μάρκος
928 3708 1104 3781 δὲτὴν
1134 3712 1325 3783 αὐτήν.
1362 3714 1530 3767 Οὐδὲν
1561 3715 1618 3767 δὲ
1687 3718 1821 3786 ήμίν

219 3797 391 3851 τοῦτο
420 3798 676 3866 ιμπόδιον
704 3800 840 3871 πρὸς
868 3800 967 3872 τὴν
1000 3802 1259 3873 ἀλήθειαν
1298 3805 1394 3857 τοῦ
1458 3807 1815 3875 Εὑαγγελίου·

222 3887 303 3959 μὴ
339 3888 450 3958 γὰρ
484 3890 543 3942 εν
574 3890 794 3960 μεγάλῳ
819 3892 927 3943 τινὶ
952 3893 1046 3946 καὶ
1076 3895 1380 3965 συνεκτικῷ
1418 3897 1517 3968 τῆς
1545 3900 1821 3972 σωτηρίας

218 3980 388 4050 ήμῶν
416 3980 784 4051 διαφωνοῦσι;
817 3985 911 4056 Μὴ
939 3987 967 4039 6
998 3987 1097 4056 μιν
1120 3984 1274 4041 εἶπεν
1300 4029 1317 4055 ,
1358 3990 1440 4043 ὅτι
1497 3993 1816 4063 ἐσταυρώθη

217 4074 249 4124 6
280 4070 515 4155 Κύριος,
564 4075 591 4125 6
620 4072 697 4137 δὲ,
744 4072 805 4127 οὕ
840 4093 855 4143 ;
917 4077 1115 4145 ἄπαγε.
1150 4078 1211 4131 '0
1242 4080 1423 4133 τοίνυν
1456 4083 1664 4155 Πέτρος
1716 4084 1821 4136 ὑπὸ

217 4163 323 4233 τῆς
356 4146 562 4225 δειλίας
592 4162 998 4234 διαταραχθεὶς,
1030 4167 1124 4220 καὶ
1148 4168 1540 4239 ἐπιλαθόμενος
1570 4146 1664 4226 τοῦ
1724 4174 1815 4227 λό-

217 4267 323 4320 γου
389 4246 452 4305 οὗ
481 4247 637 4306 εἶπεν
685 4256 713 4307 6
749 4255 970 4326 Κύριος,
1025 4259 1108 4313 ὅτι
1160 4260 1265 4313 Τὸν
1314 4262 1695 4334 ἀρνησάμενόν
1749 4284 1817 4336 με

215 4346 545 4418 ἀρνήσομαι
583 4345 742 4416 κάγὼ
802 4348 1035 4404 ἐνώπιον
1067 4352 1162 4406 τοῦ
1213 4354 1426 4424 Πατρός
1458 4374 1585 4426 μου,
1643 4360 1818 4430 ἠρνή-

218 4452 385 4502 σατο,
418 4436 537 4490 ἀλλ’
568 4440 600 4508 ή
642 4442 907 4506 μετάνοια
937 4442 1099 4496 πάλιν
1119 4444 1283 4498 αὐτὸν
1313 4447 1556 4517 ᾠκείωσε
1580 4450 1661 4521 τῷ
1678 4452 1722 4504 Χ
1732 4470 1815 4520 ρι-

1927 1950 2125 2005 ancilla
2154 1966 2279 2005 cum
2330 1952 2558 2008 vidisset
2598 1970 2747 2021 eum,
2781 1972 2995 2011 rursum
3026 1958 3194 2025 ccepit
3226 1958 3409 2013 dicere
3443 1958 3528 2013 his

1925 2043 2019 2110 qui
2045 2044 2298 2097 aStabant
2327 2061 2341 2097 :
2378 2042 2479 2100 Hic
2505 2061 2571 2100 ex
2600 2047 2706 2101 illis
2744 2059 2848 2101 est.
2888 2050 2958 2101 At
2990 2048 3077 2103 ille
3104 2064 3319 2103 rursum
3360 2064 3527 2119 nega-

1927 2134 2048 2195 bat;
2089 2150 2154 2189 ac
2195 2136 2358 2205 paulo
2398 2149 2520 2207 post
2564 2140 2762 2193 iterum
2797 2140 2890 2209 qui
2936 2142 3225 2206 amabant,
3271 2142 3527 2198 dicebant

1928 2224 2129 2279 Petro:
2164 2226 2303 2281 Vere
2332 2242 2399 2281 ex
2432 2229 2538 2282 illis
2572 2246 2669 2285 es:
2704 2246 2825 2284 nam
2868 2242 2920 2286 et
2953 2231 3210 2288 Galilaaus
3248 2247 3327 2297 es,
3358 2244 3411 2288 et
3443 2233 3525 2287 ln-

1928 2318 2085 2385 qucla
2114 2326 2201 2371 tua
2236 2320 2513 2375 convenit.
2547 2321 2613 2373 At
2658 2322 2746 2376 ille
2777 2325 2940 2393 cmpit
2973 2325 3251 2381 exsecrari
3284 2341 3347 2379 ac
3379 2326 3527 2393 deie-

1933 2426 2091 2465 rare:
2127 2412 2243 2465 Non
2282 2414 2405 2467 novi
2445 2414 2721 2469 hominem
2766 2416 2927 2471 istum
2965 2419 3033 2472 de
3074 2433 3183 2487 quo
3221 2419 3423 2474 dicitis.
3458 2417 3527 2473 Et

1929 2502 2126 2557 iterum
2160 2505 2335 2574 gnllus
2370 2509 2568 2561 cecinlt
2597 2528 2609 2562 :
2646 2512 3074 2579 recordatusque
3104 2510 3267 2584 255
3306 2520 3388 2568 est
3423 2512 3523 2565 Pe-

1930 2607 2045 2651 trus
2076 2598 2224 2653 verbi
2256 2602 2397 2668 quod
2421 2601 2637 2657 dixerat
2668 2602 2739 2657 illi
2764 2598 2923 2661 Jesus
2953 2622 2964 2659 :
2994 2605 3318 2677 Priusquam
3346 2608 3525 2679 gallus

1929 2688 2189 2744 cecinerit
2230 2690 2340 2754 bis,
2371 2694 2669 2763 abnegabis
2720 2710 2805 2749 tne
2842 2704 2945 2750 ter.
2978 2697 3045 2751 Et
3068 2713 3189 2751 cum
3223 2697 3524 2767 injecisset,

1928 2774 2094 2830 ﬂevit.
2137 2796 2155 2830 ι
2190 2778 2442 2835 infirmus
2471 2791 2591 2835 erat
2622 2780 2822 2838 Petrus
2844 2823 2857 2847 ,
2894 2786 3109 2840 tametsi
3148 2787 3325 2840 alacer
3356 2799 3521 2851 esset,

1928 2880 1980 2922 et
2012 2885 2124 2939 prae
2170 2871 2368 2927 timore
2410 2874 2661 2929 turbatus
2700 2873 2992 2930 Dominum
3038 2882 3309 2947 abnegat,
3361 2878 3525 2950 idque

1929 2961 1998 3013 ab
2060 2959 2253 3015 ancilla
2312 2962 2747 3030 obstupefactus.
2811 2963 3067 3019 Permisit
3138 2976 3320 3020 autem
3381 2968 3523 3023 Deus

1930 3052 2072 3107 istud
2102 3054 2366 3123 singulari
2416 3055 2828 3123 dispensatione
2866 3056 3015 3122 fieri,
3050 3068 3107 3112 ut
3138 3074 3204 3112 ne
3234 3060 3525 3113 extollere-

1933 3154 2038 3208 tur,
2067 3154 2121 3198 et
2150 3145 2215 3198 ad
2243 3146 2365 3209 hoc,
2393 3154 2452 3199 ut
2479 3144 2893 3216 contpateretnr
2920 3147 3249 3215 labentibus,
3280 3166 3313 3204 a
3344 3152 3522 3221 seipse

1928 3238 2173 3292 eruditus
2195 3248 2398 3307 quanta
2422 3240 2494 3292 sit
2516 3240 2749 3293 humana
2781 3240 3128 3295 imbecillitas
3150 3252 3204 3296 et
3226 3242 3519 3312 fragilitas.

1927 3327 2042 3383 Non
2074 3330 2242 3384 refert
2283 3331 2397 3384 sive
2443 3346 2578 3394 una,
2607 3333 2724 3387 sive
2754 3333 2872 3387 dua:
2903 3332 3115 3387 ancillae
3158 3331 3363 3388 fttertnt
3400 3349 3521 3405 qua:

1925 3422 2204 3493 arguerint
2245 3422 2486 3477 Petrum.
2533 3422 2820 3479 Malthaeus
2858 3440 2989 3479 sane
3032 3426 3187 3479 istam
3228 3440 3335 3481 non
3366 3441 3517 3482 eant-

1926 3522 2046 3569 dem
2069 3514 2221 3579 dicit,
2260 3514 2474 3569 Mart-us
2510 3531 2640 3570 vero
2670 3519 2940 3575 eamdem.
2974 3516 3117 3572 Nihil
3156 3529 3336 3573 autem
3367 3520 3524 3575 nobis

1926 3609 1980 3663 in
2023 3611 2124 3664 hoc
2160 3608 2432 3663 obstaculi
2469 3609 2538 3662 ad
2588 3609 2866 3679 Evangelii
2914 3611 3223 3669 veritatem.
3266 3610 3520 3681 Nunquid

1924 3705 2067 3758 enim
2103 3705 2154 3759 in
2193 3719 2389 3774 magno
2420 3703 2605 3773 aliquo
2640 3713 2691 3758 et
2724 3706 2955 3759 salutem
2988 3717 3235 3761 nostram
3280 3709 3520 3776 comple-

1924 3788 2108 3852 ctente
2154 3795 2517 3849 discordant?
2558 3793 2810 3867 Nunquid
2853 3796 2944 3852 ille
2980 3797 3118 3851 dixit
3158 3800 3301 3867 quod
3342 3801 3520 3854 cruci-

1927 3888 2065 3943 fixus
2087 3889 2178 3952 sit,
2206 3896 2259 3941 et
2282 3888 2420 3941 alius
2446 3901 2552 3941 non
2576 3886 2599 3939 ἲ
2624 3887 2787 3942 absit.
2820 3886 2988 3959 Igitur
3010 3887 3210 3958 Petrus
3234 3906 3344 3961 pra:
3370 3903 3516 3945 metu

1926 3981 2195 4044 turbatus,
2242 3990 2297 4036 et
2328 3981 2533 4033 oblitus
2563 3979 2835 4034 sermonis
2879 3995 3039 4049 quem
3078 3982 3289 4036 dixerat
3334 3982 3519 4038 Domi-

1922 4090 2048 4139 nus,
2074 4074 2215 4147 qnod
2247 4072 2377 4126 Eum
2409 4073 2499 4141 qui
2529 4085 2614 4127 me
2640 4072 3015 4142 abnegaverit,
3036 4075 3317 4146 abnegabo
3348 4085 3399 4130 et
3420 4092 3521 4147 ego

1920 4180 2106 4221 coram
2139 4143 2300 4219 Patre
2334 4180 2475 4229 meo,
2511 4165 2727 4233 negavit
2754 4183 2768 4218 :
2798 4165 2891 4219 sed
2920 4143 3239 4234 ptenitentia
3264 4178 3316 4223 ct
3343 4143 3521 4241 later}-

1923 4274 2024 4312 ntte
2057 4256 2206 4312 illum
2244 4258 2308 4310 ad
2342 4258 2624 4316 Christum
2654 4259 3013 4314 reduxerunt.
3051 4259 3117 4314 Et
3144 4276 3267 4313 cum
3297 4261 3517 4332 injecis-

1920 4361 2024 4416 set,
2054 4349 2201 4403 ﬂevit
2230 4367 2242 4403 :
2274 4350 2377 4403 hoc
2409 4359 2491 4403 est
2519 4364 2645 4403 cum
2671 4358 2834 4419 caput
2859 4351 3189 4419 obvelasset,
3222 4355 3301 4408 vel
3332 4372 3427 4424 pro
3450 4372 3519 4412 eo

1920 4445 2064 4515 quod
2092 4443 2258 4512 cmpit
2282 4457 2478 4511 magna
2509 4442 2877 4499 vehementia.
2907 4443 3026 4500 Jam
3052 4446 3203 4514 quod
3232 4446 3515 4503 Mattbteus

217 4528 359 4599 στῷ.
391 4532 488 4582 καὶ
524 4528 594 4582 τά
617 4529 849 4601 δάκρυα.
889 4532 1196 4588 Ἑπιϐαλὼν
1223 4538 1352 4609 γὰρ,
1389 4541 1575 4608 φησὶν,
1606 4540 1813 4605 ἔκλαιε,

1925 4538 2155 4593 obscure
2182 4536 2342 4602 dixit,
2376 4534 2521 4603 quod
2551 4533 2878 4603 Priusquam
2913 4535 3086 4605 gallus
3114 4548 3319 4605 cantet,
3350 4539 3520 4593 inter-

213 4620 533 4687 τουτέστιν,
589 4623 1071 4693 ἐπικαλυψάμενος
1124 4627 1223 4698 τὴν
1260 4630 1543 4704 κεφαλήν·
1605 4634 1636 4704 ἢ
1691 4636 1813 4690 ἀντὶ

214 4708 341 4776 τοῦ,
379 4708 690 4779 ἀρξάμενος
741 4714 879 4783 μετά
916 4714 1282 4787 σφοδρότητος
1309 4735 1324 4750 ’
1378 4721 1515 4791 ὅπερ
1563 4723 1617 4776 δὲ
1661 4721 1814 4777 εἶπεν

214 4802 461 4869 ἀσαφῶς
488 4802 515 4853 6
563 4802 863 4869 Ματθαῐος,
912 4806 993 4859 ὅτι
1030 4806 1165 4876 Πρὶν
1229 4809 1497 4882 ἀλέκτορα
1541 4818 1810 4887 φωνῆσαι,

214 4891 583 4963 ἡρμήνευσεν
607 4894 635 4946 6
660 4895 911 4965 Μάρκος,
947 4897 1029 4950 ὅτι
1058 4898 1200 4969 Πρὶν
1233 4902 1482 4971 φωνῆσαι
1528 4904 1631 4969 δίς.
1676 4908 1815 4961 Εἰώ-

214 4982 348 5037 θασι
389 4982 505 5053 γὰρ
534 4984 581 5035 οί
608 4983 924 5055 ἀλεκτορες,
960 4990 1104 5042 κατά
1139 4991 1271 5059 μίαν
1290 4993 1515 5065 ἀγωγὴν
1553 4996 1817 5064 πολλάκις

213 5076 451 5142 φωνεῖν,
493 5068 613 5129 εἶτα
640 5071 755 5131 οἷον
789 5079 1113 5147 ὑπνώττειν,
1167 5084 1264 5137 καὶ
1314 5086 1481 5141 πάλιν
1505 5090 1649 5157 μετά
1692 5108 1816 5146 τινα

212 5165 443 5240 καιρὸν,
474 5165 673 5240 ἑτέραν
698 5171 876 5242 ἀρχὴν
927 5172 1204 5229 ποιεῖσθαι
1230 5176 1325 5231 τοῦ
1356 5183 1576 5247 φωνεῖν.
1613 5184 1680 5236 '0
1713 5180 1810 5239 οὖν

210 5255 376 5316 εἶπεν
406 5264 438 5316 6
460 5263 761 5329 Ματθαϊος,
794 5266 954 5322 τοῦτό
988 5271 1139 5323 ἐστιν
1160 5311 1173 5334 ,
1221 5272 1302 5327 ὅτι
1356 5273 1495 5343 Πρὶν
1544 5276 1815 5351 ἀλέκτορα

210 5353 503 5423 φωνῆσαι,
521 5356 789 5419 τουτέστι,
819 5357 1109 5428 πληρῶσαι
1140 5360 1239 5425 τὰς
1268 5364 1517 5433 κραυγὰς
1545 5367 1644 5434 τῆς
1672 5370 1816 5441 πρώ-

206 5460 313 5518 της
350 5443 607 5513 ἀγωγῆς,
640 5446 937 5520 ἀπαρνήσῃ
968 5467 1036 5520 με
1058 5451 1201 5522 τρίς.
1248 5454 1707 5525 Δείσχυνέσθωσαν
1757 5462 1814 5514 δὲ

210 5538 266 5589 οι
302 5536 658 5590 Ναυατιανοὶ
688 5538 739 5591 oi
788 5539 914 5601 τοὺς
975 5541 1118 5609 μετά
1150 5543 1210 5595 τὸ
1256 5543 1543 5619 βάπτισμα
1575 5552 1668 5603 καὶ
1714 5552 1815 5623 τὴν

212 5627 544 5699 μετάληψιν
571 5627 681 5682 τῶν
716 5632 1034 5702 μυστηρίων
1072 5634 1523 5707 ἁμαρτήσαντας,
1561 5643 1637 5711 μὴ
1668 5642 1816 5713 δεχόο

214 5732 401 5785 μενοι.
486 5714 621 5770 Ἰδοὺ
699 5719 808 5789 γὰρ
854 5720 884 5772 6
931 5720 1159 5793 Πέτρος,
1210 5725 1305 5779 καὶ
1353 5727 1677 5796 μεταλαϐὼν
1720 5734 1813 5788 τοῦ

207 5808 503 5880 ἀχράντου
541 5808 797 5880 σώματος
829 5813 924 5866 καὶ
961 5815 1216 5886 αἵματος.
1273 5822 1366 5876 καὶ
1407 5822 1811 5895 ἀρνησάμενος,

1919 4640 2167 4698 pretatus
2212 4637 2296 4682 est
2345 4626 2598 4692 Marcus,
2646 4628 2772 4695 quia
2808 4625 3137 4697 Priusquam
3186 4630 3271 4683 bis
3312 4640 3515 4685 cantet.

1917 4722 2334 4777 Consueverunt
2369 4720 2514 4774 enim
2548 4719 2673 4789 galli
2706 4732 2814 4773 uno
2846 4730 3095 4790 tempore
3122 4737 3266 4791 saepe
3296 4737 3516 4789 sonare,

1917 4824 1971 4870 et
1998 4823 2187 4884 postea
2226 4813 2491 4880 dormire,
2524 4824 2580 4867 et
2618 4820 2740 4882 post
2774 4823 2985 4883 tempus
3015 4814 3286 4884 quoddam
3317 4815 3511 4870 iterum

1918 4918 2137 4965 cantum
2174 4906 2436 4977 incipere.
2492 4904 2647 4972 Quod
2688 4905 2851 4974 igitur
2882 4904 3171 4962 Matthazus
3208 4907 3373 4973 dixit,
3409 4909 3514 4964 hoc

1919 5010 2041 5056 est:
2080 4998 2405 5068 Priusquam
2442 4997 2619 5069 gallus
2647 5006 2855 5058 cantet,
2881 4996 2982 5051 hoc
3016 5006 3118 5063 est,
3148 4997 3367 5067 impleat
3397 4998 3513 5052 cla-

1918 5106 2128 5147 morem
2173 5090 2333 5161 primi
2366 5098 2595 5151 cantus,
2646 5088 2873 5159 negabis
2916 5104 3003 5142 me
3034 5099 3134 5143 ter.
3176 5087 3515 5145 Erubescant

1918 5184 2228 5249 Novatiani,
2250 5183 2343 5254 qui
2374 5198 2468 5239 eos
2493 5182 2586 5254 qui
2616 5190 2737 5253 post
2767 5182 3094 5253 baptismum
3117 5191 3171 5237 et
3194 5198 3513 5239 sacramen-

1920 5288 2095 5331 torum
2122 5276 2564 5331 communionem
2622 5283 2951 5344 peccarunt.
3016 5286 3127 5328 non
3184 5274 3508 5344 suscipiunt.

1919 5371 2058 5429 Ecce
2077 5380 2133 5425 et
2159 5368 2359 5424 Petrus
2384 5377 2641 5437 suscepto
2663 5366 3014 5421 immaculato
3044 5381 3277 5438 corpore
3303 5375 3360 5423 et
3385 5382 3514 5421 san-

1918 5463 2099 5533 gnine,
2126 5476 2251 5517 cum
2295 5468 2572 5529 negasset,
2605 5468 2828 5529 propter
2856 5458 3231 5529 pta-nitentium
3257 5469 3510 5528 receptus

1917 5561 2021 5608 est.
2053 5552 2383 5609 Sanctorum
2417 5551 2565 5606 enim
2590 5550 2787 5606 delicta
2813 5549 2937 5604 ideo
2966 5550 3167 5619 scripta
3195 5559 3341 5617 sunt,
3368 5562 3425 5604 ut
3457 5558 3515 5605 et

1919 5660 2021 5700 nos
2054 5645 2103 5701 si
2139 5644 2357 5714 quando
2393 5643 2529 5712 lapsi
2564 5642 2832 5697 fuerimus
2860 5655 2967 5696 non
3001 5641 3507 5704 animadwrtendo,

1917 5739 2193 5809 possimus
2228 5738 2282 5791 in
2326 5734 2572 5804 exempla
2604 5734 2822 5789 illorum
2856 5734 3161 5803 respicere,
3190 5746 3242 5789 et
3270 5750 3368 5805 per
3394 5748 3510 5804 pm-

1922 5829 2203 5885 nitentiam
2232 5826 2455 5895 corrigi.

207 5900 302 5958 διὰ
335 5903 444 5974 τῆς
484 5902 778 5972 μετανοίας
805 5907 1165 5983 προσεδέχθη.
1197 5910 1277 5968 Τὰ
1305 5915 1413 5985 γὰρ
1446 5917 1810 5990 ἐλαττώματα
1848 5926 1957 5983 τῶν
2024 5923 2195 5993 ἁγίων
2224 5922 2313 5979 διά
2344 5921 2504 5977 τοῦτο
2540 5922 2957 5993 ἀνεγράφησαν,
3035 5920 3120 5976 ἵνα
3180 5920 3273 5975 καὶ
3327 5919 3511 5990 ήμείς.
