4022 6524
206 455 312 522 €59

925 455 1373 518 ENARRATIO
1408 454 1492 518 IN
1531 457 2042 520 EV’ANGELIUM
2082 461 2414 522 MARCI-
2450 463 2606 523 CAP.
2649 462 2770 522 XV.

3387 460 3501 524 ϐτί)

204 566 396 623 υῦτον
450 567 547 621 καὶ
594 568 687 619 τδν
734 562 982 636 γραπτὸν
1025 563 1087 618 ὃν
1121 562 1324 616 ἔδωκεν
1371 562 1580 636 αὐτῷό
1625 563 1794 629 Θεός’

1913 583 2070 638 quam
2125 569 2392 623 naturalis
2444 566 2577 637 legis
2620 564 3113 637 przevaricatores;
3149 563 3321 620 Judaei
3343 578 3500 628 vero,

207 658 324 715 ἀλλ’
367 657 398 712 6
432 658 534 730 μὲν
577 654 812 722 ἐθνικὸς,
856 653 1155 724 εὐγνώμων
1190 653 1417 727 λῃστὴς.
1467 657 1497 710 6
1543 653 1604 709 δι
1664 655 1803 708 ’1ουο

206 749 418 815 δαῖκδς,
459 747 592 818 ἄχρι
623 745 813 809 τέλους
848 743 1192 816 βλάσφημος.
1228 746 1413 800 Μέσον
1458 745 1517 801 66
1558 744 1670 800 τῶν
1708 744 1802 800 δύο

206 841 356 896 λαῶν
385 837 718 911 σταυροῦται
747 839 775 891 6
803 834 1006 906 Κύριος
1034 851 1049 867 ο
1071 836 1238 901 αὐτὸς
1274 839 1385 908 γάρ
1419 839 1569 892 ἔστιν
1599 839 1628 892 6
1653 836 1801 900 λίθος

207 939 236 989 ὁ
263 932 554 986 συνάπτων
581 932 614 1001 ἡ
622 933 750 1001 μᾶς.

288 1130 308 1162 ε
353 1111 465 1165 Καὶ
510 1111 561 1163 oi
602 1107 1114 1180 παραπορευόμενοι
1153 1104 1548 1177 έϐλασφήμουν
1609 1104 1796 1170 αὑτὸν,

213 1202 496 1265 κινοῦντες
525 1201 624 1264 τὰς
668 1199 911 1268 κεφαλὰς
951 1198 1134 1253 αὐτῶν
1162 1199 1259 1251 καὶ
1285 1197 1564 1267 λέγοντες⁸
1602 1194 1741 1258 066.
1772 1197 1801 1248 6

211 1293 508 1348 καταλύων
536 1294 625 1347 τὸν
671 1293 816 1356 ναὸν,
848 1295 944 1347 καὶ
990 1294 1049 1346 ἰν
1088 1292 1270 1362 τρισὶν
1304 1290 1544 1360 ἡμέραις
1589 1288 1797 1343 οἰκοδο-

212 1386 356 1457 μῶν,
394 1385 570 1439 σῶσον
597 1385 828 1439 σεαυτόν
847 1401 860 1414 ο
893 1385 991 1438 καὶ
1015 1383 1235 1438 κατάϐα
1266 1382 1375 1436 61:6
1400 1383 1497 1435 τοῦ
1530 1380 1796 1450 σταυροῦ.

219 1477 456 1548 Ὁμοίως
483 1475 542 1530 δὲ
572 1476 667 1530 καὶ
694 1477 745 1528 ot
775 1477 1054 1542 ἀρχιερεῖς
1126 1475 1491 1546 ἐμπαίζοντες
1535 1474 1672 1538 πρὸς
1706 1474 1801 1524 6).-

208 1567 409 1638 λήλους
444 1566 584 1637 μετὰ
615 1567 725 1619 τῶν
757 1566 1141 1636 Γραμματέων
1167 1565 1375 1632 ἔλεγον*
1399 1564 1629 1627 Ἄλλους
1663 1565 1800 1617 ἐκω-

210 1677 327 1720 σεν,
362 1659 554 1711 ἑαυτὸν
581 1658 643 1711 06
669 1656 895 1710 δύναται
916 1655 1112 1710 σῶσαι.
1131 1655 1192 1711 '0
1223 1656 1458 1728 Χριστὸς
1487 1659 1514 1709 6
1547 1655 1801 1726 βασιλεὺς

208 1754 306 1806 τοῦ
348 1749 592 1822 Ἰσραὴλ,
625 1749 920 1804 καταϐάτω
954 1748 1049 1804 νῦν
1092 1749 1201 1803 61:6
1239 1748 1335 1802 τοῦ
1383 1747 1643 1819 σταυροῦ,
1716 1748 1801 1799 ἵνα

210 1845 414 1914 ἴδωμεν
449 1845 542 1925 καὶ
585 1840 992 1910 πιστεύσωμεν.
1048 1839 1162 1894 Καὶ
1189 1841 1238 1892 oi
1286 1838 1801 1909 συνεσταυρωμένοι

207 1935 383 2005 αὐτῷ,
413 1931 690 1998 ὠνείδιζον
721 1932 908 1988 αὐτόν.
951 1952 970 1984 ι
1011 1933 1122 1988 Καὶ
1160 1933 1212 1986 οί
1245 1932 1797 2004 παραπορευόμενοι,
1833 1932 1873 1985 Β

208 2027 367 2096 ςησὶ,
399 2027 704 2092 τουτέστιν,
747 2028 796 2079 οἱ
831 2026 1176 2096 διερχόμενοι
1208 2027 1306 2097 τὴν
1339 2026 1478 2092 666v,
1511 2026 1607 2080 καὶ
1642 2026 1800 2080 αὐτοὶ

209 2117 602 2188 ἱϐλασφήμουν
650 2120 740 2170 τὸν
789 2119 1016 2188 Κύριον,
1089 2119 1293 2171 ὡσανεὶ
1365 2118 1802 2182 έπιτωθάζοντες

207 2206 373 2260 αὐτὸν
403 2208 479 2271 ὡς
518 2208 738 2262 πλάνον.
770 2209 1007 2276 Ὁμοίως
1040 2209 1134 2261 καὶ
1177 2210 1224 2261 οί
1257 2209 1540 2280 ἀρχιερεῖς
1574 2209 1761 2275 ἔλεγον
1783 2224 1795 2237 ·

222 2300 280 2354 Ὀ
309 2300 503 2362 ἄλλους
540 2300 741 2366 σώσας,
780 2301 972 2354 ἑαυτὸν
1002 2301 1062 2354 οὐ
1099 2299 1298 2366 σώζεις
1326 2300 1501 2354 Τοῦτο
1529 2301 1585 2354 δὲ
1613 2301 1802 2369 ελεγον

209 2389 671 2454 ἀποσκώπτοντες
700 2394 781 2455 εἰς
818 2395 886 2444 τὰ
925 2391 1183 2461 θαύματα
1215 2392 1404 2458 αὐτοῦ,
1447 2396 1541 2447 καὶ
1579 2396 1803 2462 ἐπικερ-

213 2483 537 2555 τομοῦντες,
565 2485 639 2546 ὼς
658 2484 798 2538 κατὰ
831 2483 1138 2554 φαντασίαν
1169 2487 1310 2554 τάχα
1334 2485 1604 2554 γενόμενα
1652 2484 1795 2536 Gau-

214 2576 548 2648 ματουργῶν
580 2579 691 2651 γὰρ
726 2577 896 2640 ἔσωζε
927 2577 1179 2640 πολλούς.
1205 2579 1264 2632 '0
1292 2579 1348 2631 δὲ
1373 2578 1621 2641 διάϐολος
1657 2596 1802 2649 παρ-

216 2669 395 2721 εκίνει
429 2669 628 2731 αὐτοὺς
679 2668 858 2737 λέγειν
892 2671 972 2736 :6,
1017 2669 1332 2724 Καταϐάτω
1365 2673 1475 2725 61:6
1510 2671 1606 2723 τοῦ
1639 2688 1804 2724 σταυο

214 2758 336 2830 ροῦ.
382 2757 542 2813 Ἐπεὶ
584 2760 691 2831 γὰρ
729 2759 871 2830 ἔγνω
902 2765 930 2815 ό
979 2762 1313 2834 ἁρχίκακος,
1349 2764 1433 2817 δτι
1478 2764 1510 2833 ἡ
1554 2765 1803 2833 σωτηρία

209 2849 302 2903 διὰ
359 2850 455 2904 τοῦ
493 2851 729 2923 σταυροῦ
767 2853 1000 2920 γίνεται,
1043 2853 1209 2907 πάλιν
1257 2854 1514 2922 έπείραζε
1556 2855 1648 2907 τὸν
1700 2855 1807 2912 K61

213 2956 332 3010 ριον
361 2982 377 3006 ,
415 2938 501 2992 ἴνα
529 2941 624 2993 ἐὰν
649 2941 860 3012 καταϐῇ
887 2941 995 2994 ἀπὸ
1026 2966 1044 2995 ι,
1070 2946 1117 2994 »ὖ
1148 2941 1407 3012 σταυροῦ,
1442 2943 1545 3003 πλη
1557 2959 1803 3014 90370911-

217 3031 312 3104 θῇ,
359 3032 445 3086 ὅτι
477 3033 580 3086 οὐκ
622 3032 770 3087 εστιν
805 3032 928 3098 Υἱὸς
968 3033 1103 3087 Θεοῦ
1131 3049 1145 3064 ο
1183 3033 1280 3087 καὶ
1325 3033 1469 3086 οὕτω
1513 3034 1792 3107 καταλυθῇ

1906 672 1965 718 ut
2007 671 2412 732 contemptores
2459 673 2515 715 et
2549 660 2731 728 hujus,
2781 668 2837 714 et
2867 659 3009 728 ejus,
3040 675 3205 729 quant
3242 657 3506 712 Dominus

1904 754 2074 819 dedit,
2107 753 2260 824 legis.
2301 751 2405 806 Sed
2442 753 2528 806 hic
2559 752 2780 822 quidem
2809 751 3032 821 gentilis
3077 758 3267 818 gratus
3321 747 3403 813 ﬁt,
3447 756 3506 802 et

1906 840 2216 914 resipiscit:
2259 843 2522 898 Iudaicus
2577 853 2760 896 autem
2814 856 2988 912 usque
3037 840 3106 895 ad
3157 839 3320 893 linem
3353 839 3503 893 blas-

1903 934 2149 1002 pliemat.
2239 932 2411 987 Porro
2499 931 2763 986 Dominus
2847 933 2992 986 inter
3065 933 3203 984 duos
3272 931 3502 1000 populus

1902 1023 2268 1095 eruciligitur.
2305 1024 2426 1092 ipse
2458 1025 2603 1076 enim
2632 1023 2769 1092 lapis
2805 1034 2889 1077 est
2923 1021 3271 1092 conjungens
3305 1037 3424 1073 nos.

1975 1113 2141 1169 Vens.
2177 1114 2376 1169 28-52.
2426 1133 2446 1166 ι
2483 1114 2546 1168 Et
2578 1115 2670 1184 qui
2698 1114 3074 1184 pra-teribant.
3111 1112 3505 1166 conviciabatt-

1906 1215 1993 1261 tur
2020 1206 2119 1271 illi,
2146 1216 2430 1262 moventes
2453 1208 2633 1275 capita
2665 1221 2785 1270 sua,
2820 1221 2884 1259 ac
2932 1205 3179 1258 dicentes
3208 1221 3220 1256 :
3262 1200 3377 1256 Vah
3405 1205 3497 1273 qui

1904 1298 2182 1354 demoliris
2228 1300 2513 1367 templum,
2566 1309 2620 1353 et
2667 1300 2720 1353 in
2763 1299 2940 1353 tribus
2999 1297 3191 1352 diebus
3239 1297 3503 1358 usti-uis,

1903 1406 2058 1444 serva
2097 1391 2351 1461 teipunn,
2403 1403 2454 1445 et
2493 1391 2762 1445 descende
2805 1391 2873 1444 de
2917 1405 3106 1443 cruce.
3148 1387 3416 1442 Similiter
3451 1396 3508 1442 ct

1903 1482 2099 1534 summi
2144 1482 2461 1536 sacerdotes
2509 1482 2794 1536 illudentes
2839 1481 2982 1535 inter
3013 1497 3135 1535 sese
3186 1495 3311 1533 cum
3355 1477 3507 1533 Scri-

1906 1575 2011 1638 bis,
2045 1575 2294 1630 dicebam
2323 1593 2338 1630 :
2373 1575 2523 1630 Alios
2559 1576 2819 1642 servavit,
2857 1577 3096 1645 seipsum
3131 1588 3355 1629 scrvare
3393 1588 3504 1629 non

1906 1678 2103 1738 petest.
2145 1668 2401 1723 Christus
2435 1668 2524 1724 ille
2561 1685 2653 1724 rex
2701 1668 2867 1724 Israel
2910 1671 3203 1723 descendat
3258 1684 3404 1724 nunc
3435 1668 3507 1724 de

1905 1775 2090 1824 cruce,
2133 1771 2193 1815 ut
2239 1763 2523 1816 videamus
2563 1771 2617 1816 et
2664 1761 2980 1815 credamus.
3019 1761 3084 1815 Et
3119 1761 3209 1830 qui
3257 1759 3505 1815 cruciﬁxi

1906 1853 2122 1908 fuerant
2151 1869 2273 1908 cum
2310 1854 2423 1918 illo,
2462 1855 2656 1924 probra
2693 1853 2973 1923 jaciebant
3007 1855 3058 1908 in
3086 1869 3238 1907 eum.
3271 1874 3289 1904 ι
3312 1852 3380 1908 Ει
3414 1851 3507 1922 qui

1908 1946 2284 2015 praeteribant,
2333 1948 2436 2002 hoc
2467 1956 2574 2012 est,
2617 1947 2707 2015 qui
2754 1947 3063 2001 transibant
3100 1960 3198 2016 per
3241 1948 3409 2012 viam,
3446 1953 3504 2001 et

1909 2040 2012 2110 ipsi
2044 2039 2499 2110 hlaspliemabant
2547 2038 2859 2103 Dominum,
2895 2039 3331 2107 improperantes
3360 2037 3409 2092 el
3447 2046 3510 2093 ut

1910 2129 2216 2198 impostori.
2275 2128 2544 2183 Similiter
2581 2138 2762 2182 autem
2794 2139 2848 2184 et
2881 2129 3172 2199 pontitices
3214 2128 3504 2183 dicebant:
3573 2164 3583 2174 ο

1909 2220 2061 2274 Alios
2094 2219 2345 2286 salvarit,
2376 2221 2616 2289 seipsum
2651 2235 2758 2274 uon
2809 2218 3009 2273 salvat?
3061 2218 3173 2273 lloc
3212 2229 3392 2272 autem
3425 2217 3510 2273 tli-

1906 2313 2107 2364 cebant
2165 2311 2480 2367 deridentes
2543 2311 2663 2381 ejus
2741 2309 3002 2364 miracula
3071 2318 3127 2363 et
3186 2310 3510 2364 vellicantcs

1913 2403 2072 2470 quasi
2107 2399 2452 2471 pbantasdra
2473 2399 2723 2455 fuissent.
2759 2399 2892 2454 Nam
2917 2398 3194 2470 operando
3215 2399 3508 2463 miracula,

1914 2494 2094 2548 salvos
2129 2493 2258 2548 iecit
2303 2482 2530 2548 multos.
2565 2490 2823 2546 Diabolus
2855 2502 3040 2545 autem
3087 2490 3354 2546 incitabat
3384 2489 3508 2544 illos

1908 2593 1968 2636 ut
2002 2585 2273 2649 dicerent,
2308 2583 2610 2639 Descendat
2655 2598 2801 2637 nunc
2831 2582 2898 2634 de
2949 2595 3137 2636 cruce.
3178 2581 3318 2648 Quia
3360 2581 3506 2635 enim

1909 2679 2274 2748 cognoscebat
2331 2686 2524 2730 auctor
2582 2676 2708 2730 mali
2761 2674 2907 2746 quod
2953 2676 3098 2729 salus
3150 2690 3249 2744 per
3285 2686 3509 2728 crucem

1910 2774 2087 2836 ﬂeret~
2121 2771 2315 2824 iterum
2364 2771 2612 2824 tentabat
2665 2769 2980 2832 Dontinum,
3017 2766 3183 2837 259
3230 2774 3287 2819 ut
3329 2765 3376 2821 si
3409 2763 3510 2820 de-

1909 2862 2196 2914 scenderet
2232 2859 2300 2912 de
2335 2874 2520 2923 cruce,
2571 2868 2780 2913 certum
2829 2856 2969 2911 foret
3018 2858 3196 2927 ipsum
3241 2871 3346 2910 non
3386 2869 3512 2912 esse

1912 2948 2107 3003 Filium
2153 2947 2271 3010 Dei,
2300 2957 2353 3002 et
2391 2947 2469 3001 sic
2501 2947 2708 3016 periret
2752 2945 2901 3001 salus
2948 2960 3067 3016 qum
3100 2960 3196 3014 per
3243 2959 3460 2999 crucem
3493 2962 3509 3012 ;

1911 3043 2006 3098 sed
2043 3042 2133 3096 ille
2158 3053 2212 3096 et
2241 3041 2334 3096 Dei
2362 3040 2531 3096 Filius
2559 3048 2678 3096 erat
2705 3055 2854 3105 vere,
2893 3048 2948 3094 et
2991 3049 3278 3110 propterea
3327 3038 3509 3092 minus

211 3126 244 3193 ή
278 3125 527 3195 σωτηρία
553 3126 586 3195 ἡ
609 3124 698 3178 616
727 3125 824 3178 τοῦ
847 3124 1085 3195 σταυροῦ
1113 3142 1127 3156 ·
1161 3124 1277 3177 ἀλλ’
1306 3126 1516 3185 ἐκεῖνος
1545 3127 1640 3178 καὶ
1673 3126 1804 3189 Υἱὸς

1913 3133 2215 3189 descendit.
2274 3133 2408 3186 Nam
2476 3133 2521 3186 si
2583 3131 2846 3186 voluisset
2900 3131 3254 3194 descendere,
3326 3143 3509 3199 neque

209 3215 350 3268 Θεοῦ
384 3211 453 3287 ἦν
487 3216 728 3284 ἀληθῶς,
765 3220 859 3271 καὶ
899 3217 989 3270 διὰ
1023 3215 1185 3271 τοῦτο
1225 3216 1432 3288 μᾶλλον
1465 3217 1525 3269 οὐ
1562 3217 1800 3286 κατέϐη·

1913 3226 2178 3296 principio
2208 3223 2568 3279 ascendisset.
2603 3222 2800 3277 Sciens
2846 3223 2993 3275 enim
3026 3236 3121 3289 per
3155 3222 3259 3275 hoc
3293 3220 3510 3274 salvan-

208 3309 259 3359 ιι
291 3283 628 3377 γὰρ-εμελλε
663 3308 1000 3377 καταϐῆναι.
1031 3308 1144 3362 οὐδ’
1176 3283 1244 3361 ἂν
1275 3308 1374 3378 τὴν
1404 3308 1579 3379 ἀρχὴν
1597 3283 1771 3377 ἀνέϐή
1789 3323 1802 3336 ·

1913 3283 2008 3365 llos
2046 3310 2321 3374 homines,
2366 3310 2628 3364 sustinuit
2681 3319 2740 3362 ut
2791 3309 3233 3380 crucifigeretur,
3289 3308 3510 3377 aliaque

211 3397 357 3452 ἀλλὰ
386 3399 497 3469 γὰρ
529 3399 686 3462 εἰδὼς
713 3401 796 3453 ὅτι
830 3398 1004 3463 οὕτως
1035 3399 1188 3453 ἔσται
1219 3402 1251 3470 ἡ
1285 3400 1534 3470 σωτηρία
1559 3401 1669 3460 τοῖς
1711 3400 1804 3451 ἀν-

1913 3402 2077 3457 multa
2121 3410 2403 3471 pateretur
2456 3401 2923 3470 perficereturque
2956 3402 3074 3471 ejus
3110 3417 3272 3472 opus.
3317 3400 3385 3456 Et
3417 3401 3510 3470 qui

211 3487 482 3557 θρώποις,
551 3491 812 3562 ἠνέσχετο
878 3490 974 3544 καὶ
1041 3491 1430 3562 σταυρωθῆναι
1491 3493 1583 3544 καὶ
1637 3491 1804 3544 τᾶλλα

1913 3492 2070 3547 simul
2095 3493 2363 3557 crucilixi,
2393 3492 2834 3560 exprobrabant;
2859 3491 3128 3562 principio
3153 3492 3287 3553 duo,
3318 3503 3506 3561 postea

221 3583 413 3636 πάντα
440 3585 655 3650 παθεῖν,
704 3585 799 3638 καὶ
835 3582 1122 3643 τελειῶσαι
1168 3585 1334 3639 αὑτοῦ
1367 3585 1428 3638 τὸ
1474 3583 1660 3653 ἔργον.
1697 3583 1804 3635 Καὶ

1913 3600 2056 3639 unus
2087 3585 2311 3654 agnovit
2339 3599 2467 3638 eum
2515 3584 2821 3648 innoxium,
2867 3584 3010 3639 sicut
3041 3582 3220 3639 Lucas
3265 3584 3421 3648 dicit,
3453 3593 3512 3639 et

208 3672 263 3725 οῑ
326 3675 840 3744 συνεσταυρωμένοι
907 3673 1182 3737 ὠνείδιζον
1238 3675 1288 3728 oi
1327 3674 1421 3728 δύο
1466 3674 1527 3739 ἐξ
1589 3673 1802 3743 ἀρχῆς·

1914 3675 2220 3744 increpavit
2250 3674 2418 3727 alium
2449 3673 2952 3740 blasphemantem.

210 3764 336 3823 εἶτα
378 3770 407 3822 6
458 3763 541 3832 εἷς
588 3769 804 3838 ἐπέγνω
846 3769 1013 3824 αὑτὸν
1064 3768 1332 3839 ἀναίτιον,
1390 3770 1468 3825 ὼς
1508 3772 1536 3823 6
1587 3769 1805 3834 Λουκᾶς
1846 3766 2020 3839 λέγει,
2063 3770 2160 3824 καὶ
2211 3769 2419 3840 μᾶλλον
2453 3768 2550 3822 καὶ
2595 3767 2676 3838 τῷ
2709 3767 2884 3840 ἑτέρῳ
2923 3769 3163 3840 ἐπετίμα
3202 3771 3279 3833 ὼς
3353 3771 3515 3842 βλασ-

208 3881 286 3934 φη
296 3861 516 3934 μοῦντι.

287 3972 308 4007 ε
369 3952 681 4022 Γενομένης
721 3953 778 4005 δὲ
819 3951 970 4024 ὥρας
1002 3953 1193 4023 ἑκτης,
1226 3951 1421 4014 σκότος
1468 3951 1687 4019 έγένετο
1719 3952 1806 4020 ἐφ’

205 4045 340 4114 ὕλην
376 4043 476 4114 τὴν
510 4045 636 4114 γῆν,
684 4044 797 4108 ἕως
835 4045 983 4115 ὥρας
1015 4045 1263 4114 ὲννάτης.
1308 4044 1416 4095 Καὶ
1469 4045 1537 4114 τῇ
1585 4042 1708 4112 ὥρα
1734 4045 1803 4113 τῇ

205 4137 442 4207 ὲννάτῃ,
488 4135 719 4206 ἐϐόησεν
765 4138 792 4188 6
834 4134 1046 4205 Ἰησοῦς
1095 4136 1245 4204 φωνῇ
1299 4132 1535 4204 μεγάλῃ.
1585 4132 1762 4199 λέγων
1789 4147 1803 4162 ο

216 4227 411 4292 Ἐλωῒ,
454 4227 602 4293 ιλωϊ,
636 4228 834 4298 λαμμᾶ
878 4227 1204 4297 σαϐαχθανὶ,
1256 4226 1285 4278 6
1329 4227 1446 4278 ἐστι
1523 4223 1806 4294 μεθερμη-

201 4318 600 4390 νευόμενον,⁹0
624 4321 755 4384 Θεός
785 4337 909 4391 μου,
941 4321 970 4374 6
992 4320 1126 4383 Θεὸς
1159 4336 1285 4390 μου,
1315 4321 1393 4381 εἰς
1422 4317 1473 4369 τί
1505 4333 1571 4387 με
1597 4318 1804 4384 ἐγκατ-

206 4411 444 4477 έλιπες;
490 4413 599 4465 Καί
623 4428 770 4476 τινες
810 4411 921 4465 τῶν
964 4410 1393 4481 παρεστηκότων
1447 4407 1807 4473 ἀκούσαντες,

203 4503 442 4571 ελεγον·
483 4503 614 4558 Ἰδοὺ
655 4503 852 4557 Ἠλίαν
899 4504 1106 4569 φωνεῖ·
1166 4499 1390 4573 δραμὼν
1445 4501 1502 4554 δὲ
1555 4493 1656 4563 εἷς.
1714 4501 1810 4551 καὶ

1988 3951 2155 4006 Vens.
2194 3949 2390 4004 5367.
2426 3965 2446 4000 ι
2491 3948 2624 4003 Cum
2652 3963 2780 4002 vero
2813 3946 2953 4023 facta
2987 3956 3132 4001 esset
3171 3947 3303 4000 hora
3332 3955 3510 4010 sexta.

1918 4044 2160 4099 teuehrre
2215 4053 2350 4098 ortze
2395 4048 2521 4095 sunt
2566 4055 2731 4112 super
2775 4049 2942 4095 totam
2978 4051 3178 4094 terram
3229 4055 3403 4110 u~que
3444 4038 3516 4112 ad

1917 4136 2108 4188 horam
2148 4148 2368 4186 nonam.
2420 4131 2484 4185 Et
2523 4131 2658 4185 hora
2709 4144 2850 4185 nona
2897 4130 3151 4185 clamavit
3192 4128 3351 4187 Jesus
3382 4145 3516 4187 voce

1915 4242 2136 4296 magna,
2172 4224 2402 4278 dicens:
2444 4222 2582 4289 Elui,
2611 4223 2737 4288 eloi,
2785 4221 3316 4289 laniasabachthani,
3365 4221 3514 4294 quod

1915 4329 2019 4380 est,
2055 4316 2101 4369 si
2149 4315 2275 4384 quis
2306 4316 2718 4382 interpretetur,
2751 4311 2892 4369 Deus
2935 4328 3110 4380 nisus,
3143 4312 3288 4368 Deus
3325 4329 3510 4382 meus,

1917 4425 2018 4464 cur
2044 4424 2131 4463 me
2171 4407 2499 4461 deseruisti?
2531 4405 2599 4460 Et
2642 4405 2865 4476 quidam
2912 4405 3210 4460 astantium
3253 4421 3377 4461 cum
3409 4421 3513 4460 au-

1919 4500 2150 4562 dissent,
2189 4498 2482 4553 dicebant:
2520 4497 2658 4552 Ecce
2699 4497 2876 4551 Eliam
2912 4506 3096 4552 vocat.
3129 4496 3384 4572 Accurrit
3408 4511 3510 4552 au-

201 4593 456 4664 γιμίσας
479 4593 720 4664 σπόγγον
752 4594 910 4659 ὄξους
931 4634 948 4659 ,
990 4591 1240 4664 περιθείς
1268 4610 1327 4646 τε
1370 4591 1625 4662 καλάμῳ,
1677 4590 1803 4642 ἑπό-

1913 4603 2019 4648 tem
2047 4594 2286 4662 quidam,
2319 4603 2371 4644 et
2403 4591 2623 4659 impleta
2654 4592 2880 4661 spongia
2939 4599 3118 4657 aceto,
3146 4590 3511 4660 impositaque

201 4685 361 4748 τιςεν
389 4681 580 4748 αὐτὸν,
603 4679 798 4751 λέγων·
827 4684 1053 4750 Ἀφετε,
1080 4680 1279 4752 ἴδωμεν
1309 4683 1358 4734 ει
1381 4679 1598 4752 ἔρχεται
1616 4679 1806 4739 Ἠλίας

203 4774 472 4829 καθελετν
503 4770 776 4829 αὐτόν.⁹0
803 4773 860 4827 66
891 4772 1103 4842 Ἰησοῦς
1127 4772 1287 4842 ἀφεὶς
1320 4772 1504 4844 φωνὴν
1539 4773 1806 4843 μεγάλην,

201 4866 572 4933 ἐξέπνευσεν.
625 4884 646 4920 1
685 4867 883 4930 Σκότος
913 4864 1152 4936 ιγένετο,
1206 4867 1308 4920 οὐκ
1345 4865 1430 4936 ἐφ’
1479 4865 1575 4918 ἕνα
1609 4865 1805 4926 τόπον,

200 4959 325 5013 ἀλλ’
393 4957 484 5025 ιφ’
541 4957 670 5027 ὅλην
734 4959 836 5027 τὴν
891 4959 1028 5029 γῆνο
1094 4957 1191 5012 καὶ
1248 4959 1299 5010 εἰ
1348 4957 1447 5027 μὲν
1496 4952 1565 5028 ἦν
1613 4955 1806 5026 καιρὸς

200 5047 542 5119 έκλιίψεως,
561 5044 705 5120 εἶχεν
731 5050 797 5104 ἂν
819 5066 902 5112 τις
930 5048 1133 5118 λέγειν.
1159 5048 1241 5101 ὅτι
1265 5047 1492 5115 φυσικὸν
1509 5047 1569 5100 :6
1593 5045 1765 5108 πάθος
1785 5062 1801 5078 ο

202 5138 304 5194 νῦν
374 5138 464 5200 δι.
525 5137 1164 5207 τεσσαρεσκαιδεκαταία
1216 5133 1285 5207 ἦν
1341 5139 1376 5208 ἡ
1426 5137 1649 5206 σελήνη,
1716 5137 1806 5189 ὅτε

203 5227 508 5300 ἀμήχανον
537 5228 792 5295 γενέσθαι
838 5228 1084 5299 ἔκλειψιν
1123 5229 1387 5300 φυσικήν.
1423 5229 1657 5300 Ἀναϐοᾲ
1692 5230 1749 5282 δὲ
1781 5232 1809 5282 6

205 5321 425 5392 Κύριος
467 5318 747 5390 Ἐϐραϊστὶ
775 5321 837 5374 τὸ
867 5319 1554 5393 προφητικδν,’δεικνύων,
1585 5323 1667 5375 ὅτι
1713 5321 1808 5374 καὶ

204 5414 341 5486 ἄχρι
399 5411 721 5476 τελευταίας
768 5413 1044 5484 ἀναπνοῆς
1105 5413 1179 5466 τὰ
1217 5412 1489 5484 Ἑϐραϊκὰ
1530 5415 1684 5484 τιμᾷ.
1733 5414 1810 5468 T6

202 5503 286 5571 ἃ,
339 5505 442 5568 Είς
507 5503 560 5556 τί
599 5521 668 5577 με
724 5506 1118 5575 ὲγκατέλιπες;
1150 5505 1228 5570 ὡς
1273 5509 1338 5560 ὶκ
1366 5504 1662 5577 προσώπου
1711 5508 1812 5576 τῆς

208 5592 582 5666 ἀνθρωπίνης
638 5594 852 5665 φύσεως
891 5595 1080 5663 λέγει,
1131 5595 1336 5649 ὡσανεὶ
1383 5595 1544 5649 τοῦτο
1591 5596 1807 5664 λέγων’

205 5684 306 5747 Είς
357 5684 417 5736 τί
459 5700 529 5754 με
575 5685 668 5737 τὸν
713 5685 1006 5757 ἄνθρωπον
1063 5685 1446 5754 ἐγκατέλιπες,
1481 5679 1526 5738 ὦ
1563 5686 1689 5750 Θεὲ,
1723 5686 1810 5739 ἴνα

197 5773 393 5850 ϐοηθῶ
432 5773 575 5829 Θεοῦ
625 5778 1038 5848 σταυρουμένου
1080 5778 1224 5849 ὑπὲρ
1263 5777 1434 5849 ὲμοῦς
1479 5778 1676 5848 Ἡμεῖς
1715 5778 1812 5848 μὲν

203 5872 320 5937 γὰρ
389 5867 447 5921 0i
517 5866 794 5938 ἄνθρωποι
858 5862 1000 5940 ἦμεν
1070 5871 1118 5923 oi
1219 5867 1805 5940 ἄγκαταλελειμμένοι,

1913 4681 2194 4746 arundini,
2241 4679 2484 4749 porrexit
2516 4679 2592 4733 illi
2631 4688 2846 4749 potum,
2895 4680 3130 4736 dicens:
3178 4679 3377 4745 Sinite,
3429 4681 3513 4735 vi-

1912 4775 2140 4827 deamus
2168 4790 2234 4826 an
2269 4780 2534 4826 venturus
2567 4772 2637 4825 sit
2663 4769 2815 4826 Elias
2847 4772 2916 4826 ad
2947 4772 3330 4843 deponendum
3357 4788 3507 4829 eum.

1911 4862 2069 4918 Jesus
2095 4874 2302 4928 autem,
2336 4862 2535 4917 emissa
2567 4878 2699 4918 voce
2733 4878 2950 4930 magna,
2984 4865 3312 4934 exspiravit.
3347 4884 3368 4918 ι
3405 4867 3515 4921 Te-

1911 4954 2093 5007 nebrae
2120 4952 2272 5007 facta:
2321 4963 2449 5007 sunt
2490 4967 2596 5006 non
2639 4953 2692 5006 in
2730 4967 2838 5008 uno
2870 4953 3011 5019 loco,
3060 4954 3157 5009 sed
3207 4970 3375 5027 super
3425 4966 3512 5010 to-

1913 5054 2024 5099 tam
2065 5056 2308 5099 terram:
2347 5056 2402 5099 et
2431 5045 2476 5100 si
2513 5044 2735 5114 quidem
2788 5045 2985 5100 luisset
3027 5055 3240 5116 tempus
3265 5038 3510 5115 eclipsis.

1916 5137 2188 5208 potuisset
2229 5136 2356 5205 quis
2413 5136 2602 5190 dicere
2654 5135 2901 5190 naturale
2949 5134 3116 5189 fuisse
3166 5135 3507 5204 deliquium:

1914 5243 2062 5282 nunc
2107 5238 2288 5281 autem
2347 5226 2754 5294 deciinaquarta
2805 5224 2907 5279 fuit
2937 5224 3086 5292 luna,
3115 5241 3224 5295 quo
3260 5235 3508 5295 tempore

1910 5316 2066 5385 juxta
2097 5324 2350 5370 naturam
2380 5315 2679 5387 deliquium
2728 5316 2845 5370 lteri
2897 5317 3255 5387 impossibile.
3299 5317 3512 5373 Clamat

1917 5427 2046 5467 vero
2101 5410 2264 5467 Jesus
2319 5410 2589 5465 Hebraice
2647 5411 3049 5481 propheticum,
3105 5412 3401 5467 ostendens
3451 5426 3513 5467 se

1916 5517 2089 5572 usque
2136 5502 2205 5555 ad
2265 5512 2498 5555 mortem
2553 5499 2818 5556 llebraica
2877 5501 2930 5555 in
2981 5501 3187 5556 honore
3233 5501 3510 5561 habuisse.

1919 5595 2188 5650 Cancrum
2236 5594 2382 5663 quod
2411 5594 2584 5649 dicit:
2634 5593 2749 5647 Cur
2783 5608 2869 5648 me
2917 5593 3244 5650 deseruisti?
3285 5610 3350 5649 ex
3389 5609 3514 5663 per-

1916 5701 2048 5741 sona
2081 5686 2334 5740 humanae
2365 5694 2576 5738 naturae
2601 5684 2775 5738 dicit:
2808 5684 2964 5753 quasi
2989 5686 3202 5740 diceret
3228 5727 3241 5746 .
3273 5684 3382 5737 Cur
3422 5697 3512 5739 me

1919 5778 2202 5855 hominem.
2223 5774 2586 5845 dereliquisti,
2613 5789 2646 5830 ο
2675 5773 2837 5840 Deus,
2866 5783 2924 5829 ut
2953 5791 3090 5845 opus
3128 5775 3357 5831 habeam
3391 5773 3506 5830 lico

1919 5871 2010 5939 qui
2045 5884 2141 5940 pro
2170 5884 2260 5926 me
2293 5869 2643 5940 crucitigatur
2667 5869 2690 5921 ?
2715 5867 2821 5924 Nos
2851 5869 2996 5925 enim
3027 5869 3272 5925 homines
3302 5865 3505 5926 fuimus
