4022 6522
268 410 374 473 Ε’ῖ3

978 413 1423 475 ENARRATIO
1467 414 1547 474 IN
1591 415 2095 478 EVANGELIUM
2132 415 2395 476 MARCI.
2435 439 2501 450 -
2534 417 2690 478 CAP.
2736 418 2856 478 XV.

3448 423 3558 486 ΗΑ

237 517 386 583 -τοῦ,
419 521 658 589 μνηστή.
707 520 766 572 'il
800 519 1037 591 Σαλώμη
1081 519 1159 591 δὲ,
1187 515 1252 591 ἦν
1285 522 1317 587 ἡ
1355 520 1541 590 μήτηρ
1577 519 1686 572 τῶν
1719 519 1864 572 Υῑῶν

1971 535 2193 589 sponsa.
2241 519 2462 574 Salome
2494 531 2675 574 autem
2725 533 2845 576 erat
2895 530 3069 576 mater
3116 522 3348 578 filiorum
3396 525 3567 586 lebe-

268 612 581 666 Ζεϐεδαίου.
605 612 710 666 Καὶ
736 613 918 667 ἄλλαι
951 614 1005 666 δὲ
1034 613 1284 666 πολλαί.
1307 613 1429 666 Τῶν
1448 615 1553 684 γὰρ
1586 615 1860 684 ἐπισημο-

266 704 444 776 τέρων
483 705 745 774 ὀνομαστὶ
779 707 1208 776 ἐμνημόνευσεν.

347 814 365 846 ι
409 798 521 850 Καὶ
550 798 648 868 ήδη
685 796 844 866 ὀψίας
879 799 1202 867 γενομένης,
1233 798 1356 850 ἐπεὶ
1395 792 1462 868 ἦν
1497 795 1855 866 Παρασκευὴ,

267 887 294 939 ὅ
323 888 442 940 ἐστι
495 888 897 958 προσάϐϐατον,
950 884 1114 960 ἦλθεν
1163 887 1364 959 Ἰωσὴφ
1405 890 1430 941 6
1472 890 1579 943 ἀπὸ
1634 889 1862 957 ’Δριμα-

272 979 438 1042 Θαίας
467 981 760 1051 εὐσχήμων
794 981 1108 1051 βουλευτὴς,
1153 983 1210 1044 ὃς
1248 984 1340 1033 καὶ
1386 982 1548 1044 αὐτὸς
1577 976 1644 1049 ἦν
1690 998 1860 1051 προσ-

265 1070 561 1140 δεχόμενος
640 1072 736 1140 τὴν
799 1071 1078 1139 βασιλείαν
1159 1073 1252 1125 τοῦ
1326 1072 1503 1125 Θεουο
1582 1072 1859 1141 τολμήσας

264 1162 489 1233 εἰσῆλθε
539 1163 676 1231 πρὸς
737 1165 966 1217 Πιλᾶτον
997 1207 1010 1228 ,
1047 1165 1140 1216 καὶ
1181 1166 1427 1236 ⁴ᾐτήσατο
1466 1165 1525 1218 τὸ
1556 1165 1718 1235 σῶμα
1761 1164 1857 1218 τοῦ

280 1247 488 1316 Ἰησοῦ.
536 1248 593 1302 ’0
621 1249 676 1302 δὲ
710 1251 943 1314 Πιλάτος
969 1252 1308 1323 ἐθαύμασεν,
1349 1256 1399 1306 εί
1451 1254 1552 1325 ἤδη
1584 1254 1816 1323 τέθνηκε
1841 1272 1856 1286 ο

268 1341 370 1394 καὶ
442 1342 962 1411 προσκαλεσάμενος
1043 1345 1134 1396 τὸν
1207 1348 1576 1416 κεντυρίωνα,
1636 1345 1858 1416 ὲπηρὼ-

265 1451 437 1504 τησεν
491 1435 675 1502 αὑτὸν,
732 1438 779 1488 εί
824 1438 989 1490 πάλαι
1033 1438 1314 1492 ἀπέθανε·
1363 1441 1456 1492 καὶ
1518 1441 1684 1508 γνοὺς
1751 1439 1859 1492 ἀπὸ

262 1528 364 1580 τοῦ
429 1527 826 1598 κεντυρίωνος,
897 1529 1210 1599 ἐδωρήσατο
1267 1531 1328 1583 τὸ
1405 1532 1564 1601 σῶμα
1633 1529 1712 1600 τῷ
1746 1531 1860 1583 Ἰω-

277 1620 419 1689 σὴφ.
484 1621 596 1675 Καὶ
642 1620 920 1690 ἀγοράσας
971 1623 1183 1677 σινδόνα
1228 1625 1321 1676 καὶ
1365 1622 1614 1678 καθελὼν
1669 1623 1855 1686 αὑτὸν,

263 1712 518 1782 ἑνείλησε
552 1717 618 1784 τῇ
678 1715 900 1781 σινδόνι,
936 1718 1030 1768 καὶ
1063 1715 1371 1786 κατέθηκεν
1423 1715 1586 1768 αὑτὸν
1622 1718 1679 1768 έν
1717 1732 1859 1785 μνη-

267 1803 434 1874 μείῳ,
466 1803 494 1856 δ
544 1801 612 1876 ἦν
661 1804 1103 1875 λελατομημένον
1133 1807 1199 1858 ὲκ
1235 1806 1442 1876 πέτρας
1474 1823 1486 1836 ο
1537 1805 1632 1859 καὶ
1688 1822 1857 1870 προσ-

1969 613 2087 666 διεὶ.
2127 612 2193 671 ιιι
2224 613 2348 665 alia
2379 626 2595 682 quoque
2635 612 2842 675 mulier,
2878 614 3096 668 nomina
3125 619 3272 672 enim
3307 620 3569 677 celebrio-

1969 717 2088 756 rum
2127 713 2336 756 tantum
2367 701 2843 757 commemoravit.

2040 879 2204 935 VERS.
2253 879 2444 934 42-47.
2500 899 2517 931 ι
2566 881 2630 935 Ει
2676 896 2798 935 cum
2855 881 2969 953 jam
3015 883 3254 938 venisset
3310 899 3559 957 vespera,

1963 973 2220 1040 quoniam
2268 985 2385 1027 erat
2417 972 2725 1028 Parasceve
2762 992 2884 1045 quae
2931 978 3190 1043 praecedit
3239 978 3562 1042 Sabbutum,

1963 1065 2113 1116 venit
2135 1062 2337 1133 Joseph
2368 1078 2523 1120 ortus
2551 1081 2613 1118 ex
2650 1064 2874 1121 civitate
2903 1067 3263 1131 Arimathara,
3299 1071 3562 1127 honestus

1963 1165 2204 1222 senator,
2229 1159 2319 1225 qui
2347 1167 2402 1210 et
2436 1158 2550 1226 ipse
2582 1169 2700 1212 erat
2726 1169 3052 1228 exspectans
3081 1176 3307 1228 regnum
3343 1163 3431 1216 Dei
3464 1181 3476 1227 ;
3513 1180 3565 1217 ιἸ.

1962 1258 2174 1316 sumpta
2224 1249 2454 1302 audacia
2485 1250 2766 1320 ingressus
2793 1261 2878 1304 est
2909 1253 2974 1305 ad
3015 1253 3282 1316 Pilatum,
3318 1263 3371 1306 et
3411 1258 3565 1319 petiit

1960 1356 2163 1409 corpus
2205 1339 2354 1395 Iesu.
2410 1342 2615 1397 Pilatus
2658 1353 2840 1398 autem
2886 1347 3190 1401 admiratus
3227 1357 3313 1402 est
3373 1348 3418 1403 si
3453 1346 3562 1417 iam

1966 1444 2211 1486 mortuus
2239 1441 2402 1486 esset.
2441 1433 2504 1486 l‘lt
2548 1434 2817 1489 accersito
2852 1436 2917 1488 ad
2944 1451 3002 1490 se
3031 1439 3356 1492 centurione
3389 1439 3561 1492 inter-

1962 1527 2173 1594 rogavit
2203 1526 2376 1588 illum,
2411 1540 2478 1578 an
2505 1525 2822 1593 jamdudum
2866 1536 3117 1582 mortuus
3143 1530 3356 1586 fuissrt.
3392 1530 3453 1584 Et
3480 1546 3562 1584 re-

1966 1617 2180 1686 cngnita
2213 1629 2278 1670 ex
2317 1618 2661 1680 centurione,
2695 1618 2916 1670 donavit
2961 1633 3162 1686 corpus
3196 1621 3295 1688 ipsi
3331 1619 3562 1692 Joseph.

1964 1707 2030 1760 Et
2069 1710 2116 1762 is
2152 1719 2431 1762 mercatus
2476 1709 2790 1775 sindonetn,
2829 1712 3136 1778 depositum
3169 1729 3293 1766 cttm
3341 1715 3568 1768 inwlvit

1963 1801 2221 1864 sindoni,
2282 1801 2633 1870 rcposuitque
2697 1801 2749 1854 in
2815 1814 3172 1858 monumento
3238 1805 3383 1874 quod
3448 1817 3568 1860 erat

269 1895 494 1948 εκύλισε
525 1897 673 1949 λίθον
705 1898 798 1950 ἐπὶ
851 1899 947 1967 τὴν
1003 1897 1173 1968 θύραν
1219 1897 1313 1951 τοῦ
1364 1897 1655 1966 μνημείου.
1689 1897 1754 1949 Ἢ
1802 1897 1858 1949 δὲ

1971 1893 2207 1947 excisum
2242 1906 2272 1945 e
2313 1902 2513 1962 petra:
2563 1899 2620 1945 et
2667 1891 2912 1945 advolvit
2963 1892 3196 1959 lapidem
3251 1896 3318 1947 ad
3365 1897 3566 1950 ostium

263 1987 461 2059 Μαρία
495 1991 528 2060 ή
562 1989 898 2058 Μαγδαληνὴ
931 1992 1023 2042 καὶ
1071 1991 1261 2059 Μαρία
1303 1990 1334 2059 ή
1364 1990 1545 2059 Ἱωσῆ,
1587 1988 1858 2059 ἐθεώρουν

266 2081 376 2134 τ’τοῦ
421 2081 650 2134 τίθεται.
696 2101 712 2132 ι
763 2082 820 2134 Ὀ
861 2084 1131 2153 μακάριος
1176 2083 1399 2153 Ἰωσὴφ,
1459 2083 1537 2134 ἔτι
1584 2081 1663 2151 τῷ
1710 2084 1860 2153 νόμῳ

262 2171 560 2237 δουλεύων,
614 2174 708 2225 καὶ
748 2174 839 2226 τὸν
885 2175 1121 2243 Χριστὸν
1170 2174 1305 2227 Θεὸν
1339 2175 1575 2243 ἐπέγνω,
1633 2174 1712 2226 διὸ
1768 2175 1860 2227 καὶ

263 2263 447 2335 τολμᾷ
473 2265 677 2333 τόλμαν
720 2269 1013 2338 ἐπαινετὴν
1047 2285 1057 2296 ·
1096 2267 1193 2338 οὐχ
1227 2267 1586 2336 ὑπελογίσατο
1613 2268 1745 2337 γὰρ,
1777 2249 1860 2321 δτι

269 2355 537 2420 Πλούσιός
575 2360 713 2428 είμι,
779 2360 877 2412 καὶ
929 2360 1274 2430 έκπεσοῦμαι
1315 2361 1409 2413 τοῦ
1459 2360 1711 2424 πλούτου,
1763 2362 1858 2414 ἐὰν

263 2449 587 2519 αἰτήσωμαι
617 2450 676 2502 τὸ
711 2451 869 2520 σῶμα
909 2450 998 2503 τοῦ
1043 2453 1136 2503 ἐπὶ
1167 2452 1444 2521 τυραννίδι
1498 2453 1860 2524 κατακριθέν·

265 2557 387 2603 τος,
430 2541 524 2594 καὶ
565 2541 1000 2612 διαϐληίέήσομαι
1048 2545 1160 2604 τοῖς
1193 2543 1467 2604 Ἰουδαίοις
1499 2559 1511 2571 ·
1547 2545 1698 2596 οὐδὲν
1736 2544 1860 2597 τού-ο

264 2651 381 2688 των
427 2630 549 2688 εἷπε
597 2634 718 2688 καθ’
752 2637 944 2687 ἑαυτόν
971 2653 984 2664 ο
1023 2635 1157 2688 ἀλλὰ
1207 2636 1386 2689 πάντα
1436 2635 1666 2705 δεύτερα
1721 2640 1860 2709 ἡγη-

272 2726 536 2798 σάμενος,
571 2728 816 2799 ᾐτήσατο
849 2728 936 2780 ἵνα
969 2727 1114 2797 ϐάψῃ
1149 2727 1210 2780 τὸ
1244 2729 1336 2781 τοῦ
1372 2730 1857 2800 κατακεκριμένον

274 2817 473 2887 σῶμα.
524 2817 581 2871 Ὀ
601 2818 655 2870 δὲ
699 2819 925 2880 Πι)άτος
970 2817 1305 2885 ἐθαύμασεν,
1362 2821 1408 2870 εἰ
1439 2821 1540 2889 ἤδη
1573 2819 1854 2890 τέθνηκεν·

268 2910 492 2977 ἐνόμιζε
559 2912 665 2980 γὰρ
713 2911 877 2964 αὐτὸν
911 2911 1002 2964 ἐπὶ
1040 2911 1176 2963 πολὺ
1223 2912 1490 2976 ἀνθέξειν,
1528 2912 1716 2984 ὥσπερ
1767 2917 1860 2967 καὶ

267 3001 400 3062 τοὺς
429 3001 654 3072 λῃστάς.
678 3001 1043 3073 Ἐπηρώτησε
1073 3003 1129 3055 δὲ
1177 3003 1270 3056 καὶ
1305 3004 1395 3056 τὴν
1435 3007 1770 3073 κεντυρίωνα
1810 3010 1858 3060 εί

267 3093 449 3145 πάλαι
485 3094 746 3157 ἀπέθανε,
792 3095 1092 3158 τουτέστιν,
1138 3097 1185 3146 εί
1221 3095 1328 3164 πρὸ
1379 3095 1526 3166 ὧρας
1560 3097 1855 3152 ἀπέθανεν.

1967 1985 2326 2039 monumenti.
2383 1983 2452 2037 At
2503 1981 2674 2038 Maria
2743 1985 3060 2053 Magdalene
3117 1982 3172 2040 et
3218 1985 3388 2042 Maria
3441 1985 3567 2041 ιυςο

1968 2079 2293 2147 spectabant
2334 2077 2424 2130 uhi
2472 2089 2787 2145 poneretur.
2820 2095 2838 2128 ι
2905 2077 3103 2133 Beatus
3138 2077 3341 2149 Ioseph
3391 2083 3571 2136 adhuc

1966 2169 2071 2238 legi
2108 2168 2270 2241 261
2313 2168 2584 2232 serviens,
2624 2167 2904 2223 Christum
2943 2171 3109 2224 Deum
3162 2176 3402 2242 agnovit.
3447 2174 3566 2227 idm

1964 2271 2021 2315 et
2052 2261 2336 2316 laudatum
2371 2261 2537 2317 audet
2563 2261 2796 2316 facinus.
2836 2261 3023 2333 Neque
3051 2264 3330 2335 cogitabat
3361 2283 3374 2320 :
3408 2266 3568 2323 Dives

1965 2367 2110 2419 Sum,
2136 2363 2191 2410 et
2223 2355 2448 2409 divitias
2507 2355 2762 2410 amittere
2824 2371 3048 2426 possunt
3082 2376 3095 2413 :
3130 2358 3174 2412 si
3219 2360 3570 2423 postulaverit

1963 2463 2168 2516 corpus
2228 2447 2350 2515 ejus
2410 2446 2501 2515 qui
2560 2458 2784 2517 propter
2841 2451 3188 2519 tyrannidem
3255 2449 3566 2513 affectatam

1963 2540 2361 2594 condemnatus
2416 2552 2521 2604 est,
2572 2541 2877 2596 accusabor
2923 2557 2951 2594 a
2989 2540 3216 2597 Iudaeis.
3267 2542 3412 2597 Nihil
3462 2547 3571 2602 tale

1964 2644 2149 2684 secum
2203 2631 2443 2694 dicebat,
2479 2633 2574 2685 sed
2609 2633 2792 2684 omnia
2842 2632 3182 2699 posthaheus
3230 2643 3284 2688 et
3335 2635 3570 2694 minoris

1965 2721 2196 2785 faciens,
2252 2724 2447 2792 petivit
2502 2735 2560 2777 ut
2633 2725 2894 2793 sepeliret
2953 2727 3298 2782 condemnati
3344 2745 3568 2800 corpus.

1962 2813 2169 2868 Pilatus
2207 2829 2337 2868 vero
2394 2815 2700 2869 mirabatur
2751 2817 2896 2883 quod
2943 2816 3057 2885 jam
3103 2832 3354 2874 monuus
3398 2830 3544 2875 esset

1961 2903 2194 2960 Putabat
2228 2906 2373 2960 enim
2419 2907 2598 2974 ipsum
2632 2906 2723 2962 diu
2767 2908 2820 2960 in
2865 2922 3040 2975 agone
3082 2908 3441 2977 luctatnrntu,
3496 2913 3573 2966 si"

1963 3005 2055 3051 cut
2082 3007 2135 3051 et
2161 2997 2419 3052 latrones.
2454 2992 2975 3068 Interrogat'autetn
3009 3013 3059 3056 et
3085 3004 3576 3066 centurionem,si

1965 3089 2167 3142 dudum
2204 3100 2454 3145 mortuus
2486 3102 2653 3155 esset,
2691 3095 2794 3147 hoc
2826 3102 2936 3157 est,
2966 3105 3093 3148 ante
3117 3094 3332 3149 horam.
3361 3095 3570 3166 Joseph

280 3183 344 3239 '0
370 3187 548 3239 τοίνυν
573 3185 771 3256 Ἰωσὴφ
789 3186 970 3239 λαϐὼν
998 3187 1058 3239 τὸ
1089 3187 1270 3256 σῶμα,
1298 3187 1534 3256 ἠγόρασε
1567 3189 1664 3256 μὲν
1690 3189 1862 3241 σινδό-

1971 3183 2154 3252 itaque
2197 3194 2422 3254 accepto
2447 3199 2681 3253 corpore
2729 3198 3010 3240 mercatus
3043 3197 3128 3240 est
3169 3189 3481 3254 sindonem,
3516 3207 3570 3243 ιιι

271 3293 364 3332 να.
417 3277 679 3331 Καθελὼν
711 3277 766 3329 δὲ
797 3278 993 3340 αὐτὸν,
1034 3277 1276 3348 ένείλησε
1312 3281 1377 3348 τῇ
1443 3278 1664 3336 σινδόνι.
1698 3279 1758 3331 τὸ
1787 3279 1865 3330 τί·

273 3385 404 3440 μιον
429 3369 626 3432 τιμίως
657 3368 1023 3437 ὲνταφιάζων.
1059 3367 1324 3439 Μαθητὴς
1349 3368 1456 3437 γὰρ
1480 3363 1547 3439 ἦν
1579 3370 1672 3422 καὶ
1699 3369 1864 3432 αὐτὸς

269 3457 370 3512 τοῦ
424 3457 664 3527 Χριστοῦ
692 3497 706 3520 ,
759 3459 852 3510 καὶ
901 3459 1047 3520 ὃπως
1096 3459 1177 3511 δεῖ
1220 3461 1387 3530 τιμᾷν
1451 3461 1541 3512 τὸν
1585 3462 1866 3532 Δεσπότην

271 3545 458 3609 είδώςσ
519 3549 615 3602 καὶ
675 3550 993 3620 εὐσχήμων,
1044 3552 1291 3604 τουτέστι
1340 3551 1558 3620 σεμνὸς,
1609 3553 1864 3624 εὐλαϐὴς,

270 3639 588 3710 ἄμεμπτος.
659 3638 958 3710 Βουλευτὴς
990 3641 1045 3693 δὲ
1088 3640 1309 3710 ἀξίωμά
1360 3659 1413 3693 τι
1441 3638 1528 3712 ἦν,
1567 3643 1770 3714 μᾶλλον
1811 3645 1868 3698 δὲ

271 3729 653 3801 λειτούργημα
707 3732 803 3784 καὶ
850 3732 1016 3803 βάρος
1095 3733 1422 3797 πολιτικὸν,
1475 3733 1503 3785 δ
1555 3736 1604 3786 oi
1655 3736 1870 3804 ἔχοντες

272 3822 658 3892 ἠναγκάζοντο
689 3823 758 3875 τὰ
797 3824 891 3893 τῆς
941 3826 1148 3894 ἀγορᾶς
1201 3827 1526 3878 ἐπισκοπεῖν
1551 3842 1565 3855 ο
1596 3827 1688 3879 καὶ
1741 3828 1869 3879 πολ-

274 3914 391 3976 λοῖς
429 3914 690 3976 πολλάκις
736 3914 981 3978 κίνδυνος
1015 3915 1250 3986 ἐπῆλθεν
1294 3919 1356 3969 έκ
1406 3917 1622 3984 τούτου,
1652 3917 1741 3972 διὰ
1771 3918 1871 3989 τὴν

273 4007 379 4076 τῆς
412 4007 614 4078 ἀγορᾶς
638 4009 1044 4076 κακοπραγίαν.
1093 4009 1473 4064 Ἀκουέτωσαν
1495 4012 1544 4064 oi
1572 4011 1825 4064 πλούσιοι
1853 4058 1866 4075 ,

277 4099 378 4152 καὶ
411 4098 690 4166 δημοσίοις
725 4098 1178 4168 ἐνασχολούμενοι
1227 4101 1573 4171 πράγμασιν,
1617 4101 1766 4166 ὅπως
1796 4103 1871 4173 τῷ

275 4191 483 4258 Ἰωσὴφ
513 4189 663 4243 οὐδὲν
698 4191 980 4243 ἐνεπόδισε
1015 4191 1148 4261 πρὸς
1180 4191 1382 4262 ἀρετὴν
1420 4192 1478 4244 τὸ
1521 4191 1870 4261 βουλευτικὸν

276 4281 524 4350 ἀξίωμα.
595 4282 792 4350 Ἰωσὴφ
829 4282 885 4334 δὲ
921 4281 1306 4350 ἑρμηνεύεται,
1351 4283 1643 4353 πρόσθεσις
1667 4301 1680 4316 ο
1719 4283 1869 4353 Ἀρι-

281 4371 517 4440 μαθαίος
577 4369 652 4433 δὲ,
705 4373 876 4439 αἴρων
920 4374 1062 4423 έκεῖν
1105 4415 1115 4427 .
1175 4372 1390 4424 Γένοιτο
1439 4371 1536 4425 οὖν
1586 4373 1680 4425 καὶ
1720 4375 1869 4443 ἡμᾶς

279 4462 425 4515 κατὰ
473 4463 564 4511 τὸν
629 4463 822 4531 Ἰωσὴφ
868 4461 1146 4530 γενέσθιι,
1203 4464 1290 4514 ἀεὶ
1341 4463 1738 4531 προστιθέντας
1791 4463 1868 4532 τῷ

1969 3290 2075 3341 qua
2107 3275 2414 3343 depositum
2459 3277 2685 3332 htvolvit
2737 3296 2755 3332 ι
2783 3289 2836 3331 et
2866 3277 3013 3348 quod
3061 3280 3271 3333 honore
3320 3281 3570 3349 digmun,

1968 3382 2090 3421 cum
2126 3369 2332 3424 honore
2362 3369 2636 3438 sepelivit.
2676 3369 2804 3423 Erat
2835 3371 2982 3424 enim
3017 3380 3071 3424 et
3120 3371 3239 3441 ipse
3271 3373 3574 3442 discipulus

1967 3459 2121 3523 Jesn,
2144 3458 2327 3515 sciens
2351 3460 2576 3528 dignum
2606 3460 2818 3516 honore
2845 3460 3171 3528 Dominum;
3203 3472 3253 3516 et
3283 3463 3569 3530 honestus,

1973 3550 2078 3604 hoc
2123 3557 2230 3613 est,
2293 3549 2437 3616 pius,
2499 3550 3038 3619 irreprehensibilis;
3091 3562 3319 3608 senator
3362 3563 3570 3619 autem,

1971 3656 2092 3710 qua:
2133 3642 2370 3713 dignitas
2411 3643 2659 3712 quadam
2708 3652 2826 3696 erat
2857 3643 2940 3698 vel
2988 3643 3171 3712 potius
3204 3644 3570 3700 ministerium

1971 3745 2026 3788 et
2058 3748 2198 3788 onus
2229 3733 2388 3787 civile
2430 3748 2526 3801 per
2573 3733 2719 3802 quod
2754 3735 3095 3800 cogebantur
3144 3736 3429 3791 intendi-re
3485 3736 3573 3791 his

1972 3840 2092 3895 qua:
2120 3823 2224 3879 fori
2269 3833 2448 3889 erant,
2480 3834 2534 3877 et
2567 3825 2734 3878 multa
2769 3838 2913 3892 sa’pe
2958 3823 3081 3878 inde
3129 3825 3453 3878 oriebantur
3477 3842 3573 3897 pe-

1976 3920 2171 3983 ricula,
2224 3929 2447 3988 propter
2477 3917 2579 3972 fori
2636 3918 2923 3973 malitiam.
2973 3919 3214 3974 Audiam
3254 3921 3475 3982 divites,
3517 3929 3576 3977 ιι

1974 4011 2207 4080 publicis
2259 4010 2585 4064 muneribus
2639 4008 2952 4080 fungentes,
3011 4013 3288 4081 quomodo
3332 4007 3575 4080 Iosepho

1975 4103 2111 4157 nihil
2153 4101 2390 4156 obsistat
2442 4103 2508 4155 ad
2557 4101 2816 4155 virtutem
2862 4102 3137 4156 senatoria
3169 4101 3444 4171 ‘dignitas.
3475 4101 3581 4156 Joo

1974 4194 2107 4262 seph
2155 4193 2504 4262 interpretari
2561 4207 2853 4260 possumus
2915 4201 3308 4260 augmentum:
3358 4192 3575 4246 Arima-

1976 4286 2144 4340 thteus
2181 4300 2331 4346 vero,
2368 4283 2562 4337 tollens
2615 4283 2739 4336 hoc.
2774 4282 3048 4336 Concedat
3086 4294 3266 4335 autem
3313 4281 3481 4346 Deus,
3515 4293 3574 4336 ut

1973 4379 2137 4430 etiam
2179 4391 2280 4430 nos
2303 4376 2444 4428 sicut
2474 4374 2675 4444 Joseph
2710 4374 2800 4428 ille
2837 4357 3282 4437 [iatnns'semper
3313 4376 3485 4436 aucti,
3518 4383 3577 4429 ct

1975 4469 2296 4538 ailjicientes
2329 4467 2382 4520 in
2417 4483 2580 4522 cursu
2609 4467 2844 4531 virtutis,
2873 4480 2938 4520 ac
2961 4466 3216 4520 tollentes
3246 4466 3369 4531 hoc,
3390 4467 3440 4520 id
3464 4477 3571 4531 est,

277 4554 472 4624 δρόμῳ
515 4555 612 4620 τῆς
649 4554 878 4621 ἀρετῆς,
916 4555 1011 4605 καὶ
1075 4554 1314 4625 ιῖροντας
1364 4557 1560 4617 έκεῖνο,
1598 4555 1864 4616 τουτέστι,

1977 4563 2027 4616 id
2061 4563 2203 4630 quod
2246 4572 2328 4616 est
2357 4576 2483 4615 vere
2519 4561 2720 4614 bonum
2752 4576 2766 4612 :
2806 4557 3143 4625 accipiamus
3198 4574 3328 4612 vero
3375 4574 3576 4629 corpus

274 4645 341 4697 τὸ
373 4643 543 4705 δντως
573 4643 776 4709 ἀγαθόν
807 4661 817 4671 ·
852 4643 1038 4696 λαϐεῖν
1069 4645 1124 4696 δὲ
1167 4648 1259 4698 καὶ
1287 4644 1347 4696 τὸ
1379 4645 1538 4714 σῶμα
1568 4645 1663 4698 τοῦ
1694 4645 1868 4716 Ἰησοῦ

275 4734 372 4787 διὰ
394 4734 495 4804 τῆς
523 4735 834 4797 κοινωνίας,
865 4736 957 4786 καὶ
988 4732 1329 4788 καταθέσθαι
1359 4736 1514 4790 τοῦτο
1542 4738 1597 4788 ἐν
1623 4739 1874 4806 μνημείῳ

277 4825 712 4896 λελατομημένῳ
746 4827 809 4877 ὲκ
846 4825 1080 4896 πέτρας,
1116 4828 1421 4890 τουτέστιν,
1471 4831 1526 4880 ὲν
1562 4831 1871 4898 μνημονικῇ

274 4918 427 4988 ψυχῇ
463 4915 558 4967 καὶ
613 4916 686 4986 μὴ
731 4914 1196 4987 έπιλανθανομένῃ
1246 4915 1340 4969 τοῦ
1375 4915 1534 4970 θεοῦ.
1589 4917 1771 4969 Ἔστω
1818 4917 1874 4970 δὲ

280 5012 471 5078 ἐκείνη
500 5011 533 5079 ἡ
560 5009 731 5079 ψυχὴ,
761 5010 823 5061 ὲκ
853 5009 1063 5074 πέτρας
1098 5010 1543 5081 λελατομημένη,
1571 5011 1869 5073 τουτέστιν,

279 5104 393 5154 ἀπὸ
422 5100 686 5171 Χριστοῦ,
742 5102 800 5162 δς
831 5103 981 5153 ἐστιν
1013 5103 1047 5172 ἡ
1088 5103 1260 5172 πέτρα
1308 5103 1507 5172 ἔχουσα
1543 5105 1641 5173 τὴν
1671 5103 1873 5157 σύστα-

281 5213 372 5248 σιν
403 5212 416 5224 ’
444 5194 730 5263 ἐνειλῆσαι
759 5193 815 5245 δὲ
844 5193 974 5246 αὐτὸ
1007 5195 1063 5245 έν
1098 5194 1316 5259 σινδόνι,
1349 5195 1654 5259 τουτέστιν,
1687 5197 1745 5248 έν
1773 5195 1874 5246 σώ-

283 5305 420 5358 ματι
452 5285 677 5354 καθαρῷ
703 5285 960 5350 δέξασθαι
993 5286 1125 5338 αύτό
1154 5303 1165 5315 ·
1201 5285 1406 5338 σινδὼν·
1427 5286 1534 5357 γὰρ
1569 5287 1666 5355 τῆς
1696 5287 1876 5355 ψυχῆς

281 5379 380 5430 καὶ
428 5373 539 5429 οἷον
598 5380 836 5446 ἱμάτιον,
891 5380 950 5430 τὸ
1007 5379 1186 5447 σῶμα.
1224 5383 1314 5431 Δεῖ
1358 5375 1451 5432 οὖν
1491 5382 1564 5449 μὴ
1613 5381 1774 5448 μόνον
1818 5381 1876 5432 έν

279 5472 432 5542 ψυχῇ
488 5469 710 5541 καθαρᾷ
761 5470 1016 5538 δέχεσθαι
1051 5472 1112 5523 τὸ
1146 5471 1287 5524 θεῖον
1321 5471 1483 5541 σῶμα
1512 5473 1606 5524 τοῦ
1642 5472 1873 5542 Κυρίου,

282 5565 426 5620 ἀλλὰ
475 5564 570 5616 καὶ
627 5567 686 5616 ἐν
733 5561 946 5632 σώματι
992 5564 1262 5634 τοιούτῳ·
1316 5563 1541 5617 ένειλείν
1588 5565 1645 5617 δὲ
1693 5564 1871 5629 τοῦτο,

279 5656 569 5720 τουτέστι,
648 5654 973 5726 συστρέφειν
1034 5657 1127 5708 καὶ
1189 5658 1540 5722 συστέλλειν,
1605 5656 1742 5710 ἀλλὰ
1801 5658 1876 5729 μὴ

280 5747 598 5812 έξαπλοῧνο
653 5746 712 5798 τὸ
762 5746 868 5817 γὰρ
929 5749 1230 5817 μυστήριον
1281 5749 1720 5820 συνεσταλμένον
1760 5751 1877 5805 ἐστὶ

281 5842 388 5896 καὶ
423 5839 766 5909 ἀπόκρυφον,
799 5840 890 5892 καὶ
919 5839 1016 5894 οὐκ
1045 5840 1451 5911 έξηπλωμενον.

1975 4653 2105 4707 Jesu
2155 4666 2250 4722 per
2288 4653 2756 4710 communionem,
2791 4657 2844 4701 et
2890 4645 3226 4700 collocemus
3275 4645 3332 4698 in
3382 4659 3578 4698 moun-

1979 4755 2166 4798 mento
2205 4743 2394 4796 exciso
2426 4756 2492 4796 ex
2529 4749 2707 4809 petra,
2749 4739 2851 4793 hoc
2881 4747 2985 4800 est,
3021 4739 3071 4791 in
3107 4739 3289 4792 anima
3319 4737 3574 4802 memori,

1978 4852 2098 4907 qua:
2137 4835 2303 4890 Deum
2343 4848 2451 4887 non
2490 4831 2870 4887 obliviscatur.
2906 4830 2990 4883 Sit
3045 4840 3226 4884 autem
3261 4828 3438 4882 anima
3484 4829 3574 4884 illa

1977 4945 2042 4983 ex
2075 4937 2226 4995 petra
2253 4927 2461 4988 excisa,
2492 4926 2596 4978 hoc
2625 4932 2730 4986 est,
2767 4939 2797 4977 ιι
2826 4921 3072 4987 Christo,
3103 4923 3196 4992 qni
3228 4933 3312 4975 est
3339 4932 3492 4990 petra
3519 4923 3574 4976 in

1978 5031 2082 5085 qua
2117 5017 2420 5070 consistere
2463 5015 2782 5083 poterimus.
2839 5012 3153 5067 lnvolvatur
3180 5027 3308 5067 vero
3357 5013 3407 5066 in
3452 5013 3575 5066 sin-

1979 5111 2142 5173 done,
2178 5110 2278 5162 hoc
2307 5117 2412 5172 εει,
2454 5109 2504 5158 in
2543 5115 2770 5174 corpore
2805 5109 3006 5160 mundo
3054 5106 3405 5174 suscipiatur.
3439 5104 3570 5158 Nam

1978 5203 2174 5257 sindon
2205 5202 2403 5254 anima:
2431 5209 2512 5254 est
2552 5215 2750 5268 corpus
2778 5197 2934 5269 quasi
2977 5202 3167 5253 vestis.
3198 5198 3429 5268 Oportet
3475 5199 3574 5264 igi-

1980 5303 2070 5346 tur
2123 5307 2230 5346 uon
2264 5290 2439 5346 solum
2479 5291 2532 5343 in
2585 5291 2766 5344 anima
2816 5305 2951 5359 pura
3006 5291 3283 5358 cuscipere
3328 5289 3572 5344 divinum

1979 5398 2180 5452 corpus
2225 5383 2463 5446 Domini,
2500 5382 2594 5436 sed
2629 5393 2684 5437 et
2725 5384 2778 5436 in
2827 5398 3056 5452 corpore
3089 5397 3246 5451 puro.
3287 5381 3577 5437 Involven-

1980 5477 2106 5530 dum
2147 5485 2333 5529 autetn
2369 5484 2453 5530 est
2482 5475 2608 5539 hoc,
2639 5474 2689 5527 id
2716 5483 2821 5539 est,
2849 5473 3280 5529 contrahendum
3320 5483 3374 5528 et
3400 5475 3579 5527 cunti-

1981 5568 2217 5622 nendutn
2270 5575 2325 5622 et
2380 5582 2484 5621 non
2549 5566 2978 5636 explanandum.
3046 5565 3365 5636 Mysterium
3429 5566 3575 5618 enim

1980 5659 2034 5713 in
2091 5667 2376 5712 contracto
2429 5665 2515 5713 est
2563 5667 2617 5713 et
2674 5656 2972 5721 occultum,
3015 5666 3069 5712 et
3100 5672 3205 5711 non
3236 5656 3408 5711 cuivis
3442 5670 3576 5725 ape-

1984 5751 2255 5806 riendum.
