4022 6504
525 477 628 548 ϐτί

1445 473 2032 539 τΗΕΟΡΗηΑρτι
2078 471 2487 536 BULGARUE
2520 470 2872 533 ARCHIEP.

3672 460 3780 528 ϐἲῖ

529 595 755 657 deserti.
785 593 878 651 illo
905 603 1177 660 nunquam
1210 603 1239 644 a
1272 587 1432 644 Patre
1475 589 1768 645 derelictus
1812 589 1926 643 fuit.
1961 588 2097 643 Audi

2204 588 2409 650 ἐκεῖνος
2441 586 2497 640 δὲ
2524 587 2622 639 οὐκ
2647 580 3040 654 ἐγκατελείφθη
3071 581 3200 635 ποτέ
3232 580 3378 651 παρὰ
3410 579 3504 635 τοῦ
3521 580 3773 652 Πατρός.

525 689 670 744 enim
694 684 1000 758 quid'iiirat
1026 701 1039 736 :
1077 680 1192 736 Non
1224 695 1342 736 sum
1388 679 1556 744 solus,
1588 680 1784 748 inquit,
1813 683 1905 735 sed
1935 679 2094 734 Pater

535 789 744 831 mecum
761 782 870 828 est.
897 769 993 828 Vel
1029 771 1190 825 etiam
1219 785 1317 839 pro
1349 768 1594 824 llehrmis
1625 769 1777 832 dicit,
1805 779 1919 823 eral
1951 770 2092 826 enim

530 866 784 920 Hebraeus
830 870 884 916 et
927 863 1046 932 ipse
1098 862 1391 916 secundum
1431 874 1672 914 carnem.
1708 859 1817 915 Cur
1848 875 1951 926 me,
1993 858 2094 914 hoc

528 966 631 1017 est,
657 971 755 1010 cur
789 955 1109 1009 llehraicum
1143 951 1396 1024 populum
1438 953 1754 1014 deseruisti,
1789 961 1842 1004 ut
1879 950 2094 1005 cruciﬁ-

526 1058 716 1112 κεῖραι
773 1045 970 1100 Filium
1025 1044 1210 1098 tuum?
1261 1044 1723 1110 Quemadmodum
1775 1046 1915 1097 enim
1968 1060 2096 1099 con-

529 1137 806 1190 suevimus
833 1135 1035 1199 dicere,
1081 1136 1220 1190 Deus
1247 1135 1368 1187 tulit
1394 1150 1502 1198 me,
1537 1137 1638 1188 hoc
1667 1146 1767 1197 est,
1808 1134 2093 1188 humanam

528 1234 774 1280 naturam
811 1246 823 1280 ε
855 1227 933 1281 sic
965 1237 1019 1280 et
1042 1226 1142 1280 hoc
1174 1228 1288 1280 loco
1317 1225 1659 1294 Dereliquisti
1710 1241 1818 1288 tne.
1865 1225 1962 1277 hoc
1989 1237 2092 1288 est,

533 1318 617 1373 vel
651 1332 830 1373 meam
865 1320 1155 1371 humanam
1193 1327 1467 1380 naturam,
1499 1317 1580 1369 Vel
1629 1331 1804 1370 meum
1841 1316 2092 1384 populum

525 1408 824 1464 Jmlaicum.
862 1409 1115 1463 Cucurrit
1145 1423 1270 1462 vero
1303 1424 1443 1462 unus
1481 1417 1538 1463 ut
1571 1419 1779 1462 acetum
1821 1410 1868 1461 ei
1898 1420 2095 1476 potan-

2201 679 2406 730 Ἀκουε
2429 677 2538 747 γὰρ
2570 675 2757 742 αὑτοῦ,
2788 674 2841 728 τί
2872 691 3036 744 φησιν
3061 691 3073 704 ·
3111 674 3224 727 Οὐκ
3255 674 3370 744 sip!
3421 674 3604 742 μόνος,
3637 673 3720 726 ὅτι
3746 674 3776 726 6

2195 770 2385 839 Πατὴρ
2417 770 2532 838 μετ’
2563 768 2696 838 ἐμοῦ
2747 770 2916 820 ἐστιν.
2946 765 3013 819 Ἣ
3043 765 3138 820 καὶ
3167 767 3308 836 ὑπὲρ
3342 764 3451 819 τῶν
3495 764 3774 833 Ἐϐραίων

2197 860 2353 912 τοῦτό
2391 877 2577 929 φησιν,
2612 858 2687 922 ὡς
2725 858 2975 929 Ἐϐραῖος
3006 857 3099 910 καλ⁸
3129 857 3290 920 αὐτὸς
3331 856 3394 910 τὸ
3419 857 3563 910 κατά
3593 857 3775 925 σάρκα

2197 952 2291 1004 ὢν·
2329 953 2422 1014 Εἰς
2453 950 2505 1002 τί
2538 952 2658 1021 ἐμὲ,
2689 952 2955 1014 τουτέστι,
2985 951 3075 1002 τὸν
3106 948 3395 1018 Ἐϐραικὺν
3422 949 3573 1014 λαὸν,
3607 951 3774 1016 ἐγκα-

2201 1044 2442 1106 τέλιπες,
2489 1043 2574 1094 ἵνα
2603 1041 2961 1112 σταυρώσωσι
2992 1041 3084 1094 τὸν
3130 1041 3257 1094 Υίὸν
3288 1041 3376 1093 τὸν
3405 1041 3527 1105 σόνς
3560 1042 3774 1110 Ὠσπερ

2195 1133 2304 1202 γὰρ
2327 1132 2595 1201 εἰώθαμεν
2616 1132 2816 1200 λέγειν,
2849 1133 2930 1184 ὅτι
2961 1131 3020 1184 Ὀ
3049 1131 3178 1194 Θεὸς
3208 1131 3470 1201 ἐφόρεσεν
3501 1132 3622 1198 ἐμὲ,
3653 1129 3779 1184 ἀντὶ

2196 1224 2313 1287 τοῦ,
2358 1223 2454 1291 τὴν
2496 1223 2845 1294 ἀνθρωπίνην
2877 1223 3056 1291 φύσιν·
3094 1222 3236 1276 οὕτω
3267 1223 3359 1276 καὶ
3402 1222 3638 1278 ἐνταῦθα
3667 1223 3731 1276 τὸ
3756 1258 3775 1288 ,

2198 1311 2586 1380 Ἐγκατέλιπές
2649 1331 2740 1383 με,
2771 1313 2878 1366 νόει
2903 1313 3022 1366 ἀντί
3051 1312 3172 1379 τοῦ,
3197 1312 3296 1382 τὴν
3326 1311 3465 1382 ἐμὴν
3496 1313 3660 1381 φύσιν
3676 1313 3779 1383 τὴν

2199 1404 2556 1474 ἀνθρωπίνην
2581 1447 2594 1468 ,
2655 1405 2689 1474 ἢ
2715 1405 2804 1456 τὸν
2838 1404 2969 1473 ἐμὸν
3007 1405 3134 1457 λαὸν
3166 1406 3254 1458 τὸν
3286 1403 3598 1457 Ἰουδαϊκόν.
3633 1410 3780 1474 Apa-

525 1502 652 1554 dunt
713 1500 1031 1570 porrigeret,
1089 1514 1195 1566 quo
1240 1499 1402 1552 citius
1445 1513 1567 1552 eum
1625 1500 1762 1552 aceti
1805 1499 2097 1552 conﬁceret

2208 1495 2324 1564 μίυν
2346 1497 2402 1549 δὲ
2439 1492 2536 1559 εἷς,
2569 1497 2686 1560 ὅξος
2719 1496 2965 1559 ἐπότιζεν
3011 1497 3191 1559 αὐτὸν,
3233 1497 3319 1549 ἵνα
3361 1497 3777 1567 συντομώτερον

525 1592 853 1644 amaritudo.
878 1589 1010 1643 Cum
1039 1599 1218 1643 autem
1245 1588 1705 1644 clamasse-Hesus
1727 1604 1857 1643 voce
1883 1603 2094 1658 magna.

2204 1592 2361 1642 αὑτὸν
2392 1594 2424 1660 ἡ
2461 1592 2726 1660 δριμύτης
2763 1591 2854 1643 τοῦ
2882 1592 3034 1656 ὄξους
3067 1593 3379 1663 θανατώσῃ.
3415 1593 3645 1662 Κράξας
3666 1593 3722 1645 δέ
3746 1593 3777 1644 6

525 1682 844 1750 exspiravit.
892 1683 1045 1751 quasi
1085 1682 1306 1734 irritans
1335 1691 1558 1733 mortem
1608 1693 1663 1733 ut
1715 1680 1993 1744 Dowiuus,
2044 1690 2099 1734 et

2204 1678 2407 1748 Ἰησοῦς
2441 1683 2588 1748 φωνῇ
2619 1681 2846 1752 μεγάλῃ,
2870 1681 3209 1744 ἐξέπνευσεν,
3237 1681 3401 1734 οἱονεὶ
3430 1681 3776 1750 προσκαλοΰο

528 1783 794 1844 potestate
823 1789 916 1827 sua
953 1775 1211 1827 moriens.
1247 1773 1377 1838 Qua:
1417 1785 1594 1825 autem
1628 1788 1725 1826 vox
1774 1773 1859 1824 illa
1912 1771 2094 1837 fuerit,

2205 1783 2357 1835 μενος
2397 1767 2486 1816 τον
2522 1765 2770 1830 θάνατον,
2819 1767 2892 1830 ὠς
2939 1769 3217 1837 Δεσπότης
3243 1770 3332 1820 καὶ
3374 1769 3494 1820 κατ’
3526 1768 3776 1832 ἐξουσίαν

527 1865 698 1920 Lucas
724 1866 1086 1920 mattifestavit
1118 1885 1130 1920 :
1170 1865 1349 1928 Pater,
1378 1867 1427 1918 in
1460 1881 1650 1919 manus
1679 1877 1792 1918 tuas
1824 1882 2097 1920 commen-

2204 1857 2584 1926 ἀποθνήσκων.
2621 1857 2716 1918 Τίς
2741 1857 2796 1908 δὲ
2829 1854 2947 1927 ἦνῆ
2982 1859 3154 1928 φωνὴ,
3180 1857 3451 1926 ἐδήλωσεν
3474 1861 3500 1910 6
3527 1859 3770 1921 Λουκᾶς·

527 1959 598 2011 do
623 1958 872 2023 spiritum
903 1974 1100 2012 meum.
1132 1957 1336 2011 Etenim
1370 1969 1421 2010 et
1451 1959 1552 2011 hoc
1587 1958 1906 2012 beneﬁcium
1936 1957 2096 2012 Chri-

2205 1951 2406 2015 Ηὰτερ,
2441 1951 2517 2010 εἰς
2550 1949 2734 2017 χεῖράς
2779 1966 2872 2000 σου
2907 1948 3245 2018 παρατίθημι
3276 1951 3335 2001 τὸ
3371 1948 3593 2018 πνεῦμά
3632 1967 3733 2019 μου
3759 1989 3773 2003 .

525 2049 592 2103 sti
643 2059 745 2112 est,
788 2051 931 2118 quod
990 2065 1130 2103 nunc
1173 2057 1482 2103 sanctorum
1528 2050 1751 2116 spiritus
1802 2051 1852 2102 in
1909 2067 2099 2104 manus

2205 2042 2310 2091 Καὶ
2343 2041 2450 2108 γὰρ
2483 2043 2577 2092 καὶ
2622 2039 2780 2092 τοῦτο
2809 2039 3171 2109 κατώρθωσεν
3200 2041 3332 2109 ἡμῖν
3384 2040 3413 2091 6
3448 2041 3677 2107 Κύριος,
3713 2041 3774 2093 τὸ

529 2138 705 2194 Patris
736 2141 1055 2203 ascendunt,
1090 2141 1180 2209 qui
1215 2141 1342 2195 olim
1378 2142 1445 2194 ab
1493 2141 1705 2195 inferno
1755 2141 2096 2207 tenebantur,

525 2233 696 2287 donec
769 2234 985 2287 veniret
1045 2232 1138 2302 qui
1218 2232 1534 2302 praedicavit
1606 2232 1837 2302 captivis
1911 2235 2096 2288 remis-

523 2339 754 2378 stonem.

598 2496 766 2552 Vna.
805 2497 1000 2553 58-“.
1056 2518 1074 2549 ι
1120 2500 1181 2554 Et
1211 2500 1388 2554 velum
1432 2501 1615 2570 templi
1667 2503 1896 2556 scissum
1932 2505 2095 2558 estin

525 2587 664 2642 duas
695 2599 874 2658 partes
907 2605 935 2641 a
972 2606 1089 2643 sum
1105 2606 1191 2642 mo
1221 2607 1392 2660 usque
1427 2594 1492 2644 ad
1521 2593 1707 2645 imum.
1745 2591 1877 2646 Cum
1912 2604 2093 2647 autem

527 2680 746 2733 vidisset
789 2681 1034 2734 centurio
1067 2679 1231 2751 230
1259 2681 1348 2749 qui
1388 2684 1599 2736 astabat
1630 2699 1692 2736 ex
1725 2684 1954 2737 adverso
1996 2684 2094 2745 illi.

526 2771 668 2835 quod
711 2771 790 2824 sic
828 2773 1028 2825 emisso
1058 2773 1292 2827 clamore
1337 2775 1691 2842 exspirasset,
1745 2776 1922 2829 dixit:
1964 2775 2100 2830 Vere

529 2862 690 2916 homo
720 2863 802 2918 hic
848 2860 1016 2918 Filius
1045 2877 1161 2918 crat
1195 2863 1307 2918 Dei.
1344 2867 1510 2919 Erant
1551 2878 1730 2923 autem
1763 2879 1815 2922 et
1851 2868 2099 2924 mulieres

526 2968 556 3004 e
609 2953 897 3024 longinquo
963 2968 1290 3023 spectantes,
1359 2959 1502 3010 inter
1564 2975 1698 3027 quas
1752 2971 1867 3014 erat
1935 2960 2098 3013 Malia

528 3043 862 3111 Magdalene,
910 3058 965 3100 et
998 3048 1166 3104 Maria
1217 3047 1404 3103 Jacobi
1440 3051 1613 3118 parvi,
1652 3061 1703 3103 et
1747 3051 1870 3105 Jose
1906 3061 2095 3117 mater,

524 3140 581 3184 et
623 3133 874 3187 Salome:
913 3150 1030 3204 qua:
1082 3140 1242 3191 etiam
1295 3154 1416 3192 cum
1470 3151 1612 3192 essu
1648 3143 1698 3192 in
1743 3139 1982 3203 Gallam,
2014 3155 2098 3195 se-

529 3231 665 3278 cuta
713 3222 927 3278 luerunt
959 3226 1109 3280 illum
1134 3269 1146 3290 ,
1183 3238 1237 3280 et
1272 3229 1709 3283 tniuistraveraut
1748 3230 1821 3294 ei,
1871 3231 2097 3297 aliaeque

531 3313 836 3380 complures
866 3331 982 3383 qum
1008 3317 1168 3369 simul
1201 3317 1560 3372 ascenderant
1592 3335 1712 3373 cum
1754 3337 1818 3372 eo
1843 3320 2097 3375 Hieroso-

530 3401 753 3470 lymam.
796 3425 815 3457 ι
846 3405 1089 3460 Scissum
1126 3417 1203 3462 est
1225 3407 1424 3472 velum,
1459 3425 1555 3478 per
1585 3411 1686 3466 hoc
1719 3411 2098 3466 ntanifestante

535 3501 647 3555 lien
673 3501 816 3569 quod
847 3501 1020 3568 gratia
1056 3499 1294 3570 Spiritus
1333 3515 1363 3555 e
1399 3502 1598 3572 tetttplo
1637 3503 1836 3568 cvolet,
1869 3514 1921 3557 et
1957 3504 2098 3572 quod

529 3589 726 3646 Sancta
771 3602 1080 3644 sanctorum
1129 3593 1383 3648 omnibus
1417 3593 1708 3661 conspicua
1764 3604 1819 3650 et
1870 3611 2089 3650 accessa

530 3683 658 3739 hcnt
690 3699 704 3738 :
733 3683 874 3752 quod
913 3694 966 3737 et
1017 3683 1354 3748 lactum.est,
1397 3682 1657 3739 Romanis
1713 3686 2008 3756 ingressis;
2046 3698 2100 3740 ιιι

528 3773 673 3845 quod
704 3776 885 3843 lugeat
914 3773 1080 3828 etiam
1118 3773 1373 3844 templum
1403 3791 1416 3828 :
1453 3789 1576 3829 nam
1600 3776 1743 3843 quod
1778 3777 1830 3830 ltt
1866 3777 2101 3830 calami-

536 3865 737 3919 tatibus
763 3865 940 3919 lacere
975 3865 1149 3920 solent
1190 3864 1382 3929 .ludai,
1422 3883 1544 3920 cum
1577 3876 1756 3921 vestes
1781 3868 2100 3926 dilat'eraut.

531 3954 704 4008 hocet
734 3954 990 4022 templum
1034 3954 1190 4024 qua'si
1251 3956 1550 4009 animatum
1586 3965 1756 4021 esset.
1791 3956 1919 4013 fecit
1948 3974 2100 4014 com-

532 4045 745 4114 patiens
805 4045 1081 4098 Couditori
1147 4060 1248 4098 suo
1314 4045 1558 4114 patienti,
1623 4056 1678 4100 et
1738 4056 1912 4102 vestes
1975 4063 2103 4102 suas

532 4135 877 4203 disrumpens
908 4152 921 4188 :
953 4145 1006 4189 et
1032 4136 1177 4189 aliud
1203 4135 1456 4204 quiddam
1489 4136 1539 4190 itt
1567 4137 1669 4192 hoc
1697 4138 2094 4193 manifestatur.

530 4226 674 4281 Caro
721 4227 834 4295 ipsa
877 4229 1236 4281 velamentum
1268 4235 1353 4281 est
1387 4228 1559 4281 nostri
1617 4228 1826 4296 templi,
1869 4230 1968 4283 hoc
1999 4236 2103 4294 est,

537 4319 754 4372 mentis.
815 4317 999 4390 Itaque
1045 4319 1217 4373 virtus
1260 4333 1418 4386 quam
1466 4320 1652 4373 habuit
1683 4335 1811 4374 caro
1845 4322 2104 4376 adversus

537 4407 808 4475 spiritum,
877 4397 1222 4478 pensionibus
1291 4408 1499 4463 Christi
1579 4412 1839 4466 dissoluta
1904 4420 2009 4476 est,
2073 4426 2102 4464 a

533 4510 747 4552 summo
795 4511 964 4565 usque
1013 4499 1290 4563 deorsum,
1335 4499 1438 4552 hoc
1473 4508 1577 4560 est,
1612 4499 1682 4552 ab
1722 4500 1893 4552 Adam
1929 4516 2102 4568 usque

2205 2136 2283 2194 εἰς
2319 2135 2504 2200 χεῖρας
2537 2132 2631 2183 τοῦ
2666 2131 2800 2190 Θεοῦ
2835 2131 3147 2185 ἀναϐαίνειν
3177 2131 3242 2185 τά
3272 2131 3380 2183 τῶν
3411 2132 3583 2200 ἁγίων
3611 2131 3774 2185 πνεύ-

2207 2241 2353 2291 ματα
2382 2240 2394 2252 ’
2428 2223 2619 2293 πρώην
2655 2224 2762 2294 γὰρ
2796 2225 2852 2275 ἐν
2890 2222 3015 2293 ᾅδου
3046 2222 3264 2276 πάντων
3312 2223 3368 2274 αἱ
3409 2222 3581 2292 ψυχαὶ
3608 2223 3774 2292 ἐκρα-

2213 2315 2422 2379 τοῦντο,
2444 2316 2548 2378 ἕως
2571 2308 2631 2368 οὗ
2654 2311 2816 2386 ἦλθεν
2850 2319 2876 2368 6
2901 2314 3146 2384 κηρύξας
3165 2314 3534 2385 αἰχμαλώτοις
3558 2315 3771 2383 ἄφεσιν.

2277 2427 2293 2458 ι
2335 2409 2445 2461 Καὶ
2481 2408 2536 2461 τὸ
2569 2409 2968 2477 καταπέτασμα
3000 2408 3093 2460 τοῦ
3127 2407 3256 2461 ναοῦ
3282 2407 3504 2479 ἐσχίσθη
3539 2409 3620 2470 είς
3660 2406 3774 2472 δύο.

2200 2499 2307 2552 ἀπὸ
2345 2499 2549 2552 ἀνωθεν
2573 2500 2676 2563 ἓως
2707 2502 2877 2553 κάτω.
2906 2499 3052 2552 Ἰδὼν
3082 2499 3139 2552 δὲ
3165 2502 3192 2553 6
3229 2498 3532 2568 κεντυρίων
3564 2500 3592 2552 6
3627 2513 3770 2570 παρ-

2202 2587 2447 2654 εστηκὼς
2468 2588 2524 2652 ἐξ
2551 2588 2798 2650 ἐναντίας
2822 2586 2987 2640 αὑτοῦ
3029 2589 3110 2642 ὅτι
3139 2586 3498 2657 οῦτωκράξας
3523 2587 3774 2654 ἐξίπνσυο

2203 2695 2313 2740 σεν,
2340 2676 2490 2731 εἶπεν
2515 2693 2528 2707 ο
2557 2679 2799 2748 Ἀληθῶς
2818 2681 2844 2730 6
2864 2679 3147 2748 ἄνθρωπος
3180 2672 3332 2744 οὗτος
3367 2679 3492 2743 Υἱὸς
3521 2673 3591 2749 ἦν
3616 2679 3772 2734 Θεοῦ.

2201 2764 2380 2819 Ἷίσαν
2409 2770 2464 2821 δὲ
2499 2772 2591 2822 καὶ
2628 2771 2882 2836 γυναῖκες
2913 2770 3021 2822 ἀπὸ
3059 2771 3331 2839 μακρόθεν
3362 2770 3686 2839 θεωροῦσαι.
3720 2771 3783 2826 ἐν

2203 2855 2289 2921 αἷς
2327 2855 2392 2927 ἦν
2433 2861 2618 2928 Μαρία
2657 2862 2686 2928 ἡ
2722 2859 3079 2930 Μαγδαληνὴ,
3113 2862 3204 2913 καὶ
3232 2861 3415 2930 Μαρία
3444 2862 3479 2929 ἡ
3520 2859 3778 2914 Ἰακώϐου

2203 2949 2294 3002 τοῦ
2331 2949 2550 3021 μικροῦ,
2587 2953 2678 3002 καὶ
2714 2951 2869 3020 Ἰωσῆ
2910 2953 3114 3022 μήτηρ,
3154 2953 3248 3005 καὶ
3295 2952 3552 3023 Σαλώμη.
3585 2953 3650 3006 Al
3683 2954 3779 3006 καὶ

2202 3042 2288 3093 ὅτε
2324 3038 2390 3111 ἦν
2423 3044 2478 3094 ἐν
2512 3046 2577 3112 τῇ
2599 3043 2883 3114 Γαλιλαίᾳ,
2917 3045 3246 3111 ἠκολούθουν
3271 3045 3440 3114 αὐτῷ,
3476 3047 3570 3099 καὶ
3599 3046 3782 3115 διηκό-

2203 3148 2326 3184 νουν
2353 3133 2525 3202 αὐτῷ,
2560 3136 2653 3186 καὶ
2688 3135 2842 3188 ἀλλαι
2881 3137 3093 3199 πολλαὶ,
3127 3139 3181 3188 αἱ
3227 3138 3601 3190 συναναϐᾶσαι
3631 3137 3782 3209 αὐτῷ

2205 3225 2281 3284 είς
2326 3223 2695 3293 Ἰεροσόλυμα.
2743 3243 2760 3276 ι
2813 3226 3069 3294 Ἐσχίσθη
3115 3227 3174 3278 τὸ
3221 3230 3644 3296 καταπέτασμα,
3682 3229 3782 3291 δη-

2206 3312 2421 3376 λοῦντος
2454 3314 2546 3366 τοῦ
2581 3313 2740 3377 Θεοῦ,
2781 3318 2860 3369 ὅτι
2899 3320 2930 3384 ἡ
2973 3318 3131 3387 χάρις
3184 3318 3277 3370 τοῦ
3319 3318 3640 3386 Πνεύματος
3671 3320 3783 3372 ἀπ-

2202 3406 2330 3475 έστη
2373 3406 2480 3458 ἀπὸ
2528 3405 2620 3458 τοῦ
2659 3407 2808 3472 ναοῦ,
2850 3411 2943 3461 καὶ
2996 3410 3170 3462 ὅτιτά
3228 3411 3394 3476 ’Ᾱγια
3446 3410 3553 3462 τῶν
3604 3410 3779 3478 ἁγίων

2205 3496 2339 3547 πᾶσι
2374 3494 2542 3548 Θεατά
2590 3497 2685 3550 καὶ
2732 3498 2940 3569 βάσιμα
2981 3501 3455 3570 καταστήσονται·
3497 3501 3526 3553 6
3558 3502 3652 3554 καὶ
3693 3501 3785 3568 γι-

2202 3603 2348 3653 γονε,
2399 3587 2510 3640 τῶν
2567 3587 2859 3659 Ῥωμαίων
2905 3591 3258 3646 εἰσελθόντων
3292 3609 3304 3621 ’
3342 3595 3434 3646 καὶ
3478 3594 3560 3646 ὃτι
3591 3593 3790 3648 πενθεῖ

2203 3675 2297 3726 καὶ
2346 3677 2374 3727 6
2407 3676 2553 3738 ναός.
2593 3677 2774 3747 Ὅπερ
2809 3679 2916 3749 γὰρ
2970 3680 3228 3733 εἰώθασιν
3261 3681 3508 3735 Ἰουδαῖοι
3557 3685 3614 3735 ἐν
3663 3684 3788 3746 ταῖς

2217 3770 2527 3837 συμςοραῖς
2567 3773 2760 3831 ποιεῖν,
2795 3774 2885 3822 καὶ
2931 3772 3322 3842 διαρρηγνύναι
3365 3775 3489 3835 τοὺς
3524 3775 3786 3843 χιτῶνας.

2204 3859 2360 3911 τοῦτο
2412 3860 2506 3911 καὶ
2544 3862 2572 3912 6
2606 3863 2753 3924 ναὸς,
2805 3862 3006 3915 ὡσανεὶ
3044 3864 3309 3934 ἔμψυχος,
3353 3867 3654 3929 ἐνεδείξατο
3691 3869 3788 3920 ἐπὶ

2201 3949 2278 4017 τῷ
2310 3951 2518 4019 κτίστῃ
2559 3950 2843 4019 πάσχοντι,
2878 3953 2936 4004 τὸ
2968 3952 3163 4005 ἑαυτοῦ
3203 3955 3417 4023 ἱμάτιον
3444 3955 3747 4025 διαρρήξας
3770 3974 3785 3987 -

2202 4042 2295 4092 καὶ
2332 4041 2460 4094 ἄλλο
2507 4041 2563 4094 δέ
2609 4059 2660 4092 τι
2697 4043 2758 4094 ἐκ
2802 4042 2993 4096 τούτου
3029 4043 3305 4113 δηλοῦται.
3357 4047 3423 4101 Ἥ
3465 4046 3602 4116 σὰρξ
3643 4047 3791 4118 αῦτη

2205 4134 2605 4201 καταπέτασμά
2639 4135 2757 4186 ἐστι
2788 4135 2879 4186 τοῦ
2909 4137 3178 4205 ἡμετέρου
3214 4137 3366 4200 ναοῦ,
3395 4141 3665 4204 τουτέστι,
3689 4140 3790 4195 τοῦ

2213 4225 2332 4286 νοός
2361 4239 2374 4253 ·
2411 4225 2444 4293 ἠ
2478 4223 2607 4289 γοῦν
2635 4224 2732 4290 τῆς
2763 4227 2964 4294 σαρκὸς
2995 4225 3244 4297 δύναμις,
3281 4229 3349 4298 ἢν
3387 4227 3499 4299 εἶχε
3532 4233 3670 4285 κατά
3691 4230 3789 4284 τοῦ

2204 4318 2536 4387 πνεύματος,
2570 4318 2839 4390 διερρἀη
2868 4323 2984 4383 τοῖς
3016 4321 3210 4375 πάθεσι
3240 4324 3333 4376 τοῦ
3367 4325 3636 4395 Χριστοῦ,
3675 4328 3788 4380 ἀπὸ

2201 4411 2408 4464 ἄνωθεν
2459 4411 2562 4473 ἕως
2610 4412 2782 4474 κάτω,
2825 4414 3123 4474 τουτέστιν,
3154 4416 3258 4466 ἀπδ
3316 4415 3487 4484 ’Δδάμ
3528 4416 3638 4481 ἓως
3689 4420 3790 4473 καὶ

2201 4503 2308 4554 τῶν
2347 4503 2672 4556 τελευταίων
2700 4503 3025 4574 ἀνθρώπων.
3053 4507 3160 4558 Καὶ
3191 4508 3298 4576 γάρ
3345 4508 3374 4560 6
3419 4509 3593 4577 ’Δδάμ
3629 4511 3792 4580 ἡγία-

534 4588 602 4641 ad
633 4589 952 4642 novissimos
984 4590 1249 4644 homines.
1282 4589 1493 4644 Etenim
1536 4592 1707 4644 Adam
1748 4592 2086 4645 sanctitlcato

2217 4613 2337 4648 σται
2365 4599 2476 4658 τοῖς
2511 4595 2708 4648 πάθεσι
2765 4596 2857 4650 τοῦ
2896 4595 3158 4664 Χριστοῦ,
3193 4600 3285 4650 καὶ
3314 4600 3414 4652 οὐκ
3449 4600 3528 4652 ἔτι
3564 4602 3597 4671 ἡ
3648 4602 3792 4673 σάρε

537 4678 878 4746 passionibus
905 4679 1133 4743 Christi,
1170 4697 1274 4734 non
1309 4682 1447 4735 ultra
1476 4696 1604 4736 caro
1638 4682 1782 4736 illius
1812 4683 2099 4737 maledicta

537 4773 661 4830 erit,
700 4783 871 4835 neque
903 4769 1233 4837 corruptiooi
1280 4771 1539 4834 obnoxia,
1590 4773 1680 4825 sed
1720 4773 2102 4840 incorruptibi-

538 4859 690 4912 litate
727 4858 976 4913 honorati
1016 4873 1204 4912 sumus
1243 4875 1454 4914 omnes.
1497 4859 1666 4913 Porro
1697 4862 1960 4926 centurio,
2004 4861 2107 4915 hoc

535 4960 640 5013 est,
675 4950 765 5019 qui
821 4957 1037 5003 centum
1097 4959 1350 5016 praerat,
1407 4950 1592 5003 videns
1647 4950 1791 5018 quod
1843 4959 1950 5003 tam
2013 4965 2105 5018 po-

538 5048 712 5097 tentcr
741 5050 796 5096 et
838 5043 976 5096 sicut
1022 5041 1281 5096 Dominus
1321 5043 1509 5095 mortis
1542 5044 1890 5110 exspirasset,
1941 5042 2109 5096 admi-

537 5143 686 5188 ratus
732 5143 816 5189 est
857 5143 914 5188 et
960 5133 1259 5188 confessus.
1298 5132 1434 5190 Vide
1470 5144 1648 5188 autem
1695 5135 1941 5190 ordinem
1974 5150 2107 5189 con-

539 5237 774 5278 versum.
836 5222 1006 5278 Judaei
1064 5223 1431 5285 interﬁciunt.
1493 5225 1708 5294 gentilis
1765 5225 2104 5280 conﬁtetur:

540 5312 786 5380 discipuli
841 5313 1071 5381 lugiuut,
1131 5313 1381 5369 mulieres
1427 5325 1667 5369 manent.
1725 5315 1890 5369 Erant
1931 5317 2102 5382 enim,

545 5403 736 5469 inquit,
776 5403 847 5457 ibi
899 5412 954 5457 ct
999 5403 1280 5467 mulieres.
1321 5407 1462 5458 inter
1509 5420 1646 5472 quas
1691 5405 1854 5460 Maria
1896 5407 2110 5477 Magda-

542 5491 684 5554 lene,
737 5500 794 5546 et
842 5491 1009 5549 Maria
1063 5492 1246 5548 Jacobi
1285 5503 1338 5548 et
1366 5492 1493 5548 Jose
1523 5505 1716 5549 mater.
1767 5495 1828 5549 Et
1863 5496 1978 5551 haec
2014 5496 2105 5551 Dei

539 5581 786 5637 Genitrix
830 5592 968 5648 erat,
1005 5600 1123 5655 qua:
1175 5596 1444 5654 quatenus
1499 5584 1735 5656 Josepho
1787 5588 2108 5657 desponsata

550 5675 671 5740 fuit,
699 5684 873 5729 mater
905 5685 1022 5730 erat
1049 5686 1105 5732 et
1133 5676 1363 5732 ﬁliorum
1394 5675 1620 5748 Ioseph,
1652 5677 1802 5745 cujus
1835 5679 1925 5734 ﬁlii
1959 5680 2110 5734 fuere

543 5763 778 5819 Jacohus
818 5776 874 5821 et
910 5763 1084 5823 loses.
1119 5769 1327 5823 Dicitur
1367 5769 1559 5823 horum
1608 5779 1800 5833 mater,
1855 5770 1960 5825 hoc
2006 5780 2107 5838 est,

547 5871 776 5914 noverca
806 5875 822 5916 :
857 5858 998 5915 sicut
1027 5867 1078 5915 et
1111 5858 1306 5931 Joseph
1347 5876 1482 5916 uxor
1515 5861 1816 5929 dicebatur,
1861 5861 1956 5920 hoc
2000 5872 2104 5931 est,

2206 4687 2414 4739 ἐκείνου
2465 4687 2869 4754 ἐπικαταρατος
2931 4688 3107 4750 ἔσται,
3167 4689 3288 4742 οὐδὲ
3349 4690 3528 4761 φθορᾷ
3577 4692 3788 4763 ἔνοχος,

2204 4777 2319 4829 ἀλλ’
2374 4779 2654 4847 ἀφθαρσίᾳ
2710 4777 3048 4846 ἐτιμήθημεν
3105 4779 3364 4843 ἅπαντες.
3420 4780 3570 4834 Ἰδὼν
3646 4783 3707 4837 δὲ
3761 4787 3789 4840 6

2211 4867 2534 4936 κεντυρίων,
2566 4865 2862 4930 τουτέστιν,
2906 4867 2933 4917 6
2964 4868 3356 4940 ἑκατόνταρχος
3378 4873 3643 4941 (κέντουμ
3675 4876 3788 4947 γὰρ

2212 4955 2459 5019 λέγουσιν
2499 4955 2544 5007 oi
2581 4954 2838 5024 Ῥωμαῖοι
2905 4955 2965 5007 τὸ
3011 4957 3225 5026 ἑκατόν)
3271 4959 3352 5011 ὅτι
3385 4952 3529 5013 οὕτω
3591 4961 3788 5017 δεσπο-

2209 5045 2743 5112 τικῶς-ἐξέπνευσεν,
2779 5046 3055 5116 ἐθαύμασε
3097 5052 3189 5100 καὶ
3221 5049 3601 5120 ὡμολόγησεν.
3645 5054 3788 5126 ὐρα

2210 5135 2264 5188 δέ
2296 5138 2386 5188 καὶ
2419 5137 2517 5204 τὴν
2543 5137 2694 5201 τάξιν
2725 5138 3215 5205 ἁντιστραφεῖσαν·
3253 5143 3308 5193 oi
3335 5142 3584 5196 Ἰουδαῖοι
3626 5144 3788 5198 θανα-

2210 5227 2415 5292 τοῦσιν,
2441 5230 2468 5282 6
2491 5228 2702 5291 ἐθνικὸς
2727 5228 3010 5298 ὁμολογεῖ·
3037 5231 3087 5283 oi
3111 5231 3352 5298 μαθηταὶ
3382 5234 3700 5303 φεύγουσιν,
3732 5239 3786 5290 at

2212 5323 2464 5388 γυναῖκες
2510 5319 2942 5388 παραμένουσιν.
2973 5317 3156 5376 Ἦσαν
3199 5329 3332 5396 γὰρ,
3367 5327 3524 5401 φησὶ,
3556 5330 3652 5384 καὶ
3693 5348 3790 5399 γυ-

2211 5415 2416 5471 ναῖκες,
2454 5411 2511 5461 ἐν
2539 5403 2625 5472 αἷς
2652 5405 2719 5480 ἦν
2753 5413 2944 5483 Μαρία.
2984 5415 3016 5484 ἡ
3061 5416 3421 5488 Μαγδαληνὴ,
3455 5421 3551 5475 καὶ
3597 5422 3790 5493 Μαρία

2210 5505 2244 5572 ἡ
2279 5501 2565 5566 Ἰακώϐου,
2606 5503 2699 5554 καὶ
2726 5504 2886 5574 Ἰωσῆ
2919 5506 3102 5577 μήτηρ
3125 5525 3138 5536 ·
3171 5508 3312 5580 αὕτη
3354 5510 3434 5579 δέ,
3464 5516 3499 5582 ἡ
3526 5513 3786 5579 Θεοτόιως

2211 5589 2300 5664 ἦν,
2357 5594 2476 5662 ἥτις
2526 5592 2648 5647 καθ’
2694 5593 2725 5647 6
2780 5597 3127 5669 ἐμιηστεύθη
3184 5599 3261 5670 τῷ
3320 5601 3548 5675 Ἰωσὴφ,
3604 5608 3786 5678 μήτηρ

2211 5682 2391 5736 αὐτῶν
2425 5678 2517 5753 ἦν’
2549 5682 2639 5736 τοῦ
2670 5683 2727 5736 δὲ
2758 5686 2958 5757 Ἰωσὴφ
2992 5690 3177 5752 παῖδας
3203 5685 3370 5763 ἦσαν.
3406 5694 3669 5762 Ἰάκωϐον]
3693 5699 3785 5752 καὶ

2212 5771 2418 5841 Ίωσῆς.
2490 5773 2726 5837 Λέγεται
2776 5776 2953 5832 τοίνυν
3015 5781 3202 5853 μήτηρ
3252 5784 3456 5849 αὐτῶν,
3510 5788 3638 5842 ἀντὶ
3665 5787 3782 5852 τοῦ,

2217 5863 2455 5934 μητρυιά
2480 5880 2491 5893 ·
2527 5862 2716 5934 ὥσπερ
2754 5866 2845 5920 καὶ
2875 5866 2969 5922 τοῦ
3002 5867 3205 5944 Ἰωσὴφ
3226 5871 3447 5945 ἐλίγιτο
3475 5879 3637 5952 γυνὴ,
3668 5876 3790 5934 ἀντὶ
