4022 6524
252 416 348 480 €73

945 415 1392 479 ENARRATIO
1434 418 1515 478 IN
1559 418 2062 482 EVANGELIUM
2100 420 2363 480 MARCI.
2403 443 2469 453 —
2501 421 2660 481 CAP.
2705 422 2824 481 XV.

3417 427 3526 490 HL

225 523 360 589 ⁴τοῦ,
390 525 628 593 μνηστή.
676 525 734 576 Ἠ
768 523 1006 594 Σαλώμη
1049 524 1127 595 δὲ,
1154 519 1220 596 ἦν
1253 525 1285 592 ἡ
1323 525 1509 594 μήτηρ
1545 523 1655 576 τῶν
1687 522 1833 575 Υίῶν

1940 539 2162 593 sponsa.
2209 523 2429 578 Salome
2462 535 2643 578 autem
2693 536 2813 578 erat
2864 533 3037 579 mater
3085 525 3317 581 filiorum
3364 529 3535 589 lene-

252 617 550 672 Ζεσεδαίου.
575 616 680 670 Kal
705 617 886 670 ἄλλαι
919 617 974 670 δὲ
1001 617 1252 670 πολλαί.
1276 616 1396 670 Τῶν
1416 619 1521 688 γὰρ
1554 618 1828 688 ἐπισημο-

251 709 412 780 τέρων
451 709 714 778 ὀνομαστὶ
747 710 885 780 ὲμνη
897 711 1176 779 μὸνευσεν.

321 820 337 850 ε
378 802 489 854 Καὶ
519 801 617 872 ήδη
654 800 812 870 ὀψίας
848 803 1170 871 γενομένης,
1201 802 1324 855 ἐπεὶ
1363 796 1430 873 ἦν
1465 799 1824 870 Παρασκευὴ,

250 892 409 944 sem
462 892 866 962 προσάϐϐατον,
918 889 1082 963 ἦλθεν
1132 891 1331 963 Ἰωσὴφ
1373 895 1398 944 ὁ
1440 895 1546 947 ἀπὸ
1603 893 1830 962 Ἀριμα-

254 984 405 1046 θαίας
433 984 729 1055 εὐσχήμων
762 985 1076 1056 βουλευτὴς,
1122 987 1178 1048 ὃς
1217 988 1308 1037 καὶ
1355 986 1517 1048 αὐτὸς
1545 980 1612 1053 ἦν
1658 1001 1829 1055 προσ-

248 1075 529 1144 δεχόμενος
609 1077 705 1145 τὴν
768 1076 1046 1144 βασιλείαν
1127 1077 1220 1129 τοῦ
1295 1076 1471 1129 Θεοῦ·
1550 1076 1828 1144 τολμήσας

245 1166 455 1237 εἰσῆλθε
508 1167 645 1236 πρὸς
707 1169 934 1221 Πιλάτου
966 1211 978 1233 ,
1016 1170 1109 1221 καὶ
1150 1171 1395 1240 ᾐτήσατο
1434 1169 1493 1222 τὸ
1525 1169 1688 1239 σῶμα
1729 1168 1825 1221 τοῦ

258 1252 455 1321 Ἰησοῦ.
505 1253 562 1306 Ὀ
589 1254 645 1306 δὲ
679 1255 912 1318 Πιλᾶτος
938 1256 1277 1327 ἐθαύμασεν,
1319 1260 1368 1310 εί
1419 1258 1520 1329 ήδη
1553 1258 1784 1327 τέθνηκε
1810 1275 1824 1290 ·

248 1346 339 1399 καὶ
409 1346 930 1416 προσκαλεσάμενος
1011 1349 1102 1400 τὸν
1175 1352 1544 1420 κεντυρίωνα,
1605 1349 1828 1420 ἐπηρώ-

243 1455 404 1508 τησεν
458 1440 643 1506 αὐτὸν,
700 1443 748 1492 εί
793 1441 958 1495 πάλαι
1001 1443 1242 1495 ἀπέθανε
1272 1460 1284 1472 ο
1332 1445 1425 1496 καὶ
1486 1446 1654 1511 γνοὺς
1719 1443 1827 1496 ἀπὸ

241 1532 332 1585 τοῦ
395 1533 795 1603 κεντυρίωνος,
866 1533 1179 1603 ἐδωρήσατο
1235 1536 1297 1587 τδ
1374 1536 1533 1606 σῶμα
1602 1533 1681 1604 τῷ
1715 1534 1829 1587 Ἰω-

253 1624 384 1694 σὴφ.
451 1625 564 1679 Καὶ
611 1624 888 1694 ἀγοράσας
939 1627 1151 1681 σινδόνα
1197 1629 1289 1681 καὶ
1334 1626 1583 1682 καθελὼν
1638 1627 1824 1691 αὑτὸν,

240 1716 486 1786 ινείλησε
520 1721 587 1788 τῇ
647 1720 869 1785 σινδόνι,
905 1721 998 1772 καὶ
1033 1719 1340 1791 κατέθηκεν
1392 1720 1555 1772 αὑτὸν
1591 1721 1648 1772 ὲν
1686 1736 1828 1789 μνη-

241 1807 400 1878 μείῳ,
433 1807 462 1861 δ
513 1805 581 1880 ἦν
630 1809 1072 1880 λελατομημένον
1103 1811 1168 1863 ὲκ
1204 1810 1411 1880 πέτρας
1442 1827 1454 1841 ο
1505 1809 1602 1863 καὶ
1656 1826 1825 1874 προσ-

1937 616 2055 669 duei.
2095 616 2162 675 δι
2192 617 2316 669 alia:
2347 630 2563 685 quoque
2604 616 2810 679 multa.
2847 617 3064 672 nomina
3095 623 3240 675 enim
3276 624 3537 681 celebria.

1938 721 2056 759 rum
2096 717 2304 760 tantum
2336 704 2812 761 con'imemoravit.

2008 882 2173 939 Vens.
2222 883 2413 938 κίε-47.
2469 902 2485 934 ι
2534 884 2598 938 Et
2645 900 2766 938 cum
2823 885 2938 956 jam
2983 886 3223 941 venisset
3278 903 3528 960 vespera,

1931 977 2189 1044 quoniam
2237 989 2353 1031 erat
2386 976 2694 1032 Parasceve
2731 995 2853 1048 quae
2900 981 3159 1047 praecedit
3207 981 3531 1045 Sabbulum.

1930 1069 2082 1120 venit
2104 1065 2305 1137 Joseph
2337 1081 2492 1123 ortus
2519 1084 2580 1122 ex
2619 1068 2842 1124 civitate
2871 1070 3232 1135 Arimatha‘a.
3268 1074 3530 1130 honestus

1931 1169 2174 1226 senator,
2197 1162 2288 1229 qui
2315 1171 2370 1214 et
2404 1162 2518 1230 ipse
2551 1171 2669 1216 erat
2695 1172 3020 1231 exspectans
3049 1179 3274 1231 regnum
3311 1165 3400 1219 Dei
3432 1183 3445 1230 ;
3481 1183 3534 1220 ιιι

1931 1261 2143 1320 sumpta
2192 1252 2422 1306 audacia
2454 1253 2734 1324 ingressus
2763 1264 2846 1307 est
2877 1256 2943 1308 ad
2984 1256 3250 1318 Pilatum,
3287 1266 3340 1310 et
3379 1261 3533 1322 petiit

1929 1360 2132 1413 corpus
2174 1343 2323 1399 Jesu.
2379 1345 2584 1400 Pilatus
2627 1357 2809 1401 autem
2855 1350 3159 1404 admiratus
3195 1361 3282 1405 est
3341 1351 3386 1406 si
3422 1350 3531 1420 jam

1934 1448 2180 1490 mortuus
2207 1445 2371 1490 esset.
2410 1436 2473 1490 [ﬁt
2517 1437 2786 1492 accersito
2821 1439 2886 1492 ad
2913 1453 2970 1493 se
3000 1442 3324 1495 centurione
3357 1442 3530 1494 inter-

1930 1532 2142 1598 rogavit
2172 1529 2345 1592 illum,
2380 1544 2447 1581 an
2474 1529 2791 1597 jamdudum
2835 1539 3086 1586 mortuus
3113 1533 3325 1588 fuisset.
3361 1533 3422 1588 Et
3448 1550 3531 1588 re-

1935 1620 2149 1689 ettgnita
2182 1633 2246 1674 ex
2285 1621 2629 1683 centurione,
2664 1621 2885 1674 donavit
2929 1636 3132 1690 corpus
3165 1624 3264 1692 ipsi
3300 1622 3530 1695 Josepli.

1933 1711 1999 1764 Et
2038 1715 2084 1765 is
2121 1722 2400 1766 mercatus
2445 1712 2759 1778 sindonem,
2798 1715 3105 1781 depositum
3137 1732 3262 1770 cum
3309 1719 3537 1771 involvit

1931 1805 2190 1868 sindoni,
2251 1804 2602 1874 rcposuitque
2666 1805 2718 1858 in
2785 1818 3141 1861 monumento
3207 1808 3351 1877 quod
3417 1820 3536 1864 erat

243 1900 462 1953 εκύλισε
494 1902 642 1954 λίθον
673 1903 766 1954 ἐπὶ
819 1903 916 1971 τὴν
971 1901 1142 1973 θύραν
1188 1901 1282 1955 τοῦ
1333 1902 1624 1971 μνημείου.
1657 1900 1723 1953 Ἦ
1770 1900 1826 1953 δὲ

1940 1897 2176 1950 excisum
2211 1909 2241 1948 e
2282 1905 2481 1965 petra:
2533 1903 2589 1949 et
2637 1894 2880 1949 advolvit
2931 1896 3164 1962 lapidem
3220 1899 3288 1950 ad
3334 1900 3535 1952 ostium

236 1993 428 2063 Μαρία
464 1996 496 2064 ἡ
530 1993 866 2062 Μαγδαληνὴ
900 1997 991 2046 καὶ
1039 1995 1230 2063 Μαρία
1271 1993 1514 2063 ἡΊωσῆ,
1556 1992 1828 2063 ἐθεώρουν

239 2085 340 2137 ποῦ
387 2085 619 2139 τίθεται.
665 2105 681 2136 ι
732 2087 788 2139 Ὀ
830 2089 1099 2157 μακάριος
1143 2087 1368 2158 Ἰωσὴφ,
1427 2087 1506 2138 ἔτι
1553 2085 1633 2155 τῷ
1679 2087 1829 2157 νόμῳ

233 2175 529 2241 δουλεύων,
583 2177 677 2230 καὶ
717 2178 808 2230 τὸν
853 2179 1090 2248 Χριστὸν
1139 2178 1273 2231 Θεὸν
1309 2179 1544 2247 ἐπέγνω,
1602 2178 1681 2230 διὸ
1737 2179 1829 2231 καὶ

235 2267 414 2339 τολμᾷ
440 2270 646 2337 τόλμαν
688 2274 981 2343 ἐπαινετή-ι
1015 2289 1026 2301 ·
1064 2271 1162 2342 οὐχ
1195 2271 1554 2340 ὑπελογίσατο
1582 2272 1714 2342 γὰρ,
1746 2253 1828 2324 δτι

238 2359 506 2425 Πλούσιός
545 2364 682 2432 εἰμι,
748 2365 847 2416 καὶ
898 2364 1243 2435 ὲκπεσοῦμαι
1285 2365 1377 2417 τοῦ
1428 2364 1680 2426 πλούτου,
1731 2365 1828 2418 ἐὰν

233 2453 556 2523 αἰτήσωμαι
585 2455 645 2507 τὸ
680 2455 837 2524 σῶμα
878 2455 967 2508 τοῦ
1012 2457 1105 2508 ἐπὶ
1136 2456 1412 2526 τυραννίδι
1465 2457 1828 2528 κατακριθέν-

233 2559 350 2607 τος,
395 2545 494 2599 καὶ
535 2545 969 2616 διαϐληί;ήσομαι
1017 2549 1129 2608 τοῖς
1162 2547 1436 2609 Ἰουδαίοις
1469 2563 1480 2575 ·
1515 2548 1668 2601 οὐδὲν
1705 2548 1828 2601 τού-

232 2653 344 2691 των
392 2635 519 2692 εἷπε
566 2639 686 2692 καθ’
721 2641 912 2691 ἑαυτόν
941 2657 952 2669 ·
992 2639 1127 2692 ἀλλὰ
1175 2641 1356 2693 πάντα
1405 2639 1634 2709 δεύτερα
1691 2644 1829 2713 ἡγη-

237 2730 505 2802 σάμενος,
539 2733 785 2803 ᾐτήσατο
817 2732 905 2785 ἵνα
938 2731 1082 2802 θάψη
1117 2732 1179 2786 τὸ
1213 2733 1305 2786 τοῦ
1341 2734 1826 2804 κατακεκριμένον

239 2821 440 2892 σῶμα.
493 2821 550 2875 '0
570 2823 624 2874 δὲ
668 2823 894 2884 Πιλᾶτος
939 2821 1274 2890 ἐθαύμασεν,
1331 2825 1376 2874 εἰ
1409 2825 1508 2894 ἤδη
1543 2823 1824 2894 τέθνηκεν’

231 2914 462 2981 ἐνόμιζε
528 2916 635 2984 γὰρ
682 2916 846 2968 αὑτὸν
879 2916 972 2969 ἐπὶ
1010 2915 1146 2968 πολὺ
1192 2917 1459 2981 ἀνθέξειν,
1497 2917 1685 2988 ὥσπερ
1736 2921 1829 2971 καὶ

231 3006 362 3067 τοὺς
393 3007 624 3076 λῃστάς.
647 3006 1012 3078 Ἐπηρὼτησε
1042 3007 1098 3060 δὲ
1145 3008 1238 3060 καὶ
1274 3009 1364 3062 τὸν
1405 3011 1739 3078 κεντυρίωνα
1779 3014 1827 3066 εἰ

231 3097 414 3150 πάλαι
453 3099 714 3162 ἀπέθανε,
761 3100 1061 3162 τουτέστιν,
1107 3102 1154 3151 εί
1190 3100 1297 3170 πρὸ
1349 3100 1495 3171 ὧρας
1530 3101 1824 3157 ἀπέθανεν.

1935 1989 2296 2043 monumenti.
2351 1988 2420 2041 At
2471 1985 2643 2041 Maria
2712 1988 3029 2056 Magdaleue
3085 1984 3140 2043 et
3187 1989 3358 2044 Maria
3409 1987 3536 2044 lose

1937 2083 2262 2151 spectabant
2303 2081 2394 2135 ubi
2441 2092 2756 2148 poneretur.
2789 2098 2807 2131 ι
2874 2081 3072 2136 Beatus
3107 2080 3310 2152 Joseph
3360 2085 3540 2139 adhuc

1935 2172 2040 2242 legi
2077 2172 2240 2244 261
2282 2172 2552 2235 serviens,
2593 2171 2873 2227 Christum
2911 2174 3079 2227 Deum
3131 2179 3371 2244 agnovit.
3416 2178 3535 2230 idm

1934 2275 1990 2319 et
2021 2264 2305 2320 laudatum
2340 2265 2506 2320 audet
2531 2265 2764 2320 facinus.
2805 2264 2992 2337 Neque
3020 2268 3299 2338 cogitabat
3329 2286 3344 2323 :
3377 2269 3537 2326 Dives

1934 2371 2079 2422 sum,
2105 2366 2160 2414 et
2193 2359 2417 2413 divitias
2476 2358 2732 2414 amittere
2793 2374 3018 2428 possum
3051 2380 3064 2416 :
3100 2362 3144 2416 si
3187 2362 3538 2426 postulavero

1933 2467 2138 2520 corpus
2197 2451 2319 2519 ejus
2379 2450 2470 2519 qui
2529 2461 2754 2521 propter
2810 2454 3158 2522 tyrannidem
3225 2452 3536 2515 affectatam

1933 2544 2330 2598 condemnatus
2385 2555 2490 2607 est,
2541 2545 2846 2599 accusabor
2893 2561 2921 2598 a
2958 2543 3185 2600 Judaris.
3236 2545 3382 2600 Nihil
3432 2551 3541 2605 tale

1933 2648 2118 2688 secum
2172 2634 2412 2696 dicebat,
2449 2636 2544 2689 sed
2578 2637 2762 2688 omnia
2811 2635 3151 2703 posthabens
3199 2646 3254 2691 et
3304 2637 3540 2696 minoris

1934 2725 2166 2788 faciens,
2222 2728 2417 2796 petivit
2471 2739 2529 2781 ut
2602 2729 2864 2796 sepeliret
2921 2730 3268 2785 condemnati
3313 2748 3538 2803 corpus.

1931 2816 2138 2871 Pilatus
2177 2832 2306 2872 vero
2363 2818 2668 2872 mirabatur
2721 2820 2866 2887 quod
2913 2819 3026 2888 jam
3072 2835 3324 2876 monuus
3367 2833 3514 2878 esset

1931 2906 2164 2964 Putabat
2197 2910 2343 2963 enim
2389 2910 2567 2978 ipsum
2601 2909 2693 2965 diu
2736 2911 2790 2964 in
2834 2925 3009 2978 agone
3051 2911 3410 2980 luctaturum,
3465 2915 3543 2969 εἰ·

1932 3009 2024 3055 cut
2051 3010 2104 3054 et
2130 3001 2389 3056 latrones.
2423 3002 2729 3071 Interrogat
2749 2995 2944 3058 'autem
2979 3016 3028 3059 et
3055 3023 3084 3059 e
3101 3015 3254 3060 entut
3269 3007 3473 3068 iouem,
3491 3011 3546 3061 si

1933 3092 2137 3146 dudum
2173 3104 2424 3148 mortuus
2455 3105 2623 3158 esset,
2661 3098 2764 3150 hoc
2795 3105 2906 3160 est,
2936 3108 3062 3151 ante
3086 3097 3302 3152 horam.
3331 3098 3540 3169 Just-ph

240 3186 303 3243 '0
330 3192 516 3244 τοίνυν
543 3190 740 3260 Ἰωσὴφ
759 3191 939 3244 λαϐὼν
967 3192 1027 3244 τὸ
1059 3191 1239 3260 σῶμα,
1267 3192 1502 3262 ἠγόρασε
1536 3193 1634 3261 μὲν
1659 3193 1831 3245 σινδό-

1940 3187 2123 3256 itaque
2166 3198 2391 3257 accepto
2417 3203 2651 3256 corpore
2699 3201 2980 3244 mercatus
3013 3200 3098 3244 est
3139 3192 3450 3258 sitnloncm,
3485 3209 3540 3246 ιιι

232 3298 324 3336 να.
378 3281 648 3336 Καθελὼν
681 3283 734 3334 δὲ
766 3283 963 3345 αὐτὸν,
1004 3282 1246 3352 ὲνείλησε
1281 3285 1346 3352 τῇ
1412 3283 1633 3341 σινδόνι,
1667 3284 1727 3335 τὸ
1756 3283 1834 3335 τί·

231 3389 364 3443 μιον
392 3374 596 3438 τιμίους
626 3373 994 3442 ὲνταφιάζων.
1029 3372 1293 3444 Μαθητὴς
1318 3373 1425 3442 γὰρ
1449 3368 1516 3444 ἦν
1547 3374 1641 3426 καὶ
1668 3374 1833 3436 αὐτὸς

229 3461 328 3516 τοῦ
387 3462 675 3532 Χριστοῦ,
729 3464 821 3516 καὶ
870 3464 1016 3525 ὅπως
1065 3464 1146 3516 δεῖ
1189 3466 1356 3536 τιμᾷν
1420 3465 1510 3516 τὸν
1554 3466 1834 3536 Δεσπότην

229 3551 424 3614 είδώτ
487 3554 584 3607 καὶ
644 3555 962 3624 εὐσχήμων,
1014 3556 1260 3609 τουτέστι
1310 3555 1528 3624 σεμνὸς,
1578 3557 1833 3627 εὐλαϐὴς,

229 3643 557 3715 ἄμεμπτος.
627 3643 927 3715 Βουλευτὴς
960 3646 1014 3697 δὲ
1059 3645 1278 3716 ἀξίωμά
1329 3663 1382 3698 τι
1410 3643 1497 3717 ἦν,
1536 3646 1739 3718 μᾶλλον
1780 3649 1837 3702 δὲ

227 3734 623 3806 λειτούργημα
676 3737 772 3789 καὶ
820 3736 985 3807 βάρος
1067 3738 1391 3802 πολιτικὸν,
1444 3738 1472 3789 ὃ
1523 3739 1573 3790 οἱ
1624 3740 1838 3809 ἔχοντες

228 3826 627 3896 ἠναγκάζοντο
657 3828 727 3880 τὰ
765 3829 861 3897 τῆς
911 3830 1118 3898 ἀγορᾶς
1170 3832 1495 3882 ἐπισκοπεῖν
1521 3847 1534 3860 ο
1566 3832 1657 3884 καὶ
1710 3832 1838 3883 πολ-

228 3919 348 3981 λοῖς
390 3919 661 3980 πολλάκις
705 3919 950 3983 κίνδυνος
984 3920 1219 3990 ἐπῆλθεν
1263 3923 1326 3974 ὲκ
1375 3922 1592 3988 τούτου,
1621 3922 1710 3976 διὰ
1740 3921 1841 3993 τὴν

227 4012 335 4080 τῆς
372 4012 584 4082 ἀγορᾶς
608 4015 1013 4081 κακοπραγίαν.
1062 4013 1442 4068 Ἀκουέτωσαν
1465 4016 1513 4068 οί
1541 4015 1794 4069 πλούσιοι
1822 4062 1835 4080 ,

228 4104 333 4156 καὶ
370 4103 660 4171 δημοσίοις
695 4102 1148 4172 ἐνασχολούμενοι
1196 4105 1542 4176 πράγμασιν,
1587 4106 1735 4170 ὅπως
1765 4107 1840 4177 τῷ

226 4194 452 4264 Ἰωσὴφ
483 4194 633 4247 οὐδὲν
667 4195 950 4248 ἐνεπόδισε
984 4195 1118 4266 πρὸς
1149 4197 1352 4266 ἀρετὴν
1389 4197 1448 4250 τὸ
1491 4196 1840 4266 βουλευτικὸν

225 4286 493 4354 ἀξίωμα.
565 4286 763 4354 Ἰωσὴφ
799 4286 854 4338 δὲ
891 4286 1276 4354 ἑρμηνεύεται,
1321 4287 1613 4358 πρόσθεσις
1637 4304 1649 4319 ·
1689 4287 1838 4358 Ἀρι-

231 4376 486 4444 μαθαίος
548 4374 622 4436 δὲ,
675 4377 845 4444 αἴρων
890 4378 1031 4428 ἐκεῖν
1074 4420 1085 4431 .
1145 4377 1359 4428 Γένοιτο
1409 4376 1505 4429 οῦν
1555 4378 1649 4430 καὶ
1689 4379 1838 4447 ἡμᾶς

225 4467 386 4520 κατὰ
441 4467 534 4516 τὸν
599 4467 793 4536 Ἰωσὴφ
839 4467 1029 4535 γενέ-σθ
1059 4487 1116 4530 ιι,
1173 4469 1260 4519 ἀεὶ
1310 4468 1708 4535 προστιθέντας
1759 4467 1838 4537 τῷ

1938 3295 2044 3346 qua
2077 3279 2383 3347 depositum
2428 3280 2655 3335 l'livolvit
2707 3299 2725 3336 :
2753 3292 2806 3335 et
2836 3281 2983 3351 quod
3031 3283 3241 3336 honore
3290 3285 3541 3352 dignum,

1937 3385 2059 3425 cum
2095 3373 2302 3428 honore
2333 3373 2606 3442 sepelivit.
2645 3373 2774 3427 Erat
2806 3375 2952 3428 enim
2986 3384 3041 3428 et
3090 3374 3209 3444 ipse
3241 3376 3543 3445 discipulus

1937 3462 2090 3527 Jesu,
2114 3463 2296 3519 sciens
2322 3463 2546 3532 dignum
2577 3464 2796 3523 honore
2816 3464 3140 3531 Dominum;
3173 3476 3223 3519 et
3253 3465 3539 3534 honestus,

1941 3555 2047 3608 huc
2093 3561 2200 3617 est,
2263 3553 2407 3621 pius,
2468 3554 3009 3622 irreprehensibilis;
3061 3566 3289 3610 senator
3333 3566 3540 3622 autem,

1941 3660 2062 3714 quae
2102 3645 2340 3717 dignitas
2381 3646 2628 3715 quadam
2678 3655 2796 3700 erat
2827 3646 2910 3701 vel
2958 3646 3142 3716 potius
3174 3648 3540 3703 ministerium

1940 3749 1996 3793 et
2027 3753 2167 3791 onus
2199 3737 2357 3791 civile
2400 3752 2496 3804 per
2543 3736 2689 3805 quod
2725 3738 3065 3804 cogebantur
3114 3739 3399 3794 intendere
3455 3739 3543 3794 his

1941 3845 2062 3900 qua:
2090 3827 2193 3883 fori
2239 3837 2419 3893 erant,
2451 3837 2504 3881 et
2538 3827 2704 3881 multa
2739 3841 2884 3896 sa’pe
2927 3827 3052 3881 inde
3099 3828 3423 3882 oriebantur
3447 3845 3543 3900 pe-

1945 3924 2140 3988 ricula,
2195 3933 2417 3992 propter
2447 3920 2549 3976 fori
2606 3922 2893 3977 malitiam.
2944 3923 3184 3977 Audiant
3225 3925 3445 3986 divites.
3489 3933 3546 3980 ιι

1944 4015 2177 4084 publicis
2229 4013 2554 4068 muneribus
2609 4012 2921 4084 fungentes,
2982 4016 3258 4085 quomodo
3303 4010 3545 4084 Ioseplio

1944 4107 2081 4161 nihil
2122 4106 2360 4160 obsistat
2411 4106 2478 4159 ad
2527 4105 2786 4159 virtutem
2832 4106 3108 4159 senatoria
3139 4105 3415 4175 ‘dignitas.
3446 4104 3551 4159 Jo-

1944 4198 2076 4266 seph
2125 4197 2475 4266 interpretari
2531 4210 2823 4264 possumus
2885 4204 3278 4264 augmentum:
3327 4195 3546 4249 Arium-

1946 4290 2114 4343 tinens
2151 4304 2301 4351 vero,
2339 4287 2532 4341 tollens
2585 4287 2710 4340 hoc.
2743 4285 3018 4340 Concedat
3057 4297 3237 4339 autem
3284 4285 3452 4349 Di-us,
3486 4296 3545 4339 ut

1943 4383 2106 4434 etiam
2150 4395 2250 4434 nos
2273 4381 2415 4433 sicut
2443 4378 2645 4446 Joseph
2681 4377 2771 4431 ille
2807 4361 3252 4440 liamus'semper
3283 4379 3454 4439 aucti,
3489 4386 3548 4432 et

1944 4473 2266 4542 ailjicieutes
2299 4471 2352 4525 iu
2387 4487 2551 4525 cursu
2579 4470 2814 4534 virtutis,
2843 4484 2908 4523 ac
2931 4469 3188 4523 tollentes
3216 4469 3340 4534 hoc,
3361 4471 3410 4523 id
3434 4480 3542 4534 est,

226 4560 439 4629 δρόμῳ
484 4559 582 4624 τῆς
619 4559 848 4625 ἀρετῆς,
886 4559 981 4609 καὶ
1044 4559 1284 4630 ιῖροντας
1333 4561 1529 4621 έκεῖνο,
1568 4560 1833 4621 τουτέστι,

1946 4567 1997 4620 id
2031 4567 2173 4635 quod
2216 4576 2298 4621 est
2327 4580 2452 4619 vere
2489 4565 2690 4618 bonum
2723 4580 2736 4616 :
2776 4561 3114 4629 accipiamus
3168 4577 3299 4616 vero
3345 4577 3546 4632 corpus

221 4650 289 4703 τὸ
324 4649 514 4710 ὅντως
544 4648 746 4715 ἀγαθόν
776 4664 787 4676 ·
822 4648 1008 4700 λαϐεῖν
1040 4650 1094 4700 δὲ
1137 4653 1228 4703 καὶ
1256 4649 1316 4701 τὸ
1348 4649 1508 4719 σῶμα
1537 4649 1632 4702 τοῦ
1664 4649 1838 4720 Ἰησοῦ

222 4739 323 4793 διὰ
348 4740 464 4808 τῆς
492 4740 803 4802 κοινωνίας,
835 4741 927 4791 καὶ
958 4737 1298 4792 καταθέσθαι
1327 4741 1484 4794 τοῦτο
1511 4742 1567 4792 ὲν
1593 4744 1844 4810 μνημείῳ

224 4831 683 4901 λελατομημένῳ
717 4832 778 4882 ὲκ
817 4830 1050 4900 πέτρας,
1086 4832 1391 4895 τουτέστιν,
1440 4835 1496 4884 ὲν
1531 4835 1841 4902 μνημονικῇ

219 4923 386 4993 ψυχῇ
428 4920 528 4973 καὶ
583 4921 656 4991 μὴ
700 4919 1166 4991 έπιλανθανομένῃ
1215 4919 1309 4972 τοῦ
1345 4920 1504 4974 Θεοῦ.
1559 4922 1740 4973 Ἔστω
1787 4922 1844 4975 δὲ

224 5019 438 5084 ὶκείνη
469 5015 502 5084 ἡ
530 5014 701 5084 ψυχὴ,
730 5016 794 5066 ὲκ
822 5014 1032 5078 πέτρας
1068 5014 1513 5086 λελατομημένη,
1541 5015 1839 5077 τουτέστιν,

221 5112 346 5161 ἀπὸ
380 5106 656 5177 Χριστοῦ,
713 5107 770 5167 ὃς
802 5108 950 5158 ἐστιν
983 5109 1016 5177 ἡ
1057 5107 1230 5176 πέτρα
1278 5106 1477 5177 ἔχουσα
1513 5109 1610 5177 τὴν
1641 5107 1842 5161 σύστας

224 5220 321 5255 σιν
357 5218 372 5230 ·
415 5199 699 5267 ἐνειλῆσαι
729 5198 786 5250 δὲ
814 5199 943 5250 αὐτὸ
976 5200 1032 5250 ἑν
1068 5199 1286 5263 σινδόνι,
1319 5200 1624 5264 τουτέστιν,
1657 5201 1715 5251 ὲν
1743 5201 1844 5251 σώ-

224 5312 376 5364 ματι
413 5290 648 5358 καθαρῷ
673 5290 929 5355 δέξασθαι
963 5291 1095 5344 αύτό
1123 5307 1135 5320 ’
1171 5290 1504 5360 σινδὼν’γὰρ
1539 5292 1636 5360 τῆς
1666 5291 1845 5360 ψυχῆς

223 5386 329 5438 καὶ
383 5379 509 5438 οἷον
568 5384 807 5449 ἱμάτιον,
862 5385 920 5434 τὸ
977 5384 1156 5451 σῶμα.
1194 5387 1284 5436 Δεῖ
1328 5380 1421 5436 οῦν
1461 5387 1542 5453 μὴ,
1583 5385 1744 5453 μόνον
1788 5386 1845 5436 έν

217 5481 391 5551 ψυχῇ
457 5473 680 5544 καθαρᾷ
732 5475 986 5543 δέχεσθαι
1021 5476 1081 5528 τὸ
1116 5476 1258 5528 θεῖον
1291 5475 1453 5545 σῶμα
1483 5477 1576 5528 τοῦ
1613 5476 1843 5546 Κυρίου,

221 5573 384 5628 ἀλλὰ
445 5569 540 5620 καὶ
597 5571 656 5619 ὲν
704 5566 917 5636 σώματι
963 5568 1192 5638 τοιούτῳ
1221 5585 1232 5597 ·
1286 5568 1511 5621 ἑνειλείν
1559 5569 1616 5621 δὲ
1663 5568 1841 5633 τοῦτο,

215 5663 538 5724 τουτέστι,
619 5658 944 5730 συστρέφειν
1005 5661 1098 5712 καὶ
1159 5662 1510 5726 συστέλλειν,
1576 5660 1713 5714 ἀλλὰ
1772 5662 1846 5733 μὴ

217 5751 568 5821 ἑξαπλοῦνο
622 5751 683 5802 τὸ
733 5750 840 5821 γὰρ
900 5753 1200 5821 μυστήριον
1251 5754 1690 5825 συνεσταλμένον
1731 5755 1848 5809 ἐστὶ

215 5850 338 5905 καὶ
380 5844 737 5913 ἀπόκρυφον,
770 5845 861 5896 καὶ
890 5843 987 5899 οὑκ
1016 5844 1422 5915 ἑξηπλωμενον.

1945 4657 2076 4711 Jesu
2125 4670 2220 4726 per
2258 4657 2726 4714 conununiouem,
2761 4661 2815 4705 et
2860 4649 3197 4703 collocemus
3246 4649 3301 4701 in
3353 4663 3548 4702 monu-

1948 4759 2136 4802 mento
2175 4747 2365 4800 exciso
2397 4760 2462 4799 ex
2499 4753 2676 4813 petra,
2720 4743 2822 4797 hoc
2852 4750 2956 4804 est,
2991 4742 3042 4795 iu
3079 4743 3260 4796 anima
3291 4740 3544 4805 memori,

1947 4856 2068 4911 quae
2106 4839 2273 4894 Deum
2313 4852 2421 4891 non
2460 4835 2840 4891 obliviscatur.
2876 4834 2960 4888 Sit
3015 4844 3196 4887 autem
3232 4831 3409 4886 anima
3454 4833 3545 4886 illa

1947 4949 2011 4987 ex
2045 4942 2196 5000 petra
2224 4931 2431 4992 excisa,
2463 4931 2566 4983 hoc
2595 4936 2700 4990 est,
2737 4943 2767 4981 a
2797 4925 3043 4993 Christo,
3073 4927 3166 4996 qui
3199 4938 3282 4979 εει
3310 4936 3462 4994 petra
3489 4926 3544 4980 in

1948 5035 2052 5089 qua
2087 5021 2390 5075 consistere
2434 5020 2752 5088 poterimus.
2809 5015 3124 5071 lnvolvatur
3151 5031 3279 5071 vero
3328 5017 3378 5070 in
3423 5017 3545 5070 sin-

1949 5116 2112 5178 dOne,
2147 5115 2248 5167 hoc
2277 5122 2382 5177 εει,
2425 5113 2475 5164 in
2513 5120 2741 5178 corpore
2777 5113 2977 5164 mundo
3024 5110 3375 5178 suscipiatur.
3408 5108 3540 5162 Nam

1948 5207 2144 5262 sindon
2175 5206 2373 5259 animae
2401 5214 2483 5259 est
2523 5219 2721 5271 corpus
2749 5201 2904 5273 quasi
2947 5206 3138 5256 vestis.
3169 5203 3399 5271 Oportet
3446 5202 3545 5266 igi-

1951 5308 2040 5351 tur
2094 5312 2199 5351 non
2234 5295 2410 5350 solum
2449 5295 2502 5348 in
2555 5295 2736 5348 anima
2786 5309 2921 5363 pura
2977 5294 3254 5362 cuscipere
3299 5293 3542 5348 divinum

1948 5403 2150 5456 cerpus
2194 5388 2432 5451 Domini,
2471 5387 2565 5441 sed
2599 5397 2653 5441 et
2696 5388 2748 5441 in
2797 5401 3027 5456 corpore
3059 5401 3216 5454 puro.
3258 5384 3548 5439 Involven-

1950 5482 2077 5534 dum
2118 5488 2303 5533 autetn
2339 5489 2423 5534 est
2452 5479 2578 5543 hoc,
2609 5478 2659 5531 ἰιΙ
2686 5487 2792 5542 est,
2819 5476 3252 5532 contrahendum
3291 5485 3344 5530 et
3371 5477 3549 5530 cunti-

1952 5572 2188 5626 neudum
2240 5580 2295 5626 et
2350 5587 2453 5625 non
2519 5569 2949 5640 esplanandum.
3017 5569 3336 5639 Myslet'ium
3399 5569 3546 5620 enim

1952 5663 2004 5716 in
2061 5670 2347 5717 contracto
2399 5670 2486 5717 est
2534 5671 2587 5718 et
2644 5661 2944 5725 occultum,
2986 5669 3040 5715 et
3071 5676 3177 5714 non
3207 5660 3378 5714 cuivis
3413 5673 3547 5728 ape-

1954 5755 2225 5810 rientlum.
