4022 6544
184 487 280 554 689
1094 477 1540 543 ENARRATIO
1579 475 1661 537 IN
1701 474 2209 539 EVANGELIUM
2246 478 2485 542 LUCiE.
3344 477 3469 542 ωε

190 608 275 668 ις’.
311 599 444 668 Περὶ
475 597 586 652 τοῦ
632 594 958 664 οἰκονόμου
1010 591 1119 661 τῆς
1155 592 1412 659 ἀδικίας.
1457 588 1595 659 Περὶ
1642 587 1765 643 τοῦθ

1870 586 1947 642 ιϐ.
1983 590 2062 646 De
2097 592 2464 663 dispensatore
2519 592 2746 663 injuste.
2778 593 2930 659 Quod
2962 610 3025 648 ne
3073 608 3211 663 apex
3242 594 3458 662 quidem

244 690 389 763 μηδὲ
432 690 686 757 κεραίαν
723 689 843 743 ἀπὸ
880 687 989 742 τοῦ
1036 688 1230 755 νόμου
1289 684 1611 754 παρελθεῖν
1654 681 1751 736 ἄν.

1934 684 2001 739 de
2034 684 2145 755 lege
2174 686 2578 755 prastereundus
2595 687 2685 740 sit.
2705 685 2784 741 De
2803 703 2906 741 non
2930 685 3247 741 dimittenda
3270 701 3456 742 uxore.

247 778 376 845 Περὶ
406 776 513 830 τοῦ
540 775 629 845 μὴ
663 775 960 831 ἀπολύειν
1003 774 1123 842 τὴν
1162 775 1440 844 γυναῖκα.
1468 773 1607 844 Περὶ
1646 770 1756 827 τοῦ

1191 775 1440 830 -υναῖκα,
1468 773 1607 844 Περὶ
1646 770 1756 827 τοῦ
1932 775 2011 833 De
2040 776 2250 833 Lazaro
2272 788 2321 834 et
2352 778 2515 834 divite
2534 779 2779 849 epulone.

249 869 543 923 πλουσίου
573 870 673 925 καὶ
705 868 811 922 τοῦ
832 865 1128 936 Λαζάρου.

190 957 266 1024 ιζ’.
306 960 435 1027 Περὶ
466 959 845 1016 σκανδάλου.
877 960 1018 1029 Περὶ
1043 960 1147 1015 τοῦ
1173 959 1412 1028 ἀφεῖναι
1440 957 1547 1027 τὰς
1568 960 1757 1029 ἀμορ-

1866 957 1949 1014 17.
1993 958 2068 1015 De
2085 958 2364 1014 scandala.
2398 957 2555 1025 Quod
2576 960 2891 1015 remittenda
2924 960 3029 1014 sint
3054 959 3312 1029 proximis
3338 975 3454 1027 pec-

248 1050 371 1115 τίας
395 1050 522 1116 τοῖς
548 1052 839 1119 πλησίον.
872 1051 1015 1121 Περὶ
1041 1051 1154 1119 τῆς
1184 1054 1272 1117 εὶς
1296 1050 1447 1105 Θεὸν
1469 1052 1753 1129 πίστεως.

1930 1060 2073 1103 cata.
2102 1047 2180 1103 De
2210 1049 2315 1117 [ide
2337 1051 2392 1104 iu
2414 1047 2607 1103 Deum.
2641 1049 2716 1103 De
2743 1051 2919 1103 decem
2947 1049 3189 1118 leprosis.
3224 1048 3299 1103 De
3326 1048 3455 1103 Iesu

247 1142 375 1209 Περὶ
394 1141 514 1194 τῶν
533 1141 680 1196 δέκα
703 1142 964 1212 λεπρῶν.
991 1144 1127 1211 Περὶ
1160 1144 1265 1197 τοῦ
1309 1143 1514 1209 Ἰησοῦ
1541 1144 1756 1211 ἐπερω-

1933 1142 2281 1212 interrogato,
2340 1144 2681 1213 quamlonam
2761 1151 3037 1197 venturum
3102 1143 3171 1196 sit
3238 1157 3454 1211 regnum

246 1234 525 1300 τηθέντος
549 1238 693 1289 πότε
716 1236 956 1305 ἔρχεται
987 1236 1024 1303 ή
1051 1236 1343 1299 ,βασιλειά
1370 1236 1479 1290 τοῦ
1510 1235 1681 1291 Θεοῦ.
1934 1234 2051 1290 Dei.

187 1331 267 1395 ιη’.
310 1326 445 1394 Hell
480 1328 587 1381 τοῦ
614 1328 707 1382 ἀεὶ
744 1328 1216 1397 προσεύχεσθαι.
1244 1329 1382 1398 Περὶ
1414 1328 1522 1383 τοῦ
1553 1327 1757 1397 κριτοῦ

1867 1327 1951 1382 l8.
1994 1327 2149 1393 Quod
2184 1327 2399 1383 assidue
2440 1328 2724 1383 arandum.
2779 1326 2858 1382 De
2898 1327 3095 1397 injuste
3138 1326 3343 1396 judice.
3381 1327 3455 1379 ﬂe

246 1418 348 1485 τῆς
375 1418 631 1485 ἀδικίας.
664 1420 806 1488 Περὶ
853 1421 959 1476 τοῦ
1008 1422 1342 1490 Φαρισαίου
1381 1423 1479 1476 καὶ
1517 1422 1626 1475 τοῦ
1668 1439 1760 1476 τε·

1932 1419 2211 1475 1⁹ίιανὶεσο
2264 1431 2311 1475 ει
2359 1419 2663 1488 publicano.
2708 1420 2788 1474 De
2822 1419 3058 1491 puerulis
3106 1434 3333 1489 quorum
3377 1426 3453 1471 est

240 1508 453 1570 λῴνου.
490 1510 630 1578 Περὶ
680 1512 799 1565 τῶν
834 1512 1112 1576 παιδίων,
1142 1513 1231 1567 ὅτι
1263 1512 1464 1567 αὐτῶν
1505 1514 1679 1567 ἐστιν
1716 1513 1756 1581 ἠ

1936 1528 2151 1583 regnum
2201 1511 2321 1568 Dei.
2356 1512 2437 1567 De
2488 1513 2856 1581 interpellante
2912 1510 3207 1566 Christum.
3249 1508 3324 1564 De
3378 1510 3453 1565 le-

240 1602 527 1665 ,ϐασιλειά
566 1602 671 1656 τοῦ
717 1604 885 1658 Θεοῦ.
922 1605 1063 1671 Περὶ
1098 1604 1206 1659 τοῦ
1258 1602 1760 1673 ἐπερωτήσαντος
1932 1621 2108 1674 prosa.

243 1694 344 1745 τὸν
374 1692 641 1759 Ἰησοῦν.
668 1693 804 1761 Περὶ
834 1694 941 1747 τοῦ
966 1694 1221 1761 λεπροῦ.

183 1780 260 1833 ιϐ’.
300 1782 435 1859 Περὶ
480 1780 589 1835 τοῦ
640 1784 968 1852 Ζακχαίου.
1012 1784 1155 1853 Περὶ
1205 1785 1312 1840 τοῦ
1358 1785 1760 1853 πορευθέντος

1868 1800 1954 1857 l9.
1984 1797 2064 1854 De
2085 1796 2367 1852 Zacchceo.
2405 1795 2478 1850 De
2504 1795 2597 1849 illo
2623 1796 2715 1862 qui
2740 1793 3011 1862 profectus
3040 1801 3116 1845 est
3146 1800 3456 1859 accepturus

242 1872 426 1938 ἑαυτῷ
456 1874 671 1928 λαϐεῖν
712 1876 1066 1940 βασιλείαν.
1094 1877 1233 1945 Περὶ
1280 1877 1401 1931 τῶν
1437 1877 1584 1933 δέκα
1619 1878 1759 1933 δού-
1789 1935 1830 1962 η

1938 1908 2178 1962 regnum.
2212 1889 2286 1943 De
2317 1889 2494 1944 decem
2524 1889 2689 1942 servis
2721 1888 2893 1940 minas
2940 1883 3347 1955 accipientibus.
3383 1883 3458 1938 De

240 1966 363 2017 λων
395 1965 517 2019 τῶν
545 1967 705 2035 μνᾶς
734 1972 1061 2024 λαϐόντων.
1107 1971 1248 2037 Περὶ
1272 1971 1380 2025 τοῦ
1422 1970 1632 2027 πώλου
1653 1973 1758 2027 καὶ
1792 1965 1828 1995 ⁸³

1934 1985 2079 2053 pullo
2121 1994 2169 2038 et
2202 1984 2380 2037 asina.
2421 1980 2495 2034 De
2530 1979 2910 2033 lamentatione
2948 1978 3077 2033 Iesu
3109 1993 3267 2046 super
3298 1974 3457 2029 Ieru-

241 2055 344 2123 τῆς
372 2060 536 2114 ὄνου.
560 2060 699 2128 Περὶ
728 2062 831 2117 τοῦ
867 2064 1178 2132 κλαυθμοῦ
1195 2065 1404 2131 Ἰησοῦ
1422 2064 1525 2119 ἐπὶ
1556 2064 1762 2132 ἰερου⁶

1936 2079 2120 2135 salem.
2150 2076 2227 2132 De
2257 2076 2457 2147 fugatis
2482 2093 2509 2129 e
2550 2077 2742 2147 templo
2775 2074 3119 2139 vendentibus
3148 2082 3194 2126 et
3229 2072 3456 2125 ementi‘

241 2152 464 2217 σαλήμ.
511 2152 653 2221 Περὶ
696 2152 816 2207 τῶν
863 2155 1291 2223 ἐκϐληθέντων
1336 2157 1405 2211 ἐκ
1452 2156 1560 2211 τοῦ
1600 2157 1761 2226 ίεροῦ

1938 2174 2054 2228 bus.
2091 2171 2167 2226 De
2202 2169 2532 2240 principibus
2554 2169 2890 2222 sacerdotum
2921 2177 2973 2221 et
3006 2166 3192 2220 scribis
3228 2164 3459 2218 interro-

242 2245 610 2297 πωλούντων
658 2247 757 2300 καὶ
803 2247 1183 2318 ὠνουμένων.
1221 2252 1367 2319 Περὶ
1413 2250 1533 2304 τῶν
1562 2251 1762 2320 ἀρχιεο

1935 2266 2180 2338 gentibus
2230 2263 2523 2319 Dominum
2559 2262 2615 2315 in
2646 2276 2752 2332 qua
2799 2268 3056 2329 potestate
3090 2258 3201 2313 haec
3237 2255 3487 2326 faceret.’

231 2332 385 2400 ρέων
412 2337 513 2391 καὶ
542 2338 941 2408 Γραμματέων
970 2341 1483 2409 ἐπερωτησάντων
1514 2343 1625 2397 τὸν
1647 2342 1763 2398 Κύ-

234 2440 370 2491 ριον
397 2427 468 2479 ἐν
489 2428 631 2493 ποίᾳ
652 2427 903 2498 δυνάμει
936 2429 1126 2483 ταῦτα
1152 2430 1326 2485 ποιεῖ.

178 2520 241 2570 κ’.
283 2519 423 2585 Περὶ
492 2520 600 2575 τοῦ
648 2522 1007 2591 ἀμπελῶνος
1060 2526 1395 2595 παραϐολή.
1446 2525 1609 2595 Περὶ·
1643 2524 1763 2579 τῶν

1872 2534 1953 2591 ΞΟ.
1980 2532 2248 2589 Parabola
2282 2532 2348 2585 de
2375 2530 2551 2585 vinea.
2594 2526 2667 2581 De
2702 2527 2973 2581 accusatis
3000 2525 3062 2579 ob
3104 2538 3339 2579 censum.
3388 2522 3460 2577 De

239 2608 734 2676 ἐγκαλεσθέντων
794 2614 893 2669 διὰ
954 2616 1062 2669 τὸν
1131 2617 1393 2685 κῆνσον.
1446 2617 1587 2686 Περὶ
1643 2614 1764 2670 τῶν

1936 2627 2251 2684 διιάιίυοινὶε
2315 2624 2753 2680 resurrectionem
2800 2620 3138 2690 negantibus.
3180 2617 3263 2671 De
3287 2618 3456 2671 inter-

242 2699 666 2758 Σαδδουκαίων
692 2704 805 2775 τὴν
822 2707 1169 2764 ἀνάστασιν
1191 2711 1601 2781 ἀρνουμένων.
1620 2710 1763 2781 Περὶ

1299 2711 1601 2781 ’συμένωνο
1620 2710 1763 2781 Περὶ
1936 2724 2208 2790 rogatione
2231 2718 2364 2774 Iesu
2396 2716 2688 2773 Pharisais
2719 2714 2887 2785 facta.

239 2793 350 2861 τῆς
373 2796 481 2851 τοῦ
516 2799 741 2866 Κυρίου
772 2800 1198 2869 ἐπερωτήσεως
1232 2804 1382 2873 πρὸς
1420 2805 1563 2873 τοὺς
1590 2809 1762 2875 Φαρι-

240 2887 345 2939 σαί
346 2904 480 2956 ους.

173 2973 273 3032 ια’.
313 2981 454 3049 Περὶ
511 2981 622 3052 τῆς
673 2983 746 3038 τὰ
790 2984 901 3040 δύο
939 2989 1137 3043 λεπτὰ
1185 2990 1514 3058 βαλούσης
1547 2990 1758 3060 χήρας.

1875 2992 1953 3045 ιι.
1994 2990 2067 3043 De
2104 2987 2322 3042 muliere
2342 3001 2461 3041 cum
2485 2984 2690 3039 duobus
2722 2983 2965 3038 minutis.
3012 2982 3373 3053 Interrogatio
3398 2982 3463 3037 de

238 3072 375 3138 Περὶ
413 3077 781 3141 συντελείας
812 3078 1210 3147 ἐπερώτησις.
1264 3081 1405 3150 Περὶ
1458 3080 1566 3149 τῆς
1610 3083 1763 3139 ἁλῶ·

1936 3082 2124 3135 ultima
2165 3080 2639 3134 consummatione.
2663 3077 2740 3131 De
2759 3076 3029 3141 obsidione
3057 3074 3381 3137 Jerusalem,
3413 3083 3462 3129 et

237 3181 392 3231 σεως
431 3168 846 3236 Ἰερουσαλὴμ,
903 3171 1002 3225 καὶ
1043 3171 1134 3226 ὄτι
1180 3176 1213 3227 d
1250 3176 1468 3242 Κύριος
1515 3174 1764 3243 προεῖπε

1934 3177 2074 3244 quod
2110 3170 2359 3225 Christus
2410 3169 2720 3236 pradixerit
2766 3167 3047 3239 discipulis
3085 3168 3203 3237 ejus
3238 3168 3460 3222 vastita-

238 3253 359 3320 τοῖς
394 3258 697 3361 μαθηταῖς
726 3259 843 3329 τὴν
880 3261 1075 3330 αὐτῆς
1110 3261 1430 3333 ἐρήμωσιν.
1464 3263 1603 3331 Περὶ
1643 3264 1764 3319 τῶν
1785 3298 1826 3361 C

1936 3278 2061 3320 tem.
2101 3265 2175 3317 De
2207 3262 2390 3333 signis.

236 3349 529 3415 σημείων.

172 3432 271 3504 νβ’.
314 3440 457 3506 Περὶ
483 3439 589 3494 τοῦ
621 3441 857 3511 Πάσχα.
888 3443 1025 3513 Περὶ
1056 3443 1175 3498 τῶν
1200 3445 1760 3514 φιλονεικησάντων

1874 3443 1957 3497 22.
1988 3442 2063 3497 De
2098 3441 2331 3497 Pascha.
2371 3440 2451 3495 De
2491 3440 2794 3495 rixantibus
2820 3438 2943 3509 quis
2972 3438 3167 3506 major.
3208 3434 3284 3491 De
3311 3452 3462 3507 qua:-

238 3530 331 3594 τίς
368 3530 610 3599 μείζων.
661 3534 802 3601 Περὶ
829 3533 943 3602 τῆς
986 3535 1321 3601 ἐξετάσεως
1362 3536 1470 3590 τοῦ
1497 3536 1757 3593 Σατανᾶ.

1938 3539 2048 3594 rela
2107 3536 2350 3591 Satante.
2398 3534 2472 3590 De
2525 3532 2988 3604 comprehensione
3036 3528 3259 3585 Christi.
3318 3528 3463 3593 Quo-

239 3621 377 3687 Hepl
433 3621 545 3689 τῆς
579 3623 960 3692 συλλήψεως
997 3625 1104 3680 τοῦ
1148 3628 1435 3695 Χριστοῦ.
1468 3628 1608 3696 Περὶ
1648 3628 1762 3697 τῆς

1939 3634 2094 3686 modo
2129 3629 2375 3684 Christus
2427 3628 2496 3681 ad
2550 3626 2843 3697 principem
2883 3623 3219 3680 sacerdotum
3272 3622 3463 3677 ductus

234 3710 566 3782 ἀπαγωγῆς
602 3715 708 3770 τοῦ
755 3716 962 3783 Ἰησοῦ
993 3717 1147 3785 πρὸς
1178 3720 1287 3773 τὸν
1323 3719 1624 3789 ἀρχιερέα.
1936 3726 2027 3778 sit.

170 3800 272 3867 κγ’.
316 3808 459 3874 Περὶ
494 3806 605 3874 τῆς
650 3808 973 3878 ἀπαγωγῆς
1004 3811 1109 3864 τοῦ
1154 3812 1432 3880 Σωτῆρος
1464 3814 1613 3882 πρὸς
1655 3814 1758 3870 τὸν

1872 3817 1953 3873 23.
1990 3816 2265 3883 Quomodo
2303 3816 2493 3869 ductus
2526 3823 2599 3869 est
2629 3812 2698 3866 ad
2741 3810 3000 3867 Pilatum.
3040 3807 3118 3862 De
3162 3815 3460 3874 contempto

234 3895 524 3952 Πιλάτον.
584 3900 723 3966 Περὶ
779 3899 892 3968 τῆς
942 3902 1078 3969 παρ’
1130 3903 1387 3973 Ἡρώδου
1430 3905 1760 3974 ἐξουθενή-

1936 3910 2067 3965 Iesu
2093 3911 2157 3963 ab
2177 3906 2417 3963 Herode.
2449 3907 2524 3962 De
2545 3905 2843 3977 lugentibus
2872 3899 3214 3957 mulieribus.
3238 3899 3311 3954 De
3338 3915 3464 3952 cru-

235 3999 413 4052 σεως.
452 3989 594 4056 Περὶ
642 3988 765 4043 τῶν
803 3993 1195 4060 κοπτομένων
1240 3995 1569 4063 γυναικῶν.
1617 3999 1759 4067 Περὶ

1937 4003 2183 4071 ciﬁxione
2218 4000 2441 4056 Christi.
2474 4000 2553 4055 De
2609 3998 2819 4053 latrone
2865 3996 3218 4063 resipiscente.
3261 3992 3341 4046 lle
3383 4007 3465 4047 ss-

236 4076 345 4143 τῆς
393 4079 794 4147 σταυρώσεως
822 4082 931 4137 τοῦ
958 4085 1241 4151 Χριστοῦ.
1269 4086 1408 4151 Περὶ
1448 4085 1554 4140 τοῦ
1576 4104 1761 4157 μετα-

822 4082 931 4137 τοῦ
958 4085 1241 4151 Χριστοῦ.
1269 4086 1408 4151 Περὶ
1448 4085 1554 4140 τοῦ
1576 4104 1761 4157 μετα·
1936 4094 2155 4165 pultura
2186 4092 2405 4150 Christi.

235 4167 586 4235 νοήσαντος
644 4172 903 4241 λῃστοῦ.
957 4174 1097 4244 Περὶ
1162 4174 1276 4245 τῆς
1329 4177 1436 4233 τοῦ
1496 4180 1763 4249 Χριστοῦ

233 4257 460 4327 ταφῆς.
834 4336 837 4343 1

166 4345 260 4404 κδ’.
306 4349 454 4417 Περὶ
478 4349 601 4405 τῶν
625 4355 1066 4425 σκοπουμένων
1092 4358 1199 4413 τὸν
1226 4360 1754 4431 τάφον,γυναικῶν.

1873 4365 1953 4421 Η.
1991 4365 2063 4419 De
2097 4364 2447 4420 invisentibus
2482 4363 2786 4431 sepulcrum
2826 4356 3158 4415 mulieribus.
3198 4356 3269 4411 De
3300 4355 3461 4410 Petro

231 4441 375 4509 Περὶ
424 4441 538 4498 τοῦ
585 4444 812 4514 Πέτρου
842 4448 1163 4519 τρέχοντος
1193 4452 1345 4522 πρὸς
1386 4455 1496 4509 τὸν
1538 4457 1758 4527 τάφον.

1936 4457 2006 4512 ad
2057 4465 2457 4512 monumentum
2491 4464 2755 4510 currente.
2790 4455 2868 4508 De
2886 4451 3101 4522 Cleopa.
3138 4448 3214 4505 De
3239 4447 3456 4519 appari-

233 4534 375 4604 Περὶ
412 4539 680 4593 Κλεόπα.
717 4542 859 4612 Περὶ
883 4543 991 4598 τοῦ
1024 4545 1317 4617 ὀφθέντος
1356 4550 1583 4621 Ἰησοῦ.
1616 4551 1759 4622 Περὶ

1446 4551 1583 4608 σοῦ.
1616 4551 1759 4622 Περὶ
1936 4552 2078 4607 tione
2110 4550 2265 4607 Iesu.
2292 4550 2369 4605 De
2400 4549 2707 4607 ascensione
2741 4548 2796 4604 in
2826 4547 3034 4603 calum.

228 4624 342 4695 τῆς
372 4629 736 4700 ἀναϐάσεως
758 4635 847 4703 εις
875 4634 982 4692 τὸν
1011 4639 1275 4708 οὐρανόν
1788 4640 1832 4696 Ῑ)
