4022 6478
578 401 609 467 ί
623 400 683 468 91
1504 398 2080 465 THEOPHYLACTI
2119 393 2531 461 Βυωωω
2581 391 2787 456 ARCH
2796 390 2938 453 [ΕΡ.
3729 379 3833 447 692

576 556 1007 582 MO
1045 550 2328 571 |—*——-_———_u,n

911 702 1692 824 EPMHNEIA
1779 703 2025 817 ΕΙΣ
2096 697 2304 814 ΤΟ
2383 701 2493 812 Κ

1939 703 2025 815 Σ
2096 697 2304 814 ΤΟ
2383 698 2803 813 ΚΑΤΑ
2877 687 3523 810 ΛΟΥΚΑΝ

1850 901 2569 995 ΕΥΑΓΓΕΛΙΟΝ.

1091 1176 1784 1317 ENARRATIO
1860 1224 1984 1313 iN
2059 1221 2844 1318 EVANGELIUM
2920 1220 3302 1312 LUCzE.

1057 1517 1222 1591 269
1254 1516 1645 1576 ΡΒΕΡΑἹἹΟ.
2176 1526 2223 1584 Α
2832 1516 3238 1575 ΠΡΟΟΙΜΙΟΝ.

642 1611 803 1668 Vens.
845 1611 959 1666 i4.
996 1629 1016 1664 ι
1074 1610 1337 1679 Quoniam
1398 1610 1551 1665 multi
1624 1619 1961 1667 attentarnnt
2013 1626 2143 1667 con-

2326 1630 2345 1658 ι
2399 1610 2728 1683 Ἐπιιδήπιρ
2793 1607 2977 1664 πολλοὶ
3036 1607 3408 1679 ιπιχιίρησαν
3460 1605 3837 1672 ἀνατάξασθαι

570 1713 753 1760 texere
803 1702 1165 1759 narrationem
1230 1717 1416 1758 earum
1464 1718 1585 1775 quae
1638 1704 1780 1759 inter
1833 1719 1931 1760 nos
1960 1702 2144 1760 multis

2250 1704 2502 1774 διήγησιν
2530 1701 2788 1775 περὶτῶν
2835 1700 3418 1772 πεπληροφορημένων
3446 1699 3505 1752 ιν
3530 1700 3667 1769 ἡμῖν
3694 1714 3838 1770 πρα-

569 1796 903 1868 argumentis
936 1797 1298 1865 comprobata
1333 1806 1461 1852 sunt
1491 1811 1671 1853 rerum
1709 1796 1870 1854 sicuti
1903 1796 2144 1852 tradide-

2252 1796 2495 1865 γμάτων,
2547 1792 2732 1857 καθὼς
2764 1792 3069 1863 παρέδοσαν
3102 1793 3235 1863 ἡμῖν
3257 1792 3307 1845 oi
3330 1789 3429 1844 ἀπ’
3480 1789 3662 1861 ἀρχῆς
3706 1790 3840 1843 αὗτ-

569 1897 698 1943 runt
727 1888 883 1942 nobis
908 1888 1101 1957 bi,qui
1128 1889 1196 1943 ab
1223 1886 1376 1943 initio
1418 1888 1533 1944 suis
1578 1888 1751 1944 oculis
1793 1888 2062 1955 viderunt,
2087 1897 2145 1945 et

2252 1888 2410 1941 όπται
2487 1884 2582 1940 καὶ
2632 1885 2903 1955 ὑπηρέται
2963 1882 3245 1953 γινόμενοι
3291 1881 3388 1935 τοῦ
3445 1882 3635 1951 λόγου,
3691 1881 3840 1947 ιδοει

568 1980 803 2035 ministri
824 1980 1516 2045 l‘neruntsermonis,visunt
1538 1988 1619 2036 est
1638 1990 1692 2036 et
1708 1981 1861 2048 mibi,
1877 1990 1933 2035 ut
1949 1988 2143 2037 cuncta

2251 1976 2420 2049 κάμοὶ
2473 1974 2981 2049 παρηκολουθηκότι
3046 1974 3253 2029 ἄνωθεν
3310 1974 3479 2027 πᾶσιν
3566 1971 3839 2042 ἀκριϐῶς,

568 2072 640 2127 ab
665 2073 816 2127 initio
840 2074 1123 2140 diligenter
1147 2073 1515 2144 pervestigana
1542 2073 1735 2139 ordine
1759 2076 1856 2131 tibi
1880 2075 2141 2141 scribam.

2254 2070 2485 2137 καθεξῆς
2513 2086 2597 2123 σοι
2627 2067 2859 2139 γράψαι,
2887 2067 3147 2138 κράτιστα
3175 2064 3402 2135 Θεόφιλε
3425 2081 3439 2095 ’
3480 2064 3569 2118 ἵνα
3598 2063 3842 2135 ιπιγνῷς

568 2173 788 2219 strenue
823 2162 1142 2234 Theophile,
1163 2179 1269 2235 quo
1300 2178 1563 2236 agnoscas
1610 2179 1797 2221 eorum
1827 2165 2025 2235 quibus
2062 2166 2145 2221 in-

2255 2162 2382 2234 περὶ
2432 2153 2506 2215 ὧν
2534 2158 2850 2231 κατηχήθης
2899 2159 3075 2225 λόγων
3102 2156 3203 2230 τὴν
3236 2156 3560 2226 ἀσφάλειαν.
3602 2174 3623 2210 s
3682 2156 3843 2221 τίνες

572 2266 814 2311 structus
895 2271 953 2311 es
1028 2271 1341 2312 sermonum
1412 2256 1912 2312 communitionem.
1965 2275 1984 2309 ι
2040 2255 2143 2323 Qui

2254 2251 2395 2327 ἦσαν
2423 2254 2473 2308 oi
2508 2252 2695 2306 πολλοὶ
2717 2243 2865 2305 οὗτοι
2902 2251 2952 2304 oi
3002 2250 3497 2321 ὲπιχειρήσαντεςς
3559 2249 3627 2303 Oi
3672 2248 3840 2311 ψευδ-

570 2347 791 2402 fuerunt
818 2348 971 2402 multi
1032 2349 1108 2403 illi
1145 2350 1237 2418 qui
1273 2347 1639 2404 attentarunt?
1685 2346 2142 2418 Pseudoapostoli.

2252 2346 2539 2402 απόστολοι
2561 2364 2573 2379 ο
2602 2342 2785 2399 πολλοὶ
2810 2343 2917 2413 γὰρ
2938 2340 3289 2412 συνέγραψαν
3313 2341 3625 2409 Εὐαγγόλια
3653 2339 3838 2409 δῆθεν,

572 2436 722 2491 “ulti
763 2439 907 2492 enim
963 2449 1089 2493 tunc
1120 2440 1561 2508 conscripserunt
1596 2438 1909 2509 Evangelia,
1934 2441 2008 2495 uti
2050 2447 2137 2495 est

2250 2434 2362 2492 οἶόν
2386 2440 2504 2507 tem
2524 2435 2587 2490 τὸ
2609 2436 2732 2491 κατ’
2760 2434 3117 2503 Δίγυκτίους,
3152 2434 3326 2488 καὶτὸ
3348 2431 3837 2505 ἰκιγραφόμινον.

571 2529 714 2597 quod
751 2538 942 2585 vocant
998 2530 1342 2600 Evangelium
1391 2530 1691 2586 secundum
1740 2529 2047 2602 Egyptios,
2090 2536 2146 2584 et

2251 2529 2375 2585 Τῶν
2403 2527 2635 2583 δώδεκα.
2682 2527 2746 2581 Οί
2777 2526 3012 2581 τοιοῦτοι
3036 2522 3131 2581 οὖν
3149 2524 3523 2596 ιπεχιίρησαν
3559 2522 3745 2595 μόνον,
3774 2524 3838 2578 οὐ

572 2617 715 2685 quod
757 2619 1067 2675 inscribitur
1111 2620 1457 2691 Evangelium
1508 2620 1805 2676 secundum
1838 2620 2141 2676 duodecim.

2256 2623 2436 2693 μέντοι
2468 2620 2564 2674 καὶ
2594 2618 2917 2673 ιτελείωσαν
2940 2635 2955 2649 ο
2988 2617 3113 2672 lusi
3146 2617 3255 2689 γὰρ
3290 2617 3463 2688 χωρὶς
3503 2615 3659 2679 θιίας
3679 2617 3841 2689 χάρι-

572 2708 733 2765 Tales
761 2711 943 2782 itaque
977 2720 1311 2768 attentaruut
1346 2713 1630 2776 duntaxat,
1682 2710 1776 2766 sed
1827 2725 1934 2765 non
1968 2708 2148 2780 perfe-

2255 2730 2342 2776 τος
2370 2713 2625 2783 ἧρξαν-το,
2668 2710 2753 2764 διὰ
2778 2710 2939 2763 τοῦτο
2961 2708 3081 2764 οὐδὲ
3111 2709 3456 2766 ιτιλείωσαν.
3500 2707 3699 2771 Καλῶς
3747 2708 3843 2763 οὖν

574 2800 944 2869 ccrunt.Quia
980 2803 1126 2857 enim
1168 2802 1371 2873 absque
1403 2804 1582 2858 divina
1630 2803 1801 2874 gratia
1842 2812 2145 2873 ceperunt.

2254 2802 2405 2859 εἶπεν
2426 2805 2454 2857 6
2477 2804 2713 2867 Λουκᾶς,
2742 2802 2824 2855 δτι
2849 2802 2900 2855 oi
2926 2800 3110 2855 πολλοὶ
3142 2801 3507 2874 ιπεχιίρησαν
3526 2817 3542 2832 ο
3574 2801 3623 2854 oi
3656 2799 3842 2871 μέντοι

574 2904 859 2964 propterea
912 2910 1083 2966 neque
1153 2898 1523 2952 absolverunt.
1582 2895 1726 2951 Bene
1798 2895 1962 2962 igitur
2012 2894 2151 2951 dixit

2253 2897 2419 2966 ὀλίγοι
2442 2937 2455 2961 ,
2486 2893 2599 2950 οἷον
2626 2896 2655 2949 6
2682 2894 2984 2959 Ματθαῐος,
3038 2897 3066 2948 6
3097 2894 3344 2964 Μάρκος,
3384 2894 3487 2949 οὐκ
3538 2893 3841 2965 ιπεχείρη-

575 2982 778 3047 Lucas.
825 2986 977 3039 multi
1022 2987 1201 3040 conati
1235 2994 1362 3042 sunt
1396 3000 1409 3038 :
1444 2996 1499 3040 at
1538 2986 1716 3057 pauci,
1764 2994 1823 3041 ut
1859 2984 2147 3041 Matthmus

2253 3006 2351 3043 σαν
2379 2989 2558 3058 μόνον,
2595 2988 2733 3042 ἀλλὰ
2767 2989 2863 3042 καὶ
2896 2987 3217 3042 ὶτιλιίωσαν
3238 3003 3252 3017 '
3277 2986 3337 3040 τδ
3365 2987 3477 3058 γάρ
3506 2983 3841 3039 τελιιοποιδν

573 3083 629 3128 et
667 3072 901 3136 Marcus.
930 3090 1037 3129 non
1071 3086 1279 3130 tantum
1313 3083 1736 3140 attentaverunt,
1761 3077 1855 3131 sed
1887 3086 1941 3131 et
1968 3075 2146 3146 perie-

2256 3081 2467 3151 πνεῦμα
2507 3078 2671 3151 ιῐχον.
2741 3077 3327 3151 Πεπληροφορημὲνων
3411 3076 3469 3131 δὶ
3528 3072 3653 3131 εἶπα
3699 3093 3844 3146 πρα-

575 3176 791 3220 cerunt.
835 3162 970 3219 Nam
1032 3163 1295 3234 Spiritum
1356 3168 1532 3222 sortiti
1564 3175 1742 3231 erant,
1777 3167 1867 3236 qui
1910 3166 2146 3236 perfecta

2255 3191 2286 3242 γ
2296 3174 2501 3243 μάτωνο
2536 3174 2596 3226 οὐ
2628 3171 2737 3241 γὰρ
2765 3170 2952 3235 ἁπλῶς
2976 3170 3119 3224 κατὰ
3140 3168 3301 3240 ψιλὴν
3325 3169 3629 3239 παράδοσιν
3646 3168 3755 3221 είσι
3771 3167 3843 3222 τὰ

576 3265 860 3321 operatur.
889 3254 995 3311 Res
1024 3257 1203 3312 multis
1224 3257 1557 3328 argumentis
1581 3259 1961 3327 comprobatae
1990 3257 2145 3311 dixit.

2254 3263 2343 3318 τιῦ
2366 3262 2624 3335 Χριστοῦ,
2657 3261 2773 3316 ἀλλ’
2804 3264 2861 3315 ὲν
2896 3261 3125 3333 ἀληθείᾳ
3150 3260 3243 3314 καὶ
3286 3259 3467 3314 πίστει
3511 3258 3707 3331 βεϐαίᾳ
3745 3260 3842 3313 καὶ

578 3343 685 3399 Res
718 3346 867 3399 enim
900 3346 1099 3407 Cbristi
1159 3364 1266 3403 non
1321 3349 1637 3419 simpliciter
1667 3359 1722 3403 et
1756 3348 1899 3405 nude
1939 3350 2152 3404 tradita

2255 3356 2393 3426 μετά
2424 3356 2601 3423 πάσης
2633 3355 3028 3427 πληροφορίας.
3078 3353 3203 3416 Πῶς
3230 3352 3286 3406 δέ
3326 3352 3435 3406 αισι
3485 3352 3843 3422 πεπληροφοο

578 3444 727 3500 sunt,
748 3436 842 3491 sed
885 3452 1011 3492 vera
1039 3447 1093 3493 et
1120 3439 1291 3494 solida
1327 3438 1517 3505 ﬁde,et
1548 3438 1835 3495 multorum
1867 3454 2153 3511 argumen-

2256 3448 2469 3517 ρημένα
2519 3444 2711 3511 ταῦτα,
2766 3444 2912 3509 sint,
2962 3440 3007 3499 ὦ
3035 3444 3221 3499 Λουκᾶ
3250 3462 3263 3509 ;
3298 3442 3501 3506 Καθὼς
3533 3442 3844 3511 παρέδοσαν

577 3538 757 3583 torum
810 3530 1153 3591 certitudine.
1200 3530 1261 3584 Et
1313 3532 1603 3601 quomodo,
1633 3533 1739 3599 dic,
1774 3531 1938 3595 Luca,
1966 3532 2151 3585 multis

2254 3536 2383 3606 ἡμῖν
2411 3537 2459 3588 oi
2485 3536 2578 3590 ἀπ’
2599 3536 2774 3606 ἀρχῆς
2795 3534 3062 3588 αὐτόπται
3096 3532 3193 3587 καὶ
3214 3531 3489 3603 ὑπηρέται
3510 3529 3607 3583 τοῦ
3639 3530 3806 3597 λόγου
3825 3544 3840 3560 ·

578 3622 912 3688 argumentis
979 3622 1338 3691 comprobata
1393 3623 1558 3679 sunt?
1605 3624 1757 3679 Sicut
1806 3624 2153 3679 tradiderunt

2255 3629 2320 3681 ικ
2342 3627 2530 3681 τούτου
2560 3627 2739 3697 δῆλον,
2782 3628 2864 3681 ὅτι
2914 3628 3014 3681 οὐκ
3063 3621 3131 3698 ἦν
3162 3627 3190 3679 6
3244 3626 3461 3686 Λουκᾶς
3518 3623 3613 3676 ἀπ’
3664 3623 3843 3693 ἀρχῆς

582 3714 738 3769 nobis
768 3714 843 3779 bi,
868 3715 956 3782 qui
988 3714 1055 3767 ab
1082 3714 1239 3768 initio
1269 3716 1381 3770 suis
1428 3716 1604 3773 oculis
1641 3716 1912 3780 viderunt,
1946 3727 2000 3771 et
2047 3716 2148 3770 mi-

2257 3716 2525 3788 μαθητὴς,
2559 3716 2675 3769 ἀλλ’
2703 3716 3091 3788 ὑπερόχρονος
3114 3731 3127 3746 ·
3161 3714 3310 3769 ἄλλοι
3361 3714 3471 3782 γὰρ
3496 3708 3640 3783 ἦσαν
3659 3711 3709 3764 oi
3742 3709 3842 3765 ἀπ’

582 3805 745 3861 nistri
810 3805 1029 3859 fuerunt
1084 3808 1372 3861 sermonis.
1428 3806 1566 3862 Hinc
1647 3806 1993 3861 manifestum
2067 3814 2150 3861 est

2256 3808 2429 3879 ἀρχῆς
2464 3808 2900 3879 μθητευθὲντις
2924 3824 2937 3839 ·
2972 3808 3022 3859 oi
3056 3808 3183 3876 rupi
3212 3806 3422 3876 Πέτρον
3469 3805 3715 3867 καὶτοὺς
3747 3800 3844 3855 τοῦ

581 3897 781 3951 Lucam
821 3896 889 3951 ab
922 3897 1074 3952 initio
1102 3914 1209 3951 non
1246 3897 1411 3953 fuisse
1458 3900 1806 3967 discipulum,
1834 3901 1925 3953 sed
1974 3908 2153 3969 poste-

2257 3898 2539 3953 Ζεϐεδαίου
2559 3914 2574 3930 ⁶
2603 3897 2654 3953 oi
2681 3897 2777 3953 καὶ
2812 3896 3119 3968 παρέδοσαν
3142 3896 3291 3966 αὖτῷ
3320 3898 3419 3950 ὅσα
3444 3894 3546 3949 οὐκ
3566 3888 3712 3947 σῐδεν
3740 3894 3845 3947 n.6-

580 3986 817 4043 rloribus
851 3989 1199 4056 temporibus.
1219 3990 1321 4043 Alii
1360 3991 1501 4047 enim
1539 3991 1606 4046 ab
1639 3990 1794 4045 initio
1826 3990 2150 4053 didicerant,

2259 3990 2365 4053 τὸς,
2398 3991 2520 4043 οὕτε
2555 3991 2821 4060 αὐτήκοος
2849 3989 3087 4056 ἐγίνετο.
3134 3989 3200 4040 Τί
3248 3988 3305 4041 δέ
3336 3989 3455 4041 ἐστι
3478 3987 3563 4054 τὸ,
3605 3986 3697 4040 ῐνα
3725 3988 3847 4041 tm-

579 4085 641 4131 ut
668 4076 861 4132 Petrus
904 4088 955 4133 et
986 4078 1079 4133 lilii
1125 4078 1393 4145 Zcbedaai,
1434 4080 1526 4151 qui
1563 4090 1618 4135 et
1649 4082 1983 4135 tradiderunt
2028 4080 2153 4134 huic

2257 4083 2401 4153 γνῷς
2421 4084 2521 4153 τὴν
2562 4083 2863 4151 ἀσφάλειαν
2890 4084 3019 4152 περὶ
3066 4077 3142 4134 ὧν
3173 4079 3525 4151 κατηχήθηςς
3571 4080 3733 4134 Διττὰ
3762 4081 3845 4143 είς

582 4182 916 4237 quaecunque
946 4170 1059 4237 ipse
1090 4185 1196 4223 non
1232 4171 1459 4234 viderat,
1503 4186 1676 4239 neque
1727 4171 1840 4239 ipse
1883 4171 2149 4225 audierat.

2258 4175 2412 4229 τοῦτο
2436 4175 2546 4246 (xw
2568 4177 2659 4246 νοή
2670 4191 2835 4245 ματα.
2867 4175 2963 4227 Ἐν
2984 4175 3104 4245 μὲν,
3136 4175 3216 4227 ὅτι
3245 4175 3513 4244 πρότερον
3547 4174 3648 4243 μὲν
3665 4170 3846 4243 ἀγρά-

584 4260 721 4323 Quid
754 4268 935 4343 autem
965 4269 1043 4315 est
1076 4261 1218 4329 quod
1248 4261 1399 4326 dicit,
1426 4278 1532 4331 quo
1562 4278 1820 4333 agnoscas
1859 4277 2065 4326 eorum,
2088 4263 2153 4316 de

2259 4284 2373 4336 φως
2402 4283 2462 4319 σι
2492 4267 2800 4337 κατήχησα,
2834 4260 2879 4320 ὦ
2909 4266 3135 4334 Θεόφιλε
3165 4282 3179 4296 ·
3210 4263 3305 4317 νῦν
3337 4263 3394 4317 δὲ
3437 4263 3733 4333 ιγγράφως
3762 4278 3847 4316 σοι

584 4348 752 4417 270
768 4350 961 4417 quibus
980 4351 1201 4406 edoctus
1224 4366 1280 4405 es
1301 4368 1609 4407 sermonum
1633 4353 2153 4408 communitionem?

2258 4360 2582 4432 παραδιδοὺς
2615 4360 2675 4413 τὸ
2710 4360 3063 4427 Εὑαγγέλιον,
3098 4358 3471 4427 ἁσφαλίζομαι
3504 4356 3596 4409 τὸν
3631 4356 3723 4409 σὺν
3747 4356 3845 4408 λο-

583 4441 730 4493 Duos
767 4440 818 4493 in
858 4440 957 4496 hoc
987 4457 1177 4497 sensus
1209 4444 1399 4499 habeo.
1446 4443 1593 4499 Unus
1638 4447 1850 4513 quidem
1895 4456 1979 4501 est
2020 4447 2151 4501 hic:

2258 4450 2475 4520 γισμδν,
2512 4451 2596 4503 ἵνα
2630 4452 2702 4521 μὴ
2737 4452 3062 4521 ἐπιλάθηται
3099 4451 3207 4505 τῶν
3239 4452 3506 4520 ἀγράφως
3536 4447 3846 4518 παραδιδο-

583 4529 744 4582 Prius
793 4540 843 4585 te
889 4532 1005 4587 sine
1049 4535 1271 4603 scriptis.
1318 4536 1606 4602 iustitui,o
1636 4537 1961 4605 Theopliile,
2010 4552 2153 4591 nunc

2261 4542 2691 4612 μένων.Ἒτερον
2714 4544 2770 4596 δὲ
2791 4544 3063 4596 τοιοῦτον
3102 4544 3165 4597 Οί
3186 4543 3463 4613 ἄνθρωποι
3488 4542 3611 4605 ῑθος
3647 4540 3849 4610 ἔχομεν

586 4622 846 4689 scriptqu
884 4623 976 4678 tibi
1009 4624 1165 4680 trado
1201 4626 1557 4697 Evangelium
1588 4646 1599 4680 :
1626 4636 1786 4696 atque
1816 4628 1888 4681 ita
1920 4636 2152 4682 mentem

2262 4634 2541 4697 πολλάκις,
2568 4633 2696 4686 ὅταν
2722 4652 2805 4695 τις
2838 4635 3102 4703 ἀγράφως
3135 4634 3268 4705 λέγῃ
3325 4636 3479 4704 ἡμῖν,
3512 4633 3850 4686 ὑποπτεύειν

586 4722 736 4766 tuam
769 4716 967 4781 munio,
994 4725 1053 4770 ut
1100 4732 1166 4771 ne
1220 4718 1573 4774 obliviscatur
1624 4733 1808 4773 eorum
1866 4734 1987 4789 qua:
2039 4720 2156 4773 sine

2263 4724 2447 4777 τοῦτον
2474 4724 2549 4787 ὼς
2578 4723 2741 4794 τυχὸν
2796 4723 3125 4794 ψευδόμενον
3148 4741 3159 4753 ·
3206 4726 3337 4778 ὅταν
3378 4723 3437 4779 δὲ
3472 4725 3569 4777 καὶ
3600 4721 3791 4793 γράψῃ
3812 4720 3851 4775 ἃ

587 4805 805 4875 scriptis
841 4808 1031 4861 tradita
1060 4818 1203 4863 sunt.
1224 4808 1373 4863 Alter
1402 4826 1557 4869 vero:
1582 4810 1830 4865 Solemus
1858 4826 1952 4864 nos
1981 4810 2156 4863 homi-

2260 4816 2429 4883 λέγει,
2455 4815 2574 4868 τότε
2599 4816 2950 4884 πιστεύομεν,
2977 4815 3051 4878 ὡς
3074 4815 3169 4868 ἐὰν
3204 4816 3279 4885 μὴ
3303 4800 3549 4886 ὶθάρῤει,
3600 4813 3684 4866 ὃτι
3709 4812 3848 4882 ἁληο

588 4908 686 4948 nes
717 4910 861 4964 saepe
896 4899 1111 4965 quando
1156 4901 1276 4967 quis
1308 4901 1463 4955 nobis
1498 4902 1615 4956 sine
1658 4902 1943 4969 scripturis
1988 4900 2159 4969 loqui-

2264 4909 2325 4979 θῆ
2372 4907 2539 4975 λέγει,
2591 4908 2692 4961 οὑκ
2725 4907 2791 4961 ἂν
2854 4908 3085 4978 ἔγραφε.
3135 4908 3307 4961 Τοῦτο
3365 4906 3457 4961 οὖν
3491 4906 3587 4961 καὶ
3619 4907 3649 4959 6
3683 4907 3852 4973 εὐαγ-

589 4992 697 5048 tur,
717 4986 980 5055 suspicari
1007 5002 1077 5042 ne
1099 4987 1239 5043 forte
1267 4992 1393 5059 quid
1424 4992 1688 5046 mendacii
1732 4992 2021 5046 admisttnn
2045 4993 2114 5046 sit
2142 5010 2153 5045 :

2265 4994 2511 5067 γελιστής
2532 5012 2718 5063 φησιν,
2746 4996 2851 5059 ὅτι,
2879 4996 2979 5049 Διὰ
3007 4995 3166 5049 τοῦτό
3208 5014 3287 5050 σοι
3320 4996 3537 5067 ῑγραψα
3573 4996 3636 5049 τὸ
3670 4996 3853 5065 Εὐαγ-

588 5076 807 5143 quando
858 5085 1036 5132 autem
1090 5080 1252 5133 etiam
1308 5081 1495 5136 scribit
1551 5098 1669 5151 qua:
1727 5083 1985 5154 loquitur,
2030 5094 2160 5139 tunc

2263 5088 2461 5157 γιλιον,
2514 5088 2600 5141 ἵνα
2652 5087 2689 5141 ἃ
2750 5088 3015 5158 ἀγράφως
3067 5089 3411 5161 κατηχήθης.
3462 5090 3522 5143 ιν
3574 5091 3851 5161 ἀσφαλείᾳ

588 5165 859 5219 credimus
884 5168 1025 5235 quod
1063 5184 1169 5223 non
1206 5171 1529 5237 scripsisset,
1569 5173 1673 5229 nisi
1710 5190 1834 5230 vera
1867 5191 1923 5230 se
1971 5176 2155 5233 dicere

2263 5180 2466 5233 πλείονι
2520 5179 2778 5248 κατίχῃς.
2834 5181 3135 5245 Πιστεύσας
3181 5200 3271 5253 μοι
3335 5182 3542 5253 μᾶλλον
3599 5184 3718 5248 νῦν,
3768 5182 3849 5247 ὡς

588 5257 903 5311 conﬁderet.
943 5258 1150 5315 idcirco
1193 5270 1246 5315 et
1289 5265 1619 5333 evangelista
1653 5266 1784 5321 dicit
1819 5285 1831 5320 :
1868 5268 2159 5337 Propterea

2266 5270 2515 5325 τοσοῦτον
2537 5269 2827 5340 Οαξιροὖντι
2858 5272 2947 5324 ἐπὶ
2982 5274 3091 5335 τοῖς
3128 5273 3423 5341 ἀγράφοις,
3454 5272 3600 5327 ὥστε
3632 5274 3729 5326 καὶ
3756 5276 3850 5341 ἰγ-

593 5347 787 5414 scripsi
831 5347 925 5402 tibi
960 5348 1330 5421 Et'angelium,
1353 5365 1408 5409 ut
1438 5371 1500 5409 ea
1528 5357 1593 5411 de
1618 5359 1816 5426 quibus
1848 5360 1968 5413 sine
2016 5361 2157 5413 scri-

2264 5364 2488 5433 γράφως
2511 5361 2680 5415 ταῦτα
2706 5363 2943 5415 ἐκθεῖναι
2965 5381 2977 5393 ο
3020 5365 3121 5435 ὅρα
3148 5364 3203 5417 δὲ
3229 5366 3322 5418 καὶ
3360 5364 3440 5427 τὸ,
3481 5365 3746 5432 ἐπιγνῷς.
3772 5365 3850 5418 Οὐ

592 5439 696 5504 ptis
743 5440 985 5495 eruditus
1034 5456 1115 5503 es,
1161 5446 1212 5498 in
1268 5447 1456 5516 majori
1502 5452 1793 5506 securitate
1848 5467 2156 5516 conserves,

2265 5456 2371 5522 γὰρ
2391 5450 2534 5518 εἶπε,
2553 5453 2716 5522 γνῷς,
2736 5453 2871 5519 ἀλλ’,
2914 5456 3170 5523 ἐπιγνῷς,
3196 5456 3495 5521 τουτέστιν,
3510 5458 3573 5509 ἐκ
3590 5457 3850 5527 δευτέρου

595 5527 854 5595 majorem
891 5532 1018 5585 mihi
1055 5533 1209 5587 ﬁdem
1243 5551 1384 5591 nunc
1416 5538 1643 5603 habens,
1670 5542 1757 5609 qui
1794 5544 1928 5597 adeo
1962 5543 2029 5596 de
2073 5544 2156 5598 bis

2268 5545 2483 5597 πλείονα
2509 5544 2710 5612 γνῶσιν
2728 5544 2896 5616 λάϐῃς
2922 5586 2937 5612 ,
2973 5546 3066 5599 καὶ
3091 5546 3292 5619 θᾶρῤος
3324 5548 3421 5601 καὶ
3448 5548 3753 5618 ἀσφάλειαν
3776 5548 3851 5611 ὡς

590 5632 712 5685 qua:
749 5634 851 5673 non
883 5624 1082 5691 scripto
1112 5625 1288 5689 docui,
1310 5628 1596 5696 conﬁdam,
1635 5644 1695 5686 ut
1722 5633 1881 5687 etiam
1932 5636 2162 5703 scriptu-

1061 5638 1082 5677 s
1112 5625 1288 5689 docui,
1310 5628 1596 5696 conﬁdam,
1635 5644 1695 5686 ut
1722 5633 1881 5687 etiam
1932 5636 2162 5703 scriptu—
2270 5638 2328 5689 οὐ
2359 5636 2649 5705 ψεύδομαι.

593 5715 947 5812 risproderc
995 5732 1097 5771 non
1150 5718 1503 5776 formidarim.
1553 5725 1783 5780 Attende
1815 5728 1939 5782 item
1972 5731 2113 5798 quod
2153 5731 2304 5797 dicit,
2363 5744 2647 5796 agnoscas,
2687 5746 2817 5795 non,
2850 5732 3011 5798 scias,
3038 5731 3137 5789 hoc
3166 5743 3269 5802 est,
3321 5734 3564 5791 secundo
3591 5733 3851 5805 maiorem

596 5804 823 5873 accipias
849 5806 1130 5861 scientiam
1165 5817 1216 5862 ct
1248 5809 1493 5866 ﬁduciam
1524 5828 1584 5866 ac
1614 5816 1959 5871 securitatem
2000 5819 2142 5888 quod
2184 5836 2284 5875 non
2321 5820 2569 5874 mentiar.
