4022 6506
849 559 1103 616 ΚΕΟΔΑ.
1146 559 1227 615 A'.

240 680 385 749 Περι
415 677 539 734 τῶν
580 676 806 749 γονέω-
830 663 1112 749 Ἰωάννου
1142 676 1251 749 τοῦ
1298 674 1695 749 βαπτιστοῦι
1735 675 1834 749 καί

312 746 427 817 ἑῆς
450 746 639 805 αὑτοῦ
663 746 1030 817 γεννήσεως.
1063 747 1205 817 Περὶ
1235 747 1339 817 τοῦ
1363 746 1698 817 ἀσπασμοῦ
1728 746 1835 817 τοῦ

610 814 761 890 φὺς
786 820 1045 890 Μαριάμ.
1077 814 1215 890 ῌᾴρῖ
1244 815 1350 872 τοῦ
1380 814 1711 888 ἀσπασμοῦ
1728 814 1837 885 τῆς

315 884 550 959 Πάριαι·
577 884 729 958 πρὸς
754 884 1231 958 τὴνἚλισάϐεε.

320 1046 342 1079 ε
391 1026 641 1096 Ἐγένετο
663 1027 723 1081 ἐν
748 1026 869 1090 ταῖς
890 1024 1131 1097 ἡμέραις
1168 1023 1411 1097 Ἡρώδου
1442 1025 1537 1080 τοῦ
1574 1024 1837 1097 βασιλέως

240 1118 351 1190 τῆς
388 1119 672 1182 Ἰουδαίας,
706 1118 887 1188 ίερεύς
918 1135 1005 1184 τις
1063 1117 1298 1189 ὀνόματι
1320 1120 1617 1191 Ζαχαρίας.
1652 1119 1713 1185 ἐξ
1735 1121 1837 1188 ἐφ-

240 1214 487 1285 ημερίας
530 1212 710 1276 Ἄδα,
742 1213 839 1267 καὶ
868 1215 908 1286 ἡ
926 1213 1065 1282 γυνὴ
1100 1211 1270 1268 αὑτοῦ
1295 1214 1361 1267 ἐκ
1383 1211 1496 1267 τῶν
1519 1214 1838 1285 θυγατέρων

255 1304 470 1377 Ἀαρών
490 1320 505 1336 ·
539 1303 633 1359 καὶ
661 1305 724 1359 τὸ
745 1306 920 1376 ὄνομα
950 1304 1120 1377 αὐτῆς
1155 1304 1457 1360 Ἐλισάδετ.
1486 1324 1505 1359 ι
1545 1306 1838 1376 Μέμνηται

242 1396 351 1468 τῆς
380 1395 657 1467 βασιλείας
689 1396 953 1468 Ἡρώδου,
969 1396 1088 1467 ἃμα
1110 1396 1231 1466 μιν,
1252 1398 1398 1451 κατὰ
1419 1396 1511 1450 τὸν
1536 1396 1707 1451 τύπον
1729 1398 1839 1451 τῶν

250 1489 557 1560 προφητῶν
580 1490 979 1561 διηγοῦμενοςοο
1002 1491 1199 1545 ἐκεῖνοι
1224 1489 1335 1561 γὰρ
1356 1488 1531 1553 οὕτως
1552 1490 1835 1562 ἄρχονται·

255 1579 354 1636 Ἐν
376 1583 500 1647 ταῖς
521 1582 760 1651 ἡμέραις
775 1582 1008 1654 Ἰυάχαζ
1023 1581 1118 1636 καὶ⁸
1134 1582 1399 1648 Ἐζεκίου,
1415 1582 1621 1636 καὶτοῦ
1644 1585 1839 1651 δεῖνος,

240 1673 466 1742 ἐγένετο
485 1674 609 1729 τάδε
633 1690 651 1709 ο
688 1674 808 1746 ἃμα
833 1674 891 1730 δέ
920 1676 1047 1730 ἐπεὶ
1077 1676 1210 1747 περὶ
1237 1676 1334 1730 τοῦ
1373 1675 1614 1746 Χριστοῦ
1655 1676 1839 1748 μέλλει

246 1768 451 1830 εἰπεῖν,
472 1767 571 1821 διά
589 1766 750 1823 τοῦτο
782 1770 1059 1838 μέμνηται
1090 1768 1184 1823 τοῦ
1228 1768 1491 1841 Ἡρώδου,
1552 1770 1640 1824 ῖνα
1690 1769 1838 1841 δείξῃ

245 1855 743 1931 ὔτεάληθῶςῆλθεν
759 1862 788 1913 ὁ
813 1861 1049 1932 Χριστὸς
1078 1862 1173 1915 ἐπὶ
1190 1860 1429 1933 Ἡρώδου
1454 1902 1467 1916 .
1495 1855 1666 1926 Οὗτος
1687 1862 1839 1931 γάρὸ

258 1948 534 2022 Ἡρώδης,
565 1951 901 2007 ἐκλιπόντων
925 1952 1038 2006 τῶν
1080 1952 1235 2024 παρά
1271 1953 1381 2007 τῶν
1425 1953 1697 2008 Ἰουδαίων
1733 1954 1838 2025 άρ-

240 2041 477 2111 χόντων,
505 2042 746 2112 ἐγένετο,
780 2043 861 2107 ὥς
893 2044 925 2115 ἡ
958 2042 1052 2097 τοῦ
1101 2044 1301 2099 Ἰακὼδ
1333 2045 1643 2117 προφητεία
1665 2045 1837 2117 δηλοῖ.

246 2132 419 2190 Ὅθεν
438 2133 715 2191 δείκνυται
744 2136 774 2189 δ
815 2134 1052 2206 Χριστὸς
1082 2133 1275 2191 ἐλθών.
1326 2137 1438 2190 Καὶ
1483 2136 1673 2207 ἓτερον
1702 2136 1759 2189 δέ
1786 2153 1839 2190 τι

242 2224 541 2295 κατορθοῖ·
592 2222 795 2294 ἀληθές
846 2223 1091 2279 δείκνυσι
1138 2224 1203 2279 τὸ
1248 2224 1583 2295 Εὑαγγέλιον
1610 2224 1700 2280 διά
1742 2224 1839 2279 τοῦ

240 2320 436 2389 λέγειν
461 2318 555 2370 τὸν
581 2317 801 2388 χρόνον.
841 2316 1126 2383 Ὲξουσίαν
1150 2316 1259 2385 γὰρ
1288 2314 1476 2370 δίδωσι
1499 2320 1614 2382 τοῖς
1647 2316 1838 2388 βουλο·

248 2413 447 2484 μένοις
476 2409 908 2482 ἐξετάζειν(9ϐ),
932 2410 1028 2465 καὶ
1055 2410 1166 2466 ἀπὸ
1194 2410 1284 2464 τοῦ
1305 2411 1505 2481 χρόνευ
1539 2409 1838 2482 μανθάνειν

242 2505 355 2577 τὴν
374 2505 469 2560 τοῦ
489 2504 830 2574 Εὐαγγελίου
850 2505 1137 2575 άλήθειανυ
1155 2505 1389 2577 ἄρχεται
1411 2508 1467 2563 δέ
1489 2507 1601 2564 άπὸ
1616 2506 1713 2563 τοῦ
1731 2506 1840 2561 Ζα-

239 2590 443 2661 χαρίου
466 2593 559 2646 καὶ
605 2595 704 2664 τῆς
757 2593 853 2648 τοῦ
898 2594 1146 2649 Ἰωάννου
1198 2597 1531 2667 γεννήσεως,
1569 2596 1797 2661 εἰκότως
1821 2610 1837 2625 ⁸

241 2683 375 2735 ἐπεὶ
407 2682 517 2753 γὰρ
538 2686 670 2757 περὶ
694 2685 795 2755 τῆς
812 2685 908 2740 τοῦ
934 2686 1176 2757 Χριστοῦ
1210 2688 1518 2759 γεννήσεως
1548 2687 1736 2759 μέλλει
1760 2692 1841 2745 ei-

244 2777 375 2829 πεῖν
398 2814 414 2839 ,
446 2776 764 2848 Πρόδρομος
789 2778 847 2832 δέ
867 2776 961 2832 τοῦ
990 2778 1229 2850 Χριστοῦ
1249 2781 1278 2833 ὁ
1311 2780 1589 2849 Ἰωάννης,
1613 2782 1840 2848 είκότως
1890 2806 1897 2829 ι

243 2864 358 2937 πρὸ
385 2868 488 2939 τῆς
513 2866 607 2921 τοῦ
650 2869 890 2941 Χριστοῦ
946 2871 1254 2943 γεννήσεως
1284 2872 1386 2943 τὴν
1434 2872 1529 2927 τοῦ
1591 2872 1841 2929 Ἰωάννου

240 2959 539 3033 διηγεῖται.
568 2960 704 3015 Οὐδὲ
728 2963 923 3035 αὐτὴν,
957 2964 1087 3019 ἄνευ
1135 2965 1418 3039 θαύματος
1450 2964 1642 3021 οὖσαν.
1685 2967 1842 3021 ‘Etrst

243 3053 362 3126 γάρ
388 3055 668 3128 Παρθένος
689 3054 883 3128 ιμελλε
901 3060 1101 3125 τεκεῖν,
1128 3058 1590 3131 προῳκονόμησεν
1619 3062 1653 3132 ἡ
1679 3061 1840 3132 χάρις

243 3146 340 3201 ἵνα
365 3148 546 3220 γραῦς
574 3150 709 3221 τέκῃ
734 3150 796 3203 οὐ
842 3150 984 3205 κατὰ
1013 3149 1179 3219 νόμον
1209 3149 1447 3219 φύσεως.
1496 3154 1545 3206 εί
1570 3153 1667 3206 καὶ
1702 3153 1841 3223 μετὰ

986 444 1437 511 BNARRATIO
1476 444 1559 510 IN
1595 444 1836 509 EVANG

1945 446 2113 509 .lUM
2150 446 2390 509 LUCE.
2442 442 2697 507 -CAP.
2746 442 2795 503 Ι.
2848 440 2851 441 ν

1860 562 1916 623 Α

3437 433 3552 499 τοι

2580 552 2813 611 CAPUT
2850 551 2890 606 Ι.

1937 676 2015 732 De
2044 681 2352 745 parentibus
2384 668 2931 745 JoannishB'ttptisttr
2962 677 3025 745 _et
3075 667 3192 745 eitts
3244 668 3559 745 "mittitote;

2008 737 2086 802 De
2119 746 2438 801 salutatione
2470 740 2649 809 angeli
2703 739 2774 795 ad
2829 738 3089 795 Mariam.
3122 737 3199 793 De
3243 740 3550 793 risitatioue

2009 816 2202 873 Maria
2230 816 2302 871 ad
2336 813 2636 871 Elisabeth.

2010 1032 2181 1090 Vens.
2220 1034 2274 1090 5.
2321 1052 2340 1087 t
2380 1033 2588 1089 Eratin
2633 1031 2824 1088 diebus
2846 1028 3080 1085 Herodis
3130 1030 3275 1101 regis
3320 1026 3545 1095 Jume,

1939 1126 2197 1183 sacerdos
2224 1125 2453 1195 quidam
2486 1123 2710 1180 nomine
2754 1122 3078 1188 Zacharias,
3111 1122 3180 1175 de
3216 1121 3335 1178 vice
3384 1122 3543 1188 Abia,

1941 1228 1998 1273 et
2041 1233 2181 1273 uxor
2239 1218 2387 1274 illius
2435 1217 2503 1272 de
2563 1215 2781 1271 liliabus
2832 1220 3037 1280 Aaron,
3058 1224 3111 1271 et
3164 1228 3366 1269 nomen
3426 1213 3547 1281 ejus

1939 1308 2242 1365 Elisabetb.
2285 1328 2305 1362 ι
2337 1307 2669 1363 ὶίθιιιὶοηοιιι
2716 1306 2846 1363 facit
2876 1306 3026 1377 regni
3060 1304 3314 1372 Herodis,
3343 1314 3457 1360 tum
3488 1316 3551 1360 ut

1946 1403 2224 1457 narrando
2260 1400 2653 1471 prophetarum
2692 1397 2924 1452 formam
2959 1407 3163 1463 servet;
3192 1396 3267 1451 illi
3297 1395 3444 1450 enim
3469 1396 3552 1450 sie

1943 1493 2215 1562 incipiunt
2246 1509 2263 1547 :
2289 1490 2347 1546 In
2382 1490 2579 1547 diebus
2628 1488 2870 1546 Joachaz
2916 1498 2967 1545 el
3026 1488 3295 1555 Ezecbim,
3319 1498 3375 1543 et
3405 1488 3552 1545 illius

1941 1582 2433 1652 cujuspiam,l‘acta
2472 1590 2603 1638 sunt
2652 1584 2769 1637 hac
2801 1599 2815 1637 :
2849 1590 2963 1638 tum
3018 1582 3144 1652 quia
3198 1581 3268 1638 de
3318 1581 3555 1639 Christo

1942 1675 2189 1731 dicturus
2248 1684 2356 1737 est.
2407 1673 2529 1729 ideo
2580 1672 2833 1729 meminit
2881 1672 3134 1740 Herodis,
3184 1682 3245 1729 ut
3294 1674 3552 1730 ostendat.

1942 1768 2089 1838 quod
2122 1767 2225 1824 sub
2263 1765 2483 1823 Herode
2534 1781 2667 1821 vere
2703 1766 2915 1823 venerit
2949 1765 3224 1823 Christus.
3254 1764 3357 1822 Hic
3401 1769 3549 1824 enim

1946 1857 2187 1916 Herodes
2218 1858 2321 1913 fuit
2349 1874 2475 1913 cum
2512 1857 2844 1914 defecissent
2897 1858 3041 1927 apud
3092 1856 3310 1914 Judteos
3344 1857 3549 1929 princi-

1944 1963 2061 2020 pes,
2114 1949 2273 2016 Juxta
2335 1948 2685 2019 prophetiam
2742 1946 2935 2004 Jacob.
2981 1946 3142 2004 Unde
3205 1956 3551 2003 monstratur

1942 2042 2086 2112 quod
2118 2041 2380 2098 Christus
2427 2042 2664 2097 venerit.
2702 2039 2812 2098 Sed
2841 2050 2898 2097 et
2931 2041 2989 2096 in
3042 2039 3147 2097 hoc
3196 2050 3345 2098 recte
3390 2039 3545 2105 facit,

1942 2132 2087 2203 quod
2111 2133 2457 2191 ostendendo
2488 2143 2727 2205 tempus,
2752 2135 2963 2189 certius
2998 2134 3241 2190 ostendit
3292 2134 3547 2206 Evange-

1942 2225 2097 2281 lium.
2142 2227 2367 2294 Copiam
2418 2227 2565 2283 enim
2629 2227 2930 2299 quaerendi,
2974 2226 3023 2284 si
3074 2227 3173 2297 qui
3236 2228 3437 2291 volent.
3493 2238 3553 2285 rt

1943 2318 2189 2374 discendi
2223 2319 2502 2391 Evangelii
2534 2322 2818 2377 veritatem
2854 2336 2883 2374 a
2912 2330 3156 2391 tempore
3185 2320 3338 2379 facit.
3365 2320 3429 2376 Et
3458 2322 3544 2378 in-

1944 2409 2078 2479 cipit
2105 2424 2136 2464 ε
2174 2409 2442 2466 Zacharia
2472 2420 2528 2466 et
2558 2412 2846 2467 nativitate
2880 2411 3109 2466 Joannis
3141 2429 3156 2467 :
3189 2412 3352 2481 idque
3383 2412 3550 2468 meri-

1946 2508 2022 2555 to.
2063 2498 2293 2568 Quando
2329 2500 2553 2571 quidem
2588 2501 2734 2557 enim
2764 2501 2833 2558 de
2876 2502 3081 2558 Christi
3115 2504 3409 2560 nativitate
3456 2504 3545 2560 di-

1942 2599 2136 2647 cturus
2157 2602 2296 2659 erat,
2313 2592 2519 2649 Christi
2544 2603 2723 2649 autem
2747 2607 3058 2663 prtecursor
3078 2604 3230 2652 esset
3251 2592 3496 2653 Joannes
3526 2613 3544 2653 :

1943 2695 2311 2741 consentanee
2346 2696 2474 2743 ante
2509 2684 2715 2743 Christi
2748 2686 3118 2756 nativitatem,
3152 2687 3383 2745 Joannis
3421 2704 3549 2745 nar-

1946 2786 2033 2831 rat
2062 2777 2431 2843 nativitatem,
2455 2793 2689 2850 eamque
2725 2793 2833 2834 non
2860 2780 2981 2835 sine
3005 2780 3291 2836 miraculo.
3321 2779 3390 2835 Et
3418 2781 3548 2849 quia

1945 2868 2100 2939 virgo
2147 2870 2397 2940 paritura
2448 2880 2588 2939 erat,
2627 2871 3016 2941 praeordinavit
3058 2871 3202 2928 Deus
3253 2884 3313 2929 ut
3369 2872 3551 2929 vetula

1946 2971 2180 3031 pareret,
2209 2977 2316 3017 non
2370 2962 2668 3017 secundum
2720 2961 2892 3035 legem
2946 2972 3179 3026 naturae.
3214 2962 3435 3020 tametsi
3481 2978 3553 3019 ex

1947 3056 2087 3110 viro.
2131 3052 2275 3121 Quid
2330 3066 2513 3110 autem
2571 3063 2676 3119 est,
2716 3069 2782 3111 ex
2840 3056 2959 3111 vice
3012 3056 3191 3110 Allia?
3234 3055 3553 3126 lntelligunt

1947 3143 2167 3214 quidam
2199 3142 2301 3208 sic,
2332 3142 2478 3214 quod
2507 3143 2616 3199 duo
2646 3142 2849 3200 iuerint
2882 3144 3218 3211 sacerdotes,
3238 3144 3550 3201 successio-

249 3237 469 3310 ἀνδρός.
506 3241 572 3295 Τί
602 3242 659 3296 δέ
696 3244 814 3296 ἐστι
859 3240 942 3308 τὸ,
990 3241 1049 3309 ἐξ
1079 3243 1390 3313 ἐφημερίας
1441 3243 1628 3311 ’Δδιάς
1683 3245 1836 3309 Τινές

1948 3249 2018 3292 ne
2067 3235 2430 3291 ministerium
2485 3236 2855 3304 perﬁcientes,
2906 3251 3140 3307 quorum
3190 3252 3338 3294 unus
3382 3236 3545 3305 Abia,

246 3329 352 3401 μιν
385 3328 531 3385 οὕτω
582 3332 817 3398 νοοῦσιν,
849 3334 931 3387 ὅτι
961 3334 1058 3389 δύο
1084 3328 1227 3405 ἦσαν
1255 3336 1444 3405 ίερεῖς,
1484 3336 1548 3391 ἐκ
1584 3335 1838 3408 διαδοχῆς

239 3420 347 3493 τὴν
375 3420 719 3496 λειτουργίαν
744 3424 1027 3490 τελοῦντες
1046 3442 1059 3457 ’
1091 3428 1120 3481 ὁ
1147 3428 1292 3483 οὕτω
1319 3427 1612 3499 λεγόμενος
1659 3429 1836 3497 Ἀϐιά,

240 3516 343 3569 καὶ
376 3517 405 3569 ὁ
435 3518 733 3588 Ζαχαρίας.
764 3518 918 3572 Ἐπεὶ
946 3514 1041 3572 οὖν
1062 3518 1376 3589 ίεράτευσεν
1398 3521 1459 3573 ἐν
1487 3523 1553 3591 τῇ
1588 3521 1839 3594 λειτουρ-

241 3606 345 3678 γιᾳ
370 3607 399 3660 ὁ
443 3607 617 3672 Ἀϐιά,
648 3610 787 3678 μετὰ
815 3609 914 3682 τὴν
944 3612 1155 3665 ἐκείνου
1188 3614 1501 3685 ἐφημερίαν
1558 3616 1840 3689 ἐλειτούρ-

240 3700 383 3768 γειό
416 3699 730 3771 Ζαχαρίας·
761 3702 911 3755 δοκεῖ
958 3704 1015 3757 δέ
1064 3705 1164 3773 οὐχ
1186 3703 1360 3770 οὕτως
1403 3704 1574 3776 ἐχειν.
1617 3707 1677 3761 '0
1730 3711 1839 3781 γὰρ

239 3790 522 3861 Σολομὼν,
550 3793 642 3845 τὸν
692 3795 820 3848 ναδν
849 3796 1095 3860 τελέσας,
1155 3797 1462 3869 κατέστησε
1494 3800 1590 3854 καὶ
1620 3804 1837 3873 ἐφημε-

241 3880 392 3949 ρίας,
441 3880 470 3935 δ
515 3880 664 3937 ἐστιν
702 3884 1033 3953 ἐϐδομάδας’
1072 3888 1165 3941 καὶ
1189 3890 1249 3942 ἐν
1283 3889 1384 3959 μιν
1416 3892 1546 3962 τῇδε
1575 3892 1740 3963 τυχὸν
1769 3896 1835 3965 τῇ

238 3971 501 4042 ἐδδομάδι
545 3977 848 4048 κατέστησε
896 3981 1021 4043 τοὺς
1070 3981 1221 4045 υἱοὺς
1264 3982 1433 4060 Κορέυ,
1498 3985 1559 4037 ἐν
1604 3985 1834 4055 δέτῇδε,

236 4064 337 4117 τὸν
368 4064 565 4135 Ἀσάφ,
598 4070 657 4121 ἐν
686 4070 740 4123 δέ
780 4070 930 4141 τῇδε,
957 4071 1051 4125 τδν
1098 4072 1275 4138 Ἀϐιά,
1309 4075 1367 4127 ἐν
1399 4075 1457 4128 δέ
1492 4076 1680 4147 ἑτέρᾳ,
1713 4076 1837 4132 ἐτε-

243 4171 360 4223 ρον.
392 4156 570 4229 Ὅπερ
598 4160 692 4215 οὖν
722 4161 871 4230 λέγει
913 4164 997 4217 ὅτι
1026 4159 1096 4236 ἧν
1129 4167 1408 4237 Ζαχαρίας
1435 4167 1496 4233 ἐξ
1524 4170 1837 4240 ἐφημερίας

253 4242 435 4307 'A6td,
460 4243 605 4299 οὕτω
628 4246 711 4301 δεῖ
763 4255 925 4318 νοεῖν,
961 4253 1047 4306 ὅτι
1095 4254 1203 4307 ἀπὸ
1230 4252 1331 4324 τῆς
1358 4255 1453 4309 τοῦ
1497 4257 1655 4312 ’Δσιά
1682 4259 1836 4313 ἐσδο-

242 4333 418 4405 μάδος
465 4332 555 4409 ἦν.
589 4340 701 4411 Οὐχ
730 4342 811 4396 δτι
862 4346 1001 4415 μετὰ
1042 4346 1143 4419 τὴν
1198 4348 1295 4401 τοῦ
1362 4349 1520 4403 Ἀϐιᾶ
1563 4351 1835 4422 ἑϐδομάδα

238 4428 674 4499 παρελάμδανεν
726 4434 891 4499 αὐτὸς
923 4437 1024 4509 τὴν
1053 4438 1400 4511 λειτουργίαν
1419 4458 1435 4474 -
1478 4438 1600 4497 εἶπε
1629 4443 1739 4514 γάρ
1766 4442 1835 4499 ἂν

236 4520 326 4574 ὅτι
364 4523 500 4591 μετά
524 4523 622 4595 τὴν
646 4526 957 4600 ἐφημερίαν
1004 4530 1191 4585 Ἀϐιά·
1230 4532 1325 4586 νῦν
1344 4532 1401 4587 δέ
1429 4533 1487 4601 ἐξ
1517 4536 1833 4607 ἐφημερίας

1950 3328 2086 3384 alter
2113 3337 2297 3382 autem
2327 3326 2645 3383 Zacharias.
2672 3328 2810 3395 Quia
2848 3328 3012 3397 igitur
3063 3327 3373 3385 sacerdotio
3421 3328 3548 3385 I'un-

1948 3430 2070 3477 ctus
2098 3428 2217 3474 erat
2246 3419 2409 3483 Abia,
2434 3431 2557 3489 post
2589 3419 2735 3474 illius
2787 3420 3157 3477 ministerium
3213 3421 3552 3477 ministravit

1944 3514 2107 3568 etiam
2136 3512 2452 3569 Zacharias.
2477 3510 2705 3567 Videtur
2735 3513 2895 3583 271
2932 3523 3116 3570 autem
3154 3529 3260 3570 non
3286 3514 3366 3571 sic
3393 3530 3543 3571 esse.

1948 3604 2204 3662 Salomon
2245 3607 2388 3661 enim
2433 3620 2557 3660 cum
2602 3605 2922 3675 perfecisset
2952 3606 3237 3675 templum,
3260 3608 3551 3662 constituit

1946 3707 2001 3753 et
2030 3697 2202 3761 vices,
2220 3697 2324 3751 hoc
2356 3708 2442 3751 eSt
2474 3696 2847 3751 hebdomadas
2879 3714 2892 3751 :
2924 3705 2979 3751 et
3009 3694 3064 3751 ia
3117 3710 3222 3750 una
3249 3698 3538 3752 constituit
3571 3697 3574 3700 ’

1947 3789 2089 3845 ﬁlios
2109 3788 2308 3852 Chore,
2330 3789 2382 3843 in
2402 3788 2506 3843 alia
2534 3788 2743 3857 Asaph,
2762 3788 2819 3843 in
2843 3788 2950 3843 alia
2971 3788 3194 3854 Abia,in
3226 3788 3328 3843 alia
3350 3788 3543 3846 alium.

1944 3882 2115 3952 Igitur
2146 3880 2290 3951 quod
2330 3881 2463 3937 dicit
2512 3880 2682 3937 fuisse
2714 3882 2781 3937 de
2827 3882 2949 3937 vice
3004 3880 3163 3949 Abia,
3202 3882 3283 3939 sic
3332 3892 3549 3953 oportet

1942 3973 2271 4044 intelligere,
2318 3974 2464 4045 quod
2514 3976 2580 4030 de
2627 3974 2963 4029 hebdomade
3015 3973 3153 4029 Abia
3189 3972 3376 4031 fuerit.
3426 3972 3544 4032 Non

1941 4066 2088 4137 quod
2111 4075 2232 4137 post
2259 4066 2655 4121 hebdomadam
2677 4065 2813 4120 Abia
2842 4064 3061 4121 functus
3085 4065 3158 4121 sit
3181 4065 3493 4124 ministerio
3518 4087 3533 4122 :

1940 4159 2175 4215 dixisset
2202 4158 2373 4223 enim,
2395 4167 2518 4229 post
2546 4157 2942 4214 hebdomadam
2973 4158 3109 4213 Abia
3138 4176 3150 4213 :
3179 4173 3325 4213 nunc
3357 4169 3542 4215 autent

1940 4266 2065 4306 eum
2113 4251 2268 4316 dixit,
2288 4251 2354 4306 de
2404 4252 2524 4307 vice
2566 4251 2726 4318 Abia,
2754 4251 2997 4307 ostendit
3050 4250 3198 4322 quod
3247 4266 3313 4306 ex
3349 4252 3545 4309 ordine

1940 4354 1996 4399 et
2025 4344 2369 4399 hebdomade
2406 4342 2561 4399 Abiu:
2602 4342 2789 4398 fuerit.
2818 4342 3120 4399 Ostendere
3150 4352 3331 4399 autem
3356 4344 3545 4401 volens

1940 4438 2085 4507 quod
2126 4454 2195 4492 ex
2226 4448 2459 4505 utroque
2493 4448 2720 4507 parente
2751 4436 2994 4507 legitime
3042 4436 3210 4491 fuerit
3243 4451 3313 4492 ex
3348 4452 3540 4493 sacer-

1940 4532 2105 4589 dotali
2134 4546 2333 4602 genere
2359 4529 2616 4591 Joamtes,
2648 4530 2800 4596 dicit,
2828 4531 2890 4584 Et
2916 4546 3053 4584 uxor
3074 4528 3201 4597 ejus
3226 4530 3294 4586 de
3322 4531 3541 4585 llliabus

252 4611 415 4666 Ἀϐιά
463 4614 657 4682 εἰπὼν,
718 4619 1051 4689 παρίστησιν
1098 4623 1181 4677 ὅτι
1238 4626 1303 4677 ἐκ
1353 4626 1451 4695 τῆς
1495 4603 1829 4692 τάτξεωςντοῦ

1945 4629 2143 4682 Aaron.
2168 4625 2284 4679 Non
2316 4623 2465 4678 enim
2500 4624 2698 4678 licebat
2727 4637 2791 4679 ex
2831 4622 2936 4677 alia
2978 4623 3122 4677 tribu
3160 4637 3390 4678 uxorem
3435 4622 3541 4677 du-

250 4703 416 4759 ’Λσιά
444 4709 538 4762 καὶ
588 4709 689 4780 τῆς
722 4710 1017 4784 ἑϐδομάδος
1058 4709 1160 4787 ἦν’
1203 4716 1374 4783 δεῖξαι
1424 4718 1482 4772 δέ
1524 4718 1697 4774 θέλων
1745 4720 1829 4773 ὅτι

235 4798 586 4869 ἑκατέρωθεν
611 4803 861 4872 νομίμως
881 4799 1257 4876 ἦν’ῖεριτικοῦ
1276 4808 1465 4875 γένους
1490 4812 1518 4863 ό
1552 4810 1829 4882 Ἰωάννης,

1940 4734 2088 4785 cere,
2123 4717 2219 4773 sed
2268 4733 2335 4773 ex
2375 4720 2587 4771 eadem.
2615 4706 2894 4771 Elisabetb
2950 4716 3401 4786 interpretamur,
3436 4716 3535 4771 Dei

1940 4812 2165 4881 quietem
2198 4826 2216 4863 :
2244 4808 2538 4864 Zacharias
2566 4817 2773 4873 autem,
2803 4812 3126 4863 memoriam
3156 4809 3387 4866 Domini.

236 4892 398 4961 φησὶ,
428 4892 540 4948 Καὶ
572 4896 769 4967 ήγυνὴ
804 4898 972 4952 αὑτοῦ
1014 4900 1079 4954 ἐκ
1110 4902 1219 4955 τῶν
1246 4901 1565 4972 θυγατέρων
1605 4903 1846 4977 ’Δαρώψ
1886 4905 1949 4959 οὐ
1994 4904 2104 4975 γὰρ
2137 4904 2265 4974 ἐξῆν
2313 4903 2411 4957 ἀπ’
2484 4900 2653 4973 ἄλλης
2690 4902 2865 4973 φυλῆς
2924 4902 3235 4972 ἀγαγέσθαι
3279 4908 3536 4975 γυναῖκα,

236 4984 358 5040 ἀλλ’
389 4987 499 5040 άπὸ
528 4989 626 5059 τῆς
654 4990 848 5061 αὐτῆςο
887 4992 1171 5048 Ἐλισάσετ
1194 4996 1249 5049 δὲ
1278 4997 1666 5067 ἑρμηνεύεται,
1693 4986 1843 5057 Θέοῦ
1860 5000 2209 5065 ἀνάπαυσις
2233 5014 2246 5029 ·
2282 4998 2562 5069 Ζαχαρίας
2589 4997 2668 5063 δὲ,
2690 4997 2901 5068 μνήμη
2932 4999 3182 5068 Κυρίουο

318 5098 339 5133 ε
370 5075 556 5136 Ἦσαν
577 5083 636 5138 δέ
665 5084 865 5141 δίκαιοι
886 5088 1190 5160 ἀμφότεροι
1211 5089 1445 5146 ἐνώπιον
1473 5094 1569 5147 τοῦ
1599 5092 1759 5149 Θεοῦ.
1803 5113 1823 5148 ε

238 5175 511 5239 Πολλάκις
531 5176 676 5241 τινές
727 5179 835 5232 είσι
884 5178 1105 5247 δίκαιοι,
1166 5181 1280 5235 ἀλλ’
1308 5183 1408 5237 οὐκ
1465 5184 1700 5240 ἐνώπιον
1729 5186 1823 5241 τοῦ

231 5264 400 5331 Θεοῦ,
449 5268 586 5322 άλλά
622 5269 767 5323 κατά
803 5269 865 5323 τὸ
898 5272 1246 5341 φαινόμενον,
1296 5274 1393 5327 καὶ
1440 5273 1675 5329 ἐνώπιον
1714 5276 1827 5330 τῶν

231 5357 584 5428 ἀρνθριὲνιτων⁸
623 5362 827 5416 ἐκεῖνοι
868 5362 925 5417 δέ
958 5380 1023 5432 γε
1076 5365 1309 5420 ἐνώπιον
1356 5366 1450 5420 τοῦ
1502 5367 1637 5421 Θεοῦ
1682 5364 1827 5439 ἦσαν

227 5454 489 5511 τοιοῦτοι.
526 5476 546 5509 t
582 5440 951 5529 Πορευόμενοι
993 5462 1051 5516 ἐν
1078 5462 1281 5526 πάσαις
1316 5465 1436 5526 ταῖς
1462 5463 1704 5527 ἐντολαῖς
1731 5466 1825 5518 καὶ

227 5546 569 5619 εικαιώμασι
584 5550 680 5604 τοῦ
695 5552 917 5624 Κυρίου,
941 5552 1277 5624 ἄμεμπτοι.»
1308 5554 1553 5609 Ἐντολαὶ
1568 5558 1690 5626 μὲν,
1708 5554 1823 5611 οἷον

226 5640 317 5701 τὸ.
350 5641 424 5693 Οὐ
463 5642 792 5712 μοιχεύσεις,
819 5646 894 5697 οὐ
930 5645 1153 5716 κλέψεις
1175 5663 1189 5679 ο
1220 5647 1571 5715 δικαιώματα
1600 5648 1680 5712 δέ,
1709 5644 1822 5705 οἷον

225 5735 315 5797 τὸ,
363 5734 424 5786 Ὀ
452 5734 770 5802 κακολογῶν
803 5740 1013 5807 πατέρα
1042 5739 1073 5809 ἢ
1114 5740 1351 5811 μητέρα,
1384 5738 1605 5811 θανάτῳ
1630 5741 1821 5795 τελευ-

225 5826 416 5880 τάτωο
448 5827 657 5882 δίκαιον
706 5828 814 5898 γάρ
852 5828 1029 5902 τοῦτο.
1064 5830 1303 5885 rivum:
1338 5830 1417 5899 δέ,
1474 5833 1555 5887 δτι
1595 5832 1818 5888 δύναται

2007 5094 2176 5151 Vsus.
2206 5094 2259 5148 6.
2298 5111 2318 5147 ι
2354 5092 2528 5148 Erant
2554 5101 2739 5149 autem
2770 5094 2940 5148 ambo~
2953 5092 3085 5163 justi
3117 5108 3303 5149 coram
3332 5094 3462 5153 Deo.
3512 5117 3530 5152 ι

1936 5187 2170 5255 Quidam
2193 5184 2325 5253 justi
2358 5199 2503 5254 saepe
2525 5194 2677 5249 sunt,
2709 5192 2767 5238 at
2806 5200 2915 5238 non
2944 5199 3130 5239 coram
3162 5185 3295 5251 Dco,
3348 5190 3441 5242 sed
3483 5189 3535 5242 in

1934 5279 2173 5347 speciem
2223 5286 2461 5343 tantum,
2502 5282 2558 5329 et
2602 5289 2791 5329 coram
2839 5276 3191 5331 hominibus:
3230 5276 3305 5331 illi
3349 5288 3533 5334 autem

1933 5372 2101 5427 etiam
2130 5386 2316 5426 coram
2344 5370 2455 5424 Deo
2478 5371 2614 5440 justi
2647 5379 2829 5425 erant.
2854 5389 2872 5421 ε
2911 5369 3271 5427 Ambulantcs
3326 5371 3379 5426 in
3410 5388 3531 5427 um-

1932 5460 2097 5517 nibus
2126 5462 2414 5531 prmecptis
2438 5470 2490 5516 et
2514 5460 3001 5530 justilicationibus
3044 5460 3257 5515 Domini
3285 5461 3530 5533 irrepre-

1936 5553 2255 5609 hensibiles.
2290 5572 2307 5605 ι
2338 5554 2591 5608 Mandata
2634 5553 2855 5622 quidem
2899 5562 3048 5620 sunt,
3083 5564 3143 5609 ut
3182 5569 3253 5609 ne
3285 5557 3525 5619 occidas,

1932 5660 2001 5701 ne
2034 5645 2362 5701 adulterium
2386 5646 2736 5701 committas:
2764 5645 3184 5714 iustiﬁcationes
3215 5656 3426 5711 autem,
3470 5656 3530 5703 ut

1928 5739 2021 5808 qui
2072 5740 2417 5795 maledixerit
2458 5740 2624 5810 patri,
2658 5739 2745 5795 vel
2790 5740 2978 5806 matri,
3009 5751 3184 5795 morte
3226 5742 3516 5796 muriatur.

1928 5829 2142 5887 Iustum
2176 5833 2323 5887 enim
2358 5832 2483 5888 hoc.
2520 5831 2673 5887 Scito
2723 5842 2907 5886 autem
2948 5832 3091 5901 quod
3118 5839 3173 5887 et
3204 5832 3523 5887 mandatum

223 5920 323 5973 καὶ
367 5921 407 5991 ἡ
452 5922 643 5991 ἐντολὴ
699 5922 976 5993 δικαίωμα
1026 5921 1433 5994 ὀνομάζεσθαι,
1478 5925 1554 5989 ὡς
1608 5925 1818 5981 δίκαιον

1952 5924 2247 5979 ustiilcatio
2285 5924 2555 5981 nominari
2596 5933 2798 5995 pOtest,
2846 5924 3267 5996 utpotejustum
3319 5924 3528 5986 iaciens

1234 6030 1323 6091 Ex
1362 6029 1704 6095 collatione
1743 6030 1930 6096 codd.
1963 6031 2168 6095 Venet
2204 6030 2266 6094 S.
2301 6028 2519 6095 Marci.

326 6125 440 6201 (96)
472 6125 602 6192 σω.
642 6122 735 6199 '59.,
771 6130 1046 6204 ίςιτοζεὶν
1079 6134 1325 6203 εἰκότως.
