4022 6494
529 453 636 517 C93

1451 452 2029 514 THEOPHYLACTI
2073 451 2487 516 BULGARME
2539 455 2894 517 ARCHIEP.

3681 449 3786 517 £96

529 567 826 631 hominem,
857 567 965 618 imn
1010 572 1066 618 et
1118 562 1209 616 Dei
1233 561 1552 632 justillcatio
1586 563 1876 619 exsistens.
1906 563 1965 616 ln
2016 561 2101 616 die

2211 565 2358 618 ποιοῦ
2369 582 2434 617 σα
2459 565 2550 617 τὸν
2582 564 2869 633 ἄνθρωπον
2886 573 2914 628 ,‘
2938 560 3138 632 μᾶλλον
3165 558 3336 615 δὲκαὶ
3360 556 3453 612 τοῦ
3478 555 3618 611 θεοῦ
3653 555 3783 614 οὖσα

531 659 676 712 enim
700 657 812 724 illa,
853 655 1005 726 quasi
1035 655 1295 724 scriptam
1333 655 1621 722 quamdam
1658 653 2102 723 iustiﬁcationem

530 753 736 807 habens
783 751 925 805 Deus
973 749 1086 819 ipsa
1141 748 1414 812 mandata,
1467 749 1793 825 condemnat
1838 763 1958 805 nos.
1989 747 2101 804 Nisi

527 843 671 895 cnim
704 841 996 905 venissem,
1033 840 1228 908 inquit,
1256 848 1311 893 et
1344 839 1558 894 loculus
1584 852 1758 892 essem
1778 843 1878 905 eis,
1905 855 2101 910 pecca-

529 945 638 986 Ittm
673 948 777 987 non
815 933 1150 986 habuissent.
1191 929 1257 985 Et
1293 933 1520 986 iterum:
1560 930 1754 986 Sermo
1809 947 1969 1002 quem
2021 931 2098 988 lo-

525 1032 682 1078 cutus
711 1039 829 1078 sum
857 1025 958 1088 eis,
1007 1023 1097 1078 ille
1127 1039 1224 1079 eos
1258 1023 1663 1080 condemnabit.
1699 1025 1883 1091 Quare
1921 1034 2100 1081 autem

526 1135 648 1173 cum
666 1118 819 1182 dixit,
840 1118 1180 1190 ambulantes
1197 1119 1248 1172 in
1263 1117 1516 1172 omnibus
1531 1097 1914 1187 mandatis,adj
1927 1120 2102 1186 unxit,

528 1210 1029 1277 irreprehensibiles
1047 1211 1071 1263 ?
1092 1210 1258 1263 Audi.
1284 1209 1430 1263 Multi
1455 1210 1734 1264 ambulant
1767 1211 1818 1262 in
1845 1210 1959 1278 lege
1985 1210 2101 1272 Dei,

527 1300 619 1355 sed
642 1301 822 1356 omnia
851 1300 1057 1357 faciunt
1089 1309 1147 1356 ut
1174 1302 1460 1356 videantur
1489 1301 1560 1354 ab
1598 1301 1926 1356 hominibus.
1947 1299 2105 1355 Tales

528 1395 697 1462 igitur
725 1409 827 1450 non
862 1406 986 1450 sunt
1016 1394 1549 1465 irreprebcusibiles.
1583 1392 1687 1447 Sed
1733 1393 2024 1447 Zacharias
2051 1402 2105 1448 et

528 1488 656 1545 fecit
685 1491 956 1556 mandata,
991 1501 1046 1545 et
1084 1491 1221 1546 citra
1277 1489 1750 1558 reprehensionem
1804 1488 1948 1553 fecit,
2000 1498 2102 1541 nun

529 1592 588 1635 ut
617 1582 924 1638 hominibus
957 1583 1167 1650 placeat
1198 1581 1324 1635 talia
1361 1582 1584 1635 faciens.

601 1760 767 1815 Vens.
800 1760 853 1812 'l.
896 1778 912 1810 ι
951 1756 1061 1814 Nec
1112 1768 1231 1812 erat
1281 1758 1388 1812 illis
1418 1759 1625 1827 proles,
1661 1775 1725 1813 eo
1751 1760 1893 1828 quod
1930 1757 2100 1813 Elisa-

529 1851 657 1904 belli
684 1849 888 1906 sterilis
925 1858 1071 1907 esset
1098 1859 1152 1904 et
1184 1850 1342 1904 ambo
1373 1851 1770 1920 provectaejam
1807 1851 1982 1904 anatis
2017 1866 2103 1905 es-

530 1949 671 1994 sent.
705 1959 724 1991 ι
774 1937 1054 1994 Justorum
1099 1941 1353 1997 mulieres
1384 1951 1439 1994 et
1478 1940 1663 2007 justze,
1698 1955 1841 2009 saepe
1889 1942 2102 1995 steriles

531 2033 768 2098 fuerunt,
808 2043 870 2087 ut
893 2034 1072 2088 discas
1123 2032 1293 2105 legem
1337 2049 1440 2088 non
1477 2034 1700 2102 exigere
1734 2035 2098 2101 corporalium

533 2123 763 2178 filiorum
791 2125 1242 2194 procreationem,
1271 2125 1366 2178 sed
1408 2124 1792 2193 spiritualium.
1827 2125 2101 2180 Provecta:

530 2222 709 2271 autem
737 2215 911 2271 atatis
943 2218 1104 2272 ambo
1143 2226 1318 2280 erant,
1357 2227 1466 2271 tam
1497 2233 1747 2287 corpore,
1782 2234 1945 2287 quam
1980 2219 2098 2272 ani-

531 2322 640 2361 tua.
667 2306 875 2361 Etenim
899 2307 1051 2375 juxta
1070 2310 1304 2363 animam
1331 2310 1712 2378 profeceranl'
1743 2321 1798 2365 et
1831 2311 2098 2381 progressi

531 2408 706 2463 erant,
743 2409 1003 2467 ponentes
1033 2401 1380 2455 ascensioues
1417 2402 1465 2454 in
1495 2403 1683 2467 corde,
1710 2412 1764 2457 et
1816 2404 1956 2456 diem
1991 2403 2100 2456 lia-

533 2489 741 2549 beutes.
767 2491 861 2544 sed
890 2504 992 2544 nou
1030 2499 1239 2546 noctem
1276 2493 1476 2546 vitam:
1518 2504 1573 2546 ut
1619 2494 1670 2546 in
1713 2494 1832 2550 luce
1875 2495 2101 2549 honeste

533 2589 773 2648 agentes.

605 2753 766 2811 Vens.
796 2757 950 2812 8-10.
991 2776 1009 2808 ι
1053 2757 1277 2813 Factum
1312 2768 1396 2814 est
1427 2769 1606 2814 autem
1644 2777 1764 2816 cum
1803 2761 2104 2816 sacerdotio

532 2849 851 2919 fungeretur
881 2850 1174 2905 Zacharias
1229 2851 1280 2904 in
1333 2851 1523 2908 ordine
1565 2854 1697 2908 vicis
1737 2870 1848 2908 sua:
1921 2867 2104 2906 coram

537 2942 666 3003 Deo,
698 2941 993 2993 secundum
1026 2939 1473 2995 consuetudinem
1511 2942 1803 2998 l‘uuctiouis
1856 2945 2106 2997 sacerdo-

535 3029 814 3092 talis,sors
840 3028 912 3082 illi
932 3029 1149 3084 obvenit
1175 3039 1231 3084 ut
1261 3031 1458 3086 odores
1494 3035 1805 3088 incenderet
1830 3034 2106 3101 Ingressus

535 3122 588 3174 in
619 3115 874 3188 templum
903 3120 1139 3186 Domini,
1170 3132 1223 3176 et
1245 3125 1424 3180 omnis
1455 3125 1742 3180 multitudo
1769 3125 1950 3194 populi
1985 3139 2104 3194 pre-

535 3209 758 3267 cabatur
786 3210 917 3264 l'uris
964 3220 1204 3280 tempore
1256 3214 1637 3281 thymiamatis.
1697 3232 1714 3264 ι
1748 3214 1942 3269 Coram
1998 3213 2107 3268 Deo

536 3302 721 3356 mundi
757 3301 858 3356 soli
895 3303 1055 3372 272
1087 3302 1393 3357 sacerdotio
1418 3303 1737 3374 funguntur,
1773 3307 1840 3360 ab
1883 3306 2109 3374 impuris

534 3401 709 3445 autem
739 3392 936 3446 avertit
969 3392 1107 3446 Deus
1132 3393 1322 3448 faciem
1342 3409 1518 3450 suam.
1540 3394 1766 3461 Quando
1787 3407 1963 3450 autem
1989 3411 2108 3452 sors

535 3481 614 3535 illi
645 3483 866 3536 obvenit
901 3491 957 3536 ut
989 3482 1309 3537 incenderet
1341 3485 1573 3540 odores?
1609 3483 1701 3538 Vel
1743 3486 1964 3539 omnino
2007 3502 2065 3540 se
2088 3517 2106 3525 -

535 3573 770 3628 cundum
827 3583 1034 3643 tempus
1099 3574 1536 3642 deprecationis,
1586 3577 1804 3644 quando
1861 3577 2008 3630 snlus
2056 3581 2106 3630 iu

537 3661 733 3716 Sancta
763 3672 1068 3717 sanctorum
1106 3663 1511 3732 ingrediebatur
1539 3681 1782 3723 summus
1814 3669 2066 3722 sacerdos
2093 3687 2104 3720 :

537 3761 596 3805 ut
617 3751 892 3808 discamus
916 3754 1057 3822 quod
1107 3755 1556 3823 quemadmodum
1584 3771 1830 3812 summus
1855 3759 2109 3812 sacerdos

539 3845 640 3897 iste
659 3844 935 3910 ingressus
963 3845 1014 3898 in
1038 3841 1235 3900 Sancta
1261 3857 1576 3900 sanctorum
1603 3847 1836 3902 fructum
1866 3850 2105 3915 accepit,

537 3937 620 3989 sic
649 3945 703 3990 et
731 3937 988 3989 Dominus
1033 3935 1189 3990 Jesus
1232 3939 1346 4003 ipse
1390 3941 1538 3993 solus
1568 3951 1621 3994 et
1644 3956 1830 3995 revera
1866 3957 2110 3995 summus

537 4028 807 4080 sacerdos
838 4027 1116 4094 ingressus
1148 4029 1198 4079 in
1232 4027 1426 4082 Sancta
1454 4041 1786 4095 sanctorum,
1815 4033 1914 4086 hoc
1942 4043 2025 4086 est
2055 4033 2106 4084 in

537 4124 733 4176 uelum
783 4137 903 4177 cum
955 4123 1406 4188 carne,l‘ruc1um
1464 4128 1672 4195 accepit
1724 4143 1856 4194 suae,
1891 4143 2008 4196 qua:
2054 4129 2107 4181 iu

539 4233 702 4272 carne
730 4227 865 4283 erat,
899 4217 1225 4272 visitationis
1264 4228 1501 4274 nostram
1533 4220 1762 4274 salutem
1812 4230 1866 4275 et
1889 4221 1942 4274 in
1977 4221 2110 4274 lilios

538 4309 907 4377 adeptionem.

613 4399 773 4456 Vsus.
803 4403 889 4458 ﬂ.
928 4420 946 4454 ι
980 4403 1242 4472 Apparuit
1273 4411 1448 4458 autem
1493 4403 1567 4457 illi
1618 4404 1842 4474 angelus
1899 4405 2108 4458 Domini

541 4500 689 4564 stans
722 4509 753 4549 a
785 4495 991 4549 dextris
1019 4495 1206 4549 altaris
1242 4495 1629 4564 thymiamatis.
1671 4515 1690 4549 ι
1729 4496 1842 4552 Non
1861 4498 2110 4552 omnibus

2203 657 2500 727 δικαίωμα.
2530 657 2620 710 Ἐν
2643 658 2749 727 γὰρ
2773 659 2836 726 τῇ
2867 655 3052 726 ἡμέρᾳ
3073 654 3254 738 ἐκείνῃ
3280 652 3470 720 ὥσπερ
3491 668 3545 704 τι
3569 651 3789 704 δικαίω-

2207 768 2284 822 μα
2327 751 2622 819 ἔγγραφον,
2665 750 2805 820 ἔχων
2851 747 3037 812 ὁΘεδς
3069 748 3168 811 ea;
3192 746 3432 811 ἐντολὰς,
3466 745 3788 813 κατακρίνει

2203 845 2371 914 ἡμᾶς.
2411 843 2473 896 El
2503 843 2578 913 μὴ
2605 837 2768 911 ἦλθον
2800 840 2932 911 γὰρ,
2989 838 3146 910 φησι,
3179 839 3275 890 καὶ
3302 836 3544 903 ιλάλησα
3577 836 3783 899 αὐτοῖς,

2202 933 2479 1003 ἁμαρτίαν
2513 933 2614 985 οὐκ
2642 927 2787 1001 εἶχον
2808 947 2821 960 ο
2853 930 2946 983 καὶ
2972 927 3154 991 πάλιν,
3185 927 3248 980 '0
3275 925 3430 992 λόγος
3457 924 3517 976 6v
3549 921 3787 992 ὶλὰλησα

2204 1027 2410 1091 αὐτοῖς,
2441 1025 2647 1086 ικεῖνος
2674 1023 2870 1085 αὐτοὺς
2896 1023 3092 1091 κρινεῖ.
3124 1019 3283 1081 Τίνος
3317 1019 3372 1071 6t
3396 1018 3584 1070 ἕνεκεν
3611 1015 3783 1082 πρόσ-

2212 1137 2388 1173 κειται
2446 1117 2542 1187 τῷ,
2589 1115 2946 1186 πορευόμενοι
3006 1114 3064 1165 tv
3117 1112 3318 1172 πάσαις
3353 1112 3473 1172 ταῖς
3516 1107 3784 1170 ιντολαῖς,

2204 1212 2286 1273 τὸ,
2335 1211 2646 1278 ἁμεμπτοις
2679 1207 2875 1259 Ἄκουε
2901 1223 2912 1233 ·
2943 1201 3200 1263 πολλάκις
3222 1201 3362 1260 τινὲς
3389 1196 3716 1269 πορεύονται
3733 1196 3790 1249 tv

2205 1303 2282 1372 τῷ
2334 1303 2480 1372 νόμῳ
2525 1299 2620 1354 τοῦ
2651 1297 2808 1361 Θεοῦ,
2851 1296 2987 1352 ἁλλὰ
3039 1295 3218 1349 πάντα
3269 1290 3482 1345 ποιοῦσι
3535 1288 3674 1358 πρὸς
3727 1288 3789 1339 τὺ

2207 1396 2465 1466 θεαθῆναι
2497 1396 2606 1457 τοῖς
2630 1390 2939 1461 ἀνθρώποις
2959 1405 2973 1421 ο
3005 1385 3204 1441 οὔκουν
3228 1386 3510 1455 ἄμεμπτοι
3529 1384 3580 1435 ol
3610 1378 3787 1434 τοιοῦι

2205 1508 2321 1544 τοι·
2367 1493 2395 1543 6
2423 1489 2478 1542 δὲ
2533 1485 2805 1557 Ζαχαρίας
2844 1484 2939 1536 καὶ
2977 1481 3211 1552 ἔπραττε
3255 1477 3356 1540 τὰς
3398 1473 3645 1536 ιντολὰς,
3693 1472 3787 1524 καὶ

2205 1582 2508 1652 ἀμέμπτως
2533 1580 2788 1648 ἔπραττε,
2815 1575 2888 1647 μὴ
2915 1574 3004 1630 διὰ
3022 1574 3082 1628 τὸ
3109 1572 3301 1643 ἀρέσαι
3331 1571 3444 1632 τοῖς
3473 1563 3787 1636 ἀνθρώποις

2207 1678 2408 1734 ταύτας
2444 1672 2630 1724 τελῶν.

2285 1788 2302 1817 ι
2337 1765 2442 1817 Καὶ
2467 1764 2566 1816 οὐκ
2595 1758 2662 1832 ἦν
2693 1762 2879 1822 αὐτοῖς
2924 1759 3134 1821 τέκνον,
3169 1755 3292 1808 καθ’
3317 1756 3399 1808 ὃτι
3427 1755 3461 1823 ή
3503 1749 3788 1807 Ἕλισάϐετ

2205 1856 2274 1926 ἦν
2331 1859 2551 1924 στεῖρα·
2609 1854 2704 1906 καὶ
2755 1853 3056 1920 ἀμφότεροι
3101 1846 3511 1916 προϐεϐηκότες
3569 1845 3629 1898 tv
3667 1847 3788 1908 ταῖς

2210 1950 2441 2020 ήμέραις
2467 1945 2645 2000 αὐτῶν
2673 1941 2834 2015 ⁴ἦσαν.
2859 1962 2877 1994 ι
2917 1943 2981 1995 Αἱ
3004 1941 3110 1994 τῶν
3134 1940 3360 1993 δικαίων
3385 1939 3666 2004 γυναῖκες,
3695 1938 3791 1989 καὶ

2210 2046 2264 2098 αἱ
2292 2043 2515 2106 δίκαιαι,
2543 2039 2799 2100 πολλάκις
2821 2037 3061 2090 ἄτεκνοι·
3095 2034 3183 2086 ἵνα
3213 2033 3276 2084 σὺ
3313 2031 3514 2102 μάθῃς,
3545 2030 3629 2083 ὅτι
3653 2031 3681 2082 6
3703 2029 3790 2081 v6-

2213 2152 2310 2205 μος
2330 2137 2428 2187 οὐκ
2449 2133 2672 2186 ἀπαιτεῐ
2697 2128 3053 2182 πολυτεκνιαν
3082 2113 3423 2194 σωματικὴν.
3461 2121 3601 2175 ἁλλὰ
3619 2137 3787 2174 πνευο

2213 2227 2469 2298 ματικήν.
2532 2222 2946 2294 Προϐεϐηκὸτες
2995 2219 3049 2272 δὲ
3114 2213 3257 2288 ἦσαν
3306 2215 3633 2284 ἀμφότεροι,
3692 2213 3790 2266 καὶ

2209 2319 2348 2372 κατὰ
2368 2319 2426 2370 τι
2451 2317 2608 2384 σῶμα
2634 2316 2727 2367 καὶ
2755 2313 2896 2367 κατὰ
2918 2329 2978 2364 το
2996 2310 3213 2379 πνεῦμα
3233 2325 3246 2339 °
3275 2309 3368 2362 καὶ
3391 2307 3500 2376 γὰρ
3524 2305 3619 2358 καὶ
3649 2301 3793 2356 κατὰ

2209 2410 2388 2478 ψυχὴν
2451 2405 2785 2475 προέϐησαν,
2818 2402 3063 2454 τουτέστι
3113 2396 3447 2470 προέκοψαν,
3492 2391 3790 2453 ἀναϐάσεις

2209 2505 2264 2554 tv
2297 2503 2361 2570 τῇ
2396 2498 2594 2568 καρδίᾳ
2622 2496 2914 2564 τιθέμενοι,
2949 2492 3042 2546 καὶ
3073 2491 3284 2560 ἡμέραν
3311 2488 3545 2558 ἔχοντες,
3580 2482 3696 2536 ἀλλ’
3724 2480 3788 2532 οὗ

2210 2595 2380 2647 νύκτα
2403 2593 2492 2644 τὸν
2518 2590 2651 2659 βίον,
2677 2587 2751 2648 ὼς
2786 2587 2843 2638 tv
2871 2584 3008 2652 φωτὶ
3039 2579 3474 2652 περιπατοῦντες
3507 2573 3788 2644 εὐσχημό-

2212 2705 2315 2739 νωε
2325 2724 2338 2737 .

2289 2705 2590 2839 ΐἘγένετο
2637 2769 2691 2821 δὲ
2733 2771 2790 2820 tv
2829 2765 2905 2834 τῷ
2937 2762 3239 2834 ἱερατεύειν
3261 2759 3424 2814 αὐτὸν
3453 2759 3510 2810 tv
3539 2758 3604 2826 τῇ
3637 2755 3790 2822 τάξει

2211 2866 2312 2933 τῆς
2335 2859 2640 2933 ἐφημερίας
2679 2854 2845 2911 αὑτοῦ
2876 2855 3054 2907 ἔναντι
3080 2850 3172 2904 τοῦ
3207 2849 3367 2912 θεοῦ,
3409 2847 3552 2902 κατὰ
3577 2847 3637 2900 τδ
3667 2846 3791 2908 ἔθος

2212 2957 2308 3019 τῆς
2342 2952 2633 3022 ίερατείας,
2667 2948 2822 3015 ἔλαχε
2855 2943 2948 2997 τοῦ
2981 2943 3271 3010 θυμιὰσαι,
3299 2937 3560 2992 εἰσελθὼν
3586 2939 3666 2998 είς
3698 2935 3790 2989 τὸν

2211 3046 2337 3099 ναὸν
2385 3043 2478 3094 τοῦ
2532 3038 2736 3108 Κυρίου
2759 3054 2772 3067 ο
2823 3036 2914 3088 καὶ
2945 3035 3052 3085 πᾶν
3092 3033 3152 3084 τὸ
3182 3031 3387 3100 πλῆθος
3429 3025 3499 3098 ἦν
3527 3027 3625 3081 τοῦ
3658 3027 3789 3080 λαοῦ

2213 3136 2646 3208 προσευχόμενον
2677 3131 2779 3195 ἔξω
2802 3130 2869 3198 τῇ
2918 3127 3036 3196 ὥρᾳ
3058 3125 3151 3177 τοῦ
3199 3123 3563 3192 Θυμιάματος.
3607 3139 3624 3171 ι
3662 3120 3789 3172 Ἐν-

2138 3252 2182 3312 C
2214 3247 2330 3280 αντι
2369 3223 2506 3278 Θεοῦ
2537 3225 2586 3276 οἱ
2640 3220 2873 3290 καθαροὶ
2924 3216 3073 3286 μόνοι
3118 3215 3522 3284 ἱερατέυουσιν·
3585 3211 3692 3264 ἁπδ
3733 3209 3790 3263 δὲ

2211 3321 2317 3372 τῶν
2354 3320 2430 3388 μὴ
2491 3314 2746 3384 καθαρῶν
2783 3310 3118 3380 ἀποστρέφει
3165 3310 3194 3361 6
3223 3306 3356 3369 Θεὸς
3387 3307 3446 3359 τὸ
3496 3305 3788 3376 πρόσωπον

2211 3411 2398 3466 αὑτοῦ.
2437 3409 2570 3463 Πότε
2593 3407 2649 3460 δὲ
2677 3406 2836 3475 ἔλαχε
2865 3401 2958 3455 τοῦ
2991 3401 3251 3469 θυμιάσαι
3273 3417 3286 3465 ;
3307 3399 3379 3450 Ἢ
3408 3397 3628 3457 πάντως
3655 3393 3791 3447 κατὰ

2209 3506 2297 3558 τξν
2323 3503 2515 3571 καιρὸν
2550 3498 2642 3552 τοῦ
2671 3494 2923 3565 ἱλασμοῦ,
2958 3494 3047 3546 ὅτε
3097 3492 3254 3561 μόνος
3308 3490 3599 3558 εἰσήρχετο
3621 3488 3701 3548 είς
3726 3485 3791 3538 τὶ

2211 3597 2378 3662 ’Ἅγια
2428 3592 2538 3644 τῶν
2585 3589 2757 3656 ἁγίων
2813 3589 2842 3640 6
2880 3583 3208 3655 ἀρχιερεύςο
3272 3582 3359 3632 ἶνα
3412 3579 3672 3649 μάθωμεν
3707 3577 3787 3630 ὅτι

2208 3686 2396 3753 ὥσπερ
2429 3682 2456 3732 6
2485 3679 2773 3750 ἀρχιερεὺς
2799 3671 2976 3740 οὗτος,
3010 3671 3266 3726 εἰσελθὼν
3289 3673 3368 3731 sl;
3395 3671 3465 3722 τὰ
3488 3670 3658 3737 ’Ἅγια
3683 3665 3791 3718 τῶν

2212 3779 2380 3844 ἁγίων
2409 3775 2563 3827 ἔλαϐε
2600 3771 2830 3839 καρπὸν,
2869 3766 3010 3819 οὕτω
3058 3764 3153 3816 καὶ
3183 3767 3210 3816 6
3248 3761 3450 3832 Κύριος
3497 3757 3703 3829 Ἰησοῦς
3754 3759 3795 3810 ἁ·

2215 3869 2372 3937 μόνος
2401 3866 2490 3918 καὶ
2518 3863 2693 3932 μέγας
2715 3860 2792 3928 τῷ
2822 3857 2935 3910 ὄντι
2985 3853 3294 3925 ἀρχιερεὺς,
3334 3849 3595 3904 εἰσελθὼν
3617 3849 3695 3909 είς
3721 3845 3792 3900 τά

2214 3961 2380 4024 ’Λγια
2398 3956 2506 4008 τῶν
2533 3954 2702 4018 ἁγίων
2725 3991 2738 4013 ,
2770 3948 3072 4010 τουτέστιν,
3119 3947 3198 4006 είς
3240 3944 3330 3996 τὸν
3356 3941 3590 4012 οὐρανὸν
3653 3938 3794 4008 μετὰ

2212 4045 2433 4116 σαρκὸς,
2452 4040 2608 4094 ἔλαϐε
2635 4037 2842 4107 καρπὸν
2870 4035 2965 4100 τῆς
2989 4034 3255 4100 ὲνσὰρκου
3280 4030 3446 4083 αὑτοῦ
3472 4028 3793 4098 ἐπιδημίας,

2212 4140 2309 4207 τὴν
2341 4135 2616 4206 ἡμετέραν
2647 4127 2917 4182 υἱοθεσίαν
2938 4125 3032 4178 καὶ
3066 4123 3338 4192 σωτηρίαν

2290 4422 2307 4452 ε
2344 4401 2518 4470 Ὠφθη
2540 4401 2596 4454 δὲ
2617 4400 2765 4470 αὑτῷ
2791 4401 3020 4468 ἄγγελος
3054 4399 3284 4471 Κυρίου,
3314 4398 3487 4462 ἑστὼς
3511 4399 3576 4452 ἐκ
3601 4395 3797 4463 δεξιιῖιν

2213 4497 2306 4548 τοῦ
2331 4493 2716 4563 θυσιαστηρίου
2747 4493 2840 4544 τοῦ
2875 4494 3243 4562 Θυμιάματος.
3281 4511 3299 4543 ι
3333 4491 3408 4546 Οὐ
3440 4493 3578 4544 πᾶσι
3607 4491 3798 4558 φαίνε-

540 4552 760 4652 ερθοτει
788 4586 1031 4656 angelus,
1063 4587 1158 4641 sed
1195 4552 1409 4641 mundis
1432 4588 1622 4653 corde,
1661 4589 1838 4656 qualis
1863 4599 1980 4643 erat
2006 4588 2105 4641 Za-

2216 4602 2304 4638 ται
2329 4585 2356 4636 6
2382 4552 2633 4650 ἄγγελος,
2668 4581 2802 4634 ἀλλὰ
2827 4552 3226 4650 τοϊς-καθαροῖς
3247 4582 3314 4650 τῇ
3347 4579 3572 4649 καρδίᾳ,
3595 4552 3704 4642 οἷος
3723 4574 3803 4649 ἦν

541 4677 777 4733 charias.
812 4678 1000 4734 Altate
1030 4689 1208 4733 autem
1239 4681 1605 4750 thymiamatis
1647 4681 1807 4747 dixit,
1839 4681 1967 4751 quia
1993 4690 2111 4736 erat

541 4778 593 4822 et
623 4768 852 4826 alterum
886 4771 1056 4826 altare
1079 4771 1539 4827 bolocaustorum.

615 4952 781 5008 Vens.
827 4953 1015 5009 12—”.
1068 4970 1087 5003 ι
1139 4953 1201 5006 Et
1247 4952 1496 5007 turbatus
1541 4963 1623 5008 est
1669 4954 1980 5019 Zacharias,
2018 4955 2108 5011 illo

548 5046 679 5107 viso,
697 5060 759 5100 ac
793 5045 952 5098 timor
972 5045 1128 5097 irruit
1157 5059 1320 5113 super
1347 5058 1492 5098 eum.
1527 5044 1670 5098 Dixit
1692 5056 1873 5100 autem
1897 5047 1962 5098 ad
1986 5059 2108 5100 eum

543 5133 795 5203 angelus:
838 5133 916 5187 Ne
963 5133 1176 5199 timeas,
1228 5133 1512 5199 Zacharia,
1550 5136 1804 5204 quoniam
1857 5137 2111 5190 exaudita

542 5235 624 5278 est
650 5224 962 5294 deprecatio
995 5233 1117 5280 tua:
1165 5240 1407 5295 uxorque
1451 5236 1540 5281 tua
1591 5225 1866 5285 Elisabeth
1923 5228 2100 5296 pariet

545 5315 641 5369 tibi
696 5316 883 5383 lilium,
939 5327 996 5370 et
1034 5318 1249 5372 vocabis
1299 5334 1492 5374 nomen
1550 5322 1672 5390 ejus
1721 5318 2018 5376 Joannem:
2058 5330 2113 5374 et

545 5406 649 5461 erit
679 5409 928 5476 gaudium
950 5409 1042 5463 tibi
1063 5410 1440 5478 elexsultatio,
1467 5412 1724 5480 multique
1759 5413 1811 5466 in
1831 5412 2114 5467 nativitate

545 5495 662 5563 ejus
700 5499 1027 5565 gaudebunt.
1064 5521 1082 5552 ›
1123 5501 1396 5557 Turbatur
1424 5504 1640 5572 quidem
1674 5504 1992 5559 Zacharias.
2027 5506 2115 5558 ln-

547 5585 718 5642 solita‘.
745 5589 886 5642 enim
927 5590 1161 5646 visiones
1191 5594 1350 5646 etiam
1384 5604 1604 5649 sanctos
1639 5595 1876 5649 turbant.
1914 5595 2113 5649 Verum

550 5675 788 5744 angelus.
825 5679 1110 5735 confestim
1134 5681 1498 5740 turbationem
1527 5685 1698 5741 sedat.
1729 5682 1936 5756 Ubique
1970 5685 2111 5740 enim

627 5861 645 5891 ⁸
675 5859 808 5917 Psal.
853 5878 1073 5933 Lxxxm,
1118 5868 1163 5920 l.

2217 4679 2245 4729 6
2270 4674 2563 4745 Ζαχαρίας.
2590 4673 2984 4742 Θυσιαστήριον
3010 4671 3066 4724 δὲ
3095 4671 3190 4724 τοῦ
3241 4671 3594 4739 Θυμιάματος
3621 4666 3801 4734 εἶπεν,

2218 4770 2340 4822 ἐπεὶ
2365 4763 2432 4838 ἦν
2456 4767 2548 4820 καὶ
2581 4767 2767 4834 ἕτερον
2803 4765 3214 4836 θυσιαστήριον,
3248 4764 3310 4817 τὸ
3339 4763 3450 4818 τῶν
3486 4764 3806 4818 ὀλοκαυτω·

2222 4858 2429 4927 μάτων.

2300 4968 2318 5001 ι
2360 4949 2469 5002 Καὶ
2507 4947 2780 5019 ἐταράχθη
2807 4944 3078 5015 Ζαχαρίας
3121 4942 3264 5006 ἰδὼν,
3289 4941 3384 4996 καὶ
3409 4940 3574 5010 φόϐος
3599 4939 3808 4994 ἑπέτι-

2220 5057 2309 5094 σεν
2349 5039 2435 5092 ἐπ’
2471 5040 2654 5092 αὐτόν.
2710 5034 2844 5090 Eine
2893 5036 2948 5088 δὲ
2980 5034 3116 5104 πρὸς
3146 5033 3309 5086 αὑτὸν
3342 5033 3370 5086 6
3397 5030 3658 5100 ἄγγελος·
3701 5029 3803 5100 Μὴ

2219 5131 2408 5203 φοϐοῦ,
2437 5130 2704 5200 Ζαχαρία,
2738 5129 2871 5182 διότι
2893 5126 3225 5198 εἰσηκούσθη
3253 5127 3287 5195 ἡ
3319 5125 3505 5195 δέησίς
3539 5137 3675 5186 σουτ
3703 5122 3806 5176 καὶ

2217 5227 2251 5292 ή
2288 5225 2421 5293 γυνή
2483 5239 2577 5275 σου
2630 5220 2909 5275 Ἐλισάϐετ
2957 5219 3211 5290 γεννήσει
3262 5216 3380 5270 υἱόν
3423 5231 3530 5278 σοι,
3575 5215 3676 5267 καὶ
3702 5231 3807 5268 καθ

2218 5315 2394 5378 λέσεις
2429 5313 2488 5366 τὸ
2511 5313 2683 5382 ὄνομα
2713 5310 2879 5366 αὐτοῦ
2923 5311 3205 5378 Ἰωάννην·
3237 5309 3330 5361 καὶ
3361 5307 3515 5360 ἔσται
3543 5305 3693 5377 χαρά
3715 5320 3806 5360 σοι

2222 5406 2316 5459 καὶ
2345 5405 2690 5474 ἀγαλλίασις,
2747 5404 2842 5456 καὶ
2869 5402 3054 5456 πολλοὶ
3087 5402 3180 5452 ἐπὶ
3210 5402 3275 5468 τῇ
3313 5398 3572 5469 γεννήσει
3626 5394 3800 5451 αὑτοῦ

2220 5499 2575 5568 χαρήσονται.
2621 5514 2640 5547 ι
2700 5496 3039 5567 Ταράττεται
3066 5493 3164 5564 μὲν
3201 5493 3229 5546 6
3257 5490 3557 5562 Ζαχαρίας.
3605 5490 3808 5542 Ἀσυν-

2221 5591 2357 5660 ήθης
2392 5590 2500 5659 γάρ
2537 5589 2658 5656 ὄψις
2713 5589 2808 5640 καὶ
2857 5589 2984 5650 τοὺς
3038 5587 3226 5654 ἁγίους
3273 5583 3554 5654 ταράττει.
3601 5579 3748 5634 Ἀλλ’
3777 5581 3806 5632 6

2221 5682 2450 5752 ἄγγελος
2501 5679 2854 5738 καταστέλλει
2890 5679 2989 5749 τὴν
3042 5677 3312 5747 ταραχήνσ
3358 5673 3646 5748 πανταχοῦ
3691 5673 3805 5745 γὰρ
