  <div class='ocr_page' id='page_1' title='image "/cluster/home/n/w/nwhite01/storage/ocr_20150623/123/uva.x004884189/450.png"; bbox 0 0 4022 6504; ppageno 0'>
   <div class='ocr_carea' id='block_1_1' title="bbox 224 457 333 541">
    <p class='ocr_par' dir='ltr' id='par_1_1' title="bbox 224 457 333 541">
     <span class='ocr_line' id='line_1_1' title="bbox 224 457 333 541; baseline 0 -1"><span class='ocrx_word' id='word_1_1' title='bbox 224 457 333 541; x_wconf 74' lang='lat'><strong>617</strong></span> 
     </span>
    </p>
   </div>
   <div class='ocr_carea' id='block_1_2' title="bbox 968 469 2784 570">
    <p class='ocr_par' dir='ltr' id='par_1_2' title="bbox 968 469 2784 570">
     <span class='ocr_line' id='line_1_2' title="bbox 968 469 2784 570; baseline 0.002 -36"><span class='ocrx_word' id='word_1_2' title='bbox 968 472 1418 535; x_wconf 70' lang='lat' dir='ltr'><strong>ENARRATiO</strong></span> <span class='ocrx_word' id='word_1_3' title='bbox 1458 473 1542 534; x_wconf 83' lang='lat' dir='ltr'><strong>IN</strong></span> <span class='ocrx_word' id='word_1_4' title='bbox 1581 469 2090 534; x_wconf 78' lang='lat' dir='ltr'><strong>EVANGELIUM</strong></span> <span class='ocrx_word' id='word_1_5' title='bbox 2151 475 2391 570; x_wconf 44' lang='lat' dir='ltr'><strong>LUCﬁ.</strong></span> <span class='ocrx_word' id='word_1_6' title='bbox 2435 503 2504 513; x_wconf 89' lang='lat'>-</span> <span class='ocrx_word' id='word_1_7' title='bbox 2535 477 2698 540; x_wconf 79' lang='lat' dir='ltr'><strong>CAP.</strong></span> <span class='ocrx_word' id='word_1_8' title='bbox 2736 479 2784 538; x_wconf 91' lang='grc' dir='ltr'><strong>Ι.</strong></span> 
     </span>
    </p>
   </div>
   <div class='ocr_carea' id='block_1_3' title="bbox 3427 476 3536 541">
    <p class='ocr_par' dir='ltr' id='par_1_3' title="bbox 3427 476 3536 541">
     <span class='ocr_line' id='line_1_3' title="bbox 3427 476 3536 541; baseline -0.018 0"><span class='ocrx_word' id='word_1_9' title='bbox 3427 476 3536 541; x_wconf 76' lang='grc'><strong>693</strong></span> 
     </span>
    </p>
   </div>
   <div class='ocr_carea' id='block_1_4' title="bbox 225 581 1797 658">
    <p class='ocr_par' dir='ltr' id='par_1_4' title="bbox 225 581 1797 658">
     <span class='ocr_line' id='line_1_4' title="bbox 225 581 1797 658; baseline -0.004 -18"><span class='ocrx_word' id='word_1_10' title='bbox 225 586 390 641; x_wconf 87' lang='grc' dir='ltr'>τοῦτο</span> <span class='ocrx_word' id='word_1_11' title='bbox 423 584 551 657; x_wconf 65' lang='grc' dir='ltr'>ἔσχε</span> <span class='ocrx_word' id='word_1_12' title='bbox 575 585 864 658; x_wconf 66' lang='grc' dir='ltr'>γνώρισμα</span> <span class='ocrx_word' id='word_1_13' title='bbox 892 585 1002 638; x_wconf 80' lang='grc' dir='ltr'>τῶν</span> <span class='ocrx_word' id='word_1_14' title='bbox 1023 601 1083 638; x_wconf 83' lang='grc' dir='ltr'><strong>τε</strong></span> <span class='ocrx_word' id='word_1_15' title='bbox 1110 585 1219 638; x_wconf 82' lang='grc' dir='ltr'><strong>ἀπὸ</strong></span> <span class='ocrx_word' id='word_1_16' title='bbox 1250 587 1345 638; x_wconf 83' lang='grc' dir='ltr'><strong>τοῦ</strong></span> <span class='ocrx_word' id='word_1_17' title='bbox 1370 584 1506 638; x_wconf 89' lang='grc' dir='ltr'>Θεοῦ</span> <span class='ocrx_word' id='word_1_18' title='bbox 1524 581 1797 637; x_wconf 68' lang='grc' dir='ltr'>ὀπτασιιῖη</span> 
     </span>
    </p>
   </div>
   <div class='ocr_carea' id='block_1_5' title="bbox 1905 581 3521 658">
    <p class='ocr_par' dir='ltr' id='par_1_5' title="bbox 1905 582 3521 655">
     <span class='ocr_line' id='line_1_5' title="bbox 1905 582 3521 655; baseline 0.002 -17"><span class='ocrx_word' id='word_1_19' title='bbox 1905 583 2043 641; x_wconf 45' lang='grc' dir='ltr'>ηιιοο</span> <span class='ocrx_word' id='word_1_20' title='bbox 2097 585 2303 642; x_wconf 88' lang='lat' dir='ltr'><strong>indicio</strong></span> <span class='ocrx_word' id='word_1_21' title='bbox 2349 582 2742 644; x_wconf 82' lang='lat' dir='ltr'><strong>discernuntur</strong></span> <span class='ocrx_word' id='word_1_22' title='bbox 2788 585 3031 642; x_wconf 82' lang='lat' dir='ltr'><strong>visiones</strong></span> <span class='ocrx_word' id='word_1_23' title='bbox 3070 599 3192 655; x_wconf 80' lang='lat' dir='ltr'><strong>quae</strong></span> <span class='ocrx_word' id='word_1_24' title='bbox 3230 600 3260 640; x_wconf 90' lang='lat' dir='ltr'><strong>a</strong></span> <span class='ocrx_word' id='word_1_25' title='bbox 3299 586 3430 652; x_wconf 87' lang='lat' dir='ltr'><strong>Deo,</strong></span> <span class='ocrx_word' id='word_1_26' title='bbox 3463 598 3521 643; x_wconf 90' lang='lat' dir='ltr'><strong>et</strong></span> 
     </span>
    </p>
   </div>
   <div class='ocr_carea' id='block_1_6' title="bbox 226 667 1824 746">
    <p class='ocr_par' dir='ltr' id='par_1_6' title="bbox 226 667 1824 746">
     <span class='ocr_line' id='line_1_6' title="bbox 226 667 1824 746; baseline -0.001 -17"><span class='ocrx_word' id='word_1_27' title='bbox 226 667 462 729; x_wconf 68' lang='grc' dir='ltr'>καὶτῶν</span> <span class='ocrx_word' id='word_1_28' title='bbox 507 675 876 746; x_wconf 61' lang='grc' dir='ltr'>Μιμονικῶν·</span> <span class='ocrx_word' id='word_1_29' title='bbox 910 675 957 727; x_wconf 89' lang='grc' dir='ltr'><strong>εί</strong></span> <span class='ocrx_word' id='word_1_30' title='bbox 995 676 1097 746; x_wconf 82' lang='grc' dir='ltr'>μὲν</span> <span class='ocrx_word' id='word_1_31' title='bbox 1146 674 1255 746; x_wconf 83' lang='grc' dir='ltr'><strong>γὰρ</strong></span> <span class='ocrx_word' id='word_1_32' title='bbox 1286 675 1396 730; x_wconf 74' lang='grc' dir='ltr'><strong>ἀπὸ</strong></span> <span class='ocrx_word' id='word_1_33' title='bbox 1443 675 1697 746; x_wconf 80' lang='grc' dir='ltr'><strong>ταραχῆς</strong></span> <span class='ocrx_word' id='word_1_34' title='bbox 1726 673 1824 745; x_wconf 70' lang='lat' dir='ltr'><strong>ap-</strong></span> 
     </span>
    </p>
   </div>
   <div class='ocr_carea' id='block_1_7' title="bbox 225 766 1823 840">
    <p class='ocr_par' dir='ltr' id='par_1_7' title="bbox 225 766 1823 840">
     <span class='ocr_line' id='line_1_7' title="bbox 225 766 1823 840; baseline -0.003 -18"><span class='ocrx_word' id='word_1_35' title='bbox 225 772 379 837; x_wconf 79' lang='grc' dir='ltr'>εεται</span> <span class='ocrx_word' id='word_1_36' title='bbox 410 769 739 840; x_wconf 76' lang='grc' dir='ltr'>δλογισμὸς,</span> <span class='ocrx_word' id='word_1_37' title='bbox 770 770 864 823; x_wconf 79' lang='grc' dir='ltr'>καὶ</span> <span class='ocrx_word' id='word_1_38' title='bbox 888 768 1198 825; x_wconf 72' lang='grc' dir='ltr'>τελευταῖον</span> <span class='ocrx_word' id='word_1_39' title='bbox 1228 770 1505 838; x_wconf 76' lang='grc' dir='ltr'>καταστῇ,</span> <span class='ocrx_word' id='word_1_40' title='bbox 1541 766 1823 835; x_wconf 79' lang='grc' dir='ltr'><strong>συντόμως</strong></span> 
     </span>
    </p>
   </div>
   <div class='ocr_carea' id='block_1_8' title="bbox 224 858 1820 933">
    <p class='ocr_par' dir='ltr' id='par_1_8' title="bbox 224 858 1820 933">
     <span class='ocr_line' id='line_1_8' title="bbox 224 858 1820 933; baseline -0.003 -18"><span class='ocrx_word' id='word_1_41' title='bbox 224 861 490 933; x_wconf 71' lang='grc' dir='ltr'>λυομένου</span> <span class='ocrx_word' id='word_1_42' title='bbox 543 860 638 917; x_wconf 87' lang='grc' dir='ltr'><strong>τοῦ</strong></span> <span class='ocrx_word' id='word_1_43' title='bbox 667 861 858 931; x_wconf 74' lang='grc' dir='ltr'>φόϐου,</span> <span class='ocrx_word' id='word_1_44' title='bbox 914 861 1084 924; x_wconf 74' lang='grc' dir='ltr'>ὅντως</span> <span class='ocrx_word' id='word_1_45' title='bbox 1119 861 1240 914; x_wconf 86' lang='grc' dir='ltr'>θεία</span> <span class='ocrx_word' id='word_1_46' title='bbox 1290 863 1322 931; x_wconf 76' lang='grc' dir='ltr'>ἡ</span> <span class='ocrx_word' id='word_1_47' title='bbox 1357 858 1617 914; x_wconf 84' lang='grc' dir='ltr'>ὁπτασία.</span> <span class='ocrx_word' id='word_1_48' title='bbox 1673 859 1734 912; x_wconf 75' lang='lat' dir='ltr'><strong>Et</strong></span> <span class='ocrx_word' id='word_1_49' title='bbox 1763 859 1820 912; x_wconf 77' lang='grc' dir='ltr'>δὲ</span> 
     </span>
    </p>
   </div>
   <div class='ocr_carea' id='block_1_9' title="bbox 223 949 1822 1025">
    <p class='ocr_par' dir='ltr' id='par_1_9' title="bbox 223 949 1822 1025">
     <span class='ocr_line' id='line_1_9' title="bbox 223 949 1822 1025; baseline -0.003 -17"><span class='ocrx_word' id='word_1_50' title='bbox 223 955 557 1009; x_wconf 68' lang='grc' dir='ltr'>ἕπιτείνεται</span> <span class='ocrx_word' id='word_1_51' title='bbox 594 955 798 1025; x_wconf 83' lang='grc' dir='ltr'>μᾶλλον</span> <span class='ocrx_word' id='word_1_52' title='bbox 823 956 850 1007; x_wconf 99' lang='lat'><strong>6</strong></span> <span class='ocrx_word' id='word_1_53' title='bbox 881 952 1046 1021; x_wconf 80' lang='grc' dir='ltr'>φόὸος</span> <span class='ocrx_word' id='word_1_54' title='bbox 1072 955 1166 1006; x_wconf 57' lang='grc' dir='ltr'><strong>και¹</strong></span> <span class='ocrx_word' id='word_1_55' title='bbox 1196 952 1231 1023; x_wconf 75' lang='grc' dir='ltr'>ἡ</span> <span class='ocrx_word' id='word_1_56' title='bbox 1259 950 1550 1021; x_wconf 70' lang='grc' dir='ltr'>ταραχὴ,ή</span> <span class='ocrx_word' id='word_1_57' title='bbox 1583 949 1822 1004; x_wconf 84' lang='grc' dir='ltr'>ὀπτασία</span> 
     </span>
    </p>
   </div>
   <div class='ocr_carea' id='block_1_10' title="bbox 223 1042 1818 1118">
    <p class='ocr_par' dir='ltr' id='par_1_10' title="bbox 223 1042 1818 1118">
     <span class='ocr_line' id='line_1_10' title="bbox 223 1042 1818 1118; baseline -0.005 -15"><span class='ocrx_word' id='word_1_58' title='bbox 223 1049 614 1118; x_wconf 72' lang='grc' dir='ltr'><strong>δαιμονιώδης.</strong></span> <span class='ocrx_word' id='word_1_59' title='bbox 671 1049 830 1110; x_wconf 83' lang='grc' dir='ltr'>Τίνος</span> <span class='ocrx_word' id='word_1_60' title='bbox 863 1046 918 1098; x_wconf 79' lang='grc' dir='ltr'>δὲ</span> <span class='ocrx_word' id='word_1_61' title='bbox 965 1045 1152 1099; x_wconf 72' lang='grc' dir='ltr'>ἕνεκέν</span> <span class='ocrx_word' id='word_1_62' title='bbox 1202 1061 1367 1116; x_wconf 84' lang='grc' dir='ltr'>φησιν</span> <span class='ocrx_word' id='word_1_63' title='bbox 1395 1042 1679 1112; x_wconf 80' lang='grc' dir='ltr'>ὁᾶγγελος</span> <span class='ocrx_word' id='word_1_64' title='bbox 1732 1043 1818 1096; x_wconf 81' lang='grc' dir='ltr'>ὅτι</span> 
     </span>
    </p>
   </div>
   <div class='ocr_carea' id='block_1_11' title="bbox 227 1136 1812 1211">
    <p class='ocr_par' dir='ltr' id='par_1_11' title="bbox 227 1136 1812 1211">
     <span class='ocr_line' id='line_1_11' title="bbox 227 1136 1812 1211; baseline -0.003 -19"><span class='ocrx_word' id='word_1_65' title='bbox 227 1160 244 1192; x_wconf 74' lang='grc' dir='ltr'><strong>ι</strong></span> <span class='ocrx_word' id='word_1_66' title='bbox 273 1140 620 1211; x_wconf 81' lang='grc' dir='ltr'>Είσηκούσθη</span> <span class='ocrx_word' id='word_1_67' title='bbox 655 1142 686 1208; x_wconf 88' lang='grc' dir='ltr'><strong>ἡ</strong></span> <span class='ocrx_word' id='word_1_68' title='bbox 713 1139 898 1209; x_wconf 85' lang='grc' dir='ltr'>δέησίς</span> <span class='ocrx_word' id='word_1_69' title='bbox 929 1155 1042 1198; x_wconf 87' lang='grc' dir='ltr'>σου.</span> <span class='ocrx_word' id='word_1_70' title='bbox 1071 1141 1163 1192; x_wconf 71' lang='grc' dir='ltr'>καὶ</span> <span class='ocrx_word' id='word_1_71' title='bbox 1189 1139 1222 1208; x_wconf 77' lang='grc' dir='ltr'><strong>η</strong></span> <span class='ocrx_word' id='word_1_72' title='bbox 1250 1137 1387 1204; x_wconf 85' lang='grc' dir='ltr'><strong>γυνή</strong></span> <span class='ocrx_word' id='word_1_73' title='bbox 1425 1153 1515 1189; x_wconf 92' lang='grc' dir='ltr'><strong>σου</strong></span> <span class='ocrx_word' id='word_1_74' title='bbox 1535 1136 1812 1190; x_wconf 79' lang='grc' dir='ltr'>Ἐλισάὸετ</span> 
     </span>
    </p>
   </div>
   <div class='ocr_carea' id='block_1_12' title="bbox 218 1228 1817 1301">
    <p class='ocr_par' dir='ltr' id='par_1_12' title="bbox 218 1228 1817 1301">
     <span class='ocr_line' id='line_1_12' title="bbox 218 1228 1817 1301; baseline -0.001 -18"><span class='ocrx_word' id='word_1_75' title='bbox 218 1233 478 1301; x_wconf 81' lang='grc' dir='ltr'><strong>γεννήσει</strong></span> <span class='ocrx_word' id='word_1_76' title='bbox 511 1250 591 1285; x_wconf 89' lang='grc' dir='ltr'><strong>σοι</strong></span> <span class='ocrx_word' id='word_1_77' title='bbox 632 1251 649 1282; x_wconf 73' lang='grc' dir='ltr'><strong>ι</strong></span> <span class='ocrx_word' id='word_1_78' title='bbox 689 1250 702 1299; x_wconf 94' lang='grc'>;</span> <span class='ocrx_word' id='word_1_79' title='bbox 765 1232 856 1301; x_wconf 80' lang='grc' dir='ltr'><strong>Μὴ</strong></span> <span class='ocrx_word' id='word_1_80' title='bbox 888 1231 996 1300; x_wconf 86' lang='grc' dir='ltr'>γὰρ</span> <span class='ocrx_word' id='word_1_81' title='bbox 1030 1233 1059 1283; x_wconf 93' lang='lat'><strong>6</strong></span> <span class='ocrx_word' id='word_1_82' title='bbox 1112 1229 1391 1299; x_wconf 82' lang='grc' dir='ltr'><strong>Ζαχαρίας</strong></span> <span class='ocrx_word' id='word_1_83' title='bbox 1438 1228 1570 1299; x_wconf 72' lang='grc' dir='ltr'>περὶ</span> <span class='ocrx_word' id='word_1_84' title='bbox 1623 1228 1817 1292; x_wconf 80' lang='grc' dir='ltr'>παιδὸς</span> 
     </span>
    </p>
   </div>
   <div class='ocr_carea' id='block_1_13' title="bbox 218 1319 1815 1393">
    <p class='ocr_par' dir='ltr' id='par_1_13' title="bbox 218 1319 1815 1393">
     <span class='ocr_line' id='line_1_13' title="bbox 218 1319 1815 1393; baseline -0.004 -17"><span class='ocrx_word' id='word_1_85' title='bbox 218 1323 426 1393; x_wconf 73' lang='grc' dir='ltr'>ηὔχετο</span> <span class='ocrx_word' id='word_1_86' title='bbox 453 1341 468 1388; x_wconf 89' lang='lat'><strong>;</strong></span> <span class='ocrx_word' id='word_1_87' title='bbox 537 1323 671 1378; x_wconf 78' lang='grc' dir='ltr'>ἀλλὰ</span> <span class='ocrx_word' id='word_1_88' title='bbox 703 1323 834 1392; x_wconf 71' lang='grc' dir='ltr'>περὶ</span> <span class='ocrx_word' id='word_1_89' title='bbox 869 1322 980 1375; x_wconf 87' lang='grc' dir='ltr'><strong>τῶν</strong></span> <span class='ocrx_word' id='word_1_90' title='bbox 1005 1319 1291 1391; x_wconf 81' lang='grc' dir='ltr'>ἁμαρτιῶν</span> <span class='ocrx_word' id='word_1_91' title='bbox 1320 1319 1415 1372; x_wconf 86' lang='grc' dir='ltr'><strong>τοῦ</strong></span> <span class='ocrx_word' id='word_1_92' title='bbox 1445 1319 1575 1372; x_wconf 86' lang='grc' dir='ltr'>λαοῦ</span> <span class='ocrx_word' id='word_1_93' title='bbox 1602 1337 1616 1385; x_wconf 88' lang='grc'>;</span> <span class='ocrx_word' id='word_1_94' title='bbox 1644 1319 1815 1373; x_wconf 76' lang='grc' dir='ltr'>Φασὶν</span> 
     </span>
    </p>
   </div>
   <div class='ocr_carea' id='block_1_14' title="bbox 216 1410 1812 1484">
    <p class='ocr_par' dir='ltr' id='par_1_14' title="bbox 216 1410 1812 1484">
     <span class='ocr_line' id='line_1_14' title="bbox 216 1410 1812 1484; baseline -0.003 -15"><span class='ocrx_word' id='word_1_95' title='bbox 216 1415 315 1469; x_wconf 81' lang='grc' dir='ltr'><strong>οῦν</strong></span> <span class='ocrx_word' id='word_1_96' title='bbox 343 1432 488 1479; x_wconf 75' lang='grc' dir='ltr'>τινες</span> <span class='ocrx_word' id='word_1_97' title='bbox 517 1416 622 1478; x_wconf 84' lang='grc' dir='ltr'>ὅτι,</span> <span class='ocrx_word' id='word_1_98' title='bbox 657 1413 846 1484; x_wconf 77' lang='grc' dir='ltr'>ἐπειδὴ</span> <span class='ocrx_word' id='word_1_99' title='bbox 881 1413 1019 1483; x_wconf 84' lang='grc' dir='ltr'>ὑπὲρ</span> <span class='ocrx_word' id='word_1_100' title='bbox 1066 1412 1176 1466; x_wconf 86' lang='grc' dir='ltr'>τῶν</span> <span class='ocrx_word' id='word_1_101' title='bbox 1218 1411 1508 1481; x_wconf 82' lang='grc' dir='ltr'>ἁμαρτιῶν</span> <span class='ocrx_word' id='word_1_102' title='bbox 1552 1411 1646 1465; x_wconf 86' lang='grc' dir='ltr'><strong>τοῦ</strong></span> <span class='ocrx_word' id='word_1_103' title='bbox 1683 1410 1812 1466; x_wconf 87' lang='grc' dir='ltr'>λαοῦ</span> 
     </span>
    </p>
   </div>
   <div class='ocr_carea' id='block_1_15' title="bbox 215 1501 1812 1576">
    <p class='ocr_par' dir='ltr' id='par_1_15' title="bbox 215 1501 1812 1576">
     <span class='ocr_line' id='line_1_15' title="bbox 215 1501 1812 1576; baseline -0.001 -18"><span class='ocrx_word' id='word_1_104' title='bbox 215 1505 441 1575; x_wconf 76' lang='grc' dir='ltr'>ηὔχετο,</span> <span class='ocrx_word' id='word_1_105' title='bbox 480 1505 674 1576; x_wconf 65' lang='grc' dir='ltr'>ἔμελλε</span> <span class='ocrx_word' id='word_1_106' title='bbox 705 1505 760 1558; x_wconf 81' lang='grc' dir='ltr'>δὲ</span> <span class='ocrx_word' id='word_1_107' title='bbox 789 1505 999 1560; x_wconf 72' lang='grc' dir='ltr'>τίκτειν</span> <span class='ocrx_word' id='word_1_108' title='bbox 1031 1504 1146 1556; x_wconf 85' lang='grc' dir='ltr'>υίὸν</span> <span class='ocrx_word' id='word_1_109' title='bbox 1177 1502 1411 1573; x_wconf 83' lang='grc' dir='ltr'>βοῶντα,</span> <span class='ocrx_word' id='word_1_110' title='bbox 1443 1503 1550 1557; x_wconf 83' lang='grc' dir='ltr'>Ἴδε</span> <span class='ocrx_word' id='word_1_111' title='bbox 1577 1503 1605 1554; x_wconf 89' lang='lat'><strong>6</strong></span> <span class='ocrx_word' id='word_1_112' title='bbox 1639 1501 1812 1573; x_wconf 73' lang='grc' dir='ltr'>ἀμνὸς</span> 
     </span>
    </p>
   </div>
   <div class='ocr_carea' id='block_1_16' title="bbox 212 1593 1814 1665">
    <p class='ocr_par' dir='ltr' id='par_1_16' title="bbox 212 1593 1814 1665">
     <span class='ocr_line' id='line_1_16' title="bbox 212 1593 1814 1665; baseline 0 -19"><span class='ocrx_word' id='word_1_113' title='bbox 212 1593 311 1646; x_wconf 84' lang='grc' dir='ltr'><strong>τοῦ</strong></span> <span class='ocrx_word' id='word_1_114' title='bbox 343 1594 502 1659; x_wconf 87' lang='grc' dir='ltr'>Θεοῦ,</span> <span class='ocrx_word' id='word_1_115' title='bbox 535 1597 562 1647; x_wconf 91' lang='lat'><strong>6</strong></span> <span class='ocrx_word' id='word_1_116' title='bbox 587 1595 759 1665; x_wconf 69' lang='grc' dir='ltr'>αἴρων</span> <span class='ocrx_word' id='word_1_117' title='bbox 781 1594 880 1662; x_wconf 79' lang='grc' dir='ltr'>τὴν</span> <span class='ocrx_word' id='word_1_118' title='bbox 901 1593 1180 1665; x_wconf 78' lang='grc' dir='ltr'><strong>ἁμαρτίαν</strong></span> <span class='ocrx_word' id='word_1_119' title='bbox 1206 1593 1300 1645; x_wconf 85' lang='grc' dir='ltr'><strong>τοῦ</strong></span> <span class='ocrx_word' id='word_1_120' title='bbox 1327 1595 1556 1662; x_wconf 73' lang='grc' dir='ltr'>κόσμου,</span> <span class='ocrx_word' id='word_1_121' title='bbox 1585 1593 1814 1656; x_wconf 76' lang='grc' dir='ltr'>εἰκότως</span> 
     </span>
    </p>
   </div>
   <div class='ocr_carea' id='block_1_17' title="bbox 212 1685 1811 1757">
    <p class='ocr_par' dir='ltr' id='par_1_17' title="bbox 212 1685 1811 1757">
     <span class='ocr_line' id='line_1_17' title="bbox 212 1685 1811 1757; baseline 0.001 -20"><span class='ocrx_word' id='word_1_122' title='bbox 212 1685 364 1753; x_wconf 75' lang='grc' dir='ltr'>λέγει</span> <span class='ocrx_word' id='word_1_123' title='bbox 398 1687 534 1757; x_wconf 78' lang='grc' dir='ltr'>πρὸς</span> <span class='ocrx_word' id='word_1_124' title='bbox 559 1687 719 1740; x_wconf 78' lang='grc' dir='ltr'>αὐτὸν</span> <span class='ocrx_word' id='word_1_125' title='bbox 747 1685 1042 1754; x_wconf 75' lang='grc' dir='ltr'>ὀᾶγγελος,</span> <span class='ocrx_word' id='word_1_126' title='bbox 1073 1688 1154 1741; x_wconf 85' lang='grc' dir='ltr'>ὅτι</span> <span class='ocrx_word' id='word_1_127' title='bbox 1183 1687 1533 1756; x_wconf 79' lang='grc' dir='ltr'>Είσηκούσϐη</span> <span class='ocrx_word' id='word_1_128' title='bbox 1561 1688 1594 1756; x_wconf 75' lang='grc' dir='ltr'>ἡ</span> <span class='ocrx_word' id='word_1_129' title='bbox 1624 1686 1811 1756; x_wconf 82' lang='grc' dir='ltr'>δέησίς</span> 
     </span>
    </p>
   </div>
   <div class='ocr_carea' id='block_1_18' title="bbox 212 1773 1809 1851">
    <p class='ocr_par' dir='ltr' id='par_1_18' title="bbox 212 1773 1809 1851">
     <span class='ocr_line' id='line_1_18' title="bbox 212 1773 1809 1851; baseline -0.001 -22"><span class='ocrx_word' id='word_1_130' title='bbox 212 1795 310 1830; x_wconf 85' lang='grc' dir='ltr'><strong>σου</strong></span> <span class='ocrx_word' id='word_1_131' title='bbox 348 1779 490 1848; x_wconf 73' lang='grc' dir='ltr'>ὑπὲρ</span> <span class='ocrx_word' id='word_1_132' title='bbox 521 1780 622 1851; x_wconf 80' lang='grc' dir='ltr'>τῆς</span> <span class='ocrx_word' id='word_1_133' title='bbox 645 1779 891 1848; x_wconf 74' lang='grc' dir='ltr'>ἀφέσεως</span> <span class='ocrx_word' id='word_1_134' title='bbox 913 1773 1025 1830; x_wconf 80' lang='grc' dir='ltr'><strong>τῶν</strong></span> <span class='ocrx_word' id='word_1_135' title='bbox 1051 1777 1338 1848; x_wconf 79' lang='grc' dir='ltr'>ἁμαρτιῶν</span> <span class='ocrx_word' id='word_1_136' title='bbox 1365 1776 1460 1830; x_wconf 84' lang='grc' dir='ltr'><strong>τοῦ</strong></span> <span class='ocrx_word' id='word_1_137' title='bbox 1492 1775 1644 1831; x_wconf 86' lang='grc' dir='ltr'>λαοῦ.</span> <span class='ocrx_word' id='word_1_138' title='bbox 1679 1777 1809 1829; x_wconf 80' lang='grc' dir='ltr'>Υῑδν</span> 
     </span>
    </p>
   </div>
   <div class='ocr_carea' id='block_1_19' title="bbox 208 1862 1804 1940">
    <p class='ocr_par' dir='ltr' id='par_1_19' title="bbox 208 1862 1804 1940">
     <span class='ocr_line' id='line_1_19' title="bbox 208 1862 1804 1940; baseline 0.001 -20"><span class='ocrx_word' id='word_1_139' title='bbox 208 1870 323 1940; x_wconf 65' lang='grc' dir='ltr'><strong>γὰρ</strong></span> <span class='ocrx_word' id='word_1_140' title='bbox 372 1871 659 1939; x_wconf 72' lang='grc' dir='ltr'><strong>γεννήσεις</strong></span> <span class='ocrx_word' id='word_1_141' title='bbox 703 1869 772 1922; x_wconf 84' lang='grc' dir='ltr'>δι’</span> <span class='ocrx_word' id='word_1_142' title='bbox 814 1862 876 1922; x_wconf 78' lang='grc' dir='ltr'><strong>οὗ</strong></span> <span class='ocrx_word' id='word_1_143' title='bbox 926 1869 1124 1938; x_wconf 73' lang='grc' dir='ltr'>ἄφεσις</span> <span class='ocrx_word' id='word_1_144' title='bbox 1155 1869 1307 1921; x_wconf 77' lang='grc' dir='ltr'>ἔσται</span> <span class='ocrx_word' id='word_1_145' title='bbox 1355 1868 1465 1920; x_wconf 84' lang='grc' dir='ltr'><strong>τῶν</strong></span> <span class='ocrx_word' id='word_1_146' title='bbox 1495 1866 1804 1939; x_wconf 82' lang='grc' dir='ltr'>ἁμαρτιῶν.</span> 
     </span>
    </p>
   </div>
   <div class='ocr_carea' id='block_1_20' title="bbox 207 1958 1804 2028">
    <p class='ocr_par' dir='ltr' id='par_1_20' title="bbox 207 1958 1804 2028">
     <span class='ocr_line' id='line_1_20' title="bbox 207 1958 1804 2028; baseline -0.003 -14"><span class='ocrx_word' id='word_1_147' title='bbox 207 1959 371 2024; x_wconf 80' lang='grc' dir='ltr'>Τινὲς</span> <span class='ocrx_word' id='word_1_148' title='bbox 392 1960 451 2014; x_wconf 74' lang='grc' dir='ltr'>δὲ</span> <span class='ocrx_word' id='word_1_149' title='bbox 471 1959 612 2013; x_wconf 73' lang='grc' dir='ltr'>οὕτω</span> <span class='ocrx_word' id='word_1_150' title='bbox 643 1959 876 2023; x_wconf 84' lang='grc' dir='ltr'>νοοῦσιν,</span> <span class='ocrx_word' id='word_1_151' title='bbox 901 1959 1004 2021; x_wconf 79' lang='grc' dir='ltr'>ὅτι,</span> <span class='ocrx_word' id='word_1_152' title='bbox 1038 1958 1387 2028; x_wconf 78' lang='grc' dir='ltr'>Είσηκούσθη</span> <span class='ocrx_word' id='word_1_153' title='bbox 1413 1961 1444 2028; x_wconf 80' lang='grc' dir='ltr'>ἡ</span> <span class='ocrx_word' id='word_1_154' title='bbox 1471 1959 1804 2028; x_wconf 82' lang='grc' dir='ltr'>δέησίς’σου,</span> 
     </span>
    </p>
   </div>
   <div class='ocr_carea' id='block_1_21' title="bbox 206 2051 1805 2122">
    <p class='ocr_par' dir='ltr' id='par_1_21' title="bbox 206 2051 1805 2122">
     <span class='ocr_line' id='line_1_21' title="bbox 206 2051 1805 2122; baseline -0.002 -14"><span class='ocrx_word' id='word_1_155' title='bbox 206 2051 254 2108; x_wconf 78' lang='grc' dir='ltr'>ὦ</span> <span class='ocrx_word' id='word_1_156' title='bbox 289 2053 560 2122; x_wconf 82' lang='grc' dir='ltr'>Ζαχαρία,</span> <span class='ocrx_word' id='word_1_157' title='bbox 599 2053 693 2105; x_wconf 73' lang='grc' dir='ltr'>καὶ</span> <span class='ocrx_word' id='word_1_158' title='bbox 730 2052 1116 2122; x_wconf 80' lang='grc' dir='ltr'>συνεχώρησεν</span> <span class='ocrx_word' id='word_1_159' title='bbox 1149 2054 1176 2104; x_wconf 89' lang='lat'><strong>6</strong></span> <span class='ocrx_word' id='word_1_160' title='bbox 1212 2051 1343 2115; x_wconf 73' lang='grc' dir='ltr'>Θεὸς</span> <span class='ocrx_word' id='word_1_161' title='bbox 1397 2053 1493 2115; x_wconf 82' lang='grc' dir='ltr'>τὰς</span> <span class='ocrx_word' id='word_1_162' title='bbox 1527 2053 1805 2121; x_wconf 83' lang='grc' dir='ltr'>ἁμαρτίας</span> 
     </span>
    </p>
   </div>
   <div class='ocr_carea' id='block_1_22' title="bbox 204 2140 1805 2214">
    <p class='ocr_par' dir='ltr' id='par_1_22' title="bbox 204 2140 1805 2214">
     <span class='ocr_line' id='line_1_22' title="bbox 204 2140 1805 2214; baseline 0 -17"><span class='ocrx_word' id='word_1_163' title='bbox 204 2143 287 2212; x_wconf 84' lang='grc' dir='ltr'>τῷ</span> <span class='ocrx_word' id='word_1_164' title='bbox 312 2144 429 2214; x_wconf 85' lang='grc' dir='ltr'><strong>λαῴ</strong></span> <span class='ocrx_word' id='word_1_165' title='bbox 453 2161 465 2174; x_wconf 86' lang='grc'><strong>”</strong></span> <span class='ocrx_word' id='word_1_166' title='bbox 523 2140 640 2197; x_wconf 79' lang='grc' dir='ltr'>εἶτα</span> <span class='ocrx_word' id='word_1_167' title='bbox 690 2142 882 2213; x_wconf 77' lang='grc' dir='ltr'>ὥσπερ</span> <span class='ocrx_word' id='word_1_168' title='bbox 923 2145 1170 2204; x_wconf 74' lang='grc' dir='ltr'>είπὸντος</span> <span class='ocrx_word' id='word_1_169' title='bbox 1200 2143 1393 2208; x_wconf 77' lang='grc' dir='ltr'>αὑτοῦ,</span> <span class='ocrx_word' id='word_1_170' title='bbox 1425 2142 1598 2196; x_wconf 75' lang='grc' dir='ltr'>Πόθεν</span> <span class='ocrx_word' id='word_1_171' title='bbox 1646 2143 1805 2212; x_wconf 80' lang='grc' dir='ltr'>δῆλον</span> 
     </span>
    </p>
   </div>
   <div class='ocr_carea' id='block_1_23' title="bbox 204 2234 1804 2306">
    <p class='ocr_par' dir='ltr' id='par_1_23' title="bbox 204 2234 1804 2306">
     <span class='ocr_line' id='line_1_23' title="bbox 204 2234 1804 2306; baseline 0.001 -19"><span class='ocrx_word' id='word_1_172' title='bbox 204 2234 401 2303; x_wconf 88' lang='grc' dir='ltr'>τοῦτο;</span> <span class='ocrx_word' id='word_1_173' title='bbox 447 2238 611 2304; x_wconf 66' lang='grc' dir='ltr'>φησιν</span> <span class='ocrx_word' id='word_1_174' title='bbox 645 2238 674 2288; x_wconf 97' lang='lat'><strong>6</strong></span> <span class='ocrx_word' id='word_1_175' title='bbox 728 2236 981 2305; x_wconf 77' lang='grc' dir='ltr'>ἄγγελος,</span> <span class='ocrx_word' id='word_1_176' title='bbox 1016 2236 1125 2302; x_wconf 83' lang='grc' dir='ltr'>ὅτι,</span> <span class='ocrx_word' id='word_1_177' title='bbox 1161 2235 1334 2288; x_wconf 88' lang='grc' dir='ltr'>Τοῦτό</span> <span class='ocrx_word' id='word_1_178' title='bbox 1359 2253 1441 2289; x_wconf 90' lang='grc' dir='ltr'><strong>σοι</strong></span> <span class='ocrx_word' id='word_1_179' title='bbox 1475 2235 1670 2304; x_wconf 84' lang='grc' dir='ltr'>δίδωμι</span> <span class='ocrx_word' id='word_1_180' title='bbox 1708 2253 1804 2306; x_wconf 80' lang='grc' dir='ltr'>ση-</span> 
     </span>
    </p>
   </div>
   <div class='ocr_carea' id='block_1_24' title="bbox 209 2327 1805 2399">
    <p class='ocr_par' dir='ltr' id='par_1_24' title="bbox 209 2327 1805 2399">
     <span class='ocr_line' id='line_1_24' title="bbox 209 2327 1805 2399; baseline 0.003 -21"><span class='ocrx_word' id='word_1_181' title='bbox 209 2330 387 2395; x_wconf 81' lang='grc' dir='ltr'>μετον,</span> <span class='ocrx_word' id='word_1_182' title='bbox 424 2329 504 2380; x_wconf 78' lang='grc' dir='ltr'>ὅτι</span> <span class='ocrx_word' id='word_1_183' title='bbox 537 2329 792 2399; x_wconf 83' lang='grc' dir='ltr'>γεννήσει</span> <span class='ocrx_word' id='word_1_184' title='bbox 832 2345 915 2381; x_wconf 90' lang='grc' dir='ltr'><strong>σοι</strong></span> <span class='ocrx_word' id='word_1_185' title='bbox 947 2330 1061 2380; x_wconf 74' lang='grc' dir='ltr'>υἱὸν</span> <span class='ocrx_word' id='word_1_186' title='bbox 1088 2331 1120 2398; x_wconf 72' lang='grc' dir='ltr'>ἡ</span> <span class='ocrx_word' id='word_1_187' title='bbox 1160 2327 1447 2380; x_wconf 70' lang='grc' dir='ltr'>Ἐλισὰὅετ</span> <span class='ocrx_word' id='word_1_188' title='bbox 1475 2345 1486 2357; x_wconf 93' lang='grc'>·</span> <span class='ocrx_word' id='word_1_189' title='bbox 1525 2327 1669 2380; x_wconf 84' lang='grc' dir='ltr'>ὥστε</span> <span class='ocrx_word' id='word_1_190' title='bbox 1697 2329 1805 2382; x_wconf 83' lang='grc' dir='ltr'><strong>ἀπὸ</strong></span> 
     </span>
    </p>
   </div>
   <div class='ocr_carea' id='block_1_25' title="bbox 203 2419 1803 2492">
    <p class='ocr_par' dir='ltr' id='par_1_25' title="bbox 203 2419 1803 2492">
     <span class='ocr_line' id='line_1_25' title="bbox 203 2419 1803 2492; baseline 0.002 -21"><span class='ocrx_word' id='word_1_191' title='bbox 203 2419 299 2472; x_wconf 86' lang='grc' dir='ltr'><strong>τοῦ</strong></span> <span class='ocrx_word' id='word_1_192' title='bbox 327 2419 591 2490; x_wconf 81' lang='grc' dir='ltr'>γεννῆσαι</span> <span class='ocrx_word' id='word_1_193' title='bbox 631 2423 733 2490; x_wconf 83' lang='grc' dir='ltr'>τὴν</span> <span class='ocrx_word' id='word_1_194' title='bbox 782 2422 1092 2483; x_wconf 77' lang='grc' dir='ltr'>Ἐλισάῦετ,</span> <span class='ocrx_word' id='word_1_195' title='bbox 1131 2420 1559 2492; x_wconf 77' lang='grc' dir='ltr'>πιστευθήσεταί</span> <span class='ocrx_word' id='word_1_196' title='bbox 1592 2439 1672 2477; x_wconf 87' lang='grc' dir='ltr'><strong>σοι</strong></span> <span class='ocrx_word' id='word_1_197' title='bbox 1708 2422 1803 2476; x_wconf 81' lang='grc' dir='ltr'>καὶ</span> 
     </span>
    </p>
   </div>
   <div class='ocr_carea' id='block_1_26' title="bbox 202 2512 1282 2585">
    <p class='ocr_par' dir='ltr' id='par_1_26' title="bbox 202 2512 1282 2585">
     <span class='ocr_line' id='line_1_26' title="bbox 202 2512 1282 2585; baseline 0.003 -21"><span class='ocrx_word' id='word_1_198' title='bbox 202 2512 264 2564; x_wconf 83' lang='lat'><strong>16</strong></span> <span class='ocrx_word' id='word_1_199' title='bbox 299 2513 572 2583; x_wconf 78' lang='grc' dir='ltr'>ἀφεθῆναι</span> <span class='ocrx_word' id='word_1_200' title='bbox 601 2513 700 2578; x_wconf 75' lang='grc' dir='ltr'><strong>τὰς</strong></span> <span class='ocrx_word' id='word_1_201' title='bbox 735 2513 1012 2583; x_wconf 82' lang='grc' dir='ltr'>ἁμαρτίας</span> <span class='ocrx_word' id='word_1_202' title='bbox 1035 2514 1114 2585; x_wconf 83' lang='grc' dir='ltr'>τῷ</span> <span class='ocrx_word' id='word_1_203' title='bbox 1147 2515 1282 2583; x_wconf 80' lang='grc' dir='ltr'>λαῷ.</span> 
     </span>
    </p>
   </div>
   <div class='ocr_carea' id='block_1_27' title="bbox 280 2603 1801 2675">
    <p class='ocr_par' dir='ltr' id='par_1_27' title="bbox 280 2603 1801 2675">
     <span class='ocr_line' id='line_1_27' title="bbox 280 2603 1801 2675; baseline 0.001 -18"><span class='ocrx_word' id='word_1_204' title='bbox 280 2626 298 2657; x_wconf 76' lang='grc' dir='ltr'><strong>ι</strong></span> <span class='ocrx_word' id='word_1_205' title='bbox 335 2606 531 2659; x_wconf 83' lang='grc' dir='ltr'>Ἔσται</span> <span class='ocrx_word' id='word_1_206' title='bbox 561 2607 670 2675; x_wconf 74' lang='grc' dir='ltr'><strong>γὰρ</strong></span> <span class='ocrx_word' id='word_1_207' title='bbox 694 2607 867 2675; x_wconf 82' lang='grc' dir='ltr'><strong>μέγας</strong></span> <span class='ocrx_word' id='word_1_208' title='bbox 889 2606 1120 2658; x_wconf 67' lang='grc' dir='ltr'>ινώπιον</span> <span class='ocrx_word' id='word_1_209' title='bbox 1152 2606 1247 2658; x_wconf 84' lang='grc' dir='ltr'><strong>τοῦ</strong></span> <span class='ocrx_word' id='word_1_210' title='bbox 1272 2607 1500 2672; x_wconf 88' lang='grc' dir='ltr'>Κυρίου,</span> <span class='ocrx_word' id='word_1_211' title='bbox 1532 2607 1628 2659; x_wconf 73' lang='grc' dir='ltr'>καὶ</span> <span class='ocrx_word' id='word_1_212' title='bbox 1659 2603 1801 2660; x_wconf 71' lang='grc' dir='ltr'>οἶνον</span> 
     </span>
    </p>
   </div>
   <div class='ocr_carea' id='block_1_28' title="bbox 203 2697 1801 2771">
    <p class='ocr_par' dir='ltr' id='par_1_28' title="bbox 203 2697 1801 2771">
     <span class='ocr_line' id='line_1_28' title="bbox 203 2697 1801 2771; baseline 0.001 -22"><span class='ocrx_word' id='word_1_213' title='bbox 203 2697 301 2750; x_wconf 75' lang='grc' dir='ltr'>καὶ</span> <span class='ocrx_word' id='word_1_214' title='bbox 326 2698 521 2766; x_wconf 82' lang='grc' dir='ltr'>σίκερα</span> <span class='ocrx_word' id='word_1_215' title='bbox 547 2698 608 2750; x_wconf 83' lang='grc' dir='ltr'>οὐ</span> <span class='ocrx_word' id='word_1_216' title='bbox 641 2699 715 2767; x_wconf 76' lang='grc' dir='ltr'>μὴ</span> <span class='ocrx_word' id='word_1_217' title='bbox 748 2698 845 2769; x_wconf 75' lang='grc' dir='ltr'>πίῃ</span> <span class='ocrx_word' id='word_1_218' title='bbox 864 2715 876 2730; x_wconf 81' lang='grc'><em>’</em></span> <span class='ocrx_word' id='word_1_219' title='bbox 912 2697 1005 2750; x_wconf 74' lang='grc' dir='ltr'>καὶ</span> <span class='ocrx_word' id='word_1_220' title='bbox 1033 2698 1351 2767; x_wconf 69' lang='grc' dir='ltr'>Πνεῦμαιος</span> <span class='ocrx_word' id='word_1_221' title='bbox 1375 2699 1529 2766; x_wconf 76' lang='grc' dir='ltr'>ἁγίου</span> <span class='ocrx_word' id='word_1_222' title='bbox 1558 2700 1801 2771; x_wconf 81' lang='grc' dir='ltr'>πλησθή-</span> 
     </span>
    </p>
   </div>
   <div class='ocr_carea' id='block_1_29' title="bbox 203 2790 1800 2861">
    <p class='ocr_par' dir='ltr' id='par_1_29' title="bbox 203 2790 1800 2861">
     <span class='ocr_line' id='line_1_29' title="bbox 203 2790 1800 2861; baseline 0.001 -17"><span class='ocrx_word' id='word_1_223' title='bbox 203 2808 360 2844; x_wconf 86' lang='grc' dir='ltr'>σεται</span> <span class='ocrx_word' id='word_1_224' title='bbox 391 2790 472 2842; x_wconf 74' lang='grc' dir='ltr'><strong>ἔτι</strong></span> <span class='ocrx_word' id='word_1_225' title='bbox 499 2793 564 2843; x_wconf 80' lang='grc' dir='ltr'>ὲκ</span> <span class='ocrx_word' id='word_1_226' title='bbox 600 2791 811 2854; x_wconf 81' lang='grc' dir='ltr'>κοιλίας</span> <span class='ocrx_word' id='word_1_227' title='bbox 841 2792 1047 2861; x_wconf 76' lang='grc' dir='ltr'>μητρὸς</span> <span class='ocrx_word' id='word_1_228' title='bbox 1073 2791 1240 2845; x_wconf 81' lang='grc' dir='ltr'>αὐτοῦ</span> <span class='ocrx_word' id='word_1_229' title='bbox 1269 2810 1282 2822; x_wconf 91' lang='grc'><strong>·</strong></span> <span class='ocrx_word' id='word_1_230' title='bbox 1319 2795 1412 2845; x_wconf 78' lang='grc' dir='ltr'>καὶ</span> <span class='ocrx_word' id='word_1_231' title='bbox 1447 2793 1672 2857; x_wconf 81' lang='grc' dir='ltr'>πολλοὺς</span> <span class='ocrx_word' id='word_1_232' title='bbox 1690 2794 1800 2846; x_wconf 84' lang='grc' dir='ltr'>τῶν</span> 
     </span>
    </p>
   </div>
   <div class='ocr_carea' id='block_1_30' title="bbox 201 2884 1799 2956">
    <p class='ocr_par' dir='ltr' id='par_1_30' title="bbox 201 2884 1799 2956">
     <span class='ocr_line' id='line_1_30' title="bbox 201 2884 1799 2956; baseline 0.004 -22"><span class='ocrx_word' id='word_1_233' title='bbox 201 2885 336 2935; x_wconf 77' lang='grc' dir='ltr'>υἱῶν</span> <span class='ocrx_word' id='word_1_234' title='bbox 383 2885 602 2954; x_wconf 78' lang='grc' dir='ltr'>Ἰσραὴλ</span> <span class='ocrx_word' id='word_1_235' title='bbox 641 2884 962 2954; x_wconf 67' lang='grc' dir='ltr'>ἐπιστρέψει</span> <span class='ocrx_word' id='word_1_236' title='bbox 1003 2884 1097 2936; x_wconf 67' lang='grc' dir='ltr'><strong>ἐπὶ</strong></span> <span class='ocrx_word' id='word_1_237' title='bbox 1149 2886 1355 2956; x_wconf 76' lang='grc' dir='ltr'>Κυρίου</span> <span class='ocrx_word' id='word_1_238' title='bbox 1393 2888 1483 2938; x_wconf 63' lang='grc' dir='ltr'><strong>τὸν</strong></span> <span class='ocrx_word' id='word_1_239' title='bbox 1543 2886 1675 2939; x_wconf 67' lang='grc' dir='ltr'>Θεὸν</span> <span class='ocrx_word' id='word_1_240' title='bbox 1705 2888 1799 2940; x_wconf 79' lang='grc' dir='ltr'><strong>αὐ-</strong></span> 
     </span>
    </p>
   </div>
   <div class='ocr_carea' id='block_1_31' title="bbox 197 2976 1798 3046">
    <p class='ocr_par' dir='ltr' id='par_1_31' title="bbox 197 2976 1798 3046">
     <span class='ocr_line' id='line_1_31' title="bbox 197 2976 1798 3046; baseline 0.002 -17"><span class='ocrx_word' id='word_1_241' title='bbox 197 2976 339 3029; x_wconf 82' lang='grc' dir='ltr'>τῶν·</span> <span class='ocrx_word' id='word_1_242' title='bbox 376 2978 473 3030; x_wconf 77' lang='grc' dir='ltr'>καὶ</span> <span class='ocrx_word' id='word_1_243' title='bbox 528 2976 692 3040; x_wconf 73' lang='grc' dir='ltr'>αὐτὸς</span> <span class='ocrx_word' id='word_1_244' title='bbox 749 2976 1141 3046; x_wconf 73' lang='grc' dir='ltr'>προελεύσεται</span> <span class='ocrx_word' id='word_1_245' title='bbox 1209 2979 1442 3032; x_wconf 75' lang='grc' dir='ltr'>ἐνώπιον</span> <span class='ocrx_word' id='word_1_246' title='bbox 1507 2979 1674 3034; x_wconf 82' lang='grc' dir='ltr'>αὑτοῦ</span> <span class='ocrx_word' id='word_1_247' title='bbox 1739 2982 1798 3034; x_wconf 80' lang='grc' dir='ltr'>ὲν</span> 
     </span>
    </p>
   </div>
   <div class='ocr_carea' id='block_1_32' title="bbox 200 3067 1799 3142">
    <p class='ocr_par' dir='ltr' id='par_1_32' title="bbox 200 3067 1799 3142">
     <span class='ocr_line' id='line_1_32' title="bbox 200 3067 1799 3142; baseline 0.004 -23"><span class='ocrx_word' id='word_1_248' title='bbox 200 3069 478 3136; x_wconf 79' lang='grc' dir='ltr'>πνεύματι</span> <span class='ocrx_word' id='word_1_249' title='bbox 513 3067 610 3123; x_wconf 74' lang='grc' dir='ltr'>καὶ</span> <span class='ocrx_word' id='word_1_250' title='bbox 657 3068 888 3137; x_wconf 78' lang='grc' dir='ltr'>δυνάμει</span> <span class='ocrx_word' id='word_1_251' title='bbox 933 3067 1146 3134; x_wconf 84' lang='grc' dir='ltr'>Ἠλιοῦ,</span> <span class='ocrx_word' id='word_1_252' title='bbox 1189 3071 1520 3140; x_wconf 66' lang='grc' dir='ltr'>ἐπιστρέψαι</span> <span class='ocrx_word' id='word_1_253' title='bbox 1570 3073 1799 3142; x_wconf 80' lang='grc' dir='ltr'><strong>καρδίας</strong></span> 
     </span>
    </p>
   </div>
   <div class='ocr_carea' id='block_1_33' title="bbox 197 3160 1794 3234">
    <p class='ocr_par' dir='ltr' id='par_1_33' title="bbox 197 3160 1794 3234">
     <span class='ocr_line' id='line_1_33' title="bbox 197 3160 1794 3234; baseline 0.001 -20"><span class='ocrx_word' id='word_1_254' title='bbox 197 3160 460 3231; x_wconf 81' lang='grc' dir='ltr'>πατέρων</span> <span class='ocrx_word' id='word_1_255' title='bbox 486 3162 577 3215; x_wconf 74' lang='grc' dir='ltr'><strong>ἐπὶ</strong></span> <span class='ocrx_word' id='word_1_256' title='bbox 597 3160 784 3226; x_wconf 74' lang='grc' dir='ltr'>τέκνα,</span> <span class='ocrx_word' id='word_1_257' title='bbox 804 3161 899 3215; x_wconf 73' lang='grc' dir='ltr'>καὶ</span> <span class='ocrx_word' id='word_1_258' title='bbox 923 3161 1166 3224; x_wconf 77' lang='grc' dir='ltr'>ἀπειθεῖς</span> <span class='ocrx_word' id='word_1_259' title='bbox 1180 3165 1246 3224; x_wconf 69' lang='grc' dir='ltr'>,ἐν</span> <span class='ocrx_word' id='word_1_260' title='bbox 1269 3166 1528 3234; x_wconf 78' lang='grc' dir='ltr'>φρονήσει</span> <span class='ocrx_word' id='word_1_261' title='bbox 1549 3165 1794 3232; x_wconf 84' lang='grc' dir='ltr'>δικαίων,</span> 
     </span>
    </p>
   </div>
   <div class='ocr_carea' id='block_1_34' title="bbox 1930 676 3523 748">
    <p class='ocr_par' dir='ltr' id='par_1_34' title="bbox 1930 676 3523 748">
     <span class='ocr_line' id='line_1_34' title="bbox 1930 676 3523 748; baseline 0.002 -16"><span class='ocrx_word' id='word_1_262' title='bbox 1930 691 2106 748; x_wconf 63' lang='lat' dir='ltr'><strong>quae</strong></span> <span class='ocrx_word' id='word_1_263' title='bbox 2134 678 2371 733; x_wconf 80' lang='lat' dir='ltr'><strong>diabolo.</strong></span> <span class='ocrx_word' id='word_1_264' title='bbox 2401 676 2537 733; x_wconf 82' lang='lat' dir='ltr'><strong>Nam</strong></span> <span class='ocrx_word' id='word_1_265' title='bbox 2584 679 2628 733; x_wconf 78' lang='lat' dir='ltr'><strong>si</strong></span> <span class='ocrx_word' id='word_1_266' title='bbox 2670 692 2824 733; x_wconf 86' lang='lat' dir='ltr'><strong>meus</strong></span> <span class='ocrx_word' id='word_1_267' title='bbox 2874 678 3110 748; x_wconf 87' lang='lat' dir='ltr'><strong>primum</strong></span> <span class='ocrx_word' id='word_1_268' title='bbox 3166 679 3437 744; x_wconf 86' lang='lat' dir='ltr'><strong>turbetur,</strong></span> <span class='ocrx_word' id='word_1_269' title='bbox 3466 689 3523 735; x_wconf 88' lang='lat' dir='ltr'><strong>et</strong></span> 
     </span>
    </p>
   </div>
   <div class='ocr_carea' id='block_1_35' title="bbox 1926 767 3520 837">
    <p class='ocr_par' dir='ltr' id='par_1_35' title="bbox 1926 767 3520 837">
     <span class='ocr_line' id='line_1_35' title="bbox 1926 767 3520 837; baseline -0.001 -13"><span class='ocrx_word' id='word_1_270' title='bbox 1926 769 2116 824; x_wconf 78' lang='lat' dir='ltr'><strong>statim</strong></span> <span class='ocrx_word' id='word_1_271' title='bbox 2175 767 2339 824; x_wconf 95' lang='lat' dir='ltr'><strong>timor</strong></span> <span class='ocrx_word' id='word_1_272' title='bbox 2391 768 2658 834; x_wconf 78' lang='lat' dir='ltr'><strong>solvatur,</strong></span> <span class='ocrx_word' id='word_1_273' title='bbox 2692 777 2748 822; x_wconf 81' lang='lat' dir='ltr'><strong>et</strong></span> <span class='ocrx_word' id='word_1_274' title='bbox 2800 767 2998 822; x_wconf 83' lang='lat' dir='ltr'><strong>iterum</strong></span> <span class='ocrx_word' id='word_1_275' title='bbox 3026 767 3299 837; x_wconf 77' lang='lat' dir='ltr'><strong>quiescat,</strong></span> <span class='ocrx_word' id='word_1_276' title='bbox 3333 783 3520 823; x_wconf 81' lang='lat' dir='ltr'><strong>revera</strong></span> 
     </span>
    </p>
   </div>
   <div class='ocr_carea' id='block_1_36' title="bbox 1927 859 3511 932">
    <p class='ocr_par' dir='ltr' id='par_1_36' title="bbox 1927 859 3511 932">
     <span class='ocr_line' id='line_1_36' title="bbox 1927 859 3511 932; baseline 0.001 -16"><span class='ocrx_word' id='word_1_277' title='bbox 1927 860 2219 916; x_wconf 71' lang='lat' dir='ltr'><strong>divina’est</strong></span> <span class='ocrx_word' id='word_1_278' title='bbox 2268 861 2428 915; x_wconf 81' lang='lat' dir='ltr'><strong>visio.</strong></span> <span class='ocrx_word' id='word_1_279' title='bbox 2465 859 2520 914; x_wconf 92' lang='lat' dir='ltr'><strong>Si</strong></span> <span class='ocrx_word' id='word_1_280' title='bbox 2552 871 2732 916; x_wconf 89' lang='lat' dir='ltr'><strong>autem</strong></span> <span class='ocrx_word' id='word_1_281' title='bbox 2763 860 2926 915; x_wconf 86' lang='lat' dir='ltr'><strong>timor</strong></span> <span class='ocrx_word' id='word_1_282' title='bbox 2954 875 3017 915; x_wconf 87' lang='lat' dir='ltr'><strong>ac</strong></span> <span class='ocrx_word' id='word_1_283' title='bbox 3053 860 3292 915; x_wconf 86' lang='lat' dir='ltr'><strong>turbatio</strong></span> <span class='ocrx_word' id='word_1_284' title='bbox 3335 861 3511 932; x_wconf 71' lang='lat' dir='ltr'><strong>magis</strong></span> 
     </span>
    </p>
   </div>
   <div class='ocr_carea' id='block_1_37' title="bbox 1924 950 3522 1019">
    <p class='ocr_par' dir='ltr' id='par_1_37' title="bbox 1924 950 3522 1019">
     <span class='ocr_line' id='line_1_37' title="bbox 1924 950 3522 1019; baseline 0.003 -15"><span class='ocrx_word' id='word_1_285' title='bbox 1924 961 2088 1019; x_wconf 88' lang='lat' dir='ltr'><strong>atque</strong></span> <span class='ocrx_word' id='word_1_286' title='bbox 2124 952 2297 1019; x_wconf 81' lang='lat' dir='ltr'><strong>magis</strong></span> <span class='ocrx_word' id='word_1_287' title='bbox 2342 960 2618 1014; x_wconf 82' lang='lat' dir='ltr'><strong>crescant,</strong></span> <span class='ocrx_word' id='word_1_288' title='bbox 2659 950 2996 1005; x_wconf 70' lang='lat' dir='ltr'><strong>daemoniaca</strong></span> <span class='ocrx_word' id='word_1_289' title='bbox 3025 960 3108 1005; x_wconf 88' lang='lat' dir='ltr'><strong>est</strong></span> <span class='ocrx_word' id='word_1_290' title='bbox 3143 951 3303 1007; x_wconf 85' lang='lat' dir='ltr'><strong>visio.</strong></span> <span class='ocrx_word' id='word_1_291' title='bbox 3336 951 3522 1018; x_wconf 86' lang='lat' dir='ltr'><strong>Quare</strong></span> 
     </span>
    </p>
   </div>
   <div class='ocr_carea' id='block_1_38' title="bbox 1923 1040 3520 1112">
    <p class='ocr_par' dir='ltr' id='par_1_38' title="bbox 1923 1040 3520 1112">
     <span class='ocr_line' id='line_1_38' title="bbox 1923 1040 3520 1112; baseline 0.001 -15"><span class='ocrx_word' id='word_1_292' title='bbox 1923 1042 2150 1112; x_wconf 71' lang='lat' dir='ltr'><strong>angelus</strong></span> <span class='ocrx_word' id='word_1_293' title='bbox 2203 1042 2366 1096; x_wconf 85' lang='lat' dir='ltr'><strong>dicit:</strong></span> <span class='ocrx_word' id='word_1_294' title='bbox 2407 1061 2423 1093; x_wconf 83' lang='grc' dir='ltr'><strong>ι</strong></span> <span class='ocrx_word' id='word_1_295' title='bbox 2480 1040 2748 1096; x_wconf 81' lang='lat' dir='ltr'><strong>Exaudita</strong></span> <span class='ocrx_word' id='word_1_296' title='bbox 2806 1051 2893 1096; x_wconf 86' lang='lat' dir='ltr'><strong>est</strong></span> <span class='ocrx_word' id='word_1_297' title='bbox 2950 1041 3268 1110; x_wconf 87' lang='lat' dir='ltr'><strong>deprecatio</strong></span> <span class='ocrx_word' id='word_1_298' title='bbox 3320 1049 3431 1107; x_wconf 83' lang='lat' dir='ltr'><strong>tua,</strong></span> <span class='ocrx_word' id='word_1_299' title='bbox 3461 1053 3520 1098; x_wconf 92' lang='lat' dir='ltr'><strong>et</strong></span> 
     </span>
    </p>
   </div>
   <div class='ocr_carea' id='block_1_39' title="bbox 1924 1130 3524 1201">
    <p class='ocr_par' dir='ltr' id='par_1_39' title="bbox 1924 1130 3524 1201">
     <span class='ocr_line' id='line_1_39' title="bbox 1924 1130 3524 1201; baseline 0.001 -13"><span class='ocrx_word' id='word_1_300' title='bbox 1924 1147 2064 1188; x_wconf 80' lang='lat' dir='ltr'><strong>uxor</strong></span> <span class='ocrx_word' id='word_1_301' title='bbox 2114 1141 2203 1185; x_wconf 75' lang='lat' dir='ltr'><strong>tua</strong></span> <span class='ocrx_word' id='word_1_302' title='bbox 2244 1130 2522 1186; x_wconf 62' lang='lat' dir='ltr'><strong>Elisnbetli</strong></span> <span class='ocrx_word' id='word_1_303' title='bbox 2580 1133 2756 1201; x_wconf 88' lang='lat' dir='ltr'><strong>pariet</strong></span> <span class='ocrx_word' id='word_1_304' title='bbox 2801 1132 2896 1186; x_wconf 85' lang='lat' dir='ltr'><strong>tibi</strong></span> <span class='ocrx_word' id='word_1_305' title='bbox 2938 1133 3002 1186; x_wconf 72' lang='grc'><strong>»⁸3</strong></span> <span class='ocrx_word' id='word_1_306' title='bbox 3042 1131 3177 1186; x_wconf 80' lang='lat' dir='ltr'><strong>Nam</strong></span> <span class='ocrx_word' id='word_1_307' title='bbox 3223 1132 3524 1190; x_wconf 79' lang='lat' dir='ltr'><strong>Zacharias</strong></span> 
     </span>
    </p>
   </div>
   <div class='ocr_carea' id='block_1_40' title="bbox 1921 1224 3517 1294">
    <p class='ocr_par' dir='ltr' id='par_1_40' title="bbox 1921 1224 3517 1294">
     <span class='ocr_line' id='line_1_40' title="bbox 1921 1224 3517 1294; baseline 0.001 -16"><span class='ocrx_word' id='word_1_308' title='bbox 1921 1239 2026 1278; x_wconf 89' lang='lat' dir='ltr'><strong>non</strong></span> <span class='ocrx_word' id='word_1_309' title='bbox 2057 1239 2153 1294; x_wconf 92' lang='lat' dir='ltr'><strong>pro</strong></span> <span class='ocrx_word' id='word_1_310' title='bbox 2192 1224 2307 1279; x_wconf 82' lang='lat' dir='ltr'><strong>tilio</strong></span> <span class='ocrx_word' id='word_1_311' title='bbox 2350 1232 2607 1293; x_wconf 77' lang='lat' dir='ltr'><strong>precatus</strong></span> <span class='ocrx_word' id='word_1_312' title='bbox 2635 1233 2740 1291; x_wconf 87' lang='lat' dir='ltr'><strong>est,</strong></span> <span class='ocrx_word' id='word_1_313' title='bbox 2769 1225 2862 1279; x_wconf 86' lang='lat' dir='ltr'><strong>sed</strong></span> <span class='ocrx_word' id='word_1_314' title='bbox 2899 1239 2999 1292; x_wconf 88' lang='lat' dir='ltr'><strong>pro</strong></span> <span class='ocrx_word' id='word_1_315' title='bbox 3037 1225 3280 1293; x_wconf 81' lang='lat' dir='ltr'><strong>peccatis</strong></span> <span class='ocrx_word' id='word_1_316' title='bbox 3313 1225 3517 1294; x_wconf 80' lang='lat' dir='ltr'><strong>papuli.</strong></span> 
     </span>
    </p>
   </div>
   <div class='ocr_carea' id='block_1_41' title="bbox 1918 1315 3516 1397">
    <p class='ocr_par' dir='ltr' id='par_1_41' title="bbox 1918 1315 3516 1397">
     <span class='ocr_line' id='line_1_41' title="bbox 1918 1315 3516 1397; baseline 0.003 -27"><span class='ocrx_word' id='word_1_317' title='bbox 1918 1315 2120 1372; x_wconf 86' lang='lat' dir='ltr'><strong>Dicunt</strong></span> <span class='ocrx_word' id='word_1_318' title='bbox 2161 1317 2327 1388; x_wconf 77' lang='lat' dir='ltr'><strong>igitur</strong></span> <span class='ocrx_word' id='word_1_319' title='bbox 2367 1317 2588 1386; x_wconf 81' lang='lat' dir='ltr'><strong>quidam</strong></span> <span class='ocrx_word' id='word_1_320' title='bbox 2635 1317 2780 1387; x_wconf 85' lang='lat' dir='ltr'><strong>quod</strong></span> <span class='ocrx_word' id='word_1_321' title='bbox 2819 1319 3083 1397; x_wconf 89' lang='lat' dir='ltr'><strong>quoniam</strong></span> <span class='ocrx_word' id='word_1_322' title='bbox 3118 1333 3219 1387; x_wconf 88' lang='lat' dir='ltr'><strong>pro</strong></span> <span class='ocrx_word' id='word_1_323' title='bbox 3269 1319 3516 1386; x_wconf 87' lang='lat' dir='ltr'><strong>peccatis</strong></span> 
     </span>
    </p>
   </div>
   <div class='ocr_carea' id='block_1_42' title="bbox 1917 1410 3516 1484">
    <p class='ocr_par' dir='ltr' id='par_1_42' title="bbox 1917 1410 3516 1484">
     <span class='ocr_line' id='line_1_42' title="bbox 1917 1410 3516 1484; baseline 0 -18"><span class='ocrx_word' id='word_1_324' title='bbox 1917 1411 2098 1484; x_wconf 80' lang='lat' dir='ltr'><strong>populi</strong></span> <span class='ocrx_word' id='word_1_325' title='bbox 2122 1413 2337 1475; x_wconf 85' lang='lat' dir='ltr'><strong>orabat,</strong></span> <span class='ocrx_word' id='word_1_326' title='bbox 2365 1410 2610 1466; x_wconf 78' lang='lat' dir='ltr'><strong>futurum</strong></span> <span class='ocrx_word' id='word_1_327' title='bbox 2646 1421 2826 1466; x_wconf 82' lang='lat' dir='ltr'><strong>autem</strong></span> <span class='ocrx_word' id='word_1_328' title='bbox 2856 1411 3002 1479; x_wconf 88' lang='lat' dir='ltr'><strong>quod</strong></span> <span class='ocrx_word' id='word_1_329' title='bbox 3028 1419 3318 1480; x_wconf 75' lang='lat' dir='ltr'><strong>generaret</strong></span> <span class='ocrx_word' id='word_1_330' title='bbox 3343 1411 3516 1466; x_wconf 83' lang='lat' dir='ltr'><strong>ﬁlium</strong></span> 
     </span>
    </p>
   </div>
   <div class='ocr_carea' id='block_1_43' title="bbox 1915 1497 3517 1574">
    <p class='ocr_par' dir='ltr' id='par_1_43' title="bbox 1915 1497 3517 1574">
     <span class='ocr_line' id='line_1_43' title="bbox 1915 1497 3517 1574; baseline 0 -15"><span class='ocrx_word' id='word_1_331' title='bbox 1915 1505 2007 1574; x_wconf 86' lang='lat' dir='ltr'><strong>qui</strong></span> <span class='ocrx_word' id='word_1_332' title='bbox 2040 1504 2318 1564; x_wconf 85' lang='lat' dir='ltr'><strong>clamaret,</strong></span> <span class='ocrx_word' id='word_1_333' title='bbox 2359 1497 2500 1558; x_wconf 86' lang='lat' dir='ltr'><strong>Ecce</strong></span> <span class='ocrx_word' id='word_1_334' title='bbox 2541 1518 2716 1572; x_wconf 75' lang='lat' dir='ltr'><strong>agnus</strong></span> <span class='ocrx_word' id='word_1_335' title='bbox 2763 1503 2878 1566; x_wconf 86' lang='lat' dir='ltr'><strong>Dei,</strong></span> <span class='ocrx_word' id='word_1_336' title='bbox 2917 1502 3011 1572; x_wconf 89' lang='lat' dir='ltr'><strong>qni</strong></span> <span class='ocrx_word' id='word_1_337' title='bbox 3047 1503 3188 1558; x_wconf 92' lang='lat' dir='ltr'><strong>tollit</strong></span> <span class='ocrx_word' id='word_1_338' title='bbox 3227 1513 3517 1571; x_wconf 87' lang='lat' dir='ltr'><strong>peccatum</strong></span> 
     </span>
    </p>
   </div>
   <div class='ocr_carea' id='block_1_44' title="bbox 1915 1594 3513 1663">
    <p class='ocr_par' dir='ltr' id='par_1_44' title="bbox 1915 1594 3513 1663">
     <span class='ocr_line' id='line_1_44' title="bbox 1915 1594 3513 1663; baseline -0.002 -13"><span class='ocrx_word' id='word_1_339' title='bbox 1915 1596 2134 1650; x_wconf 88' lang='lat' dir='ltr'><strong>mundi:</strong></span> <span class='ocrx_word' id='word_1_340' title='bbox 2193 1596 2387 1650; x_wconf 90' lang='lat' dir='ltr'><strong>merito</strong></span> <span class='ocrx_word' id='word_1_341' title='bbox 2422 1594 2552 1650; x_wconf 88' lang='lat' dir='ltr'><strong>dicit</strong></span> <span class='ocrx_word' id='word_1_342' title='bbox 2590 1595 2659 1650; x_wconf 83' lang='lat' dir='ltr'><strong>ad</strong></span> <span class='ocrx_word' id='word_1_343' title='bbox 2700 1594 2852 1648; x_wconf 92' lang='lat' dir='ltr'><strong>illum</strong></span> <span class='ocrx_word' id='word_1_344' title='bbox 2925 1599 3184 1663; x_wconf 78' lang='lat' dir='ltr'><strong>angelus:</strong></span> <span class='ocrx_word' id='word_1_345' title='bbox 3240 1594 3513 1660; x_wconf 86' lang='lat' dir='ltr'><strong>Quoniam</strong></span> 
     </span>
    </p>
   </div>
   <div class='ocr_carea' id='block_1_45' title="bbox 1913 1688 3515 1760">
    <p class='ocr_par' dir='ltr' id='par_1_45' title="bbox 1913 1688 3515 1760">
     <span class='ocr_line' id='line_1_45' title="bbox 1913 1688 3515 1760; baseline -0.001 -16"><span class='ocrx_word' id='word_1_346' title='bbox 1913 1689 2168 1744; x_wconf 78' lang='lat' dir='ltr'><strong>exaudita</strong></span> <span class='ocrx_word' id='word_1_347' title='bbox 2200 1700 2286 1744; x_wconf 89' lang='lat' dir='ltr'><strong>est</strong></span> <span class='ocrx_word' id='word_1_348' title='bbox 2313 1689 2630 1759; x_wconf 76' lang='lat' dir='ltr'><strong>deprecatio</strong></span> <span class='ocrx_word' id='word_1_349' title='bbox 2653 1697 2742 1743; x_wconf 89' lang='lat' dir='ltr'><strong>tua</strong></span> <span class='ocrx_word' id='word_1_350' title='bbox 2773 1698 2870 1760; x_wconf 82' lang='lat' dir='ltr'><strong>pro</strong></span> <span class='ocrx_word' id='word_1_351' title='bbox 2897 1688 3515 1758; x_wconf 25' lang='lat' dir='ltr'><strong>remissionerpeccato-</strong></span> 
     </span>
    </p>
   </div>
   <div class='ocr_carea' id='block_1_46' title="bbox 1914 1779 3511 1852">
    <p class='ocr_par' dir='ltr' id='par_1_46' title="bbox 1914 1779 3511 1852">
     <span class='ocr_line' id='line_1_46' title="bbox 1914 1779 3511 1852; baseline 0 -18"><span class='ocrx_word' id='word_1_352' title='bbox 1914 1797 2034 1836; x_wconf 90' lang='lat' dir='ltr'><strong>rum</strong></span> <span class='ocrx_word' id='word_1_353' title='bbox 2067 1782 2276 1852; x_wconf 88' lang='lat' dir='ltr'><strong>populi.</strong></span> <span class='ocrx_word' id='word_1_354' title='bbox 2309 1780 2506 1835; x_wconf 91' lang='lat' dir='ltr'><strong>Filium</strong></span> <span class='ocrx_word' id='word_1_355' title='bbox 2556 1780 2704 1835; x_wconf 88' lang='lat' dir='ltr'><strong>enim</strong></span> <span class='ocrx_word' id='word_1_356' title='bbox 2733 1779 3043 1849; x_wconf 79' lang='lat' dir='ltr'><strong>generabis,</strong></span> <span class='ocrx_word' id='word_1_357' title='bbox 3078 1794 3178 1849; x_wconf 89' lang='lat' dir='ltr'><strong>per</strong></span> <span class='ocrx_word' id='word_1_358' title='bbox 3220 1795 3378 1848; x_wconf 87' lang='lat' dir='ltr'><strong>quem</strong></span> <span class='ocrx_word' id='word_1_359' title='bbox 3423 1795 3511 1834; x_wconf 86' lang='lat' dir='ltr'><strong>re-</strong></span> 
     </span>
    </p>
   </div>
   <div class='ocr_carea' id='block_1_47' title="bbox 1912 1870 3507 1942">
    <p class='ocr_par' dir='ltr' id='par_1_47' title="bbox 1912 1870 3507 1942">
     <span class='ocr_line' id='line_1_47' title="bbox 1912 1870 3507 1942; baseline -0.002 -14"><span class='ocrx_word' id='word_1_360' title='bbox 1912 1875 2101 1928; x_wconf 88' lang='lat' dir='ltr'><strong>missio</strong></span> <span class='ocrx_word' id='word_1_361' title='bbox 2123 1873 2232 1928; x_wconf 89' lang='lat' dir='ltr'><strong>erit</strong></span> <span class='ocrx_word' id='word_1_362' title='bbox 2262 1881 2639 1942; x_wconf 88' lang='lat' dir='ltr'><strong>peccatorum.</strong></span> <span class='ocrx_word' id='word_1_363' title='bbox 2669 1871 2772 1925; x_wconf 86' lang='lat' dir='ltr'><strong>Alii</strong></span> <span class='ocrx_word' id='word_1_364' title='bbox 2819 1881 3003 1925; x_wconf 87' lang='lat' dir='ltr'><strong>autem</strong></span> <span class='ocrx_word' id='word_1_365' title='bbox 3041 1871 3121 1926; x_wconf 86' lang='lat' dir='ltr'><strong>sic</strong></span> <span class='ocrx_word' id='word_1_366' title='bbox 3148 1870 3464 1938; x_wconf 82' lang='lat' dir='ltr'><strong>intelligunt</strong></span> <span class='ocrx_word' id='word_1_367' title='bbox 3491 1889 3507 1925; x_wconf 86' lang='lat'><strong>:</strong></span> 
     </span>
    </p>
   </div>
   <div class='ocr_carea' id='block_1_48' title="bbox 1910 1963 3514 2034">
    <p class='ocr_par' dir='ltr' id='par_1_48' title="bbox 1910 1963 3514 2034">
     <span class='ocr_line' id='line_1_48' title="bbox 1910 1963 3514 2034; baseline -0.001 -14"><span class='ocrx_word' id='word_1_368' title='bbox 1910 1964 2178 2033; x_wconf 83' lang='lat' dir='ltr'><strong>Quoniam</strong></span> <span class='ocrx_word' id='word_1_369' title='bbox 2217 1965 2472 2020; x_wconf 82' lang='lat' dir='ltr'><strong>exaudita</strong></span> <span class='ocrx_word' id='word_1_370' title='bbox 2507 1975 2590 2020; x_wconf 88' lang='lat' dir='ltr'><strong>est</strong></span> <span class='ocrx_word' id='word_1_371' title='bbox 2622 1964 2936 2034; x_wconf 82' lang='lat' dir='ltr'><strong>deprecatio</strong></span> <span class='ocrx_word' id='word_1_372' title='bbox 2972 1974 3088 2030; x_wconf 88' lang='lat' dir='ltr'><strong>tua,</strong></span> <span class='ocrx_word' id='word_1_373' title='bbox 3128 1963 3417 2029; x_wconf 85' lang='lat' dir='ltr'><strong>Zacharia,</strong></span> <span class='ocrx_word' id='word_1_374' title='bbox 3457 1975 3514 2018; x_wconf 87' lang='lat' dir='ltr'><strong>et</strong></span> 
     </span>
    </p>
   </div>
   <div class='ocr_carea' id='block_1_49' title="bbox 1909 2056 3507 2128">
    <p class='ocr_par' dir='ltr' id='par_1_49' title="bbox 1909 2056 3507 2128">
     <span class='ocr_line' id='line_1_49' title="bbox 1909 2056 3507 2128; baseline -0.002 -16"><span class='ocrx_word' id='word_1_375' title='bbox 1909 2059 2122 2113; x_wconf 87' lang='lat' dir='ltr'><strong>remisit</strong></span> <span class='ocrx_word' id='word_1_376' title='bbox 2169 2057 2312 2112; x_wconf 85' lang='lat' dir='ltr'><strong>Deus</strong></span> <span class='ocrx_word' id='word_1_377' title='bbox 2381 2067 2605 2128; x_wconf 81' lang='lat' dir='ltr'><strong>peccata</strong></span> <span class='ocrx_word' id='word_1_378' title='bbox 2665 2057 2885 2125; x_wconf 89' lang='lat' dir='ltr'><strong>populo.</strong></span> <span class='ocrx_word' id='word_1_379' title='bbox 2948 2056 3150 2109; x_wconf 84' lang='lat' dir='ltr'><strong>Deinde</strong></span> <span class='ocrx_word' id='word_1_380' title='bbox 3200 2057 3356 2125; x_wconf 79' lang='lat' dir='ltr'><strong>quasi</strong></span> <span class='ocrx_word' id='word_1_381' title='bbox 3417 2056 3507 2110; x_wconf 89' lang='lat' dir='ltr'><strong>ille</strong></span> 
     </span>
    </p>
   </div>
   <div class='ocr_carea' id='block_1_50' title="bbox 1909 2147 3512 2222">
    <p class='ocr_par' dir='ltr' id='par_1_50' title="bbox 1909 2147 3512 2222">
     <span class='ocr_line' id='line_1_50' title="bbox 1909 2147 3512 2222; baseline -0.003 -16"><span class='ocrx_word' id='word_1_382' title='bbox 1909 2151 2136 2206; x_wconf 80' lang='lat' dir='ltr'><strong>dixisset</strong></span> <span class='ocrx_word' id='word_1_383' title='bbox 2170 2151 2402 2222; x_wconf 72' lang='lat' dir='ltr'><strong>angelo:</strong></span> <span class='ocrx_word' id='word_1_384' title='bbox 2450 2150 2603 2205; x_wconf 85' lang='lat' dir='ltr'><strong>Unde</strong></span> <span class='ocrx_word' id='word_1_385' title='bbox 2647 2151 2750 2204; x_wconf 84' lang='lat' dir='ltr'><strong>hoc</strong></span> <span class='ocrx_word' id='word_1_386' title='bbox 2793 2147 3184 2203; x_wconf 81' lang='lat' dir='ltr'><strong>manifestum?</strong></span> <span class='ocrx_word' id='word_1_387' title='bbox 3229 2148 3363 2203; x_wconf 83' lang='lat' dir='ltr'><strong>dicit</strong></span> <span class='ocrx_word' id='word_1_388' title='bbox 3412 2163 3512 2201; x_wconf 82' lang='lat' dir='ltr'><strong>an-</strong></span> 
     </span>
    </p>
   </div>
   <div class='ocr_carea' id='block_1_51' title="bbox 1909 2241 3507 2315">
    <p class='ocr_par' dir='ltr' id='par_1_51' title="bbox 1909 2241 3507 2315">
     <span class='ocr_line' id='line_1_51' title="bbox 1909 2241 3507 2315; baseline -0.002 -16"><span class='ocrx_word' id='word_1_389' title='bbox 1909 2245 2095 2312; x_wconf 69' lang='lat' dir='ltr'><strong>gelus:</strong></span> <span class='ocrx_word' id='word_1_390' title='bbox 2131 2247 2246 2300; x_wconf 82' lang='lat' dir='ltr'><strong>Hoc</strong></span> <span class='ocrx_word' id='word_1_391' title='bbox 2281 2245 2378 2299; x_wconf 84' lang='lat' dir='ltr'><strong>tibi</strong></span> <span class='ocrx_word' id='word_1_392' title='bbox 2418 2245 2634 2315; x_wconf 76' lang='lat' dir='ltr'><strong>signum</strong></span> <span class='ocrx_word' id='word_1_393' title='bbox 2667 2245 2756 2306; x_wconf 93' lang='lat' dir='ltr'><strong>do,</strong></span> <span class='ocrx_word' id='word_1_394' title='bbox 2792 2243 2936 2312; x_wconf 90' lang='lat' dir='ltr'><strong>quod</strong></span> <span class='ocrx_word' id='word_1_395' title='bbox 2985 2241 3163 2310; x_wconf 86' lang='lat' dir='ltr'><strong>pariet</strong></span> <span class='ocrx_word' id='word_1_396' title='bbox 3200 2242 3293 2297; x_wconf 88' lang='lat' dir='ltr'><strong>tibi</strong></span> <span class='ocrx_word' id='word_1_397' title='bbox 3334 2242 3507 2296; x_wconf 89' lang='lat' dir='ltr'><strong>lilium</strong></span> 
     </span>
    </p>
   </div>
   <div class='ocr_carea' id='block_1_52' title="bbox 1907 2336 3510 2406">
    <p class='ocr_par' dir='ltr' id='par_1_52' title="bbox 1907 2336 3510 2406">
     <span class='ocr_line' id='line_1_52' title="bbox 1907 2336 3510 2406; baseline 0 -16"><span class='ocrx_word' id='word_1_398' title='bbox 1907 2337 2210 2400; x_wconf 85' lang='lat' dir='ltr'><strong>Elisabeth.</strong></span> <span class='ocrx_word' id='word_1_399' title='bbox 2244 2346 2298 2391; x_wconf 89' lang='lat' dir='ltr'><strong>et</strong></span> <span class='ocrx_word' id='word_1_400' title='bbox 2339 2338 2415 2390; x_wconf 86' lang='lat' dir='ltr'><strong>ita</strong></span> <span class='ocrx_word' id='word_1_401' title='bbox 2467 2353 2562 2406; x_wconf 89' lang='lat' dir='ltr'><strong>per</strong></span> <span class='ocrx_word' id='word_1_402' title='bbox 2608 2338 2963 2405; x_wconf 86' lang='lat' dir='ltr'><strong>puerperium</strong></span> <span class='ocrx_word' id='word_1_403' title='bbox 3009 2336 3289 2392; x_wconf 82' lang='lat' dir='ltr'><strong>Elisabetlt</strong></span> <span class='ocrx_word' id='word_1_404' title='bbox 3325 2336 3510 2393; x_wconf 87' lang='lat' dir='ltr'><strong>credi-</strong></span> 
     </span>
    </p>
   </div>
   <div class='ocr_carea' id='block_1_53' title="bbox 1908 2431 3162 2502">
    <p class='ocr_par' dir='ltr' id='par_1_53' title="bbox 1908 2431 3162 2502">
     <span class='ocr_line' id='line_1_53' title="bbox 1908 2431 3162 2502; baseline -0.002 -16"><span class='ocrx_word' id='word_1_405' title='bbox 1908 2431 2014 2486; x_wconf 83' lang='lat' dir='ltr'><strong>bile</strong></span> <span class='ocrx_word' id='word_1_406' title='bbox 2047 2431 2142 2486; x_wconf 83' lang='lat' dir='ltr'><strong>tibi</strong></span> <span class='ocrx_word' id='word_1_407' title='bbox 2171 2431 2244 2487; x_wconf 90' lang='lat' dir='ltr'><strong>sit</strong></span> <span class='ocrx_word' id='word_1_408' title='bbox 2277 2431 2506 2486; x_wconf 88' lang='lat' dir='ltr'><strong>remissa</strong></span> <span class='ocrx_word' id='word_1_409' title='bbox 2540 2445 2661 2487; x_wconf 84' lang='lat' dir='ltr'><strong>esse</strong></span> <span class='ocrx_word' id='word_1_410' title='bbox 2684 2441 2907 2502; x_wconf 87' lang='lat' dir='ltr'><strong>peccata</strong></span> <span class='ocrx_word' id='word_1_411' title='bbox 2945 2431 3162 2501; x_wconf 86' lang='lat' dir='ltr'><strong>populo.</strong></span> 
     </span>
    </p>
   </div>
   <div class='ocr_carea' id='block_1_54' title="bbox 1977 2606 3503 2680">
    <p class='ocr_par' dir='ltr' id='par_1_54' title="bbox 1977 2606 3503 2680">
     <span class='ocr_line' id='line_1_54' title="bbox 1977 2606 3503 2680; baseline 0.002 -20"><span class='ocrx_word' id='word_1_412' title='bbox 1977 2606 2138 2660; x_wconf 74' lang='lat' dir='ltr'><strong>Vens.</strong></span> <span class='ocrx_word' id='word_1_413' title='bbox 2174 2606 2362 2662; x_wconf 73' lang='lat'><strong>15-17.</strong></span> <span class='ocrx_word' id='word_1_414' title='bbox 2404 2625 2421 2660; x_wconf 78' lang='grc' dir='ltr'><strong>ι</strong></span> <span class='ocrx_word' id='word_1_415' title='bbox 2449 2608 2566 2662; x_wconf 84' lang='lat' dir='ltr'><strong>Erit</strong></span> <span class='ocrx_word' id='word_1_416' title='bbox 2596 2608 2738 2662; x_wconf 86' lang='lat' dir='ltr'><strong>enim</strong></span> <span class='ocrx_word' id='word_1_417' title='bbox 2768 2624 2995 2680; x_wconf 75' lang='lat' dir='ltr'><strong>magnus</strong></span> <span class='ocrx_word' id='word_1_418' title='bbox 3019 2623 3206 2663; x_wconf 90' lang='lat' dir='ltr'><strong>coram</strong></span> <span class='ocrx_word' id='word_1_419' title='bbox 3248 2607 3503 2671; x_wconf 86' lang='lat' dir='ltr'><strong>Domino,</strong></span> 
     </span>
    </p>
   </div>
   <div class='ocr_carea' id='block_1_55' title="bbox 1905 2700 3507 2770">
    <p class='ocr_par' dir='ltr' id='par_1_55' title="bbox 1905 2700 3507 2770">
     <span class='ocr_line' id='line_1_55' title="bbox 1905 2700 3507 2770; baseline 0.002 -18"><span class='ocrx_word' id='word_1_420' title='bbox 1905 2714 1970 2752; x_wconf 89' lang='lat' dir='ltr'><strong>ac</strong></span> <span class='ocrx_word' id='word_1_421' title='bbox 1998 2702 2180 2754; x_wconf 87' lang='lat' dir='ltr'><strong>vinum</strong></span> <span class='ocrx_word' id='word_1_422' title='bbox 2215 2709 2270 2755; x_wconf 91' lang='lat' dir='ltr'><strong>ct</strong></span> <span class='ocrx_word' id='word_1_423' title='bbox 2310 2701 2540 2754; x_wconf 79' lang='lat' dir='ltr'><strong>siceram</strong></span> <span class='ocrx_word' id='word_1_424' title='bbox 2595 2715 2700 2753; x_wconf 87' lang='lat' dir='ltr'><strong>non</strong></span> <span class='ocrx_word' id='word_1_425' title='bbox 2744 2701 2929 2754; x_wconf 88' lang='lat' dir='ltr'><strong>bibet:</strong></span> <span class='ocrx_word' id='word_1_426' title='bbox 2963 2710 3017 2754; x_wconf 89' lang='lat' dir='ltr'><strong>et</strong></span> <span class='ocrx_word' id='word_1_427' title='bbox 3065 2700 3273 2770; x_wconf 86' lang='lat' dir='ltr'><strong>Spiritu</strong></span> <span class='ocrx_word' id='word_1_428' title='bbox 3314 2710 3507 2755; x_wconf 86' lang='lat' dir='ltr'><strong>sancto</strong></span> 
     </span>
    </p>
   </div>
   <div class='ocr_carea' id='block_1_56' title="bbox 1907 2790 3506 2861">
    <p class='ocr_par' dir='ltr' id='par_1_56' title="bbox 1907 2790 3506 2861">
     <span class='ocr_line' id='line_1_56' title="bbox 1907 2790 3506 2861; baseline 0.002 -16"><span class='ocrx_word' id='word_1_429' title='bbox 1907 2791 2206 2859; x_wconf 81' lang='lat' dir='ltr'><strong>replebitur</strong></span> <span class='ocrx_word' id='word_1_430' title='bbox 2231 2790 2341 2857; x_wconf 90' lang='lat' dir='ltr'><strong>jam</strong></span> <span class='ocrx_word' id='word_1_431' title='bbox 2369 2792 2492 2846; x_wconf 87' lang='lat' dir='ltr'><strong>inde</strong></span> <span class='ocrx_word' id='word_1_432' title='bbox 2523 2791 2591 2845; x_wconf 85' lang='lat' dir='ltr'><strong>ab</strong></span> <span class='ocrx_word' id='word_1_433' title='bbox 2621 2801 2776 2848; x_wconf 89' lang='lat' dir='ltr'><strong>utero</strong></span> <span class='ocrx_word' id='word_1_434' title='bbox 2811 2793 3002 2848; x_wconf 86' lang='lat' dir='ltr'><strong>matris</strong></span> <span class='ocrx_word' id='word_1_435' title='bbox 3030 2808 3164 2856; x_wconf 74' lang='lat' dir='ltr'><strong>sum,</strong></span> <span class='ocrx_word' id='word_1_436' title='bbox 3197 2793 3506 2861; x_wconf 85' lang='lat' dir='ltr'><strong>multosque</strong></span> 
     </span>
    </p>
   </div>
   <div class='ocr_carea' id='block_1_57' title="bbox 1903 2881 3499 2952">
    <p class='ocr_par' dir='ltr' id='par_1_57' title="bbox 1903 2881 3499 2952">
     <span class='ocr_line' id='line_1_57' title="bbox 1903 2881 3499 2952; baseline 0.001 -17"><span class='ocrx_word' id='word_1_437' title='bbox 1903 2896 1969 2935; x_wconf 83' lang='lat' dir='ltr'><strong>ex</strong></span> <span class='ocrx_word' id='word_1_438' title='bbox 2000 2883 2124 2936; x_wconf 88' lang='lat' dir='ltr'><strong>liliis</strong></span> <span class='ocrx_word' id='word_1_439' title='bbox 2169 2881 2340 2937; x_wconf 88' lang='lat' dir='ltr'><strong>Israel</strong></span> <span class='ocrx_word' id='word_1_440' title='bbox 2386 2892 2669 2938; x_wconf 76' lang='lat' dir='ltr'><strong>convertet</strong></span> <span class='ocrx_word' id='word_1_441' title='bbox 2702 2883 2767 2938; x_wconf 89' lang='lat' dir='ltr'><strong>ad</strong></span> <span class='ocrx_word' id='word_1_442' title='bbox 2795 2882 3082 2938; x_wconf 88' lang='lat' dir='ltr'><strong>Dominum</strong></span> <span class='ocrx_word' id='word_1_443' title='bbox 3135 2884 3300 2939; x_wconf 88' lang='lat' dir='ltr'><strong>Deum</strong></span> <span class='ocrx_word' id='word_1_444' title='bbox 3355 2884 3499 2952; x_wconf 53' lang='lat' dir='ltr'><strong>ipso.</strong></span> 
     </span>
    </p>
   </div>
   <div class='ocr_carea' id='block_1_58' title="bbox 1905 2973 3505 3043">
    <p class='ocr_par' dir='ltr' id='par_1_58' title="bbox 1905 2973 3505 3043">
     <span class='ocr_line' id='line_1_58' title="bbox 1905 2973 3505 3043; baseline 0.003 -19"><span class='ocrx_word' id='word_1_445' title='bbox 1905 2987 2052 3024; x_wconf 89' lang='lat' dir='ltr'><strong>rum:</strong></span> <span class='ocrx_word' id='word_1_446' title='bbox 2087 2981 2142 3026; x_wconf 87' lang='lat' dir='ltr'><strong>et</strong></span> <span class='ocrx_word' id='word_1_447' title='bbox 2183 2973 2300 3041; x_wconf 87' lang='lat' dir='ltr'><strong>ipse</strong></span> <span class='ocrx_word' id='word_1_448' title='bbox 2348 2973 2620 3042; x_wconf 73' lang='lat' dir='ltr'><strong>praecedet</strong></span> <span class='ocrx_word' id='word_1_449' title='bbox 2669 2983 2795 3028; x_wconf 85' lang='lat' dir='ltr'><strong>ante</strong></span> <span class='ocrx_word' id='word_1_450' title='bbox 2845 2974 2992 3027; x_wconf 90' lang='lat' dir='ltr'><strong>illum</strong></span> <span class='ocrx_word' id='word_1_451' title='bbox 3047 2989 3171 3029; x_wconf 91' lang='lat' dir='ltr'><strong>cum</strong></span> <span class='ocrx_word' id='word_1_452' title='bbox 3207 2973 3405 3043; x_wconf 87' lang='lat' dir='ltr'><strong>spiritu</strong></span> <span class='ocrx_word' id='word_1_453' title='bbox 3439 2989 3505 3029; x_wconf 87' lang='lat' dir='ltr'><strong>ac</strong></span> 
     </span>
    </p>
   </div>
   <div class='ocr_carea' id='block_1_59' title="bbox 1901 3063 3500 3136">
    <p class='ocr_par' dir='ltr' id='par_1_59' title="bbox 1901 3063 3500 3136">
     <span class='ocr_line' id='line_1_59' title="bbox 1901 3063 3500 3136; baseline 0.004 -20"><span class='ocrx_word' id='word_1_454' title='bbox 1901 3065 2103 3117; x_wconf 75' lang='lat' dir='ltr'><strong>virtute</strong></span> <span class='ocrx_word' id='word_1_455' title='bbox 2139 3063 2330 3130; x_wconf 64' lang='lat' dir='ltr'><strong>Heliae,</strong></span> <span class='ocrx_word' id='word_1_456' title='bbox 2364 3075 2422 3120; x_wconf 91' lang='lat' dir='ltr'><strong>ut</strong></span> <span class='ocrx_word' id='word_1_457' title='bbox 2449 3075 2739 3120; x_wconf 87' lang='lat' dir='ltr'><strong>convertat</strong></span> <span class='ocrx_word' id='word_1_458' title='bbox 2763 3068 2926 3120; x_wconf 87' lang='lat' dir='ltr'><strong>corda</strong></span> <span class='ocrx_word' id='word_1_459' title='bbox 2959 3077 3177 3136; x_wconf 87' lang='lat' dir='ltr'><strong>patrum</strong></span> <span class='ocrx_word' id='word_1_460' title='bbox 3233 3071 3284 3121; x_wconf 87' lang='lat' dir='ltr'><strong>in</strong></span> <span class='ocrx_word' id='word_1_461' title='bbox 3337 3069 3500 3133; x_wconf 88' lang='lat' dir='ltr'><strong>lilios,</strong></span> 
     </span>
    </p>
   </div>
   <div class='ocr_carea' id='block_1_60' title="bbox 1900 3157 3504 3230">
    <p class='ocr_par' dir='ltr' id='par_1_60' title="bbox 1900 3157 3504 3230">
     <span class='ocr_line' id='line_1_60' title="bbox 1900 3157 3504 3230; baseline 0.003 -20"><span class='ocrx_word' id='word_1_462' title='bbox 1900 3166 1954 3210; x_wconf 89' lang='lat' dir='ltr'><strong>et</strong></span> <span class='ocrx_word' id='word_1_463' title='bbox 1977 3157 2354 3212; x_wconf 88' lang='lat' dir='ltr'><strong>inobcdientes</strong></span> <span class='ocrx_word' id='word_1_464' title='bbox 2382 3160 2447 3213; x_wconf 91' lang='lat' dir='ltr'><strong>ad</strong></span> <span class='ocrx_word' id='word_1_465' title='bbox 2491 3157 3195 3229; x_wconf 56' lang='lat' dir='ltr'><strong>prudentiamdustorum:</strong></span> <span class='ocrx_word' id='word_1_466' title='bbox 3239 3170 3298 3214; x_wconf 90' lang='lat' dir='ltr'><strong>ut</strong></span> <span class='ocrx_word' id='word_1_467' title='bbox 3345 3170 3504 3230; x_wconf 89' lang='lat' dir='ltr'><strong>paret</strong></span> 
     </span>
    </p>
   </div>
   <div class='ocr_carea' id='block_1_61' title="bbox 196 3246 1797 3325">
    <p class='ocr_par' dir='ltr' id='par_1_61' title="bbox 196 3253 1795 3325">
     <span class='ocr_line' id='line_1_61' title="bbox 196 3253 1795 3325; baseline 0.002 -19"><span class='ocrx_word' id='word_1_468' title='bbox 196 3253 494 3323; x_wconf 77' lang='grc' dir='ltr'>ἑτοιμάσαι</span> <span class='ocrx_word' id='word_1_469' title='bbox 549 3254 743 3325; x_wconf 82' lang='grc' dir='ltr'>Κυρίῳ</span> <span class='ocrx_word' id='word_1_470' title='bbox 773 3255 900 3310; x_wconf 81' lang='grc' dir='ltr'>λαὸν</span> <span class='ocrx_word' id='word_1_471' title='bbox 956 3257 1497 3325; x_wconf 87' lang='grc' dir='ltr'>κατεσκευασμένον.</span> <span class='ocrx_word' id='word_1_472' title='bbox 1545 3275 1561 3301; x_wconf 80' lang='grc' dir='ltr'><strong>ι</strong></span> <span class='ocrx_word' id='word_1_473' title='bbox 1604 3258 1795 3323; x_wconf 82' lang='grc' dir='ltr'>Μέγαν</span> 
     </span>
    </p>
   </div>
   <div class='ocr_carea' id='block_1_62' title="bbox 1905 3246 3496 3325">
    <p class='ocr_par' dir='ltr' id='par_1_62' title="bbox 1905 3246 3496 3321">
     <span class='ocr_line' id='line_1_62' title="bbox 1905 3246 3496 3321; baseline 0.004 -21"><span class='ocrx_word' id='word_1_474' title='bbox 1905 3246 2132 3303; x_wconf 90' lang='lat' dir='ltr'><strong>Domino</strong></span> <span class='ocrx_word' id='word_1_475' title='bbox 2166 3249 2382 3316; x_wconf 89' lang='lat' dir='ltr'><strong>plebem</strong></span> <span class='ocrx_word' id='word_1_476' title='bbox 2414 3260 2798 3320; x_wconf 80' lang='lat' dir='ltr'><strong>praeparatam.</strong></span> <span class='ocrx_word' id='word_1_477' title='bbox 2845 3268 2864 3302; x_wconf 73' lang='grc' dir='ltr'><strong>ι</strong></span> <span class='ocrx_word' id='word_1_478' title='bbox 2897 3250 3152 3321; x_wconf 73' lang='lat' dir='ltr'><strong>Magnum</strong></span> <span class='ocrx_word' id='word_1_479' title='bbox 3188 3250 3307 3307; x_wconf 79' lang='lat' dir='ltr'><strong>fore</strong></span> <span class='ocrx_word' id='word_1_480' title='bbox 3332 3250 3496 3307; x_wconf 82' lang='lat' dir='ltr'><strong>Joan-</strong></span> 
     </span>
    </p>
   </div>
   <div class='ocr_carea' id='block_1_63' title="bbox 193 3343 1796 3415">
    <p class='ocr_par' dir='ltr' id='par_1_63' title="bbox 193 3343 1796 3415">
     <span class='ocr_line' id='line_1_63' title="bbox 193 3343 1796 3415; baseline 0.002 -20"><span class='ocrx_word' id='word_1_481' title='bbox 193 3343 423 3398; x_wconf 72' lang='grc' dir='ltr'>ἔσεσθαι</span> <span class='ocrx_word' id='word_1_482' title='bbox 452 3344 547 3397; x_wconf 70' lang='grc' dir='ltr'><strong>τὸν</strong></span> <span class='ocrx_word' id='word_1_483' title='bbox 589 3344 844 3415; x_wconf 81' lang='grc' dir='ltr'>Ἰωάννην</span> <span class='ocrx_word' id='word_1_484' title='bbox 878 3344 1279 3411; x_wconf 72' lang='grc' dir='ltr'>ἐπαγγέλλεται</span> <span class='ocrx_word' id='word_1_485' title='bbox 1333 3347 1362 3396; x_wconf 90' lang='lat'><strong>6</strong></span> <span class='ocrx_word' id='word_1_486' title='bbox 1395 3345 1648 3412; x_wconf 85' lang='grc' dir='ltr'>ἄγγελος,</span> <span class='ocrx_word' id='word_1_487' title='bbox 1679 3347 1796 3398; x_wconf 77' lang='grc' dir='ltr'>ἀλλ’</span> 
     </span>
    </p>
   </div>
   <div class='ocr_carea' id='block_1_64' title="bbox 192 3435 1794 3506">
    <p class='ocr_par' dir='ltr' id='par_1_64' title="bbox 192 3435 1794 3506">
     <span class='ocr_line' id='line_1_64' title="bbox 192 3435 1794 3506; baseline 0.003 -18"><span class='ocrx_word' id='word_1_488' title='bbox 192 3435 433 3488; x_wconf 73' lang='grc' dir='ltr'>ἐνώπιον</span> <span class='ocrx_word' id='word_1_489' title='bbox 463 3435 557 3488; x_wconf 87' lang='grc' dir='ltr'><strong>τοῦ</strong></span> <span class='ocrx_word' id='word_1_490' title='bbox 593 3436 802 3506; x_wconf 83' lang='grc' dir='ltr'>Κυρίου</span> <span class='ocrx_word' id='word_1_491' title='bbox 826 3453 839 3466; x_wconf 89' lang='grc'><strong>·</strong></span> <span class='ocrx_word' id='word_1_492' title='bbox 893 3436 1081 3488; x_wconf 75' lang='grc' dir='ltr'>πολλοὶ</span> <span class='ocrx_word' id='word_1_493' title='bbox 1131 3438 1241 3505; x_wconf 75' lang='grc' dir='ltr'>γὰρ</span> <span class='ocrx_word' id='word_1_494' title='bbox 1274 3439 1501 3505; x_wconf 81' lang='grc' dir='ltr'>μεγάλοι</span> <span class='ocrx_word' id='word_1_495' title='bbox 1543 3437 1794 3505; x_wconf 83' lang='grc' dir='ltr'>λέγονται</span> 
     </span>
    </p>
   </div>
   <div class='ocr_carea' id='block_1_65' title="bbox 191 3525 1794 3597">
    <p class='ocr_par' dir='ltr' id='par_1_65' title="bbox 191 3525 1794 3597">
     <span class='ocr_line' id='line_1_65' title="bbox 191 3525 1794 3597; baseline 0.002 -17"><span class='ocrx_word' id='word_1_496' title='bbox 191 3526 433 3581; x_wconf 78' lang='grc' dir='ltr'>ἐνώπιον</span> <span class='ocrx_word' id='word_1_497' title='bbox 480 3526 590 3580; x_wconf 83' lang='grc' dir='ltr'>τῶν</span> <span class='ocrx_word' id='word_1_498' title='bbox 640 3525 971 3597; x_wconf 81' lang='grc' dir='ltr'>ἀνθρώπων,</span> <span class='ocrx_word' id='word_1_499' title='bbox 1028 3531 1124 3580; x_wconf 83' lang='grc' dir='ltr'>καὶ</span> <span class='ocrx_word' id='word_1_500' title='bbox 1159 3530 1219 3580; x_wconf 83' lang='grc' dir='ltr'>οὑ</span> <span class='ocrx_word' id='word_1_501' title='bbox 1254 3529 1347 3582; x_wconf 85' lang='grc' dir='ltr'><strong>τοῦ</strong></span> <span class='ocrx_word' id='word_1_502' title='bbox 1397 3529 1533 3581; x_wconf 82' lang='grc' dir='ltr'>Θεοῦ</span> <span class='ocrx_word' id='word_1_503' title='bbox 1557 3547 1569 3558; x_wconf 89' lang='grc'><strong>·</strong></span> <span class='ocrx_word' id='word_1_504' title='bbox 1604 3525 1706 3583; x_wconf 71' lang='grc' dir='ltr'>οἷοι</span> <span class='ocrx_word' id='word_1_505' title='bbox 1745 3532 1794 3583; x_wconf 86' lang='grc' dir='ltr'><strong>οί</strong></span> 
     </span>
    </p>
   </div>
   <div class='ocr_carea' id='block_1_66' title="bbox 191 3619 1792 3693">
    <p class='ocr_par' dir='ltr' id='par_1_66' title="bbox 191 3619 1792 3693">
     <span class='ocr_line' id='line_1_66' title="bbox 191 3619 1792 3693; baseline 0.001 -20"><span class='ocrx_word' id='word_1_506' title='bbox 191 3619 523 3690; x_wconf 73' lang='grc' dir='ltr'>ὑποκριταί¹</span> <span class='ocrx_word' id='word_1_507' title='bbox 564 3621 738 3689; x_wconf 80' lang='grc' dir='ltr'>μέγας</span> <span class='ocrx_word' id='word_1_508' title='bbox 768 3619 823 3673; x_wconf 80' lang='grc' dir='ltr'>δὲ</span> <span class='ocrx_word' id='word_1_509' title='bbox 843 3621 871 3672; x_wconf 89' lang='lat'><strong>6</strong></span> <span class='ocrx_word' id='word_1_510' title='bbox 910 3620 1164 3689; x_wconf 75' lang='grc' dir='ltr'>Ἰωάννης</span> <span class='ocrx_word' id='word_1_511' title='bbox 1189 3621 1329 3675; x_wconf 70' lang='grc' dir='ltr'>κατὰ</span> <span class='ocrx_word' id='word_1_512' title='bbox 1350 3621 1531 3691; x_wconf 72' lang='grc' dir='ltr'>ψυχήν</span> <span class='ocrx_word' id='word_1_513' title='bbox 1557 3637 1569 3650; x_wconf 82' lang='lat'><strong><em>°</em></strong></span> <span class='ocrx_word' id='word_1_514' title='bbox 1602 3621 1792 3693; x_wconf 76' lang='grc' dir='ltr'>ὥσπερ</span> 
     </span>
    </p>
   </div>
   <div class='ocr_carea' id='block_1_67' title="bbox 189 3708 1793 3780">
    <p class='ocr_par' dir='ltr' id='par_1_67' title="bbox 189 3708 1793 3780">
     <span class='ocr_line' id='line_1_67' title="bbox 189 3708 1793 3780; baseline 0.002 -18"><span class='ocrx_word' id='word_1_515' title='bbox 189 3711 290 3762; x_wconf 68' lang='grc' dir='ltr'>καὶ</span> <span class='ocrx_word' id='word_1_516' title='bbox 328 3711 524 3779; x_wconf 71' lang='grc' dir='ltr'>μικρὸς</span> <span class='ocrx_word' id='word_1_517' title='bbox 555 3709 698 3761; x_wconf 71' lang='grc' dir='ltr'>κατὰ</span> <span class='ocrx_word' id='word_1_518' title='bbox 727 3708 907 3779; x_wconf 65' lang='grc' dir='ltr'>ψυχὴν</span> <span class='ocrx_word' id='word_1_519' title='bbox 941 3713 1046 3772; x_wconf 75' lang='grc' dir='ltr'><strong>πᾶς</strong></span> <span class='ocrx_word' id='word_1_520' title='bbox 1082 3713 1108 3762; x_wconf 92' lang='lat'><strong>6</strong></span> <span class='ocrx_word' id='word_1_521' title='bbox 1137 3712 1629 3780; x_wconf 78' lang='grc' dir='ltr'>σκανδαλιζόμενος</span> <span class='ocrx_word' id='word_1_522' title='bbox 1653 3731 1665 3744; x_wconf 77' lang='grc' dir='ltr'><strong>ο</strong></span> <span class='ocrx_word' id='word_1_523' title='bbox 1698 3715 1793 3765; x_wconf 76' lang='lat' dir='ltr'><strong>o6-</strong></span> 
     </span>
    </p>
   </div>
   <div class='ocr_carea' id='block_1_68' title="bbox 187 3792 1793 3876">
    <p class='ocr_par' dir='ltr' id='par_1_68' title="bbox 187 3792 1793 3876">
     <span class='ocr_line' id='line_1_68' title="bbox 187 3792 1793 3876; baseline 0.002 -22"><span class='ocrx_word' id='word_1_524' title='bbox 187 3804 302 3866; x_wconf 70' lang='grc' dir='ltr'>δεὶς</span> <span class='ocrx_word' id='word_1_525' title='bbox 329 3802 443 3871; x_wconf 74' lang='grc' dir='ltr'>γὰρ</span> <span class='ocrx_word' id='word_1_526' title='bbox 481 3801 659 3872; x_wconf 80' lang='grc' dir='ltr'>μέγας</span> <span class='ocrx_word' id='word_1_527' title='bbox 693 3792 1132 3870; x_wconf 69' lang='grc' dir='ltr'>σκανδαλίζεται,</span> <span class='ocrx_word' id='word_1_528' title='bbox 1186 3805 1302 3857; x_wconf 83' lang='grc' dir='ltr'>ἀλλ’</span> <span class='ocrx_word' id='word_1_529' title='bbox 1339 3807 1388 3858; x_wconf 87' lang='grc' dir='ltr'>οἱ</span> <span class='ocrx_word' id='word_1_530' title='bbox 1455 3808 1645 3876; x_wconf 77' lang='grc' dir='ltr'>μικροὶ</span> <span class='ocrx_word' id='word_1_531' title='bbox 1696 3809 1793 3860; x_wconf 72' lang='grc' dir='ltr'><strong>καὶ</strong></span> 
     </span>
    </p>
   </div>
   <div class='ocr_carea' id='block_1_69' title="bbox 185 3894 1794 3973">
    <p class='ocr_par' dir='ltr' id='par_1_69' title="bbox 185 3894 1794 3973">
     <span class='ocr_line' id='line_1_69' title="bbox 185 3894 1794 3973; baseline 0.003 -25"><span class='ocrx_word' id='word_1_532' title='bbox 185 3895 531 3964; x_wconf 72' lang='grc' dir='ltr'>ὁλιγόψυχοι.</span> <span class='ocrx_word' id='word_1_533' title='bbox 559 3894 699 3964; x_wconf 71' lang='grc' dir='ltr'>Φησὶ</span> <span class='ocrx_word' id='word_1_534' title='bbox 729 3895 860 3964; x_wconf 84' lang='grc' dir='ltr'>γοῦν</span> <span class='ocrx_word' id='word_1_535' title='bbox 905 3900 932 3950; x_wconf 93' lang='lat'><strong>6</strong></span> <span class='ocrx_word' id='word_1_536' title='bbox 962 3897 1168 3969; x_wconf 81' lang='grc' dir='ltr'>Κύριος</span> <span class='ocrx_word' id='word_1_537' title='bbox 1189 3915 1202 3930; x_wconf 74' lang='grc' dir='ltr'><strong><em>ο</em></strong></span> <span class='ocrx_word' id='word_1_538' title='bbox 1238 3900 1331 3961; x_wconf 84' lang='grc' dir='ltr'><strong>ὐς</strong></span> <span class='ocrx_word' id='word_1_539' title='bbox 1370 3899 1435 3952; x_wconf 85' lang='grc' dir='ltr'>ἂν</span> <span class='ocrx_word' id='word_1_540' title='bbox 1460 3899 1794 3973; x_wconf 83' lang='grc' dir='ltr'>σκανδαλίσῃ</span> 
     </span>
    </p>
   </div>
   <div class='ocr_carea' id='block_1_70' title="bbox 185 3986 1786 4058">
    <p class='ocr_par' dir='ltr' id='par_1_70' title="bbox 185 3986 1786 4058">
     <span class='ocr_line' id='line_1_70' title="bbox 185 3986 1786 4058; baseline 0.002 -20"><span class='ocrx_word' id='word_1_541' title='bbox 185 3989 288 4040; x_wconf 75' lang='grc' dir='ltr'>ἕνα</span> <span class='ocrx_word' id='word_1_542' title='bbox 319 3987 434 4038; x_wconf 86' lang='grc' dir='ltr'><strong>τῶν</strong></span> <span class='ocrx_word' id='word_1_543' title='bbox 483 3986 728 4055; x_wconf 81' lang='grc' dir='ltr'>μικρῶν.</span> <span class='ocrx_word' id='word_1_544' title='bbox 766 3988 984 4058; x_wconf 82' lang='grc' dir='ltr'>Ὥσπερ</span> <span class='ocrx_word' id='word_1_545' title='bbox 1010 3989 1067 4041; x_wconf 84' lang='grc' dir='ltr'>δὲ</span> <span class='ocrx_word' id='word_1_546' title='bbox 1096 3990 1145 4040; x_wconf 86' lang='grc' dir='ltr'>οῐ</span> <span class='ocrx_word' id='word_1_547' title='bbox 1177 3991 1432 4053; x_wconf 82' lang='grc' dir='ltr'>τεκόντες</span> <span class='ocrx_word' id='word_1_548' title='bbox 1468 3992 1559 4043; x_wconf 83' lang='grc' dir='ltr'>τὸν</span> <span class='ocrx_word' id='word_1_549' title='bbox 1603 3991 1786 4045; x_wconf 70' lang='grc' dir='ltr'>Ἰωάνα</span> 
     </span>
    </p>
   </div>
   <div class='ocr_carea' id='block_1_71' title="bbox 181 4073 1791 4148">
    <p class='ocr_par' dir='ltr' id='par_1_71' title="bbox 181 4073 1791 4148">
     <span class='ocr_line' id='line_1_71' title="bbox 181 4073 1791 4148; baseline 0.004 -18"><span class='ocrx_word' id='word_1_550' title='bbox 181 4095 311 4143; x_wconf 67' lang='grc' dir='ltr'>νην,</span> <span class='ocrx_word' id='word_1_551' title='bbox 347 4077 550 4131; x_wconf 80' lang='grc' dir='ltr'>δίκαιοι</span> <span class='ocrx_word' id='word_1_552' title='bbox 580 4073 722 4148; x_wconf 83' lang='grc' dir='ltr'>ἦσαν</span> <span class='ocrx_word' id='word_1_553' title='bbox 743 4077 978 4133; x_wconf 77' lang='grc' dir='ltr'>ἐνώπιον</span> <span class='ocrx_word' id='word_1_554' title='bbox 1006 4079 1099 4133; x_wconf 89' lang='grc' dir='ltr'><strong>τοῦ</strong></span> <span class='ocrx_word' id='word_1_555' title='bbox 1119 4080 1278 4145; x_wconf 83' lang='grc' dir='ltr'>Θεοῦ,</span> <span class='ocrx_word' id='word_1_556' title='bbox 1317 4081 1458 4135; x_wconf 75' lang='grc' dir='ltr'>οὕτω</span> <span class='ocrx_word' id='word_1_557' title='bbox 1489 4083 1576 4136; x_wconf 70' lang='grc' dir='ltr'>καὶ</span> <span class='ocrx_word' id='word_1_558' title='bbox 1604 4085 1631 4136; x_wconf 91' lang='lat'><strong>6</strong></span> <span class='ocrx_word' id='word_1_559' title='bbox 1662 4086 1791 4146; x_wconf 81' lang='grc' dir='ltr'>παῖς</span> 
     </span>
    </p>
   </div>
   <div class='ocr_carea' id='block_1_72' title="bbox 181 4164 1788 4239">
    <p class='ocr_par' dir='ltr' id='par_1_72' title="bbox 181 4164 1788 4239">
     <span class='ocr_line' id='line_1_72' title="bbox 181 4164 1788 4239; baseline 0.001 -19"><span class='ocrx_word' id='word_1_560' title='bbox 181 4167 376 4220; x_wconf 75' lang='grc' dir='ltr'>αὐτῶν</span> <span class='ocrx_word' id='word_1_561' title='bbox 409 4167 583 4235; x_wconf 80' lang='grc' dir='ltr'>μέγας</span> <span class='ocrx_word' id='word_1_562' title='bbox 619 4164 852 4219; x_wconf 79' lang='grc' dir='ltr'>ἐνώπιον</span> <span class='ocrx_word' id='word_1_563' title='bbox 901 4167 994 4220; x_wconf 83' lang='grc' dir='ltr'><strong>τοῦ</strong></span> <span class='ocrx_word' id='word_1_564' title='bbox 1030 4169 1240 4238; x_wconf 81' lang='grc' dir='ltr'>Κυρίου</span> <span class='ocrx_word' id='word_1_565' title='bbox 1264 4185 1277 4198; x_wconf 83' lang='grc'><em>’</em></span> <span class='ocrx_word' id='word_1_566' title='bbox 1313 4169 1509 4239; x_wconf 82' lang='grc' dir='ltr'>σίκερα</span> <span class='ocrx_word' id='word_1_567' title='bbox 1536 4170 1591 4221; x_wconf 82' lang='grc' dir='ltr'>δὲ</span> <span class='ocrx_word' id='word_1_568' title='bbox 1629 4170 1788 4237; x_wconf 85' lang='grc' dir='ltr'>λέγε-</span> 
     </span>
    </p>
   </div>
   <div class='ocr_carea' id='block_1_73' title="bbox 180 4258 1789 4329">
    <p class='ocr_par' dir='ltr' id='par_1_73' title="bbox 180 4258 1789 4329">
     <span class='ocr_line' id='line_1_73' title="bbox 180 4258 1789 4329; baseline 0.002 -19"><span class='ocrx_word' id='word_1_569' title='bbox 180 4275 275 4312; x_wconf 86' lang='grc' dir='ltr'><strong>ται</strong></span> <span class='ocrx_word' id='word_1_570' title='bbox 336 4259 446 4311; x_wconf 85' lang='grc' dir='ltr'><strong>πᾶν</strong></span> <span class='ocrx_word' id='word_1_571' title='bbox 472 4258 532 4310; x_wconf 80' lang='grc' dir='ltr'>τὸ</span> <span class='ocrx_word' id='word_1_572' title='bbox 561 4258 730 4326; x_wconf 76' lang='grc' dir='ltr'>μέθην</span> <span class='ocrx_word' id='word_1_573' title='bbox 762 4259 1014 4325; x_wconf 78' lang='grc' dir='ltr'>ἐμποιεῖν</span> <span class='ocrx_word' id='word_1_574' title='bbox 1043 4260 1370 4329; x_wconf 82' lang='grc' dir='ltr'>δυνάμενον,</span> <span class='ocrx_word' id='word_1_575' title='bbox 1423 4263 1524 4313; x_wconf 77' lang='grc' dir='ltr'><strong>οὑκ</strong></span> <span class='ocrx_word' id='word_1_576' title='bbox 1548 4259 1608 4312; x_wconf 83' lang='lat' dir='ltr'><strong>6v</strong></span> <span class='ocrx_word' id='word_1_577' title='bbox 1646 4261 1700 4314; x_wconf 89' lang='grc' dir='ltr'>δὲ</span> <span class='ocrx_word' id='word_1_578' title='bbox 1730 4262 1789 4328; x_wconf 78' lang='grc' dir='ltr'><strong>ἐξ</strong></span> 
     </span>
    </p>
   </div>
   <div class='ocr_carea' id='block_1_74' title="bbox 179 4347 1784 4426">
    <p class='ocr_par' dir='ltr' id='par_1_74' title="bbox 179 4347 1784 4426">
     <span class='ocr_line' id='line_1_74' title="bbox 179 4347 1784 4426; baseline 0.002 -24"><span class='ocrx_word' id='word_1_579' title='bbox 179 4349 465 4419; x_wconf 79' lang='grc' dir='ltr'>ἀμπέλου.</span> <span class='ocrx_word' id='word_1_580' title='bbox 508 4347 599 4401; x_wconf 82' lang='grc' dir='ltr'><strong>Ἐν</strong></span> <span class='ocrx_word' id='word_1_581' title='bbox 630 4353 696 4421; x_wconf 76' lang='grc' dir='ltr'><strong>τῇ</strong></span> <span class='ocrx_word' id='word_1_582' title='bbox 724 4350 903 4422; x_wconf 78' lang='grc' dir='ltr'>κοιλίᾳ</span> <span class='ocrx_word' id='word_1_583' title='bbox 930 4351 986 4403; x_wconf 78' lang='grc' dir='ltr'>δὲ</span> <span class='ocrx_word' id='word_1_584' title='bbox 1014 4351 1114 4421; x_wconf 85' lang='grc' dir='ltr'>τῆς</span> <span class='ocrx_word' id='word_1_585' title='bbox 1146 4353 1353 4422; x_wconf 85' lang='grc' dir='ltr'>μητρὸς</span> <span class='ocrx_word' id='word_1_586' title='bbox 1377 4350 1452 4404; x_wconf 79' lang='grc' dir='ltr'><strong>ὢν</strong></span> <span class='ocrx_word' id='word_1_587' title='bbox 1484 4351 1584 4419; x_wconf 76' lang='grc' dir='ltr'>ἔτι,</span> <span class='ocrx_word' id='word_1_588' title='bbox 1616 4354 1784 4426; x_wconf 73' lang='grc' dir='ltr'>ἐπλή-</span> 
     </span>
    </p>
   </div>
   <div class='ocr_carea' id='block_1_75' title="bbox 178 4440 1788 4516">
    <p class='ocr_par' dir='ltr' id='par_1_75' title="bbox 178 4440 1788 4516">
     <span class='ocr_line' id='line_1_75' title="bbox 178 4440 1788 4516; baseline 0.002 -21"><span class='ocrx_word' id='word_1_589' title='bbox 178 4442 288 4513; x_wconf 85' lang='grc' dir='ltr'><strong>σθη</strong></span> <span class='ocrx_word' id='word_1_590' title='bbox 323 4441 647 4510; x_wconf 86' lang='grc' dir='ltr'>Πνεύματος</span> <span class='ocrx_word' id='word_1_591' title='bbox 673 4443 833 4510; x_wconf 83' lang='grc' dir='ltr'>ἁγίου</span> <span class='ocrx_word' id='word_1_592' title='bbox 877 4461 890 4475; x_wconf 79' lang='grc' dir='ltr'><strong>ο</strong></span> <span class='ocrx_word' id='word_1_593' title='bbox 920 4443 1007 4496; x_wconf 80' lang='grc' dir='ltr'>ὅτε</span> <span class='ocrx_word' id='word_1_594' title='bbox 1052 4440 1274 4514; x_wconf 82' lang='grc' dir='ltr'>ἦλθενὴ</span> <span class='ocrx_word' id='word_1_595' title='bbox 1307 4445 1509 4516; x_wconf 65' lang='grc' dir='ltr'>Μήτηρ</span> <span class='ocrx_word' id='word_1_596' title='bbox 1541 4444 1637 4498; x_wconf 83' lang='grc' dir='ltr'><strong>τοῦ</strong></span> <span class='ocrx_word' id='word_1_597' title='bbox 1672 4447 1788 4498; x_wconf 86' lang='grc' dir='ltr'>Κυ-</span> 
     </span>
    </p>
   </div>
   <div class='ocr_carea' id='block_1_76' title="bbox 178 4532 1785 4607">
    <p class='ocr_par' dir='ltr' id='par_1_76' title="bbox 178 4532 1785 4607">
     <span class='ocr_line' id='line_1_76' title="bbox 178 4532 1785 4607; baseline 0.004 -24"><span class='ocrx_word' id='word_1_598' title='bbox 178 4533 304 4600; x_wconf 84' lang='grc' dir='ltr'>ρίου</span> <span class='ocrx_word' id='word_1_599' title='bbox 343 4532 486 4602; x_wconf 87' lang='grc' dir='ltr'>πρὸς</span> <span class='ocrx_word' id='word_1_600' title='bbox 511 4532 611 4603; x_wconf 79' lang='grc' dir='ltr'>τὴν</span> <span class='ocrx_word' id='word_1_601' title='bbox 659 4533 967 4596; x_wconf 71' lang='grc' dir='ltr'>Ἐλισάδετ,</span> <span class='ocrx_word' id='word_1_602' title='bbox 1007 4537 1100 4588; x_wconf 74' lang='grc' dir='ltr'>καὶ</span> <span class='ocrx_word' id='word_1_603' title='bbox 1139 4535 1436 4606; x_wconf 79' lang='grc' dir='ltr'>ἐσκίρτησε</span> <span class='ocrx_word' id='word_1_604' title='bbox 1474 4536 1536 4589; x_wconf 89' lang='lat'><strong>16</strong></span> <span class='ocrx_word' id='word_1_605' title='bbox 1582 4536 1785 4607; x_wconf 77' lang='grc' dir='ltr'>βρέφος</span> 
     </span>
    </p>
   </div>
   <div class='ocr_carea' id='block_1_77' title="bbox 1901 3339 3498 3413">
    <p class='ocr_par' dir='ltr' id='par_1_77' title="bbox 1901 3339 3498 3413">
     <span class='ocr_line' id='line_1_77' title="bbox 1901 3339 3498 3413; baseline 0.005 -21"><span class='ocrx_word' id='word_1_606' title='bbox 1901 3354 2024 3393; x_wconf 86' lang='lat' dir='ltr'><strong>nent</strong></span> <span class='ocrx_word' id='word_1_607' title='bbox 2075 3340 2323 3409; x_wconf 71' lang='lat' dir='ltr'><strong>prmdicit</strong></span> <span class='ocrx_word' id='word_1_608' title='bbox 2373 3339 2620 3410; x_wconf 75' lang='lat' dir='ltr'><strong>angelus,</strong></span> <span class='ocrx_word' id='word_1_609' title='bbox 2665 3341 2761 3396; x_wconf 88' lang='lat' dir='ltr'><strong>sed</strong></span> <span class='ocrx_word' id='word_1_610' title='bbox 2793 3355 2974 3396; x_wconf 91' lang='lat' dir='ltr'><strong>coram</strong></span> <span class='ocrx_word' id='word_1_611' title='bbox 3011 3342 3173 3413; x_wconf 68' lang='lat'><strong>273</strong></span> <span class='ocrx_word' id='word_1_612' title='bbox 3220 3343 3498 3400; x_wconf 88' lang='lat' dir='ltr'><strong>Domino:</strong></span> 
     </span>
    </p>
   </div>
   <div class='ocr_carea' id='block_1_78' title="bbox 1902 3430 3504 3502">
    <p class='ocr_par' dir='ltr' id='par_1_78' title="bbox 1902 3430 3504 3502">
     <span class='ocr_line' id='line_1_78' title="bbox 1902 3430 3504 3502; baseline 0.005 -19"><span class='ocrx_word' id='word_1_613' title='bbox 1902 3430 2056 3484; x_wconf 86' lang='lat' dir='ltr'><strong>multi</strong></span> <span class='ocrx_word' id='word_1_614' title='bbox 2100 3431 2246 3484; x_wconf 87' lang='lat' dir='ltr'><strong>enim</strong></span> <span class='ocrx_word' id='word_1_615' title='bbox 2297 3433 2554 3486; x_wconf 90' lang='lat' dir='ltr'><strong>dicuntur</strong></span> <span class='ocrx_word' id='word_1_616' title='bbox 2598 3433 2776 3502; x_wconf 78' lang='lat' dir='ltr'><strong>magni</strong></span> <span class='ocrx_word' id='word_1_617' title='bbox 2831 3448 3016 3488; x_wconf 86' lang='lat' dir='ltr'><strong>coram</strong></span> <span class='ocrx_word' id='word_1_618' title='bbox 3056 3436 3396 3501; x_wconf 88' lang='lat' dir='ltr'><strong>hominibus,</strong></span> <span class='ocrx_word' id='word_1_619' title='bbox 3445 3447 3504 3491; x_wconf 88' lang='lat' dir='ltr'><strong>at</strong></span> 
     </span>
    </p>
   </div>
   <div class='ocr_carea' id='block_1_79' title="bbox 1899 3523 3501 3597">
    <p class='ocr_par' dir='ltr' id='par_1_79' title="bbox 1899 3523 3501 3597">
     <span class='ocr_line' id='line_1_79' title="bbox 1899 3523 3501 3597; baseline 0.006 -23"><span class='ocrx_word' id='word_1_620' title='bbox 1899 3537 2006 3576; x_wconf 92' lang='lat' dir='ltr'><strong>non</strong></span> <span class='ocrx_word' id='word_1_621' title='bbox 2042 3523 2171 3576; x_wconf 90' lang='lat' dir='ltr'><strong>item</strong></span> <span class='ocrx_word' id='word_1_622' title='bbox 2195 3538 2379 3577; x_wconf 88' lang='lat' dir='ltr'><strong>coram</strong></span> <span class='ocrx_word' id='word_1_623' title='bbox 2414 3523 2547 3589; x_wconf 88' lang='lat' dir='ltr'><strong>Deo,</strong></span> <span class='ocrx_word' id='word_1_624' title='bbox 2592 3534 2652 3578; x_wconf 90' lang='lat' dir='ltr'><strong>ut</strong></span> <span class='ocrx_word' id='word_1_625' title='bbox 2689 3525 3011 3594; x_wconf 61' lang='lat' dir='ltr'><strong>hypocrita).</strong></span> <span class='ocrx_word' id='word_1_626' title='bbox 3047 3525 3274 3597; x_wconf 76' lang='lat' dir='ltr'><strong>Magnus</strong></span> <span class='ocrx_word' id='word_1_627' title='bbox 3317 3538 3501 3584; x_wconf 87' lang='lat' dir='ltr'><strong>autem</strong></span> 
     </span>
    </p>
   </div>
   <div class='ocr_carea' id='block_1_80' title="bbox 1897 3613 3502 3687">
    <p class='ocr_par' dir='ltr' id='par_1_80' title="bbox 1897 3613 3502 3687">
     <span class='ocr_line' id='line_1_80' title="bbox 1897 3613 3502 3687; baseline 0.004 -18"><span class='ocrx_word' id='word_1_628' title='bbox 1897 3613 2140 3670; x_wconf 87' lang='lat' dir='ltr'><strong>Joannes</strong></span> <span class='ocrx_word' id='word_1_629' title='bbox 2175 3617 2330 3684; x_wconf 79' lang='lat' dir='ltr'><strong>juxta</strong></span> <span class='ocrx_word' id='word_1_630' title='bbox 2381 3615 2644 3682; x_wconf 86' lang='lat' dir='ltr'><strong>animam,</strong></span> <span class='ocrx_word' id='word_1_631' title='bbox 2675 3617 2818 3671; x_wconf 86' lang='lat' dir='ltr'><strong>sicut</strong></span> <span class='ocrx_word' id='word_1_632' title='bbox 2842 3625 2894 3670; x_wconf 91' lang='lat' dir='ltr'><strong>et</strong></span> <span class='ocrx_word' id='word_1_633' title='bbox 2931 3632 3134 3686; x_wconf 85' lang='lat' dir='ltr'><strong>parvus</strong></span> <span class='ocrx_word' id='word_1_634' title='bbox 3171 3619 3327 3687; x_wconf 76' lang='lat' dir='ltr'><strong>juxta</strong></span> <span class='ocrx_word' id='word_1_635' title='bbox 3377 3619 3502 3675; x_wconf 80' lang='lat' dir='ltr'><strong>ani-</strong></span> 
     </span>
    </p>
   </div>
   <div class='ocr_carea' id='block_1_81' title="bbox 1900 3707 3501 3776">
    <p class='ocr_par' dir='ltr' id='par_1_81' title="bbox 1900 3707 3501 3776">
     <span class='ocr_line' id='line_1_81' title="bbox 1900 3707 3501 3776; baseline 0.005 -17"><span class='ocrx_word' id='word_1_636' title='bbox 1900 3722 2038 3759; x_wconf 89' lang='lat' dir='ltr'><strong>mam</strong></span> <span class='ocrx_word' id='word_1_637' title='bbox 2073 3707 2272 3761; x_wconf 87' lang='lat' dir='ltr'><strong>dicitur</strong></span> <span class='ocrx_word' id='word_1_638' title='bbox 2297 3709 2477 3762; x_wconf 89' lang='lat' dir='ltr'><strong>omnis</strong></span> <span class='ocrx_word' id='word_1_639' title='bbox 2513 3709 2608 3776; x_wconf 88' lang='lat' dir='ltr'><strong>qui</strong></span> <span class='ocrx_word' id='word_1_640' title='bbox 2643 3709 3070 3763; x_wconf 80' lang='lat' dir='ltr'><strong>scandalizatur.</strong></span> <span class='ocrx_word' id='word_1_641' title='bbox 3116 3707 3310 3763; x_wconf 80' lang='lat' dir='ltr'><strong>Nullus</strong></span> <span class='ocrx_word' id='word_1_642' title='bbox 3351 3711 3501 3767; x_wconf 86' lang='lat' dir='ltr'><strong>enim</strong></span> 
     </span>
    </p>
   </div>
   <div class='ocr_carea' id='block_1_82' title="bbox 1897 3793 3497 3868">
    <p class='ocr_par' dir='ltr' id='par_1_82' title="bbox 1897 3793 3497 3868">
     <span class='ocr_line' id='line_1_82' title="bbox 1897 3793 3497 3868; baseline 0.006 -20"><span class='ocrx_word' id='word_1_643' title='bbox 1897 3812 2124 3864; x_wconf 80' lang='lat' dir='ltr'><strong>magnus</strong></span> <span class='ocrx_word' id='word_1_644' title='bbox 2163 3793 2594 3861; x_wconf 67' lang='lat' dir='ltr'><strong>scantlaliialur,</strong></span> <span class='ocrx_word' id='word_1_645' title='bbox 2626 3800 2721 3853; x_wconf 89' lang='lat' dir='ltr'><strong>sed</strong></span> <span class='ocrx_word' id='word_1_646' title='bbox 2768 3800 2945 3868; x_wconf 86' lang='lat' dir='ltr'><strong>parvi,</strong></span> <span class='ocrx_word' id='word_1_647' title='bbox 2994 3807 3044 3853; x_wconf 89' lang='lat' dir='ltr'><strong>et</strong></span> <span class='ocrx_word' id='word_1_648' title='bbox 3097 3801 3497 3868; x_wconf 84' lang='lat' dir='ltr'><strong>pusillanimes.</strong></span> 
     </span>
    </p>
   </div>
   <div class='ocr_carea' id='block_1_83' title="bbox 1896 3889 3499 3959">
    <p class='ocr_par' dir='ltr' id='par_1_83' title="bbox 1896 3889 3499 3959">
     <span class='ocr_line' id='line_1_83' title="bbox 1896 3889 3499 3959; baseline 0.004 -17"><span class='ocrx_word' id='word_1_649' title='bbox 1896 3889 2039 3943; x_wconf 87' lang='lat' dir='ltr'><strong>Dicit</strong></span> <span class='ocrx_word' id='word_1_650' title='bbox 2070 3890 2236 3959; x_wconf 77' lang='lat' dir='ltr'><strong>igitur</strong></span> <span class='ocrx_word' id='word_1_651' title='bbox 2275 3890 2576 3945; x_wconf 90' lang='lat' dir='ltr'><strong>Dominus:</strong></span> <span class='ocrx_word' id='word_1_652' title='bbox 2618 3910 2635 3942; x_wconf 77' lang='grc' dir='ltr'><strong>ι</strong></span> <span class='ocrx_word' id='word_1_653' title='bbox 2671 3889 2772 3956; x_wconf 89' lang='lat' dir='ltr'><strong>Qui</strong></span> <span class='ocrx_word' id='word_1_654' title='bbox 2819 3893 3282 3948; x_wconf 67' lang='lat' dir='ltr'><strong>scandalizaverit</strong></span> <span class='ocrx_word' id='word_1_655' title='bbox 3331 3910 3499 3950; x_wconf 90' lang='lat' dir='ltr'><strong>unum</strong></span> 
     </span>
    </p>
   </div>
   <div class='ocr_carea' id='block_1_84' title="bbox 1894 3981 3496 4055">
    <p class='ocr_par' dir='ltr' id='par_1_84' title="bbox 1894 3981 3496 4055">
     <span class='ocr_line' id='line_1_84' title="bbox 1894 3981 3496 4055; baseline 0.004 -18"><span class='ocrx_word' id='word_1_656' title='bbox 1894 3998 1957 4037; x_wconf 78' lang='lat' dir='ltr'><strong>ex</strong></span> <span class='ocrx_word' id='word_1_657' title='bbox 1989 3981 2171 4050; x_wconf 79' lang='lat' dir='ltr'><strong>parvis</strong></span> <span class='ocrx_word' id='word_1_658' title='bbox 2193 3985 2233 4036; x_wconf 83' lang='lat'><strong>&#39;.</strong></span> <span class='ocrx_word' id='word_1_659' title='bbox 2263 4001 2282 4034; x_wconf 75' lang='grc' dir='ltr'><strong>ι</strong></span> <span class='ocrx_word' id='word_1_660' title='bbox 2305 3981 2970 4048; x_wconf 80' lang='lat' dir='ltr'><strong>Quentatlmodutuautcm</strong></span> <span class='ocrx_word' id='word_1_661' title='bbox 2990 3985 3042 4037; x_wconf 90' lang='lat' dir='ltr'><strong>hi</strong></span> <span class='ocrx_word' id='word_1_662' title='bbox 3068 3987 3160 4053; x_wconf 85' lang='lat' dir='ltr'><strong>qui</strong></span> <span class='ocrx_word' id='word_1_663' title='bbox 3185 3995 3496 4055; x_wconf 76' lang='lat' dir='ltr'><strong>genuerunt</strong></span> 
     </span>
    </p>
   </div>
   <div class='ocr_carea' id='block_1_85' title="bbox 1893 4073 3500 4149">
    <p class='ocr_par' dir='ltr' id='par_1_85' title="bbox 1893 4073 3500 4149">
     <span class='ocr_line' id='line_1_85' title="bbox 1893 4073 3500 4149; baseline 0.006 -21"><span class='ocrx_word' id='word_1_664' title='bbox 1893 4073 2182 4142; x_wconf 85' lang='lat' dir='ltr'><strong>Joannem,</strong></span> <span class='ocrx_word' id='word_1_665' title='bbox 2233 4075 2365 4144; x_wconf 90' lang='lat' dir='ltr'><strong>justi</strong></span> <span class='ocrx_word' id='word_1_666' title='bbox 2427 4076 2649 4133; x_wconf 82' lang='lat' dir='ltr'><strong>fuerunt</strong></span> <span class='ocrx_word' id='word_1_667' title='bbox 2697 4092 2884 4131; x_wconf 90' lang='lat' dir='ltr'><strong>coram</strong></span> <span class='ocrx_word' id='word_1_668' title='bbox 2938 4075 3068 4140; x_wconf 76' lang='lat' dir='ltr'><strong>Deo,</strong></span> <span class='ocrx_word' id='word_1_669' title='bbox 3135 4082 3215 4134; x_wconf 89' lang='lat' dir='ltr'><strong>sic</strong></span> <span class='ocrx_word' id='word_1_670' title='bbox 3265 4091 3319 4134; x_wconf 91' lang='lat' dir='ltr'><strong>et</strong></span> <span class='ocrx_word' id='word_1_671' title='bbox 3364 4096 3500 4149; x_wconf 86' lang='lat' dir='ltr'><strong>puer</strong></span> 
     </span>
    </p>
   </div>
   <div class='ocr_carea' id='block_1_86' title="bbox 1893 4167 3496 4238">
    <p class='ocr_par' dir='ltr' id='par_1_86' title="bbox 1893 4167 3496 4238">
     <span class='ocr_line' id='line_1_86' title="bbox 1893 4167 3496 4238; baseline 0.006 -18"><span class='ocrx_word' id='word_1_672' title='bbox 1893 4167 2131 4238; x_wconf 89' lang='lat' dir='ltr'><strong>ipsorum</strong></span> <span class='ocrx_word' id='word_1_673' title='bbox 2167 4183 2397 4236; x_wconf 77' lang='lat' dir='ltr'><strong>magnus</strong></span> <span class='ocrx_word' id='word_1_674' title='bbox 2429 4183 2619 4223; x_wconf 88' lang='lat' dir='ltr'><strong>coram</strong></span> <span class='ocrx_word' id='word_1_675' title='bbox 2665 4169 2916 4224; x_wconf 89' lang='lat' dir='ltr'><strong>Domino.</strong></span> <span class='ocrx_word' id='word_1_676' title='bbox 2963 4169 3151 4225; x_wconf 85' lang='lat' dir='ltr'><strong>Sicera</strong></span> <span class='ocrx_word' id='word_1_677' title='bbox 3189 4183 3372 4226; x_wconf 87' lang='lat' dir='ltr'><strong>autem</strong></span> <span class='ocrx_word' id='word_1_678' title='bbox 3407 4175 3496 4230; x_wconf 87' lang='lat' dir='ltr'><strong>di-</strong></span> 
     </span>
    </p>
   </div>
   <div class='ocr_carea' id='block_1_87' title="bbox 1893 4256 3498 4330">
    <p class='ocr_par' dir='ltr' id='par_1_87' title="bbox 1893 4256 3498 4330">
     <span class='ocr_line' id='line_1_87' title="bbox 1893 4256 3498 4330; baseline 0.006 -20"><span class='ocrx_word' id='word_1_679' title='bbox 1893 4256 2042 4310; x_wconf 90' lang='lat' dir='ltr'><strong>citur</strong></span> <span class='ocrx_word' id='word_1_680' title='bbox 2099 4270 2265 4312; x_wconf 87' lang='lat' dir='ltr'><strong>omne</strong></span> <span class='ocrx_word' id='word_1_681' title='bbox 2313 4258 2458 4328; x_wconf 87' lang='lat' dir='ltr'><strong>quod</strong></span> <span class='ocrx_word' id='word_1_682' title='bbox 2506 4258 2786 4314; x_wconf 87' lang='lat' dir='ltr'><strong>inebriare</strong></span> <span class='ocrx_word' id='word_1_683' title='bbox 2816 4270 3019 4330; x_wconf 85' lang='lat' dir='ltr'><strong>potest,</strong></span> <span class='ocrx_word' id='word_1_684' title='bbox 3065 4271 3121 4315; x_wconf 90' lang='lat' dir='ltr'><strong>et</strong></span> <span class='ocrx_word' id='word_1_685' title='bbox 3158 4278 3261 4315; x_wconf 90' lang='lat' dir='ltr'><strong>non</strong></span> <span class='ocrx_word' id='word_1_686' title='bbox 3309 4273 3394 4318; x_wconf 78' lang='lat' dir='ltr'><strong>est</strong></span> <span class='ocrx_word' id='word_1_687' title='bbox 3430 4281 3498 4320; x_wconf 79' lang='lat' dir='ltr'><strong>ex</strong></span> 
     </span>
    </p>
   </div>
   <div class='ocr_carea' id='block_1_88' title="bbox 1892 4348 3498 4411">
    <p class='ocr_par' dir='ltr' id='par_1_88' title="bbox 1892 4348 3498 4411">
     <span class='ocr_line' id='line_1_88' title="bbox 1892 4348 3498 4411; baseline 0.006 -10"><span class='ocrx_word' id='word_1_688' title='bbox 1892 4348 2024 4404; x_wconf 91' lang='lat' dir='ltr'><strong>vite.</strong></span> <span class='ocrx_word' id='word_1_689' title='bbox 2067 4348 2204 4403; x_wconf 81' lang='lat' dir='ltr'><strong>Cum</strong></span> <span class='ocrx_word' id='word_1_690' title='bbox 2247 4361 2430 4404; x_wconf 91' lang='lat' dir='ltr'><strong>autem</strong></span> <span class='ocrx_word' id='word_1_691' title='bbox 2464 4360 2610 4404; x_wconf 87' lang='lat' dir='ltr'><strong>esset</strong></span> <span class='ocrx_word' id='word_1_692' title='bbox 2648 4350 2827 4405; x_wconf 86' lang='lat' dir='ltr'><strong>adhuc</strong></span> <span class='ocrx_word' id='word_1_693' title='bbox 2881 4352 2933 4405; x_wconf 91' lang='lat' dir='ltr'><strong>in</strong></span> <span class='ocrx_word' id='word_1_694' title='bbox 2988 4361 3146 4407; x_wconf 88' lang='lat' dir='ltr'><strong>utero</strong></span> <span class='ocrx_word' id='word_1_695' title='bbox 3180 4356 3370 4409; x_wconf 88' lang='lat' dir='ltr'><strong>matris</strong></span> <span class='ocrx_word' id='word_1_696' title='bbox 3410 4373 3498 4411; x_wconf 86' lang='lat' dir='ltr'><strong>re-</strong></span> 
     </span>
    </p>
   </div>
   <div class='ocr_carea' id='block_1_89' title="bbox 1893 4439 3494 4511">
    <p class='ocr_par' dir='ltr' id='par_1_89' title="bbox 1893 4439 3494 4511">
     <span class='ocr_line' id='line_1_89' title="bbox 1893 4439 3494 4511; baseline 0.007 -18"><span class='ocrx_word' id='word_1_697' title='bbox 1893 4439 2070 4510; x_wconf 68' lang='lat' dir='ltr'><strong>pletus</strong></span> <span class='ocrx_word' id='word_1_698' title='bbox 2102 4449 2186 4494; x_wconf 87' lang='lat' dir='ltr'><strong>est</strong></span> <span class='ocrx_word' id='word_1_699' title='bbox 2217 4441 2422 4510; x_wconf 88' lang='lat' dir='ltr'><strong>Spiritu</strong></span> <span class='ocrx_word' id='word_1_700' title='bbox 2488 4443 2708 4506; x_wconf 67' lang='lat' dir='ltr'><strong>saneto;</strong></span> <span class='ocrx_word' id='word_1_701' title='bbox 2752 4445 2970 4511; x_wconf 86' lang='lat' dir='ltr'><strong>quando</strong></span> <span class='ocrx_word' id='word_1_702' title='bbox 3041 4445 3218 4499; x_wconf 83' lang='lat' dir='ltr'><strong>Mater</strong></span> <span class='ocrx_word' id='word_1_703' title='bbox 3283 4447 3494 4504; x_wconf 90' lang='lat' dir='ltr'><strong>Domini</strong></span> 
     </span>
    </p>
   </div>
   <div class='ocr_carea' id='block_1_90' title="bbox 1891 4532 3496 4605">
    <p class='ocr_par' dir='ltr' id='par_1_90' title="bbox 1891 4532 3496 4605">
     <span class='ocr_line' id='line_1_90' title="bbox 1891 4532 3496 4605; baseline 0.008 -21"><span class='ocrx_word' id='word_1_704' title='bbox 1891 4533 2040 4586; x_wconf 88' lang='lat' dir='ltr'><strong>venit</strong></span> <span class='ocrx_word' id='word_1_705' title='bbox 2090 4533 2156 4586; x_wconf 85' lang='lat' dir='ltr'><strong>ad</strong></span> <span class='ocrx_word' id='word_1_706' title='bbox 2187 4532 2484 4596; x_wconf 83' lang='lat' dir='ltr'><strong>Elisabetlt,</strong></span> <span class='ocrx_word' id='word_1_707' title='bbox 2515 4542 2567 4589; x_wconf 89' lang='lat' dir='ltr'><strong>et</strong></span> <span class='ocrx_word' id='word_1_708' title='bbox 2605 4535 2902 4590; x_wconf 56' lang='lat' dir='ltr'><strong>exsulavit</strong></span> <span class='ocrx_word' id='word_1_709' title='bbox 2950 4553 3059 4604; x_wconf 66' lang='lat' dir='ltr'><strong>prae</strong></span> <span class='ocrx_word' id='word_1_710' title='bbox 3085 4540 3282 4605; x_wconf 78' lang='lat' dir='ltr'><strong>gaudio</strong></span> <span class='ocrx_word' id='word_1_711' title='bbox 3311 4540 3496 4597; x_wconf 83' lang='lat' dir='ltr'><strong>infans</strong></span> 
     </span>
    </p>
   </div>
   <div class='ocr_carea' id='block_1_91' title="bbox 172 4615 1797 4698">
    <p class='ocr_par' dir='ltr' id='par_1_91' title="bbox 172 4622 1788 4698">
     <span class='ocr_line' id='line_1_91' title="bbox 172 4622 1788 4698; baseline 0.002 -20"><span class='ocrx_word' id='word_1_712' title='bbox 172 4622 600 4692; x_wconf 72' lang='grc' dir='ltr'>ἀγαλλιώμενον</span> <span class='ocrx_word' id='word_1_713' title='bbox 632 4625 720 4679; x_wconf 76' lang='grc' dir='ltr'><strong>διὰ</strong></span> <span class='ocrx_word' id='word_1_714' title='bbox 751 4627 851 4696; x_wconf 83' lang='grc' dir='ltr'>τὴν</span> <span class='ocrx_word' id='word_1_715' title='bbox 896 4626 990 4679; x_wconf 88' lang='grc' dir='ltr'><strong>τοῦ</strong></span> <span class='ocrx_word' id='word_1_716' title='bbox 1026 4626 1237 4697; x_wconf 85' lang='grc' dir='ltr'>Κυρίου</span> <span class='ocrx_word' id='word_1_717' title='bbox 1280 4629 1609 4698; x_wconf 85' lang='grc' dir='ltr'>παρουσίαν.</span> <span class='ocrx_word' id='word_1_718' title='bbox 1656 4629 1788 4682; x_wconf 84' lang='grc' dir='ltr'>Ἐπ-</span> 
     </span>
    </p>
   </div>
   <div class='ocr_carea' id='block_1_92' title="bbox 1905 4615 3491 4698">
    <p class='ocr_par' dir='ltr' id='par_1_92' title="bbox 1905 4625 3491 4693">
     <span class='ocr_line' id='line_1_92' title="bbox 1905 4625 3491 4693; baseline 0.008 -16"><span class='ocrx_word' id='word_1_719' title='bbox 1905 4635 2122 4693; x_wconf 81' lang='lat' dir='ltr'><strong>prepter</strong></span> <span class='ocrx_word' id='word_1_720' title='bbox 2148 4625 2456 4680; x_wconf 84' lang='lat' dir='ltr'><strong>adventum</strong></span> <span class='ocrx_word' id='word_1_721' title='bbox 2502 4627 2737 4682; x_wconf 90' lang='lat' dir='ltr'><strong>Domini.</strong></span> <span class='ocrx_word' id='word_1_722' title='bbox 2783 4627 2955 4684; x_wconf 86' lang='lat' dir='ltr'><strong>Porro</strong></span> <span class='ocrx_word' id='word_1_723' title='bbox 3005 4635 3276 4687; x_wconf 87' lang='lat' dir='ltr'><strong>convertit</strong></span> <span class='ocrx_word' id='word_1_724' title='bbox 3327 4637 3491 4691; x_wconf 85' lang='lat' dir='ltr'><strong>corda</strong></span> 
     </span>
    </p>
   </div>
   <div class='ocr_carea' id='block_1_93' title="bbox 171 4716 1780 4788">
    <p class='ocr_par' dir='ltr' id='par_1_93' title="bbox 171 4716 1780 4788">
     <span class='ocr_line' id='line_1_93' title="bbox 171 4716 1780 4788; baseline 0.004 -20"><span class='ocrx_word' id='word_1_725' title='bbox 171 4717 422 4787; x_wconf 75' lang='grc' dir='ltr'>έστρεψε</span> <span class='ocrx_word' id='word_1_726' title='bbox 463 4716 517 4768; x_wconf 75' lang='grc' dir='ltr'>δὲ</span> <span class='ocrx_word' id='word_1_727' title='bbox 551 4718 778 4786; x_wconf 84' lang='grc' dir='ltr'>καρδίας</span> <span class='ocrx_word' id='word_1_728' title='bbox 817 4718 1071 4788; x_wconf 85' lang='grc' dir='ltr'>πατέρων</span> <span class='ocrx_word' id='word_1_729' title='bbox 1105 4721 1198 4772; x_wconf 77' lang='grc' dir='ltr'>ἐπὶ</span> <span class='ocrx_word' id='word_1_730' title='bbox 1253 4721 1419 4772; x_wconf 83' lang='grc' dir='ltr'>τέκνα</span> <span class='ocrx_word' id='word_1_731' title='bbox 1442 4761 1456 4774; x_wconf 87' lang='grc'><strong>.</strong></span> <span class='ocrx_word' id='word_1_732' title='bbox 1512 4721 1780 4786; x_wconf 85' lang='grc' dir='ltr'>τουτέστι,</span> 
     </span>
    </p>
   </div>
   <div class='ocr_carea' id='block_1_94' title="bbox 168 4807 1783 4882">
    <p class='ocr_par' dir='ltr' id='par_1_94' title="bbox 168 4807 1783 4882">
     <span class='ocr_line' id='line_1_94' title="bbox 168 4807 1783 4882; baseline 0.001 -21"><span class='ocrx_word' id='word_1_733' title='bbox 168 4809 285 4861; x_wconf 85' lang='grc' dir='ltr'><strong>τῶν</strong></span> <span class='ocrx_word' id='word_1_734' title='bbox 330 4807 608 4877; x_wconf 76' lang='grc' dir='ltr'>Ἐὗραίων</span> <span class='ocrx_word' id='word_1_735' title='bbox 662 4811 758 4864; x_wconf 77' lang='grc' dir='ltr'><strong>ἐπὶ</strong></span> <span class='ocrx_word' id='word_1_736' title='bbox 786 4811 914 4873; x_wconf 87' lang='grc' dir='ltr'>τοὺς</span> <span class='ocrx_word' id='word_1_737' title='bbox 970 4809 1338 4874; x_wconf 75' lang='grc' dir='ltr'>ἀποστόλουςο</span> <span class='ocrx_word' id='word_1_738' title='bbox 1394 4811 1633 4882; x_wconf 83' lang='grc' dir='ltr'>πατέρες</span> <span class='ocrx_word' id='word_1_739' title='bbox 1682 4813 1783 4875; x_wconf 85' lang='grc' dir='ltr'>μὲν</span> 
     </span>
    </p>
   </div>
   <div class='ocr_carea' id='block_1_95' title="bbox 168 4892 1783 4968">
    <p class='ocr_par' dir='ltr' id='par_1_95' title="bbox 168 4892 1783 4968">
     <span class='ocr_line' id='line_1_95' title="bbox 168 4892 1783 4968; baseline 0.004 -19"><span class='ocrx_word' id='word_1_740' title='bbox 168 4897 286 4968; x_wconf 82' lang='grc' dir='ltr'><strong>γὰρ</strong></span> <span class='ocrx_word' id='word_1_741' title='bbox 315 4892 469 4968; x_wconf 79' lang='grc' dir='ltr'>ἦσαν</span> <span class='ocrx_word' id='word_1_742' title='bbox 521 4899 571 4950; x_wconf 76' lang='lat' dir='ltr'><strong>ot</strong></span> <span class='ocrx_word' id='word_1_743' title='bbox 621 4899 862 4952; x_wconf 77' lang='grc' dir='ltr'>Ἰουδαῖοι</span> <span class='ocrx_word' id='word_1_744' title='bbox 891 4917 902 4930; x_wconf 72' lang='grc' dir='ltr'><strong>ο</strong></span> <span class='ocrx_word' id='word_1_745' title='bbox 941 4901 1111 4953; x_wconf 81' lang='grc' dir='ltr'>τέκνα</span> <span class='ocrx_word' id='word_1_746' title='bbox 1141 4901 1199 4954; x_wconf 81' lang='grc' dir='ltr'>δὲ</span> <span class='ocrx_word' id='word_1_747' title='bbox 1241 4899 1448 4954; x_wconf 81' lang='grc' dir='ltr'>τούτων</span> <span class='ocrx_word' id='word_1_748' title='bbox 1471 4903 1519 4954; x_wconf 78' lang='grc' dir='ltr'>οἱ</span> <span class='ocrx_word' id='word_1_749' title='bbox 1549 4903 1783 4955; x_wconf 78' lang='grc' dir='ltr'>ἀπόστο-</span> 
     </span>
    </p>
   </div>
   <div class='ocr_carea' id='block_1_96' title="bbox 168 4987 1781 5062">
    <p class='ocr_par' dir='ltr' id='par_1_96' title="bbox 168 4987 1781 5062">
     <span class='ocr_line' id='line_1_96' title="bbox 168 4987 1781 5062; baseline 0.004 -22"><span class='ocrx_word' id='word_1_750' title='bbox 168 4988 281 5042; x_wconf 84' lang='grc' dir='ltr'>λοι.</span> <span class='ocrx_word' id='word_1_751' title='bbox 319 4987 701 5059; x_wconf 74' lang='grc' dir='ltr'>Ἐπέστριψεν</span> <span class='ocrx_word' id='word_1_752' title='bbox 724 4989 930 5054; x_wconf 76' lang='grc' dir='ltr'>οὖντὰς</span> <span class='ocrx_word' id='word_1_753' title='bbox 960 4991 1191 5062; x_wconf 85' lang='grc' dir='ltr'>καρδίας</span> <span class='ocrx_word' id='word_1_754' title='bbox 1221 4991 1333 5045; x_wconf 85' lang='grc' dir='ltr'><strong>τῶν</strong></span> <span class='ocrx_word' id='word_1_755' title='bbox 1379 4993 1655 5046; x_wconf 86' lang='grc' dir='ltr'>Ἰουδαίων</span> <span class='ocrx_word' id='word_1_756' title='bbox 1685 4994 1781 5046; x_wconf 76' lang='grc' dir='ltr'><strong>ἐπὶ</strong></span> 
     </span>
    </p>
   </div>
   <div class='ocr_carea' id='block_1_97' title="bbox 167 5081 1784 5158">
    <p class='ocr_par' dir='ltr' id='par_1_97' title="bbox 167 5081 1784 5158">
     <span class='ocr_line' id='line_1_97' title="bbox 167 5081 1784 5158; baseline 0.002 -22"><span class='ocrx_word' id='word_1_757' title='bbox 167 5082 306 5146; x_wconf 79' lang='grc' dir='ltr'>τοὺς</span> <span class='ocrx_word' id='word_1_758' title='bbox 335 5081 698 5145; x_wconf 78' lang='grc' dir='ltr'>ἀποστόλους,</span> <span class='ocrx_word' id='word_1_759' title='bbox 755 5083 1025 5138; x_wconf 76' lang='grc' dir='ltr'>διδάσκων</span> <span class='ocrx_word' id='word_1_760' title='bbox 1087 5085 1344 5156; x_wconf 73' lang='grc' dir='ltr'>περὶτοῦ</span> <span class='ocrx_word' id='word_1_761' title='bbox 1395 5086 1640 5158; x_wconf 80' lang='grc' dir='ltr'>Χριστοῦ</span> <span class='ocrx_word' id='word_1_762' title='bbox 1690 5091 1784 5140; x_wconf 76' lang='grc' dir='ltr'><strong>καὶ</strong></span> 
     </span>
    </p>
   </div>
   <div class='ocr_carea' id='block_1_98' title="bbox 169 5171 1783 5248">
    <p class='ocr_par' dir='ltr' id='par_1_98' title="bbox 169 5171 1783 5248">
     <span class='ocr_line' id='line_1_98' title="bbox 169 5171 1783 5248; baseline 0.007 -26"><span class='ocrx_word' id='word_1_763' title='bbox 169 5171 490 5241; x_wconf 81' lang='grc' dir='ltr'>μαρτυρῶν</span> <span class='ocrx_word' id='word_1_764' title='bbox 510 5189 523 5201; x_wconf 92' lang='grc'><strong>·</strong></span> <span class='ocrx_word' id='word_1_765' title='bbox 570 5175 598 5227; x_wconf 90' lang='grc' dir='ltr'>ὀ</span> <span class='ocrx_word' id='word_1_766' title='bbox 641 5174 698 5227; x_wconf 80' lang='grc' dir='ltr'>δὲ</span> <span class='ocrx_word' id='word_1_767' title='bbox 725 5174 854 5247; x_wconf 74' lang='grc' dir='ltr'>περὶ</span> <span class='ocrx_word' id='word_1_768' title='bbox 880 5175 975 5227; x_wconf 88' lang='grc' dir='ltr'><strong>τοῦ</strong></span> <span class='ocrx_word' id='word_1_769' title='bbox 1023 5177 1262 5247; x_wconf 79' lang='grc' dir='ltr'>Χριστοῦ</span> <span class='ocrx_word' id='word_1_770' title='bbox 1298 5179 1618 5248; x_wconf 81' lang='grc' dir='ltr'>μαρτυρῶν,</span> <span class='ocrx_word' id='word_1_771' title='bbox 1645 5180 1783 5233; x_wconf 82' lang='grc' dir='ltr'>πάν-</span> 
     </span>
    </p>
   </div>
   <div class='ocr_carea' id='block_1_99' title="bbox 165 5263 1777 5339">
    <p class='ocr_par' dir='ltr' id='par_1_99' title="bbox 165 5263 1777 5339">
     <span class='ocr_line' id='line_1_99' title="bbox 165 5263 1777 5339; baseline 0.004 -21"><span class='ocrx_word' id='word_1_772' title='bbox 165 5281 280 5326; x_wconf 79' lang='grc' dir='ltr'><strong>τως</strong></span> <span class='ocrx_word' id='word_1_773' title='bbox 323 5263 684 5330; x_wconf 79' lang='grc' dir='ltr'>ἀξιοπίστους</span> <span class='ocrx_word' id='word_1_774' title='bbox 716 5270 860 5320; x_wconf 90' lang='grc' dir='ltr'><strong>ποιεί</strong></span> <span class='ocrx_word' id='word_1_775' title='bbox 894 5270 989 5322; x_wconf 77' lang='grc' dir='ltr'>καὶ</span> <span class='ocrx_word' id='word_1_776' title='bbox 1040 5268 1168 5330; x_wconf 85' lang='grc' dir='ltr'>τοὺς</span> <span class='ocrx_word' id='word_1_777' title='bbox 1201 5268 1456 5339; x_wconf 75' lang='grc' dir='ltr'>μαθητὰς</span> <span class='ocrx_word' id='word_1_778' title='bbox 1491 5271 1688 5338; x_wconf 68' lang='grc' dir='ltr'>αὑτοῦ·</span> <span class='ocrx_word' id='word_1_779' title='bbox 1716 5274 1777 5325; x_wconf 83' lang='lat'><strong>06</strong></span> 
     </span>
    </p>
   </div>
   <div class='ocr_carea' id='block_1_100' title="bbox 165 5341 1780 5429">
    <p class='ocr_par' dir='ltr' id='par_1_100' title="bbox 165 5341 1780 5429">
     <span class='ocr_line' id='line_1_100' title="bbox 165 5341 1780 5429; baseline 0.004 -20"><span class='ocrx_word' id='word_1_780' title='bbox 165 5355 393 5417; x_wconf 78' lang='grc' dir='ltr'>πάντας</span> <span class='ocrx_word' id='word_1_781' title='bbox 428 5353 486 5406; x_wconf 78' lang='grc' dir='ltr'>δὲ</span> <span class='ocrx_word' id='word_1_782' title='bbox 517 5353 855 5428; x_wconf 70' lang='grc' dir='ltr'>ἐπέστρεψεν</span> <span class='ocrx_word' id='word_1_783' title='bbox 897 5359 926 5409; x_wconf 91' lang='lat'><strong>6</strong></span> <span class='ocrx_word' id='word_1_784' title='bbox 961 5359 1239 5429; x_wconf 76' lang='grc' dir='ltr'>Ἰωάννης,</span> <span class='ocrx_word' id='word_1_785' title='bbox 1275 5358 1413 5412; x_wconf 79' lang='grc' dir='ltr'><strong>ἀλλά</strong></span> <span class='ocrx_word' id='word_1_786' title='bbox 1451 5341 1682 5425; x_wconf 83' lang='grc' dir='ltr'>πολλούς</span> <span class='ocrx_word' id='word_1_787' title='bbox 1704 5379 1718 5395; x_wconf 80' lang='grc' dir='ltr'><strong>ο</strong></span> <span class='ocrx_word' id='word_1_788' title='bbox 1751 5365 1780 5416; x_wconf 89' lang='lat'><strong>6</strong></span> 
     </span>
    </p>
   </div>
   <div class='ocr_carea' id='block_1_101' title="bbox 165 5446 1777 5524">
    <p class='ocr_par' dir='ltr' id='par_1_101' title="bbox 165 5446 1777 5524">
     <span class='ocr_line' id='line_1_101' title="bbox 165 5446 1777 5524; baseline 0.005 -24"><span class='ocrx_word' id='word_1_789' title='bbox 165 5447 366 5517; x_wconf 74' lang='grc' dir='ltr'>μέντοι</span> <span class='ocrx_word' id='word_1_790' title='bbox 427 5446 632 5518; x_wconf 81' lang='grc' dir='ltr'>Κύριος</span> <span class='ocrx_word' id='word_1_791' title='bbox 687 5451 894 5512; x_wconf 82' lang='grc' dir='ltr'>πάντας</span> <span class='ocrx_word' id='word_1_792' title='bbox 947 5453 1254 5519; x_wconf 79' lang='grc' dir='ltr'>ἐφώτισενο</span> <span class='ocrx_word' id='word_1_793' title='bbox 1310 5454 1368 5506; x_wconf 81' lang='grc' dir='ltr'>ὲν</span> <span class='ocrx_word' id='word_1_794' title='bbox 1406 5454 1777 5524; x_wconf 76' lang='grc' dir='ltr'>Πνεῦματιδὲ</span> 
     </span>
    </p>
   </div>
   <div class='ocr_carea' id='block_1_102' title="bbox 169 5537 1778 5618">
    <p class='ocr_par' dir='ltr' id='par_1_102' title="bbox 169 5537 1778 5618">
     <span class='ocr_line' id='line_1_102' title="bbox 169 5537 1778 5618; baseline 0.003 -24"><span class='ocrx_word' id='word_1_795' title='bbox 169 5537 374 5594; x_wconf 83' lang='grc' dir='ltr'><strong>Ἦλιοῦ</strong></span> <span class='ocrx_word' id='word_1_796' title='bbox 435 5540 708 5612; x_wconf 80' lang='grc' dir='ltr'>προῆλθε,</span> <span class='ocrx_word' id='word_1_797' title='bbox 766 5544 902 5598; x_wconf 80' lang='grc' dir='ltr'>καθὸ</span> <span class='ocrx_word' id='word_1_798' title='bbox 934 5543 1128 5615; x_wconf 82' lang='grc' dir='ltr'>ὥσπερ</span> <span class='ocrx_word' id='word_1_799' title='bbox 1168 5548 1248 5608; x_wconf 80' lang='grc' dir='ltr'><strong>εἰς</strong></span> <span class='ocrx_word' id='word_1_800' title='bbox 1307 5546 1494 5600; x_wconf 83' lang='grc' dir='ltr'>Ἠλίαν</span> <span class='ocrx_word' id='word_1_801' title='bbox 1539 5550 1572 5616; x_wconf 86' lang='grc' dir='ltr'><strong>ή</strong></span> <span class='ocrx_word' id='word_1_802' title='bbox 1615 5549 1778 5618; x_wconf 82' lang='grc' dir='ltr'>χάρις</span> 
     </span>
    </p>
   </div>
   <div class='ocr_carea' id='block_1_103' title="bbox 159 5629 1777 5707">
    <p class='ocr_par' dir='ltr' id='par_1_103' title="bbox 159 5629 1777 5707">
     <span class='ocr_line' id='line_1_103' title="bbox 159 5629 1777 5707; baseline 0.004 -23"><span class='ocrx_word' id='word_1_803' title='bbox 159 5632 512 5701; x_wconf 68' lang='grc' dir='ltr'>ἐνήργησεν,</span> <span class='ocrx_word' id='word_1_804' title='bbox 546 5629 691 5685; x_wconf 77' lang='grc' dir='ltr'>οὕτω</span> <span class='ocrx_word' id='word_1_805' title='bbox 721 5635 815 5686; x_wconf 77' lang='grc' dir='ltr'>καὶ</span> <span class='ocrx_word' id='word_1_806' title='bbox 839 5635 918 5698; x_wconf 85' lang='grc' dir='ltr'><strong>είς</strong></span> <span class='ocrx_word' id='word_1_807' title='bbox 959 5635 1247 5705; x_wconf 73' lang='grc' dir='ltr'>Ἰωάννηνο</span> <span class='ocrx_word' id='word_1_808' title='bbox 1281 5636 1309 5689; x_wconf 85' lang='grc' dir='ltr'><strong>ὃ</strong></span> <span class='ocrx_word' id='word_1_809' title='bbox 1342 5654 1402 5690; x_wconf 87' lang='grc' dir='ltr'><strong>τε</strong></span> <span class='ocrx_word' id='word_1_810' title='bbox 1448 5639 1556 5707; x_wconf 78' lang='grc' dir='ltr'>γὰρ</span> <span class='ocrx_word' id='word_1_811' title='bbox 1587 5638 1777 5702; x_wconf 84' lang='grc' dir='ltr'>Ἠλίας</span> 
     </span>
    </p>
   </div>
   <div class='ocr_carea' id='block_1_104' title="bbox 156 5722 1774 5803">
    <p class='ocr_par' dir='ltr' id='par_1_104' title="bbox 156 5722 1774 5803">
     <span class='ocr_line' id='line_1_104' title="bbox 156 5722 1774 5803; baseline 0.006 -27"><span class='ocrx_word' id='word_1_812' title='bbox 156 5723 263 5793; x_wconf 83' lang='grc' dir='ltr'>τῆς</span> <span class='ocrx_word' id='word_1_813' title='bbox 284 5722 565 5795; x_wconf 84' lang='grc' dir='ltr'>δευτέρας</span> <span class='ocrx_word' id='word_1_814' title='bbox 616 5728 920 5796; x_wconf 86' lang='grc' dir='ltr'>παρουσίας</span> <span class='ocrx_word' id='word_1_815' title='bbox 950 5728 1278 5801; x_wconf 87' lang='grc' dir='ltr'>πρόδρομος,</span> <span class='ocrx_word' id='word_1_816' title='bbox 1319 5729 1414 5784; x_wconf 76' lang='grc' dir='ltr'><strong>καὶ</strong></span> <span class='ocrx_word' id='word_1_817' title='bbox 1446 5732 1474 5783; x_wconf 86' lang='lat'><strong>6</strong></span> <span class='ocrx_word' id='word_1_818' title='bbox 1518 5731 1774 5803; x_wconf 79' lang='grc' dir='ltr'>Ἰωάννης</span> 
     </span>
    </p>
   </div>
   <div class='ocr_carea' id='block_1_105' title="bbox 231 5911 801 5980">
    <p class='ocr_par' dir='ltr' id='par_1_105' title="bbox 231 5911 801 5980">
     <span class='ocr_line' id='line_1_105' title="bbox 231 5911 801 5980; baseline 0.009 -15"><span class='ocrx_word' id='word_1_819' title='bbox 231 5915 254 5947; x_wconf 77' lang='grc'><strong><em>⁸</em></strong></span> <span class='ocrx_word' id='word_1_820' title='bbox 295 5911 504 5968; x_wconf 74' lang='lat' dir='ltr'><strong>Matth.</strong></span> <span class='ocrx_word' id='word_1_821' title='bbox 538 5927 690 5980; x_wconf 60' lang='grc' dir='ltr'>χιιι,</span> <span class='ocrx_word' id='word_1_822' title='bbox 722 5915 801 5972; x_wconf 78' lang='grc'><strong>16.</strong></span> 
     </span>
    </p>
   </div>
   <div class='ocr_carea' id='block_1_106' title="bbox 1897 4718 3491 4796">
    <p class='ocr_par' dir='ltr' id='par_1_106' title="bbox 1897 4718 3491 4796">
     <span class='ocr_line' id='line_1_106' title="bbox 1897 4718 3491 4796; baseline 0.008 -27"><span class='ocrx_word' id='word_1_823' title='bbox 1897 4727 2110 4786; x_wconf 89' lang='lat' dir='ltr'><strong>patrum</strong></span> <span class='ocrx_word' id='word_1_824' title='bbox 2143 4719 2208 4771; x_wconf 86' lang='lat' dir='ltr'><strong>ad</strong></span> <span class='ocrx_word' id='word_1_825' title='bbox 2243 4718 2402 4784; x_wconf 82' lang='lat' dir='ltr'><strong>lilios,</strong></span> <span class='ocrx_word' id='word_1_826' title='bbox 2431 4721 2533 4774; x_wconf 85' lang='lat' dir='ltr'><strong>hoc</strong></span> <span class='ocrx_word' id='word_1_827' title='bbox 2563 4731 2668 4787; x_wconf 86' lang='lat' dir='ltr'><strong>est,</strong></span> <span class='ocrx_word' id='word_1_828' title='bbox 2708 4721 3057 4777; x_wconf 73' lang='lat' dir='ltr'><strong>llebrzcorum</strong></span> <span class='ocrx_word' id='word_1_829' title='bbox 3094 4728 3161 4778; x_wconf 90' lang='lat' dir='ltr'><strong>ad</strong></span> <span class='ocrx_word' id='word_1_830' title='bbox 3195 4727 3491 4796; x_wconf 83' lang='lat' dir='ltr'><strong>apostolos.</strong></span> 
     </span>
    </p>
   </div>
   <div class='ocr_carea' id='block_1_107' title="bbox 1893 4812 3488 4892">
    <p class='ocr_par' dir='ltr' id='par_1_107' title="bbox 1893 4812 3488 4892">
     <span class='ocr_line' id='line_1_107' title="bbox 1893 4812 3488 4892; baseline 0.009 -27"><span class='ocrx_word' id='word_1_831' title='bbox 1893 4812 2083 4866; x_wconf 83' lang='lat' dir='ltr'><strong>Patres</strong></span> <span class='ocrx_word' id='word_1_832' title='bbox 2113 4815 2256 4868; x_wconf 85' lang='lat' dir='ltr'><strong>enim</strong></span> <span class='ocrx_word' id='word_1_833' title='bbox 2286 4815 2505 4870; x_wconf 81' lang='lat' dir='ltr'><strong>fuerunt</strong></span> <span class='ocrx_word' id='word_1_834' title='bbox 2530 4816 2725 4882; x_wconf 71' lang='lat' dir='ltr'><strong>Jutlwi,</strong></span> <span class='ocrx_word' id='word_1_835' title='bbox 2759 4818 2972 4873; x_wconf 82' lang='lat' dir='ltr'><strong>illorum</strong></span> <span class='ocrx_word' id='word_1_836' title='bbox 3002 4831 3180 4874; x_wconf 81' lang='lat' dir='ltr'><strong>autem</strong></span> <span class='ocrx_word' id='word_1_837' title='bbox 3205 4819 3302 4880; x_wconf 69' lang='lat' dir='ltr'><strong>lilii</strong></span> <span class='ocrx_word' id='word_1_838' title='bbox 3357 4837 3488 4892; x_wconf 85' lang='lat' dir='ltr'><strong>apo-</strong></span> 
     </span>
    </p>
   </div>
   <div class='ocr_carea' id='block_1_108' title="bbox 1894 4905 3493 4984">
    <p class='ocr_par' dir='ltr' id='par_1_108' title="bbox 1894 4905 3493 4984">
     <span class='ocr_line' id='line_1_108' title="bbox 1894 4905 3493 4984; baseline 0.007 -23"><span class='ocrx_word' id='word_1_839' title='bbox 1894 4905 2042 4961; x_wconf 87' lang='lat' dir='ltr'><strong>stoli.</strong></span> <span class='ocrx_word' id='word_1_840' title='bbox 2067 4905 2353 4960; x_wconf 87' lang='lat' dir='ltr'><strong>Convertit</strong></span> <span class='ocrx_word' id='word_1_841' title='bbox 2380 4908 2540 4975; x_wconf 75' lang='lat' dir='ltr'><strong>igitur</strong></span> <span class='ocrx_word' id='word_1_842' title='bbox 2566 4912 2729 4962; x_wconf 75' lang='lat' dir='ltr'><strong>corda</strong></span> <span class='ocrx_word' id='word_1_843' title='bbox 2752 4908 3070 4966; x_wconf 76' lang='lat' dir='ltr'><strong>Judaeorum</strong></span> <span class='ocrx_word' id='word_1_844' title='bbox 3099 4913 3164 4965; x_wconf 86' lang='lat' dir='ltr'><strong>ad</strong></span> <span class='ocrx_word' id='word_1_845' title='bbox 3191 4915 3493 4984; x_wconf 78' lang='lat' dir='ltr'><strong>apostolos,</strong></span> 
     </span>
    </p>
   </div>
   <div class='ocr_carea' id='block_1_109' title="bbox 1893 4997 3495 5069">
    <p class='ocr_par' dir='ltr' id='par_1_109' title="bbox 1893 4997 3495 5069">
     <span class='ocr_line' id='line_1_109' title="bbox 1893 4997 3495 5069; baseline 0.008 -20"><span class='ocrx_word' id='word_1_846' title='bbox 1893 4997 2097 5052; x_wconf 86' lang='lat' dir='ltr'><strong>docens</strong></span> <span class='ocrx_word' id='word_1_847' title='bbox 2141 5007 2196 5052; x_wconf 90' lang='lat' dir='ltr'><strong>et</strong></span> <span class='ocrx_word' id='word_1_848' title='bbox 2243 4999 2546 5054; x_wconf 75' lang='lat' dir='ltr'><strong>testificaris</strong></span> <span class='ocrx_word' id='word_1_849' title='bbox 2601 5001 2666 5054; x_wconf 89' lang='lat' dir='ltr'><strong>de</strong></span> <span class='ocrx_word' id='word_1_850' title='bbox 2719 4999 2964 5057; x_wconf 84' lang='lat' dir='ltr'><strong>Christo.</strong></span> <span class='ocrx_word' id='word_1_851' title='bbox 3023 5003 3125 5069; x_wconf 87' lang='lat' dir='ltr'><strong>Qni</strong></span> <span class='ocrx_word' id='word_1_852' title='bbox 3188 5018 3368 5060; x_wconf 75' lang='lat' dir='ltr'><strong>mitem</strong></span> <span class='ocrx_word' id='word_1_853' title='bbox 3428 5009 3495 5062; x_wconf 85' lang='lat' dir='ltr'><strong>de</strong></span> 
     </span>
    </p>
   </div>
   <div class='ocr_carea' id='block_1_110' title="bbox 1892 5089 3492 5162">
    <p class='ocr_par' dir='ltr' id='par_1_110' title="bbox 1892 5089 3492 5162">
     <span class='ocr_line' id='line_1_110' title="bbox 1892 5089 3492 5162; baseline 0.006 -18"><span class='ocrx_word' id='word_1_854' title='bbox 1892 5089 2116 5145; x_wconf 75' lang='lat' dir='ltr'><strong>Christo</strong></span> <span class='ocrx_word' id='word_1_855' title='bbox 2165 5099 2401 5146; x_wconf 86' lang='lat' dir='ltr'><strong>testatur</strong></span> <span class='ocrx_word' id='word_1_856' title='bbox 2425 5094 2650 5148; x_wconf 90' lang='lat' dir='ltr'><strong>omnino</strong></span> <span class='ocrx_word' id='word_1_857' title='bbox 2706 5094 2813 5150; x_wconf 77' lang='lat' dir='ltr'><strong>(ide</strong></span> <span class='ocrx_word' id='word_1_858' title='bbox 2852 5095 3044 5162; x_wconf 75' lang='lat' dir='ltr'><strong>dignos</strong></span> <span class='ocrx_word' id='word_1_859' title='bbox 3077 5097 3205 5151; x_wconf 78' lang='lat' dir='ltr'><strong>facit</strong></span> <span class='ocrx_word' id='word_1_860' title='bbox 3242 5110 3294 5152; x_wconf 87' lang='lat' dir='ltr'><strong>et</strong></span> <span class='ocrx_word' id='word_1_861' title='bbox 3325 5099 3492 5154; x_wconf 83' lang='lat' dir='ltr'><strong>disci-</strong></span> 
     </span>
    </p>
   </div>
   <div class='ocr_carea' id='block_1_111' title="bbox 1897 5181 3493 5255">
    <p class='ocr_par' dir='ltr' id='par_1_111' title="bbox 1897 5181 3493 5255">
     <span class='ocr_line' id='line_1_111' title="bbox 1897 5181 3493 5255; baseline 0.007 -20"><span class='ocrx_word' id='word_1_862' title='bbox 1897 5181 2056 5253; x_wconf 86' lang='lat' dir='ltr'><strong>pulos</strong></span> <span class='ocrx_word' id='word_1_863' title='bbox 2109 5183 2302 5253; x_wconf 83' lang='lat' dir='ltr'><strong>ipsius.</strong></span> <span class='ocrx_word' id='word_1_864' title='bbox 2349 5183 2466 5239; x_wconf 82' lang='lat' dir='ltr'><strong>Non</strong></span> <span class='ocrx_word' id='word_1_865' title='bbox 2516 5201 2709 5241; x_wconf 90' lang='lat' dir='ltr'><strong>omnes</strong></span> <span class='ocrx_word' id='word_1_866' title='bbox 2759 5189 3031 5243; x_wconf 89' lang='lat' dir='ltr'><strong>convertit</strong></span> <span class='ocrx_word' id='word_1_867' title='bbox 3078 5187 3338 5255; x_wconf 86' lang='lat' dir='ltr'><strong>Joannes,</strong></span> <span class='ocrx_word' id='word_1_868' title='bbox 3397 5194 3493 5246; x_wconf 90' lang='lat' dir='ltr'><strong>sed</strong></span> 
     </span>
    </p>
   </div>
   <div class='ocr_carea' id='block_1_112' title="bbox 1892 5272 3489 5336">
    <p class='ocr_par' dir='ltr' id='par_1_112' title="bbox 1892 5272 3489 5336">
     <span class='ocr_line' id='line_1_112' title="bbox 1892 5272 3489 5336; baseline 0.005 -8"><span class='ocrx_word' id='word_1_869' title='bbox 1892 5273 2127 5329; x_wconf 87' lang='lat' dir='ltr'><strong>multos:</strong></span> <span class='ocrx_word' id='word_1_870' title='bbox 2179 5272 2434 5329; x_wconf 87' lang='lat' dir='ltr'><strong>Christus</strong></span> <span class='ocrx_word' id='word_1_871' title='bbox 2487 5287 2668 5330; x_wconf 89' lang='lat' dir='ltr'><strong>autem</strong></span> <span class='ocrx_word' id='word_1_872' title='bbox 2697 5292 2887 5334; x_wconf 82' lang='lat' dir='ltr'><strong>omnes</strong></span> <span class='ocrx_word' id='word_1_873' title='bbox 2940 5280 3293 5335; x_wconf 86' lang='lat' dir='ltr'><strong>illuminavit.</strong></span> <span class='ocrx_word' id='word_1_874' title='bbox 3335 5284 3403 5336; x_wconf 80' lang='lat' dir='ltr'><strong>At</strong></span> <span class='ocrx_word' id='word_1_875' title='bbox 3437 5283 3489 5336; x_wconf 92' lang='lat' dir='ltr'><strong>in</strong></span> 
     </span>
    </p>
   </div>
   <div class='ocr_carea' id='block_1_113' title="bbox 1891 5365 3489 5439">
    <p class='ocr_par' dir='ltr' id='par_1_113' title="bbox 1891 5365 3489 5439">
     <span class='ocr_line' id='line_1_113' title="bbox 1891 5365 3489 5439; baseline 0.006 -19"><span class='ocrx_word' id='word_1_876' title='bbox 1891 5365 2084 5436; x_wconf 89' lang='lat' dir='ltr'><strong>spiritu</strong></span> <span class='ocrx_word' id='word_1_877' title='bbox 2121 5367 2253 5423; x_wconf 69' lang='lat' dir='ltr'><strong>Elia:</strong></span> <span class='ocrx_word' id='word_1_878' title='bbox 2285 5371 2582 5439; x_wconf 62' lang='lat' dir='ltr'><strong>praecessit.</strong></span> <span class='ocrx_word' id='word_1_879' title='bbox 2650 5369 2805 5426; x_wconf 89' lang='lat' dir='ltr'><strong>Sicut</strong></span> <span class='ocrx_word' id='word_1_880' title='bbox 2852 5372 2997 5427; x_wconf 90' lang='lat' dir='ltr'><strong>enim</strong></span> <span class='ocrx_word' id='word_1_881' title='bbox 3051 5375 3100 5429; x_wconf 92' lang='lat' dir='ltr'><strong>in</strong></span> <span class='ocrx_word' id='word_1_882' title='bbox 3158 5374 3270 5429; x_wconf 83' lang='lat' dir='ltr'><strong>Elia</strong></span> <span class='ocrx_word' id='word_1_883' title='bbox 3297 5373 3489 5430; x_wconf 80' lang='lat' dir='ltr'><strong>emcax</strong></span> 
     </span>
    </p>
   </div>
   <div class='ocr_carea' id='block_1_114' title="bbox 1891 5456 3486 5525">
    <p class='ocr_par' dir='ltr' id='par_1_114' title="bbox 1891 5456 3486 5525">
     <span class='ocr_line' id='line_1_114' title="bbox 1891 5456 3486 5525; baseline 0.009 -17"><span class='ocrx_word' id='word_1_884' title='bbox 1891 5456 1992 5510; x_wconf 82' lang='lat' dir='ltr'><strong>iuit</strong></span> <span class='ocrx_word' id='word_1_885' title='bbox 2016 5457 2214 5525; x_wconf 77' lang='lat' dir='ltr'><strong>gratia,</strong></span> <span class='ocrx_word' id='word_1_886' title='bbox 2241 5459 2316 5512; x_wconf 90' lang='lat' dir='ltr'><strong>ita</strong></span> <span class='ocrx_word' id='word_1_887' title='bbox 2351 5469 2407 5514; x_wconf 88' lang='lat' dir='ltr'><strong>et</strong></span> <span class='ocrx_word' id='word_1_888' title='bbox 2436 5462 2487 5516; x_wconf 94' lang='lat' dir='ltr'><strong>in</strong></span> <span class='ocrx_word' id='word_1_889' title='bbox 2533 5459 2756 5518; x_wconf 84' lang='lat' dir='ltr'><strong>Joanne.</strong></span> <span class='ocrx_word' id='word_1_890' title='bbox 2817 5463 2884 5516; x_wconf 90' lang='lat' dir='ltr'><strong>Et</strong></span> <span class='ocrx_word' id='word_1_891' title='bbox 2915 5466 3056 5520; x_wconf 89' lang='lat' dir='ltr'><strong>sicut</strong></span> <span class='ocrx_word' id='word_1_892' title='bbox 3085 5466 3230 5521; x_wconf 83' lang='lat' dir='ltr'><strong>Elias</strong></span> <span class='ocrx_word' id='word_1_893' title='bbox 3260 5468 3486 5522; x_wconf 87' lang='lat' dir='ltr'><strong>secundi</strong></span> 
     </span>
    </p>
   </div>
   <div class='ocr_carea' id='block_1_115' title="bbox 1887 5550 3480 5628">
    <p class='ocr_par' dir='ltr' id='par_1_115' title="bbox 1887 5550 3480 5628">
     <span class='ocr_line' id='line_1_115' title="bbox 1887 5550 3480 5628; baseline 0.007 -25"><span class='ocrx_word' id='word_1_894' title='bbox 1887 5550 2156 5604; x_wconf 78' lang='lat' dir='ltr'><strong>adventus</strong></span> <span class='ocrx_word' id='word_1_895' title='bbox 2188 5566 2514 5620; x_wconf 69' lang='lat' dir='ltr'><strong>prazcursor,</strong></span> <span class='ocrx_word' id='word_1_896' title='bbox 2554 5555 2629 5610; x_wconf 90' lang='lat' dir='ltr'><strong>ita</strong></span> <span class='ocrx_word' id='word_1_897' title='bbox 2658 5564 2713 5611; x_wconf 88' lang='lat' dir='ltr'><strong>et</strong></span> <span class='ocrx_word' id='word_1_898' title='bbox 2743 5555 2982 5613; x_wconf 86' lang='lat' dir='ltr'><strong>Joannes</strong></span> <span class='ocrx_word' id='word_1_899' title='bbox 3019 5558 3206 5628; x_wconf 88' lang='lat' dir='ltr'><strong>primi.</strong></span> <span class='ocrx_word' id='word_1_900' title='bbox 3257 5559 3315 5613; x_wconf 90' lang='lat' dir='ltr'><strong>ln</strong></span> <span class='ocrx_word' id='word_1_901' title='bbox 3365 5560 3480 5614; x_wconf 86' lang='lat' dir='ltr'><strong>vir-</strong></span> 
     </span>
    </p>
   </div>
   <div class='ocr_carea' id='block_1_116' title="bbox 1890 5643 3478 5721">
    <p class='ocr_par' dir='ltr' id='par_1_116' title="bbox 1890 5643 3478 5721">
     <span class='ocr_line' id='line_1_116' title="bbox 1890 5643 3478 5721; baseline 0.008 -26"><span class='ocrx_word' id='word_1_902' title='bbox 1890 5651 2004 5696; x_wconf 88' lang='lat' dir='ltr'><strong>tute</strong></span> <span class='ocrx_word' id='word_1_903' title='bbox 2041 5652 2220 5698; x_wconf 87' lang='lat' dir='ltr'><strong>autetn</strong></span> <span class='ocrx_word' id='word_1_904' title='bbox 2257 5643 2412 5713; x_wconf 65' lang='lat' dir='ltr'><strong>Elia),</strong></span> <span class='ocrx_word' id='word_1_905' title='bbox 2474 5663 2540 5703; x_wconf 93' lang='lat' dir='ltr'><strong>eo</strong></span> <span class='ocrx_word' id='word_1_906' title='bbox 2575 5651 2720 5719; x_wconf 88' lang='lat' dir='ltr'><strong>quod</strong></span> <span class='ocrx_word' id='word_1_907' title='bbox 2769 5651 2910 5704; x_wconf 88' lang='lat' dir='ltr'><strong>idem</strong></span> <span class='ocrx_word' id='word_1_908' title='bbox 2944 5661 3178 5721; x_wconf 88' lang='lat' dir='ltr'><strong>possunt</strong></span> <span class='ocrx_word' id='word_1_909' title='bbox 3209 5652 3478 5707; x_wconf 85' lang='lat' dir='ltr'><strong>adventus</strong></span> 
     </span>
    </p>
   </div>
   <div class='ocr_carea' id='block_1_117' title="bbox 1886 5733 3470 5815">
    <p class='ocr_par' dir='ltr' id='par_1_117' title="bbox 1886 5733 3470 5815">
     <span class='ocr_line' id='line_1_117' title="bbox 1886 5733 3470 5815; baseline 0.005 -27"><span class='ocrx_word' id='word_1_910' title='bbox 1886 5733 2196 5803; x_wconf 85' lang='lat' dir='ltr'><strong>amborum;</strong></span> <span class='ocrx_word' id='word_1_911' title='bbox 2239 5738 2402 5794; x_wconf 88' lang='lat' dir='ltr'><strong>ambo</strong></span> <span class='ocrx_word' id='word_1_912' title='bbox 2426 5739 2574 5796; x_wconf 85' lang='lat' dir='ltr'><strong>enim</strong></span> <span class='ocrx_word' id='word_1_913' title='bbox 2609 5741 2675 5796; x_wconf 86' lang='lat' dir='ltr'><strong>ad</strong></span> <span class='ocrx_word' id='word_1_914' title='bbox 2699 5739 2982 5798; x_wconf 87' lang='lat' dir='ltr'><strong>Christum</strong></span> <span class='ocrx_word' id='word_1_915' title='bbox 3008 5751 3368 5815; x_wconf 78' lang='lat' dir='ltr'><strong>congregant.</strong></span> <span class='ocrx_word' id='word_1_916' title='bbox 3409 5741 3470 5798; x_wconf 64' lang='lat' dir='ltr'><strong>Et</strong></span> 
     </span>
    </p>
   </div>
  </div>
