4022 6532
259 465 361 535 τοι

1016 457 1468 524 ENARRATIO
1513 456 1593 519 IN
1627 453 2133 517 EVANGELIUM
2156 456 2389 521 ΗΕΒ.
2428 483 2499 496 -
2535 454 2699 520 CAP.
2740 460 2791 521 Ι.

3453 453 3560 517 732

262 583 361 638 καὶ
385 581 491 646 ῑως
525 572 588 635 οὗ
614 575 978 650 έτελέσθησαν
1014 577 1073 630 ai
1106 575 1320 648 ἡμέραι
1359 572 1462 644 τῆς
1503 572 1851 641 λειτουργίας

1966 574 2316 641 tuam,donee
2330 572 2539 644 impleti
2561 582 2747 631 essent
2766 572 2883 629 dies
2900 569 3195 628 ministerii
3213 567 3565 631 sui,assedit-

260 672 454 740 αὑτοῦ,
481 674 583 727 οὐκ
609 670 853 741 ἀπῆλθεν
882 670 965 733 είς
989 669 1083 723 τὸν
1111 664 1260 723 οἷκον
1284 666 1478 727 αὑτοῦ.
1514 663 1654 719 ἀλλά
1686 682 1857 734 προσ·

262 766 461 837 ήδρευε
502 763 579 834 τῷ
637 762 787 834 ναῷ’
826 763 1111 835 ἀπῴκιστο
1139 762 1239 831 μὲν
1275 758 1385 830 γὰρ
1436 760 1470 829 ἡ
1505 757 1693 829 ὀρεινὴ
1726 758 1862 827 ἀλη⁹

262 857 374 921 θῶς
399 856 493 911 καὶ
512 857 709 926 άπεῖχε
732 855 832 925 τῆς
856 854 1219 926 Ἰερουσαλήμ
1244 868 1258 883 ο
1286 850 1429 923 πλὴν
1453 850 1573 904 ἀλλ’
1598 852 1647 904 εί
1678 850 1775 904 καὶ
1802 850 1859 903 ὲν

261 951 449 1013 αὺτοῖς
471 950 587 1011 τοῖς
628 944 1025 1017 Ἰεροσολύμοις
1050 940 1166 1016 εἶχε
1195 944 1289 998 τὸν
1318 939 1468 997 οἷκον
1491 945 1520 997 ὁ
1538 944 1741 1013 ἱερεὺς,
1759 944 1860 997 οὑκ

262 1038 573 1109 έξῆνιαὺτῷ
600 1037 710 1104 ἔξω
734 1038 837 1107 τῆς
886 1036 1060 1107 αὐλῆς
1094 1034 1191 1090 τοῦ
1241 1034 1375 1090 ναοῦ
1410 1033 1672 1089 ἀπελθεῖν
1714 1035 1861 1089 κατὰ

260 1132 356 1186 τδν
382 1131 577 1202 καιρὸν
624 1131 724 1203 τῆς
782 1130 1093 1201 έφημερίας
1141 1127 1309 1183 αὑτοῦ
1332 1144 1345 1159 ο
1374 1129 1567 1198 ἡμεῖς,
1594 1126 1671 1191 δὲ,
1713 1126 1855 1195 φεῦί

261 1221 384 1286 πῶς
414 1218 878 1291 καταφρονοῦμεν
912 1218 1023 1273 τῶν
1053 1217 1218 1272 θείων
1276 1213 1630 1287 ὑπηρεσιῶνί
1677 1216 1751 1270 Τὸ
1799 1217 1858 1271 δὲ

263 1314 341 1385 μὴ
386 1312 651 1368 δύνασθαι
708 1311 807 1382 μιν
840 1309 1025 1365 λαλεῖν
1045 1311 1136 1364 τὸν
1162 1311 1466 1381 Ζαχαρίαν,
1498 1312 1769 1366 διανεύειν
1798 1309 1859 1363 δέ

258 1403 342 1477 τῷ
376 1404 513 1475 λαῷ,
533 1405 635 1475 τὴν
662 1402 775 1457 τῶν
814 1401 1089 1456 Ἰουδαίων
1133 1402 1333 1470 ἀλογον
1366 1401 1649 1456 πολιτείαν
1674 1402 1854 1471 δηλοῖο

257 1496 687 1558 ἀποκτείναντες
716 1492 827 1564 γάρ
846 1493 939 1545 τὸν
960 1491 1155 1560 Λόγον,
1174 1491 1236 1544 οὐ
1263 1490 1520 1545 δύνανται
1545 1490 1703 1559 λόγον
1726 1491 1858 1543 ἀπο-

256 1587 446 1643 δοῦναι
484 1587 611 1657 περὶ
655 1578 731 1640 ὧν
778 1585 1117 1657 πράττουσιν
1166 1584 1200 1654 ἢ
1251 1582 1528 1653 λέγουσιν,
1585 1582 1723 1637 ἀλλά
1752 1581 1859 1636 κᾶν

257 1678 603 1751 προφητικόν
616 1695 669 1731 τι
691 1678 889 1742 αὐτοὺς
917 1678 1153 1749 έρωτᾷς,
1180 1675 1648 1745 ἐπιστομίζονται,
1679 1675 1773 1729 καὶ
1794 1674 1856 1728 οὐ

255 1772 518 1827 δύνανταί
550 1788 634 1825 σοι
665 1771 825 1840 λόγον
857 1771 954 1824 καὶ⁵
976 1771 1275 1841 ἀπόκρισιν
1313 1768 1638 1826 ἀποδοῦναι.

334 1884 355 1917 ε
395 1864 553 1919 Μετά
582 1863 640 1918 δέ
666 1864 872 1927 ταύτας
899 1862 999 1927 τὰς
1052 1862 1271 1935 ἡμέρας
1300 1860 1595 1915 συνέλαϐεν
1636 1858 1855 1913 Ἐλισάσ

256 1957 358 2011 ϐετ
379 1958 413 2027 ἡ
467 1956 606 2027 γυνὴ
639 1954 806 2011 αὑτοῦ
827 1994 843 2021 ,
875 1954 972 2009 καὶ
1020 1954 1388 2027 περιέκρυϐεν
1424 1953 1627 2023 έαυτὴν
1677 1953 1856 2024 μῆνας

256 2051 448 2114 πέντε,
485 2049 718 2118 λέγουσα
745 2050 852 2113 δτι,
881 2045 1041 2102 Οὕτω
1069 2065 1161 2119 μοι
1188 2047 1489 2119 πεποίηκεν
1516 2048 1545 2101 ὁ
1572 2046 1777 2116 Κύριος
1798 2046 1856 2099 ἑν

255 2141 503 2213 ἡμέραις
532 2136 622 2205 αἷς
674 2141 889 2195 ἐπεῖδεν
927 2140 1150 2209 ἀφελεῖν
1197 2139 1260 2193 τὸ
1299 2139 1503 2203 δνειδός
1531 2156 1633 2208 μου
1660 2139 1719 2192 έν
1760 2139 1856 2190 ἁν-

255 2232 523 2306 θρώτοοις.
560 2250 579 2285 ι
636 2232 883 2302 Σώφρων
915 2228 1052 2287 οὖσα
1085 2234 1119 2305 ή
1165 2232 1472 2297 Ἐλισάϐετ,
1521 2232 1725 2304 nemo,
1760 2229 1857 2284 καὶ

253 2326 347 2381 διὰ
378 2325 538 2380 τοῦτο
570 2325 982 2398 περιέκρυπτεν
1001 2326 1226 2398 ἑαυτὴν,
1252 2324 1341 2379 διὰ
1376 2325 1439 2378 τὸ
1467 2324 1526 2379 έν
1561 2324 1710 2395 γήρᾳ
1732 2321 1858 2376 συλ-

253 2416 481 2471 λαϐεῖν·
513 2416 607 2470 ἐπὶ
655 2417 834 2487 μῆνας
863 2415 923 2469 δὲ
958 2416 1124 2471 πέντε
1174 2416 1583 2488 περιέκρυπτεν
1625 2414 1855 2484 ἑαυτὴν,

252 2513 363 2575 ἕως
397 2504 461 2565 οῦ
501 2510 597 2564 καὶ
623 2510 656 2580 ἡ
686 2509 878 2580 Μαρία
910 2510 1167 2565 συλλάϐοι
1188 2526 1205 2543 ⁸
1234 2510 1327 2580 ἀφ’
1364 2503 1425 2563 οὗ
1456 2509 1514 2563 δέ
1542 2509 1638 2563 καὶ
1671 2506 1857 2576 εκείνη

254 2600 543 2667 συνέλαϐε,
585 2600 683 2654 καὶ
710 2601 1008 2673 ἐσκίρτησε
1035 2601 1098 2655 τὸ
1124 2600 1325 2672 βρέφος
1357 2603 1415 2655 έν
1448 2604 1516 2671 τῇ
1551 2599 1732 2670 κοιλίᾳ
1754 2599 1857 2652 αὒ-

250 2696 377 2766 τῆς,
400 2696 502 2749 οὐκ
524 2693 605 2748 ἐτι
629 2694 905 2765 ἔκρυπτεν
934 2695 1159 2767 ἑαυτὴν,
1200 2695 1343 2750 ἀλλά
1388 2694 1485 2747 καὶ
1508 2691 1859 2765 έπαῤῥησιά·

254 2802 393 2839 σατο
416 2784 505 2849 ἂν,
537 2785 613 2848 ὡς
641 2785 894 2839 τοιούτου
924 2786 1117 2850 παιδὸς
1150 2787 1360 2857 μήτηρ,
1394 2787 1488 2839 καὶ
1519 2785 1649 2856 πρὶν
1676 2783 1709 2853 ἢ
1734 2798 1861 2851 γεν-

253 2875 492 2948 νηθῆναι
515 2880 833 2949 προφητικῇ
872 2876 1002 2949 ἀξίᾳ
1023 2879 1413 2951 τετιμημένου.

333 2986 354 3019 ε
382 2968 476 3022 Ἕν
508 2968 564 3021 δε
601 2967 680 3039 τῷ
714 2971 845 3041 μηνὶ
880 2969 960 3041 τῷ
1002 2968 1147 3041 έκτῳ
1209 2971 1499 3043 ἀπεστάλη
1548 2973 1578 3027 ὁ
1627 2976 1861 3047 ἄγγελος

251 3058 502 3131 Γαϐριὴλ
531 3060 639 3114 ὑπὸ
666 3061 763 3114 τοῦ
810 3061 948 3115 Θεοῦ
1003 3062 1085 3126 είς
1136 3063 1295 3119 πόλιν
1324 3067 1427 3135 τῆς
1468 3067 1787 3137 Γαλιλαίας,

248 3151 431 3221 ὄνομα
448 3152 732 3225 Ναζαρέτ,
761 3154 899 3223 πρὸς
923 3154 1199 3226 παρθένον
1227 3161 1727 3230 μεμνηστευμένην
1761 3164 1859 3217 ἀν-

1961 682 2068 737 que
2116 669 2339 738 templo.
2376 668 2585 724 Aberat
2633 668 2780 724 enim
2816 680 2946 722 vere
2991 680 3021 719 a
3055 663 3363 720 Jerusalem
3401 674 3560 717 mon-

1964 771 2087 818 tana
2122 762 2290 833 regio.
2317 759 2586 830 Quamvis
2607 770 2791 816 autem
2824 769 2879 815 et
2902 756 3302 828 Hierosolymis
3336 755 3559 811 domum

1963 854 2264 921 habuisset,
2305 868 2412 909 non
2463 853 2711 909 licuisset
2760 860 2941 907 tamen
2985 848 3039 906 ei
3076 858 3233 903 extra
3288 846 3553 902 ambitum

1963 946 2145 1017 templi
2175 955 2503 1018 pertempus
2535 945 2671 1001 vicis
2705 959 2819 1002 suae
2843 944 3016 998 exire.
3045 939 3159 996 Nos
3180 949 3392 1001 autem,
3421 938 3557 1007 proh

1960 1040 2166 1109 pudor!
2196 1055 2358 1110 quam
2390 1039 2797 1095 contemnimus
2824 1036 3010 1091 divina
3056 1032 3361 1088 ministeria
3387 1031 3400 1084 ι
3435 1028 3559 1087 ϐαι-

1961 1142 2138 1188 terum
2166 1133 2314 1203 quod
2334 1130 2639 1188 Zacharias
2682 1145 2788 1186 non
2821 1137 3003 1201 potest
3034 1126 3211 1196 loqui,
3240 1124 3337 1181 sed
3381 1123 3561 1181 innuit

1959 1224 2182 1295 populo,
2211 1223 2490 1292 signiﬁcat
2534 1220 2914 1278 irrationaiem
2970 1217 3286 1274 Iudaeorum
3346 1216 3557 1271 vitam:

1958 1316 2086 1386 quia
2125 1316 2215 1372 ubi
2242 1317 2568 1372 occiderunt
2597 1313 2860 1371 Veritum.
2890 1324 2998 1367 non
3027 1317 3261 1381 possunt
3284 1308 3557 1364 rationem

1961 1410 2194 1464 reddere
2216 1411 2283 1465 de
2305 1409 2391 1464 his
2418 1424 2545 1478 quae
2564 1406 2648 1462 vel
2672 1407 2860 1462 dicunt
2888 1405 2970 1460 vel
3001 1402 3235 1459 faciunt.
3257 1401 3325 1458 Et
3353 1402 3401 1459 si
3429 1400 3563 1471 quid

1960 1502 2345 1573 propheticum
2406 1500 2855 1572 interrogaveris,
2892 1496 3306 1561 obmutescunt,
3339 1504 3406 1552 et
3448 1510 3559 1551 non

1961 1604 2187 1666 possunt
2227 1594 2325 1650 tibi
2361 1593 2444 1651 vel
2485 1606 2799 1651 sermonem
2827 1590 2913 1647 vel
2946 1601 3269 1661 responsum
3301 1588 3457 1646 dare.

2032 1870 2201 1926 Vsus.
2230 1868 2324 1934 2t,
2348 1868 2443 1924 25.
2475 1886 2495 1921 ι
2526 1866 2657 1924 Post
2686 1866 2788 1924 hos
2815 1872 2998 1937 autem
3030 1865 3151 1921 dies
3176 1863 3431 1932 concepit
3453 1861 3565 1918 Eli-

1963 1964 2156 2019 sabeth
2194 1978 2335 2018 uxor
2363 1960 2507 2027 cius,
2532 1968 2588 2015 et
2632 1958 2949 2015 occultabat
2993 1971 3054 2013 se
3089 1954 3372 2011 mensibus
3401 1956 3566 2026 quin-

1962 2074 2090 2129 que,
2117 2057 2338 2113 dicens:
2372 2053 2463 2110 Sic
2480 2053 2610 2109 fecit
2632 2052 2761 2109 mihi
2786 2050 3051 2106 Dominus
3073 2050 3127 2105 in
3145 2050 3339 2105 diebus
3361 2049 3566 2119 quibus

1962 2162 2049 2203 me
2082 2144 2346 2215 respexit,
2367 2154 2427 2199 ut
2450 2142 2697 2200 auferret
2719 2142 2981 2213 probrum
3008 2156 3193 2197 meum
3218 2140 3365 2196 inter
3390 2138 3567 2194 hemit-

1963 2251 2081 2293 nes.
2129 2254 2149 2290 ι
2181 2234 2487 2298 Elisabeth,
2526 2232 2786 2304 quoniam
2818 2241 2970 2289 casta
3009 2242 3151 2297 erat,
3179 2230 3564 2295 erubescebat.

1962 2340 2018 2387 et
2046 2339 2333 2399 propterea
2363 2326 2672 2383 occultabat
2716 2341 2798 2391 se,
2829 2340 2895 2381 eo
2933 2324 3081 2397 quod
3127 2339 3297 2380 senex
3359 2336 3565 2379 conce-

1962 2425 2153 2495 pisset.
2188 2420 2466 2478 “ensibus
2512 2431 2695 2475 autem
2726 2420 2970 2488 quinque
3012 2417 3311 2473 occultavit
3348 2430 3433 2479 se,
3471 2415 3570 2471 do-

1964 2530 2064 2571 nec
2083 2514 2253 2569 Maria
2310 2512 2646 2582 conciperet.
2697 2510 2804 2568 Ubi
2854 2520 3036 2566 autem
3073 2509 3159 2564 illa
3186 2507 3467 2577 concepit,
3512 2515 3573 2561 et

1963 2608 2262 2664 exsultavit
2304 2602 2484 2660 infans
2508 2604 2561 2659 in
2598 2614 2777 2667 utero,
2803 2618 2909 2657 non
2957 2602 3102 2658 ultra
3145 2616 3205 2658 se
3240 2599 3566 2665 occultavit,

1964 2700 2059 2756 sed
2094 2697 2269 2753 libere
2305 2697 2425 2759 ivit,
2462 2705 2651 2765 utpote
2685 2695 2823 2750 tanti
2859 2694 3018 2764 pueri
3047 2702 3247 2758 mater,
3277 2692 3370 2761 qui
3399 2691 3567 2747 etiam

1964 2801 2260 2860 antequam
2312 2798 2656 2856 nasceretur,
2711 2786 3105 2860 prophetarum
3158 2784 3425 2856 dignitate
3468 2780 3573 2839 fuit

1965 2886 2293 2941 honoratus.

2039 2977 2202 3033 Vsus.
2232 2977 2432 3033 26-30.
2475 2995 2495 3031 ε
2536 2977 2595 3032 In
2633 2989 2822 3032 mense
2859 2981 3040 3030 autem
3070 2982 3226 3028 sexto
3258 2972 3459 3026 missus
3485 2975 3571 3025 est

1963 3073 2191 3141 angelus
2218 3070 2383 3143 275
2434 3069 2656 3127 Gabriel
2688 3084 2719 3123 ε
2768 3069 2878 3124 Deo
2919 3069 2971 3121 in
3019 3066 3299 3121 civitatem
3334 3063 3574 3121 Galilca

1964 3166 2051 3221 cui
2079 3178 2278 3219 nomen
2308 3161 2607 3226 Naureth,
2642 3160 2710 3214 ad
2737 3159 3002 3228 virginem
3026 3158 3417 3228 desponsatam
3446 3157 3570 3211 viro

252 3242 371 3337 δρὶ,
396 3239 442 3311 ᾧ
480 3245 653 3337 δνομα
696 3245 917 3317 Ἰωσὴφ,
954 3246 1015 3312 έξ
1047 3248 1199 3302 οἴκου
1246 3250 1430 3304 Δαϐίδ.
1472 3252 1579 3304 Καὶ
1601 3254 1661 3305 τὸ
1691 3254 1857 3322 ὄνομα

1970 3258 2055 3313 cui
2085 3240 2289 3313 nomen
2321 3255 2686 3325 cratJoseph,
2732 3253 2801 3308 de
2832 3251 3225 3317 domoDavid,
3252 3264 3319 3305 ac
3372 3262 3572 3304 nomen

247 3336 355 3406 τῆς
394 3336 697 3405 παρθένου,
751 3339 1009 3409 Μαριάμ.
1058 3340 1174 3394 Καὶ
1224 3341 1488 3395 είσελθὼν
1546 3345 1574 3396 ὀ
1630 3344 1865 3412 ἄγγελος

248 3422 396 3499 πρὸς
433 3428 627 3501 αὐτὴν,
679 3426 824 3484 είπε’
860 3432 1059 3505 Χαῖρε,
1109 3435 1555 3507 κεχαριτωμένη.
1602 3440 1631 3491 ὁ
1660 3437 1864 3509 Κύριος

251 3521 401 3590 μετά
432 3522 930 3594 σοῦ.λεύλογημένη
969 3527 1035 3579 σὺ
1069 3528 1127 3580 έν
1155 3528 1426 3595 γυναιξίν.
1469 3528 1536 3582 Ἦ
1557 3529 1615 3583 δέ
1652 3530 1859 3597 ίδοῦσα,

246 3611 591 3684 διεταράχθη
625 3614 719 3666 ἐπὶ
750 3613 831 3683 τῷ
860 3612 1004 3685 λόγῳ
1049 3616 1241 3680 αὐτοῦ,
1270 3618 1367 3671 καὶ
1396 3618 1731 3688 διελογίζετο
1760 3637 1863 3674 πο·

244 3703 430 3769 ταπδς
460 3702 546 3775 ετη
597 3705 627 3757 ὀ
672 3706 966 3775 ἀσπασμὸς
1001 3700 1159 3772 οὗτος
1180 3723 1195 3739 ·
1254 3711 1352 3764 καὶ
1376 3705 1533 3764 εἷπεν
1575 3713 1603 3765 ὁ
1629 3712 1864 3783 ἀγχελος

245 3798 394 3868 αὐτῇ
421 3810 435 3825 ·
469 3796 561 3865 Μὴ
584 3796 775 3865 φοϐοῦ,
803 3801 1065 3871 Μαριάμο
1091 3796 1250 3872 εὗρες
1278 3804 1387 3873 γὰρ
1417 3805 1577 3873 χάριν
1599 3806 1754 3877 παρὰ
1784 3808 1863 3886 τῷ

243 3886 390 3955 Θεῷ.
431 3906 450 3940 ι
512 3889 679 3957 Μῆνα
727 3889 888 3943 ἕκτον
919 3891 1070 3959 λέγει
1104 3893 1197 3946 τὸν
1252 3894 1363 3948 ἀπὸ
1392 3896 1491 3965 τῆς
1541 3896 1864 3967 συλλήψεως

256 3977 543 4032 Ἰωάννου.
571 3979 739 4047 Λέγει
764 3980 823 4033 δέ
845 3998 911 4052 με
921 3984 1256 4053 μνηστεῦοαι
1278 3986 1378 4054 τὴν
1400 3987 1673 4057 παρθένον
1704 3988 1861 4059 ἀνδρὶ

243 4068 309 4135 ti
344 4070 506 4125 οἴκου
540 4071 729 4139 Δαϐὶδ,
784 4074 874 4129 ἵνα
914 4073 1084 4147 δείξῃ,
1121 4076 1204 4129 ὅτι
1236 4076 1334 4131 καὶ
1366 4079 1507 4151 αὑτὴ
1541 4082 1606 4134 ὲκ
1634 4081 1731 4134 τοῦ
1762 4084 1857 4151 γέ-

242 4178 376 4226 νους
397 4163 499 4218 τοῦ
533 4165 699 4220 Δαϐὶδ
732 4170 1037 4238 κατήγετοο
1069 4171 1136 4222 ὲκ
1175 4172 1287 4241 γὰρ
1327 4171 1423 4224 τοῦ
1452 4173 1620 4227 αὑτοῦ
1666 4176 1861 4243 γένους

242 4254 343 4307 καὶ
371 4256 477 4325 τῆς
506 4256 679 4323 αὐτῆς
703 4260 889 4328 σειρᾶς
914 4256 1053 4313 εἶναι
1115 4262 1364 4333 μφότερα
1395 4265 1466 4317 τὰ
1499 4264 1664 4337 μέρη,
1698 4267 1863 4336 νόμος

237 4340 335 4417 ἦν.
367 4347 600 4419 Ἐπειδὴ
634 4349 691 4402 δέ
725 4353 791 4420 τῇ
825 4350 934 4421 Εῦᾳ
968 4353 996 4406 ὁ
1030 4354 1069 4404 Κ
1098 4358 1236 4422 ἰριος
1304 4350 1479 4417 είπεν,
1528 4357 1618 4408 Ἐν
1660 4356 1861 4422 λύπαις

238 4437 376 4509 τέξῃ
408 4437 601 4503 τέκνα,
626 4438 743 4492 λύει
775 4441 875 4511 τήν
897 4442 1041 4514 λύπη
1106 4444 1314 4514 ταύτην
1344 4447 1377 4516 ἡ
1408 4447 1575 4516 χαρὰ,
1607 4448 1676 4520 ἢν
1704 4450 1732 4503 ὁ
1761 4450 1862 4519 ἀγ-

237 4528 409 4596 γελος
449 4525 753 4603 προσφέρὶι
777 4536 842 4603 τῇ
879 4535 1165 4607 Παρθένῳ,
1199 4536 1408 4604 λέγων·
1457 4538 1654 4608 Χαῖρε,
1697 4558 1860 4613 κεχα-

1973 3351 2199 3423 virginis
2223 3351 2419 3419 Maria.
2446 3349 2512 3403 Et
2542 3351 2827 3417 ingressus
2858 3346 3086 3417 angelus
3115 3345 3183 3400 ad
3214 3360 3336 3400 eam
3385 3344 3524 3399 dixit
3551 3360 3568 3400 :

1969 3443 2179 3509 Gaude,
2209 3444 2468 3512 gratiosa,
2514 3440 2782 3496 Dominus
2831 3450 3036 3504 tecum,
3066 3438 3355 3494 benedicta
3407 3448 3463 3492 tn
3516 3437 3570 3492 ln

1968 3536 2319 3592 mulieribus.
2349 3535 2445 3590 Illa
2468 3532 2622 3590 ’νει-ο
2654 3548 2782 3588 cum
2809 3532 3067 3597 vidisset,
3100 3532 3321 3587 turbata
3354 3540 3439 3585 est
3466 3544 3567 3585 su-

1968 3644 2069 3699 per
2108 3641 2366 3683 sermone
2400 3624 2541 3694 ejus,
2576 3634 2630 3681 et
2660 3625 2942 3694 cogitabat
2968 3622 3147 3692 qualis
3172 3630 3325 3677 esset
3354 3620 3443 3676 illa
3473 3636 3568 3677 sa-

1968 3698 2184 3776 lutatio.
2205 3718 2271 3775 Et
2301 3698 2442 3774 diiit
2463 3717 2693 3789 angelus
2722 3717 2803 3772 ei:
2831 3713 2912 3772 Ne
2941 3716 3161 3781 timeas,
3196 3713 3391 3778 Maria,
3416 3714 3572 3789 inve-

1967 3814 2094 3870 nisti
2128 3814 2273 3869 enim
2315 3813 2550 3880 gratiam
2604 3809 2748 3880 apud
2780 3809 2974 3866 Deum.
3010 3828 3029 3861 a
3068 3808 3310 3863 Mensem
3351 3786 3571 3862 aestum

1968 3908 2101 3963 dicit
2129 3922 2159 3961 a
2194 3920 2441 3977 tempore
2471 3920 2583 3973 quo
2609 3913 2921 3971 conceptus
2970 3901 3075 3956 fuit
3104 3898 3374 3960 Joannes.
3428 3898 3573 3953 Dicit

1968 4008 2147 4053 autem
2175 4000 2561 4067 desponsatam
2591 3996 2859 4067 virginem
2891 3994 3011 4047 viro
3049 3993 3151 4063 qui
3171 4000 3293 4047 erat
3314 3991 3382 4046 de
3407 3991 3572 4045 domo

1970 4092 2161 4154 David,
2196 4100 2254 4145 ut
2282 4093 2603 4147 ostenderet
2626 4100 2682 4145 et
2709 4089 2885 4159 ipsam
2918 4102 2983 4142 es
3014 4099 3215 4157 genere
3248 4083 3419 4139 David
3470 4082 3568 4137 de-

1965 4182 2289 4249 scendisse;
2348 4181 2507 4251 juxta
2555 4181 2728 4249 legem
2765 4180 2912 4232 enim
2944 4176 3206 4247 conjuges
3251 4189 3317 4230 ex
3375 4173 3568 4229 eodem

1966 4290 2169 4345 genere
2207 4284 2262 4329 et
2293 4274 2484 4329 eadem
2510 4272 2855 4344 cognationis
2888 4280 3082 4324 catena
3114 4274 3413 4339 prognatos
3447 4280 3570 4320 esse

1964 4368 2276 4437 oportebat.
2314 4364 2453 4432 Quia
2475 4372 2657 4418 autem
2694 4364 2829 4419 Erae
2853 4364 3060 4417 dictum
3094 4371 3215 4416 erat
3248 4376 3276 4414 a
3311 4357 3567 4423 Domino,

1963 4468 2024 4515 ut
2060 4459 2112 4513 in
2152 4457 2398 4513 tristitiis
2433 4458 2616 4526 pariat
2648 4456 2789 4510 lilios
2815 4456 2885 4519 ",
2912 4454 3078 4508 solvit
3105 4453 3387 4508 tristitiam
3420 4453 3568 4504 illam

1967 4552 2018 4605 in
2061 4550 2343 4621 gaudium.
2370 4550 2517 4618 quod
2570 4549 2798 4617 angelus
2822 4547 3035 4615 Virgini
3097 4544 3338 4599 aiierens
3392 4543 3568 4598 dicit:

238 4621 573 4712 ριτωμένη’
632 4623 754 4675 ἐπεὶ
778 4624 833 4676 δὲ
867 4628 1218 4697 κεκατήρατο
1271 4630 1303 4699 ἡ
1338 4627 1479 4691 Εὔα,
1509 4632 1855 4704 εὐλογημένη

1966 4642 2176 4703 Gaude,
2208 4642 2475 4712 gratiosa.
2510 4640 2577 4695 Et
2619 4641 2745 4707 quia
2800 4639 3089 4694 maledicm
3144 4637 3247 4692 fuit
3286 4636 3419 4700 Eva,
3450 4636 3565 4691 hac

235 4711 389 4782 αῦτη
452 4714 681 4767 ἀκούει·
723 4714 1057 4785 διελογίζετο
1120 4720 1177 4774 δὲ
1230 4724 1361 4790 περ)⁵
1402 4723 1494 4775 τοῦ
1554 4726 1853 4795 ἀσπασμοῦ

234 4808 500 4868 ποταπὸς
529 4809 616 4875 εἴη
648 4800 822 4874 οὗτος,
863 4811 936 4879 μὴ
965 4806 1073 4881 ἄρα
1113 4814 1313 4877 ἄτοπός
1336 4833 1418 4879 τις
1441 4818 1535 4870 καὶ
1572 4823 1852 4889 πορνικὸς,

233 4899 314 4961 ὡς
339 4900 401 4965 es
433 4900 634 4969 ἀνδρὸς
667 4902 799 4971 πρὸς
832 4905 1027 4972 κόρην,
1075 4905 1106 4975 ἦ
1140 4905 1284 4969 θεῖος
1308 4923 1322 4938 ·
1356 4909 1547 4979 ἐπειδὴ
1589 4914 1683 4965 καὶ
1713 4913 1850 4966 Θεοῦ

236 4993 444 5063 μνήμη
472 4992 693 5045 σύνεστι
715 4992 793 5063 τῷ
818 4996 1121 5066 ἀσπασμῷ,
1152 4998 1313 5064 τὸ,⁹0
1345 5000 1546 5071 Κύριος
1567 5003 1710 5073 μετά
1733 5006 1853 5060 σοῦ.

235 5084 481 5154 Πρῶτον
515 5084 574 5137 δὲ
603 5089 962 5141 καταστέλλει
1000 5088 1099 5159 τὴν
1148 5092 1376 5160 καρδίαν
1407 5095 1580 5163 αὐτῆς
1616 5096 1726 5149 ἀπὸ
1760 5098 1855 5153 τοῦ

233 5174 415 5242 φόϐου
440 5192 455 5207 ο
492 5174 568 5237 ὠς
610 5176 675 5229 ἂν
710 5180 768 5230 ἐν
824 5180 1097 5249 ἀταραξίᾳ
1148 5184 1454 5253 γενομένη,
1494 5187 1710 5255 δέξηται
1756 5192 1850 5261 τὴι

232 5265 397 5318 θείαν
429 5266 766 5336 ἀπόκρισιν·
826 5271 889 5322 οὑ
934 5272 1044 5341 γὰρ
1102 5275 1381 5345 ἐνεδέχετο
1435 5282 1856 5352 ταραττομένην

230 5359 441 5429 αὐτὴν,
490 5361 739 5431 ἀκριϐῶς
795 5365 1015 5419 ἀκούειν
1050 5366 1119 5419 τὰ
1152 5368 1576 5441 συμϐησόμενα·
1606 5376 1743 5445 ὅπερ
1796 5376 1854 5429 δὲ

228 5458 349 5515 ἀνω
372 5454 532 5517 εἷπε,
573 5461 1013 5528 κεχαριτωμένη,
1052 5459 1240 5531 ὥσπερ
1296 5464 1619 5533 ἑρμηνεύων
1660 5471 1848 5537 φησίν

230 5549 418 5622 Εὖρες
451 5550 565 5619 γὰρ
599 5550 762 5618 χάριν
794 5549 1026 5604 ἐνώπιον
1058 5554 1149 5606 τοῦ
1192 5556 1329 5608 Θεοῦ
1353 5573 1367 5585 ·
1399 5559 1559 5611 τοῦτο
1591 5562 1698 5630 γάρ
1732 5564 1851 5616 ἐστι

224 5646 290 5698 τὸ
344 5642 794 5715 κεχαριτώοθαι,
833 5643 894 5697 τὸ
953 5646 1136 5715 εὑρεῖν
1190 5650 1351 5720 χάριν
1409 5655 1560 5721 παρὰ
1590 5655 1668 5722 τῷ
1708 5656 1849 5725 Θεῷ,

227 5739 551 5800 τουτέστιν,
582 5738 782 5805 ἀρέσαι
806 5736 926 5806 Θεῷ
952 5755 963 5769 ·
997 5740 1133 5794 ὰ).λά
1159 5743 1314 5796 τοῦτο
1346 5744 1445 5815 μὲν
1475 5746 1654 5800 κοινόν
1675 5763 1690 5781 ο
1718 5749 1851 5803 πολ-

302 5920 347 5953 ⁶⁶
394 5920 543 5975 Cen.
576 5934 653 5983 ill,
688 5919 769 5975 16.

1966 4738 2165 4791 dicitur
2206 4738 2515 4790 benedicta.
2568 4734 2971 4790 Considerahat
3025 4743 3206 4787 autem
3256 4735 3322 4785 ile
3361 4730 3569 4783 saluta-

1966 4828 2132 4891 tione,
2164 4826 2472 4894 qualisnam
2509 4836 2674 4891 esset,
2715 4840 2844 4879 num
2900 4824 3141 4878 absurda
3170 4834 3223 4876 et
3263 4822 3562 4891 procntrix,

1965 4933 2027 4971 ac
2070 4918 2246 4985 qualis
2277 4918 2379 4971 viri
2413 4916 2481 4969 ad
2535 4917 2798 4987 puellam,
2842 4932 2911 4969 an
2962 4916 3180 4969 divina:
3212 4913 3341 4983 quia
3380 4921 3436 4966 et
3470 4910 3566 4967 Del

1966 5012 2170 5065 mentio
2192 5012 2333 5065 inter
2353 5009 2698 5064 salutandum
2725 5010 3029 5075 iact:i,cnm
3055 5010 3349 5073 diceretur,
3380 5006 3567 5061 Domi-

1963 5118 2068 5158 nus
2094 5114 2296 5159 tecum.
2326 5104 2570 5157 Primum
2613 5113 2796 5157 autem
2832 5104 3085 5157 timorem
3124 5116 3152 5155 a
3180 5104 3346 5155 corde
3392 5102 3567 5169 ipsius

1966 5198 2199 5266 sepeliit,
2262 5207 2319 5249 ut
2365 5198 2417 5250 in
2462 5201 2650 5261 quiete
2717 5198 3015 5252 constituta
3063 5196 3307 5251 divinum
3342 5208 3567 5259 respon-

1961 5276 2085 5346 sum
2134 5288 2388 5358 accipiat.
2423 5288 2614 5359 Neque
2665 5292 2811 5344 enim
2850 5288 2963 5343 lleri
3000 5297 3180 5357 potest
3230 5298 3286 5341 ut
3344 5287 3560 5339 turbata

1962 5384 2253 5455 diligvnter
2284 5386 2469 5438 audiat
2502 5400 2623 5453 qua:
2653 5392 2917 5439 eventura
2943 5394 3091 5436 sunt.
3128 5379 3302 5433 Porro
3328 5380 3381 5432 lil
3414 5378 3557 5447 quod

1960 5493 2122 5545 sui"La
2155 5478 2314 5543 diXil,
2343 5478 2604 5547 gratiosa,
2634 5478 2784 5545 quasi
2819 5478 3185 5538 interpretans
3210 5472 3374 5526 dicit:
3404 5468 3561 5522 Inve-

1962 5569 2089 5621 nisti
2132 5569 2277 5621 enini
2331 5570 2560 5637 gratiam
2617 5584 2801 5622 coram
2837 5567 3086 5621 Domino.
3134 5565 3243 5617 iioc
3284 5561 3426 5615 enim
3474 5568 3557 5613 est

1959 5662 2254 5731 gratiosam
2287 5676 2430 5723 es~e,
2459 5662 2541 5715 vel
2565 5662 2954 5731 gratiticatain,
2976 5664 3118 5729 quod
3148 5658 3411 5711 imeneril
3434 5668 3561 5722 gra-

1962 5754 2092 5808 tiam
2129 5752 2274 5823 apud
2322 5751 2517 5821 Deum,
2552 5754 2655 5807 hoc
2693 5758 2801 5819 est,
2854 5752 3117 5823 placuerit
3171 5748 3301 5806 Deo.
3356 5745 3556 5801 Verum
