4022 6534
266 470 367 540 τοι

1021 465 1172 527 ENA
1186 459 1473 525 RRATIO
1518 458 1597 521 IN
1633 454 2138 520 EVANGELIUM
2160 456 2394 523 LUC/8.
2432 484 2503 497 -
2540 455 2703 520 CAP.
2744 460 2795 522 Ι.

3458 452 3565 515 732

267 588 368 643 καὶ
391 585 498 650 ιως
531 576 593 639 οὗ
618 579 983 652 έτελέσθησαν
1020 580 1079 633 αί
1112 578 1325 651 ἡμέραι
1364 575 1467 646 τῆς
1508 574 1857 643 λειτουργίας

1977 574 2322 642 ιυοηι,ιιοοεο
2335 572 2543 645 impleti
2566 581 2753 631 essent
2770 572 2888 629 dies
2904 568 3200 628 ministerii
3219 566 3571 631 sul,assedit-

266 676 460 743 αὐτοῦ,
488 678 589 731 οὐκ
614 673 858 744 ἀπῆλθεν
887 674 970 737 είς
995 672 1089 726 τὸν
1116 667 1265 725 οἷκον
1290 669 1483 730 αὑτοῦ.
1520 666 1659 721 ἀλλά
1692 683 1862 736 προσ-

268 771 467 842 ήδρευε
509 766 585 838 τῷ
643 765 793 837 ναῷ*
831 766 1116 837 ἀπῴκιστο
1144 764 1244 834 μὲν
1280 761 1390 833 γὰρ
1442 762 1475 830 ἠ
1511 759 1699 831 ὀρεινὴ
1732 760 1868 828 ἀλη-

268 862 381 925 θῶς
405 860 499 915 καὶ
518 860 714 929 ἀπεῖχε
738 858 838 928 τῆς
862 857 1225 929 Ἰερουσαλήμ
1250 870 1264 886 °
1292 853 1435 925 πλὴν
1460 852 1579 907 ἀλλ’
1604 853 1652 905 εί
1684 851 1780 906 καὶ
1807 852 1865 903 ὲν

268 954 454 1017 αὺτοῖς
477 954 593 1015 τοῖς
633 948 1031 1021 Ἱεροσολύμοις
1056 943 1172 1019 εἶχε
1201 948 1295 1001 τδν
1324 941 1474 999 οἶκον
1497 947 1526 999 6
1544 945 1746 1015 ίερεὺς,
1764 946 1865 998 ούκ

267 1041 579 1113 έξῆνναύτῷ
606 1041 715 1108 ἔξω
740 1040 843 1110 τῆς
892 1039 1065 1109 αὐλῆς
1100 1037 1197 1093 τοῦ
1247 1037 1381 1093 ναοῦ
1416 1036 1678 1092 ἀπελθεῖν
1721 1036 1866 1091 κατά

266 1137 363 1190 τὸν
388 1134 584 1205 καιρὸν
631 1134 730 1205 τῆς
788 1133 1099 1204 ἐφημερίας
1147 1130 1351 1187 αὐτοῦ’
1381 1132 1574 1201 ἡμεῖς,
1600 1128 1678 1193 δὲ,
1719 1128 1861 1196 φεῦί

267 1225 390 1290 πῶς
421 1222 885 1295 καταφρονοῦμεν
918 1222 1029 1276 τῶν
1059 1221 1224 1275 θείων
1282 1216 1637 1289 ύπηρεσιῶνῐ
1683 1219 1758 1271 Τὸ
1806 1220 1864 1273 δδ

270 1318 348 1390 μὴ
392 1316 658 1371 δύνασθαι
715 1314 814 1385 μέν
846 1312 1031 1369 λαλεῖν
1052 1314 1143 1367 τὸν
1169 1312 1473 1384 Ζαχαρίαν,
1505 1314 1776 1369 διανεύειν
1806 1312 1865 1365 δέ

266 1407 348 1481 τῷ
382 1408 520 1478 λαῷ,
540 1408 642 1480 τὴν
669 1405 782 1460 τῶν
822 1404 1096 1459 Ἰουδαίων
1140 1404 1340 1473 ἀλογον
1372 1404 1656 1458 πολιτείαν
1680 1404 1861 1474 δηλοῖ’

266 1500 693 1561 ἀποκτείναντες
723 1495 834 1567 γὰρ
854 1496 946 1549 τὸν
967 1493 1163 1563 Λόγον,
1181 1494 1243 1547 ού
1270 1492 1527 1547 δύνανται
1552 1492 1710 1561 λόγον
1733 1493 1865 1545 ἀπο-

265 1590 454 1647 δοῦναι
491 1591 620 1661 περὶ⁵
662 1582 740 1644 ὧν
786 1587 1124 1659 πράττουσιν
1173 1586 1208 1657 ἢ
1259 1584 1536 1655 λέγουσιν,
1592 1584 1730 1639 ἀλλά
1758 1582 1865 1637 κάν

266 1682 612 1755 προφητικὼ
623 1699 677 1734 τι
699 1681 897 1745 αὐτοὺς
925 1680 1161 1751 έρωτᾷς,
1188 1677 1661 1748 ἐπιστομίζονται,
1686 1677 1781 1730 καὶ
1801 1675 1863 1730 ού

264 1776 526 1831 δύνανταί
558 1791 642 1829 σοι
673 1774 833 1843 λόγον
866 1773 963 1827 καὶ⁸
984 1774 1282 1844 ἀπόκρισιν
1321 1770 1645 1828 ἀποδοῦναι.

343 1888 364 1921 ε
403 1868 561 1924 Μετά
591 1867 649 1922 δὲ
674 1868 880 1931 ταύτας
907 1865 1007 1931 τὰς
1060 1864 1279 1936 ἡμέρας
1307 1862 1603 1918 συνέλαϐεν
1644 1860 1863 1915 Ἔλισά-

265 1962 366 2015 ϐετ
387 1962 421 2031 ἡ
475 1960 614 2031 γυνὴ
647 1958 815 2014 αὑτοῦ
836 1997 851 2024 ,
883 1957 981 2012 καὶ
1029 1956 1397 2030 περιέκρυϐεν
1433 1955 1635 2025 έαυτὴν
1685 1955 1864 2026 μῆνας

266 2054 456 2117 πέντε,
494 2053 727 2122 λέγουσα
754 2054 861 2116 δτι,
889 2049 1049 2105 Οὕτω
1076 2068 1170 2123 μοι
1195 2049 1498 2121 πεποίηκεν
1524 2051 1554 2104 6
1581 2048 1785 2119 Κύριος
1806 2048 1863 2101 εν

264 2145 511 2217 ἡμέραις
541 2139 631 2209 αἷς
683 2144 897 2198 έπεῖδεν
936 2143 1159 2213 ἀφελεῖν
1206 2141 1268 2195 τὸ
1307 2141 1511 2206 δνειδός
1540 2158 1642 2210 μου
1668 2141 1727 2193 έν
1768 2141 1864 2192 ἁν-

264 2236 532 2310 Θρώποις.
568 2253 588 2288 ι
646 2235 891 2306 Σώφρων
924 2231 1061 2291 οὖσα
1093 2237 1128 2307 η
1174 2235 1481 2300 Ἐλισάϐετ,
1530 2234 1734 2305 ῂόεῖτο,
1769 2230 1866 2286 καὶ

262 2331 357 2385 διὰ
387 2329 547 2383 τοῦτο
580 2329 992 2401 περιέκρυπτεν
1010 2328 1235 2400 ἑαυτὴν,
1262 2327 1351 2381 διά
1386 2327 1448 2380 τὸ
1476 2326 1536 2381 έν
1570 2326 1719 2395 γήρα
1740 2322 1866 2377 συλ⁶

263 2420 490 2476 λαϐεῖν·
522 2420 616 2474 ἐπὶ
665 2419 843 2491 μῆνας
872 2419 932 2473 δὲ
966 2419 1133 2474 πέντε
1183 2418 1593 2489 περιέκρυπτεν
1634 2415 1862 2485 ἑαυτὴν,

262 2517 372 2578 ἕως
406 2508 470 2569 οῦ
510 2514 607 2567 καὶ
632 2514 665 2584 η
696 2512 887 2583 Μαρία
918 2512 1177 2567 συλλάϐοι
1198 2528 1213 2545 ⁸
1243 2512 1337 2583 ἀφ’
1373 2504 1434 2565 οῦ
1466 2510 1525 2565 δὶ
1551 2510 1648 2565 καὶ
1681 2508 1865 2577 εκείνη

265 2604 553 2671 συνέλαϐε,
594 2604 692 2658 καὶ
720 2604 1017 2677 έσκίρτησε
1044 2604 1107 2659 τὸ
1134 2603 1335 2675 βρέφος
1366 2606 1424 2657 έν
1457 2605 1525 2673 τῇ
1560 2600 1741 2671 κοιλίᾳ
1764 2600 1866 2653 αύ-

260 2700 387 2770 τῆς,
410 2699 512 2753 οὐκ
533 2697 615 2751 [tt
638 2698 914 2768 έκρυπτεν
944 2698 1169 2771 ἑαυτὴν,
1209 2697 1352 2752 ἀλλά
1398 2697 1495 2749 καὶ
1518 2692 1867 2767 έπαρῤησιάο

264 2805 403 2843 σατο
427 2787 516 2852 ἂν,
547 2788 623 2852 ὠς
650 2788 905 2842 τοιούτου
933 2788 1125 2853 παιδὸς
1160 2790 1370 2860 μήτηρ,
1404 2788 1498 2842 καὶ
1528 2787 1659 2858 πρὶν
1685 2784 1719 2854 ἢ
1744 2800 1871 2852 γεν-

262 2879 503 2952 νηθῆναι
525 2883 843 2953 προφητικῇ
881 2879 1012 2952 ἀξίᾳ
1033 2881 1422 2954 τετιμημένου.

343 2990 365 3023 ε
394 2972 486 3026 Ἐν
518 2971 575 3025 δὲ
611 2970 691 3042 τῷ
724 2974 855 3044 μηνὶ
890 2972 970 3044 τῷ
1012 2972 1157 3045 ἱκτῳ
1219 2973 1509 3045 ἀπεστάλη
1559 2975 1588 3030 6
1637 2977 1869 3047 ἄγγελος

261 3062 513 3135 Γαϐριὴλ
542 3064 650 3117 ύπδ
677 3064 774 3117 τοῦ
820 3064 959 3118 Θεοῦ
1014 3065 1095 3129 είς
1146 3065 1305 3121 πόλιν
1334 3069 1437 3138 τῆς
1478 3069 1797 3139 Γαλιλαίας,

258 3156 441 3226 ὄνομα
458 3156 742 3229 Ναζαρέτ,
772 3158 910 3226 πρὸς
933 3157 1210 3229 παρθένον
1237 3163 1738 3232 μεμνηστευμένην
1771 3165 1869 3219 ἀν-

1966 684 2074 739 que
2122 670 2345 739 templo.
2380 668 2591 725 Aberat
2638 668 2785 725 enim
2820 680 2951 722 vere
2996 680 3026 719 a
3060 662 3368 719 Jerusalem
3406 673 3565 715 mon-

1970 772 2093 819 tana
2127 764 2295 834 regio.
2322 760 2591 830 Quamvis
2612 770 2796 815 autem
2829 768 2885 815 et
2908 755 3307 827 Hierosolymis
3341 754 3564 810 domum

1968 854 2271 921 habuisset,
2311 869 2419 910 non
2469 854 2716 909 licuisset
2765 859 2947 907 tamen
2991 848 3044 906 ei
3082 857 3238 902 extra
3293 846 3558 901 ambitum

1969 947 2151 1018 templi
2181 956 2509 1019 pertempus
2541 945 2677 1001 vicis
2710 960 2825 1001 suae
2848 944 3021 998 exire.
3052 938 3165 995 Nos
3186 942 3398 999 autem.
3427 936 3563 1006 prob

1966 1042 2172 1110 pudor!
2202 1055 2364 1111 quam
2396 1039 2803 1095 contemnimus
2830 1036 3015 1091 divina
3062 1031 3366 1087 ministeria
3393 1030 3406 1083 l
3441 1027 3564 1085 Cae-

1967 1144 2144 1190 terum
2172 1134 2319 1205 quod
2340 1131 2644 1188 Zacharias
2688 1145 2794 1185 non
2827 1136 3009 1200 potest
3041 1125 3217 1195 loqui,
3246 1123 3343 1180 sed
3387 1122 3567 1179 innuit

1966 1226 2188 1297 populo,
2218 1225 2497 1293 significat
2540 1220 2920 1278 irrationalem
2976 1217 3292 1274 Judaeorum
3352 1215 3562 1270 vitam:

1965 1318 2092 1387 quia
2131 1318 2221 1373 ubi
2248 1318 2575 1373 occiderunt
2603 1314 2866 1371 Verbum.
2897 1324 3005 1366 non
3034 1316 3268 1380 possunt
3290 1307 3563 1363 rationem

1968 1411 2200 1466 reddere
2222 1412 2288 1466 de
2311 1410 2397 1465 bis
2424 1424 2551 1479 qua?
2570 1407 2655 1462 vel
2678 1407 2867 1462 dicunt
2894 1404 2976 1459 vel
3008 1402 3242 1459 iaciunt.
3264 1400 3332 1457 Et
3359 1401 3407 1458 si
3436 1398 3569 1469 quid

1967 1503 2351 1575 prepheticum
2413 1500 2863 1573 interrogaveris,
2898 1497 3313 1561 obmutescunt,
3345 1504 3404 1549 et
3454 1508 3565 1550 non

1968 1605 2194 1667 possunt
2234 1594 2331 1651 tibi
2367 1594 2451 1651 vel
2492 1607 2805 1651 sermonem
2833 1590 2919 1647 vel
2952 1600 3276 1661 responsum
3308 1587 3463 1645 dare.

2040 1871 2208 1927 Vens.
2237 1868 2331 1935 ει,
2354 1869 2451 1925 25.
2482 1887 2502 1921 ε
2534 1866 2664 1925 Post
2694 1867 2795 1924 bos
2821 1874 3005 1938 autem
3037 1864 3158 1921 dies
3183 1862 3439 1932 concepit
3460 1859 3572 1917 Eli-

1970 1965 2164 2021 sabetb
2202 1978 2343 2019 uxor
2370 1960 2515 2027 eius,
2540 1968 2595 2016 et
2640 1958 2955 2016 occultabat
3000 1971 3062 2014 se
3096 1954 3379 2011 mensibus
3408 1955 3573 2025 quin-

1970 2074 2098 2131 que.
2125 2058 2345 2113 dicens:
2380 2054 2472 2111 Sic
2488 2054 2618 2109 fecit
2640 2053 2768 2110 mibi
2794 2050 3059 2106 Dominus
3080 2050 3134 2104 in
3152 2049 3347 2105 diebus
3368 2048 3574 2118 quibus

1970 2164 2057 2204 me
2091 2145 2354 2215 respexit,
2376 2154 2435 2201 ut
2458 2142 2704 2201 auferret
2726 2142 2989 2213 probrum
3016 2155 3201 2197 meum
3226 2140 3372 2195 inter
3398 2138 3575 2193 homiw

1971 2252 2089 2294 nes.
2137 2256 2157 2290 ι
2190 2235 2496 2299 Elisabetb,
2534 2231 2794 2304 quoniam
2826 2241 2977 2288 casta
3017 2241 3158 2296 erat,
3186 2229 3572 2293 erubescebat,

1970 2342 2027 2387 et
2053 2339 2343 2400 propterea
2371 2326 2680 2383 occultabat
2723 2341 2806 2391 se,
2837 2340 2903 2381 eo
2941 2323 3088 2396 quod
3135 2338 3304 2379 senex
3366 2334 3573 2378 conce-

1971 2426 2162 2496 pisset.
2197 2421 2475 2478 Mensibus
2520 2431 2704 2475 autem
2734 2419 2978 2487 quinque
3020 2416 3319 2472 occultavit
3357 2429 3441 2477 se,
3479 2413 3578 2469 do-

1974 2531 2072 2572 nec
2092 2514 2263 2570 Maria
2318 2512 2654 2582 conciperet.
2706 2509 2812 2567 Ubi
2862 2518 3044 2565 autem
3082 2508 3168 2563 illa
3194 2506 3475 2576 concepit,
3520 2513 3582 2560 et

1972 2608 2271 2665 exsultavit
2312 2602 2493 2660 infans
2516 2604 2570 2659 in
2607 2613 2786 2667 utero,
2812 2617 2918 2657 non
2965 2602 3110 2657 ultra
3154 2615 3214 2657 se
3248 2598 3575 2663 occultavit,

1974 2701 2068 2757 sed
2103 2698 2278 2754 libere
2314 2697 2433 2759 ivit,
2472 2704 2660 2765 utpote
2694 2694 2831 2750 tanti
2868 2694 3025 2764 pueri
3055 2701 3255 2757 mater,
3285 2692 3379 2761 qui
3408 2690 3576 2745 etiam

1973 2802 2268 2861 antequam
2321 2798 2665 2856 nasceretur,
2719 2785 3113 2859 prophetarum
3167 2784 3433 2855 dignitate
3477 2779 3581 2837 fuit

1975 2887 2302 2941 honoratus.

2048 2978 2212 3033 Vens.
2242 2978 2442 3033 26-30.
2484 2995 2504 3031 ι
2546 2976 2605 3032 in
2643 2989 2833 3031 mense
2868 2982 3050 3029 autem
3078 2981 3236 3027 sexto
3267 2970 3468 3025 missus
3494 2973 3580 3024 est

1974 3073 2201 3142 angelus
2228 3070 2393 3143 275
2444 3068 2665 3127 Gabriel
2699 3084 2728 3123 ε
2778 3068 2888 3123 Deo
2929 3068 2981 3121 in
3028 3065 3307 3121 civitatem
3343 3061 3583 3119 Galileas

1974 3166 2061 3221 cui
2088 3179 2287 3243 nomen
2317 3161 2617 3226 Nassreth,
2653 3160 2720 3215 ad
2747 3158 3012 3228 virginem
3036 3157 3427 3227 desponsatam
3456 3155 3580 3210 vlro

261 3246 382 3319 ϐρὶ,
408 3243 453 3315 ᾦ
490 3248 665 3320 δνομα
706 3248 929 3320 Ἰωσὴφ,
965 3249 1026 3315 ἐξ
1058 3250 1210 3305 οἴκου
1257 3252 1441 3307 Δαϐίδ.
1483 3254 1590 3306 Καὶ
1612 3256 1672 3307 τὸ
1701 3256 1867 3325 ὄνομα

1980 3259 2065 3314 cui
2095 3273 2299 3313 nomen
2330 3254 2697 3325 eratJosepb,
2742 3253 2811 3307 de
2843 3251 3011 3307 domo
3025 3250 3235 3316 ‘Davld,
3262 3262 3329 3304 ac
3382 3261 3582 3303 nomen

256 3341 366 3411 τῆς
406 3340 708 3410 παρθένου,
762 3342 1020 3412 Μαριάμ.
1070 3343 1185 3396 Καὶ
1235 3343 1499 3397 είσελθὼν
1557 3347 1585 3399 6
1640 3346 1876 3414 ἄγγελος

258 3426 409 3504 πρὸς
443 3433 638 3506 αὐτὴν,
690 3429 835 3488 εἶπε·
872 3435 1070 3507 Χαῖρε,
1120 3438 1565 3509 κεχαριτωμένη,
1613 3441 1642 3492 6
1670 3439 1874 3512 Κύριος

260 3526 413 3595 μετά
443 3526 941 3598 σοῦ.ἐύλογημένη
980 3531 1046 3582 σὺ
1080 3531 1138 3583 έν
1166 3530 1437 3599 γυναιξίν.
1479 3531 1547 3585 Ἦ
1568 3532 1626 3585 δέ
1663 3532 1870 3599 ἰδοῦσα,

256 3616 602 3689 διεταράχθη
636 3617 730 3670 επὶ
760 3616 842 3688 τῷ
871 3617 1016 3689 λόγῳ
1060 3619 1253 3684 αὐτοῦ,
1281 3620 1378 3673 καὶ
1407 3620 1742 3691 διελογίζετο
1772 3640 1874 3676 ποο

254 3708 441 3773 στατοὺς
470 3708 557 3780 εῐη
609 3709 639 3762 6
683 3710 977 3780 ἀσπασμὸς
1012 3704 1207 3775 οὗτος·
1265 3714 1363 3767 καὶ
1388 3707 1544 3767 εἶπεν
1587 3716 1615 3767 6
1641 3715 1875 3785 ἀγχελος

256 3803 407 3873 αὐτῇ
430 3816 445 3831 ο
480 3801 572 3869 Μὴ
595 3801 787 3870 φοϐοῦ,
814 3805 1076 3875 Μαριάμ·
1102 3800 1262 3876 εὗρες
1290 3807 1399 3877 γὰρ
1428 3807 1588 3876 χάριν
1610 3808 1765 3879 παρά
1795 3810 1875 3887 τῷ

254 3892 405 3961 Θεῷ.
441 3911 461 3945 ι
523 3893 690 3962 Μῆνα
738 3894 899 3948 ἕκτον
931 3896 1082 3963 λέγει
1115 3896 1208 3949 τὸν
1264 3897 1375 3951 ἀπὸ
1404 3899 1503 3967 τῆς
1552 3899 1875 3969 συλλήψεως

268 3982 555 4037 Ἰωάννου.
582 3984 751 4052 Λέγει
776 3983 835 4038 δι
856 3987 1268 4057 μεμνηστεῦοαι
1290 3988 1390 4056 τὴν
1412 3989 1685 4059 παρθένον
1716 3990 1872 4061 ἀνδρὶ

253 4073 321 4140 te
356 4074 518 4129 οἴκου
552 4076 739 4143 Δαϐὶδ,
795 4078 885 4133 ἵνα
926 4077 1097 4150 δείξῃ,
1133 4080 1217 4133 ὅτι
1248 4078 1346 4134 καὶ
1379 4081 1519 4153 αὐτὴ
1553 4084 1618 4135 ὲκ
1646 4082 1743 4136 τοῦ
1773 4084 1869 4152 γέ-

252 4183 389 4231 νους
411 4168 511 4222 τοῦ
544 4169 712 4224 Δαϐὶδ
744 4173 1049 4242 κατήγετο·
1082 4175 1148 4226 ἐκ
1187 4175 1298 4243 γάρ
1338 4173 1435 4227 τοῦ
1463 4174 1632 4228 αὐτοῦ
1678 4178 1873 4245 γένους

253 4259 356 4313 καὶ
384 4259 491 4329 τῆς
518 4260 691 4328 αὐτῆς
716 4264 901 4332 σειρᾶς
926 4259 1065 4316 εἶναι
1128 4266 1376 4335 μφότερα
1407 4267 1477 4319 τὰ
1510 4266 1676 4339 μέρη,
1709 4268 1875 4337 νόμος

249 4346 347 4423 ἦν.
380 4351 612 4424 Ἐπειδὴ
647 4352 704 4406 δὲ
738 4357 803 4423 τῇ
837 4353 947 4425 Εὕα
980 4355 1008 4410 6
1043 4357 1082 4407 K
1111 4359 1248 4425 ἰριος
1316 4353 1491 4420 εἴπεν,
1540 4358 1631 4410 Ἐν
1672 4358 1873 4424 λύπαις

249 4442 389 4513 τέξῃ
422 4441 613 4507 τέκνα,
639 4442 755 4496 λύει
788 4446 888 4514 τὴν
910 4445 1053 4517 λύπη
1118 4447 1326 4517 ταύτην
1356 4449 1389 4519 ὴ
1420 4450 1588 4519 χαρά,
1620 4450 1688 4522 ἢν
1717 4452 1745 4503 6
1774 4452 1875 4521 ἀγ·-

248 4533 423 4601 γελος
462 4530 766 4606 προσφέρὶι
790 4540 855 4606 τῇ
891 4538 1177 4610 Παρθένῳ,
1211 4538 1420 4607 λέγων·
1470 4541 1667 4610 Χαῖρε,
1710 4560 1873 4615 κεχα-

1982 3352 2209 3424 virginis
2233 3351 2429 3419 Maria.
2456 3350 2523 3403 Et
2552 3351 2837 3417 ingressus
2868 3346 3096 3417 angelus
3126 3344 3193 3399 ad
3224 3359 3346 3400 eam
3395 3342 3535 3397 dixit
3561 3358 3579 3398 :

1980 3445 2188 3509 Gaude,
2218 3445 2479 3513 gratiosa,
2525 3440 2793 3497 Dominus
2842 3450 3047 3504 tecum,
3076 3437 3367 3493 benedicta
3418 3446 3474 3491 tu
3526 3436 3580 3491 in

1979 3521 2329 3593 m‘ulieribus.
2359 3536 2456 3591 illa
2479 3532 2634 3590 'vero
2664 3548 2793 3589 cum
2820 3532 3077 3597 vidisset,
3111 3531 3332 3587 turbata
3365 3539 3450 3585 est
3476 3543 3579 3584 su-

1979 3645 2079 3701 per
2118 3642 2381 3701 sermone
2411 3626 2553 3695 ejus,
2587 3634 2642 3681 et
2672 3625 2953 3695 cogitabat
2979 3622 3157 3692 qualis
3183 3630 3336 3677 esset
3364 3619 3454 3675 illa
3484 3634 3579 3676 sa-

1979 3722 2195 3778 lutatio.
2216 3719 2282 3775 Et
2313 3698 2453 3775 disit
2474 3718 2704 3789 angelus
2734 3717 2815 3772 ei:
2843 3714 2923 3771 Ne
2952 3717 3172 3781 timeas,
3208 3713 3401 3777 Maria,
3426 3713 3584 3789 inve-

1978 3816 2106 3871 nisti
2139 3815 2284 3870 enim
2325 3785 2577 3881 gratiam'
2615 3810 2760 3880 apud
2792 3809 2986 3865 Deum.
3022 3827 3040 3861 ι
3080 3807 3321 3862 Μεηεοιη
3362 3785 3582 3862 scitum

1979 3910 2112 3963 dicit
2141 3924 2171 3962 a
2204 3920 2452 3978 tempore
2483 3920 2594 3973 quo
2621 3913 2932 3971 conceptus
2981 3900 3087 3955 fuit
3116 3898 3385 3960 Joannes.
3439 3896 3584 3952 Dicit

1979 4009 2159 4054 autem
2187 4002 2573 4068 desponsatam
2603 3996 2871 4067 virginem
2902 3994 3023 4047 viro
3061 3993 3163 4063 qui
3183 3999 3304 4047 erat
3325 3990 3393 4045 de
3418 3990 3583 4044 domo

1982 4092 2174 4155 David,
2208 4101 2266 4146 ut
2294 4094 2615 4147 ostenderet
2638 4099 2693 4145 et
2721 4089 2898 4159 ipsam
2929 4102 2995 4142 ex
3026 4099 3227 4157 genere
3259 4082 3430 4138 David
3482 4081 3580 4135 de-

1977 4183 2301 4249 scendisse;
2361 4181 2519 4252 juxta
2568 4181 2740 4249 legem
2777 4179 2924 4233 enim
2956 4176 3217 4246 conjuges
3262 4189 3328 4229 ex
3387 4172 3579 4229 eodem

1978 4290 2182 4346 genere
2220 4284 2274 4330 et
2305 4275 2496 4329 eadem
2522 4272 2867 4343 cognationis
2900 4280 3094 4323 catena
3125 4274 3425 4339 prognatos
3459 4278 3582 4319 esse

1976 4369 2289 4437 oportebat.
2326 4365 2465 4433 Quia
2488 4372 2669 4418 autem
2707 4364 2843 4418 Evae-
2865 4364 3072 4416 dictum
3107 4369 3227 4416 erat
3260 4375 3289 4412 a
3323 4356 3579 4421 Domino,

1976 4469 2037 4516 ut
2072 4460 2125 4514 in
2164 4458 2411 4513 tristitiis
2447 4458 2629 4527 pariat
2662 4456 2801 4509 iilios
2828 4456 2897 4518 ",
2925 4454 3091 4508 solvit
3117 4453 3399 4507 tristitiam
3432 4451 3580 4503 illam

1979 4552 2031 4605 in
2074 4551 2355 4622 gaudium.
2384 4550 2530 4619 quod
2584 4549 2811 4618 angelus
2835 4546 3047 4615 Virgini
3110 4544 3351 4598 aﬂerens
3405 4543 3581 4597 dicit:

248 4625 585 4697 ριτωμένη·
645 4627 767 4678 ἐπεὶ
792 4628 846 4679 δὲ
880 4631 1231 4700 κεκατήρατο
1284 4633 1316 4702 η
1351 4629 1491 4695 Εὔα,
1522 4634 1867 4705 εὐλογημένη

1978 4644 2189 4705 Gaude,
2221 4643 2489 4713 gratiosa.
2523 4641 2590 4695 Et
2632 4641 2759 4707 quia
2813 4639 3102 4693 maledicta
3157 4637 3261 4692 fuit
3299 4636 3432 4700 Eva,
3462 4636 3577 4689 hac

246 4715 403 4787 αῦτη
466 4718 694 4770 ἀκούει·
736 4719 1069 4789 διελογίζετο
1133 4723 1191 4776 δὲ
1242 4725 1506 4793 περὶτοῦ
1566 4728 1866 4797 ἀσπασμοῦ

247 4812 513 4873 ποταπὸς
543 4813 629 4879 εἴη
661 4804 835 4878 οὗτος,
876 4815 949 4883 μὴ
978 4810 1086 4885 ἄρα
1126 4817 1326 4881 ἄτοπός
1348 4836 1431 4881 τις
1454 4821 1548 4873 καὶ⁵
1586 4824 1865 4891 πορνικὸς,

244 4904 327 4965 ὡς
353 4904 416 4969 ἐξ
447 4904 647 4972 ἀνδρὸς
680 4905 813 4975 πρὸς
847 4908 1040 4976 κόρην,
1088 4908 1119 4979 ἦ
1154 4908 1297 4972 Θεῖο;
1320 4926 1335 4941 ·
1370 4912 1560 4982 ἐπειδὴ
1602 4916 1696 4967 καὶ
1727 4914 1864 4968 Θεοῦ

246 4998 459 5067 μνήμη
486 4996 707 5049 σύνεστι
729 4996 807 5067 τῷ
832 5000 1134 5070 ἀσπασμῷ,
1164 5002 1327 5068 τὸ,⁹Ο
1358 5003 1560 5074 Κύριος
1580 5006 1724 5076 μετά
1747 5008 1867 5063 σοῦ.

245 5089 495 5159 Πρῶτον
530 5088 589 5141 δὲ
617 5093 975 5145 καταστέλλει
1013 5092 1111 5162 τὴν
1161 5095 1390 5164 καρδίαν
1421 5098 1594 5167 αὐτῆς
1629 5100 1741 5153 ἀπὸ
1775 5100 1869 5154 τοῦ

245 5179 430 5249 φόϐου
456 5196 471 5211 ο
507 5178 583 5241 ὡς
624 5180 689 5233 ἂν
726 5184 784 5234 ἐν
839 5184 1111 5253 ἀταραξίᾳ
1162 5188 1468 5257 γενομένη,
1507 5190 1724 5257 δέξηται
1770 5194 1863 5263 τὴι

243 5270 411 5324 θείαν
444 5270 781 5340 ἀπόκρισιν·
841 5274 903 5326 οὐ
948 5276 1058 5344 γὰρ
1115 5278 1395 5348 ἐνεδέχετο
1449 5284 1870 5355 ταραττομένην

241 5364 457 5435 αὐτὴν,
505 5366 754 5435 ἀκριϐῶς
810 5369 1028 5423 ἀκούειν
1064 5370 1133 5423 τὰ
1166 5372 1591 5444 συμϐησόμενα’
1620 5378 1759 5447 ὅπερ
1811 5378 1869 5431 δὲ

239 5466 363 5522 ἀνω
386 5459 548 5521 εἷπε,
588 5464 1027 5532 κεχαριτωμένη.
1066 5463 1254 5533 ὥσπερ
1310 5467 1633 5536 ἑρμηνεύων
1674 5472 1863 5539 φησίν

240 5555 433 5629 Εὗρες
466 5554 581 5623 γὰρ
616 5554 778 5623 χάριν
809 5552 1040 5608 ἐνώπιον
1072 5557 1163 5609 τοῦ
1207 5559 1343 5611 Θεοῦ
1367 5576 1381 5588 ·
1414 5562 1574 5614 τοῦτο
1606 5565 1713 5633 γάρ
1748 5566 1866 5618 ἐστι

234 5653 303 5705 τὸ
358 5646 809 5720 κεχαριτώοϐαι,
848 5647 909 5700 τὸ
968 5650 1150 5719 εὑρεῖν
1204 5654 1366 5723 χάρ;ν
1424 5658 1575 5724 παρὰ
1606 5657 1683 5725 τῷ
1723 5658 1864 5727 Θεῷ,

238 5744 569 5803 τουτέστιν,
599 5741 797 5809 ἀρέσαι
821 5739 941 5810 θεῷ
966 5758 978 5772 ο
1012 5744 1148 5797 ἀλλά
1173 5746 1329 5799 τοῦτο
1361 5747 1460 5818 μὲν
1490 5749 1669 5803 κοινόν
1690 5766 1705 5783 .
1733 5752 1866 5805 πολ,

316 5926 362 5957 ⁸⁸
410 5924 559 5980 CCII.
592 5938 669 5987 ιιι,
704 5923 784 5979 i6.

1980 4739 2179 4792 dicitur
2220 4738 2529 4791 benedicta.
2581 4734 2985 4790 Considerabat
3038 4743 3219 4787 autem
3270 4736 3336 4785 de
3374 4728 3581 4783 saluta-

1980 4822 2147 4892 tione,
2178 4827 2485 4895 qualisnam
2522 4836 2687 4891 esset,
2728 4840 2857 4878 num
2914 4824 3155 4877 absurda
3184 4835 3236 4876 et
3277 4821 3575 4891 procatrix.

1979 4934 2041 4973 ac
2083 4918 2260 4986 qualis
2292 4918 2392 4971 viri
2427 4918 2494 4970 ad
2548 4917 2813 4986 puellam,
2856 4932 2924 4969 an
2976 4915 3194 4968 divina:
3226 4912 3355 4983 quia
3394 4921 3449 4965 et
3483 4909 3579 4965 Del

1980 5014 2184 5067 mentio
2206 5014 2347 5067 inter
2367 5010 2712 5065 salutandum
2738 5010 3043 5075 facta,cnm
3068 5009 3363 5071 diceretur,
3394 5005 3579 5059 Domi-

1977 5121 2082 5161 nus
2108 5115 2310 5161 tecum.
2340 5104 2583 5158 Primum
2627 5113 2809 5157 autem
2846 5104 3099 5156 timorem
3139 5115 3165 5153 a
3194 5102 3360 5153 corde
3406 5100 3580 5167 ipsius

1981 5199 2213 5269 cepellit,
2276 5209 2333 5251 ut
2380 5200 2431 5251 in
2476 5201 2664 5261 quiete
2730 5196 3028 5252 constituta
3077 5194 3321 5248 divinum
3356 5206 3581 5255 respon-

1976 5278 2099 5347 sum
2149 5290 2402 5359 accipiat.
2437 5288 2628 5359 Neque
2679 5292 2825 5344 enim
2864 5288 2977 5342 fieri
3012 5295 3194 5356 potest
3244 5296 3300 5339 ut
3357 5284 3574 5337 turbata

1976 5385 2267 5456 diligi-nter
2298 5386 2484 5438 audiat
2516 5400 2637 5453 qius:
2667 5392 2930 5439 eventura
2958 5393 3105 5435 sunt.
3142 5377 3316 5432 Porro
3342 5379 3395 5431 id
3426 5375 3572 5445 quod

1974 5495 2137 5547 supra
2170 5479 2328 5543 dixit,
2357 5478 2619 5547 gratiosa,
2649 5478 2799 5545 quasi
2832 5478 3199 5537 interpretans
3224 5471 3389 5524 dicit:
3418 5467 3575 5521 luve-

1977 5571 2103 5623 υἱειί
2147 5570 2291 5623 enim
2346 5569 2575 5637 gratiam
2632 5584 2815 5623 coram
2852 5566 3101 5620 Domino.
3148 5563 3257 5616 Iloc
3298 5560 3441 5615 enim
3488 5566 3571 5611 est

1974 5664 2268 5732 gratiosam
2301 5677 2445 5722 es<e.
2474 5662 2556 5715 vel
2580 5656 2969 5730 gratitiCatam,
2990 5661 3133 5727 quod
3162 5656 3426 5709 invenerit
3448 5666 3576 5719 gra-

1976 5756 2107 5809 tiam
2144 5754 2289 5824 apud
2336 5752 2532 5820 Deum,
2566 5754 2670 5807 hoc
2708 5758 2815 5818 est,
2867 5750 3132 5821 placuerit
3186 5746 3315 5803 Deo.
3372 5742 3570 5798 Verum
