4022 6506
520 451 625 514 ’ίοι

1420 451 1993 514 THEOPHYLACTI
2029 448 2437 511 BULGARL‘E
2478 450 2836 512 ARCHIEP.

3668 437 3772 514 τοι

518 560 625 616 ltoc
657 576 938 616 commune
960 562 1118 616 habet
1146 577 1264 616 cum
1287 563 1489 617 multis.
1517 564 1692 617 Multa:
1708 565 1853 619 enim
1883 575 1938 618 et
1968 563 2087 618 alia

2201 562 2280 615 λαὶ
2309 561 2416 632 γὰρ
2446 562 2540 612 καὶ
2571 560 2728 613 ἄλλαι
2771 553 2932 630 εὗρον
2983 559 3142 628 χάριν
3181 558 3330 629 παρά
3364 557 3442 628 τῷ
3463 557 3607 627 Θεῷ,
3632 559 3694 610 τὸ
3717 557 3774 610 ει

523 653 846 707 invenerunt
871 655 1098 723 gratiam
1128 667 1309 708 coram
1339 654 1468 719 Dto,
1499 672 1604 710 non
1639 664 1822 710 autem
1856 657 1907 711 id
1946 656 2088 725 quod

523 744 770 798 infertur.

593 836 755 896 Vsus.
792 839 983 894 31-53.
1043 857 1061 891 ι
1092 835 1228 894 Ecce
1251 839 1524 908 concipies
1557 839 1608 893 in
1633 850 1806 901 utero,
1839 849 1891 894 et
1911 841 2091 910 paries

524 923 711 989 ﬁlium,
735 934 788 977 et
820 925 1037 978 vocabis
1097 940 1291 979 nomen
1325 925 1441 993 ejus
1499 924 1699 978 Jesum.
1731 924 1780 979 Is
1822 927 1924 980 erit
1975 942 2089 979 ma-

521 1028 677 1080 gnus,
706 1023 759 1067 et
795 1013 962 1068 Filius
1007 1015 1266 1070 Altissimi
1325 1015 1621 1068 vocabitur.
1682 1014 1746 1068 Et
1805 1017 1958 1071 dabit
2017 1018 2090 1072 illi

525 1104 778 1170 Dominus
808 1106 949 1164 Deus
971 1107 1150 1162 sedem
1182 1106 1343 1160 David
1373 1107 1541 1174 patris
1573 1107 1761 1176 ipsius,
1819 1110 2094 1179 regnabit-

520 1211 626 1264 que
649 1212 810 1266 super
838 1198 1054 1251 domum
1097 1196 1264 1253 Jacob
1288 1198 1340 1251 in
1376 1205 1634 1252 aeternum
1675 1216 1687 1252 :
1719 1209 1775 1254 et
1803 1201 1948 1268 regni
1975 1201 2093 1269 ejus

524 1301 629 1341 non
686 1287 792 1342 erit
842 1288 979 1342 finis.
1023 1307 1042 1340 ι
1082 1288 1220 1344 Ecce
1277 1289 1571 1357 concipies.
1635 1291 1736 1343 hoc
1796 1291 2089 1357 singulare,

523 1379 664 1446 quod
694 1378 819 1432 nulli
877 1380 1028 1434 alteri
1054 1395 1392 1436 concessum.
1423 1381 1477 1435 In
1506 1391 1659 1435 utero
1693 1389 1874 1435 autem
1914 1382 2073 1444 dixit,

525 1478 581 1522 ut
611 1469 858 1523 ostendat
885 1468 1172 1524 Dominum
1206 1486 1270 1524 ex
1305 1472 1471 1538 ipsius
1527 1471 1750 1541 virginis
1803 1483 1955 1526 utero
2011 1473 2093 1525 iu-

525 1571 807 1613 caruatutn
839 1560 1286 1616 susbtantialiter.
1315 1561 1457 1616 Bene
1484 1572 1662 1615 autem
1696 1563 1872 1617 dictus
1897 1573 1981 1618 est
2005 1563 2093 1618 Je—

525 1663 637 1711 sus,
671 1651 792 1718 quia
825 1650 893 1705 ob
953 1652 1178 1705 salutem
1226 1653 1395 1705 nosui
1442 1653 1653 1721 generis
1695 1653 1859 1707 venit.
1887 1650 2092 1706 Nomen

524 1741 666 1794 enim
697 1743 795 1796 hoc
829 1742 878 1795 in
903 1741 1146 1798 Grmcant
1203 1744 1438 1812 linguam
1493 1759 1836 1807 conversum,
1899 1747 2096 1800 dicitur

523 1830 689 1886 salus.
718 1830 876 1886 Jesus
925 1832 1086 1903 igitur
1123 1833 1317 1902 Σωτήρ
1352 1841 1455 1899 est,
1503 1835 1606 1887 hoc
1671 1844 1751 1889 est
1800 1835 2084 1890 salvator:

523 1924 646 1993 quia
678 1935 732 1978 et
766 1924 865 1976 ίαώ
892 1925 1036 1978 salus
1060 1926 1275 1980 dicitur.
1310 1926 1423 1980 Erit
1471 1937 1670 1991 autem,
1710 1929 1909 1993 inquit,
1969 1946 2086 1981 ma-

524 2029 684 2081 gnus,
706 2026 758 2067 et
803 2013 970 2070 Filius
995 2017 1253 2071 Altissimi
1281 2019 1579 2072 vocabitur.
1616 2017 1839 2088 Magnus
1876 2021 2089 2089 quidem

525 2105 625 2161 fuit
657 2120 710 2161 et
733 2107 988 2176 Joannes,
1021 2112 1112 2165 sed
1139 2128 1244 2166 non
1271 2112 1336 2164 ad
1366 2113 1466 2166 hoc
1493 2112 1754 2166 Altissimi
1786 2112 1971 2167 Filius.
1999 2113 2092 2166 «ιε.

523 2212 615 2253 sus
647 2214 777 2254 vero
811 2216 1033 2271 magnus
1077 2204 1316 2272 quidem,
1371 2218 1435 2258 eo
1467 2205 1610 2273 quod
1665 2207 1843 2258 docuit
1878 2223 1889 2257 :
1925 2205 2094 2260 Filius

523 2299 700 2344 autem
745 2292 1027 2358 Altissimi,
1058 2304 1110 2348 et
1163 2305 1382 2362 propter
1415 2295 1554 2349 istuc
1605 2295 1778 2364 ipsum
1818 2313 1830 2348 :
1866 2297 2094 2350 docebat

524 2381 666 2436 cnim
695 2383 832 2436 sicut
861 2387 1233 2438 auctoritatem
1276 2385 1478 2441 habens
1507 2405 1517 2436 :
1551 2395 1605 2440 et
1629 2395 1844 2454 propter
1877 2388 2095 2442 mirabi-

526 2472 654 2526 lium
682 2476 1060 2528 miraculorum
1101 2478 1488 2546 operationem.
1535 2479 1768 2532 Vocatur
1801 2489 1977 2532 autem
2010 2479 2094 2532 Fi-

528 2564 628 2617 lius
658 2565 945 2628 Altissimi,
980 2568 1068 2634 qui
1101 2571 1392 2637 apparebat
1436 2570 1613 2624 homo.
1643 2569 1774 2624 Nam
1807 2571 1932 2638 quia
1986 2586 2090 2624 una

527 2657 627 2710 fuit
668 2660 989 2729 hypouasis,
1029 2677 1216 2715 revera
1251 2660 1418 2716 Filius
1474 2663 1736 2717 Altissimi
1772 2663 1872 2716 fuit
1927 2663 2092 2716 Filius

530 2749 768 2816 virginis.
816 2749 878 2804 Et
910 2749 1010 2804 fuit
1048 2753 1260 2819 quidem
1317 2754 1482 2824 276
1521 2765 1645 2808 ante
1687 2756 1880 2808 saecula
1929 2753 2094 2807 Filius

527 2839 788 2894 Altissitni
870 2842 1138 2908 Verbum,
1219 2845 1310 2898 sed
1371 2860 1475 2899 non
1559 2847 1848 2900 vocabatur
1923 2860 2096 2913 neque

527 2932 998 3000 cognoscebatur;
1085 2942 1365 3002 postquam
1492 2947 1667 2990 autem
1757 2938 2091 2990 incarnatum

524 3029 609 3075 est
675 3030 728 3076 et
794 3025 1038 3093 apparuit
1085 3025 1138 3078 in
1180 3040 1375 3091 carne,
1432 3037 1557 3081 tunc
1602 3037 1656 3081 et
1717 3038 1965 3082 vocatum
2013 3036 2096 3080 est

533 3111 697 3168 Filius
749 3114 1032 3185 Altissinti,
1081 3118 1168 3186 qui
1205 3118 1495 3188 apparebat
1526 3129 1580 3173 et
1616 3121 1867 3174 miracula
1926 3119 2091 3174 facie-

2191 655 2586 724 ἐπιφερόμενον
2615 653 2712 704 ούκ
2736 651 2834 704 ἔτι.

2269 851 2288 886 ι
2329 833 2438 886 Καὶ
2471 832 2579 885 ίδοὺ
2614 829 2854 900 συλλήψῃ
2885 831 2943 882 ὲν
2975 828 3193 895 γαστρὶ,
3225 826 3320 880 καὶ
3355 825 3482 894 τέξῃ
3515 825 3651 886 υίδν,
3673 825 3767 878 καὶ

2193 927 2443 988 καλέσεις
2469 926 2529 978 τὸ
2558 925 2730 992 ὄνομα
2753 921 2916 974 αὐτοῦ
2955 921 3163 990 Ἰησοῦν
3181 934 3194 948 θ
3233 913 3390 981 οὗτος
3415 919 3570 972 ἔσται
3604 918 3774 986 μέγας

2193 1018 2286 1070 καὶ
2307 1018 2431 1078 Tib;
2447 1017 2714 1085 Ὑψίστου
2741 1013 3090 1083 κληθήσεται.
3113 1011 3221 1064 Καὶ
3239 1008 3558 1078 δώσειαύτῷ
3578 1008 3776 1078 Κύριος

2191 1109 2220 1160 0
2265 1105 2395 1167 Θεὸς
2431 1105 2522 1158 τὸν
2577 1105 2765 1175 θρόνον
2819 1102 2984 1155 Δαῦὶδ
3040 1101 3134 1153 τοῦ
3170 1099 3378 1168 πατρὸς
3437 1098 3627 1151 αὑτοῦ.
3667 1093 3778 1152 Καὶ

2195 1195 2501 1264 βασιλεύσει
2556 1197 2647 1247 ἐπὶ
2673 1194 2771 1245 τὸν
2799 1188 2948 1245 οἷκον
2996 1189 3188 1245 Ἰακὼό
3236 1192 3316 1252 είς
3353 1190 3481 1251 τοὺς
3530 1189 3732 1252 αἰῶνας
3758 1227 3774 1253 ,

2195 1287 2288 1338 καλ⁸
2341 1286 2437 1352 τῆς
2493 1284 2770 1354 βασιλείας
2806 1284 2966 1336 αὑτοῦ
3013 1285 3115 1336 οὐκ
3169 1285 3326 1335 ἔσται
3359 1283 3535 1342 τέλος.
3576 1300 3594 1332 ι
3644 1281 3774 1334 Ἰδοὺ

2199 1376 2443 1444 συλλήψῃ
2465 1392 2478 1406 ·
2515 1375 2671 1427 τοῦτο
2707 1376 2766 1427 τὸ
2819 1375 3074 1438 ἐξαίσιον,
3099 1369 3160 1428 οὗ
3205 1374 3433 1443 οὐδεμία
3475 1372 3610 1443 ἄλλη
3641 1389 3776 1425 κατ’

2195 1466 2438 1536 ηξιώθηο
2498 1469 2556 1518 ὲν
2606 1468 2804 1537 γαστρὶ
2829 1467 2883 1519 δὲ
2916 1463 3090 1529 εἶπεν,
3130 1467 3214 1519 ἵνα
3254 1465 3401 1538 δείξῃ
3449 1467 3538 1518 τὸν
3573 1466 3777 1536 Κύριον

2196 1557 2252 1622 ἐξ
2276 1557 2444 1625 αὐτῆς
2475 1557 2573 1625 τῆς
2611 1555 2800 1625 νηδύος
2853 1556 2951 1625 τῆς
2983 1555 3263 1625 Παρθένου
3300 1555 3649 1626 σαρκωθέντα
3689 1555 3778 1608 οὐ·

2200 1647 2438 1710 σιωδῶς·
2474 1648 2698 1710 δικαίως
2733 1646 2790 1698 δὲ
2838 1646 3040 1716 ἐκλήθη
3101 1644 3308 1715 Ἰησοῦς
3341 1648 3367 1697 ὁ
3396 1647 3491 1697 ἐπὶ
3533 1645 3776 1716 σωτηρία

2195 1740 2293 1791 τοῦ
2335 1739 2606 1808 ἡμετέρου
2658 1738 2848 1802 γένους
2881 1737 3054 1790 ἐλθών
3077 1755 3089 1770 ·
3119 1737 3179 1789 τὸ
3232 1737 3338 1807 γὰρ
3371 1737 3542 1806 ὄνομα
3595 1737 3776 1802 τοῦτο,

2199 1832 2277 1894 είς
2310 1832 2407 1899 τὴν
2449 1831 2672 1883 Ἐλλάδα
2697 1830 2950 1898 γλῶσσαν
2985 1813 3471 1898 μεταϐαλλόμενον,
3507 1830 3655 1884 Θεοῦ
3691 1829 3776 1883 λέ-

2195 1941 2350 1992 γεται
2379 1924 2671 1989 σωτηρία·
2723 1921 2933 1989 Ἰησοῦς
2966 1916 3059 1974 οὖν
3123 1922 3330 1989 Σωτὴρ
3382 1923 3769 1992 ἑρμηνεύεται,

2196 2017 2276 2069 ὅτι
2335 2016 2429 2068 καὶ⁵
2472 2015 2571 2068 ίαὼ
2623 2015 2659 2081 ἡ
2717 2015 2980 2082 σωτηρία
3013 2013 3248 2080 λέγεται.
3286 2014 3480 2067 Ἔσται
3508 2014 3584 2078 δὲ,
3621 2016 3772 2083 φησὶ,

2199 2107 2396 2176 μέγας,
2444 2109 2537 2160 καὶ
2589 2106 2714 2168 Υἱὸς
2757 2105 3016 2173 Ὑψίστου
3045 2105 3399 2175 κληθήσεται.
3443 2107 3634 2172 Μέγας
3675 2108 3773 2175 μὲν

2195 2194 2263 2267 ἦν
2302 2201 2392 2250 καὶ
2417 2201 2443 2250 ὁ
2484 2199 2760 2266 Ἰωὰννης.
2793 2196 2906 2248 ἀλλ’
2928 2197 3027 2249 οὐκ
3057 2197 3137 2249 ἔτι
3167 2199 3262 2250 καὶ
3303 2197 3430 2260 Υἱὸς
3477 2198 3734 2264 Ὑψίστου
3755 2215 3768 2228 ·

2195 2292 2222 2342 0
2255 2289 2310 2341 δέ
2332 2306 2393 2355 γε
2425 2288 2637 2357 Σωτὴρ,
2681 2288 2854 2356 μέγας
2897 2287 3012 2356 μὲν,
3051 2288 3186 2341 καθὸ
3226 2287 3526 2342 ὲδέδασκεν.
3557 2289 3686 2352 Tib;
3717 2290 3774 2344 δὲ

2212 2381 2487 2448 Ὑψίστου,
2519 2380 2605 2433 διά
2629 2397 2684 2431 τε
2715 2378 2874 2432 τοῦτο
2899 2379 3031 2430 αὐτὸ
3068 2380 3339 2448 (ἐδίδασκε
3374 2381 3483 2450 γὰρ
3515 2383 3590 2444 ὡς
3624 2383 3773 2447 ὲξου-

2199 2473 2318 2524 σίαν
2355 2471 2542 2540 ἔχων),
2577 2470 2671 2522 καὶ
2707 2470 2794 2523 διὰ
2834 2471 2931 2539 τὴν
2988 2471 3096 2522 τῶν
3142 2471 3437 2540 θαυμάτων
3476 2473 3776 2543 παραδοξο-

2197 2562 2412 2614 ποιίανο
2467 2560 2711 2612 καλεῖται
2767 2559 2822 2612 δὲ
2887 2559 3011 2622 Υίδς
3059 2558 3319 2627 Ὑψίστου
3371 2562 3398 2612 0
3447 2561 3774 2630 φαινόμενος

2194 2655 2509 2722 ἅνθρωπος·
2545 2652 2664 2704 ἐπεὶ
2697 2652 2806 2722 γὰρ
2845 2653 2940 2720 μία
2967 2647 3035 2719 ἧν
3060 2652 3377 2715 ὑπόστασις,
3407 2652 3484 2720 τῷ
3511 2652 3625 2704 ὄντι
3652 2652 3775 2715 Υἱὸς

2207 2746 2462 2813 Ὑψίστου
2503 2740 2571 2813 ἦν
2621 2745 2647 2795 0
2683 2743 2965 2810 ἄνθρωπος
2989 2744 3016 2794 0
3047 2742 3171 2805 Υίδς
3199 2743 3298 2811 τῆς
3324 2741 3630 2813 Παρθένου.
3668 2738 3777 2796 Ἦν

2200 2835 2298 2903 μὲν
2329 2834 2436 2902 γὰρ
2467 2836 2559 2886 καὶ
2594 2833 2697 2902 προ
2721 2834 2824 2884 τῶν
2845 2832 3054 2885 αἰώνων
3081 2833 3207 2893 Υἱὸς
3251 2834 3505 2902 Ὑψίστου
3529 2835 3556 2884 0
3583 2834 3772 2902 Λόγος,

2196 2926 2311 2979 ἀλλ’
2343 2928 2442 2978 οὐκ
2481 2926 2746 2987 ἐκαλεῖτο,
2809 2924 2926 2976 οὐδὲ
2985 2925 3346 2994 ἐγνωρίζετοσ
3384 2928 3507 2978 ἐπεὶ
3532 2926 3590 2978 δὲ
3613 2928 3775 2997 ἐσαρ-

2198 3015 2347 3084 κώοη
2390 3015 2820 3086 καὶέφανερώθη
2869 3019 2924 3069 έν
2961 3019 3146 3084 σαρκὶ,
3181 3017 3304 3069 τότε
3342 3017 3407 3086 δὴ
3447 3020 3541 3071 καὶ
3571 3018 3778 3090 ἐκλήθη

2204 3111 2324 3171 Tib;
2359 3109 2638 3178 Ὑψίστου,
2665 3112 2692 3162 0
2727 3111 3052 3179 φαινόμενος
3074 3114 3169 3163 καὶ
3197 3110 3266 3163 τὰ
3298 3111 3558 3177 θαύματα
3588 3112 3773 3165 ποιῶν.

530 3203 645 3257 bat.
700 3205 940 3260 Audiens
971 3222 1098 3261 vero
1149 3209 1403 3263 thronum
1436 3209 1518 3264 vel
1576 3212 1752 3265 sedem
1785 3211 1965 3277 David,
2026 3225 2092 3264 ne

2201 3206 2394 3275 Θρόνον
2420 3206 2475 3258 δὲ
2511 3205 2672 3257 Δαυῖδ
2706 3206 2942 3270 ἀκούων,
2979 3209 3052 3276 μὴ
3084 3207 3351 3276 αἰσθητὴν
3378 3207 3656 3277 βασιλείαν
3690 3210 3777 3262 νό-

531 3306 686 3364 putes
717 3298 969 3352 sensibile
999 3300 1267 3366 quoddam
1291 3315 1536 3370 regnum,
1569 3301 1659 3355 sed
1691 3301 1950 3363 divinum,
1985 3317 2094 3370 quo

529 3384 769 3451 regnavit
795 3399 960 3453 super
992 3400 1181 3441 omnes
1235 3397 1422 3456 gentes
1447 3403 1543 3458 per
1564 3389 1798 3442 divinam
1835 3391 2095 3456 pradica-

529 3474 747 3528 tionem.
793 3473 991 3531 Domus
1010 3480 1152 3532 enim
1181 3477 1350 3536 Jacob
1383 3491 1508 3535 sunt
1541 3482 1601 3534 hi-
1627 3482 1716 3550 qui
1761 3497 1826 3535 ex
1858 3481 2095 3536 liebra-is

532 3567 900 3628 crediderunt.
963 3578 1123 3636 atque
1173 3573 1333 3625 etiam
1366 3573 1457 3640 qui
1502 3587 1568 3627 ex
1645 3573 1763 3626 aliis
1821 3573 2092 3642 gentibus.

527 3657 606 3711 Illi
630 3659 1001 3727 enimproprie
1027 3660 1192 3716 Jacob
1220 3674 1273 3716 et
1311 3662 1493 3718 israel.
1555 3664 1616 3718 Et
1645 3668 1916 3734 quomodo
1964 3666 2096 3720 dici-

526 3757 617 3802 tur
645 3750 833 3804 sedere
868 3765 1026 3820 super
1056 3752 1238 3807 sedem
1264 3753 1464 3807 David?
1505 3756 1666 3810 Audi.
1709 3756 1875 3811 David
1901 3774 2097 3825 parvus

527 3848 644 3893 erat
685 3841 824 3893 inter
887 3841 1081 3896 fratres
1101 3845 1252 3907 Suos,
1307 3855 1362 3898 et
1409 3844 1669 3900 Dominus
1701 3863 1914 3916 quoque
1970 3864 2097 3903 con—

532 3939 768 4000 temptus
796 3941 851 3985 et
882 3942 1096 3985 laxatus
1126 3944 1182 3987 ut
1214 3936 1348 3988 edax
1401 3945 1453 3990 et
1486 3938 1592 3991 vini
1625 3948 1802 4007 potor,
1861 3950 1914 3992 et
1959 3938 2096 3994 fabri

532 4019 695 4084 filius,
723 4033 775 4076 et
802 4037 828 4075 a
856 4020 1112 4077 fratribus
1140 4026 1251 4078 suis
1287 4026 1410 4080 ﬁliis
1433 4025 1632 4097 Juseph
1670 4029 2090 4095 tlespiciebaiur.

529 4111 715 4180 Neque
740 4115 880 4168 enim
916 4113 1114 4169 fratres
1142 4115 1276 4183 ejus,
1308 4117 1499 4185 inquit,
1539 4119 1835 4191 credebant
1859 4122 1910 4174 in
1946 4136 2092 4177 eum.

530 4202 621 4257 Ille
643 4220 761 4258 cum
797 4206 1157 4274 benefaceret,
1187 4211 1614 4277 persecutionem
1647 4213 1954 4279 patiebatur
1987 4228 2001 4265 :
2041 4223 2096 4267 et

534 4294 790 4351 Dominus
821 4313 1036 4367 quoque
1089 4301 1345 4354 miracula
1397 4301 1603 4356 faciens
1639 4304 1998 4358 accusabatur
2045 4313 2098 4359 et

531 4381 886 4448 lapidabatur.
917 4383 1009 4437 [lle
1037 4400 1130 4451 per
1164 4387 1630 4442 mansuetudinem
1681 4389 1808 4442 vicit
1829 4400 1883 4443 et
1906 4404 2097 4457 regna-

2203 3298 2346 3366 μιζε,
2379 3298 2512 3350 ἀλλὰ
2541 3299 2692 3350 θείαν
2712 3315 2725 3329 ·
2761 3300 2825 3368 ἣν
2861 3297 3212 3352 ἐϐασίλευσεν
3238 3301 3330 3352 ἐπὶ
3362 3300 3539 3352 πάντα
3564 3301 3632 3352 τὰ
3651 3301 3776 3368 ἔθνη

2198 3389 2284 3441 διὰ
2315 3389 2406 3441 τοῦ
2462 3391 2608 3442 θείου
2643 3391 3033 3459 κηρύγματος·
3073 3387 3218 3452 οἶκος
3261 3391 3370 3461 γὰρ
3413 3392 3630 3458 Ἰακὼϐ,
3686 3394 3779 3446 καὶ

2198 3483 2245 3532 οἱ
2294 3481 2352 3545 εξ
2393 3481 2664 3550 Ἐὸραίων
2714 3484 3104 3545 πιστεύσαντες
3128 3499 3142 3514 ·
3180 3485 3272 3536 ναὶ
3307 3483 3414 3552 μὴν
3449 3484 3545 3537 καὶ
3590 3485 3639 3536 0i
3670 3486 3780 3537 ἀπ’)

2199 3573 2305 3623 τῶν
2354 3572 2528 3624 ἄλλων
2577 3572 2775 3624 ὲθνῶν’
2810 3568 2956 3625 οὗτοι
3016 3574 3124 3641 γὰρ
3170 3573 3397 3642 κυρίως,
3438 3572 3632 3625 Ἰακὼὸ
3687 3573 3781 3626 καὶ

2213 3663 2448 3730 Ἰσραήλ.
2492 3663 2609 3722 Πῶς
2665 3661 2722 3715 δὲ
2785 3664 3002 3731 λέγεται
3035 3665 3257 3716 καθίσαι
3319 3666 3410 3716 ἐπὶ
3445 3666 3535 3717 τὸν
3591 3665 3782 3735 θρόνον

2200 3755 2396 3817 Δαυῖδς
2432 3756 2654 3806 Ἀκούε·
2685 3755 2743 3807 Ὀ
2770 3755 2948 3818 Δαυῒδ,
2973 3757 3163 3825 μικρὸς
3196 3759 3251 3810 ὲν
3272 3761 3383 3820 τοῖς
3407 3757 3782 3825 “ﬂeckei-

2199 3846 2290 3897 τοῦ
2314 3862 2328 3878 ο
2373 3847 2467 3900 καὶ
2503 3850 2528 3899 ὁ
2553 3848 2758 3916 Κύριος
2794 3848 3242 3917 ἐξουθενημένος,
3280 3854 3371 3902 καὶ
3423 3850 3778 3920 διαὸεὸλημέ-

2201 3956 2286 3999 νος
2317 3938 2391 4000 ὡς
2427 3941 2599 4006 φάγος
2649 3940 2740 3992 καὶ
2774 3941 3061 4010 οίνοπότης
3091 3945 3185 3993 καὶ
3230 3943 3485 4004 τέκτονος
3518 3943 3654 4006 υίὸς,
3687 3942 3778 3996 καὶ

2204 4031 2356 4098 παρὰ
2413 4035 2526 4094 τοῖς
2559 4032 2807 4101 ἀδελφοῖς
2840 4031 3026 4094 αὑτοῦ,
3086 4034 3197 4093 τοῖς
3233 4035 3367 4095 υἱοῖς
3406 4035 3628 4103 Ἰωσὴφ,
3659 4035 3776 4087 ἀτι-

2204 4122 2509 4190 μαζόμενος
2531 4139 2542 4152 ·
2571 4123 2692 4175 οὐδὲ
2732 4124 2836 4192 γὰρ
2878 4125 2924 4176 oi
2952 4122 3173 4191 ἀδελφοὶ
3197 4124 3386 4187 αὑτοῦ,
3417 4125 3603 4193 φησὶν,
3646 4124 3778 4176 ἐπί-

2203 4231 2392 4265 στευον
2426 4215 2505 4273 είς
2533 4215 2697 4265 αὐτόν
2721 4231 2732 4242 ·
2767 4217 2974 4276 ἐκεῖνος
3005 4214 3308 4283 εὐεργετῶν
3343 4216 3599 4267 ἐδιώκετο
3621 4231 3635 4243 ⁸
3689 4216 3782 4267 καὶ

2199 4305 2226 4355 0
2250 4305 2475 4375 Κύριος,
2512 4305 2765 4374 θαύματα
2800 4307 2967 4359 ποιῶν
3002 4305 3331 4367 διεϐάλλετο,
3363 4307 3454 4357 καὶ
3477 4306 3778 4371 ὲλιθάςετο.

2214 4393 2448 4456 Ἐκεῖνος
2499 4393 2587 4446 διὰ
2638 4396 2942 4464 πραότητος
3008 4395 3226 4463 ἐνίκησε
3286 4395 3382 4447 καὶ
3427 4395 3780 4448 ἐϐασίλευσε·
3866 4387 3871 4394 ’

529 4471 627 4533 vit,
647 4479 702 4523 et
735 4470 991 4525 Dominus
1015 4486 1108 4540 per
1159 4475 1630 4530 mansuetudiueu't
1660 4488 1912 4546 suscepta
1940 4493 2094 4534 cruce

2201 4484 2294 4536 καὶ
2315 4485 2343 4536 0
2377 4484 2598 4553 Κύριος,
2619 4485 2706 4536 διὰ
2737 4485 3022 4555 πραότητα
3054 4484 3288 4553 σταυρὸν
3314 4482 3781 4551 καταδεξάμενος,

535 4561 797 4626 regnavit.
836 4559 994 4616 Vides
1018 4564 1284 4631 quomodo
1306 4566 1516 4620 dicatur
1567 4567 1756 4622 sedere
1795 4584 1957 4637 super
2013 4585 2094 4625 se-

2201 4572 2566 4626 ὲὸασίλευσεν.
2620 4573 2782 4641 Ὁρᾷς
2836 4574 2954 4635 πῶς
3001 4573 3221 4639 λέγεται
3269 4571 3497 4624 καθίσαι
3547 4571 3639 4623 ἐπὶ
3692 4572 3785 4624 τὸν

535 4646 657 4704 dem
688 4651 894 4706 David?
916 4652 1047 4706 Nam
1087 4656 1228 4708 sicut
1253 4657 1417 4711 David
1435 4659 1690 4712 sensibile
1719 4675 1941 4730 regnum
1973 4677 2098 4718 sus-

536 4746 701 4814 cepit,
729 4745 798 4798 ita
827 4755 880 4798 et
939 4745 1195 4803 Dominus
1246 4749 1548 4817 spirituale,
1598 4752 1751 4820 cujus
1808 4755 1958 4824 regni
1996 4771 2098 4809 non

534 4837 638 4889 erit
663 4837 805 4891 linis.
844 4836 960 4891 Non
996 4838 1138 4891 enim
1186 4837 1309 4894 finis
1347 4841 1496 4910 regni
1548 4841 1775 4910 Christi,
1845 4848 1945 4900 hoc
1997 4856 2100 4912 est,

537 4928 826 4995 agnitionis
855 4930 942 4984 Dei
981 4939 1036 4985 et
1059 4929 1481 4988 Christianismi.
1523 4933 1656 4988 Nam
1688 4945 1888 4991 etcum
1925 4953 2105 5006 perse-

537 5020 805 5074 cutionem
824 5023 1079 5090 patimur,
1113 5025 1282 5094 gratia
1317 5024 1519 5082 Christi
1542 5026 1820 5084 ﬂoremus.

612 5195 774 5251 Vens.
800 5198 891 5261 34-.
932 5197 1022 5255 55.
1053 5217 1072 5252 ι
1115 5200 1259 5256 Dixit
1285 5212 1463 5258 autem
1504 5204 1668 5259 Maria
1716 5208 1782 5260 ad
1822 5208 2101 5276 angelum:

540 5288 815 5352 Quomodo
839 5291 943 5344 erit
974 5291 1138 5355 istud,
1187 5294 1617 5364 quandoquidem
1648 5297 1819 5351 virum
1877 5315 1982 5352 non
2016 5315 2106 5352 co-

542 5379 785 5446 gnosco?
814 5379 1242 5451 Etrespondens
1275 5386 1519 5455 angelus,
1581 5387 1717 5440 dixit
1749 5387 1797 5441 ei
1825 5406 1837 5442 :
1870 5387 2106 5458 Spiritus

544 5480 763 5526 sanctus
784 5476 1124 5542 superveniet
1155 5475 1205 5528 in
1241 5487 1312 5539 te,
1337 5486 1390 5532 et
1416 5478 1587 5533 virtus
1616 5480 1875 5534 Altissimi
1919 5484 2108 5535 ohnm-

547 5563 721 5615 brabit
748 5563 842 5616 tibi
893 5582 903 5616 :
942 5576 1267 5636 quapropter
1297 5577 1348 5621 et
1378 5570 1517 5637 quod
1555 5583 1807 5626 nascetur
1838 5586 2108 5638 sanctum,

553 5656 824 5708 vocabitur
855 5654 1022 5711 Filius
1049 5658 1162 5712 Dei.
1206 5679 1221 5709 ι
1260 5657 1374 5713 Non
1402 5663 1554 5727 quasi
1587 5664 1900 5719 discredens
1937 5665 2110 5735 Virgo

2204 4663 2391 4732 θρόνον
2423 4664 2585 4716 Δαυῖδ
2611 4681 2623 4727 ;
2663 4666 2754 4725 ’ος
2786 4666 2894 4732 γὰρ
2931 4666 2956 4715 0
2988 4662 3152 4715 Δαυῖδ
3200 4662 3298 4732 τὴν
3335 4661 3600 4732 αἰσθητὴν
3631 4662 3786 4732 βασι·

2204 4755 2350 4807 λείαν
2372 4756 2584 4819 ἔλασεν,
2607 4756 2748 4808 οὕτω
2777 4757 2867 4808 καὶ
2889 4759 2917 4809 0
2950 4755 3154 4824 Κύριος
3184 4756 3282 4822 τὴν
3311 4757 3509 4825 νοητήν
3535 4772 3549 4787 ·
3587 4751 3655 4826 ἧς
3685 4756 3782 4809 οὐκ

2206 4847 2358 4900 ἔσται
2385 4847 2534 4910 τέλος
2557 4863 2570 4876 υ
2601 4847 2700 4900 οὐκ
2749 4847 2900 4901 ἔσται
2933 4847 3042 4919 γὰρ
3077 4848 3228 4909 τέλος
3247 4847 3346 4916 τῆς
3377 4846 3662 4915 βασιλείας
3690 4846 3784 4901 τοῦ

2208 4938 2466 5008 Χριστοῦ,
2490 4939 2756 5001 τουτέστι,
2790 4939 2887 5007 τῆς
2918 4939 3249 5004 θεογνωσίας
3281 4939 3377 4990 καὶ
3401 4937 3494 4990 τοῦ
3523 4938 3790 5005 Χριστιαο

2207 5026 2424 5096 κλισμοῦ.
2463 5019 2573 5081 Καὶ
2601 5030 2923 5098 διωκόμενοι
2951 5029 3081 5098 γὰρ,
3119 5029 3411 5098 λαμπομεν
3442 5031 3627 5098 χάριτι
3655 5029 3788 5100 Χρι-

2210 5119 2358 5174 ατοῦ.

2283 5229 2300 5259 ι
2341 5205 2473 5262 Eine
2503 5210 2558 5262 δὲ
2595 5208 2824 5278 Μαριὰμ
2864 5210 2998 5280 πρὸς
3027 5209 3118 5263 τὸν
3149 5209 3406 5278 ἄγγελον
3457 5212 3582 5275 Πῶς
3633 5212 3789 5266 ἔσται

2209 5302 2387 5366 τοῦτο,
2431 5302 2550 5354 ἐπεὶ
2601 5300 2772 5370 ἄνδρα
2827 5301 2885 5352 οὐ
2916 5298 3204 5368 γινώσκω;
3244 5302 3358 5356 Καὶ
3403 5303 3726 5374 ἀποκριθεὶς
3760 5307 3793 5358 0

2211 5392 2461 5459 ἄγγελος,
2511 5387 2661 5442 εἶπεν
2711 5390 2883 5460 αύτῇο
2939 5391 3166 5461 Πνεῦμα
3214 5392 3372 5458 ἅγιον
3435 5393 3792 5449 ἐπελεύσεται

2210 5484 2299 5534 ἐπὶ
2332 5482 2424 5547 σὲ,
2485 5484 2578 5533 καὶ
2619 5480 2845 5549 δύναμις
2883 5481 3140 5549 Ὑψίστου
3190 5483 3505 5536 ἐπισκιάσει
3556 5502 3665 5550 σοι,
3708 5486 3794 5539 διὸ

2213 5575 2304 5626 καὶ
2342 5575 2400 5626 τὸ
2428 5575 2769 5643 γεννώμενον
2804 5573 2978 5641 ἅγιον,
3017 5575 3350 5644 κληθήσεται
3389 5575 3520 5639 Υἱὸς
3561 5577 3725 5634 Θεοῦ.
3767 5596 3788 5629 ι

2213 5666 2323 5733 Οὐχ
2347 5666 2420 5726 ὠς
2439 5666 2784 5735 ἁπιστήσασα
2813 5666 2843 5733 ἠ
2878 5665 3174 5736 Παρθένος,
3209 5663 3333 5719 εἷπε
3364 5667 3448 5734 τὸ,
3479 5664 3792 5730 ΠὼςἛσται

563 5743 694 5796 dixit
723 5763 735 5798 :
775 5745 1052 5810 Quomodo
1079 5751 1184 5803 erit
1212 5751 1342 5805 mihi
1377 5752 1555 5808 istud?
1591 5759 1682 5809 sed
1716 5766 1771 5808 ut
1799 5759 2030 5825 prudens
2061 5775 2087 5812 e

2219 5775 2306 5824 μοι
2338 5757 2530 5823 τοῦτο;
2583 5759 2696 5810 ἀλλ’
2744 5757 2817 5820 ὡς
2854 5759 2992 5828 σοφὴ
3032 5759 3122 5810 καὶ
3173 5760 3392 5828 συνετὴ,
3449 5761 3790 5830 ὲπιξητοῦσα

561 5835 879 5905 intelligens,
912 5849 963 5894 ut
996 5841 1185 5907 discat,
1243 5843 1461 5900 modum
1521 5846 1760 5915 inquirit.
1793 5847 1925 5904 Non
1965 5849 2109 5905 enim

2220 5847 2411 5917 μαθεῖν
2431 5848 2518 5902 τὸν
2553 5849 2750 5921 τρόπον
2785 5849 2877 5903 τοῦ
2908 5851 3227 5920 πράγματος
3254 5867 3264 5878 ·
3296 5849 3418 5905 οὐδὲ
3456 5851 3565 5922 γὰρ
3597 5851 3793 5923 γέγονὲ
