4022 6526
270 466 391 531 Ἶθὸ

1031 451 1479 516 ENARRATIO
1519 448 1597 510 IN
1640 447 2151 511 EVANGELIUM
2183 444 2418 507 LUCIE.
2452 470 2520 481 -·
2544 447 2704 510 CAP.
2749 448 2795 509 Ι.

3470 450 3574 515 706

277 598 332 634 τι
359 576 602 632 τοιοῦτον
634 568 1055 645 πρότερον,ούδὲ
1086 567 1225 638 μετὰ
1245 565 1418 619 ταῦτα
1448 562 1870 634 γενήσετσ.ι.Διὸ

1980 560 2129 628 prius
2161 559 2265 614 tale
2296 559 2552 628 quiddam
2596 558 2800 615 factum
2828 570 2933 626 est,
2968 575 3143 630 neque
3172 564 3403 631 postbac
3458 568 3569 621 tiet.

277 673 378 727 καὶ
406 667 770 738 συγγινώσκει
800 664 937 733 αὐτῇ
976 663 1004 714 6
1025 660 1277 728 ἄγγελος,
1320 660 1413 713 καὶ
1443 658 1503 710 οὐ
1546 655 1871 724 κατακρίνει

277 764 358 827 ὼς
376 764 470 816 τὸν
493 759 791 829 Ζαχαρίαν,
822 754 957 806 ἀλλὰ
981 753 1181 823 μᾶλλον
1208 750 1500 819 ὲρμηνεύει
1528 748 1621 800 τὸν
1642 746 1867 816 τρόπον.

292 854 353 907 Ὀ
385 855 482 922 μὲν
512 852 623 917 γὰρ
678 843 955 913 Ζαχαρίας
996 844 1223 903 εἰκότως
1256 840 1712 901 καταδικάζεται.
1739 834 1870 907 Εἶχε

278 937 393 1009 γὰρ
428 935 596 988 πολλὰ
628 933 1073 1002 παραδείγματα,
1111 932 1195 983 ὃτι
1232 947 1339 998 περ
1368 931 1464 983 καὶ
1497 930 1695 983 πολλαὶ
1726 931 1871 980 στεῖ-

281 1050 373 1101 ραι
398 1032 616 1082 ἔτεκον·
653 1028 685 1095 ἡ
726 1026 782 1078 δὲ
815 1024 1087 1093 Παρθένος
1121 1022 1277 1074 οὐδὲν
1308 1020 1437 1091 εἶχε
1486 1022 1865 1089 παράδειγμα.

278 1122 511 1192 Πνεῦμα
534 1117 646 1185 οὖν,
665 1120 849 1189 φησιν,
878 1119 1032 1185 ἅγιον
1051 1115 1403 1171 ἐπελεύσεται
1427 1116 1515 1167 ἐπὶ
1543 1114 1623 1177 σὲ,
1648 1113 1870 1182 γόνιμον

276 1212 711 1285 παρασκευάζον
758 1211 857 1282 τὴν
908 1213 1126 1279 μήτραν
1168 1225 1284 1269 σου,
1343 1206 1439 1259 καὶ
1493 1206 1869 1275 δημιουργοῦν

274 1312 379 1379 τὴν
413 1310 592 1379 σάρκα
614 1306 688 1376 τῷ
704 1304 979 1373 ὁμοουσίῳ
1006 1303 1196 1371 Λόγῳ’
1240 1300 1466 1369 δύναμις
1497 1299 1551 1351 δὲ
1584 1298 1867 1367 Ὑψίστου,

273 1405 303 1455 6
345 1402 472 1464 Υἱὸς
507 1400 600 1452 τοῦ
633 1398 789 1461 Θεοῦ,
827 1397 1061 1467 Χριστὸς
1098 1397 1207 1463 γὰρ
1261 1394 1397 1446 Θεοῦ
1454 1392 1706 1461 δύναμις,
1751 1396 1869 1444 ἐπι-

286 1494 507 1546 σκιάσει
529 1508 652 1557 pou,
680 1489 982 1551 τουτέστιν,
1015 1488 1379 1538 ὲπισκεπάσει
1400 1501 1480 1545 σε,
1516 1483 1781 1536 πάντοθέν
1809 1499 1867 1534 σε

276 1584 707 1654 περικυκλώσει.
747 1580 836 1643 Ὠς
886 1580 997 1650 γὰρ
1034 1578 1185 1647 ὅρνις
1228 1577 1546 1641 ἐπισκιάζει
1576 1576 1644 1629 τὰ
1681 1576 1869 1628 νοσσία

275 1676 483 1743 ἑαυτῆς
522 1675 618 1726 ὅλα
671 1672 790 1733 ταῖς
826 1668 1085 1740 πτέρυξιν
1126 1670 1301 1737 αὐτῆς
1351 1668 1869 1739 περιλαμϐάνουσα,

273 1768 424 1821 οὕτω
471 1768 566 1820 καὶ
616 1768 647 1837 ὴ
685 1766 779 1819 τοῦ
842 1766 975 1819 Θεοῦ
1008 1764 1242 1834 δύναμις
1278 1763 1405 1830 ὃλην
1436 1762 1730 1833 περιέλαϐε
1768 1762 1868 1831 τὴν

277 1862 557 1931 Παρθένον
579 1879 590 1890 ·
630 1861 723 1913 καὶ
744 1860 903 1913 τοῦτο
938 1858 1063 1911 ἐστι
1095 1859 1155 1911 τὸ
1187 1858 1527 1913 ὲπισκιάσαι.
1591 1858 1783 1921 Ἀλλος
1813 1859 1868 1909 δέ

1977 650 2101 706 lieo
2128 661 2182 707 et
2215 652 2448 720 ignoscit
2480 654 2529 708 ci
2583 653 2831 722 angelus,
2868 662 2922 709 et
2969 669 3075 708 non
3130 658 3459 713 condemnat
3517 668 3577 711 ut

1977 745 2326 810 Zachariam,
2359 748 2451 801 sed
2508 748 2680 818 magis
2707 749 2925 802 modum
2960 750 3141 803 docet.
3180 747 3316 803 Nam
3363 750 3577 804 Zacha-

1975 838 2085 891 rias
2112 839 2307 892 merito
2367 840 2783 905 condemnatur,
2844 841 3033 895 habuit
3117 843 3264 896 enim
3326 848 3574 913 exempla

1977 930 2167 995 multa,
2202 931 2642 1000 quandoquidem
2678 941 2733 985 et
2782 931 2965 987 multa
3000 934 3214 988 Steriles
3265 946 3527 1005 pepcrunt
3558 956 3570 991 :

1976 1020 2184 1091 Virgini
2221 1034 2400 1076 autem
2434 1023 2638 1077 nullum
2669 1024 2977 1093 exemplum
3011 1038 3147 1079 erat.
3189 1025 3427 1096 Spiritus
3467 1030 3572 1083 ita-

1973 1130 2099 1183 que,
2157 1115 2309 1177 dicit,
2343 1125 2565 1170 sanctus
2594 1119 2771 1170 veniet
2819 1133 2984 1187 super
3013 1130 3081 1184 te,
3123 1120 3413 1176 fecundum
3453 1127 3576 1178 red-

1973 1206 2108 1261 dens
2145 1218 2357 1261 uterum
2402 1220 2577 1273 tuum,
2605 1216 2662 1263 et
2690 1210 2929 1264 condens
2960 1226 3176 1265 carnen
3213 1215 3577 1268 consubstan-

1977 1297 2086 1349 tiali
2124 1294 2325 1351 Verbo.
2365 1295 2549 1353 Virtus
2618 1314 2744 1354 vero
2819 1299 3086 1355 Altissimi
3142 1300 3311 1358 Filius
3342 1315 3425 1359 est
3459 1305 3573 1359 Dei.

1972 1386 2227 1441 Christus
2258 1390 2403 1441 enim
2440 1392 2529 1445 Dei
2579 1392 2755 1444 virtus
2779 1400 2881 1446 est.
2913 1392 3271 1449 Obumbrabit
3308 1398 3424 1461 tibi,
3464 1399 3571 1453 hoc

1976 1491 2061 1533 cst
2124 1494 2378 1551 contegct
2408 1496 2479 1545 te,
2514 1484 2619 1537 hoc
2641 1492 2743 1547 est,
2785 1484 3028 1553 undique
3085 1497 3136 1541 te
3191 1490 3575 1545 circumdabit.

1975 1572 2126 1627 Sicut
2153 1575 2269 1628 avis
2294 1577 2584 1628 obumbrat
2620 1578 2796 1645 pullos
2817 1592 2946 1632 sues
2978 1589 3124 1633 totos
3161 1581 3262 1634 alis
3287 1584 3402 1637 suis
3428 1600 3577 1637 com-

1974 1671 2241 1733 plectens.
2271 1669 2343 1721 ita
2369 1681 2417 1721 et
2453 1669 2631 1722 divina
2702 1670 2876 1725 virtus
2942 1683 3110 1726 totam
3162 1676 3426 1743 virginem
3480 1693 3576 1746 ap-

1975 1759 2279 1826 prehendit,
2317 1771 2369 1813 et
2400 1761 2502 1813 hoc
2533 1770 2620 1815 est
2652 1763 3003 1817 obumbrare.
3038 1766 3191 1820 Alius
3222 1781 3403 1821 autem
3426 1772 3574 1838 quis-

1976 1852 2117 1919 pium
2160 1851 2408 1907 fortassis
2438 1854 2601 1919 dicet,
2630 1856 2775 1924 quod
2802 1856 2946 1911 sicut
2998 1858 3177 1924 pictor
3203 1863 3441 1926 primum
3482 1865 3574 1916 dc-

272 1972 360 2016 τις
386 1954 549 2021 τυχὸν
585 1956 719 2023 ἐρεῖ,
749 1955 832 2005 ὅτι
863 1952 1053 2021 ὥσπερ
1079 1955 1105 2004 ό
1131 1952 1422 2022 ζωγράφος
1456 1951 1677 2018 πρῶτον
1709 1952 1865 2003 σκιά-

1980 1944 2162 2009 lineat,
2194 1958 2247 1999 et
2281 1947 2500 2001 umbras
2524 1949 2842 2015 iuducit,ct
2870 1951 3064 2005 deinde
3092 1951 3397 2021 perfectum
3430 1954 3577 2010 colo-

275 2046 385 2108 ζει,
420 2040 541 2097 εἶτα
580 2043 784 2096 τέλειον
808 2044 1257 2113 χρωματουργεῖ,
1289 2041 1433 2095 οὕτω
1462 2043 1601 2094 καὶό
1638 2042 1864 2110 Κύριος,

272 2137 443 2199 αὐτὸς
476 2137 651 2205 ἐαυτῷ
675 2136 773 2204 τὴν
810 2137 993 2205 σάρκα
1016 2134 1391 2203 δημιουργῶν,
1418 2133 1509 2185 καὶ
1549 2136 1649 2203 τὴν
1680 2135 1868 2187 εἰκόνα

271 2225 373 2278 τοῦ
406 2226 695 2296 ἀνθρώπου
726 2225 1091 2288 διαπλάττων,
1141 2225 1358 2294 πρῶτον
1408 2224 1631 2277 ἐσκίασε
1664 2226 1869 2292 ταύτην

272 2324 337 2373 ἐν
393 2324 459 2391 τῇ
506 2323 690 2392 μήτρᾳ
725 2325 821 2389 τῆς
860 2320 1161 2390 Παρθένου,
1206 2320 1271 2372 ὲκ
1315 2319 1424 2373 τῶν
1464 2320 1715 2388 αἱμάτων
1770 2321 1870 2387 τῆς

269 2415 643 2485 ἀειπαρθένου
702 2415 881 2485 σάρκα
934 2413 1261 2483 συμπήξας,
1316 2409 1435 2465 εἶτα
1485 2413 1605 2464 κατ’
1666 2412 1865 2479 ὀλίγων

276 2506 580 2578 μορφώσας
606 2508 800 2578 αὑτήν.
836 2506 999 2559 Ἀλλὰ
1018 2505 1179 2559 τοῦτο
1206 2504 1512 2575 ἀμφίϐολον
1538 2520 1551 2534 ⁸
1576 2506 1626 2557 οἱ
1646 2505 1745 2574 μὲν
1762 2506 1870 2573 γὰρ

272 2602 561 2670 λέγουσιν,
624 2603 705 2654 ὅτι
766 2599 884 2670 ἅμα
921 2599 1002 2670 τῷ
1041 2599 1133 2651 τὸν
1188 2598 1394 2671 Κύριον
1430 2597 1754 2651 ὲπισκιάσαι
1801 2600 1867 2669 τῇ

276 2696 471 2765 μήτρα
496 2694 595 2764 τῆς
650 2692 956 2764 Παρθένου,
1003 2692 1164 2755 εὐθὺς
1198 2691 1404 2745 τέλειον
1432 2686 1500 2762 ἦν
1556 2691 1616 2744 τὸ
1649 2691 1869 2762 βρέφος,

271 2789 327 2841 οι
366 2786 426 2840 at
470 2788 531 2840 οὐ
582 2786 985 2857 παραδέχονται
1016 2784 1198 2839 τοῦτο.
1254 2784 1455 2837 Ἀκουε
1490 2784 1600 2854 γὰρ
1626 2784 1678 2837 τί
1711 2800 1870 2853 φησι*

275 2882 374 2935 Διὸ
395 2882 491 2934 καὶ
525 2880 588 2933 τὸ
623 2881 967 2949 γεννώμενον
994 2879 1171 2947 ἅγιον,
1205 2879 1479 2944 τουτέστι,
1506 2878 1565 2931 τὸ
1594 2880 1735 2931 κατὰ
1776 2880 1874 2947 μέ-

276 2992 375 3047 ρος
413 2975 469 3027 ὲν
498 2976 563 3044 τῇ
609 2974 794 3044 μήτρᾳ
854 2990 948 3026 σου
989 2972 1359 3043 αὐξανόμενον
1390 3013 1404 3038 ,
1439 2974 1533 3025 καὶ
1579 2974 1679 3026 οὐκ
1710 2972 1872 3036 εὐθὺς

272 3068 488 3131 τέλειον
520 3066 793 3135 ὑπάρξαν.
858 3065 1266 3136 Ἐμφράττεται
1300 3066 1354 3118 δὲ
1392 3065 1488 3118 καὶ
1518 3064 1769 3118 ἐντεῦθεν
1811 3066 1873 3118 τὺ

276 3160 462 3230 στόμα
494 3159 589 3212 τοῦ
632 3158 957 3231 Νεστορὶου·
996 3160 1207 3219 ἐκεῖνος
1237 3158 1347 3227 γὰρ
1373 3152 1526 3209 εἶπεν
1557 3157 1662 3221 ὅτι,
1700 3158 1812 3227 Οὐχ
1846 3160 1873 3209 6

1978 2054 2087 2090 rem
2120 2041 2290 2102 addit,
2359 2042 2431 2095 ita
2462 2053 2515 2095 et
2556 2042 2819 2098 Deminus
2854 2045 2966 2112 ipse
3017 2046 3118 2099 sibi
3160 2061 3382 2100 carnem
3448 2064 3578 2101 cou-

1975 2130 2127 2192 deus,
2158 2140 2210 2181 et
2240 2131 2530 2197 imaginem
2563 2131 2800 2187 hominis
2832 2132 3096 2197 formans,
3162 2138 3394 2203 primum
3428 2139 3579 2192 deli-

1976 2225 2159 2278 neavit
2194 2225 2334 2277 illam
2358 2226 2409 2278 in
2452 2236 2609 2280 utero
2650 2225 2912 2297 Virginis,
2953 2242 3236 2300 compacta
3266 2247 3331 2286 ex
3356 2235 3578 2304 sangui-

1975 2317 2137 2370 nibus
2170 2332 2386 2386 semper
2418 2320 2646 2387 virginis
2679 2336 2868 2383 carne,
2902 2339 3063 2390 quam
3097 2324 3289 2379 deinde
3314 2326 3573 2395 paulatim

1976 2410 2229 2478 figuravit
2266 2428 2279 2463 :
2311 2413 2403 2465 sed
2439 2412 2542 2466 hoc
2564 2413 2806 2467 dubium.
2862 2414 3001 2470 Sunt
3031 2418 3175 2470 enim
3228 2420 3321 2488 qui
3388 2406 3578 2474 dicunt

1974 2502 2119 2569 quod
2156 2503 2244 2555 ubi
2286 2501 2549 2557 Dominus
2599 2505 2948 2560 obumbravit
3002 2508 3166 2579 277
3217 2522 3431 2565 uterum
3467 2512 3579 2565 vir-

1972 2592 2138 2665 g'iuis.
2176 2596 2357 2648 statim
2394 2594 2671 2664 perfectus
2705 2596 2869 2652 fuerit
2895 2599 3115 2664 infans;
3150 2602 3237 2656 alii
3270 2613 3449 2658 autem
3474 2605 3579 2659 hoc

1977 2700 2079 2739 non
2109 2687 2397 2755 recipiunt.
2445 2690 2581 2743 Audi
2611 2692 2754 2744 enim
2783 2692 2913 2762 quid
2948 2694 3114 2760 dicat,
3164 2696 3291 2750 Ideo
3345 2706 3400 2753 et
3430 2700 3576 2768 quod

1976 2787 2231 2832 miscetur
2270 2788 2541 2844 sanctmn,
2594 2782 2697 2835 hoc
2757 2792 2861 2848 est,
2919 2785 3062 2853 quod
3121 2787 3575 2856 particulatimin

1977 2880 2133 2924 utero
2162 2874 2381 2937 crescit,
2412 2882 2465 2927 et
2487 2889 2593 2927 non
2614 2874 2801 2929 statim
2835 2876 3137 2945 perfectum
3163 2880 3403 2935 exsistit.
3433 2879 3579 2936 Con-

1976 2964 2071 3018 fun
2096 2964 2222 3020 litor
2249 2978 2431 3021 autem
2462 2977 2517 3022 ct
2541 2968 2642 3022 hoc
2660 2968 2777 3024 loco
2806 2969 3109 3027 Nestorius.
3139 2972 3234 3029 Ille
3266 2974 3409 3028 enim
3440 2974 3582 3028 dixit

1977 3059 2123 3126 quod
2166 3076 2270 3114 non
2300 3059 2465 3115 fuerit
2497 3060 2665 3117 Filius
2695 3064 2787 3118 Dei
2844 3064 2898 3118 in
2955 3074 3112 3119 utero
3138 3068 3362 3133 virginis
3386 3068 3577 3137 quies-

1976 3161 2131 3210 cens,
2170 3150 2488 3205 incarnatus
2524 3171 2536 3205 :
2568 3152 2663 3207 sed
2701 3156 2877 3209 nudus
2906 3155 3071 3210 homo
3094 3171 3125 3211 e
3173 3156 3384 3225 virgine
3413 3155 3579 3213 fuerit

277 3247 413 3310 Υἱὸς
442 3246 535 3300 τοῦ
568 3246 702 3300 Θεοῦ
734 3249 793 3300 ὲν
826 3250 890 3318 τῇ
929 3248 1112 3318 μήτρᾳ
1167 3246 1267 3316 τῆς
1331 3246 1612 3316 Παρθένου
1643 3247 1871 3316 οἰκήσας

1981 3254 2158 3307 natus,
2185 3253 2482 3313 posteaque
2512 3245 2764 3301 habuerit
2795 3246 2961 3301 Deum
2996 3247 3205 3303 factum
3252 3250 3353 3303 sibi
3407 3252 3579 3306 comi-

274 3339 599 3412 ἔσαρκὼθη,
626 3339 739 3392 ἀλλ’
773 3339 1061 3407 ἄνθρωπος
1094 3338 1251 3407 ψιλὸς
1275 3339 1338 3390 ἐκ
1369 3338 1469 3407 τῆς
1506 3339 1727 3408 Μαρίας
1751 3354 1873 3400 γενο

270 3432 490 3500 νηθιὶς,
533 3431 760 3501 ὕστερον
796 3429 921 3502 έσχε
945 3430 1037 3482 τὸν
1085 3429 1218 3483 Θεὸν
1254 3431 1637 3499 παρεπόμενον
1696 3428 1870 3499 αὐτῷ.

278 3525 559 3577 ’Λκουέτω
595 3521 693 3577 οὖν
720 3525 800 3576 ὅτι
831 3525 892 3575 τὸ
921 3522 1260 3591 γεννώμενον
1282 3524 1338 3575 έν
1361 3524 1426 3591 τῇ
1460 3524 1663 3592 μήτρα,
1696 3522 1874 3572 ἐκεῖνο

272 3611 346 3687 ἦν
398 3616 527 3680 Υἱὸς
559 3615 694 3669 Θεοῦ
714 3632 726 3645 ’
762 3614 875 3668 ἀλλ’
901 3615 1002 3667 οῦκ
1048 3614 1177 3667 ἄλλο
1213 3614 1310 3685 μὲν
1346 3617 1695 3684 ἐκυοιροριῖτο
1718 3615 1774 3665 έν
1803 3616 1869 3684 τῇ

277 3716 495 3782 μήτρᾳ,
534 3710 692 3771 ἄλλος
733 3708 790 3761 δὲ
822 3709 850 3760 6
917 3707 1047 3769 Υἱὸς
1095 3705 1190 3759 τοῦ
1225 3706 1361 3759 Θεοῦ
1385 3722 1397 3735 ·
1429 3703 1567 3759 ἀλλὰ
1612 3698 1691 3767 εἷς
1722 3706 1818 3756 καὶ
1846 3707 1873 3758 6

271 3804 446 3864 αὐτὸς
463 3799 550 3873 ἦν,
578 3804 605 3855 6
639 3803 736 3869 τῆς
760 3801 1043 3870 Παρθένου
1060 3817 1115 3851 τε
1151 3799 1243 3851 καὶ
1269 3798 1362 3851 τοῦ
1394 3797 1530 3851 Θεοῦ
1569 3796 1875 3869 Υἱός.”ορα

266 3897 332 3951 δὲ
368 3897 488 3959 πῶς
522 3895 622 3965 τὴν
656 3894 822 3960 ἀ,ίαν
878 3892 1085 3962 Τριάδα
1129 3890 1383 3960 ἐξέφηνε,
1434 3889 1658 3959 Πνεῦμα
1693 3889 1872 3958 ἆγιον,

266 3991 519 4059 δύναμιν
546 3991 634 4041 τὸν
664 3987 816 4051 Υἱὸν,
850 3987 1139 4056 Ὕψιστον,
1168 3986 1261 4038 τὶν
1284 3985 1507 4054 Πατέρα
1528 3983 1825 4053 ὀνομάσας.

356 4104 376 4133 ι
420 4082 526 4134 Καὶ
559 4081 669 4133 ἰδοὺ
707 4078 991 4132 Ἑλισάϐετ
1042 4080 1075 4147 ἡ
1113 4076 1385 4146 συγγενής
1422 4092 1537 4139 σου,
1597 4076 1691 4127 καί
1736 4073 1875 4145 αὐτὴ

272 4176 645 4245 συνειληφυῖα
696 4174 814 4226 υἱὸν
874 4174 933 4224 ἐν
988 4172 1137 4241 γήρᾳ
1191 4169 1401 4238 αὐτῆς⁹
1437 4168 1534 4221 καὶ
1570 4161 1726 4231 οὗτος
1770 4168 1876 4239 μὴν

271 4271 440 4333 ἕκτος
469 4270 619 4321 ἐστιν
650 4267 789 4337 αὐτῇ
817 4268 882 4335 τῇ
916 4263 1229 4333 καλουμένῃ
1254 4263 1469 4333 στείρᾳ,
1502 4263 1583 4314 ὅτι
1624 4262 1725 4315 οὐκ
1749 4261 1877 4316 ἀδυ-

270 4362 507 4429 νατήσει
534 4358 688 4428 παρὰ
716 4356 792 4427 τῷ
823 4354 942 4425 Θεῷ
973 4356 1084 4408 πᾶν
1123 4355 1299 4425 ῥῆμα.
1336 4347 1478 4405 Eine
1528 4352 1585 4405 δὲ
1614 4352 1873 4423 Μαριάμ·

269 4451 419 4508 Ἰδοὺ
446 4454 480 4521 ἠ
502 4451 661 4521 δούλη
694 4449 919 4519 Κυρίου,
944 4447 1157 4516 γένοιτό
1193 4464 1282 4516 μοι
1308 4447 1448 4500 κατὰ
1473 4446 1534 4498 τὸ
1563 4445 1720 4515 ῥῆμά
1743 4462 1835 4497 σου
1856 4458 1871 4475 ’

269 4546 373 4598 καὶ
424 4543 669 4611 ἀπῆλθεν
700 4542 794 4593 ἀπ’
840 4540 1012 4609 αὐτῆς
1057 4543 1085 4594 6
1138 4542 1391 4607 ἅγγελος.
1450 4556 1469 4588 ι
1518 4538 1876 4607 Ἀπορήσειεν

1980 3343 2111 3387 tcm.
2152 3334 2355 3389 Audiat
2394 3337 2556 3405 igitur
2585 3340 2728 3407 quod
2775 3338 2905 3392 illml
2956 3342 3100 3409 quod
3163 3342 3492 3397 nascebatur
3524 3343 3576 3398 in

1978 3434 2154 3489 utero,
2189 3437 2306 3479 erat
2340 3427 2514 3482 Filius
2547 3429 2661 3483 Dei.
2697 3430 2763 3485 Et
2808 3447 2913 3483 non
2948 3430 3084 3486 alius
3144 3434 3366 3503 quidem
3413 3434 3581 3491 lectus

1975 3527 2056 3571 est
2097 3520 2258 3582 uteri,
2310 3519 2448 3575 alius
2499 3532 2680 3575 autem
2716 3522 2886 3577 Filius
2912 3523 3029 3590 Dei,
3063 3530 3155 3579 sed
3190 3540 3330 3579 unus
3349 3536 3403 3581 et
3434 3526 3577 3581 idem

1977 3610 2079 3666 fuit
2117 3612 2285 3668 Filius
2329 3614 2594 3682 Virginis,
2624 3627 2683 3671 et
2727 3615 2898 3671 Filius
2931 3618 3046 3671 Dei.
3100 3617 3236 3673 Vide
3284 3621 3411 3673 item
3440 3634 3578 3689 quo-

1980 3705 2142 3761 modo
2173 3717 2419 3762 sanctam
2445 3705 2771 3764 Trinitatem
2832 3710 3149 3775 declaravit,
3176 3711 3364 3767 dicens
3399 3713 3576 3780 Spiri-

1981 3806 2092 3851 tum
2134 3811 2405 3867 santtum,
2464 3803 2713 3857 virtutem
2790 3802 3009 3872 Filium,
3062 3805 3426 3875 Altissimum,
3469 3805 3580 3861 Pa-

1981 3898 2137 3945 trem.

2051 4072 2218 4129 Vsas.
2250 4074 2437 4130 36-38.
2469 4093 2489 4127 ‹
2524 4075 2703 4147 Atque
2743 4093 2872 4133 ecce
2897 4077 3178 4137 Elisabeth
3229 4095 3457 4154 cognata
3489 4094 3577 4141 tua

1978 4177 2033 4225 et
2067 4168 2185 4237 ipsa
2216 4170 2465 4238 concepit
2526 4170 2693 4225 lilium
2744 4171 2799 4226 in
2863 4185 3146 4229 senectute
3199 4190 3319 4244 sua,
3379 4188 3434 4232 et
3492 4180 3580 4235 bic

1980 4261 2185 4316 mensis
2227 4272 2312 4317 est
2344 4272 2533 4318 sextus
2561 4263 2635 4317 illi
2668 4279 2790 4334 qua:
2830 4265 3115 4321 dicebatur
3145 4266 3349 4323 sterilis
3384 4287 3396 4323 :
3449 4272 3579 4340 quia

1980 4368 2087 4407 non
2119 4354 2224 4408 erit
2252 4354 2587 4421 impossibile
2613 4357 2754 4425 apud
2791 4355 2959 4411 Deum
2995 4373 3157 4413 omne
3193 4360 3440 4417 verbum.
3492 4361 3581 4415 Di-

1978 4446 2057 4500 xit
2086 4455 2267 4501 autem
2294 4446 2495 4502 Maria:
2538 4445 2678 4503 Ecce
2711 4449 2908 4503 ancilla
2943 4449 3180 4517 Domini,
3215 4453 3310 4506 liat
3334 4453 3465 4507 mibi
3495 4469 3581 4509 sc-

1980 4543 2219 4595 cundum
2248 4541 2475 4595 verbum
2529 4551 2701 4598 tuum.
2734 4543 2814 4597 Ac
2864 4542 3141 4617 discessit.
3171 4544 3243 4601 ab
3297 4546 3385 4600 illa
3415 4562 3582 4617 ange—

267 4639 340 4694 ἆν
396 4653 486 4697 τις
519 4634 635 4697 πῶς
663 4628 731 4704 ἧν
765 4631 1036 4703 συγγενὴς
1065 4632 1161 4702 τῆς
1192 4630 1466 4702 Παρθένου
1500 4631 1533 4699 ὴ
1569 4628 1869 4683 Ἐλισάὂετ⁸

1984 4629 2087 4685 lus.
2126 4649 2145 4682 ι
2183 4631 2519 4687 Dubitaverit
2553 4634 2789 4688 fortasse
2820 4636 3091 4704 quispiam
3143 4637 3420 4707 quomodo
3466 4638 3583 4694 Eli-

268 4732 398 4799 εἴγε
430 4731 467 4798 ἡ
498 4728 595 4797 μὲν
627 4724 901 4796 Παρθένος
953 4726 1018 4777 ἐκ
1057 4724 1156 4795 τῆς
1193 4724 1363 4777 Ἰούδα
1411 4723 1584 4793 φυλῆς
1630 4716 1721 4792 ἦν,
1753 4722 1787 4790 ἡ
1816 4720 1874 4773 δὲ

280 4819 605 4885 Ἐλισάὅετ,
655 4823 720 4873 ἐκ
744 4818 853 4873 τῶν
886 4816 1206 4888 θυγατέρων
1243 4816 1457 4887 Ἀαρών
1482 4817 1543 4867 ’ὁ
1571 4815 1679 4885 γὰρ
1714 4814 1877 4883 νόμος

268 4916 545 4971 ἐκέλευεν
584 4914 694 4966 ἀπὸ
728 4911 830 4981 τῆς
892 4913 1061 4981 αὐτῆς
1113 4910 1283 4980 φυλῆς
1318 4913 1445 4972 τοὺς
1490 4908 1703 4977 γάμους
1730 4906 1879 4975 γίνε-

270 5009 415 5064 σθαι
433 5024 448 5037 ·
476 5005 618 5059 ὥστε
646 5005 741 5057 καὶ
768 5004 826 5057 αἱ
858 5003 1177 5071 συγγένειαι
1224 5005 1280 5055 ἐν
1310 5004 1423 5064 τοῖς
1450 5001 1558 5052 ἀπὸ
1576 5000 1672 5069 τῆς
1705 4998 1878 5067 αὐτῆς

267 5106 464 5175 φυλῆς
489 5097 641 5156 οῦσιν
689 5100 1058 5171 εὑρίσκονται.
1108 5100 1261 5153 Ἐστι
1298 5098 1398 5169 μὲν
1433 5092 1528 5151 οῦν
1579 5098 1758 5150 εἰπεῖν
1780 5094 1878 5147 καὶ

263 5200 359 5253 ὅτι
404 5195 520 5248 ἀπὸ
554 5195 652 5263 τῆς
682 5192 1067 5263 αἰχμαλωσίας
1118 5190 1491 5262 συνεχέθησαν
1521 5188 1590 5243 τὰ
1620 5189 1753 5258 γένη
1775 5203 1791 5219 ⁸
1819 5188 1880 5241 τὸ

266 5291 330 5345 δὲ
373 5289 667 5358 κρεῖττον,
718 5284 901 5340 τοῦτο.
947 5283 1165 5355 Ἀαρὼν
1206 5285 1441 5351 γυναῖκα
1470 5280 1712 5351 ἠγάγετο
1742 5278 1881 5332 Ἐλι-

274 5378 486 5441 σὰὃετ,
513 5375 796 5445 θυγατέρα
824 5375 990 5428 οὖσαν
1023 5373 1119 5427 τοῦ
1157 5370 1477 5442 Ἀμιναδάϐ,
1507 5372 1564 5435 ὃς
1589 5366 1658 5442 ἦν
1687 5372 1751 5424 ἐκ
1782 5370 1881 5439 τῆς

280 5472 472 5530 Ἰούδα
504 5470 700 5541 φυλῆς.
757 5469 924 5538 Ὀρᾷς
954 5468 1037 5520 ὅτι
1086 5467 1292 5520 ἄνωθεν
1340 5466 1435 5519 καὶ
1486 5464 1595 5517 ἀπὸ
1647 5460 1878 5532 Ἀαρὼν,

267 5562 563 5635 συγγενὴς
611 5558 679 5632 ἦν
708 5560 1039 5641 ἠιθεοτόκος
1070 5559 1168 5627 τῆς
1199 5557 1486 5611 Ἐλισάῆετ
1511 5572 1526 5614 ;
1586 5554 1741 5607 Ἐπεὶ
1770 5551 1882 5622 γὰρ

267 5661 307 5732 ἡ
330 5642 437 5711 τοῦ
488 5655 706 5724 Ἀαρὼν
734 5651 872 5721 γυνὴ
908 5653 973 5704 ὲκ
1032 5652 1130 5721 τῆς
1169 5650 1344 5704 ’ἰούδα
1378 5651 1655 5718 κατήγετο
1684 5647 1880 5717 φυλῆς,

267 5752 374 5820 ἀφ’
407 5745 485 5821 ἦς
524 5742 593 5818 ἦν
623 5747 721 5800 καὶ
762 5737 811 5816 i)’
839 5744 1102 5805 Θεοτόκος
1123 5786 1139 5810 ,
1170 5746 1205 5814 ἡ
1237 5744 1293 5797 δὲ
1334 5743 1621 5797 Ἐλισάΰετ
1658 5744 1724 5795 ἐκ
1772 5741 1883 5794 τῶν

269 5837 616 5909 θυγατέρων
659 5835 893 5906 Ἀαρὼν,
922 5834 1148 5897 εἰκότως
1187 5834 1455 5904 συγγενὴς
1487 5833 1586 5901 τῆς
1612 5832 1881 5885 Θεοτόκου

268 5935 313 6007 ἡ
360 5930 662 5988 Ἐλεισάϐετ
687 5945 699 5960 ·
732 5931 765 6001 ὴ
802 5928 913 6001 γὰρ
942 5930 1248 5998 προμήτωρ
1274 5928 1467 5998 αὐτῆς,
1512 5926 1814 5994 τουτέστιν,
1848 5927 1884 5997 ἡ

1982 4724 2171 4778 sabeth
2229 4734 2458 4795 cognata
2495 4727 2661 4781 fuerit
2686 4727 2893 4783 Marize.
2930 4727 3098 4800 Virgo
3146 4729 3293 4784 enim
3352 4729 3468 4801 ipsa
3514 4747 3581 4787 ex

1982 4816 2129 4869 tribu
2153 4813 2287 4870 Juda
2315 4816 2435 4883 fuit,
2462 4817 2745 4874 Elisabetb
2779 4829 2965 4875 autem
2996 4820 3066 4876 de
3129 4821 3345 4878 ﬁliabus
3369 4824 3578 4879 Aaron.

1980 4906 2118 4961 Nam
2162 4908 2243 4963 lex
2280 4912 2542 4979 praecepit
2583 4911 2842 4984 conjugcs
2894 4928 2960 4968 ex
2983 4914 3173 4968 eadem
3210 4914 3351 4969 tribu
3409 4930 3575 4971 esse:

1982 5009 2036 5053 et
2068 5003 2139 5057 ita
2169 5002 2518 5072 cognationes
2556 5016 2624 5057 ex
2681 5019 2784 5056 una
2812 5006 2954 5058 tribu
3037 5017 3219 5061 erant.
3276 5003 3579 5063 Dicendum

1984 5096 2150 5166 igitur
2172 5096 2317 5166 quod
2351 5112 2380 5149 a
2410 5096 2730 5166 captivitate
2766 5096 2991 5154 confusa
3039 5107 3170 5152 sunt
3222 5115 3442 5169 genera.
3511 5100 3585 5156 Et

1984 5189 2180 5243 melius
2218 5189 2290 5242 ita
2321 5189 2565 5244 dicitur:
2604 5190 2787 5243 Aaron
2839 5205 3063 5245 uxorem
3100 5190 3582 5259 doxitElisabetb,

1984 5292 2106 5344 qua
2141 5278 2247 5331 lilia
2282 5276 2383 5331 fuit
2444 5278 2777 5345 Aminailab,
2820 5278 2913 5348 qui
2965 5278 3066 5332 fuit
3099 5295 3164 5334 ex
3222 5280 3362 5335 tribu
3421 5278 3581 5335 Juda.

1985 5365 2155 5422 Vides
2179 5369 2327 5435 quod
2358 5368 2429 5423 ab
2473 5368 2629 5421 initio
2654 5379 2706 5422 et
2744 5370 2809 5423 ab
2836 5368 3018 5423 Aaron
3056 5382 3284 5439 cognata
3338 5369 3439 5423 fuit
3474 5368 3585 5425 Eli-

1990 5462 2183 5517 sabetb
2224 5460 2318 5516 Dei
2349 5460 2652 5516 Geuitrix?
2698 5460 2836 5528 Quia
2892 5464 3036 5516 enim
3094 5478 3232 5517 mor
3281 5464 3465 5518 Aaron
3512 5475 3582 5518 ex

1984 5555 2120 5611 Juda
2162 5554 2468 5616 descendit.
2498 5570 2528 5607 e
2570 5569 2673 5617 qua
2710 5555 2852 5608 tribu
2912 5554 3014 5610 fuit
3064 5555 3158 5610 Dei
3210 5556 3479 5619 Geuitrix.
3526 5563 3586 5610 et

1987 5646 2265 5702 Elisabeth
2293 5645 2392 5700 fuit
2415 5663 2478 5702 cx
2514 5645 2730 5700 ﬁliabus
2752 5648 2957 5712 Aaron,
2995 5649 3192 5703 merito
3224 5646 3319 5702 Dei
3338 5645 3582 5703 Genitrix

1986 5748 2219 5809 cognata
2248 5738 2447 5793 dicitur
2464 5737 2767 5804 Elisabctb,
2804 5753 2929 5792 nam
2960 5753 3163 5808 proava
3195 5739 3331 5806 ejus,
3368 5738 3471 5793 boc
3497 5744 3586 5794 est

1988 5848 2129 5887 uxor
2167 5829 2499 5895 Aaron,l‘uit
2538 5847 2605 5886 ex
2633 5833 2777 5887 tribu
2831 5831 2989 5887 .luda.
3033 5832 3333 5889 Considera
3399 5839 3583 5886 autem

1992 5936 2046 5982 et
2105 5923 2453 5995 cognationis
2508 5925 2985 5995 consequentiam.
3056 5923 3333 5982 Elisabetb
3400 5923 3584 5979 Aaron
