4022 6474
488 455 594 520 'i'J'i

1417 428 1990 498 THEOPHYLACTI
2025 419 2432 488 BULGARIE
2456 413 2814 480 ARCHIEP.

3635 394 3741 464 703

433 601 452 628 ε
487 513 648 632 uxor,
685 557 954 617 Elisabetb
985 556 1150 612 etiam
1234 551 1514 608 Zacharia
1566 562 1723 612 uxor,
1809 554 2063 632 tanquam

2203 538 2262 592 οὗ
2317 535 2526 610 Ἀαρὼν
2557 531 2720 601 γυνὴ,
2763 531 2829 583 ἐκ
2857 526 2956 596 τῆς
2995 523 3164 578 Ἰούδα
3205 521 3378 592 φυλῆς
3405 513 3495 590 ἦν.
3544 518 3741 571 Σκόπει

491 671 559 712 ex
590 631 677 710 illa
709 645 1059 707 descendens.
1083 641 1189 699 Sed
1213 643 1491 697 videamus
1512 637 1641 707 quid
1672 635 1820 690 dicat
1853 631 2018 700 Virgo
2044 647 2056 682 :

497 765 516 799 ι
554 743 694 801 Ecce
723 737 916 795 ancilla
945 734 1179 799 Domini,
1215 733 1307 785 nat
1339 728 1468 784 mibi
1514 724 1811 781 secundum
1837 720 2061 774 verbum

496 846 664 890 tuum.
702 847 722 884 ι
753 825 959 883 Tabula
989 838 1111 880 sum
1135 819 1382 893 pictoria,
1419 817 1608 886 pingat
1672 814 1849 881 pictor
1913 806 2057 877 quod

494 923 744 988 voluerit,
782 920 944 974 faciat
973 918 1110 973 Deus
1134 912 1276 983 quod
1308 909 1562 964 voluerit.
1593 906 1771 974 Atque
1802 904 1872 956 i-ta
1903 900 2065 955 etiam

494 1013 637 1081 quod
667 1010 815 1081 prius
843 1007 1084 1062 dixerat:
1123 1000 1403 1069 Quomodo
1447 998 1552 1052 erit
1601 995 1744 1050 hoc?
1805 1007 1910 1047 non
1937 1080 1940 1081 ν
1965 989 2068 1081 l’uit

499 1080 908 1163 incredulitatis,
931 1096 1026 1151 sed
1049 1092 1306 1150 desiderii
1329 1087 1636 1145 addiscendi
1661 1085 1904 1140 modum.
1933 1080 2065 1135 Nam

496 1193 543 1249 si
575 1189 994 1247 discredidisset.
1052 1186 1368 1252 neutiquam
1428 1179 1693 1233 dixisset:
1737 1194 1756 1228 ε
1801 1173 1939 1232 Ecce
1969 1187 2067 1226 an-

498 1283 617 1339 cilla
656 1280 890 1342 Domini,
928 1277 1018 1331 ﬂat
1051 1275 1180 1329 mihi
1210 1270 1506 1330 secundum
1541 1267 1760 1321 verbum
1831 1273 2004 1317 tuum.
2047 1279 2064 1312 ι

498 1373 654 1441 Disce
684 1384 861 1426 autem
891 1369 1030 1437 quod
1045 1365 1280 1432 Gabriel,
1304 1363 1472 1431 siquis
1492 1361 1896 1428 interpretatur,
1931 1355 2070 1408 idem

500 1477 585 1524 cst
614 1465 754 1536 quod
786 1465 945 1517 homo
977 1460 1138 1514 Deus.
1177 1455 1341 1510 Malia
1367 1468 1514 1519 vero,
1539 1451 1776 1513 domina,
1808 1445 2070 1500 Nazareilt

502 1569 702 1622 autem,
739 1553 1119 1611 sanctiﬁcatio.
1147 1550 1338 1605 Merito
1362 1549 1526 1618 igitur
1555 1559 1680 1599 cum
1736 1541 1885 1596 nasci
1907 1539 2071 1593 voluit

502 1651 644 1705 Deus
678 1649 862 1710 homo,
891 1646 1090 1700 missus
1119 1652 1201 1696 est
1229 1639 1468 1703 Gabriel,
1501 1637 1604 1692 hoc
1639 1647 1722 1691 est
1761 1636 1924 1688 homo
1955 1629 2071 1684 Dei.

502 1742 606 1800 Sed
633 1743 684 1795 in
715 1747 906 1794 sancto
937 1736 1054 1793 loco
1093 1736 1153 1790 lit
1178 1733 1455 1797 salutatio,
1487 1731 1590 1786 hoc
1643 1737 1727 1784 est
1785 1727 1838 1781 in
1902 1723 2077 1781 Naza-

2165 632 2221 685 δὲ
2260 609 2354 684 καὶ
2394 628 2455 680 τὸ
2493 627 2593 696 τῆς
2623 622 2961 692 συγγενείας
2992 612 3495 688 παρακολούθημα·
3535 609 3748 664 Ἐλισὶο

2166 721 2284 783 σετ,
2336 721 2371 791 η
2394 717 2492 772 τοῦ
2537 714 2750 784 Ἀαρὼν
2797 711 2936 782 γυνή
2956 726 2970 739 ο
3009 705 3301 768 Ελισάδετ,
3331 702 3424 756 καὶ
3452 703 3486 771 f,
3513 699 3610 753 τοῦ
3643 699 3747 791 Ζαέ

2167 789 2380 886 χορίου,
2417 811 2494 873 ὡς
2537 808 2597 875 ἐξ
2626 807 2840 876 ἐκείνης
2863 800 3214 870 καταγομὲνη
3241 840 3253 852 .
3293 793 3434 850 Ἀλλ’
3462 791 3664 886 τδωμεν
3698 789 3749 886 τί

2169 881 2334 974 φησιν
2363 903 2397 972 ὴ
2449 899 2723 970 Παρθένος
2744 911 2760 926 θ
2793 915 2812 947 ι
2871 893 3003 948 Ἰδοὺ
3033 895 3065 960 ἡ
3095 890 3256 958 δούλη
3284 886 3512 954 Κυρίου,
3542 881 3751 974 γένοιτο

2295 971 2436 1047 κατὰ
2463 993 2524 1046 τὸ
2551 991 2708 1062 ῥῆμά
2736 1005 2852 1044 σου.
2895 1005 2914 1038 ι
2951 982 3122 1048 Πίναξ
3158 981 3275 1050 εἰμὶ
3309 976 3659 1048 ζωγραφικὸς
3679 991 3692 1002 ·
3722 971 3752 1026 6

2176 1088 2426 1159 βούλεται
2481 1085 2510 1137 6
2537 1083 2807 1154 γραφεὺς,
2843 1075 3105 1149 γραφέτω
3191 1073 3220 1127 ὃ
3265 1072 3434 1133 θέλει,
3473 1067 3696 1122 ποιείτω
3726 1066 3756 1119 6

2173 1180 2408 1250 Κύριος·
2461 1175 2602 1229 ὥστε
2635 1174 2730 1228 καὶ
2761 1173 2789 1226 6
2817 1168 2937 1226 εἷπε
2985 1168 3276 1239 πρότερον,
3329 1163 3452 1228 Πῶς
3484 1161 3634 1215 ἔσται
3667 1174 3758 1228 μοι

2171 1271 2368 1336 mito;
2410 1270 2512 1322 οὐκ
2540 1267 2802 1330 ἀπιστίας
2834 1260 2923 1336 ἦν,
2951 1262 3066 1315 ἀλλ’
3108 1256 3407 1326 ἐπιθυμίας
3439 1253 3535 1307 τοῦ
3567 1251 3760 1323 μαθεῖν

2172 1365 2264 1417 τδν
2297 1362 2499 1434 τρόπον
2521 1376 2533 1389 '
2565 1361 2614 1412 εἰ
2637 1359 2746 1428 γὰρ
2776 1358 3018 1426 ἠπίστει,
3049 1352 3151 1405 οὐκ
3180 1349 3246 1403 ἂν
3282 1342 3460 1411 εἶπεν,
3497 1366 3515 1398 ι
3562 1345 3697 1398 ’ἰδοὺ
3724 1344 3760 1411 ἡ

2173 1456 2331 1526 δούλη
2376 1453 2606 1524 Κυρίου,
2659 1447 2875 1520 γένοιτό
2905 1463 2994 1516 μοι
3028 1442 3172 1498 κατὰ
3238 1441 3300 1494 τὸ
3356 1440 3507 1512 ῥῆμά
3565 1454 3684 1490 σου.
3738 1452 3758 1486 ι

2175 1548 2425 1602 Μάνθανε
2451 1545 2508 1599 δέ
2531 1547 2612 1597 ὅτι
2640 1540 2880 1611 Γαϐριὴλ
2908 1538 3006 1608 μέν
3029 1533 3414 1607 ἐρμηνεύεται,
3442 1530 3762 1598 ἅνθρωπος

2181 1641 2323 1705 Θεός
2343 1655 2356 1669 ·
2404 1639 2639 1706 Μαριὰμ
2666 1635 2744 1698 δὲ,
2782 1631 2981 1699 κινριαο
3014 1627 3269 1699 Ναζαρὲτ
3292 1625 3350 1678 δέ
3375 1666 3389 1682 .
3434 1619 3757 1691 ἁγιασμὸς.

2437 1689 2542 1784 οὖιν
2569 1689 2696 1782 ὅταν
2729 1689 2920 1796 ἐμελλε
2949 1689 3208 1791 γενέσθαι
3231 1721 3261 1773 6
3290 1716 3427 1781 Θεὸς
3452 1689 3824 1784 ἀνθρωποςῖ

505 1835 648 1890 retli.
679 1831 780 1887 Ubi
816 1829 960 1886 enim
991 1829 1152 1895 Deus,
1181 1826 1252 1882 ibi
1279 1824 1416 1879 nihil
1466 1823 1759 1893 impurum,
1786 1818 1918 1874 nihil
1970 1832 2073 1872 non

2200 1824 2578 1881 ιποστέλλεται
2608 1823 2637 1874 6
2673 1817 2937 1889 Γαϐριὴλ,
2991 1815 3052 1878 ὃς
3085 1809 3450 1883 ἑρμηνεύεται
3479 1807 3768 1878 ἄνθρωπος

506 1937 777 1985 sanctum.

582 2183 746 2240 Vitas.
776 2181 966 2238 39-8.
1003 2200 1022 2234 ι
1056 2181 1368 2251 Exsurgens
1385 2187 1573 2234 autem
1601 2174 1768 2230 Maria
1803 2174 1858 2229 in
1895 2173 2084 2228 diebus

508 2279 618 2346 his,
640 2277 772 2333 abiit
799 2277 850 2331 in
886 2283 1139 2330 montana
1167 2288 1289 2329 cum
1347 2271 1691 2327 festinatione
1731 2268 1782 2322 in
1807 2266 2084 2322 civitatem

505 2367 666 2434 Juda,
705 2378 758 2424 et
784 2368 1006 2421 intravit
1053 2367 1106 2419 in
1139 2365 1356 2420 domum
1387 2361 1686 2425 lacuaria,
1720 2374 1783 2413 ac
1835 2358 2089 2413 salutavit

512 2461 805 2518 Elisabetlt.
843 2459 1010 2529 278
1048 2457 1108 2511 Et
1161 2455 1366 2511 factum
1403 2463 1510 2519 est,
1542 2462 1604 2508 ut
1636 2451 1844 2506 audivit
1879 2450 2086 2504 saluta-

513 2542 712 2609 iionem
744 2553 922 2606 Maria:
957 2549 1259 2614 Elisabetli,
1289 2549 1436 2602 saliit
1465 2545 1640 2599 infans
1673 2545 1727 2599 in
1769 2554 1924 2597 utero
1949 2541 2088 2608 ejus,

511 2655 567 2702 et
599 2645 798 2715 repleta
826 2651 909 2698 est
949 2641 1152 2710 Spiritu
1189 2652 1380 2695 sancto
1414 2637 1711 2702 Elisabctb,
1740 2635 2088 2692 exclamavit-

522 2751 628 2805 que
663 2751 793 2794 socc
823 2749 1036 2805 magna,
1085 2743 1135 2787 et
1164 2733 1334 2785 dixit:
1361 2728 1652 2783 Benedicta
1689 2740 1742 2782 tu
1801 2729 1939 2781 inter
1970 2742 2089 2778 mu-

425 2827 428 2832 ’
517 2827 700 2894 lieres,
735 2837 786 2880 et
818 2826 1130 2880 benedictus
1163 2822 1370 2877 fructus
1403 2822 1608 2875 ventris
1640 2821 1740 2873 tui.
1783 2837 1803 2870 ι
1832 2817 1966 2873 Cum
1993 2834 2092 2870 au-

519 2922 688 2976 disset
712 2917 873 2986 Virgo
900 2921 968 2970 ab
1001 2915 1188 2987 angelo
1241 2914 1386 2983 quod
1419 2913 1762 2979 concepisset
1797 2909 2092 2971 Etisabeth,

520 3013 700 3066 statim
741 3009 873 3063 abiit
906 3009 973 3061 ad
1004 3008 1173 3069 illam.
1211 3016 1265 3062 et
1321 3007 1562 3076 gaudens
1592 3004 1658 3058 de
1695 3006 1834 3058 bono
1888 3016 2092 3070 cogna-

527 3116 593 3162 ta:
613 3146 628 3171 ,
660 3113 713 3159 et
763 3102 948 3158 volens
979 3113 1038 3156 ut
1091 3101 1512 3171 prudentissima
1542 3097 1747 3166 majore
1768 3097 2096 3151 certitudlne

523 3198 723 3254 certior
760 3195 908 3250 reddi
936 3210 1063 3248 num
1088 3209 1211 3248 vera
1266 3194 1487 3247 dixisset
1526 3193 1615 3260 qui
1669 3196 1994 3259 apparuerat
2020 3188 2094 3252 ei,

520 3296 583 3342 ut
609 3301 674 3341 ex
719 3288 819 3356 hoc
849 3301 946 3338 nec
975 3285 1041 3338 de
1062 3298 1159 3336 suo
1189 3283 1481 3338 dubitaret.
1520 3283 1767 3336 Prudens
1793 3282 1936 3334 enim
1973 3295 2094 3334 cum

523 3387 688 3443 esset,
719 3376 936 3430 timebat
964 3390 1029 3427 ne
1055 3373 1194 3428 forte
1223 3374 1584 3442 deciperetur,
1608 3383 1661 3428 et
1693 3388 1796 3426 non
1829 3385 1888 3427 ut
1920 3372 2098 3427 incre-

525 3469 670 3533 dula,
701 3469 794 3522 sed
828 3477 884 3520 ut
911 3466 1142 3536 diligens
1175 3480 1289 3519 rem
1321 3467 1602 3531 explorare
1628 3464 1860 3518 volebat.
1892 3462 2099 3517 Zacha-

530 3559 639 3613 rias
668 3558 850 3626 itaque
877 3557 928 3610 in
975 3556 1244 3610 montanis
1295 3555 1518 3616 habitat,
1559 3562 1612 3607 et
1669 3562 1950 3622 propterea
1976 3553 2102 3607 illuc

532 3649 689 3702 abiit.
729 3648 792 3701 At
819 3648 1055 3702 Joannes
1095 3657 1346 3714 suscepto
1378 3645 1636 3716 singulari
1665 3660 1828 3714 supra
1865 3645 2104 3713 reliquos

530 3741 776 3798 homines
800 3739 941 3794 dono
963 3738 1045 3793 vel
1097 3753 1335 3802 munere,
1364 3739 1595 3792 exsultat
1624 3737 1677 3792 in
1701 3748 1853 3792 utero
1877 3736 2101 3791 matris:

531 3833 672 3886 unde
697 3843 752 3886 et
785 3832 956 3900 major
989 3838 1071 3883 est
1097 3831 1389 3908 prophetis.
1420 3829 1550 3884 Nam
1581 3831 1669 3883 alii
1694 3829 1915 3899 quidem
1958 3843 2099 3898 prte-

532 3925 783 3978 dixerunt
817 3924 995 3975 futura
1043 3933 1324 3989 postquam
1398 3924 1506 3975 nati
1563 3934 1730 3976 sunt:
1785 3921 1876 3974 ille
1928 3931 2105 3974 autem

532 4029 650 4069 cum
694 4014 869 4068 adhuc
897 4025 1040 4068 esset
1069 4015 1120 4068 in
1147 4023 1298 4068 utero
1327 4015 1544 4076 matris,
1569 4015 1796 4084 gratiam
1828 4011 1984 4065 talem
2019 4028 2106 4065 as-

533 4115 751 4158 secutus
787 4104 906 4161 fuit.
938 4106 1065 4158 Vide
1096 4106 1238 4159 enim
1282 4121 1296 4158 :
1363 4106 1637 4159 salutavit
1670 4103 1833 4174 Virgo
1867 4104 2105 4158 Elisabe-

533 4193 708 4261 tham,
747 4198 846 4249 hoc
873 4201 976 4258 est,
1001 4198 1154 4264 prior
1181 4195 1410 4250 allocuta
1443 4205 1546 4250 est.
1577 4195 1690 4249 Vox
1716 4196 1899 4262 itaque
1935 4191 2112 4260 Virgi-

536 4285 621 4339 nis
674 4299 772 4339 νοτ
809 4297 926 4340 erat
973 4287 1232 4340 incarnati
1274 4287 1326 4340 in
1375 4287 1466 4355 illa,
1497 4286 1610 4350 Dei,
1636 4295 1688 4340 et
1718 4287 1919 4340 idcirco
1947 4285 2110 4338 etiam

539 4373 1022 4429 Praecursoremiu
1099 4385 1256 4430 utero
1281 4377 1455 4447 gratia
1519 4387 1842 4444 prosecutus
1903 4384 2004 4440 est,
2060 4384 2115 4428 et

551 4467 1037 4536 prOpbetamfecit.
1103 4469 1446 4540 Quaecunque
1473 4473 1616 4523 enim
1647 4469 1781 4521 dixit
1839 4466 2112 4521 Elisabetlt

2112 1889 2157 1948 Β
2187 1918 2351 1978 θεόςο
2390 1913 2526 1967 ἀλλὰ
2554 1911 2648 1964 καὶ
2693 1910 2753 1961 ἐν
2789 1907 2930 1976 ἁγίῳ
2973 1904 3123 1973 τόπῳ
3144 1903 3356 1971 γίνεται
3384 1900 3413 1952 6
3450 1895 3769 1965 ἀσπασμὸς.

2183 2008 2488 2072 τουτέστιν,
2521 2005 2580 2058 ἐν
2611 2001 2865 2071 Ναζαρέτ
2887 2015 2904 2030 ο
2936 1999 3071 2052 ὅπου
3109 1995 3219 2069 γὰρ
3239 1994 3394 2058 Θεὸς,
3419 1990 3574 2044 οὖδὶν
3598 1989 3771 2058 ἀναγ-

2189 2119 2302 2157 νον.

2262 2214 2280 2248 ι
2335 2194 2643 2248 ’Δναστᾶσα
2674 2191 2732 2245 δέ
2756 2188 2994 2260 Μαριὰμ
3021 2187 3080 2241 ἐν
3102 2186 3222 2248 ταῖς
3245 2183 3487 2254 ἡμέραις
3516 2176 3772 2239 ταύταις.

2187 2286 2462 2356 ἐπορεύθη
2498 2287 2578 2347 εἰς
2605 2283 2706 2354 τὴν
2753 2282 2968 2352 ὀρεινὴν
2999 2278 3141 2350 μετὰ
3177 2275 3440 2345 σπουδῆς,
3485 2273 3568 2334 είς
3616 2269 3773 2323 πόλιν

2202 2379 2404 2432 Ἰούδα·
2459 2377 2554 2430 καὶ
2604 2374 2856 2443 εἰσῆλθεν
2884 2375 2966 2427 εἰς
2999 2371 3090 2425 τὸν
3135 2364 3284 2423 οἷκον
3335 2365 3632 2436 Ζαχαρίου,
3687 2359 3780 2416 καὶ

2189 2469 2478 2536 ἠσπάσατο
2515 2465 2614 2536 τὴν
2643 2463 2950 2517 Ἐλισάϐει.
2977 2461 3086 2514 Καὶ
3109 2459 3350 2527 ἐγένετο,
3380 2447 3452 2518 ὦ,
3481 2456 3718 2526 ηκουσεν
3741 2451 3776 2522 η

2203 2560 2484 2616 Ἑλισὰσετ
2506 2559 2598 2612 τὸν
2633 2555 2924 2624 ἀσπασμὸν
2949 2553 3047 2624 τῆς
3067 2606 3070 2609 χ
3087 2551 3334 2621 Μαρίας,
3401 2549 3700 2618 ἐσκίρτησε
3721 2542 3779 2599 τὸ

2196 2649 2389 2719 βρέφος
2417 2649 2474 2699 ἐν
2499 2649 2566 2716 τῇ
2594 2644 2773 2714 κοιλίᾳ
2804 2641 2980 2711 αὐτῆς
2999 2652 3014 2669 ⁶
3042 2643 3135 2692 καὶ
3163 2637 3413 2711 ἐπλήσθη
3459 2635 3777 2706 Πνεύματος

2196 2743 2416 2810 ἁγίουή
2464 2737 2770 2800 Ἐλισὰὁετ,
2823 2735 2920 2788 καὶ
2976 2732 3301 2803 ἀνεφώνησε
3354 2732 3506 2800 φωνῇ
3565 2727 3777 2799 μεγάλῃ

2198 2833 2291 2885 καὶ
2325 2831 2482 2883 εἶπεν
2508 2843 2523 2858 ο
2554 2827 2910 2897 Εὐλογημένη
2950 2827 3013 2879 σὺ
3058 2827 3116 2879 ἐν
3139 2820 3380 2894 γυναιξὶ,
3415 2821 3510 2874 καὶ
3548 2819 3778 2886 εὐλογη-

2202 2924 2362 2993 μένος
2409 2922 2437 2974 6
2491 2920 2704 2991 καρπὸς
2738 2919 2834 2989 τῆς
2870 2917 3079 2982 κοιλίας
3133 2933 3251 2969 σου.
3326 2934 3344 2967 ι
3392 2913 3455 2966 Ἡ
3506 2910 3777 2983 Παρθένος

2197 3018 2486 3071 ἀκούσασα
2517 3016 2667 3087 παρὰ
2686 3014 2781 3068 τοῦ
2810 3012 3067 3081 ἀγγέλου,
3113 3013 3196 3066 ὅτι
3243 3009 3540 3065 συνέλαϐεν
3572 3011 3605 3077 ἡ
3643 3006 3778 3060 Ἑλι-

2199 3109 2381 3171 σάϐετ,
2410 3106 2623 3176 ’ἔδραμε
2655 3106 2792 3177 πρὸς
2822 3104 3065 3174 ἐκείνην,
3103 3102 3220 3173 ἅμα
3247 3103 3346 3172 μὲν
3377 3100 3651 3171 χαίρουσα
3686 3097 3779 3150 ἐπὶ

2199 3199 2275 3269 τῷ
2333 3197 2521 3267 ἀγαθῷ
2548 3198 2646 3268 τῆς
2684 3195 3003 3264 συγγενοῦς,
3039 3196 3156 3264 ἃμα
3202 3195 3258 3253 δὲ
3294 3192 3392 3246 καὶ
3423 3190 3495 3254 ὡς
3553 3204 3780 3242 συνετωο

2202 3293 2362 3362 τάτη,
2400 3288 2892 3360 πληροφορηθῐψαι
2960 3285 3192 3340 θέλουσα
3256 3284 3498 3346 τελείως,
3532 3285 3580 3335 εί
3609 3279 3781 3350 ἀληθῆ

2205 3379 2360 3436 εἶπεν
2387 3383 2415 3434 6
2459 3382 2650 3450 φανεὶς
2688 3381 2849 3450 αὐτῇ,
2890 3379 2979 3432 ἵνα
3016 3380 3080 3432 ἐκ
3141 3377 3336 3431 τούτου
3393 3374 3490 3434 καὶ
3532 3373 3662 3444 περὶ
3691 3369 3780 3424 τοῦ

2203 3474 2407 3528 οἰκείου
2431 3474 2506 3542 μὴ
2542 3471 2881 3542 ἀμφιϐάλλει.
2925 3468 3199 3538 ’Δσφαλὴς
3240 3469 3351 3538 γὰρ
3381 3464 3538 3524 οὖσα.
3570 3463 3784 3534 ἐφοϐεῖ-

2204 3582 2264 3619 το
2296 3567 2494 3634 μήπως
2529 3561 2812 3632 πλανηθῇ*
2849 3560 2945 3614 καὶ
2975 3562 3072 3629 οὐχ
3097 3560 3172 3622 ὡς
3209 3556 3543 3621 ἀπιστοῦσα,
3577 3553 3782 3615 ἀλλ’ὡς

2207 3659 2600 3727 ἀκριϐέστερον
2643 3655 2837 3724 μαθεῖν
2866 3653 3172 3723 βουλομένη
3221 3646 3280 3703 τι
3306 3651 3558 3719 πρᾶγμα.
3594 3647 3685 3700 Ἐν
3717 3646 3782 3717 τῇ

2206 3751 2388 3818 ὀρεινῇ
2419 3745 2510 3801 οὖν
2531 3747 2664 3818 ᾤκει
2700 3749 2726 3799 6
2753 3746 3058 3818 Ζαχαρίας,
3097 3742 3190 3796 καὶ
3229 3742 3318 3795 διὰ
3349 3741 3508 3794 τοῦτο
3552 3740 3784 3812 ἔδραμεν

2209 3845 2354 3895 ἐκεί·
2391 3842 2418 3892 6
2476 3841 2533 3894 δέ
2571 3843 2842 3909 Ἰωάννης,
2901 3837 3178 3906 ἐξαίρετόν
3224 3853 3278 3888 τι
3323 3835 3578 3905 χάρισμα
3636 3832 3784 3904 παρὰ

2209 3937 2333 3997 τοὺς
2360 3933 2580 3996 λοιποὺς
2606 3933 2925 4003 ἀνθρώπους
2951 3930 3156 3994 λαϐὼν,
3192 3930 3393 4000 σκιρτᾷ
3423 3929 3482 3982 ἐν
3509 3930 3574 3998 τῇ
3607 3927 3782 3996 κοιλία

2208 4027 2304 4095 τῆς
2366 4026 2593 4097 μητρὸς,
2634 4025 2756 4077 ὅθεν
2803 4024 2899 4077 καί⁵
2941 4023 3144 4094 μείζων
3198 4021 3308 4076 τῶν
3361 4020 3682 4092 προφητῶν.
3724 4019 3784 4072 Ol

2217 4120 2313 4188 μὲν
2353 4120 2481 4188 γὰρ,
2512 4117 2650 4187 μετὰ
2684 4117 2743 4169 τὸ
2793 4116 3121 4185 γεννηθῆναι
3184 4117 3630 4187 προεφήτευσαν,
3667 4114 3695 4165 6
3735 4110 3790 4164 δὲ

2215 4210 2294 4263 In
2319 4215 2374 4263 ὲν
2403 4213 2470 4281 τῇ
2509 4210 2687 4280 κοιλίᾳ
2726 4209 2824 4278 τῆς
2877 4210 3079 4280 μητρὸς
3123 4209 3222 4273 ὢν,
3255 4207 3465 4278 igitqu
3499 4206 3592 4260 τοῦ
3622 4203 3791 4258 τοιού-

2213 4318 2309 4354 του
2342 4301 2694 4371 χαρίσματος.
2726 4299 2869 4369 Ὅρα
2934 4301 3064 4370 γάρ·
3107 4299 3390 4369 ἠσπάσατο
3430 4300 3463 4369 ή
3517 4297 3789 4369 Παρθένος

2215 4395 2312 4464 τὴν
2348 4395 2648 4458 Ἐλισάσετ,
2709 4395 2957 4447 τουτέστι
3019 4395 3485 4466 προσηγόρευσεν.
3519 4393 3590 4447 Ἦ
3641 4391 3791 4460 φωνὴ

2217 4484 2309 4536 οὖν
2339 4483 2436 4552 τῆς
2465 4484 2742 4555 Παρθένου
2806 4484 2901 4537 τοῦ
2953 4486 3010 4537 ἐν
3051 4485 3190 4553 αὑτῇ
3227 4483 3610 4552 σαρκουμένου
3661 4478 3792 4535 Θεοῦ

541 4561 859 4630 prnplietice
885 4561 949 4614 ad
979 4560 1222 4625 Mariam,
1255 4579 1358 4616 non
1383 4566 1542 4615 verba
1570 4561 1788 4615 fuerunt
1813 4560 2095 4621 Elisabetb,

2221 4578 2371 4646 φωνὴ
2401 4573 2469 4647 ἦν
2492 4594 2504 4607 ·
2540 4578 2632 4629 καὶ
2683 4577 2771 4629 διὰ
2810 4576 2968 4629 τοῦτο
3026 4577 3120 4630 καὶ
3168 4576 3260 4628 τὸν
3307 4574 3625 4643 Πρόδρομον
3657 4573 3796 4641 ἐντῇ

542 4652 637 4705 sed
673 4649 890 4704 infantis
919 4667 930 4702 :
964 4666 1024 4705 os
1082 4661 1259 4704 autem
1315 4653 1590 4706 Elisabetli
1621 4662 1824 4704 tantum
1846 4651 2116 4704 ministra-

2223 4669 2407 4739 μήτρᾳ
2444 4669 2776 4737 ἐχαρίτωσε,
2827 4669 2922 4720 καὶ
2957 4666 3180 4736 ἐποίησε
3229 4664 3611 4736 προφητεῦσαι
3638 4677 3652 4691 ⁸
3696 4664 3796 4717 66x

543 4743 642 4807 vit,
682 4743 821 4795 sicut
849 4751 904 4795 et
937 4757 998 4796 os
1054 4741 1235 4797 Maria:
1283 4743 1602 4797 ministravit
1640 4743 1774 4796 Filio
1823 4744 1913 4797 Dei
1938 4747 2026 4812 qui
2062 4746 2095 4798 it

2219 4764 2326 4831 γὰρ
2354 4757 2509 4812 εἶπεν
2541 4763 2573 4829 ὴ
2592 4759 2871 4812 Ἐλισάσετ
2901 4757 3254 4828 προφητικῶς
3277 4758 3414 4827 πρὸς
3434 4757 3533 4826 τὴν
3558 4756 3795 4827 Μαρίαν,

547 4845 700 4886 utero
728 4834 844 4903 ejus
870 4841 1004 4888 erat.
1055 4834 1262 4903 Quippe
1302 4850 1421 4888 cum
1471 4836 1791 4888 exsultasset
1851 4850 1985 4904 puer
2063 4837 2095 4889 it

2219 4854 2278 4903 οὑ
2306 4853 2402 4920 τῆς
2446 4851 2727 4904 Ἐλισὰσετ
2753 4846 2893 4921 ἦσαν
2926 4851 3165 4919 ῥήματα.
3203 4850 3338 4902 ἀλλὰ
3387 4847 3482 4902 τοῦ
3529 4846 3759 4918 βρέφους
3781 4862 3795 4878 °

549 4935 722 4987 utero,
785 4937 909 4980 tunc
967 4928 1182 4996 impleta
1243 4938 1329 4987 est
1400 4927 1604 4997 Spiritu
1653 4928 1949 4984 Elisabctb.
1998 4927 2094 4982 Nis

2221 4943 2282 4995 τὸ
2319 4943 2491 5012 στόμα
2520 4943 2575 4994 δὲ
2621 4945 2781 5012 μόνον
2829 4944 2926 5012 τῆς
2970 4941 3251 4995 Ἐλισαδετ
3276 4943 3568 5013 ὑπούργει,
3613 4941 3800 5010 ὥσπερ

550 5032 694 5071 ειιιιιι
728 5033 859 5086 puer
888 5020 1228 5083 cxsultasset,
1253 5035 1356 5073 non
1386 5023 1769 5091 prophetasset
1797 5022 1907 5075 illa.
1935 5021 2119 5091 itaque

553 5111 906 5164 sicutdicunt
939 5113 1226 5179 prophetas
1271 5115 1504 5181 primum
1548 5124 1727 5169 mente
1773 5117 2034 5170 excedere
2067 5124 2118 5169 et

553 5200 787 5252 divinum
815 5201 940 5268 quid
987 5203 1116 5267 pati,
1153 5219 1215 5257 ac
1260 5215 1369 5256 tum
1413 5205 1644 5272 denique
1694 5206 2114 5275 proplietizare:

555 5293 624 5345 ita
656 5303 710 5346 et
731 5292 966 5348 Joannes
991 5294 1129 5347 forte
1164 5297 1310 5362 prius
1342 5297 1559 5352 saltavit
1583 5311 1644 5352 ut
1696 5300 1938 5353 divinum
1971 5297 2122 5367 quid-

556 5383 676 5437 dam
704 5385 935 5452 patiens,
967 5394 1147 5452 postea
1183 5400 1276 5452 per
1323 5402 1383 5442 os
1457 5389 1648 5442 matris
1705 5390 2119 5458 prophetizavit.

557 5473 693 5538 Quid
722 5488 894 5530 autem
925 5479 1357 5545 prophetizavit?
1393 5501 1409 5532 ι
1443 5481 1729 5536 Benedicta
1766 5494 1821 5535 tu
1849 5483 1901 5535 in
1940 5483 2124 5536 mulie-

561 5567 726 5620 ribus.
765 5586 782 5618 ι
822 5569 1021 5624 Deinde
1043 5573 1168 5640 quia
1197 5572 1376 5625 multa:
1422 5584 1622 5629 sancta:
1663 5574 1916 5628 mulieres
1964 5589 2124 5642 pepe-

562 5667 748 5710 reruut
781 5657 1070 5726 improbos,
1109 5670 1164 5714 ut
1198 5658 1439 5715 Rebecca
1487 5663 1652 5728 Esau,
1699 5665 1826 5718 dicit
1863 5681 1877 5717 :
1934 5663 2037 5719 Sed
2075 5673 2129 5719 et

561 5745 766 5801 fructus
797 5750 1001 5804 ventris
1033 5753 1105 5804 tui
1133 5752 1467 5808 benedictus.
1503 5756 1675 5811 Aliter
1724 5772 1937 5828 quoque
1969 5760 2129 5814 intel-

563 5836 652 5918 ligi
679 5850 886 5908 potest:
915 5839 1201 5900 Benedicta
1236 5854 1291 5900 tu
1324 5846 1375 5899 in
1418 5848 1752 5916 mulieribus,
1787 5851 1982 5911 deinde
2017 5857 2131 5911 vcl-

2223 5039 2318 5092 καὶ
2352 5038 2412 5090 τὸ
2465 5039 2639 5108 στόμα
2694 5039 2788 5108 τῆς
2823 5038 3042 5108 Μαρίας
3109 5039 3423 5108 ὑπούργησε
3488 5038 3566 5108 τῷ
3631 5039 3691 5091 ἐν
3737 5038 3798 5108 τῇ

2227 5132 2409 5201 μήτρᾳ
2441 5132 2609 5200 αὐτῆς
2638 5131 2752 5184 ὃντι
2783 5131 2898 5200 Υἱῴ
2923 5132 3017 5184 τοῦ
3063 5131 3226 5185 8506'
3262 5135 3658 5204 σκιρτήσαντος
3697 5133 3802 5201 γὰρ

2224 5223 2316 5276 τοῦ
2360 5224 2588 5293 βρέφους
2620 5227 2675 5275 ἐν
2697 5227 2764 5295 τῇ
2799 5226 3020 5295 γαστρὶ,
3055 5226 3174 5278 τότε
3205 5225 3454 5295 ἐπλήσθη
3485 5224 3800 5295 Πνεύματος

2224 5318 2259 5382 ἡ
2303 5315 2604 5368 Ἐλισαὸετ.
2635 5316 2695 5368 Ei
2732 5319 2806 5385 μὴ
2855 5317 2964 5386 γὰρ
2987 5317 3046 5369 τὸ
3087 5316 3285 5388 βρέφος
3319 5318 3669 5388 ἐσκίρτησεν,
3701 5317 3800 5371 οὐκ

2228 5403 2293 5455 ἂν
2322 5406 2727 5472 προεφήτευσεν
2759 5405 2898 5474 αὓτη
2919 5421 2930 5434 ·
2964 5405 3154 5477 ὥοπερ
3198 5403 3293 5460 οὖν
3341 5424 3474 5476 φασι
3516 5408 3642 5470 τοὺς
3675 5423 3802 5476 προ-

2230 5498 2402 5564 φήτας
2430 5498 2696 5567 πρότερον
2721 5499 3104 5568 ἐξισταμένους
3137 5502 3230 5552 καὶ
3257 5493 3803 5562 ἐνθουσιῶντας,είτα

2229 5588 2617 5658 προφητεύειν,
2658 5589 2800 5644 οὕτω
2827 5593 2967 5661 τάχα
3027 5593 3121 5644 καὶ
3170 5595 3198 5644 6
3241 5592 3494 5660 Ἰωάννης
3544 5598 3804 5663 πρότερον

2231 5681 2580 5750 ἐσκίρτησεν,
2610 5677 2721 5736 οἷον
2748 5684 3062 5752 ἐνθουσιῶν,
3095 5682 3214 5738 εἶτα
3255 5685 3343 5738 διὰ
3386 5685 3480 5739 τοῦ
3536 5685 3803 5756 στόματος

2232 5776 2330 5840 τῆς
2390 5773 2594 5843 μητρὸς
2657 5779 3068 5846 προεφήτευσεο
3134 5778 3185 5832 τί
3241 5779 3299 5831 δὲ
3367 5778 3802 5851 προεφήτευσενς

2242 5878 2259 5912 ι
2291 5861 2643 5937 Εὐλογημένη
2665 5868 2727 5919 σὺ
2765 5867 2819 5920 ὲν
2854 5867 3113 5933 γυναιξίν.
3156 5887 3174 5920 ι
3222 5864 3353 5924 Εἶτα
3398 5870 3588 5942 ἐπειδή
3621 5867 3802 5923 πολλαὶ
