4022 6584
225 514 338 586 νιος)
969 493 1418 562 ENARRATIO
1450 491 1532 554 IN
1573 487 2080 553 EV’ANGELIUM
2118 485 2356 569 LUCg‘E.
2391 509 2460 520 -
2493 484 2653 547 CAP.
2698 483 2750 546 ῐ.

3399 479 3510 549 710

226 619 501 684 γυναῖκας
532 617 684 685 “(tat
729 610 991 683 βεϐήλους
1019 609 1232 671 ἔτεκον,
1261 606 1338 669 ὡς
1361 605 1396 676 ἡ
1429 601 1702 656 Ῥεϐέκκα
1721 600 1814 652 τὸν

1931 599 1995 653 uti
2023 597 2294 668 quispiam
2352 596 2650 664 interroget
2710 593 2918 664 quare?
2960 593 3135 667 ipsam
3184 608 3404 651 causam
3433 599 3514 653 di-

203 739 214 744 α
239 707 445 774 Ἡσαῦ,
501 707 667 777 φησὶν
697 707 809 768 ϐτι,
850 701 1012 758 Ἀλλά
1055 701 1150 755 καὶ
1178 701 1207 752 6
1246 695 1459 767 καρπὸς
1480 696 1578 764 τῆς
1609 692 1819 756 κοιλίας

221 817 322 857 σου
354 800 744 870 εὐλογημένος·
780 797 874 851 καὶ
901 795 1074 856 ἄλλως
1092 793 1146 846 δὲ
1177 791 1530 862 νοηοήσεται,
1569 787 1815 854 Εὐλογη-

224 895 368 968 μένη
392 894 462 948 σὺ
482 896 541 948 ἂν
563 889 806 960 γυναιξίν
827 905 842 919 ο
878 884 998 940 εἶτα
1026 884 1218 954 ὥσπερ
1240 880 1620 954 ἐρωτήσαντός
1643 896 1813 968 τινος,

215 985 575 1052 διατίςλέγει
609 983 708 1054 τὴν
756 981 957 1035 αἰτίαν.
986 973 1370 1045 Εὐλογημένος
1403 972 1513 1041 γὰρ
1541 972 1568 1023 6
1599 967 1814 1039 καρπὸς

222 1077 327 1146 τῆς
375 1075 585 1138 κοιλίας
622 1088 740 1132 σου,
777 1069 1046 1130 τουτέστι,
1090 1065 1226 1126 Θεὸς
1280 1061 1390 1132 γὰρ
1421 1063 1449 1114 6
1479 1058 1691 1128 καρπὸς
1717 1056 1819 1126 τῆς

220 1167 436 1229 κοιλίας
466 1182 584 1232 σου,
615 1161 985 1232 εὐλογημένος
1022 1159 1132 1228 γὰρ
1171 1155 1330 1226 μόνος
1358 1153 1386 1204 6
1410 1151 1544 1214 Θεός
1568 1167 1581 1180 ·
1604 1149 1804 1212 ὼς⁶καὶ

217 1263 253 1316 ὁ
284 1259 450 1316 Δαυῒδ
477 1260 660 1329 λέγει·
691 1254 1070 1325 Εὐλογημένος
1093 1253 1120 1304 6
1150 1248 1443 1319 ἐρχόμενος
1463 1261 1476 1275 ·
1515 1234 1674 1297 siculis
1703 1240 1812 1311 γάρ

203 1355 260 1423 ἠ
289 1351 482 1422 Γραφὴ
512 1351 628 1412 τὸν,
668 1349 791 1414 καὶ,
818 1346 1114 1414 σύνδεσμον
1146 1341 1265 1394 ἀντὶ
1296 1337 1413 1402 τοῦ,
1440 1336 1552 1404 γὰρ
1575 1373 1589 1396 ,
1629 1350 1812 1403 παρα-

219 1444 524 1514 λαμϐάνειν
549 1458 564 1475 ·
610 1439 685 1504 ὡς
717 1440 798 1503 τὸ,
829 1438 927 1501 Δὸς
978 1437 1110 1506 ἡμῖν
1160 1426 1438 1503 βοήθειαν,
1472 1427 1568 1482 καὶ
1607 1425 1813 1496 ματαία

225 1535 476 1605 σωτηρία
521 1531 835 1602 ἀνῦρώπου,
862 1529 985 1588 ἀντὶ
1012 1527 1130 1587 τοῦ,
1169 1522 1392 1578 hiemi;
1417 1520 1526 1590 γάρ
1570 1516 1814 1587 σωτηρία

219 1626 553 1699 ἀνθρώπουο
610 1623 705 1676 καὶ
753 1622 936 1684 πάλιν,
1005 1619 1076 1672 Σὺ
1131 1615 1439 1687 ὡργίσῦης,
1502 1613 1598 1664 καὶ
1650 1611 1816 1678 ἡμεῖς

226 1718 578 1790 ἡμάρτομεν,
610 1718 732 1772 ἀντὶ
759 1715 878 1780 τοῦ,
913 1713 1102 1783 Ἡμεῖς
1136 1711 1245 1780 γὰρ
1267 1709 1615 1778 ἡμάρτομεν·
1645 1705 1801 1774 καθ’

1917 690 1992 746 cit
2022 706 2040 747 :
2073 688 2402 744 Benedictus
2447 688 2594 744 enim
2662 685 2871 743 fructus
2908 686 3115 742 ventris
3154 686 3256 753 ttti,
3285 689 3387 742 hoc
3407 699 3512 751 est,

1915 782 2062 838 Deus
2091 782 2234 836 enim
2290 789 2378 837 est
2433 779 2644 835 fructus
2685 779 2774 835 ille
2821 778 3034 836 ventris
3062 778 3160 833 tui.
3187 777 3517 834 Benedictus

1915 872 2061 927 enim
2097 870 2252 927 solus
2281 869 2446 935 Deus,
2492 870 2634 924 sicut
2679 879 2737 924 et
2774 869 2939 924 David
2995 868 3151 932 dicit,
3191 867 3519 926 Benedictus

1916 964 2009 1034 qui
2036 964 2203 1019 venit.
2239 961 2534 1019 Consuevit
2555 964 2701 1017 enim
2731 962 3013 1033 Scriptura
3047 962 3514 1030 coniunctionem,

1914 1065 1988 1122 ct,
2037 1069 2155 1126 pro,
2203 1057 2365 1119 enim,
2419 1054 2715 1122 accipere:
2767 1063 2845 1119 ut,
2902 1057 2973 1109 Da
3033 1055 3194 1109 nobis
3232 1054 3513 1119 auxilium,

1917 1140 1978 1202 et
2028 1161 2164 1200 vana
2198 1147 2352 1201 salus
2382 1146 2617 1200 hominis
2646 1161 2660 1199 :
2705 1147 2809 1201 hoc
2853 1157 2958 1211 est,
3009 1145 3160 1200 Vana
3192 1148 3340 1200 enim
3366 1147 3519 1203 salus

1915 1239 2178 1295 hominis.
2212 1237 2281 1292 Et
2325 1238 2524 1294 iterum
2559 1236 2680 1292 :Tu
2730 1239 2903 1293 iratus
2933 1238 3108 1306 fuisti,
3149 1248 3205 1294 et
3245 1254 3346 1295 nos
3393 1255 3521 1307 pec-

1913 1331 2178 1396 cavimus,
2212 1329 2317 1384 boc
2378 1340 2487 1394 cst,
2516 1344 2614 1384 nos
2647 1330 2792 1384 enim
2837 1331 3205 1400 peccavimus.
3256 1329 3520 1386 Fructum

1914 1435 2096 1478 autem
2152 1422 2363 1480 ventris
2427 1420 2846 1478 DotGenitricis
2903 1422 3035 1478 dicit
3101 1421 3419 1490 Dominum,
3466 1434 3523 1480 et

1913 1515 2037 1569 ideo
2067 1515 2186 1570 sine
2219 1515 2336 1569 viro
2373 1526 2724 1583 conceptum.
2757 1512 2921 1569 Pueri
2951 1514 3098 1569 enim
3157 1514 3252 1569 alii
3312 1517 3523 1571 fructus

1916 1615 2045 1662 sunt
2086 1615 2346 1675 patrum:
2391 1606 2644 1661 Christus
2677 1621 2806 1662 vero
2865 1605 3037 1661 solius
3078 1607 3287 1661 ventris
3336 1605 3525 1664 Mariae

1916 1700 2127 1756 fructus
2159 1718 2173 1756 :
2212 1701 2326 1772 ipsa
2356 1702 2500 1756 enim
2530 1701 2642 1757 sola
2675 1704 2822 1758 hunc
2858 1703 3097 1761 fructum
3127 1704 3370 1774 protulit.

226 1819 333 1872 τεὸν
359 1817 415 1870 δὲ
448 1817 546 1887 τῆς
574 1813 784 1875 κοιλίας
808 1807 930 1864 εἷπε
961 1810 1061 1879 τῆς
1086 1806 1352 1859 Θεοτόκου
1385 1803 1476 1856 τὸν
1508 1801 1736 1869 Κύριον.
1763 1797 1898 1852 διότι
1921 1797 2051 1853 ἄνευ
2101 1797 2295 1868 ἀνδρὸς
2323 1799 2356 1867 ἡ
2386 1796 2584 1868 κύησις
2603 1814 2618 1829 ·
2644 1800 2692 1852 oi
2725 1800 2826 1871 μὲν
2868 1800 2976 1872 γὰρ
3010 1801 3163 1856 ἄλλοι
3187 1801 3376 1866 παῖδες
3413 1801 3524 1858 τῶν

225 1911 487 1980 πατέρων
517 1909 623 1962 εἰσὶ
650 1905 880 1977 καρποὶ,
898 1906 926 1958 6
958 1904 1014 1956 δὲ
1045 1901 1280 1971 Χριστος
1308 1901 1477 1970 μιὲνης
1505 1897 1604 1969 τῆς
1629 1894 1838 1958 κοιλίας
1855 1895 1956 1965 τῆς
1986 1894 2256 1948 θεοτόκου
2287 1895 2501 1965 καρπός
2520 1910 2534 1925 ’
2563 1897 2702 1968 μόνη
2718 1898 2830 1970 γάρ
2850 1897 3015 1953 αὐτὸν
3032 1898 3430 1972 ὲκυοφόρησεν.

296 2025 322 2055 1
367 2005 479 2058 Kal.
531 2003 694 2056 πόθεν
726 2018 813 2070 μοι
853 1998 1031 2062 τοῦτο,
1073 1997 1160 2049 ἵνα
1211 1995 1343 2067 ελοῃ
1391 1996 1428 2064 ὴ
1461 1994 1665 2063 Μήτηρ
1722 1989 1818 2043 τοῦ

221 2095 436 2166 Κυρίου
477 2111 577 2163 μου
611 2088 892 2160 πρὸς.μέ;
939 2087 1072 2141 Ἰδοὺ
1104 2086 1212 2158 γάρ
1239 2087 1314 2149 ὡς
1350 2084 1625 2152 ὲγένετοὴ
1664 2081 1816 2150 φωνὴ

219 2188 319 2241 τοῦ
377 2184 669 2255 ἀσπασμοῦ
704 2199 795 2234 σου
861 2182 939 2244 είς
969 2180 1038 2234 τά
1087 2172 1202 2232 ὦτά
1253 2194 1385 2248 μου,
1416 2176 1708 2246 ἐσκίρτησε
1758 2172 1819 2226 τὸ

221 2279 430 2351 βρὲςος
465 2279 522 2330 ὲν
551 2274 875 2342 ἀγαλλιάσει
906 2273 964 2324 ὲν
993 2274 1060 2343 τῇ
1093 2268 1276 2341 κοιλίᾳ
1323 2285 1448 2338 μου.
1492 2267 1609 2342 ,Καὶ
1638 2283 1821 2335 μακαο

222 2374 320 2443 ρέα
357 2371 390 2440 ἡ
427 2367 791 2431 πιστεύσασα,
823 2367 906 2419 ὅτι
941 2364 1093 2417 ἔσται
1122 2361 1404 2422 τελείωσις
1431 2363 1545 2423 τοῖς
1584 2358 1818 2429 λελαλη-

226 2463 417 2532 μένοις
447 2462 584 2532 αὐτῇ
636 2459 791 2529 παρὰ
835 2458 1064 2529 Κυρίου.
1107 2475 1125 2510 ι
1173 2456 1388 2526 Ὠσπερ
1449 2453 1680 2523 ὕστερον
1728 2453 1817 2506 ἑλ-

221 2557 392 2610 υόντα
432 2556 524 2608 τὶν
553 2553 787 2624 Χριστὸν
852 2553 932 2612 είς
961 2549 1021 2602 τὸ
1072 2547 1446 2619 βαπτισθῆναι
1484 2547 1512 2598 6
1557 2545 1817 2614 Ἰωάννης

221 2646 440 2702 ἐκώλυε
470 2646 540 2700 δι’
573 2645 884 2706 εὐλάϐειαν,
916 2643 1092 2710 λέγων
1117 2656 1132 2673 ’
1174 2639 1292 2694 Οὐκ
1331 2640 1450 2710 εἰμὶ
1479 2638 1651 2705 ἄξιος,
1675 2636 1819 2704 οὕτω

217 2741 322 2793 καὶ
350 2737 446 2792 νῦν
468 2737 554 2790 διὰ
589 2738 686 2805 τῆς
721 2736 927 2806 μητρὸς
950 2732 1112 2786 αὑτοῦ
1144 2732 1442 2800 φθέγγεται
1470 2746 1484 2761 ·
1520 2728 1691 2782 Πόθεν
1725 2746 1815 2801 μοι

214 2830 410 2893 τοῦτο,
442 2828 527 2882 ἵνα
558 2827 687 2897 ἔλθῃ
729 2829 761 2897 ή
799 2827 999 2895 Μήτηρ
1030 2822 1125 2877 τοῦ
1160 2822 1370 2892 Κυρίου
1403 2838 1504 2893 μου
1543 2820 1682 2892 πρὸς
1712 2820 1813 2890 pl;

217 2923 364 2994 πρὶν
393 2921 428 2991 ἢ
468 2921 604 2993 τέκῃ
633 2921 725 2971 τὸν
759 2917 988 2988 Κύριον,
1039 2915 1254 2986 μητέρα
1302 2913 1401 2984 τὴν
1432 2911 1812 2982 κυοςοροῦσαν

213 3017 532 3088 ὀνομάζων.
566 3013 694 3067 Ἐπὶ
722 3012 821 3084 μὲν
850 3012 960 3082 γάρ
989 3010 1096 3063 τῶν
1128 3009 1324 3073 ἄλλων,
1347 3007 1530 3078 πρὶννῆ
1562 3006 1818 3074 τέκωσιν,

216 3110 284 3163 ού
325 3107 437 3179 χρὴ
485 3106 727 3178 μητέρας
758 3103 1044 3174 ὀνομάζειν
1104 3101 1192 3154 διὰ
1230 3101 1321 3153 τὸν
1373 3097 1541 3168 φόϐον
1571 3098 1674 3168 τῆς
1706 3099 1818 3168 άμ-

217 3201 510 3263 ϐλώσεως,
542 3198 792 3252 τουτέστι
841 3197 941 3265 τῆς
968 3193 1262 3263 ἀποϐολῆς.
1308 3192 1434 3246 Ἐπὶ
1467 3190 1525 3244 δὲ
1549 3189 1648 3261 τῆς
1668 3191 1818 3260 Hap-

2006 1990 2167 2046 Vsns.
2212 1991 2403 2046 43-65.
2440 2010 2458 2043 ι
2498 1991 2566 2047 Ει
2593 1995 2736 2048 unde
2776 1995 2876 2051 boc
2909 1996 3062 2064 mihi,
3105 2007 3164 2051 ut
3191 2001 3371 2055 veniat
3406 2001 3525 2058 Ma-

1929 2093 2010 2137 ter
2035 2083 2246 2138 Domini
2285 2086 2389 2139 mei
2418 2085 2484 2139 ad
2521 2085 2649 2140 me?
2692 2086 2835 2145 Ecce
2855 2091 2999 2144 enim
3032 2101 3087 2144 ut
3119 2091 3262 2148 facta
3296 2105 3380 2150 cst
3417 2111 3521 2152 vox

1926 2177 2274 2234 salutationis
2308 2189 2414 2234 tua:
2445 2179 2516 2234 'in
2553 2180 2780 2237 auribus
2837 2183 2999 2249 meis,
3057 2186 3360 2242 exsultavit
3407 2203 3522 2260 prze

1926 2272 2123 2342 gaudio
2155 2271 2336 2327 infans
2371 2272 2540 2344 279
2569 2275 2621 2328 in
2654 2284 2810 2332 utero
2862 2292 3002 2333 meo.
3063 2277 3128 2333 Et
3173 2279 3332 2336 beata
3399 2297 3522 2353 quae

1925 2362 2181 2431 credidit,
2213 2365 2471 2435 quoniam
2514 2366 2868 2434 perlicientur
2894 2385 2957 2424 ea
2988 2387 3111 2441 qua:
3143 2374 3286 2428 dicta
3314 2385 3443 2430 sunt
3469 2377 3519 2430 ei

1922 2471 1956 2511 a
1987 2457 2235 2512 Domino.
2279 2475 2298 2510 ι
2345 2456 2502 2512 Sicut
2534 2469 2718 2528 postea
2768 2458 3007 2518 Joannes
3040 2464 3344 2530 Christum,
3389 2483 3512 2523 cum

1925 2548 2167 2604 venisset
2206 2560 2264 2602 ut
2287 2549 2679 2620 baptizaretur,
2708 2554 2987 2624 prohibuit
3018 2568 3243 2628 propter
3267 2573 3523 2614 reveren-

1926 2641 2079 2708 tiam,
2111 2641 2301 2696 dicens
2339 2660 2352 2696 :
2399 2642 2510 2711 Ego
2545 2659 2652 2699 non
2713 2660 2833 2700 sunt
2885 2647 3132 2719 dignus",
3195 2653 3272 2706 sic
3299 2662 3526 2708 einunc

1910 2748 2025 2803 ~per
2054 2742 2282 2803 matrem
2311 2750 2464 2789 suam
2507 2735 2788 2806 Ιοιιιιῑιιιτοι
2827 2739 2982 2796 Unde
3012 2742 3142 2796 mihi
3182 2744 3306 2810 hov,
3340 2753 3398 2800 ut
3425 2760 3523 2800 ve-

1925 2823 2042 2877 niat
2095 2837 2271 2907 mater
2325 2825 2539 2882 Domini
2603 2829 2706 2883 mei
2763 2829 2828 2886 ad
2887 2833 3014 2886 me?
3074 2835 3384 2905 priusquam
3428 2852 3525 2907 pa-

1925 2917 2032 2972 riat
2064 2906 2376 2992 Dominum,
2415 2930 2644 2976 matrem
2691 2937 2894 2980 vocans
2925 2940 3068 2990 eam,
3108 2943 3228 2995 qua:
3257 2931 3310 2983 itt
3368 2906 3525 2986 utero

1924 3009 2170 3078 gerebat.
2205 3010 2351 3063 Alias
2372 3012 2517 3064 enim
2566 3014 2880 3084 priusquam
2939 3017 3171 3086 pariant,
3212 3035 3320 3074 non
3373 3021 3520 3077 sole-

1926 3115 2046 3153 lllllS
2075 3111 2276 3155 matres
2310 3117 2517 3158 vocare
2542 3114 2765 3173 propter
2808 3118 3010 3160 metum
3071 3111 3376 3164 abortiendi
3410 3130 3424 3166 :
3465 3111 3520 3168 in

1925 3190 2133 3260 virgine
2163 3205 2344 3246 autem
2380 3193 2515 3248 nihil
2568 3195 2675 3250 tale
2708 3199 2975 3265 suspicari
3002 3201 3308 3269 Oportebat.
3336 3199 3403 3256 Et
3438 3202 3523 3258 id-

217 3295 390 3349 Θένου
441 3293 596 3346 οὐδὲν
642 3290 882 3344 τοιοῦτον
934 3285 1316 3341 ὑπωπτεύετο.
1375 3283 1474 3336 Διὰ
1529 3282 1690 3334 τοῦτο
1719 3283 1815 3334 καὶ

1931 3285 2070 3339 circo
2115 3285 2435 3355 priusquam
2466 3287 2672 3356 parias,
2712 3303 2886 3345 mater
2938 3302 2992 3347 et
3048 3297 3207 3349 beata
3265 3309 3325 3351 es
3375 3305 3452 3361 tu,
3489 3313 3523 3352 ο

215 3388 337 3457 πρὸ
370 3382 466 3436 τοῦ
496 3383 677 3436 τεκεῖν
706 3382 889 3450 μήτηρ
936 3378 1030 3430 καὶ
1064 3374 1311 3446 μακαρία
1348 3373 1618 3444 ὑπάρχεις
1651 3371 1738 3437 σὺ,
1775 3364 1820 3423 ὦ

1931 3374 2116 3439 Maria,
2146 3391 2265 3446 qua:
2337 3379 2637 3445 credidisti,
2675 3383 2804 3452 quia
2843 3383 3213 3454 implebuntur
3245 3401 3309 3442 ea
3339 3403 3461 3459 qua:
3489 3406 3519 3444 a

212 3478 450 3549 Μαρία,
487 3479 520 3547 ἡ
548 3473 888 3528 πιστεύσασα
915 3473 996 3523 ὅτι
1037 3469 1188 3522 ἔσται
1220 3469 1498 3529 τελείωσις
1525 3467 1634 3528 τοῖς
1664 3464 1818 3518 λελα-

211 3570 489 3642 λημένοις
523 3586 605 3620 σοι
628 3567 780 3635 παρᾶ
815 3561 1048 3634 Κυρίου.

300 3682 321 3714 ι
371 3659 483 3715 Καὶ
525 3654 646 3711 εἷπε
683 3658 950 3726 Μαριάμ·
997 3651 1307 3722 Μεγαλύνει
1342 3655 1374 3723 ἡ
1405 3653 1552 3725 ψυχή
1600 3671 1700 3724 μου
1731 3651 1823 3706 τὸν

207 3754 478 3827 Κύριον·
511 3754 606 3804 καί
641 3748 943 3819 ἠγαλλίασε
971 3745 1032 3798 τὸ
1065 3745 1283 3808 πνεῦμά
1316 3762 1416 3816 μου
1453 3748 1546 3801 ἐπὶ
1589 3745 1666 3816 τῷ
1696 3743 1817 3815 Θεῷ

208 3849 302 3920 τῷ
331 3844 555 3915 Σωτῆρί
595 3860 734 3919 μου,
775 3839 1181 3907 ὃτιὲττέϐλεψεν
1222 3840 1315 3891 ἐπὶ
1350 3839 1448 3908 τὴν
1491 3837 1824 3890 ταπείνωσιν

209 3945 322 4014 ςῇς
351 3939 552 4010 δούλης
580 3935 745 3990 αὑτοῦ
767 3952 781 3968 ο
813 3935 921 3987 ἰδοὺ
957 3933 1067 4004 γὰρ
1099 3932 1209 3986 ἀπὸ
1240 3932 1334 3985 τοῦ
1365 3932 1460 3985 νῦν
1490 3928 1826 4003 μακαριοῦσί

208 4051 294 4103 μ
337 4032 520 4086 πᾶσαι
572 4028 630 4084 αἱ
680 4026 898 4096 γενεαὶ,
944 4026 1026 4078 ὅτι
1075 4024 1302 4094 ἐποίησέ
1350 4041 1441 4094 μοι
1495 4025 1760 4093 μεγαλεῖα
1798 4024 1827 4076 6

209 4123 497 4185 ἰννατόςο
556 4121 650 4175 καὶ
696 4119 852 4187 ὅιγιον
895 4117 956 4169 τὸ
996 4115 1170 4186 ὖνομα
1201 4115 1390 4172 αὑτοῦ.
1432 4115 1544 4169 Καὶ
1583 4116 1643 4168 τὸ
1679 4114 1828 4177 ἔλεος

207 4214 406 4272 αὐτοῦ
444 4216 534 4278 είς
566 4212 761 4280 γενεάν
796 4211 891 4262 καὶ
937 4208 1132 4276 γενεὰν
1173 4209 1285 4269 τοῖς
1331 4206 1688 4276 φοϐουμένοις
1731 4206 1828 4259 αύ-

199 4311 339 4365 τόν.
412 4324 431 4357 ι
496 4304 563 4359 Ἦ
613 4302 891 4373 Παρθένος
937 4301 1264 4370 τελεώτερον
1309 4299 1826 4370 πληροφορηθεῖσα,

192 4399 514 4466 δοξολογεῖ
534 4396 624 4449 τὸν
663 4395 819 4458 Θεὸν,
859 4393 1054 4462 ἐκείνῳ
1109 4393 1489 4463 ὲπιγράφουσα
1526 4393 1584 4445 τὸ
1618 4392 1826 4462 Θαύμα,

193 4495 323 4565 οὐχ
366 4491 568 4559 ἑαυτῇ.
607 4486 846 4548 Ἐκεῖνος
878 4487 1018 4556 γὰρ,
1055 4489 1252 4554 φησὶν,
1277 4485 1575 4554 ἐπέϐλεψεν
1606 4487 1694 4538 ἐπ’
1730 4487 1830 4558 ἐμὲ

203 4587 320 4656 τὴν
385 4579 690 4650 ταπεινὴν,
749 4578 850 4630 ούκ
905 4576 1016 4643 ἐγὼ
1069 4577 1204 4647 πρὸς
1255 4579 1463 4630 ἐκεῖνον
1517 4577 1826 4648 ἀνέϐλεψαο

1925 3467 2156 3524 Domino
2187 3471 2281 3524 tibi
2321 3471 2465 3526 dicta
2501 3483 2650 3529 sunt.

1998 3645 2165 3701 Vens.
2205 3646 2396 3704 66-50.
2456 3665 2475 3699 ι
2520 3646 2588 3701 Et
2631 3650 2709 3703 ait
2755 3648 2958 3705 Maria:
2997 3649 3304 3723 Magnificat
3337 3653 3520 3710 anima

1931 3755 2048 3794 mea
2082 3740 2366 3794 Dominum
2390 3782 2404 3806 ,
2451 3752 2506 3795 et
2535 3743 2830 3796 exsultavit
2862 3744 3084 3811 spiritus
3131 3759 3282 3800 meus
3326 3747 3377 3801 in
3413 3747 3522 3803 Deo

1931 3831 2218 3887 Servatore
2241 3848 2378 3887 meo.
2407 3833 2542 3900 Quia
2570 3836 2810 3903 respexit
2831 3837 2898 3890 ad
2925 3837 3280 3892 humilitatem
3311 3841 3525 3896 ancilla:

1931 3941 2078 3991 suae,
2125 3940 2250 3981 ecce
2280 3927 2427 3981 enim
2458 3941 2525 3982 ex
2574 3928 2678 3984 hoc
2720 3931 2939 3986 beatam
2973 3947 3059 3988 me
3101 3935 3285 3990 dicent
3334 3950 3526 3993 otnnes

1932 4018 2330 4087 generationes.
2377 4018 2512 4084 Quia
2551 4018 2678 4074 fecit
2715 4021 2845 4075 mihi
2890 4024 3176 4092 magniﬁca
3210 4025 3300 4094 qui
3331 4037 3526 4095 patens

1931 4121 2052 4178 est,
2091 4121 2146 4166 et
2187 4121 2433 4166 sanctum
2482 4127 2680 4167 nomen
2711 4111 2849 4182 ejus.
2896 4113 2962 4168 Et
2994 4117 3365 4171 misericordia
3409 4119 3527 4186 eius

1933 4206 1985 4260 in
2014 4207 2323 4274 progeniem
2350 4215 2402 4259 et
2431 4207 2743 4277 progeniem
2774 4208 3086 4263 timentibus
3119 4224 3266 4264 eum.
3302 4229 3321 4261 ι
3365 4209 3527 4283 Virgo

1933 4299 2135 4351 certior
2179 4298 2388 4352 reddita
2421 4301 2488 4351 de
2524 4297 2655 4352 forte
2698 4310 2962 4369 concepto
3007 4302 3279 4371 glorificat
3312 4301 3478 4358 Deum
3504 4345 3520 4368 ,

1934 4389 2008 4442 illi
2058 4390 2380 4443 miraculqu
2414 4391 2758 4456 attribuens,
2803 4409 2907 4447 non
2953 4395 3188 4462 sibiipsi.
3227 4394 3320 4451 Ille
3353 4397 3523 4464 enim,

1936 4478 2087 4544 dicit,
2144 4481 2385 4548 respexit
2431 4481 2486 4535 in
2536 4496 2622 4536 me
2652 4482 2910 4536 humilem
2937 4523 2952 4548 ,
2991 4500 3096 4538 non
3141 4500 3242 4554 ego
3276 4487 3343 4541 ad
3374 4487 3522 4542 illum

1936 4573 2173 4640 respexi.
2221 4570 2314 4626 Ille
2363 4587 2448 4626 me
2484 4583 2815 4642 prosecutus
2844 4585 2927 4629 est
2968 4576 3383 4642 misericordia,
3425 4592 3526 4648 ego
3585 4611 3594 4619 μ

203 4672 449 4733 iurari;
487 4689 553 4740 με
586 4669 854 4738 ἠλέησεν,
899 4668 999 4720 οὐκ
1034 4668 1145 4734 ἐγὼ
1196 4668 1361 4720 αὑτὸν
1410 4669 1654 4739 ἐζήτησα
1679 4685 1695 4700 ο
1734 4671 1821 4721 καὶ

1938 4663 2086 4715 illunt
2119 4677 2224 4716 non
2269 4664 2516 4731 quaesivi.
2557 4663 2622 4717 Et
2655 4677 2722 4717 ex
2765 4665 2868 4719 hoc
2912 4674 3156 4736 tempore
3195 4669 3406 4722 beatam
3439 4684 3527 4724 me

202 4769 332 4825 ἀπὸ
377 4761 488 4816 τοῦ
533 4760 627 4813 νῦν
684 4757 1017 4829 μακαριοῦσί
1070 4775 1138 4828 με
1183 4760 1354 4811 πᾶσαι
1400 4761 1456 4812 αί
1507 4759 1736 4827 γενεαί·
1769 4761 1830 4813 ού

193 4861 368 4934 μόνη
418 4852 705 4907 Ἐλισάϐετ
730 4892 746 4916 ,
781 4851 917 4904 ἀλλὰ
943 4851 1037 4902 καὶ¹
1073 4851 1131 4902 αί
1165 4850 1272 4904 τῶν
1306 4853 1714 4905 πιστευσάντων
1744 4869 1836 4921 γε-

199 4952 340 5008 νεαί
366 4965 382 4979 ·
419 4946 570 5000 διατί
600 4944 656 4997 δὶ
687 4940 1084 5014 μακαριοῦσιν;
1107 4937 1176 4993 Ἀ
1192 4958 1260 5011 ρα
1285 4941 1373 4994 διὰ
1402 4942 1500 5013 τὴν
1541 4944 1680 5013 ἐμὴν
1700 4943 1832 5011 άρε-

199 5048 361 5117 τήνς
410 5037 556 5107 Οὐχί
580 5054 593 5068 ο
634 5035 749 5090 ἀλλ’
789 5036 872 5088 ὃτι
904 5034 1126 5104 ἐποίησε
1157 5035 1274 5104 μετ’
1311 5034 1446 5104 ἐμοῦ
1490 5035 1757 5104 μεγαλεῖα
1803 5037 1831 5087 6

195 5138 382 5196 Θεὸς.
459 5127 700 5181 Δυνατδν
732 5125 788 5178 δὲ
819 5125 1102 5193 ὠνόμασεν
1133 5123 1316 5190 αὑτὸν,
1351 5125 1437 5176 ἵνα
1474 5124 1664 5194 μηδεὶς
1705 5126 1831 5178 ἀπι-

200 5229 409 5297 στήσῃ
451 5222 569 5281 τοῖς
598 5216 914 5286 λεγομένοις
937 5256 952 5280 ,
987 5215 1347 5283 λογισάμενος
1384 5217 1467 5268 ὅτι
1502 5219 1602 5268 οὐκ
1635 5217 1833 5270 ἀδύνα-

195 5323 303 5384 τός
346 5321 489 5371 ἐστι
516 5312 690 5364 ταῦτα
724 5311 947 5378 ποιῆσαι
972 5308 998 5359 6
1032 5310 1256 5380 Κύριος.
1289 5308 1482 5376 Ἃγιον
1512 5308 1568 5361 δὲ
1618 5304 1739 5360 εἷπε
1771 5309 1831 5361 τὸ

194 5413 402 5482 ὄνομα
469 5401 640 5458 αὑτοῦ
665 5442 678 5465 ,
723 5401 960 5472 δηλοῦσα
1000 5402 1082 5453 ὅτι
1114 5402 1266 5452 οὐδὲν
1305 5400 1591 5470 μολύνεται
1633 5404 1690 5454 ὲν
1736 5418 1830 5469 γυ·

193 5503 420 5565 ναικὸς
462 5496 653 5567 μήτρᾳ
686 5493 1198 5563 συλλαμϐανόμενος
1225 5495 1251 5544 ὀ
1280 5492 1690 5561 καθαρώτατος,
1716 5494 1834 5547 ἀλλ’

194 5599 380 5666 ἅγιος
433 5587 617 5659 μένει.
657 5585 770 5637 Ούκ
799 5587 878 5647 εἰς
922 5587 1022 5653 ἐμὲ
1058 5585 1113 5636 δὲ
1157 5584 1325 5652 μόνην
1351 5584 1411 5636 τὸ
1449 5584 1596 5643 ἕλεος
1631 5584 1831 5651 αὑτοῦ,

192 5687 362 5748 ἀλλὰ
425 5681 535 5735 καὶ
575 5679 654 5741 είς
706 5680 914 5740 πάντας
954 5677 1083 5739 τοὺς
1128 5675 1498 5744 φοϐουμένους
1533 5677 1696 5728 αὐτόν
1727 5693 1741 5708 ο
1785 5678 1834 5728 oi

193 5781 326 5853 γάρ
363 5772 458 5845 μὴ
495 5767 828 5838 φοϐούμενοι
863 5768 1047 5835 αὐτὸν,
1084 5767 1224 5821 ἀλλὰ
1249 5767 1424 5836 πάντη
1465 5767 1694 5832 ἀνάξιοι,
1738 5769 1836 5820 οὐκ

286 5954 307 5988 ⁷
371 5945 622 6016 Βοιώ..
643 5960 726 6011 ιιι,
765 5944 851 5998 Η.

1936 4757 2118 4811 dicent
2170 4771 2361 4810 omnes
2406 4759 2790 4823 generationes
2836 4776 2848 4811 :
2899 4773 3004 4812 non
3057 4760 3173 4814 sola
3213 4759 3523 4828 Elisabetb,

1934 4847 2025 4901 sed
2055 4859 2108 4900 et
2130 4861 2316 4902 eorum
2342 4849 2623 4916 generatio
2647 4849 2742 4917 qui
2766 4850 3116 4904 crediderint.
3144 4849 3324 4918 Quare
3346 4861 3525 4907 autem

1937 4940 2150 4992 beatam
2193 4953 2282 4992 me
2324 4939 2547 4994 dicent?
2581 4939 2702 4995 Non
2743 4951 2964 5010 propter
3005 4957 3182 4997 meam
3225 4945 3483 5000 virtutem
3510 4987 3527 5012 ,

1940 5031 2033 5085 sed
2067 5033 2191 5100 quia
2224 5031 2350 5086 fecit
2383 5047 2592 5086 mecum
2621 5049 2815 5103 magna
2844 5037 2936 5104 qui
2970 5046 3164 5104 potens
3198 5046 3302 5090 est.
3333 5035 3532 5092 Poten-

1945 5132 2050 5176 tem
2086 5134 2267 5176 autem
2305 5126 2548 5178 nominat
2603 5126 2803 5191 Deum,
2858 5135 2917 5180 ut
2961 5142 3028 5181 ne
3079 5129 3205 5196 quis
3258 5129 3531 5184 discrcdat

1944 5215 2031 5269 his
2070 5229 2188 5284 quae
2220 5230 2249 5268 a
2291 5230 2349 5270 se
2383 5217 2664 5281 dicuntur,
2697 5220 3051 5274 considerans
3082 5222 3224 5288 quod
3261 5222 3401 5276 Deus
3439 5221 3529 5276 illa

1941 5307 2124 5362 facere
2154 5318 2344 5377 potens
2368 5310 2461 5364 sit.
2485 5311 2660 5365 Porro
2696 5321 2944 5366 sanctum
2971 5329 3168 5367 nomen
3200 5313 3316 5381 ejus
3349 5325 3531 5380 vocat,

1942 5399 2230 5453 declarans
2263 5401 2404 5469 quod
2435 5416 2541 5453 non
2578 5403 2891 5469 inquinetur
2927 5403 3319 5458 mundissimus
3358 5402 3446 5457 ille
3477 5403 3532 5456 in

1942 5499 2099 5544 utero
2127 5499 2444 5560 conceptus,
2484 5493 2579 5545 sed
2623 5502 2842 5546 sanctus
2874 5501 3110 5546 maneat.
3147 5491 3334 5561 Neque
3360 5491 3413 5544 in
3446 5507 3534 5547 me

1945 5581 2059 5636 sola
2086 5591 2170 5636 est
2199 5582 2570 5637 misericordia
2596 5585 2711 5652 ejus
2731 5624 2745 5647 ,
2780 5584 2871 5638 sed
2904 5585 2957 5638 in
2991 5600 3183 5639 omnes
3214 5587 3302 5653 qui
3343 5586 3536 5639 timent

1946 5672 2118 5728 illum.
2172 5675 2272 5741 Qui
2315 5679 2458 5730 enim
2513 5691 2618 5731 non
2672 5677 2864 5731 timent
2907 5679 3118 5748 ipsum,
3170 5678 3265 5732 sed
3309 5678 3532 5732 omnino

1948 5767 2151 5838 indigni
2204 5777 2362 5835 sunt,
2419 5784 2521 5823 non
2560 5781 2926 5839 assequuntur
2975 5770 3423 5828 misericordiam.
3474 5766 3534 5823 lu
