4022 6542
561 409 664 477 7ll

1482 405 2059 468 THEOPHYLACTI
2100 404 2517 467 BULGARI/E
2550 400 2904 465 ARCHIEP.

3730 400 3825 463 71?.

560 523 961 595 generationem
1014 533 1191 576 autem
1247 528 1302 575 ct
1337 523 1739 592 generationem
1788 523 1975 575 dicens
2022 536 2133 575 csse

2255 521 2564 575 ὲλεοῦνται.
2620 520 2713 581 Εἰς
2746 517 2937 585 γενεὰν
2974 515 3030 569 δὲ
3076 516 3168 570 καὶ
3196 514 3391 584 γενεὰν
3428 512 3661 567 εἰποῦσα
3693 512 3824 569 εἶναι

560 615 993 671 misericordiam
1052 614 1182 680 Dei,
1241 614 1474 667 ostendit
1518 614 1660 682 quod
1708 612 2135 667 misericordium

559 716 915 776 assequentur
959 716 1014 759 et
1067 705 1119 757 in
1171 706 1425 773 prmsenti
1470 705 1703 767 saeculo,
1736 713 1790 756 et
1829 704 1880 756 in
1919 704 2135 764 futuro,

559 813 751 867 nempe
780 809 1007 852 aterno.
1029 795 1159 850 Nam
1196 798 1282 851 hic
1303 797 1611 864 centuplum
1637 796 1932 863 accipiunt,
1952 805 2007 849 et
2032 794 2139 848 illic

559 892 716 959 iunge.
739 891 988 959 amplius.
1014 890 1246 943 Attende
1274 898 1450 942 autem
1474 888 1615 957 quod
1636 889 1866 957 primum
1891 886 2136 956 magniﬁ-

558 988 647 1035 cat
676 982 852 1032 anima
895 978 1201 1041 Dominum,
1233 984 1287 1030 et
1310 977 1503 1031 deinde
1531 977 1752 1046 spiritus
1773 974 2005 1029 exsultat
2036 992 2047 1027 :
2081 983 2138 1027 ut

558 1074 735 1127 simile
756 1071 881 1140 quid
905 1070 1105 1135 dicam,
1139 1071 1446 1139 magniﬁcat
1485 1068 1675 1128 Deum,
1694 1069 1783 1135 qtti
1802 1069 1960 1138 digne
1985 1067 2135 1135 juxta

566 1166 728 1218 Deum
764 1164 1024 1217 ambulat.
1076 1162 1309 1217 Vocatus
1355 1178 1413 1217 es
1445 1162 1808 1223 Christianus,
1852 1175 1957 1212 non
2000 1169 2140 1213 atte-

558 1270 736 1308 nuans
758 1271 954 1308 nomen
975 1255 1354 1321 etdignitatem
1375 1252 1576 1308 Christi
1597 1251 1843 1305 faciendo
1865 1252 2005 1320 quod
2031 1265 2134 1304 non

556 1360 790 1417 oportet,
835 1349 928 1402 sed
982 1346 1332 1416 magniﬁcans
1376 1344 1652 1413 cperando
1688 1358 1913 1414 magna,
1970 1342 2135 1395 coale-

558 1443 770 1509 stiaque
803 1455 983 1507 Opera.
1017 1438 1079 1491 Et
1118 1447 1245 1492 tunc
1282 1438 1447 1491 etiam
1485 1436 1709 1506 spiritus
1739 1446 1859 1489 tuus
1895 1434 2138 1488 exsulta-

558 1534 631 1586 hit
656 1573 669 1596 ,
706 1535 805 1585 hoc
861 1541 978 1597 est,
1012 1530 1292 1599 spirituale
1328 1530 1524 1582 donum
1574 1528 1713 1595 quod
1752 1526 2007 1595 accepisti
2044 1541 2137 1594 per

554 1624 766 1695 egregia
794 1639 953 1692 opera
984 1664 998 1686 ,
1030 1622 1329 1677 exsultabit
1358 1630 1411 1676 et
1459 1620 1723 1690 proﬁciet.
1768 1620 1832 1673 Et
1861 1634 1964 1671 non
2007 1634 2137 1671 con-

557 1718 834 1781 trahetur,
868 1724 955 1777 et,
1012 1727 1068 1768 ut
1119 1716 1190 1768 ita
1243 1714 1455 1775 dicam,
1501 1712 1933 1767 mortilicabitur.
1982 1709 2137 1764 Scias

556 1820 813 1875 praeterea
854 1809 1020 1861 videri
1056 1806 1391 1876 Scripturam
1431 1805 1752 1873 simpliciter
1783 1804 1923 1857 idem
1953 1801 2136 1856 dicere

2242 613 2302 666 τὸ
2333 612 2483 674 ἔλεος
2518 609 2609 663 τοῦ
2638 610 2805 672 Θεοῦ,
2839 592 2995 662 τοῦτο
3040 606 3310 678 ιδήλωσεν
3332 644 3347 669 ,
3389 606 3471 658 ὅτι
3520 605 3618 657 καὶ
3669 608 3727 658 ὲν
3761 609 3821 676 τῇ

2241 708 2336 761 νῦν
2403 708 2568 775 γενεᾷ
2620 704 2931 765 ἐλεοῦνται,
2968 701 3219 755 τουτέστι
3265 699 3346 769 τῷ
3379 699 3474 752 νῦν
3515 698 3707 752 αἰῶνι·
3739 700 3825 750 καὶ

2244 800 2304 851 ὲν
2352 800 2416 867 τῇ
2467 794 2736 865 μελλούσῃ
2775 794 2938 864 γενεᾷ
2964 834 2977 858 ,
3021 789 3100 862 τῷ
3140 792 3433 863 ἀπεράντῳ
3463 791 3605 859 λέγω
3632 789 3822 843 αἰῶνι*

2244 889 2523 945 κάνταῦθα
2574 890 2681 957 γὰρ
2723 885 3265 940 ἑκατονταπλασίονα
3313 883 3688 955 λαμϐάνουσι,
3725 884 3823 935 κά·

2242 986 2391 1035 κεῖσε
2426 978 2607 1049 πολλῷ
2652 979 2893 1031 πλείονα.
2933 977 3175 1047 Πρόσχες
3204 976 3260 1028 δὲ
3304 976 3385 1027 ὅτι
3418 976 3686 1045 πρότερον
3732 991 3825 1043 με·

2244 1075 2464 1143 γαλύνει
2497 1076 2529 1143 ἡ
2576 1072 2724 1143 ψυχὴ
2755 1072 2847 1123 τόν
2874 1070 3111 1134 Κύριον,
3158 1065 3279 1121 εἶτα
3310 1069 3370 1121 τὸ
3412 1067 3635 1136 πνεῦμα
3666 1068 3829 1133 ἀγαλο

2240 1167 2421 1219 λιᾶται
2446 1181 2459 1193 ·
2498 1159 2609 1215 οἷόν
2674 1180 2725 1215 τι
2758 1161 2902 1228 λέγω
2932 1180 2939 1187 ο
2974 1158 3283 1225 Μεγαλύνει
3318 1158 3407 1210 τὸν
3440 1158 3573 1210 Θεὸν
3611 1159 3639 1209 ὀ
3666 1158 3827 1222 ἀξίως

2241 1255 2334 1308 τοῦ
2381 1252 2513 1305 Θεοῦ
2576 1252 2962 1321 πορευόμενος.
3043 1248 3372 1317 Χριστιανὸς
3430 1248 3703 1315 ἐκλήθης,
3758 1248 3830 1316 μὴ

2242 1346 2550 1418 σμικρύνῃς
2597 1345 2658 1396 τὸ
2707 1344 2927 1413 ἀξίωμα
2965 1342 3059 1395 τοῦ
3111 1341 3351 1410 Χριστοῦ
3396 1343 3487 1392 καὶ
3520 1341 3579 1391 τὸ
3628 1341 3829 1409 ϐνομα,

2240 1440 2329 1491 διά
2374 1438 2468 1491 τοῦ
2527 1436 2791 1507 πράττειν
2839 1437 2906 1487 τὰ
2960 1435 3035 1503 μὴ
3084 1435 3299 1493 δέοντα,
3348 1433 3485 1485 ἀλλὰ
3529 1432 3829 1500 μεγαλυνον

2241 1532 2405 1593 αὐτὸ,
2452 1530 2696 1601 μεγάλας
2744 1528 2840 1581 καὶ
2865 1526 3152 1597 οὐρανίους
3194 1526 3423 1590 πράξεις
3470 1524 3645 1576 τελῶν
3676 1541 3689 1552 δ
3739 1525 3831 1575 καὶ

2239 1624 2361 1677 τότε
2395 1623 2490 1675 καὶ
2513 1622 2575 1673 τὸ
2608 1619 2828 1689 πνεῦμα
2861 1636 2954 1671 σου
2992 1616 3413 1685 ἀγαλλιάσεται,
3475 1618 3727 1668 τουτέστι
3772 1614 3830 1666 τὸ

2241 1714 2615 1785 ⁴πνευματικὸν
2663 1716 2907 1783 χάρισμα
2932 1753 2947 1776 ,
2989 1712 3017 1763 δ
3057 1710 3247 1773 ἔλαϐες
3290 1710 3379 1762 διὰ
3415 1711 3521 1761 τῶν
3574 1708 3831 1777 μεγάλων

2242 1808 2528 1877 πράξεων,
2566 1807 2854 1877 σκιρτήσει
2900 1806 2993 1857 καὶ
3028 1804 3330 1875 προκόψειδ
3374 1802 3491 1854 ἀλλ’
3528 1804 3592 1854 οὗ
3633 1818 3831 1853 συστα-

555 1871 804 1963 spiritum
852 1909 905 1951 et
939 1871 1255 1961 animum},
1297 1897 1514 1965 proprie
1540 1871 1729 1949 tamen
1772 1892 1971 1949 dill'ert.
2002 1892 2133 1945 Ani-

2240 1902 2458 1970 λήσεται
2502 1900 2631 1965 καὶ,
2685 1895 2798 1951 οἷον
2840 1899 3044 1959 εἰπεῖν,
3098 1896 3531 1966 νεκρωθήσεται.
3591 1895 3830 1947 rivum:

558 1989 749 2040 malem
796 1988 940 2041 enim
986 1988 1149 2057 280
1190 1988 1457 2041 hominem
1510 1986 1640 2039 dicit
1671 2000 1794 2039 eum
1850 1986 1938 2053 qui
1975 1983 2132 2053 juxta

555 2090 804 2133 naturam
835 2080 997 2142 vivit,
1031 2089 1084 2132 et
1130 2080 1378 2133 humanis
1423 2078 1723 2132 rationibus
1754 2078 1961 2145 regitur
1986 2116 2000 2140 ,
2054 2074 2132 2129 si-

553 2173 770 2241 quando
800 2172 1049 2225 esuriens
1079 2171 1369 2234 comedat,
1417 2170 1541 2224 odio
1575 2168 1771 2223 habeat
1814 2168 2094 2223 inimicum
2117 2205 2132 2230 ,

552 2274 605 2314 et
638 2262 687 2314 in
714 2278 947 2326 summa,
978 2262 1021 2315 si
1057 2262 1187 2315 nihil
1215 2277 1375 2329 supra
1403 2262 1674 2315 hominem
1704 2272 1983 2330 appareat.
2010 2260 2133 2329 Spi-

556 2356 801 2409 ritualem
830 2371 979 2421 vero,
1016 2355 1107 2425 qui
1134 2356 1471 2409 transcendit
1499 2354 1642 2423 leges
1672 2365 1901 2421 natura),
1934 2365 1988 2409 et
2026 2370 2131 2409 non

557 2446 793 2499 humano
826 2461 973 2501 more
1019 2447 1180 2514 sapit.
1225 2446 1288 2500 Et
1337 2448 1449 2501 hzec
1481 2457 1562 2501 est
1598 2445 1897 2500 diﬂereutia
1938 2448 2133 2500 animm

559 2547 613 2589 ct
644 2538 868 2603 spiritus
900 2537 951 2589 in
987 2536 1287 2606 Scriptura.
1324 2537 1512 2591 Medici
1552 2536 1777 2592 forsitan
1834 2536 1947 2591 haec
1978 2537 2135 2591 aliter

555 2626 908 2692 discernunt,
946 2627 1039 2681 sed
1076 2627 1233 2682 nobis
1277 2627 1557 2699 Scriptura
1599 2626 1749 2681 cordi
1788 2635 1905 2693 εει,
1938 2626 2133 2683 medici

556 2732 685 2772 vero
720 2719 906 2772 valean
919 2728 955 2774 t.

627 2978 794 3034 Vens.
826 2978 1017 3034 lit-56.
1063 2998 1081 3031 ε
1121 2978 1273 3035 Fecit
1313 2986 1481 3034 robur
1528 2978 1584 3033 in
1618 2977 1843 3034 brachio
1883 2992 2020 3042 suo,
2050 2977 2133 3032 di-

556 3074 754 3141 spersit
774 3072 1035 3140 superbos
1054 3072 1382 3141 cegitatione
1401 3070 1585 3127 cordis
1608 3071 1868 3139 ipsorum.
1890 3068 2134 3124 Detraxit

558 3177 803 3236 potentes
826 3172 889 3223 de
919 3168 1160 3231 sedibus,
1180 3177 1235 3222 et
1255 3168 1512 3222 exaltavit
1539 3168 1792 3222 humiles.
1821 3162 2131 3220 Esurientcs

557 3261 798 3329 implevit
837 3261 1028 3323 bonis,
1062 3273 1117 3315 et
1158 3260 1352 3315 divites
1392 3259 1595 3315 dimisit
1632 3261 1840 3315 inanes.
1884 3258 2136 3327 Suscepit

556 3351 721 3406 lsrael
754 3367 980 3422 puerum
1012 3368 1189 3415 suum,
1220 3361 1278 3405 ut
1312 3366 1518 3407 memor
1547 3362 1690 3406 esset
1720 3351 2132 3406 misericordia‘.

558 3443 713 3501 Sicut
745 3445 956 3499 locutus
998 3454 1079 3499 est
1110 3445 1174 3497 ad
1203 3454 1386 3513 patres
1427 3454 1677 3508 nostros,
1733 3442 2041 3507 Abraham,
2083 3452 2137 3497 et

556 3538 748 3592 semini
783 3536 930 3606 ejus,
974 3538 1025 3590 in
1062 3537 1336 3591 smculum.
1366 3536 1559 3591 Mansit
1590 3544 1770 3591 autem
1811 3534 1979 3590 Maria
2011 3549 2131 3589 cum

558 3627 647 3683 illa
703 3630 976 3683 mensibus
1004 3626 1223 3682 circiter
1258 3628 1449 3692 tribus,
1480 3638 1534 3683 et
1576 3644 1792 3683 reversa
1827 3639 1909 3683 est
1951 3628 2001 3681 in
2033 3631 2124 3682 do-

558 3735 705 3773 mum
735 3735 910 3775 suam.
951 3739 970 3771 ι
1002 3719 1291 3774 Brachium
1327 3719 1494 3789 patris
1516 3761 1529 3785 ,
1566 3718 1752 3774 Filius.
1785 3717 1935 3773 Fecit
1970 3718 2133 3789 igitur

559 3812 723 3865 robur
766 3821 818 3864 et
862 3812 1111 3865 virtutem
1168 3827 1233 3867 ac
1289 3812 1586 3882 potentiam
1638 3823 1828 3866 contra
1884 3820 2132 3864 naturam

560 3900 702 3954 Deus
724 3908 775 3953 et
800 3898 955 3953 Pater
980 3901 1030 3952 in
1045 3900 1181 3956 Filio
1202 3917 1317 3956 suo.
1340 3901 1622 3957 lncarnato
1646 3904 1788 3957 enim
1821 3902 1977 3967 Filio,
1995 3904 2131 3957 victa

559 4002 642 4045 est
672 4000 863 4043 natura
891 4030 905 4054 ,
947 3990 1163 4061 Virgine
1194 3993 1473 4060 pariente,
1517 3991 1627 4047 Deo
1661 3993 1878 4051 homine
1924 3994 2064 4050 facto
2116 4013 2130 4049 :

559 4084 777 4138 homine
809 4097 935 4139 vero
966 4085 1234 4139 deillcato.
1268 4084 1332 4139 Et
1362 4087 1614 4155 dispersit
1649 4086 1903 4142 Dominus
1932 4102 2128 4157 super-

559 4175 656 4229 bos
706 4177 1009 4240 damiones,
1055 4176 1245 4245 ejectis
1279 4177 1385 4232 illis
1423 4193 1490 4232 ex
1529 4178 1779 4233 humanis
1809 4179 2089 4233 animabus
2114 4219 2129 4244 ,

559 4274 612 4318 et
651 4264 774 4319 aliis
820 4266 1033 4334 quidem
1083 4268 1135 4320 in
1177 4269 1428 4337 abyssum
1464 4269 1675 4331 missis,
1714 4268 1833 4324 aliis
1865 4278 2043 4324 autem
2078 4271 2129 4323 in

561 4372 774 4425 porcos.
823 4357 1029 4411 Poterit
1073 4369 1254 4412 autem
1286 4369 1339 4414 et
1368 4362 1433 4415 de
1465 4357 1665 4415 Judaeis
1706 4362 1964 4432 intelligi,
1999 4376 2133 4432 quos

562 4451 817 4519 dispersit
868 4452 920 4505 in
963 4467 1176 4506 omnem
1216 4453 1488 4522 regionem
1541 4472 1555 4508 :
1607 4463 1659 4509 et
1706 4470 1853 4511 nunc
1899 4456 2133 4526 dispersi

2234 1992 2297 2044 δὲ
2328 1993 2412 2044 ὅτι
2466 1992 2496 2060 ἡ
2538 1990 2730 2059 Γραφὴ
2809 1988 2993 2050 ἁπλῶς
3044 1988 3143 2057 μὲν
3190 1990 3249 2040 τὸ
3301 1987 3433 2039 αὐτὸ
3468 1987 3617 2038 δοκεῖ
3651 1987 3829 2052 λέγειν

2239 2082 2459 2152 πνεῦμα
2500 2083 2593 2134 καὶ
2622 2081 2837 2151 ψυχὴν,
2876 2080 3079 2150 κυρίως
3110 2079 3165 2131 δὲ
3207 2078 3547 2130 διαστέλλειο
3602 2076 3830 2145 ψυχικὸν

2243 2174 2344 2244 μὲν
2372 2174 2480 2243 γὰρ
2514 2172 2803 2242 ἄνθρωπον
2834 2171 2982 2238 λέγει
3008 2170 3099 2223 τὸν
3137 2170 3278 2223 κατά
3311 2169 3474 2237 φύσιν
3507 2167 3711 2232 ζῶντα,
3740 2167 3833 2221 καὶ

2239 2267 2600 2338 ἀνθρωπίνοις
2678 2266 2961 2333 λογισμοῖς
3032 2264 3443 2333 διοικούμενον,
3518 2258 3632 2313 οἷον
3702 2261 3827 2312 ὅταν

2238 2360 2398 2426 πεινᾷ
2418 2400 2433 2423 ,
2465 2356 2715 2410 ἐσθίοντα
2741 2396 2757 2420 ,
2785 2354 2879 2407 τὸν
2906 2354 3101 2424 ἐχθρὸν
3145 2352 3410 2424 μισοῦντα
3433 2394 3447 2417 ,
3479 2354 3574 2405 καὶ
3610 2350 3793 2411 ἁπλῶς
3811 2388 3827 2415 ,

2241 2452 2405 2523 μηδὲν
2433 2450 2574 2519 ὑπὲρ
2624 2450 2785 2518 φύσιν
2834 2447 3244 2518 φανταζόμενον
3268 2464 3280 2477 '
3329 2448 3704 2517 πνευματικὸν
3732 2448 3787 2498 δὲ
3811 2485 3828 2510 ,

2235 2545 2325 2598 τὸν
2371 2544 2795 2614 ύπεραναϐἀντα
2835 2543 2963 2604 τοὺς
3014 2542 3112 2610 τῆς
3166 2542 3385 2609 φύσεως
3441 2542 3677 2610 νόμους,
3735 2541 3828 2592 καὶ

2242 2636 2411 2705 μηδὲν
2463 2633 2803 2705 ἀνθρώπινον
2861 2635 3201 2704 φρονοῦντα·
3258 2634 3352 2688 καὶ
3410 2633 3552 2701 αὕτη
3597 2633 3749 2686 ἐστὶν
3794 2633 3827 2700 ἡ

2236 2729 2471 2798 διαφορά
2505 2728 2684 2797 ψυχῆς
2731 2729 2824 2779 καὶ
2874 2725 3184 2795 πνεύματος
3218 2726 3275 2776 ἐν
3306 2727 3372 2794 τῇ
3426 2725 3621 2794 Γραφῇ
3644 2738 3656 2752 ·
3689 2723 3831 2793 τάχα

2236 2822 2294 2875 δὲ
2327 2822 2503 2891 ἰατροὶ
2546 2820 2719 2879 ἄλλως
2753 2817 2925 2871 ταῦτα
2961 2816 3365 2887 διακρίνουσινο
3390 2816 3507 2869 ἀλλ’
3540 2817 3675 2885 ἡμῖν
3730 2814 3828 2884 τῆς

2238 2913 2464 2982 Γραφῆς
2497 2911 2685 2980 μέλει·
2727 2911 2902 2979 ίατροὶ
2936 2910 2994 2962 δὲ
3033 2908 3466 2979 φθειρέσθωσαν.

2313 3022 2330 3052 ε
2389 3001 2644 3070 Ἐποίησε
2694 3000 2895 3070 κράτος
2928 3002 2987 3053 ὲν
3031 3000 3276 3073 βραχίονι
3324 2999 3530 3052 αὐτοῦ·
3577 2997 3826 3067 διεσκόρο

2236 3107 2396 3143 πισεν
2425 3090 2814 3160 ὑπερηφάνους
2842 3090 3051 3161 διανοίᾳ
3078 3090 3310 3161 καρδίας
3340 3089 3523 3143 αὐτῶν
3552 3106 3566 3119 ·
3606 3089 3825 3143 καθεῖλε

2235 3185 2502 3247 δυνάστας
2539 3185 2647 3237 ἀπὸ
2698 3184 2903 3255 θρόνων
2928 3225 2943 3250 ,
2988 3185 3082 3237 καὶ
3123 3183 3310 3253 ὖψωσε
3341 3182 3669 3246 ταπεινούς·
3705 3198 3823 3233 πει-

2241 3278 2447 3339 νῶντας
2503 3277 2800 3346 ἐνέπλησεν
2852 3274 3111 3343 ἀγαθῶν,
3163 3276 3259 3328 καὶ
3327 3274 3696 3336 πλουτοῦντας
3743 3272 3827 3336 ἐξ·

2241 3370 2528 3424 ἀπέστειλε
2560 3368 2750 3432 κενούς
2776 3383 2790 3397 ·
2812 3367 3137 3423 ἀντελάϐετο
3168 3367 3387 3440 Ἰσραὴλ
3417 3368 3611 3431 παιίὸς
3635 3367 3824 3430 αὑτοῦ,

2245 3460 2554 3531 μνησθῆναι
2608 3459 2831 3523 ἐλέους,
2882 3457 3068 3522 καθὼς
3120 3458 3351 3530 nemo.
3386 3460 3525 3530 πρὸς
3564 3462 3693 3522 τοὺς
3728 3475 3828 3510 παι

2236 3554 2403 3622 τέρας
2446 3550 2603 3621 ἡμῶν
2636 3550 2714 3621 τῷ
2757 3549 3011 3621 Ἀϐραὰμ
3050 3552 3144 3605 καὶ
3173 3551 3251 3622 τῷ
3294 3552 3575 3621 σπέρματι
3620 3552 3820 3614 αὑτοῦ,

2238 3648 2318 3708 είς
2374 3644 2465 3698 τὸν
2516 3644 2711 3698 αίῶνα.
2739 3645 2962 3713 Ἔμεινε
3013 3644 3069 3697 δὶ
3106 3644 3343 3715 Μαριὰμ
3386 3645 3485 3697 σὺν
3518 3644 3657 3714 αὐτῇ
3692 3644 3825 3697 ὡσεὶ

2242 3740 2417 3809 μῆνας
2443 3740 2615 3810 τρεῖς.
2649 3737 2752 3791 Καὶ
2783 3738 3127 3809 ὑπέστρεψεν
3161 3740 3241 3801 είς
3267 3739 3357 3792 τὸν
3380 3734 3532 3792 οἷκον
3565 3740 3756 3810 αὐτῆς.
3793 3758 3815 3791 ι

2238 3832 2487 3901 Βραχίων
2522 3830 2616 3884 τοῦ
2649 3831 2883 3901 Πατρὸς,
2913 3832 2941 3884 ό
2968 3830 3115 3895 Υίός.
3169 3831 3458 3899 Ἐποίησεν
3494 3826 3588 3885 οὖν
3626 3834 3824 3902 κράτος

2238 3926 2332 3977 καὶ
2380 3924 2610 3993 δύναμιν
2646 3924 2793 3977 κατά
2840 3922 2941 3994 τῆς
2975 3922 3193 3992 φύσεως
3259 3924 3287 3973 ὀ
3330 3922 3464 3985 Θεὸς
3503 3925 3599 3977 καὶ
3634 3924 3826 3995 Πατὴρ

2236 4017 2295 4069 ὲν
2326 4016 2402 4085 τῷ
2428 4015 2541 4085 Υίῷ
2593 4016 2781 4070 αὑτοῦ.
2832 4013 3215 4085 Σαρκωθέντος
3268 4014 3377 4083 γὰρ
3411 4014 3509 4068 τοῦ
3546 4014 3676 4069 Υίοῦ
3697 4058 3713 4082 ,
3743 4016 3827 4068 ἑν-

2236 4106 2419 4179 ηκήθη
2451 4109 2483 4178 ἡ
2519 4106 2708 4177 φύσις,
2740 4107 3012 4177 παρθένου
3038 4104 3337 4177 τεκούσης,
3372 4106 3509 4161 Θεοῦ
3542 4106 3827 4177 ἀνθρωπι-

2239 4199 2480 4263 σθέντος,
2531 4196 2821 4267 ἀνθρώπου
2876 4196 3206 4261 θεωθέντος·
3248 4196 3347 4252 καὶ
3386 4198 3766 4269 διεσκόρπισεν
3799 4200 3830 4250 ό

2236 4291 2441 4363 Κύριος
2471 4292 2595 4354 τοὺς
2626 4289 3013 4359 ὑπερηφάνους
3039 4288 3323 4359 δαίμονας,
3348 4288 3598 4343 ἐκϐαλὼν
3627 4291 3830 4353 αὐτοὺς

2235 4383 2343 4437 ἀπὸ
2388 4380 2495 4434 τῶν
2530 4380 2887 4451 ἀνθρωπίνων
2930 4379 3155 4450 ψυχῶν*
3192 4381 3287 4433 καὶ
3331 4380 3425 4444 οὓς
3464 4381 3567 4451 μὲν
3620 4383 3702 4447 είς
3725 4380 3828 4452 τὴν

2237 4476 2473 4532 ἄϐυσσον
2504 4474 2750 4544 πέμψας,
2787 4472 2881 4535 οὓς
2909 4472 2967 4526 δὲ
3023 4472 3103 4535 είς
3132 4471 3259 4535 τοὺς
3300 4472 3539 4544 χοίρους.
3589 4473 3825 4528 Δύναται

562 4554 706 4597 sunt.
758 4543 927 4599 Porro
982 4546 1214 4599 detraxit
1266 4549 1428 4602 etiam
1474 4558 1721 4619 puteute.
1764 4550 1831 4605 de
1877 4550 2131 4615 sedibus,

2240 4570 2292 4623 δὲ
2324 4570 2416 4624 καὶ
2454 4543 2717 4637 περὶτῶν
2763 4564 3033 4619 Ἰουδαίων
3072 4564 3353 4635 νοηθῆναι,
3381 4543 3477 4629 οὓς
3510 4567 3830 4637 διεσκόρπι-

563 4634 832 4690 daemones
859 4637 981 4691 dico
1004 4675 1019 4702 ,
1056 4640 1145 4706 qui
1184 4649 1371 4693 contra
1413 4640 1661 4696 homines
1695 4643 2091 4711 praevaluerant
2115 4684 2131 4711 ,

566 4736 621 4782 et
656 4731 807 4783 sedes
847 4730 900 4782 in
955 4728 1211 4785 humanis
1258 4730 1525 4785 habebant
1562 4733 1905 4800 pectoribus,
1940 4735 1992 4789 in
2029 4736 2134 4791 illis

570 4821 994 4887 requiesceutes.
1029 4819 1167 4875 Sunt
1191 4830 1247 4876 et
1280 4819 1538 4877 Pharisaei
1572 4833 1838 4892 potentes,
1876 4828 2134 4883 nimirum

568 4922 630 4962 ea
683 4924 801 4975 quae
834 4924 1129 4979 pauperum
1154 4948 1171 4976 ,
1207 4913 1521 4983 diripientes
1543 4953 1558 4979 ,
1614 4924 1669 4969 et
1718 4916 2005 4973 cathedras
2040 4919 2136 4973 ha-

568 4999 698 5054 bent
737 5012 794 5054 ut
825 5003 1107 5067 doctores,
1146 5018 1174 5057 a
1209 5006 1405 5075 quibus
1435 5007 1663 5077 depositi
1695 5018 1844 5063 sunt.
1882 5010 1949 5064 Et
1987 5012 2137 5066 exal-

570 5095 700 5145 tavit
730 5092 981 5158 humiles,
1025 5095 1266 5151 homines
1298 5113 1433 5167 quos
1476 5099 1790 5155 humiliarat
1817 5112 2095 5171 peccatum
2118 5141 2135 5168 ,

570 5183 651 5236 vel
686 5194 893 5253 gentes.
938 5186 1205 5241 Exaltavit
1230 5199 1406 5245 autem
1445 5191 1711 5261 adoptatis
1745 5192 1849 5248 illis
1880 5193 1931 5249 in
1977 5195 2132 5251 ﬁlios.

573 5270 736 5342 Igitur
776 5276 917 5331 sicut
946 5286 999 5332 et
1045 5282 1350 5335 esurientes
1377 5283 1558 5339 dicere
1596 5284 1720 5339 licet
1752 5288 1968 5343 eosdem
2001 5303 2134 5358 gen-

571 5367 721 5434 tiles,
771 5376 960 5437 utpote
991 5389 1094 5427 non
1133 5374 1393 5431 habentes
1430 5376 1510 5430 vel
1556 5376 1897 5448 Scripturas,
1942 5381 2025 5435 vel
2059 5380 2135 5435 le-

570 5472 708 5529 gem,
756 5460 840 5516 vel
874 5465 1144 5531 mandata,
1181 5480 1315 5536 quos
1360 5468 1598 5537 implevit
1632 5472 1785 5525 bouis
1828 5471 2138 5543 Scriptura-

572 5564 689 5604 rum
726 5568 738 5605 :
784 5552 854 5606 ita
888 5563 943 5608 et
981 5553 1193 5614 Judaos
1224 5560 1416 5615 divites
1457 5568 1512 5615 et
1540 5560 1594 5615 in
1625 5561 1756 5633 lege,
1804 5579 1867 5619 ac
1899 5565 1951 5618 iu
1987 5581 2136 5619 man-

569 5639 731 5708 datis,
757 5658 892 5713 quos
919 5648 1082 5703 etiam
1108 5650 1288 5707 emisit
1310 5661 1465 5709 extra
1491 5662 1757 5710 terrenam
1782 5664 1835 5711 et
1857 5657 2134 5713 caelestem

612 5819 663 5919 ,⁸
698 5819 716 5874 l
768 5821 899 5879 Cor.
932 5840 997 5893 ll,
1036 5826 1125 5881 l5.

2239 4680 2331 4716 σεν
2361 4663 2439 4726 είς
2484 4661 2665 4714 πᾶσαν
2704 4659 2888 4729 χώραν
2910 4698 2924 4723 ,
2960 4660 3055 4712 καὶ
3094 4658 3192 4711 νῦν
3229 4658 3629 4730 διεσπαρμένοι
3665 4661 3771 4714 είσί
3802 4676 3819 4691 '

2237 4753 2455 4807 καθεῖλε
2489 4751 2547 4805 δὲ
2581 4751 2674 4804 καὶ
2701 4750 2968 4813 δυνάστας
2998 4749 3109 4803 ἀπὸ
3139 4748 3375 4821 θρόνων,
3402 4752 3532 4813 τοὺς
3562 4751 3829 4824 δαίμονας

2237 4846 2382 4912 λέγω
2402 4884 2416 4907 ,
2473 4844 2525 4897 o‘l
2555 4842 3021 4897 κατεδυνάστευον
3044 4840 3155 4896 τῶν
3189 4843 3495 4915 ἀνθρώπων
3515 4886 3532 4909 ,
3566 4849 3663 4900 καὶ
3698 4847 3833 4919 θρό-

2241 4953 2365 4999 νους
2399 4934 2545 5005 εἶχον
2583 4935 2684 4998 τὰς
2727 4934 3077 5003 ἀνθρωπίνας
3116 4934 3326 5007 ψυχὰς,
3368 4937 3427 4990 ὲν
3466 4939 3662 5001 αὐταῖς
3691 4942 3833 4993 ἀνα-

2243 5029 2541 5099 παυόμενοι
2567 5044 2579 5057 ·
2614 5026 2747 5080 ἀλλά
2770 5027 2867 5080 καὶ
2896 5028 2945 5079 οί
2969 5029 3255 5098 Φαρισαῖοι
3313 5028 3617 5095 δυνάσταιῇ
3644 5032 3719 5093 ὡς
3752 5030 3834 5083 τὰ

2239 5121 2347 5173 τῶν
2376 5120 2606 5188 πτωχῶν
2639 5120 3112 5191 καθαρπάζοντες,
3148 5120 3373 5191 θρόνους
3396 5121 3454 5173 δὲ
3483 5122 3718 5191 ἔχοντες,
3744 5121 3835 5184 ὡς

2244 5211 2590 5275 διδάσκαλοι,
2642 5212 2735 5281 ἀφ’
2773 5205 2848 5264 ὧν
2897 5211 3287 5285 καθῃρέθησαν
3314 5231 3327 5245 ο
3364 5212 3461 5266 καὶ
3492 5212 3680 5284 ὖψωσε
3722 5229 3833 5268 τα-

2244 5299 2467 5362 πεινοὺς
2526 5301 2651 5363 τοὺς
2681 5299 3030 5369 ἀνθρώπους,
3060 5299 3156 5364 οὓς
3184 5302 3549 5356 ἐταπείνωσεν
3579 5305 3613 5375 ἠ
3648 5304 3841 5375 ἀμαρ-

2237 5392 2346 5456 τία,
2374 5391 2406 5460 ἦ
2438 5391 2506 5444 τὰ
2531 5391 2659 5461 ἔθνη
2680 5407 2695 5421 ·
2727 5392 2910 5461 ὓψωσε
2930 5394 3040 5463 γὰρ
3057 5393 3254 5459 ταῦτα,
3284 5394 3558 5448 υίοθεσίαν
3590 5394 3834 5466 χαρισά-

2242 5498 2398 5550 pavo;
2422 5482 2626 5544 αὐτοῖς.
2654 5483 2867 5553 Ὥσπερ
2890 5484 2982 5538 οὖν
3007 5485 3101 5539 καὶ
3127 5485 3429 5549 πεινῶντας
3448 5489 3575 5549 τοὺς
3599 5490 3830 5553 αὐτοὺς,

2236 5572 2363 5635 τοὺς
2388 5572 2447 5636 ἐξ
2471 5572 2644 5627 ἐθνῶν
2666 5574 2827 5643 λέγων
2851 5577 2912 5629 οὑ
2930 5578 3039 5648 γὰρ
3057 5574 3205 5649 εἶχον
3236 5578 3483 5648 Γραφὲκ,
3512 5580 3547 5649 ἦ
3566 5580 3760 5650 νόμον,
3798 5582 3835 5653 ἢ

2236 5662 2457 5728 ἐντολάς
2478 5676 2492 5691 '
2518 5664 2813 5735 ἐνέπλησεν
2858 5666 3081 5735 ἀγαθῶν
3116 5668 3225 5722 τῶν
3268 5667 3587 5739 Γραφικῶν,
3614 5671 3742 5735 τοὺς
3773 5671 3837 5723 ει

3742 6422 3817 6441 __.til
