4022 6572
184 499 286 564 V13

190 607 557 668 πλουτοῦντας
608 600 893 662 Ἰουδαὶονς
921 636 938 662 .

188 700 573 770 ἐξαπέστειλεν
601 697 708 762 ἔξω
732 695 835 763 τῆς
877 685 1264 762 Ἰερουσαλὴμ,
1295 682 1393 735 καὶ
1417 681 1517 748 τῆς

190 794 286 863 τῆς
315 790 488 854 κάτω,
526 788 718 852 κενοὺς
750 784 953 848 παντὸς
982 777 1191 849 ἀγαθοῦ
1220 793 1234 807 ·
1272 774 1424 828 οὐδὲν
1455 771 1563 841 γὰρ

928 471 1378 545 ENARBATIO
1417 474 1497 536 1N
1539 463 2044 535 EVANGELIUM
2084 458 2324 522 LUCE.
2364 482 2427 492 -—
2461 454 2620 515 CAP.
2670 452 2724 512 Ι.

994 596 1051 648 ἐν
1077 611 1134 647 τε
1169 592 1319 662 νόμῳ
1362 588 1456 643 καὶ
1497 584 1774 645 ἐντολαῖς,

1923 572 2189 629 erusalem
2243 569 2437 640 quovis
2467 568 2612 621 bono
2659 563 2853 617 inanes
2890 578 2902 615 :
2945 560 3077 615 nihil
3108 558 3253 616 enim
3288 559 3493 616 habent

1547 678 1661 732 ἄνω
1688 676 1781 726 καὶ
1885 667 2094 730 Judaei,
2132 664 2298 719 etiam
2341 662 2386 715 si
2431 659 2560 730 quid
2613 658 2817 711 habere
2874 653 3183 709 videantur.
3240 650 3495 715 Snscwll

1599 767 1782 837 ἔχουσι
1890 736 2052 813 lsrael
2098 770 2323 831 puerum
2381 768 2538 807 suum
2565 792 2579 815 ,
2613 752 2697 805 vel
2733 749 2983 805 carnales
3024 746 3300 802 lsraelitas
3345 747 3496 801 dicit.

3369 441 3477 508 7H

316 840 836 947 οιῄνξῖουῦαῖοιςκᾶν
864 840 1100 933 δοκῶσιν
1140 872 1287 943 ἔχειν
1318 883 1331 897 ’
1369 863 1701 920 ἀντελάῦετο
1729 861 1786 913 δὲ

1923 850 2053 904 Inita
2090 849 2237 902 enim
2293 845 2461 900 millia
2512 858 2581 897 cx
2615 843 2725 899 illis
2761 840 3153 907 crediderunt,
3186 847 3241 895 et
3276 840 3501 911 impleta

202 976 419 1049 Ἰσραὴλ
443 975 634 1038 παιδὸς
666 970 854 1037 αὑτοῦ,
884 972 918 1040 ἢ
950 968 1080 1037 περί
1111 965 1222 1018 τῶν
1253 958 1544 1049 αἰσθητῶν,
1571 957 1787 1025 Ἰσραη-

191 1068 354 1122 λιτῶν
390 1066 561 1133 λέγει.
594 1062 799 1117 Πολλαὶ
846 1060 953 1130 γὰρ
982 1057 1073 1111 καὶ
1103 1058 1165 1108 ὲκ
1196 1052 1405 1107 τούτων
1453 1051 1477 1099 ὲ

194 1156 474 1227 μυριάδες.
511 1156 605 1208 καὶ
639 1149 932 1221 ἔπληρὼοη
959 1152 992 1218 ὴ
1027 1146 1163 1218 πρὸς
1191 1146 1282 1197 τὸν
1335 1139 1589 1210 Ἀϐραὰμ
1618 1140 1790 1202 ἐπαγ-

1890 953 1972 999 est
2003 938 2293 1012 promissio
2320 938 2459 991 facta
2491 936 2752 1001 Abrahae,
2783 935 2850 989 ad
2876 948 3037 1005 quem
3071 933 3288 988 dixerat
3320 932 3504 989 Deus:

1486 1047 1787 1100 πιστεῦσαν
1894 1037 1953 1092 In
1986 1035 2196 1091 semine
2245 1042 2338 1086 tuo
2384 1030 2785 1085 benedicentur
2817 1041 3013 1083 omnes
3046 1025 3223 1082 tribus
3270 1036 3429 1082 terra:
3458 1028 3505 1078 '.

1899 1129 1992 1183 Vel
2019 1128 2182 1184 etiam
2207 1127 2272 1180 de
2302 1123 2575 1192 spirituali
2606 1122 2772 1178 lsrael
2802 1121 2938 1177 dicit
2970 1118 3203 1176 :Omnis
3233 1119 3381 1173 enim
3413 1120 3504 1188 qui

190 1212 373 1316 γιλίιιῖν
418 1212 665 1304 sin/ivro;
719 1212 854 1313 πρὸς
908 1212 1088 1293 αὑτὸν-
1116 1236 1208 1290 τοῦ
1244 1234 1415 1299 Θεοῦ,
1459 1233 1544 1285 ὃτι
1590 1228 1683 1283 Ἐν
1709 1228 1790 1298 τῷ

1923 1221 2042 1275 idet
2093 1216 2285 1283 Deum,
2318 1215 2488 1271 israel
2521 1214 2746 1279 dicitur,
2775 1215 2933 1283 juxta
2968 1212 3208 1267 nominis
3241 1212 3509 1281 interpre-

192 1339 475 1410 σπέρματί
528 1355 623 1391 σον
655 1333 1119 1403 εὐλογηθήσονται
1153 1330 1327 1383 πᾶσαι
1371 1327 1427 1379 αἱ
1476 1324 1645 1393 φυλαὶ⁸
1689 1322 1792 1391 τῆς

189 1434 317 1503 γῆς.
370 1433 440 1485 Ἦ
486 1432 590 1485 καὶ
638 1430 769 1501 περὶ
800 1425 895 1481 τοῦ
930 1422 1126 1494 νοητοῦ
1180 1418 1401 1491 Ἰσραὴλ
1446 1418 1597 1486 λέγει
1640 1432 1651 1444 ·
1685 1416 1793 1477 πᾶς

192 1524 305 1593 γὰρ
340 1526 369 1577 6
396 1522 540 1593 ὁρῶν
566 1520 720 1584 Θεὸν,
770 1516 990 1589 Ἰσραὴλ
1016 1515 1237 1583 λέγεται
1266 1550 1282 1574 ,
1314 1510 1457 1565 οῦτω
1485 1511 1593 1578 γὰρ
1620 1509 1794 1578 ἑρμη-

190 1614 483 1684 νευόμενον
527 1612 587 1665 τδ
621 1611 795 1679 ὅνομα
820 1610 993 1677 δηλοῖ,
1042 1605 1224 1677 Ὁρῶν
1247 1604 1403 1658 Θεόν.
1441 1599 1797 1656 Ἀντελάσετο

187 1700 286 1757 οὖν
335 1703 551 1757 τούτων
602 1702 711 1756 τῶν
767 1700 1022 1772 ὁρώντων
1068 1697 1236 1758 Θεδν.
1271 1696 1352 1759 εἰς
1407 1694 1505 1766 τὴν
1542 1693 1799 1763 οὐράνιον

189 1796 565 1868 κληρονομίαν
594 1793 915 1863 ἀναγαγών.
961 1791 1188 1863 Ἔμεινε
1214 1789 1271 1843 δὲ
1312 1787 1548 1859 Μαριὰμ
1588 1787 1685 1839 σὺν
1731 1787 1798 1853 τῇ

206 1887 497 1945 Ἑλισὰὁετ
557 1887 688 1939 ὡσεὶ
755 1888 934 1956 μῆνας
998 1885 1178 1953 τρεῖς,
1233 1875 1354 1936 εἶτα
1431 1875 1796 1948 ὑπέστρεψεν.

1901 1313 2187 1369 tationem.
2219 1309 2471 1380 Suscepit
2502 1310 2691 1378 itaque
2735 1322 2832 1362 eos
2864 1306 2960 1377 qui
2988 1306 3179 1360 vident
3226 1303 3422 1369 Deum,
3456 1306 3512 1360 in

1899 1407 2179 1463 ctelestem
2253 1402 2632 1458 bmreditatem
2695 1400 2999 1456 adducens.
3062 1397 3265 1453 Mansit
3330 1407 3516 1453 autem

1900 1498 2070 1554 Maria
2127 1511 2252 1553 cum
2318 1493 2606 1550 Elisabeth
2680 1492 2905 1548 circiter
2959 1490 3247 1545 mensibus
3304 1489 3517 1553 tribus,

1901 1590 2099 1648 deinde
2138 1603 2367 1646 reversa
2397 1597 2503 1644 est.
2545 1586 2683 1654 Quia
2731 1585 2878 1641 enim
2938 1583 3191 1655 paritura
3243 1591 3367 1638 erat
3406 1582 3521 1637 Eii-

1904 1684 2135 1749 sabeth,
2179 1681 2434 1739 abscedit
2494 1678 2665 1751 Virgo
2702 1681 2924 1750 propter
2972 1676 3381 1732 multitudinem
3430 1676 3525 1745 qui

1905 1783 1972 1835 ad
2014 1789 2234 1852 partum
2275 1777 2601 1834 conventuri
2653 1784 2830 1831 erant.
2872 1774 3140 1830 lndeeens
3180 1781 3364 1828 autem
3408 1772 3525 1825 vir-

1907 1874 2017 1941 gini
2057 1874 2109 1927 in
2160 1872 2362 1927 talibus
2398 1869 2635 1925 versari.
2680 1867 2837 1935 Quod
2880 1875 3062 1922 autem
3105 1880 3228 1920 cum
3277 1866 3525 1934 paritura

204 1941 429 2049 ’ἐπειδὴ
460 1978 569 2049 γὰρ
601 1941 793 2047 ἔμελλε
819 1941 1088 2047 ’τεκεῖν-ἡ
1130 1941 1437 2028 ⁷’ῖῑλισάὗετ
1460 2014 1473 2037 ,
1521 1941 1801 2041 ὑποχωρεῖ

1923 1979 2055 2024 :sset
2082 1954 2385 2029 Eiisabeth,
2416 1978 2636 2019 reversa
2664 1962 2737 2017 sit
2768 1962 2960 2033 Virgo,
2990 1959 3339 2015 manifestum
3359 1960 3524 2031 281

192 2072 227 2141 ἡ
276 2070 554 2140 Παρθένος
590 2070 679 2125 διὰ
724 2071 786 2122 τὸ
819 2069 1025 2139 πλῆθος
1062 2068 1175 2121 τῶν
1204 2067 1508 2136 μελλόντων
1559 2065 1796 2132 σύνδρα-

191 2158 319 2225 μεῖν
357 2158 437 2218 είς
482 2156 573 2209 τδν
604 2156 798 2210 τόκον
838 2156 1091 2228 ἀπρεπὲς
1147 2156 1256 2226 γὰρ
1290 2154 1551 2225 παρθένῳ
1590 2156 1649 2207 ὲν
1687 2156 1803 2216 τοῖς

188 2250 460 2313 τοιούτοις
492 2248 977 2321 ἁναστρέφεσθαι²
1022 2250 1106 2303 ὅτι
1159 2249 1217 2301 δὲ
1264 2246 1569 2318 μελλούσης
1618 2248 1802 2299 τεκεῖν

190 2342 292 2411 τῆς
330 2340 615 2395 Ἐλισάσετ
652 2342 998 2412 ὑπέστρεψεν
1021 2341 1055 2410 ἡ
1090 2338 1383 2410 παρθένος,
1420 2338 1581 2407 δῆλον
1611 2336 1801 2391 ἐντεῦ-

1913 2062 2041 2116 hinc
2076 2070 2163 2115 est
2215 2059 2363 2129 quod
2405 2072 2593 2113 mense
2646 2067 2803 2113 sexto
2850 2057 3103 2127 concepti
3158 2056 3529 2112 Przecursoris

1906 2154 2057 2208 venit
2090 2150 2321 2221 angelus
2363 2151 2431 2205 ad
2472 2148 2725 2214 Mariam,
2776 2159 2832 2203 et
2875 2149 3081 2203 mansit
3118 2147 3211 2203 illa
3245 2163 3369 2203 cum
3412 2148 3527 2201 Eli-

1910 2244 2105 2300 zabeth
2130 2243 2314 2298 tribus
2340 2242 2564 2298 circiter
2598 2242 2907 2297 mensibus.
2946 2239 3086 2297 Ecce
3117 2239 3288 2296 ferme
3334 2255 3530 2297 novent

1913 2352 2155 2392 menses.

190 2430 329 2486 θεν’
371 2431 451 2501 τῷ
480 2433 614 2504 μηνὶ
653 2432 731 2502 τῷ
761 2434 903 2503 ἕκτῳ
967 2434 1067 2503 τῆς
1102 2433 1424 2504 συλλήψεως
1457 2434 1553 2488 τοῦ
1593 2434 1943 2506 Προδρόμον,
2014 2430 2180 2505 ἦλθεν
2227 2435 2255 2486 6
2308 2432 2543 2501 ἄγγελος
2617 2430 2755 2501 πρὸς
2807 2429 3083 2501 Μαριάμο
3142 2428 3330 2499 ἔμεινε
3377 2429 3435 2483 δὲ
3494 2428 3531 2497 ἡ

194 2526 440 2594 Μαριὰμ
494 2526 634 2595 μετὰ
681 2526 780 2597 τῆς
843 2526 1165 2593 Ἑλισάόετ,
1217 2528 1352 2581 ὡσεὶ
1400 2529 1582 2599 μῆνας
1626 2528 1803 2599 τρεῖς.
1858 2526 1993 2579 Ἰδοὺ
2026 2525 2221 2595 σχεδὸν
2252 2526 2432 2579 ἐννέα.

273 2640 293 2673 ι
348 2621 425 2691 Τῇ
463 2621 519 2674 δὲ
574 2622 859 2676 Ἐλισὰσετ
918 2624 1165 2695 ἐπλήσθη
1200 2626 1229 2679 6
1256 2627 1449 2697 χρόνος
1484 2626 1580 2680 τοῦ
1624 2628 1805 2680 τεκεῖν

192 2713 400 2779 αὐτὴν,
438 2714 533 2769 καὶ
581 2715 875 2786 ἐγέννησεν
908 2718 1045 2771 υἱόν.
1080 2718 1193 2773 Καὶ
1231 2720 1476 2789 ἥκουσαν
1512 2720 1559 2771 οἱ
1594 2721 1806 2789 περίοιο

185 2824 287 2861 ,κοι
322 2808 419 2860 καὶ
447 2807 496 2861 ei
527 2812 814 2877 συγγενεῖς
847 2810 1019 2881 αὐτῆς
1050 2812 1133 2864 ὃτι
1168 2811 1476 2882 ὲμεγὰλυνε
1504 2810 1709 2881 Κύριος
1742 2812 1803 2864 τὸ

191 2900 353 2963 Eleo;
388 2898 555 2954 αὐτοῦ
592 2900 709 2969 μετ’
762 2900 956 2973 αὐτῆς.
993 2908 1092 2957 καὶ
1135 2905 1460 2975 συνέχαιρον
1499 2905 1662 2974 αὐτῇ.
1696 2904 1807 2957 Καὶ

190 2992 428 3060 ἐγένετο
453 2994 509 3044 ἐν
538 2996 605 3064 τῇ
632 2994 795 3067 ὀγδόῃ
828 2996 1013 3067 ἡμέρᾳ
1040 2992 1206 3066 ἦλθον
1236 3000 1557 3068 περιτεμεῖν
1588 2998 1649 3048 τὸ
1682 3014 1810 3049 παι-

190 3087 343 3148 δίον,
387 3088 481 3140 καὶ
522 3088 752 3141 ἐκάλουν
791 3090 923 3142 αὐτὸ
950 3091 1044 3142 ἐπὶ
1085 3090 1165 3161 τῷ
1212 3092 1439 3162 ὀνόματι
1468 3091 1563 3144 τοῦ
1600 3091 1809 3160 πατρὸς

190 3178 400 3244 αὐτοῦ,
435 3180 733 3251 Ζαχαρίαν.
766 3182 878 3235 Καὶ
910 3182 1281 3253 ἀποκριθεῖσα
1308 3186 1341 3253 ἡ
1379 3184 1569 3254 μήτηρ
1605 3181 1807 3245 αὐτοῦ,

188 3268 364 3323 εἶπεν
386 3290 401 3303 ο
439 3271 600 3341 Οὐχὶ,
639 3272 776 3327 ἀλλὰ
810 3273 1147 3345 κληθήσεται
1197 3274 1473 3345 Ἰωάννης.
1515 3274 1626 3327 Καὶ
1657 3270 1812 3327 εἷπον
1844 3271 1889 3332 C
1924 3272 2061 3324 dixit

192 3363 350 3435 apo;
378 3361 577 3433 αὐτὴν,
604 3364 686 3417 ὅτι
719 3365 909 3427 Οὐδείς
938 3367 1086 3419 ἐστιν
1118 3368 1175 3419 ἐν
1205 3369 1271 3437 τῇ
1311 3370 1605 3437 συγγενείᾳ
1631 3385 1726 3421 σου
1757 3367 1815 3430 ὃς

186 3455 469 3512 καλεῖται
498 3456 591 3509 ἐπὶ
621 3456 696 3527 τῷ
723 3458 949 3526 ὀνόματι
978 3459 1177 3530 τούτῳ.
1218 3461 1495 3515 Ἐνένευον
1524 3462 1580 3514 δὲ
1604 3460 1683 3531 ’τῷ
1707 3478 1815 3515 πα-

188 3550 293 3621 τρὶ
323 3547 501 3603 αὐτοῦ
531 3549 612 3614 τὸ,
650 3551 701 3602 τί
732 3549 797 3604 ἂν
826 3550 971 3603 θέλοι
1001 3551 1282 3605 καλεῖσθαι
1309 3553 1493 3605 αὐτόν.
1519 3554 1628 3605 Καὶ
1656 3552 1815 3623 αἰτή-

191 3658 309 3706 σας
368 3642 710 3702 πινακίδιον,
751 3642 992 3713 ἔγραψε,
1039 3642 1218 3711 λέγων
1242 3660 1253 3671 ·
1303 3644 1564 3713 Ἰωάννης
1601 3644 1721 3696 ἐστὶ
1758 3645 1819 3697 τὸ

186 3733 387 3804 ὄνομα
416 3732 606 3785 αὑτοῦ,
641 3735 753 3787 Καὶ
786 3734 1111 3804 ἐθαύμασαν
1146 3735 1371 3798 πάντες.
1435 3735 1713 3807 Ἀνεῲχθη
1762 3734 1819 3786 δὲ

186 3827 258 3878 τὸ
312 3824 502 3895 στόμα
535 3826 700 3878 αὐτοῦ
741 3828 1112 3897 παραχρῆμα,
1149 3830 1243 3881 καὶ
1282 3831 1315 3898 ὴ
1362 3828 1586 3897 γλῶσσα
1628 3829 1816 3894 αὑτοῦ,

184 3918 300 3971 καὶ
342 3916 534 3971 nam
560 3916 804 3986 εὐλογῶν
838 3920 932 3972 τὸν
958 3920 1116 3973 Θεόν.
1140 3939 1162 3972 λι
1199 3921 1427 3991 Ἔμεινε
1459 3924 1557 3992 μὲν
1591 3924 1624 3993 ἡ
1666 3922 1822 3993 Παρ-

186 3996 369 4069 θένος
404 4006 549 4059 ὡσεὶ
590 4010 768 4076 μῆνας
809 4009 960 4079 τρεῖς
1008 4010 1146 4077 μετὰ
1183 4009 1282 4079 τῆς
1327 4008 1650 4075 Ἐλισάϐετ,
1688 4010 1821 4072 ῐσως

182 4102 295 4155 ἐπὶ
312 4099 406 4172 τῷ
433 4100 722 4171 παραδόξῳ
757 4101 1198 4173 ἐκπληττομένηο
1236 4100 1333 4155 καὶ
1364 4102 1597 4174 δεομένη
1631 4119 1823 4173 παρα-

182 4193 425 4265 μυθίας
476 4192 639 4255 τινὸς,
708 4194 773 4261 ἦν
817 4193 1043 4261 ἔμελλεν
1118 4194 1265 4264 ἔχειν
1314 4194 1421 4246 ἀπὸ
1451 4193 1546 4246 τοῦ
1584 4197 1823 4248 συνεῖναι

184 4286 262 4354 τῇ
311 4282 614 4336 Ἐλισάὸετ
634 4298 646 4310 ·
675 4284 798 4337 ἐπεὶ
819 4285 874 4337 δὲ
908 4284 1240 4356 ἐπλησίαζεν
1269 4288 1297 4339 ό
1323 4286 1505 4350 τόκος,
1533 4286 1827 4359 ὑπεχώρη-

187 4393 325 4431 σεν.
414 4374 503 4438 Ὧς
561 4374 617 4427 δὲ
666 4375 912 4446 ἐπλήσθη
968 4379 1036 4448 τῇ
1099 4376 1379 4431 Ἐλισάὸετ
1420 4381 1448 4431 6
1495 4380 1685 4450 χρόνος
1729 4379 1825 4433 τοῦ

185 4470 441 4530 τεκεῖν,
500 4470 921 4538 παρατηρητέον
975 4470 1059 4523 ὅτι
1096 4471 1189 4525 ἐπὶ
1225 4471 1331 4524 τῶν
1374 4474 1720 4544 ἁμαρτωλῶν
1764 4474 1826 4527 οὐ

183 4560 446 4629 λέγεται
481 4559 562 4623 τὸ,
601 4560 887 4632 Ἐπλήοθη
922 4562 949 4613 6
984 4562 1176 4635 χρόνος
1198 4563 1292 4617 τοῦ
1310 4568 1525 4632 τεκεῖν,
1559 4565 1699 4621 ἀλλὰ
1738 4566 1827 4636 μόο

1992 2624 2161 2679 Vsas.
2222 2623 2419 2680 57-64.
2486 2643 2503 2675 ‹
2560 2623 2891 2681 Elisabethae
2939 2638 3071 2680 "ere
3116 2624 3399 2695 impletum
3452 2636 3538 2681 est

1920 2730 2138 2790 tempus
2191 2719 2468 2790 pariendi,
2515 2729 2574 2774 et
2623 2718 2837 2790 peperit
2880 2718 3077 2774 filium.
3126 2719 3197 2774 Et
3238 2720 3537 2777 audierunt

1918 2811 2085 2866 vicini
2137 2820 2195 2865 et
2243 2810 2465 2881 cognati
2509 2811 2664 2881 ejus,
2719 2811 2865 2880 quod
2926 2810 3222 2880 magnifice
3270 2811 3539 2867 Dominus

1922 2902 2304 2959 misericordia
2339 2915 2437 2957 sua
2476 2918 2610 2957 usus
2639 2912 2791 2958 esset
2829 2917 2961 2974 erga
2989 2902 3165 2966 illam.
3207 2913 3263 2959 et
3296 2906 3540 2974 gratula-

1920 2996 2121 3049 bantur
2146 2994 2315 3051 ei.’Et
2347 2994 2554 3051 factum
2587 3005 2672 3051 est
2703 2996 2755 3049 in
2789 2996 2878 3049 die
2908 3006 3126 3060 octavo,
3169 3008 3442 3051 venerunt
3472 2999 3541 3051 ad

1920 3087 2430 3143 circumcidendum
2464 3102 2731 3156 puerum,
2768 3097 2825 3142 et
2849 3088 3125 3141 vocabant
3156 3103 3280 3142 eum
3316 3089 3542 3145 nomine

1923 3180 2097 3248 patris
2139 3180 2221 3234 sui
2278 3179 2621 3233 Zachariam.
2695 3180 3153 3251 Et.respontlens
3213 3190 3389 3236 mater
3422 3183 3542 3257 ejus

2128 3290 2141 3324 :
2199 3270 2597 3341 Nequaquam,
2655 3273 2752 3326 sed
2812 3272 3102 3327 vocabitur
3157 3271 3420 3330 Joannes.
3476 3275 3546 3330 Et

1924 3363 2182 3417 dixerunt
2218 3364 2285 3417 ad
2319 3363 2469 3417 illam
2504 3383 2517 3416 :
2558 3363 2732 3418 Nemo
2756 3373 2842 3418 est
2880 3366 2932 3418 in
2960 3368 3291 3434 cognatione
3323 3374 3415 3422 tua
3449 3371 3543 3438 qui

1925 3464 2149 3509 vocetur
2182 3453 2291 3509 isto
2342 3455 2584 3509 nomine.
2626 3454 2933 3510 lnnuebant
2966 3465 3151 3512 autem
3200 3459 3341 3527 patri
3374 3461 3499 3531 ejus
3523 3503 3538 3525 ,

1925 3545 2055 3614 quid
2106 3546 2271 3599 vellet
2316 3546 2499 3599 vocari
2552 3560 2698 3600 eum.
2741 3545 2921 3616 Isque,
2974 3549 3267 3616 postulatis
3304 3551 3540 3617 tabellis,

1927 3635 2146 3705 scripsit
2168 3636 2398 3691 dicens:
2435 3634 2677 3692 Joannes
2708 3647 2794 3693 est
2828 3652 3029 3694 nomen
3071 3639 3215 3709 ejus.
3260 3641 3328 3695 Et
3360 3644 3545 3697 mirati

1926 3739 2046 3783 sunt
2088 3731 2352 3785 universi.
2389 3732 2654 3800 Apertum
2692 3741 2779 3787 est
2808 3740 2993 3787 autem
3035 3747 3101 3790 os
3134 3733 3258 3803 ejus
3288 3735 3455 3804 illico,
3493 3749 3547 3793 et

1930 3822 2111 3892 lingua
2148 3824 2266 3892 ejus
2290 3864 2303 3888 ,
2336 3832 2392 3877 et
2428 3823 2753 3893 loquebatur
2796 3812 3029 3881 laudans
3065 3825 3260 3882 Deum.
3307 3846 3325 3879 ι
3378 3828 3548 3899 Virgo

1922 3916 2149 3985 quidem
2202 3917 2425 3972 circiter
2460 3918 2637 3973 tribus
2689 3919 2976 3977 mensibus
3019 3923 3223 3977 mansit
3258 3925 3403 3993 apud
3437 3923 3553 3978 Eli-

1931 4009 2128 4064 sabeth
2155 4048 2171 4073 ,
2222 4009 2476 4065 fortassis
2511 4021 2663 4067 tanto
2706 4013 2940 4068 attonita
2971 4014 3269 4083 miraculo,
3308 4026 3365 4073 et
3402 4002 3547 4073 indi-

1924 4118 2067 4174 gens
2112 4103 2487 4160 consolatione
2536 4108 2777 4175 quadam
2806 4122 2971 4178 quam
3027 4122 3097 4163 ex
3144 4110 3547 4167 consuetudine

1935 4196 2221 4253 Elisabeth
2266 4196 2485 4253 habuit.
2521 4193 2729 4255 Verum
2766 4202 2858 4256 ubi
2901 4202 3369 4273 appropinquavit
3417 4220 3545 4275 par-

1941 4300 2049 4354 tus,
2080 4290 2376 4346 abscessit.
2413 4292 2513 4348 Ubi
2555 4303 2737 4349 autem
2772 4294 3054 4362 impletum
3102 4305 3321 4366 tempus
3362 4298 3547 4355 Elisa-

1935 4382 2061 4437 beth
2095 4392 2155 4437 ut
2190 4394 2406 4453 pareret
2430 4426 2445 4447 .
2486 4385 2889 4441 observantium
2924 4388 3070 4458 quod
3119 4388 3177 4444 in
3230 4395 3543 4461 peccatori-

1938 4476 2039 4531 bus
2073 4491 2181 4531 non
2225 4478 2428 4532 dicitur
2482 4497 2495 4532 :
2540 4477 2827 4549 lmpletum
2884 4492 2966 4535 est
3010 4492 3228 4551 tempus
3264 4486 3549 4553 pariendi;

1938 4569 2033 4623 sed
2084 4570 2188 4624 hoc
2237 4572 2505 4625 duntaxat
2558 4572 2801 4627 invenies
2833 4575 2920 4629 ubi
2968 4576 3035 4629 de
3064 4576 3340 4646 justorum
3392 4588 3550 4647 partu

181 4673 287 4709 νον
320 4656 477 4708 ὅπου
494 4654 700 4721 δίκαιός
719 4658 867 4710 ἐστιν
897 4660 923 4708 ὁ
947 4659 1289 4730 τικτόμενος,
1321 4662 1439 4713 ἐκεῖ
1464 4661 1721 4727 λέγεται·
1750 4663 1810 4726 ὡς

1936 4661 2168 4716 habetur
2214 4665 2437 4718 mentio.
2495 4662 2633 4719 Nam
2661 4706 2675 4727 ,
2716 4676 2774 4718 ut
2830 4679 3101 4736 apparet,
3147 4670 3453 4736 imperfecti
3501 4685 3553 4726 ct

179 4750 351 4804 ἔοικε
390 4749 510 4818 γὰρ
546 4749 823 4804 ἁτέλεστοι
852 4753 945 4804 καὶ
981 4754 1297 4823 ἀπλήρωτοι
1330 4756 1437 4809 τῶν
1474 4757 1821 4827 ἁμαρτωλῶν

178 4844 236 4896 οί
287 4843 500 4895 τόκοι*
555 4845 800 4911 κρεῖττον
834 4845 891 4895 δὲ
943 4846 1127 4908 αὐτοῖς
1174 4849 1222 4899 εί
1271 4849 1372 4900 οὐκ
1420 4850 1815 4921 ἐγεννήθησαν.

176 4937 297 4988 Διά
348 4933 412 4985 τί
473 4931 529 4984 δὲ
579 4934 717 5003 μετὰ
778 4934 875 5004 τὴν
911 4938 1215 5008 περιτομὴν
1267 4939 1475 4991 ἐτίθετο
1517 4941 1577 4991 τὸ
1609 4940 1817 5010 ὅνομας

192 5030 369 5081 Διότι
411 5025 692 5096 πρότερον
717 5027 797 5079 δεῖ
829 5028 926 5097 τὴν
960 5031 1025 5080 ὲκ
1064 5029 1198 5082 Θεοῦ
1236 5032 1513 5099 σφραγῖδα
1545 5032 1825 5096 δέξασθαι,

168 5121 289 5174 καὶ
327 5120 475 5171 τότε
495 5117 571 5187 *τὸ
611 5118 959 5189 ἀνθρώπινον
1004 5124 1178 5191 ονομα
1204 5140 1217 5154 ⁸
1270 5124 1446 5187 ἄλλως
1483 5142 1565 5187 τε,
1594 5129 1626 5194 ἠ
1673 5146 1827 5199 περι-

178 5214 346 5283 τομὴ
384 5207 567 5263 τοῦτο
600 5212 881 5280 σημαίνει,
918 5212 1193 5284 ἀποϐολὴν
1229 5216 1338 5267 τῶν
1368 5218 1673 5285 σαρκικῶν.
1718 5219 1826 5272 Οὐ-

1936 4769 2044 4808 ηοιι
2108 4755 2318 4823 impleti
2370 4769 2726 4828 peccatorum
2788 4770 2917 4815 sunt
2955 4771 3181 4830 partus,
3239 4764 3551 4834 meliusque

1936 4847 2043 4902 illis
2070 4847 2114 4902 si
2153 4849 2270 4902 nati
2310 4864 2415 4903 non
2443 4849 2698 4907 fuissent.
2740 4851 2921 4919 Quare
2947 4864 3132 4909 autem
3159 4866 3281 4924 post
3314 4860 3551 4912 circum-

1938 4938 2201 4993 cisionem
2217 4940 2518 5015 imponitur
2539 4958 2738 4998 nomen
2759 4942 2935 5009 ?Quia
2964 4946 3118 5010 prius
3142 4947 3551 5023 suscipiendum

1941 5042 2025 5085 est
2049 5033 2391 5103 signaculum
2414 5035 2534 5100 Dei,
2562 5046 2617 5090 et
2634 5046 2765 5092 tunc
2784 5040 3085 5092 humanum
3103 5053 3321 5095 nomen.
3338 5039 3435 5095 Vel
3458 5041 3555 5095 ali-

1944 5138 2042 5187 ter,
2062 5128 2699 5198 circumcisiosignificat
2714 5130 3019 5184 carnalium
3036 5131 3558 5200 abjectionem.Nul-

1942 5221 2026 5277 lus
2042 5224 2207 5291 igitur
2220 5223 2494 5291 nisiprius
2509 5224 2729 5291 abjiciat
2743 5234 2797 5279 et
2813 5236 3061 5295 amputet
3074 5227 3555 5297 carnalia,ldiguus

174 5306 307 5367 δαὶς
354 5298 473 5356 οὖν
526 5302 576 5353 εί
606 5302 681 5371 μὴ
714 5303 977 5373 πρότερον
1005 5305 1287 5377 ἀπορρίψῃ
1321 5308 1415 5359 καὶ
1462 5308 1738 5381 περικόψῃ
1763 5310 1810 5363 τέ

1936 5320 2026 5369 est
2050 5323 2109 5368 ut
2139 5316 2453 5373 nominetur
2484 5316 2642 5371 miles
2679 5317 2811 5382 Dei,
2844 5329 2977 5373 etut
3020 5320 3074 5373 in
3110 5320 3249 5375 libro
3287 5322 3551 5377 cmiorum

175 5396 513 5469 σαρκικὰ.
582 5393 730 5459 ἄξιός
794 5396 942 5447 ἐστιν
1023 5398 1399 5467 ὀνομασθῆναι
1482 5400 1810 5472 στρατιώτης

1944 5406 2222 5461 scribatur
2243 5421 2444 5463 nomen
2464 5407 2607 5476 ejus.
2636 5409 2920 5467 EliSabeth
2952 5426 3081 5465 vero
3114 5421 3170 5465 ut
3208 5413 3551 5483 prophetissa

172 5487 338 5547 Θεοῦ
378 5482 537 5555 (97),
583 5485 675 5536 καὶ
702 5487 761 5537 ὲν
792 5490 858 5555 τῇ
892 5486 1061 5557 βίϐλῳ
1086 5489 1193 5541 τῶν
1222 5491 1471 5559 οὐρανῶν
1502 5494 1810 5565 ἀπογραφῆ

1943 5499 2207 5555 indicavit
2244 5516 2469 5569 nomen,
2501 5504 2731 5559 dicens:
2769 5502 3011 5560 Joannes
3039 5515 3125 5561 est
3159 5523 3364 5563 nomen
3395 5510 3539 5578 ejus.

168 5600 279 5640 ναι
327 5575 532 5634 αὐτοῦ
558 5575 619 5629 τὸ
658 5575 851 5647 ὖνομα.
894 5579 960 5632 'H
992 5581 1049 5633 δὲ
1105 5582 1409 5646 Ἐλισάὸετ,
1440 5584 1515 5646 ὡς
1559 5587 1810 5655 προφῆτυ

1944 5588 2220 5647 Fortassis
2287 5601 2466 5649 autem
2528 5593 2772 5651 Joannes
2824 5590 3033 5667 sibiipsi
3086 5598 3282 5654 indidit
3332 5575 3553 5665 nomen,

250 5726 279 5758 ’
330 5723 503 5778 Gen.
558 5732 699 5782 xm,
742 5718 832 5772 38.

1199 5817 1292 5876 Ex
1327 5814 1683 5879 collatione
1728 5820 1916 5884 codd.
1959 5824 2188 5885 Venet.
2236 5826 2297 5886 S.
2346 5826 2572 5889 Marci.

252 5943 391 6018 (97)
437 5932 587 5991 Cod.
626 5932 718 5996 52,
750 5934 863 5998 υίὸς
903 5934 1065 5991 Θεοῦ,

562 6028 837 6090 ΡΑτιιοι..
875 6029 990 6091 GR.
1028 6032 1310 6098 CXXIII.
3172 6045 3251 6102 ‘13
