4022 6522
621 488 732 555 ἳίὸ

1539 477 1647 541 ΤΠ
1659 479 2124 542 EOPHYLACTI
2157 477 2488 540 BULGMU
2499 479 2562 537 Αἰ
2591 473 2940 536 AHCIIIEP.

3765 464 3853 528 716

623 602 886 670 matrique
917 612 1047 671 suae
1082 594 1506 650 communicavit
1547 593 1746 649 donum
1787 592 2162 663 prepheticum

2292 590 2517 657 ὲλάλησε
2579 589 2704 656 περὶ
2738 588 2829 639 τοὺ
2865 585 3162 653 ὀνόματος,
3204 583 3286 634 ὅτι
3351 582 3606 651 Ἰωάννης
3646 580 3758 632 ἐστὶ
3803 579 3855 632 τδ

623 696 789 749 Porro
835 687 1120 743 Zacharias
1149 700 1269 740 cum
1303 699 1410 738 non
1459 695 1640 754 posset
1675 693 1805 738 nutu
1848 682 2191 738 manifestare

624 802 842 851 nomen,
886 786 1016 852 petit
1051 781 1296 836 tabellas.
1331 779 1395 834 Et
1437 779 1560 848 quia
1592 777 1917 847 astipulatus
1949 785 2031 830 est
2063 791 2191 829 sen-

621 880 798 936 tentia:
827 878 1009 932 uxoris
1038 878 1092 929 in
1122 875 1336 927 nomine
1361 871 1538 941 pueri,
1562 869 1944 938 obstupescunt
1969 883 2186 922 omnes:

622 988 722 1030 non
760 971 904 1024 enim
953 977 1067 1022 erat
1099 967 1150 1019 in
1194 964 1512 1033 cognatione
1553 977 1739 1016 eorum
1771 961 2035 1029 quispiam
2076 959 2190 1028 ejus

621 1061 876 1125 nominis,
913 1070 970 1114 ut
993 1057 1113 1127 quis
1135 1057 1316 1111 dicere
1344 1054 1512 1124 possit
1548 1053 1690 1122 quod
1724 1061 1848 1106 ante
1881 1063 2090 1120 tempus
2119 1049 2188 1104 de

620 1158 720 1210 huc
759 1153 917 1207 ambo
959 1150 1264 1204 tractarint.
1307 1145 1544 1200 Joannes
1577 1143 1728 1212 juxta
1785 1141 2186 1212 interpretatio-

617 1263 736 1301 nem
767 1255 867 1310 est,
903 1242 997 1297 Dei
1038 1242 1208 1313 gratia
1238 1258 1251 1294 :
1300 1239 1525 1309 proinde
1548 1245 1610 1292 et
1645 1243 1798 1306 pater
1824 1234 1966 1290 illius
2005 1233 2182 1289 statim

617 1348 894 1392 assecutus
928 1335 1188 1404 gratiam,
1243 1332 1476 1402 primum
1513 1332 1578 1386 de
1613 1328 1854 1392 Christo,
1896 1327 2089 1381 deinde
2123 1326 2186 1380 de

617 1440 782 1493 puero
807 1423 1162 1494 prophetizat.

685 1689 845 1744 Vens.
884 1688 1074 1743 63.75.
1120 1707 1136 1738 ι
1180 1685 1243 1740 Ει
1291 1685 1463 1741 laetus
1490 1700 1572 1738 est
1614 1685 1772 1738 timor
1807 1697 1967 1751 super
1997 1695 2186 1738 omnes

611 1783 815 1835 vicinos
841 1795 1056 1845 eorum,
1093 1791 1146 1836 et
1183 1778 1232 1832 in
1281 1787 1390 1832 tota
1425 1786 1681 1830 montana
1729 1776 1947 1845 regione
1990 1772 2186 1829 Judaeae

612 1870 1024 1937 divulgabantur
1044 1868 1222 1923 omnia
1251 1868 1412 1923 verba
1443 1869 1574 1930 haec,
1598 1877 1651 1920 et
1674 1875 1968 1936 posuerunt
1991 1879 2177 1919 omnes

607 1961 696 2029 qui
728 1959 1008 2012 audierant
1042 1959 1092 2010 in
1119 1956 1279 2012 corde
1303 1970 1422 2021 suo,
1451 1953 1690 2008 dicentes
1719 1970 1732 2006 :
1761 1952 2016 2019 Quisnam
2047 1964 2178 2019 puer

604 2050 693 2104 hic
722 2050 862 2103 erit?
913 2049 975 2103 Et
1019 2062 1208 2101 manus
1244 2045 1452 2099 Domini
1500 2054 1772 2098 eratcum
1824 2042 1932 2095 illo.
1966 2039 2032 2094 Et
2075 2038 2176 2093 Za-

605 2143 821 2196 charias
852 2147 1002 2209 pater
1033 2139 1148 2208 ejus
1191 2136 1424 2206 repletus
1455 2144 1537 2190 est
1571 2134 1773 2204 Spiritu
1805 2141 2017 2196 sancto,
2053 2145 2176 2200 pro—

603 2233 949 2301 phetavitque
1001 2231 1188 2286 dicens
1248 2246 1264 2284 :
1327 2229 1653 2283 Benedictus
1712 2226 1969 2282 Dominus
2029 2223 2174 2278 Deus

604 2325 788 2386 Israel,
832 2325 954 2393 quia
989 2323 1228 2377 visitavit
1264 2331 1317 2376 et
1348 2321 1468 2376 fecit
1518 2320 1942 2388 redemptionem
1977 2316 2175 2386 populo

605 2430 721 2470 suo.
765 2414 828 2468 Et
872 2415 1128 2468 excitavit
1161 2427 1331 2467 cornu
1372 2412 1561 2465 salutis
1597 2410 1751 2464 nobis
1793 2409 1844 2463 in
1875 2409 2033 2464 domo
2067 2409 2172 2463 Da-

604 2506 693 2559 \id
725 2505 873 2574 pueri
906 2505 988 2558 sui
1023 2523 1033 2557 :
1070 2505 1208 2558 sicut
1240 2502 1402 2572 282
1437 2502 1649 2556 locutus
1681 2509 1764 2553 est
1820 2512 1915 2566 per
1947 2511 2007 2553 os
2048 2512 2172 2552 sen-

602 2609 812 2654 etorum
839 2636 854 2660 ,
888 2598 979 2665 qui
1024 2612 1050 2648 a
1103 2595 1299 2649 saeculo
1339 2603 1465 2648 sunt
1500 2593 1878 2662 prophetarum
1925 2603 2169 2644 suorum.

603 2689 841 2746 Salutem
894 2703 958 2742 ex
995 2687 1230 2742 inimicis
1264 2686 1484 2750 nostris,
1525 2694 1580 2739 et
1626 2684 1690 2738 de
1735 2697 1894 2736 manu
1932 2681 2169 2735 omnium

601 2782 689 2849 qui
727 2779 960 2832 oderunt
1015 2793 1132 2831 nos.
1193 2774 1265 2829 Ut
1320 2776 1522 2828 faceret
1575 2772 2003 2827 misericordiam
2048 2785 2171 2824 cum

603 2869 848 2938 patribus
906 2868 1143 2932 nostris,
1187 2876 1239 2920 et
1284 2879 1490 2919 memor
1523 2871 1668 2918 esset
1725 2860 2030 2917 testamenti
2089 2856 2172 2912 sui

601 2959 796 3015 sancti.
821 2957 978 3012 Juxta
998 2957 1375 3028 jusjurandum
1402 2957 1547 3022 quod
1570 2953 1773 3020 iuravit
1798 2952 1864 3006 ad
1896 2951 2168 3005 Abraham

598 3063 806 3123 patrem
839 3059 1108 3112 nostrum,
1140 3057 1196 3100 ut
1225 3049 1379 3101 daret
1411 3046 1586 3100 nobis.
1626 3043 1694 3099 Ut
1727 3045 1861 3097 citra
1899 3045 2165 3104 timorem,

600 3147 663 3200 de
691 3159 851 3198 manu
883 3141 1226 3196 inimicorum
1259 3148 1566 3192 nostrorum
1600 3137 1831 3202 liberati,
1870 3137 2169 3190 serviamus

599 3237 698 3306 ipsi
747 3237 801 3290 in
845 3233 1132 3289 sanctitate
1182 3237 1235 3284 et
1279 3230 1484 3296 justitia
1535 3243 1714 3283 coram
1755 3230 1904 3298 ipso,
1963 3228 2239 3318 cunctisc

596 3331 789 3382 diebus
818 3327 945 3380 vita:
975 3335 1191 3378 nostrae.
1239 3341 1256 3374 ι
1304 3321 1498 3376 Factus
1533 3331 1617 3376 est
1663 3323 1824 3374 timor
1854 3334 2014 3387 super
2047 3335 2160 3372 om-

596 3433 694 3475 nes
716 3458 731 3484 ,
765 3430 987 3488 propter
1019 3413 1336 3467 miraculum
1371 3412 1640 3482 loquentis
1681 3411 1975 3465 Zacharizr.
2015 3411 2170 3463 Sicut

591 3509 736 3564 enim
767 3508 918 3576 prius
943 3520 1065 3559 cum
1090 3502 1470 3565 obmutuisset,
1505 3508 1787 3570 stupuerat
1818 3497 2061 3565 potiulus,
2095 3499 2164 3550 ita

593 3601 755 3654 etiam
783 3612 928 3651 nunc
959 3611 1079 3651 cum
1112 3595 1349 3648 redditus
1371 3602 1456 3647 est
1489 3594 1533 3646 ei
1564 3607 1760 3644 sermo.
1795 3588 2022 3658 Propter
2063 3591 2165 3642 duo

595 3689 756 3758 igitur
789 3685 1042 3739 miracula
1081 3686 1193 3736 haec
1229 3682 1538 3751 cogitabant
1581 3681 1646 3734 de
1689 3689 1813 3732 nato
1853 3678 1994 3748 quod
2028 3678 2165 3729 mul-

596 3792 678 3834 tos
710 3778 1059 3848 praecelleret.
1100 3775 1259 3828 Facta
1299 3784 1474 3826 autem
1513 3782 1638 3824 sunt
1683 3773 1793 3825 haec
1829 3771 2007 3823 omnia
2053 3771 2160 3821 sin—

591 3872 759 3941 gulari
787 3869 1013 3939 quadam
1045 3867 1464 3934 dispensatione,
1499 3875 1556 3916 ut
1579 3863 1669 3932 qui
1702 3866 1765 3915 de
1799 3863 2014 3915 Christo
2045 3876 2162 3930 pro-

591 3963 963 4034 phetizaturus
992 3967 1158 4022 esset,
1193 3958 1294 4010 [ide
1327 3956 1519 4024 dignus
1547 3955 1856 4014 haberetur,
1891 3961 1944 4005 et
1977 3966 2163 4004 omnes

590 4073 656 4112 ex
715 4057 828 4124 ipsa
892 4054 1172 4107 nativitate
1218 4049 1444 4104 Joannis
1497 4048 1754 4100 certiores
1811 4045 2162 4098 redderentur

591 4147 733 4218 quod
760 4144 937 4198 multis
963 4143 1131 4212 major
1168 4149 1332 4194 esset.
1359 4138 1631 4193 Benedieit
1656 4146 1833 4188 autem
1871 4133 2162 4186 Zacharias

591 4238 784 4300 Deum,
825 4236 948 4304 quia
987 4237 1299 4287 visitaverat
1353 4231 1638 4283 lsraelitas.
1691 4229 1753 4279 lit
1798 4224 2036 4294 profecto
2073 4240 2162 4279 ve-

594 4339 746 4382 nerat
790 4329 856 4380 ad
886 4340 1013 4379 oves
1045 4338 1163 4392 quae
1207 4323 1428 4392 perditze
1463 4330 1621 4374 erant
1659 4320 1724 4374 de
1756 4320 1914 4374 domo
1958 4318 2118 4372 lsrael
2147 4359 2159 4380 ,

590 4420 681 4475 sed
718 4419 960 4487 plerique
995 4415 1314 4470 beneﬁcium
1360 4411 1476 4481 ejus
1519 4413 1794 4481 suscipere
1837 4411 2158 4472 noluerunt,

589 4513 727 4566 unde
762 4525 916 4565 veros
957 4508 1227 4565 lsraeiitas
1263 4508 1467 4563 invisit.
1509 4506 1575 4561 Et
1624 4506 1844 4574 quinam
1879 4513 2004 4556 sunt
2044 4500 2158 4554 illi?

2292 682 2461 752 ὅνομα
2497 679 2659 733 αὑτοῦ
2693 696 2704 708 ·
2755 678 2890 746 τάχα
2919 677 2973 728 δὲ
3005 675 3099 728 καὶ
3127 677 3152 726 ὁ
3194 675 3447 744 Ἰωάννης
3495 673 3658 734 αὐτὸς
3693 671 3855 738 ἑαυτῷ

2294 774 2584 844 περιέθηκε
2620 773 2678 823 τὸ
2702 771 2868 840 δνομα
2896 785 2908 798 ·
2945 772 3010 836 τῇ
3045 769 3152 838 γὰρ
3197 767 3363 837 μητρὶ
3401 765 3562 826 αὐτὸς
3597 765 3855 833 μετέδωκε

2292 866 2382 918 τοῦ
2428 861 2766 934 προφητικοῦ
2842 861 3200 930 χαρίσματος.
3251 861 3349 910 Διὰ
3397 858 3667 924 νεύματος
3697 855 3750 907 δὲ
3791 857 3856 923 μὴ

2290 957 2584 1025 δυνάμενος
2643 953 2671 1004 6
2724 951 2999 1021 Ζαχαρίας
3076 949 3315 1017 δηλῶσαι
3372 947 3433 999 τὸ
3482 947 3684 1013 ὄνομα,
3731 946 3861 996 αἰτεῖ

2290 1046 2622 1100 πινακίδιον·
2659 1045 2750 1096 καὶ
2776 1042 2964 1111 ἐπειδὴ
3003 1039 3341 1109 ὼμοφώνησε
3389 1041 3453 1108 τῇ
3482 1038 3705 1105 γυναικὶ
3740 1036 3857 1102 περὶ

2287 1139 2348 1192 τὸ
2372 1138 2540 1207 ὄνομα
2589 1134 2680 1187 τοῦ
2719 1134 2926 1195 παιδὸς,
2966 1133 3361 1199 ἐκπλήττονται
3396 1129 3597 1189 πάντες
3626 1146 3638 1156 ·
3671 1128 3731 1179 ού
3760 1125 3859 1193 γαρ

2287 1227 2354 1301 ἦν
2385 1234 2442 1283 ὲν
2477 1233 2541 1299 τῇ
2597 1226 2886 1294 συγγενείᾳ
2935 1225 3136 1282 αὐτῶν,
3186 1223 3272 1274 ἵνα
3297 1239 3377 1283 τις
3413 1221 3511 1289 ἔχῃ
3553 1221 3748 1278 είττεῖν,
3786 1219 3860 1268 ὅτι

2287 1324 2394 1390 πρὸ
2420 1319 2609 1390 καιροῦ
2641 1319 2795 1371 τοῦτο
2826 1317 3095 1386 ἐμελέτων
3123 1314 3439 1382 ἀμφότεροι.
3524 1311 3778 1378 Ἰωάννης
3812 1311 3860 1360 δὲ

2287 1412 2652 1483 ἑρμηνεύεται
2698 1409 2832 1461 Θεοῦ
2893 1408 3092 1477 χάρις·
3157 1406 3236 1458 διὸ
3269 1407 3360 1457 καὶ
3400 1408 3426 1458 6
3477 1405 3663 1472 πατὴρ
3702 1401 3860 1454 αὐτοῦ

2287 1503 2490 1564 εύθέως
2521 1501 2866 1573 χαριτωθεὶς,
2901 1498 3231 1570 προφητεύει
3259 1496 3385 1567 περί
3415 1514 3471 1549 τε
3499 1495 3594 1548 τοῦ
3629 1494 3860 1564 Χριστοῦ

2289 1592 2576 1661 πρότερον,
2604 1593 2697 1644 καὶ
2727 1592 2850 1661 περὶ
2882 1590 2974 1642 τοῦ
3010 1589 3199 1653 παιδὸς
3232 1589 3477 1658 ὔστερον.

2365 1701 2381 1732 ι
2428 1682 2536 1734 Καὶ
2571 1682 2785 1749 ἐγένετο
2813 1681 2904 1732 ἐπὶ
2935 1682 3142 1743 πάντας
3181 1679 3342 1748 φόϐος
3370 1680 3493 1740 τοὺς
3527 1677 3862 1748 περιοδιςῦν·

2288 1789 2386 1834 τας
2423 1771 2619 1834 αὐτούς
2650 1788 2664 1804 ο
2704 1773 2797 1825 καὶ
2855 1773 2911 1823 ὲν
2960 1772 3058 1841 ὅλῃ
3091 1773 3160 1839 τῇ
3214 1771 3395 1840 ὀρεινῇ
3449 1769 3548 1836 τῆς
3610 1768 3860 1829 Ἰουδαίας

2289 1863 2583 1916 διελαλεῖτο
2605 1865 2779 1916 πάντα
2811 1864 2876 1916 τὰ
2907 1863 3129 1933 ῥήματα
3155 1861 3324 1914 ταῦτα
3347 1877 3360 1890 ο
3392 1861 3484 1911 καὶ
3517 1858 3703 1911 ἔθεντο
3731 1860 3859 1910 πάν.

2279 1974 2367 2019 τες⁵
2415 1959 2464 2009 οί
2514 1957 2847 2020 ἀκούσαντες
2896 1957 2952 2007 ὲν
2983 1957 3047 2025 τῇ
3083 1953 3280 2024 καρδίᾳ
3330 1953 3531 2015 αὐτῶν,
3571 1951 3854 2016 λέγοντες·

2277 2050 2345 2103 Τί
2374 2050 2480 2119 ἄρα
2511 2049 2570 2101 τδ
2597 2049 2802 2101 παιδίον
2827 2048 2984 2101 τοῦτο
3023 2048 3212 2110 ἔσταις
3260 2047 3368 2098 Καὶ
3404 2046 3524 2114 χεὶρ
3565 2043 3771 2111 Κυρίου
3797 2038 3857 2110 ἦν

2283 2144 2402 2212 μετ’
2433 2141 2619 2194 αὐτοῦ.
2656 2142 2766 2193 Καὶ
2806 2140 3080 2210 Ζαχαρίας
3120 2142 3148 2192 6
3182 2136 3365 2207 πατὴρ
3411 2137 3578 2190 αὑτοῦ
3614 2135 3852 2203 ἐπλήσθη

2278 2228 2603 2298 Πνεύματος
2631 2230 2812 2295 ἁγίου,
2871 2230 2964 2280 καὶ
2993 2228 3367 2297 προεφήτευσε
3400 2267 3414 2290 ,
3451 2226 3630 2291 λέγων
3657 2243 3670 2254 ·
3698 2225 3852 2278 E610-

2279 2319 2442 2390 γητὺς
2480 2320 2687 2388 Κύριος
2729 2323 2754 2371 6
2788 2318 2921 2382 Θεὸς
2964 2320 3058 2371 τοῦ
3114 2318 3365 2388 Ἰσραὴλ,
3401 2318 3484 2371 δτι
3520 2318 3853 2384 ἐπεσκέψατο

2279 2411 2372 2464 καὶ
2419 2411 2644 2480 ἐποίησε
2699 2411 2965 2483 λύτρωσιν
3015 2411 3091 2479 τῷ
3121 2411 3236 2479 λαῷ
3279 2410 3480 2464 αὑτοῦ·
3535 2411 3631 2462 καὶ
3675 2410 3851 2479 ἧγειρε

2275 2503 2446 2572 κέρας
2479 2503 2755 2573 σωτηρίας
2807 2504 2938 2571 ἡμῖν
2982 2505 3038 2554 ὲν
3074 2503 3152 2571 τῷ
3182 2503 3316 2571 οἴκῳ
3349 2502 3514 2554 Δαόίδ
3542 2502 3640 2553 τοῦ
3674 2500 3851 2560 παιδὸς

2277 2595 2440 2648 αὑτοῦ
2468 2612 2481 2626 ·
2515 2595 2697 2658 καθὼς
2731 2593 2963 2666 ἐλάλησε
2987 2594 3076 2646 διὰ
3114 2595 3381 2664 στόματος
3416 2593 3524 2644 τῶν
3552 2593 3724 2656 ἀγίων
3751 2591 3852 2643 τῶν

2275 2686 2370 2739 ἀπ’
2419 2686 2611 2748 αίῶνος
2661 2686 2959 2755 προφητῶν
2997 2685 3163 2738 αὑτοῦ
3186 2702 3197 2713 ·
3244 2685 3521 2754 σωτηρίαν
3554 2684 3612 2747 ἐξ
3649 2683 3851 2752 ἐχθρῶν

2276 2779 2454 2847 ἡμῶν,
2490 2780 2581 2830 καὶ
2617 2783 2678 2828 ἐκ
2715 2777 2896 2847 χειρὸς
2924 2778 3142 2830 πάντων
3169 2769 3276 2828 τῶν
3321 2776 3629 2844 μισούντων
3663 2775 3804 2844 ἡμᾶς
3833 2791 3846 2803 ⁸

2276 2868 2501 2936 ποιῆσαι
2560 2869 2706 2930 ἔλεος
2757 2867 2896 2936 μετὰ
2940 2867 3048 2920 τῶν
3077 2868 3329 2936 πατέρων
3367 2867 3550 2935 ἡμῶν,
3587 2868 3681 2919 καὶ
3716 2882 3847 2935 μνη-

2275 2959 2468 3026 σθῆναι
2526 2959 2789 3028 διαθήκης
2848 2958 3008 3024 ἁγίας
3062 2958 3248 3013 αὑτοῦ.
3308 2958 3514 3026 Ὅρκου
3561 2950 3622 3010 οῦ
3674 2956 3852 3026 ὤμοσε

2277 3049 2412 3120 πρὸς
2455 3050 2706 3119 Ἀϐραὰμ
2739 3051 2830 3101 τὸν
2881 3049 3094 3120 πατέρα
3137 3049 3315 3120 ήμῶν,
3371 3047 3464 3101 τοῦ
3498 3049 3682 3101 δοῦναι
3725 3050 3852 3116 ἡμίν

2273 3142 2510 3209 ἀφόϐως,
2540 3143 2600 3192 ὲκ
2639 3142 2815 3210 χειρδς
2845 3141 2951 3193 τῶν
2982 3141 3192 3211 ἐχθρῶν
3220 3141 3378 3210 ἡμῶν
3410 3141 3728 3212 ῥυσθέντας,
3758 3139 3848 3192 λα-

2273 3233 2487 3302 τρεύειν
2521 3232 2669 3298 αύτῷ
2721 3235 2778 3284 ὲν
2825 3233 3064 3303 ὁσιότητι
3116 3234 3232 3294 καὶ,
3260 3234 3578 3305 δικαιοσύνῃ
3625 3235 3850 3286 ὲνώττιον

2275 3325 2440 3379 αὑτοῦ
2471 3327 2651 3388 πάσας
2668 3324 2762 3388 τὰς
2789 3326 2997 3397 ἡμέρας
3025 3326 3123 3393 τῆς
3152 3325 3297 3393 ζωῆς
3323 3325 3505 3395 ημῶν.
3539 3344 3558 3377 s
3610 3325 3852 3391 Ἐγένετο

2271 3415 2363 3466 ἐπὶ
2393 3417 2599 3478 πάντας
2648 3417 2833 3484 φόδος,
2867 3417 2953 3472 διὰ
2980 3416 3040 3468 τὸ
3071 3416 3372 3485 παράδοξον
3403 3416 3504 3484 τῆς
3538 3415 3632 3469 τοῦ
3673 3418 3850 3485 Ζαχα-

2271 3508 2388 3575 ρίου
2420 3507 2785 3575 ὲκλαλήσεως.
2832 3508 3042 3576 Ὠσπερ
3075 3507 3182 3576 γὰρ
3219 3509 3312 3559 ἐπὶ
3342 3510 3406 3577 τῇ
3444 3511 3626 3578 σιωπῇ
3662 3509 3848 3577 ἐξέστη

2267 3595 2294 3645 ό
2331 3595 2474 3655 λαὸς,
2513 3596 2657 3648 οὕτω
2705 3596 2799 3647 καὶ
2829 3598 2918 3647 ἐπὶ
2945 3596 3022 3664 τῷ
3067 3597 3300 3666 λαλῆσαι
3337 3598 3500 3649 αὐτόν
3525 3612 3538 3626 °
3570 3597 3646 3660 ὡς
3675 3599 3741 3650 ἄν
3767 3599 3852 3652 διὰ

2279 3681 2376 3732 τῶν
2413 3683 2505 3734 δύο
2539 3685 2746 3735 τούτων
2780 3683 3076 3752 Θαυμάτων
3100 3725 3114 3749 ,
3172 3685 3600 3753 συλλογίσωνται
3653 3689 3850 3750 πάντες

2269 3778 2399 3843 περὶ
2452 3777 2545 3827 τοῦ
2595 3777 2901 3845 τεχθέντος,
2937 3777 3010 3840 ὼς
3063 3777 3202 3847 ὑπὲρ
3246 3778 3371 3839 τοὺς
3423 3778 3653 3842 πολλούς
3713 3782 3845 3836 ἔστι.

2269 3865 2452 3916 Ταῦτα
2472 3866 2537 3916 ’δὲ
2573 3870 2746 3918 πάντα
2773 3867 3008 3933 ἐγίνοντο
3039 3868 3420 3935 οἰκονομικῶς,
3450 3870 3537 3922 ἴνα
3557 3871 3587 3922 6
3611 3869 3848 3939 περὶτοῦ

2267 3957 2504 4026 Χριστοῦ
2561 3958 2768 4027 μέλλων
2812 3960 3206 4030 μαρτυρήσειν,
3240 3960 3554 4026 ἀξιόπιστος
3605 3964 3714 4031 εἴη,
3756 3967 3850 4016 καὶ

2266 4049 2468 4110 πάντες
2510 4050 3003 4120 πληροφορηοῶσιν
3051 4052 3110 4116 ἐξ
3141 4052 3310 4120 αὐτῆς
3337 4054 3436 4120 τῆς
3465 4053 3559 4106 τοῦ
3604 4054 3848 4107 Ἰωάννου

2274 4144 2600 4210 γεννήσεως,
2628 4145 2708 4193 ὅτι
2742 4143 2880 4212 ὑπὲρ
2908 4146 3030 4206 to);
3063 4143 3294 4206 πολλούς
3334 4146 3503 4198 ἔστιν.
3540 4145 3766 4213 Εὐλογεῖ
3795 4147 3846 4199 δὲ

2251 4234 2292 4292 ’ὁ
2334 4232 2605 4304 Ζαχαρίας
2646 4235 2736 4286 τὸν
2789 4233 2941 4298 Θεὸν,
2975 4233 3050 4299 ὡς
3085 4235 3530 4306 ίπισκείθάμενον
3564 4240 3690 4301 τοὺς
3750 4240 3849 4293 Ἰσι-

2269 4326 2565 4395 ραηλίτας⁹
2606 4326 2682 4395 τῷ
2733 4326 2845 4379 ὄντι
2890 4331 2998 4398 γὰρ
3051 4330 3132 4391 είς
3183 4331 3252 4382 τὰ
3292 4329 3541 4399 πρόόατα
3593 4327 3731 4398 ἦ).οε
3782 4332 3845 4383 τὰ

2263 4417 2580 4470 ἀπολωλότα
2633 4420 2783 4470 οἴκου
2844 4420 3088 4489 Ἰσραὴλ,
3140 4420 3253 4473 ἀλλ’
3307 4421 3760 4497 οὐκὶ-ἠθέλησαν
3797 4426 3845 4474 οί

2267 4508 2514 4571 πλείονες
2570 4509 2746 4561 αὐτῶν
2796 4509 3051 4574 δέξασθαι
3097 4511 3197 4580 τὴν
3246 4512 3406 4582 χάριν
3433 4527 3444 4540 ·
3480 4513 3562 4565 διὸ
3605 4515 3695 4566 καὶ
3725 4514 3847 4575 τοὺς

591 4599 655 4654 lli
686 4602 774 4668 qui
816 4601 1177 4654 crediderunt.
1226 4598 1494 4653 Excitavit
1522 4606 1700 4648 autem
1741 4609 1911 4648 cornu
1941 4592 2152 4656 salutis,

2272 4601 2480 4670 ἀληθῶς
2534 4601 2876 4670 Ἰσραηλίτας
2934 4603 3314 4671 ἐπεσκέψατο,
3375 4603 3576 4667 οἵτινές
3623 4608 3764 4657 εἰσιν
3800 4607 3844 4658 oi

589 4696 690 4748 boc
727 4703 830 4756 est,
874 4693 1123 4744 virtutem
1157 4700 1212 4745 et
1252 4705 1475 4760 regnum
1508 4687 1765 4741 salutare.
1798 4686 1976 4740 Cornu
2009 4684 2150 4738 enim

591 4783 673 4836 vel
707 4784 1004 4852 potentiam
1044 4782 1347 4851 significat,
1399 4789 1623 4836 cornuta
1664 4781 1807 4834 enim
1859 4777 2152 4832 animantia

586 4873 640 4928 in
687 4887 852 4927 cornu
910 4872 1077 4927 robur
1129 4872 1360 4937 habent,
1409 4871 1492 4926 vel
1543 4886 1763 4942 regnum
1811 4890 1822 4924 :
1885 4885 1951 4923 ex
1986 4884 2150 4923 cornu

585 4965 733 5020 enim
769 4979 920 5032 reges
949 4964 1364 5043 iniungebantur.
1390 4965 1575 5032 Itaque
1600 4964 1848 5018 Christus
1879 4971 1932 5016 et
1961 4972 2152 5032 poten-

586 5058 657 5112 tia
684 5066 764 5112 est
801 5065 856 5109 et
897 5071 1119 5124 regnum
1149 5055 1345 5110 Patris.
1380 5057 1686 5110 Excitatum
1734 5055 1894 5124 igitur
1923 5063 2003 5108 est
2052 5070 2149 5108 n0-

587 5149 667 5202 bis
698 5162 866 5201 cornu
904 5147 1124 5214 salutis,
1169 5146 1442 5202 Christus.
1497 5146 1795 5200 Videbatur
1827 5149 1968 5200 enim
2020 5147 2148 5200 dor-

589 5241 745 5304 mire,
797 5249 1147 5293 contemnens
1193 5239 1485 5296 multorum
1538 5250 1778 5308 peccata,
1822 5241 2150 5309 longanimi-

589 5341 744 5386 tatem
771 5331 824 5385 in
857 5329 1264 5385 simulaeronun
1298 5335 1489 5387 insano
1521 5331 1664 5384 cultu
1708 5347 1817 5400 prae
1858 5348 1916 5384 se
1947 5332 2146 5394 ferme,

584 5422 674 5478 sed
713 5424 765 5477 in
817 5424 1122 5478 novissimis
1161 5426 1490 5494 temporibus
1530 5426 1848 5479 incarnatus
1882 5425 2148 5481 excitatus

584 5521 682 5575 est,
717 5522 774 5573 et.
819 5515 1072 5576 contrivit
1103 5529 1288 5568 omnes
1319 5531 1406 5584 qui
1439 5524 1671 5570 nuerunt
1713 5532 1809 5570 nos
1857 5518 2146 5580 ιίαειιιοιιρε,

584 5621 688 5659 non
735 5605 844 5673 jam
890 5607 1024 5658 ultra
1069 5607 1410 5676 longanimis-
1443 5618 1494 5662 et
1549 5611 1838 5661 dormiens.
1886 5609 2053 5662 Porro
2095 5610 2144 5661 in

583 5697 741 5750 domo
789 5697 955 5751 David
1000 5701 1259 5752 excitatus
1293 5709 1403 5762 est,
1435 5702 1532 5754 hoc
1575 5712 1692 5766 est,
1732 5705 1782 5753 in
1824 5701 2096 5756 Bethleem
2129 5721 2140 5754 :

581 5785 686 5840 iili'.‘
722 5791 861 5842 enim
897 5799 1052 5843 natus
1082 5800 1179 5844 est.
1229 5790 1495 5844 Bethleem
1544 5804 1723 5846 autem
1769 5795 1935 5858 patria
1983 5792 2146 5845 David

583 5889 722 5943 erat,
771 5881 905 5935 sicut
930 5881 1089 5936 locuti
1140 5883 1355 5936 fuerunt
1402 5884 1687 5951 [impii-1w.
1757 5887 1955 5939 Omnes
2003 5888 2143 5938 enim

2263 4695 2672 4755 πιστεύσαντες.
2701 4693 2926 4758 Ἱίγειρε
2957 4693 3013 4746 δὲ
3043 4695 3210 4760 κέρας
3246 4696 3544 4764 σωτηρίας,
3579 4698 3842 4757 τουτέστι,

2259 4783 2490 4854 δύναμιν
2532 4784 2625 4836 καὶ
2675 4783 2954 4853 βασιλείαν
2997 4786 3266 4855 σωτήριον
3295 4802 3308 4816 ·
3361 4787 3422 4840 τὸ
3467 4788 3575 4858 γὰρ
3614 4789 3782 4859 κέρας
3812 4790 3838 4838 ἲ

2258 4875 2494 4944 δύναμιν
2544 4876 2834 4945 σημαίνει·
2867 4876 2934 4930 τὰ
2979 4877 3087 4948 γὰρ
3135 4877 3455 4947 κερασφόρα
3498 4879 3614 4943 ζῶα
3649 4882 3708 4932 ἐν
3736 4883 3842 4944 τοίς

2263 4969 2458 5037 κέρασι
2494 4967 2589 5038 τὴν
2639 4968 2868 5035 δύναμιν
2919 4969 3154 5038 ἔχουσιν,
3189 4971 3219 5036 ἢ
3257 4970 3536 5039 βασιλείαν
3565 4990 3577 5001 ·
3625 4973 3704 5041 τῷ
3743 4973 3844 5042 γὰρ

2262 5060 2452 5130 κέρατι
2509 5063 2752 5129 ἐχρίοντο
2800 5063 2847 5112 oi
2893 5061 3155 5128 βασιλεῖς.
3226 5061 3286 5113 '0
3326 5058 3420 5115 οὖν
3467 5063 3710 5134 Χριστὸς
3760 5064 3842 5117 καὶ

2258 5151 2488 5221 δύναμίς
2539 5157 2653 5205 ἐστι
2692 5153 2787 5205 καὶ
2844 5152 3089 5222 βασιλεία
3136 5152 3232 5206 τοῦ
3271 5153 3522 5225 Πατρός·
3575 5155 3840 5226 ἐξηγέρίη

2257 5246 2349 5300 οὖν
2383 5251 2515 5318 ἡμῖν
2551 5249 2717 5317 κέρας
2774 5250 3045 5316 σωτηρίας
3079 5250 3104 5300 6
3159 5248 3414 5316 Χριστός.
3474 5248 3681 5301 Ἐδόκει
3733 5247 3833 5316 γὰρ

2263 5341 2564 5395 ὑπνώττεγθ
2592 5384 2604 5404 ,
2646 5342 3135 5410 παραὸλεπόμενος
3167 5339 3264 5403 τὰς
3303 5341 3501 5402 πολλὰς
3539 5341 3833 5411 ἁμαρτίας.

2258 5434 2353 5486 καὶ
2411 5432 2808 5502 μακροθυμῶν,
2830 5433 2922 5485 ἐπὶ
2955 5435 3022 5502 τῇ
3059 5432 3421 5502 είδωλομανὲᾳ
3449 5447 3461 5461 ’
3497 5432 3619 5484 ἀλλ’
3652 5434 3710 5484 ὲν
3737 5433 3835 5492 τοις

2255 5525 2507 5592 ἐσχάτοις
2541 5524 2844 5591 σαρκωθεὶς
2874 5527 3105 5593 καιροῖς,
3134 5523 3405 5592 ἐξηγέρθη
3435 5525 3528 5576 καὶ
3552 5521 3832 5592 συνέτριψι

2257 5618 2461 5677 πάντας
2491 5617 2614 5679 τοὺς
2649 5616 2939 5684 μισοῦντας
2967 5618 3113 5686 ἡμᾶς
3141 5617 3421 5685 δαίμονας.
3463 5617 3680 5685 Μηκέτι
3713 5618 3801 5668 ἀνα

2259 5707 2521 5774 σχόμενος
2572 5706 2774 5758 ύπνοῦν
2811 5708 2904 5759 καὶ
2957 5709 3328 5777 μακροθυμεῖν
3355 5722 3366 5733 ·
3420 5708 3478 5759 ἐν
3515 5708 3593 5776 τῷ
3623 5709 3749 5774 οἴκῳ
3777 5704 3826 5756 δὲ

2257 5799 2419 5850 Δαϐὶδ
2470 5797 2738 5869 ἐξηγέρθη
2768 5840 2780 5859 ,
2828 5802 3104 5852 τουτέστιν
3157 5800 3212 5850 ἐν
3263 5797 3534 5870 Βηθλεέμ,
3574 5802 3689 5851 ἐκεῖ
3730 5800 3826 5864 γὰρ

2257 5889 2516 5956 ἐγεννήθη
2551 5906 2560 5915 ·
2622 5891 2652 5958 ἡ
2683 5889 2733 5943 δὲ
2766 5889 3032 5960 Βηθλεὲμ,
3071 5889 3285 5950 παντως
3322 5888 3478 5952 πόλις
3525 5888 3617 5941 τοῦ
3655 5885 3821 5944 Δαειό,
