4022 6554
219 458 319 527 ’121

934 450 1385 519 ENARRATlO
1426 448 1511 510 IN
1548 447 2056 512 EVANGELIUM
2090 447 2330 509 LUC/'8.
2375 473 2444 483 -
2475 446 2636 508 CAP.
2674 445 2760 506 ΙῙ.

3396 437 3506 502 ’122

222 570 437 639 ηθεὲςις
480 566 813 639 ἀνθρώπων·
841 565 957 635 ἅμα
998 564 1055 617 δὲ
1101 565 1194 616 καὶ
1233 562 1319 615 ἵνα
1378 560 1693 624 ἀξιόπιστος
1731 560 1815 629 εἴη

1945 559 2195 615 :xcellens
2224 559 2381 613 alios.
2408 558 2591 613 Latuit
2640 565 2821 612 autem
2863 555 2913 609 in
2947 553 3199 619 desertis,
3224 553 3397 608 donec
3423 552 3507 604 vl-

226 663 436 734 μέλλων
484 661 615 733 περὶ
658 657 900 730 Χριστοῦ
950 657 1271 727 κηρύττειν,
1306 650 1395 707 οἷα
1432 652 1496 722 δὴ
1543 652 1813 723 ὲρημίτης

1945 666 2039 703 ,um
2074 650 2175 705 fuit
2207 651 2317 706 Deo
2360 650 2729 705 Israelitarum
2768 647 2964 717 populo
3014 645 3163 702 illum
3208 642 3506 699 ostenden-

225 759 321 809 κεῖ
371 756 513 827 ὑπὲρ
558 756 684 816 τοὺς
736 750 967 811 πολλοὺς
1011 748 1085 803 ὥν
1117 766 1130 777 ο
1172 746 1476 817 ἐκρύπτετο
1510 746 1567 799 δὲ
1598 746 1655 797 ἐν
1691 747 1810 807 ταῖς
1920 741 2044 796 dum
2080 756 2219 797 esse.

228 848 461 916 δρὴμοις
488 844 646 915 ἄχρις
671 839 732 899 οὗ
782 843 1078 912 εὐδόκησεν
1108 843 1135 894 6
1178 839 1309 901 Θεὸς
1333 838 1610 905 ἀναδεῖξαι
1650 838 1813 892 αὑτὸν

226 938 307 1008 τῷ
348 936 655 1009 Ἰσραηλίτῃ
699 935 833 1007 λαῷ.

160 1050 163 1053 ’
829 1050 1084 1104 ΚΕΦΑΛ.
1124 1047 1201 1100 B'.

2439 1051 2602 1123 235
2626 1047 2856 1105 CAPUT
2906 1047 2971 1101 ιι.

232 1164 373 1230 Περὶ
411 1162 911 1243 τῇςιξ-ποτροξΰῆς.
946 1163 1086 1243 Περί
1138 1162 1243 1216 τοῦ
1289 1160 1676 1243 ς-ῆςιΜίιρἸας
1720 1177 1817 1213 τοο

1945 1169 1996 1224 De
2047 1167 2427 1243 conscriptiouf
2486 1164 2647 1243 albis.
2699 1161 2772 1214 De
2822 1158 3096 1243 puerperio
3154 1150 3523 1243 Μαςςαξᾈρε·

306 1229 505 1286 κετοῦ.
547 1229 701 1301 Usin
738 1229 856 1286 τῶν
910 1231 1233 1300 ποιμένων.
1286 1233 1425 1301 Περὶ
1478 1229 1815 1301 Συμεῶνος.

308 1302 449 1368 Περὶ
491 1300 715 1369 Ἀνκης
754 1301 863 1368 τῆς
894 1302 1283 1369 προφήτιδος.
1310 1300 1448 1370 Περὶ
1494 1300 1694 1369 Ἰησοῦ
1722 1303 1820 1355 εὐ-

306 1372 596 1441 ρεθέντος
622 1374 692 1425 ἐν
717 1372 884 1441 μέσῳ
907 1371 1026 1425 τῶν
1046 1372 1457 1425 διδασκάλων.
1728 1448 1733 1453 ἱ

316 1506 335 1538 ε
386 1486 634 1553 Ἐγένετο
668 1485 724 1537 δὲ
774 1488 832 1537 ὲν
880 1488 1001 1547 ταῖς
1038 1485 1276 1554 ἡμέραις
1319 1488 1578 1551 ἐκείναις,
1630 1486 1820 1555 ἐξῆλθε

236 1581 418 1647 δόγμα
472 1580 622 1649 παρά
683 1577 957 1647 Καίσαρος
1023 1578 1338 1645 Αὐγούστου
1404 1575 1821 1647 ἀπογράφεσθαι

236 1674 427 1724 πᾶσαν
478 1670 575 1738 τὴν
605 1670 965 1737 οἰκουμένην·
1009 1667 1149 1736 αὕτη
1182 1670 1215 1737 ἡ
1276 1669 1595 1755 ἀπογραφὴ,
1631 1666 1820 1737 πρώτη

238 1762 461 1826 ἐγένετο
498 1761 926 1828 ἡγεμονεύοντος
961 1759 1058 1828 τῆς
1111 1759 1311 1828 Συρίας
1354 1758 1630 1829 Κυρηνίου
1656 1774 1668 1787 ·
1724 1758 1820 1811 καὶ

238 1850 569 1921 ἐπορεύοντο
603 1850 803 1913 πάντες
857 1850 1279 1919 ἀπογράφεσθαι
1329 1851 1559 1913 ἕκαστος
1600 1853 1682 1911 εἰς
1724 1848 1823 1919 τὴν

1994 1223 2319 1307 pastoribus.
2372 1234 2449 1289 De
2478 1233 2782 1307 fSymeone.
2821 1223 2896 1283 De
2940 1223 3091 1282 Anna
3152 1223 3506 1295 prophetissa.

1996 1304 2072 1364 De
2095 1308 2221 1362 Jesu
2253 1306 2608 1375 reperlointer
2631 1304 2905 1356 doctores.

1998 1490 2162 1543 Vens.
2194 1487 2311 1540 1-7.
2339 1484 2590 1537 «Factum
2617 1491 2700 1536 est
2723 1488 2902 1533 autem
2932 1478 2984 1531 in
3004 1474 3197 1530 diebus
3223 1471 3347 1536 illis,
3382 1470 3517 1525 exiit

1925 1584 2199 1637 decretum
2220 1593 2245 1629 ιι
2263 1575 2479 1629 Caesare
2501 1574 2743 1642 Augusto
2762 1580 2817 1623 ut
2843 1574 3157 1623 censeretur
3183 1571 3328 1618 totus
3342 1560 3511 1616 orbis.

1926 1675 2052 1729 Περ
2106 1669 2398 1738 descriptio
2455 1666 2626 1735 prima
2690 1663 2831 1715 facta
2898 1670 2986 1715 est
3041 1656 3273 1729 praeside
3346 1652 3516 1724 Syriae

1926 1768 2162 1836 Cyrene.
2189 1760 2257 1815 Et
2304 1762 2456 1815 ibant
2488 1764 2778 1811 omnesut
2807 1754 3223 1822 proﬁterentur,
3262 1748 3312 1799 in
3361 1758 3516 1799 suam

1930 1859 2159 1927 quisque
2209 1854 2509 1909 civitatem.
2566 1846 2824 1902 Ascendit
2887 1853 3071 1898 autem
3125 1851 3178 1896 et
3226 1838 3429 1907 Just‘pll
3491 1850 3518 1888 τι

244 1943 383 1995 ἰδίαν
416 1941 593 1993 πόλιν.
634 1940 834 2009 Ἀνέϐη
885 1940 942 1993 δὲ
991 1943 1086 1993 καὶ⁵
1136 1941 1337 2011 Ἰωσὴφ
1366 1941 1475 1993 ἀπὸ
1503 1941 1605 2010 τῆς
1661 1939 1822 1992 Γαλι-

1945 1947 2147 2003 }a|il:ea
2177 1947 2241 1998 de
2278 1943 2500 1998 civitate
2552 1938 2825 1991 Nazareth
2864 1937 2917 1987 in
2948 1933 3214 1993 Judaeum,
3238 1931 3289 1983 in
3324 1927 3519 1982 civita-

239 2036 401 2097 λαίας
463 2036 526 2085 ἐκ
588 2034 794 2097 πόλεως
843 2032 1119 2101 Ναζαρὲτ,
1154 2034 1231 2093 είς
1279 2033 1378 2100 τὴν
1430 2032 1707 2097 Ἰουδαίαν,
1744 2034 1826 2095 είς

243 2125 403 2178 πόλιν
434 2126 617 2187 Δαυῒδ,
653 2126 774 2195 ἣτις
840 2126 1088 2178 καλεῖται
1141 2126 1409 2195 Βηθλεὲμ,
1444 2126 1530 2177 διὰ
1584 2128 1643 2179 τὸ
1687 2122 1826 2179 εἶναι

242 2220 410 2271 αὑτὸν
459 2216 517 2283 ἐξ
554 2216 705 2271 οἴκου
747 2218 841 2270 καὶ
884 2220 1122 2287 πατριᾶς
1179 2217 1365 2281 Δαυῒδ,
1398 2218 1827 2289 ἀπογράψασθαι

244 2312 347 2365 σὺν
379 2310 623 2379 Μαριὰμ
647 2313 713 2380 τῇ
749 2312 1210 2381 μεμνηστευμένῃ
1238 2309 1387 2379 αὐτῷ
1407 2311 1647 2379 γυναικὶ,
1691 2310 1830 2383 οῦσῃ

242 2404 467 2472 ιγκύῳ·
504 2402 721 2468 ὶγένετο
757 2403 814 2455 δὲ
850 2405 907 2456 ἒν
960 2402 1039 2473 τῷ
1084 2398 1223 2454 εἶναι
1258 2403 1457 2465 αὐτοὺς
1494 2406 1629 2465 ἐκεῖ,
1666 2402 1831 2471 ὲπλήο

244 2495 423 2564 θησαν
462 2493 516 2544 αἱ
550 2494 758 2562 ἡμέραι
804 2490 900 2544 τοῦ
943 2494 1123 2544 τεκεῖν
1168 2491 1340 2561 αύτήν
1376 2508 1390 2521 ο
1415 2493 1507 2544 καὶ
1539 2492 1689 2546 ἔτεκε
1740 2492 1830 2545 τὸν

244 2585 376 2638 Υἱὸν
410 2584 578 2651 αὐτῆς
607 2582 699 2635 τὸν
742 2583 1111 2653 πρωτότοκον.
1148 2584 1240 2635 καὶ
1277 2584 1705 2654 ἐσπαργάνωσεν
1734 2584 1832 2636 αύ-

244 2678 342 2729 τζν
373 2677 467 2727 κο.)⁸
497 2675 783 2727 ἀνέκλινεν
812 2674 975 2727 αὐτὸν
1008 2676 1067 2726 ὲν
1094 2677 1160 2745 τῇ
1196 2674 1371 2745 φάτνῃ
1396 2692 1407 2703 ·
1442 2676 1578 2728 διότι
1614 2676 1713 2729 οὐκ
1762 2671 1831 2746 ἦν

246 2768 435 2829 αὐτοῖς
471 2766 630 2828 τόπος
666 2767 817 2833 ἐντῷ
842 2767 1187 2834 καταλύματι
1208 2807 1219 2820 .
1265 2788 1282 2818 ι
1314 2769 1412 2819 Διά
1441 2767 1599 2820 τοῦτο
1621 2768 1832 2835 γίνεται

245 2860 571 2929 ἀπογραφὴ,
611 2858 695 2911 ἵνα
745 2859 965 2910 πάντων
1023 2856 1286 2925 ἐλθόντων
1342 2860 1421 2921 είς
1476 2859 1575 2921 τὰς
1625 2859 1833 2922 οἰκείας

248 2953 537 3020 ⁸ιεςμτρίδας.
576 2948 777 3022 ἀνέλθῃ
811 2951 903 3002 καὶ
935 2950 969 3014 ἡ
992 2949 1275 3019 Παρθένος
1306 2950 1384 3013 είς
1414 2950 1514 3019 τὴν
1545 2949 1816 3025 Βηθλεὲμ,

245 3044 327 3107 ὡς
384 3044 590 3097 οἰκείαν
635 3043 897 3112 πατρίδα,
948 3042 1041 3095 καὶ
1074 3040 1218 3094 οὕτω
1262 3041 1427 3113 τεχθῇ
1472 3044 1499 3095 6
1545 3042 1746 3112 Κύριος
1777 3044 1835 3097 ὲν

247 3140 521 3207 Βηθλεὲμ,
579 3138 671 3191 καὶ
718 3138 976 3206 πληρωθῇ
1010 3139 1043 3204 ἡ
1075 3137 1415 3205 προφητεία’
1450 3136 1557 3189 ἔδει
1602 3136 1657 3189 δὲ
1696 3136 1833 3191 Θεοῦ

245 3230 368 3292 ἑνὸς
406 3228 695 3297 μέλλεπθτος
732 3227 940 3282 παῦσαι
982 3226 1081 3296 τὴν
1134 3226 1445 3291 πολυθεῖαν,
1486 3227 1580 3279 καὶ
1606 3226 1700 3281 ἕνα
1740 3228 1837 3298 βα·

247 3286 417 3373 σιλέα
480 3286 779 3389 κρατῆσαι,
824 3319 915 3370 τὸν
972 3286 1266 3388 Κάίσαρσ.⁸
1328 3286 1833 3388 ἀπο-γράφεταιιδὲ
1864 3286 1909 3348 c

243 3412 400 3467 καὶὸ
442 3412 678 3483 Χριστὸς
717 3412 853 3481 μετά
887 3411 1131 3476 πάντων,
1170 3410 1275 3463 ἔδει
1320 3409 1430 3481 γὰρ
1472 3410 1569 3462 καὶ
1601 3412 1694 3463 τὸν
1724 3410 1835 3462 Κύ-

250 3524 395 3577 ριον,
450 3509 517 3576 τῇ
557 3506 853 3579 οἰκουμένῃ
910 3504 1432 3573 συναπογραφῆναι,
1486 3504 1574 3557 ἵνα
1630 3504 1832 3576 ἁγιάσῃ

245 3598 381 3660 τοὺς
414 3597 930 3668 ἀπογραφομένους,
968 3597 1066 3649 καὶ
1093 3598 1421 3667 καταργήσῃ
1447 3594 1547 3666 τὴν
1566 3596 1833 3650 δουλείαν·

243 3688 441 3757 ὥσπερ
470 3688 578 3759 γὰρ
614 3706 677 3740 πε
689 3688 996 3758 ριτμηθεὶς,
1028 3688 1349 3758 κατήργησε
1384 3686 1482 3757 τὴν
1508 3688 1835 3758 περιτομὴν,

246 3780 436 3843 οὕτως
485 3780 830 3849 ἀποστραφεὶς
864 3778 937 3841 ὡς
968 3779 1175 3841 δοῦλος,
1209 3780 1529 3848 κατὴργησε
1576 3777 1675 3849 τὴν
1720 3779 1839 3831 δου-

246 3872 404 3925 λείαν
429 3873 529 3940 τῆς
552 3871 772 3939 φύσεως
811 3871 989 3941 ἡμῶν.
1026 3871 1141 3923 Οὐκ
1196 3871 1276 3923 ἔτι
1322 3872 1433 3942 γὰρ
1464 3870 1640 3925 δοῦλοί
1702 3871 1839 3923 είσιν

246 3960 577 4029 ἀνθρώπων,
635 3962 684 4011 0!
730 3960 807 4029 τῷ
856 3958 1045 4029 Κυρίῳ
1078 3960 1443 4024 δουλεύοντες,
1478 3960 1553 4022 ὠς
1593 3962 1621 4013 6
1679 3960 1841 4011 ’Λπό-

249 4051 441 4114 στολος
510 4051 659 4119 λέγει
696 4067 708 4080 ·
774 4070 791 4102 ι
854 4051 946 4121 Μὴ
988 4050 1205 4119 γίνεσθε
1229 4051 1405 4104 δοῦλοι
1428 4049 1734 4121 ἀνθρώπων
1767 4066 1781 4080 ’
1814 4069 1833 4101 ι

245 4143 366 4199 ἀλλ’
396 4144 444 4195 εί
502 4144 597 4197 καὶ
630 4141 705 4211 τῷ
745 4140 960 4212 σώματι
994 4142 1198 4206 δοῦλοι,
1237 4142 1509 4211 ἐλεύθεροι
1562 4140 1640 4212 τῷ
1672 4141 1839 4195 πνεύ-

250 4252 413 4307 ματι,
448 4236 521 4303 μὴ
551 4236 617 4304 τῇ
650 4234 877 4305 ἀσεϐείᾳ
910 4234 1018 4287 τῶν
1045 4234 1323 4286 δεσποτῶν
1364 4234 1827 4303 συναπαγόμενοι.

249 4326 607 4396 Πρωτότοκον
660 4326 717 4379 δὲ
776 4326 902 4380 Υίὸν
956 4327 1208 4396 ὠνόμασε
1268 4327 1369 4395 τῆς
1411 4326 1693 4395 Παρθένου
1750 4327 1843 4379 τὸν

247 4418 483 4489 Κύριον,
528 4418 706 4471 καίτοι
747 4418 821 4489 μὴ
860 4418 1117 4490 δευτέρου
1167 4419 1312 4482 τινὸς
1358 4418 1667 4489 τεχθέντος,
1697 4418 1843 4472 εἰκό-

244 4527 394 4573 τωςο
439 4512 787 4581 πρωτότοκος
844 4511 955 4581 γὰρ
1011 4512 1256 4580 λέγεται,
1286 4513 1313 4564 6
1362 4513 1579 4581 πρῶτος
1630 4510 1844 4583 τεχθεὶς

1934 2053 2041 2097 tem
2092 2038 2282 2101 David,
2313 2050 2432 2106 qua:
2462 2040 2687 2087 vocatur
2730 2028 3035 2089 Bethleem,
3096 2039 3159 2079 eo
3185 2025 3331 2093 quod
3377 2028 3522 2075 esset

1932 2136 1999 2188 de
2038 2132 2202 2187 domo
2239 2140 2291 2183 et
2325 2127 2525 2181 familia
2559 2123 2748 2187 David,
2786 2132 2843 2176 ut
2875 2119 3225 2190 proﬁteretur
3256 2130 3378 2169 cum
3410 2111 3523 2165 Ma-

1930 2225 2011 2281 ria
2050 2227 2377 2292 desponsata
2414 2218 2513 2273 sibi
2545 2230 2734 2279 uxore,
2763 2228 2883 2284 quae
2908 2220 3027 2268 erat
3072 2220 3380 2279 praegnans.
3418 2206 3521 2258 Ac.

1934 2315 2065 2373 cidit
2092 2325 2293 2375 autem.
2320 2327 2442 2366 cum
2487 2318 2669 2365 essent
2700 2308 2795 2371 ibi,
2835 2304 3090 2375 completi
3116 2310 3241 2359 sunt
3269 2299 3387 2353 dics
3421 2312 3522 2367 pa-

1935 2410 2145 2475 riendi;
2178 2407 2455 2477 etpeperit
2476 2404 2671 2458 Filium
2691 2416 2851 2457 suum
2880 2395 3328 2470 primogenitum,
3350 2406 3412 2446 ac
3446 2388 3523 2441 l'a-

1936 2504 2065 2559 sciis
2083 2517 2204 2557 eum
2227 2498 2450 2555 involvit
2474 2496 2864 2562 reclinavitque
2881 2507 3002 2546 eum
3030 2490 3080 2543 in
3104 2488 3355 2558 praesepi,
3378 2482 3522 2553 quod

1936 2611 2040 2651 non
2077 2603 2221 2649 esset
2244 2593 2323 2647 eis
2366 2591 2515 2645 locus
2543 2590 2595 2643 in
2616 2588 2976 2643 diversorio.»
3012 2582 3302 2651 Propterea
3342 2579 3399 2633 (lt
3428 2578 3523 2632 de-

1935 2688 2185 2758 scriptio,
2205 2699 2281 2749 ιιι,
2311 2702 2434 2742 cum
2460 2699 2649 2740 omnes
2680 2684 2734 2737 in
2755 2698 2881 2737 suas
2906 2680 3113 2750 patrias
3143 2676 3307 2741 irent,
3335 2687 3528 2728 ascen--

1938 2785 2091 2837 deret
2118 2792 2170 2835 et
2207 2779 2369 2846 Virgo
2408 2782 2459 2831 in
2494 2776 2789 2839 Bethleem,
2845 2788 2965 2842 quae
3010 2771 3126 2841 ejus
3174 2769 3346 2838 patria
3385 2770 3525 2829 erat,

1938 2884 2365 2941 nascereturque
2405 2872 2484 2925 sic
2554 2868 2814 2923 Dominus
2866 2868 2919 2919 in
2968 2863 3287 2917 Betltlcliem
3350 2860 3415 2934 ξ’.
3462 2872 3527 2911 ac

1939 2966 2257 3035 impleretur
2290 2962 2590 3033 prophetia.
2628 2960 2863 3014 Decebat
2896 2966 3075 3012 autem
3109 2965 3185 3019 ιιι,
3216 2968 3340 3008 eum
3382 2950 3529 3004 Deus

1940 3072 2083 3112 unus
2113 3056 2409 3111 multorum
2446 3054 2672 3109 deorum
2716 3051 2887 3107 cultui
2919 3050 3079 3104 linem
3112 3057 3262 3102 esset
3294 3042 3522 3113 imposi-

1942 3158 2117 3211 turus,
2146 3162 2288 3201 unus
2337 3145 2501 3200 etiam
2558 3160 2675 3210 rex,
2712 3158 2903 3212 nempe
2961 3141 3163 3205 Casar,
3198 3140 3519 3207 imperaret.

1942 3240 2115 3294 Porro
2162 3239 2416 3294 Christus
2442 3252 2563 3292 cum
2598 3236 2853 3291 omnibus
2908 3235 3260 3289 describitur.
3296 3230 3531 3301 Oportet
3574 3256 3575 3259 η

1942 3333 2087 3387 enim
2139 3332 2305 3385 etiam
2361 3331 2649 3386 Dominum
2700 3344 2824 3385 eum
2877 3336 2989 3383 toto
3026 3328 3159 3381 orbe
3206 3323 3440 3387 censeri,
3476 3328 3529 3375 ut

1940 3425 2314 3479 sanctiﬁcaret
2369 3438 2462 3478 eos
2509 3423 2602 3492 qui
2657 3431 2977 3486 censentur,
3011 3419 3365 3486 aboleretque
3408 3430 3528 3469 ser-

1942 3516 2168 3568 vitutem
2192 3534 2204 3569 :
2226 3513 2484 3583 quoniam
2507 3514 2649 3567 sient
2672 3511 3028 3566 circumcisus
3048 3506 3528 3563 circumcisionem

1941 3608 2178 3663 abolevit
2206 3607 2271 3671 “,
2302 3609 2374 3662 ita
2413 3607 2718 3674 descriptus
2749 3606 2893 3661 sicut
2952 3618 3168 3665 servus,
3204 3601 3529 3657 servitutem

1942 3710 2153 3755 naturae
2174 3710 2375 3755 nostra:
2408 3698 2664 3754 abolevit.
2703 3698 2822 3753 Non
2866 3698 3012 3755 enim
3048 3696 3189 3751 ultra
3222 3703 3351 3749 sunt
3386 3693 3530 3747 servi

1942 3793 2248 3855 hominum,
2282 3793 2373 3862 qui
2435 3792 2663 3847 Domino
2724 3792 3001 3855 serviunt,
3052 3791 3196 3845 sicut
3238 3787 3532 3857 Apostolus

1946 3884 2075 3939 dicit
2103 3903 2113 3937 :
2158 3902 2174 3935 ι
2198 3882 2376 3939 Nolite
2396 3884 2510 3939 ﬁeri
2538 3885 2679 3940 servi
2698 3883 2983 3938 hominum
3006 3884 3049 3915 ”
3082 3902 3095 3935 :
3128 3901 3147 3935 ι
3188 3882 3282 3937 sed
3313 3879 3531 3935 tametsi

1944 3990 2171 4044 corpore
2217 3975 2389 4030 sinms
2448 3976 2612 4042 servi,
2650 3976 2843 4045 spiritu
2905 3986 3083 4030 tamen
3124 3989 3312 4030 sumus
3356 3972 3531 4037 liberi,

1946 4082 2121 4136 neque
2176 4082 2299 4122 eum
2352 4068 2631 4138 impietate
2689 4068 3032 4125 dominorum
3113 4067 3275 4122 simul
3310 4066 3535 4120 abduci-

1946 4172 2087 4211 mur.
2148 4157 2571 4227 Primogenitunt
2621 4173 2749 4213 vero
2796 4158 2993 4213 Filium
3050 4158 3351 4213 nominavit
3409 4157 3532 4212 Vir-

1944 4250 2089 4320 ginis
2152 4249 2464 4317 Dominum,
2526 4253 2775 4317 quamvis
2832 4252 3042 4307 nullum
3095 4253 3395 4307 secundum
3443 4267 3539 4321 pe-

1946 4341 2109 4411 perit.
2167 4340 2332 4411 quue
2386 4344 2602 4400 merito.
2648 4343 3052 4414 Primogenitus
3112 4345 3260 4400 enim
3314 4345 3532 4409 dicitur,

1945 4432 2037 4500 qui
2070 4433 2278 4500 primus
2312 4442 2471 4487 natus
2500 4447 2603 4497 est,
2641 4436 2855 4489 etiamsi
2890 4450 2996 4489 non
3051 4446 3311 4491 nascatur
3345 4446 3532 4505 postea

1947 4527 2239 4579 secumlus.
2272 4525 2328 4578 ln
2354 4530 2677 4597 prmsepium
2726 4538 2905 4583 autem
2938 4529 3259 4593 reclinatur,
3297 4529 3444 4583 forte
3476 4539 3537 4582 ut

249 4602 359 4657 κᾶν
413 4602 489 4673 μὴ
528 4601 781 4673 δεύτερος
812 4603 1112 4673 ἔπετέχθη·
1153 4606 1209 4656 ὲν
1239 4605 1420 4675 φάτνῃ
1472 4603 1529 4656 δὲ
1577 4604 1835 4657 κατακλί-

1949 4618 2131 4671 statim
2174 4618 2241 4670 ab
2306 4617 2463 4673 initio
2512 4618 2636 4672 vitae
2680 4618 3045 4689 frugalitatem
3103 4636 3199 4677 nos
3268 4621 3533 4677 doceret:

248 4707 427 4753 νεται,
460 4692 602 4761 τάχα
635 4692 734 4761 μὲν
782 4692 876 4745 καὶ
904 4692 1186 4746 εὐτέλειαν
1238 4695 1386 4763 ἡμᾶς
1421 4692 1482 4757 ἐξ
1513 4694 1687 4764 ἀρχῆς
1713 4711 1842 4747 παι.-

247 4784 428 4837 δεύων
468 4798 483 4813 ⁸
530 4783 671 4854 τάχα
733 4783 789 4837 δὲ
842 4785 936 4837 καὶ
996 4786 1339 4856 συμϐολικῶς
1384 4787 1647 4841 δεικνύων
1682 4827 1697 4851 ,
1750 4789 1833 4840 ὅτι

248 4874 571 4944 ἐπεδήμησε
616 4874 693 4945 τῷ
744 4876 935 4945 κόσμῳ
964 4875 1161 4948 τούτῳ,
1202 4876 1354 4947 τόπῳ
1389 4877 1505 4930 ὄντι
1546 4870 1703 4948 ἡμῶν
1734 4878 1843 4933 τῶν

245 4969 367 5027 τοῖς
422 4966 642 5034 ἀλόγοις
688 4968 947 5037 κτήνεσιν
1000 4968 1383 5039 όμοιωθέντων
1404 4986 1419 5001 σ
1448 4969 1640 5041 ὥσπερ
1674 4970 1842 5043 γάρὴ

247 5058 432 5126 φάτνῃ
451 5058 563 5110 τῶν
586 5058 798 5127 ἀλόγων
828 5062 1030 5124 οἰκεῖος
1055 5062 1243 5126 τόπος,
1278 5060 1425 5115 οὕτω
1456 5062 1553 5119 καὶ
1576 5063 1603 5115 6
1638 5064 1839 5133 κόσμος

246 5146 410 5213 οὗτος
432 5151 591 5220 ἡμῶν
624 5168 635 5179 ·
662 5150 812 5207 ἔστιν
861 5148 955 5207 οὖν
992 5155 1024 5224 ἡ
1057 5154 1257 5223 φάτνη,
1300 5154 1327 5205 6
1358 5154 1565 5225 κόσμος
1597 5171 1611 5185 ·
1648 5157 1835 5224 ἡμεῖς,

244 5244 318 5297 τὰ
340 5242 512 5310 ἄλογα
540 5261 556 5276 ο
588 5245 674 5298 ἵνα
698 5245 755 5299 δὲ
788 5248 933 5317 ἡμᾶς
955 5246 1305 5318 λυτρώσηται
1336 5248 1435 5317 τῆς
1462 5246 1710 5316 ἀλογίας,
1744 5249 1837 5302 διὰ

246 5335 410 5388 τοῦτο
438 5335 669 5390 ἐνταῦθα
708 5340 1066 5407 παρεγένετο.

330 5444 351 5477 ε
394 5428 505 5480 Καὶ
538 5430 796 5499 ποιμένες
824 5426 965 5502 ἦσαν
994 5434 1052 5483 ὲν
1095 5434 1161 5502 τῇ
1193 5432 1346 5503 χώρᾳ
1367 5437 1433 5505 τῇ
1467 5435 1602 5505 αὐτῇ
1630 5436 1839 5505 ἀγραυ-

246 5518 495 5582 λοῦντες,
529 5521 622 5573 καὶ
662 5522 1031 5589 φυλάσσοντες
1076 5523 1325 5590 φυλακὰς
1377 5526 1476 5595 τῆς
1505 5527 1699 5589 νυκτὸς
1744 5527 1837 5580 ἐπὶ

244 5611 351 5679 τὴν
388 5610 628 5680 ποίμνην
678 5612 877 5674 αὐτῶν,
912 5615 1005 5667 καὶ
1057 5615 1167 5668 ίδοὺ
1213 5616 1445 5684 ἄγγελος
1481 5619 1687 5687 Κυρίου
1735 5622 1834 5672 ἑπ-

238 5700 379 5772 ἐστη
413 5704 597 5767 αὐτοῖς
631 5721 645 5733 ι
677 5707 771 5759 καὶ
796 5706 921 5773 δόξα
960 5707 1165 5779 Κυρίου
1195 5710 1568 5780 περιέλαμψεν
1598 5712 1796 5776 αὐτούς
1818 5729 1833 5743 ο

324 5879 369 5911 ⁸³
413 5877 579 5934 Μιςιι.
618 5894 668 5944 v,
701 5880 755 5933 ἓ.
836 5883 878 5914 ιι
921 5883 1102 5939 Galat.
1140 5904 1193 5951 v,
1247 5888 1301 5941 5.
1385 5890 1426 5920 ¹⁸
1462 5889 1479 5943 l
1528 5890 1654 5944 Cor.
1704 5903 1799 5957 vn,
1835 5891 1926 5948 εδ.

1950 4706 2089 4763 forte
2115 4708 2279 4761 etiam
2310 4710 2543 4777 quodam
2583 4709 2831 4781 symbolo
2856 4712 3154 4766 declaravit
3194 4714 3338 4782 quod
3383 4728 3541 4781 pere.-

1948 4798 2196 4867 grinatus
2231 4799 2303 4853 sit
2362 4801 2413 4854 in
2451 4801 2554 4855 hoc
2590 4802 2809 4868 mundo,
2848 4803 2941 4872 qui
2986 4803 3138 4859 locus
3192 4814 3382 4859 noster
3428 4814 3535 4869 est,

1948 4890 2039 4956 qui
2064 4890 2235 4943 brutis
2270 4890 2638 4947 animantibus
2657 4895 2956 4962 comparati
2977 4910 3187 4950 sumus.
3207 4894 3360 4951 Sicut
3389 4896 3537 4949 enim

1949 4994 2191 5050 praesepe
2219 4982 2467 5051 proprius
2481 4984 2764 5039 hrutorum
2794 4985 2945 5043 locus
2976 4997 3079 5054 est,
3104 4987 3175 5042 ita
3199 4987 3359 5043 nobis
3382 4988 3539 5041 locus

1949 5075 2210 5144 proprius
2243 5086 2327 5131 est
2373 5078 2646 5142 mundus;
2676 5082 2912 5135 mundus
2949 5081 3134 5150 itaque
3163 5095 3406 5150 praesepe
3435 5092 3539 5146 est,

1950 5182 2047 5220 nos
2073 5180 2202 5220 vero
2225 5169 2416 5222 bruta:
2454 5177 2709 5225 utautem
2734 5186 2831 5226 nos
2882 5174 3219 5229 redimereta
3254 5176 3538 5228 brutorum

1952 5272 2115 5310 sensu
2136 5266 2191 5311 et
2212 5258 2715 5328 irrationabilitate,
2742 5273 3031 5333 propterea
3066 5276 3119 5320 et
3153 5265 3267 5335 ipse
3298 5264 3387 5320 tali
3421 5266 3541 5319 loco

1952 5348 2053 5402 fuit
2079 5350 2396 5407 reclinatus.

2027 5441 2189 5497 Vsus.
2216 5443 2367 5498 8-H.
2410 5464 2429 5496 ι
2455 5445 2520 5501 Ει
2550 5457 2797 5516 pastores
2830 5459 2989 5504 erant
3014 5450 3064 5503 iu
3098 5452 3313 5522 regione
3346 5450 3535 5505 eadem

1948 5533 2297 5599 rusticantes,
2354 5547 2409 5589 et
2458 5538 2795 5595 excubantes
2855 5542 3115 5595 excubias
3166 5550 3323 5595 nocte
3379 5556 3539 5609 super

1946 5637 2165 5693 gregem
2208 5640 2365 5680 suum
2405 5637 2499 5684 :et
2528 5644 2657 5685 ecce
2676 5632 2902 5701 angelus
2930 5632 3144 5688 Domini
3198 5634 3368 5689 astitit
3405 5633 3531 5695 illis,

1944 5726 2001 5771 et
2036 5718 2261 5776 claritas
2304 5721 2521 5780 Domini
2551 5724 2915 5783 circumlulsit
2944 5727 3083 5794 illos,
3121 5737 3175 5783 et
3236 5729 3535 5783 timuerunt
