4022 6482
575 384 678 442 723

1484 384 2045 448 THEOPHYLACTI
2091 389 2498 449 BULGARLE
2539 389 2890 449 ARCHIEP.

3713 384 3813 448 ’ἵΞί

570 498 766 554 timore
795 512 1003 566 magno.
1042 498 1104 552 Et
1137 499 1269 552 dixit
1307 499 1409 554 illis
1438 502 1697 573 angelus:
1735 505 1815 558 Ne
1857 506 2127 558 timcatis:

2251 509 2338 561 καὶ
2376 509 2726 579 ἐφοῦήθησαν
2763 509 2925 575 φόόον
2967 507 3145 576 μέγαν
3180 523 3192 536 ·
3228 506 3322 559 καὶ
3360 502 3513 559 εἶπεν
3567 507 3751 568 αὐτοῖς
3788 511 3812 559 ὁ

567 610 692 650 ecce
719 597 859 650 enim
890 597 1151 650 annuntio
1189 599 1343 653 vobis
1369 601 1618 669 gaudium
1657 602 1824 672 286
1859 618 2130 671 maguum,

567 687 708 753 quod
740 683 979 737 futurum
1007 696 1088 740 est
1127 689 1220 742 toti
1258 691 1470 759 populo,
1521 692 1641 758 quia
1669 703 1826 746 natus
1868 702 1949 746 est
1983 695 2133 747 vobis

569 778 726 831 hodie
769 777 1050 843 Servator,
1083 781 1172 848 qui
1206 789 1289 834 est
1325 782 1574 836 Christus
1606 783 1884 850 Dominus,
1915 786 1964 839 in
2001 786 2132 839 civi—

567 878 676 920 tate
725 866 912 923 David.
950 869 1014 922 Et
1068 870 1166 922 hoc
1221 873 1371 925 vobis
1413 874 1626 942 signum
1663 893 1673 926 :
1716 875 2005 930 Invenietis
2054 877 2132 928 iu-

567 960 767 1013 fantem
828 961 1007 1015 fasciis
1038 962 1364 1026 involutum,
1394 965 1630 1032 positum
1675 967 1728 1018 in
1779 969 2023 1035 przesepi.
2068 966 2131 1019 Et

563 1053 741 1104 subito
773 1052 908 1104 facta
939 1062 1158 1106 estcum
1191 1055 1383 1124 angelo
1444 1056 1728 1110 multitudo
1770 1058 1981 1111 militia:
2013 1073 2131 1112 c03-

565 1142 716 1196 lcstis
748 1141 1082 1196 laudantium
1127 1145 1317 1208 Deum,
1357 1159 1415 1199 ac
1463 1146 1760 1201 dicentium
1803 1167 1814 1200 :
1850 1148 2030 1202 Gloria
2078 1151 2129 1203 in

567 1233 846 1287 altissimis
879 1234 1007 1300 Deo,
1042 1245 1096 1288 et
1143 1235 1192 1288 in
1229 1245 1368 1289 terra
1411 1252 1536 1306 pax,
1573 1238 1622 1290 in
1653 1240 1966 1294 hominibus
1992 1240 2127 1293 bona

569 1327 840 1380 voluntas.
881 1346 900 1376 ι
934 1327 1179 1379 Pastores
1222 1337 1374 1380 erant
1404 1329 1753 1394 rusticantes,
1790 1331 1892 1386 hoc
1930 1342 2011 1384 est
2049 1331 2132 1384 vel

570 1419 822 1470 rusticam
875 1428 1093 1486 agentes
1134 1419 1319 1483 vitam,
1345 1420 1427 1474 vel
1472 1421 1523 1473 in
1566 1436 1694 1490 agro
1718 1423 2050 1477 stabulantes
2080 1430 2133 1476 et

571 1519 887 1562 versantes:
945 1508 1136 1577 quibus
1187 1520 1406 1579 apparet
1439 1512 1681 1582 angelus,
1737 1524 1955 1582 propter
1997 1515 2126 1568 sim-

567 1600 857 1660 plicitatem
889 1609 943 1653 et
991 1602 1353 1656 innocentiam
1385 1619 1591 1658 morum
1617 1617 1672 1657 et
1703 1608 1841 1672 quod
1862 1605 2130 1672 justorum

572 1693 730 1745 vitam
782 1693 977 1746 imitari
1018 1695 1323 1748 videantur.
1364 1694 1570 1749 Etenim
1603 1698 1760 1765 prisci
1809 1700 2128 1764 patriarchae

570 1796 813 1848 pastores
849 1795 1024 1852 erant,
1068 1796 1125 1840 ut
1172 1784 1336 1841 Jacob
1376 1789 1438 1852 ",
1478 1788 1673 1850 Moses,
1727 1789 1913 1842 David.
1950 1790 2132 1855 Neque

2246 601 2492 668 ἄγγελος
2517 599 2874 669 Μηφοϐεῖσθε
2906 616 2920 630 ⁶
2972 600 3080 652 ίδοῦ
3108 599 3216 670 γὰρ
3241 598 3666 676 εὐαγγελίζομαι
3689 599 3812 665 ὑμῖν

2246 693 2419 760 χαρὰν
2449 692 2711 760 μεγάλην,
2741 693 2859 759 ἥτις
2895 692 3046 742 ἔσται
3082 692 3242 741 παντὶ
3284 691 3359 758 τῷ
3393 688 3530 755 λαῷ,
3567 689 3650 739 ὅτι
3701 686 3812 738 ὲτέ-

2248 783 2351 851 χθη
2383 783 2510 852 ύμῖν
2538 783 2777 852 σήμερον
2808 782 3017 851 Σωτὴρ,
3049 785 3106 843 ὃς
3143 785 3259 832 ἐστι
3296 781 3533 852 Χριστὸς
3584 779 3810 847 Κύριος,

2244 878 2300 926 ἐν
2335 874 2482 926 πόλει
2512 874 2693 925 Δαϐίδ’
2719 871 2986 923 καὶτοῦτο
3013 873 3140 940 ὑμῖν
3160 872 3220 923 τὸ
3251 874 3492 939 σημεῖον·
3537 871 3810 939 Εύρήσετε

2247 962 2447 1031 βρέφος
2493 962 3010 1032 ἐσπαργανωμένον,
3067 961 3317 1029 κείμενον
3360 962 3414 1013 ὲν
3470 963 3535 1028 τῇ
3589 963 3762 1027 φάτνῃ
3797 975 3808 988 ·

2243 1057 2338 1109 καὶ
2387 1055 2644 1124 ἐξαίφνης
2677 1055 2893 1121 ἐγένετο
2925 1055 3020 1105 σὺν
3054 1053 3130 1121 τῷ
3163 1052 3378 1121 ἀγγέλῳ
3414 1052 3616 1119 πλῆθος
3657 1068 3814 1120 στρα-

2245 1151 2366 1207 τιᾶς
2426 1148 2702 1218 οὐρανίου,
2734 1146 3029 1199 αἰνούντων
3081 1146 3172 1195 τὸν
3204 1145 3333 1196 Θεὸν
3366 1146 3460 1196 καὶ
3507 1144 3774 1210 λεγόντων
3801 1161 3814 1174 ·

2246 1243 2379 1306 Δῦξα
2425 1244 2478 1294 ἐν
2509 1240 2752 1307 ὑψίστοις
2783 1237 2902 1307 Θεῷ
2935 1252 2951 1267 ⁸
2985 1237 3079 1291 καὶ
3113 1238 3203 1288 ἐπὶ
3250 1237 3350 1303 γῆς
3379 1236 3596 1304 εἰρήνη,
3625 1236 3682 1285 ὲν
3728 1235 3816 1287 ἀνο

2245 1331 2484 1401 θρώποις
2543 1330 2779 1382 εὐδοκία.
2829 1347 2847 1381 ι
2888 1328 3154 1396 Ποιμὲνες
3201 1323 3338 1394 ἦσαν
3392 1324 3813 1396 ἀγραυλοῦντες.

2245 1423 2538 1484 τουτέστιν,
2587 1419 2876 1490 ἀγροτικδν
2925 1418 3219 1479 αὐλοῦντες
3255 1458 3269 1480 ,
3322 1419 3354 1487 ἢ
3403 1419 3461 1467 ἐν
3536 1417 3616 1485 τῷ
3665 1412 3816 1484 ἀγρῷ

2244 1514 2584 1582 αὐλιζόμενοι
2614 1514 2706 1565 καὶ
2739 1512 3018 1577 διάγοντες
3077 1528 3090 1539 ·
3132 1510 3476 1576 ὶπιςραίνεται
3507 1509 3562 1559 δὲ
3607 1507 3816 1567 τούτοις

2244 1607 2271 1658 ὁ
2303 1604 2550 1674 ἅγγελος,
2579 1604 2664 1656 διὰ
2710 1604 2768 1654 τδ
2800 1602 3072 1654 ἄπλαστον
3120 1599 3213 1652 τοῦ
3258 1599 3419 1668 ⁴Ιτιθους
3456 1597 3553 1649 νεὶ
3590 1597 3814 1649 ἄκακον.

2247 1698 2404 1752 Ἐπεὶ
2434 1698 2536 1764 καὶξ
2560 1694 2660 1764 τὴν
2703 1693 2809 1745 τῶν
2843 1693 3070 1746 δικαίων
3104 1692 3378 1744 πολιτείαν
3418 1690 3701 1756 φαίνονται
3735 1705 3817 1754 μι-

2247 1788 2503 1856 μούμενοι
2536 1803 2546 1813 ·
2577 1786 2669 1838 καὶ
2695 1783 2802 1853 γὰρ
2827 1785 2874 1834 oi
2911 1782 3149 1843 παλαιοὶ,
3196 1779 3486 1847 ποιμένες,
3543 1779 3593 1828 οί
3623 1791 3814 1843 πατρι-

571 1882 620 1931 iu
660 1877 957 1933 Jerusalem
1013 1881 1260 1950 apparuit
1313 1880 1602 1936 Pharisaais
1645 1883 1727 1937 vel
1781 1884 2007 1946 Scribis,
2041 1885 2129 1953 qui

2251 1878 2424 1947 ἀρχαι,
2459 1873 2674 1933 Ἰακὼϐ,
2694 1871 2920 1940 Μωσῆς,
2946 1870 3126 1923 Δαὸἱδ.
3152 1871 3225 1922 Ού
3245 1869 3350 1939 γὰρ
3381 1870 3436 1919 ἐν
3467 1866 3816 1935 Ἰερουσαλὴμ

568 1971 747 2025 omnis
809 1973 1020 2025 malitia:
1074 1973 1412 2042 receptacula
1461 1982 1634 2027 erant.
1668 1975 1745 2028 Illi
1781 1985 1958 2029 autem
2011 1990 2132 2029 cum

570 2064 845 2131 simplices
893 2073 1096 2127 essent,
1127 2064 1325 2118 divinis
1380 2066 1702 2134 spectaculis
1748 2068 1901 2135 potiti
1960 2077 2130 2120 sunt:

573 2166 908 2208 monstrante
933 2157 1063 2219 Deo,
1085 2159 1222 2222 quod
1241 2156 1420 2209 statim
1438 2157 1505 2210 ah
1525 2156 1675 2210 initio
1697 2172 1790 2210 eos
1810 2156 2137 2225 agrestiores

574 2262 681 2314 prae
719 2247 838 2301 aliis
899 2248 1137 2316 elegerit,
1187 2263 1565 2317 prmconesque
1612 2248 1820 2303 fecerit.
1880 2249 2138 2302 Abierunt

577 2339 743 2401 eiiim,
773 2347 825 2392 et
881 2339 948 2391 de
1006 2341 1256 2393 omnibus
1303 2339 1408 2393 illis
1469 2340 1854 2408 praedicarunt.
1902 2340 2136 2408 Angelus

575 2445 702 2482 vero
728 2444 976 2495 magnum
1010 2428 1112 2483 illis
1137 2429 1386 2497 gaudium
1411 2429 1974 2499 evangelizavit,quod
2013 2429 2136 2491 erit,

574 2517 770 2587 inquit,
803 2519 947 2570 omni
974 2518 1189 2585 populo,
1219 2519 1308 2588 qui
1354 2520 1569 2588 proprie
1606 2517 1832 2586 populus
1875 2516 1986 2568 Dei.
2026 2516 2136 2568 Non

575 2609 717 2662 enim
761 2623 950 2661 omnes
1007 2607 1178 2663 Judwi
1215 2611 1444 2679 populus
1475 2607 1751 2663 Dei.Nam
1795 2618 1849 2661 et
1899 2608 2139 2661 omnium

577 2700 850 2752 hominum
876 2699 1073 2766 p0pulo
1101 2700 1405 2753 iucarnatio
1448 2699 1540 2752 Dei
1579 2699 1714 2750 facta
1744 2706 1826 2750 est
1862 2697 2134 2766 gaudium.

578 2791 717 2856 Quid
762 2801 938 2843 autem
974 2791 1201 2860 hymnus
1243 2790 1553 2859 angelorum
1587 2788 1856 2843 declarat?
1882 2786 1976 2839 Vel
2025 2802 2141 2840 om-

576 2881 704 2933 nino
735 2881 1027 2950 gratiarnm
1057 2882 1327 2934 actionem
1378 2895 1731 2949 supernorum
1780 2879 2135 2939 exercituum,

578 2985 630 3028 et
649 2975 922 3042 gaudium,
947 2989 1010 3027 eo
1047 2975 1188 3042 quod
1224 2974 1421 3027 terreni
1449 2971 1711 3026 beneficia
1769 2978 1916 3024 tanta
1947 2983 2140 3024 conse-

576 3079 824 3132 quamur.
854 3062 1034 3117 Gloria
1085 3065 1226 3118 enim
1284 3065 1412 3122 Deo.
1464 3062 1698 3116 dicunt:
1751 3076 1914 3130 super
1942 3070 2140 3115 terram

577 3167 760 3208 autem
777 3169 879 3223 pax
915 3170 1056 3209 nunc
1089 3155 1224 3209 facta
1254 3166 1338 3209 est
1369 3174 1382 3218 ;
1411 3163 1465 3209 ct
1523 3169 1645 3207 cum
1706 3153 1856 3220 prius
1907 3155 2140 3204 humana

580 3255 768 3299 natura
806 3245 1017 3299 inimica
1061 3245 1222 3299 fuerit
1257 3245 1387 3309 Deo,
1416 3261 1554 3298 nunc
1611 3245 1682 3297 ita
1714 3242 1998 3297 conciliata
2038 3253 2140 3304 est,

580 3347 637 3390 ut
672 3346 726 3391 et
761 3335 870 3390 Deo
923 3338 1178 3406 adjunma
1206 3337 1296 3401 sit,
1337 3347 1389 3390 et
1436 3339 1714 3391 iucarnato
1777 3336 1950 3388 unita.
1989 3335 2145 3390 Vides

580 3433 740 3502 igitur
775 3445 963 3499 pacem
1008 3430 1100 3484 Dei
1144 3445 1264 3484 cum
1329 3429 1580 3483 homine?
1609 3428 1673 3481 Et
1726 3427 1884 3483 aliter
1931 3441 2144 3496 quoque

581 3524 898 3592 intelligitur
941 3544 951 3576 ε
988 3540 1086 3594 pax
1135 3535 1216 3578 est
1276 3525 1386 3594 ipse
1429 3523 1594 3578 Filius
1646 3510 1760 3578 Dei.
1810 3523 1918 3594 Ego
1976 3525 2142 3586 enim,

583 3618 780 3686 inquit,
834 3616 967 3670 Pax.
1013 3616 1115 3669 lsta
1168 3617 1330 3685 igitur
1391 3631 1514 3686 pax,
1543 3614 1710 3669 Filius
1756 3615 1871 3677 Dei,
1907 3617 2143 3682 inquam,

583 3723 744 3776 super
778 3718 979 3760 terram
1032 3708 1167 3762 facta
1200 3719 1302 3762 est.
1347 3707 1412 3760 Et
1456 3709 1508 3760 in
1544 3707 1849 3760 hominibus
1875 3707 2014 3759 bona
2063 3720 2148 3758 vo-

587 3803 768 3854 luntas
795 3801 836 3830 "
870 3819 881 3854 :
909 3800 1005 3853 hoc
1033 3807 1135 3861 est,
1162 3798 1254 3852 Dei
1285 3799 1516 3867 requies.
1565 3798 1846 3866 Requievit
1874 3800 2015 3850 enim
2037 3798 2150 3852 sive

587 3891 913 3946 refocillatus
946 3899 1028 3945 est
1051 3905 1192 3944 nunc
1222 3900 1276 3945 et
1320 3891 1454 3944 bene
1485 3890 1696 3943 habitus
1726 3888 1776 3942 in
1803 3890 2144 3944 hominibus:

488 4041 491 4046 η
589 3999 708 4036 nam
741 3984 892 4051 prius
933 3980 1146 4050 quidem
1177 3995 1281 4035 non
1316 3981 1415 4034 sibi
1449 3981 1790 4050 complacuit,
1820 3997 1916 4035 nec
1953 3981 2147 4034 bonum

595 4076 846 4130 af‘ectum
881 4075 1063 4130 habuit
1088 4076 1138 4127 in
1163 4075 1490 4129 hominibus.

670 4250 834 4305 Vens.
889 4248 1071 4307 15-20.
1111 4271 1128 4302 ι
1196 4252 1256 4305 Et
1299 4251 1492 4306 factum
1553 4262 1653 4317 est,
1682 4263 1739 4306 ut
1786 4253 2154 4309 discesserunt

596 4345 663 4396 ab
691 4344 770 4396 eis
797 4343 969 4411 angeli
1000 4343 1049 4395 in
1076 4343 1290 4408 coelum,
1317 4343 1559 4400 homines
1585 4355 1826 4413 pastores
1860 4344 2156 4413 loqueban-

596 4443 681 4486 tur
715 4433 855 4486 inter
896 4446 1014 4487 sese
1043 4449 1054 4484 :
1079 4431 1443 4488 Transeamus
1487 4434 1593 4502 iam
1625 4435 1899 4490 Bethleem
1962 4450 2154 4505 usque,

2243 3343 2298 3394 δὲ
2360 3341 2610 3394 τοσοῦτον
2678 3338 3029 3408 κατηλλάγη.

2243 3435 2320 3503 τῷ
2377 3432 2532 3502 Θεῷ,
2597 3430 2695 3486 καὶ
2762 3429 2944 3500 ἡνὼθη
3019 3427 3170 3498 αὐτῷ
3241 3425 3599 3497 σαρκωθὲντις
3663 3423 3819 3496 ὀρίς

2244 1969 2487 2037 ἐπεφάνη
2524 1965 2836 2034 Φαρισαίοις
2892 1964 2923 2032 ἢ
2968 1963 3396 2033 Γραμματεῦσι·
3454 1961 3635 2030 πάσης
3708 1958 3810 2026 γὰρ

2245 2061 2507 2136 ποιηρίας
2560 2059 2740 2126 δοχεῖα
2795 2058 3022 2108 ἐκεῖνον
3075 2047 3221 2106 οῦτοι
3274 2052 3328 2105 δὲ
3393 2052 3573 2104 ἄδολοι
3643 2050 3811 2113 ιντες,

2243 2153 2403 2205 θείων
2448 2144 2734 2220 θεαμάτων
2772 2149 3081 2217 ἠξιώθησαν
3116 2164 3126 2176 ·
3173 2144 3482 2205 δεικνύντος
3522 2142 3618 2195 τοῦ
3660 2139 3811 2207 Θεοῦ,

2244 2250 2324 2300 ὅτι
2366 2247 2489 2308 τοὺς
2533 2244 2951 2314 ἀγροικοτέρους
2980 2241 3086 2294 τῶν
3114 2241 3317 2304 ἄλλων,
3352 2239 3511 2300 εὐθὺς
3545 2237 3605 2301 ἐξ
3646 2236 3812 2306 ἀρχῆς

2245 2336 2527 2404 ἐξελέξατο
2551 2341 2644 2387 καὶ
2692 2337 2942 2403 κήρυκας
2978 2333 3235 2398 ἐποίησεν
3265 2348 3278 2361 ·
3326 2329 3662 2391 ἀπελθόντες
3710 2328 3812 2395 γὰρ

2245 2429 2516 2498 ἐκήρυξαν
2549 2428 2674 2494 περὶ
2729 2427 2944 2478 πάντων
2993 2423 3197 2476 τούτων
3232 2439 3247 2454 ·
3275 2422 3668 2492 εὐηγγελίσατο
3711 2421 3761 2472 δὲ
3787 2421 3814 2474 6

2246 2521 2472 2588 ἄγγελος
2505 2519 2678 2588 χαρὰν
2706 2517 2969 2587 μεγάλην,
2995 2516 3116 2583 ἣτις
3152 2513 3322 2576 ἔσται,
3359 2513 3514 2584 φησὶ,
3552 2513 3715 2565 παντὶ
3741 2510 3812 2582 τῷ

2246 2614 2380 2682 λαῷ,
2412 2611 2489 2678 τῷ
2521 2609 2722 2679 κυρίως
2769 2608 2883 2674 λαῷ
2930 2607 3024 2659 τοῦ
3070 2604 3206 2658 Θεοῦ
3232 2622 3244 2634 ·
3287 2606 3347 2656 ού
3390 2607 3593 2666 πάντες
3622 2605 3729 2672 γὰρ
3767 2605 3811 2657 oi

2262 2703 2529 2764 Ἰουδαῖοι,
2575 2702 2699 2762 λαὸς
2746 2700 2839 2752 τοῦ
2883 2697 3040 2750 Θεοῦ.
3094 2697 3253 2750 Ἀλλὰ
3289 2696 3383 2748 καὶ
3409 2694 3576 2747 παντὶ
3607 2693 3686 2763 τῷ
3715 2693 3812 2746 τῶν

2251 2794 2550 2865 ἀνθρώπων
2582 2792 2695 2860 λαῷ
2737 2791 2878 2859 χαρὰ
2905 2789 3121 2856 ἐγένετο
3170 2789 3204 2857 ἡ
3238 2788 3508 2856 σάρκωσις
3539 2787 3634 2838 τοῦ
3663 2785 3811 2838 Θεοῦ.

2249 2889 2312 2942 Τί
2351 2888 2406 2940 δὲ
2431 2887 2580 2956 δηλοῐ
2597 2887 2624 2936 ό
2650 2884 2814 2953 ὕμνος
2841 2882 2947 2934 τῶν
2971 2881 3218 2949 ἀγγέλων
3237 2900 3250 2946 ;
3272 2882 3342 2932 Ἢ
3365 2880 3576 2940 πάντως
3605 2879 3817 2946 εύχιρι.

2252 2979 2403 3031 στίαν
2434 2979 2542 3029 τῶν
2563 2977 2675 3030 ἀνω
2723 2975 3018 3043 ταγμάτων
3049 2974 3143 3026 καὶ
3178 2973 3374 3042 χαρὰν,
3401 2970 3538 3022 διότι
3589 2971 3817 3040 εὐηργε-

2249 3069 2494 3138 τήθημεν
2517 3069 2565 3120 οἱ
2600 3069 2691 3118 ἐπὶ
2746 3066 2841 3134 τῆς
2878 3066 2999 3133 γῆς.
3034 3063 3172 3127 Δόξα
3203 3064 3312 3134 γὰρ
3347 3063 3424 3131 τῷ
3450 3061 3594 3131 Θεῷ,
3630 3061 3811 3129 φασιν,

2252 3164 2343 3214 ἐπὶ
2373 3161 2475 3228 γῆς
2499 3161 2606 3228 γὰρ
2646 3160 2839 3226 εἰρήνη
2876 3157 2971 3209 νῦν
3007 3157 3196 3224 γέγονε
3228 3173 3242 3187 ·
3277 3153 3467 3224 πρώην
3501 3153 3605 3222 μὲν
3633 3153 3740 3220 γὰρ
3790 3151 3818 3220 η

2249 3252 2562 3323 ἀνθρωπίνη
2616 3249 2776 3318 φύσις
2839 3247 3038 3319 ἐχθραν
3099 3241 3212 3315 εἶχε
3285 3245 3419 3314 πρὸς
3475 3242 3657 3296 Θεόν·
3705 3242 3818 3293 νυνὶ

3103 3338 3240 3389 ὥστε
3320 3337 3414 3388 καὶ
3473 3333 3819 3403 omnem

2245 3526 2336 3579 οῦν
2394 3525 2616 3595 εἰρήνην
2671 3522 2764 3574 τοῦ
2809 3519 2944 3574 Θεοῦ
2996 3520 3130 3590 πρὸς
3184 3521 3273 3572 τὸν
3319 3519 3654 3589 ἄνθρωπον;
3716 3514 3820 3572 Καὶ

2248 3615 2419 3676 ἄλλως
2453 3615 2507 3665 δὲ
2553 3614 2871 3680 νοηθὴσεται
2912 3629 2925 3643 ·
2961 3613 3164 3682 Εἰρήνη
3215 3612 3362 3662 ἐστὶν
3413 3611 3577 3671 αὐτὸς
3636 3610 3665 3660 ὀ
3699 3607 3818 3670 Tib;

2247 3707 2340 3761 τοῦ
2373 3705 2545 3759 Θεοῦ’
2573 3706 2714 3769 Ἐγὼ
2770 3705 2898 3772 γὰρ,
2948 3703 3132 3773 φησιν,
3185 3703 3218 3771 ἡ
3259 3703 3449 3773 εἰρήνη
3478 3716 3491 3730 ·
3541 3701 3681 3770 αῦτη
3734 3693 3821 3754 οὖν

2250 3801 2281 3868 ὴ
2340 3798 2548 3868 εἰρήνη,
2580 3800 2608 3850 ὁ
2663 3798 2785 3860 Υίδς
2843 3796 2934 3848 τοῦ
2975 3794 3134 3858 Θεοῦ,
3187 3794 3280 3846 ἐπὶ
3326 3796 3428 3862 γῆς
3480 3797 3692 3860 γέγονε,
3735 3793 3822 3845 καὶ

2250 3893 2307 3944 ὲν
2339 3895 2450 3953 τοῖς
2493 3890 2797 3960 ἀνθρώποις
2849 3888 3084 3952 εὐδοκία,
3128 3886 3403 3940 τουτέστιν
3451 3888 3822 3945 ἐπαναπαυσις

2249 3983 2341 4035 τοῦ
2377 3982 2508 4035 Θεοῦ
2532 4024 2544 4044 ,
2583 3980 2930 4050 ὲπανεπαύθη
2979 3979 3088 4049 γὰρ
3127 3980 3155 4030 ὁ
3200 3978 3331 4040 Θεὸς
3373 3976 3468 4029 νῦν
3511 3979 3607 4029 καὶ
3637 3977 3820 4045 εὑηρε-

2254 4073 2424 4144 στήθη
2449 4075 2507 4125 ὲν
2533 4075 2644 4134 τοῖς
2685 4071 3016 4140 ἀνθρώποις,
3041 4069 3098 4133 δς
3129 4069 3318 4140 πρώην
3336 4085 3421 4136 γει
3455 4068 3557 4120 οὒκ
3586 4067 3818 4136 ηὑδόκει.

2255 4162 2376 4214 οὐδὲ
2409 4163 2676 4230 ἠρέσκετο
2704 4163 2761 4213 ὲν
2792 4165 2902 4221 τοῖς
2926 4161 3254 4230 ἀνθρώποις.

2332 4275 2349 4306 ι
2384 4256 2492 4309 Καὶ
2527 4255 2741 4320 ἐγένετο
2775 4254 2848 4316 ὼς
2894 4255 3137 4322 ἀπῆλθον
3180 4254 3274 4306 ἀπ’
3297 4253 3478 4306 αὐτῶν
3508 4256 3558 4306 οἱ
3605 4253 3821 4321 ἄγγελοι

2257 4349 2334 4410 είς
2356 4349 2446 4398 τὸν
2469 4345 2714 4415 οὐρανὸν,
2774 4346 2866 4398 καὶ
2891 4348 2937 4398 oi
2970 4346 3247 4416 ἂνθρωποι
3291 4349 3338 4398 οί
3373 4349 3632 4418 ποιμένες
3680 4343 3825 4400 εἶπον

2258 4435 2391 4504 πρὸς
2420 4436 2698 4505 ἀλλήλους.
2735 4436 3039 4506 Διέλθωμεν
3069 4437 3133 4506 δὴ
3171 4437 3274 4498 ἕως
3298 4437 3569 4508 Βηθλεὲμ,
3589 4440 3683 4492 καὶ
3714 4438 3823 4491 ῑδω-

593 4533 648 4579 et
677 4523 956 4578 videamus
989 4525 1088 4577 hoc
1113 4526 1252 4592 quod
1289 4526 1506 4588 accidit,
1539 4529 1678 4595 quod
1728 4527 1982 4582 Dominus
2025 4542 2141 4596 aper

2263 4543 2360 4596 μεν
2388 4526 2445 4578 τὸ
2479 4527 2630 4596 ῥῆμα
2664 4525 2819 4579 τοῦτο
2847 4529 2906 4580 τὸ
2927 4528 3213 4595 γεγονὸ;,ὂ
3238 4530 3264 4580 ὀ
3300 4529 3501 4598 Κύριος
3537 4529 3825 4600 ἐγνώρισεν

598 4618 707 4670 ruit
744 4617 918 4670 nobis.
972 4618 1034 4668 Et
1062 4627 1318 4672 venerunt
1371 4617 1704 4682 festinantes,
1737 4630 1789 4672 et
1838 4621 2155 4674 invenerunt

601 4708 825 4762 Mariam
859 4719 913 4762 et
940 4708 1157 4778 Ioseph,
1191 4721 1244 4764 et
1273 4709 1530 4764 infantem
1559 4713 1791 4780 positum
1820 4712 2150 4780 in.prtesepi.

597 4801 729 4856 Cum
764 4801 1023 4857 vidissent
1052 4812 1246 4869 autem,
1283 4805 1692 4873 divulgaveruut
1728 4804 1796 4858 de
1829 4806 1989 4861 verbo
2014 4806 2154 4875 quod

600 4895 804 4948 dictttm
829 4903 947 4947 erat
982 4894 1112 4962 ipsis
1139 4895 1202 4949 de
1237 4909 1401 4962 puero
1433 4896 1536 4948 hoc
1569 4912 1581 4946 :
1625 4904 1678 4948 et
1716 4909 1903 4950 omnes
1930 4897 2020 4965 qui
2056 4913 2154 4950 au-

598 4987 833 5044 dierunt,
870 4987 1046 5038 mirati
1092 4994 1214 5039 sunt
1263 4987 1327 5040 de
1361 4988 1440 5040 his
1475 5002 1591 5055 qua:
1619 4987 1758 5040 dicta
1793 4997 1948 5041 erant
1973 5003 2000 5041 a
2065 5005 2158 5057 pa-

601 5076 838 5129 storibus
866 5076 930 5130 ad
982 5075 1150 5144 ipsos.
1196 5093 1214 5127 ι
1252 5075 1498 5131 Pastores
1532 5077 1602 5131 illi
1655 5077 1823 5146 figura
1889 5089 2012 5131 sunt
2049 5080 2159 5146 spi-

603 5165 871 5218 ritualium
956 5176 1228 5233 pastorum
1283 5175 1336 5218 et
1387 5166 1692 5234 prmsulum.
1769 5165 1992 5232 Oportet
2055 5168 2157 5236 igi-

607 5265 690 5306 tur
731 5256 1009 5324 episcopos
1035 5257 1305 5310 custodire
1335 5273 1544 5327 gregem
1572 5274 1750 5321 suum,
1779 5270 1832 5310 et
1868 5257 2160 5326 ἀγραυλεῖν

609 5346 658 5396 in
717 5359 848 5412 agro
900 5362 1117 5408 cauere,
1180 5349 1277 5400 hoc
1325 5359 1428 5413 est,
1467 5363 1660 5402 canere
1716 5348 2014 5416 spiritualia
2057 5391 2068 5407 .
2109 5358 2161 5403 et

609 5435 802 5490 docere
855 5438 1130 5505 populum,
1173 5450 1226 5492 et
1263 5440 1341 5492 sic
1391 5439 1532 5509 digni
1597 5442 1723 5493 fient
1769 5441 1844 5511 (α)
1870 5441 2165 5496 visionibus

683 5615 722 5645 ¹⁶
757 5615 888 5667 Gen.
917 5630 1077 5676 vati,
1115 5618 1166 5679 5,
1249 5619 1285 5648 ¹⁷
1325 5617 1449 5672 Luc.
1478 5633 1536 5679 ll,
1574 5618 1656 5670 l4.

2259 4620 2389 4690 ⁴Ιιμῖν
2417 4635 2430 4647 ·
2487 4619 2579 4671 καὶ
2629 4614 2790 4688 ἦλθον
2826 4620 3158 4682 σπεύσαντες
3189 4637 3202 4650 ·
3244 4620 3336 4671 καὶ
3380 4622 3609 4691 ἀνεῦρον
3644 4625 3741 4692 τήν
3771 4638 3823 4674 τε

2261 4711 2496 4780 Μαριὰμ
2527 4711 2622 4762 καὶ¹
2671 4710 2764 4763 τδν
2817 4711 3031 4780 Ἰωσὴφ,
3062 4713 3155 4763 καὶ
3213 4710 3272 4763 τὸ
3329 4710 3529 4781 βρέφος
3581 4714 3825 4783 κείμενον

2261 4804 2320 4854 ὲν
2348 4804 2412 4872 τῇ
2442 4801 2615 4872 φάτνῃ
2641 4819 2655 4832 ·
2697 4801 2899 4865 ἰδόντες
2929 4803 3006 4865 δὲ,
3033 4804 3396 4874 διεγνωρισαν
3441 4806 3568 4876 περὶ
3595 4802 3694 4859 τοῦ
3738 4807 3803 4876 si;

2266 4909 2436 4961 ματος
2467 4891 2561 4946 τοῦ
2591 4893 2916 4964 λαληθέντος
2947 4896 3132 4957 αὐτοῖς
3166 4913 3232 4947 πε
3245 4899 3296 4964 pi.
3324 4897 3418 4949 τοῦ
3447 4898 3669 4953 παιδίου
3709 4898 3826 4952 τού·

2265 5002 2355 5038 του
2377 5001 2390 5014 '
2411 4984 2502 5037 καὶ
2531 4988 2728 5049 πάντες
2767 4988 2814 5039 οἱ
2840 4986 3193 5054 ἀκούσαντες,
3234 4985 3558 5060 ἐθαύμασαν
3580 4993 3708 5061 περὶ
3729 4989 3831 5046 τῶν

2263 5076 2598 5147 λαληθέντων
2623 5076 2725 5128 ὑπὸ
2742 5077 2848 5129 τῶν
2879 5078 3155 5147 ποιμένων
3179 5078 3316 5147 πρὸς
3346 5079 3600 5144 αὐτούς.)
3628 5081 3697 5134 Ol
3718 5095 3830 5133 1m-

2267 5171 2423 5238 μένες
2464 5165 2608 5242 οὗτοι
2658 5170 2923 5240 σύμϐολόν
2978 5175 3083 5224 εἰσι
3129 5171 3238 5223 τῶν
3281 5173 3678 5242 πνευματικῶν
3727 5190 3830 5226 ποι-

2267 5261 2462 5329 μένων,
2496 5259 2604 5312 τῶν
2659 5262 2959 5330 ἀρχιερέων
2989 5275 3000 5286 ·
3034 5262 3114 5314 δεῖ
3141 5256 3232 5314 οῦν
3272 5262 3398 5324 τοὺς
3430 5263 3713 5333 ἀρχιερεῖς
3740 5278 3830 5328 φυο

2263 5349 2481 5404 λάσσειν
2509 5350 2605 5422 τὴν
2636 5352 2869 5420 ποίμνην
2886 5353 3064 5405 αὐτῶν
3083 5353 3174 5406 καὶ
3203 5352 3520 5422 ἀγραυλεῐν,
3540 5354 3828 5417 τουτέστιν,

2271 5442 2418 5510 ᾅδειν
2463 5443 2811 5512 πνευματικά
2862 5461 3006 5509 τινα,
3067 5443 3162 5496 καὶ
3203 5443 3479 5500 διδάσκειν
3533 5444 3627 5500 τὸν
3666 5443 3832 5506 λαὸν.

687 5794 763 5861 (α)
816 5794 958 5849 Edit.
1012 5795 1130 5848 Lut.
1186 5812 1286 5850 non
1343 5800 1592 5867 exprimit
1647 5800 1885 5854 Graecum
1943 5816 2124 5856 vocem

2251 5800 2616 5870 ξιωθησονται.
