4022 6550
201 437 306 504 125

916 424 1360 490 ENARRATIO
1397 423 1476 486 IN
1516 413 2018 482 EVANGELIUM
2053 410 2286 478 LUCtE.
2319 430 2384 442 ν
2426 407 2591 468 CAP.
2616 405 2702 466 II.

3384 392 3488 456 7:26

199 555 297 612 καὶ
348 553 523 617 οὕτως
596 549 994 618 ἀξιωθήσονται
1073 544 1234 598 θείων
1311 538 1601 610 θεαμάτων
1689 531 1782 586 καὶ

1913 531 2113 594 livinis,
2165 538 2219 582 et
2284 525 2675 581 auditionibus.
2718 519 3000 578 Bethleem
3056 519 3486 585 interpretamur

197 647 586 716 ἀκουσμάτων.
650 639 899 710 Βηθλεὲμ
963 638 1016 689 δὲ
1085 633 1448 706 ἑρμηνεύεται
1498 626 1645 690 οἶκος
1689 625 1781 679 τοῦ

197 741 397 809 ἄρτου·
443 737 523 798 τίς
561 735 618 787 δὲ
669 733 824 795 ἄλλος
869 731 1015 783 ἐστὶν
1068 729 1095 781 6
1147 725 1293 788 οἶκος
1349 723 1444 778 τοῦ
1507 723 1699 792 ἄρτου,
1749 718 1780 787 ῆ

201 808 247 900 ήγ
300 828 619 896 Ἐκκλησία,
660 819 779 896 ὲνῇ
821 825 846 875 ὁ
874 823 1035 890 ἄρτος
1082 821 1406 879 ἁπόκειταις
1444 816 1646 885 Ἔργον
1692 808 1786 865 06v

203 926 319 975 ἐστι
343 925 452 983 τοῖς
477 920 712 987 λογικοῖς
733 915 989 984 ποιμέσιν
1013 911 1291 982 ἐπιζητεῖν
1316 909 1568 980 οὐράνιον
1596 908 1781 978 ἄρτον·

204 1017 295 1068 καὶ
368 1014 486 1083 μεθ’
520 1013 547 1064 ὃ
601 1011 750 1063 ἴδωσι
820 1010 911 1060 τὸν
964 1007 1152 1076 ἄρτον,
1200 1004 1476 1072 ὀφείλουσι
1533 1002 1628 1054 καὶ
1676 1001 1786 1060 τοῖς

200 1108 380 1168 ἄλλοις
406 1103 692 1173 κηρύττειν
717 1118 730 1131 ο
765 1101 957 1170 ὥσπερ
987 1102 1082 1152 καὶ
1113 1100 1159 1151 οἱ
1185 1096 1443 1167 ποιμένες
1496 1094 1693 1154 ίδέντες
1729 1093 1787 1143 τδρ

203 1201 426 1269 βρέφος,
455 1197 778 1262 διελάλησαν
807 1195 901 1247 καὶ
930 1197 1040 1256 τοῖς
1072 1192 1280 1256 ἄλλοις.

279 1305 298 1336 ι
348 1285 409 1335 Ἠ
433 1285 487 1336 δὲ
505 1284 739 1353 Μαριὰμ
762 1283 937 1336 πάντα
963 1284 1247 1352 συνετήρει
1264 1281 1329 1332 τὰ
1352 1279 1573 1350 ῥήματα
1593 1275 1786 1342 ταῦτα,

204 1376 595 1444 συμϐάλλουσα
633 1377 692 1427 ὲν
733 1377 797 1445 τῇ
846 1375 1043 1445 καρδῖᾳ
1071 1373 1260 1442 αὐτῆς·
1303 1373 1397 1424 καὶ
1437 1370 1787 1438 ὑπέστρεψαν

200 1471 250 1521 οἱ
288 1468 543 1537 ποιμένες
572 1509 585 1530 ,
620 1467 937 1531 δοξάζοντες
981 1467 1075 1519 καὶ
1110 1464 1389 1526 αἰνοῦντες
1422 1462 1514 1514 τὸν
1540 1461 1672 1514 Θεὸν
1698 1461 1788 1512 ἐπὶ

205 1560 395 1619 πζσιν,
442 1553 521 1618 οἷς
564 1559 803 1625 ἥκουσαν
840 1557 931 1608 καὶ
965 1551 1126 1619 εἶδον,
1161 1555 1343 1616 καθὼς
1379 1552 1615 1622 ἐλαλήθη
1653 1553 1791 1622 1:96;

202 1649 426 1709 αὐτούς.
453 1667 470 1699 ι
510 1650 641 1700 Ποῖα
670 1649 891 1718 ῥήματα
924 1649 1207 1717 συνετήρει
1239 1652 1269 1714 ὴ
1298 1646 1599 1716 Παρθένος;
1635 1646 1791 1707 Τινὲς

206 1740 308 1807 μὲν
355 1740 600 1806 λέγουσιν
645 1743 726 1793 ὅτι
770 1742 871 1794 ὅσα
917 1742 1128 1812 εἰρήκει
1160 1742 1297 1810 αὐτῇ
1333 1740 1360 1790 6
1400 1739 1660 1806 ἄγγελος,
1699 1737 1792 1789 καλ⁸

199 1833 304 1885 ὅσα
332 1833 381 1884 οί
415 1833 668 1900 ποιμένες
691 1828 868 1895 εἷπον,
900 1835 1158 1902 ἐπετήρει
1186 1833 1292 1902 γὰρ
1319 1831 1493 1884 ταῦτα
1531 1832 1624 1882 καὶ
1667 1845 1792 1881 συν-

202 1923 433 1974 ένῖαλλεν
478 1925 534 1974 ἐν
577 1927 640 1992 τῇ
683 1924 878 1993 καρδία
922 1924 1115 1991 αὐτῆς,
1150 1923 1425 1988 τουτέστι,
1479 1921 1790 1990 συνέκρινε,

206 2016 305 2067 καὶ
337 2013 590 2084 εὕρισκεν
623 2017 686 2067 ἐκ
727 2018 939 2068 πάντων
971 2014 1096 2084 μίαν
1120 2005 1410 2083 σύμφωνον
1432 2013 1679 2083 γνώμην,
1712 2013 1792 2064 ὅτι

202 2105 341 2166 θεός
384 2107 532 2158 ὲτστιν
580 2108 606 2158 6
655 2107 778 2168 Υἱὸς
833 2106 1022 2172 αὐτῆς.
1072 2105 1229 2174 Ἐμοὶ
1275 2105 1331 2159 δὲ
1377 2106 1525 2160 δοκεῖ
1572 2108 1794 2175 ῥήματα

203 2197 442 2251 ινταῦθα
470 2198 540 2252 τὰ
570 2200 869 2268 πράγματα
899 2198 1171 2265 λέγεσθαι·
1205 2199 1347 2251 ὥστε
1380 2195 1518 2252 εἶναι
1551 2198 1609 2250 τὸ
1638 2197 1792 2265 λεγό-

205 2309 371 2360 μενον
415 2291 674 2344 τοιοῦτον
720 2294 751 2362 η
803 2293 859 2344 δὲ
904 2291 1144 2362 Μαριὰμ
1188 2293 1474 2362 συνετήρει
1515 2292 1691 2344 πάντα
1725 2292 1794 2343 τὰ

203 2383 458 2453 ῥήματα,
490 2385 606 2453 ἦτοι
637 2382 703 2436 τὰ
739 2383 1041 2453 πράγματα
1077 2383 1274 2447 ταῦτα,
1313 2382 1348 2436 ἃ.
1383 2383 1476 2437 νῦν
1509 2382 1621 2446 ἐγὼ
1654 2380 1796 2450 λέγω

203 2478 302 2528 καὶ
341 2476 478 2528 ποιῶ
507 2472 645 2528 εἶναι
685 2478 926 2546 ρήματα’
958 2478 1016 2529 τὸ
1049 2477 1154 2548 γὰρ
1191 2480 1425 2548 πρᾶγμα
1445 2478 1573 2530 ὅταν
1605 2477 1792 2547 λεχθῇ,

200 2566 416 2633 γίνεται
473 2569 646 2637 ῥῆμα·
685 2570 1030 2640 ὑπέστρεψαν
1075 2569 1131 2621 δὲ
1178 2571 1227 2621 οἱ
1265 2572 1523 2639 ποιμένες
1569 2570 1794 2638 εὐχαρι-

202 2657 464 2720 στοῦντες
486 2659 558 2727 τῷ
588 2659 706 2729 Θεῷ
731 2663 823 2713 ἐπὶ
860 2663 1029 2714 πᾶσιν
1061 2679 1074 2692 ·
1109 2662 1170 2713 οὑ
1205 2662 1312 2732 γὰρ
1349 2659 1483 2734 ἦσαν
1512 2661 1796 2732 φθονεροὶ,

202 2751 353 2800 κατᾶ
383 2750 476 2800 τοὺ
489 2768 510 2811 ;
549 2750 854 2814 Ἰουδαίους.

284 2858 303 2890 ι
346 2842 454 2894 Καὶ
496 2835 586 2894 ὅτε
632 2843 983 2914 ιπλήσθησαν
1045 2846 1250 2917 ἡμέραι
1300 2845 1444 2899 ὀκτὼ
1500 2846 1593 2899 τοῦ
1641 2862 1798 2917 περι-

197 2937 399 3002 τεμεῖν
425 2936 606 3000 αὐτὸν,
640 2939 732 2990 καὶ
766 2939 969 3010 ἐκλήθη
1005 2940 1065 2992 τὸ
1086 2941 1257 3009 ὄνομα
1275 2939 1442 2994 αὑτοῦ
1483 2941 1708 3010 Ἰησοῦς,
1741 2940 1802 2994 τὸ

203 3025 416 3095 κληθὲν
451 3027 553 3078 ὑπὸ
577 3028 669 3079 τοῦ
701 3027 934 3096 ἀγγέλου
969 3030 1074 3100 1:96
1111 3031 1204 3083 τοῦ
1237 3030 1610 3098 συλληφθῆναι
1637 3030 1801 3084 αὑτὸν

203 3123 266 3171 ἐν
296 3123 362 3190 τῇ
392 3121 591 3191 κοιλίᾳ·
623 3121 719 3173 καὶ
747 3122 833 3174 ὅτε
862 3122 1210 3192 ἐπλήσθησαν
1250 3124 1304 3174 αί
1346 3123 1546 3194 ἡμέραι
1576 3121 1668 3175 τοῦ
1699 3138 1801 3176 κα-

204 3207 488 3278 θαρισμοῦ
518 3209 698 3262 αὐτῶν
730 3211 870 3263 κατά
911 3210 1001 3264 τὸν
1030 3211 1192 3281 νόμον
1222 3213 1487 3278 Μωσέως,
1525 3212 1801 3281 ἀνήγαγον

201 3302 380 3356 αὐτὸν
400 3304 476 3364 είς
506 3303 877 3374 Ἱεροσόλυμα,
905 3308 1254 3375 παραστῆσαι
1277 3304 1353 3375 τῷ
1371 3305 1560 3376 Κυρίῳ
1586 3322 1600 3336 ·
1619 3304 1802 3370 καθὼς

205 3396 528 3464 γέγραπται
557 3398 612 3447 ὲν
643 3397 790 3465 νόμῳ
815 3391 1041 3467 Κυρίου,
1079 3398 1158 3450 ὄτι
1193 3399 1306 3451 Πᾶν
1337 3399 1504 3469 ἄρσεν
1534 3399 1806 3468 διανοῖγον

207 3488 458 3558 μήτραν,
482 3485 637 3554 ἅγιον
668 3488 744 3557 τῷ
775 3490 965 3559 Κυρίῳ
1004 3490 1358 3562 κληθήσεται,
1385 3491 1480 3544 καὶ
1500 3491 1594 3545 τοῦ
1620 3487 1805 3546 δοῦναι

203 3578 411 3632 ουσίαν
446 3580 588 3633 κατὰ
619 3580 680 3632 τὸ
726 3582 1018 3651 εἰρημένον
1062 3586 1119 3636 ἐν
1160 3585 1308 3654 νόμῳ
1352 3585 1581 3654 Κυρίου,
1613 3571 1807 3654 ζεῦγος

202 3671 520 3738 τρυγόνων,
575 3671 604 3740 ἦ
649 3671 742 3724 δύο
771 3675 1022 3736 νεοσσοὺς
1052 3677 1412 3747 περιστερῶν.
1445 3697 1463 3730 ›
1502 3676 1610 3731 Τοῦ
1641 3679 1807 3748 νόμου

200 3763 403 3825 δόντος
427 3763 670 3826 ἐντολὰς,
691 3767 738 3816 οί
761 3767 1194 3836 παραϐαίνοντες
1215 3768 1418 3834 ταύτας
1437 3771 1542 3823 61:6
1566 3771 1810 3842 κατάραν

201 3849 377 3922 ἦσαν.
415 3855 474 3907 Ὀ
504 3857 682 3909 τοίνυν
712 3857 916 3927 Κύριος
945 3861 1352 3930 περιτέμνεται,
1388 3864 1473 3917 ἵνα
1510 3866 1612 3918 κάν
1637 3866 1811 3936 τούτῳ

203 3947 522 4016 πληρώσας
553 3949 642 4002 τὸν
684 3951 847 4016 νόμον
891 3953 986 4004 καὶ
1022 3954 1188 4025 μηδὲν
1218 3955 1468 4024 έλλείψας
1505 3951 1580 4010 ὧν
1605 3958 1811 4020 ἐκεῖνος

201 4038 568 4101 ἑντέταλκεν,
615 4039 866 4108 ἐξέληται
919 4042 1066 4109 ἡμᾶς
1117 4042 1217 4112 τῆς
1263 4043 1511 4113 κατάρας
1556 4059 1566 4071 ”
1621 4045 1812 4116 ἐντρέ-

211 4147 436 4183 πωνται
462 4131 515 4184 δὲ
545 4131 796 4184 ἐντεῦθεν
828 4135 877 4186 οί
911 4133 1182 4203 λέγοντες,
1212 4137 1298 4189 ὅτι
1333 4136 1477 4190 κατὰ
1507 4139 1814 4206 φαντασίαν

202 4223 539 4294 ἐταρκώθη.
568 4225 689 4287 Πῶς
721 4226 829 4295 γὰρ
861 4228 1203 4298 περιετμήθη
1230 4267 1244 4292 ,
1272 4230 1320 4282 εί
1343 4229 1485 4283 κατὰ
1511 4232 1814 4300 φαντασίαν

202 4318 316 4369 laet
333 4313 552 4385 ρκώθη;
585 4316 870 4386 ’Λνρνητον
895 4318 950 4371 δὲ
982 4321 1077 4372 καὶ
1103 4320 1164 4372 :6
1188 4320 1462 4386 ἐξετάζειν
1485 4322 1586 4375 1:06
1610 4325 1725 4377 ἐστι
1755 4324 1814 4379 τὸ

199 4406 542 4476 ἀποτμηθὲν
588 4409 763 4461 ἐκεῖνο
799 4411 1010 4480 μόριονσ
1046 4411 1081 4466 ἃ
1115 4411 1224 4483 γὰρ
1275 4416 1307 4482 ἡ
1343 4415 1535 4485 Γραφὴ
1568 4416 1813 4469 ἀπεσιώ-

201 4517 428 4569 πησεν,
449 4503 509 4554 οὐ
532 4501 612 4554 δεῖ
631 4501 935 4571 ἐξετάζειν,
957 4506 1052 4558 καλ⁵
1086 4507 1259 4559 ταῦτα
1284 4510 1376 4560 ἐπὶ
1410 4509 1651 4580 μηδεμιᾷ
1672 4510 1815 4578 ὠφε-

1889 626 2108 680 domum
2160 620 2505 693 panis.gQu:e
2538 625 2720 672 autem
2781 613 2886 668 alia
2925 621 3010 665 est
3055 610 3250 663 domus
3301 604 3479 676 panis,

1890 736 2052 788 quam
2087 715 2353 778 Ecclesia,
2380 714 2430 766 in
2481 725 2586 782 qua
2627 707 2783 778 panis
2833 703 2997 776 287
3049 700 3321 769 repositus
3345 696 3483 751 est?

1890 811 2136 866 Ollieium
2188 811 2372 876 itaque
2398 803 2763 876 spiritualium
2800 808 3076 868 pastorum
3113 792 3300 852 fuerit,
3341 803 3486 858 qum-

1893 920 2014 959 rere
2042 917 2236 974 panem
2271 902 2576 961 caelestem,
2609 909 2769 964 quem
2813 907 2935 945 eum
2970 887 3234 951 viderint,
3284 884 3486 938 debent

1892 972 2058 1052 illum
2081 1005 2134 1048 et
2186 993 2310 1046 aliis
2344 989 2646 1060 przcdicare
2674 1003 2687 1039 :
2716 986 2859 1039 sient
2890 991 2944 1035 et
2980 990 3230 1049 pastores
3280 972 3372 1044 qui
3409 972 3489 1025 vl-

1893 1088 2394 1149 dcruntinlantem,
2426 1082 2593 1137 locuti
2623 1087 2748 1133 sunt
2781 1079 2844 1130 de
2872 1090 2937 1128 eo
2968 1085 3019 1127 ct
3054 1071 3195 1124 aliis.

1966 1275 2135 1328 Vens.
2176 1270 2261 1331 l9,
2292 1267 2385 1320 ΞΟ.
2421 1283 2438 1315 ι
2491 1262 2659 1315 Maria
2707 1267 2886 1308 autent
2922 1245 3280 1303 conservabat
3309 1237 3489 1292 omnia

1894 1367 2059 1423 verba
2101 1365 2236 1427 ba'e,
2270 1359 2560 1414 conferens
2592 1354 2645 1405 in
2678 1349 2840 1404 corde
2879 1359 2999 1399 suo.
3031 1341 3095 1395 Et
3124 1335 3329 1392 reversi
3367 1339 3494 1387 sunt

1895 1471 2144 1534 pastores
2207 1454 2581 1527 gloriﬁcantes
2643 1463 2707 1500 ac
2760 1440 3048 1495 laudantes
3113 1433 3283 1487 Deum
3331 1438 3497 1493 super

1895 1554 2151 1609 omnibus
2191 1563 2311 1619 quae
2355 1544 2644 1599 audierant
2691 1547 2744 1591 et
2780 1537 3033 1589 viderant
3067 1529 3140 1582 ita
3185 1535 3244 1579 ut
3291 1523 3494 1576 dictum

1897 1647 2072 1702 fuerat
2093 1613 2244 1712 ipsis.
2262 1660 2278 1690 ι
2309 1638 2439 1704 Quae
2459 1634 2622 1687 verba
2649 1618 3234 1702 conservabatVirgo?
3259 1613 3492 1681 Quidam

1899 1740 2088 1794 dieunt
2135 1733 2280 1804 quod
2335 1745 2396 1782 ea
2437 1742 2557 1796 quae
2605 1721 2830 1791 angelus
2877 1718 2931 1772 ei
2981 1715 3229 1773 dixerat,
3283 1718 3334 1761 ct
3373 1718 3498 1773 qua:

1899 1839 2149 1901 pastores
2187 1829 2584 1882 narraveraut,
2616 1811 2960 1872 conservarit
3004 1818 3060 1861 et
3089 1801 3382 1859 contulerit
3416 1813 3498 1850 se-

1900 1938 2046 1984 cum,
2082 1916 2462 1982 inveneritque
2493 1913 2545 1964 in
2569 1907 2824 1963 omnibus
2844 1901 3172 1958 sententiam
3197 1903 3496 1950 consonam

1900 2028 2094 2077 unam,
2141 2009 2282 2079 quod
2322 2005 2464 2059 Deus
2496 2003 2566 2056 sit
2595 1998 2765 2054 Filius
2797 2011 2949 2051 suus.
2999 1991 3131 2045 Mihi
3181 1997 3362 2042 autem
3414 1985 3497 2038 vi-

1901 2105 2100 2159 dentur
2131 2077 2292 2154 verba
2337 2097 2441 2149 hoc
2479 2093 2597 2146 loco
2626 2104 2716 2144 res
2747 2087 2829 2141 vel
2860 2092 3012 2155 gesta
3047 2080 3177 2142 dici,
3211 2088 3265 2132 ct
3290 2077 3342 2130 id
3376 2087 3496 2128 esse

1900 2199 2044 2270 quod
2067 2195 2267 2249 dicitur
2297 2187 2501 2243 :Maria
2529 2195 2708 2238 autem
2739 2174 3104 2234 conservabat
3129 2172 3309 2226 omnia
3330 2165 3498 2222 verba

1902 2258 2040 2352 iure,
2076 2285 2128 2338 id
2159 2294 2272 2343 est,
2304 2289 2454 2351 gesta
2492 2278 2606 2330 luec
2627 2287 2749 2342 qua:
2788 2283 2935 2324 nunc
2980 2281 3081 2336 ego
3113 2263 3234 2317 dico
3263 2267 3318 2314 el
3359 2258 3504 2313 facio

1901 2398 2022 2439 esse
2052 2379 2237 2435 verba.
2266 2375 2428 2430 Gesta
2458 2371 2604 2425 enim
2643 2363 2861 2434 quando
2892 2367 3210 2418 narrantur,
3244 2351 3505 2406 dicuntur

1903 2478 2089 2533 verba.
2126 2473 2296 2527 Porro
2332 2475 2582 2535 pastores
2618 2456 2825 2514 reversi
2869 2460 2999 2508 sunt
3043 2446 3246 2531 gratias
3279 2449 3504 2514 agentes

1904 2571 2012 2624 Deo
2052 2569 2104 2621 in
2133 2560 2412 2621 omnibus.
2444 2556 2634 2624 Neque
2655 2550 2798 2606 enim
2822 2554 2980 2601 erant
3015 2528 3180 2597 invidi
3215 2549 3274 2593 ut
3301 2533 3501 2591 Judaei.

1978 2842 2140 2896 Vens.
2182 2833 2376 2891 93-24.
2433 2850 2451 2882 ι
2516 2829 2581 2884 Et
2622 2835 2912 2897 postquam
2962 2813 3330 2876 consummati
3381 2819 3509 2870 ωιιι

1907 2939 2021 2990 dies
2077 2941 2201 2987 octo
2250 2937 2308 2983 ut
2358 2920 2851 2980 circumeiderctur
2900 2928 3064 2985 puer,
3120 2920 3374 2974 vocatum
3424 2913 3512 2961 est

1907 3043 2105 3086 nomen
2141 3024 2263 3095 ejus
2313 3019 2506 3084 Jesus,
2560 3011 2704 3083 quod
2748 3019 3002 3064 vocatum
3046 3012 3166 3060 erat
3201 3001 3271 3056 ab
3315 2998 3511 3070 angelo

1909 3122 2225 3191 priusquam
2263 3115 2316 3168 in
2368 3119 2526 3166 utero
2572 3105 2976 3173 conciperetur.
3029 3100 3096 3152 Et
3146 3103 3504 3164 posteaquam

1831 3245 1876 3308 Ο
1911 3186 2162 3281 completi
2201 3208 2430 3263 fuissent
2473 3201 2592 3256 dies
2618 3193 2964 3270 purgationis
2987 3206 3176 3246 eorum
3204 3186 3507 3244 secundum

2139 3301 2186 3308 --
2295 3300 2308 3308 -
2445 3296 2496 3308 --
2593 3307 2598 3308 γ
2785 3302 2899 3308 ---μ
2947 3280 3386 3308 “numina”...
3453 3284 3507 3308 ..ι

1914 3309 2085 3377 legem
2139 3300 2344 3371 Moysi,
2393 3296 2741 3353 adduxerunt
2779 3302 2902 3358 eum
2947 3280 3410 3350 Hierosolymam,
3453 3284 3514 3331 ut

1912 3400 2173 3455 sisterent
2209 3370 2332 3447 eum
2382 3387 2644 3448 Domino,
2681 3382 2823 3437 sicut
2859 3377 3124 3447 scriptum
3168 3381 3254 3427 est
3295 3372 3348 3425 in
3393 3370 3513 3440 lege

1913 3484 2129 3544 Domini
2175 3480 2403 3538 :Omne
2457 3473 2828 3532 masculinum
2875 3468 3201 3537 adaperiens
3252 3463 3511 3529 vulvam,

1913 3589 2162 3634 sanctum
2210 3571 2447 3641 Domine
2474 3566 2764 3622 vocabitur
2799 3583 2812 3618 :
2849 3573 2902 3618 et
2936 3569 2991 3615 ut
3039 3561 3234 3615 darent
3276 3554 3511 3610 hostiam

1914 3667 2212 3726 secundum
2242 3663 2385 3733 quod
2412 3659 2616 3718 dictum
2645 3653 2813 3711 estin
2843 3656 2960 3724 lege
2990 3651 3228 3712 Domini,
3270 3663 3366 3717 par
3396 3658 3511 3700 tur-

1916 3775 2121 3824 turum,
2149 3766 2242 3814 aut
2261 3757 2399 3812 duos
2427 3751 2604 3826 pullos
2627 3748 3031 3804 columbarmn.
3069 3764 3086 3797 ι
3123 3742 3226 3809 Qui
3255 3739 3514 3794 mandata

1914 3857 2049 3928 legis
2082 3849 2608 3926 pravaricabantur,
2641 3845 2745 3900 sub
2772 3839 3155 3897 maledictione
3191 3845 3370 3890 erant.
3408 3830 3514 3885 Do-

1915 3951 2100 4004 minus
2131 3945 2296 4016 igitur
2324 3939 2763 4004 cireutnciditur,
2797 3945 2855 3991 ut
2893 3935 3060 3988 etiam
3099 3933 3151 3985 in
3198 3929 3302 3984 boc
3345 3928 3518 3980 adim-

1915 4037 2059 4109 pleta
2093 4037 2231 4104 lege,
2257 4042 2312 4088 et
2342 4029 2492 4087 nullo
2515 4027 2886 4099 praetermisso
2910 4023 3056 4096 quod
3081 4021 3172 4084 illa
3204 4016 3516 4080 mandabat,

1917 4131 2114 4201 eripiat
2143 4143 2246 4183 nos
2289 4142 2320 4181 a
2360 4122 2672 4180 maledicto.
2718 4120 3097 4174 Revereautur
3131 4113 3263 4169 hinc
3298 4112 3394 4182 qui
3435 4111 3522 4166 die

1918 4234 2052 4282 cunt
2095 4221 2241 4294 quod
2276 4218 2535 4276 Chrisws
2568 4217 2890 4271 incarnatus
2933 4211 3004 4266 sit
3037 4216 3366 4280 apparentcr
3404 4216 3522 4258 tau-

1920 4331 2055 4375 tum.
2087 4314 2372 4384 Quomodo
2401 4312 2547 4368 enim
2598 4306 2961 4365 circumcisus
3002 4303 3230 4368 luisset,
3275 4301 3320 4357 si
3359 4313 3522 4369 appa-

1918 4425 2104 4469 renter
2138 4413 2455 4465 incarnatus
2482 4403 2713 4460 fuisset?
2739 4397 3013 4456 lnutiliter
3039 4405 3223 4451 autem
3252 4393 3524 4463 qumritnr

1920 4507 2013 4562 ubi
2043 4508 2115 4561 sit
2159 4504 2380 4560 absecta
2429 4499 2520 4554 illa
2563 4495 2853 4568 particula.
2887 4491 3024 4545 Nam
3073 4504 3195 4560 quae
3237 4487 3522 4554 Scriptura

202 4594 379 4664 λείᾳ’
401 4593 518 4646 ἐστι
541 4593 595 4646 δὲ
618 4597 814 4657 εἰπεῖν,
842 4599 924 4650 ὅτι
955 4598 1077 4650 τότε
1110 4598 1209 4668 μὲν
1234 4599 1322 4651 ὅτε
1348 4577 1680 4670 ἀπετμήθη,
1715 4603 1804 4673 τῆς

1929 4599 2118 4663 tacuit,
2147 4612 2208 4653 ea
2233 4607 2482 4667 quaerere
2513 4607 2620 4648 non
2653 4596 2888 4660 oportet,
2919 4583 3225 4656 praesertim
3257 4581 3344 4634 ubi
3375 4577 3521 4633 nulla

199 4687 324 4756 γῆς
355 4684 594 4754 ψαῦσαν,
617 4685 815 4756 ἡγίασε
844 4690 1052 4758 ταύτην
1076 4729 1090 4754 ,
1124 4689 1316 4761 ὥσπερ
1349 4693 1441 4744 καὶ
1475 4693 1535 4744 τὸ
1563 4686 1702 4761 αἷμα
1727 4695 1822 4746 καὶ

197 4782 272 4833 τὸ
313 4778 500 4848 ὕδωρ,
531 4779 567 4833 ἃ.
601 4782 664 4834 ὲκ
699 4781 799 4850 τῆς
831 4782 1071 4853 πλευρᾶς
1109 4785 1274 4838 αὑτοῦ
1305 4785 1572 4856 ἔρρωσαν
1595 4803 1607 4816 ·
1637 4781 1718 4850 οἷς
1764 4787 1820 4840 δὲ

197 4870 330 4929 οἶδε
367 4873 570 4941 λόγοις,
613 4875 848 4943 ἐφύλαξε
894 4877 1051 4931 τοῦτο
1080 4877 1141 4930 :6
1178 4877 1367 4950 μόριον
1418 4879 1684 4943 ἀϐλαΰέςο
1726 4881 1823 4934 καὶ

201 4968 372 5042 μιτά
398 4964 500 5037 τὴν
549 4967 846 5022 ἀνάστασιν
893 4970 1302 5040 ἀναλαϐόμενος
1345 4971 1536 5036 τοῦτο,
1573 4973 1818 5043 ἠγέρθη,

197 5061 304 5115 ἵνα
356 5059 459 5112 καὶ
495 5061 636 5114 κατὰ
666 5061 825 5114 τοῦτο
873 5062 1175 5127 ἀνελλιπῶς
1213 5061 1354 5132 ἔχων
1409 5063 1607 5134 εὑρεθῇ
1634 5081 1648 5096 ο
1696 5065 1821 5118 ἐπεὶ

198 5150 312 5206 και
345 5151 520 5220 ἡμεῖς
541 5150 749 5204 τέλειον
769 5151 830 5204 :6
851 5153 1125 5222 ἡμέτερον
1151 5154 1311 5222 σῶμα
1338 5155 1396 5208 ὲν
1425 5157 1490 5225 τῇ
1524 5156 1820 5210 ἀναστάσει

194 5240 650 5314 ἀποληψόμεθα.
703 5246 1019 5315 Σημείωσαι
1050 5245 1107 5298 δὲ
1137 5248 1219 5301 ὅτι
1248 5247 1346 5316 οὐχ
1383 5248 1500 5317 ἆμα
1533 5248 1613 5319 τῷ
1647 5251 1822 5302 εἰπεῖν

191 5343 303 5394 τὸν
335 5337 600 5404 ἄγγελον,
625 5339 756 5391 Ἰδοὺ
787 5339 1030 5410 συλλήψῃ
1054 5339 1188 5404 υίὸν,
1215 5342 1522 5412 συνελήφθη
1547 5343 1576 5394 6
1595 5342 1820 5412 Κύριος,

191 5429 364 5488 ἀλλὰ
406 5429 548 5498 μετά
585 5429 756 5482 ταῦτα
791 5432 880 5484 ὅτε
931 5432 1235 5502 ἠθέλησεν·
1293 5435 1394 5504 ὅρα
1423 5435 1531 5502 γὰρ
1575 5436 1625 5488 τί
1673 5437 1821 5506 λέγει

195 5515 492 5582 ἐνταῦθα,
526 5515 599 5567 Τὸ
635 5517 832 5587 κληθὲν
863 5519 968 5573 ὑπὸ
1016 5520 1104 5573 τοῦ
1136 5522 1376 5590 ἀγγέλου
1416 5526 1522 5594 πρὸ
1558 5525 1653 5578 τοῦ
1696 5531 1823 5578 συλ-

193 5607 513 5684 ληφθῆναι
541 5609 706 5661 αὑτὸν
735 5613 792 5664 ἐν
833 5615 899 5682 τῇ
933 5614 1141 5683 κοιλίᾳ·
1185 5618 1278 5668 καὶ
1308 5617 1403 5668 ἀπ’
1437 5617 1607 5686 αὐτῆς
1637 5620 1694 5672 δὲ
1724 5620 1822 5690 τῆς

193 5705 456 5769 λέξεως,
489 5701 765 5755 δείκνυται
814 5703 1002 5757 τοῦτο·
1044 5706 1104 5757 οὺ
1146 5708 1254 5776 γὰρ
1283 5704 1460 5768 εἶπεν.
1525 5711 1657 5763 Ἰδοὺ
1696 5712 1823 5763 συλ-

193 5792 557 5864 λαι.ι.6ἁν·εις⁸
581 5791 718 5856 ἀλλ’,
753 5793 888 5846 Ἰδοὺ
916 5793 1180 5865 συλλήψῃ.
1205 5797 1366 5850 ’Ὥστε
1390 5801 1451 5851 ἐκ
1473 5799 1677 5851 τούτων
1707 5801 1823 5854 ἔστι

191 5885 684 5952 σαλλογίσασθαι,
718 5887 798 5941 ὅτι
831 5891 895 5951 τῆ
925 5885 1045 5951 ὦσα
1075 5891 1175 5951 μὲν
1217 5893 1400 5954 ἐκείνη
1453 5893 1759 5949 συνελῆφθτπ
1795 5899 1822 5950 ὁ

1926 4695 2155 4750 utilitas.
2187 4689 2303 4745 Dici
2337 4697 2522 4742 autem
2555 4691 2741 4754 posset
2774 4679 2919 4751 quod
2949 4675 3171 4748 quando
3203 4689 3265 4729 ea
3302 4673 3522 4728 absecta

1928 4796 2128 4841 terram
2153 4781 2349 4852 tetigit,
2375 4778 2522 4833 illam
2544 4788 2764 4846 quoque
2786 4768 3170 4834 sanetilicarit,
3194 4765 3331 4820 sicut
3353 4761 3519 4816 etiam

1925 4878 2146 4947 sanguis
2177 4883 2231 4930 et
2266 4887 2404 4943 aqua
2435 4885 2557 4940 qua:
2587 4882 2653 4922 ex
2689 4863 2998 4930 latere'ejus
3029 4858 3320 4916 ﬂuxerunt:
3356 4852 3425 4908 Et
3449 4852 3524 4906 vi-

1925 4974 2085 5025 detur
2127 4967 2271 5038 qugd
2311 4963 2543 5021 servarit
2575 4958 2902 5031 particulam
2950 4954 3200 5017 illzesam,
3235 4958 3290 5004 et
3335 4948 3386 5001 in
3434 4958 3522 5001 re-

1924 5063 2266 5120 surrectione
2297 5061 2490 5114 iterum
2525 5050 2906 5122 resumpserit,
2939 5060 2996 5102 ut
3022 5058 3076 5102 et
3104 5046 3222 5100 haec
3253 5039 3519 5111 particula

1926 5171 2030 5210 non
2054 5153 2366 5208 inveniatur
2384 5149 2596 5205 deesse.
2617 5147 2826 5215 Quippe
2845 5153 2897 5198 et
2918 5157 3018 5198 nos
3036 5141 3088 5194 in
3117 5134 3522 5192 resurrectione

1926 5246 2228 5320 perfectum
2262 5256 2463 5313 corpus
2485 5238 2817 5308 resumptnri
2843 5250 3051 5291 sumus.
3073 5231 3315 5286 Observa
3338 5235 3520 5281 autem

1925 5345 2070 5412 quod
2109 5355 2214 5396 non
2248 5339 2433 5392 statim
2470 5345 2530 5390 ut
2561 5332 2700 5388 dixit
2757 5329 3002 5399 angelus,
3065 5327 3204 5380 Ecce
3246 5322 3520 5395 concipias

1924 5410 2143 5495 Eilium,
2175 5437 2472 5497 conceptus
2503 5433 2586 5478 est
2620 5421 2902 5482 Dominus,
2936 5417 3031 5472 sed
3067 5423 3276 5485 postea,
3303 5410 3518 5482 quando

1927 5525 2112 5580 voluit.
2142 5521 2275 5576 Vide
2294 5521 2440 5576 enim
2472 5517 2602 5586 quid
2627 5516 2763 5569 dicat
2796 5516 2898 5567 hoc
2926 5506 3238 5576 iOCO.Q-|0d
3270 5514 3519 5562 vocatum

1925 5629 2008 5673 est
2038 5618 2105 5673 ab
2131 5615 2324 5686 angelo
2372 5613 2686 5682 priusquam
2725 5607 3106 5675 conciperetur
3139 5604 3192 5657 in
3227 5611 3430 5655 utero.,
3458 5599 3522 5651 Et

1927 5712 2029 5766 hoc
2061 5709 2229 5764 verbo
2265 5704 2576 5762 ostenditur
2623 5702 2674 5756 id
2725 5701 2866 5768 quod
2915 5697 3172 5750 diximus.
3218 5690 3336 5746 Non
3373 5691 3518 5744 enim

1927 5801 2084 5865 dixit,
2151 5800 2290 5854 Ecce
2325 5796 2585 5865 concipis,
2645 5793 2762 5856 sed,
2823 5789 2962 5844 Ecce
3009 5785 3303 5854 concipias.
3348 5784 3521 5847 Atque

1927 5909 1994 5948 ex
2030 5892 2113 5949 liis
2145 5888 2582 5943 animadvertere
2617 5883 2764 5938 licet.
2818 5879 2961 5944 quod
2996 5877 3128 5930 hora
3167 5870 3390 5942 quidem
3431 5868 3516 5922 illa

3593 5776 3614 5802 υ
