4022 6502
594 452 698 513 727

1505 440 2084 531 TIIEOPHYLACTI
2128 432 2541 501 BULGARIIE‘
2576 430 2930 494 ARCHIEP.

3742 411 3841 477 728

598 579 891 636 cortceptus
922 566 1084 621 luerit
1112 564 1371 621 Dominus
1397 583 1409 618 :
1441 579 1543 619 nou
1569 572 1749 617 autem
1775 563 1870 617 illo
1896 567 2160 615 momento

2278 556 2501 623 Κύριος,
2532 553 2595 607 ού
2631 552 2739 623 μὴν
2774 549 2908 619 αὐτῇ
2932 547 2998 615 τῇ
3034 544 3239 612 στιγμῇ
3269 539 3391 636 καθ’
3422 538 3489 608 ἢν

600 674 710 728 quo
738 658 957 727 angelus
984 657 1151 721 dixit;
1185 659 1278 711 sed
1311 658 1449 710 forte
1480 662 1831 725 posteaquam
1877 650 2171 715 complevit

597 762 895 805 sermones.
912 748 1081 819 388
1096 746 1218 802 Haec
1236 757 1413 801 autem
1434 760 1537 800 non
1556 746 1855 800 dixerimus
1870 741 2166 799 deﬂuitive.

600 839 805 909 Impleti
840 849 1018 894 autem
1049 848 1176 893 sunt
1207 839 1319 893 dies
1353 837 1692 908 purgationis
1724 836 1936 890 illorum
1970 847 2166 887 secun-

597 931 723 982 dum
784 928 952 999 legem
1006 928 1159 982 llusi.
1219 929 1361 983 Bene
1434 928 1570 982 dixit
1643 927 1939 982 secundum
1997 925 2166 992 legem

600 1017 727 1072 Mosi
762 1017 806 1049 "
832 1035 848 1072 :
875 1033 995 1071 nam
1032 1020 1329 1073 secundum
1362 1019 1644 1073 veritatem
1671 1018 1815 1071 nulla
1849 1014 2169 1069 necessitate

603 1110 762 1177 Virgo
782 1111 1198 1180 astringebatur
1238 1121 1554 1180 exspectare
1588 1110 1704 1164 dies
1744 1106 2165 1178 puriﬁcationis,

595 1199 685 1267 qui
717 1212 842 1254 sunt
867 1202 1246 1271 quadraginta,
1287 1212 1411 1256 nato
1441 1216 1607 1255 mare.
1656 1200 1867 1254 Dictum
1890 1198 2035 1253 enim
2084 1207 2169 1251 est

596 1290 650 1342 in
681 1290 817 1357 lege,
852 1292 1039 1345 Mulier
1066 1307 1185 1360 quae
1212 1304 1463 1360 suscepto
1498 1294 1707 1347 semine
1734 1292 2083 1359 conceperit,
2116 1298 2169 1343 et

598 1381 865 1448 pepererit
908 1384 1225 1437 masculum.
1266 1381 1430 1453 Virgo
1462 1394 1641 1437 autem
1686 1397 1792 1436 non
1828 1382 2074 1451 concepit
2103 1382 2169 1435 de

597 1472 833 1536 semine,
883 1476 973 1527 sed
1015 1490 1079 1528 ex
1112 1475 1315 1543 Spiritu
1346 1485 1531 1529 sancto
1560 1477 1764 1545 peperit
1805 1493 1817 1529 :
1851 1476 1991 1528 unde
2026 1473 2167 1526 nulla

596 1562 737 1615 lllam
764 1566 1061 1618 necessitas
1090 1567 1350 1635 urgebat;
1378 1569 1470 1620 sed
1504 1566 1687 1621 volens
1719 1567 1943 1635 implere
1970 1566 2161 1633 legem,

594 1656 739 1707 venit
777 1655 829 1708 in
872 1657 1149 1725 templum.
1185 1658 1367 1723 Quare
1396 1668 1573 1712 autem
1605 1659 1659 1711 in
1694 1658 1930 1711 masculo
1962 1665 2165 1722 septem

594 1748 731 1810 dies,
783 1749 835 1801 in
887 1751 1113 1803 muliere
1164 1763 1291 1805 vero
1328 1751 1411 1805 bis
1461 1751 1723 1805 totidem?
1773 1749 1954 1804 Mulier
1998 1750 2163 1812 enim,

597 1840 787 1905 inquit,
827 1840 871 1894 si
897 1850 1151 1910 suscepto
1179 1843 1385 1896 semine
1414 1844 1714 1896 masculum
1743 1842 2031 1909 pepererit,
2064 1841 2162 1893 im-
2195 1854 2241 1912 Β

594 1930 791 1984 munda
841 1935 944 1985 erit
986 1943 1192 2001 septem
1236 1936 1424 1988 diebus
1466 1952 1478 1987 :
1526 1935 1605 1987 sin
1649 1943 1829 1987 autem
1877 1934 2161 1995 feminam,

594 2021 870 2077 immunda
908 2024 1011 2079 erit
1053 2026 1261 2079 duabus
1311 2026 1757 2080 hebdomadibus.
1800 2024 2067 2091 Quoniam
2104 2038 2163 2077 ea

591 2126 710 2178 qua:
733 2114 1001 2181 pepererit
1032 2098 1176 2181 quod
1202 2116 1501 2168 masculum
1536 2127 1642 2177 eat,
1679 2116 1972 2168 secundum
1997 2115 2163 2167 Adam

592 2206 645 2257 in
672 2206 929 2259 mundum
981 2206 1208 2260 induxit.
1266 2210 1396 2275 Quae
1424 2222 1549 2261 vero
1583 2208 1723 2275 quod
1757 2206 2039 2271 muliebre,
2076 2218 2164 2259 se-

589 2296 817 2349 condam
850 2295 1014 2349 Evam
1057 2299 1353 2366 pepererit,
1398 2313 1493 2351 vas
1535 2307 1690 2365 putre
1726 2305 1778 2350 et
1819 2296 2017 2359 debile,
2052 2312 2153 2349 am-

591 2386 810 2451 phoram
848 2388 1156 2453 contritam,
1211 2389 1459 2442 baculum
1498 2388 1856 2458 deceptionis,
1896 2387 2160 2441 inductri-

589 2491 706 2530 rem
753 2478 1147 2532 inobedientiae.
1202 2479 1354 2543 Quod
1404 2487 1583 2531 autem
1637 2478 1799 2541 dicit,
1851 2476 2020 2530 Omne
2070 2478 2163 2530 ad-

586 2570 834 2637 aperiens
902 2570 1114 2623 vulvam
1188 2578 1435 2625 sanctum
1492 2569 1720 2624 Domino
1768 2586 1781 2622 :
1832 2571 2048 2637 proprie
2096 2571 2162 2623 ad

588 2659 865 2714 Christum
900 2662 1073 2715 solum
1105 2662 1359 2729 pertinet.
1406 2661 1524 2730 Ipse
1549 2664 1693 2715 enim
1713 2661 1923 2730 aperuit
1952 2660 2159 2713 vulvam

593 2750 863 2819 Virginis,
908 2768 1029 2806 cum
1078 2753 1198 2806 aliis
1248 2753 1330 2805 vir
1372 2753 1582 2820 aperiat
1630 2751 1859 2804 vulvam.
1894 2750 2161 2805 Catterutn

588 2852 687 2903 par
716 2845 988 2891 turturum
1032 2836 1213 2892 ol'l’erri
1253 2837 1415 2906 jussit
1450 2842 1565 2901 lex,
1600 2838 1890 2892 ostendens
1925 2840 2063 2906 quod
2096 2853 2162 2892 ex

588 2938 740 2984 casto
760 2930 1008 2999 conjugio
1034 2941 1355 2998 procreatus
1379 2930 1472 2984 sit.
1502 2930 1696 2983 Dicunt
1725 2931 1867 2984 enim
1898 2942 2159 2984 turturem

586 3035 705 3074 esse
730 3031 936 3074 castum
963 3021 1185 3086 animal,
1241 3035 1470 3090 cumque
1496 3019 1779 3089 coniugem
1808 3022 2026 3085 amittit,
2053 3036 2158 3076 non

584 3114 826 3166 secundo
873 3127 930 3167 se
964 3112 1198 3180 copulet.
1233 3113 1365 3167 Cum
1395 3124 1572 3167 autem
1608 3128 1713 3166 non
1754 3112 2016 3167 haberent
2050 3122 2162 3166 tur-

2272 648 2474 715 ἔλεγεν,
2519 645 2655 698 ἀλλὰ
2703 642 2895 711 τυχὸν,
2944 639 3033 691 ὅτε
3101 634 3411 687 συνετέλεσε
3461 627 3590 689 τοὺς
3634 625 3838 691 λόγους.

2273 714 2458 793 Ταῦτα
2486 738 2541 790 δὲ
2576 737 2637 789 ού
2678 731 3027 803 δογματικῶς
3068 730 3321 796 λέγομεν.
3376 718 3758 791 Ἐπλήσθησαν
3787 714 3839 767 δὲ

2273 832 2330 885 αἱ
2373 829 2577 900 ἡμέραι
2630 826 2723 879 τοῦ
2776 821 3118 892 καθαρισμοῦ
3166 816 3347 870 αὐτῶν
3383 814 3523 867 κατὰ
3560 812 3654 863 τὸν
3686 808 3839 900 νόμον

2274 898 2532 982 Meteilus.
2567 916 2764 978 Καλῶς
2794 910 2914 967 εἷπε
2940 911 3082 965 κατὰ
3105 909 3193 961 τὸν
3217 907 3380 975 νόμον
3409 904 3675 964 Μωσέως·
3709 898 3839 951 κατὰ

2271 1012 2378 1081 γὰρ
2425 1010 2522 1077 τὴν
2571 1006 2851 1077 ἀλήθειαν,
2885 1003 2983 1056 οὐκ
3027 997 3171 1069 εἶχεν
3221 996 3468 1063 ἀνάγκην
3498 995 3531 1063 ἡ
3576 990 3843 1059 Παρθένος

2272 1102 2584 1171 περιμένειν
2634 1099 2731 1161 τὰς
2778 1096 2992 1166 ἡμέρας
3064 1091 3156 1143 τοῦ
3220 1084 3591 1154 καθαρισμοῦ,
3649 1084 3842 1143 αἵτινες

2270 1186 2409 1258 ἦσαν
2452 1187 2889 1257 τεσσαράκοντα,
2928 1182 3021 1235 ἐπὶ
3074 1182 3261 1249 ἄρσενι
3302 1174 3572 1245 τεχθέντι.
3624 1174 3843 1240 Εἴρηται

2271 1283 2377 1349 γὰρ
2410 1282 2467 1332 ὲν
2500 1279 2577 1347 τῷ
2620 1278 2799 1347 νόμῳξ·
2826 1274 2969 1342 Γυνὴ
3012 1274 3134 1342 ἥτις
3172 1271 3266 1322 ἐὰν
3314 1264 3722 1334 σπερματισθῇ,
3755 1261 3844 1313 καὶ

2270 1374 2403 1441 τέκῃ
2453 1372 2648 1439 ἄρσεν·
2697 1370 2729 1436 ἢ
2781 1366 2837 1418 δὲ
2911 1364 3183 1433 Παρθένος
3239 1360 3340 1411 οὐκ
3394 1353 3841 1423 ὲσπερματίσθη,

2270 1460 2384 1515 ἀλλ’
2420 1464 2485 1512 ὲκ
2532 1458 2849 1528 ῐΙνεύματος
2901 1454 3055 1521 ἁγίου
3102 1451 3285 1504 ἔτεκει
3364 1448 3504 1499 ὣστε
3553 1446 3656 1497 οὐκ
3704 1440 3842 1504 εἶχεν

2271 1556 2539 1622 ἀνάγκην,
2567 1551 2701 1603 ἀλλὰ
2725 1547 3007 1620 πληρῶσαι
3022 1548 3121 1598 ’τὸν
3144 1543 3306 1611 νόμον
3337 1540 3591 1597 θέλουσα,
3623 1535 3845 1605 ἀνῆλθεν

2270 1648 2349 1708 εἰς
2381 1645 2440 1696 τὸ
2478 1645 2642 1705 ἱερόν.
2682 1640 2781 1693 Διὰ
2810 1639 2940 1691 τίδὲ
2974 1638 3065 1690 ἐπὶ
3100 1638 3197 1705 μὲν
3225 1632 3415 1701 ἄρσενι
3452 1629 3594 1681 ἑπτὰ
3624 1626 3843 1696 ἡμέραι,

2270 1736 2360 1787 ἐπὶ
2385 1735 2440 1788 δὲ
2474 1734 2661 1804 θηλείᾳ.
2692 1730 2903 1797 διπλαῖς
2932 1729 3073 1797 Γυνὴ
3104 1726 3235 1795 γὰρ,
3261 1723 3449 1793 φησιν,
3478 1720 3575 1771 ἐὰν
3606 1733 3845 1787 σπέρμα-

2270 1828 2445 1898 τισθῇ,
2497 1828 2585 1879 καὶ
2629 1825 2766 1895 τέκῃ
2816 1822 3006 1892 ἄρσεν,
3058 1818 3198 1872 ἑπτὰ
3250 1816 3462 1886 ἡμέρας
3536 1811 3843 1879 ἀκάθαρτος

2270 1922 2441 1975 ἔσται·
2477 1920 2569 1971 ἐὰν
2597 1918 2653 1970 δὲ
2684 1915 2839 1987 θῆλυ,
2867 1914 2948 1976 δὶς
2975 1912 3133 1979 sntit.
3175 1906 3398 1976 Ἐπειδὴ
3426 1908 3459 1973 ἠ
3488 1905 3589 1975 μὲν
3614 1899 3842 1954 τεκοῦσα

2270 2014 2329 2067 τὸ
2354 2015 2549 2084 ἄρσεν,
2580 2009 2832 2079 δεύτερον
2869 2006 3040 2075 Ἀδὰμ
3066 2006 3144 2066 εἰς
3175 2001 3265 2053 τὸν
3301 2003 3505 2068 κόσμον
3533 1998 3839 2065 εισήγαγεν·

2272 2109 2301 2174 ἡ
2362 2106 2419 2159 δὲ
2480 2104 2539 2157 τὸ
2588 2101 2755 2170 θῆλυ,
2790 2097 3052 2165 δευτέραν
3087 2093 3232 2149 Εὕαν
3283 2092 3491 2154 ἔτεκενΊ
3542 2093 3603 2141 τὸ
3652 2086 3840 2154 σαθρὸν

2270 2197 2487 2259 σκεῦος,
2516 2196 2579 2247 τὸ
2614 2192 2840 2252 ἀσθενὲς
2876 2190 3118 2256 ἀγγεῖον,
3155 2187 3216 2238 τὸ
3254 2180 3723 2252 συντετριμμένον
3754 2194 3839 2229 κε-

2271 2284 2486 2359 ράμιον,
2514 2287 2611 2356 τὴν
2641 2281 2943 2354 βακτηρίαν
2973 2282 3071 2349 τῆς
3102 2278 3343 2346 ἀπάτης,
3376 2276 3477 2345 τὴν
3507 2271 3839 2344 χειραγωγὸν

2267 2381 2364 2446 τῆς
2399 2378 2709 2449 παρακοῆς.
2758 2375 2864 2429 Τοῦ
2897 2374 2952 2426 δὲ
2989 2373 3153 2439 νόμου
3186 2369 3462 2433 λέγοντοςο
3509 2366 3628 2418 Πᾶν
3674 2364 3839 2419 sur-

2267 2476 2483 2541 ανοῖγον
2511 2474 2744 2542 μήτραν,
2774 2470 2928 2536 ἅγιον
2951 2467 3029 2538 τῷ
3058 2465 3245 2535 Κυρίῳ
3265 2504 3279 2528 ,
3311 2465 3386 2525 είς
3418 2460 3661 2531 Χριστὸν
3690 2459 3839 2530 μόνον

2268 2566 2471 2635 κυρίως
2503 2562 2662 2632 ἐξέϐη
2688 2560 2873 2613 τοῦτο’
2907 2560 3067 2620 αὐτὸς
3095 2559 3204 2626 γὰρ
3231 2555 3462 2625 διήνοιξε
3497 2554 3596 2623 τὴν
3634 2552 3839 2621 μήτραν

2264 2658 2361 2724 τῆς
2396 2654 2697 2722 Παρθένου,
2726 2650 2851 2704 ἐπεὶ
2880 2652 2999 2712 ταῖς
3030 2664 3093 2715 γε
3116 2646 3301 2707 ἄλλαις
3330 2644 3628 2714 μητράσιν,
3652 2643 3679 2691 ό
3709 2644 3835 2709 ἀνὴρ

2265 2747 2527 2815 διανοίγει
2572 2745 2675 2815 τὴν
2718 2745 2952 2814 μήτραν.
3008 2740 3205 2809 Ζεῦγος
3253 2738 3308 2790 δὲ
3340 2738 3620 2808 τρυγόνων
3676 2750 3835 2804 xpos-

2266 2841 2457 2910 φέρειν
2488 2837 2769 2890 ἐκέλευσεν
2792 2837 2820 2905 ό
2840 2838 3003 2903 νόμος
3020 2872 3033 2894 ,
3052 2830 3312 2883 δεικνύων
3337 2830 3418 2881 ὅτι
3437 2827 3546 2880 ἀπο
3567 2829 3835 2895 σώφρονος

2265 2930 2527 2996 συζυγίας
2554 2929 2587 2996 ἡ
2617 2925 2959 2978 παιδοποιία·
2993 2921 3126 2991 φασὶ
3155 2922 3266 2989 γὰρ
3290 2919 3390 2989 τὴν
3419 2918 3691 2987 τρυγόνα,
3734 2918 3835 2969 σῶ-

2264 3038 2398 3092 φρον
2419 3014 2557 3071 εἶναι
2586 3017 2723 3082 ζῶον
2744 3056 2759 3080 ,
2788 3016 2929 3068 ὥστε
2952 3014 3047 3066 καὶ⁵
3067 3010 3446 3064 ἀποϐαλοῦσαν
3470 3010 3563 3062 τὸν
3588 3009 3834 3077 σύζυγον,

2266 3114 2343 3183 μὴ
2376 3112 2831 3181 δευτερογαμεϊνο
2876 3108 2922 3159 εί
2951 3106 3007 3159 δὲ
3049 3107 3123 3175 μὴ
3152 3101 3298 3175 εἶχον
3330 3106 3600 3175 τρυγόνας
3621 3144 3636 3165 ,
3674 3120 3832 3172 προσ-

588 3215 758 3268 tures,
783 3204 1087 3259 olIerebaut
1110 3210 1243 3259 duos
1277 3204 1449 3275 pullos
1473 3205 1866 3269 columbarum.
1896 3214 1953 3262 ut
1976 3206 2157 3260 multi-

2268 3207 2463 3277 ἔφερον
2490 3203 2583 3256 δύο
2618 3200 2867 3261 νεοσσοὺς
2896 3198 3254 3268 περιστερῶν,
3288 3198 3374 3249 ἵνα
3410 3198 3504 3249 ἐπὶ
3548 3197 3836 3265 πολυτοκία

585 3294 804 3362 plicatio
849 3296 1019 3365 prolis
1070 3298 1223 3350 lieret
1275 3296 1383 3351 vita
1444 3296 1596 3367 pueri
1645 3294 1821 3351 illius:
1876 3297 2163 3353 fecundum

586 3374 728 3441 enim
758 3386 957 3442 animal
987 3386 1255 3443 columba.

659 3476 826 3533 Vens.
860 3476 1059 3532 25-32.
1095 3495 1113 3527 ι
1160 3478 1225 3532 Et
1250 3492 1379 3533 ecce
1423 3482 1584 3533 homo
1617 3493 1739 3533 erat
1773 3477 2162 3549 Hierosolymis

586 3571 673 3625 cui
715 3584 909 3646 nomen
956 3570 1203 3633 Simeon,
1248 3579 1301 3625 et
1333 3570 1495 3626 homo
1544 3572 1645 3627 iste
1672 3571 1857 3640 justus
1900 3587 1963 3627 ac
2006 3571 2160 3642 pius,

585 3668 909 3727 exspectans
931 3659 1355 3715 consolationem
1391 3659 1581 3725 Israel,
1608 3671 1660 3716 et
1686 3660 1921 3731 Spiritus
1944 3671 2163 3717 sanctus

585 3760 702 3803 erat
735 3764 897 3819 super
922 3765 1045 3805 eum
1077 3767 1093 3803 :
1125 3760 1181 3804 et
1214 3766 1534 3808 responsum
1578 3763 1863 3820 acceperat
1896 3768 1925 3806 a
1959 3750 2160 3822 Spiritu

586 3849 803 3905 sancto,
837 3855 942 3895 non
974 3840 1219 3897 visurum
1253 3856 1312 3897 se
1347 3851 1599 3909 mortem,
1636 3844 1741 3897 nisi
1778 3843 1928 3913 prius
1959 3843 2163 3899 videret

585 3932 861 3987 Christum
886 3930 1118 3987 Domini.
1145 3932 1379 3989 Etvenit
1402 3948 1497 4002 per
1518 3933 1779 4004 Spiritum
1802 3935 1863 3989 in
1881 3936 2155 4005 templum.

588 4022 653 4074 Et
680 4037 803 4077 cum
837 4023 1155 4079 inducerent
1186 4040 1411 4094 puerum
1436 4023 1620 4081 Jesum
1643 4036 1896 4095 parentes
1927 4037 1984 4083 ut
2012 4026 2159 4085 lace-

588 4123 709 4169 rent
748 4117 1048 4171 seeundum
1100 4118 1549 4173 consuetudinem
1612 4118 1743 4188 legis
1775 4134 1873 4189 pro
1920 4134 2005 4186 eo,
2045 4121 2159 4191 ipse

584 4219 799 4273 quoque
849 4206 1059 4273 accepit
1098 4222 1223 4261 eum
1272 4210 1322 4260 in
1374 4207 1527 4262 ulnas
1575 4224 1734 4275 suas,
1790 4220 1843 4263 et
1878 4209 2159 4267 benedixit

584 4294 777 4358 Deum,
810 4308 872 4349 ac
904 4295 1042 4349 dixit
1074 4314 1087 4349 :
1134 4295 1288 4350 Nunc
1321 4297 1555 4352 absolvis
1585 4313 1802 4352 servum
1841 4308 2013 4365 tuum,
2052 4301 2158 4355 Do-

586 4384 750 4448 mine,
784 4386 1078 4441 secundum
1110 4389 1328 4442 verbum
1359 4397 1530 4454 tuum,
1565 4391 1615 4443 in
1650 4404 1781 4459 pace
1812 4408 1826 4444 :
1854 4392 1977 4462 quia
2009 4393 2159 4449 vide-

583 4483 709 4527 runt
748 4475 892 4529 oculi
930 4477 1033 4531 mei
1081 4478 1319 4533 salutare
1352 4486 1535 4543 tuum,
1585 4480 1729 4549 quod
1780 4481 1982 4551 parasti
2026 4492 2155 4537 ante

582 4564 773 4619 faciem
798 4566 1041 4620 omnium
1072 4566 1386 4635 populorum
1417 4568 1633 4623 :lumen
1676 4570 1742 4624 ad
1768 4570 2152 4627 revelationem

583 4655 843 4721 gentium,
875 4666 930 4710 et
960 4657 1184 4725 gloriam
1231 4658 1403 4725 plebis
1450 4668 1554 4713 tua:
1600 4660 1786 4717 Israel.
1841 4680 1859 4713 ι
1888 4660 2004 4717 Non
2039 4674 2157 4719 erat

583 4743 801 4800 Simeon
829 4748 1102 4811 sacerdos,
1134 4748 1227 4803 sed
1259 4749 1419 4804 homo
1444 4749 1612 4805 Deum
1645 4766 1853 4817 amans,
1883 4762 1935 4807 et
1962 4769 2155 4824 exspe-

581 4847 734 4892 ctans
754 4839 970 4907 quando
998 4841 1178 4893 veniat
1200 4840 1449 4897 Christus
1473 4843 1855 4899 consolaturus
1878 4844 2151 4913 Hebmos,

580 4935 634 4978 et
663 4926 995 4983 liberaturus
1028 4943 1056 4982 a
1087 4930 1348 4984 servitute
1388 4933 1632 4999 peccati,
1679 4932 1821 4989 forte
1853 4942 1909 4988 et
1952 4949 2013 4991 ea
2044 4948 2149 5005 qua

578 5013 842 5072 Romanis
884 5027 939 5073 et
989 5019 1182 5073 IIerodi
1235 5022 1569 5076 serviebant.
1615 5021 1750 5077 Nam
1799 5026 1889 5094 qui
1932 5025 2150 5081 Christo

581 5107 785 5171 credit,
817 5108 953 5163 liber
985 5121 1067 5164 est
1097 5127 1316 5179 revera,
1352 5124 1406 5168 et
1439 5114 1739 5170 honoratur
1773 5133 1802 5171 a
1842 5118 2056 5187 regibus
2085 5133 2150 5171 ac

587 5199 893 5256 hominibus
935 5202 1209 5257 omnibus.
1254 5203 1389 5261 Vide
1432 5208 1743 5275 apostolos,
1782 5224 1885 5263 non
1932 5208 2152 5264 fuerunt

584 5290 727 5344 servi
759 5290 1163 5347 Romanorum?
1189 5296 1284 5349 sed
1315 5311 1456 5373 nunc
1480 5308 1806 5352 venerantur
1832 5314 1926 5354 eos
1955 5300 2151 5355 Roma-

582 5395 774 5435 norum
821 5398 993 5453 reges.
1053 5386 1241 5456 Itaque
1303 5388 1400 5443 hos
1450 5404 1569 5443 cum
1619 5402 1801 5445 essent
1852 5374 2143 5460 Israelita,

580 5473 894 5529 consolatus
926 5486 1007 5529 est
1049 5477 1319 5535 Christus.
1352 5480 1520 5535 Porro
1550 5482 1635 5538 hic
1670 5482 1887 5539 Simeon
1941 5483 2144 5553 Spiritu

582 5576 771 5620 sancto
812 5580 991 5624 motus
1027 5574 1267 5627 ascendit
1300 5574 1351 5628 in
1386 5575 1642 5645 templum
1673 5578 1890 5645 quando
1923 5579 2147 5634 adduxit

587 5658 863 5713 Doniinum
903 5660 1095 5729 Mater,
1126 5676 1179 5719 et
1208 5680 1457 5737 suscepto
1498 5669 1622 5737 illo,
1668 5671 1833 5727 Deum
1866 5673 2144 5729 confessus

659 5834 697 5865 "
729 5837 895 5894 chit.
936 5858 1031 5901 xu.
1061 5842 1112 5901 5.
1165 5844 1207 5896 ε.

2266 3297 2490 3366 γένηται
2514 3298 2547 3364 ἠ
2578 3293 2691 3363 ζωὴ
2724 3292 2817 3345 τοῦ
2842 3290 3031 3353 παιδὸς
3065 3290 3306 3342 ἐκείνου·
3347 3291 3379 3359 ὴ
3406 3289 3514 3359 γὰρ
3547 3288 3837 3359 περιστερὰ

2267 3388 2560 3443 πολύτοκον
2584 3385 2743 3449 ζῶον.

2340 3499 2359 3533 ε
2390 3480 2502 3534 Καὶ
2532 3479 2641 3533 ίδοὺ
2663 3472 2731 3548 ἦν
2759 3475 3047 3547 ἄνθρωπος
3076 3476 3133 3527 ἑν
3173 3474 3532 3545 Ἰερουσαλὴμ
3553 3515 3569 3538 ,
3598 3467 3643 3540 ᾧ
3675 3474 3837 3541 ὗνομα

2266 3568 2518 3642 Δυμεὼν·
2545 3570 2641 3623 καὶ
2664 3570 2695 3622 ό
2712 3567 3001 3638 ἄνθρωπος
3021 3557 3198 3632 οὗτος,
3220 3566 3434 3631 δίκαιος
3463 3566 3559 3621 καὶ
3588 3566 3835 3637 εὐλασὴς.

2265 3661 2695 3734 προσδεχόμενος
2720 3658 3069 3730 παράκλησιν
3098 3657 3195 3711 τοῦ
3228 3658 3466 3731 ’ῐσραήλδ
3499 3657 3597 3711 καὶ
3624 3658 3836 3729 Πνεῦμα

2265 3754 2418 3823 ἅγιον
2448 3748 2515 3825 ἦν
2548 3752 2635 3806 επ*
2684 3752 2870 3815 αὑτὸν,
2920 3750 3015 3805 καὶ
3047 3746 3116 3820 ἧν
3150 3750 3298 3820 αύτῷ
3328 3751 3838 3821 κεχρηματισμένον

2265 3846 2369 3898 ὑπὸ
2416 3844 2512 3898 τοῦ
2569 3843 2887 3913 Πνεύματος
2926 3841 3023 3895 τοῦ
3063 3842 3258 3909 ἁγίου,
3304 3842 3381 3912 μὴ
3432 3842 3566 3895 ἰδεῖν
3614 3826 3839 3897 θάνατον

2262 3935 2393 4005 πρὶν
2436 3933 2470 4004 ἢ
2514 3932 2600 4005 ῐδῃ
2630 3933 2725 3986 τὸν
2767 3931 3004 4002 Χριστὸν
3038 3929 3279 4002 Κυρίου⁸
3320 3932 3418 3985 καὶ
3449 3927 3618 4003 ἦλθεν
3667 3934 3727 3984 ἐν
3767 3932 3841 4001 τῷ

2262 4026 2541 4096 Πνεύματι
2576 4026 2655 4088 είς
2685 4025 2747 4077 τὸ
2787 4024 2965 4095 ίερόν’
3010 4024 3103 4076 καὶ
3148 4024 3206 4075 tv
3250 4023 3329 4093 τῷ
3369 4025 3690 4090 εἰσαγαγεῖν
3719 4022 3841 4085 τοὺς

2261 4120 2437 4187 γονεῖς
2462 4118 2521 4170 τὸ
2550 4115 2764 4169 παιδίον
2807 4114 3016 4187 Ἰησοῦν
3036 4156 3050 4181 ,
3090 4115 3185 4168 τοῦ
3221 4117 3449 4186 ποιῆσαι
3476 4115 3679 4178 αὐτοὺς
3704 4116 3842 4170 κατὰ

2258 4210 2318 4263 τὸ
2337 4207 2647 4277 εἰθισμένον
2666 4205 2761 4259 τοῦ
2784 4206 2951 4276 νόμου
2973 4205 3103 4277 περὶ
3121 4204 3307 4271 αὐτοῦ,
3328 4205 3425 4258 καὶ
3441 4205 3609 4269 αὐτὸς
3628 4206 3840 4272 ἐδέξατο

2260 4301 2390 4353 αύτδ
2412 4300 2492 4362 είς
2524 4299 2623 4363 τὰς
2646 4298 2888 4364 ἀγκάλας
2918 4296 3083 4350 αὐτοῦ
3102 4312 3118 4326 ³
3150 4296 3246 4349 καὶ⁵
3280 4296 3545 4366 εὐλόγησε
3572 4298 3666 4351 τὸν
3687 4298 3837 4362 Θεὸν,

2264 4392 2357 4443 καὶ
2389 4385 2545 4443 εἴπεο
2584 4388 2699 4442 Νῦν
2736 4388 2995 4453 ἀπολύεις
3035 4389 3126 4442 τὸν
3170 4387 3356 4442 δοῦλόν
3396 4405 3513 4452 σου,
3557 4392 3836 4454 Δέσποτα,

2260 4481 2403 4535 κατὰ
2430 4484 2490 4535 τὸ
2519 4481 2670 4552 ῥῆμά
2698 4497 2817 4544 σου,
2866 4482 2922 4533 ὲν
2951 4482 3143 4551 εἰρήνῃ
3164 4497 3178 4510 ·
3211 4480 3290 4533 ὃτι
3319 4475 3462 4533 εἶδον
3491 4480 3542 4533 oi
3574 4481 3839 4550 ὀφθαλμοί

2261 4592 2360 4645 μου
2393 4573 2454 4626 τὸ
2495 4573 2762 4643 σωτήριόν
2794 4588 2886 4625 σου
2914 4612 2928 4636 ,
2955 4571 2984 4624 ὃ
3032 4572 3336 4641 ἡτοίμασας
3367 4574 3510 4626 κατά
3546 4573 3836 4644 πρόσωπον

2260 4665 2477 4719 πάντων
2514 4665 2625 4717 τῶν
2656 4662 2831 4716 λαῶν’
2870 4663 2987 4731 φῶς
3025 4663 3103 4726 είς
3132 4662 3483 4732 ἀποκάλυψιν
3506 4663 3716 4729 ἐθνῶν,
3746 4664 3837 4717 καὶ

2260 4756 2421 4822 δόξαν
2452 4756 2583 4809 λαοῦ
2618 4770 2715 4807 σου
2758 4754 2994 4825 Ἰσραήλ.
3030 4773 3049 4805 ι
3088 4755 3200 4808 Οὐκ
3222 4749 3291 4825 ἦν
3322 4757 3505 4825 ἱερεὺς
3532 4758 3562 4810 ό
3589 4755 3835 4828 Συμεὼν.

2256 4844 2371 4899 ἀλλ’
2400 4844 2687 4914 ἅνθρωπος
2710 4842 2983 4915 θεοφιλὴς,
3007 4844 3104 4898 καὶ
3128 4846 3562 4917 προσδεχόμενος
3586 4846 3671 4901 δτι
3692 4847 3835 4903 ἐλεύ-

2259 4952 2411 4989 σεται
2438 4938 2466 4989 6
2498 4936 2757 5007 Χριστὸς,
2790 4936 3329 5007 παραμυθησόμενος
3356 4938 3483 4999 τοὺς
3526 4936 3828 5007 Ἐϐραίους,

2258 5030 2353 5081 καὶ
2393 5027 2681 5082 ἀπολύσων
2711 5028 2810 5098 τῆς
2842 5027 3087 5089 δουλείας
3122 5027 3221 5097 τῆς
3252 5026 3359 5081 ὑπὸ
3388 5028 3489 5100 τὴν
3535 5030 3827 5102 ἁμαρτίαν,

2254 5121 2395 5189 τάχα
2426 5119 2482 5172 δὲ
2514 5120 2608 5173 καὶ
2638 5121 2737 5188 τῆς
2768 5119 2873 5171 ὑπὸ
2902 5120 3028 5182 τοὺς
3074 5118 3376 5189 Ῥωμαίους
3402 5120 3501 5173 καὶ
3526 5121 3622 5176 τὸν
3660 5123 3832 5192 Ἠρώ-

2255 5211 2385 5280 δην·
2420 5214 2447 5264 ό
2470 5211 2576 5281 γὰρ
2608 5209 2685 5279 τῷ
2710 5208 2931 5280 Χριστῷ
2964 5209 3281 5275 πιστεύσας,
3310 5211 3596 5282 ἐλεύθερος
3625 5214 3704 5285 τῷ
3725 5214 3829 5266 ὄντι

2256 5304 2428 5363 ἐστὶν,
2463 5301 2568 5353 ύπὺ
2595 5301 2859 5370 βασιλέων
2890 5300 2981 5355 καὶ
3017 5302 3239 5355 πάντων
3268 5302 3375 5355 τῶν
3415 5304 3724 5376 ἀνθρώπων
3752 5322 3829 5358 τι-

2258 5393 2527 5464 μώμενος.
2560 5395 2664 5449 Ἴδε
2678 5396 2803 5457 τοὺς
2834 5395 3188 5458 ἀποστόλους·
3221 5396 3322 5448 οὐκ
3350 5392 3493 5467 ἦσαν
3521 5396 3702 5452 δοῦλοι
3728 5396 3829 5451 τῶν

2264 5489 2551 5558 Ῥωμαίων
2580 5506 2595 5522 ο
2621 5490 2759 5544 ἀλλὰ
2804 5488 2900 5542 νῦν
2936 5487 3138 5559 τιμῶσι
3167 5489 3259 5542 καὶ
3300 5490 3708 5561 προσκυνοῦσιν
3735 5488 3825 5545 αὖ·

2254 5581 2379 5644 τοὺς
2412 5583 2460 5633 οί
2512 5580 2800 5649 Ῥωμαίων
2834 5579 3105 5651 βασιλεῖςο
3143 5580 3253 5633 ἰδοὺ
3285 5576 3379 5634 οῦν
3407 5581 3625 5646 τούτοις
3658 5581 3825 5651 ita?“

2255 5673 2444 5743 κλησις
2480 5673 2702 5744 γέγονεν
2736 5676 2763 5727 ὁ
2790 5673 3042 5745 Χριστὸς,
3087 5673 3452 5744 Ἰσραηλίταις
3482 5671 3656 5731 οὖσιν
3679 5670 3826 5735 οῦΰί
