4022 6532
252 478 288 537 7
291 478 361 537 29

959 474 1405 537 ENARRATIO
1451 472 1529 533 IN
1562 471 2069 534 LVANGELIUM
2110 475 2343 537 LUC.’E.
2380 502 2447 511 -
2479 476 2644 537 CAP.
2690 472 2775 534 II.

3443 474 3553 539 733

254 585 353 641 οὖν
381 585 409 639 ό
439 586 689 657 Συμεὼν,
736 586 1016 654 Πνεύματι
1048 586 1189 657 ἁγίῳ
1225 586 1570 656 κινούμενος,
1618 584 1835 651 άνῆλθει

1958 597 2061 643 cst.
2090 585 2281 643 Dicere
2304 589 2473 661 289
2489 590 2655 655 enim,
2696 588 3103 645 Nuncabsolvis
3128 602 3347 646 servum
3373 596 3546 647 tuum.

254 677 338 740 είς
367 676 427 729 τὸ
463 676 631 747 ἱερὸν.
668 677 756 731 ὅτε
786 678 1031 746 ἀνήγαγε
1065 677 1158 729 τὸν
1202 678 1406 747 Κύριον
1440 680 1474 746 ἡ
1510 678 1716 748 μήτηρ·
1753 676 1849 731 καὶ¹

254 765 559 836 δεξάμενος
592 767 777 831 αὑτὸν,
814 768 948 822 Θεὸν
977 771 1253 840 ὁμολογεῖ·
1289 770 1350 823 τὸ
1398 772 1507 841 γὰρ
1544 771 1718 823 εἰπεῖν
1753 768 1848 822 νῦν

254 856 516 921 ἀπολύεις
547 875 637 927 με,
673 859 939 925 Δέσποτα,
968 861 1362 930 ὁμολογοῦντός
1407 863 1578 925 ἐστιν,
1609 862 1691 915 ὅτι
1733 862 1847 915 Κύ-

257 964 375 1018 ριος
406 949 570 1013 αὑτός
614 952 732 1003 ἐστι
770 948 918 1018 ζωῆς
948 952 1043 1003 καὶ
1078 950 1332 1005 θανάτου.
1379 951 1521 1019 Ὅρα
1556 952 1612 1005 δὲ
1647 952 1761 1014 πῶς
1795 954 1845 1005 οἱ

253 1040 406 1107 ἅγιοι
427 1081 441 1105 ,
486 1039 687 1109 δεσμὸν
721 1041 1031 1110 λογίζονται
1060 1042 1120 1096 τὸ
1158 1042 1316 1111 σῶμα
1340 1058 1351 1071 ·
1404 1042 1484 1095 διὸ
1529 1042 1627 1095 καὶ
1658 1042 1806 1110 λέγει
1829 1060 1841 1072 ·

253 1135 369 1189 Νῦν
402 1136 682 1201 ἀπολύεις,
720 1137 795 1201 ὡς
826 1137 932 1191 ἀπὸ
964 1139 1187 1207 δεσμοῦ·
1225 1138 1368 1192 κατά
1394 1139 1456 1192 τὸ
1487 1120 1764 1209 ρἧάᾪτου
1788 1140 1845 1193 δὲ

250 1221 396 1289 εἶπε,
425 1228 512 1280 διὰ
536 1229 627 1279 τὸν
655 1229 903 1298 χρησμὸν
937 1228 994 1280 ὃν
1030 1229 1245 1293 ἔλαϐεν,
1283 1232 1365 1283 ὅτι
1394 1231 1454 1282 οὐ
1488 1232 1561 1299 μὴ
1596 1229 1844 1302 ἀποθάνῃ

248 1319 355 1381 ἓως
392 1312 451 1372 οὗ
480 1318 563 1389 ἴδῃ
596 1320 687 1373 τὸν
704 1321 938 1391 Χριστόν
960 1337 972 1349 ·
1002 1322 1062 1373 τὸ
1089 1321 1167 1386 δὲ,
1204 1324 1273 1374 ἐν
1306 1322 1541 1390 εἰρήνῃ,
1573 1322 1695 1376 ἀντὶ
1724 1322 1841 1388 τοῦ,

249 1412 309 1461 ὲν
341 1410 681 1464 ἀναπαύσει·
718 1412 824 1475 ἕως
859 1412 958 1479 μὲν
989 1412 1098 1482 γάρ
1133 1414 1196 1484 ζῇ
1230 1416 1257 1467 ό
1283 1414 1591 1484 ἄνθρωπος,
1639 1416 1843 1485 ταράτ-

248 1518 424 1563 τεται,
456 1503 599 1558 καθά
626 1504 721 1557 καὶ
751 1502 916 1556 Δαυῒδ
939 1504 1107 1571 λέγει·
1140 1505 1427 1558 ἀποθανὼν
1444 1496 1518 1569 δὲ,
1544 1506 1839 1576 εἰρηνεύει·

247 1595 347 1646 xa‘t
376 1594 550 1658 ἄλλως
583 1595 639 1648 δὲ
665 1596 725 1649 τὸ
755 1597 811 1648 ἐν
845 1597 1040 1668 εἰρήνῃ
1074 1599 1309 1666 νοήσεις,
1350 1599 1649 1661 τουτέστιν,
1683 1601 1739 1650 ἐν
1774 1602 1839 1669 τῇ

243 1693 347 1755 της
374 1686 587 1751 ἐλπίδος
616 1688 903 1756 ἀπολήψει.
943 1690 1079 1757 Πρὶν
1111 1690 1209 1759 μὲν
1236 1691 1346 1759 γὰρ
1376 1691 1488 1755 ἴδω,
1537 1692 1673 1759 φησὶ
1702 1731 1715 1753 ,
1748 1690 1841 1743 τὸν

245 1776 477 1847 Κύριον,
520 1781 621 1831 οὐκ
665 1778 948 1849 είρήνευον
990 1781 1101 1842 τοῖς
1143 1780 1469 1849 λογισμοῖς,
1523 1782 1841 1850 προσδοκῶν

244 1868 412 1921 αὐτὸν
457 1872 549 1922 καὶ
595 1870 683 1922 ἀεὶ
730 1871 1036 1941 φροντίζων
1074 1873 1204 1925 πότε
1254 1872 1573 1925 ἐλεύσεται·
1611 1874 1708 1927 νῦν
1759 1874 1837 1938 ἃ,

247 1959 375 2011 ἰδὼν
426 1959 587 2012 αὑτὸν
628 1960 722 2013 καὶ
774 1962 1099 2032 εἰρηνεύσας
1148 1963 1243 2014 καί
1296 1964 1721 2033 ἀποφροντὶσας,
1772 1962 1839 2013 ἵν’

242 2048 421 2112 οὕτως
448 2050 607 2113 εἴπω,
643 2050 973 2120 ἀπολύομαι·
1014 2053 1278 2123 σωτήριον
1312 2052 1365 2106 δὲ
1394 2050 1539 2116 εἷπε,
1573 2054 1673 2122 τὴν
1708 2054 1839 2123 σάρει

243 2158 421 2197 κιυσιν
467 2142 560 2195 τοῦ
612 2142 970 2210 Μονογενοῦς,
1003 2144 1069 2213 ἢν
1120 2147 1420 2214 ἡτοίμασεν
1468 2146 1496 2198 ό
1547 2146 1681 2209 Θεὸς
1731 2147 1840 2214 πρὸ

243 2232 467 2285 πάντων
502 2234 611 2285 τῶν
638 2232 873 2288 αίώνων·
900 2235 1041 2289 κατὰ
1072 2238 1366 2307 πρόσωπον
1399 2238 1455 2291 δὲ
1485 2239 1703 2293 πάντων
1728 2238 1839 2292 τῶν

239 2326 395 2379 λαῶν
425 2326 632 2395 ταύτην
654 2328 754 2397 τὴν
787 2329 1063 2396 σωτηρίαν
1093 2331 1416 2401 ἡτοίμασεν·
1443 2333 1533 2385 ἵνα
1556 2333 1667 2404 γάρ
1689 2334 1836 2405 σώσῃ

237 2420 339 2473 τὸν
369 2419 599 2486 κόσμον,
639 2421 732 2471 καὶ
764 2420 850 2471 ἵνα
880 2422 1048 2473 πᾶσιν
1077 2421 1392 2493 ἑμφανισθῇ
1423 2424 1455 2491 ὴ
1498 2422 1666 2476 αὑτοῦ
1704 2423 1839 2493 σάρ-

241 2528 452 2576 κωσις,
499 2511 686 2564 τούτου
734 2510 920 2564 ἕνεκεν
969 2511 1281 2581 ἐσαρκὼθη.
1354 2512 1427 2564 Τὸ
1474 2512 1530 2565 δὲ
1569 2516 1839 2585 σωτήριον

240 2604 405 2657 τοῦτο
449 2603 565 2671 φῶς
610 2605 758 2656 ἑστιν
807 2606 887 2667 εἰς
918 2604 1264 2673 ἀποκάλυψιν
1297 2604 1489 2669 ἐθνῶν,
1521 2603 1833 2673 τουτέστιν,

239 2698 327 2758 εις
373 2696 655 2766 φωτισμὸν
699 2695 805 2747 τῶν
852 2697 1257 2764 ὲσκοτισμένων
1305 2698 1496 2761 ἐθνῶν,
1545 2700 1639 2753 καὶ
1678 2700 1837 2765 δόξαν

237 2789 355 2843 τῶν
417 2790 790 2858 Ἰσραηλιτῶν·
838 2791 965 2854 δόξα
996 2793 1107 2861 γάρ
1141 2792 1170 2844 ό
1203 2790 1443 2860 Χριστὸς
1490 2790 1583 2844 τοῦ
1619 2792 1837 2861 ἀληθῶς

232 2880 377 2935 λαοῦ
411 2882 506 2934 τοῦ
555 2883 793 2952 Ἰσραὴλ,
829 2882 966 2937 καθὸ
1009 2885 1067 2950 ἐξ
1102 2885 1284 2939 αὐτῶν
1332 2886 1702 2940 ἀνατέταλκε·
1740 2888 1836 2940 καὶ

230 2958 749 3041 ἀγκαλλωπίζονται
777 2974 953 3046 τούτῳ
978 2976 1029 3027 οἱ
1056 2974 1229 3038 ὅντως
1252 2975 1616 3043 εὐγνώμονες.
1648 2977 1835 3031 Ταῦτα

228 3062 260 3113 ό
288 3059 538 3130 Συμεών.
581 3063 741 3114 Δοκεῖ
765 3062 822 3114 δέ
867 3080 957 3133 μοι
1001 3063 1094 3117 καὶ
1121 3064 1190 3117 τά
1215 3064 1310 3117 τοῦ
1342 3064 1504 3119 Δαυῖδ
1538 3067 1630 3120 ἐπὶ
1660 3066 1836 3138 τούτῳ

235 3152 514 3225 ἁρμόζειν
538 3154 614 3223 τῷ
642 3155 907 3225 Συμεῶνι·
932 3156 1294 3227 Μακρότητος
1315 3159 1542 3229 ήμερῶν
1565 3160 1834 3233 ἐμπλήσω

231 3244 427 3309 αὑτὸν,
457 3246 551 3298 καὶ
575 3244 734 3311 δείξω
770 3246 917 3316 αὐτῷ
942 3248 1001 3299 τὸ
1037 3248 1308 3318 σωτήριόν
1338 3266 1465 3316 μου.

318 3355 337 3387 ι
372 3337 484 3389 Καὶ
505 3332 573 3405 ἧν
614 3336 811 3408 Ἰωσὴφ
839 3338 935 3392 καὶ
957 3340 991 3409 ή
1021 3340 1203 3410 μήτηρ
1230 3339 1418 3407 αὐτοῦ,
1452 3340 1830 3411 θαυμάζοντες

229 3429 337 3483 ἐπὶ
394 3430 508 3492 τοῖς
560 3428 919 3499 λαλουμένοις
973 3432 1104 3503 περὶ
1154 3433 1343 3487 αὑτοῦ·
1396 3434 1494 3487 καὶ
1535 3435 1831 3507 εὐλόγησεν

226 3522 439 3585 αὐτοὺς
471 3521 722 3589 Συμεὼν,
761 3525 857 3577 καὶ
894 3520 1016 3577 εἷπε
1045 3525 1184 3596 πρὸς
1213 3526 1451 3599 Μαριὰμ
1486 3527 1584 3596 τήν
1616 3529 1831 3600 μητέρα

224 3612 430 3668 αὐτοῦ·
463 3612 598 3668 Ἰδοὺ
629 3609 784 3679 οὗτος
828 3618 1006 3671 κεῖται
1028 3619 1108 3681 είς
1153 3617 1362 3672 πτῶσιν
1392 3620 1488 3673 καὶ
1529 3620 1830 3676 ἀνάστασιν

226 3704 452 3760 πολλῶν
475 3707 533 3759 έν
552 3704 632 3777 τῷ
655 3705 894 3780 Ἰσραὴλ,
921 3710 1017 3763 καὶ
1036 3710 1117 3773 είς
1143 3713 1370 3782 σημεῖον
1388 3712 1828 3783 ἀντιλεγόμενον·

224 3800 334 3853 καὶ
362 3799 459 3853 σοῦ
502 3799 559 3853 δὲ
604 3800 774 3871 αὐτῆς
820 3801 919 3872 τὴν
944 3801 1126 3874 ψυχήν
1157 3803 1494 3860 διελεύσεται
1548 3807 1828 3878 ῥομφαία,

222 3892 391 3954 ὅπως
421 3891 488 3945 ἂν
518 3891 984 3963 ἀποκαλυφθῶσιν
1012 3897 1078 3949 ὲκ
1111 3896 1324 3951 πολλῶν
1359 3898 1604 3969 καρδιῶν
1648 3899 1831 3954 διαλοο

222 3984 456 4054 γισμοί.
498 4000 517 4036 ι
554 3983 834 4057 Εύλόγησε
869 3986 968 4055 μὲν
1012 3988 1367 4061 ἀμφοτέρους
1396 3992 1426 4045 ό
1456 3990 1706 4062 Συμεών·
1738 3992 1831 4046 τὸν

220 4074 290 4129 δὲ
326 4074 690 4144 νομιζόμενον
720 4077 935 4147 πατέρα
962 4078 1148 4148 ἀφεὶς,
1181 4080 1319 4151 πρὸς
1348 4080 1449 4152 τὴν
1480 4080 1699 4152 ἀληθῶς
1726 4101 1834 4156 μη-

218 4168 375 4240 τέρα
403 4167 726 4239 ἐφθέγγετο·
760 4171 914 4237 Ἰδοὺ,
941 4173 1129 4245 φησὶν,
1162 4166 1320 4239 οὗτος
1352 4178 1532 4231 κεῖται
1568 4180 1649 4242 είς
1673 4178 1831 4233 πτῶ-

220 4273 321 4313 σιν
366 4262 463 4312 καὶ
507 4260 807 4315 ἀνάστασιν
849 4262 1062 4319 πολλῶν
1109 4266 1169 4317 ἐν
1201 4265 1280 4336 τῷ
1336 4268 1576 4339 Ἰσραήλ·
1624 4269 1831 4327 πτῶσιν

220 4354 361 4425 μὲν,
401 4353 513 4408 τῶν
550 4355 626 4428 μὴ
656 4358 1023 4413 πιστευόντων
1050 4377 1063 4390 ·
1124 4361 1426 4417 ἀνάστασιν
1456 4364 1535 4429 δι,
1582 4366 1691 4420 τῶν
1737 4385 1830 4421 πι-

220 4445 562 4499 στευόντων·
592 4446 626 4517 ἢ
653 4446 749 4501 καὶ
770 4447 967 4515 ἄλλως,
996 4452 1076 4515 εἰς
1104 4451 1313 4506 πτῶσιν
1344 4457 1522 4509 κεῖται
1550 4458 1579 4509 ό
1603 4456 1827 4530 Κύριος,

222 4538 342 4592 τῶν
374 4539 434 4591 ἂν
464 4541 584 4601 ταῖς
612 4537 811 4609 ψυχαῖς
854 4541 1014 4612 ήμῶν
1060 4544 1248 4599 κακῶν
1280 4563 1293 4576 ·
1329 4549 1411 4611 είς
1442 4551 1745 4606 ἀνάστασιν
1770 4552 1829 4606 δὲ

218 4630 343 4684 τῶν
374 4628 625 4700 ἀγαθῶν.
665 4630 865 4685 Πίπτει
890 4634 1141 4704 πορνεία,
1167 4636 1453 4693 ἀνίσταται
1476 4642 1827 4715 σωφροσύνη·
1863 4614 1908 4671 D

214 4725 324 4776 καὶ
360 4718 541 4785 ἄλλως
564 4720 623 4773 δὲ
642 4721 869 4776 δύναται
896 4724 1181 4796 νοηθῆναι·
1210 4730 1385 4783 κεῖται
1412 4731 1522 4803 γάρ
1543 4735 1571 4785 ό
1592 4733 1833 4805 Χριστὸς

210 4816 304 4878 είς
332 4812 571 4879 πτῶσιν,
595 4813 719 4867 ἀντὶ
749 4814 844 4868 τοῦ
860 4814 1062 4869 Μέλλει
1087 4817 1282 4873 παθεῖν
1308 4820 1494 4887 αὐτὸς,
1519 4825 1620 4884 καὶ
1644 4828 1833 4879 πεσεῖν

209 4910 305 4973 είς
328 4902 594 4973 θάνατον,
625 4909 722 4964 καὶ
755 4911 1057 4983 ἀναστῆναι
1096 4912 1356 4984 μέλλουσι
1390 4916 1596 4984 πολλοὶ,
1634 4920 1834 4973 πεσόν-

211 5016 317 5064 τος
346 4997 546 5054 αὑτοῦ.
593 5000 780 5067 Στιξον
810 5002 903 5056 οὖν
929 5004 987 5058 ιν
1006 5002 1106 5076 τῷ,
1134 5006 1215 5070 εις
1235 5005 1467 5061 πτῶσιν·
1498 5004 1619 5064 εἶτα
1645 5011 1832 5082 ἀρξαι,

209 5094 324 5147 καὶ
365 5089 670 5146 ἀνάστασιν
717 5093 929 5147 πολλῶν
964 5110 979 5124 ·
1008 5100 1238 5168 σημεῖον
1276 5098 1357 5167 δὲ,
1403 5103 1432 5155 ό
1466 5102 1721 5175 σταυρὸς,
1771 5103 1830 5169 ὃς

214 5186 408 5256 μέχρι
427 5183 524 5237 τοῦ
556 5184 651 5239 νῦν
670 5186 1033 5257 ἀντιλέγεται,
1062 5192 1344 5246 τουτέστιν
1364 5196 1425 5247 οὐ
1450 5195 1827 5267 παραδέχεται

213 5276 395 5347 παρά
426 5273 537 5328 τῶν
570 5277 847 5341 ἀπίστων.
884 5281 1122 5349 Λέγεται
1153 5282 1209 5336 δὲ
1244 5288 1469 5355 σημεῖον
1507 5288 1600 5340 καὶ
1633 5289 1665 5359 ή
1698 5290 1831 5361 σάρ-

208 5385 409 5431 κωσις
441 5366 535 5421 τοῦ
572 5370 799 5441 Κυρίου·
839 5373 935 5426 καὶ
965 5373 1118 5439 ξένον
1146 5379 1393 5447 σημεῖον.
1430 5377 1563 5442 Θεὸς
1592 5380 1703 5452 γάρ
1733 5380 1831 5435 άν-

207 5463 463 5534 θρωπος
486 5462 700 5529 γέγονε·
732 5464 829 5518 καὶ
858 5466 1152 5537 παρθένος,
1188 5470 1394 5541 μήτηρ·
1431 5474 1493 5525 τὸ
1519 5471 1577 5526 δὲ
1605 5460 1831 5543 σημεῖον

204 5552 423 5616 τοῦτο,
457 5551 492 5621 ἠ
539 5552 817 5623 σάρκωσις
847 5554 992 5624 λέγω
1022 5558 1117 5613 τοῦ
1156 5561 1422 5630 Χριστοῦ,
1459 5563 1825 5633 ἀντιλέγεται·

205 5647 266 5703 οἱ
306 5644 425 5717 μὲν
458 5643 590 5716 γὰρ,
618 5647 677 5711 ἐξ
720 5648 955 5718 οὐρανοῦ
984 5650 1045 5704 τὸ
1079 5653 1244 5723 σῶμά
1275 5671 1467 5720 φασιν·
1498 5657 1547 5709 οί
1572 5655 1655 5720 δὲ,
1690 5659 1835 5711 κατὰ

205 5738 562 5812 φαντασίαν·
582 5740 632 5792 οι
649 5739 725 5805 δὲ,
747 5740 875 5794 ἄλλο
894 5760 945 5796 τι
964 5743 1287 5815 φλυαροῦσι.
1313 5748 1421 5801 Καὶ
1445 5747 1540 5803 σοῦ
1564 5749 1620 5803 δὲ
1638 5750 1832 5821 αὐτῆς,

292 5920 346 5955 ⁸⁸
381 5917 532 5975 I’sal.
585 5935 805 5987 eum,
844 5920 896 5984 7.
973 5925 1019 5955 ³³
1055 5924 1174 5980 Psal
1244 5940 1330 5981 xc.
1375 5924 1434 5980 16

1856 3264 1907 3326 ε

1957 675 2543 740 Domine,'conﬁtentis
2572 691 2693 745 est,
2724 680 2869 749 quod
2898 679 3013 748 ipse
3036 679 3109 733 sit
3146 678 3551 733 Dominusvita‘.

1954 783 2017 822 ac
2045 769 2256 823 mortis.
2299 767 2431 824 Vide
2468 780 2650 824 autem
2684 772 2959 840 quomodo
2987 772 3161 826 sancti
3200 785 3297 839 pro
3332 769 3551 825 vinculo

1952 876 2153 929 corpus
2195 862 2419 916 habent.
2452 861 2662 917 Idcirco
2691 863 2819 917 dicit
2853 882 2867 920 :
2899 862 3054 918 Nunc
3084 863 3359 927 absolvis,
3390 862 3550 932 quasi

1951 966 1980 1004 a
2011 952 2229 1006 vinculo
2270 971 2282 1007 :
2315 954 2616 1016 secundum
2662 955 2891 1008 verbum
2945 966 3096 1008 tuum
3119 994 3134 1018 ,
3170 962 3392 1023 prOpter
3422 969 3549 1007 ora-

1949 1044 2131 1101 culum
2168 1047 2312 1115 qnod
2347 1058 2633 1115 acceperat
2678 1050 2822 1116 quod
2873 1064 2979 1102 non
3026 1055 3173 1103 esset
3212 1047 3547 1105 moriturus.

1949 1141 2121 1194 donec
2161 1140 2371 1195 videret
2411 1141 2715 1194 Christum.
2749 1140 2806 1193 In
2845 1155 2979 1209 pace
3019 1148 3201 1193 autem
3225 1180 3239 1202 ,
3287 1138 3389 1193 ltoc
3428 1148 3545 1203 est,

1948 1234 2160 1301 quiete,
2194 1249 2320 1287 nam
2346 1234 2509 1287 homo
2540 1232 2717 1301 quoad
2750 1233 2882 1286 vivit
2914 1235 3169 1286 turbatur
3203 1232 3281 1293 ¹⁹,.
3320 1232 3465 1285 sicut
3494 1240 3550 1283 ct

1949 1322 2119 1379 David
2152 1323 2283 1377 dicit
2314 1343 2325 1377 ;
2359 1334 2607 1377 mortuus
2640 1338 2769 1376 vero
2811 1338 3001 1391 pacem
3037 1323 3223 1375 habet.
3258 1320 3354 1374 Vel
3389 1320 3549 1374 aliter

1949 1416 2193 1485 intellige
2234 1433 2247 1468 :
2292 1418 2349 1468 In
2405 1431 2573 1485 pace,
2621 1416 2723 1469 ltoc
2776 1424 2894 1477 est,
2956 1414 3071 1481 spei
3134 1413 3544 1467 consecutione.

1948 1508 2270 1579 Priusquam
2294 1552 2308 1575 ,
2337 1508 2535 1577 inquit,
2564 1509 2820 1562 vidissem
2857 1506 3144 1561 Dominum
3170 1548 3183 1571 ,
3213 1523 3320 1559 non
3353 1514 3547 1574 pacata

1948 1614 2128 1658 mente
2160 1618 2343 1668 eram,
2377 1611 2705 1671 exspectans
2742 1603 2915 1666 illum,
2950 1614 3004 1655 et
3032 1616 3251 1670 semper
3278 1600 3547 1654 sollicitus

1946 1694 2162 1765 quando
2197 1695 2383 1748 veniat
2427 1710 2438 1744 :
2486 1709 2631 1748 nunc
2668 1704 2851 1747 autem
2896 1694 3015 1760 ipso
3059 1691 3207 1753 viso,
3250 1701 3305 1744 et
3348 1706 3537 1759 paceni

1946 1796 2273 1840 consecutus
2294 1826 2307 1847 ,
2342 1794 2396 1838 et
2424 1783 2789 1839 sollicitudine
2821 1782 3115 1844 liberatus,
3145 1792 3204 1834 ut
3232 1780 3309 1834 sic
3340 1781 3541 1837 dicam.

1948 1878 2223 1933 absolvar.
2258 1876 2511 1931 Salutare
2536 1887 2714 1930 autem
2743 1916 2757 1941 ,
2785 1874 3091 1929 iucarnatio
3126 1872 3403 1942 Unigeniti
3436 1880 3541 1934 est,

1945 1987 2109 2042 quam
2158 1979 2288 2025 ante
2332 1968 2528 2023 sa'cula
2578 1967 2760 2021 omnia
2820 1964 2960 2019 Deus
3011 1965 3358 2034 prcharavit.
3403 1966 3545 2017 Ante

1943 2062 2136 2117 faciem
2167 2075 2296 2115 vero
2329 2059 2572 2113 omnium
2599 2057 2921 2127 populorum
2953 2060 3115 2109 istam
3144 2055 3376 2108 salutem
3405 2070 3544 2123 pra:-

1942 2154 2186 2226 paravit,
2224 2164 2279 2207 ut
2304 2153 2544 2206 salvaret
2570 2152 2831 2204 mundum
2854 2192 2867 2214 ,
2894 2159 2949 2202 et
2979 2158 3034 2201 ut
3058 2148 3314 2203 omnibus
3339 2146 3539 2217 liquida

1944 2247 2036 2302 tiat
2062 2244 2183 2315 ejus
2210 2242 2515 2298 incarnatio
2546 2283 2557 2305 ,
2593 2240 2753 2310 cujus
2782 2240 2956 2310 gratia
2986 2250 3039 2294 et
3074 2239 3398 2293 incarnatus
3432 2248 3535 2292 est.

1943 2338 2202 2394 Salutare
2233 2349 2452 2405 quoque
2496 2335 2636 2397 hoc,
2684 2334 2866 2387 lumen
2905 2341 2989 2387 est
3038 2332 3105 2385 ad
3152 2330 3538 2384 revelationem

1940 2432 2213 2500 gentium,
2254 2430 2355 2482 hoc
2383 2436 2499 2493 est,
2536 2426 2603 2479 ad
2633 2425 3056 2479 illustrationem
3103 2425 3347 2492 gentium
3382 2431 3540 2477 oute-

1940 2524 2292 2578 nebratarum
2314 2559 2328 2585 ,
2355 2527 2409 2573 et
2432 2518 2660 2589 gloriam
2690 2515 3089 2571 Israelitarum.
3113 2513 3368 2567 CliriStus
3394 2512 3538 2566 enim

1939 2613 2108 2685 gloria
2137 2620 2218 2667 est
2249 2610 2432 2681 populi
2464 2610 2557 2677 qui
2591 2623 2717 2662 vere
2750 2606 2919 2661 Israel
2980 2608 3281 2661 secundum
3307 2605 3539 2673 quodex

1939 2705 2030 2761 illo
2061 2714 2213 2759 ortus
2246 2712 2325 2757 est
2346 2742 2362 2766 ,
2396 2702 2527 2755 etin
2560 2702 2661 2754 ltoc
2695 2707 2968 2755 ornantur
2997 2698 3088 2766 qui
3116 2696 3333 2763 sapiunt
3362 2711 3425 2749 ac
3459 2695 3542 2747 in-

1939 2797 2210 2865 telligunt.
2238 2794 2364 2849 Haec
2396 2794 2643 2847 Simeon.
2677 2790 2943 2845 Videntur
2970 2798 3151 2843 autem
3181 2788 3313 2841 mihi
3340 2794 3394 2840 et
3420 2802 3564 2854 quas.

1938 2888 2079 2942 dicta
2108 2896 2284 2940 sunta
2322 2884 2514 2947 David,
2555 2881 2851 2938 convenire
2892 2882 3177 2937 Simeoni:
3215 2896 3232 2930 ι
3277 2878 3546 2947 Longitu-

1940 2974 2550 3044 dinedierumirnplebo
2575 2989 2724 3040 eum,
2751 2982 2805 3028 et
2846 2972 3129 3028 ostendam
3175 2970 3248 3025 illi
3307 2970 3542 3025 salutare

1937 3086 2115 3125 meum
2132 3072 2196 3122 ’°.
2235 3090 2253 3121 ι

2008 3343 2177 3399 Vens.
2204 3342 2400 3397 εει-55.
2433 3359 2451 3392 ι
2491 3340 2556 3393 Et
2589 3347 2747 3394 erant
2774 3348 2928 3408 pater
2975 3346 3030 3393 et
3070 3345 3245 3392 mater
3287 3350 3405 3405 eius
3440 3336 3541 3391 mi-

1936 3444 2120 3491 rantes
2162 3448 2326 3504 super
2360 3433 2446 3487 bis
2474 3446 2597 3501 quae
2641 3429 2967 3486 dicebantur
2996 3428 3063 3483 de
3110 3427 3221 3481 illo.
3261 3426 3329 3479 Et
3372 3427 3539 3481 bene-

1935 3530 2073 3586 dixit
2096 3528 2203 3583 illis
2228 3527 2450 3582 Simeon
2477 3544 2491 3581 :
2520 3533 2575 3579 et
2598 3524 2739 3579 dixit
2759 3523 2829 3579 ad
2852 3520 3080 3576 Mariam
3110 3530 3341 3575 matrem
3366 3520 3487 3587 ejus
3515 3536 3533 3574 :

1935 3622 2078 3677 Ecce
2109 3623 2323 3690 positus
2350 3628 2433 3675 est
2461 3618 2551 3673 hic
2585 3618 2642 3672 in
2678 3616 2921 3681 ruinam,
2970 3622 3027 3668 et
3076 3612 3538 3669 resurrectionem

1936 3712 2231 3769 multorum
2264 3711 2319 3765 iu
2352 3708 2545 3774 Israet,
2572 3718 2629 3763 et
2653 3708 2705 3762 in
2731 3707 2949 3774 signum
2981 3705 3066 3758 cui
3102 3702 3535 3758 contradicetur.

1934 3805 2077 3873 Quin
2122 3814 2179 3859 et
2211 3814 2358 3858 tuam
2402 3800 2577 3873 ipsius
2613 3799 2857 3855 animam
2890 3794 3201 3868 penetrabit
3232 3794 3447 3875 gladius
3479 3803 3541 3849 ut

1937 3906 2259 3969 retegantur
2288 3910 2357 3950 ex
2384 3892 2572 3949 multis
2599 3892 2862 3948 cordibus
2887 3890 3270 3960 cogitationes.
3310 3906 3328 3941 ι
3364 3888 3540 3944 Bene-

1939 3988 2075 4045 dixit
2100 3986 2325 4057 quidem
2350 3984 2619 4039 ambobus
2646 3981 2874 4038 Simeon
2904 4002 2917 4039 :
2947 3983 3153 4053 rejecto
3176 3992 3357 4037 autem
3385 3992 3541 4052 patre

1936 4082 2213 4150 putativo,
2255 4079 2323 4136 ad
2357 4094 2541 4135 veram
2574 4089 2812 4134 matrem
2852 4078 3069 4133 locutus
3101 4089 3185 4132 est
3221 4095 3235 4132 :
3275 4078 3416 4133 Ecce
3449 4077 3541 4134 hic

1934 4176 2146 4248 positus
2172 4184 2256 4230 est
2285 4174 2339 4229 in
2372 4172 2585 4230 ruinam
2608 4212 2623 4237 ,
2658 4180 2713 4227 et
2747 4172 3206 4227 resurrectionem
3244 4169 3536 4225 multorum

1937 4271 1990 4325 in
2020 4268 2210 4325 Israel.
2237 4269 2472 4323 Ruinam
2508 4265 2729 4336 quidem
2760 4262 2893 4319 dicit
2924 4279 3115 4320 eorum
3150 4262 3242 4332 qui
3280 4277 3390 4318 non
3419 4276 3540 4317 cre-

1934 4362 2229 4426 diderunt,
2278 4360 2372 4431 qui
2420 4373 2553 4414 vero
2602 4356 2991 4422 crediderunt,
3046 4353 3535 4409 resurrectionem.

1939 4454 2035 4510 Vel
2070 4454 2232 4511 etiam
2275 4453 2439 4508 aliter
2485 4470 2499 4507 :
2535 4451 2595 4505 In
2648 4450 2869 4505 ruinam
2906 4447 3118 4517 positus
3152 4456 3233 4501 est
3277 4444 3540 4502 Dominus

1938 4548 2205 4601 malorum
2248 4560 2371 4616 quae
2421 4544 2474 4598 in
2530 4544 2823 4598 animabus
2868 4539 3073 4596 nostris
3113 4558 3126 4594 :
3182 4539 3236 4593 in
3288 4553 3539 4593 resurre-

1936 4641 2175 4696 ctionem
2232 4652 2360 4693 vero
2418 4638 2708 4692 bonorum.
2773 4632 2933 4690 Cadit
2992 4631 3313 4698 foruicatio,
3365 4629 3539 4701 surgit

1938 4732 2301 4787 continentia.
2362 4728 2462 4783 Vel
2515 4728 2679 4783 aliter
2730 4740 2950 4797 quoque
3001 4724 3230 4793 intelligi
3284 4731 3463 4794 potest
3518 4740 3533 4777 :

1937 4823 2154 4879 Positus
2187 4829 2277 4877 est
2302 4821 2450 4877 enim
2482 4819 2747 4876 Dominus
2774 4820 2827 4874 in
2871 4817 3118 4881 ruinam,
3152 4816 3256 4871 hoc
3282 4824 3387 4879 est,
3422 4814 3539 4885 ipse

1938 4932 2198 4989 passurus
2225 4923 2331 4981 est,
2368 4924 2423 4970 et
2447 4927 2677 4970 casurus
2697 4922 2785 4968 εει
2815 4912 2870 4967 in
2902 4921 3134 4966 mortem
3170 4928 3185 4963 ε
3217 4920 3271 4965 ει
3299 4924 3423 4965 cum
3447 4922 3539 4965 08'

1940 5010 2137 5067 ciderit
2172 5011 2309 5075 ipse,
2341 5015 2633 5078 resurgent
2666 5004 2847 5061 multi.
2877 5004 3147 5059 Punctum
3183 5011 3363 5058 autem
3397 5016 3539 5071 pone

1939 5115 2063 5157 cum
2096 5100 2333 5165 dixeris,
2375 5100 2431 5154 in
2466 5098 2679 5153 ruinam
2728 5112 2743 5150 :
2779 5094 2976 5151 deinde
3009 5094 3218 5165 incipe.
3262 5100 3319 5149 et
3356 5108 3539 5147 resur-

1941 5193 2237 5248 rectionem
2263 5190 2581 5247 multorum.
2607 5185 2833 5259 Signum
2853 5196 3055 5253 autem,
3079 5200 3240 5253 crux,
3262 5184 3349 5240 cui
3369 5199 3540 5255 usque

1940 5287 1993 5341 in
2029 5286 2133 5340 hoc
2171 5294 2387 5354 tempus
2413 5282 2832 5347 contradicitur,
2863 5279 2965 5334 hoc
2992 5288 3100 5343 est,
3131 5292 3238 5333 non
3279 5276 3540 5346 recipitur

1938 5378 2008 5432 ab
2050 5376 2369 5433 incredulis.
2401 5373 2610 5429 Dicitur
2640 5381 2697 5428 et
2730 5371 3038 5426 incarnatio
3056 5369 3273 5426 Domini
3300 5369 3537 5439 signum,

1938 5478 1995 5523 et
2018 5466 2268 5522 mirabile
2306 5467 2541 5536 signum.
2590 5462 2735 5519 Deus
2761 5463 2907 5518 enim
2940 5461 3103 5516 homo
3133 5458 3267 5529 fuit,
3301 5469 3356 5514 et
3384 5460 3539 5531 virgo

1936 5570 2143 5624 mater;
2193 5559 2321 5613 huic
2367 5564 2548 5613 autem
2585 5556 2783 5625 signo,
2833 5552 3234 5617 incarnatioui,
3280 5551 3536 5621 inquam,

1935 5653 2138 5709 Christi
2172 5650 2588 5707 contradicitur.
2630 5648 2865 5716 Quidam
2907 5647 3052 5702 enim
3086 5645 3275 5700 dicunt
3311 5658 3537 5699 carnem

1936 5768 1966 5808 e
1985 5748 2150 5821 290
2164 5746 2325 5814 coitu,
2351 5746 2571 5817 quidam
2596 5758 2724 5801 vero
2742 5752 3086 5812 apparenter,
3106 5739 3328 5812 quidam
3350 5745 3533 5793 autem
