4038 6560
223 464 326 526 ’ῐῖ3

305 597 321 626 ι
365 579 470 630 Κα“.
510 576 837 647 ἐπορεύοντο
871 575 920 630 οἱ
955 577 1134 645 γονεῖς
1189 575 1357 630 αὑτοῦ
1418 575 1536 629 κατ’
1596 575 1714 639 ἔτος
1745 577 1826 640 είς
1857 579 1904 637 Α

230 670 597 740 Ἰερουσαλὴμ
635 672 700 738 τῇ
734 670 897 738 ἑορτῇ
928 668 1024 723 τοῦ
1076 669 1306 737 Πάσχα·
1344 668 1439 722 καὶ
1478 668 1567 720 ὅτε
1602 669 1825 736 ἐγένετο

222 763 365 815 ἑτῶν
417 764 646 825 δώδεκα,
714 762 1037 816 ἀναϐάντων
1090 761 1276 815 αὐτῶν
1330 763 1411 824 εἰς
1475 761 1826 830 Ἱεροσόλυμα

220 851 364 903 κατὰ
410 851 471 903 τὸ
542 850 662 915 ὲοος
700 851 799 920 τῆς
850 851 1069 920 ὲορτῆςν
1123 852 1220 903 καὶ
1273 851 1688 904 τελειωσάντων
1724 851 1823 913 τὰς

221 943 460 1012 ἡμέρας,
517 945 574 995 ὲν
655 943 731 1013 τῷ
809 944 1174 1015 ὑποστρέφειν
1235 943 1457 1006 αὑτοὺς,
1528 942 1826 1011 ἀπέμεινεν

232 1035 447 1106 Ἰησοῦς
476 1039 503 1088 ὁ
537 1039 669 1100 παῖς
699 1039 758 1089 ἐν
797 1037 1180 1107 Ἰερουσαλὴμ,
1236 1038 1332 1090 καὶ
1364 1040 1465 1091 οὑκ
1524 1037 1667 1105 ἔγνω
1711 1037 1825 1090 Ἰω-

221 1127 332 1196 σὴφ
366 1128 462 1181 καὶ
504 1131 535 1198 ἡ
565 1130 749 1199 μήτηρ
781 1129 948 1180 αὑτοῦ
972 1143 983 1155 ·
1019 1129 1350 1197 νομίσαντες
1381 1129 1438 1182 δὲ
1464 1129 1628 1182 αὑτὸν
1663 1131 1722 1182 ἐν
1754 1131 1821 1199 τῇ

219 1222 445 1294 συνοδίᾳ
505 1218 670 1287 εἶναι,
730 1219 895 1292 ἦλθον
950 1222 1171 1290 ἡμέρας
1207 1223 1359 1275 ὁδόνο
1399 1224 1494 1274 καὶ⁹
1527 1223 1824 1293 ἀνεζήτουν

216 1315 386 1367 αὑτὸν
432 1316 488 1366 ἑν
537 1317 650 1377 τοῖς
686 1315 974 1382 συγγενέσι
1019 1315 1112 1366 καὶ
1163 1316 1220 1366 ἐν
1255 1316 1364 1367 τοῖς
1397 1317 1687 1379 γνωστοῖς·
1729 1315 1825 1368 καὶ

211 1410 296 1482 μὴ
331 1406 584 1478 εὑρόντες
612 1405 795 1466 αὑτὸν.
827 1406 1172 1476 ὑπέστρεψαν
1221 1407 1305 1468 εἰς
1345 1405 1704 1474 Ἰερουσαλὴμ
1726 1403 1824 1473 ζη-

215 1498 440 1561 τοῦντες
476 1499 661 1557 αὑτὸν,
692 1498 782 1549 καὶ
815 1498 1046 1563 ἐγένετο,
1085 1496 1204 1564 μεθ’
1241 1498 1454 1566 ἡμέρας
1489 1499 1637 1566 τρεῖς
1667 1491 1822 1564 εὗρον

213 1593 387 1646 αὑτὸν
423 1596 479 1645 ἐν
527 1591 606 1661 τῷ
657 1589 809 1660 ίερῷ,
846 1588 1210 1659 καθεζόμενον
1259 1591 1315 1640 ἐν
1352 1589 1502 1658 μέσῳ
1538 1587 1647 1639 τῶν
1677 1587 1824 1640 διδα-

217 1685 462 1743 σκάλων,
503 1685 595 1736 καὶ
629 1682 897 1734 ἀκούοντα
939 1682 1143 1743 αὑτῶν,
1188 1683 1282 1734 καὶ
1333 1679 1701 1750 ἐπερωτῶντα
1728 1680 1796 1732 αὑ

211 1775 367 1840 τούς.
425 1776 734 1840 Ἐξίσταντο
765 1775 821 1826 δὲ
850 1775 1052 1838 πάντες
1096 1775 1143 1825 οί
1191 1772 1480 1835 ἀκούοντες
1503 1773 1691 1835 αὑτοῦ,
1735 1775 1826 1824 ἐπὶ

211 1869 280 1937 τῇ
320 1868 536 1919 συνέσει
572 1869 664 1918 καὶ
687 1868 805 1926 ταῖς
831 1864 1189 1935 ἀποκρίσεσιν
1232 1864 1398 1916 αὑτοῦ
1423 1880 1436 1892 ⁸
1474 1866 1570 1916 καὶ
1606 1863 1809 1925 ἰδόντες

211 1961 406 2024 αὑτὸν,
435 1959 820 2028 ἐξεπλάγησαν
849 1974 862 1986 ·
892 1962 984 2010 καὶ
1013 1959 1145 2027 πρὸς
1172 1959 1337 2010 αὑτὸν
1366 1960 1397 2026 ἡ
1439 1958 1624 2028 μήτηρ
1657 1955 1822 2008 αὑτοῦ

210 2046 363 2106 εἷπε·
407 2053 629 2114 Τέκνον,
669 2053 722 2104 τί
755 2052 1020 2118 ἐποίησας
1048 2053 1183 2118 ἡμῖν
1219 2049 1424 2112 οὑτως;
1505 2048 1636 2100 Ἰδοὺ
1665 2051 1691 2101 ὁ
1718 2065 1823 2100 παρ

209 2146 324 2217 τήρ
353 2163 448 2199 σου
484 2144 660 2213 κάγὼ,
692 2143 1023 2214 ὀδυνώμενοι
1069 2143 1374 2212 ἐζητοῦμέν
1400 2160 1484 2197 σε.
1556 2143 1665 2195 Καὶ
1702 2139 1823 2194 εἷπε

209 2237 355 2308 πρὸς
385 2235 614 2298 αὐτούς·
646 2235 709 2287 Τί
753 2236 835 2288 ὅτι
868 2232 1111 2303 ἐζητεῖτέ
1144 2250 1210 2304 με
1238 2252 1251 2298 ;
1281 2235 1396 2287 Οὐκ
1425 2233 1602 2304 ᾔδειτε
1651 2235 1731 2285 ὅτι
1766 2236 1823 2284 ἐν

207 2331 328 2392 τοῖς
386 2327 482 2380 τοῦ
545 2327 758 2396 Πατρός
791 2343 891 2394 μου
947 2326 1029 2377 δεῖ
1073 2320 1212 2378 εἷναί
1267 2341 1372 2393 με;
1431 2326 1541 2378 Καὶ
1576 2326 1821 2377 αὑτοὶοὺ

207 2419 462 2491 συνῆκαν
486 2420 546 2472 τὸ
575 2419 728 2489 ῥῆμα
762 2419 791 2470 ὃ
827 2418 1091 2487 ἐλάλησεν
1134 2418 1339 2480 αὑτοῖς.
1372 2437 1389 2469 ι
1428 2418 1820 2471 Συναναδαίνει

203 2515 329 2576 τοῖς
357 2511 610 2580 γονεῦσιν
646 2513 727 2575 είς
773 2509 1156 2582 Ἰερουσαλὴμ,
1191 2511 1278 2563 ἵνα
1301 2511 1389 2564 διά
1429 2512 1649 2564 πάντων
1672 2511 1824 2583 δείξῃ

202 2607 296 2658 ὃτι
325 2605 426 2658 οὑκ
457 2604 605 2656 ἐστιν
637 2603 905 2667 ἀντίθεος,
947 2603 1057 2655 οὐδ’
1106 2602 1495 2656 ἀντιτάσσεται
1522 2605 1636 2665 τοῖς
1671 2621 1822 2656 νενο-

207 2698 646 2770 μοθετημένοιςο
699 2696 1113 2749 τελειωσάντων
1167 2697 1222 2748 δὲ
1273 2698 1370 2760 τὰς
1421 2697 1662 2768 ἡμέρας,
1722 2701 1822 2763 τὰς

202 2789 355 2843 ὲτττά
387 2788 593 2858 δηλαδὴ
620 2788 715 2840 τοῦ
745 2788 963 2858 Πάσχα,
1002 2788 1302 2858 ἀπέμεινεν
1333 2791 1392 2842 ἐν
1431 2790 1819 2861 Ἰερουσαλήμ.

201 2883 508 2952 Συνεζήτει
539 2881 596 2934 δὲ
630 2881 770 2950 μετά
797 2882 906 2934 τῶν
943 2881 1354 2951 Γραμματέων,
1383 2883 1492 2935 ἀπὸ
1533 2882 1626 2935 τοῦ
1653 2885 1821 2954 νόμου

199 2975 439 3046 ἀρωτῶν
471 2973 670 3035 αὑτούς
694 2991 707 3004 ·
749 2975 847 3027 καὶ
883 2973 1168 3038 ἐξίσταντο
1212 2976 1436 3038 πάντες.
1506 2974 1670 3048 Ὁρᾷς
1703 2976 1821 3043 πῶς

201 3067 556 3139 προέκοπτεν
587 3069 678 3120 ἐπὶ
727 3068 889 3138 σοφίᾳ
909 3108 924 3132 ,
964 3067 1054 3121 διὰ
1087 3067 1182 3120 τοῦ
1205 3067 1575 3135 γινώσκεσίιαι
1607 3069 1822 3132 πολλοῖς

197 3162 304 3215 καὶ
340 3161 724 3231 θαυμάζεσθαι
753 3177 766 3225 ;
826 3161 858 3229 ἡ
896 3162 1006 3230 γὰρ
1069 3160 1334 3229 ἑκφανσις
1367 3161 1465 3228 τῆς
1497 3161 1691 3228 σοφίας
1723 3160 1821 3212 αὑ-

929 461 1376 525 ENARRATIO
1424 461 1501 523 [Ν
1546 461 1822 524 EVAN’GI

1942 462 2051 522 ΗΜ
2095 462 2332 524 ωδε.
2365 489 2432 498 -
2464 463 2626 523 C.\P.
2672 464 2758 523 ῐῐ.

3429 459 3536 524 734

2010 575 2176 629 Vens.
2229 575 2416 630 41-50.
2450 593 2466 625 ι
2507 573 2570 626 Et
2605 573 2753 626 il-ant
2801 578 3054 641 parentes
3091 568 3206 637 ejus
3239 574 3536 639 quotannis

1932 670 2368 740 Hierosolymam
2401 670 2455 723 in
2489 670 2576 723 die
2617 668 2752 721 festo
2815 665 3062 720 Paschae.
3104 663 3316 718 Etcum
3364 664 3535 717 fat-tus

1930 774 2078 818 esset
2109 777 2377 818 annorum
2406 760 2714 825 duodecim,
2776 757 3201 814 ascendentibus
3255 758 3360 810 illis
3405 758 3538 811 Ilie-

1931 855 2264 925 rosolymam
2339 856 2638 910 secundum
2725 851 3178 906 consuetudinem
3235 850 3340 905 diei
3390 850 3535 912 festi,

1931 952 2437 1018 consummatisque
2469 950 2660 1004 diebus
2688 964 2810 1004 cum
2837 947 3078 1001 redirent
3115 946 3213 1010 illi,
3275 945 3539 998 reman~it

1930 1059 2065 1114 puer
2095 1041 2251 1096 Jesus
2278 1043 2697 1112 l’iicrosolymis,
2721 1051 2775 1095 et
2801 1056 2910 1114 non
2946 1047 3320 1105 cognoverunt
3344 1053 3538 1104 paren-

1933 1148 2016 1193 tes
2102 1136 2243 1206 ejus.
2305 1136 2575 1190 Caeterum
2621 1135 2724 1185 rati
2788 1111 2938 1184 illum
2964 1146 3085 1184 esse
3141 1130 3194 1182 in
3254 1129 3534 1187 run-italu,

1934 1238 2206 1284 venerunt
2268 1229 2466 1281 itinere
2526 1225 2652 1288 diei,
2690 1235 2745 1279 et
2820 1221 3174 1292 requirebant
3229 1237 3353 1272 cum
3394 1222 3539 1272 inter

1931 1333 2201 1393 cognatos
2228 1332 2283 1376 et
2313 1321 2454 1374 inter
2500 1329 2679 1372 notos.
2751 1317 2816 1371 Et
2853 1331 2973 1371 cum
3028 1330 3132 1368 non
3198 1313 3538 1366 invenissent

1933 1433 2082 1480 cum,
2123 1415 2324 1468 reversi
2366 1422 2490 1465 sunt
2523 1410 2980 1481 Hierosolymam,
3023 1413 3334 1472 quaerentes
3387 1419 3535 1458 eum.

1933 1507 2000 1561 Et
2039 1507 2237 1562 accidit
2263 1515 2378 1576 post
2422 1504 2684 1564 triduum,
2727 1503 3055 1554 invenerunt
3082 1498 3306 1552 illumin
3337 1497 3539 1565 templo

1934 1599 2215 1654 sedentem
2245 1599 2294 1651 in
2331 1596 2508 1652 medio
2567 1597 2880 1656 doctorum,
2927 1592 3241 1646 audientem
3300 1588 3442 1650 illos.
3485 1601 3538 1641 rt

1932 1691 2362 1761 interrogantem
2417 1704 2530 1741 eos.
2584 1685 2892 1754 Stupebant
2953 1691 3134 1736 autem
3195 1695 3384 1734 omnes
3443 1680 3536 1748 qui

1932 1799 2056 1839 eum
2087 1783 2403 1842 audiebant,
2446 1777 2986 1850 superinlelligentia
3016 1785 3069 1828 et
3096 1773 3375 1841 responsis
3397 1771 3536 1838 ejus.

1932 1887 1984 1930 et
2011 1875 2126 1929 viso
2162 1889 2248 1936 eo,
2276 1871 2529 1925 admirati
2557 1880 2703 1923 sunt.
2737 1867 2803 1921 Et
2857 1867 2994 1920 dixit
3059 1873 3238 1918 mater
3305 1863 3421 1932 ejus
3472 1864 3537 1914 ad

1932 1968 2078 2022 illum
2112 1983 2124 2018 :
2161 1965 2284 2029 Fili,
2310 1980 2406 2017 cur
2439 1962 2613 2016 fecisti
2648 1960 2805 2014 nobis
2827 1960 2906 2012 sic
2931 1959 2954 2011 ?
2982 1957 3122 2012 Ecce
3149 1970 3303 2026 pater
3335 1967 3461 2009 tuus
3489 1963 3541 2008 rt

1929 2076 2031 2129 ego
2065 2059 2318 2113 dolentes
2343 2055 2723 2127 quaerebamus
2750 2063 2822 2111 te.
2859 2053 2924 2106 Et
2958 2053 3033 2106 ait
3064 2050 3130 2106 ad
3187 2051 3312 2105 illos
3347 2066 3361 2103 :
3399 2049 3539 2116 Quid

1926 2161 2010 2206 est
2042 2150 2184 2221 quod
2229 2148 2564 2218 quaerebatis
2599 2147 2736 2203 me?
2769 2146 2853 2200 An
2903 2143 3234 2200 ncsriebatis
3293 2142 3438 2211 quod
3481 2141 3534 2195 in

1931 2248 2014 2298 bis
2043 2259 2164 2313 qua:
2198 2241 2384 2296 Patris
2425 2241 2529 2294 mei
2574 2249 2724 2304 sunt,
2755 2246 2971 2307 oportet
3007 2251 3093 2293 me
3155 2235 3404 2291 esse?At
3465 2234 3537 2288 illi

1931 2353 2038 2394 non
2110 2337 2501 2390 intellexerunt
2574 2347 2910 2398 sermonem,
2984 2345 3144 2401 quem
3204 2329 3416 2384 locutus
3459 2339 3542 2382 est

1932 2429 2088 2498 ipsis.
2129 2446 2146 2478 ι
2183 2427 2358 2481 Simul
2398 2425 2546 2479 venit
2573 2440 2695 2478 eum
2740 2424 3062 2492 parentibus
3106 2424 3160 2478 in
3209 2420 3539 2484 Jerusalem,

1931 2533 1987 2574 ιιι
2023 2537 2119 2591 per
2152 2522 2334 2574 omnia
2370 2519 2620 2573 ostendat
2646 2532 2839 2574 senon
2877 2517 3261 2572 adversarium
3289 2516 3417 2579 Deo,
3447 2531 3513 2569 ne

1928 2628 2032 2684 que
2067 2626 2461 2683 repugnantem
2492 2613 2578 2667 liis
2600 2627 2719 2680 qua:
2742 2626 2769 2664 a
2792 2611 2912 2680 lege
2931 2612 3105 2680 posita
3134 2610 3372 2665 fuerunt.
3403 2610 3538 2664 Cum

1930 2706 2292 2780 perfecissent
2323 2716 2504 2760 autem
2560 2704 2676 2758 dies
2737 2713 2969 2774 septem,
3032 2703 3256 2758 Pascha:
3305 2703 3538 2766 scilicet,

1929 2795 2130 2850 mansit
2170 2798 2220 2849 in
2251 2795 2578 2851 Jerusalem.
2601 2797 2926 2865 Disputabat
2944 2793 3126 2848 autem
3149 2809 3272 2847 cum
3297 2793 3538 2852 Scribis.

1932 2903 2138 2956 rogans
2168 2901 2262 2942 eos
2288 2888 2355 2941 de
2389 2889 2504 2958 lege
2542 2897 2633 2942 :et
2665 2888 3068 2956 obstupuerunt
3121 2900 3332 2941 omnes.
3381 2884 3545 2939 Vides

1931 2977 2207 3046 quomodo
2238 2977 2536 3045 profecerit
2559 2978 2610 3031 in
2638 2977 3012 3046 sapientia,eo
3043 2976 3188 3043 quod
3219 2984 3542 3030 nosceretur

1929 3084 1956 3123 a
1994 3069 2201 3129 multis,
2241 3079 2295 3122 et
2323 3071 2376 3122 in
2418 3069 2783 3124 admiratione
2834 3069 3020 3124 esset?
3082 3068 3350 3122 Emicatio
3393 3066 3540 3119 enim

1925 3162 2212 3228 sapientiae
2235 3161 2374 3229 ejus.
2407 3160 2690 3230 profccms
2712 3161 2829 3231 ipse
2858 3170 2962 3216 est.
2994 3159 3168 3214 Porro
3222 3161 3397 3229 ipsum
3445 3157 3543 3212 Ju—

198 3253 306 3306 τοῦ
330 3295 345 3319 ,
379 3252 519 3323 αὕτη
550 3253 699 3307 ἐστὶν
743 3253 775 3320 ἡ
813 3251 1070 3322 προκοπὴ
1119 3251 1312 3304 αὑτοῦ.
1360 3250 1580 3321 Πατέρα
1635 3251 1692 3304 δὲ
1730 3251 1821 3304 τὸν

1933 3254 2062 3322 seph
2109 3263 2319 3323 patrem
2355 3256 2604 3308 nominat
2630 3253 2723 3308 Dei
2750 3251 3024 3315 Genitrix.
3090 3252 3270 3306 sciens
3319 3249 3542 3320 quidem

210 3343 432 3414 Ἰῳσὴφ
494 3345 755 3415 ὀνομάζει
816 3345 850 3413 ἡ
903 3342 1196 3406 Θεοτόκος,
1259 3342 1433 3394 εἰδυῖα
1471 3343 1676 3411 μὲνώς
1719 3344 1820 3396 οὐκ

201 3438 335 3490 ἔστι
384 3437 608 3508 πατήρο
654 3436 796 3506 πλὴν
830 3435 918 3488 διά
964 3434 1091 3498 τοὺς
1134 3434 1447 3497 Ἰουδαίους,
1486 3435 1572 3487 ἵνα
1622 3436 1695 3505 μὴ
1729 3453 1816 3488 νο-

199 3527 394 3598 μισθῇ
425 3529 492 3580 ὲκ
543 3527 801 3597 πορνείας
862 3521 1025 3586 εἶναι,
1062 3526 1276 3594 πατέρα
1332 3526 1498 3577 αὑτοῦ
1555 3524 1820 3592 λέγειτὺν

205 3621 428 3690 Ἰωσήφ
453 3635 467 3650 ο
527 3621 703 3682 ἄλλως
736 3635 795 3670 τε
840 3619 931 3670 καὶ
983 3619 1190 3688 πατρὸς
1219 3617 1550 3688 κηδεμονίαν
1579 3619 1820 3683 ἐνδειξά-

193 3729 420 3783 μινον,
487 3713 581 3764 καὶ
641 3710 961 3783 ὑπουργίαν.
995 3711 1054 3762 ἐν
1117 3712 1185 3779 τῇ
1242 3711 1549 3781 ἀνατροφῇ,
1592 3711 1820 3774 εἰκότως

189 3804 505 3874 ὠνόμασεν
530 3802 696 3854 αὑτὸν
729 3781 977 3872 πατέρα’·
1007 3801 1209 3854 ὡσανεὶ
1240 3802 1512 3869 τιμῶντος
1536 3801 1700 3854 αὑτὸν
1728 3802 1820 3854 τοῦ

186 3901 374 3970 ἁγίου
409 3897 730 3968 Πνεὺματος
772 3899 838 3968 τῇ
885 3897 978 3950 τοῦ
1035 3896 1238 3966 πατρὸς
1287 3895 1654 3967 προσηγορία.
1725 3898 1822 3949 ,ιιά

186 3994 342 4059 τίβὲ
373 3992 600 4062 ἐζήτουν
631 3991 793 4044 αὑτόν
817 4005 832 4055 ;
860 3985 925 4042 Ἀ
940 4006 1008 4060 ρα
1043 3988 1313 4060 ὑπόληψιν
1341 3990 1565 4057 ἔχοντες
1603 3989 1822 4063 ὅτι-ἁπ-

191 4086 422 4142 όλωλεν
446 4085 480 4154 ἦ
503 4083 840 4153 πεπλάνηται
869 4084 942 4145 ὡς
965 4086 1093 4146 παῖς
1117 4100 1132 4149 ;
1160 4085 1227 4135 Ἀ
1240 4100 1402 4150 παγε.
1422 4081 1561 4135 Οὑτε
1587 4083 1694 4152 γὰρ
1723 4083 1819 4152 τῆς

187 4179 504 4247 πανσόφου
535 4177 756 4248 Μαρίας
791 4176 950 4230 τοῦτο
978 4173 1070 4249 ἦν,
1109 4177 1313 4247 μυρίας
1349 4175 1656 4245 δεξαμένης
1690 4177 1819 4246 περὶ

183 4271 384 4329 αὑτοῦ
407 4269 810 4339 ἀποκαλύψεις,
847 4268 970 4323 οὑτε
1005 4268 1098 4322 τοῦ
1146 4270 1370 4338 Ἰωσὴφ,
1402 4269 1498 4322 τοῦ
1528 4272 1622 4322 καὶ
1652 4269 1818 4322 αὑτοῦ

183 4364 713 4434 ἁποκαλυφθέντος
742 4365 825 4417 ὅτι
850 4366 914 4418 ὲκ
946 4363 1268 4433 Πνεύματος
1300 4362 1455 4429 ἀγίου
1481 4362 1650 4416 ἐστίν.
1675 4363 1818 4414 Ἀλλ’

178 4460 449 4531 ιζήτουν
502 4455 688 4523 αὑτὸν,
754 4457 954 4526 μήπως
1007 4455 1224 4524 ἀπέστη
1257 4456 1351 4506 ἀπ’
1382 4453 1584 4519 αὖτῶνν
1621 4459 1820 4524 μήπίυῖ

179 4547 612 4605 καταλέλοιπεν
672 4545 896 4605 αὑτούς.
965 4545 1119 4598 Ἐπεὶ
1178 4545 1236 4598 δὲ
1282 4539 1442 4614 εὗρον
1488 4545 1676 4608 αὑτὸν,
1721 4546 1820 4614 δρα

1928 3363 2037 3402 non
2100 3363 2221 3402 esse
2244 3359 2454 3420 patrem
2497 3368 2509 3404 :
2538 3359 2913 3405 verumtamen
2941 3359 3166 3418 propter
3195 3345 3432 3412 Judaeos,
3487 3356 3546 3401 ut

1930 3462 1999 3500 ne
2035 3447 2287 3501 videatur
2315 3462 2379 3500 ex
2419 3445 2784 3504 fornicatione
2813 3453 3138 3516 prognatus,
3166 3453 3374 3514 patrem
3426 3443 3544 3510 ejus

1927 3538 2060 3594 dicit
2087 3538 2313 3610 Josepli.
2349 3537 2445 3593 Vel
2473 3539 2658 3592 aliter:
2697 3537 2967 3604 Quoniam
3003 3537 3323 3606 velutpater
3351 3551 3541 3589 curam

1930 3633 2085 3702 pueri
2118 3633 2368 3702 gerebat,
2405 3642 2458 3699 et
2497 3631 2661 3688 simul
2712 3631 3096 3687 conversando
3167 3630 3533 3695 ministrabat,

1929 3727 2125 3780 merito
2153 3724 2456 3780 nominavit
2479 3725 2630 3780 illum
2664 3734 2900 3794 patrem,
2943 3734 3201 3792 tanquam
3238 3722 3545 3776 honorante

1927 3817 2078 3870 illum
2157 3817 2364 3885 Spiritu
2463 3825 2656 3884 sancto
2738 3814 2916 3884 patris
2990 3814 3277 3868 vocabulo.
3364 3813 3596 3880 Quare'

1928 3920 2106 3964 autem
2141 3910 2456 3978 quaerebant
2491 3907 2686 3964 illum?
2718 3905 2860 3962 Num
2901 3908 3326 3974 suspicabantur
3363 3906 3545 3974 perdi-

1931 4015 2041 4055 tum
2078 4003 2227 4056 illum
2276 4012 2369 4056 aut
2421 4003 2566 4070 quod
2621 4003 2930 4057 aberrasset
2994 4012 3052 4054 ut
3109 4001 3282 4068 puer?
3346 3999 3544 4054 Absit!

1926 4093 2113 4164 Neque
2193 4096 2335 4148 enim
2414 4098 2517 4150 hoc
2589 4096 3006 4166 sapicntissinu:
3067 4093 3254 4147 Maria.-
3353 4092 3544 4155 fuerit.

1925 4199 2044 4254 qua:
2087 4183 2354 4254 plurimas
2384 4184 2449 4238 de
2486 4185 2578 4239 illo
2613 4191 2904 4253 acceperat.
2931 4183 3317 4246 revelationes,
3369 4196 3546 4251 neque

1924 4275 2150 4347 Josepli,
2178 4279 2263 4332 cui
2292 4286 2346 4331 et
2372 4278 2472 4346 ipsi
2496 4277 2563 4332 de
2591 4277 2684 4332 illo
2724 4278 3024 4331 revelatum
3053 4286 3172 4330 erat
3197 4275 3340 4343 quod
3366 4291 3393 4328 n
3421 4274 3549 4345 Spi‘

1929 4372 2034 4425 ritu
2070 4379 2262 4426 saneto
2306 4382 2472 4426 esset.
2506 4370 2706 4425 Verum
2763 4369 3088 4444 quazrebant
3138 4370 3310 4436 illum,
3348 4384 3413 4424 ne
3437 4384 3547 4437 quo

1929 4473 2087 4533 pacto
2109 4465 2176 4518 ab
2203 4466 2281 4518 eis
2313 4465 2557 4527 abiisset,
2579 4479 2756 4534 neque
2776 4462 2912 4518 forte
2933 4464 3251 4534 reliquisset
3270 4462 3412 4518 illos.
3440 4460 3541 4517 Ubi

1933 4567 2114 4611 autem
2150 4558 2480 4612 invenerunt
2512 4572 2660 4616 eum.
2692 4558 2814 4612 vide
2846 4560 3123 4628 quomodo
3145 4557 3280 4625 ipsis
3313 4571 3542 4628 rcSpon-

179 4643 323 4705 πῶς
379 4639 572 4701 αὐτοῖς
629 4637 1034 4707 ἀποκρίνεται·
1094 4637 1192 4703 τῆς
1241 4637 1351 4707 γὰρ
1387 4636 1698 4710 Παρθένου,
1732 4638 1822 4689 τὸν

1935 4655 2050 4708 det.
2086 4656 2220 4709 Cum
2248 4655 2395 4708 enim
2422 4655 2590 4725 Virgo
2625 4651 2825 4724 Joscpli
2857 4663 3071 4723 patrem
3118 4653 3236 4722 ejus
3289 4653 3544 4715 dixisset,

190 4734 434 4803 Ἰωσὴφ
469 4733 680 4802 πατέρα
709 4730 978 4800 εἰπούσης
1006 4729 1198 4794 αὑτοῦ,
1235 4729 1444 4791 ἐκεῖνός
1480 4747 1644 4798 φησιν
1667 4731 1825 4796 ’,Οὑκ

174 4808 388 4888 αὑτός¹
417 4825 569 4876 ἔστιν
604 4825 632 4877 ὁ
659 4822 867 4894 ἀληθής
913 4839 1017 4891 μου
1065 4822 1276 4892 Πατὴρ,
1326 4817 1361 4891 ἦ
1419 4823 1529 4891 γὰρ
1559 4823 1625 4875 ἂν
1661 4823 1717 4874 ἐν
1748 4821 1824 4892 τῷ

171 4919 336 4988 οἴκῳ
372 4912 549 4968 αὑτοῦ
585 4914 756 4984 ἤμην’
798 4913 912 4966 ἀλλ’
946 4915 974 4967 ό
1001 4913 1134 4973 Θεός
1167 4913 1283 4966 ἐστί
1325 4931 1426 4984 μου
1461 4915 1671 4986 Πατήρ.
1714 4917 1824 4969 Καὶ

170 5011 278 5065 διὰ
324 5006 504 5060 τοῦτο
539 5009 597 5061 ἐν
637 5005 714 5078 τῷ
751 5007 883 5077 οἴκῳ
941 5006 1106 5060 αὑτοῦ
1156 5009 1294 5077 εἰμι,
1336 5008 1611 5061 τουτέστιν
1659 5011 1715 5060 ὲν
1747 5009 1823 5079 τῷ

170 5107 306 5174 ναῷ
354 5099 560 5156 αὑτοῦ.
608 5099 752 5153 Ἀλλ’
781 5099 938 5154 αὐτοὶ
991 5099 1055 5153 οὐ
1082 5099 1329 5167 συνῆκαν
1365 5100 1392 5151 ὃ
1429 5101 1694 5168 ἐλάλησεν
1727 5104 1822 5154 αὖ·

168 5201 305 5260 τοῖς
332 5211 346 5222 ⁸
393 5194 708 5263 μυστήριον
743 5191 855 5262 γὰρ
887 5186 976 5262 ἦν.

259 5308 282 5339 ι
332 5282 466 5340 Καὶ
499 5281 711 5352 κατέὸη
764 5281 884 5352 μετ’
944 5282 1150 5347 αὐτῶν,
1188 5284 1279 5335 καὶ
1333 5280 1597 5356 exeam;
1635 5286 1820 5351 Ναζα-

167 5390 308 5460 ρέτ,
397 5380 516 5434 Καὶ
550 5375 619 5451 ἦν
670 5380 1122 5450 ὑποτασσόμενος
1159 5383 1342 5446 αὑτοῖς
1373 5398 1386 5412 ·
1439 5386 1533 5436 καὶ
1565 5387 1597 5455 ἡ
1638 5386 1823 5454 μήτηρ

162 5476 372 5536 αὑτοῦ
419 5473 668 5543 διετήρει
699 5474 882 5526 πάντα
910 5473 980 5526 τά
1010 5476 1232 5546 ῥήματα
1276 5477 1450 5529 ταῦτα
1494 5482 1550 5530 ἐν
1577 5482 1640 5548 τῇ
1683 5497 1822 5548 καρ-

160 5571 267 5642 δίᾳ
296 5564 525 5634 αὐτῆς.
560 5565 667 5618 Καὶ
705 5563 919 5635 Ἰησοῦς
944 5569 1255 5635 προέκοπτε
1295 5570 1458 5637 σοφίᾳ
1495 5572 1587 5620 καὶ
1612 5571 1819 5640 ἡλικίᾳ,

163 5668 279 5720 καὶ
323 5660 540 5732 χάριτι
565 5657 716 5727 παρὰ
747 5657 868 5728 Θεῷ
893 5659 987 5710 καὶ
1011 5658 1343 5729 ἀνθρώποις.
1383 5681 1399 5711 ι
1448 5662 1822 5716 ’Υπετάσσετο

165 5761 290 5816 τοῖς
337 5749 609 5822 γονεῦσι.
645 5751 817 5805 τύπον
842 5751 1019 5816 διδοὺς
1051 5755 1142 5805 καὶ
1175 5755 1328 5822 ἡμῖν,
1361 5756 1434 5817 ὡς
1462 5755 1528 5807 ἂν
1569 5759 1678 5820 τοῖς
1719 5777 1822 5810 πα-

162 5854 398 5922 τράσιν
439 5843 916 5915 ὑποταττώμεοα·
955 5849 1244 5918 συνετήρει
1292 5848 1544 5901 δὲταῦτα
1572 5853 1749 5903 πέντε
1787 5854 1817 5921 ἡ

158 5942 524 6012 Παρθένης.
579 5937 712 5991 Θεία
768 5938 876 6010 γὰρ
910 5933 978 6010 ἦν
1022 5941 1086 5993 τά
1134 5957 1190 5993 τε
1245 5939 1600 6014 πραττόμενα
1629 5945 1720 5995 καὶ
1754 5945 1820 5996 τὰ

1936 4747 2027 4800 ille
2055 4745 2189 4798 dixit
2234 4766 2245 4800 :
2273 4745 2394 4801 Non
2426 4745 2511 4798 liic
2545 4760 2708 4836 verus
2738 4751 2893 4815 pater
2927 4759 3078 4798 meus
3104 4754 3208 4808 est,
3257 4742 3460 4811 alioqui
3489 4742 3542 4796 in

1936 4839 2097 4891 domo
2133 4837 2251 4905 ejus
2277 4835 2641 4890 mansisse-nr:
2671 4840 2762 4891 sed
2813 4836 2954 4890 Deus
3009 4845 3090 4890 est
3147 4835 3310 4890 Pater
3372 4847 3542 4896 meus.

1936 4941 1988 4985 et
2021 4941 2307 5000 propterea
2343 4930 2395 4984 in
2429 4931 2592 4984 domo
2619 4931 2765 4984 illius
2804 4945 2948 4993 sum,
2986 4929 3089 4982 hoc
3122 4937 3226 4992 est,
3265 4928 3316 4983 in
3349 4927 3548 4996 templo

1935 5021 2100 5075 illius.
2135 5020 2333 5076 Verum
2380 5022 2479 5090 ipsi
2535 5038 2640 5076 non
2700 5021 3090 5074 intellexerunt
3157 5019 3285 5088 quid
3333 5017 3548 5074 locutus

1936 5113 2099 5183 292
2132 5125 2277 5169 esset
2310 5115 2390 5169 eis
2421 5123 2859 5169 :sacramentum
2891 5115 3036 5168 enim
3071 5122 3208 5167 erat.

2012 5294 2180 5349 Vens.
2249 5294 2340 5358 51,
2369 5296 2460 5349 52.
2494 5313 2514 5346 ι
2553 5295 2614 5350 Et
2646 5295 2930 5352 descendit
2974 5311 3097 5350 cum
3153 5296 3250 5358 eis,
3291 5296 3550 5365 venitque

1936 5386 2255 5440 Nazaretlt:
2318 5398 2551 5456 eratque
2606 5389 2858 5444 subditus
2914 5388 3042 5444 illis.
3106 5387 3170 5441 Et
3211 5399 3384 5441 mater
3427 5390 3546 5457 ejus

1936 5480 2304 5535 Conservabat
2341 5482 2523 5535 omnia
2552 5484 2714 5536 verba
2739 5483 2855 5537 haec
2884 5483 3123 5541 incon-de
3148 5498 3269 5536 suo.
3303 5482 3358 5534 Et
3386 5481 3546 5537 Jesus

1934 5573 2255 5642 proﬁciebat
2291 5577 2584 5644 sapientia.
2609 5588 2658 5628 et
2698 5586 2878 5640 astate,
2913 5586 2968 5630 et
2996 5577 3170 5646 gratia
3200 5583 3338 5643 apud
3373 5575 3541 5627 Deum

1933 5666 2380 5721 ataueholuincs.
2405 5686 2422 5718 ι
2450 5668 2712 5721 Subditus
2733 5667 2832 5722 fuit
2856 5669 3191 5727 carentibus,
3218 5670 3346 5720 dato
3371 5668 3538 5723 etiam

1937 5760 2093 5812 nobis
2112 5763 2362 5824 exemplo
2393 5772 2449 5813 ut
2469 5759 2718 5830 patribus
2752 5763 2930 5816 simus
2946 5764 3284 5815 obedientcs.
3309 5763 3542 5813 Conser-

1932 5851 2295 5905 Vabatantcm
2342 5855 2453 5906 lucc
2483 5855 2663 5906 onmia
2694 5855 2880 5923 Virgo.
2933 5854 3122 5907 Divina
3172 5855 3315 5906 enim
3381 5865 3540 5905 erant

1933 5958 2052 6014 qua:
2101 5943 2422 6000 dicebantur
2461 5958 2506 5998 ct
2550 5945 2852 6017 agebantur
2895 5963 2923 6001 a
2956 5960 3146 6020 puero,
3197 5959 3302 6000 non
3380 5944 3541 6011 quasi
