4038 6506
593 455 696 516 727

1503 441 2083 527 THEOPHYLACTI
2126 432 2539 503 BULGARIIR
2572 430 2928 494 ARCHIEP.

3744 410 3844 476 τοι

596 582 889 640 conceptus
920 569 1082 624 fuerit
1111 566 1369 623 Dominus
1395 584 1407 620 :
1439 581 1541 621 non
1567 575 1747 619 autem
1773 564 1868 619 illo
1894 569 2161 617 momento

2276 557 2499 624 Κύριος,
2530 554 2593 607 οὐ
2629 552 2736 623 μὴν
2771 550 2906 619 αὐτῇ
2930 546 2995 615 τῇ
3032 544 3237 612 στιγμῇ
3267 538 3388 593 καθ’
3420 538 3486 607 ἢν

599 678 708 731 quo
736 660 955 730 angelus
983 659 1149 724 dixit;
1184 661 1277 713 sed
1308 660 1447 712 forte
1478 665 1830 726 posteaquam
1875 651 2169 716 complevit

596 765 894 806 sermones.
910 751 1079 821 288
1094 748 1217 805 Haec
1233 759 1411 803 autem
1432 762 1535 802 non
1554 748 1852 801 dixerimus
1868 743 2164 801 delinitive.

599 842 803 912 impleti
838 853 1016 897 autem
1048 851 1174 896 sunt
1205 840 1317 895 dies
1351 839 1691 911 purgationis
1722 838 1935 891 illorum
1968 848 2164 889 secun-

596 934 721 985 dum
783 932 950 1001 legem
1005 931 1157 984 MOsi.
1217 931 1360 985 Bene
1432 930 1569 984 dixit
1642 929 1937 983 secundum
1996 926 2164 993 legem

599 1021 727 1075 Mosi
762 1021 805 1052 "
832 1038 847 1075 :
874 1036 993 1075 nam
1029 1022 1327 1075 secundum
1360 1022 1643 1075 veritatem
1670 1020 1814 1073 nulla
1848 1016 2168 1071 necessitate

603 1113 761 1181 Virgo
781 1114 1197 1183 astringebatur
1236 1124 1552 1182 exspectare
1587 1112 1703 1166 dies
1742 1108 2163 1180 puriﬁcationis,

594 1202 685 1269 qui
716 1214 841 1257 sunt
866 1204 1245 1274 quadraginta,
1287 1213 1411 1258 nato
1440 1219 1605 1258 mare.
1654 1202 1865 1256 Dictum
1889 1200 2034 1256 enim
2083 1208 2168 1253 est

596 1294 649 1346 in
680 1292 816 1360 lege,
851 1294 1038 1347 Mulier
1066 1310 1185 1363 quae
1211 1305 1462 1363 suscepto
1497 1296 1705 1349 semine
1733 1294 2083 1361 conceperit,
2115 1300 2167 1345 et

598 1384 864 1451 pepererit
906 1386 1225 1438 masculum.
1266 1384 1429 1455 Virgo
1461 1396 1640 1439 autem
1685 1400 1792 1439 non
1826 1383 2073 1453 concepit
2102 1383 2167 1437 tle

596 1475 832 1538 semine,
882 1478 973 1530 sed
1014 1493 1079 1530 ex
1111 1477 1313 1545 Spiritu
1345 1487 1530 1532 sancto
1559 1478 1764 1547 peperit
1805 1495 1817 1531 :
1850 1478 1991 1530 unde
2025 1475 2167 1528 nulla

596 1565 736 1618 Illam
764 1568 1060 1621 necessitas
1088 1569 1349 1637 urgebat;
1377 1571 1470 1621 sed
1503 1569 1687 1623 volens
1719 1569 1942 1637 implere
1970 1567 2160 1635 legem.

594 1658 739 1711 venit
776 1658 828 1711 in
871 1660 1148 1728 templum.
1184 1661 1367 1724 Quare
1396 1670 1572 1715 autem
1604 1662 1659 1713 in
1693 1660 1929 1713 masculo
1961 1666 2164 1723 septem

593 1751 730 1813 dies,
783 1752 834 1803 in
887 1754 1113 1806 muliere
1164 1765 1292 1806 vero
1329 1754 1411 1807 bis
1461 1753 1723 1807 totidem?
1772 1750 1954 1806 Mulier
1997 1751 2162 1813 enim,

596 1843 788 1909 inquit,
827 1843 871 1897 si
897 1853 1151 1912 suscepto
1179 1845 1384 1898 semine
1414 1847 1713 1898 masculum
1743 1844 2031 1911 pepererit,
2063 1843 2161 1895 im.
2194 1856 2241 1913 Β

594 1933 791 1987 munda
841 1937 943 1987 erit
986 1946 1191 2004 septem
1237 1938 1423 1990 diebus
1465 1954 1478 1989 :
1525 1938 1605 1989 sin
1650 1945 1829 1989 autem
1877 1935 2161 1997 feminam,

593 2024 870 2080 immunda
907 2027 1010 2082 erit
1052 2028 1261 2081 duabus
1311 2028 1757 2082 hebdomadibus.
1800 2026 2067 2093 Queniam
2104 2040 2163 2078 ea

591 2130 710 2181 quae
733 2116 1002 2184 pepererit
1033 2100 1176 2184 quod
1202 2118 1500 2171 masculum
1536 2128 1642 2178 est,
1680 2118 1972 2170 secundum
1996 2116 2163 2169 Adam

591 2209 645 2261 in
673 2208 929 2261 mundum
981 2209 1208 2263 induxit.
1266 2211 1396 2277 Qure
1424 2224 1549 2263 vero
1583 2210 1724 2277 quod
1757 2208 2039 2272 muliebre,
2076 2220 2164 2261 se-

590 2300 818 2351 cundam
850 2298 1014 2353 Evam
1057 2301 1353 2369 pepererit,
1398 2315 1493 2353 vas
1536 2310 1691 2368 putre
1726 2307 1777 2353 et
1819 2297 2017 2360 debile,
2051 2312 2152 2350 am-

592 2389 811 2453 phoram
848 2391 1156 2455 contritam,
1212 2391 1459 2445 baculum
1498 2390 1855 2460 deceptionis,
1897 2388 2161 2442 inductri-

589 2494 706 2533 rem
754 2480 1147 2535 inobedientiie.
1203 2482 1354 2545 Quod
1404 2489 1583 2533 autem
1637 2480 1799 2543 dicit,
1851 2477 2020 2532 Omne
2070 2479 2163 2531 ad-

587 2572 835 2640 aperiens
902 2572 1115 2626 vulvam
1189 2581 1435 2627 sanctum
1493 2571 1720 2625 Domino
1768 2588 1781 2624 :
1833 2572 2048 2638 proprie
2096 2571 2162 2625 ad

589 2661 866 2717 Christum
901 2664 1074 2717 solum
1106 2665 1359 2732 pertinet.
1407 2663 1525 2731 ipse
1550 2666 1693 2717 enim
1713 2662 1924 2732 aperuit
1952 2661 2159 2715 vulvam

594 2752 865 2822 Virginis,
909 2770 1031 2808 cum
1079 2756 1199 2808 aliis
1249 2755 1331 2807 vir
1372 2755 1582 2822 aperiat
1631 2752 1859 2805 vulvam.
1894 2752 2162 2807 Caeterum

590 2854 688 2905 par
718 2847 989 2893 turtttrum
1034 2839 1214 2894 oll’erri
1254 2840 1416 2907 jussit
1451 2843 1533 2893 lex
1554 2881 1566 2903 ,
1600 2840 1891 2893 ostendens
1925 2841 2063 2908 quod
2096 2854 2163 2893 ex

590 2940 741 2987 casto
761 2933 1009 3002 conjugio
1035 2943 1355 3001 procreatus
1380 2934 1473 2986 sit.
1502 2932 1697 2985 Dicunt
1726 2933 1867 2985 enim
1898 2943 2159 2985 turturem

588 3038 706 3077 esse
731 3034 938 3077 castum
964 3024 1187 3088 animal,
1242 3037 1471 3092 cumque
1498 3021 1780 3091 coniugem
1809 3024 2028 3085 amittit,
2054 3037 2159 3076 non

586 3116 828 3168 secundo
874 3129 932 3169 se
966 3114 1200 3183 copulet.
1234 3115 1365 3169 Cum
1397 3126 1573 3169 autem
1609 3129 1714 3167 non
1756 3113 2017 3168 haberent
2051 3124 2163 3167 tur-

2270 649 2471 716 ἔλεγεν,
2517 646 2653 699 ἀλλά
2700 642 2893 712 τυχὸν,
2942 640 3030 691 ὅτε
3099 634 3409 688 συνετέλεσε
3459 627 3588 689 τοὺς
3633 624 3840 716 λόγους.

2270 742 2313 793 Τ
2317 714 2455 793 αῦτα
2484 738 2539 791 δὲ
2574 738 2635 789 ού
2676 732 3024 804 δογματικῶς
3064 730 3319 796 λέγομεν.
3374 718 3761 790 Ἐπλήσθησαν
3789 714 3841 766 δὲ

2271 833 2328 886 αί
2371 830 2575 901 ἡμέραι
2628 826 2721 880 τοῦ
2772 821 3116 892 καθαρισμοῦ
3164 816 3345 871 αὐτῶν
3381 814 3522 866 κατὰ
3558 812 3653 863 τὸν
3684 807 3842 901 νόμον

2271 896 2530 983 Muto—thus.
2565 917 2762 979 Καλῶς
2791 911 2911 968 εἷπε
2938 912 3080 966 κατά
3102 909 3191 961 τὸν
3214 907 3378 975 νόμον
3407 903 3674 964 Μωσέως·
3709 896 3841 951 κατά

2269 1013 2377 1082 γὰρ
2422 1011 2520 1078 τὴν
2569 1007 2849 1078 ἀλήθειαν,
2883 1004 2981 1057 οὐκ
3026 998 3170 1070 εἶχεν
3220 997 3467 1063 ἀνάγκην
3496 995 3529 1062 ἡ
3572 990 3845 1059 Παρθένος

2270 1103 2582 1173 περιμένειν
2632 1100 2730 1162 τὰς
2776 1096 2990 1167 ἡμέρας
3062 1091 3154 1144 τοῦ
3218 1085 3589 1155 καθαρισμοῦ,
3648 1084 3844 1143 αἵτινες

2268 1187 2407 1260 ἦσαν
2450 1188 2887 1258 τεσσαράκοντα,
2927 1184 3019 1236 ἐπὶ
3072 1182 3260 1251 ἄρσενι
3301 1174 3571 1245 τεχθέντι.
3622 1173 3845 1238 Εἴρηται

2269 1285 2376 1351 γὰρ
2410 1284 2466 1333 ὲν
2500 1281 2576 1349 τῷ
2618 1279 2797 1348 νόμῳξ·
2825 1275 2967 1344 Γυνὴ
3010 1274 3133 1342 ἥτις
3170 1271 3265 1323 ἐὰν
3312 1264 3722 1334 σπερματισθῇ,
3755 1260 3846 1312 καὶ

2268 1375 2402 1442 τέκῃ
2452 1372 2647 1441 ἄρσεν·
2696 1371 2727 1438 ἠ
2780 1367 2835 1419 δὲ
2909 1364 3183 1433 Παρθένος
3238 1360 3338 1412 ούκ
3393 1353 3842 1423 ὲσπερματίσθη,

2269 1462 2383 1517 ἀλλ’
2419 1466 2483 1514 ἐκ
2530 1460 2847 1529 Πνεύματος
2900 1454 3054 1522 ἀγίον
3100 1452 3283 1503 ἔτεκε-
3362 1448 3503 1499 ὥστε
3552 1446 3654 1496 οῦκ
3704 1439 3843 1505 εἶχεν

2270 1556 2538 1623 ἁνάγκην,
2566 1552 2699 1604 ἀλλὰ
2724 1548 3120 1621 πληρῶσαι“τδν
3142 1543 3305 1611 νόμον
3337 1540 3493 1593 Θέλου
3506 1556 3590 1595 σα,
3620 1534 3847 1605 ἀνῆλθεν

2269 1649 2347 1709 εἰς
2380 1645 2439 1697 τὸ
2475 1646 2641 1707 ἱερόν.
2681 1640 2780 1694 Διά
2810 1640 2859 1692 τί
2886 1640 2938 1691 δὲ
2972 1639 3065 1690 ἐπὶ
3099 1638 3197 1706 μὲν
3224 1632 3413 1703 ἄρσενι
3451 1628 3593 1681 ἐτττὰ
3621 1625 3846 1696 ἡμέραι,

2269 1738 2359 1789 ἐπὶ
2383 1737 2439 1789 δὲ
2472 1734 2660 1805 θηλείᾳ.
2690 1731 2901 1798 διπλαῖς
2932 1729 3071 1798 Γυνὴ
3102 1727 3233 1796 γὰρ,
3260 1724 3447 1794 φησιν,
3477 1718 3574 1771 ἐὰν
3604 1733 3849 1787 σπερμα-

2269 1829 2445 1899 τισθῇ,
2496 1830 2585 1880 καὶ
2629 1826 2766 1896 τέκῃ
2815 1823 3005 1892 ἄρσεν,
3058 1818 3198 1873 ἑπτὰ
3249 1816 3461 1886 ἡμέρας
3535 1811 3848 1879 ἀκάθαρτος

2270 1898 2441 1976 ἔσται·
2476 1920 2569 1972 saw
2596 1919 2653 1971 es
2684 1916 2839 1987 θῆλυ,
2866 1914 2946 1977 et;
2974 1912 3132 1979 ὲπτέι.
3174 1906 3397 1976 Ἐπειδὴ
3425 1908 3458 1973 η
3486 1904 3587 1975 μὲν
3613 1898 3848 1954 τεκοῦσα

2270 2016 2328 2068 τὸ
2354 2016 2549 2085 ἄρσεν,
2579 2010 2832 2080 δεύτερον
2868 2007 3039 2075 Ἀδὰμ
3066 2006 3143 2067 εἰς
3175 2001 3265 2053 τὸν
3300 2003 3504 2068 κόσμον
3531 1997 3845 2064 είοήγαγεν·

2272 2110 2301 2175 ἦ
2362 2107 2418 2160 δὲ
2480 2105 2539 2157 τὸ
2586 2102 2754 2171 θῆλυ,
2790 2098 3051 2166 δευτέραν
3086 2093 3231 2149 Εὕαν
3282 2093 3489 2155 ἔτεκεν,
3542 2093 3603 2140 τὸ
3652 2085 3848 2154 σαθρὸν

2270 2198 2486 2259 σκεῦος,
2516 2196 2579 2248 τὸ
2614 2192 2839 2252 ἀσθενὲς
2876 2190 3118 2255 ἀγγεῖον,
3156 2187 3215 2239 τὸ
3254 2180 3723 2252 συντετριμμένον
3755 2193 3846 2228 κι-

2271 2286 2486 2360 ράμιον,
2514 2288 2611 2357 τὴν
2641 2282 2943 2354 βακτηρίαν
2973 2282 3070 2347 τῆς
3103 2278 3343 2346 ἀπάτης,
3375 2275 3475 2344 τὴν
3506 2270 3846 2343 χειραγωγὸν

2267 2382 2365 2447 τῆς
2399 2378 2708 2449 π²ρ²κοῆς·
2758 2375 2864 2430 Τοῦ
2897 2374 2951 2426 δὲ
2988 2373 3153 2440 νόμου
3186 2369 3463 2433 λέγοντος·
3508 2366 3628 2418 Πᾶν
3674 2363 3846 2418 τδκδτι

2267 2477 2482 2541 ανοῖγον
2511 2474 2743 2542 μήτραν,
2774 2470 2927 2536 ἅγιον
2951 2466 3029 2537 τῷ
3059 2465 3245 2535 Κυρίῳ
3266 2504 3280 2528 ,
3311 2466 3386 2525 είς
3417 2460 3661 2531 Χριστὸν
3690 2459 3845 2529 μόνον

2268 2567 2471 2636 κυρίως
2502 2562 2662 2633 ἐξέϐη
2688 2561 2873 2614 τοῦτο·
2907 2560 3067 2621 αὐτὸς
3096 2559 3204 2626 γὰρ
3231 2554 3462 2625 διήνοιξε
3497 2554 3595 2621 τὴν
3634 2552 3845 2621 μήτραν

2264 2659 2361 2725 τῆς
2396 2655 2697 2723 Παρθένου,
2726 2650 2851 2705 ἐπεὶ
2881 2652 3000 2712 ταῖς
3030 2665 3094 2716 γε
3116 2646 3301 2705 ἀλλαις
3330 2645 3628 2713 μητράσιν,
3652 2642 3679 2690 ὁ
3709 2644 3841 2709 ἀνὴρ

2265 2748 2527 2816 διανοίγει
2573 2746 2675 2816 τὴν
2718 2745 2952 2815 μήτραν.
3008 2740 3205 2808 Ζεῦγος
3254 2738 3308 2790 δὲ
3340 2737 3621 2808 τρυγόνων
3676 2749 3841 2803 προσο

2267 2842 2457 2911 φέρειν
2488 2838 2770 2891 ἐκέλευσεν
2793 2838 2821 2888 ὀ
2841 2839 3003 2903 νόμος
3020 2872 3034 2895 ,
3053 2830 3311 2883 δεικνύων
3336 2830 3419 2881 ὄτι
3438 2828 3546 2880 ἀπὸ
3567 2829 3841 2894 σώφρονος

2266 2930 2527 2997 συζυγίας
2555 2930 2587 2997 ἡ
2618 2924 2959 2979 παιδοποιία·
2994 2922 3126 2991 φασὶ
3156 2922 3266 2988 γὰρ
3291 2919 3390 2988 τὴν
3419 2917 3690 2987 τρυγόνα,
3734 2917 3840 2967 σῶ-

2264 3039 2399 3093 φρον
2420 3016 2557 3072 εἶναι
2587 3018 2723 3083 ζῶον
2745 3057 2759 3081 ,
2788 3016 2929 3068 ὥστε
2953 3015 3047 3066 καὶ
3068 3009 3447 3064 ἀποϐαλοῦσαν
3469 3010 3562 3061 τὸν
3590 3008 3840 3076 σύζυγον,

2267 3114 2343 3183 μὴ
2376 3112 2832 3181 δευτερογαμεῖν·
2876 3108 2922 3160 εί
2951 3106 3007 3159 δὲ
3050 3106 3124 3175 μὴ
3153 3100 3299 3174 εἶχον
3331 3105 3601 3175 τρυγόνας
3621 3142 3636 3164 .
3674 3119 3837 3171 atpos-

590 3218 760 3271 tnres,
785 3205 1087 3261 oil‘erebant
1112 3212 1244 3262 duos
1278 3206 1450 3277 pullos
1473 3208 1868 3271 columbarum.
1896 3215 1953 3263 ut
1978 3207 2158 3261 multi-

2268 3207 2463 3279 έιρερον
2491 3203 2584 3256 δύο
2619 3200 2868 3261 νεοσσοὺς
2896 3197 3255 3268 περιστερῶν,
3289 3197 3376 3248 ἵνα
3411 3197 3504 3249 ἐπὶ
3548 3196 3840 3263 πολυτοκία

588 3297 805 3364 plicatio
851 3298 1020 3367 prolis
1071 3300 1223 3352 lieret
1276 3298 1385 3352 vita
1446 3298 1597 3369 pueri
1646 3296 1823 3353 illius:
1877 3298 2164 3354 fecundum

588 3376 730 3444 enim
760 3389 959 3444 animal
988 3388 1257 3445 columba.

661 3479 827 3536 Vens.
862 3478 1061 3534 25—32.
1096 3497 1114 3529 ι
1162 3479 1227 3533 Et
1251 3494 1381 3535 ecce
1424 3484 1586 3535 homo
1619 3494 1740 3535 erat
1774 3479 2163 3550 Hierosolymis

588 3574 676 3627 cui
717 3586 911 3648 nomen
958 3571 1205 3636 Simeon,
1250 3580 1303 3627 et
1334 3572 1496 3628 homo
1546 3573 1646 3628 iste
1673 3572 1859 3641 justus
1901 3588 1964 3628 ac
2008 3573 2161 3643 pius,

588 3670 911 3730 exspectans
933 3660 1357 3717 consolationem
1393 3661 1582 3727 Israel,
1610 3672 1662 3717 et
1687 3662 1922 3731 Spiritus
1945 3672 2165 3718 sanctus

588 3762 704 3806 erat
737 3766 899 3821 super
924 3768 1047 3807 eum
1078 3770 1095 3806 :
1127 3762 1183 3807 et
1215 3768 1536 3810 responsum
1580 3764 1865 3821 acceperat
1898 3768 1927 3807 a
1960 3751 2162 3823 Spiritu

588 3850 805 3907 sancto,
839 3857 944 3897 non
976 3843 1221 3899 visurum
1255 3858 1314 3899 se
1349 3852 1601 3911 mortem,
1637 3845 1744 3899 nisi
1780 3845 1930 3914 prius
1960 3844 2165 3899 videret

587 3934 864 3989 Christum
888 3932 1120 3989 Domini.
1147 3934 1380 3990 Etvenit
1404 3950 1499 4004 per
1520 3935 1781 4006 Spiritum
1804 3936 1858 3990 in
1883 3936 2157 4006 templum.

588 4024 655 4077 Et
683 4039 805 4079 cum
839 4024 1157 4081 inducerent
1189 4041 1413 4097 puerum
1439 4025 1622 4083 Jesum
1646 4038 1898 4097 parentes
1928 4038 1986 4084 ut
2014 4027 2161 4087 laee-

590 4125 711 4171 rent
750 4120 1051 4173 secundum
1102 4120 1551 4175 consuetudinem
1614 4120 1745 4189 legis
1778 4135 1875 4191 pro
1922 4135 2008 4187 eo,
2047 4122 2161 4191 ipse

587 4222 801 4276 quoque
852 4208 1062 4276 accepit
1100 4224 1225 4263 eum
1274 4212 1325 4262 in
1376 4208 1529 4263 ulnas
1577 4226 1737 4275 suas,
1792 4221 1846 4263 et
1881 4210 2161 4267 benedixit

587 4297 780 4361 Deum,
813 4310 875 4351 ac
908 4298 1045 4351 dixit
1076 4316 1089 4351 :
1136 4297 1289 4352 Nunc
1323 4298 1558 4354 absolvis
1586 4314 1805 4354 servum
1843 4309 2015 4365 tuum,
2054 4302 2161 4356 Do-

588 4387 752 4452 mine,
786 4389 1081 4443 secundum
1111 4391 1330 4444 verbum
1360 4399 1533 4455 tuum,
1567 4392 1617 4445 in
1653 4406 1784 4460 pace
1816 4410 1829 4445 :
1856 4394 1980 4463 quia
2011 4394 2161 4451 vide-

585 4485 712 4531 runt
751 4478 894 4532 oculi
932 4479 1035 4534 mei
1083 4480 1321 4535 salutare
1354 4488 1537 4545 tuum,
1588 4482 1732 4550 quod
1783 4482 1984 4552 parasti
2029 4493 2156 4538 ante

585 4567 777 4622 faciem
801 4568 1044 4623 omnium
1074 4569 1389 4638 populorum
1419 4570 1635 4625 :lumen
1679 4571 1745 4626 ad
1771 4572 2155 4628 revelationem

585 4658 846 4725 gentium,
878 4668 933 4713 et
962 4659 1186 4729 gloriam
1233 4660 1406 4728 plebis
1453 4670 1557 4715 tuae
1602 4662 1789 4718 Israel.
1843 4682 1862 4714 ι
1890 4661 2007 4717 Non
2042 4675 2160 4719 erat

585 4747 804 4804 Simeon
831 4752 1105 4814 sacerdos,
1136 4751 1228 4806 sed
1260 4751 1422 4806 homo
1447 4751 1615 4806 Deum
1648 4768 1856 4818 amans,
1886 4763 1937 4808 et
1964 4770 2158 4825 exspe-

583 4850 737 4895 ctans
756 4842 972 4910 quando
1000 4843 1180 4896 veniat
1203 4842 1452 4899 Christus
1476 4844 1857 4901 consolaturus
1881 4845 2154 4915 Hebraea,

581 4940 637 4982 et
666 4930 997 4986 liberaturus
1030 4934 1058 4985 a
1089 4932 1351 4986 servitute
1391 4935 1598 5002 peccati
1618 4971 1635 4997 ,
1683 4933 1825 4990 forte
1856 4944 1912 4989 et
1955 4950 2016 4992 ea
2047 4950 2152 5005 qua

580 5017 844 5075 Romanis
887 5030 942 5076 et
992 5022 1185 5076 Herodi
1238 5024 1572 5079 serviebant.
1618 5023 1753 5079 Nam
1802 5026 1892 5095 qui
1935 5026 2153 5082 Christo

584 5110 788 5175 credit,
819 5112 956 5166 liber
988 5124 1070 5167 est
1100 5130 1319 5181 revera,
1354 5126 1410 5170 et
1442 5116 1743 5171 honoratur
1776 5134 1805 5172 a
1846 5120 2060 5188 regibus
2089 5133 2153 5173 ac

588 5202 895 5259 hominibus
938 5204 1212 5260 omnibus.
1257 5205 1393 5263 Vide
1436 5210 1747 5278 apestolos,
1786 5226 1889 5264 non
1936 5209 2155 5265 fuerunt

586 5294 729 5348 servi
761 5293 1166 5351 Romanorum?
1191 5298 1287 5352 sed
1318 5313 1459 5353 nunc
1483 5310 1809 5354 venerantur
1835 5315 1930 5356 eos
1958 5300 2154 5355 Roma-

584 5400 777 5439 norum
824 5401 997 5457 reges.
1056 5388 1244 5459 Itaque
1306 5390 1403 5445 hos
1452 5406 1572 5445 eum
1623 5402 1804 5447 essent
1856 5373 2147 5460 Israelita,

581 5476 897 5532 consolatus
929 5489 1010 5532 est
1052 5480 1322 5537 Christus.
1355 5483 1523 5537 Porro
1553 5484 1639 5539 hic
1674 5484 1891 5539 Simeon
1944 5485 2148 5553 Spiritu

583 5579 773 5623 sancto
814 5583 995 5627 monis
1030 5576 1270 5630 ascendit
1304 5576 1354 5630 in
1389 5577 1646 5646 templum
1676 5579 1893 5646 quando
1927 5579 2150 5635 adduxit

588 5662 865 5717 hominum
906 5663 1097 5732 Mater,
1129 5678 1182 5722 et
1210 5682 1461 5739 suscepto
1502 5670 1625 5738 illo,
1672 5671 1836 5729 Deum
1870 5674 2149 5729 confessus

660 5838 699 5870 ³⁸
731 5841 899 5898 Levii.
938 5861 1033 5903 χιι,
1063 5845 1115 5904 5.
1167 5846 1209 5900 ε.

2180 4531 2235 4590 D

2267 3298 2547 3367 γένηταιὴ
2579 3293 2692 3363 ζωὴ
2725 3291 2819 3346 τοῦ
2844 3291 3031 3353 παιδὸς
3066 3290 3308 3342 ἐκείνου·
3348 3290 3380 3359 ἢ
3408 3288 3514 3359 γὰρ
3546 3288 3841 3358 περιστερὰ

2268 3388 2562 3444 πολύτοιοον
2585 3385 2745 3450 ζῶον.

2341 3500 2361 3533 ι
2392 3480 2503 3535 Καὶ
2533 3480 2642 3533 ἰδοὺ
2664 3472 2733 3548 ἦν
2760 3475 3047 3547 ἄνθρωπος
3077 3476 3135 3527 ἰν
3174 3472 3532 3544 Ἰερουσαλὴμ
3553 3513 3570 3537 ,
3598 3466 3643 3539 ᾧ
3675 3473 3841 3540 δνομα

2267 3569 2519 3642 Δυμεών·
2546 3571 2643 3624 καὶ
2665 3570 2695 3622 ό
2714 3567 2809 3622 ἀνθ
2819 3582 3002 3638 ρωπος
3022 3556 3199 3631 οὗτος,
3222 3565 3434 3629 δίκαιος
3464 3564 3560 3619 καὶ
3589 3564 3839 3636 εὐλαϐὴς,

2267 3662 2696 3734 προσδεχόμενος
2721 3657 3071 3730 παράκλησιν
3099 3656 3196 3710 τοῦ
3230 3658 3467 3730 Ἰσραήλ·
3500 3656 3597 3710 καὶ
3624 3656 3840 3727 Πνεῦμα

2267 3755 2419 3823 ἅγιον
2449 3749 2516 3825 ἦν
2549 3752 2636 3807 ἀπ’
2686 3752 2871 3815 αὐτὸν,
2922 3750 3016 3804 καὶ
3048 3745 3117 3819 ἦν
3152 3749 3299 3819 αὐτῷ
3330 3749 3841 3821 κεχρηματισμένον

2266 3847 2371 3899 ὑπὸ
2418 3843 2513 3898 τοῦ
2570 3842 2888 3913 Πνεύματος
2928 3840 3024 3894 τοῦ
3064 3842 3259 3909 ἁγίου,
3305 3841 3382 3911 μὴ
3433 3840 3567 3895 ίδεῖν
3614 3825 3842 3896 θάνατον

2264 3935 2394 4005 πρὶν
2438 3934 2472 4005 ἢ
2515 3933 2602 4005 ῐδῃ
2631 3933 2726 3986 τὸν
2768 3931 3006 4002 Χριστὸν
3040 3930 3280 4002 Κυρίου·
3322 3930 3419 3984 καὶ
3450 3926 3618 4002 ἦλθεν
3669 3934 3729 3983 ἐν
3771 3930 3842 4000 τῷ

2263 4027 2542 4096 Πνεύματι
2578 4027 2657 4088 είς
2687 4025 2749 4077 τὸ
2788 4024 2966 4094 ἱερόν·
3011 4024 3105 4076 καὶ
3149 4024 3207 4075 ιν
3250 4023 3331 4092 τῷ
3370 4024 3693 4090 εἰσαγαγεῖν
3721 4022 3842 4084 τοὺς

2262 4121 2439 4187 γονεῖς
2464 4118 2523 4171 τὸ
2552 4116 2765 4170 παιδίον
2809 4114 3017 4187 Ἰησοῦν
3038 4156 3052 4181 ,
3092 4115 3187 4168 τοῦ
3222 4117 3450 4186 ποιῆσαι
3477 4115 3682 4177 αὐτοὺς
3707 4115 3842 4170 κατά

2260 4210 2319 4263 τὸ
2339 4208 2648 4277 εἰθισμένον
2668 4205 2763 4259 τοῦ
2786 4206 2953 4276 νόμου
2975 4205 3104 4277 περὶ
3122 4204 3308 4271 αὐτοῦ,
3329 4204 3426 4258 καὶ
3442 4204 3611 4268 αὐτὸς
3630 4206 3841 4271 ἐδέξατο

2262 4301 2392 4355 αὐτὸ
2413 4301 2495 4363 είς
2527 4300 2625 4362 τὰς
2648 4298 2890 4364 ἀγκάλας
2920 4296 3085 4350 αὑτοῦ
3104 4312 3120 4325 ·
3152 4295 3248 4349 καὶ
3282 4296 3547 4366 εύλόγησε
3574 4298 3669 4350 τὸν
3690 4298 3836 4362 Θεδν.

2265 4393 2359 4444 καὶ
2391 4386 2547 4445 εἷπε·
2586 4389 2700 4443 Νῦν
2738 4388 2997 4453 ἀπολύεις
3037 4389 3128 4442 τὸν
3172 4387 3358 4441 δοῦλόν
3398 4404 3516 4452 σου,
3559 4392 3835 4453 Δέσποτα,

2262 4482 2405 4536 κατά
2432 4484 2491 4536 τὸ
2522 4481 2672 4553 ῥῆμά
2700 4497 2819 4544 σου,
2868 4482 2924 4533 ὲν
2954 4481 3145 4551 εἰρήνῃ
3166 4496 3180 4509 ·
3213 4480 3293 4533 ὃτι
3321 4474 3464 4533 εἶδον
3493 4480 3544 4533 oi
3576 4480 3837 4549 ὀφθαλμοί

2264 4592 2363 4645 μου
2396 4574 2457 4627 τὸ
2497 4573 2764 4643 σωτήριόν
2796 4589 2888 4626 σου
2916 4612 2930 4637 ,
2958 4571 2986 4624 ὃ
3034 4572 3338 4641 ἡτοίμασας
3369 4573 3513 4626 κατά
3550 4572 3835 4643 πρόσωπον

2262 4665 2479 4719 πάντων
2516 4664 2627 4717 τῶν
2658 4663 2833 4716 λαῶν·
2872 4663 2989 4731 φῶς
3027 4663 3105 4725 είς
3134 4661 3485 4731 ἀποκάλυψιν
3509 4662 3717 4727 ὲθνὼν.
3748 4662 3836 4716 καὶ

2263 4757 2424 4823 δόξαν
2455 4756 2586 4810 λαοῦ
2620 4771 2717 4807 σου
2760 4754 2997 4826 Ἰσραήλ.
3032 4773 3051 4805 ι
3090 4754 3202 4808 Οὐκ
3224 4748 3294 4825 ἦν
3325 4756 3508 4825 ἱερεὺς
3535 4758 3564 4809 ὁ
3592 4754 3835 4827 Συμεὼν,

2259 4845 2374 4899 ἀλλ’
2402 4845 2498 4900 ἀνθ
2510 4862 2691 4915 ρωπος
2712 4843 2985 4916 θεοφιλὴς,
3009 4843 3106 4897 καὶ
3130 4845 3565 4917 προσδεχόμενος
3588 4846 3674 4900 ὅτι
3694 4846 3835 4902 ἐλεύ-

2262 4952 2413 4989 σεται
2440 4937 2469 4989 ὀ
2502 4936 2760 5007 Χριστος,
2792 4935 3332 5007 παραμυθησόμενος
3359 4938 3486 4999 τοὺς
3528 4936 3829 5007 Ἐϐραίους,

2261 5030 2355 5082 καὶ
2396 5028 2684 5082 ἀπολύσων
2715 5029 2813 5098 τῆς
2844 5027 3090 5089 δουλείας
3124 5026 3224 5097 τῆς
3255 5026 3362 5080 ὑπὸ
3391 5028 3493 5099 τὴν
3538 5030 3829 5102 ἁμαρτίαν,

2257 5122 2398 5190 τάχα
2430 5120 2486 5172 ὁὶ
2518 5120 2611 5173 καὶ
2640 5121 2740 5189 τῆς
2771 5119 2875 5171 ὑπὸ
2905 5120 3031 5182 τοὺς
3077 5117 3380 5188 Ῥωμαίους
3407 5120 3505 5173 καὶ
3530 5122 3625 5175 τὸν
3662 5122 3833 5192 Ἠρώ-

2258 5212 2389 5281 δην·
2423 5214 2451 5265 ὁ
2474 5212 2580 5281 γὰρ
2611 5209 2689 5279 τῷ
2712 5209 2933 5279 Χριστῷ
2966 5208 3285 5274 πιστεύσας,
3313 5210 3601 5281 ἐλεύθερος
3629 5214 3707 5284 τῷ
3728 5213 3830 5266 ὃντι

2260 5304 2431 5364 ἐστὶν,
2466 5300 2571 5353 ὑπὸ
2598 5300 2862 5370 βασιλέων
2892 5300 2985 5354 καὶ
3020 5301 3242 5354 πάντων
3271 5301 3378 5354 τῶν
3418 5303 3728 5375 ἀνθρώπων
3756 5322 3831 5357 τι-

2262 5394 2531 5463 μώμενος.
2564 5394 2667 5449 Ἰδε
2681 5395 2807 5457 τοὺς
2838 5394 3191 5457 ἀποστόλους·
3224 5395 3326 5448 οὐκ
3353 5391 3497 5466 ἦσαν
3525 5395 3707 5451 δοῦλοι
3732 5395 3831 5450 sint

2268 5489 2554 5558 Ῥωμαίων
2583 5506 2598 5522 ·
2625 5489 2762 5543 ἀλλὰ
2808 5487 2903 5541 νῦν
2940 5486 3142 5558 τιμῶσι
3171 5489 3263 5541 καὶ
3304 5489 3713 5560 προσκυνοῦσιν
3739 5488 3828 5545 αὖ·

2258 5581 2384 5644 τοὺς
2415 5582 2464 5633 oi.
2515 5579 2803 5650 Ῥωμαίων
2838 5579 3109 5650 βασιλεῖς·
3147 5580 3257 5632 ίδοὺ
3289 5576 3383 5633 οὖν
3410 5581 3629 5646 τούτοις
3663 5582 3829 5652 παρά-

2258 5672 2449 5744 κλησις
2484 5673 2706 5744 γέγονεν
2740 5675 2767 5727 ὁ
2794 5673 3046 5745 Χριστὸς,
3090 5673 3456 5743 Ἰσραηλίταις
3486 5670 3663 5731 οὖσιν·
3686 5670 3831 5736 οὗυε
