4038 6526
240 462 350 523 729

952 457 1397 521 ENARRATIO
1443 456 1521 517 ΙΝ
1554 454 2061 518 LVANGELIUM
2103 458 2336 520 LUC1E.
2372 484 2439 494 ·-·
2471 459 2636 519 CAP.
2682 454 2767 517 II.

3435 456 3544 521 731)

244 569 345 626 οὖν
372 570 401 623 ὁ
428 570 680 642 Συμεὼν,
727 570 1009 638 Πνεύματι
1041 570 1181 641 ἀγίῳ
1217 570 1562 640 κινούμενος,
1610 567 1829 635 amem

1950 580 2054 626 cst.
2083 569 2273 626 Dicere
2296 572 2465 643 289
2481 572 2647 637 enim,
2688 572 2842 627 Nunc
2858 570 3095 627 absolvis
3120 585 3339 628 servum
3364 578 3537 629 tuum.

245 663 329 725 είς
359 661 419 714 τὸ
454 660 623 732 ίερὸν.
658 662 748 715 ὅτε
779 662 1023 731 ἀνήγαγε
1057 661 1150 713 τὸν
1194 663 1398 732 Κύριον
1432 664 1467 729 ἡ
1503 662 1708 731 μήτηρ·
1745 660 1841 715 καὶ

246 750 550 821 δεξάμενος
584 752 769 815 αὑτὸν,
806 752 940 806 Θεὸν
970 754 1245 824 ὁμολογεῖ·
1281 754 1342 807 τὸ
1391 756 1499 824 γάρ
1537 754 1711 806 εἰπεῖν
1746 752 1840 805 νῦν

245 841 508 904 ἀπολύεις
539 860 629 912 με,
664 843 931 908 Δέσποτα,
960 845 1354 915 ὁμολογοῦντός
1399 847 1571 907 ἐστιν,
1602 846 1684 898 ὅτι
1726 845 1840 899 Κύ-

248 950 367 1002 ριος
399 934 561 997 αὑτός
606 936 724 986 ἔστι
762 932 910 1002 ζωῆς
940 936 1035 987 καὶ
1070 935 1325 988 θανάτου.
1372 935 1515 1003 Ὅρα
1548 935 1605 987 δὲ
1639 935 1753 997 πῶς
1788 937 1837 987 οἱ

244 1024 434 1091 ἅγιοι,
479 1024 679 1093 δεσμὸν
714 1025 1022 1094 λογίζονται
1052 1026 1113 1079 τὸ
1150 1026 1309 1095 σῶμα
1332 1041 1344 1055 ·
1396 1026 1476 1079 διὸ
1522 1026 1619 1078 καὶ
1650 1026 1833 1093 λέγει·

245 1119 362 1173 Νῦν
395 1120 674 1185 ἀπολύεις,
712 1120 786 1185 ῶς
818 1121 924 1175 ἀπὸ
956 1122 1179 1190 δεσμοῦ·
1218 1122 1361 1176 κατά
1387 1122 1448 1175 τὸ
1480 1104 1757 1192 ρἧάλσου
1780 1122 1838 1176 δὲ

240 1206 389 1272 εἶπε,
418 1212 504 1264 διά
528 1213 620 1263 τὸν
648 1214 895 1282 χρησμὸν
929 1212 987 1264 ὃν
1022 1212 1237 1276 ἔλασεν,
1276 1214 1358 1266 ὅτι
1387 1214 1447 1265 οὐ
1481 1214 1555 1282 μὴ
1588 1212 1837 1284 ἀποθάνῃ

239 1303 349 1365 ἕως
385 1297 444 1355 οὗ
472 1302 556 1373 ἴδῃ
589 1304 680 1357 τὸν
696 1305 931 1375 Χριστόν
953 1320 965 1333 ·
994 1306 1055 1357 τὸ
1081 1305 1160 1370 δὲ,
1197 1306 1266 1357 ἐν
1299 1306 1534 1374 εἰρήνῃ,
1566 1305 1688 1359 ἀντὶ
1717 1305 1834 1371 τοῦ,

240 1397 301 1446 ἐν
333 1394 674 1448 ἀναπαύσει·
710 1395 817 1458 ἕως
852 1396 951 1463 μὲν
981 1396 1091 1466 γάρ
1126 1398 1189 1467 ζῇ
1222 1400 1249 1450 6
1276 1398 1585 1467 ἄνθρωπος,
1632 1398 1836 1467 ταράτ-

239 1502 416 1548 τεται,
448 1488 593 1543 καθὰ
619 1488 714 1541 καὶ
743 1485 909 1540 Δαυῒδ
931 1488 1099 1555 λέγει·
1132 1488 1419 1541 ἀποθανὼν
1437 1478 1512 1552 δὲ,
1538 1489 1831 1560 εἰρηνεύει·

239 1580 340 1630 καὶ
369 1578 544 1643 ἄλλως
576 1580 632 1632 δὲ
658 1580 717 1632 τὸ
748 1581 805 1632 ἐν
838 1580 1033 1652 εἰρήνῃ
1067 1582 1303 1650 νοήσεις.
1344 1582 1643 1645 τουτέστιν,
1676 1583 1733 1633 ὲν
1768 1584 1832 1652 τῇ

234 1677 342 1740 τῆς
367 1672 580 1735 ἐλπίδος
608 1672 895 1741 ἀπολήψει.
936 1674 1072 1741 Πρὶν
1104 1673 1201 1743 μὲν
1230 1674 1339 1743 γὰρ
1369 1674 1481 1739 ἴδω,
1530 1675 1666 1743 φησὶ
1695 1714 1708 1736 ,
1742 1674 1835 1726 τὸν

237 1761 470 1831 Κύριον,
513 1765 614 1816 οὐκ
658 1763 941 1833 εἰρήνευον
982 1766 1094 1826 τοῖς
1136 1764 1424 1832 λογισμοῖς
1450 1808 1462 1828 ,
1515 1764 1833 1833 προσδοκῶν

235 1852 406 1905 αὐτὸν
450 1856 542 1906 καὶ
588 1854 675 1906 ἀεὶ
724 1855 1029 1924 φροντίζων
1067 1856 1198 1910 πότε
1247 1856 1566 1909 ἐλεύσεται·
1605 1857 1701 1910 νῦν
1752 1856 1829 1921 et,

238 1944 368 1996 ἰδὼν
419 1944 580 1997 αὐτὸν
621 1944 715 1997 καὶ
766 1946 1093 2016 εἰρηνεύσας
1141 1948 1236 1998 καὶ
1289 1948 1714 2016 ἀποφροντίσας,
1765 1945 1833 1997 ἵν’

232 2033 415 2096 οὕτως
442 2034 600 2097 εἴπω,
636 2034 967 2104 ἀπολύομαι·
1007 2037 1272 2106 σωτήριον
1305 2036 1359 2089 δὲ
1386 2033 1531 2099 εἶπε,
1567 2037 1666 2106 τὴν
1701 2038 1833 2106 σάρο

232 2142 414 2181 κωσιν
460 2126 554 2180 τοῦ
604 2127 963 2194 Μονογενοῦς,
997 2128 1063 2197 ἣν
1113 2131 1414 2198 ἡτοίμασεν
1461 2130 1489 2181 6
1541 2129 1675 2193 Θεὸς
1724 2130 1833 2197 πρὸ

234 2216 460 2270 πάντων
495 2218 605 2269 τῶν
632 2216 866 2271 αἰώνων·
893 2219 1034 2273 κατά
1066 2221 1359 2291 πρόσωπον
1392 2222 1448 2275 δὲ
1478 2222 1695 2277 πάντων
1721 2221 1832 2275 τῶν

229 2310 389 2363 λαῶν
420 2310 625 2380 ταύτην
648 2312 748 2380 τὴν
782 2313 1057 2379 σωτηρίαν
1086 2315 1409 2385 ἡτοίμασεν·
1436 2317 1526 2369 ἵνα
1550 2317 1659 2387 γὰρ
1682 2317 1830 2388 σώσῃ

228 2404 334 2457 τὸν
364 2403 593 2470 κόσμον,
632 2405 726 2455 καὶ
759 2403 843 2455 ἵνα
874 2406 1042 2457 πᾶσιν
1071 2405 1385 2477 ἐμφανισθῇ
1416 2407 1449 2474 ἡ
1492 2405 1660 2459 αὐτοῦ
1697 2406 1833 2476 σάρ-

232 2512 446 2559 κωσις,
492 2494 680 2548 τούτου
728 2494 915 2548 ἕνεκεν
963 2495 1275 2565 ἐσαρκώθη.
1346 2496 1421 2548 Τὸ
1467 2496 1524 2549 δὲ
1564 2500 1832 2569 σωτήριον

231 2588 399 2641 τοῦτο
443 2588 559 2656 φῶς
605 2589 752 2641 ἐστιν
801 2590 881 2651 είς
911 2587 1258 2657 ἀποκάλυψιν
1290 2588 1483 2654 ἐθνῶν,
1514 2587 1827 2657 τουτέστιν,

230 2682 321 2743 εις
367 2680 649 2749 φωτισμὸν
693 2680 800 2732 τῶν
846 2681 1251 2747 ὲσκοτισμένων
1300 2682 1490 2745 ἐθνῶν,
1539 2684 1633 2736 καὶ
1672 2684 1830 2749 δόξαν

228 2774 349 2828 τῶν
411 2774 784 2843 Ἰσραηλιτῶν·
832 2775 960 2839 δόξα
991 2776 1100 2846 γὰρ
1135 2776 1164 2828 6
1196 2774 1437 2845 Χριστὸς
1483 2774 1577 2828 τοῦ
1613 2776 1830 2846 ἀληθῶς

225 2866 371 2920 λαοῦ
404 2866 499 2919 τοῦ
548 2867 788 2937 Ἰσραὴλ,
823 2866 961 2921 καθὸ
1003 2869 1062 2935 ἐξ
1096 2869 1279 2923 αὐτῶν
1326 2871 1696 2924 ἀνατέταλκε·
1734 2873 1830 2925 καὶ

222 2944 743 3026 ἀγκαλλωπίζονται
771 2958 948 3031 τούτῳ
973 2960 1023 3011 οἱ
1050 2959 1223 3022 ὅντως
1246 2960 1610 3028 εὐγνώμονες.
1642 2961 1829 3015 Ταῦτα

220 3047 253 3099 6
280 3044 533 3115 Συμεών.
576 3049 735 3099 Δοκεῖ
759 3046 817 3099 δέ
862 3065 952 3117 μοι
996 3047 1089 3101 καὶ
1115 3048 1184 3101 τὰ
1209 3050 1305 3102 τοῦ
1336 3048 1498 3103 Δαυῒδ
1532 3052 1624 3104 ἐπὶ
1654 3051 1830 3122 τούτῳ

228 3136 509 3211 ἁρμόζειν
533 3139 609 3207 τῷ
636 3140 704 3192 Συ
714 3141 901 3210 μεῶνι·
927 3141 1288 3212 Μακρότητος
1309 3143 1537 3214 ἡμερῶν
1560 3144 1828 3217 ἐμπλήσω

224 3230 421 3295 αὑτὸν,
452 3231 546 3283 καὶ
569 3229 729 3297 δείξω
764 3230 912 3301 αὐτῷ
936 3233 996 3284 τὸ
1032 3234 1303 3303 σωτήριόν
1333 3250 1459 3301 μου.

312 3341 331 3373 ι
366 3322 479 3375 Καὶ
500 3317 567 3391 ἦν
608 3321 806 3393 Ἰωσὴφ
834 3322 986 3395 καὶὴ
1016 3325 1198 3395 μήτηρ
1225 3324 1412 3391 αὑτοῦ,
1446 3325 1825 3396 θαυμάζοντες

222 3414 331 3469 Ott
388 3416 503 3478 τοῖς
555 3413 913 3485 λαλουμένοις
968 3417 1099 3488 περὶ
1149 3418 1338 3472 αὐτοῦ·
1390 3418 1489 3472 καὶ
1530 3420 1825 3492 εὐλόγησεν

220 3507 434 3570 αὐτοὺς
467 3506 716 3574 Συμεὼν,
756 3510 852 3562 καὶ
889 3505 1011 3562 εἷπε
1041 3510 1179 3580 πρὸς
1208 3512 1447 3583 Μαριὰμ
1481 3513 1579 3581 τὴν
1611 3514 1825 3585 μητέρα

217 3597 424 3653 αὐτοῦ·
458 3598 593 3653 Ἰδοὺ
624 3594 779 3663 οὗτος
823 3603 1001 3657 κεῖται
1024 3603 1103 3665 εις
1148 3602 1357 3657 πτῶσιν
1388 3604 1483 3658 καὶ
1524 3605 1825 3661 ἀνάστασιν

219 3689 446 3745 πολλῶν
469 3691 527 3743 ὲν
548 3690 628 3762 τῷ
650 3690 889 3766 Ἰσραὴλ,
916 3695 1012 3748 καὶ
1032 3694 1112 3759 είς
1138 3698 1366 3767 σημεῖον
1384 3697 1823 3767 ἀντιλεγόμενον·

218 3785 330 3839 καὶ
357 3784 453 3837 σοῦ
497 3784 554 3838 δὲ
599 3785 769 3856 αὐτῆς
814 3787 914 3857 τὴν
940 3787 1121 3859 ψυχὴν
1152 3788 1489 3844 διελεύσεται
1543 3791 1823 3862 ῥομφαία,

215 3878 386 3939 ὅπως
416 3876 483 3931 ἂν
513 3877 979 3949 ἀποκαλυφθῶσιν
1008 3882 1073 3934 ἐκ
1106 3880 1320 3935 πολλῶν
1355 3882 1599 3954 καρδιῶν
1644 3884 1826 3938 διαλοο

216 3970 451 4039 γισμοι.
494 3986 513 4021 ι
549 3968 829 4041 Εὐλόγησε
864 3971 964 4040 μὲν
1008 3973 1363 4046 ἀμφοτέρους
1392 3977 1421 4029 6
1452 3975 1701 4047 Συμεών·
1734 3976 1827 4031 τὸν

212 4060 284 4116 δὲ
322 4059 685 4131 νομιζόμενον
715 4063 931 4133 πατέρα
958 4063 1143 4134 ἀφεὶς,
1177 4066 1314 4135 πρὸς
1344 4065 1444 4137 τὴν
1475 4065 1695 4137 ἀληθῶς
1722 4085 1829 4140 μη-

212 4154 371 4227 τέρα
398 4152 722 4224 ἐφθέγγετο·
755 4156 910 4222 Ἰδοὺ,
936 4158 1125 4229 φησὶν,
1157 4151 1315 4223 οὗτος
1348 4163 1527 4215 κεῖται
1563 4164 1644 4227 είς
1668 4163 1826 4217 πτῶ-

213 4260 317 4299 σιν
362 4248 458 4298 καὶ
503 4246 802 4300 ἀνάστασιν
844 4246 1058 4303 πολλῶν
1105 4250 1164 4301 ὲν
1196 4249 1276 4320 τῷ
1332 4252 1571 4323 Ἰσραήλ·
1620 4254 1827 4311 πτῶσιν

214 4340 357 4411 μιν,
397 4338 508 4393 τῶν
546 4340 620 4414 μὴ
651 4343 1018 4398 πιστευόντων
1046 4361 1059 4375 ·
1120 4345 1422 4401 ἀνάστασιν
1452 4347 1530 4413 δὲ,
1578 4350 1687 4403 τῶν
1733 4369 1826 4405 m-

215 4431 558 4485 στευόντων·
588 4432 621 4503 ἢ
648 4432 743 4486 καὶ
765 4432 962 4499 ἄλλως,
992 4436 1071 4499 εἰς
1100 4435 1308 4491 πτῶσιν
1340 4441 1517 4494 κεῖται
1546 4442 1575 4494 6
1599 4441 1822 4514 Κύριος,

218 4524 338 4578 τῶν
370 4523 431 4575 ἑν
459 4527 579 4587 ταῖς
606 4523 806 4596 ψυχαῖς
849 4526 1010 4597 ήμῶν
1055 4528 1243 4584 κακῶν
1276 4548 1288 4561 ·
1325 4534 1406 4596 είς
1437 4535 1740 4589 ἀνάστασιν
1766 4537 1825 4591 δὲ

214 4616 341 4670 τῶν
371 4614 620 4686 ἀγαθῶν.
660 4616 860 4671 Πίπτει
885 4618 1137 4689 πορνεία,
1163 4621 1449 4678 ἀνίσταται
1472 4626 1822 4698 σωφροσύνη·
1859 4599 1904 4654 D

210 4711 322 4763 καὶ
356 4704 536 4771 ἄλλως
559 4706 617 4759 δὲ
638 4706 863 4761 δύναται
890 4709 1177 4781 νοηθῆναι·
1206 4714 1382 4767 κεῖται
1407 4715 1517 4787 γὰρ
1539 4719 1566 4770 6
1588 4717 1828 4789 Χριστὸς

206 4798 565 4865 ιίςπτῶσιν,
590 4798 714 4854 ἀντὶ
744 4798 839 4854 τοῦ
856 4799 1057 4854 Μέλλει
1082 4802 1278 4857 παθεῖν
1304 4804 1490 4872 αὐτὸς,
1515 4808 1616 4867 καὶ
1640 4812 1828 4861 πεσεῖν

206 4896 303 4959 είς
327 4890 589 4959 θάνατον,
620 4895 716 4950 καὶ
750 4896 1053 4969 ἀναστῆναι
1092 4897 1351 4969 μέλλουσι
1385 4900 1591 4967 πολλοὶ,
1628 4904 1829 4957 πεσόν-

207 5002 315 5050 τος
344 4982 541 5040 αὑτοῦ.
588 4986 775 5053 Στίξον
805 4987 899 5043 οὖν
924 4990 983 5042 ιν
1002 4987 1102 5061 τῷ,
1130 4991 1211 5054 εις
1231 4990 1463 5045 πτῶσιν·
1493 4988 1614 5048 εῐτα
1641 4994 1828 5066 ἄρξαι,

204 5080 322 5134 καὶ
364 5076 664 5132 ἀνάστασιν
712 5079 924 5133 πολλῶν
960 5095 975 5109 ·
1002 5084 1234 5153 σημεῖον
1272 5082 1352 5150 δὲ,
1399 5087 1427 5139 6
1461 5086 1716 5158 σταυρὸς,
1767 5087 1825 5152 δς

209 5172 407 5244 μέχρι
424 5169 521 5223 τοῦ
552 5170 647 5224 νῦν
666 5172 1028 5242 ἀντιλέγεται,
1057 5177 1339 5230 τουτέστιν
1360 5180 1421 5230 οὐ
1446 5179 1822 5251 παραδέχεται

210 5260 393 5332 παρά
423 5259 533 5313 τῶν
566 5262 841 5318 ἀπίστων.
879 5266 1117 5333 Λέγεται
1148 5266 1205 5320 δὲ
1238 5271 1465 5339 σημεῖον
1503 5271 1596 5323 καὶ
1628 5272 1661 5342 ή
1693 5273 1827 5343 σάρ-

203 5369 407 5415 κωσις
436 5350 531 5405 τοῦ
568 5353 794 5425 Κυρίου·
833 5357 929 5410 καὶ
960 5357 1113 5423 ξένον
1141 5363 1388 5430 σημεῖον.
1425 5361 1559 5427 Θεὸς
1588 5364 1699 5435 γάρ
1729 5364 1827 5419 ἀν-

203 5449 458 5519 θρωπος
482 5446 696 5513 γέγονε·
728 5448 823 5501 καὶ
852 5450 1147 5520 παρθένος,
1183 5454 1390 5525 μήτηρ·
1427 5458 1489 5509 τὸ
1515 5455 1573 5509 δὲ
1601 5460 1826 5527 σημεῖον

199 5536 420 5600 τοῦτο,
454 5535 489 5605 ἠ
535 5536 812 5607 σάρκωσις
842 5538 987 5608 λέγω
1018 5541 1112 5596 τοῦ
1151 5544 1418 5614 Χριστοῦ,
1455 5548 1821 5617 ἀντιλέγεται·

200 5632 263 5688 οἱ
303 5628 423 5701 μὲν
455 5628 586 5700 γὰρ,
614 5631 673 5696 ἐξ
716 5632 949 5701 ούρανοῦ
980 5634 1040 5687 τὸ
1074 5636 1240 5707 σῶμά
1271 5654 1463 5704 φασιν·
1494 5641 1543 5693 oi
1569 5638 1651 5704 δὲ,
1686 5642 1831 5695 κατά

200 5722 559 5798 φαντασίαν·
579 5724 628 5777 ot
645 5723 720 5790 δὲ,
742 5725 871 5778 ἀλλο
889 5744 939 5780 τι
959 5727 1284 5800 φλυαροῦσι.
1308 5732 1418 5785 Καὶ
1442 5731 1536 5787 σοῦ
1561 5733 1617 5787 δὲ
1634 5734 1827 5804 αὐτῆς,

290 5904 344 5939 ι’
379 5901 530 5959 l‘aal.
581 5920 801 5972 unus,
840 5904 891 5968 7.
968 5909 1014 5940 ”
1051 5908 1171 5964 Psal
1239 5925 1326 5967 λι.
1371 5909 1431 5963 16

1851 3248 1901 3311 C

1949 658 2535 723 Domine,'conﬁtcntis
2564 674 2648 716 est
2671 702 2685 727 ,
2716 662 2860 732 quod
2889 662 3005 731 ipse
3028 661 3100 716 sit
3138 661 3543 715 Dominusvitre

1946 766 2009 805 ac
2037 752 2248 806 mortis.
2292 750 2424 807 Vide
2460 763 2643 807 autem
2676 755 2951 823 quomodo
2978 754 3153 809 sancti
3192 767 3289 822 pro
3324 751 3543 807 vinculo

1944 859 2145 911 corpus
2188 845 2410 898 habent.
2444 843 2655 900 Idcirco
2683 846 2811 900 dicit
2845 864 2860 903 :
2890 845 3046 900 Nunc
3076 845 3351 909 absolvis,
3382 844 3541 915 quasi

1944 949 1973 987 a
2004 934 2222 989 vinculo
2262 954 2274 990 :
2308 936 2608 997 secundum
2654 936 2884 991 verbum
2937 948 3125 1000 tuum,
3163 944 3383 1005 prapter
3414 950 3541 989 ora-

1942 1028 2125 1083 culum
2161 1030 2305 1097 quod
2339 1042 2626 1098 acceperat
2670 1032 2815 1098 quod
2866 1046 2972 1084 non
3018 1037 3165 1084 esset
3204 1029 3539 1088 moriturus,

1942 1124 2114 1176 donec
2154 1123 2364 1178 videret
2404 1124 2707 1176 Christum.
2742 1122 2799 1176 lu
2838 1136 2971 1191 pace
3012 1130 3231 1185 autem,
3280 1120 3382 1175 hoc
3419 1130 3538 1185 est,

1941 1216 2153 1284 quiete,
2187 1231 2313 1269 nam
2339 1216 2502 1269 homo
2533 1215 2710 1283 quoad
2742 1215 2874 1268 vivit
2907 1217 3161 1268 turbatur
3195 1215 3273 1275 "..
3311 1213 3457 1267 sicut
3486 1221 3542 1265 ct

1942 1306 2111 1361 David
2145 1306 2277 1360 dicit
2307 1325 2317 1359 :
2352 1316 2599 1359 mortuus
2632 1320 2761 1358 vero
2804 1320 2993 1373 pacem
3030 1304 3216 1357 habet.
3251 1302 3347 1355 Vcl
3382 1302 3541 1355 aliter

1942 1399 2186 1469 intellige
2227 1416 2240 1451 :
2286 1400 2343 1451 In
2398 1413 2566 1467 pace,
2614 1399 2716 1451 hoc
2769 1406 2887 1461 est,
2948 1396 3064 1463 spei
3127 1395 3536 1449 consecutione.

1941 1492 2263 1562 Priusquam
2288 1534 2302 1558 ,
2330 1491 2528 1559 inquit,
2557 1490 2813 1544 vidissem
2850 1488 3137 1542 Dominum
3162 1529 3176 1553 ,
3206 1504 3313 1540 non
3346 1496 3539 1557 pacata

1941 1597 2121 1641 mente
2153 1601 2336 1650 eram,
2370 1594 2698 1654 exspectans
2734 1585 2907 1648 illum,
2943 1596 2998 1637 et
3025 1598 3243 1652 semper
3270 1581 3539 1635 sollicitus

1939 1677 2155 1747 quando
2191 1678 2376 1731 veniat
2420 1692 2431 1726 :
2480 1691 2624 1730 nunc
2661 1685 2844 1729 autem
2889 1676 3007 1741 ipso
3052 1673 3200 1736 viso,
3244 1683 3298 1725 et
3340 1687 3530 1741 pacem

1940 1778 2267 1823 consecutus
2287 1808 2301 1829 ,
2335 1776 2389 1821 et
2418 1765 2783 1821 sollicitudine
2814 1765 3108 1827 liberatus,
3139 1774 3197 1816 ut
3224 1762 3303 1816 sic
3333 1763 3535 1820 dicam.

1942 1861 2216 1916 absolvor.
2251 1858 2503 1913 Salutare
2530 1868 2707 1912 autem
2737 1899 2751 1922 ,
2778 1856 3085 1911 incarnatio
3119 1854 3396 1923 Uuigeniti
3429 1862 3534 1915 est,

1938 1970 2101 2025 quam
2152 1961 2281 2007 ante
2325 1950 2521 2005 srecula
2570 1950 2753 2003 omnia
2813 1947 2954 2001 Deus
3004 1948 3352 2016 pra'paravit.
3395 1948 3539 1999 Ante

1936 2045 2129 2100 faciem
2161 2058 2289 2097 vero
2322 2041 2565 2096 omnium
2591 2039 2915 2109 p0pulorum
2946 2042 3108 2091 istam
3137 2036 3371 2090 salutem
3398 2052 3537 2105 pra:-

1934 2138 2180 2209 paravit,
2217 2146 2273 2189 ut
2297 2135 2537 2189 salvaret
2564 2134 2825 2187 mundum
2847 2174 2861 2197 ,
2889 2141 2943 2185 ct
2972 2139 3028 2183 ut
3051 2130 3307 2185 omnibus
3333 2129 3532 2199 liquida

1937 2230 2031 2285 ﬁat
2056 2226 2177 2298 ejus
2204 2224 2509 2281 incarnatio
2539 2266 2551 2289 ,
2587 2222 2747 2293 cujus
2776 2223 2950 2293 gratia
2980 2232 3033 2276 et
3068 2221 3391 2275 incarnatus
3426 2230 3531 2274 est.

1937 2321 2195 2377 Salutare
2227 2332 2446 2388 quoque
2490 2318 2630 2381 hoc,
2678 2316 2861 2369 lutncu
2899 2324 2983 2370 est
3032 2314 3099 2368 ad
3146 2312 3531 2367 revelatiouem

1934 2414 2207 2483 gentium,
2248 2412 2349 2465 hoc
2377 2418 2493 2475 est,
2530 2409 2597 2462 ad
2628 2407 3050 2462 illustrationem
3096 2407 3341 2474 gentium
3375 2414 3534 2459 oute-

1934 2507 2287 2561 nehratarum
2308 2542 2322 2567 ,
2349 2510 2403 2557 et
2426 2501 2654 2573 gloriam
2684 2498 3083 2553 lsraelitarum.
3107 2495 3362 2549 ChriStus
3387 2494 3532 2549 enim

1932 2596 2102 2669 gloria
2132 2604 2212 2651 est
2244 2593 2426 2665 populi
2458 2593 2551 2661 qui
2586 2606 2711 2645 vero
2744 2589 2913 2644 Israel
2974 2590 3275 2643 secundum
3301 2588 3443 2655 quod
3464 2602 3532 2639 cx

1932 2689 2023 2745 illo
2054 2698 2207 2743 ortus
2240 2695 2319 2741 cst
2340 2725 2357 2749 ,
2390 2686 2521 2738 etin
2555 2685 2656 2738 hoc
2690 2690 2962 2737 ornantur
2991 2680 3082 2749 qui
3110 2679 3327 2746 sapiunt
3356 2693 3419 2731 ac
3453 2677 3537 2729 in-

1932 2780 2204 2849 telligunt.
2233 2777 2358 2833 Haac
2389 2777 2637 2830 Simeon.
2671 2773 2938 2829 Videntur
2963 2781 3145 2825 autem
3175 2770 3306 2823 mihi
3334 2776 3387 2823 et
3414 2784 3558 2837 quae.

1932 2872 2073 2926 dicta
2102 2880 2279 2924 sunta
2316 2868 2509 2931 David,
2550 2864 2845 2922 convenire
2886 2864 3127 2919 Simeoni
3158 2880 3172 2918 :
3209 2879 3227 2913 ι
3272 2861 3539 2930 Longitu-

1933 2964 2056 3016 diue
2078 2962 2286 3014 dierum
2308 2958 2544 3027 implebo
2570 2973 2718 3023 eum,
2745 2965 2800 3011 et
2840 2956 3123 3011 ostendam
3169 2952 3243 3007 illi
3301 2953 3537 3007 salutare

1932 3070 2109 3110 meum
2126 3055 2190 3106 ὀ.
2229 3075 2247 3105 ο

2002 3327 2171 3383 Vens.
2198 3326 2395 3380 33-55.
2428 3343 2445 3375 ι
2486 3324 2550 3377 Et
2583 3329 2741 3377 erant
2768 3331 2923 3391 pater
2969 3329 3025 3376 et
3064 3329 3240 3375 mater
3282 3332 3399 3388 ejus
3434 3319 3536 3373 mi-

1930 3428 2114 3476 rantes
2157 3432 2321 3488 super
2355 3417 2440 3472 his
2468 3429 2591 3484 qua:
2635 3413 2961 3469 dicebantur
2990 3412 3056 3466 de
3104 3411 3215 3464 illo.
3256 3409 3323 3463 Et
3367 3410 3534 3463 bene-

1929 3514 2068 3570 dixit
2090 3512 2198 3567 illis
2223 3511 2445 3567 Simeon
2472 3527 2486 3564 :
2514 3517 2571 3563 et
2592 3508 2732 3563 dixit
2753 3507 2823 3563 ad
2846 3504 3074 3560 Mariam
3105 3512 3335 3557 matrem
3360 3502 3482 3570 ejus
3510 3520 3528 3557 :

1929 3606 2073 3661 Ecce
2103 3606 2318 3674 positus
2345 3612 2427 3658 est
2456 3601 2545 3657 hic
2580 3601 2636 3656 in
2672 3600 2916 3665 ruinam,
2965 3605 3021 3651 et
3070 3594 3533 3652 resurrectionem

1930 3696 2225 3753 multorum
2258 3695 2313 3748 in
2346 3691 2539 3758 Israel,
2566 3702 2623 3747 et
2648 3692 2700 3746 in
2726 3691 2943 3757 signum
2975 3688 3060 3742 cui
3097 3685 3531 3741 contradicetur.

1929 3789 2071 3857 Quin
2116 3797 2175 3843 et
2206 3800 2353 3842 tuam
2397 3784 2572 3857 lpains
2607 3784 2852 3839 animam
2885 3778 3196 3852 penetrabit
3226 3778 3441 3849 gladius
3474 3785 3536 3832 ut

1931 3890 2254 3953 retegantur
2283 3894 2351 3934 ex
2379 3876 2567 3933 multis
2594 3876 2857 3932 cordibus
2882 3873 3265 3943 cogitationes.
3304 3889 3323 3924 ι
3358 3871 3535 3927 Bene-

1934 3973 2070 4028 dixit
2095 3970 2319 4041 quidem
2344 3969 2613 4024 ambobus
2642 3965 2869 4023 Simeon
2898 3985 2912 4022 :
2942 3966 3148 4037 reiecto
3170 3974 3352 4021 autem
3380 3975 3535 4035 patre

1931 4067 2208 4134 putativo,
2250 4063 2318 4120 ad
2352 4079 2535 4119 veram
2569 4073 2807 4118 matrem
2846 4062 3064 4117 loeutus
3096 4072 3181 4115 est
3216 4078 3230 4115 :
3270 4060 3411 4116 Ecce
3443 4060 3535 4116 hic

1930 4160 2142 4233 positus
2168 4168 2251 4214 eat
2281 4158 2333 4213 in
2366 4157 2579 4215 ruinam
2602 4195 2617 4221 ,
2653 4164 2708 4211 et
2742 4155 3201 4211 resurrectionem
3238 4152 3531 4208 multorum

1932 4255 1985 4309 in
2015 4252 2205 4309 Israel.
2233 4254 2467 4308 Ruinam
2503 4249 2724 4320 quidem
2755 4246 2887 4303 dicit
2919 4262 3109 4303 eorum
3145 4245 3237 4315 qui
3275 4261 3384 4301 non
3414 4258 3535 4300 cre-

1930 4345 2225 4410 diderunt,
2274 4345 2368 4416 qui
2415 4357 2548 4398 vero
2597 4340 2986 4405 crediderunt,
3041 4336 3530 4392 resurrectionem.

1935 4438 2031 4494 Vel
2066 4438 2227 4495 etiam
2271 4437 2435 4491 aliter
2480 4454 2494 4490 :
2531 4435 2591 4489 In
2643 4434 2864 4488 ruinam
2901 4430 3113 4500 positus
3147 4438 3228 4484 cst
3272 4427 3535 4485 Dominus

1933 4532 2201 4585 malorum
2244 4538 2366 4599 qua:
2416 4528 2469 4581 in
2525 4526 2817 4581 animabus
2863 4522 3068 4579 nostris
3108 4540 3121 4576 :
3176 4521 3231 4575 in
3283 4535 3535 4575 resurre-

1932 4624 2170 4680 ctionem
2227 4635 2355 4676 vero
2412 4621 2703 4675 honorum.
2768 4615 2929 4673 Cadit
2988 4613 3309 4680 fornicatio,
3360 4611 3533 4683 surgit

1934 4716 2296 4770 continentia.
2357 4710 2457 4766 Vel
2510 4710 2673 4765 aliter
2726 4722 2945 4780 quoque
2996 4706 3225 4776 intelligi
3280 4713 3457 4776 potest
3513 4722 3528 4760 :

1932 4806 2149 4863 Positus
2183 4812 2271 4860 est
2298 4804 2445 4859 enim
2477 4801 2741 4858 Dominus
2769 4802 2823 4856 in
2867 4800 3113 4863 ruinam.
3148 4798 3252 4854 hoc
3278 4806 3383 4862 est,
3416 4796 3534 4867 ipse

1934 4915 2193 4971 passurus
2220 4905 2326 4964 εει,
2363 4906 2419 4953 οι
2443 4910 2672 4952 casurus
2693 4904 2780 4950 εει
2810 4895 2866 4949 in
2898 4904 3130 4948 mortem
3166 4910 3180 4945 ἶ
3213 4903 3267 4947 et
3294 4906 3419 4947 cum
3443 4904 3534 4947 σε·

1936 4992 2133 5049 ciderit
2167 4994 2304 5058 ipse,
2336 4997 2629 5061 resurgent
2662 4987 2843 5043 multi.
2873 4986 3143 5041 Punctum
3178 4993 3359 5039 autem
3392 4998 3534 5053 pone

1935 5098 2059 5140 cum
2092 5083 2329 5147 dixeris,
2371 5083 2426 5136 in
2461 5080 2674 5136 ruinam
2723 5094 2738 5132 :
2776 5076 2972 5133 deinde
3006 5076 3213 5147 incipe,
3258 5083 3315 5131 et
3352 5089 3534 5129 resur-

1937 5176 2233 5231 rectionem
2259 5172 2577 5229 multorum.
2603 5167 2829 5241 Signum
2850 5178 3052 5235 autem,
3074 5182 3236 5235 crux,
3258 5166 3345 5222 cui
3366 5181 3535 5236 usque

1936 5271 1987 5324 in
2024 5270 2129 5324 hoc
2167 5276 2383 5337 tempus
2409 5264 2828 5330 contradicitur,
2859 5261 2961 5317 hoc
2988 5270 3097 5325 est,
3128 5274 3234 5316 non
3275 5258 3535 5328 recipitur

1934 5361 2003 5416 ah
2046 5359 2365 5416 incredulis.
2396 5356 2606 5411 Dicitur
2636 5364 2692 5411 et
2726 5352 3034 5409 incarnatio
3052 5350 3270 5408 Domini
3296 5350 3532 5419 signant,

1933 5461 1990 5507 et
2013 5450 2264 5506 mirabile
2302 5450 2537 5519 signum.
2585 5445 2731 5501 Deus
2757 5446 2903 5500 enim
2936 5444 3100 5498 homo
3130 5440 3263 5511 fuit,
3297 5450 3352 5495 et
3380 5440 3535 5511 virgo

1931 5554 2139 5609 mater;
2189 5543 2318 5597 huic
2363 5548 2544 5595 autem
2581 5539 2779 5609 signo,
2829 5534 3231 5599 incarnatioui,
3275 5533 3531 5601 inquam,

1930 5638 2135 5693 Christi
2167 5633 2584 5692 contradicitur.
2626 5630 2861 5699 Quidam
2903 5629 3049 5684 enim
3082 5626 3271 5682 dicunt
3307 5638 3533 5680 carnem

1932 5751 1961 5791 e
1980 5732 2146 5804 290
2160 5730 2321 5798 caelo,
2347 5729 2568 5800 quidam
2592 5740 2720 5784 vero
2738 5733 3083 5795 apparenter,
3102 5721 3323 5793 quidam
3346 5727 3529 5774 autem
