4038 6554
243 454 343 516 τις)

321 587 338 617 ι
381 568 485 620 Rati
527 566 852 637 ἐπορεύοντο
886 566 936 620 oi
972 568 1150 635 γονεῖς
1205 565 1374 620 αὑτοῦ
1434 567 1552 620 κατ’
1612 566 1730 630 ἔτος
1761 569 1841 630 εἰς
1872 571 1918 628 Α

249 661 614 730 Ἰερουσαλὴμ
651 662 716 728 τῇ
750 660 912 729 ἑορτῇ
943 658 1039 713 τοῦ
1092 660 1322 728 Πάσχα·
1360 659 1456 712 καί
1494 659 1582 711 ὅτε
1618 660 1841 726 ἐγένετο

242 753 380 806 ἑτῶν
433 754 663 815 δώδεκα,
729 752 1053 806 ἀνασάντων
1106 751 1293 805 αὑτῶν
1346 755 1428 815 εἰς
1490 752 1842 822 Ἱεροσόλυμα

239 842 380 894 κατὰ
426 841 487 894 τὸ
557 841 678 905 ἔοος
715 841 814 910 τῆς
866 841 1084 910 ἑορτῆς,
1139 843 1235 894 καὶ
1289 841 1703 895 τελειωσάντων
1740 841 1838 903 τὰς

240 933 476 1002 ἡμέρας,
532 935 590 986 έν
670 933 747 1003 τῷ
825 935 1190 1005 ὑποστρέφειν
1251 933 1473 996 αὑτοὺς,
1544 933 1841 1002 ἀπέμεινεν

252 1026 463 1096 Ἰησοῦς
492 1030 519 1078 6
552 1029 684 1090 παῖς
715 1029 774 1080 ἐν
812 1027 1196 1098 Ἰερουσαλὴμ,
1252 1029 1348 1081 καὶ
1380 1031 1480 1082 οὑκ
1540 1029 1682 1097 ἔγνω
1727 1029 1840 1081 ἰω-

240 1117 348 1186 ei]?
381 1118 478 1171 καὶ
519 1121 550 1188 ἡ
581 1121 764 1188 μήτηρ
796 1119 964 1170 αὑτοῦ
988 1134 999 1145 ·
1035 1119 1366 1188 νομίσαντες
1397 1120 1454 1172 δὲ
1481 1119 1644 1172 αὑτὸν
1679 1122 1738 1173 ὲν
1769 1122 1836 1190 τῇ

239 1213 460 1284 συνοδίᾳ
520 1209 684 1277 εἶναι,
746 1209 911 1282 ἦλθον
966 1213 1186 1281 ἡμέρας
1222 1213 1375 1265 ὁδόν·
1415 1215 1510 1265 καὶ
1543 1213 1839 1283 ἀνεζήτουν

234 1305 401 1357 αὑτὸν
447 1306 504 1357 ὲν
553 1307 666 1367 τοῖς
702 1305 989 1372 συγγενέσι
1035 1305 1128 1356 καὶ
1179 1307 1236 1356 ὲν
1270 1307 1379 1357 τοῖς
1413 1307 1702 1370 γνωστοίςο
1744 1305 1841 1359 καὶ

228 1400 313 1472 μὴ
347 1397 599 1468 εὑρόντες
628 1396 810 1456 αὑτὸν,
843 1397 1189 1466 ὑπέστρεψαν
1237 1399 1320 1458 είς
1361 1395 1719 1465 Ἰερουσαλὴμ
1742 1395 1840 1464 ζηο

231 1489 456 1551 τοῦντες
491 1489 676 1548 αὑτὸν,
707 1489 798 1539 καὶ
831 1488 1062 1553 ἐγένετο,
1100 1486 1219 1555 μεθ’
1257 1489 1470 1556 ἡμέρας
1505 1489 1652 1556 τρεῖς
1682 1482 1838 1554 εὗρον

231 1583 403 1636 αὑτὸν
439 1586 495 1635 ὲν
543 1581 620 1652 τῷ
671 1579 824 1650 ἱερῷ,
862 1578 1226 1649 καθεζόμενον
1274 1581 1330 1631 ἐν
1367 1579 1517 1648 μέσῳ
1553 1577 1662 1630 τῶν
1692 1578 1839 1630 διδα-

234 1676 478 1734 σκάλων,
518 1677 610 1726 καὶ
643 1672 913 1725 ἀκούοντα
955 1673 1158 1733 αὑτῶν,
1203 1673 1297 1725 καὶ
1349 1670 1716 1740 ἐπερωτῶντος
1743 1671 1810 1723 αὑ

229 1766 383 1830 τούς.
440 1767 750 1830 Ἐξίσταντο
780 1765 836 1816 δὲ
865 1766 1067 1828 πάντες
1111 1766 1158 1816 oi
1207 1763 1496 1826 ἀκούοντες
1518 1763 1707 1826 αὑτοῦ,
1750 1765 1841 1815 ἐπὶ

228 1860 298 1928 τῇ
337 1858 552 1910 συνέσει
587 1859 680 1908 καὶ
702 1859 820 1917 ταῖς
846 1855 1204 1926 ἀποκρίσεσιν
1247 1855 1414 1906 αὑτοῦ
1439 1870 1451 1883 ·
1490 1857 1584 1906 καὶ
1621 1854 1824 1916 ἰδόντες

229 1952 422 2014 αὑτὸν,
451 1949 835 2018 ἐξεπλάγησαν
864 1965 877 1977 '
907 1952 1000 2001 καὶ
1028 1949 1161 2018 πρὸ;
1187 1949 1352 2000 αὑτὸν
1381 1951 1413 2017 ἡ
1454 1950 1639 2018 μήτηρ
1672 1947 1837 1999 αὑτοῦ

228 2037 379 2096 εἴπεο
423 2044 644 2104 Τέκνον,
685 2044 738 2094 τί
769 2043 1035 2108 ἐποίησας
1063 2043 1199 2110 ἡμῖν
1234 2040 1439 2103 οὖτως;
1521 2039 1652 2092 Ἰδοὺ
1680 2042 1706 2092 6
1733 2055 1838 2091 πα·

227 2137 340 2207 τήρ
368 2154 464 2189 σου
499 2135 675 2204 κάγὼ,
707 2134 1038 2204 ὀδυνώμενοι
1083 2134 1390 2204 ἐζητοῦμέν
1415 2151 1499 2188 σε.
1571 2134 1680 2186 Καὶ
1717 2130 1838 2186 εἷπε

227 2228 370 2298 πρὸς
401 2226 629 2289 αὑτούς·
661 2225 725 2278 Τί
768 2227 850 2279 ὅτι
883 2223 1126 2293 ἐζητεῖτέ
1159 2241 1225 2295 με
1253 2243 1266 2289 ;
1296 2226 1411 2278 Οὐκ
1441 2225 1617 2294 ᾕδειτε
1666 2226 1745 2277 δτι
1781 2227 1838 2276 ἐν

225 2321 344 2382 τοῖς
401 2317 497 2370 τοῦ
561 2318 774 2387 Πατρός
806 2334 906 2385 μου
962 2317 1044 2368 δεῖ
1088 2311 1227 2368 εἶναί
1282 2333 1387 2384 με;
1446 2317 1556 2368 Καὶ
1591 2317 1836 2368 αὑτοιοὺ

228 2409 478 2481 συνῆκαν
502 2410 561 2463 τὸ
591 2409 744 2479 ρἦα
778 2409 806 2460 ὃ
842 2408 1106 2478 ἐλάλησεν
1149 2408 1354 2471 αὑτοῖς.
1387 2428 1404 2460 ι
1443 2409 1835 2462 Συναναδαὶνει

223 2505 344 2566 τοῖς
373 2502 626 2570 γονεῦσιν
661 2504 742 2566 είς
788 2500 1172 2572 Ἰερουσαλὴμ,
1206 2502 1293 2554 ἴνα
1317 2502 1405 2555 διὰ
1444 2503 1664 2555 πάντων
1687 2502 1838 2574 δείξῃ

224 2597 315 2648 δτι
341 2595 442 2648 οὑκ
471 2595 620 2647 ἐστιν
653 2594 920 2657 ἀντίθεος,
962 2594 1072 2646 οὐδ’
1121 2593 1510 2647 ἀντιτάσσεται
1537 2596 1650 2657 τοῖς
1685 2611 1837 2647 νενο-

228 2688 661 2760 μοθετημένοις·
714 2687 1128 2740 τελειωσάντων
1182 2688 1238 2740 δὲ
1288 2689 1385 2751 τὰς
1437 2689 1678 2759 ἡμέρας,
1737 2692 1837 2755 τὰς

225 2779 372 2834 ἑπτὰ
404 2779 608 2849 δηλαδὴ
636 2779 730 2831 τοὺ
760 2779 978 2848 Πάσχα,
1017 2779 1318 2848 ἀπέμεινεν
1348 2782 1408 2832 έν
1445 2782 1834 2853 Ἰερουσαλήμ.

223 2873 524 2942 Συνεζήτει
555 2873 611 2925 δὲ
646 2872 785 2941 μετά
812 2872 921 2924 τῶν
959 2871 998 2923 Γ
1005 2889 1068 2941 ρα
1083 2873 1369 2942 μματέων,
1397 2873 1507 2926 ἀπὸ
1548 2873 1641 2926 τοῦ
1668 2876 1836 2946 νόμου

225 2967 454 3037 ιρωτῶν
486 2965 685 3025 αὑτούς
709 2981 722 2994 ⁸
764 2966 862 3018 καὶ
899 2964 1183 3029 ἐξίσταντο
1227 2968 1450 3030 πάντες.
1521 2965 1684 3038 Ὁρᾷς
1718 2967 1836 3034 πῶς

227 3059 572 3129 προέκοπτεν
601 3059 693 3111 ἐπὶ
741 3059 904 3130 σοφίᾳ
925 3099 940 3123 ,
979 3058 1069 3112 διὰ
1102 3057 1196 3111 τοῦ
1220 3059 1589 3126 γινώσκεσθαι
1622 3060 1837 3123 πολλοῖς

226 3153 326 3205 καὶ
357 3152 738 3221 θαυμάζεσθαι
768 3168 781 3216 ;
841 3153 872 3220 ἡ
911 3153 1021 3221 γὰρ
1084 3151 1348 3220 ἔκφανσις
1382 3152 1480 3219 τῆς
1511 3153 1706 3220 σοφίας
1738 3151 1836 3204 αὑ-

227 3243 362 3309 τοῦ,
396 3243 534 3314 αὕτη
565 3244 713 3297 ἐστὶν
758 3244 790 3311 ἡ
827 3241 1085 3313 προκοπὴ
1134 3242 1326 3295 αὑτοῦ.
1375 3242 1594 3312 Πατέρα
1649 3242 1705 3294 δὲ
1745 3241 1835 3295 τὸν

239 3333 447 3405 Ἰωσὴφ
509 3336 769 3405 ὀνομάζει
831 3335 864 3404 ἡ
919 3333 1211 3396 Θεοτόκος,
1273 3333 1448 3386 εἰδυῖα
1486 3334 1691 3402 μενὼς
1734 3335 1834 3387 οὐκ

232 3429 353 3481 εστι
400 3428 622 3498 πατήρο
668 3428 810 3496 πλὴν
845 3425 934 3479 διὰ
979 3425 1106 3489 τοὺς
1148 3425 1461 3486 Ἰουδαίους,
1500 3426 1586 3478 ἵνα
1636 3427 1709 3496 μὴ
1743 3444 1830 3479 vo-

233 3518 409 3588 μισθῇ
440 3520 506 3571 ἐκ
558 3517 816 3588 πορνείας
877 3512 1040 3579 εἶναι,
1077 3517 1290 3585 πατέρα
1346 3517 1513 3568 αὑτοῦ
1570 3515 1835 3582 λὲ-,θειτὺν

239 3611 443 3680 Ἰωσήφ
468 3626 482 3640 ·
541 3611 716 3673 ἄλλως
750 3627 809 3661 τε
855 3610 945 3660 καὶ
998 3609 1204 3679 πατρὸς
1233 3607 1565 3678 κηδεμονίαν
1593 3610 1834 3673 ἐνδειξά-

230 3720 435 3774 μινον,
502 3703 595 3755 καὶ
655 3701 976 3774 ὑπουργίανΔ
1009 3701 1068 3752 ἐν
1132 3703 1199 3770 τῇ
1256 3701 1564 3772 ἀνατροφῇ,
1607 3701 1834 3764 εἰκότως

226 3794 519 3864 ὠνόμασεν
544 3793 710 3846 αὑτὸν
744 3771 991 3862 πατέρα’·
1022 3791 1224 3844 ὡσανεὶ
1254 3793 1526 3860 τιμῶντος
1551 3792 1714 3844 αὑτὸν
1742 3793 1834 3844 τοῦ

226 3891 391 3960 ἁγίου
425 3887 744 3958 Πνεὺματος
786 3889 852 3958 τῇ
899 3887 994 3941 τοῦ
1049 3887 1252 3956 πατρὸς
1301 3886 1668 3957 προσηγορία.
1739 3889 1836 3940 Διὰ

225 3985 362 4049 τίδὲ
388 3982 614 4052 ἐζήτουν
646 3981 807 4034 αὐτόν
831 3995 846 4046 ;
873 3975 940 4033 ’Δ
954 3997 1022 4050 ρα
1057 3978 1327 4051 ὑπόληψιν
1355 3980 1579 4048 ἔχοντες
1618 3980 1712 4054 ὅτι
1731 3982 1836 4032 ἀπο

232 4077 437 4131 όλωλεν
462 4077 494 4145 ἢ
517 4073 854 4145 πεπλάνηται
882 4075 956 4136 ὼς
979 4076 1107 4136 παῖς
1132 4091 1146 4140 ;
1175 4075 1242 4126 Ἀ
1254 4091 1416 4140 παγε.
1437 4071 1576 4125 Οὑτε
1601 4073 1708 4143 γὰρ
1738 4074 1834 4142 τῆς

230 4169 518 4236 πανσόφου
549 4168 771 4238 Μαρίας
805 4167 964 4220 τοῦτο
992 4163 1085 4239 ἧν,
1123 4168 1327 4238 μυρίας
1364 4166 1671 4235 δεξαμένης
1704 4169 1833 4236 περὶ

228 4261 400 4317 αὑτοῦ
424 4260 824 4329 ἀποκαλύψεις,
861 4259 984 4313 οὔτε
1019 4259 1112 4312 τοῦ
1160 4260 1384 4328 Ἰωσὴφ,
1417 4259 1513 4312 τοῦ
1542 4263 1636 4312 καὶ
1666 4259 1833 4313 αὑτοῦ

229 4353 726 4424 ἀποκαλυφθίντος
755 4355 838 4407 ὅτι
864 4357 928 4408 ὲκ
960 4354 1281 4423 [Ινεὺματος
1313 4353 1469 4420 ἁγίου
1497 4353 1664 4406 ἐστίν.
1690 4354 1832 4405 Ἀλλ’

225 4449 464 4519 ιζήτουν
517 4445 702 4513 αὑτὸν,
768 4447 968 4516 μήπως
1021 4445 1238 4514 ἀπέστη
1271 4446 1365 4496 ἀπ’
1397 4443 1598 4509 αὐτῶν,
1635 4449 1834 4515 μήπως

228 4537 626 4593 καταλέλοιπεν
686 4535 910 4595 αὑτοὺς.
979 4535 1133 4588 Ἐπεὶ
1192 4535 1250 4588 δὲ
1297 4529 1456 4604 εὑρον
1503 4536 1690 4599 αὑτὸν,
1735 4537 1833 4604 ὅρα

945 451 1392 516 ENARRATIO
1440 453 1518 515 IN
1563 453 2066 515 EVANGELIUM
2111 454 2347 516 LUCS.
2380 481 2447 490 —
2479 454 2641 514 (MP.
2689 455 2772 514 ῐῐ.

3444 450 3551 516 734

2026 565 2192 620 Vens.
2244 567 2432 622 ιιι-50.
2465 585 2482 616 ι
2522 565 2584 618 Et
2621 565 2769 618 ibant
2817 570 3070 632 parentes
3106 560 3222 629 ejus
3255 565 3552 631 quotannis

1948 660 2384 732 Hierosolymam
2416 661 2471 715 in
2505 662 2592 714 die
2631 659 2768 713 festo
2830 657 3078 712 Paschac.
3119 655 3331 710 Etcum
3379 655 3550 708 fut-lus

1947 765 2093 809 esset
2124 769 2393 808 annorum
2422 752 2730 817 duodecim,
2792 749 3216 806 ascendentibus
3269 749 3375 802 illis
3421 749 3554 802 Ilie-

1947 847 2280 916 rosolymam
2355 847 2654 900 secundum
2741 843 3193 898 consuetudinem
3250 842 3355 896 diei
3405 841 3551 903 fcsti,

1947 943 2453 1010 consummatisque
2485 941 2676 995 diebus
2703 955 2825 995 cum
2852 939 3093 993 redirent
3129 937 3228 1001 illi,
3290 937 3553 990 reutathit

1946 1050 2081 1105 puer
2111 1032 2267 1088 Jesus
2293 1034 2712 1104 Hierosolymis,
2737 1042 2789 1086 et
2816 1047 2926 1105 non
2961 1039 3335 1096 cognoverunt
3359 1044 3554 1095 paren-

1948 1139 2031 1184 tes
2117 1127 2259 1197 ejus.
2320 1127 2590 1181 Creterum
2637 1126 2740 1176 rati
2803 1102 2954 1176 illum
2979 1137 3100 1176 esse
3157 1122 3209 1174 in
3269 1121 3550 1179 cantitatu,

1949 1229 2222 1275 venerunt
2284 1219 2482 1272 itinere
2541 1217 2668 1280 diei,
2705 1226 2760 1270 et
2835 1212 3190 1283 requirebant
3244 1228 3368 1264 cum
3409 1213 3554 1264 inter

1947 1325 2217 1383 cognatos
2244 1322 2298 1367 et
2328 1312 2470 1365 inter
2515 1320 2694 1363 notus.
2767 1308 2831 1362 Et
2868 1322 2989 1362 cum
3043 1321 3148 1359 non
3213 1305 3552 1358 invenissent

1948 1423 2098 1470 eum,
2138 1406 2339 1459 reversi
2381 1413 2505 1456 sunt
2539 1401 2995 1472 Hierosolymam,
3037 1404 3348 1464 quaerentes
3402 1411 3550 1449 eum.

1949 1498 2015 1552 Et
2054 1498 2252 1552 accidit
2279 1507 2393 1567 post
2437 1495 2698 1556 triduutn,
2743 1494 3070 1546 invenerunt
3096 1490 3321 1544 iilumin
3353 1489 3554 1556 templo

1949 1591 2231 1645 sedentem
2260 1590 2310 1642 iu
2347 1587 2522 1643 medio
2582 1589 2895 1647 doctorum,
2943 1582 3256 1637 audientem
3315 1580 3457 1642 illos.
3500 1593 3553 1633 et

1947 1682 2376 1751 interrogantem
2432 1695 2545 1732 eus.
2599 1676 2907 1745 Stupebant
2968 1683 3149 1727 autem
3210 1686 3399 1725 omnes
3458 1671 3551 1739 qui

1947 1790 2071 1830 eum
2102 1774 2418 1834 audiebant,
2461 1786 2622 1841 super
2643 1767 3002 1836 intelligentia
3031 1776 3084 1820 et
3111 1764 3390 1832 responsis
3412 1763 3551 1830 ejus,

1947 1877 1999 1922 et
2026 1865 2142 1920 viso
2177 1879 2263 1928 eo,
2291 1862 2544 1916 admirati
2571 1871 2718 1914 sunt.
2752 1858 2818 1912 Et
2872 1857 3009 1912 dixit
3074 1864 3252 1910 mater
3320 1854 3436 1924 ejus
3488 1855 3552 1906 ad

1947 1959 2093 2012 illum
2127 1974 2139 2009 :
2177 1956 2299 2020 Fili,
2325 1971 2422 2008 cur
2454 1953 2628 2007 feciSIi
2663 1952 2820 2005 nobis
2842 1951 2921 2004 sic
2946 1951 2969 2003 ?
2997 1949 3136 2003 Ecce
3164 1961 3318 2017 pater
3351 1958 3476 2000 tuus
3504 1955 3556 2000 ct

1943 2067 2046 2120 ego
2081 2050 2332 2104 dolentes
2358 2046 2738 2118 quaerebamus
2765 2055 2837 2102 te.
2873 2045 2940 2098 Et
2973 2044 3048 2098 ait
3079 2042 3146 2097 ad
3203 2042 3326 2097 illos
3362 2058 3376 2094 :
3415 2041 3554 2107 Quid

1941 2152 2025 2198 est
2057 2141 2199 2212 quod
2244 2139 2579 2208 quau-ebati's
2614 2137 2750 2196 me?
2783 2138 2868 2192 An
2919 2135 3250 2193 uesciebatis
3308 2133 3453 2202 quod
3496 2133 3550 2187 iu

1945 2238 2029 2290 bis
2058 2250 2179 2304 qua:
2214 2232 2399 2287 Patris
2439 2233 2544 2284 mei
2589 2240 2739 2296 sunt,
2770 2237 2986 2298 oportet
3021 2242 3108 2285 me
3170 2226 3419 2282 esse?At
3480 2225 3552 2280 illi

1946 2345 2052 2385 non
2125 2328 2516 2382 intellexerunt
2589 2338 2925 2390 sermonem,
2999 2337 3160 2392 quem
3219 2321 3431 2376 locutus
3474 2331 3556 2374 est

1946 2420 2103 2489 ipsis.
2144 2437 2160 2469 ι
2198 2418 2373 2472 Simul
2413 2416 2560 2470 venit
2588 2431 2710 2470 cum
2754 2416 3076 2483 parentibus
3121 2415 3175 2469 in
3224 2412 3553 2476 Jerusalem,

1946 2524 2002 2565 ut
2038 2529 2134 2582 per
2167 2513 2350 2565 omnia
2385 2510 2633 2565 ostendat
2661 2525 2720 2564 se
2744 2523 2854 2562 non
2892 2509 3276 2564 adversarium
3303 2508 3432 2571 Deo,
3462 2524 3528 2561 ne

1943 2620 2047 2676 que
2081 2619 2476 2675 repugnantem
2507 2604 2593 2658 his
2615 2618 2733 2670 quze
2757 2618 2783 2657 a
2807 2603 2927 2672 lege
2946 2603 3120 2672 posita
3149 2601 3387 2657 fuerunt.
3417 2602 3553 2655 Cum

1944 2697 2306 2772 perfecissent
2338 2707 2519 2751 autem
2575 2696 2691 2750 dies
2752 2705 2984 2765 septem,
3047 2695 3271 2750 Pascha:
3320 2695 3552 2758 scilicet,

1945 2787 2145 2842 mansit
2185 2789 2235 2840 in
2266 2787 2593 2842 Jerusalem.
2616 2788 2941 2856 Disputabat
2959 2784 3141 2839 aut'ém
3163 2801 3286 2839 cum
3312 2784 3553 2844 Scribis.

1947 2894 2152 2948 rogans
2183 2893 2277 2933 eos
2303 2879 2370 2932 de
2404 2880 2518 2948 lege
2557 2888 2648 2933 :et
2680 2880 3083 2947 obstupuerunt
3136 2891 3346 2932 omnes.
3396 2875 3560 2930 Vides

1945 2969 2221 3037 quomodo
2253 2968 2550 3036 profecerit
2574 2969 2625 3022 in
2653 2968 3027 3037 sapientia,eo
3057 2968 3202 3035 quod
3233 2976 3556 3021 nosceretur

1942 3075 1970 3114 a
2008 3060 2216 3120 multis,
2256 3062 2390 3114 etin
2433 3061 2797 3115 admiratione
2848 3060 3034 3115 esset?
3096 3059 3365 3113 Etnicatio
3407 3058 3554 3111 enim

1940 3154 2226 3219 sapientia:
2249 3152 2388 3220 ejus,
2421 3151 2704 3222 profectus
2726 3152 2844 3223 ipse
2873 3161 2976 3207 est.
3009 3150 3182 3206 Porro
3237 3153 3412 3221 ipsum
3459 3149 3558 3204 In-

1866 3276 1910 3338 ο
1945 3245 2076 3314 seph
2124 3255 2334 3314 patrem
2369 3247 2618 3299 nominat
2644 3244 2737 3298 Dei
2764 3243 3038 3306 Genitrix,
3104 3243 3284 3298 sciens
3333 3242 3556 3312 quidem

1943 3355 2052 3394 non
2115 3354 2235 3394 esse
2258 3350 2469 3411 patrem
2511 3360 2523 3394 :
2552 3350 2927 3397 verumtamen
2955 3351 3180 3410 propter
3209 3337 3447 3404 Iudaeos,
3501 3347 3561 3392 ut

1946 3453 2014 3491 ne
2049 3438 2302 3492 videatur
2329 3453 2393 3491 ex
2433 3437 2798 3497 fornicatione
2827 3445 3152 3507 prognatus,
3181 3445 3389 3505 patrem
3440 3436 3558 3502 ejus

1941 3529 2074 3585 dicit
2101 3529 2327 3600 Josepb.
2364 3528 2459 3584 Vel
2488 3530 2673 3584 aliter:
2711 3529 2982 3595 Quoniam
3017 3528 3164 3582 velut
3185 3538 3338 3598 pater
3367 3543 3556 3580 curam

1943 3624 2099 3694 pueri
2132 3624 2382 3694 gerebat,
2419 3633 2471 3692 et
2511 3623 2676 3678 simul
2726 3623 3111 3678 conversando
3180 3622 3547 3686 ministrabat,

1943 3718 2138 3772 merito
2167 3705 2471 3770 nominavit
2493 3716 2644 3771 illum
2678 3725 2915 3786 patrem,
2957 3725 3215 3784 tauquam
3252 3713 3559 3768 ltonnrante

1941 3809 2091 3861 illum
2172 3807 2378 3876 Spiritu
2477 3816 2670 3876 sancto
2752 3807 2930 3875 patris
3005 3805 3291 3859 vocabulo.
3379 3805 3610 3870 Quare-

1943 3911 2121 3955 autem
2155 3902 2470 3970 quzcrebant
2505 3899 2700 3954 illum?
2732 3897 2874 3954 Num
2915 3899 3340 3966 suspicabantur
3377 3897 3559 3965 perdi-

1945 4006 2056 4046 tum
2092 3995 2241 4048 illum
2289 4003 2383 4048 aut
2435 3993 2580 4061 quod
2635 3993 2944 4048 aberrasset
3008 4004 3066 4046 ut
3124 3992 3296 4059 puer?
3360 3991 3558 4045 Absit!

1941 4085 2128 4155 Neque
2207 4087 2349 4139 enim
2428 4089 2531 4141 hoc
2603 4087 3020 4157 sapientissiture
3082 4085 3268 4138 Maria:
3368 4084 3558 4147 fuerit.

1939 4190 2059 4245 qua:
2102 4175 2369 4244 plurimas
2398 4175 2463 4229 de
2499 4175 2592 4230 illo
2627 4182 2918 4244 acceperat
2946 4174 3331 4238 revelationes,
3383 4187 3560 4243 neque

1938 4266 2164 4338 Joscpb,
2192 4269 2277 4322 cui
2307 4276 2359 4322 et
2385 4269 2486 4336 ipsi
2510 4268 2577 4323 de
2605 4269 2698 4322 illo
2737 4269 3039 4322 revelatum
3068 4277 3186 4321 erat
3211 4267 3354 4334 quod
3380 4283 3407 4320 a
3436 4265 3563 4336 Spi'

1944 4362 2048 4416 ritu
2085 4370 2276 4416 sancto
2320 4373 2486 4416 esset.
2520 4361 2721 4416 Verum
2777 4361 3103 4435 quaerebant
3152 4361 3324 4427 illum,
3362 4376 3427 4415 ne
3451 4375 3561 4429 quo

1943 4464 2101 4523 pacto
2123 4455 2190 4508 ab
2217 4457 2295 4509 eis
2327 4455 2571 4518 abiissct,
2593 4470 2770 4524 neque
2790 4453 2926 4509 forte
2946 4456 3265 4525 reliquisset
3284 4453 3426 4509 illos.
3454 4451 3555 4508 Ubi

1947 4557 2128 4601 autem
2164 4548 2494 4602 invenerunt
2527 4564 2675 4608 eum.
2706 4549 2828 4604 vide
2859 4551 3138 4619 quomodo
3159 4548 3294 4616 ipsis
3326 4563 3556 4619 rcSpon-

228 4631 354 4693 πῶς
398 4629 586 4691 αὑτοῖς
643 4627 1049 4698 ἀποκρίνεται·
1108 4627 1206 4693 τῆς
1256 4628 1365 4697 γὰρ
1402 4627 1713 4700 Παρθένου,
1747 4629 1837 4680 τὸν

1949 4645 2064 4699 det.
2100 4646 2233 4699 Cum
2262 4645 2409 4699 enim
2437 4645 2605 4716 Virgo
2639 4643 2839 4715 Josepb
2871 4654 3085 4714 patrem
3132 4644 3250 4713 ejus
3303 4644 3558 4707 dixisset,

241 4724 450 4792 Ἰωσὴφ
483 4723 695 4792 πατέρα
723 4720 992 4790 είποὺσης
1020 4719 1212 4783 αὑτοῦ,
1250 4720 1459 4782 ἐκεῖνός
1495 4738 1658 4788 φησιν
1682 4721 1839 4787 ’,Οὐκ

227 4813 396 4876 αὑτός
432 4815 583 4866 ἐστιν
618 4815 646 4867 6
673 4813 881 4884 ἀληθής
928 4830 1030 4881 μου
1079 4812 1290 4882 Πατὴρ,
1339 4807 1375 4882 ἦ
1432 4812 1543 4881 γὰρ
1574 4813 1639 4865 ἂν
1675 4814 1732 4864 ἐν
1762 4813 1838 4882 τῷ

227 4906 368 4976 οἴκῳ
397 4903 563 4958 αὑτοῦ
599 4905 770 4974 ἥμην·
812 4903 926 4957 ἀλλ’
960 4906 988 4957 6
1015 4903 1148 4964 Θεός
1181 4904 1298 4956 ὲστί
1338 4921 1440 4974 μου
1475 4906 1685 4976 Πατήρ.
1728 4908 1838 4960 Καὶ

226 4998 322 5051 διὰ
360 4996 518 5051 τοῦτο
552 4999 611 5052 ὲν
650 4996 727 5069 τῷ
764 4997 897 5068 οἴκῳ
955 4996 1120 5052 αὑτοῦ
1170 4999 1308 5067 είμι,
1349 4999 1625 5051 τουτέστιν
1673 5001 1729 5052 ὲν
1761 4999 1837 5069 τῷ

229 5093 347 5160 ναῷ
385 5089 573 5145 αὑτοῦ.
622 5090 766 5144 Ἀλλ’
795 5089 953 5144 αὑτοὶ
1005 5089 1069 5144 οὑ
1095 5091 1343 5158 συνῆκαν
1379 5091 1406 5142 ὃ
1443 5091 1709 5158 ἐλάλησεν
1741 5094 1836 5145 αὑ-

228 5187 347 5246 τοῖς
368 5199 379 5210 ·
417 5185 721 5254 μυστήριον
756 5183 868 5253 γὰρ
900 5177 990 5254 ἦν.

310 5294 328 5324 ι
369 5273 481 5327 Καὶ
514 5273 724 5344 κατέϐη
778 5272 898 5343 μετ’
958 5274 1164 5339 αὑτῶν,
1201 5275 1292 5326 καὶ
1346 5271 1508 5346 ἦλθεν
1534 5285 1611 5338 εις
1649 5277 1834 5342 Ναζα-

231 5375 351 5445 ρέτ.
422 5371 530 5426 Καὶ
563 5366 632 5442 ἦν
683 5371 1136 5440 ὑποτασσόμενος
1173 5375 1355 5438 αὑτοῖς
1387 5390 1400 5404 ·
1451 5377 1546 5427 καὶ
1579 5378 1610 5445 ἡ
1651 5377 1837 5445 μήτηρ

228 5464 403 5519 αὑτοῦ
439 5464 682 5535 διετήρει
712 5466 894 5518 πάντα
923 5465 993 5517 τὰ
1023 5467 1244 5538 ῥήματα
1290 5468 1464 5520 ταῦτα
1507 5473 1563 5521 ὲν
1590 5473 1654 5539 τῇ
1697 5488 1835 5539 x19-

227 5555 321 5626 δίᾳ
344 5555 538 5625 αὑτῆς.
573 5557 680 5609 Καὶ
719 5555 933 5626 Ἰησοῦς
957 5560 1269 5626 προέκοπτε
1308 5561 1472 5629 σοφία
1508 5563 1600 5612 καὶ
1625 5562 1832 5632 ἡλικίᾳ,

232 5651 332 5701 καὶ
367 5649 553 5718 χάριτι
579 5648 728 5718 παρὰ
760 5648 881 5718 θεῷ
906 5651 1000 5701 καὶ
1023 5649 1356 5720 ἀνθρώποις.
1396 5672 1412 5703 ι
1461 5653 1836 5707 ’Υπετάσσετο

235 5745 341 5798 τοῖς
377 5740 622 5810 γονεῦσι,
657 5741 830 5795 τύπον
856 5743 1032 5806 διδοὺς
1064 5746 1156 5796 καὶ
1189 5746 1341 5814 ἡμῖν,
1375 5747 1447 5808 ὡς
1475 5746 1540 5799 ἂν
1582 5750 1691 5812 τοῖς
1732 5768 1836 5801 πα-

234 5837 425 5903 τράσιν
456 5835 895 5906 ὑποταττώμεοα
919 5853 929 5864 ·
967 5841 1258 5908 συνετήρει
1305 5840 1360 5890 δὲ
1389 5839 1557 5893 ταῦτα
1586 5843 1762 5894 πάντα

232 5929 536 5997 Παρθένος.
592 5928 725 5982 Θεῖα
783 5929 890 6001 γὰρ
923 5925 991 6001 ἦν
1034 5931 1098 5985 τά
1147 5948 1204 5983 τε
1260 5931 1613 6006 πραττόμενα
1642 5935 1733 5986 καὶ
1767 5935 1833 5988 τὰ

1950 4737 2040 4790 ille
2069 4736 2203 4790 dixit
2248 4757 2259 4792 :
2287 4735 2408 4792 Non
2440 4736 2525 4790 hic
2559 4752 2721 4790 verus
2752 4743 2906 4807 pater
2941 4751 3092 4789 meus
3117 4745 3223 4800 est,
3270 4733 3474 4802 alioqui
3503 4734 3556 4788 iu

1950 4830 2111 4882 domo
2147 4829 2266 4896 ejus
2292 4807 2654 4882 mansissent?
2684 4831 2776 4883 sed
2827 4827 2968 4882 Deus
3022 4837 3104 4882 est
3161 4826 3324 4882 Pater
3385 4839 3557 4887 meus.

1950 4932 2002 4976 ct
2035 4931 2321 4990 prapterca
2358 4921 2409 4974 iu
2443 4923 2606 4975 domo
2633 4922 2778 4975 illius
2817 4936 2962 4984 sum,
2999 4920 3103 4974 huc
3136 4929 3239 4984 ρει,
3279 4920 3330 4975 in
3363 4919 3562 4987 templo

1949 5011 2113 5066 illius.
2149 5011 2347 5066 Verum
2394 5013 2493 5081 ipsi
2549 5029 2655 5067 non
2714 5013 3105 5065 intellexerunt
3171 5011 3299 5080 quid
3347 5009 3561 5066 locutus

1950 5104 2113 5174 292
2146 5115 2290 5160 esset
2323 5106 2404 5160 eis
2435 5124 2446 5158 :
2472 5114 2872 5160 sacramentum
2904 5107 3050 5161 enim
3085 5114 3222 5158 erat.

2027 5285 2194 5341 VERS.
2263 5286 2354 5350 51,
2383 5287 2473 5341 52.
2508 5304 2527 5338 ι
2567 5287 2628 5341 ΕΙ
2660 5287 2943 5344 descendit
2988 5304 3110 5342 cum
3166 5288 3264 5350 eis,
3305 5288 3562 5356 venitque

1950 5377 2270 5432 Nazaretlt:
2333 5389 2565 5448 eratque
2619 5380 2872 5435 subditus
2927 5380 3055 5435 illis.
3119 5379 3184 5433 Et
3224 5392 3397 5433 mater
3440 5381 3559 5449 ejus

1950 5472 2318 5526 conservabat
2355 5473 2537 5526 omnia
2566 5475 2727 5528 verba
2752 5474 2868 5529 brec
2898 5475 3136 5532 incorde
3161 5490 3282 5528 suo.
3315 5475 3372 5526 Et
3399 5473 3559 5529 .Icstts

1949 5565 2269 5634 proﬁciebat
2305 5568 2598 5635 sapientia.
2623 5579 2672 5619 et
2711 5578 2891 5631 :etate,
2927 5578 2982 5622 ct
3010 5570 3184 5638 gratia
3213 5575 3351 5635 apud
3387 5567 3554 5618 Dt‘ttm

1947 5658 2394 5713 atauehotnincs.
2419 5678 2436 5709 ›
2463 5659 2725 5713 Subditus
2746 5659 2845 5714 fuit
2869 5662 3204 5719 uarentibus.
3232 5662 3360 5713 dato
3385 5660 3552 5715 etiam

1952 5752 2107 5805 nobis
2127 5754 2376 5816 exemplo
2408 5751 2732 5821 ulpatribus
2765 5755 3297 5808 siuiusobedicutcs.
3322 5755 3555 5806 Conser-

1946 5844 2309 5896 Vabatautctn
2357 5847 2467 5898 ltzec
2497 5846 2677 5897 utrtttia
2707 5846 2894 5913 Virgo.
2947 5845 3135 5899 Divina
3185 5847 3328 5897 cuitu
3394 5857 3554 5896 erant

1947 5951 2067 6006 quae
2115 5934 2436 5992 dicebantur
2474 5949 2520 5988 ct
2564 5936 2865 6008 agebantur
2909 5954 2936 5992 a
2969 5951 3159 6010 puero,
3209 5951 3316 5992 non
3394 5937 3554 6002 quasi
