4038 6496
580 434 688 500 735

1507 425 2076 492 THEOPHYLACTI
2112 419 2522 483 BULGARIA'I
2554 413 2907 476 ARCHI'EP.

3728 401 3830 468 7³6

582 546 870 604 duodecim
893 555 1182 604 annorum,
1205 541 1299 596 sed
1333 538 1484 608 quasi
1514 537 1774 606 perfecto.
1801 536 1935 590 Vide
1971 546 2148 589 autem

2264 531 2523 597 λεγόμενα
2548 527 2699 595 παρὰ
2728 523 2820 577 τοῦ
2851 520 3061 583 παιδὸς,
3083 520 3179 573 καὶ
3208 521 3305 590 οὐχ
3331 520 3407 582 ὡς
3433 516 3824 581 δωδεκαετοῦςι

585 638 856 708 quomodo
878 635 979 689 hoc
1009 633 1125 686 loco
1152 629 1480 698 evangelista
1508 630 1891 695 interpretatur
1915 627 2041 694 quid
2081 625 2153 678 sit

587 726 847 797 proﬁcere
862 723 1120 794 sapientia
1142 740 1156 788 ;
1181 721 1364 776 subdit
1384 722 1548 782 enim,
1570 729 1623 772 et
1640 728 1818 772 aetate.
1843 716 2148 770 Proiectum

587 831 765 874 autem
798 819 994 881 atatis,
1027 816 1304 885 sapientia:
1333 814 1629 882 profectum
1655 826 1774 866 esse
1801 811 1954 865 dicit.
2012 809 2150 863 Gra-

587 912 718 966 tiam
753 924 879 963 vero
914 908 1149 963 habebat
1179 911 1320 978 apud
1369 908 1536 961 Deum
1587 915 1640 959 et
1693 905 1832 973 apud
1885 904 2150 964 homines,

591 1004 691 1055 hoc
714 1011 815 1063 est,
884 999 1075 1067 agebat
1127 1014 1189 1054 ea
1250 1012 1368 1067 qua
1421 998 1526 1050 Deo
1585 993 1917 1062 beneplacita
1972 999 2150 1053 erant,

586 1098 639 1141 et
681 1106 798 1157 quze
833 1091 1042 1144 laudata
1071 1089 1140 1143 ab
1169 1090 1492 1142 hominibus.
1522 1087 1762 1140 Primum
1795 1097 1974 1137 autem
2013 1080 2150 1150 apud

591 1177 780 1242 Deum,
816 1191 866 1231 et
897 1187 1079 1245 postea
1112 1180 1252 1246 apud
1279 1177 1543 1230 homines.
1570 1175 1807 1228 Primum
1826 1173 1966 1226 enim
1992 1185 2152 1238 opor-

587 1278 660 1322 tet
700 1266 807 1322 Deo
837 1268 1070 1334 placere,
1105 1276 1158 1320 et
1190 1268 1381 1320 deinde
1415 1267 1740 1318 hominibus.

1185 1459 1409 1515 CAPUT
1474 1460 1556 1514 III.

595 1665 670 1718 De
709 1669 1080 1727 pra'dicatione
1108 1665 1356 1718 Joannis.
1387 1666 1462 1717 De
1490 1666 1930 1734 interrogantibus
1991 1667 2158 1719 Joan-

662 1753 794 1788 nem.
830 1736 904 1789 De
938 1736 1142 1788 Urrode
1172 1747 1216 1786 et
1263 1734 1485 1802 Joanne.
1524 1735 1598 1788 De
1651 1738 1909 1802 baptismo
1972 1736 2157 1789 Salva-

664 1809 809 1858 taris.
843 1804 918 1858 De
945 1807 1247 1874 grnealogia
1289 1790 1504 1858 Christi.

668 2066 831 2118 Vitas.
861 2066 969 2118 l-5.
1008 2084 1028 2115 r
1064 2065 1217 2116 Anno
1256 2073 1434 2116 autem
1468 2063 1678 2117 decimo
1729 2065 1914 2130 quinto
1949 2066 2156 2133 imperii

593 2154 1054 2216 TiberiiCmsaris,
1076 2153 1263 2208 Pontio
1287 2153 1457 2206 Pilato
1478 2155 1702 2221 pra-side
1723 2154 1938 2220 Judaere,
1962 2168 2158 2210 tetrar-

590 2248 690 2300 eha
744 2260 870 2298 Vero
899 2244 1129 2298 Galilaeze
1181 2242 1413 2306 Herode,
1469 2243 1718 2313 Philippo
1777 2260 1954 2299 autem
1994 2248 2159 2301 fratre

592 2339 705 2404 ejus
741 2337 1009 2389 tetrarcha
1054 2334 1265 2389 [turmae
1300 2347 1354 2388 et
1389 2334 1793 2390 Trachonitidis
1835 2340 2087 2407 regionis,
2109 2351 2162 2393 et

593 2427 818 2498 Lysania
845 2427 1096 2481 Abilenes
1132 2429 1424 2492 tetrarcha,
1481 2429 1577 2480 sub
1629 2430 1972 2496 pontificibus
2003 2433 2158 2484 Anna

589 2520 892 2587 etCaipha,
930 2519 1133 2573 factum
1165 2532 1248 2573 εει
1297 2522 1516 2573 verbum
1549 2519 1639 2573 Dei
1693 2536 1854 2588 super
1899 2520 2158 2576 Joannem

591 2609 864 2664 Zacharia:
897 2610 1063 2663 illium
1092 2611 1145 2664 in
1178 2611 1410 2664 deserto.
1443 2610 1507 2662 Et
1547 2612 1691 2664 venit
1726 2613 1775 2664 in
1828 2628 2042 2667 omnem
2075 2629 2159 2667 re-

590 2704 801 2771 gionem
858 2703 1142 2756 finitimam
1181 2701 1425 2765 Jordani,
1485 2705 1782 2769 praedicans
1839 2706 2159 2772 baptismum

590 2795 945 2864 poenitentia),
982 2795 1032 2846 in
1072 2795 1443 2848 remissionem
1505 2807 1868 2862 peccatorum.
1911 2815 1928 2846 ι
1993 2795 2161 2851 Recte

591 2902 800 2942 memor
833 2896 990 2941 estet
1029 2887 1303 2954 temporis,
1345 2896 1398 2942 et
1444 2890 1741 2960 principum
1795 2888 2048 2942 illorum:
2106 2898 2163 2943 ut

589 2979 671 3034 sic
703 2978 1039 3033 demonstret
1071 2988 1308 3047 tempore
1369 2978 1570 3033 Christi
1616 2981 1878 3035 defecisse
1909 2979 2162 3034 Iudaico-

589 3085 709 3124 rum
748 3070 1049 3138 principum
1086 3071 1504 3132 successionem,
1539 3071 1907 3140 praesidiatum
1945 3073 2158 3140 quidem

592 3161 765 3215 Pilato
802 3162 1015 3213 homine
1044 3161 1476 3230 alteriusgentis,
1532 3164 1918 3217 tetrarchatum
1976 3173 2157 3217 autem

596 3250 826 3305 llerodis
875 3251 1193 3304 Ascalonita:
1253 3253 1374 3305 filiis
1407 3255 1717 3309 tenentibus
1754 3273 1766 3308 :
1802 3257 2162 3322 credaturque

590 3343 789 3394 merito
821 3344 1009 3394 adesse
1042 3342 1308 3405 Christus,
1353 3344 1501 3409 juxta
1535 3345 1868 3413 prophetiam
1909 3345 2074 3399 Jacob
2096 3349 2162 3402 ".

603 3450 622 3484 ι
654 3430 878 3487 Factum
914 3443 996 3487 est
1017 3443 1217 3496 autem,
1244 3435 1437 3502 inquit,
1464 3439 1684 3491 verbum
1707 3438 1798 3490 Dei
1822 3452 1982 3505 super
2003 3437 2166 3491 Joan-

594 3538 762 3577 nem:
803 3543 820 3574 ι
867 3535 922 3576 ιιι
966 3524 1144 3579 discas
1176 3525 1320 3578 illum
1359 3542 1465 3579 non
1525 3538 1747 3594 temere,
1805 3545 1976 3598 neque
2027 3532 2163 3584 citra

593 3615 930 3668 vocationem
997 3617 1059 3668 ad
1125 3617 1520 3671 testificandum
1589 3621 1803 3675 Christo
1849 3624 2161 3691 prosiliisse,

593 3706 687 3760 sed
735 3706 919 3760 divino
949 3717 1153 3760 motum
1209 3705 1428 3775 Spiritu.
1465 3709 1565 3763 Per
1624 3713 1848 3766 verbum
1916 3715 2158 3783 intellige

593 3797 855 3866 Spiritum
889 3808 1156 3862 sanctum,
1197 3799 1279 3854 vel
1315 3801 1624 3854 mandatum
1655 3803 1768 3858 Dei.
1805 3803 2029 3858 Factum
2077 3815 2159 3858 est

597 3896 780 3944 autem
823 3889 874 3941 in
906 3888 1122 3942 deserto
1155 3889 1377 3943 verbum
1398 3889 1488 3945 Dei
1515 3894 1580 3946 ad
1603 3891 1890 3960 Joannem,
1926 3895 2163 3965 quando-

601 3982 818 4050 quidem
856 3983 998 4034 enim
1035 3980 1171 4035 filios
1230 3984 1456 4036 deserta:
1518 3985 1972 4053 tnultiplicaturus
2021 3997 2159 4050 erat,

594 4072 892 4126 Ecelesiam
935 4073 1056 4127 dico
1089 4088 1150 4126 ex
1187 4073 1458 4141 gentibus,
1499 4076 1669 4146 magis
1702 4091 1862 4145 quam
1887 4078 2002 4145 ejus
2044 4094 2164 4149 qua:

593 4164 757 4217 habet
785 4163 984 4229 virum,
1015 4163 1116 4216 hoc
1167 4172 1272 4227 est,
1319 4162 1556 4219 Judaicse
1613 4166 1931 4237 Synagogze,
1968 4171 2163 4224 merito

2253 622 2388 675 ἀλλὰ
2418 619 2650 672 τελείου.
2682 618 2827 685 Ὀρα
2870 614 2928 666 δὲ
2963 614 3079 675 πῶς
3115 611 3350 665 ἐνταῦθα
3380 615 3407 663 ὀ
3437 610 3832 677 ευαγγελιστὴς

2253 712 2570 782 ἑρμηνεύων
2604 711 2658 763 τί
2689 713 2801 762 ἐστι
2829 709 2888 760 τὸ
2912 709 3240 776 προκόπτειν
3260 704 3451 772 σοφίᾳ,
3491 702 3716 768 ἐπάγει,
3745 699 3834 753 καὶ

2253 805 2457 874 ἡλικίᾳ.
2508 804 2619 872 Τὴν
2647 802 2757 870 γὰρ
2790 798 3076 869 προκοπὴν
3100 799 3197 865 τῆς
3224 796 3465 866 ἡλικίας,
3505 796 3602 861 τῆς
3640 792 3830 858 σοφίας

2253 891 2392 948 εἶναι
2415 897 2562 961 λέγει
2593 893 2898 963 προκοπήν.
2936 889 3294 958 Ἐχαριτοῦτο
3321 889 3376 939 δὲ
3413 889 3509 938 καὶ
3541 884 3694 954 παρὰ
3721 882 3835 951 Θεῷ

2256 986 2348 1037 καὶ
2375 983 2524 1053 παρᾶ
2547 982 2873 1052 ἀνθρώποις,
2895 980 3164 1040 τουτέστι,
3197 980 3289 1032 καὶ
3319 979 3397 1045 τῷ
3427 978 3548 1045 Θεῷ
3570 977 3838 1044 εὐάρεστα

2257 1076 2515 1145 ἔπραττε,
2553 1076 2646 1126 καὶ⁵
2681 1075 2791 1134 τοῖς
2845 1070 3159 1140 ἀνθρώποις
3188 1070 3472 1122 ἐπαινετά.
3515 1067 3742 1138 Πρῶτον
3776 1065 3829 1117 δέ

2255 1166 2316 1218 τὸ
2346 1165 2496 1234 παρὰ
2518 1164 2656 1232 Θεῷ,
2690 1159 2808 1215 εἶτα
2835 1163 2895 1212 τὸ
2933 1161 3081 1228 παρὰ
3108 1162 3446 1229 ἀνθρώποις)
3472 1160 3700 1228 Πρῶτον
3735 1155 3836 1226 γὰρ

2257 1258 2338 1308 δεῖ
2366 1257 2440 1324 τῷ
2463 1255 2580 1324 Θεῷ
2609 1255 2884 1324 ἀρέσκειν,
2909 1247 3028 1305 εἶτα
3048 1255 3159 1314 τοῖς
3185 1251 3518 1323 ἀνθρώποις.

2876 1454 3129 1507 ΚΕΦΔΛ.
3167 1453 3237 1504 Γ’.

2263 1662 2396 1729 Περὶ
2424 1662 2530 1725 τῆς
2567 1659 2672 1713 τοῦ
2721 1662 2990 1714 Ἰωάννου
3026 1662 3350 1727 κηρύξεως.
3406 1660 3545 1725 Περὶ
3591 1658 3710 1712 τῶν
3736 1659 3836 1711 ἐκ·

2332 1731 2762 1796 ερωτησάντων
2824 1731 2929 1783 τὸν
3002 1729 3300 1796 Ἰωάννην.
3377 1731 3517 1796 Περὶ
3589 1729 3837 1796 Ἡρώδου

2338 1801 2432 1852 καί
2488 1800 2779 1853 Ἰωάννου.
2817 1802 2955 1866 Περὶ
2987 1800 3088 1852 τοῦ
3115 1803 3539 1867 ,ϐαπτίσματος
3588 1797 3693 1852 τοῦ
3724 1801 3837 1852 Σω-

2190 1877 2238 1933 B
2333 1870 2530 1936 τῆρος.
2571 1872 2707 1936 Περὶ
2737 1870 3121 1939 γενεαλογίας
3156 1869 3260 1922 τοῦ
3292 1869 3572 1936 Χριστοῦ.

2343 2088 2358 2117 ε
2397 2068 2482 2121 Ἐν
2502 2067 2607 2120 ἔτει
2640 2068 2695 2121 δέ
2729 2067 3204 2136 πεντεκαιδεκάτῳ
3235 2066 3333 2134 τῆς
3361 2066 3659 2135 ἡγεμονίας
3684 2065 3834 2117 Tiss-

2266 2161 2383 2230 ρίου
2417 2161 2719 2228 Καίσαρος,
2745 2157 3173 2229 ἡγεμονεύοντος
3211 2158 3432 2210 Ποντίου
3483 2158 3718 2210 Πιλάτου
3746 2161 3837 2224 τῆς

2277 2250 2558 2313 Ἰουδαίας,
2591 2253 2683 2302 καὶ
2728 2249 3158 2318 τετραρχοῦντος
3187 2250 3286 2317 τῆς
3339 2249 3631 2311 Γαλιλαίας
3667 2249 3834 2317 ’Πρώ-

2263 2343 2372 2405 δου,
2405 2342 2672 2393 Φιλίππου
2711 2342 2766 2393 δέ
2819 2340 2912 2392 τοῦ
2957 2340 3187 2408 ἀδελφοῦ
3221 2340 3387 2394 αὐτοῦ
3413 2339 3833 2409 τετραρχοῦντος

2263 2435 2356 2503 τῆς
2397 2435 2696 2504 Ἰτουραίας
2731 2435 2825 2486 καὶ
2860 2432 3259 2501 Τραχωνίτιδος
3295 2432 3498 2501 χώρας,
3541 2434 3635 2484 καὶ
3667 2435 3834 2484 Λυσα-

2262 2525 2375 2576 νίου
2411 2525 2508 2592 τῆς
2565 2523 2868 2592 Ἀὁηληνῆς
2919 2523 3373 2594 τετραρχοῦντος,
3416 2525 3509 2574 ἐπὶ
3541 2523 3834 2592 ἀρχιερέων

2267 2617 2435 2666 Ἀννα
2475 2617 2562 2665 καὶ
2624 2616 2869 2682 Καῖάφα,
2924 2615 3142 2681 ἐγένετο
3175 2615 3325 2684 ῥῆμα
3360 2614 3497 2666 Θεοῦ
3531 2616 3624 2666 ἐπ).
3666 2616 3835 2669 Ἰωάν-

2264 2723 2358 2773 νην
2391 2706 2479 2756 τὸν
2514 2704 2604 2755 τοῦ
2639 2705 2908 2774 Ζαχαρίου
2949 2707 3063 2757 υίὸν
3090 2707 3147 2756 ἐν
3178 2708 3244 2775 τῇ
3296 2706 3491 2774 ἐρήμῳ
3512 2721 3525 2734 ⁸
3560 2706 3653 2758 καὶ
3682 2700 3834 2774 ἦλθεν

2264 2800 2342 2860 είς
2376 2798 2552 2849 πᾶσαν
2590 2797 2689 2864 τὴν
2743 2799 3050 2866 περίχωρον
3098 2796 3193 2849 τοῦ
3233 2798 3524 2867 Ἰορδάνου,
3553 2797 3835 2867 κηρύσσων

2265 2886 2546 2955 βάπτισμα
2579 2886 2865 2954 μετανοίας
2896 2888 2974 2948 είς
3001 2887 3195 2953 ἄφεσιν
3225 2886 3534 2956 ἁμαρτιῶν.
3578 2906 3595 2937 s
3623 2887 3838 2955 Μέμνη-

2263 2998 2347 3032 ται
2385 2979 2477 3030 τοῦ
2535 2996 2592 3030 τε
2650 2978 2842 3047 χρόνου
2893 2979 2986 3029 καὶ
3028 2979 3134 3030 τῶν
3177 2980 3455 3048 ἀρχόντων
3487 2979 3713 3041 δικαίως
3767 2979 3836 3042 ῶς

2264 3073 2328 3124 ἂν
2351 3072 2497 3141 δείξῃ
2535 3073 2616 3122 ὅτι
2673 3070 2977 3122 ἐκλελοίπει
3025 3071 3057 3134 ἡ
3105 3069 3327 3140 διαδοχὴ
3380 3070 3490 3123 τῶν
3535 3071 3837 3125 Ἰουδαϊκῶν

2263 3165 2563 3232 ἀρχόντων,
2596 3162 2686 3213 ἐπὶ
2715 3161 2980 3230 Χριστοῦ,
3023 3162 3452 3229 ἡγεμονεύοντος
3477 3162 3578 3231 μὲν
3610 3163 3835 3215 Πιλάτου

2267 3254 2555 3321 ἀνθρώπου
2587 3251 2927 3316 ἀλλοεθνοῦς,
2963 3253 3412 3323 τετραρχούντων
3433 3253 3489 3306 δέ
3517 3254 3628 3307 τῶν
3655 3253 3836 3325 νἮρώο

2267 3346 2355 3398 δου
2380 3345 2474 3397 τοῦ
2518 3343 2894 3398 ’Λσκαλονίτου
2925 3345 3055 3398 υἱῶν
3098 3347 3190 3398 καὶ
3249 3348 3479 3408 εἰκότως
3529 3346 3838 3414 πιστευθείη

2267 3439 2555 3507 ἐπιστῆναι
2608 3439 2634 3489 ὁ
2683 3437 2938 3506 Χριστὸς,
2970 3437 3114 3489 κατὰ
3143 3438 3239 3506 τήν
3273 3437 3365 3489 τοῦ
3393 3435 3595 3490 Ἰακὼϐ
3631 3453 3838 3508 προφη-

2265 3529 2434 3581 τείαν.
2492 3547 2509 3578 ι
2566 3529 2815 3594 Ἐγένετο
2842 3527 2926 3588 δὲ,
2973 3529 3128 3596 φησὶ,
3166 3527 3319 3596 ῥῆμα
3349 3526 3488 3581 Θεοῦ
3523 3529 3617 3581 ἐπὶ
3660 3527 3839 3583 Ἰωάνο

2265 3637 2360 3687 νην
2380 3637 2391 3647 ·
2429 3638 2446 3668 ε
2480 3619 2565 3670 ἵνα
2593 3617 2656 3668 σὺ
2691 3617 2889 3687 μάθῃς,
2913 3616 2994 3668 ὃτι
3019 3617 3118 3668 οὐκ
3146 3616 3483 3685 αὐτόκλητος
3538 3609 3670 3686 ἦλθε
3703 3632 3838 3686 μαρ-

2264 3711 2501 3780 τυρῆσαι
2526 3711 2655 3779 περὶ
2690 3708 2950 3778 Χριστοῦ,
2981 3708 3122 3761 ἀλλὰ
3165 3707 3291 3777 θείῳ
3321 3707 3644 3777 κινούμενος
3674 3707 3839 3760 Ilvati-

2269 3803 2399 3871 μάτι
2426 3820 2439 3833 ο
2473 3805 2534 3854 τὸ
2562 3802 2668 3870 γὰρ
2695 3802 2867 3870 ῥῆμα,
2901 3801 2933 3870 ἢ
2962 3801 3022 3852 τὸ
3064 3799 3286 3869 Πνεῦμα
3320 3800 3380 3870 το
3415 3800 3573 3868 ἅγιον
3605 3801 3836 3870 νοήσεις,

2265 3894 2297 3961 ἢ
2325 3894 2422 3966 τὴν
2444 3893 2740 3963 πρόσταξιν
2767 3894 2858 3945 τοῦ
2894 3893 3052 3945 Θεοῦ.
3104 3893 3191 3943 Ἐν
3216 3893 3281 3961 τῇ
3313 3893 3506 3961 ἐρήμῳ
3535 3891 3593 3944 δὲ
3622 3893 3836 3960 ἐγένετο

2264 3984 2324 4035 τὸ
2346 3985 2499 4054 ῥῆμα
2521 3983 2614 4035 τοῦ
2653 3980 2788 4036 Θεοῦ
2837 3984 2974 4051 πρὸς
3011 3982 3295 4051 Ἰωάννην·
3350 3984 3471 4033 ἐπεὶ
3503 3983 3614 4053 γὰρ
3645 3983 3830 4048 ἔμελλε

2264 4075 2330 4126 τὰ
2366 4076 2529 4127 τέκνα
2559 4076 2655 4143 τῆς
2686 4075 2916 4144 ἐρήμου,
2948 4074 3046 4142 τῆς
3077 4073 3184 4126 τῶν
3217 4073 3385 4127 ἐθνῶν
3412 4073 3555 4141 λέγω
3611 4074 3838 4144 Ἐκκλη-

2268 4167 2405 4230 σίας,
2436 4167 2662 4219 πλείονα
2703 4166 2957 4232 γενέσθαι
2991 4167 3100 4218 τῶν
3138 4167 3236 4234 τῆς
3269 4167 3499 4236 ἐχούσης
3531 4168 3626 4219 τὸν
3655 4168 3835 4237 ἄνδρα.

601 4257 656 4308 in
687 4256 906 4308 deserto
937 4255 994 4306 fit
1027 4256 1092 4308 ad
1141 4255 1400 4311 Joannem
1474 4259 1693 4311 verbum
1751 4269 1803 4311 et
1855 4262 2162 4316 mandatum

596 4345 712 4399 Dei.
738 4344 1056 4398 Praedicavit
1077 4355 1256 4400 autem
1281 4349 1543 4415 baptisma
1572 4351 1906 4417 paenitentia:
1931 4355 2161 4420 populis,

597 4437 698 4490 hoc
729 4447 832 4499 est,
863 4435 1432 4493 confessionis.Porro
1465 4439 1726 4508 baptisma
1773 4447 2162 4510 cooperabatur

2263 4258 2528 4318 τουτέστι,
2558 4258 2656 4325 τῆς
2699 4256 2994 4324 Ἰουδαῖκῆς
3023 4257 3383 4325 Συναγωγῆς,
3430 4259 3663 4320 είκότως
3694 4262 3749 4310 ἐν
3777 4260 3837 4326 τῇ

2265 4351 2453 4420 ἐρήμῳ
2520 4350 2633 4401 δντι
2687 4349 2899 4416 γίνεται
2936 4349 3012 4417 τῷ
3076 4350 3300 4418 Ἰωάννῃ
3355 4351 3415 4400 τὸ
3472 4351 3629 4419 ῥῆμα
3690 4354 3838 4418 καιή

2267 4441 2555 4511 πρόσταξις
2589 4441 2679 4492 τοῦ
2712 4440 2869 4493 Θεοῦ.
2920 4441 3224 4507 Ἐκήρυσσε
3248 4441 3304 4492 δὲ
3341 4440 3636 4511 βάπτισμα
3675 4459 3838 4512 μετα-

598 4526 704 4578 illls
737 4525 792 4580 in
846 4526 1217 4581 remissionem
1273 4539 1644 4592 peccatorum,
1681 4547 1798 4598 quae
1843 4549 1935 4601 per
1986 4535 2148 4603 bapti-

2264 4532 2407 4592 νοίας
2430 4534 2539 4593 τοῖς
2565 4531 2731 4592 λαοῖς,
2762 4532 3071 4592 τουτέστιν,
3106 4529 3536 4598 ἐξαγορεύσεως.
3581 4532 3752 4584 Τοῦτο
3789 4533 3838 4586 δὲ

596 4631 768 4668 sinum
798 4615 997 4670 Christi
1041 4619 1218 4670 datur.
1257 4616 1441 4687 Neque
1480 4619 1638 4688 293
1686 4623 1828 4674 cnim
1896 4623 2158 4693 baptisma

2264 4627 2320 4674 τὸ
2345 4623 2629 4692 βάπτισμα
2681 4623 2943 4691 συνήργει
3008 4623 3191 4683 αὐτοῖς
3227 4623 3306 4684 είς
3363 4624 3461 4691 τὴν
3500 4624 3701 4691 ἄφεσιν
3741 4625 3839 4677 τῶν

596 4705 816 4760 Joannis
858 4710 1233 4765 remissionem
1265 4724 1604 4780 peccatorum
1667 4714 1919 4776 habebat,
1946 4717 2037 4770 sed
2096 4717 2158 4768 ad

2264 4712 2567 4783 ἁμαρτιῶν,
2596 4712 2692 4782 τὴν
2737 4713 2823 4764 διὰ
2872 4712 2967 4764 τοῦ
3025 4712 3403 4782 βαπτίσματος
3460 4715 3556 4765 τοῦ
3606 4716 3839 4786 Χριστοῦ

597 4799 967 4855 remissionem
994 4803 1346 4859 cooferebat:
1387 4806 1486 4858 hoc
1534 4815 1637 4870 est,
1684 4808 2019 4874 praeparabat
2067 4810 2158 4862 ho-

2264 4805 2566 4872 διδομένην.
2611 4804 2684 4855 Οὐ
2720 4804 2824 4872 γὰρ
2853 4802 2917 4871 δὴ
2948 4803 3008 4854 τὸ
3051 4803 3299 4856 Ἰωάννου
3337 4805 3627 4873 βάπτισμα
3655 4807 3841 4875 ἄφεσιν

599 4893 767 4946 mines
800 4902 855 4944 ut
880 4896 1187 4962 acciperent
1210 4896 1414 4950 Christi
1445 4898 1731 4968 baptisma,
1769 4900 1908 4965 quod
1936 4899 2158 4953 habebat

2265 4891 2409 4963 εἶχεν
2441 4894 2745 4963 ἁμαρτιῶν,
2767 4893 2883 4945 ἀλλ’
2909 4895 2991 4955 είς
3019 4892 3220 4963 ἄφεσιν
3255 4894 3642 4961 συνεϐάλλετο,
3690 4915 3836 4954 τουτν

599 4982 969 5036 remissionem
1018 4997 1373 5050 peccatorum.

2273 4990 2409 5048 ἐστι,
2449 4985 2834 5054 παρεσκεύαζε
2870 4985 2997 5046 τοὺς
3041 4985 3388 5053 ἀνθρώπους,
3441 4987 3526 5039 ἵνα
3587 4989 3842 5058 δέξωνται

2273 5075 2332 5125 τὸ
2379 5075 2469 5127 τοῦ
2528 5076 2766 5145 Χριστοῦ
2809 5075 3115 5146 βάπτισμα,
3169 5077 3229 5130 τὸ
3255 5077 3378 5143 ἔχον
3425 5078 3624 5145 ἄφεσιν
3664 5084 3839 5152 ἁμαρο

2274 5183 2419 5218 τιων.

679 5246 840 5300 Vsus.
873 5249 984 5312 5,6.
1021 5268 1037 5300 ι
1067 5248 1219 5304 Sicut
1243 5260 1499 5320 scriptum
1520 5262 1601 5305 est
1624 5253 1676 5306 itt
1698 5254 1834 5308 libro
1851 5269 2162 5308 sermonum

608 5337 756 5392 lsaize
790 5341 1058 5407 propheta:
1075 5342 1301 5397 dicentis
1335 5361 1347 5395 :
1380 5343 1486 5398 Vox
1511 5345 1792 5399 clamantis
1830 5346 1882 5398 in
1901 5346 2112 5400 deserto
2145 5365 2157 5399 :

609 5430 796 5483 l‘arate
833 5431 970 5483 viam
1034 5433 1263 5497 Domini,
1316 5444 1491 5488 rectas
1543 5435 1699 5490 facite
1750 5438 1974 5490 semitas
2027 5437 2160 5504 ejus.

612 5524 795 5577 Dmnis
853 5526 1003 5578 vallis
1059 5525 1381 5591 implebitur,
1425 5537 1480 5581 ct
1519 5531 1696 5582 omnis
1730 5545 1882 5582 mons
1909 5540 1969 5582 ὀι
2015 5532 2167 5584 collis

611 5616 1001 5682 humiliabitur,
1055 5628 1110 5673 et
1154 5620 1282 5676 fient
1339 5637 1456 5692 quso
1484 5622 1701 5692 obliqua
1734 5635 1876 5688 sunt,
1941 5625 2163 5692 tlircctu,

684 5795 723 5822 "
757 5794 887 5848 Gen.
923 5810 1068 5861 nix,
1106 5797 1156 5850 ’5.

2349 5276 2365 5305 ι
2420 5258 2503 5316 Ὠς
2528 5258 2832 5324 γέγραπται
2859 5258 2915 5308 ἐν
2935 5255 3099 5325 βίϐλῳ
3123 5257 3297 5324 λόγων
3334 5263 3558 5315 Ἡσαΐου
3593 5266 3688 5318 τοῦ
3718 5283 3839 5335 προ·

2272 5352 2463 5415 φήτου,
2489 5349 2742 5413 λέγοντος
2763 5364 2774 5376 ⁸
2803 5348 2955 5416 Φωνὴ
2985 5347 3213 5417 βοῶντος
3242 5354 3299 5403 ἐν
3328 5357 3392 5423 τῇ
3419 5357 3637 5427 ἐρήμῳ,
3674 5357 3838 5411 Ἑτοι-

2277 5445 2479 5510 μάσατε
2514 5449 2613 5511 τὴν
2642 5444 2757 5494 ὁδὸν
2799 5445 3027 5510 Κυρίου,
3083 5442 3301 5506 εὐθείας
3354 5450 3563 5501 ποιεῖτε
3595 5450 3697 5512 τὰς
3728 5449 3837 5518 τρε⁶

2277 5536 2401 5597 6ους
2434 5537 2618 5588 αὑτοῦ.
2657 5539 2812 5589 Πᾶσα
2837 5537 3056 5606 φάραγξ
3107 5535 3556 5607 πληρωθήσεται,
3592 5540 3689 5594 καὶ
3740 5542 3836 5593 πᾶν

2278 5627 2399 5694 ὅρος
2437 5631 2528 5681 καὶ
2562 5629 2748 5698 βουνὸς
2772 5631 3262 5701 ταπεινωθήσεται,
3288 5634 3385 5686 καὶ
3415 5633 3572 5688 ἔσται
3621 5635 3689 5688 τὰ
3718 5647 3834 5687 σπου
