4038 6548
256 495 367 559 765

977 492 1420 554 ENARRATIO
1455 493 1531 551 [Ν
1589 492 1840 552 EVANG

1960 494 2088 553 [ΗΜ
2121 492 2356 554 ιυΟίΕ.
2395 517 2461 526 α’
2490 495 2650 554 CAP.
2699 494 2795 554 IV.

3450 485 3556 551 766

255 613 416 669 τοῦτο
449 606 716 679 ἐγεννήθη
755 608 784 660 6
817 605 1022 678 Κύριος
1057 608 1147 661 (va
1187 610 1280 664 καὶ
1320 606 1484 675 φύσιν
1540 607 1635 660 καὶ
1690 605 1847 676 νόμον

1965 607 2139 660 trarii.
2172 606 2458 662 llattltaeus
2491 606 2635 661 enim
2672 605 2976 661 naturalem
3002 615 3210 675 patrem
3237 603 3441 676 Joseplt
3466 609 3553 662 ἀει

259 705 490 775 ἁγιάσῃ.

1966 701 2209 768 Scripsit,
2235 700 2410 754 Lucas
2436 711 2619 754 autem
2647 699 2871 771 legalem
2907 709 2959 754 et
2991 702 3294 771 putativum
3321 710 3555 771 patrem,

257 801 360 855 hoc
389 808 494 862 est,
528 794 645 851 Heli
675 812 688 850 :
719 802 778 848 ut
817 798 978 850 ambo
1008 793 1298 848 ostendam
1323 795 1463 862 quod
1497 801 1723 863 propter
1750 792 1853 846 hoc
1895 801 2052 846 natus
2088 793 2159 848 sit
2192 793 2475 863 Do,minus,
2518 805 2576 848 ut
2633 803 2689 848 et
2754 804 3004 848 naturam
3046 803 3100 848 et
3136 794 3308 863 legem
3359 796 3560 852 sancti-

262 893 411 948 licet.

827 1005 1079 1059 ΚΕΦΑΛ.
1134 1007 1188 1057 Δ¹

254 1121 395 1188 Περὶ
419 1119 710 1187 νηστείας
735 1121 830 1173 καί
863 1133 1202 1188 πειρασμου
1227 1116 1334 1188 τοῦ
1381 1115 1683 1184 Σωτῆρος.
1713 1118 1851 1184 Περὶ

327 1190 532 1258 Ἰησοῦ
555 1189 844 1259 ἀχθέντος
877 1187 1134 1259 ὺπὸντῶν
1150 1187 1460 1242 Ἰουδαίων
1482 1191 1575 1252 εἰς
1595 1190 1660 1240 τὸ
1689 1188 1850 1254 ὅρος,

327 1263 427 1315 καί
466 1259 563 1313 διὰ
597 1258 808 1337 μέσον
872 1258 1071 1337 αὐτῶν
1103 1259 1495 1337 ,διελρόγζτοςὲ
1554 1260 1706 1337 Περί-
1742 1259 1849 1337 τοῦ

324 1334 577 1400 ἔχοντος
609 1332 845 1399 πνεῦμα
877 1330 1206 1397 δαιμονίου.
1241 1329 1376 1400 Περί
1409 1329 1517 1394 τῆς
1559 1329 1851 1395 πενθερᾶς

327 1399 575 1469 Πέτρου.
611 1403 746 1469 Περὶ
780 1400 896 1453 τῶν
948 1400 1234 1454 ίαθέγτων
1257 1399 1377 1453 ἀπὸ
1415 1403 1705 1451 ποικίλων
1751 1401 1847 1451 νό-

326 1489 476 1526 σων.

332 1585 574 1656 ιἸησοῦς
599 1584 654 1636 δὲ
690 1583 1006 1654 Πνεύματος
1043 1584 1198 1651 ἁγίου
1233 1584 1469 1654 πλήρης,
1508 1583 1848 1653 ὑπέστρεψεν

253 1678 366 1730 άπὸ
418 1677 511 1730 τοῦ
545 1674 844 1744 Ἰορδάνου*
879 1677 974 1728 καὶ
1019 1675 1184 1745 ἡγετο
1217 1675 1273 1728 ὲν
1321 1675 1396 1744 τῷ
1443 1674 1716 1742 πνεύματι
1769 1675 1848 1737 είς

251 1764 354 1832 τὴν
381 1762 608 1833 ἔρημον,
644 1762 856 1833 ἡμέρας
879 1763 1289 1834 τεσσαράκοντα
1318 1764 1716 1833 πειραζόμενος
1742 1766 1848 1817 ὑπὸ

249 1853 350 1906 τοῦ
382 1853 627 1906 διαϐόλου
649 1870 665 1885 '
704 1857 796 1907 καὶ
825 1856 924 1906 οὐκ
954 1854 1159 1924 ἔφαγεν
1191 1855 1341 1909 οὐδὲν
1373 1857 1430 1909 ἐν
1461 1860 1580 1920 ταῖς
1614 1857 1849 1927 ἡμέραις

2576 997 2808 1055 CAPUT
2842 996 2930 1054 IV.

1955 1122 2030 1176 De
2045 1121 2255 1190 jejunio
2283 1130 2330 1172 et
2355 1119 2646 1172 teutatione
2679 1114 3105 1190 SaluatorisaDe
3131 1114 3259 1168 Jesu
3297 1133 3325 1166 α
3346 1113 3556 1169 ludit-is

2030 1187 2082 1245 in
2128 1201 2355 1244 montem
2391 1191 2640 1249 abducto,
2677 1198 2724 1240 et
2760 1202 2851 1252 per
2882 1187 3114 1239 medium
3169 1201 3350 1238 eorum
3386 1198 3560 1238 trans-

2025 1273 2200 1315 eruite.
2243 1263 2316 1314 De
2349 1263 2554 1312 obsesso
2601 1277 2631 1310 a
2664 1260 2921 1311 daemone.
2971 1256 3048 1310 De
3076 1259 3245 1326 |socru
3277 1256 3442 1310 Petri.
3489 1255 3562 1309 De

2029 1334 2094 1387 iis
2122 1334 2212 1402 qui
2243 1333 2421 1385 sanati
2449 1339 2571 1384 sunt
2607 1346 2637 1381 α
2673 1327 2832 1382 variis
2870 1327 3088 1380 morbis.

2027 1579 2190 1634 Vens.
2222 1577 2376 1632 1-19..
2415 1598 2431 1628 (
2469 1576 2630 1632 Jesus
2665 1591 2848 1632 autem
2882 1578 3073 1646 plenus
3120 1575 3331 1646 Spiritu
3364 1585 3556 1630 sancto

1953 1687 2236 1741 regressus
2272 1680 2353 1723 est
2380 1685 2407 1722 a
2442 1668 2700 1731 JorJane,
2750 1679 2804 1722 et
2853 1679 3008 1723 actus
3053 1678 3135 1722 est
3173 1683 3268 1738 per
3299 1667 3553 1738 Spiritum

1957 1763 2012 1816 in
2062 1763 2362 1822 desertum,
2419 1775 2480 1812 ac
2531 1761 2722 1814 diebus
2767 1760 3128 1829 quadraginta
3181 1761 3493 1814 tentabatur
3525 1776 3556 1812 a

1964 1853 2174 1907 diabolo
2213 1872 2226 1906 :
2281 1852 2524 1920 nihilque
2555 1853 2790 1904 comedit
2817 1852 2868 1905 in
2918 1851 3111 1907 diebus
3147 1851 3274 1907 illis.
3327 1851 3392 1906 Et
3425 1867 3556 1906 con-

251 1945 522 2007 ἐκείναιςσ
565 1946 661 1998 καὶ
693 1947 1153 2000 συντελεσθεισῶν
1186 1949 1386 2012 αὑτῶν,
1435 1947 1666 2017 ὕστερον
1697 1950 1847 2002 ἐπεί-

1960 1943 2244 1996 surnmatis
2279 1942 2385 1994 illis
2430 1942 2625 1996 deinde
2661 1942 2896 2011 esuriit,
2934 1941 3078 1996 Dixit
3117 1951 3296 1996 autem
3333 1944 3407 1997 illi
3441 1944 3558 1997 dia-

250 2053 388 2090 νασε
411 2053 423 2064 ·
455 2037 549 2089 καὶ
572 2033 727 2090 εἶπεν
745 2039 892 2110 αὐτῷ
913 2040 940 2092 6
962 2039 1205 2103 διάϐολος
1229 2055 1242 2068 ·
1274 2041 1334 2093 El
1368 2042 1478 2103 υίὸς
1502 2037 1552 2093 εἷ
1577 2040 1669 2094 τοῦ
1688 2041 1848 2106 Θεοῦ,

252 2127 376 2180 εἰπὲ
407 2128 485 2197 τῷ
517 2128 651 2200 λίθῳ
699 2130 898 2198 τούτῳ,
954 2131 1042 2186 ἵνα
1073 2133 1299 2202 γένηται
1331 2132 1496 2200 ἄρτος
1517 2150 1530 2163 ·
1583 2135 1678 2186 καὶ
1737 2135 1847 2186 άπ-

243 2219 450 2288 explet}
483 2220 690 2292 Ἰησοῦς
722 2223 856 2292 πρὸ;
881 2224 1063 2289 αὑτὸν,
1113 2223 1287 2291 λέγων
1327 2240 1339 2252 ’
1374 2224 1718 2293 Γέγραπται,
1767 2227 1848 2278 ὅτι

249 2313 356 2366 αἱ).
382 2315 468 2365 ἐπ’
501 2314 652 2384 ἄρτῳ
675 2317 821 2386 μόνῳ
839 2315 1066 2385 ζήσεται
1097 2318 1405 2389 ἄνθρωπος,
1432 2319 1548 2370 ἀλλ’
1570 2321 1660 2371 ἐπὶ
1685 2319 1851 2373 παντὶ

252 2408 467 2479 [ἤματι
520 2407 680 2460 Θεοῦ.
740 2410 847 2462 Καὶ
898 2410 1190 2478 ἀναγαγὼν
1231 2411 1393 2465 αὑτὸν
1431 2415 1458 2464 6
1491 2411 1737 2476 διάϐολος
1770 2415 1850 2475 είς

253 2497 386 2570 ῑρος
424 2497 647 2568 ὑψηλὸν,
684 2498 884 2563 ἔδειξεν
922 2500 1074 2570 αύτῷ
1105 2503 1283 2564 πάσας
1315 2501 1414 2564 τὰς
1447 2502 1730 2572 βασιλείας
1751 2504 1851 2573 τῆς

248 2590 584 2660 οἰκουμένης
627 2592 685 2644 ἐν
731 2594 934 2662 στιγμῇ
983 2593 1204 2663 χρόνου,
1267 2595 1364 2647 καὶ
1423 2590 1580 2648 εἶπεν
1631 2595 1781 2665 αὑτῷ
1823 2598 1852 2649 ὁ

245 2682 502 2746 διάϐολος
531 2699 548 2711 ⁸
585 2684 675 2736 Σοὶ
712 2684 870 2737 δώσω
920 2684 1020 2756 τὴν
1065 2686 1314 2750 ἐξουσίαν
1369 2687 1576 2757 ταύτην
1605 2687 1848 2752 ἃπασαν,

249 2780 353 2831 καὶ
378 2778 477 2848 τὴν
501 2778 660 2845 δόξαν
692 2780 892 2844 αὐτῶν,
926 2781 1006 2833 ὅτι
1057 2782 1182 2851 ἐμοὶ
1226 2782 1609 2851 παραδέδοται,
1663 2785 1758 2836 καὶ
1806 2778 1852 2852 ᾧ

249 2870 354 2924 ἐάν
406 2870 545 2925 θέλω
578 2871 771 2942 δίδωμι
809 2874 980 2944 αὑτήν
1011 2885 1025 2902 ⁸
1089 2874 1154 2926 σὺ
1184 2870 1278 2928 οῦν
1326 2876 1420 2928 ἐὰν
1463 2875 1853 2951 προσκυνήσῃς

245 2961 487 3016 ἐνώπιόν
510 2980 634 3034 μου,
667 2965 819 3018 ἔσται
852 2983 946 3017 σου
984 2968 1165 3019 πᾶσαο
1208 2966 1303 3020 καὶ
1340 2968 1667 3038 ἀποκριθεὶς
1698 2964 1852 3022 εἶπεν

244 3054 408 3124 αὐτῷ
436 3057 464 3108 6
493 3054 738 3126 Ἰησοῦς’
769 3056 991 3125 ’Υπαγε
1023 3058 1198 3113 ὀπίσω
1233 3076 1356 3130 μου,
1382 3061 1619 3115 Σατανᾶ·
1649 3063 1854 3133 γέγρα-

248 3163 391 3200 πται
419 3146 558 3216 γάρ·
598 3147 1008 3219 Προσκυνήσεις
1047 3149 1254 3221 Κύριον
1293 3152 1386 3206 τὸν
1417 3152 1549 3205 Θεόν
1581 3171 1708 3220 σου,
1755 3155 1853 3208 καὶ

1955 2034 2143 2089 bolus:
2174 2035 2229 2087 Si
2263 2034 2406 2088 lilius
2458 2049 2517 2088 es
2551 2033 2664 2100 Dei,
2699 2033 2786 2089 dic
2813 2033 2976 2102 lapidi
3004 2033 3130 2087 huic
3164 2045 3222 2088 ut
3249 2035 3404 2103 panis
3439 2033 3553 2090 flat.

1954 2129 2018 2183 Et
2050 2130 2330 2198 respOmlit
2360 2129 2427 2182 ad
2455 2127 2605 2182 illum
2637 2126 2817 2192 .lesus,
2871 2129 3061 2183 dicens
3099 2146 3111 2181 :
3148 2128 3424 2198 Scriptum
3451 2141 3552 2194 est,

1954 2221 2070 2277 Non
2104 2224 2156 2275 in
2219 2222 2337 2276 solo
2388 2232 2527 2292 pane
2561 2223 2698 2275 vivet
2752 2224 2934 2288 homo,
2970 2222 3062 2276 sed
3117 2222 3171 2275 in
3200 2226 3346 2278 omni
3391 2225 3558 2277 verbo

1957 2315 2070 2369 Dei.
2104 2315 2447 2369 ElSUlldUXll
2468 2315 2615 2368 illum
2636 2314 2886 2368 diabolus
2904 2315 2957 2367 in
2989 2325 3226 2370 montem
3255 2317 3554 2378 excelsum.

1951 2413 2006 2461 et
2045 2406 2284 2461 ostendit
2313 2406 2387 2459 illi
2429 2407 2610 2461 omnia
2652 2421 2814 2476 regna
2849 2405 3000 2461 orbis
3060 2418 3222 2462 terra:
3257 2403 3308 2462 iti
3356 2419 3558 2478 puncto

1955 2497 2216 2567 temporis
2243 2515 2258 2565 ;
2283 2506 2338 2551 et
2368 2498 2443 2551 ait
2474 2497 2548 2551 illi
2571 2497 2822 2553 dialIOIllS
2855 2515 2871 2552 :
2909 2496 3032 2553 Tibi
3065 2499 3204 2554 dabo
3228 2512 3559 2568 pmestatem

1955 2592 2098 2646 hanc
2128 2592 2440 2646 universam
2466 2600 2519 2645 ct
2550 2590 2780 2661 gloriam
2836 2591 3076 2655 illorum.
3109 2594 3237 2662 quia
3273 2594 3404 2648 mihi
3439 2601 3558 2649 tra-

1956 2681 2065 2734 dita
2113 2688 2216 2745 est,
2271 2691 2328 2736 et
2379 2681 2686 2750 cuicunque
2727 2682 2858 2735 volo
2911 2683 2980 2736 do
3013 2681 3156 2736 illam
3192 2703 3206 2738 :
3246 2692 3298 2738 tu
3353 2700 3484 2755 ergo
3513 2687 3558 2740 si

1956 2774 2274 2828 adoraveris
2306 2773 2623 2843 provolutus
2651 2789 2837 2828 coram
2870 2791 2975 2839 me,
3010 2786 3169 2830 erunt
3212 2789 3301 2831 tua
3349 2779 3555 2834 omnia.

1956 2865 2024 2920 Et
2048 2868 2386 2936 respondens
2404 2864 2583 2934 Jesus,
2612 2867 2747 2920 dixit
2769 2866 2843 2921 illi
2873 2886 2886 2922 :
2920 2869 3018 2922 Abi
3047 2878 3291 2937 postme,
3315 2870 3559 2939 Satana;

1957 2957 2215 3026 scriptum
2245 2969 2328 3014 est
2350 2959 2496 3012 enim
2533 2977 2544 3009 :
2572 2960 2842 3014 Adorabis
2868 2958 3156 3016 Dominum
3182 2961 3349 3017 Deum
3381 2973 3558 3028 tuum,

1958 3059 2011 3103 et
2036 3049 2186 3103 illum
2212 3049 2387 3104 solum
2420 3052 2587 3106 coles.
2624 3050 2689 3106 Et
2721 3053 2874 3109 duxit
2915 3054 3062 3109 illum
3097 3055 3554 3129 Hierosolymam.

1958 3143 2260 3211 statuitque
2298 3158 2420 3197 eum
2453 3160 2615 3212 super
2648 3145 2871 3214 pinnam
2913 3148 3135 3216 templi;
3185 3159 3239 3202 et
3274 3149 3412 3204 dixit
3441 3149 3556 3205 illi:

245 3238 408 3309 αὑτῷ
441 3241 587 3310 μόνῳ
605 3240 945 3312 λατρεύσεις.
983 3243 1092 3296 Καὶ
1121 3243 1330 3314 ἤγαγεν
1355 3244 1518 3300 αὑτὸν
1539 3247 1619 3309 είς
1648 3248 1847 3317 ἰερου-

1961 3229 2018 3286 Si
2046 3232 2186 3287 [ilius
2230 3233 2322 3289 Dei
2351 3250 2430 3300 es,
2469 3235 2622 3291 mitte
2655 3247 2708 3292 te
2741 3237 2918 3307 ipsum
2953 3237 3082 3293 hinc
3109 3240 3385 3307 deorsum,
3421 3245 3561 3297 scri-

249 3330 465 3401 σαλὴμ,
505 3333 600 3386 καὶ
633 3331 862 3403 ἔστησεν
893 3334 1057 3387 αὑτὸν
1088 3336 1180 3388 ἐπὶ
1222 3337 1284 3389 τὸ
1317 3338 1614 3408 πτερύγιον
1644 3339 1738 3392 τοῦ
1774 3341 1849 3393 le-

248 3421 381 3494 ροῦ,
435 3423 530 3476 καὶ
579 3419 734 3478 εἶπεν
795 3426 980 3497 αὐτῷ·
1030 3428 1094 3480 El
1150 3429 1265 3494 υίὸς
1299 3427 1348 3483 εἷ
1397 3431 1490 3484 τοῦ
1527 3432 1683 3496 Θεοῦ,
1717 3433 1848 3502 βάλε

243 3513 486 3565 σεαυτὸν
538 3513 789 3568 ἐντεῦθεν
837 3516 1023 3570 κάτω·
1063 3519 1374 3590 γέγραπται
1428 3523 1560 3592 γὰρ,
1613 3525 1695 3577 ὅτι
1725 3527 1850 3589 Τοῖς

244 3605 514 3674 ἀγγέλοις
536 3607 702 3660 αὐτοῦ
734 3610 1029 3663 ἐντελεῖται
1065 3614 1195 3682 περὶ
1248 3614 1362 3680 σοῦ,
1396 3617 1489 3668 τοῦ
1518 3616 1847 3683 διαφυλάξαι

244 3713 312 3749 σε
337 3715 350 3728 ·
393 3698 491 3750 καὶ
531 3699 624 3751 ἐπὶ
672 3701 873 3772 χειρῶν
925 3703 1118 3772 άροῦσί
1157 3720 1238 3768 σε,
1279 3707 1491 3776 μήποτε
1526 3710 1847 3780 προσκόψῃς

245 3788 401 3860 πρὸς
417 3788 564 3842 λίθον
587 3792 681 3843 τὸν
711 3792 849 3845 πόδα
894 3811 1012 3848 σου.
1052 3795 1164 3847 Καὶ
1199 3797 1518 3868 ἀποκριθεὶς
1567 3796 1723 3852 εἶπεν
1753 3803 1850 3853 αύ-

243 3881 331 3951 τῷ
380 3883 410 3935 6
444 3883 678 3953 Ἰησοῦς,
726 3887 807 3938 ὅτι
837 3886 1087 3958 Εἴρηται,
1119 3889 1233 3942 Οὐκ
1256 3891 1610 3960 ἐκπειράσεις
1646 3892 1848 3963 Κύριον

241 3974 346 4026 τὸν
380 3972 517 4027 Θεόν
546 3993 694 4030 σου.»
719 3977 1054 4050 Ἕϐαπτίσθη
1091 3986 1188 4048 μὲν
1214 3985 1240 4034 6
1265 3982 1491 4051 Κύριος,
1526 3985 1613 4037 ἵνα
1642 3987 1850 4058 ἁγιάσῃ

239 4066 318 4118 τὰ
348 4064 545 4129 ὕδατα,
565 4067 634 4120 δι’
662 4070 809 4137 ἡμᾶς
851 4072 976 4134 τοὺς
1004 4072 1298 4140 μέλλοντας
1342 4075 1443 4143 τῆς
1466 4076 1687 4145 χάριτος
1713 4079 1850 4130 ἀπο-

237 4157 516 4214 λαύσειν·
556 4160 694 4227 μετὰ
732 4161 788 4213 δὲ
828 4160 887 4214 τὸ
937 4160 1327 4234 βαπτισθῆναι,
1362 4168 1697 4237 ἀναφέρεται
1745 4170 1850 4222 ὑπὸ

238 4253 345 4303 τοῦ
375 4249 694 4321 πνεύματος
717 4255 796 4317 είς
837 4253 961 4322 δρος
986 4255 1215 4325 ἔρημον.
1269 4258 1343 4311 Τὸ
1374 4260 1482 4328 γὰρ
1535 4261 1759 4331 Πνεῦμα
1789 4263 1850 4316 τὸ

235 4340 414 4408 ἅγιον
441 4341 636 4410 ἐνῆγεν
658 4344 821 4396 αὑτὸν
847 4347 924 4407 είς
948 4345 1040 4397 τὸν
1061 4348 1200 4399 κατὰ
1231 4347 1323 4400 τοῦ
1367 4349 1613 4404 διαϐόλου
1637 4353 1845 4420 ἀγῶνα.

236 4433 340 4496 Et;
385 4432 597 4504 ἔρημον
622 4440 680 4488 δε
706 4442 945 4505 ἄπεισιν,
992 4438 1079 4492 ἵνα
1121 4439 1267 4511 δώσῃ
1302 4441 1467 4514 λαϐὴν
1510 4446 1590 4514 τῷ
1617 4446 1849 4518 διαϐόλῳ

232 4524 345 4579 τοῦ
379 4525 671 4578 ἐπιθέσθαι
701 4527 852 4598 αὐτῷ
871 4546 884 4559 ο
913 4530 1008 4581 καὶ
1029 4531 1138 4598 γὰρ
1176 4531 1412 4600 μάλιστα
1439 4537 1849 4607 μεμονωμένοις

232 4617 564 4673 ἐπιτίθεται
595 4621 725 4690 ἡμῖν
747 4636 761 4650 ’
787 4623 1197 4692 τεσσαράκοντα
1229 4625 1285 4676 δὲ
1320 4627 1534 4697 ἡμέρας
1571 4631 1845 4700 νηστεύει,

231 4709 343 4762 καὶ
411 4708 515 4778 οὐχ
574 4708 895 4781 ὑπερϐαίνει
942 4712 1002 4762 τὸ
1055 4713 1256 4783 μέτρον
1317 4716 1417 4785 τῆς
1464 4718 1710 4782 Μωσέως
1753 4723 1845 4774 καὶ

243 4799 451 4854 Ἠ).ιοῦ
485 4802 758 4872 νηστείας,
795 4805 881 4855 ἵνα
917 4802 992 4873 μὴ
1032 4804 1178 4876 δώσῃ
1219 4807 1295 4875 τῷ
1322 4807 1540 4879 Σατανᾷ
1594 4811 1846 4866 ἐντεῦθεν

225 4893 340 4966 ἤδη
378 4892 646 4946 ὑπόνοιαν
664 4895 746 4947 ὅτι
768 4895 970 4964 μείζων
995 4899 1112 4949 ἐστι
1141 4898 1347 4951 τούτων
1364 4915 1375 4928 °
1405 4901 1540 4955 ἀλλὰ
1564 4905 1844 4976 προσϐάλῃ

227 4985 423 5055 αὐτῷ,
464 4985 702 5054 νομίζων
729 4988 810 5039 ὅτι
862 4989 953 5039 καὶ
985 4989 1146 5052 αὐτὸς
1181 4989 1467 5059 ἄνθρωπός
1497 4997 1646 5049 ἐστιν
1669 5014 1681 5027 ·
1728 5000 1844 5068 ἃμα

223 5079 290 5134 δι
339 5081 451 5132 καὶ
504 5077 594 5131 ἴνα
624 5079 875 5149 μὴκατὰ
932 5083 1234 5149 φαντασίαν
1282 5083 1408 5154 δόξῃ
1466 5089 1839 5159 σαρκωθῆναι.

222 5172 403 5226 Μετὰ
438 5169 502 5221 τὸ
528 5169 814 5240 βάπτισμα
833 5171 888 5223 δὲ
925 5173 1266 5242 πειράζεται,
1297 5175 1561 5231 δεικνύων
1594 5182 1726 5251 ἡμῖν
1760 5183 1842 5236 ὅτι

227 5263 392 5334 μετὰ
442 5261 507 5313 τὸ
551 5261 832 5330 βάπτισμα
869 5263 1176 5328 ὲκδέξονται
1205 5267 1352 5334 ἡμᾶς
1382 5273 1681 5340 πειρασμοί
1703 5288 1715 5299 ·
1747 5291 1842 5342 νη-

225 5356 434 5410 credat.
482 5353 560 5415 δὲ,
593 5353 726 5406 διότι
759 5355 900 5423 μέγα
935 5355 1100 5408 ὅπλον
1158 5359 1216 5408 ἐν
1263 5361 1372 5420 τοῖς
1422 5368 1754 5432 πειρασμοῖς
1809 5369 1842 5436 ἡ

218 5445 497 5522 νηστεία,
520 5447 612 5498 καὶ
635 5447 720 5499 ὅτι
748 5447 888 5515 μετὰ
907 5449 967 5500 τὸ
986 5448 1269 5519 βάπτισμα
1290 5454 1380 5506 καὶ
1401 5456 1550 5524 ἡμᾶς
1581 5457 1641 5508 οὐ
1660 5463 1839 5531 τρυφῇ

213 5544 309 5599 δεῖ
339 5539 585 5600 διδόναι,
633 5537 770 5593 ἀλλὰ
801 5541 1027 5610 νηστεία
1047 5556 1060 5569 ⁸
1128 5543 1459 5611 προσϐάλλει
1492 5545 1584 5598 οὖν
1631 5550 1780 5622 αὐτῷ
1813 5554 1841 5604 ὁ

214 5635 468 5709 ιχθρὸς,
531 5631 747 5699 πρῶτον
775 5634 883 5685 ἀπὸ
910 5634 1011 5702 τῆς
1042 5639 1508 5707 γαστριμαργίας,
1546 5641 1605 5706 ἐξ
1637 5638 1727 5715 ἦςῖ
1747 5647 1840 5701 καὶ

218 5728 304 5798 τῷ
357 5723 552 5791 Ἀδάμ
574 5738 589 5750 ’
619 5717 738 5774 εἶτα
771 5724 878 5776 ἀπὸ
913 5727 1010 5795 τῆς
1054 5729 1512 5800 φιλοχρηματίας,
1550 5736 1841 5804 ὑποδείξας

212 5817 390 5888 αὐτῷ
421 5816 612 5879 πάσας
649 5816 748 5880 τὰς
771 5817 1046 5886 βασιλείας
1073 5839 1084 5850 ·
1118 5824 1233 5886 πῶς
1259 5827 1316 5879 δὲ
1361 5827 1607 5894 ὑπέδειξε
1633 5849 1648 5895 ;
1683 5833 1841 5895 Τινὲς

220 5912 335 5985 μὲν
389 5907 655 5977 λέγουσιν
704 5908 786 5961 ὅτι
841 5912 982 5965 κατὰ
1017 5913 1257 5969 διάνοιαν
1311 5919 1459 5991 αὐτῷ
1489 5921 1840 5994 ὑπεστήσατο

521 6002 792 6064 Ριτιιυι..
843 6005 962 6067 Gtt.
1010 6007 1286 6073 CXXIII.

1962 3335 2112 3396 ptum
2140 3337 2224 3382 est
2267 3328 2434 3392 enim,
2478 3329 2700 3398 Angelis
2737 3332 2852 3386 suis
2897 3333 3177 3388 mandavit
3218 3335 3283 3389 de
3313 3345 3383 3400 te,
3411 3344 3467 3390 et
3505 3337 3558 3390 in

1959 3421 2211 3475 manibus
2259 3422 2450 3476 tollent
2484 3433 2554 3488 te,
2587 3439 2652 3477 ne
2682 3422 2928 3479 oﬂ‘endas
2962 3426 3028 3478 ad
3071 3425 3305 3495 lapidem
3359 3430 3555 3496 pedem

1959 3511 2126 3583 293
2157 3525 2328 3567 tuum.
2381 3515 2445 3568 Et
2480 3518 2819 3585 respondens
2851 3516 3012 3572 Jesus
3062 3519 3138 3572 ait
3172 3519 3247 3574 illi
3292 3539 3306 3575 ε
3348 3522 3556 3577 Dictum

1957 3617 2062 3670 est,
2100 3603 2218 3660 Non
2239 3609 2474 3661 tentabi's
2501 3609 2784 3662 Dominum
2806 3612 2974 3665 Deum
3004 3621 3208 3666 tunth
3238 3613 3558 3685 Baptizatus

1959 3709 2043 3754 est
2088 3698 2370 3766 Dominus,
2432 3711 2488 3754 ut
2545 3702 2913 3758 sanctiﬁcaret
2961 3720 3132 3774 aquas
3175 3719 3398 3779 pr0pter
3433 3726 3556 3772 nos.

1959 3791 2050 3862 qui
2081 3792 2312 3860 gratiam
2348 3796 2692 3849 consecuturi
2721 3811 2939 3852 eramus
2969 3815 2984 3851 :
3041 3814 3227 3854 verum
3265 3814 3556 3874 postquam

1961 3884 2267 3953 baptizatus
2291 3893 2394 3951 est,
2425 3884 2596 3940 fertur
2623 3901 2652 3940 a
2672 3887 2864 3957 spiritu
2892 3891 2944 3942 in
2975 3900 3214 3946 montem
3251 3894 3553 3950 desertmn.

1963 3975 2196 4045 Spiritus
2215 3978 2360 4032 enim
2385 3985 2606 4034 sanctus
2628 3979 2865 4035 ducebat
2888 3996 3011 4035 eum
3039 3983 3107 4039 ad
3137 3999 3414 4042 certamen
3435 4005 3558 4044 cum

1961 4069 2199 4124 diabolo.
2256 4069 2407 4124 Unde
2437 4082 2490 4125 et
2523 4071 2577 4125 in
2614 4073 2894 4128 desertum
2928 4077 3060 4143 abit,
3099 4090 3158 4133 ut
3207 4080 3429 4138 diabolo
3469 4085 3561 4138 det

1959 4175 2149 4214 ansam
2183 4161 2474 4216 insidiandi
2501 4165 2602 4219 sibi
2630 4182 2643 4218 :
2676 4169 2910 4224 maxime
2937 4171 3080 4225 enim
3103 4187 3226 4227 cum
3260 4175 3365 4230 soli
3390 4174 3554 4233 fueri-

1960 4267 2100 4317 mus,
2151 4254 2397 4309 insidiari
2430 4257 2588 4311 solet.
2627 4259 2698 4311 At
2730 4260 2989 4330 jejunans
3026 4263 3143 4319 dies
3172 4271 3557 4340 quadraginta,

1963 4359 2274 4401 mensuram
2305 4349 2499 4418 jejunii
2538 4351 2702 4407 Mosis
2730 4366 2782 4407 et
2822 4353 2953 4409 Elite
2987 4374 3093 4412 non
3131 4363 3553 4434 transgreditur,

1961 4449 2018 4492 ut
2052 4455 2117 4495 ne
2150 4443 2236 4496 det
2273 4443 2492 4499 Satanae
2534 4445 2638 4500 hoc
2666 4447 2785 4502 loco
2815 4453 3180 4519 suspicionem
3207 4469 3270 4511 se
3299 4457 3404 4513 illis
3440 4474 3561 4514 esw

1962 4532 2243 4600 majorem,
2272 4537 2364 4588 sed
2395 4553 2675 4592 accessum
2712 4543 2777 4593 ad
2814 4557 2894 4604 se,
2925 4547 3137 4611 putanti
3176 4549 3318 4616 quod
3357 4563 3411 4604 et
3446 4553 3560 4621 ipse

1961 4624 2121 4679 homo
2147 4627 2237 4680 sit.
2265 4627 2347 4681 Ad
2371 4630 2508 4694 haec,
2534 4640 2589 4683 ut
2622 4647 2685 4686 ne
2718 4634 2963 4688 videatur
2994 4650 3319 4706 apparenter
3344 4651 3556 4697 tantum

1957 4717 2293 4772 incarnatus.
2318 4719 2446 4774 Post
2472 4722 2735 4787 baptisma
2759 4737 2940 4778 autem
2967 4738 3227 4796 tentatur,
3256 4733 3557 4788 ostendens

1957 4809 2114 4862 nobis
2144 4813 2283 4878 quod
2309 4822 2429 4889 post
2449 4811 2715 4880 baptisma
2752 4819 3084 4872 tentationcs
3115 4835 3216 4875 nos
3249 4822 3358 4876 sint
3391 4839 3557 4880 exce-

1953 4910 2143 4970 pturaa.
2180 4900 2453 4970 Jejunavit
2508 4916 2689 4960 autem
2747 4923 2811 4962 eo
2866 4913 3010 4977 quod
3047 4913 3098 4965 in
3160 4915 3555 4973 tentationibus

1956 5009 2231 5048 armormn
2267 4996 2387 5050 loco
2422 4997 2534 5051 sint
2572 4997 2804 5068 jejunia,
2849 5014 2903 5055 et
2957 5014 3084 5059 tunc
3119 5006 3416 5064 debeamus
3445 5029 3554 5066 non

1953 5100 2148 5139 vacare
2183 5088 2415 5152 deliciis,
2448 5091 2542 5144 sed
2569 5091 2810 5160 jejuniis.
2848 5094 3075 5150 Accedit
3105 5099 3271 5168 igitur
3301 5103 3366 5154 ad
3398 5102 3549 5157 illum

1953 5180 2246 5245 inimicus;
2281 5194 2332 5235 et
2361 5184 2592 5253 primum
2628 5187 2693 5240 de
2723 5188 2846 5256 gula
2883 5197 3077 5257 tentat,
3110 5192 3176 5246 de
3220 5209 3325 5262 qua
3373 5204 3554 5251 tenta-

1952 5283 2098 5326 verat
2132 5285 2185 5328 et
2217 5277 2408 5340 Adam,
2444 5277 2638 5331 deinde
2667 5289 2721 5331 et
2753 5295 2847 5347 per
2885 5284 3191 5350 avaritiam,
3225 5293 3550 5344 monstratis

1951 5365 1997 5418 ei
2054 5367 2238 5436 regnis
2294 5369 2567 5423 omnibus.
2625 5369 2911 5436 Quomodo
2970 5385 3150 5429 autem
3187 5382 3551 5435 monstravit?

1953 5456 2094 5512 Sane
2136 5461 2354 5526 quidam
2395 5459 2584 5513 dicunt
2625 5463 2767 5528 quod
2812 5463 3186 5533 imaginationi
3225 5469 3374 5524 illius
3415 5487 3547 5539 pro-

1949 5553 2191 5621 posuerit
2221 5572 2236 5619 ;
2269 5555 2362 5607 sed
2393 5569 2496 5606 non
2528 5555 2725 5622 Opinor
2751 5557 2898 5624 quod
2924 5557 3298 5629 imaginationi
3333 5573 3546 5620 tantum

1949 5643 2226 5708 obtulerit,
2286 5646 2381 5698 sed
2411 5647 2743 5700 sensiliiliter
2776 5647 2867 5701 illa
2923 5661 3223 5706 monstrata
3259 5651 3452 5708 fecerit
3491 5657 3546 5712 ei

1948 5737 2114 5790 clara.
2151 5736 2336 5792 Tertio
2363 5748 2546 5792 autem
2575 5741 2908 5809 aggreditur,
2947 5743 3012 5796 de
3043 5757 3179 5796 vana
3208 5745 3381 5814 gloria
3413 5756 3536 5802 ten—

1947 5840 2104 5895 tans;
2138 5831 2265 5885 dicit
2294 5830 2438 5886 enim
2470 5849 2483 5885 :
2515 5833 2572 5888 Si
2603 5834 2744 5888 [ilius
2768 5833 2861 5888 Dei
2889 5848 2948 5889 es
2974 5845 3050 5901 tu,
3072 5839 3274 5892 mittito
3305 5849 3356 5894 te
3381 5840 3543 5896 deor-

1949 5941 2088 5983 sum.
2137 5927 2378 5985 Adulaus
2415 5939 2594 5987 autem
2623 5929 2674 5987 ei
2729 5932 2804 5988 ita
2833 5933 3163 6003 nugabatur,
3207 5936 3254 5991 si
3292 5937 3544 5995 fortassis

3143 6026 3223 6095 24
