4038 6552
213 533 312 596 ’149

950 524 1400 587 ENARRATIO
1439 522 1517 581 ΙΝ
1564 515 2070 580 EVANGELIUM
2119 509 2335 572 LUC/11‘.
2391 535 2455 543 -
2486 507 2774 569 CAPJV.

3412 499 3520 564 750

211 645 554 714 πνεῦματος·
600 644 661 696 τὸ
701 642 777 706 δὲ,
831 642 1042 708 ἀπέστη
1076 639 1170 694 ἀπ’
1219 638 1384 692 αὐτοῦ
1419 638 1548 706 ἄχρι
1583 631 1802 703 καιροῦ,

1921 631 2078 685 cessit
2118 640 2249 683 vero
2280 639 2451 695 usque
2495 625 2562 676 ad
2612 631 2849 689 tempus,
2884 616 3066 671 crucis
3101 613 3334 676 scilicet,
3391 624 3516 667 tunc

210 738 453 790 τοῖοὖτον
485 738 596 806 ἔχει
625 733 774 786 νοῦν.
822 731 885 783 'D
913 729 1160 802 διάϐολος
1181 729 1266 781 διὰ
1289 728 1383 780 δύο
1414 726 1606 778 παθῶν
1639 740 1810 794 προσ-

1927 722 2075 775 illmn
2107 736 2202 790 per
2225 720 2454 773 adversa
2489 729 2554 769 ac
2587 714 2719 768 dura
2749 720 3085 764 tentaturus.

214 829 494 899 ϐάλλειτῷ
514 802 737 895 Κυρίῳ,
767 824 962 893 ἡδονῆς
1001 821 1098 876 καὶ
1129 821 1344 889 λύπης·
1397 821 1629 890 καὶγὰρ
1657 818 1968 889 προσέϐαλε
2030 819 2107 886 τῷ
2168 814 2361 886 Κυρίῳ
2395 813 2484 866 διὰ
2541 809 2761 882 ἡδονῆς,
2823 807 3014 876 ὥσπερ
3049 805 3144 864 ἐπὶ
3197 802 3294 859 τοῦ
3333 805 3518 873 ὅρους·

213 923 424 991 ἀπέστη
459 922 502 973 δ’
543 918 640 972 ἀπ’
667 915 856 981 αὑτοῦ,
892 915 1024 985 ἀχρι
1064 915 1284 985 καιροῦ,
1341 915 1624 966 τουτέστιν
1678 913 1805 981 ἄχρι
1845 910 1940 963 τοῦ
1972 909 2176 979 καιροῦ
2238 907 2336 960 τοῦ
2395 904 2666 976 σταυροῦο
2695 902 2820 954 τότε
2849 902 2960 970 γάρ
3008 900 3339 971 προσϐαλεῖν
3371 900 3520 972 αὑτῷ

212 1018 297 1071 διὰ
332 1016 509 1084 λύπης
542 1012 790 1082 ἔμελλεν.

287 1132 305 1165 ι
351 1111 463 1165 Καὶ
503 1105 668 1180 ἦλθεν
699 1110 777 1171 είς
810 1108 910 1177 τὴν
960 1105 1237 1177 Ναζαρὲτ,
1278 1099 1340 1158 οὒ
1371 1100 1440 1175 ἦν
1488 1103 1809 1171 τεθραμμέ-

214 1222 322 1266 νος,
357 1203 454 1254 καὶ
507 1200 730 1269 εἰσῆλθε
779 1199 933 1254 κατὰ*
950 1199 1012 1251 τὸ
1038 1197 1234 1260 εἰωθὸς
1263 1196 1414 1266 αὐτῷ
1446 1198 1502 1248 ἐν
1532 1199 1600 1265 τῇ
1628 1195 1812 1264 ἡμέρᾳ.

211 1295 321 1348 τῶν
369 1291 708 1352 Σαϐϐάτων,
754 1292 834 1352 είς
875 1293 976 1359 τὴν
1030 1289 1367 1356 Συναγωγὴν
1394 1329 1407 1350 ,
1461 1289 1556 1340 καὶ
1589 1289 1809 1367 ’ἀνέστη

213 1385 547 1453 ἀναγνῶναι,
595 1382 692 1436 καὶ
741 1380 975 1450 ἐπεδόθη
1003 1379 1152 1449 αὐτῷ
1189 1379 1394 1449 βιϐλίον
1462 1378 1682 1431 Ἡσαΐου
1715 1376 1810 1430 τοῦ

215 1478 498 1547 προφήτου
523 1492 537 1505 ·
573 1475 669 1528 καὶ
721 1473 1037 1539 ἀναπτύξας
1070 1473 1130 1525 τὸ
1165 1470 1395 1542 βιϐλίον,
1436 1464 1564 1539 εὗρε
1595 1470 1688 1522 τὸν
1719 1469 1811 1520 τό-

114 1619 122 1626 .
215 1586 315 1622 πον
358 1562 418 1621 οὗ
451 1563 517 1636 ἦν
557 1566 987 1635 γεγραμμένον·
1027 1562 1254 1632 Πνεῦμα
1299 1561 1508 1632 Κυρίου
1557 1561 1644 1615 ἐπ’
1693 1561 1816 1627 ἐμὲ,

212 1651 273 1713 οὗ
318 1658 505 1710 ἕνεκεν
554 1656 738 1725 ἐχρισέ
779 1672 846 1722 με
877 1695 890 1717 ,
925 1653 1383 1721 εὐαγγελίσασθαι
1433 1654 1668 1722 πτωχοῖς
1707 1655 1815 1706 ἀπ-

215 1750 444 1803 ἐσταλκέ
480 1765 567 1818 με·
595 1748 851 1800 ἰάσασθαι
876 1748 1001 1808 τοὺς
1030 1747 1526 1818 συντετριμμένους
1558 1749 1654 1816 τὴν
1679 1763 1816 1815 καρ-

213 1841 374 1895 δίαν*
433 1839 670 1910 κηρύξαι
731 1837 1103 1909 αἰχμαλώτοις
1154 1838 1393 1908 ἄφεσιν,
1446 1838 1541 1892 καὶ
1593 1837 1815 1905 τυφλοῖς
1849 1867 1890 1922 Β

214 1931 544 1999 ἀνάϐλεψιν⁶
599 1931 922 1983 ἀποστεῖλαι
981 1929 1429 2000 τεθραυσμένους
1472 1930 1528 1981 ὲν
1578 1928 1810 1997 ἀφέσει·

221 2022 460 2093 κηρύξαι
514 2022 762 2075 ἐνιαυτὸν
820 2023 1029 2092 Κυρίου
1087 2023 1296 2076 δεκτόν.
1355 2024 1465 2076 Καὶ
1517 2020 1727 2087 πτύξας
1755 2019 1818 2072 τὸ

217 2115 444 2184 βιδλίον,
485 2116 719 2178 ἀποδοὺς
753 2115 832 2186 τῷ
860 2114 1134 2188 ὑπηρέτῃ,
1165 2116 1392 2169 ἐκάθισε
1426 2131 1437 2143 ⁸
1477 2115 1572 2170 καὶ
1598 2116 1816 2168 πάντων

213 2209 260 2259 οἱ
295 2206 572 2277 ὀφθαλμοὶ
602 2210 659 2260 ἐν
679 2210 746 2277 τῇ
775 2208 1076 2277 Συναγωγῇ
1099 2203 1241 2278 ἦσαν
1271 2208 1610 2270 ἀτενίζοντες
1641 2204 1812 2274 αὐτῷ.

216 2299 464 2369 ’Ἤρξατο
493 2300 548 2353 δὲ
579 2301 762 2367 λέγειν
795 2300 932 2370 πρὸς
963 2301 1184 2362 αὐτοὺς,
1211 2300 1290 2352 ὅτι
1317 2299 1565 2369 Σήμερον
1606 2298 1816 2368 πεπλή-

215 2408 388 2462 ρωται
415 2394 448 2461 ὴ
479 2391 670 2465 Γραφὴ
695 2391 834 2460 αὕτη
855 2393 912 2444 ἐν
940 2394 1052 2454 τοῖς
1078 2391 1212 2444 ὠσὶν
1239 2391 1414 2461 ὑμῶν.
1453 2410 1472 2442 ο
1523 2389 1816 2442 Ἦϐούλετο

217 2482 319 2552 μὲν
345 2483 375 2536 6
401 2482 606 2555 Κύριος
638 2484 855 2553 ἐμφανῆ
881 2483 1073 2535 ἐαυτὸν
1114 2485 1456 2552 καταστῆσαι
1489 2483 1600 2545 τοῖς
1637 2482 1815 2552 Ἰσρα-

213 2575 452 2646 ηλίταις,
485 2575 579 2628 καὶ
612 2577 696 2630 ὅτι
740 2575 890 2647 παρά
921 2575 1018 2628 τοῦ
1049 2574 1185 2628 Θεοῦ
1212 2575 1304 2628 καὶ
1345 2574 1558 2644 [ἰατρὸς
1586 2573 1815 2646 ἐχρίσθη

212 2667 294 2730 εἰς
316 2668 380 2720 τὺ
406 2667 579 2720 σῶσαι
624 2667 751 2732 τοὺς
785 2665 876 2720 ὑπ’
930 2666 1184 2737 οὐρανόν.
1244 2666 1579 2735 Θαυμασίοις
1619 2666 1675 2720 δὲ
1721 2668 1817 2720 καί¹

211 2757 376 2813 τοῦτο
411 2760 708 2826 οἰκονομεῖ.
770 2760 882 2829 Πρὸ
933 2759 1043 2811 τῶν
1098 2758 1273 2811 ἀλλων
1325 2763 1439 2822 τοῖς
1473 2762 1530 2812 ὲν
1560 2759 1816 2830 Ναζαρὲτ

211 2851 410 2906 ἑαυτὸν
465 2849 808 2921 ἐμφανίζων,
840 2848 925 2915 οἷς
958 2850 1340 2922 συνανετράφη
1365 2867 1380 2883 ο
1422 2852 1509 2905 ἵνα
1540 2853 1633 2906 καὶ
1668 2853 1815 2922 ἡμᾶς

211 2942 428 3014 διδάξῃ,
471 2943 738 3013 πρότερον
769 2943 896 3004 τοὺς
925 2943 1161 3009 οἰκείους
1203 2945 1541 3014 εὐεργετεῖν,
1568 2943 1665 2996 καὶ
1692 2944 1817 2997 τού⁹

210 3051 340 3098 τους
371 3034 730 3100 ἐκδιδάσκειν,
765 3031 885 3090 εἶτα
911 3035 1005 3087 καὶ
1036 3035 1118 3098 εἰς
1154 3037 1282 3099 τοὺς
1307 3036 1528 3100 λοιποὺς
1556 3039 1655 3106 τὴν
1694 3038 1814 3107 φιλ-

211 3124 538 3196 ανθρωπίαν
605 3126 842 3195 ἐκχέειν.
913 3125 1191 3180 Ἐπιδοθὲν
1254 3128 1311 3181 δὲ
1393 3129 1544 3200 αὐτῷ
1610 3129 1813 3200 βιϐλίον

1996 1098 2160 1150 Vens.
2200 1094 2385 1147 lli-:21.
2433 1112 2448 1143 ι
2485 1091 2551 1146 Et
2587 1092 2732 1146 venit
2787 1090 3081 1155 Nazaretlt,
3125 1091 3216 1144 ubi
3267 1101 3383 1145 erat
3419 1107 3520 1144 nu-

1924 1188 2085 1240 tritus
2119 1203 2131 1240 :
2168 1194 2222 1238 et
2253 1183 2477 1236 intravit
2527 1181 2829 1234 secundum
2881 1175 3332 1233 consuetudinem
3361 1183 3516 1233 suam

1921 1280 2011 1334 die
2048 1277 2416 1332 Sabbaturum
2448 1275 2501 1328 in
2536 1273 2901 1346 Synagogam,
2932 1282 2987 1326 et
3014 1272 3248 1325 surrexit
3283 1279 3342 1324 ut
3370 1269 3520 1339 lege-

1921 1382 2024 1427 ret.
2057 1369 2125 1425 Et
2151 1370 2384 1424 traditus
2419 1377 2503 1422 est
2539 1368 2613 1420 illi
2661 1367 2800 1421 liber
2829 1365 2980 1419 Isaiae
3030 1365 3310 1434 prophetae
3340 1379 3354 1418 :
3384 1374 3520 1419 etut

1919 1463 2183 1534 explicuit
2213 1462 2434 1525 librum,
2466 1460 2679 1514 invenit
2728 1459 2906 1514 locum
2946 1459 3033 1512 ubi
3063 1460 3332 1528 ‘scriptum
3361 1457 3516 1514 ei'at:

1924 1558 2164 1628 Spiritus
2223 1555 2435 1631 Domini
2480 1569 2643 1622 super
2694 1567 2799 1612 me.
2854 1561 3144 1620 propterea
3184 1551 3328 1619 quod
3365 1552 3520 1606 unxit

1922 1667 2047 1715 me,
2091 1647 2161 1702 ad
2207 1646 2692 1715 evangelizandum
2745 1645 3076 1714 pauperibus
3119 1644 3268 1696 misit
3307 1658 3424 1707 me,
3463 1653 3522 1696 ut

1921 1757 2108 1797 sanem
2146 1740 2412 1794 contritos
2438 1739 2623 1801 corde,
2661 1747 2719 1789 ut
2745 1737 3029 1802 praedicem
3056 1735 3289 1805 captivis
3328 1736 3520 1790 remis-

1920 1833 2153 1895 sionem,
2191 1840 2246 1886 et
2272 1831 2435 1885 cazcis
2474 1829 2670 1888 visum.
2719 1836 2776 1880 ut
2803 1829 3048 1879 emittam
3086 1827 3394 1881 confractus
3426 1840 3521 1895 per

1921 1923 2323 1985 remissionem,
2352 1931 2407 1976 ut
2427 1920 2718 1990 praedicem
2747 1933 2948 1973 annum
2970 1919 3183 1972 Domini
3210 1928 3516 1989 acceptum.

1923 2015 1986 2069 Et
2017 2015 2350 2085 complicato
2393 2015 2531 2081 libro
2585 2012 2820 2066 reddidit
2872 2013 3147 2080 ministro,
3197 2028 3263 2068 ac
3294 2012 3517 2068 resedit.

1919 2106 1986 2161 Et
2024 2109 2266 2162 omnium
2303 2109 2354 2160 in
2394 2106 2679 2177 Synagoga
2716 2105 2856 2159 oculi
2893 2114 3050 2159 erant
3082 2105 3245 2160 deﬁxi
3284 2107 3335 2159 in
3370 2120 3516 2158 eum.

1917 2200 2096 2269 Cmpit
2127 2211 2309 2253 autem
2341 2201 2526 2253 dicere
2557 2199 2622 2253 ad
2655 2199 2775 2253 illos
2801 2213 2816 2250 :
2842 2197 3014 2253 Hodie
3041 2200 3258 2266 impleta
3296 2208 3382 2253 est
3406 2199 3520 2253 haec

1919 2295 2204 2362 Scriptura
2268 2293 2319 2344 in
2372 2293 2597 2346 auribus
2662 2293 2880 2346 vestris.
2929 2311 2947 2344 ι
3002 2290 3237 2347 Volebat
3295 2293 3516 2362 quidem

1917 2386 2077 2442 Jesus
2127 2386 2474 2439 manifestum
2514 2400 2573 2439 se
2604 2385 2830 2440 reddere
2886 2385 3171 2451 lsraelitis,
3206 2396 3261 2439 et
3306 2385 3451 2454 quod
3488 2400 3517 2438 a

1920 2483 2128 2537 Dco‘ac
2161 2480 2326 2535 Patre
2359 2490 2559 2536 unctus
2597 2482 2664 2537 sit
2693 2493 2746 2537 ut
2780 2483 2951 2538 salvet
2979 2497 3074 2538 eos
3105 2484 3199 2553 qui
3241 2482 3344 2538 sub
3379 2482 3520 2540 celo

1920 2580 2066 2626 sum.
2095 2570 2230 2624 Cum
2265 2587 2456 2644 magna
2490 2574 2854 2628 admiratione
2885 2582 2938 2629 et
2972 2575 3075 2630 hoc
3094 2576 3222 2644 agit.
3253 2575 3372 2630 Prae
3396 2576 3519 2632 aliis

1921 2673 2100 2718 autem
2148 2680 2206 2720 se
2255 2665 2552 2721 Nazarenis
2607 2684 2727 2721 cum
2785 2668 2986 2739 quibus
3050 2671 3515 2753 conversabatur:

1922 2757 2234 2812 manifestat
2269 2777 2281 2812 :
2316 2768 2456 2813 utet
2489 2774 2586 2813 nos
2637 2759 2852 2825 doceat,
2896 2760 3131 2829 primum
3179 2770 3232 2816 et
3282 2764 3519 2831 propriis

1921 2844 2269 2913 benefacere,
2321 2863 2487 2921 atque
2534 2851 2656 2907 illos
2711 2851 2934 2918 docere,
2975 2861 3031 2908 et
3069 2863 3258 2923 postea
3295 2854 3347 2908 in
3384 2854 3521 2912 alios

1922 2951 2137 3005 quoque
2190 2937 2581 3006 benignitatem
2620 2939 3034 2995 transfundere.
3070 2939 3244 2997 Porro
3273 2941 3519 2997 oblatum

1919 3029 2023 3085 sibi
2045 3029 2239 3084 librum
2270 3009 2502 3098 aperuit,
2530 3047 2596 3086 ac
2621 3032 2849 3096 invenit,
2869 3049 2976 3088 non
3002 3033 3142 3102 quod
3167 3031 3310 3089 forte
3330 3049 3522 3089 accuro

1921 3122 2012 3187 rit,
2038 3121 2202 3192 300
2230 3127 2323 3176 sed
2350 3125 2490 3192 quod
2541 3125 2656 3193 ipse
2705 3125 2893 3181 voluit.
2939 3125 3020 3182 Ne
3054 3127 3198 3181 enim
3232 3128 3518 3184 existimes

210 3217 506 3283 ἀνέπτυεε,
549 3221 645 3272 καὶ
687 3212 868 3284 εὗρεν,
907 3218 1006 3287 οὺχ
1036 3219 1063 3271 δ
1093 3219 1423 3290 παρέτυχεν,
1457 3219 1574 3273 ἀλλ’
1597 3220 1625 3273 ὃ
1658 3220 1813 3290 +1606-

1922 3214 2061 3270 [οι-ιε
2099 3226 2289 3285 aperto
2339 3216 2480 3271 libro
2516 3216 2774 3272 incidisse
2809 3233 2933 3272 eum
2971 3220 3023 3272 in
3069 3219 3220 3273 illum
3257 3219 3432 3275 locum
3463 3222 3516 3276 in

211 3307 341 3361 λετο
395 3311 578 3372 αὐτός.
623 3311 714 3368 Μὴ
753 3311 860 3380 γάρ
910 3309 1120 3379 νόμιζε,
1178 3312 1259 3364 ὅτι
1315 3312 1456 3365 κατὰ
1521 3313 1813 3384 συντυχίαν

1921 3320 2028 3376 quo
2069 3305 2187 3360 bth
2231 3307 2298 3360 de
2345 3308 2462 3378 ipso
2513 3309 2716 3377 scripta
2753 3319 2912 3365 erant
2944 3327 2958 3365 :
2993 3327 3116 3365 nam
3153 3311 3271 3382 ipso
3304 3312 3518 3368 volente

209 3401 532 3468 dvoiﬁzvtoc
556 3403 722 3455 αὑτοῦ
753 3402 814 3454 τὸ
846 3401 1074 3471 βιϐλίον,
1108 3403 1308 3475 εὑρέθη
1335 3405 1545 3468 ὁτόπος
1580 3408 1808 3471 ἐκεῖνος,

1921 3397 2024 3452 hoc
2059 3397 2280 3452 accidit.
2315 3398 2454 3465 Quid
2508 3411 2702 3460 autem.
2751 3402 3012 3470 scriptum
3075 3404 3228 3459 erat?
3281 3404 3520 3476 Spiritus

209 3488 274 3549 οὗ
311 3496 629 3567 ἐγέγραπτο
658 3496 726 3549 τά
752 3497 880 3566 περὶ
912 3496 1081 3550 αὑτοῦ
1103 3515 1118 3528 ·
1147 3498 1263 3551 ἀλλ’
1287 3499 1453 3552 αὑτοῦ
1485 3498 1813 3569 θελήσαντος

1922 3489 2136 3545 Domini
2191 3492 2350 3544 unxit
2385 3508 2494 3553 me,
2529 3493 2631 3549 hoc
2662 3502 2768 3558 est,
2800 3497 3141 3551 consecravit
3172 3513 3280 3564 me,
3313 3501 3522 3554 constio

209 3585 379 3638 τοῦτο
405 3587 644 3654 ἐγένετο.
673 3588 738 3640 Τί
757 3587 809 3641 δὲ
830 3588 1177 3660 ὲγέγραπτο;
1203 3591 1326 3643 Ὀτι
1363 3588 1580 3659 πνεῦμα
1608 3591 1813 3659 Κυρίου

1922 3583 2023 3636 tuit
2053 3598 2159 3645 me,
2195 3592 2255 3636 ut
2281 3587 2717 3652 evangelizarem
2745 3589 3101 3656 pauperibus,
3133 3590 3235 3644 hoc
3255 3599 3360 3657 est,
3389 3606 3521 3661 gen-

211 3676 405 3747 ἐχρισέ
431 3695 522 3748 με,
543 3678 843 3743 τουτέστιν,
869 3681 1142 3751 ἀφιέρωσέ
1175 3700 1264 3751 με.
1290 3683 1613 3751 Κατέστησέ
1638 3701 1705 3752 με
1737 3687 1813 3746 είς

1922 3675 2065 3730 tibus
2103 3691 2224 3744 qua:
2250 3690 2428 3744 neque
2459 3677 2657 3746 legem,
2684 3695 2861 3748 neque
2894 3682 3187 3752 prophetas
3220 3683 3517 3749 habebant,

209 3772 274 3824 τὸ
301 3770 775 3839 εὐαγγελίσασθαι
797 3777 910 3836 τοῖς
937 3779 1199 3846 πτωχοῖς,
1231 3777 1482 3828 τουτέστι
1528 3778 1639 3840 τοῖς
1668 3776 1815 3828 ἔθνε-

212 3880 302 3917 σιν
330 3905 346 3930 ,
387 3864 424 3916 ἃ.
456 3863 579 3917 οὔτε
614 3866 796 3934 νόμον,
836 3865 960 3920 οὔτε
1013 3870 1301 3939 προφήτας
1351 3869 1567 3939 ἔχοντα,
1595 3870 1673 3939 τῷ
1701 3870 1815 3924 ὄντι

211 3956 275 4009 ἐν
307 3955 485 4025 πολλῇ
522 3956 766 4026 πτωχεία
813 3952 982 4026 ἦσαν·
1021 3960 1068 4011 oi
1113 3959 1166 4011 δὲ
1202 3961 1664 4030 συντετριμμένοι
1716 3961 1816 4031 τὴν

209 4046 486 4115 καρδίαν,
551 4041 690 4116 ἦσαν
755 4047 895 4116 τάχα
941 4050 991 4101 οἱ
1047 4049 1106 4113 ἐξ
1165 4049 1414 4122 Ἰσραὴλ,
1488 4044 1564 4105 ὧν
1603 4053 1635 4121 ἡ
1679 4068 1817 4122 καρ-

205 4138 299 4191 δία
350 4139 620 4208 πρότερον
677 4140 886 4211 μεγάλη
923 4159 980 4194 τε
1022 4136 1089 4212 ἦν
1125 4142 1222 4196 καὶ
1259 4144 1460 4213 ὑψηλὴ,
1518 4144 1612 4197 καὶ
1665 4138 1816 4206 οἶκος

206 4230 374 4283 Θεοῦ.
407 4230 674 4300 ’Ύστερον
701 4231 756 4285 δὲ
781 4233 1385 4304 είδωλολατρησάντων,
1423 4235 1515 4287 καὶ
1542 4234 1816 4306 διαφόρως

203 4321 622 4393 ἁμαρτόντωνη
675 4325 966 4395 συνετρίϐη
1000 4326 1032 4396 ή
1070 4326 1266 4392 καρδία
1314 4327 1516 4394 αὐτῶν,
1551 4329 1640 4380 καὶ
1680 4344 1813 4380 κατ-

204 4415 409 4484 ελύθη,
433 4416 555 4467 ἀντὶ
598 4416 694 4468 τοῦ
723 4412 871 4480 οἶκος
904 4412 1042 4470 εἶναι
1064 4419 1220 4484 Θεοῦ,
1253 4419 1520 4492 γενομένη
1551 4421 1816 4492 σπήλαιον

1919 3774 1975 3820 et
2023 3781 2212 3820 revera
2262 3768 2418 3821 valde
2472 3784 2741 3836 pauperes
2801 3783 2983 3826 erant.
3043 3773 3282 3830 Contriti
3336 3787 3518 3831 autem

1920 3861 2086 3912 conde
2131 3856 2384 3914 fortassis
2414 3860 2637 3914 fuerunt
2659 3861 2944 3932 Israelitze,
2982 3881 3216 3935 quorum
3242 3885 3339 3924 cor
3366 3872 3519 3938 prius

1920 3950 2024 4006 fuit
2064 3967 2318 4020 magnum
2351 3962 2404 4009 et
2437 3955 2692 4024 sublime,
2725 3968 2781 4013 et
2817 3959 3011 4016 domus
3041 3961 3158 4018 Dei.
3193 3961 3387 4019 Postea
3416 3981 3515 4020 au-

1924 4049 2029 4096 tem
2069 4043 2157 4097 ubi
2209 4059 2407 4101 vacare
2462 4058 2747 4118 coeperunt
2801 4050 2986 4117 idolis,
3033 4063 3089 4107 et
3124 4055 3293 4110 variis
3343 4057 3520 4113 modis

1921 4143 2243 4202 peccarunt,
2272 4138 2567 4193 contritum
2589 4151 2642 4192 et
2675 4143 3014 4198 destructum
3046 4153 3132 4201 est
3154 4161 3252 4202 cor
3275 4147 3518 4216 illorum,

1923 4225 2026 4280 hoc
2056 4235 2164 4294 est,
2224 4229 2417 4285 domus
2454 4231 2548 4286 Dei
2600 4231 2741 4286 facta
2778 4245 2862 4289 est
2915 4238 3174 4306 spelunca
3219 4239 3516 4299 latronum.

1924 4317 2086 4374 Venit
2121 4319 2287 4390 igitur
2326 4319 2590 4380 Dominus
2619 4334 2676 4380 ut
2706 4339 2758 4380 et
2789 4327 2910 4382 illos
2932 4341 3172 4399 sanaret,
3205 4343 3258 4387 et
3289 4334 3518 4404 captivis

1925 4413 2300 4468 remissionem
2347 4417 2526 4482 daret,
2558 4427 2610 4472 et
2647 4421 2807 4474 caecis
2835 4422 3034 4489 visum,
3064 4423 3167 4480 hoc
3225 4435 3310 4481 est
3339 4429 3519 4498 genti-

203 4504 457 4576 λῃστῶν.
490 4500 694 4559 Ἦλθεν
724 4503 818 4561 οὖν
850 4511 876 4562 6
901 4510 1127 4579 Κύριος,
1162 4511 1248 4564 ἵνα
1271 4515 1362 4565 καὶ
1401 4511 1624 4578 τούτους
1655 4516 1812 4587 ἰάση-

1924 4505 2023 4560 bus
2041 4517 2096 4561 et
2119 4504 2343 4563 Judzeis.
2379 4509 2556 4564 Ambo
2575 4512 2722 4567 enim
2747 4512 2825 4566 illi
2845 4515 3027 4585 populi
3049 4525 3105 4572 et
3126 4519 3330 4588 captivi
3357 4532 3514 4576 erant

201 4615 318 4662 ται,
373 4599 472 4651 καὶ
518 4601 630 4662 τοῖς
674 4601 1042 4669 αἰχμαλώτοις
1096 4603 1152 4656 δὲ
1213 4605 1430 4673 ἄφεσιν,
1464 4607 1560 4660 καὶ
1593 4608 1814 4676 τυφλοῖς

200 4690 519 4760 ἀνάϐλεψιν
542 4691 638 4762 δῷ,
671 4694 784 4756 τοῖς
813 4710 872 4746 τε
905 4693 961 4759 ἐξ
988 4694 1160 4746 ἐθνῶν
1189 4699 1283 4748 καὶ
1324 4700 1437 4759 τοῖς
1471 4698 1530 4762 ἐξ
1574 4699 1810 4769 Ἰσραήλ.

216 4785 554 4854 ’Δμφότερα
581 4784 692 4856 γάρ
718 4786 893 4839 ταῦτα
912 4789 980 4839 τά
1007 4788 1149 4859 μέρη
1195 4789 1289 4842 κα)⁵
1325 4790 1648 4860 αἰχμάλωτα
1673 4788 1814 4865 ἦσαν

200 4875 315 4930 ὑπὸ
371 4876 470 4929 τὸν
521 4876 789 4942 Σατανᾶν,
845 4876 941 4929 καὶ
989 4879 1188 4948 τυφλά.
1242 4880 1511 4937 Δύνανται
1538 4883 1594 4936 δὲ
1640 4885 1814 4939 ταῦτα

199 4968 482 5039 νοηθῆναι
526 4970 620 5021 καὶ
652 4971 783 5039 περὶ
817 4971 924 5022 τῶν
959 4972 1170 5042 νεκρῶν
1201 4989 1213 5001 ·
1254 4977 1350 5028 καὶ
1379 4969 1526 5029 οὗτοι
1554 4977 1663 5054 γάρ
1689 4983 1813 5049 αίχ-

202 5061 466 5132 μάλωτοι
523 5060 674 5125 δντες
714 5063 808 5116 καὶ
843 5063 1259 5135 τεθραυσμένοι,
1309 5068 1664 5142 ἀπελύθησαν
1708 5073 1811 5141 τῆς

197 5155 300 5210 τοῦ
330 5155 472 5227 ᾅδου
508 5154 754 5220 ἐξουσίας
793 5156 882 5209 διὰ
929 5156 1035 5223 τῆς
1064 5160 1418 5223 ἀναστάσεως
1440 5177 1454 5192 ο
1493 5163 1728 5234 ἐκήρυξε
1759 5167 1816 5220 δὲ

198 5245 302 5301 καὶ
335 5245 598 5298 ἐνιαυτὸν
631 5246 842 5302 δεκτόν.
881 5247 980 5312 Τίς
1010 5242 1066 5303 δὲ
1097 5247 1164 5320 ἦν
1195 5253 1223 5304 6
1254 5253 1502 5318 ἐνιαυτὸς
1534 5257 1562 5308 6
1587 5256 1809 5325 δεκτός;

197 5336 362 5406 Τάχα
426 5332 533 5406 μὲν
580 5336 672 5388 καὶ
703 5339 731 5388 6
768 5338 979 5407 μέλλων
1020 5341 1179 5407 αίὼν,
1223 5346 1350 5413 περὶ
1401 5339 1462 5398 οὗ
1495 5348 1762 5418 ἐκήρυξεν
1787 5353 1813 5404 6

200 5427 450 5500 Κόριος,
487 5429 664 5496 λέγων
689 5446 702 5460 ·
745 5431 833 5484 Ἐν
861 5433 1044 5503 ἐκείνῃ
1075 5437 1141 5504 τῇ
1171 5437 1354 5507 ἡμέρᾳ
1374 5440 1475 5493 οὑκ
1509 5443 1815 5512 ἐρωτήσετέ

201 5540 271 5591 με
304 5522 501 5576 οὐδέν.
560 5523 672 5574 Καὶ
723 5524 887 5576 πάλιν
909 5541 923 5556 ο
967 5525 1230 5596 Ἔρχεται
1263 5529 1383 5600 ὥρα
1430 5533 1517 5586 ὅτε
1551 5535 1600 5587 oi
1630 5541 1816 5608 νεκροὶ

196 5615 643 5682 ἀναστήσονται.
697 5614 896 5678 Δεκτὸς
940 5615 998 5668 δέ
1039 5618 1189 5670 ἐστιν
1243 5619 1452 5684 ἐκεῖνος
1484 5625 1511 5676 6
1545 5626 1813 5690 ἐνιαυτὸς,

193 5705 526 5767 τουτέστιν,
575 5705 914 5777 ἑπὶθυμητὸς
951 5710 1065 5772 τοῖς
1094 5709 1326 5775 δικαίοις
1367 5715 1459 5767 καὶ
1490 5717 1813 5787 ἐπέραστος·

194 5799 260 5855 δν
294 5797 714 5871 προσδέχονται
766 5800 971 5864 πάντες
1019 5803 1068 5855 oi
1117 5804 1356 5858 ἐνταῦθα
1413 5807 1771 5880 ἐργαζόμενοι
1800 5829 1812 5842 ·

274 5968 323 5998 ³⁵
358 5964 406 6019 ιι
439 5965 575 6020 Cor.
628 5980 701 6030 vr,
732 5965 785 6018 2.

1922 4597 2024 4652 sub
2086 4597 2306 4664 Satana,
2363 4615 2426 4656 ac
2471 4603 2622 4657 caeci.
2668 4602 2907 4660 Possunt
2954 4623 3136 4663 autem
3170 4609 3286 4666 haec
3341 4624 3395 4666 et
3452 4614 3519 4669 de

1921 4692 2152 4747 mortuis
2213 4693 2465 4763 intelligi.
2504 4695 2678 4751 Erant
2727 4700 2872 4754 enim
2905 4711 2961 4756 et
3005 4703 3082 4758 illi
3117 4707 3317 4773 captivi
3355 4717 3518 4778 atque

1915 4782 2109 4851 saucii,
2169 4784 2500 4858 liberalique
2541 4799 2723 4845 sunta
2757 4803 3030 4862 potestate
3061 4797 3263 4854 inferni
3297 4817 3396 4870 per
3427 4819 3516 4859 re-

1914 4877 2337 4934 surrectionem.
2372 4881 2696 4939 Prtedicavit
2729 4885 2858 4941 item
2889 4895 2942 4943 et
2968 4904 3171 4945 annum
3203 4905 3514 4962 acceptum.

1916 4967 2049 5032 Quis
2103 4978 2284 5026 autem
2347 4973 2449 5026 fuit
2515 4992 2691 5032 annus
2746 4979 2834 5033 ille
2887 4988 3183 5052 acceptus?
3241 4984 3518 5045 Fortassis

1916 5061 2173 5116 saeculum
2231 5065 2503 5133 futurum,
2540 5069 2605 5124 de
2637 5085 2746 5139 quo
2782 5075 3096 5143 praedicavit
3130 5077 3396 5134 Dominus
3430 5081 3518 5138 di-

1915 5167 2046 5209 cens
2079 5173 2092 5208 :
2131 5154 2187 5210 In
2218 5158 2308 5212 die
2338 5159 2424 5214 illa
2465 5177 2571 5217 non
2624 5164 3035 5237 interrogabitis
3068 5187 3155 5226 me
3188 5175 3512 5245 quidquam.

1918 5244 1983 5301 Et
2015 5248 2210 5303 iterum
2247 5269 2261 5306 :
2297 5250 2458 5308 Venit
2496 5254 2629 5310 hora
2684 5261 2904 5327 quando
2941 5265 3139 5317 mortui
3194 5244 3510 5338 resurgent.

1919 5345 2196 5417 Acceptus
2223 5360 2405 5406 autem
2437 5363 2521 5408 est
2561 5353 2654 5408 ille
2685 5372 2882 5424 annus,
2934 5359 3038 5413 ltoc
3059 5371 3145 5416 est
3175 5361 3517 5421 desiderabi-

1919 5439 2005 5507 lis,
2035 5452 2087 5495 et
2112 5441 2275 5511 justis
2308 5446 2559 5501 amabilis
2593 5464 2607 5501 :
2645 5463 2807 5516 quem
2840 5464 3163 5521 exspectant
3203 5472 3394 5513 omnes
3419 5462 3514 5529 qui

1919 5533 2008 5588 hic
2055 5549 2372 5605 aperantur.
2408 5539 2504 5593 Est
2535 5550 2713 5595 autem
2761 5552 2815 5597 et
2853 5553 3063 5614 tempus
3114 5545 3380 5604 Dominici
3414 5553 3515 5607 ad-

1918 5639 2110 5684 ventus
2144 5631 2197 5684 in
2236 5645 2403 5686 carne
2458 5648 2633 5690 annus
2687 5649 2946 5706 acceptus
2983 5656 2996 5692 :
3027 5641 3093 5695 de
3143 5657 3254 5713 quo
3308 5642 3514 5702 Paulus

1919 5724 2098 5778 dicit:
2138 5743 2155 5777 ι
2203 5725 2358 5779 Nunc
2416 5736 2627 5799 tempus
2679 5740 2762 5784 est
2816 5736 3171 5805 acceptabile,
3223 5752 3369 5793 nunc
3398 5739 3516 5795 dies

1919 5814 2114 5869 saiulis
2145 5815 2214 5868 “.
2256 5835 2273 5866 ι
2322 5816 2493 5875 Porro
2529 5821 2618 5876 ubi
2656 5821 2772 5881 lizec
2814 5824 2966 5896 legit,
2996 5828 3173 5884 dixit:
3205 5826 3378 5886 Hodie
3409 5833 3516 5890 irit-
