4038 6536
587 471 687 537 751

1507 459 2088 523 THEOPHYLACTl
2140 442 2553 520 BULGARIE
2587 454 2941 519 meum.

3762 448 3861 515 752

587 589 731 657 pleta
758 592 840 638 est
870 582 1138 652 scriptura
1192 577 1306 633 hac
1337 577 1391 632 in
1426 576 1648 631 auribus
1707 575 1926 636 vestris.
1981 573 2153 628 mani-

2275 573 2379 627 ῐστι
2406 571 2471 626 ὁὶ
2504 571 2599 626 καὶ
2628 573 2657 626 6
2683 573 2784 639 τῆς
2832 569 2927 624 τοῦ
2985 569 3196 641 Κυρίου
3245 567 3322 657 ἐν.
3349 566 3518 638 σαρκὶ
3565 567 3861 648 ἐπιδημίας

589 675 728 728 teste
753 688 814 726 se
849 670 1196 724 audientibus
1240 665 1651 727 commendans,
1684 663 1808 732 quia
1853 663 1973 732 ipse
1997 662 2068 716 sit
2095 663 2164 717 de

587 782 694 832 quo
724 767 838 818 liae
863 763 1060 831 scripta
1091 759 1313 814 fuerint.

2277 665 2469 734 καιρὸς
2519 664 2766 725 ἐνιαυτὸς
2831 662 3022 724 δεκτός
3045 677 3058 692 ο
3109 660 3239 729 περὶ
3266 652 3330 712 οὒ
3368 661 3396 712 6
3431 646 3647 720 Παῦλος
3683 659 3850 727 λέγει·

2278 776 2296 808 ι
2327 756 2440 809 Νῦν
2468 757 2656 824 καιρὸς
2691 754 3090 825 εὐπρόσδεκτος
3114 771 3126 783 ο
3163 752 3258 806 νῦν
3284 751 3462 823 ἡμέρα
3493 751 3792 820 σωτηρέας.
3835 771 3850 800 ι

603 857 894 922 Ἀναγνοὺς
923 854 980 907 δέ
1025 849 1224 915 ταῦτα,
1269 847 1412 912 εἷπε,
1471 849 1719 918 Σήμερον
1751 847 2112 917 πεπλήρωται
2173 849 2208 918 ή
2247 848 2438 920 Γραφὴ
2491 848 2633 917 αὓτη
2678 849 2735 899 ἐν
2802 851 2912 910 τοῖς
2963 847 3095 898 ὠσὶν
3151 845 3324 916 ὑμῶν,
3361 843 3615 914 φανερῶς
3671 844 3862 896 ἐαυτῖν

591 948 866 1018 παριστῶν
919 949 1030 1009 τοῖς
1073 946 1384 1009 ἀκούουσιν,
1440 944 1521 996 ὅτι
1564 943 1723 1006 αὐτὸς
1770 943 1884 994 ἐστι
1935 942 2064 1011 περὶ
2093 936 2154 997 οὗ
2193 943 2363 996 ταῦτα
2384 943 2716 1013 γέγραπται.

664 1044 830 1098 γειιε.
858 1043 1048 1096 '22-'50.
1081 1060 1098 1091 ι
1133 1041 1195 1095 Et
1223 1055 1409 1094 omnes
1444 1040 1810 1093 testiinonium
1844 1038 1915 1091 illi
1945 1037 2142 1092 dabam

587 1150 648 1187 ac
681 1138 1016 1186 mirabantur
1067 1147 1233 1201 super
1281 1130 1454 1200 gratia
1492 1145 1804 1184 sermonum
1853 1129 1944 1198 qui
1978 1145 2164 1196 proceo

587 1229 786 1283 dcbant
821 1243 887 1279 ex
923 1240 1016 1278 ore
1057 1225 1246 1291 ipsius,
1305 1224 1664 1291 dicebantque
1694 1241 1707 1277 :
1743 1221 1928 1275 NOnne
1965 1222 2049 1296 liic
2079 1231 2163 1277 est

591 1320 731 1372 illius
767 1316 956 1384 loscpli
981 1316 1002 1368 ἲ
1032 1313 1094 1369 Et
1120 1317 1195 1368 ait
1230 1314 1331 1368 illis
1360 1331 1373 1366 :
1398 1312 1630 1368 Omnino
1658 1312 1998 1367 dieetismilii
2026 1304 2165 1365 lianc

588 1412 688 1462 siin
716 1410 1018 1468 litudinem,
1061 1406 1294 1467 Medico,
1329 1420 1454 1460 eiira
1508 1406 1760 1474 teipsum.
1813 1403 2157 1470 Qniccuiiqne

590 1500 896 1554 audivimus
934 1501 1068 1551 facta
1103 1497 1154 1549 in
1187 1497 1547 1566 Capernanm,
1595 1495 1678 1548 ί.ιο
1707 1504 1760 1549 ct
1789 1497 1872 1549 bic
1905 1496 1955 1547 in
1985 1495 2159 1563 patria

594 1601 701 1644 tua.
738 1590 824 1644 Ait
855 1598 1032 1641 autem
1073 1603 1086 1640 :
1127 1588 1294 1639 Anicii
1335 1588 1453 1638 dico
1490 1588 1662 1649 vobis,
1698 1601 1856 1639 nemo
1899 1585 2161 1654 proplieta

589 1690 842 1748 acceptus
867 1688 949 1732 est
980 1679 1031 1731 in
1067 1694 1130 1747 pa
1165 1680 1238 1730 ria
1276 1695 1392 1731 sua.
1426 1677 1527 1730 Sed
1565 1677 1617 1743 i_n
1662 1677 1885 1730 veritate
1915 1676 2035 1729 dico
2065 1692 2160 1728 vo-

2345 1061 2362 1092 ι
2403 1041 2514 1094 Καὶ
2553 1041 2753 1102 πάντες
2804 1040 3150 1109 ἐμαρτύρουν
3181 1038 3351 1107 αὐτῷ.
3393 1037 3501 1090 Καὶ
3551 1035 3862 1105 ἐθαύμαζον

2265 1135 2356 1187 ἐπὶ
2387 1136 2495 1196 τοῖς
2523 1131 2704 1200 λόγοις
2737 1132 2835 1201 τῆς
2866 1133 3086 1200 χάριτος
3122 1133 3233 1193 τοῖς
3280 1132 3748 1201 ἐκπορευομένοις
3785 1130 3845 1179 ἐκ

2265 1225 2356 1276 τοῦ
2384 1225 2650 1294 στόματος
2684 1223 2875 1287 αὑτοῦ,
2927 1223 3020 1276 καλ⁵
3056 1223 3271 1290 ἔλεγον⁸
3310 1223 3421 1290 Οὐχ
3455 1213 3613 1282 οὗτός
3649 1223 3792 1271 ἐστιν
3818 1219 3844 1271 6

2266 1317 2381 1379 υίὸς
2415 1317 2504 1368 τοῦ
2545 1314 2778 1385 Ἰωσήφ;
2841 1316 2948 1368 Καὶ
2991 1313 3111 1366 εἷπε
3164 1314 3298 1382 πρὸς
3350 1313 3569 1374 αὐτοὺς,
3623 1313 3844 1374 Πάντως

2264 1407 2436 1476 ἐρεῖτέ
2473 1424 2562 1476 μοι
2596 1409 2696 1475 τὴν
2731 1406 3050 1475 παραῆολην
3079 1404 3303 1474 ταύτην,
3353 1404 3548 1473 Ίατρέ,
3588 1403 3855 1472 θεράπευ-

2271 1515 2364 1550 σον
2392 1500 2615 1551 σεαυτόν
2634 1516 2646 1527 ·
2671 1501 2770 1552 ὅσα
2804 1499 3121 1566 ἠκούσαμεν
3151 1498 3422 1565 γενόμενα
3447 1500 3504 1547 ἐν
3541 1499 3604 1565 τῇ
3637 1498 3863 1566 Καπερ-

2269 1587 2466 1656 ναοὺμ,
2505 1589 2731 1658 ποίησον
2763 1590 2858 1641 καὶ
2891 1582 2991 1641 ὦδε
3024 1589 3080 1639 ἐν
3108 1591 3172 1657 τῇ
3197 1586 3416 1656 πατρίδι
3448 1602 3564 1638 σου.
3602 1580 3738 1637 Eine
3769 1585 3860 1637 δέ’

2269 1680 2444 1748 Ἀμὴν
2469 1680 2612 1748 λέγω
2665 1681 2814 1750 ὑμῖν,
2851 1682 2932 1733 ὅτι
2970 1681 3142 1742 οὐδεὶς
3185 1683 3471 1750 προφήτης
3495 1678 3682 1739 δεκτός
3716 1681 3862 1731 ἐστιν

590 1773 716 1826 bis:
749 1773 928 1826 multa:
969 1772 1140 1824 vidua:
1182 1782 1336 1824 erant
1390 1772 1441 1823 in
1485 1771 1671 1824 diebus
1724 1770 1851 1823 Elia:
1901 1770 1952 1822 in
2000 1769 2160 1822 Israel

2275 1774 2324 1824 ἐν
2353 1776 2419 1843 τῇ
2453 1774 2674 1842 πατρίδι
2713 1774 2898 1827 αὑτοῦ.
2960 1774 3078 1826 Ἐπ’
3126 1773 3389 1842 ἀληθείας
3429 1773 3484 1825 δὲ
3518 1773 3663 1838 λέγω
3707 1773 3857 1839 ὑμῖν,

589 1865 804 1931 quando
829 1865 1071 1918 clausum
1093 1874 1174 1916 est
1205 1863 1400 1915 cmlutn
1424 1863 1581 1914 annis
1613 1861 1785 1916 tribus
1813 1871 1866 1916 et
1896 1863 2166 1915 mensibus

588 1975 704 2022 sex,
741 1974 863 2014 cum
895 1959 1033 2011 facta
1071 1966 1216 2010 esset
1248 1955 1418 2008 fames
1455 1969 1646 2023 magna
1679 1969 1773 2022 per
1804 1969 2020 2006 omnem
2057 1965 2164 2006 ier-

589 2068 702 2105 ram
738 2063 752 2109 :
786 2061 840 2104 et
870 2049 937 2104 ad
966 2048 1162 2102 nullam
1202 2048 1411 2102 illarum
1457 2048 1654 2101 missus
1693 2057 1775 2100 est
1812 2046 1955 2099 Elias
1986 2046 2086 2100 nisi
2113 2045 2164 2098 iu

593 2141 897 2210 Satephtba
945 2139 1168 2192 Sidonis
1205 2141 1270 2191 ad
1311 2127 1602 2192 mulierem
1641 2135 1883 2191 viduam.
1921 2135 1984 2188 Et
2015 2137 2163 2190 multi

587 2235 786 2304 leprosi
821 2240 976 2285 erant
1001 2232 1051 2284 in
1078 2230 1238 2284 Israel
1269 2230 1369 2283 sub
1397 2229 1592 2283 Elisao
1618 2227 1899 2298 propheta,
1928 2236 1981 2282 et
2008 2243 2166 2281 nemo

587 2340 777 2380 eorum
809 2322 1100 2376 mundatus
1140 2331 1222 2373 cst
1249 2319 1348 2373 nisi
1389 2317 1628 2372 Naaman
1663 2315 1853 2389 Syrus.
1889 2317 1948 2372 Et
1977 2317 2164 2386 repleti

589 2423 716 2469 sunt
766 2427 956 2467 omnes
1001 2413 1050 2465 in
1096 2411 1382 2480 Synagoga
1421 2410 1520 2472 ira,
1557 2410 1670 2462 base
1732 2409 2035 2464 audientes.
2097 2407 2165 2463 Et

589 2507 1039 2561 insurrexerunt.
1107 2501 1496 2570 ejeceruntque
1559 2499 1709 2552 illum
1747 2515 1776 2551 e
1813 2500 2066 2563 civitate,
2112 2508 2167 2552 et

557 2636 560 2640 η
588 2601 864 2650 duxerunt
896 2595 1041 2647 illum
1078 2608 1260 2660 usque
1283 2593 1348 2644 ad
1374 2592 1720 2666 supercilium
1756 2591 1976 2653 inmitis,
2004 2605 2168 2661 super

587 2703 746 2758 quem
799 2685 988 2740 civitas
1023 2685 1232 2738 illorum
1266 2694 1384 2737 erat
1447 2683 1731 2747 :rdiiicata,
1771 2693 1824 2734 ut
1857 2683 2162 2752 praecipita-

2271 1864 2462 1916 πολλαὶ
2507 1866 2673 1933 χῆραι
2718 1859 2860 1934 ἦσαν
2894 1867 2952 1916 ἐν
2986 1865 3106 1926 ταῖς
3156 1865 3393 1934 ἡμέραις
3465 1863 3649 1914 Ἡλιοὺ
3696 1864 3752 1913 ἐν
3786 1861 3862 1930 τῷ

2267 1949 2508 2022 Ἰσραὴλ,
2569 1956 2655 2006 ὅτε
2708 1954 2960 2022 ἐκλείσθη
2997 1956 3024 2006 6
3051 1954 3280 2024 οὐρανὸς
3331 1954 3426 2006 ἐπὶ
3465 1954 3561 2023 ἐτη
3599 1953 3729 2023 τρία
3769 1955 3860 2006 καὶ

2271 2044 2444 2114 μῆνας
2476 2043 2558 2109 ἐξ,
2603 2045 2678 2108 ὡς
2725 2046 2942 2112 ἐγένετο
2993 2044 3153 2115 λιμὸς
3202 2046 3376 2114 μέγας
3422 2045 3516 2096 ἐπὶ
3551 2047 3733 2096 πᾶσαν
3762 2045 3860 2114 τὴν

2269 2135 2399 2204 γῆν,
2433 2137 2527 2188 καὶ
2573 2138 2707 2206 πρὸς
2742 2136 3001 2207 οὐδεμίαν
3036 2137 3216 2189 αὐτῶν
3250 2135 3509 2206 ἐπέμφθη
3572 2135 3780 2198 Ἠλίας,
3811 2137 3861 2187 εί

2271 2227 2346 2296 μὴ
2378 2227 2456 2290 είς
2490 2227 2750 2296 Σαραφθά
2792 2227 2890 2297 τῆς
2924 2227 3154 2290 Σιδῶνος
3187 2227 3323 2296 πρὸς
3354 2229 3591 2294 γυναῖκα
3646 2227 3821 2297 χήραν
3843 2241 3856 2253 ο

2268 2321 2361 2372 καί
2391 2318 2578 2370 πολλοὶ
2631 2319 2825 2388 λεπροὶ
2860 2314 3000 2390 ἦταν
3037 2319 3130 2372 ἐπὶ
3178 2319 3489 2372 Ἐλισσαίου
3516 2317 3612 2370 τοῦ
3651 2319 3862 2387 προφή-

2267 2413 2360 2462 του
2391 2410 2447 2462 ἐν
2477 2409 2555 2477 τῷ
2592 2407 2826 2480 Ἰσραὴλ,
2859 2411 2954 2463 καὶ
2994 2411 3174 2473 οὐδεὶς
3209 2411 3391 2464 αὐτῶν
3433 2409 3782 2482 ἐκαθαρίσθη
3810 2411 3858 2462 εί

2271 2500 2345 2571 μή
2373 2500 2592 2570 Νεεμάν
2622 2503 2648 2554 6
2671 2501 2862 2572 Σύρος.
2896 2503 3005 2556 Καὶ
3035 2502 3390 2571 ἐπλήσθησαν
3432 2505 3638 2564 πάντες
3687 2501 3860 2571 θυμοῦ

2269 2588 2328 2640 ἐν
2357 2591 2422 2658 τῇ
2456 2589 2753 2659 Συναγωγῇ
2782 2587 3117 2653 ἀκούσαντες
3143 2589 3340 2644 ταῦτα.
3365 2593 3476 2645 Καὶ
3501 2593 3857 2652 ἀναστάντες,

2274 2680 2528 2746 ἐξέσαλον
2561 2682 2726 2733 αὑτὸν
2763 2682 2868 2747 ἔξω
2894 2685 2992 2752 τῆς
3029 2683 3274 2746 πόλεως⁹
3320 2685 3411 2735 καὶ
3452 2685 3663 2755 ἤγαγον
3698 2686 3859 2738 αὐτὶ-ι

587 2788 708 2832 rent
731 2790 877 2832 eum.
908 2773 1026 2844 Ipse
1060 2785 1240 2828 autem
1271 2774 1538 2828 transiens
1555 2787 1650 2842 per
1683 2771 1916 2827 medium
1951 2771 2162 2828 illorum

2275 2772 2371 2836 Eoi;
2397 2774 2495 2842 τῆς
2524 2774 2722 2844 ὀφρύος
2753 2773 2846 2826 τοῦ
2873 2774 3053 2845 ὅρους,
3079 2775 3165 2844 ἐφ’
3197 2768 3257 2828 οὗ
3289 2777 3320 2845 ἡ
3345 2775 3498 2840 πόλις
3521 2777 3706 2829 αὐτῶν
3725 2777 3861 2847 ᾠκο-

589 2869 722 2922 ibat.
767 2885 786 2918 ι
835 2865 970 2919 Cum
1039 2864 1288 2918 audirent
1344 2864 1516 2918 turba:
1585 2878 1709 2933 qua
1777 2865 2091 2919 dicebantur
2134 2883 2162 2919 a

2275 2865 2488 2936 δόμητο,
2508 2870 2586 2930 εἰς
2604 2867 2663 2920 τὸ
2682 2867 3128 2937 κατακρημνίσαι
3155 2869 3340 2922 αὐτόν·
3374 2869 3540 2932 αὐτὸς
3557 2870 3614 2922 δὲ
3641 2869 3863 2922 auiae»

590 2959 847 3021 Christo,
902 2954 1314 3009 admirabantur
1365 2969 1529 3024 super
1591 2954 1941 3009 sermonibus
2005 2954 2160 3024 301

2275 2958 2354 3011 διὰ
2395 2961 2560 3029 μέσου
2618 2961 2820 3024 αὐτῶν,
2868 2961 3186 3030 ἐπορεύετο.
3227 2980 3245 3013 ι
3299 2961 3617 3024 Ἀκούοντες
3661 2961 3729 3013 τὰ
3758 2961 3861 3014 ὑπὸ

590 3048 906 3118 gratiarum.
939 3043 1286 3100 Admirantes
1321 3053 1522 3111 autem,
1554 3045 1796 3098 dicteriis
1822 3045 2164 3100 incessebant

2275 3051 2503 3119 Χριστοῦ
2538 3052 2804 3121 λεγόμενα
2829 3055 2877 3104 οἱ
2902 3051 3073 3122 ὄχλοι,
3102 3040 3414 3121 ἐθαῦμαζον
3439 3053 3531 3104 ἐπὶ
3546 3053 3660 3111 τοῖς
3685 3051 3860 3118 λόγοις

589 3156 710 3195 cum
739 3139 978 3192 dicentes
1009 3152 1023 3190 :
1063 3135 1249 3190 Nonne
1283 3135 1370 3189 hic.
1399 3145 1480 3189 est
1513 3138 1660 3190 labri
1689 3136 1877 3189 ﬁlius?
1906 3136 2162 3202 Quamvis

2275 3139 2369 3208 τῆς
2418 3143 2662 3211 χάριτος.
2717 3141 3106 3212 Θαυμάζοντες
3134 3143 3216 3207 δὲ,
3249 3141 3639 3213 διεκωμῴδουν
3674 3140 3856 3206 αὑτὸν,

587 3231 714 3298 quid
747 3227 1060 3297 prohiberet
1092 3227 1263 3295 ipsum
1293 3224 1399 3279 dici
1432 3224 1805 3278 admirabilem
1837 3234 1890 3278 et
1915 3224 2164 3278 adorabi-

2275 3231 2519 3299 λέγοντες
2538 3247 2551 3259 °
2587 3233 2701 3302 Οὐχ
2730 3227 2884 3295 οὗτός
2912 3234 3060 3286 ἐστιν
3081 3236 3108 3286 6
3136 3233 3228 3287 τοῦ
3259 3233 3514 3297 τέκτονος
3541 3234 3695 3300 υίός;
3730 3236 3859 3288 Καί-

585 3319 739 3374 inmi
773 3319 885 3373 Non
911 3320 1062 3372 vides
1078 3326 1280 3387 quanta
1313 3315 1484 3370 facit?
1511 3314 1630 3368 Non
1658 3314 1810 3369 audis
1833 3330 2166 3384 quascunque

2275 3339 2350 3375 τοι
2380 3321 2432 3375 τί
2459 3323 2523 3376 τὺ
2551 3325 2760 3377 κωλύον
2789 3319 2928 3378 εἶναι
2951 3326 3115 3378 αὑτὸν
3146 3325 3466 3396 Θαυμαστὸν
3494 3325 3592 3379 καὶ
3620 3343 3860 3396 προσκυ-

590 3412 762 3465 dicit?
800 3408 1004 3465 Deinde
1043 3407 1305 3462 conviciis
1353 3415 1564 3477 patrem
1600 3405 1744 3460 illius
1774 3405 2028 3460 lacessis?
2061 3405 2164 3458 Re-

592 3521 717 3558 vera
747 3505 812 3557 de
855 3503 958 3557 illis
1001 3501 1180 3556 dicere
1222 3500 1393 3554 licet:
1429 3496 1570 3552 Ecce
1613 3499 1848 3567 populus
1893 3498 2088 3552 stultus
2115 3505 2168 3551 et

592 3599 794 3664 absque
819 3596 1009 3655 corde;
1039 3591 1178 3646 oculi
1213 3591 1426 3646 ilioruin
1458 3605 1563 3644 non
1590 3589 1794 3652 vident,
1822 3604 1982 3642 aures
2003 3591 2165 3643 etiam

594 3701 702 3742 nun
737 3685 961 3740 audiunt
992 3685 1058 3735 ".
1091 3683 1350 3737 Dominus
1384 3681 1546 3752 igitur
1575 3681 1702 3750 quid
1735 3680 1902 3734 dicit?
1934 3677 2167 3735 Omnino

591 3777 793 3834 dicetis
831 3775 985 3843 mihi,
1016 3774 1124 3829 Fac
1154 3782 1206 3828 et
1235 3773 1286 3828 iu
1327 3776 1499 3842 patria
1532 3781 1616 3825 tua
1665 3773 1928 3827 mirabilia
1958 3788 2077 3841 quae
2112 3773 2164 3826 in

595 3870 934 3941 Capernaum
957 3867 1159 3922 locisti.
1182 3864 1296 3924 Hoc
1315 3866 1460 3920 enim
1484 3874 1568 3919 est
1590 3864 1733 3934 quod
1756 3865 1918 3920 dicit:
1939 3864 2164 3929 Medice,

595 3978 726 4020 cura
760 3964 1011 4033 teipsum.
1039 3959 1394 4016 Proverbium
1435 3959 1580 4012 enim
1615 3967 1733 4011 erat
1777 3958 1918 4024 apud
1950 3956 2169 4013 Iudaeos

597 4056 738 4125 quod
769 4051 1163 4124 aegrotantibus
1214 4049 1440 4104 medicis
1478 4049 1778 4103 dicebatur.
1811 4049 1880 4102 At
1921 4063 2020 4118 ego
2047 4051 2168 4103 dico

594 4150 749 4204 vobis
779 4147 921 4216 quod
951 4144 1200 4200 fecissem
1250 4141 1416 4196 multa
1462 4140 1616 4209 signa
1657 4139 1822 4194 etiam
1854 4143 1994 4208 apud
2043 4155 2166 4208 vos,

597 4240 864 4311 patriotas
901 4250 1050 4291 meos
1078 4253 1092 4289 :
1119 4233 1214 4289 sed
1251 4233 1367 4288 scio
1399 4246 1740 4288 communem
1771 4233 2010 4286 omnium
2037 4231 2170 4286 atie-

597 4344 768 4395 ctum,
805 4329 946 4399 quod
981 4334 1400 4380 contemnantur
1429 4324 1595 4378 etiam
1634 4337 1722 4379 res
1764 4323 2034 4388 maximae,
2066 4324 2168 4378 nisi

2271 3415 2468 3482 νητόν;
2502 3415 2616 3484 Οὐχ
2639 3417 2770 3485 ὁρᾷς
2801 3417 2900 3469 ὅσα
2933 3419 3112 3481 ποιεῖ;
3148 3417 3262 3468 Οὐκ
3294 3413 3516 3480 ἀκούεις
3544 3417 3645 3469 ὅσα
3681 3417 3855 3485 Mysi;

2277 3503 2408 3558 Εῐτα
2460 3507 2738 3578 κωμῳδεῖς
2785 3509 2876 3560 τὸν
2919 3510 3135 3578 πατέρα
3171 3507 3372 3575 αὐτοῦς
3411 3510 3624 3570 Ὀντως
3665 3509 3858 3579 ἀληθὲς

2273 3597 2360 3647 ἐπ’
2395 3597 2578 3660 αὐτοῖς
2626 3600 2801 3649 εἰπεῖν
2823 3613 2837 3627 ο
2885 3598 3018 3652 Ἰδοὺ
3052 3599 3178 3662 λαδς
3223 3600 3407 3671 μωρὸς
3437 3601 3531 3652 καὶ
3566 3601 3857 3670 άκάρδιοςο

2268 3685 2536 3757 ὀφθαλμοὶ
2585 3689 2786 3752 αὐτοῖς,
2838 3691 2931 3741 καὶ
2959 3690 3021 3743 οὐ
3077 3690 3408 3761 βλέπουσιν·
3451 3684 3590 3756 ὦτα,
3643 3694 3739 3744 καὶ
3763 3692 3859 3744 οὐκ

2268 3777 2574 3833 ἀκούουσιν.
2624 3779 2681 3832 '0
2714 3779 2917 3848 Κύριος
2949 3780 3042 3835 οὖν
3076 3782 3128 3835 τί
3161 3799 3326 3852 φησιν
3369 3783 3594 3848 αὑτοῖςς
3632 3783 3855 3842 Πάντως

2268 3870 2442 3940 ἐρεῖτέ
2469 3889 2583 3940 μοι,
2613 3873 2695 3924 ὅτι
2739 3873 2828 3925 Ἐν
2856 3877 2923 3944 τῇ
2953 3875 3174 3945 πατρίδι
3203 3892 3298 3929 σου
3326 3876 3552 3945 ποίησον
3581 3875 3857 3946 θαυμάσια

2268 3964 2369 4016 ὅσα
2398 3964 2492 4016 καὶ
2518 3965 2574 4015 ἐν
2600 3965 2996 4034 Καπερναούμ.
3031 3966 3202 4021 Τοῦτο
3236 3968 3343 4038 γάρ
3374 3969 3490 4021 ἐστι
3539 3967 3624 4033 τὸ,
3666 3969 3856 4039 Ἰατρέ,

2271 4055 2610 4126 θεράπευσον
2635 4057 2862 4110 σεαυτόν
2882 4076 2894 4088 ·
2925 4059 3106 4123 κοινὸς
3144 4060 3253 4128 γάρ
3275 4054 3345 4130 ἦν
3371 4059 3528 4127 λόγος
3567 4060 3727 4128 παρὰ
3747 4063 3856 4122 τοῖς

2284 4149 2560 4213 Ἰουδαίοις
2587 4145 2764 4216 οὗτος,
2801 4154 2915 4214 τοῖς
2945 4151 3324 4223 ἀρῤωστοῦσιν
3367 4152 3577 4221 ίατροῖς
3613 4151 3859 4217 ἐπιλεγό-

2273 4257 2456 4312 μενος.
2502 4241 2640 4295 ⁹Δλλ’
2672 4241 2784 4310 ἐγὼ
2815 4242 2959 4311 λέγω
3002 4243 3154 4313 ὑμῖν,
3187 4244 3269 4296 ὃτι
3310 4244 3544 4315 ἐποίησα
3591 4245 3662 4298 ἂν
3694 4245 3858 4298 πολλὰ

2271 4336 2474 4403 σημεῖα
2505 4335 2601 4388 καὶ
2630 4336 2758 4404 παρ’
2789 4336 2919 4404 ὑμῖν
2948 4337 3062 4398 τοῖς
3110 4337 3266 4406 ἐμοῖς
3325 4335 3673 4407 πατριώταις
3696 4355 3710 4369 “
3751 4337 3861 4392 ἀλλ’

597 4440 717 4478 cuin
750 4437 887 4476 rarae
919 4420 1137 4484 fuerint;
1164 4417 1209 4472 si
1237 4417 1470 4487 vulgata:
1513 4416 1624 4472 sint
1650 4426 1702 4471 et
1728 4417 2078 4487 quotidianus,
2113 4427 2167 4472 et

634 4517 644 4525 -
974 4527 977 4528 ν
1063 4513 1171 4528 .__
1455 4526 1473 4528 ,_
1555 4508 1777 4528 om“-

2275 4421 2388 4479 οἶδα
2415 4426 2476 4479 τὸ
2505 4425 2684 4480 κοινδν
2719 4429 2813 4480 καὶ
2847 4427 3020 4481 άπασι
3048 4429 3345 4497 συμϐαῖνον
3373 4429 3568 4494 πάθος,
3595 4432 3681 4484 ὅτι
3703 4449 3861 4484 κατα-

599 4517 679 4570 eis
714 4528 905 4568 omnes
960 4513 1178 4580 copiose
1228 4510 1496 4565 fruantur.
1555 4508 1779 4578 Semper
1807 4510 1950 4563 enim
1990 4509 2170 4564 seleiit

601 4605 847 4660 homines
899 4618 1017 4656 rara
1043 4616 1097 4657 ei
1125 4601 1463 4657 admirabilia
1511 4615 1727 4664 curare,
1760 4603 2039 4671 despicere
2072 4617 2170 4655 au-

603 4709 709 4751 tem
743 4695 1045 4750 communia
1078 4704 1130 4747 et
1156 4692 1466 4746 familiaria.
1496 4692 1564 4746 Et
1590 4693 1792 4747 idcirco
1828 4695 2007 4748 nullus
2041 4709 2168 4764 pro-

601 4789 760 4858 pheta
787 4787 838 4841 in
863 4786 1047 4856 patria.
1063 4798 1162 4838 sua
1192 4784 1460 4852 pretiosus
1491 4800 1503 4836 :
1537 4784 1629 4836 sed
1658 4783 1700 4836 si
1727 4784 1942 4837 aliunde
1965 4785 2167 4849 veniat,

605 4881 944 4932 admirantur
981 4877 1153 4931 illum.
1207 4875 1299 4929 Sic
1329 4884 1384 4930 et
1427 4873 1600 4928 lilium
1651 4870 1957 4928 Judarorum
1999 4877 2169 4930 vidua:

609 4987 714 5023 non
752 4976 1140 5036 susceperunt:
1171 4967 1544 5036 Sareplitliana
1592 4973 1770 5019 autem
1813 4967 2068 5035 suscepit.
2106 4966 2171 5019 Et

607 5065 829 5117 Elisiens
881 5062 1236 5130 alienigenam
1283 5062 1560 5128 leprosum
1617 5059 1942 5128 purillcavit,
1991 5059 2171 5114 iidein

606 5159 753 5211 illum
787 5155 1077 5209 declarata.
1124 5153 1256 5206 Nam
1290 5153 1582 5206 familiares
1633 5153 1772 5221 ejus,
1812 5154 1903 5221 qui
1932 5154 2172 5222 ejusdem

607 5260 760 5304 erant
787 5247 1000 5316 patriai,
1034 5245 1080 5299 ei
1121 5260 1224 5297 non
1275 5245 1622 5299 crediderunt
1654 5257 1707 5300 et
1747 5253 2032 5314 propterea
2069 5261 2172 5297 non

609 5352 736 5393 sont
770 5339 1057 5407 puriﬁcati.
1099 5337 1358 5389 Similiter
1388 5347 1440 5390 et
1465 5352 1565 5406 ego
1607 5337 1754 5390 vobis
1787 5336 2036 5405 putriotis
2067 5351 2172 5389 non

613 5435 797 5486 videor
825 5431 1182 5493 admirabilis,
1213 5430 1304 5483 sed
1343 5439 1680 5498 contemptus
1710 5448 1722 5482 :
1755 5441 1808 5482 et
1841 5428 2043 5482 idcirco
2083 5443 2179 5481 ne-

614 5539 717 5592 que
751 5525 902 5592 signa
930 5521 1091 5576 facio.
1121 5521 1215 5575 llis
1239 5536 1370 5576 sane
1400 5521 1491 5590 qui
1521 5524 1571 5575 in
1598 5522 1960 5590 Caperiiauni,
1994 5521 2180 5574 videor

614 5616 967 5680 admirabilis,
1017 5627 1070 5671 et
1120 5620 1269 5687 signa
1323 5617 1480 5678 iacio,
1531 5627 1585 5670 et
1623 5627 1878 5684 acceptus
1921 5616 2000 5670 eis
2034 5631 2173 5670 sum.

616 5713 910 5766 Audientes
965 5721 1146 5766 autem
1186 5713 1297 5768 haec
1330 5711 1382 5764 lii
1425 5712 1512 5779 qui
1563 5711 1612 5762 in
1663 5709 1942 5781 Syiiagogzi
1999 5723 2177 5773 erant,

695 5870 737 5899 "'
781 5866 976 5920 derunt.
1009 5883 1055 5929 ν,
1095 5867 1185 5922 ii.

2278 4517 2602 4588 φρονοῦνται
2633 4519 2728 4571 καὶ
2772 4519 2842 4572 τὰ
2875 4518 3132 4589 ἐξαίρετα
3173 4519 3282 4572 τῶν
3317 4523 3688 4592 πραγμάτων,
3737 4525 3861 4576 ὅταν

2281 4609 2356 4680 μὴ
2385 4610 2587 4664 σπάνια
2609 4605 2670 4684 ᾗ,
2714 4609 2850 4665 άλλά
2898 4611 3054 4664 κοινὰ
3098 4611 3194 4665 καὶ
3235 4612 3465 4682 συνήθη,
3512 4615 3611 4667 καὶ
3665 4616 3862 4678 πάντες

2278 4705 2367 4755 ἐπ’
2391 4703 2574 4767 ἀδείας
2598 4703 2796 4772 ἔχωσιν
2827 4702 3126 4757 ἀπολαύειν
3155 4705 3336 4758 αὐτῶν
3362 4723 3374 4736 ·
3409 4707 3497 4760 ἀεὶ
3527 4707 3642 4778 γὰρ
3672 4709 3862 4761 είὼθα-

2279 4811 2364 4847 σιν
2393 4796 2454 4848 οί“
2484 4795 2765 4868 ἄνθρωποι
2827 4793 2940 4847 τῶν
2991 4795 3091 4866 μὲν
3132 4793 3306 4860 ξένων
3352 4799 3445 4850 καὶ
3493 4800 3744 4857 σπανίων
3775 4799 3863 4852 καὶ

2277 4883 2583 4952 φροντίζειν
2614 4886 2708 4936 καὶ
2747 4884 3075 4954 θαυμάζειν,
3106 4885 3216 4937 τῶν
3251 4884 3308 4937 δὲ
3342 4881 3540 4939 κοινῶν
3569 4880 3862 4958 καισυνή-

2279 4977 2387 5027 θων
2415 4976 2780 5045 καταφρονεῖν
2804 4992 2817 5004 ο
2848 4975 2937 5030 διὰ
2967 4975 3126 5030 τοῦτο
3151 4977 3331 5044 οὐδεὶς
3363 4982 3654 5050 προφήτης
3690 4982 3864 5052 τίμιός

2283 5067 2429 5117 ἐστιν
2455 5067 2512 5117 ἐν
2553 5067 2617 5135 τῇ
2647 5066 2864 5137 πατρίδι
2909 5067 3075 5121 αὑτοῦ
3097 5083 3113 5099 ⁸
3147 5067 3263 5122 ἀλλ’
3313 5071 3407 5123 ἐὰν
3438 5070 3667 5124 ἄλλοθέν
3708 5072 3865 5126 ποθεν

2283 5157 2435 5227 ἔλθῃ,
2469 5156 2844 5226 θαυμάζουσιν
2894 5161 3091 5212 αὐτόν·
3122 5159 3268 5213 οὕτω
3302 5163 3397 5214 καὶ
3449 5161 3543 5216 τὸν
3587 5161 3779 5218 Ἥλίαν
3811 5166 3864 5216 si

2287 5249 2384 5318 μέν
2409 5248 2505 5316 τῆς
2544 5248 2807 5310 Ἰουδαίας
2850 5250 3019 5319 χῆραι
3057 5249 3160 5304 οὐκ
3199 5251 3470 5317 ἐδέξαντο,
3505 5255 3540 5323 ἠ
3589 5253 3651 5308 δὲ
3677 5254 3858 5325 Σαρα-

2284 5338 2412 5407 φθία
2455 5338 2704 5404 ἐδέξατοο
2757 5339 2906 5392 καὶὸ
2973 5339 3278 5404 Ἐλισσαῖος
3326 5341 3420 5394 τὸν
3463 5341 3620 5409 ξένον
3666 5342 3867 5414 λεπρὸν

2284 5431 2574 5501 ἐκαθάρισε
2597 5471 2612 5496 ,
2664 5431 2849 5484 πίστιν
2900 5433 2977 5495 εἰς
3011 5434 3176 5487 αὐτὸν
3215 5432 3596 5505 ἐνδειξάμενον
3622 5450 3637 5463 ·
3669 5435 3721 5488 οί
3761 5437 3867 5504 γὰρ

2284 5526 2536 5597 συνήθεις
2593 5525 2688 5578 καὶ
2745 5525 3168 5595 συμπατριῶται
3217 5524 3385 5580 αὑτοῦ
3429 5527 3532 5579 οὐκ
3582 5527 3866 5581 ἐπίστευον

2282 5617 2460 5687 αὐτῷ,
2512 5621 2605 5669 καί
2649 5618 2735 5670 διὰ
2775 5616 2934 5670 τοῦτο
2982 5618 3084 5670 οὐκ
3117 5617 3592 5690 ἐκαθαρίσθησαν.
3638 5618 3867 5692 Ὁμοίως

2281 5704 2373 5761 οὖν
2432 5707 2583 5775 κάγὼ
2625 5707 2753 5777 ὑμῖν
2807 5709 2904 5776 μὲν
2935 5709 3048 5771 τοῖς
3093 5707 3436 5780 πατριώταις
3461 5709 3524 5764 οὺ
3547 5708 3697 5767 δοκῶ
3734 5709 3864 5764 θαυ-
