4038 6540
203 472 315 534 753

951 471 1398 531 ENARRATIO
1442 469 1518 527 1N
1564 467 2070 529 EVANGELIUM
2117 466 2358 527 LUCzE.
2385 489 2455 505 ·-
2483 463 2645 525 CAP.
2678 465 2772 525 ιν.

3411 459 3515 519 τω

209 584 445 654 μαστὸς,
469 584 605 638 ἀλλά
627 583 1086 655 καταφρονυῦμαι
1106 601 1119 615 ·
1153 585 1233 638 διὸ
1257 586 1378 638 οὐδέ
1413 587 1620 654 σημεῖα
1641 584 1808 639 ποιῶσ

1923 585 2292 654 implebantur
2320 582 2522 649 t‘iirore,
2557 582 2698 650 quod
2731 588 2945 650 oportet
2977 578 3264 644 admirari,
3294 587 3346 631 et
3375 593 3516 645 pam-

207 680 323 740 τοῖς
349 678 395 731 δ’
421 680 478 731 ἐν
516 678 894 746 Καπερναοὺμ
922 677 1097 730 δοκῶν
1123 678 1461 746 θαυμαστὸς,
1487 679 1580 730 καὶ
1606 681 1809 748 σημεῖα

209 771 352 824 ποιῶ
375 773 469 824 καὶ
500 769 689 832 δεκτὸς
717 771 902 831 αὐτοῖς
933 773 1070 840 είμι.
1107 770 1429 832 Ἀκούοντες
1457 771 1514 822 δὲ
1542 771 1717 823 ταῦτα
1747 774 1809 825 ἐν

206 867 274 934 τῇ
315 866 636 933 συναγωγῇ,
695 862 1031 932 ἐπληροῦντο
1060 863 1257 930 θυμοῦ,
1307 862 1427 916 δέον
1477 863 1806 932 θαυμάζειν,

209 956 309 1007 καὶ
359 954 666 1022 ἐπειρῶντο
721 953 1178 1024 κατακρημνίσαι
1220 954 1405 1006 αὐτόν.
1459 955 1600 1006 Ἀλλ’
1647 955 1810 1017 αὐτὸς

207 1047 439 1100 διελθὼν
488 1047 575 1100 διὰ
626 1047 792 1116 μέσου
837 1048 1040 1112 αὐτῶν,
1089 1046 1363 1117 ἐπορεύθη
1389 1062 1401 1076 ’
1435 1048 1497 1100 οὐ
1528 1049 1589 1101 τὸ
1617 1049 1810 1101 παθεῖν

207 1141 450 1209 φεύγων,
483 1140 621 1192 ἀλλὰ
646 1142 736 1192 τὸν
767 1141 958 1209 καιρὸν
990 1140 1298 1209 ἀναμένων.
1329 1141 1420 1203 Εἰς
1445 1140 1553 1209 γὰρ
1582 1139 1643 1192 τὸ
1669 1138 1809 1210 ὑπὲρ

206 1236 369 1304 ἡμῶν
405 1235 600 1287 παθεῖν
633 1233 895 1303 ἐλήλυθεν
919 1249 932 1260 ·
958 1233 1094 1285 ά).λά
1137 1232 1235 1285 νῦν
1262 1233 1438 1301 ἀρχὴν
1471 1232 1688 1300 ἔχοντος
1715 1228 1809 1282 τοῦ

207 1325 595 1397 κηρύγματος,
632 1327 733 1378 οὐκ
773 1325 879 1378 ἔδει
917 1324 1111 1377 ἑαυτὸν
1143 1324 1424 1377 ἐπιδοῦναι
1458 1324 1534 1394 τῷ
1566 1323 1806 1394 θανάτῳ,

204 1417 327 1471 ἀλλ’
396 1417 596 1481 ἱκανῶς
651 1416 976 1480 διδάξαντα,
1033 1415 1178 1468 οὕτω
1226 1415 1618 1484 τελειωθῆναιο
1664 1415 1809 1468 ὥστε

205 1513 271 1562 ἐκ
321 1507 514 1561 τούτου
564 1509 747 1576 δῆλον,
788 1509 866 1560 ὅτι
907 1508 967 1560 οὐ
995 1508 1040 1560 δ’
1070 1509 1201 1560 ὅταν
1253 1499 1606 1576 ἐσταυρώθη,
1658 1507 1810 1559 ἄκων

206 1598 562 1669 ἐσταυρώθη,
600 1598 717 1651 ἀλλ’
752 1597 892 1650 ἑκὼν
948 1601 1142 1652 ἑαυτὸν
1191 1598 1424 1663 ἐξέδωκε
1457 1599 1534 1666 τῷ
1566 1597 1806 1667 θανάτῳ.

211 1692 352 1745 Ἵσθι
382 1692 438 1744 δὲ
469 1693 550 1745 ὅτι
583 1673 781 1759 natm;
813 1693 919 1743 τῶν
946 1692 1244 1761 προφητῶν
1295 1693 1326 1761 ἠ
1372 1691 1643 1744 Ἰουδαίων
1672 1691 1807 1744 Σιν-

206 1784 426 1851 αγωγὴ,
479 1776 597 1855 ἐ.νῇ
641 1783 1006 1851 ἀτιμάζονται
1050 1785 1097 1834 οί
1147 1787 1466 1853 προφῆται·
1526 1782 1646 1835 οὐδὲ
1699 1783 1810 1852 γὰρ

203 1874 388 1926 δεκτοί
420 1875 592 1926 είτιν·
632 1875 790 1942 ἡμεῖς
826 1875 880 1925 δέ
914 1875 964 1925 οἱ
1015 1875 1286 1944 ἀλλότριοι
1342 1875 1644 1945 ἐδεξάμεθα
1686 1874 1810 1927 τού-

1917 681 2149 746 cipitare
2203 677 2566 734 conabantur.
2604 676 2671 728 At
2724 676 2837 744 ipse
2876 689 2973 742 per
3017 673 3248 726 medium
3299 671 3512 724 illorum

1918 774 2031 836 ivit,
2081 789 2183 826 non
2231 772 2447 840 quidem
2505 769 2814 839 passionem
2873 767 3104 827 fugiens.
3160 766 3253 820 sed
3298 773 3514 832 tempus

1914 876 2258 934 exspectans.
2288 864 2450 920 Venit
2477 860 2623 918 enim
2663 872 2721 914 ιιι
2749 876 2846 928 pro
2874 860 3030 913 nobis
3069 863 3346 927 pateretur
3417 859 3511 910 sed

1916 974 2059 1013 nunc
2089 960 2141 1012 in
2173 957 2576 1026 praedicationis
2610 955 2836 1010 exordio
2867 969 2970 1007 non
2996 953 3228 1007 debebat
3261 968 3320 1005 se
3347 951 3509 1004 morti

1914 1063 2189 1114 exponere
2220 1065 2232 1101 :
2264 1046 2359 1102 sed
2393 1057 2522 1100 tunc.
2548 1046 2711 1110 mori,
2741 1058 2864 1098 cum
2888 1039 3281 1098 sullicientihus
3309 1042 3514 1093 iloetri-

1915 1141 2002 1194 nis
2033 1157 2131 1194 nos
2166 1142 2462 1196 docuisset.
2491 1141 2557 1194 Et
2581 1142 2652 1194 ita
2673 1155 2738 1194 ex
2759 1138 2862 1192 hoc
2887 1126 3334 1191 manifestiim'est
3363 1135 3511 1204 quod

1916 1252 2090 1304 neque
2120 1251 2244 1290 cum
2273 1236 2707 1301 cruciﬁgeretur,
2747 1233 2949 1287 invitus
2973 1231 3043 1286 sit
3067 1229 3385 1291 cruciﬁxus,
3415 1228 3510 1282 sed

1913 1338 2108 1397 sponte
2137 1336 2363 1381 mortem
2395 1327 2611 1380 obieril.
2643 1325 2799 1379 Scias
2833 1333 3012 1378 autem
3043 1321 3184 1391 quod
3217 1320 3508 1389 proiiheta-

1915 1436 2032 1474 rum
2087 1419 2281 1487 patria,
2329 1419 2615 1489 Synagoga
2653 1416 2972 1472 Judieorum
3009 1427 3113 1478 est,
3153 1415 3207 1467 in
3236 1427 3342 1483 qua
3380 1427 3509 1481 prn-

1916 1514 2089 1583 pheta:
2135 1511 2495 1575 ilesiiicabiles
2551 1521 2701 1576 sunt,
2730 1519 2784 1564 et
2818 1526 2923 1563 non
2956 1508 3332 1577 suscipiuntur
3365 1523 3376 1559 :
3414 1520 3512 1558 nos

1914 1611 2095 1656 autem
2149 1601 2466 1671 alienigena:
2530 1603 2872 1670 suscepimus
2945 1600 3088 1654 illos.
3139 1596 3316 1653 Vidua
3365 1596 3511 1652 enim

1919 1694 2178 1757 Ecclesia,
2218 1694 2462 1761 inquam,
2500 1710 2622 1764 qua}
2655 1711 2718 1748 ex
2762 1695 3011 1764 gentibus
3039 1693 3289 1756 collecta,
3326 1705 3514 1744 susceo

1916 1789 1989 1854 pit
2049 1786 2242 1850 Etiam,
2300 1788 2399 1841 hoc
2441 1797 2523 1841 est
2573 1787 2948 1856 pr0pliciicnm
3002 1801 3334 1848 sermonem,
3389 1799 3512 1838 cum

1915 1886 2059 1930 esset
2075 1877 2246 1930 fames
2266 1875 2570 1944 spiritiialis
2588 1875 2726 1929 iacta
2745 1876 2795 1929 iii
2821 1874 2999 1929 Jiidica
3020 1893 3034 1938 ς
3055 1875 3245 1937 fames,
3263 1872 3514 1950 inquam,

203 1983 336 2030 τους
359 1983 372 1994 ·
405 1967 570 2038 ἡγὰρ
594 1934 827 2037 χέραξη
857 1968 916 2030 ἐξ
948 1967 1120 2019 ἐθνῶν
1164 1934 1465 2038 Ἐκκλησία
1497 1934 1662 2036 λέγω,
1695 1965 1810 2020 est-

1921 1970 2174 2024 audiendi
2207 1969 2656 2024 sermonem’Dei.
2681 1967 2755 2023 De
2783 1970 2884 2023 hac
2909 1983 3042 2024 sane
3060 1966 3223 2021 vidua
3251 1964 3515 2035 propheta

207 2058 338 2122 ξατο
382 2061 472 2112 τὸν
519 2061 730 2125 Ἠλίαν,
785 2060 1060 2125 τουτέστι,
1110 2061 1200 2114 τὸν
1236 2061 1582 2132 προφητικὸν
1629 2061 1810 2128 λόγον,

211 2149 379 2218 λιμοῦ
412 2154 707 2221 γενομένου
759 2154 950 2224 νοητοῦ
990 2156 1046 2205 ἐν
1081 2159 1149 2224 τῇ
1203 2156 1448 2222 Ἰουδαία,
1507 2153 1670 2225 λιμοῦ
1715 2152 1812 2206 τοῦ

207 2247 445 2300 ἀκοῦσαι
498 2247 655 2315 λόγον
703 2250 837 2301 Θεοῦ
868 2267 881 2280 ο
917 2252 1045 2318 περὶ
1093 2251 1297 2320 ταύτης
1331 2249 1388 2300 δὲ
1435 2248 1533 2317 τῆς
1579 2249 1754 2318 χήρας
1783 2248 1811 2299 ὁ

1918 2062 2049 2115 dicit
2090 2065 2230 2130 quod
2264 2062 2447 2128 plures
2479 2072 2604 2115 sunt
2639 2059 2733 2115 lilii
2767 2061 3016 2123 desertae,
3059 2075 3220 2128 quam
3254 2056 3518 2127 ejusqure

1919 2153 2081 2208 habet
2103 2155 2302 2208 virum.
2330 2154 2392 2206 Et
2419 2169 2632 2207 rursum
2657 2151 2782 2221 quia
2803 2151 3005 2210 sterilis
3031 2151 3238 2220 peperit
3266 2159 3472 2217 septem
3500 2162 3516 2200 :

1916 2256 1972 2299 et
1998 2261 2117 2314 quin
2154 2247 2351 2300 multos
2389 2247 2622 2300 habebat
2657 2245 2817 2309 filios,
2856 2244 3129 2298 inﬁrmata
3159 2251 3266 2298 est.

209 2340 500 2407 προφήτης
557 2341 745 2408 φησὶν,
784 2342 865 2394 ὅτι
916 2341 1086 2394 πολλὰ
1148 2344 1212 2392 τὰ
1290 2343 1453 2392 τέκνα
1499 2340 1597 2408 τῆς
1659 2340 1870 2410 ἐρήμου
1915 2337 2116 2409 μᾶλλον
2172 2339 2203 2409 ἢ
2275 2340 2375 2408 τῆς
2427 2337 2658 2408 ἐχούσης
2711 2335 2803 2388 τὸν
2854 2334 3049 2405 ἄνδρα·
3094 2332 3190 2387 καὶ
3235 2330 3399 2385 πάλιν
3439 2331 3542 2384 ὅτ..

210 2435 403 2500 στεῖρα
439 2434 623 2485 ἔτεκεν
665 2436 825 2498 ἑπτά,
870 2425 1028 2504 καιὴ
1069 2437 1236 2506 πολλὴ
1277 2438 1330 2486 ἐν
1373 2437 1588 2498 τέκνοις
1622 2435 1949 2505 ἠσθένησεν.

290 2543 309 2574 ι
362 2525 469 2576 Καὶ
504 2528 774 2594 κατῆλθεν
818 2533 896 2591 είς
935 2532 1337 2599 Καπερναουμ,
1389 2532 1546 2582 πόλιν
1582 2531 1674 2599 τῆς
1706 2531 1814 2584 Γαο

210 2617 456 2681 λιλαίας·
500 2623 595 2672 καὶ
624 2618 690 2692 ἦν
741 2624 1010 2676 διδάσκων
1052 2625 1249 2686 αὐτοὺς
1286 2627 1343 2675 ἐν
1372 2629 1484 2687 τοῖς
1532 2624 1805 2677 Σάὸϐασι·

211 2713 308 2762 καὶ
335 2711 737 2781 ἐξεπλήσσοντο
779 2718 868 2768 ὲτεί
902 2721 964 2786 τῇ
1002 2719 1191 2786 διδαγῇ
1236 2718 1423 2780 αὐτοῦ,
1454 2720 1534 2770 ὅτι
1564 2720 1621 2770 ἐν
1658 2718 1810 2783 ἐξου-

213 2801 306 2871 σία
338 2799 405 2872 ἦν
444 2805 472 2856 ό
504 2804 662 2870 λόγος
709 2807 898 2859 αὑτοῦ·
938 2809 1028 2860 καὶ
1065 2813 1121 2862 ἐν
1168 2813 1230 2878 τῇ
1281 2813 1581 2884 Συναγωγῇ
1615 2810 1682 2884 ἦν
1708 2815 1807 2869 ἄν·

215 2895 459 2963 θρωπος,
511 2899 650 2969 ἔχων
713 2902 928 2972 πνεῦμα
989 2904 1269 2971 δαιμονίου
1323 2907 1668 2976 ἀκαθάρτουο
1715 2910 1812 2963 καὶ

215 2988 491 3057 ἀνέκραξε
541 2995 693 3061 φωνῇ
757 2995 990 3064 μεγάλῃ,
1033 2995 1236 3063 λέγων·
1297 3001 1421 3062 Ἔα,
1453 2999 1506 3052 τί
1536 3001 1670 3069 ἡμῖν
1720 3000 1816 3054 καὶ

217 3083 326 3143 σοι,
378 3083 555 3151 Ἰησοῦ
606 3085 932 3156 Ναζαρηνὲ,
980 3085 1144 3158 ἦλθες
1179 3091 1442 3144 ἀπολέσαι
1479 3089 1818 3164 ἡμᾶςςοῐδά

214 3191 275 3225 σε
313 3175 398 3237 τίς
435 3172 517 3226 εἷ’
564 3176 621 3228 Ὀ
658 3179 810 3244 ἅγιος
837 3180 928 3232 τοῦ
950 3181 1104 3236 Θεοῦ.
1149 3184 1255 3235 Καὶ
1288 3185 1624 3253 ἐπετίμησεν
1660 3185 1812 3256 αύεῷ

210 3267 239 3316 ὁ
288 3267 524 3334 Ἰησοῦς,
577 3270 754 3335 λέγων
779 3285 793 3299 ’
837 3272 1122 3341 Φιμώθητι
1178 3275 1275 3327 καὶ
1305 3275 1486 3339 ἔξελθε
1514 3275 1570 3342 ἐξ
1597 3277 1765 3330 αὐτοῦ
1791 3293 1807 3310 ⁸

213 3358 314 3408 καὶ
348 3358 510 3426 ῥίψαν
551 3361 715 3413 αὑτὸν
745 3362 805 3414 τὸ
833 3362 1114 3432 δαιμόνιον
1151 3367 1234 3425 είς
1265 3367 1324 3418 τὸ
1363 3368 1546 3436 μέσον,
1586 3367 1816 3437 ἐξῆλθεν

214 3449 316 3502 ἀπ’
348 3451 540 3515 αὐτοῦ,
571 3454 738 3524 μηδὲν
770 3454 982 3526 βλάψαν
1005 3458 1191 3512 αὐτόν.
1220 3460 1328 3512 Καὶ
1361 3461 1580 3528 ἐγένετο
1606 3462 1816 3532 θάμδος

213 3543 314 3594 ἐπὶ
351 3542 562 3606 πάντας
586 3561 600 3573 °
637 3548 730 3599 καὶ
777 3549 1106 3601 συνελάλουν
1137 3551 1277 3619 πρὸς
1307 3552 1592 3620 ἀλλήλους,
1630 3553 1817 3621 λέγον-

212 3650 309 3696 τες
336 3649 352 3663 ·
391 3634 484 3686 Τίς
523 3636 549 3686 ό
576 3635 735 3702 λόγος
782 3630 960 3700 οὗτος,
993 3641 1074 3692 ὅτι
1107 3642 1164 3693 ἐν
1195 3642 1419 3713 ἐξουσίᾳ
1458 3645 1554 3696 καὶ
1585 3644 1816 3715 δυνάμει

213 3727 510 3780 ἐπιτάσσει
543 3732 655 3792 τοῖς
700 3731 1036 3802 ἀκαθάρτοις
1090 3734 1393 3805 πνεύμασι,
1429 3737 1522 3789 καὶ
1561 3736 1814 3808 ἐξέρχον-

210 3837 346 3882 ται;
399 3821 510 3874 Καὶ
563 3822 922 3893 ἐξεπορεύετο
948 3821 1084 3896 ἦχος
1131 3830 1261 3898 περὶ
1307 3829 1473 3882 αὐτοῦ
1513 3832 1594 3894 εἰς
1637 3832 1820 3889 πάντα

212 3912 388 3964 τόπον
419 3914 518 3980 τῆς
547 3915 884 3986 περιχώρου.
926 3936 944 3968 ι
998 3919 1219 3992 Ἐπειδὴ
1241 3922 1369 3984 τοὺς
1399 3922 1665 3988 ἀπίστους
1691 3923 1816 3978 οὔτε

210 4003 542 4058 διδασκαλία
572 4007 859 4074 ἐφέλκεται
886 4009 1023 4080 πρὸς
1041 4012 1247 4072 πίστιν,
1268 4013 1354 4065 διά
1384 4014 1544 4068 τοῦτο
1565 4019 1592 4068 ό
1611 4016 1819 4088 Κύριος

211 4097 318 4161 τάς
351 4098 802 4170 θαυματουργίας
829 4103 1120 4172 προσάγει.
1152 4101 1267 4159 οἷόν
1295 4124 1343 4159 τι
1371 4107 1817 4176 δραστικώτατον

211 4188 517 4256 φάρμακον
542 4203 554 4216 ⁸
583 4188 998 4261 θαυματουργεῖ
1031 4189 1124 4246 οὖν
1155 4197 1212 4247 ὲν
1251 4197 1664 4270 Καπερναούμο
1688 4204 1818 4258 ἀπι-

212 4278 476 4332 στότατοι
499 4277 608 4348 γάρ
628 4274 774 4333 οὗτοι
797 4283 891 4334 καὶ
913 4283 1127 4336 πολλῶν
1152 4285 1400 4354 δεόμενοι
1428 4291 1565 4359 πρὸς
1595 4291 1778 4347 πίστιν
1798 4311 1811 4325 ’

209 4371 345 4425 ἐπεὶ
387 4371 570 4425 τοίνυν
601 4372 842 4439 ἐδίδαξεν
876 4375 1102 4439 ἱκανῶς,
1142 4380 1237 4432 καὶ
1266 4381 1430 4434 τοῦτο
1460 4381 1535 4446 ὡς
1565 4384 1815 4450 ἐξουσίαν

209 4465 359 4536 ἔχων
397 4465 497 4526 (ού
533 4465 643 4536 γὰρ
673 4466 848 4533 ἔλεγε,
897 4469 1023 4524 τάδε
1076 4471 1228 4538 λέγει
1274 4474 1502 4544 Κύριος,
1552 4476 1668 4529 ἀλλ’
1700 4480 1811 4546 ἐγὼ

207 4549 364 4618 λέγω
397 4551 548 4619 ὑμῖν,
583 4552 667 4605 ὅτι
700 4555 836 4621 μηδὲ
869 4554 944 4618 ὡς
988 4552 1069 4619 εἷς
1101 4559 1210 4612 τῶν
1251 4563 1552 4633 προφητῶν
1579 4560 1669 4638 ἧν,
1698 4569 1814 4622 ἀλλ’

1999 2526 2165 2585 Vsus.
2196 2529 2391 2584 3l-37.
2434 2548 2451 2581 ι
2486 2527 2552 2582 Ει
2597 2527 2883 2583 descendit
2913 2527 2964 2582 in
2997 2526 3338 2595 Capernaum
3387 2524 3521 2578 civi.

1920 2630 2087 2676 tatem
2143 2623 2401 2687 Galiliem,
2461 2624 2642 2694 ibique
2685 2623 2912 2677 docebat
2962 2621 3081 2674 illos
3136 2618 3412 2674 Sabbiitis.
3461 2617 3520 2670 lit

1919 2719 2215 2785 stupebant
2243 2733 2408 2788 super
2441 2719 2688 2772 doctrina
2744 2717 2885 2786 ejus,
2926 2717 3048 2785 quia
3091 2729 3214 2769 cum
3250 2709 3522 2782 potestate

1920 2812 2247 2881 coiijunetus
2275 2823 2392 2866 erat
2424 2827 2605 2866 seruio
2635 2813 2825 2881 ipsius.
2864 2809 2927 2862 Et
2961 2810 3012 2862 iii
3044 2807 3207 2878 302
3234 2806 3518 2876 Synagoga

1919 2915 2037 2960 erat
2073 2905 2237 2958 homo
2295 2905 2504 2960 habens
2539 2905 2794 2974 spiritum
2832 2901 3095 2956 damonis
3145 2895 3433 2953 immuniti.
3470 2906 3522 2948 et

1917 2998 2242 3052 exclamavit
2294 3013 2429 3052 voce
2476 3014 2671 3066 magna
2716 2998 2945 3051 dicens:
2984 2994 3078 3047 Eia
3114 2992 3240 3062 quid
3289 2990 3384 3043 tibi
3425 3005 3521 3040 no-

1918 3092 2127 3145 biscum
2160 3101 2266 3156 est,
2307 3089 2435 3145 Jesu
2487 3090 2812 3146 Nazarene?
2859 3089 3054 3142 venisti
3086 3089 3152 3139 ad
3185 3085 3518 3156 perdendum

1923 3183 2059 3236 nos?
2091 3181 2219 3238 Scio
2249 3191 2300 3237 te
2324 3184 2416 3251 qui
2446 3184 2522 3237 sis
2552 3201 2564 3236 :
2603 3182 2836 3238 Sanctus
2863 3181 2938 3235 illi
2979 3181 3090 3233 Dei.
3127 3178 3189 3232 Et
3223 3176 3524 3246 increpavit

1841 3309 1885 3367 ο
1921 3277 2071 3329 ἱΙΙιιιιι
2100 3275 2260 3331 Jesus
2297 3294 2310 3330 :
2347 3276 2697 3340 Obmutesce,
2725 3285 2779 3328 et
2817 3273 2902 3328 cxi
2931 3271 2998 3326 ab
3033 3287 3119 3326 eo.
3152 3271 3215 3324 Et
3245 3284 3366 3323 eum
3395 3283 3522 3335 pro-

1917 3370 2140 3439 jecisset
2172 3369 2324 3423 illum
2384 3369 2714 3423 daamoniiim
2750 3369 2800 3420 in
2837 3367 3097 3429 medium,
3137 3364 3270 3418 exiit
3311 3363 3377 3416 ab
3407 3363 3522 3424 illo,

1924 3462 2169 3530 nihilque
2227 3461 2302 3515 illi
2367 3462 2572 3515 nocuit.
2633 3461 2698 3514 Et
2755 3461 2934 3515 iactus
2997 3471 3080 3514 est
3135 3474 3302 3529 pavor
3362 3474 3524 3527 super

1923 3569 2136 3614 omnes,
2167 3563 2217 3607 et
2247 3551 2707 3622 colloquebantur
2741 3553 2881 3606 inter
2908 3567 3050 3616 sese,
3081 3552 3325 3605 dicentes
3352 3567 3364 3601 :
3392 3550 3524 3615 Quis

1924 3659 2105 3699 sermo
2139 3644 2228 3698 hic
2279 3656 2384 3706 est,
2439 3644 2565 3711 quia
2611 3657 2732 3697 cuin
2793 3645 3119 3696 auctoritate
3149 3651 3201 3695 et
3253 3650 3525 3710 potestate

1932 3739 2162 3806 imperat
2189 3736 2485 3791 immundis
2510 3736 2814 3806 spiritibus,
2839 3743 3109 3790 etexeiint
3133 3735 3154 3787 ?
3181 3733 3242 3786 Et
3278 3735 3522 3803 divulga-

1924 3829 2242 3884 baturl‘aina
2270 3831 2337 3884 ile
2360 3830 2449 3883 illo
2470 3830 2522 3883 in
2551 3844 2770 3884 omnem
2803 3828 2983 3882 locum
3016 3828 3255 3896 undique
3279 3827 3524 3880 tinitiiiiie

1924 3924 2184 3993 regionis.
2213 3941 2231 3973 ι
2257 3921 2555 3990 Postquam
2585 3936 2759 3989 neque
2796 3922 2935 3974 ratio
2976 3936 3152 3990 neque
3177 3921 3423 3975 docti-ina
3456 3919 3523 3974 ad

1925 4015 2086 4069 fidem
2143 4015 2319 4080 rapuit
2369 4012 2700 4076 incredulos,
2742 4012 3002 4068 Dominus
3029 4013 3094 4067 ad
3131 4014 3516 4067 miraculorum

1922 4105 2295 4172 Operationem
2329 4118 2388 4157 se
2423 4106 2719 4166 convertit,
2759 4119 2854 4157 ceu
2890 4101 3325 4158 eiiicacissimuin
3352 4105 3520 4170 phar-

1925 4213 2159 4251 macum.
2220 4195 2478 4250 Miraciila
2533 4197 2697 4265 igitur
2746 4205 3005 4264 Operatur
3042 4197 3093 4249 in
3142 4199 3515 4264 Lapernaum.

1924 4288 2091 4343 Valde
2124 4288 2269 4341 eniin
2302 4287 2566 4341 increduli
2600 4297 2779 4351 erant,
2811 4299 2858 4342 et
2889 4289 3072 4342 miiliis
3094 4290 3159 4341 ad
3188 4291 3346 4341 tidem
3379 4289 3523 4342 indi-

1919 4386 2155 4452 gebant:
2183 4381 2390 4436 idcirco
2410 4392 2696 4450 postquam
2720 4383 2852 4436 satis
2871 4382 3078 4446 docuit,
3099 4391 3155 4437 et
3178 4383 3229 4436 id
3260 4392 3520 4452 tanquam

1923 4483 2197 4538 potestate
2249 4472 2515 4542 prmditus
2551 4473 2680 4541 (non
2731 4475 2878 4527 enim
2923 4473 3159 4536 dicebat,
3211 4473 3337 4528 lle
3390 4475 3524 4527 dicit

1921 4567 2206 4632 Dominus,
2253 4570 2372 4630 sed,
2421 4565 2535 4637 Ego
2589 4567 2711 4619 ilico
2741 4565 2891 4620 vobis
2921 4584 2932 4618 :
2965 4566 3091 4635 quia
3128 4582 3232 4620 non
3282 4583 3421 4620 unus
3455 4583 3523 4621 ex

206 4643 428 4712 ἀληθὴς
468 4643 602 4710 *Υίδς
637 4646 728 4698 τοῦ
761 4647 944 4713 Θεοῦ),
975 4649 1116 4717 μετά
1168 4653 1342 4708 ταῦτα
1391 4657 1592 4726 ἐπάγει
1630 4662 1812 4716 καὶτὸ

1922 4660 2200 4731 prophetis
2233 4667 2374 4720 erat.
2417 4661 2513 4712 sed
2551 4673 2674 4712 vere
2736 4657 2829 4711 Dei
2875 4656 3092 4728 Filius),
3131 4657 3313 4713 subdit
3353 4661 3521 4713 etiam

208 4735 432 4804 θαῦμα,
491 4741 585 4789 καὶ
639 4737 933 4810 θεραπεύει
983 4743 1077 4795 τὸν
1125 4744 1598 4820 δαιμονιζόμενον.
1665 4754 1723 4807 '0
1761 4755 1818 4808 δὲ

206 4829 433 4897 δαίμων
485 4830 752 4899 πρότερον
790 4835 1046 4903 ὁμολογεῖ
1075 4839 1173 4909 τὴν
1205 4840 1428 4912 ἔχθραν,
1487 4844 1575 4897 ἵνα
1605 4846 1637 4916 ὴ
1671 4863 1816 4919 μαρ-

206 4921 382 5009 τυρία
410 4920 732 4986 ἀξιόπιστος
765 4927 850 4995 είη
876 4944 889 4958 ·
928 4925 1050 4982 εἶτα
1106 4932 1304 4998 ἐπάγει
1337 4933 1436 5004 τὴν
1468 4939 1813 5009 μαρτυρίαν·

206 5008 350 5067 Οἷδά
364 5031 428 5066 σε
447 5014 528 5078 τίς
555 5015 621 5069 εἷ.
641 5018 701 5070 Ὀ
719 5019 872 5087 ἅγιος
895 5023 987 5074 τοῦ
1008 5023 1166 5082 Θεοῦ.
1188 5027 1463 5099 Πρότερον
1477 5025 1570 5083 οὖν
1591 5031 1820 5098 ἐγκαλεῖ

206 5105 389 5176 αὐτῷ·
420 5105 484 5158 Τί
507 5101 668 5178 ἦλθες
692 5104 794 5163 ῶδε
825 5115 1090 5168 ἀπολέσαι
1125 5118 1275 5186 ἡμᾶς
1296 5135 1310 5183 ;
1335 5115 1468 5173 Εἶτα
1501 5122 1815 5189 κολακεύει,

203 5197 392 5252 δοκῶν
425 5198 517 5252 τὸν
552 5201 760 5272 Κύριον
784 5204 888 5258 ὑπὸ
909 5211 1016 5274 τῆς
1050 5208 1344 5274 κολακείας
1381 5206 1814 5282 μαλακισθέντα,

204 5291 406 5348 ἐάσειν
465 5293 667 5346 αὐτόν’
725 5295 904 5360 οὕτως
972 5301 1270 5372 ἀνόητονή
1314 5305 1587 5375 πονηρίαο
1642 5307 1818 5362 dare

207 5384 452 5456 Κύριος.
491 5383 762 5440 διδάσκων
817 5391 987 5458 ἡμᾶς,
1026 5393 1114 5448 ἵνα
1148 5394 1223 5464 μὴ
1256 5395 1548 5467 χρῄζωμεν
1578 5402 1679 5470 τῆς
1710 5401 1818 5454 ἀπὸ

199 5476 322 5530 τῶν
381 5474 659 5545 δαιμόνων
719 5484 1030 5553 μαρτυρίας
1089 5484 1187 5538 καὶ
1243 5489 1584 5553 συστάσεως,
1645 5494 1814 5560 φησί·

202 5567 526 5638 Φιμώθητι,
584 5571 680 5622 καὶ
732 5573 914 5637 ἔξελθε
961 5576 1020 5639 ἐξ
1066 5578 1256 5634 αὐτοῦ.
1319 5582 1605 5651 Συγχωρεῖ
1649 5585 1816 5648 δὲτῷ

199 5659 435 5728 δαίμονι
494 5659 647 5731 ῥίψαι
694 5665 786 5717 τδν
830 5666 1144 5735 ἄνθρωπον,
1181 5670 1266 5724 ἵνα
1317 5673 1565 5742 μάθωσιν
1593 5677 1644 5729 οἱ
1677 5697 1817 5750 παρ-

201 5753 479 5818 εστῶτες,
510 5754 594 5806 ὅτι
640 5755 808 5820 ὅντως
865 5759 1141 5830 δαιμόνιον
1176 5762 1306 5835 εἶχε.
1351 5769 1622 5821 Κάκείνου
1657 5767 1815 5841 ἦντᾶ

205 5849 466 5919 ῥήματα,
493 5849 541 5899 εἰ
581 5850 675 5902 καὶ
703 5851 736 5920 ή
768 5852 991 5919 γλῶσσα
1032 5857 1128 5910 τοῦ
1178 5859 1474 5931 ἀνθρώπου
1507 5862 1775 5936 ὑπούργει
1798 5884 1810 5897 ·

203 5940 308 5996 καὶ
333 5939 408 6009 δὴ
442 5939 774 6000 συνελάλουν
808 5949 941 6016 πρὸς
979 5949 1244 6022 ἀλλήλους
1286 5953 1545 6021 ἅπαντες,
1603 5957 1814 6028 θαυμάυ

1926 4750 2280 4815 miraculum,
2315 4758 2367 4803 et
2401 4755 2560 4804 sanat
2597 4749 2867 4802 diemonio
2894 4749 3182 4818 agitatum.
3204 4748 3275 4801 At
3309 4747 3519 4803 daemon

1924 4845 2246 4900 inimicitias
2289 4844 2527 4913 primum
2587 4841 2813 4905 fatetur,
2854 4858 2962 4911 quo
2997 4844 3364 4897 testiinonium
3406 4843 3523 4912 ejus

1923 4938 2028 4992 tide
2060 4937 2277 5007 dignius
2309 4937 2417 4994 sit:
2447 4936 2571 4991 dein
2599 4936 2819 5003 subjicit
2846 4935 3222 4991 testiinonium
3249 4953 3262 4990 :
3289 4933 3416 4990 Scio
3446 4948 3517 5002 te,

1921 5031 2012 5100 qui
2063 5029 2163 5098 sis,
2231 5030 2468 5084 Sanctus
2522 5029 2611 5083 ille
2663 5029 2780 5083 Dei.
2843 5028 3004 5083 Prius
3063 5029 3227 5097 igitur
3269 5028 3520 5098 increpat

1923 5123 2072 5177 illum
2100 5139 2114 5177 :
2147 5121 2261 5177 Cur
2290 5121 2486 5176 venisti
2514 5121 2619 5176 huc
2649 5121 2880 5191 perdere
2915 5123 3059 5178 nos?
3091 5123 3286 5178 Postea
3325 5124 3523 5178 adula-

1925 5225 2032 5280 tur,
2061 5208 2392 5270 existimans
2418 5214 2706 5268 Dominum
2735 5216 3049 5271 adulatione
3078 5215 3308 5270 fractum
3341 5217 3521 5272 sinere

1923 5308 2073 5362 illum
2103 5324 2117 5360 :
2156 5318 2263 5361 tam
2288 5307 2452 5362 stulta
2489 5323 2576 5362 res
2612 5317 2695 5362 est
2729 5308 2967 5375 malitia;
3007 5309 3100 5363 sed
3130 5309 3395 5364 Dominus
3422 5311 3517 5364 do-

1922 5417 2051 5456 cens
2091 5415 2190 5455 nos
2221 5416 2286 5455 ne
2316 5410 2534 5456 utamur
2583 5402 2889 5457 diametrum
2945 5403 3274 5458 testimoniis
3306 5417 3360 5458 et
3390 5418 3517 5457 sen-

1923 5494 2109 5549 tentiis
2141 5512 2152 5546 :
2189 5492 2519 5550 Obmutesce
2545 5535 2559 5561 ,
2626 5495 2805 5566 inquit
2831 5535 2846 5561 ,
2884 5504 2938 5550 et
2975 5496 3237 5564 egredere
3285 5513 3349 5552 cx
3403 5497 3518 5550 illo.

1921 5584 2197 5641 Permittit
2248 5595 2426 5641 autem
2463 5587 2695 5641 daamoni
2731 5597 2785 5641 ut
2823 5591 3074 5657 projieiat
3120 5589 3418 5651 hominem,
3455 5601 3514 5643 ut

1920 5682 2197 5735 discerent
2226 5679 2646 5734 circumstantes
2681 5680 2829 5732 illum
2869 5696 2993 5734 vere
3020 5681 3270 5734 habuisse
3306 5683 3515 5733 ila-iuo-

1923 5772 2092 5837 nium,
2130 5772 2287 5841 cujus
2341 5781 2497 5824 erant
2543 5771 2730 5836 verba,
2788 5776 3000 5827 tametsi
3060 5773 3240 5843 lingua
3283 5775 3520 5828 hominis

1922 5863 2288 5919 ministraret.
2341 5862 2640 5931 Propterea
2698 5864 3146 5934 colloquebantiir
3200 5866 3343 5918 inter
3398 5881 3518 5917 sese

1919 5973 2111 6014 omnes
2143 5959 2479 6014 admirantes
2502 5957 2568 6013 de
2597 5957 2797 6013 talibus
2821 5956 2977 6012 factis
2996 5968 3046 6013 et
3076 5957 3353 6015 dicentes:
3386 5961 3518 6019 Quis
