4038 6558
232 462 344 531 757

245 710 390 777 Περὶ
430 705 537 773 τῆς
564 704 763 777 rimae
795 692 928 777 ⁸τῶν
959 696 1216 777 ἰχθύ-(ειν.¹
1252 690 1397 777 ῌερξ
1436 684 1837 777 τορᾼξεεξροῦ.

613 758 1050 844 ἔαρᾶλρτικόῧ.
1083 764 1221 844 ησρὶ
1250 758 1397 818 Ast)!
1416 759 1523 841 τρῦ
1551 758 1839 844 τεειρῢνου.

491 826 599 899 τοῦ
618 826 623 827 ί
643 826 863 916 Ἰῆσζοῦ-
898 826 1342 916 συνεσθζογτρς
1370 830 1498 896 τοῖς
1528 826 1839 916 celebrata

317 898 427 971 ἶιῖ
440 898 497 970 '21
502 898 1017 969 οιίτοῦκιωάνγου
1034 905 1295 978 μαθηταὶ
1317 898 1769 971 ⁷ινεηστιιύουσινκ
1789 898 1843 951 οι

320 988 391 1041 δὲ
420 986 531 1041 τοῦ
560 982 824 1053 Χριστοῦ
847 979 987 1049 οὐχί
1007 996 1026 1042 ;

331 1143 350 1175 ι
402 1120 658 1187 Ἐγένετο
681 1117 739 1170 δι
770 1118 829 1168 ιν
857 1113 935 1184 τῷ
979 1112 1070 1165 τὸν
1105 1109 1267 1181 ὄχλον
1320 1105 1634 1162 ἐπικεῖσθαι
1670 1100 1843 1170 αὐτῷ,

248 1214 348 1268 τοῦ
383 1212 608 1269 ἀκούειν
647 1208 739 1263 τὸν
762 1206 921 1275 λόγον
961 1203 1055 1258 τοῦ
1078 1200 1238 1262 Θεοῦ.
1270 1198 1368 1254 καὶ
1392 1197 1556 1260 αὐτὸς
1581 1188 1649 1265 ἦν
1676 1190 1848 1254 ἑστὼς

250 1305 407 1375 παρὰ
449 1300 547 1373 τὴν
589 1299 789 1370 λίμνην
828 1292 1197 1367 Γεννησαρέτ.
1234 1290 1347 1345 Kal
1396 1282 1504 1341 είδε
1540 1284 1634 1340 δύο
1687 1283 1848 1336 πλοῖα

252 1394 480 1451 ἑστῶτα
512 1390 665 1462 παρὰ
705 1391 805 1459 τὴν
854 1386 1053 1457 λίμνην
1080 1400 1092 1413 ·
1125 1384 1176 1437 oi
1205 1382 1262 1436 δὲ
1304 1381 1495 1445 ἁλιεῖς,
1540 1374 1848 1436 ἀποϐάντες

253 1487 354 1541 άπτ
398 1483 601 1548 αὐτῶν,
650 1479 968 1535 ἀπέπλυνον
1000 1477 1071 1532 τὰ
1112 1476 1338 1529 δίκτυα*
1394 1470 1569 1543 ἐμϐὰς
1599 1469 1655 1522 δὲ
1685 1468 1763 1530 είς
1791 1466 1849 1519 ἓν

248 1576 367 1630 τῶν
400 1572 601 1628 πλοίων
628 1570 658 1625 δ
681 1565 750 1640 ἦν
776 1568 873 1622 τοῦ
929 1568 1195 1638 Σίμωνος,
1230 1561 1520 1634 ἠρώτησεν
1553 1558 1718 1613 αὐτὸν
1742 1555 1850 1611 ἀπὸ

254 1667 363 1737 τῆς
395 1663 497 1735 γῆς
521 1660 895 1732 ἐπαναγαγεῖν
923 1656 1102 1725 ὀλίγον
1125 1674 1140 1688 υ
1164 1656 1260 1708 καὶ
1286 1652 1540 1716 καθίσας,
1570 1644 1851 1704 ἐδίδασκεν

254 1762 323 1813 ἐκ
355 1757 450 1811 τοῦ
482 1756 670 1810 πλοίου
698 1756 824 1816 τοὺς
881 1750 1093 1821 ὄχλους.
1138 1748 1226 1811 Ὣς
1253 1747 1310 1801 δι
1347 1746 1624 1799 ἐπαύσατο
1651 1741 1848 1806 λαλῶν,

254 1848 381 1905 εἷπε
410 1849 547 1921 πρὸς
566 1849 658 1902 τὸν
685 1848 909 1915 Σίμωνα
929 1860 942 1874 ·
961 1842 1323 1909 Ἐπανάγαγε
1348 1842 1427 1902 είς
1448 1838 1511 1893 τὸ
1540 1836 1725 1909 βάθος,
1758 1835 1851 1887 καὶ

254 1943 535 2015 χαλάσατε
569 1940 640 1995 τά
686 1938 880 1992 δίκτυα
912 1936 1068 2007 ὑμῶν
1102 1935 1182 1997 είς
1213 1933 1392 2003 ἄγραν
1416 1948 1429 1961 ·
1476 1930 1574 1987 καὶ
1619 1930 1851 1997 ἀποκρι-

255 2033 376 2095 θεὶς
406 2033 433 2083 ό
459 2029 662 2099 Σίμων,
696 2020 850 2081 εἶπεν
900 2025 1081 2095 αὐτῷ·
1124 2021 1447 2085 Ἐπιστάτα,
1483 2020 1551 2073 δι’
1585 2019 1713 2087 ὅλης
1750 2019 1850 2085 τῆς

255 2122 456 2185 νυκτὸς
519 2120 923 2183 κοπιάσαντες,
972 2116 1125 2173 οὐδὲν
1173 2114 1476 2184 ἐλάϐομεν,
1522 2113 1618 2174 ἐπὶ
1672 2110 1729 2164 δὲ
1774 2110 1851 2180 τῷ

260 2213 471 2287 ῥήματί
507 2230 599 2266 σου
635 2210 860 2283 χαλάσω
883 2208 943 2263 τὸ
965 2206 1201 2262 δίκτυον.
1236 2205 1349 2261 Kal
1401 2204 1559 2258 τοῦτο
1588 2205 1851 2271 ποιησαν-

255 2325 376 2370 τες,
416 2303 774 2360 συνέκλεισαν
814 2300 1016 2371 πλῆθος
1060 2298 1262 2371 ίχθύων
1292 2296 1446 2351 πολύ.
1485 2297 1853 2367 Διερῤήγνυτο

258 2393 317 2446 δὲ
349 2392 413 2445 τὸ
440 2391 655 2444 δίκτυον
695 2388 876 2444 αὐτῶν
900 2406 915 2422 ·
952 2389 1047 2443 καὶ
1092 2389 1432 2442 κατένευσαν
1462 2389 1573 2448 τοῖς
1604 2387 1852 2455 μετόχοις

258 2487 375 2548 τοῖς
400 2486 458 2538 ὲν
494 2483 570 2553 τῷ
596 2481 772 2553 ἑτέρῳ
830 2480 1022 2552 πλοίῳ,
1064 2480 1157 2532 τοῦ
1190 2478 1445 2541 ἐλθόντας
1491 2474 1852 2530 συλλαϐέσθαι

258 2578 448 2639 αὐτοῖς
468 2592 482 2608 ·
513 2577 605 2629 καὶ
638 2571 804 2645 ἦλθον
838 2575 934 2628 καὶ
976 2572 1221 2641 ἔπλησαν
1254 2572 1542 2640 ἀμφότερα
1566 2569 1636 2623 τὰ
1669 2569 1851 2637 πλοῖα,

256 2670 405 2724 ὥστε
428 2666 743 2740 βυθίζεσθαι
763 2665 923 2720 αὐτά.
945 2665 1095 2719 Ἰδὼν
1123 2664 1180 2718 δὲ
1210 2664 1397 2735 Σίμων
1418 2664 1643 2734 Πέτρος,
1680 2678 1853 2731 προσ·

264 2764 436 2817 ἔπεσι
484 2764 595 2825 τοῖς
640 2762 831 2830 γόνασι
879 2760 974 2812 τοῦ
1020 2758 1221 2828 Ἰησοῦ,
1259 2754 1464 2825 λέγων·
1506 2755 1731 2823 Ἔξελθε
1757 2755 1855 2811 ἀπ’

261 2849 428 2922 ἐμοῦ,
454 2851 706 2921 ὅτιάνὴρ
746 2847 1073 2921 ἁμαρτωλός
1103 2848 1243 2917 ειμι,
1276 2847 1448 2917 Κύριε
1468 2864 1480 2879 ο
1513 2846 1723 2917 θάμὸος
1747 2845 1856 2915 γὰρ

261 2961 333 2997 πε
346 2932 563 3016 ριίσχεν
595 2944 760 2997 αὑτὸν
794 2943 892 3005 καὶ
920 2942 1131 3004 πάντας
1162 2940 1290 3005 τοὺς
1327 2941 1424 2993 σὺν
1457 2938 1628 3011 αὐτῷ,
1663 2938 1757 2991 ἐπὶ
1791 2940 1855 3009 τῇ

260 3037 418 3106 ἄγρᾳ
442 3034 548 3089 τῶν
580 3034 802 3105 ίχθύων,
900 3031 1220 3087 συνέλαϐον.
1276 3030 1509 3102 Ὁμοίως
1535 3030 1591 3084 δὲ
1620 3031 1715 3084 καὶ
1750 3030 1858 3086 Ἰά-

265 3127 471 3191 κωϐον,
501 3129 596 3180 καὶ
638 3126 896 3196 Ἰωάννην
941 3127 1089 3189 υἱοὺς
1134 3122 1446 3189 Ζεϐεδαίου,
1490 3124 1538 3177 οἳ
1567 3118 1709 3195 ἦσαν
1742 3140 1858 3177 κοι-

265 3219 433 3273 νωνοὶ
462 3218 543 3290 τῷ
571 3218 781 3289 Σίμωνι
803 3235 817 3250 ·
857 3218 953 3271 καὶ
986 3213 1107 3270 εἷπε
1149 3217 1284 3287 πρὸς
1308 3217 1400 3270 τὸν
1436 3217 1657 3286 Σίμωνα
1684 3218 1715 3270 δ
1754 3217 1860 3287 Ἰη-

264 3311 421 3376 σοι’ῖις⁸
445 3312 535 3380 Μὴ
558 3310 746 3380 φοϐοῦ,
772 3312 881 3364 ἀπὸ
911 3310 1005 3363 τοῦ
1030 3308 1125 3362 νῦν
1144 3309 1464 3381 ἀνθρώπους
1482 3310 1580 3381 ἔσῃ
1598 3308 1862 3380 ζωγρῶν·

264 3407 369 3460 καὶ
420 3405 831 3474 καταγαγόντες
878 3404 948 3457 τά
982 3404 1144 3456 πλοῖα
1179 3404 1274 3456 ἐπὶ
1321 3404 1421 3474 τὴν
1452 3403 1578 3472 γῆν,
1636 3402 1883 3471 ἀφέντες,

265 3495 515 3562 ἅπαντα,
573 3492 950 3565 ἠκολούθησαν
979 3494 1149 3565 αὐτῷ.
1194 3513 1211 3547 ι
1240 3492 1435 3561 Φεύγει
1480 3493 1579 3563 μὲν
1609 3495 1636 3545 ὁ
1661 3491 1867 3559 Κύριος

264 3590 375 3659 τὴν
404 3588 585 3655 δόξαν,
611 3590 643 3659 η
678 3588 733 3641 δὲ
778 3588 921 3651 τόσῳ
956 3588 1157 3658 μᾶλλον
1180 3586 1511 3641 καταδιώκει
1541 3581 1725 3639 αὖτόνζ
1759 3583 1866 3638 Τοῦ

265 3684 408 3754 γοῦν
431 3683 590 3754 δχλου
622 3683 999 3751 ἐπικειμένου,
1029 3683 1110 3747 εἰς
1132 3681 1195 3735 τὸ
1222 3680 1403 3735 πλοῖον
1433 3681 1742 3753 εἰσέρχεται
1761 3678 1868 3742 ’ὡς

265 3775 341 3830 ἂν
368 3774 479 3828 άπδ
500 3773 595 3827 τοῦ
620 3774 830 3839 πλοίου,
860 3773 1084 3844 διδάσκῃ
1112 3774 1239 3835 τοὺς
1265 3775 1322 3827 ὲν
1354 3772 1429 3845 τῷ
1453 3770 1689 3843 αίγιαλῷ
1724 3772 1871 3824 ῖσταο

270 3864 501 3938 μένους,
544 3865 767 3918 πάντων
816 3866 961 3919 κατὰ
996 3866 1291 3935 πρόσωπον
1330 3862 1499 3918 αὑτοῦ
1543 3864 1738 3927 δντων,
1772 3863 1871 3916 καὶ

268 3958 509 4030 μηδενὸς
538 3958 782 4023 ἐλθόντος
816 3960 959 4012 κατὰ
994 3957 1188 4012 νώτου.
1210 3958 1369 4012 Ἐπεὶ
1395 3958 1455 4011 δὲ
1480 3958 1570 4010 τὸν
1591 3956 1749 4027 ὄχλον
1773 3956 1873 4009 est.

262 4049 439 4116 δαξεν
479 4051 543 4103 ὲκ
575 4050 669 4103 τοῦ
703 4049 915 4109 πλοίου,
947 4050 1049 4102 οὐκ
1102 4049 1337 4119 ἄμισθον
1393 4048 1588 4118 ἀφίησι
1639 4047 1733 4101 τὸν
1773 4046 1869 4101 τοῦ

269 4140 473 4193 πλοίου
504 4140 797 4211 δεσπότην,
829 4138 968 4193 ἀλλὰ
994 4138 1197 4202 διπλῶς
1238 4138 1402 4193 αὐτὸν
1434 4138 1749 4207 εὐεργετεῖ*
1786 4138 1873 4191 ὅτι

268 4249 336 4284 τε
371 4230 573 4302 ίχθύων
603 4230 809 4303 πλῆθος
848 4230 997 4301 αὺτῷ
1035 4232 1352 4302 ἐχαρίσατο,
1387 4234 1481 4286 καὶ
1504 4232 1588 4285 ὅτι
1619 4232 1871 4303 μαθητὴν

264 4321 459 4396 αὑτοῦ,
478 4326 793 4396 ἐποιήσατο.
820 4322 1118 4393 Θαύμασον
1147 4323 1204 4375 δὲ
1232 4324 1327 4377 τοῦ
1360 4324 1567 4394 Κυρίου
1598 4324 1696 4395 τὴν
1723 4326 1875 4379 οἱκο-

263 4415 498 4486 νομίαν,
531 4416 649 4478 πῶς
672 4415 906 4469 ἕκαστον
937 4416 1025 4470 διά
1052 4415 1163 4470 τῶν
1193 4417 1409 4470 οἰκείων
1430 4417 1527 4470 καὶ
1553 4419 1873 4488 συντρόφων

262 4508 603 4579 ἐφέλκεται·
649 4508 724 4570 ὡς
758 4507 869 4578 γὰρ
910 4508 1037 4569 τοὺς
1094 4507 1305 4578 μάγους
1340 4507 1428 4560 διὰ
1471 4508 1566 4559 τοῦ
1619 4508 1868 4580 ἀστέρος,

984 444 1428 513 ENABRATIO
1468 440 1551 503 IN
1585 432 2087 503 EVANGELIUM
2119 429 2362 496 ωειεε.
2393 453 2460 467 --
2487 428 2647 491 CAP.
2676 425 2746 485 V.

844 562 1077 619 KEOAA
1131 559 1209 617 E‘.
1863 548 1917 610 Α

3435 416 3544 483 758

2560 535 2797 598 CAPUT
2846 534 2910 589 V.

1944 684 2023 739 De
2052 691 2273 749 captura
2320 680 2565 749 piscium.
2620 674 2947 749 Deleproso.
2988 666 3064 721 De
3102 664 3433 749 perafgtico.
3468 666 3543 719 De

2020 738 2143 810 ιέιέί
2190 738 2493 821 publicano.
2514 738 2845 821 ,οε-,ωενὶὰο
2873 758 2993 821 sunt
3022 738 3348 821 publicanis.
3370 751 3547 821 come:

2017 805 2203 880 ἱῐέιὶἑο]
2242 821 2352 875 Cur
2388 818 2638 887 discipuli
2685 814 2919 871 Joannis
2955 805 3246 882 jejunum,
3291 805 3541 876 discipuli

2018 912 2137 950 vero
2163 892 2364 949 Christi
2408 906 2511 944 non
2529 888 2555 942 7

2019 1098 2186 1154 Vsus.
2219 1095 2368 1150 l-ll.
2419 1112 2437 1145 ι
2474 1090 2703 1147 Factum
2742 1096 2829 1143 est
2870 1094 3058 1142 autem
3091 1097 3215 1139 cum
3254 1081 3409 1136 turba
3441 1080 3548 1134 im-

1952 1193 2184 1247 mineret
2222 1191 2271 1245 ei
2318 1197 2377 1242 ut
2408 1186 2620 1240 audiret
2658 1184 2881 1241 verbum
2913 1180 3029 1245 Dei,
3080 1186 3137 1233 et
3190 1176 3312 1245 ipse
3368 1171 3549 1231 stabat

1942 1284 2098 1351 juua
2150 1292 2402 1351 stagnum
2452 1274 2813 1333 Geuczaretb.
2870 1273 2936 1347 Et
2993 1270 3129 1324 vidit
3180 1269 3316 1324 duas
3383 1278 3551 1321 naves

1950 1386 2163 1433 stantes
2221 1374 2287 1426 ad
2363 1380 2614 1442 stagnum
2662 1386 2677 1423 :
2721 1367 3023 1436 piscatores
3064 1371 3252 1430 autem
3316 1360 3552 1416 descen-

1952 1475 2229 1523 derantex
2262 1464 2389 1529 illis,
2417 1473 2468 1518 et
2510 1461 2805 1516 abluebant
2844 1458 3002 1513 retia.
3040 1455 3327 1526 Ingressus
3368 1460 3552 1507 autem

1954 1562 2008 1617 in
2041 1575 2203 1615 unam
2238 1558 2416 1611 navim
2456 1568 2579 1627 quas
2614 1562 2734 1609 erat
2785 1549 3050 1612 Simonis.
3091 1546 3297 1619 rogavit
3332 1559 3456 1600 eum
3495 1552 3556 1598 rt

1954 1670 1981 1705 ει
2016 1663 2159 1707 terra
2201 1651 2499 1705 abduceret
2538 1648 2791 1719 pusillum
2817 1684 2833 1707 .
2869 1655 2923 1700 et
2967 1642 3169 1699 sedens
3218 1638 3452 1696 docebat
3488 1637 3558 1690 r'e

1956 1744 2079 1799 navi
2113 1745 2321 1798 turbas.
2373 1740 2444 1796 Ut
2476 1742 2713 1796 cessavit
2760 1749 2944 1793 autem
2975 1735 3150 1806 loqui,
3190 1733 3324 1787 dixit
3357 1730 3422 1785 ad
3471 1729 3558 1785 Si-

1957 1850 2219 1891 monem:
2272 1832 2385 1887 Due
2418 1833 2472 1887 in
2520 1831 2688 1885 altum
2713 1868 2730 1896 ,
2771 1836 2826 1887 et
2868 1826 3053 1882 laxate
3088 1824 3229 1881 retia
3271 1831 3457 1877 vestra
3502 1819 3557 1873 in

1958 1936 2261 2003 eapturam.
2298 1922 2362 1978 Et
2409 1924 2742 1993 respondens
2790 1919 3004 1987 Simon,
3056 1916 3196 1972 dixit
3243 1914 3321 1969 illi
3361 1936 3371 1969 :
3417 1911 3559 1967 Pra-

1959 2031 2173 2091 ccptor,
2218 2034 2314 2087 per
2362 2027 2533 2072 totam
2586 2025 2799 2071 noctem
2846 2012 3158 2087 laborantes
3207 2005 3375 2083 304
3425 2003 3559 2060 nihil

1960 2114 2225 2184 cepimus,
2271 2122 2452 2165 tamen
2488 2119 2581 2163 tuo
2608 2106 2765 2177 jussu
2810 2104 3007 2159 laxabo
3036 2109 3174 2157 rete.
3201 2098 3269 2154 Et
3300 2113 3425 2153 cum
3456 2097 3562 2153 hoc

1962 2208 2245 2270 fecissent,
2298 2203 2686 2259 com-luserunt
2733 2199 2966 2270 piscium
3016 2191 3424 2279 multitudinem
3468 2204 3561 2245 co-

1960 2302 2191 2371 piosam.
2240 2298 2615 2367 Rumpabatur
2657 2302 2838 2351 autem
2882 2300 2998 2347 rete
3030 2302 3245 2345 eorum.
3279 2283 3347 2342 Et
3384 2298 3564 2340 annu-

1960 2402 2124 2451 erunt
2153 2392 2321 2449 sociis
2348 2390 2441 2461 qui
2474 2398 2632 2444 erant
2663 2389 2717 2444 in
2754 2386 2927 2441 altera
2956 2381 3106 2447 navi,
3141 2387 3201 2435 ut
3229 2378 3482 2434 venirent
3506 2385 3564 2431 et

1962 2490 2287 2556 adjuvarent
2328 2485 2511 2555 ipsos.“
2544 2482 2614 2538 Et
2661 2488 2954 2544 venerunt,
3000 2486 3163 2547 atque
3196 2471 3564 2544 impleverunt

1964 2579 2154 2635 anibas
2186 2592 2379 2643 naves,
2417 2577 2491 2632 ita
2522 2584 2582 2631 ut
2612 2581 3013 2646 mergerentur.
3043 2566 3202 2637 Quod
3245 2580 3385 2622 cum.
3410 2563 3563 2619 vidc-

1965 2683 2045 2727 ret
2072 2672 2262 2728 Simon
2298 2670 2493 2726 Petrus
2516 2709 2534 2736 ,
2566 2666 2764 2724 accidit
2801 2663 2869 2722 ad
2900 2679 3078 2736 genua
3128 2661 3284 2723 Jesu,
3320 2658 3513 2716 dicens
3543 2673 3559 2712 :

1966 2764 2193 2821 Discede
2238 2778 2267 2818 a
2304 2778 2414 2829 me,
2464 2760 2727 2825 Domine,
2763 2760 2892 2830 quia
2923 2757 3087 2813 homo
3120 2761 3377 2827 peccator
3418 2766 3563 2809 sum.

1967 2858 2173 2929 Stupor
2206 2858 2359 2912 enim
2404 2854 2846 2912 circumdederat
2896 2866 3020 2906 eum
3047 2889 3063 2915 ,
3118 2857 3175 2904 et
3220 2860 3415 2903 omnes
3471 2844 3563 2915 qui

1966 2966 2089 3007 cum
2114 2950 2207 3005 illo
2234 2948 2473 3015 fuerant,
2503 2961 2667 3018 super
2698 2953 2923 3016 captura
2957 2941 3189 3013 piscium
3222 2955 3385 3011 quam
3417 2938 3559 2995 fec“—

1966 3054 2133 3099 raut:
2170 3041 2425 3100 similiter
2465 3051 2649 3097 autem
2701 3036 2965 3093 Iacobum
2998 3043 3052 3089 et
3098 3032 3366 3089 Joannem
3421 3032 3563 3089 illius

1968 3136 2238 3199 Zebedasi,
2274 3136 2368 3205 qui
2398 3143 2553 3190 erant
2583 3131 2718 3189 socii
2744 3128 2978 3185 Simoni.
2996 3127 3061 3184 Et
3098 3126 3176 3182 ait
3195 3129 3260 3181 ad
3286 3124 3567 3181 Simonem

1966 3229 2128 3286 Jesus
2176 3249 2189 3285 :
2234 3228 2311 3283 Ne
2356 3237 2601 3290 metuas.
2662 3223 2893 3294 posthac
2948 3221 3201 3277 homines
3250 3220 3457 3289 capies.
3501 3216 3569 3272 Et

1968 3319 2252 3379 subductis
2303 3319 2359 3375 in
2397 3327 2599 3373 terram
2646 3313 2903 3377 navibus,
2946 3310 3153 3371 relictis
3193 3310 3449 3365 omnibus
3483 3324 3573 3364 sc-

1968 3417 2078 3472 cuti
2110 3424 2239 3471 sunt
2267 3428 2415 3470 eum.
2457 3432 2475 3463 ι
2508 3408 2669 3480 Fugit
2701 3406 2969 3463 Dominus
2999 3404 3251 3475 gloriam,
3289 3417 3412 3472 qum
3443 3417 3568 3454 eum

1971 3511 2039 3565 ob
2083 3509 2186 3563 bne
2235 3506 2407 3577 magis
2441 3502 2795 3575 sequebatur.
2841 3498 3012 3569 igitur
3042 3507 3274 3566 urgente
3321 3494 3478 3548 turba
3516 3494 3569 3546 in

1971 3599 2154 3655 navim
2193 3595 2521 3666 ingreditur,
2572 3602 2629 3646 ut
2674 3588 2820 3645 vela
2872 3602 3010 3643 nave
3058 3587 3253 3641 doceat
3298 3586 3352 3639 in
3388 3584 3571 3639 littore

1972 3699 2203 3751 stantes,
2232 3686 2490 3741 omnibus
2515 3699 2547 3741 e
2571 3682 2791 3752 regione
2829 3678 3298 3750 comparantibus,
3333 3686 3388 3732 et
3423 3678 3570 3731 nullo

1973 3798 2001 3835 a
2037 3794 2188 3850 tergo
2227 3780 2496 3834 veniente.
2540 3775 2840 3846 Postquam
2890 3756 3072 3827 autem
3120 3773 3337 3825 turbam
3369 3785 3398 3822 a
3444 3770 3570 3824 navi

1973 3875 2175 3936 docuit,
2203 3872 2483 3926 dominum
2512 3870 2667 3925 navis
2695 3883 2802 3923 non
2825 3866 3051 3936 reliquit
3080 3864 3572 3932 irremuneralum,

1973 3967 2067 4023 sed
2122 3962 2375 4020 bifariam
2428 3962 2477 4017 ei
2532 3959 2824 4027 benel’eeit,
2872 3960 2998 4030 quia
3052 3967 3110 4013 et
3162 3956 3571 4012 multitudinem

1974 4059 2202 4128 piscium
2237 4058 2286 4113 ei
2331 4055 2577 4122 donavit,
2615 4064 2669 4109 et
2713 4053 3040 4122 discipulum
3078 4066 3237 4104 suum
3275 4048 3426 4105 fecit.
3460 4046 3575 4103 Ad-

1974 4152 2177 4205 mirare
2210 4159 2391 4204 autem
2420 4147 2633 4203 Domini
2661 4145 3147 4217 dispensationem,
3177 4142 3452 4217 quomodo
3478 4157 3576 4211 per

1976 4241 2196 4312 propria
2241 4252 2296 4296 et
2331 4239 2624 4295 familiaria
2661 4252 2761 4295 sua
2808 4252 3084 4309 quemque
3122 4237 3353 4291 attrahit
3389 4235 3577 4291 :sient

1979 4349 2168 4405 magos
2207 4349 2303 4401 per
2352 4331 2588 4397 stellam,
2640 4330 2713 4386 ita
2763 4340 2818 4385 et
2866 4329 3171 4400 piscatores
3226 4342 3325 4397 per
3372 4326 3576 4397 pisces.

1974 4422 2147 4477 Porro
2171 4420 2375 4478 Christi
2407 4419 2884 4476 mansuetudinem
2924 4419 3069 4485 vide,
3099 4418 3373 4486 quomodo
3417 4417 3579 4474 obse-

1976 4525 2091 4571 cret
2122 4514 2341 4569 l’etrum
2368 4525 2425 4568 ut
2452 4529 2481 4567 a
2510 4524 2653 4569 terra
2677 4512 2914 4567 abducat
2939 4527 2954 4564 :
2984 4509 3196 4581 rogavit
3223 4509 3396 4576 enim,
3431 4509 3572 4565 idem

262 4600 427 4657 οὕτω
457 4602 549 4654 καὶ
579 4603 706 4664 τοὺς
762 4600 932 4663 ἁλιεῖς
967 4600 1054 4653 διὰ
1084 4602 1192 4653 τῶν
1246 4601 1466 4677 ἰχθύων.
1511 4601 1656 4671 Ὅρα
1683 4603 1741 4656 δὲ
1773 4600 1861 4655 τοῦ

1979 4618 2063 4662 est
2088 4607 2231 4675 quod
2258 4605 2564 4661 obsecravit
2592 4621 2605 4657 ε
2644 4605 2737 4658 sed
2766 4614 2821 4659 et
2850 4604 3123 4672 quomodo
3170 4602 3370 4659 Petrus
3402 4603 3574 4658 mori-

261 4693 525 4767 Χριστοῦ
550 4694 649 4764 τὴν
678 4692 1007 4755 ἐπιείκειαν,
1039 4693 1157 4756 πῶς
1194 4697 1504 4763 παρακαλεῖ
1534 4696 1625 4747 τὸν
1666 4695 1873 4765 Πέτρον

259 4787 388 4843 ἀπὸ
412 4785 514 4855 τῆς
557 4786 659 4855 γῆς
692 4787 1065 4856 ἐπαναγαγεῖν
1087 4802 1099 4815 ⁸
1130 4787 1192 4839 τὸ
1237 4788 1369 4857 γὰρ,
1398 4786 1707 4858 ἠρώτησεν,
1751 4787 1875 4841 ἀντὶ

256 4880 396 4943 τοῦ,
435 4879 781 4949 παρεκάλεσε
830 4880 960 4932 νόει·
1013 4878 1149 4932 ἀλλὰ
1198 4880 1294 4931 καὶ
1323 4882 1350 4933 ὁ
1382 4880 1619 4950 Πέτρος,
1656 4880 1773 4943 πῶς
1802 4877 1873 4951 ἦν

256 4972 565 5041 εὐπειθὴς,
602 4972 743 5025 ὥστε
782 4973 1093 5043 ἄνθρωπον,
1132 4972 1189 5024 ὃν
1214 4974 1313 5024 οὐκ
1339 4972 1476 5043 ᾔδει,
1503 4972 1872 5037 ὑποδέξασθαί

258 5084 323 5120 τε
356 5065 449 5126 είς
480 5063 542 5116 τὸ
570 5065 752 5117 πλοῖον
782 5063 970 5128 αὑτοῦ,
1014 5065 1111 5117 καὶ
1144 5064 1321 5116 πάντα
1346 5062 1513 5117 αὑτοῦ
1540 5064 1869 5117 ύπακούεινι

255 5158 355 5223 ὼς·
378 5155 494 5227 γάρ
542 5151 698 5209 εἶπεν
734 5156 885 5223 αὐτῷ
938 5158 1311 5224 ἐπαναγαγεῖν
1344 5158 1422 5219 εἰς
1453 5156 1514 5209 τὸ
1544 5156 1726 5227 βάθος,
1773 5156 1875 5211 οὐκ

255 5249 757 5319 ἀπεδυσπέτησεν,
802 5249 913 5300 οὐδ’
947 5244 1091 5311 εἷπε,
1128 5249 1209 5300 Δι’
1242 5250 1370 5318 ὅλης
1403 5253 1501 5317 τῆς
1552 5253 1746 5314 νυκτὸς
1778 5267 1873 5305 κο-

260 5344 488 5406 πιάσας
523 5342 618 5395 καὶ
672 5342 839 5413 μηδὲν
887 5343 1178 5412 κερδάνας,
1217 5342 1313 5395 νῦν
1362 5344 1448 5396 σοὶ
1482 5346 1872 5415 πεισθήσομαι,

259 5440 363 5492 real
400 5434 679 5505 δευτέροις
718 5436 904 5497 πόνοις
945 5436 1182 5505 ἐμαυτὸν
1212 5436 1498 5502 ambubaia;
1535 5437 1702 5490 Οὐδὲν
1747 5439 1872 5491 τού·

259 5546 379 5586 των
419 5524 593 5593 εἶπεν,
626 5526 763 5581 ἀλλὰ
805 5528 1030 5596 μᾶλλον,
1049 5529 1173 5584 Ἐπὶ
1195 5529 1273 5599 τῷ
1306 5531 1511 5600 ῥήματί
1537 5547 1630 5583 σου
1650 5532 1874 5601 χαλάσω

260 5622 323 5675 εδ
360 5618 625 5673 δίκτυον·
666 5617 841 5680 οὕτως
884 5616 953 5691 ἦν
985 5620 1083 5691 τὴν
1138 5622 1325 5673 πίστιν
1371 5622 1573 5692 θερμὸς
1622 5626 1716 5676 καὶ
1769 5624 1875 5692 πρὸ

262 5714 370 5783 τῆς
413 5709 693 5773 πίστεως’
730 5711 853 5764 ὅθεν
886 5713 979 5766 καὶ
1006 5713 1295 5777 τοσούτους
1329 5714 1520 5783 ἰχθύας
1558 5715 1875 5785 σύλλαμὸά-

263 5824 375 5871 ιιι,
410 5802 561 5858 ὥστε
594 5802 673 5874 μὴ
719 5802 1022 5874 δυνάμενος
1073 5806 1295 5871 τούτους
1352 5807 1602 5869 ἑλκύσαι,
1635 5810 1730 5861 καὶ⁹
1760 5811 1873 5873 τοῖς

262 5897 537 5967 μετόχοις
569 5896 739 5960 νεύει,
778 5900 1047 5959 τουτέστι,
1090 5902 1201 5963 τοῖς
1252 5904 1529 5966 κοινωνοῖς
1574 5904 1686 5965 τοῖς
1714 5903 1771 5955 ἐν
1795 5903 1873 5967 τῷ

1977 4714 2139 4769 gerus
2173 4700 2356 4763 fuerit,
2396 4699 2467 4752 ita
2502 4707 2560 4752 ut
2597 4698 2873 4753 hominem
2903 4710 3066 4766 quem
3100 4712 3208 4751 non
3246 4696 3480 4763 viderat,
3517 4699 3574 4756 in

1978 4793 2157 4845 navim
2193 4806 2348 4846 suam
2381 4790 2706 4859 susceperit,
2738 4797 2792 4843 et
2820 4790 2869 4844 ei
2911 4790 2965 4843 in
2995 4788 3252 4844 omnibus
3284 4788 3575 4847 obedierit.

1976 4880 2109 4936 Nam
2140 4889 2198 4935 ut
2224 4882 2361 4936 dixit
2401 4881 2448 4935 ei
2473 4859 2621 4949 quod
2649 4882 2945 4936 abduceret
2979 4881 3032 4935 in
3084 4879 3437 4950 profundum,
3462 4895 3573 4939 non

1976 4975 2185 5040 abnuit,
2221 4990 2397 5045 neque
2429 4974 2587 5037 dixit,
2638 4973 2741 5029 Per
2771 4984 2935 5029 totam
2970 4986 3187 5029 noctem
3220 4974 3487 5042 laboravi,
3520 4985 3580 5033 et

1978 5066 2109 5120 nihil
2141 5078 2468 5119 consecutus
2500 5080 2661 5130 sum;
2726 5081 2875 5119 nunc
2912 5064 3005 5119 tibi
3045 5079 3318 5132 parerem,
3354 5076 3409 5119 et
3450 5064 3576 5123 aliis

1977 5156 2287 5228 fatigandus
2314 5157 2595 5211 laboribus
2632 5157 3041 5212 incumberent?
3076 5156 3175 5211 sed
3201 5157 3297 5222 ait,
3326 5154 3384 5210 lu
3409 5154 3577 5213 verbo

1980 5258 2070 5304 tuo
2127 5248 2324 5303 laxabo
2384 5258 2522 5303 rete.
2576 5248 2727 5326 Adeo
2784 5248 3031 5305 fervebat
3077 5250 3183 5306 fide
3228 5250 3395 5306 etiam
3447 5261 3577 5309 ante

1979 5342 2138 5399 fidem
2176 5359 2191 5397 :
2227 5342 2368 5398 unde
2394 5353 2450 5398 et
2480 5352 2660 5397 tantos
2695 5343 2871 5412 pisces
2897 5344 3333 5413 comprehendit,
3367 5353 3426 5399 ut
3453 5344 3576 5399 illos

1980 5450 2086 5490 non
2136 5435 2375 5504 potuerit
2429 5437 2671 5501 trahere,
2702 5446 2757 5489 et
2802 5437 3061 5491 annnnerit
3095 5436 3286 5498 sociis,
3333 5436 3435 5490 hoc
3492 5445 3577 5489 est

1978 5529 2334 5598 participibus
2359 5529 2413 5582 in
2443 5528 2544 5582 alia
2569 5527 2864 5582 navi.Nutu
2888 5536 3069 5583 autem
3101 5529 3222 5584 illos
3246 5538 3425 5591 vocat,
3446 5528 3574 5595 quia

1978 5627 2204 5690 propter
2240 5629 2518 5690 stuporem
2573 5635 2829 5689 magnum
2880 5621 3029 5689 loqui
3072 5620 3350 5690 nequibat.
3402 5619 3573 5674 Porro

1980 5713 2147 5766 inulta
2181 5712 2487 5768 reverentia
2514 5712 2712 5767 Petrus
2753 5721 2907 5782 rogat
2935 5708 3119 5768 Jesum
3157 5723 3214 5767 ut
3245 5711 3368 5766 navi
3406 5726 3572 5765 exce-

1980 5808 2089 5871 dat,
2124 5814 2465 5877 peceatorem
2500 5805 2739 5873 seipsum
2773 5804 2983 5869 dicens,
3025 5814 3080 5859 et
3112 5804 3395 5873 indignum
3428 5802 3573 5859 illius

1980 5901 2415 5959 conversatione.
2457 5898 2582 5956 [Lee
2609 5902 2777 5955 etiam
2812 5915 2907 5971 per
2942 5900 3261 5971 anagogiam
3302 5900 3347 5957 si
3376 5901 3458 5955 vis
3488 5902 3571 5951 iu.
