4038 6548
241 454 352 521 757

852 553 1084 609 ΚΕΦΛΛ
1139 551 1216 608 E'.

253 701 396 768 Περὶ
439 696 544 764 τῆς
571 695 770 768 *ἅψας
805 684 935 768 ’τῶν
967 687 1222 768 ιζθύ-ων..
1260 681 1404 768 ῌερξ
1444 677 1844 768 τουῦγῖιςιξροῦ.

621 749 1056 834 Eupolemum”).
1090 756 1227 834 ησρὶ
1258 753 1404 810 Δευῖ
1424 751 1529 832 τοῦ
1559 749 1845 834 τεξιιὸνου.

651 818 869 906 ’Ῑῆσοῦι
905 818 1347 906 συνεσθίοντρς
1377 821 1505 887 τοῖς
1536 818 1846 906 τιε.λιίιιν·αιςἒ

325 889 436 962 Κιῖ
448 889 588 961 elei
602 889 1024 959 τοῦἾωάνγσυ
1041 897 1302 969 μαθηταὶ
1324 889 1776 961 νηστεύουσιν,
1797 889 1850 941 οι

328 981 397 1031 δὲ
428 978 538 1032 τοῦ
567 973 831 1043 Χριστοῦ
854 970 1033 1040 auxi;

339 1133 356 1166 ι
410 1111 664 1178 Ἐγένετο
688 1109 746 1161 δὲ
777 1109 835 1159 ὲν
864 1105 942 1175 τῷ
987 1104 1077 1156 τον
1113 1101 1273 1172 δχλον
1327 1096 1641 1152 ἐπικεῖσθαι
1677 1092 1849 1160 αὐτῷ,

257 1205 354 1259 τοῦ
390 1204 614 1260 ἀκούειν
655 1199 746 1254 τὸν
769 1197 928 1265 λόγον
969 1195 1061 1249 τοῦ
1086 1191 1244 1253 Θεοῦ.
1278 1190 1374 1245 καὶ
1399 1189 1562 1251 αὐτὸς
1589 1181 1655 1256 ἦν
1683 1182 1854 1245 ἑστὼς

259 1297 414 1364 παρὰ
456 1292 554 1364 τὴν
596 1290 794 1360 λίμνην
836 1284 1202 1357 Γεννησαρέτ.
1242 1281 1354 1336 Καὶ
1403 1274 1510 1332 εἶδε
1547 1277 1641 1331 δύο
1695 1275 1853 1327 πλοῖα

261 1385 486 1441 ἑστῶτα
520 1381 672 1452 παρὰ
713 1382 811 1449 τὴν
861 1378 1060 1448 λίμνην
1087 1392 1099 1403 ·
1133 1375 1183 1428 οἱ
1212 1374 1268 1426 δὲ
1312 1373 1502 1435 ἁλιεῖς,
1547 1367 1854 1428 ἀποϐάντες

261 1479 360 1532 thr?
406 1475 608 1538 αὐτῶν,
657 1470 975 1526 ἁπέπλυνον
1007 1468 1077 1523 τὰ
1120 1467 1344 1520 δίκτυα·
1401 1462 1576 1533 ἐμϐὰς
1605 1461 1662 1512 δὲ
1692 1459 1770 1522 είς
1798 1457 1855 1510 ἒν

258 1567 374 1620 τῶν
407 1563 607 1618 πλοίων
635 1562 665 1615 ὃ
688 1556 756 1632 ἦν
783 1560 879 1613 τοῦ
937 1559 1201 1628 Σίμωνος,
1239 1553 1527 1625 ἠρώτησεν
1560 1550 1725 1603 αὑτὸν
1749 1547 1857 1602 ἀπὸ

263 1658 369 1726 τῆς
403 1654 504 1725 γῆς
529 1652 901 1722 ὲπαναγαγεῐν
930 1647 1109 1716 ὀλίγον
1133 1665 1146 1678 ο
1171 1647 1266 1699 καὶ
1293 1644 1546 1707 καθίσας,
1581 1640 1857 1694 ἐδίδασκεν

263 1754 329 1804 ἐκ
362 1747 456 1802 τοῦ
489 1746 676 1800 πλοίου
706 1747 830 1807 τοὺς
889 1741 1099 1811 ὄχλους.
1145 1739 1232 1801 Ὦς
1260 1739 1316 1792 δὲ
1355 1737 1630 1790 ἐπαύσατο
1657 1733 1855 1796 λαλῶν,

262 1839 388 1895 εἷπε
418 1841 553 1911 πρὸς
574 1841 665 1893 τὸν
693 1839 914 1906 Σίμωνα
936 1852 948 1865 ·
969 1833 1329 1900 Ἐπανάγαγε
1355 1833 1433 1893 εἰς
1455 1830 1518 1884 τὸ
1548 1827 1732 1900 βάθος,
1767 1827 1858 1879 καὶ

263 1935 542 2005 χαλάσατε
577 1930 646 1985 τὰ
693 1929 886 1982 δίκτυα
920 1927 1074 1998 ὑμῶν
1109 1927 1189 1988 είς
1221 1925 1398 1993 ἄγραν
1423 1940 1436 1952 ·
1483 1923 1580 1977 καὶ
1627 1923 1857 1988 ἀποκρι-

263 2025 382 2085 θεὶς
413 2024 439 2074 ὀ
467 2021 669 2089 Σίμων,
703 2013 856 2072 εἶπεν
908 2016 1087 2085 αὐτῷ·
1132 2013 1453 2076 Ἐπιστάτα,
1491 2012 1558 2064 δι’
1593 2011 1720 2078 ὅλης
1758 2011 1857 2076 τῆς

263 2113 463 2176 νυκτὸς
526 2111 929 2173 κοπιάσαντες,
980 2107 1131 2163 οὐδὲν
1181 2105 1482 2174 ἐλάϐομεν,
1529 2105 1624 2165 ἐπὶ
1680 2101 1735 2155 δὲ
1781 2101 1858 2171 τῷ

267 2205 477 2277 ῥήματί
515 2220 607 2256 σου
643 2201 866 2273 χαλάσω
891 2200 949 2253 τὸ
972 2198 1208 2253 δίκτυον.
1243 2197 1355 2252 Καὶ
1409 2196 1565 2249 τοῦτο
1596 2196 1858 2262 ποιήσαν-

262 2316 382 2360 τες,
423 2295 780 2351 συνέκλεισαν
821 2292 1022 2361 πλῆθος
1067 2291 1269 2361 ἰχθύων
1299 2289 1453 2342 πολύ.
1492 2289 1860 2358 Διεῤῥήγνυτο

264 2384 324 2436 es
356 2383 418 2436 τὸ
447 2383 662 2435 δίκτυον
703 2381 883 2434 αὐτῶν
907 2398 920 2413 ·
960 2381 1053 2433 καὶ
1099 2381 1438 2432 κατένευσαν
1469 2381 1580 2439 τοῖς
1611 2379 1858 2446 μετὸχοις

263 2479 380 2538 τοῖς
407 2477 464 2528 ἐν
502 2475 577 2544 τῷ
604 2473 778 2543 ἑτέρῳ
837 2472 1029 2542 πλοίῳ,
1071 2471 1164 2523 τοῦ
1197 2470 1452 2532 ἐλθόντας
1499 2466 1858 2520 συλλαϐέσθαι

261 2569 454 2630 αὐτοῖς
475 2583 489 2598 ·
521 2569 612 2620 καὶ
645 2563 810 2635 ἦλθον
846 2567 941 2618 καὶ
984 2564 1228 2632 ἔπλησαν
1262 2563 1548 2631 ἀμφότερα
1574 2561 1642 2613 τὰ
1676 2560 1857 2626 πλοῖα,

260 2661 411 2715 ὥστε
435 2658 749 2730 βυθίζεσθαι
770 2657 929 2711 αὐτὰ.
952 2657 1102 2709 Ἰδὼν
1130 2656 1187 2708 δὲ
1218 2656 1403 2725 Σίμων
1425 2656 1649 2724 Πέτρος,
1687 2669 1859 2722 προσ·

268 2755 442 2808 ἔπεσε
491 2756 602 2816 τοῖς
648 2754 838 2820 γόνασι
886 2751 980 2803 τοῦ
1026 2749 1227 2818 Ἰησοῦ,
1266 2746 1470 2816 λέγων·
1513 2746 1738 2813 Ἔξελθε
1764 2746 1861 2801 ἀπ’

264 2840 434 2912 ἐμοῦ,
461 2842 714 2918 aueth
753 2839 1080 2910 ἁμαρτωλός
1111 2840 1250 2908 ειμι,
1284 2837 1454 2908 Κύριε
1475 2855 1486 2868 ο
1520 2837 1728 2907 θάμὸος
1754 2836 1863 2905 γὰρ

263 2936 569 3007 περιέσχεν
602 2935 766 2988 αὑτὸν
802 2934 898 2986 καὶ
927 2933 1137 2994 πάντας
1169 2931 1296 2995 τοὺς
1334 2931 1430 2984 σὺν
1464 2928 1634 3000 αὐτῷ,
1670 2931 1763 2981 ἐπὶ
1799 2931 1861 3000 τῇ

262 3028 423 3096 ἄγρα
448 3026 554 3079 τῶν
588 3025 809 3096 ἰχθύων,
908 3021 1225 3077 συνέλαϐον.
1283 3021 1514 3092 Ὁμοίως
1542 3021 1598 3074 δὲ
1626 3023 1721 3074 καὶ
1757 3021 1864 3076 ἰἀ-

266 3119 478 3182 κωὸον,
509 3121 602 3171 καὶ
645 3118 902 3186 Ἰωάννην
948 3119 1096 3179 υἱοὺς
1142 3113 1452 3179 Ζεϐεδαίου,
1497 3115 1544 3168 οἳ
1575 3110 1715 3184 ἦσαν
1749 3131 1863 3167 κοι-

266 3210 438 3264 νωνοὶ
469 3209 549 3280 τῷ
579 3210 787 3280 Σίμωνι
811 3227 823 3239 ·
863 3209 960 3261 καὶ
993 3205 1114 3261 εἷπε
1156 3208 1290 3278 πρὸς
1315 3208 1406 3260 τὸν
1442 3209 1664 3276 Σίμωνα
1693 3209 1721 3260 ὁ
1761 3208 1866 3278 ’1η-

264 3303 426 3366 σοῦς·
452 3304 540 3371 Μὴ
565 3302 752 3370 φοϐοῦ,
780 3303 888 3354 ἀπὸ
919 3301 1011 3354 τοῦ
1037 3300 1132 3352 νῦν
1151 3300 1470 3371 ἀνθρώπους
1489 3301 1586 3371 ἔσῃ
1604 3299 1836 3370 ζωγρῶν
1853 3315 1868 3331 ·

264 3399 372 3450 καὶ
426 3396 836 3464 καταγαγόντες
885 3395 954 3447 τὰ
990 3395 1150 3446 πλοῖα
1187 3395 1280 3446 ἐπὶ
1328 3395 1428 3464 τὴν
1459 3395 1584 3462 γῆν,
1643 3394 1889 3461 ἀφιέντες¹

265 3487 521 3552 ἅπαντα,
580 3484 956 3555 ἠκολούθησαν
986 3484 1154 3555 αὐτῷ.
1201 3505 1217 3536 ι
1247 3483 1441 3551 Φεὺγει
1488 3485 1585 3554 μὲν
1616 3485 1642 3536 ὁ
1668 3483 1872 3550 Κύριος

263 3582 378 3649 τὴν
410 3579 591 3646 δόξαν,
617 3582 650 3649 ἡ
685 3578 739 3631 δὲ
785 3580 927 3641 τόσῳ
963 3579 1163 3648 μᾶλλον
1187 3577 1517 3631 καταδιώκει
1549 3574 1731 3630 αὐτόνζ
1765 3574 1872 3628 Τοῦ

264 3675 414 3744 γοῦν
437 3674 596 3744 ὖχλου
629 3674 1006 3741 ἐπικειμένου,
1037 3675 1116 3736 εἰς
1139 3673 1201 3725 τὸ
1229 3673 1410 3726 πλοῖον
1440 3672 1748 3742 εἰσέρχεται
1768 3669 1873 3733 ’ὡς

263 3766 339 3821 ἂν
371 3766 485 3819 ἀπο
507 3765 602 3817 τοῦ
628 3765 836 3829 πλοίου,
867 3764 1091 3833 διδάσκῃ
1118 3765 1245 3826 τοὺς
1273 3767 1328 3817 ὲν
1361 3764 1435 3835 τῷ
1460 3762 1695 3833 αἰγιαλῷ
1731 3764 1877 3814 ἱσταο

267 3856 506 3928 μένους,
551 3856 773 3909 πάντων
823 3857 966 3909 κατὰ
1003 3856 1298 3926 πρόσωπον
1337 3854 1505 3908 αὑτοῦ
1550 3855 1744 3917 ὄντων,
1780 3854 1877 3906 καὶ

265 3949 515 4020 μηδενὸς
544 3950 788 4013 ἐλθόντος
823 3951 966 4002 κατὰ
1001 3949 1194 4002 νώτου.
1218 3949 1374 4002 Ἐπεὶ
1402 3949 1461 4002 δὲ
1487 3949 1576 4000 τὸν
1598 3947 1755 4017 ὄχλον
1780 3947 1879 3999 ἐδί-

258 4040 444 4106 δαξεν
486 4042 550 4093 ὲκ
582 4041 676 4092 τοῦ
711 4040 921 4099 πλοίου,
954 4041 1055 4093 οὐκ
1109 4041 1343 4109 ἄμισθον
1400 4039 1594 4109 ἀφίησι
1646 4039 1739 4091 τὸν
1780 4037 1875 4091 τοῦ

266 4131 479 4184 πλοίου
511 4131 803 4201 δεσπότην,
836 4129 974 4183 ἀλλὰ
1001 4130 1204 4194 διπλῶς
1245 4129 1408 4183 αὑτὸν
1441 4129 1756 4197 εὐεργετεϊ’
1794 4130 1880 4182 ὅτι

263 4240 331 4275 τε
369 4221 579 4293 ίχθύων
610 4222 816 4292 πλῆθος
855 4221 1004 4291 αὖ·τῷ
1043 4223 1358 4293 ἐχαρίσατο,
1394 4226 1487 4276 καὶ
1511 4223 1594 4276 ὅτι
1626 4224 1877 4294 μαθητὴν

258 4312 464 4387 αὐτοῦ,
485 4317 798 4386 ἐποιήσατο.
828 4313 1124 4384 Θαύμασον
1154 4314 1210 4366 δὲ
1238 4315 1333 4367 τοῦ
1367 4315 1573 4384 Κυρίου
1605 4316 1703 4386 τὴν
1730 4318 1881 4370 οἱκο-

258 4407 504 4477 νομίαν,
538 4407 656 4469 πῶς
679 4406 913 4459 ἕκαστον
945 4407 1032 4460 διὰ
1059 4407 1170 4460 τῶν
1200 4409 1416 4460 οἰκείων
1437 4409 1532 4461 καὶ
1560 4410 1879 4479 συντρόφων

255 4501 609 4570 ἐφέλκεταιο
656 4499 730 4560 ὡς
766 4499 875 4568 γὰρ
919 4500 1043 4560 τοὺς
1101 4498 1310 4568 μάγους
1347 4499 1434 4550 διὰ
1478 4499 1571 4550 τοῦ
1626 4500 1874 4570 ἀστέρος,

991 435 1435 504 ENARRATIO
1475 432 1557 494 ΙΝ
1593 424 2093 494 EVANGELIUM
2126 421 2368 486 ΙδῐΙίΖιἘ.⁵
2401 444 2467 458 -
2495 420 2653 482 CAP.
2684 418 2754 476 V.

1871 540 1924 601 A

3443 409 3550 474 758

2568 527 2804 589 CAPUT
2854 525 2917 580 V.

1953 677 2030 731 De
2060 685 2281 739 captura
2327 673 2569 740 piscium:
2627 665 2953 740 Deleproso.
2996 658 3071 712 De
3109 655 3440 740 ρςιωιείιὶεο.
3476 657 3548 710 De

2028 728 2150 800 Leni
2198 728 2499 812 publicano.
2541 728 2852 812 Περιιτῆιο
2881 749 3000 812 eum
3030 728 3355 812 publicanis“
3378 743 3554 812 come:

2025 796 2209 870 denis:
2249 813 2359 866 Cur
2396 810 2645 877 discipuli
2693 806 2925 862 Joannis
2963 796 3213 873 jejunum
3239 839 3254 863 ,
3299 796 3549 867 discipuli

2026 903 2144 940 vero
2170 883 2371 939 Christi
2416 880 2561 935 non?

2026 1089 2193 1144 Vsus.
2227 1086 2376 1141 i-ll.
2427 1103 2444 1136 ι
2483 1082 2710 1137 Factum
2750 1088 2836 1134 est
2878 1086 3064 1133 autem
3099 1089 3222 1130 cum
3261 1073 3416 1127 turba
3448 1072 3554 1125 im-

1959 1185 2191 1238 mineret
2230 1183 2278 1235 ei
2326 1189 2384 1233 ut
2416 1179 2627 1231 audiret
2666 1175 2888 1231 verbum
2921 1171 3035 1235 Dei,
3087 1178 3144 1224 et
3198 1168 3318 1236 ipse
3375 1163 3555 1222 stabat

1950 1277 2104 1342 juxta
2157 1285 2409 1342 stagnum
2459 1267 2820 1324 Genczareth.
2877 1265 2943 1318 Et
3000 1262 3136 1315 vidit
3187 1261 3323 1314 duas
3389 1270 3558 1311 naves

1957 1378 2169 1424 stantes
2229 1366 2294 1417 ad
2371 1372 2621 1433 stagnum
2669 1378 2684 1414 :
2730 1359 3029 1428 piscatores
3077 1363 3258 1409 autem
3323 1351 3559 1407 descen-

1959 1467 2235 1514 derantex
2270 1456 2396 1520 illis,
2425 1465 2474 1509 et
2519 1453 2812 1507 abluebant
2852 1450 3009 1504 retia.
3048 1447 3334 1517 Ingressus
3375 1452 3558 1498 autem

1961 1555 2015 1607 in
2049 1567 2210 1606 unam
2246 1550 2423 1602 navim
2464 1561 2585 1618 qua:
2621 1553 2740 1600 erat
2793 1541 3057 1602 Simonis.
3099 1537 3303 1610 rogavit
3339 1551 3463 1591 eum
3503 1543 3562 1589 rt

1962 1662 1988 1696 ει
2024 1655 2166 1698 terra
2209 1643 2506 1696 abduceret
2545 1640 2797 1710 pusillum
2825 1677 2839 1699 .
2877 1647 2930 1691 et
2975 1634 3174 1689 sedens
3225 1630 3458 1687 docebat
3495 1629 3564 1682 t'e

1965 1737 2086 1790 navi
2121 1737 2328 1789 turbas.
2381 1732 2451 1787 Ut
2483 1734 2720 1787 cessavit
2767 1741 2950 1784 autem
2983 1727 3156 1798 loqui,
3197 1725 3330 1778 dixit
3364 1722 3429 1776 ad
3478 1721 3564 1776 Si-

1965 1843 2226 1882 monem:
2280 1824 2392 1879 Duc
2425 1825 2478 1878 in
2527 1823 2694 1877 altum
2720 1861 2737 1887 ,
2779 1829 2833 1878 et
2875 1818 3060 1873 laxate
3096 1816 3235 1872 retia
3279 1823 3464 1867 vestra
3510 1811 3563 1864 in

1966 1928 2267 1989 capturam.
2307 1915 2369 1969 Et
2417 1916 2748 1984 respondens
2797 1911 3010 1977 Simon,
3064 1908 3202 1962 dixit
3251 1905 3326 1961 illi
3369 1927 3378 1960 :
3424 1903 3566 1957 Prtr-

1967 2023 2180 2082 ceptor,
2226 2026 2321 2079 per
2370 2018 2539 2063 totam
2593 2016 2805 2062 noctem
2853 2004 3164 2078 laborantes
3215 1997 3382 2074 304
3433 1995 3565 2050 nihil

1966 2105 2232 2174 cepimus,
2278 2114 2459 2156 tamen
2496 2111 2588 2154 tuo
2615 2099 2771 2168 jussu
2817 2096 3013 2150 laxabo
3043 2101 3180 2147 rete.
3208 2089 3276 2145 Et
3307 2104 3431 2143 cum
3464 2088 3569 2143 hoc

1969 2199 2252 2260 fecissent,
2306 2194 2692 2250 contzlnserunt
2740 2190 2971 2260 piscium
3024 2183 3430 2270 multitudinem
3476 2196 3568 2235 co-

1967 2293 2197 2362 piosam.
2247 2289 2620 2358 Rumpebatur
2664 2294 2844 2340 autem
2889 2292 3004 2338 rete
3036 2293 3251 2337 eorum.
3287 2274 3353 2333 Et
3391 2289 3571 2331 annu-

1967 2394 2131 2442 erunt
2161 2383 2328 2440 sociis
2356 2381 2447 2451 qui
2481 2389 2638 2435 erant
2670 2380 2723 2434 in
2762 2377 2933 2432 altera
2963 2373 3112 2438 navi,
3149 2379 3207 2426 ut
3236 2370 3489 2425 venirent
3513 2376 3571 2422 et

1970 2481 2293 2547 adjuvarent
2335 2447 2502 2545 ipsos.
2551 2474 2621 2528 Et
2668 2478 2960 2534 venerunt,
3007 2477 3168 2537 atque
3203 2464 3571 2535 impleverunt

1971 2571 2160 2625 ambas
2194 2583 2384 2633 naves,
2425 2568 2498 2623 ita
2529 2575 2588 2622 ut
2619 2571 3020 2637 mergerentur.
3051 2557 3208 2627 Quod
3252 2571 3378 2612 cum
3417 2555 3570 2610 vitle-

1974 2674 2050 2717 ret
2079 2663 2268 2718 Simon
2305 2661 2500 2716 Petrus
2524 2700 2540 2726 ,
2573 2657 2770 2713 accidit
2808 2655 2874 2711 ad
2907 2670 3084 2726 genua
3135 2653 3290 2713 Jesn,
3328 2650 3520 2706 dicens
3551 2665 3566 2703 :

1973 2755 2199 2811 Discede
2244 2770 2273 2808 a
2312 2769 2420 2819 me,
2471 2751 2732 2815 Domine,
2771 2751 2897 2820 quia
2930 2749 3094 2803 homo
3128 2752 3385 2817 peccator
3426 2757 3569 2800 sum.

1975 2849 2178 2919 Stupor
2221 2849 2365 2902 enim
2411 2845 2852 2902 circumdederat
2903 2857 3026 2896 eum
3054 2881 3070 2906 ,
3126 2849 3182 2895 et
3229 2852 3422 2894 omnes
3479 2835 3569 2906 qui

1973 2957 2095 2997 cum
2121 2941 2213 2996 illo
2241 2940 2480 3005 fuerant,
2510 2953 2674 3008 super
2705 2945 2930 3006 captura
2964 2933 3196 3005 piscium
3231 2947 3392 3002 quam
3426 2930 3565 2986 fee"-

1973 3045 2139 3090 rant:
2177 3033 2431 3090 similiter
2472 3043 2655 3087 autem
2708 3027 2972 3084 Jacohnm
3004 3035 3058 3081 et
3106 3024 3374 3080 Joannem
3429 3024 3570 3079 lllios

1975 3127 2244 3189 Zebedrei,
2281 3127 2373 3195 qui
2405 3134 2559 3180 erant
2591 3123 2724 3180 socii
2752 3120 2984 3176 Simoni.
3004 3120 3068 3175 Et
3105 3119 3267 3173 aitad
3293 3117 3574 3172 Simonem

1973 3221 2134 3276 Jesus
2183 3241 2194 3276 :
2241 3220 2317 3274 Ne
2363 3229 2608 3280 metuas.
2670 3216 2900 3284 posthac
2957 3213 3207 3268 homines
3257 3211 3463 3280 capies.
3509 3208 3576 3263 Et

1975 3310 2259 3370 subductis
2311 3311 2365 3365 in
2405 3318 2605 3364 terram
2654 3305 2910 3369 navibus,
2953 3302 3159 3363 relictis
3200 3301 3455 3357 omnibus
3491 3315 3579 3354 sr-

1976 3409 2084 3463 cuti
2117 3415 2245 3462 sunt
2273 3419 2420 3460 eum.
2464 3423 2482 3454 ι
2515 3400 2675 3470 Fugit
2708 3398 2976 3454 Dominus
3006 3396 3258 3466 gloriam,
3297 3409 3418 3463 qttzr‘
3451 3408 3574 3445 eunt

1978 3503 2046 3555 ob
2090 3500 2192 3554 hoc
2242 3497 2414 3568 magis
2449 3493 2802 3565 sequebatur.
2850 3489 3018 3560 Igitur
3050 3499 3280 3556 urgente
3329 3487 3484 3539 turba
3524 3487 3575 3537 in

1979 3591 2160 3645 navim
2201 3587 2527 3656 ingreditur,
2579 3594 2636 3637 ut
2681 3580 2828 3636 vela
2880 3594 3016 3634 nave
3066 3579 3259 3632 doceat
3306 3579 3358 3629 in
3395 3576 3577 3630 littore

1979 3691 2209 3740 stantes.
2239 3677 2496 3732 omnibus
2523 3690 2553 3731 e
2579 3673 2798 3743 regione
2837 3671 3304 3740 comparantibus,
3339 3679 3395 3723 et
3431 3670 3577 3722 ttttlln

1980 3789 2007 3826 a
2044 3786 2194 3841 tergo
2235 3771 2503 3825 veniente.
2548 3766 2847 3836 Poslquam
2898 3748 3078 3817 autém
3128 3766 3343 3816 turbam
3377 3777 3404 3813 a
3452 3762 3576 3816 nati

1981 3866 2182 3926 docuit,
2210 3863 2489 3917 dominum
2519 3861 2673 3914 navis
2702 3875 2808 3913 non
2833 3857 3058 3926 reliquit
3087 3856 3579 3922 irremuneratum,

1981 3959 2073 4012 sed
2130 3954 2382 4011 bifariam
2435 3954 2483 4008 ei
2539 3950 2830 4018 benefecit,
2879 3951 3005 4020 quia
3060 3959 3117 4003 et
3170 3948 3576 4002 multitudinem

1982 4051 2208 4119 pisi:ium
2244 4049 2292 4103 ei
2338 4046 2584 4111 donavit,
2623 4056 2675 4100 et
2721 4044 3047 4112 discipulum
3086 4057 3244 4095 suum
3282 4040 3433 4096 fecit.
3467 4038 3581 4094 Ad-

1982 4143 2184 4196 mirare
2217 4151 2396 4195 autem
2428 4139 2639 4193 Domini
2668 4137 3154 4208 dispensationem,
3185 4133 3459 4208 quomodo
3485 4149 3582 4202 per

1983 4233 2201 4303 propria
2248 4245 2301 4286 et
2337 4231 2630 4285 familiaria
2668 4245 2767 4286 sua
2815 4244 3091 4300 quemque
3130 4229 3358 4282 attrahit
3396 4228 3584 4282 :sicnt

1986 4340 2174 4395 magos
2214 4340 2309 4391 per
2359 4323 2594 4388 Stellam,
2647 4321 2720 4376 ita
2771 4331 2825 4376 et
2874 4321 3178 4391 piscatores
3233 4335 3331 4388 per
3379 4319 3582 4388 pisces.

1982 4413 2153 4468 Porro
2178 4412 2381 4468 Christi
2414 4412 2891 4466 mansuetudinem
2932 4410 3076 4475 vide,
3107 4410 3379 4477 quomodo
3423 4409 3585 4464 obse-

1983 4516 2097 4561 cret
2129 4505 2346 4559 l’etrnm
2375 4516 2431 4558 ut
2459 4520 2487 4558 a
2517 4515 2659 4559 terra
2684 4503 2922 4558 abducat
2947 4518 2961 4555 :
2992 4502 3203 4572 rogavit
3231 4501 3402 4566 enim,
3438 4501 3578 4556 idem

257 4594 429 4648 οὕτω
463 4594 556 4644 καὶ
587 4595 712 4654 τοὺς
770 4591 939 4654 ἁλιεῖς
974 4592 1060 4644 διὰ
1091 4593 1198 4643 τῶν
1253 4593 1472 4668 ἰχθυων.
1518 4593 1662 4660 Ὅρα
1691 4595 1746 4646 δὲ
1779 4591 1867 4646 τοῦ

1986 4610 2067 4652 est
2095 4598 2236 4665 quod
2265 4596 2570 4651 obsecravit
2599 4613 2612 4648 :
2652 4597 2743 4649 sed
2774 4605 2827 4650 et
2858 4596 3130 4663 quomodo
3178 4594 3376 4650 Petrus
3408 4595 3580 4650 mori-

255 4685 531 4758 Χριστοῦ
558 4686 655 4754 τὴν
686 4684 1013 4746 ἐπιείκειαν,
1046 4685 1163 4746 πῶς
1201 4688 1509 4754 παρακαλεῖ
1541 4687 1631 4737 τὸν
1672 4687 1878 4756 Πέτρον

253 4780 382 4834 ἀπὸ
411 4777 520 4846 τῆς
565 4778 666 4844 γῆς
699 4778 1071 4847 ἐπαναγαγεῖν
1093 4794 1105 4805 ’
1137 4778 1198 4828 τὸ
1244 4779 1375 4847 γὰρ,
1406 4777 1712 4848 ἠρώτησεν,
1758 4779 1880 4831 ἀντὶ

249 4873 389 4935 τοῦ,
435 4870 786 4939 παρεκάλεσε
837 4871 966 4922 νόει·
1019 4869 1155 4922 ἀλλὰ
1205 4871 1300 4921 καὶ
1330 4874 1356 4923 6
1390 4871 1625 4940 Πέτρος,
1663 4872 1779 4933 πῶς
1809 4868 1878 4941 ἦν

251 4964 571 5030 εὐπειθὴς,
610 4963 749 5015 ὥστε
790 4963 1099 5033 ἄνθρωπον,
1138 4963 1195 5014 ὃν
1221 4965 1318 5014 οὐκ
1345 4963 1482 5033 ᾔδει,
1510 4963 1878 5027 ὑποδέξασθαί

251 5078 315 5113 τε
349 5059 447 5118 είς
485 5054 548 5106 τὸ
576 5055 760 5106 πλοῖον
790 5054 976 5117 αὑτοῦ,
1022 5056 1116 5106 καὶ
1151 5057 1326 5106 πάντα
1354 5053 1520 5106 αὑτοῦ
1547 5055 1875 5107 ὑπακούειν

249 5152 346 5214 ὡς
371 5149 498 5217 γὰρ
549 5141 704 5200 εἶπεν
741 5148 890 5212 αὐτῷ
944 5149 1318 5213 ἐπαναγαγεῖν
1351 5150 1428 5208 εἰς
1461 5148 1520 5199 τὸ
1551 5147 1733 5216 βάθος,
1780 5148 1881 5201 οὐκ

249 5240 763 5309 ἀπεδυσπέτησεν,
810 5241 919 5290 οὐδ’
954 5235 1097 5301 εἶπε,
1134 5241 1215 5291 Δι’
1249 5241 1376 5308 ὅλης
1411 5244 1507 5307 τῆς
1559 5243 1752 5304 νυκτὸς
1784 5258 1878 5294 κο-

253 5338 492 5397 mica;
529 5334 625 5386 καὶ
679 5333 845 5403 μηδὲν
894 5334 1184 5402 κερδάνας,
1224 5333 1320 5385 νῦν
1369 5335 1454 5386 σοὶ
1491 5336 1877 5404 πεισθήσομαι,

251 5434 353 5486 καὶ
390 5425 686 5496 δευτέροις
725 5428 909 5487 πόνοις
952 5426 1188 5495 ἐμαυτὸν
1219 5426 1504 5492 turbabant;
1542 5428 1708 5480 Οὐδὲν
1753 5430 1877 5480 τού-

252 5540 368 5579 των
408 5518 599 5584 εἶπεν,
633 5517 770 5571 ἀλλὰ
813 5519 1178 5586 μᾶλλον,Ἐπὶ
1202 5519 1280 5589 τῷ
1313 5521 1517 5590 ῥήματί
1545 5538 1636 5572 σου
1657 5523 1880 5591 χαλάσω

252 5616 313 5670 τὸ
351 5613 631 5668 δίκτυον·
673 5609 846 5670 οὕτως
891 5606 958 5680 ἦν
992 5611 1089 5679 τὴν
1145 5612 1331 5663 πίστιν
1378 5613 1580 5682 θερμὸς
1628 5617 1722 5665 καὶ
1777 5615 1880 5683 πρὸ

254 5709 359 5777 τῆς
402 5702 700 5764 πίστεως’
737 5701 858 5754 ὅθεν
892 5704 984 5756 καὶ
1011 5703 1300 5767 τοσούτους
1337 5705 1526 5773 ἰχθύας
1565 5706 1880 5775 σαλλαμὸἁ-

255 5818 364 5867 ιιι,
400 5797 564 5851 ὥστε
600 5793 679 5864 μὴ
726 5794 1028 5864 δυνάμενος
1080 5796 1301 5860 τούτους
1358 5798 1608 5858 ἑλκύσαι,
1643 5801 1735 5851 καὶ
1767 5801 1879 5862 τοῖς

254 5893 542 5962 perdurat;
574 5887 744 5949 νεύει,
784 5890 1053 5948 τουτέστι,
1096 5894 1206 5954 τοῖς
1258 5895 1534 5956 κοινωνοῖς
1581 5894 1692 5955 τοῖς
1721 5895 1776 5945 ὲν
1801 5893 1878 5957 τῷ

1983 4705 2145 4758 gerus
2180 4690 2362 4752 fuerit,
2404 4690 2474 4742 ita
2509 4699 2566 4743 ut
2604 4689 2880 4744 hominem
2911 4702 3073 4757 quem
3107 4703 3214 4742 non
3253 4688 3486 4754 viderat,
3524 4690 3580 4746 in

1985 4784 2163 4835 navim
2200 4797 2354 4836 suam
2389 4782 2712 4850 susceperit,
2746 4789 2798 4833 et
2828 4781 2876 4835 ei
2919 4782 2972 4834 in
3003 4779 3258 4834 omnibus
3292 4780 3580 4838 obedierit.

1982 4871 2115 4926 Nam
2148 4881 2204 4926 ut
2231 4874 2367 4926 dixit
2408 4873 2454 4925 ei
2480 4852 2628 4940 ‘qnod
2657 4873 2951 4926 abduceret
2988 4872 3038 4924 in
3093 4871 3442 4940 profundum,
3469 4887 3578 4929 non

1982 4966 2190 5030 abnuit,
2229 4981 2403 5034 neque
2435 4965 2592 5028 dixit,
2645 4964 2748 5019 Per
2778 4976 2942 5019 totam
2978 4977 3194 5019 noctem
3228 4965 3494 5032 laboravi,
3527 4976 3586 5023 et

1984 5057 2114 5110 nihil
2147 5069 2474 5110 consecutus
2508 5071 2666 5120 sum;
2734 5072 2882 5109 nunc
2919 5055 3012 5108 tibi
3052 5070 3324 5122 parerem,
3361 5067 3416 5110 et
3457 5055 3582 5113 aliis

1984 5147 2293 5218 fatigandus
2322 5148 2600 5202 laboribus
2639 5148 3048 5202 incumberent?
3083 5147 3181 5202 sed
3208 5149 3304 5211 ait,
3334 5145 3390 5200 lu
3415 5146 3583 5204 verbo

1987 5249 2075 5294 tuo
2133 5239 2330 5293 laxabo
2391 5250 2528 5294 rete.
2584 5239 2734 5294 Adeo
2792 5240 3037 5295 fervebat
3085 5241 3189 5296 fide
3235 5241 3402 5297 etiam
3454 5252 3582 5299 ante

1986 5333 2144 5388 fidem
2183 5350 2197 5387 :
2235 5334 2374 5388 unde
2401 5344 2456 5388 et
2486 5343 2666 5387 tantos
2703 5334 2877 5402 pisces
2904 5335 3340 5404 comprehendit,
3374 5344 3432 5389 ut
3461 5335 3582 5390 illos

1987 5442 2091 5480 non
2143 5426 2381 5494 potuerit
2436 5428 2677 5492 trahere,
2709 5437 2762 5479 et
2809 5429 3066 5482 annuerit
3103 5428 3292 5489 sociis,
3341 5427 3441 5481 hoc
3498 5437 3583 5481 est

1985 5520 2340 5588 participibus
2365 5520 2418 5572 in
2449 5519 2550 5572 alia
2576 5518 2870 5573 navi.Nutn
2896 5529 3075 5573 autem
3108 5521 3228 5574 illos
3254 5529 3432 5582 vocat,
3454 5521 3580 5587 quia

1985 5619 2210 5681 propter
2246 5621 2524 5679 stuporem
2580 5627 2836 5680 magnum
2888 5613 3035 5680 loqui
3080 5612 3356 5680 nequibat.
3409 5611 3579 5664 [Narro

1986 5705 2151 5756 nntlta
2187 5703 2493 5758 reverentia
2521 5703 2718 5757 Petrus
2759 5713 2913 5772 rogat
2942 5701 3125 5758 Jesum
3164 5715 3220 5756 ιιι
3251 5703 3374 5756 navi
3412 5718 3578 5756 exce-

1987 5799 2095 5861 dat,
2131 5805 2470 5866 peccatorem
2507 5796 2745 5864 seipsum
2780 5795 2990 5860 dicens,
3032 5806 3086 5850 et
3118 5795 3400 5863 indignum
3435 5794 3578 5849 illius

1986 5891 2420 5948 conversatione.
2463 5889 2588 5946 llaec
2615 5892 2782 5946 etiam
2819 5906 2914 5961 per
2949 5891 3266 5961 anagogiam
3309 5891 3352 5947 si
3382 5893 3464 5946 τίς
3494 5894 3577 5941 iu.
