4038 6488
539 405 644 467 7³39

1427 402 1734 464 ΊἩΕΟΡΗ
1745 403 2002 464 YLACTI
2033 404 2279 465 BULGA
2293 402 2443 464 Rlzﬁ
2477 403 2816 464 ARCHIEP

3690 402 3798 468 760

541 520 769 589 telligas.
824 517 988 574 Navis
1032 527 1111 573 est
1139 516 1443 573 Judmorum
1481 519 1762 590 Synagoga
1788 560 1802 582 ,
1844 531 1896 573 et
1930 519 2113 576 Petrus

2225 519 2395 588 ἑτέρῳ
2429 518 2600 589 πλοίῳ
2617 533 2630 547 ο
2651 519 2740 572 διὰ
2765 517 3035 588 νεύματος
3063 515 3120 571 δι
3144 514 3342 581 αὐτοὺς
3371 516 3791 587 προσκαλεῖται·

538 615 675 681 gerit
711 624 892 681 typum
935 613 1215 664 doctorum
1265 609 1419 679 legis.
1468 609 1876 665 Laboraverunt
1929 622 2106 665 autem

539 719 636 771 per
685 714 850 756 tatam
906 709 1115 754 noctem
1145 701 1394 754 doctores
1437 702 1526 769 qui
1567 713 1691 754 ante
1722 701 1996 755 Christum
2032 701 2114 754 fu-

539 805 720 852 erunt.
751 794 984 862 Tempus
1038 792 1178 844 enim
1211 803 1335 846 ante
1365 793 1481 860 ejus
1509 795 1795 847 adventum
1835 810 1937 847 nox
1971 801 2108 854 erat,

541 893 595 936 et
629 883 758 937 nihil
801 883 1330 950 comprehenderunt
1375 901 1388 936 :
1423 893 1706 952 postquam
1758 893 1934 937 autem
1964 883 2113 936 venit

541 977 813 1036 Christus.
846 975 1070 1044 diesque
1114 975 1292 1027 factus
1321 983 1423 1036 est,
1468 975 1696 1042 apostoli
1737 976 1788 1027 in
1821 974 1994 1028 locum
2025 973 2106 1025 le-

541 1069 621 1138 gis
651 1070 928 1123 doctorum
973 1066 1264 1134 surrogati,
1307 1066 1362 1119 in
1402 1067 1563 1119 verbo
1607 1067 1744 1134 ejus,
1791 1065 1891 1118 hoc
1927 1074 2009 1118 est
2057 1065 2108 1119 in

544 1172 811 1230 pracepto
857 1161 994 1230 ejus,
1045 1158 1226 1212 laxant
1277 1167 1392 1211 rete
1440 1157 1733 1225 Evangelii,
1779 1167 1830 1210 et
1868 1157 2110 1209 multitu-

540 1255 720 1307 dinem
756 1253 1035 1306 hominum
1066 1261 1350 1305 venantur.
1385 1251 1494 1304 Soli
1531 1259 1710 1304 autem
1747 1250 1972 1317 apostoli
2006 1265 2109 1302 non

541 1355 769 1415 possunt
822 1347 1041 1400 trahere
1081 1355 1194 1398 rete
1252 1343 1504 1412 piscium,
1553 1353 1907 1411 annuumque
1951 1342 2112 1396 sociis

541 1436 673 1499 suis,
709 1446 762 1490 et
785 1436 1205 1499 communicant,
1230 1444 1284 1488 et
1313 1450 1432 1489 cum
1463 1435 1543 1487 eis
1575 1434 1810 1488 trahunt.
1848 1432 1909 1486 Hi
1931 1444 2108 1486 autem

539 1526 700 1596 305
736 1537 860 1581 sunt
885 1536 1129 1596 pastores
1162 1537 1216 1581 ct
1249 1529 1498 1580 doctores
1521 1526 1886 1580 Ecclesiarum
1916 1527 1966 1579 in
2000 1527 2111 1580 sin-

544 1619 683 1688 gulis
719 1619 1052 1687 temporibus
1098 1619 1188 1688 qui
1229 1621 1654 1686 interpretantur
1678 1628 1731 1671 et
1771 1619 1962 1672 docent
1987 1632 2112 1686 apo-

541 1709 752 1770 stolica,
815 1711 1141 1778 trahuntque
1209 1726 1329 1765 cum
1395 1710 1672 1778 apostolis,
1723 1718 1784 1763 ut
1839 1711 2111 1777 piscemur

541 1801 809 1854 homines.
847 1800 1225 1854 Animadverte
1268 1801 1392 1854 item
1428 1811 1482 1854 et
1523 1801 1815 1855 dictionem
1847 1839 1860 1863 ,
1905 1799 2112 1853 Lazare

545 1904 675 1946 rete.
709 1891 1057 1962 Evangelium
1093 1894 1234 1946 enim
1278 1903 1360 1947 est
1395 1903 1528 1955 rete,
1564 1896 1864 1947 orationem
1909 1893 2111 1947 habens

543 1983 795 2036 humilem
830 1995 882 2036 et
910 1983 1232 2052 pedestrem,
1271 1996 1320 2038 et
1367 1986 1431 2036 ad
1475 1984 1777 2038 auditorum
1829 1984 2112 2037 infirmita-

543 2088 646 2128 tem
675 2090 732 2128 se
763 2085 1209 2143 attemperantem
1246 2095 1256 2128 :
1291 2084 1343 2128 et
1369 2074 1572 2128 idcirco
1603 2075 1800 2127 dicitur
1825 2075 2016 2128 laxari.
2053 2073 2109 2128 Si

539 2169 624 2222 eui
657 2177 834 2222 autem
868 2176 923 2220 et
955 2183 1207 2222 sensuum
1240 2167 1574 2234 profunditas
1604 2167 1896 2234 signiﬁcari
1935 2168 2117 2222 videa-

543 2271 629 2313 tur
675 2275 769 2325 per
819 2259 1143 2313 laxationem
1205 2261 1372 2321 retis,
1439 2272 1612 2327 neque
1665 2259 1839 2327 ipsum
1901 2275 1930 2312 a
1988 2275 2115 2314 vero

543 2351 769 2407 abludit.
802 2351 1057 2420 lmplctur
1088 2351 1228 2405 enim
1265 2360 1317 2403 et
1358 2353 1456 2403 hoc
1484 2350 1763 2419 propheta:
1803 2351 1893 2419 qui
1926 2352 2055 2405 dicit
2096 2369 2108 2404 :

547 2463 565 2495 ι
601 2443 738 2498 Ecce
766 2459 864 2513 ego
901 2445 1057 2496 mitto
1085 2443 1381 2511 piscatores
1409 2443 1630 2503 multos,
1673 2442 1803 2495 dicit
1835 2443 2108 2509 Dominus,

540 2545 594 2588 et
637 2543 819 2603 postea
852 2534 1060 2587 mittam
1092 2532 1288 2586 multos
1337 2539 1642 2594 venatores,
1675 2543 1728 2584 et
1771 2532 2112 2587 venabuntur

541 2627 658 2680 illus
698 2626 744 2657 "
787 2642 799 2677 :
847 2643 866 2677 ι
921 2625 1216 2695 piscatores
1279 2624 1491 2692 quidem
1561 2639 1777 2679 sanctos
1835 2625 2108 2692 aposmlos

541 2732 783 2780 vocans,
840 2727 1124 2770 venatores
1199 2725 1377 2768 autem
1449 2731 1544 2770 eos
1621 2718 1710 2784 qui
1780 2719 2111 2786 temporibus

541 2811 889 2879 sequentibus
940 2808 1106 2862 habiti
1171 2817 1296 2862 sunt
1350 2809 1599 2862 doctores
1650 2807 2010 2864 Ecclesiarum
2063 2821 2117 2865 et

541 2903 798 2971 praefecti.

2215 611 2401 680 ιπειδὴ
2435 611 2524 663 διά
2555 611 2652 681 τὴν
2681 611 2773 663 ἐπὶ
2800 613 2866 681 τῇ
2896 611 3043 680 άγρα
3075 607 3361 678 ἔκπληξιν,
3389 607 3513 663 οὐῶ
3559 607 3791 678 λαλῆσαι

2213 702 2442 770 ἠδύνατο
2469 719 2483 732 ο
2515 701 2623 754 ἀπὸ
2653 701 2852 770 πολλῆς
2901 701 2957 754 δὲ
2982 700 3269 764 εὐλαϐείας
3299 702 3328 754 6
3361 701 3567 771 Πέτρος
3595 717 3794 771 παραι-

2214 797 2390 847 τεῖται
2412 795 2502 847 τὸν
2532 793 2740 862 Ἰησοῦν
2761 794 2858 848 τοῦ
2877 796 2952 865 μὴ
2974 791 3114 848 εἶναι
3143 795 3202 847 ὲν
3219 793 3296 863 τῷ
3318 794 3512 863 πλοίῳ,
3534 796 3796 865 ἀμαρτω-

2217 887 2306 938 λδν
2338 888 2531 941 ἑαυτὸν
2551 887 2746 952 λέγων,
2773 889 2866 939 καὶ
2898 888 2998 940 οὐκ
3021 887 3170 952 ἀξιον
3199 887 3291 940 τοῦ
3315 887 3510 957 ἐκείνῳ
3536 889 3792 940 συνεῖναι.

2216 979 2430 1046 Νόησον
2461 979 2516 1031 δὲ
2543 979 2714 1032 ταῦτα
2755 979 2850 1033 καὶ
2880 979 3025 1032 κατά
3058 978 3374 1050 ἀναγωγήν,
3407 980 3454 1031 εί
3486 979 3685 1041 Θέλεις.
3725 978 3795 1031 Τὸ

2217 1067 2403 1122 πλοῖόν
2434 1073 2578 1124 ἐστιν
2611 1072 2643 1139 ή
2671 1070 2779 1123 τῶν
2831 1070 3100 1124 Ἰουδαίων
3141 1071 3441 1141 Συναγωγή
3463 1084 3476 1098 °
3529 1072 3558 1124 δ
3591 1070 3794 1142 Πέτρος

2215 1163 2387 1215 τύπον
2418 1163 2604 1232 ἐπέχει
2631 1163 2738 1216 τῶν
2774 1165 2831 1216 ὲν
2859 1163 2937 1233 τῷ
2981 1164 3132 1232 νόμῳ
3158 1163 3499 1218 διδασκάλων
3519 1181 3532 1192 ’
3568 1164 3791 1216 ἐκοπία-

2220 1273 2318 1306 σαν
2363 1255 2458 1308 οῦν
2500 1256 2565 1308 δι’
2617 1257 2746 1325 ὅλης
2803 1256 2901 1325 τῆς
2937 1256 3134 1317 νυκτὸς
3189 1255 3240 1308 οί
3281 1255 3388 1325 πρὸ
3429 1255 3523 1308 τοῦ
3557 1256 3794 1324 Χριστοῦ

2217 1347 2528 1402 διδάσκαλοι
2562 1347 2680 1418 (νὺξ
2725 1348 2833 1416 γὰρ
2858 1350 2884 1400 ὁ
2917 1349 3020 1418 πρὸ
3071 1347 3172 1415 τῆς
3213 1348 3455 1417 Χριστοῦ
3497 1347 3795 1416 ἐπιδημίας

2220 1438 2453 1506 καιρὸς),
2486 1437 2576 1489 καὶ
2603 1437 2754 1489 οὐδὲν
2777 1436 2990 1489 ελαδον.
3023 1436 3300 1500 Ἐλθόντος
3329 1437 3386 1489 δὲ
3412 1434 3507 1490 τοῦ
3536 1437 3794 1505 Χριστοῦ,

2217 1530 2315 1580 καὶ
2337 1528 2553 1597 ἡμέρας
2602 1528 2923 1597 γενομένης,
2958 1529 3036 1590 εἰς
3063 1527 3154 1580 τὸν
3185 1528 3349 1580 τόπον
3381 1527 3490 1580 τῶν
3520 1525 3800 1597 νομοδιδαῖ

2221 1622 2436 1675 σκάλων
2474 1619 2719 1682 τεθέντες
2745 1618 2792 1672 oi
2818 1620 3128 1683 ἀπόστολοι,
3153 1619 3244 1674 ἐπὶ
3272 1619 3348 1690 τῷ
3380 1622 3585 1689 ῥήματι
3609 1619 3795 1680 αὐτοῦ,

2219 1713 2497 1766 τουτέστιν
2544 1713 2637 1764 ἐπὶ
2676 1716 2739 1782 τῇ
2804 1710 3134 1784 προστάξει,
3191 1711 3398 1781 χαλῶσι
3467 1712 3526 1763 τὸ
3585 1710 3798 1764 δίκτυον

2220 1808 2311 1860 τοῦ
2357 1805 2710 1875 Εὑαγγελίου,
2761 1806 2854 1858 καὶ
2893 1805 3096 1873 πλῆθος
3141 1803 3445 1874 ἀνθρώπων
3501 1802 3794 1874 ζωγροῦσι.

2223 1900 2386 1952 Movet
2446 1900 2500 1951 δὲ
2561 1899 2608 1951 οἱ
2671 1896 2962 1951 ἀπόστολοι
3014 1899 3076 1949 οὐ
3135 1895 3390 1949 δύνανται
3463 1894 3688 1949 ἑλκύσαι
3742 1894 3800 1947 τὸ

2220 1995 2432 2046 δίκτυον
2468 1992 2577 2045 τῶν
2623 1992 2842 2062 ἰχθύων,
2886 1991 2979 2042 καὶ
3013 1988 3228 2041 νεύουσι
3269 1988 3364 2040 καὶ
3403 1989 3518 2049 τοῖς
3553 1986 3800 2055 μετόχοις

2222 2086 2400 2138 αὐτῶν
2435 2085 2527 2138 καὶ
2562 2086 2861 2146 κοινωνοῖς,
2893 2082 2987 2135 καὶ
3017 2081 3361 2151 συναίρονται
3404 2080 3610 2141 αὐτοῖς.
3644 2073 3800 2132 Οὗτοι

2219 2175 2275 2228 δέ
2308 2177 2445 2228 εἰσιν
2482 2176 2530 2227 οἱ
2584 2175 2705 2227 καθ’
2741 2172 3004 2234 ἑκάστους
3040 2171 3268 2242 καιροὺς
3304 2171 3563 2239 ποιμένες
3595 2171 3690 2221 καὶ
3720 2167 3799 2221 διο

2218 2267 2475 2321 δάσκαλοι
2509 2267 2618 2320 τῶν
2665 2265 3028 2335 Ἐκκλησιῶν,
3058 2265 3106 2317 οἳ
3137 2266 3205 2316 τά
3247 2262 3581 2316 ἀποστολικὰ
3629 2262 3800 2332 ἑρμη-

2216 2361 2464 2422 νεύοντες
2502 2360 2593 2412 καὶ
2623 2359 2966 2420 διδάσκοντες
2987 2399 3002 2420 ,
3037 2355 3382 2424 συναίρονται
3414 2356 3526 2415 τοῖς
3569 2353 3799 2406 ἀποστόο

2217 2452 2328 2513 λοις
2358 2456 2492 2520 πρὸς
2524 2451 2584 2502 τὸ
2604 2449 2888 2519 ζωγρῆσαι
2911 2446 3232 2517 ἀνθρώπους
3253 2462 3268 2476 ³
3292 2445 3482 2498 σκόπει
3507 2444 3563 2496 δὲ
3588 2445 3684 2495 καὶ
3706 2444 3801 2510 τὴν

2216 2541 2358 2607 λέξιν
2381 2540 2493 2603 τοῦ,
2516 2540 2737 2593 Χαλῶσι
2782 2540 2842 2591 τὸ
2860 2538 3096 2592 δίκτυον.
3122 2538 3193 2591 To
3221 2538 3318 2607 μιν
3341 2537 3448 2606 γάρ
3475 2535 3802 2603 Εὑαγγέλιόν

2215 2636 2330 2686 ὲστι
2366 2633 2426 2685 τὸ
2459 2633 2708 2684 δίκτυον·
2743 2630 2890 2696 λέξιν
2931 2630 2987 2683 δὲ
3016 2631 3139 2700 ἕχον
3168 2629 3433 2697 ταπεινὴν
3467 2627 3564 2681 κοιλ⁵
3606 2626 3798 2696 πεζὴν,

2213 2726 2308 2778 καὶ
2349 2721 2826 2794 συγκαταόατικὴν
2867 2722 3004 2793 πρὸς
3039 2722 3136 2793 τὴν
3184 2720 3450 2774 ἰδιωτείαν
3484 2720 3596 2773 τῶν
3629 2722 3796 2772 ἀκου-

2226 2817 2416 2876 όντων,
2453 2814 2540 2867 διὰ
2570 2814 2729 2868 τοῦτο
2761 2813 2979 2881 λέγεται
3010 2811 3366 2884 χαλασθῆναι.
3399 2811 3462 2864 Εἰ
3490 2811 3546 2863 δέ
3583 2827 3666 2874 τις
3710 2809 3804 2862 καὶ

2225 2907 2285 2959 τὸ
2337 2907 2497 2978 βάθος
2554 2906 2661 2959 τῶν
2711 2907 3004 2973 νοημάτων
3053 2903 3345 2973 δηλοῦσθαι
3390 2903 3525 2972 φαίη
3573 2903 3660 2955 διὰ
3710 2901 3800 2953 τοῦ

542 2994 804 3064 χαλᾶσθαι
831 2997 888 3048 τὸ
919 2997 1154 3061 δίκτυον,
1187 2999 1306 3052 οὐδὲ
1339 2998 1495 3051 τοῦτο
1530 2998 1755 3056 ἀπεικός
1783 3014 1796 3028 '
1854 2997 2210 3066 πεπλήρωται
2248 2997 2379 3065 γοῦν
2412 2998 2507 3050 καὶ
2534 2999 2594 3051 τὸ
2619 2997 2712 3052 τοῦ
2776 2998 3082 3067 προφήτου,
3123 2996 3368 3057 εἰπόντος
3396 3012 3409 3026 ·
3445 3013 3464 3046 ι
3512 2995 3642 3048 Ἰδοὺ
3694 2993 3802 3060 ἑγὼ

539 3090 825 3144 ἀποστελῶ
863 3093 1034 3154 ἁλιεῖς
1076 3093 1340 3157 πολλοὺς,
1379 3093 1528 3161 λέγει
1574 3093 1808 3162 Κύριοςο
1853 3092 1948 3144 καὶ
1986 3094 2124 3162 μετά
2159 3092 2331 3146 ταῦτα
2355 3092 2639 3147 ἀποστελῶ
2671 3092 2898 3156 πολλοὺς
2965 3090 3258 3161 θηρευτὰς,
3319 3089 3415 3141 καὶ
3442 3087 3804 3155 θηρεύσουσιν

539 3184 734 3246 αὐτούς
759 3201 773 3216 ο
817 3203 835 3238 ι
878 3184 1002 3247 τοὺς
1045 3186 1143 3254 μὲν
1183 3186 1384 3248 ἁλιεῖς,
1441 3187 1566 3248 τοὺς
1594 3186 1782 3253 ἁγίους
1813 3185 2142 3249 ἀποστόλους
2182 3185 2355 3250 λέγων
2379 3203 2392 3215 '
2437 3185 2709 3256 θηρευτὰς
2749 3186 2828 3247 δὲ,
2860 3185 2986 3248 τοὺς
3015 3183 3159 3238 κατά
3187 3182 3411 3252 καιροὺς
3437 3180 3546 3234 τῶν
3576 3179 3803 3248 Ἐκκλη·

543 3277 674 3330 σιῶν
704 3278 1041 3348 ἡγουμένους
1073 3280 1167 3332 καὶ
1188 3280 1559 3342 διδασκάλους.

612 3373 778 3427 Vens.
814 3373 995 3428 l2-l6.
1028 3392 1046 3425 ι
1095 3373 1158 3427 Εῑ
1188 3375 1387 3428 factum
1423 3385 1526 3440 est,
1557 3392 1676 3429 cum
1711 3386 1854 3431 esset
1896 3377 1946 3431 In
1985 3393 2118 3447 qua~
2145 3381 2188 3439 C

540 3466 663 3516 dam
719 3465 962 3530 civitate,
1009 3473 1063 3518 et
1117 3481 1242 3520 ecce
1300 3466 1383 3519 vir
1427 3467 1618 3536 plenus
1663 3467 1831 3538 lepra,
1887 3484 2117 3539 cumque

543 3557 762 3610 vidisset
795 3555 1001 3620 Jesum,
1045 3567 1350 3627 prostratus
1398 3561 1449 3612 in
1494 3559 1685 3614 laciem
1722 3562 1927 3631 rogavit
1970 3577 2113 3626 eum,

541 3650 727 3704 dicens
769 3668 780 3702 :
825 3648 1071 3712 Domine,
1108 3652 1148 3704 si
1186 3651 1289 3714 vis,
1327 3662 1477 3718 potes
1503 3668 1586 3705 me
1611 3654 1886 3706 mundare.
1909 3651 1972 3705 Et
1994 3669 2116 3720 pro-

542 3755 690 3796 :eusa
727 3758 886 3794 manu
913 3745 1082 3811 tetigit
1115 3758 1260 3806 enm,
1294 3745 1479 3798 dicens
1501 3763 1512 3795 :
1534 3743 1687 3807 Volo,
1723 3746 1950 3798 mundus
1975 3757 2110 3800 esto.

542 3835 606 3886 Et
635 3833 919 3887 confestim
961 3834 1102 3902 lepra
1141 3835 1389 3888 discessit
1419 3836 1486 3888 ab
1523 3834 1633 3887 illo.
1681 3835 1744 3888 Et
1777 3835 1889 3903 ipse
1917 3851 2118 3905 prace-

543 3926 618 3991 pit
649 3925 719 3978 illi
749 3941 812 3978 ne
844 3927 1094 3993 cuiquam
1124 3927 1360 3980 diceret:
1383 3925 1477 3981 sed
1509 3927 1661 3991 vade,
1683 3927 1876 3995 inquit,
1895 3929 2117 3982 ostende

546 4020 768 4087 leipsnnt
800 4019 1091 4081 sacerdoti,
1133 4028 1184 4072 et
1225 4019 1358 4073 oﬂ'er
1391 4035 1593 4075 munus
1622 4035 1720 4090 pro
1741 4019 2118 4074 emundatione

544 4113 646 4176 tui,
674 4109 1130 4179 quemadmodum
1164 4115 1416 4179 pracepit
1448 4111 1625 4167 Moses
1658 4113 1709 4165 in
1744 4112 2111 4167 testimonium

542 4203 671 4254 illis.
721 4200 1121 4270 Pervagabatur
1163 4210 1343 4255 autem
1385 4204 1554 4271 magis
1582 4217 1768 4256 rumor
1798 4203 1864 4258 de
1906 4203 2018 4265 illo,
2062 4213 2116 4258 et

543 4290 944 4347 conveniebant
982 4292 1150 4345 turbae
1202 4293 1380 4346 multa!
1427 4303 1486 4348 ut
1521 4297 1806 4357 audirent,
1861 4306 1912 4347 et
1953 4309 2115 4347 sana-

543 4394 730 4436 rentur
759 4382 825 4434 ab
870 4381 1271 4436 infirmitatibus
1306 4384 1438 4437 suis.
1475 4384 1595 4453 ipse
1624 4393 1803 4436 autem
1843 4380 2036 4448 agebat
2061 4381 2114 4434 in

544 4491 757 4531 secessu
797 4478 848 4530 in
871 4477 1100 4532 desertis
1131 4485 1182 4530 et
1217 4480 1424 4531 orabat.
1464 4495 1480 4526 ι
1517 4476 1888 4530 Admiratione
1919 4476 2115 4544 dignus

544 4576 626 4619 cst
666 4566 908 4634 leprosus
940 4566 1047 4629 ille,
1084 4567 1209 4635 quia
1241 4568 1455 4635 dignam
1488 4565 1598 4620 Deo
1636 4567 1702 4619 de
1750 4564 1966 4620 Christo
1995 4564 2115 4633 opi-

543 4661 760 4715 nionem
792 4662 977 4714 habuit
1007 4669 1062 4714 et
1092 4661 1225 4714 dixit
1259 4678 1272 4712 :
1303 4659 1357 4712 Si
1397 4660 1497 4720 vis,
1523 4669 1675 4726 potes
1703 4672 1790 4710 me
1832 4657 2109 4710 mundare.

2303 3396 2320 3426 ι
2353 3377 2459 3429 Καὶ
2492 3375 2705 3443 ἐγένετο
2735 3375 2792 3425 ὲν
2827 3371 2905 3442 τῷ
2939 3366 3079 3426 εἶναι
3108 3371 3273 3425 αὐτὸν
3311 3371 3368 3424 ὲν
3405 3372 3507 3442 μιᾷ
3547 3369 3659 3424 τῶν
3709 3370 3803 3423 πό-

2226 3469 2382 3531 λεων,
2420 3470 2513 3520 καὶ
2558 3467 2665 3518 ἰδοὺ
2694 3466 2833 3535 ἁνήρ
2881 3465 3098 3535 πλήρης
3129 3463 3375 3533 λέπρας,
3415 3464 3513 3515 καὶ
3546 3461 3674 3516 ίδὼν
3715 3463 3803 3515 τὸν

2234 3560 2439 3630 Ἰησοῦν
2463 3600 2476 3623 ,
2514 3558 2694 3611 πεσὼν
2737 3559 2830 3611 ἐπὶ
2876 3557 3198 3626 πρόσωπον,
3237 3554 3428 3625 ἐδεήθη
3468 3553 3670 3617 αὐτοῦ,
3714 3555 3803 3607 λέ-

2221 3668 2362 3719 γων’
2402 3652 2592 3721 Κύριε,
2630 3651 2722 3703 ὲάν
2757 3651 2940 3720 θέλῃς,
2971 3649 3196 3702 δύνασαί
3238 3667 3305 3717 με
3343 3648 3659 3719 καθαρίσαι.
3695 3647 3804 3700 Καὶ

2218 3745 2464 3805 ἐκτείνας
2515 3744 2613 3814 τήν
2655 3746 2841 3813 χεῖρα,
2896 3743 3075 3811 ήψατο
3123 3741 3288 3794 αὑτοῦ
3313 3781 3327 3805 ,
3381 3740 3588 3804 εἰπὼν,
3615 3738 3801 3796 Θέλω.

2220 3837 2616 3905 καθαρίσθητι·
2682 3837 2775 3888 καὶ
2836 3832 3039 3895 εὐθέως
3095 3835 3128 3901 ὴ
3188 3830 3365 3902 λέπρα
3411 3830 3659 3899 ἀπῆλθεν
3708 3829 3802 3883 ἀπ’

2221 3926 2405 3980 αὑτοῦ.
2451 3926 2558 3978 Καὶ
2591 3926 2752 3986 αὐτὸς
2787 3922 3155 3993 παρήγγειλεν
3182 3921 3331 3990 αὐτῷ
3367 3920 3560 3990 μηδενὶ
3603 3921 3798 3973 είπεῐν·

2221 4017 2357 4071 ἀλλά
2384 4016 2657 4076 ἀπελθὼν,
2701 4015 2872 4080 δεῖξον
2904 4016 3126 4067 σεαυτὸν
3155 4013 3233 4085 τῷ
3288 4015 3446 4083 ἱερεῖ,
3481 4011 3580 4066 καὶ
3601 4028 3800 4082 ⁸προσ-

2221 4111 2412 4177 ένεγκε
2445 4109 2693 4179 περὶτοῦ
2735 4106 3080 4178 καθαρισμοῦ
3129 4125 3221 4160 σου
3262 4106 3447 4170 καθὼς
3499 4106 3800 4178 προσέταξε

2217 4201 2446 4270 Μωσῆς,
2480 4202 2559 4264 εἰς
2591 4199 2897 4271 μαρτύριον
2924 4200 3132 4260 αὐτοῖς.
3157 4197 3423 4267 Διήρχετο
3454 4195 3511 4249 δὲ
3549 4196 3750 4266 μᾶλλον
3776 4196 3803 4247 δ

2219 4293 2373 4360 λόγος
2423 4295 2553 4362 περὶ
2603 4291 2791 4344 αὐτοῦ.
2849 4292 2960 4344 Καὶ
3015 4291 3343 4361 συνήρχοντο
3389 4288 3539 4359 δχλοι
3592 4287 3800 4350 πολλοὶ,

2220 4381 2441 4436 ἀκούειν
2471 4381 2563 4434 καὶ
2594 4379 2998 4450 θεραπεύεσθαι
3036 4379 3127 4431 ὑπ’
3156 4377 3326 4431 αὑτοῦ
3359 4378 3468 4431 ἀπὸ
3499 4379 3611 4431 τῶν
3641 4379 3800 4432 ἀσθε-

2218 4479 2378 4531 νειῶν
2403 4475 2603 4532 αὐτῶν.
2631 4475 2804 4537 Αὐτὸς
2824 4474 2880 4527 δὲ
2899 4469 2967 4543 ἦν
2998 4470 3301 4543 ὑποχωρῶν
3323 4471 3379 4524 ὲν
3397 4474 3517 4535 ταῖς
3547 4473 3799 4542 ἐρήμοις,

2219 4569 2314 4623 καὶ
2350 4565 2808 4638 προσευχόμενος.
2841 4583 2859 4616 ι
2907 4562 3372 4632 ’Δξιοθαύμαστος
3396 4563 3424 4614 ό
3450 4561 3652 4632 λεπρὸς
3672 4602 3688 4624 ,
3717 4562 3800 4614 ὅτι

2219 4659 2500 4729 θεοπρεπῆ
2530 4659 2739 4710 ἔννοιαν
2762 4655 2891 4726 περὶ
2920 4654 3016 4706 τοῦ
3036 4654 3242 4725 Κυρίου
3263 4653 3423 4723 ἔχων,
3443 4654 3635 4721 φησὶν,
3675 4653 3799 4706 Ἐάν

545 4753 658 4807 Hoc
687 4753 828 4806 enim
857 4753 1058 4806 indicat
1100 4754 1272 4820 ipsum
1316 4753 1635 4805 sentientem
1678 4751 1743 4803 de
1792 4748 2010 4802 Christo
2055 4760 2112 4801 ut

2219 4752 2380 4821 θέλῃς
2401 4793 2412 4814 ,
2445 4752 2671 4803 δύνασαί
2706 4767 2770 4820 με
2817 4748 3136 4821 καθαρίσαι.
3169 4745 3341 4800 Τοῦτο
3385 4747 3496 4817 γὰρ
3524 4747 3799 4800 δείκνυσιν

545 4849 610 4903 de
639 4847 769 4901 Deo.
803 4846 920 4900 Non
950 4847 1091 4901 enim
1121 4855 1176 4898 ut
1202 4845 1265 4896 ad
1295 4845 1561 4899 medicum
1590 4851 1916 4905 accesserat,
1940 4855 2114 4910 neque

545 4941 688 4994 enim
712 4939 858 5009 lepra
890 4954 917 4991 a
941 4939 1166 4993 medicis
1195 4938 1371 4992 curari
1399 4945 1598 5007 potest,
1626 4939 1719 4991 sed
1743 4945 1799 4990 ut
1827 4938 1892 4992 ad
1923 4937 2112 5002 Deum,

545 5031 699 5100 cujus
747 5030 914 5083 solius
964 5039 1046 5083 est
1097 5043 1293 5082 sanare
1347 5030 1396 5083 id
1441 5043 1610 5098 genus
1662 5029 1995 5082 morborum.
2049 5030 2117 5080 At

545 5123 699 5178 Iesus
733 5122 900 5191 tangit
924 5122 1096 5184 illum,
1130 5137 1226 5175 nec
1254 5123 1370 5176 sine
1400 5137 1582 5186 causa,
1612 5122 1706 5176 sed
1728 5122 1983 5187 quoniam
2017 5122 2118 5174 im-

547 5214 780 5267 mundus
817 5212 1117 5265 liahebatur
1150 5210 1300 5276 juxta
1335 5211 1528 5280 legem,
1562 5212 1649 5279 qui
1683 5211 1948 5280 leprosum
1988 5221 2112 5265 tan-

545 5306 726 5372 gebat,
757 5305 942 5359 volens
971 5304 1254 5358 ostendere
1293 5304 1432 5372 quod
1479 5319 1582 5357 non
1618 5313 1860 5359 teneatur
1902 5305 1967 5357 ad
1996 5319 2115 5357 ser-

547 5396 719 5450 vanda
771 5405 875 5448 tam
937 5395 1129 5464 exigua
1183 5394 1319 5463 legis
1373 5394 1538 5456 dicta,
1581 5403 1635 5448 et
1685 5396 1824 5462 quod
1884 5396 1997 5448 inse
2043 5395 2113 5447 sit

555 5488 811 5541 Dominus
864 5483 1017 5552 legis,
1049 5493 1102 5536 et
1142 5486 1281 5553 quod
1314 5485 1547 5538 mundus
1597 5498 1700 5537 non
1732 5485 2111 5554 coinquinetur

550 5595 614 5631 σει
677 5593 742 5632 eo
785 5578 926 5644 quod
984 5575 1200 5631 videtur
1255 5577 1612 5640 immundum,
1672 5577 1763 5630 sed
1804 5561 2109 5630 animorum

552 5665 699 5732 lepra
736 5669 806 5721 sit
835 5683 952 5735 quae
983 5668 1319 5739 coinquinat,
1363 5680 1416 5724 et
1460 5668 1578 5724 ideo
1607 5667 1775 5736 tangit
1827 5685 1840 5720 :
1891 5665 2110 5721 interim

622 5822 667 5853 ’⁷
699 5820 892 5874 Jcrcm.
923 5839 1027 5889 xvi,
1066 5825 1149 5880 16.

2220 4842 2383 4896 αὑτὸν
2413 4841 2700 4894 ἐννοοῦντα
2739 4841 2866 4910 περὶ
2890 4840 2985 4893 τοῦ
3013 4839 3272 4910 Χριστοῦ,
3295 4840 3370 4904 ὡς
3400 4839 3530 4908 περὶ
3556 4839 3712 4893 Θεοῦ·
3736 4840 3795 4891 ού

2220 4935 2329 5004 γὰρ
2367 4933 2443 4997 ὡς
2494 4933 2662 5004 ίατρῷ
2713 4933 3057 5004 προσήρχετο
3105 4932 3161 5001 (ἡ
3196 4931 3304 5001 γάρ
3363 4929 3540 5002 λέπρα
3598 4930 3796 5000 ἰατρῶν

2224 5027 2411 5095 χερσὶν
2435 5024 2893 5097 ἀνεπιχείρητος),
2927 5024 3042 5077 ἀλλ’
3073 5023 3148 5086 ὡς
3169 5023 3308 5092 Θεῷο
3340 5025 3533 5078 τούτου
3557 5022 3666 5094 γάρ
3698 5023 3794 5095 μό-

2222 5134 2313 5170 νου
2342 5118 2403 5170 τὸ
2434 5117 2500 5170 τὰ
2522 5119 2743 5171 τοιαῦτα
2782 5117 2985 5171 ἰᾶσθαι.
3024 5116 3085 5170 '0
3106 5117 3163 5170 δὲ
3203 5117 3409 5188 Κύριος
3436 5118 3670 5172 ἅπτεται
3702 5117 3792 5170 αύ-

2222 5205 2314 5257 τοῦ
2335 5245 2353 5270 ,
2405 5207 2506 5257 οὐκ
2558 5204 2789 5271 ἀλόγως,
2834 5205 2953 5258 ἀλλ’
2997 5204 3184 5275 ἐπειδὴ
3242 5205 3386 5259 κατὰ
3420 5206 3514 5262 τὸν
3548 5206 3732 5278 νόμον,
3765 5209 3792 5260 δ

2223 5298 2528 5368 ἁπτόμενος
2579 5297 2784 5369 λεπροῦ
2831 5298 3008 5352 ἐδόκει
3056 5299 3366 5370 ἀκάθαρτος
3402 5294 3584 5365 εἶναι,
3625 5301 3792 5354 θέλων

2218 5393 2410 5458 δεῖξαι,
2447 5392 2528 5444 ὅτι
2559 5393 2657 5454 τὰς
2683 5392 2937 5455 τοιαύτας
2974 5395 3326 5465 μικρολογίας
3357 5395 3452 5448 τοῦ
3486 5397 3654 5466 νόμου
3696 5395 3794 5450 οὐκ

2217 5483 2466 5551 ἀνάγκην
2496 5485 2610 5553 ἔχει
2646 5485 2934 5552 φυλάττειν
2953 5527 2966 5551 ,
2996 5487 3111 5541 ἀλλ’
3139 5488 3303 5552 αὐτός
3336 5491 3485 5542 ἐστιν
3512 5491 3541 5543 δ
3579 5489 3673 5544 τοῦ
3705 5489 3792 5545 νό-

2221 5591 2322 5642 μου
2371 5574 2597 5644 Κύριος,
2632 5577 2726 5629 καὶ
2771 5578 2851 5630 ὅτι
2892 5578 3043 5631 οὐδὲν
3075 5582 3102 5633 ὁ
3132 5578 3373 5649 καθαρὸς
3407 5580 3700 5650 μολύνεται
3730 5580 3794 5634 ὲκ

2217 5665 2312 5720 τοῦ
2345 5665 2629 5731 δοκοῦντος
2653 5669 2988 5742 ἀκαθάρτου,
3021 5673 3137 5726 ἀλλ’
3164 5673 3196 5744 ή
3232 5673 3340 5727 τῶν
3365 5672 3558 5746 ψυχῶν
3590 5672 3791 5746 λέπρα,
