4038 6568
177 485 277 548 7‘51

894 486 1369 550 IENARRATIO
1405 488 1487 550 IN
1525 487 2036 552 EVANGELIUM
2077 490 2317 552 LUC/8.
2348 514 2415 525 -
2444 489 2607 550 CAP.
2644 488 2713 548 V.

3377 477 3488 540 762

178 606 362 675 εκείνη
403 603 555 658 ἐστὶν
592 602 626 674 ἡ
680 599 988 674 μολύνουσα
1013 619 1027 632 ·
1061 603 1254 655 τούτου
1285 601 1474 656 ἕνεκεν
1508 601 1745 656 ἅπτεται
1768 614 1781 629 ·

1904 610 1948 657 et
1993 603 2094 658 hoc
2138 602 2391 675 indicans
2444 601 2587 671 quod
2653 606 2844 654 sancta
2890 589 3014 664 eius
3063 593 3487 649 carodivlnam

177 698 291 766 ἄμα
317 695 398 762 δι,
435 695 526 750 καὶ
555 695 640 749 ἵνα
669 692 822 764 δείξῃ
850 693 931 746 ὅτι
959 696 992 764 ή
1029 694 1160 762 ἁγία
1205 692 1375 748 αὐτοῦ
1445 693 1586 766 σὰρξ
1625 693 1779 747 θείαν

176 788 288 856 ἔχει
319 788 574 858 δύναμιν.
606 785 697 839 καὶ
739 785 1050 856 καθαρτικη
1091 785 1228 838 οὖσα
1258 785 1354 838 καὶ
1388 784 1736 853 ζωογονοῦσα
1762 825 1776 850 ,

177 881 255 938 ὡς
297 880 394 933 τοῦ
429 878 566 934 Θεοῦ
611 878 789 947 Λόγου
819 874 954 930 οὖσα
988 879 1148 948 σὰρξ.
1182 878 1564 948 Παραγγέλλει
1610 877 1668 931 δὲ
1703 878 1781 948 τῷ

179 973 370 1042 λεπρῷ
401 974 487 1026 ἴνα
513 972 703 1041 μηδενὶ
733 973 886 1044 εἴπῃ,
919 971 1184 1024 διδάσκων
1216 971 1361 1041 ἡμᾶς
1390 971 1466 1042 μὴ
1490 971 1675 1041 ζητεῖν
1699 972 1785 1024 εύ-

179 1084 255 1136 φη
266 1065 395 1134 μίας
416 1063 568 1134 παρά
591 1063 700 1115 τῶν
720 1063 1216 1134 εὐεργετουμένων.
1238 1063 1519 1118 Ἀπελθὼν
1541 1064 1598 1118 δὲ
1625 1065 1780 1135 φησι,

176 1157 354 1222 δεῖξον
383 1156 612 1209 σεαυτὸν
632 1155 710 1226 τῷ
739 1155 913 1225 ἱερεῖ,
947 1156 1042 1208 καὶ
1066 1155 1402 1224 προσένεγκε
1425 1156 1486 1209 τὸ
1502 1155 1675 1227 δῶρον
1704 1156 1784 1218 είς

181 1248 488 1321 μαρτύριον
513 1248 718 1310 αὐτοῖς·
742 1247 906 1316 νόμος
927 1245 1038 1318 γὰρ
1062 1243 1150 1317 ἦν,
1169 1246 1262 1300 τὸν
1288 1248 1439 1320 ἱερέα
1457 1247 1782 1318 δοκιμάζειν

177 1345 308 1404 τοὺς
362 1340 768 1410 λεπρωθάντας,
804 1340 902 1393 καὶ
953 1340 1163 1410 κρίνειν
1202 1341 1252 1392 εί
1300 1339 1780 1411 ἐκαθαρίσθησαν·

178 1438 277 1489 καὶ
332 1435 430 1487 ἐὰν
461 1436 560 1503 μὲν
596 1432 663 1486 δι’
697 1433 841 1485 ἑπτὰ
878 1435 1106 1502 ἡμερῶν
1153 1432 1493 1503 ἐκαθαρίσθη
1520 1474 1535 1497 ,
1588 1432 1784 1502 ἔμενεν

180 1532 293 1586 ἔσω
335 1533 434 1602 τῆς
471 1531 681 1591 πόλεως
729 1531 756 1583 ὀ
802 1528 1042 1596 λεπρός’
1095 1529 1143 1580 εί
1189 1526 1246 1581 δὲ
1287 1528 1361 1599 μὴ
1388 1569 1402 1592 ,
1440 1527 1782 1592 ὲξεὸἀλλετο.

179 1625 356 1678 Τοῦτο
385 1624 565 1677 τοίνυν
587 1622 754 1691 φησὶν
779 1624 807 1675 ὀ
827 1623 1057 1693 Κύριος,
1089 1641 1108 1673 ι
1148 1622 1392 1690 ’Ύπαγε,
1418 1622 1592 1688 δεῖξον
1622 1637 1786 1673 σεαυο

179 1721 274 1772 τὶν
308 1718 388 1786 τῷ
426 1719 563 1787 lapsi
585 1758 598 1777 ,
635 1716 731 1768 καὶ
760 1715 1099 1784 προσένεγκε
1124 1715 1185 1767 τὸ
1238 1715 1433 1785 δῶρον.
1472 1733 1490 1768 ι
1533 1714 1599 1767 Τί
1630 1715 1687 1768 δὲ
1717 1711 1785 1785 ἦν

182 1814 244 1866 τὸ
282 1813 493 1882 δῶρονς
525 1812 629 1863 Δύο
653 1810 889 1882 ὀρνίθια·
933 1809 984 1863 τί
1025 1809 1082 1862 δέ
1115 1811 1232 1863 ἐστι
1261 1809 1344 1874 τὸ,
1369 1810 1450 1872 είς
1484 1807 1787 1878 μαρτύριον

185 1909 413 1971 αὖτοϊςς
451 1904 784 1970 Τουτέστιν,
815 1905 892 1966 είς
929 1902 1154 1972 ἐλεγχον
1194 1903 1500 1976 αὐτῶνκαὶ
1544 1918 1788 1970 κατηγο-

1890 697 2088 751 habeat
2108 695 2384 758 virtutem,
2408 704 2464 750 et
2491 691 2744 762 purilicet
2768 706 2833 745 ac
2862 688 3123 749 viviticet,
3153 696 3338 756 utpote
3363 700 3488 756 qute

1890 789 1961 844 sit
2001 804 2129 846 caro
2159 786 2326 843 Verbi
2366 788 2479 842 Dei.
2513 785 2779 855 Praecepit
2808 792 2991 837 autem
3037 780 3254 848 leproso
3304 795 3369 832 ne
3397 779 3490 832 cui

1889 883 2118 945 diceret,
2163 896 2260 937 nos
2310 881 2514 935 docens
2545 888 2603 933 ut
2649 878 2718 930 ah
2753 877 2856 941 his,
2894 874 3098 944 quibus
3149 870 3492 927 henefeceri-

1892 988 2033 1036 mus,
2070 973 2284 1026 laudem
2325 988 2430 1026 non
2462 983 2793 1038 qttazramus.
2830 967 2931 1022 Abi
2964 975 3172 1025 autem,
3203 963 3404 1033 inquit,
3435 969 3496 1017 et

1890 1065 2121 1122 ostende
2151 1065 2380 1134 teipsunt
2412 1064 2710 1124 sacerdoti,
2743 1072 2797 1116 et
2834 1060 2970 1115 on'er
3002 1074 3199 1114 munus
3241 1057 3294 1110 in
3339 1055 3494 1110 testi-

1894 1162 2134 1217 monium
2198 1159 2325 1214 illis.
2369 1156 2480 1212 Lex
2522 1155 2752 1210 cavebat
2785 1168 2814 1206 a
2852 1151 3140 1207 sacerdote
3184 1146 3498 1219 probandos

1892 1252 2157 1322 leprosos,
2203 1251 2294 1322 qui
2333 1250 2606 1317 iudicaret
2635 1262 2705 1301 an
2751 1244 3023 1314 puriﬁcati
3070 1251 3279 1298 essent.
3337 1239 3405 1294 Et
3442 1238 3493 1293 sl

1892 1347 2110 1414 quidem
2144 1344 2286 1397 intra
2319 1341 2434 1396 dies
2458 1347 2666 1407 septem
2703 1336 3100 1404 puriticahatur
3132 1335 3279 1402 quis,
3307 1344 3502 1385 mane-

1893 1437 1988 1492 but
2023 1438 2164 1490 intra
2200 1436 2478 1489 civitatem
2521 1447 2534 1486 :
2570 1436 2652 1487 sin
2692 1430 2896 1492 minus,
2923 1427 3266 1495 eliciebatur.
3305 1423 3370 1478 Et
3397 1422 3502 1476 hoc

1895 1545 1997 1597 est,
2023 1534 2166 1604 quod
2201 1533 2330 1587 dicit
2360 1533 2622 1585 Dominus
2658 1546 2672 1582 :
2715 1545 2734 1578 ι
2770 1524 2942 1587 Vade,
2968 1525 3199 1578 ostende
3231 1533 3282 1576 te
3317 1535 3499 1576 sacer-

1895 1630 2032 1690 doti.
2075 1637 2130 1682 et
2182 1627 2316 1682 offer
2355 1641 2571 1678 munus.
2609 1644 2626 1675 ι
2664 1623 2818 1689 Quod
2869 1630 3052 1674 autem
3098 1628 3217 1672 erat
3267 1614 3502 1670 munus?

1898 1725 2027 1778 Duae
2051 1737 2201 1776 aves.
2240 1721 2346 1774 Sed
2381 1719 2506 1786 quid
2536 1718 2703 1788 306
2734 1727 2835 1781 est,
2865 1717 2919 1771 in
2955 1711 3329 1768 testimonium
3359 1708 3503 1763 illis?

1899 1814 2011 1868 lloc
2069 1823 2174 1876 est,
2224 1812 2274 1864 in
2326 1811 2806 1879 reprehensionem
2857 1818 2911 1860 et
2979 1801 3505 1859 condemnationem

1897 1908 2157 1970 illorum,
2190 1917 2248 1958 ut
2280 1904 2498 1973 quando
2540 1902 2927 1958 corndemnant
2973 1913 3059 1951 me
3097 1911 3196 1952 ceu
3245 1893 3508 1963 praevari-

190 1999 340 2069 ρίαν,
365 1997 434 2050 ἶν’
461 1998 593 2050 ὅταν
618 1994 973 2066 κατηγορῶσί
1002 2012 1104 2064 μου
1128 1995 1204 2059 ὠς
1235 1973 1673 2066 παραϐαίνοντος
1695 1992 1787 2045 τὸν

1904 2009 2138 2054 calorem
2183 1998 2336 2065 tegis,
2387 2010 2451 2049 ex
2483 1997 2586 2049 hoc
2619 1993 2919 2062 arguantur
2967 2005 3054 2044 me
3105 2003 3210 2042 non
3245 1983 3508 2056 praevari-

183 2093 376 2161 νόμον,
409 2091 474 2144 ὲκ
510 2088 704 2144 τούτου
738 2089 1071 2157 ἐλέγχωνται
1099 2090 1182 2142 ὅτι
1217 2089 1277 2141 οὐ
1316 2086 1644 2158 παραϐαίνω
1670 2128 1686 2151 ,
1727 2087 1791 2140 ὲκ

185 2182 287 2238 τοῦ
333 2181 640 2250 προστάξαι
674 2196 758 2234 σοι
790 2183 1187 2250 προσενεγκεῖν
1219 2181 1281 2233 τὸ
1311 2180 1488 2252 δῶρον
1509 2192 1532 2241 ,⁸
1557 2181 1586 2233 ὃ
1615 2197 1790 2248 προσ-

183 2274 346 2341 έταξε
371 2277 614 2344 Μωσῆςο
651 2273 778 2338 Πῶς
808 2274 866 2327 δὲ
901 2276 970 2328 τά
1004 2274 1098 2328 δύο
1143 2273 1355 2344 ὀρνίθια
1390 2275 1571 2326 ὲκείνα
1617 2290 1792 2344 προσ-

183 2371 391 2440 ήγοντο
419 2369 496 2438 τῷ
527 2367 648 2439 Θεῷ
675 2406 690 2431 ,
740 2368 841 2421 οὐκ
875 2367 1106 2437 ἄκαιρον
1133 2368 1331 2419 είπείνο
1364 2367 1631 2435 ἐσφάζετο
1657 2365 1717 2418 τὸ
1738 2363 1795 2416 ἓν

181 2462 446 2534 ὀρνίθιον.
484 2460 596 2516 Καὶ
629 2460 955 2530 ὑπεδέχοντο
985 2458 1044 2512 τὸ
1077 2454 1219 2526 αἷμα
1251 2459 1453 2521 αὑτοῦ,
1500 2459 1558 2509 ὲν
1587 2457 1797 2526 ἀγγείῳ

183 2552 502 2624 ὀστρακίνῳ
527 2550 726 2622 καινῷ-
751 2545 870 2615 εἷτα
894 2549 988 2602 τοῦ
1012 2550 1200 2619 ἑτέρου
1230 2548 1470 2620 ὀρνιθίου
1496 2547 1792 2618 ἀμφότερα

181 2647 258 2700 τὰ
296 2644 476 2716 πτερὰ
515 2644 819 2697 ὲδάπτοντο
849 2643 908 2696 ιν
960 2641 1039 2710 τῷ
1079 2642 1303 2710 αἵματι.
1342 2641 1435 2693 καὶ
1465 2638 1642 2702 οὕτως
1687 2641 1798 2692 ἀπ-

185 2737 384 2794 ελύετο
417 2736 476 2791 τὸ
502 2735 735 2807 ὀρνίθιον
768 2734 898 2799 ζῶν.
924 2733 1200 2798 Είκόνιζον
1236 2728 1330 2787 οὖν
1363 2732 1535 2786 ταῦτα
1564 2731 1631 2783 τά
1658 2731 1802 2786 κατὰ

185 2831 288 2884 τὸν
322 2829 598 2900 Χριστόν·
629 2828 697 2881 τὰ
730 2827 824 2881 δύο
853 2829 960 2898 γὰρ
994 2826 1231 2897 ὀρνίθια.
1266 2825 1322 2878 al
1355 2823 1448 2878 δύο
1481 2821 1676 2892 φύσεις
1706 2822 1802 2876 τοῦ

185 2921 462 2994 Χριστοῦ,
491 2922 526 2992 η
564 2938 624 2973 τε
657 2920 778 2973 θεία
810 2920 903 2972 καὶ
931 2921 964 2988 η
997 2918 1341 2988 ἀνθρωπίνη,
1391 2908 1466 2969 ὧν
1504 2916 1566 2969 τὸ
1601 2917 1699 2986 μὲν
1745 2915 1803 2968 ἓν

185 3019 416 3086 ἐσφάγη
441 3058 456 3079 ,
505 3013 788 3067 τουτέστιν
847 3015 880 3081 ἡ
923 3011 1260 3082 ἀνθρωπίνη·
1293 3011 1355 3064 τὸ
1379 3011 1437 3064 δι
1470 3011 1659 3081 ἕτερον
1692 3012 1805 3064 ἀπο

185 3106 365 3175 ελύθη
393 3104 524 3168 ζῶν.
563 3102 630 3156 Ἦ
663 3103 770 3172 γὰρ
797 3102 920 3154 θεία
946 3102 1108 3170 φύσις
1142 3099 1362 3170 ἀπαθὴς
1389 3100 1650 3171 διέμεινε,
1682 3118 1805 3170 χρι-

186 3199 397 3253 σθεϊσα
424 3201 502 3267 τῷ
533 3197 727 3267 αἵματι
753 3198 852 3265 τῆς
876 3195 1161 3265 παθούσης
1186 3194 1425 3263 φύσεως,
1460 3195 1556 3249 καὶ
1579 3195 1660 3256 είς
1681 3195 1808 3248 tau-

1896 2092 2010 2146 cari
2050 2093 2193 2159 quod
2242 2088 2550 2142 mandarim
2585 2094 2645 2139 ut
2688 2085 2793 2139 illis
2839 2082 3101 2138 oﬂ'eratur
3137 2084 3335 2134 donum
3366 2079 3509 2134 sicut

1897 2186 2156 2256 praecepit
2177 2185 2372 2238 Moses.
2403 2182 2689 2249 Quomodo
2719 2188 2900 2232 autem
2928 2176 3046 2230 dum
3068 2190 3196 2230 aves
3221 2173 3326 2227 illae
3353 2169 3493 2225 οσσ-

1901 2278 2164 2332 rebautur
2201 2276 2449 2336 Domino,
2482 2288 2588 2327 non
2620 2268 3066 2340 intempestivum
3092 2265 3255 2320 luerit
3281 2264 3505 2317 dixisse.

1903 2364 1948 2421 Ο
1986 2366 2269 2420 cidehatur
2323 2379 2429 2417 una
2479 2365 2620 2428 avis,
2652 2371 2706 2414 et
2754 2359 3132 2428 suscipiebant
3182 2353 3507 2426 sanguinem

1902 2461 2022 2526 ejus
2066 2461 2118 2514 in
2165 2475 2296 2514 vase
2351 2469 2592 2512 testaceo
2639 2471 2779 2509 novo
2823 2473 2836 2508 :
2873 2453 3073 2510 deinde
3118 2452 3350 2507 alterius
3393 2451 3512 2505 avis

1903 2571 2149 2629 utraeque
2177 2559 2276 2613 alte
2314 2557 2667 2626 tingehantur
2708 2555 2760 2607 in
2794 2553 3086 2622 sanguine,
3122 2562 3178 2605 et
3212 2553 3292 2605 sic
3321 2548 3510 2604 dimit-

1907 2653 2123 2706 tebatur
2166 2650 2282 2704 avis
2346 2652 2496 2704 viva.
2545 2646 2978 2717 Prmﬁgnrabant
3025 2653 3205 2698 autem
3258 2641 3374 2697 haec
3422 2652 3510 2694 res

1905 2744 2132 2803 Christi.
2178 2744 2304 2799 Dure
2356 2746 2502 2799 enim
2537 2755 2666 2812 aves
2711 2742 2830 2795 dua:
2861 2749 3074 2794 natura:
3120 2746 3248 2792 sunt
3279 2733 3514 2800 Christi,

1907 2842 2090 2894 divina
2135 2848 2190 2892 et
2231 2839 2498 2901 humana,
2540 2851 2772 2906 quarum
2812 2850 2916 2892 una
2953 2833 3138 2888 occisa
3177 2838 3284 2894 est.
3319 2841 3515 2899 nempe

1910 2935 2169 2994 humana,
2221 2933 2390 2986 altera
2451 2945 2581 2986 vero
2636 2930 2861 2983 dimissa
2917 2928 3059 2982 viva.
3116 2925 3307 2981 Divina
3361 2922 3511 2978 enim

1910 3023 2269 3091 impassibilis
2323 3022 2661 3091 permansit,
2706 3027 2870 3074 uncta
2919 3017 3188 3087 sanguine
3237 3012 3518 3086 passihitls

1913 3121 2122 3168 naturae
2183 3122 2236 3167 et
2273 3113 2326 3166 in
2370 3128 2428 3166 se
2461 3113 2775 3180 passionem
2807 3109 3135 3177 suscipiens.
3175 3106 3532 3177 Sanguinem,

1916 3217 2098 3260 autem
2133 3205 2346 3260 Domini
2380 3218 2475 3259 vas
2508 3204 2752 3270 suscepit
2781 3202 3065 3272 tignlinum
3099 3215 3323 3261 novum,
3347 3212 3520 3266 popu-

184 3293 302 3362 τὴν
327 3292 392 3344 τὸ
434 3290 608 3354 πάθος
639 3288 1045 3358 ἀναδεξαμένηο
1077 3288 1138 3340 τὸ
1167 3286 1226 3340 δὲ
1261 3280 1401 3356 αἷμα
1454 3285 1548 3339 τοῦ
1596 3284 1797 3356 Κυρίου

1917 3299 2023 3364 lus,
2075 3298 2320 3368 inquam,
2366 3312 2542 3352 novus
2583 3312 2648 3350 ex
2690 3297 2968 3365 gentibus,
3007 3291 3141 3348 Novi
3178 3288 3519 3345 Testamentl

186 3381 429 3447 ἐδέξατο
470 3381 693 3448 ἀγγεῖον
721 3379 1047 3449 ὀστράκινον
1070 3377 1257 3432 καινόν
1277 3391 1291 3407 °
1327 3379 1356 3431 6
1387 3377 1538 3440 λαὸς,
1569 3377 1740 3446 φημὶ,
1776 3375 1797 3428 6

1917 3406 2113 3460 capax.
2147 3389 2284 3444 Vide
2317 3395 2499 3443 autem
2536 3387 2682 3457 quod
2731 3387 2819 3440 ubi
2857 3386 3056 3456 aliquis
3087 3384 3250 3438 fuerit
3294 3398 3321 3434 a
3372 3387 3520 3450 lepra

183 3471 392 3535 καινὸς
420 3474 449 3525 6
479 3470 539 3536 ἐξ
563 3470 757 3535 ἐθνῶν,
789 3472 818 3524 6
850 3469 951 3539 τεῆς
975 3469 1186 3538 Καινῆς
1229 3468 1504 3540 Διαθήκης
1533 3467 1805 3531 δεκτικός.

1913 3481 2258 3551 puriﬁcatus,
2289 3489 2422 3533 tunc
2454 3479 2690 3545 denique
2720 3477 2918 3546 dignus
2941 3485 3026 3530 est
3060 3474 3258 3528 offerre
3291 3472 3522 3526 Domino

182 3566 350 3637 Ὅρα
378 3564 435 3618 δὲ
477 3565 560 3618 ὅτι
597 3564 716 3634 μεθ’
742 3564 770 3618 ὅ
803 3581 885 3626 τις
928 3562 1241 3634 καθαρισθῇ
1272 3564 1371 3633 τῆς
1413 3562 1654 3634 λέπρας,
1685 3563 1810 3616 τότε

181 3658 355 3723 ἄξιός
380 3659 500 3711 ἔστι
524 3657 858 3727 προσφέρειν
879 3656 941 3710 τὸ
962 3656 1138 3728 δῶρον
1159 3653 1340 3718 τοῦτο,
1366 3655 1634 3720 τουτέστι,
1659 3653 1810 3709 θύειν

178 3750 446 3820 Χριστὸν
470 3751 564 3803 καὶ
592 3750 924 3819 ἱερουργεῖν·
960 3748 1165 3821 λεπρὸς
1197 3750 1308 3820 γὰρ
1334 3747 1412 3802 ὢν
1433 3750 1529 3802 καὶ
1557 3748 1810 3818 ἀκάθαρο

177 3861 292 3908 τος
328 3842 427 3912 τὴν
461 3841 662 3913 ψυχὴν,
687 3845 786 3896 οὐκ
815 3842 882 3896 ἂν
906 3842 1167 3913 ἀξιωθείη
1197 3841 1425 3895 τοιαῦτα
1454 3840 1606 3911 δῶρα
1641 3857 1812 3911 προσ-

180 3936 435 4009 φέρειν,
465 3935 598 4006 ἢτοι
659 3935 1056 4005 προσκομίζειν
1098 3935 1158 3988 τὸ
1199 3935 1359 4004 σῶμα
1385 3937 1481 3988 καὶ
1530 3929 1674 4004 αίμα
1719 3931 1813 3986 τοῦ

179 4028 450 4098 Κυρίου,
491 4026 552 4080 τὸ
593 4028 660 4098 τῇ
693 4025 815 4098 θείᾳ
859 4025 1022 4096 φύσει
1065 4026 1287 4080 ὲνωθέν.
1338 4027 1584 4098 Πρὸσχες
1617 4027 1674 4080 δὲ
1723 4029 1818 4079 καὶ

178 4119 390 4186 τοῦτο,
433 4119 552 4182 πῶς
593 4117 879 4188 ἀμύθητον
918 4118 1031 4188 ἔχει
1078 4119 1179 4188 τὴν
1212 4117 1493 4189 ὑπεροχὴν
1539 4120 1566 4172 6
1610 4119 1818 4188 Κύριος

178 4214 352 4286 πρὸς
387 4213 480 4266 τὸν
520 4212 755 4282 Μωσῆν.
784 4213 991 4281 Μωσῆς
1027 4213 1125 4281 μὲν
1158 4209 1268 4282 γὰρ
1299 4211 1681 4282 λεπρωθεῖσαν
1718 4211 1818 4280 τὴν

178 4306 452 4375 ἀδελφὴν
491 4304 684 4368 αὑτοῦ,
719 4303 906 4358 καίτοι
943 4304 1114 4356 πολλὰ
1151 4303 1403 4374 δεηθεὶς,
1445 4305 1547 4357 οὐκ
1576 4303 1818 4374 ἠδυνήθη

180 4400 254 4453 0e
268 4401 580 4468 ραπεῦσαι*
609 4397 638 4449 6
659 4396 715 4449 δὲ
749 4394 952 4467 Κύριος
976 4394 1122 4465 λόγῳ
1147 4393 1294 4465 μόνῳ
1324 4394 1416 4448 τὸν
1442 4393 1648 4464 λεπρὸν
1683 4395 1797 4446 ὲκα

1925 4418 2080 4459 serva
2114 4401 2244 4456 item
2292 4409 2348 4454 et
2384 4397 2749 4452 humilitatem
2786 4395 3023 4459 Domini,
3058 4395 3331 4462 quomodo
3375 4394 3529 4446 turba

183 4491 470 4563 θάρισεν.
516 4487 721 4540 Ἐννόει
751 4485 806 4539 δὲ
838 4487 931 4538 καὶ
963 4484 1062 4555 τὴν
1094 4483 1425 4538 ταπείνωσιν
1453 4483 1548 4536 τοῦ
1585 4483 1794 4552 Κυρίου

1927 4497 2274 4552 desiderante
2310 4505 2366 4548 ut
2395 4495 2550 4548 illum
2587 4497 2856 4561 tangeret,
2899 4489 2953 4543 in
2993 4487 3380 4543 solitudinibus
3412 4500 3532 4538 ma-

181 4581 336 4644 πῶς
373 4577 471 4632 τοῦ
495 4577 656 4648 ὄχλου
691 4574 1089 4646 ἐπιθυμοῦντος
1119 4575 1389 4631 ἅπτεσθαι
1420 4574 1588 4628 αὐτοῦ
1608 4614 1624 4636 ,
1653 4572 1797 4626 αὐτὸε

1928 4591 2011 4659 gis
2066 4587 2386 4643 versabatur
2433 4585 2702 4654 placidus,
2758 4597 2822 4637 ac
2869 4582 3063 4636 orabat
3111 4597 3124 4632 :
3162 4587 3223 4633 ut
3270 4577 3428 4632 nobis
3477 4577 3530 4629 in

175 4679 249 4731 ἐν
277 4675 420 4736 ταῖς
444 4673 545 4743 ὲρή
556 4688 677 4743 μοις
708 4670 911 4741 μᾶλλον
930 4669 1199 4740 διέτριδεν
1221 4669 1499 4738 ἀσμένως,
1526 4670 1622 4722 καὶ
1648 4686 1797 4739 προσ

1932 4682 2186 4736 omnibus
2233 4680 2544 4748 exemplum
2597 4677 2865 4746 praeberet
2911 4685 2969 4728 et
3015 4673 3244 4727 seorsim
3297 4669 3529 4733 orandi,

171 4769 439 4841 ηὔχετο·
469 4763 644 4827 οὕτως
667 4764 776 4834 ἄρα
815 4765 1025 4825 τύπους
1050 4763 1181 4830 ἡμῖν
1215 4762 1273 4812 ὲν
1316 4761 1482 4814 πᾶσιν
1531 4761 1700 4812 ἐδίδου
1725 4760 1797 4813 toi

1929 4783 1984 4829 et
2018 4774 2247 4844 gloriam
2285 4769 2617 4828 declinandi.

172 4879 248 4916 τι
295 4857 436 4914 κατ’
472 4855 610 4910 ίδίαν
653 4854 1101 4926 προσεύχεσθαι,
1136 4854 1230 4906 καὶ
1260 4852 1356 4906 τοῦ
1404 4853 1500 4922 τὴν
1535 4852 1695 4916 δόξαν
1726 4855 1821 4906 ὲκ-

170 4953 450 5010 κλίνειν.

268 5063 295 5098 σ
330 5041 458 5098 Καὶ
472 5038 692 5107 ιγένετο
710 5040 768 5091 ὲν
788 5039 887 5109 μιᾷ
909 5036 1019 5090 τῶν
1036 5035 1283 5108 ἡμερῶν,
1307 5036 1400 5090 καὶ
1420 5035 1582 5100 αὐτὸς
1603 5031 1671 5109 ἦν
1685 5035 1797 5091 διδά

2010 5046 2174 5102 Vens.
2217 5044 2404 5099 17-26.
2461 5063 2480 5095 ι
2543 5042 2610 5096 Ει
2656 5040 2860 5097 factum
2907 5049 2992 5095 est
3041 5037 3281 5108 quodam
3329 5035 3436 5101 die,
3483 5045 3540 5090 et

169 5149 388 5197 axmv’
412 5131 511 5185 καὶ
531 5129 673 5201 ἦσαν
687 5131 990 5202 καθήμενοι
1009 5131 1297 5200 Φαρισαῖοι
1321 5130 1417 5183 καὶ
1433 5130 1797 5200 νομοδιδάσκα

1934 5139 2050 5208 ipse
2076 5138 2327 5203 docebat,
2362 5147 2628 5205 erantque
2676 5132 2941 5189 Pharisaei
2977 5134 3251 5192 sedentes.
3299 5144 3363 5183 ac
3404 5129 3539 5199 legis

166 5233 302 5294 λοι,
331 5224 395 5280 οἳ
418 5221 562 5296 ἦσαν
577 5222 897 5294 ἐληλυθότες
909 5223 972 5274 ὲκ
987 5221 1168 5293 πάσης
1183 5220 1378 5291 κώμης
1397 5222 1492 5289 τῆς
1511 5221 1797 5284 Γαλιλαὲας

1937 5233 2214 5297 doctores,
2242 5231 2334 5301 qui
2365 5238 2630 5285 venerant
2659 5245 2726 5284 ex
2759 5228 2906 5282 omni
2939 5225 3165 5280 castello
3196 5223 3456 5286 Galilaem,
3485 5231 3541 5275 et

165 5325 289 5381 καὶ
346 5315 645 5379 Ἰουδαίας,
673 5315 1156 5384 καὶΊερουσαλήμο
1186 5315 1282 5368 καὶ
1306 5316 1339 5384 ἡ
1361 5313 1592 5383 δύναμις
1622 5314 1794 5385 Κυρίο

1937 5321 2164 5389 Judzem,
2206 5330 2262 5378 et
2308 5319 2641 5386 Jerusalem,
2678 5329 2736 5375 et
2782 5319 2959 5374 virtus
3010 5316 3225 5371 Domini
3258 5317 3450 5370 aderat
3474 5312 3540 5366 ad

165 5413 252 5490 ἦν
291 5412 398 5473 είς
445 5407 509 5460 τὺ
554 5405 741 5460 ἰᾶσθαι
778 5406 1001 5467 αὐτούς.
1038 5406 1150 5460 Καὶ
1193 5406 1304 5460 ίδοίι
1340 5406 1536 5476 ἄνδρες
1569 5407 1797 5478 φέροντε

1937 5419 2239 5471 sanandum
2271 5430 2385 5469 eos.
2419 5412 2485 5467 Et
2512 5428 2643 5469 ecce
2668 5412 2776 5467 viri
2801 5421 3089 5483 portantes
3117 5411 3168 5463 in
3198 5408 3338 5464 lecto
3365 5405 3524 5462 homi

165 5511 290 5570 ἐπὶ
332 5503 544 5573 κλίνης
565 5501 858 5572 ἄνθρωπον
880 5501 939 5564 6;
967 5496 1036 5572 ἦν
1067 5500 1537 5573 παραλελυμένος.
1577 5505 1673 5555 καὶ
1703 5503 1797 5574 ea]

1941 5525 2064 5566 nem
2104 5511 2198 5579 qui
2249 5517 2369 5562 erat
2414 5505 2750 5578 paralyticos
2775 5547 2792 5572 ,
2828 5516 2884 5559 et
2918 5504 3236 5576 quaerebant
3277 5516 3401 5557 eum
3455 5498 3543 5552 in-

163 5620 334 5662 τουν
369 5594 547 5653 αὑτὸν
570 5597 906 5663 είσενεγκεῖν
931 5595 1026 5649 καὶ
1053 5595 1230 5650 θεῖναι
1252 5595 1485 5649 ἐνώπιον
1513 5596 1705 5650 αὐτοῦ·
1737 5615 1797 5650 κα

1942 5603 2085 5658 ferre
2116 5614 2170 5658 et
2196 5616 2399 5672 ponere
2437 5611 2562 5655 ante
2594 5600 2771 5654 illum.
2811 5598 2877 5654 Et
2907 5612 3015 5652 non
3069 5596 3409 5651 invenientes
3435 5605 3544 5662 qua

170 5698 268 5772 μὴ
313 5690 596 5763 εὑρόντες
625 5689 717 5743 διὰ
760 5689 923 5754 ποίας
975 5690 1370 5758 εἰσενέγκωσιν
1414 5689 1583 5744 αὑτὸν
1617 5691 1707 5744 διά
1745 5691 1797 5743 τὸ

1936 5704 2091 5762 parte
2127 5693 2280 5747 illum
2315 5691 2586 5746 iulerrent
2617 5705 2729 5762 pra:
2766 5688 2948 5754 turba,
2987 5686 3354 5743 ascenderunt
3374 5697 3541 5753 supra

164 5791 377 5864 δχλον
406 5821 424 5851 ,
465 5781 777 5846 ἀναϐάντες
804 5781 901 5835 ἐπὶ
933 5782 995 5837 τὸ
1042 5782 1203 5855 δῶμα
1227 5824 1245 5845 .
1302 5781 1392 5837 διὰ
1422 5783 1532 5837 τῶν
1573 5783 1797 5856 κεράμω

1940 5793 2166 5853 tectum,
2194 5798 2261 5840 ac
2291 5798 2388 5853 per
2418 5782 2631 5854 tegulas
2656 5781 2996 5839 demiserunt
3028 5793 3153 5834 eum
3176 5791 3298 5832 cum
3337 5773 3542 5830 lectulo

1917 3571 2134 3632 donum‘
2156 3575 2326 3638 istud,
2361 3573 2464 3627 hoc
2493 3581 2597 3636 est,
2647 3571 2932 3625 immolare
2958 3570 3238 3622 tihristum
3268 3577 3321 3620 et
3349 3563 3523 3620 sacri-

1919 3671 2110 3725 ﬁcare.
2146 3667 2282 3722 Nam
2320 3668 2409 3736 qui
2444 3666 2694 3736 leprosus
2729 3673 2814 3718 est
2861 3672 2918 3716 et
2966 3661 3280 3716 immundus
3315 3659 3523 3722 anima,

1919 3762 2065 3816 haud
2106 3760 2303 3828 dignus
2355 3758 2522 3812 fuerit
2581 3755 2782 3811 offerre
2839 3754 2968 3808 talia
3031 3752 3198 3815 dona,
3257 3751 3364 3805 hoc
3415 3759 3521 3813 est.

1923 3858 2126 3910 otterre
2154 3865 2357 3921 corpus
2405 3859 2459 3905 et
2497 3848 2820 3918 sanguinem
2854 3845 3096 3911 Domini,
3145 3843 3290 3912 quod
3323 3843 3524 3898 divina:

1921 3955 2136 4002 natura:
2178 3945 2392 3997 unitum
2440 3950 2545 3996 est.
2600 3938 2732 3995 Vide
2781 3949 2964 3994 autem
3010 3948 3065 3992 et
3101 3937 3202 3990 hoc
3251 3936 3527 4004 quomodo
3587 3962 3599 3974 ι

1923 4036 2188 4093 ineﬂ'abili
2241 4033 2568 4090 excellentia
2623 4030 2848 4102 Moysen
2907 4029 3185 4097 pracellat
3240 4029 3524 4084 Dominus.

1921 4132 2140 4201 Moyses
2199 4128 2346 4182 enim
2398 4140 2647 4180 sororem
2701 4141 2855 4177 suam
2925 4123 3076 4191 lepra
3145 4123 3522 4183 laborantem,

1924 4221 2176 4292 quamvis
2213 4219 2444 4274 multum
2472 4227 2681 4282 oraret,
2718 4232 2822 4270 non
2866 4215 3043 4285 potuit
3077 4228 3274 4268 sanare
3303 4214 3349 4244 "
3383 4231 3396 4268 :
3432 4213 3529 4266 Do-

1925 4313 2105 4367 minus
2135 4323 2265 4364 vero
2310 4320 2571 4364 sermone
2600 4305 2722 4359 solo
2765 4303 3050 4358 Inundavit
3086 4301 3387 4369 leprosum.
3419 4297 3529 4354 Ob-

273 5949 332 5986 ιη
368 5943 546 6001 Num.
573 5957 671 6004 xu.
719 5943 805 5999 IS.
