4038 6534
231 437 341 503 ⁸165
955 441 1407 533 ENARRATIO
1447 443 1529 506 IN
1560 444 2072 508 EVANGELIUM
2105 445 2342 509 LUCE.
2377 469 2431 485 -
2476 443 2638 506 CAP.
2683 443 2753 505 V.
3439 436 3549 502 766

232 554 487 611 τελωνῶν
552 553 744 618 πολὺς.
779 555 873 609 καὶ
918 554 1117 623 ἄλλων,
1164 558 1215 613 οἳ
1263 553 1404 630 ἦσαν
1466 558 1586 629 μετ’
1638 558 1822 612 αὐτῶν

1931 575 2048 614 runt
2081 567 2138 615 et
2170 558 2404 613 aliorum
2434 558 2674 629 quicum
2702 554 2818 609 illis
2853 550 3277 609 accumbebant.
3311 548 3381 605 Et
3398 565 3549 606 mur-

236 650 653 719 κατακείμενοι.
692 649 807 704 Καὶ
838 649 1141 719 ἐγόγγυζον
1182 652 1235 705 οἱ
1273 651 1629 723 Γραμματεῖς
1649 650 1833 705 αὐτῶν

236 741 395 795 καὶοὶ
413 741 700 809 Φαρισαῖοι
726 738 865 811 πρὸς
886 740 1015 803 τοὺς
1043 737 1296 811 μαθητὰς
1320 738 1510 803 αὑτοῦ,
1531 739 1786 807 λέγοντες
1814 752 1828 767 ·

235 832 337 887 Διά
390 831 443 884 τί
474 830 617 901 μετὰ
646 832 897 886 τελωνῶν
930 831 1025 886 καὶ
1080 832 1432 903 ἁμαρτωλῶν
1469 830 1683 885 ἐσθίετε
1736 830 1831 882 καὶ

242 927 429 979 πίνετε
452 940 468 989 ;
491 924 603 978 Καὶ
624 923 949 993 ἀποκριθεὶς
977 926 1005 979 6
1022 923 1254 995 Ἰησοῦς,
1285 918 1407 977 εἷπε
1434 925 1570 995 πρὸς
1588 922 1789 986 αὐτούς
1812 937 1829 951 ·

244 1018 321 1072 Οὐ
351 1016 542 1088 χρείαν
570 1014 785 1087 ἔχουσιν
803 1015 853 1069 ot
882 1016 1225 1085 ὑγιαίνοντες
1257 1014 1470 1086 ἰατροῦ,
1503 1014 1622 1071 ἀλλ’
1643 1014 1695 1067 ot
1728 1030 1830 1068 κα-

236 1110 349 1170 κὼς
379 1106 617 1179 ἔχοντες.
659 1108 772 1162 Ούκ
802 1108 1036 1178 ἐλήλυθα
1083 1106 1315 1161 καλέσαι
1362 1107 1661 1178 δικαίους..
1692 1104 1831 1160 ἀλλὰ

235 1201 604 1271 ἁμαρτωλοὺς
654 1202 735 1261 είς
796 1200 1111 1271 μετάνοιαν.
1168 1220 1189 1255 ι
1253 1200 1312 1254 '0
1387 1201 1487 1270 μὲν
1548 1198 1831 1265 Ματθαῖος

236 1295 725 1366 ἀπαρακαλύπτως
754 1296 815 1349 τὸ
843 1296 1039 1350 ἑαυτοῦ
1068 1296 1241 1368 δνομα
1282 1294 1675 1365 ἁνακηρύττει,
1734 1293 1827 1348 λί-

236 1405 350 1457 γων
369 1404 385 1420 '
424 1408 443 1443 ι
486 1386 606 1444 Εἷδε
639 1389 918 1444 Ματθαῖον
949 1390 1043 1444 τὸν
1073 1390 1317 1461 τελώνην
1343 1394 1371 1445 6
1416 1389 1625 1458 Ἰησοῦς
1654 1388 1824 1459 καθή-

238 1499 405 1552 μενον
441 1484 534 1537 tot
564 1483 624 1536 τὸ
659 1467 935 1536 τελώνιον.
988 1500 1009 1535 ο
1056 1482 1114 1536 Ὀ
1138 1483 1197 1538 δὲ
1226 1478 1449 1545 Λουκᾶς
1489 1482 1583 1537 καὶ
1612 1483 1638 1535 6
1666 1481 1827 1551 Μάρ-

240 1592 362 1641 κος,
393 1574 661 1647 τιμῶντες
715 1575 809 1627 τὸν
852 1572 1276 1644 εὐαγγελιστὴν,
1338 1572 1401 1625 τὸ
1430 1572 1620 1641 ἓτερον
1659 1568 1828 1625 αὐτοῦ

232 1665 431 1735 ὄνομα,
464 1666 524 1719 τδ
549 1664 738 1729 Δευτν,
803 1666 884 1729 είς
914 1666 1082 1734 μέσον
1132 1665 1481 1736 προτιθέασι.
1533 1663 1828 1733 Θαύμασον

231 1755 291 1809 ὀὶ
316 1753 411 1809 τοῦ
446 1753 584 1808 Θεοῦ
617 1754 719 1825 τὴν
772 1753 1214 1824 φιλανθρωπίαν,
1270 1754 1395 1819 πῶς
1423 1754 1495 1807 τὰ
1529 1754 1700 1823 σκεύη
1732 1750 1825 1806 τοῦ

232 1844 479 1917 πονηροῦ
509 1843 829 1916 διαρπάζει.
866 1845 1119 1916 Τελώνης
1148 1847 1281 1916 γὰρ,
1312 1845 1511 1910 σκεῦος
1532 1846 1626 1900 τοῦ
1657 1862 1825 1913 πονη-

1939 652 2238 707 murabant
2272 650 2481 705 Scriba:
2524 660 2580 704 et
2627 646 2889 702 Pharisaei
2929 646 3197 705 adversus
3245 641 3547 713 discipulos

1935 745 2071 811 ejus,
2105 744 2353 799 dici-mes
2404 762 2417 797 :
2451 742 2631 808 Quare
2665 756 2791 795 cum
2827 738 3137 809 publicanis
3172 746 3228 791 et
3281 746 3545 805 peccato-

1936 836 2089 891 ribus
2132 835 2297 890 editis
2327 845 2382 888 et
2414 832 2635 889 bibitis?
2685 832 3045 899 Respondeas
3090 828 3251 885 Jesus
3300 826 3438 883 dixit
3474 825 3546 881 ad

1936 927 2105 982 illos:
2153 925 2266 980 Non
2300 936 2460 997 egent
2519 925 2613 996 qui
2657 924 2776 977 sani
2829 932 2959 976 sunt
3006 922 3241 982 medico,
3302 920 3394 973 sed
3446 920 3541 987 qui

1936 1020 2078 1074 male
2114 1020 2339 1074 habent.
2379 1018 2494 1073 Non
2533 1018 2656 1073 veni
2710 1030 2909 1070 vocare
2938 1014 3139 1084 justos,
3198 1014 3293 1066 sed
3347 1027 3543 1082 pecco.

1938 1124 2085 1171 tores
2142 1117 2208 1167 ad
2257 1114 2666 1182 pmuitentiam.
2716 1131 2733 1163 ι
2774 1110 3069 1165 Mattbasus
3134 1123 3331 1162 nomen
3385 1123 3544 1160 suum

1935 1222 2044 1261 non
2088 1208 2243 1279 tegit,
2273 1206 2365 1261 sed
2401 1206 2547 1260 clare
2597 1203 2838 1270 iuvulgat
2868 1203 3099 1257 dicens:
3140 1218 3158 1251 ι
3202 1198 3351 1253 Vidit
3408 1197 3548 1251 Μςιι-

1934 1300 2137 1353 thazum
2177 1298 2535 1367 publicanum
2570 1294 2733 1352 Jesus
2756 1296 3041 1351 sedentem
3080 1296 3132 1347 in
3162 1294 3354 1348 telonie
3389 1294 3474 1357 ³ος
3520 1310 3538 1343 ι

1935 1386 2109 1441 Lucas
2140 1401 2272 1441 vero
2320 1396 2376 1441 et
2426 1384 2645 1440 Marcus
2715 1386 3055 1439 honorantes
3122 1382 3542 1449 evangelistam,

1934 1478 2083 1533 aliud
2111 1478 2228 1548 ejus
2257 1492 2453 1533 nomen
2489 1476 2618 1531 Levi
2652 1476 2706 1530 in
2735 1475 2978 1531 medium
3014 1475 3182 1545 308
3208 1479 3543 1544 praponunt.

1933 1567 2223 1623 Admirare
2257 1576 2437 1621 autem
2466 1564 2562 1620 Dei
2609 1564 3071 1630 misericordiam,
3106 1564 3381 1633 quomodo
3413 1578 3542 1635 vasa

1935 1658 2155 1727 maligni
2202 1657 2449 1727 diripiat.
2508 1654 2744 1711 Telones
2786 1656 2931 1709 enim
2968 1669 3066 1708 vas
3113 1662 3235 1709 erat
3290 1654 3537 1723 maligni,

1933 1759 1986 1805 et
2030 1750 2171 1803 mala
2215 1749 2414 1804 bestia.
2470 1748 2663 1803 Sciunt
2686 1748 2779 1817 qui
2812 1748 3024 1816 experti
3062 1759 3197 1801 sunt
3234 1760 3398 1816 quam
3430 1747 3544 1801 sint

1937 1842 2239 1911 importuni
2273 1852 2583 1897 exactores.
2618 1840 2898 1897 Publiceni
2956 1841 3101 1896 enim
3134 1849 3266 1897 sunt
3303 1842 3396 1911 qui
3438 1855 3542 1908 pu-

232 1934 356 2006 pot'i,
393 1934 486 1989 καὶ
518 1934 755 2007 πονηρὸν
789 1933 1002 2007 θηρίον.
1079 1935 1292 1989 Ἰσασιν
1336 1936 1385 1988 ot
1428 1934 1822 2005 πεπειραμένοι

1934 1935 2073 1990 blica
2121 1935 2409 2004 vectigalia
2458 1946 2667 2001 emunt,
2704 1943 2983 2005 quatenus
3032 1936 3158 1989 inde
3213 1937 3542 1988 damnosum

230 2024 344 2077 τῶν
376 2023 594 2095 πικρῶν
635 2024 981 2093 ἀπαιτητιῖΝ.
1038 2017 1200 2078 Οὗτοι
1250 2025 1362 2098 γὰρ
1400 2022 1450 2077 ot
1488 2023 1740 2086 τελῶναι,
1777 2022 1827 2075 ol

230 2117 302 2171 τὰ
343 2112 585 2197 δημόσια
637 2116 766 2187 τέλη
824 2114 1149 2186 ὠνούμενοι,
1206 2116 1292 2186 trp‘
1351 2109 1395 2183 ᾧ
1443 2114 1827 2185 ἁποκερδῆσαι

230 2210 380 2264 κατὰ
405 2210 516 2264 τῶν
540 2209 761 2264 οίκείων
783 2210 995 2282 ψυχῶν.
1030 2212 1105 2265 Οὐ
1140 2210 1302 2280 μόνον
1332 2208 1391 2264 δὶ
1414 2209 1525 2280 ἄρα
1555 2207 1648 2262 τὸν
1677 2208 1827 2262 Ματ-

228 2300 388 2357 θαῖον
415 2301 726 2373 ικέρδησεν,
759 2303 897 2356 ἀλλὰ
924 2303 1020 2358 καὶ
1050 2304 1175 2366 τοὺς
1210 2301 1432 2371 ἑτέρους
1468 2300 1710 2364 τελώνας
1743 2294 1824 2363 οἷς

229 2397 599 2463 συνειστιᾶτο,
651 2397 919 2469 κερδῆσαι
976 2394 1311 2461 ἐσπούδαζεν
1357 2396 1385 2448 6
1438 2395 1664 2464 Κύριος.
1724 2393 1828 2447 Διὰ

230 2490 348 2561 γὰρ
402 2489 564 2543 τοῦτο
600 2487 853 2554 καταξιοῖ
900 2489 1345 2557 συνεστιαθῆναι.
1403 2488 1489 2541 ἵνα
1538 2486 1825 2548 κάκείνους

224 2580 625 2654 ιφελκύσηται.
659 2582 725 2635 Ol.
757 2583 1045 2650 Φαρισαῖοι
1076 2581 1132 2634 δι
1164 2579 1687 2649 αίτ·.ώμενοιαὺτδν,
1720 2580 1823 2649 ὅρα

223 2668 281 2726 τί
312 2670 641 2736 ἁκούουσινς
680 2672 795 2725 Οὐκ
818 2671 1077 2741 ἐλήλυθα,
1106 2673 1261 2739 φησὶ,
1294 2669 1522 2725 καλέσαι
1552 2670 1820 2732 δικαίους,

222 2758 533 2824 τουτέστιν,
587 2760 734 2829 ὑμᾶς
767 2760 895 2817 τοὺς
938 2759 1287 2823 δικαιοῦντας
1338 2759 1570 2823 ἑαυτούς
1602 2777 1615 2790 ·
1682 2759 1821 2813 ἀλλὰ

222 2842 597 2916 ἁμαρτωλοὺς
625 2840 792 2917 ἦλθον
854 2844 1105 2911 καλέσαι,
1163 2847 1263 2916 ούχ
1321 2846 1412 2901 ῖνα
1457 2848 1523 2917 τῇ
1574 2847 1823 2919 ἁμαρτίᾳ

222 2936 561 3005 ἐμμινωσιν,
594 2936 711 2990 ἀλλ’
741 2936 1258 3007 ῐνα’μετανοήσωσι.
1295 2938 1402 2991 Kal.
1426 2938 1607 3002 ἄλλως
1640 2956 1653 2970 ·
1705 2938 1822 2993 Ούκ

224 3022 400 3097 ἦλθον
428 3027 663 3081 καλέσαι
694 3028 962 3092 δικαίους.
1000 3029 1134 3082 Οὐδὲ
1167 3029 1278 3099 γὰρ
1301 3028 1563 3101 εὑρίσκω,
1599 3030 1822 3085 πάντων

220 3121 613 3197 ᾁμαρτόντων.
658 3121 813 3174 Ἐπεὶ
856 3117 1001 3193 είῆν
1055 3122 1286 3177 δυνατὸν
1312 3122 1497 3193 εὑρεῖν
1546 3122 1814 3190 δικαίους,

217 3210 328 3266 οὐκ
358 3209 427 3266 ἂν
457 3207 643 3283 ἦλθον.
686 3212 846 3266 Ἔστι
888 3212 945 3267 δὲ
977 3211 1220 3285 τελώνης
1250 3215 1347 3268 καὶ
1379 3216 1487 3277 πᾶς
1517 3215 1546 3267 6
1589 3214 1672 3285 τῷ
1718 3232 1819 3270 κο-

1939 2026 2055 2084 suis
2089 2028 2378 2083 animabus
2416 2027 2547 2097 quid
2583 2028 2886 2083 lucrentur.
2922 2028 2995 2081 At
3030 2043 3138 2083 non
3192 2027 3369 2083 solum
3408 2025 3545 2081 Mat-

1938 2118 2139 2173 tlizeum
2163 2128 2291 2173 turc
2323 2119 2570 2174 lucratus
2597 2130 2704 2183 est,
2724 2120 2818 2175 sed
2840 2118 3007 2175 etiam
3032 2119 3168 2174 alios
3192 2119 3544 2190 publicanos,

1936 2223 2062 2262 cum
2089 2206 2287 2276 quibus
2321 2209 2737 2274 convivabatnr,
2764 2210 2966 2264 lucrari
2994 2208 3210 2264 volebat
3242 2208 3533 2263 Dominus.

1937 2297 2074 2353 Nam
2117 2310 2404 2369 pr0pterea
2435 2301 2734 2355 etconviva
2764 2300 2980 2355 illorum
3031 2301 3113 2363 lit,
3148 2300 3395 2354 utetiam
3424 2300 3545 2354 illos

1936 2391 2198 2456 attrahat.
2234 2390 2367 2447 Vide
2422 2404 2607 2447 autem
2658 2393 2786 2462 quid
2822 2394 2969 2447 dicat
3018 2391 3316 2466 Pharismis
3367 2393 3544 2461 ipsum

1937 2484 2487 2555 reprehendentibns.
2524 2486 2639 2540 Non
2679 2488 2824 2551 veni,
2872 2488 3073 2557 inquit,
3111 2501 3311 2542 vocare
3337 2485 3543 2552 iustos,

1934 2578 2038 2634 hoc
2062 2586 2143 2633 est
2206 2592 2325 2643 vos,
2375 2580 2467 2647 qui
2522 2593 2620 2634 vos
2680 2580 2829 2649 ipsos
2872 2580 3193 2650 justiﬁeatis
3237 2580 3382 2635 :sed
3416 2593 3545 2647 pec-

1938 2678 2156 2725 catores
2189 2672 2309 2725 veni
2358 2686 2584 2736 vocare,
2638 2686 2744 2727 non
2778 2681 2837 2727 ut
2894 2674 2945 2725 in
2981 2672 3225 2741 peccatis
3257 2680 3543 2735 maneant,

1933 2756 2029 2827 sed
2076 2774 2137 2816 ut
2177 2763 2558 2832 paenitentiam
2610 2774 2797 2835 agant.
2862 2762 2953 2819 Vel
2994 2764 3196 2819 aliter:
3248 2762 3367 2817 Non
3416 2763 3540 2818 veni

1932 2854 2347 2924 vocarejustos.
2378 2855 2565 2912 Nullos
2608 2857 2753 2910 enim
2792 2856 3031 2921 invenio,
3095 2856 3543 2926 quandoquidem

1929 2962 2120 3003 omnes
2150 2958 2382 3017 peccant
2407 2948 2475 3003 ³¹.
2515 2949 2671 3015 Quod
2724 2950 2769 3004 si
2808 2949 3066 3019 possibile
3094 2958 3242 3004 esset
3292 2949 3545 3004 invenire

1924 3039 2125 3109 iustos,
2160 3057 2269 3098 non
2303 3042 2606 3098 venissem.
2640 3041 2733 3099 Est
2772 3044 2955 3097 autem
2977 3042 3301 3113 publicanus
3333 3042 3539 3107 omnis,

1930 3132 2019 3200 qui
2070 3132 2255 3188 mundi
2313 3132 2538 3188 domino
2596 3134 2788 3198 servit,
2849 3144 2905 3187 et
2952 3133 3161 3187 tributa
3214 3133 3368 3187 carni
3423 3133 3520 3186 dat

1928 3224 2169 3284 Gulosus
2193 3228 2376 3282 ventri
2413 3228 2616 3281 tributa
2677 3232 2771 3281 dat
2805 3226 2983 3291 cibos,
3018 3234 3295 3282 scortator
3329 3224 3541 3280 factum

222 3303 574 3374 σμοκράτορι
615 3301 906 3367 δουλεύων,
936 3303 1033 3355 καὶ
1089 3302 1220 3373 τέλη
1268 3304 1335 3373 τῇ
1370 3302 1535 3375 σαρκὶ
1574 3302 1821 3373 προσφε-

1930 3333 2306 3389 coogressutn,
2336 3327 2389 3373 et
2415 3319 2557 3373 altus
2581 3319 2749 3373 aliud.
2780 3319 2915 3373 Cum
2953 3319 3116 3389 igitur
3152 3318 3300 3372 illum
3325 3317 3531 3373 viderit

222 3409 366 3463 ρων.
406 3391 465 3445 '0
494 3392 917 3463 γαστρίμαργος
972 3390 1117 3446 τελεῖ
1159 3394 1227 3465 τῇ
1280 3394 1484 3465 γαστρὶ
1526 3394 1819 3465 βρώματα,

217 3482 269 3535 δν
308 3481 547 3552 πόρνος.
587 3483 686 3552 τὴν
723 3481 977 3552 ῥυπαρὰν
1051 3481 1221 3553 μίξιν,
1296 3483 1392 3536 καὶ
1446 3483 1609 3548 ἄλλος
1667 3482 1819 3539 ἄλλο.

219 3572 405 3630 ὀταν
458 3570 552 3629 οὖν
583 3576 670 3649 ῖδῃ
703 3577 866 3629 αὑτὸν
892 3578 921 3629 6
947 3576 1176 3647 Κύριος,
1213 3578 1492 3631 τουτέστιν
1521 3580 1549 3632 6
1589 3578 1826 3647 εὐαγγε-

215 3668 381 3732 λιιεδς
409 3668 600 3737 ίλόγος,
648 3668 965 3739 καθήμενον
998 3671 1091 3723 ἐπὶ
1125 3670 1186 3722 τὺ
1217 3670 1496 3737 τελώνιον,
1549 3671 1824 3733 τουτέστι,

217 3761 303 3836 μὴ
344 3762 731 3833 προκύπτοντα
765 3762 900 3832 μηδὲ
946 3761 1315 3832 προοδεύοντα
1340 3764 1439 3817 καὶ
1496 3764 1823 3835 κινούμενον

212 3858 305 3918 είς
330 3854 563 3910 πλείονα
590 3855 815 3919 κακίαν,
842 3855 957 3909 ἀλλ’
992 3856 1160 3908 οἱονεὶ
1185 3854 1484 3925 ἀργοῦντα,
1511 3856 1635 3909 τότε
1686 3858 1821 3911 ἀνα-

215 3949 487 4019 στήσεται
513 3946 738 4009 ἀπδξτοῦ
778 3947 951 4000 κακοῦ
981 3948 1076 4000 καὶ
1098 3946 1461 4019 ἀκολουθήσει
1492 3948 1573 4018 τῷ
1613 3948 1815 4019 Ἰησοῦ,

213 4044 319 4097 καὶ
355 4041 680 4112 ὑποδέχεται
734 4043 795 4094 ὲν
836 4040 914 4111 τῷ
962 4040 1100 4113 οίκῳ
1131 4042 1234 4112 τῆς
1263 4041 1446 4114 ψυχῆς
1492 4042 1661 4098 αὐτοῦ
1724 4043 1819 4097 τὸν

1926 3410 2213 3477 Dominus,
2253 3411 2353 3464 hoc
2378 3418 2463 3465 est
2505 3410 2859 3480 evangelicus
2886 3425 3093 3474 sermo,
3140 3411 3418 3463 sedentem
3481 3410 3538 3463 in

1923 3500 2150 3569 tcionio,
2201 3503 2306 3557 hoc
2351 3510 2436 3557 cst
2484 3517 2592 3558 non
2628 3502 2919 3570 proiicere,
2979 3515 3158 3570 neque
3215 3500 3539 3570 procedere.

1926 3608 2106 3665 neque
2164 3596 2370 3651 moveri
2438 3594 2507 3649 ad
2561 3593 2831 3663 majorem
2894 3594 3187 3660 malitiam,
3227 3595 3322 3647 sed
3375 3593 3538 3664 quasi

1926 3688 2188 3755 otiosum,
2234 3699 2363 3743 tunc
2403 3692 2754 3745 resuscitabit
2789 3707 2818 3744 a
2862 3692 3025 3754 malo,
3058 3700 3110 3744 et
3146 3698 3414 3757 sequetur
3447 3687 3543 3743 illo

1929 3778 2137 3847 Jcsum,
2182 3790 2235 3837 et
2266 3781 2505 3850 excipiet
2537 3783 2588 3836 in
2617 3784 2779 3837 domo
2817 3783 3012 3835 animm
3046 3782 3362 3841 Dominum.
3392 3780 3539 3835 Pha-

1932 3872 2075 3926 risaei
2116 3882 2300 3928 autem
2337 3888 2663 3947 arrogantes
2697 3885 2747 3928 ct
2803 3875 3080 3929 daemones
3126 3876 3355 3939 absecti,
3393 3873 3541 3929 Pha-

1932 3962 2127 4017 risazus
2156 3965 2302 4020 enim
2341 3965 2543 4021 dicitur
2572 3965 2661 4034 qui
2693 3967 2759 4019 ab
2788 3964 2908 4019 aliis
2942 3973 3348 4034 sequestratur,
3384 3978 3540 4020 mur-

1934 4065 2153 4109 murant
2188 4057 2331 4125 quod
2366 4072 2493 4111 cum
2529 4057 2916 4124 peccatoribus
2940 4058 3197 4112 comedit.

213 4131 456 4205 Κύριον.
489 4135 551 4185 Οἱ
579 4132 634 4185 δὲ
655 4132 964 4202 Φαρισαῖοι,
1002 4134 1051 4186 ot
1081 4132 1345 4197 ἀλαζόνες
1374 4135 1470 4188 καὶ
1494 4136 1951 4213 ἀποκεκομμένοι
2015 4145 2298 4218 δαίμονες,
2362 4148 2523 4203 τοῦτο
2573 4153 2682 4222 γὰρ
2750 4154 2777 4204 6
2847 4153 3169 4221 Φαρισαῖος,
3219 4151 3539 4219 ἀποκεκομο

213 4226 389 4296 μενος
413 4223 525 4276 τῶν
562 4224 757 4290 ἄλλων,
789 4224 1179 4292 γογγύζουσιν,
1210 4226 1293 4279 ὅτι
1316 4228 1431 4297 τοῖς
1469 4228 1820 4299 ἁμαρτωλοῖς
1855 4238 2153 4293 συνεσθίει.

294 4338 316 4371 ε
344 4318 413 4371 Ut
434 4313 668 4373 δὲεῐπον
706 4320 841 4390 πρὸς
866 4319 1058 4372 αὐτόν·
1092 4326 1121 4371 Δ
1140 4321 1191 4374 τὰ
1212 4322 1265 4375 τί
1288 4323 1337 4373 ot
1365 4322 1607 4394 μαθηταὶ
1640 4327 1822 4382 Ἰωάν-

2011 4334 2179 4389 Vens.
2220 4335 2416 4395 35-59.
2454 4356 2473 4389 ι
2513 4339 2583 4393 At
2626 4339 2702 4395 illi
2736 4341 2991 4397 dixerunt
3036 4340 3102 4394 ad
3136 4356 3259 4393 eum
3304 4355 3315 4390 :
3354 4340 3539 4405 Quare

214 4429 312 4465 νου
347 4411 677 4481 νηστεύουσι
706 4412 890 4464 πυκνὰ
924 4412 1018 4464 καὶ
1045 4413 1263 4481 δεήσεις
1293 4416 1598 4483 ποιοῦνται,
1619 4421 1822 4489 ὁμοίως

1933 4427 2184 4497 discipuli
2216 4429 2446 4486 Joannis
2492 4433 2749 4501 jejunaut
2792 4435 3128 4504 frequenter,
3186 4445 3240 4488 et
3278 4434 3533 4486 obscen-

213 4504 320 4559 καὶ
350 4506 404 4556 οῖ
438 4504 545 4556 τῶν
594 4504 923 4575 Φαρισαίων,
960 4507 1008 4558 ot
1064 4505 1109 4557 87'
1159 4507 1241 4559 σοὶ
1307 4507 1551 4563 ἐσθίουσι
1602 4514 1695 4588 καὶ
1728 4515 1822 4564 πί-

1931 4520 2108 4575 tioncs
2134 4520 2367 4588 faciunt,
2412 4524 2668 4580 similiter
2700 4537 2758 4581 et
2794 4527 3196 4581 Pharisreormn
3238 4545 3250 4578 :
3289 4526 3363 4577 tui
3404 4540 3535 4578 vero

211 4612 450 4662 νουσιν;
488 4597 546 4649 ’0
576 4595 631 4650 δὲ
664 4591 785 4649 εἶπε
848 4596 985 4668 πρὸς
1012 4597 1247 4661 αὐτούς’
1277 4599 1370 4671 Μὴ
1417 4601 1651 4657 δύνασθε
1697 4608 1822 4670 τοὺς

1930 4612 2095 4665 edunt.
2142 4622 2197 4667 et.
2248 4614 2483 4669 bibunt?
2516 4616 2727 4683 Quibus
2780 4606 2899 4689 ipse
2952 4620 3029 4673 ait
3067 4637 3079 4671 :
3120 4617 3257 4671 Nutu
3296 4618 3534 4686 potestis

207 4686 377 4749 υἱοὺς
410 4685 506 4738 τοῦ
543 4686 859 4756 νυμφῶνος,
900 4690 956 4741 ὲν
1004 4681 1049 4757 ᾧ
1084 4689 1204 4757 μετ’
1245 4691 1428 4745 αὐτῶν
1468 4694 1822 4767 ὲστινόνυμ-

1930 4702 2109 4759 l'acere
2134 4714 2191 4759 ut
2220 4706 2310 4760 lilii
2364 4709 2615 4777 thalami,
2654 4712 2784 4765 dum
2835 4728 2961 4767 eum
3002 4712 3111 4766 illis
3136 4722 3221 4765 est
3255 4727 3521 4780 sponsus,

210 4780 371 4849 φίος,
406 4778 632 4847 ποιῆσαι
663 4779 977 4848 mutationi;
1006 4781 1353 4838 Ἐλεύσονται
1376 4785 1433 4838 δὲ
1461 4787 1690 4856 ἡμέραι,
1724 4790 1819 4843 καὶ

1930 4795 2203 4865 iejuneut?
2231 4798 2457 4855 Venicnt
2491 4812 2675 4858 autem
2702 4805 2839 4870 dies,
2886 4816 2939 4860 et
2975 4822 3097 4861 cum
3126 4778 3344 4859 ablatus
3369 4804 3532 4859 inerit

201 4873 345 4927 ὅταν
387 4870 614 4942 ἀπαρθῇ
667 4872 766 4926 ἀπ’
802 4872 984 4926 αὐτῶν
1044 4877 1071 4928 6
1106 4877 1366 4946 νυμφίος,
1421 4878 1547 4931 τότε
1586 4881 1817 4950 νηστεύ-

1930 4892 1991 4945 ab
2021 4893 2130 4949 illis
2161 4910 2419 4963 sponsus,
2450 4898 2927 4967 tuncjejnnabnnt
2960 4902 3011 4954 in
3047 4900 3152 4955 illis
3183 4900 3397 4955 diebus.
3429 4899 3519 4953 Di-

204 4981 412 5019 σουσιν
444 4967 502 5017 ἐν
529 4966 767 5029 ἐκείναις
806 4970 924 5030 ταῖς
952 4968 1211 5039 ἡμέραις.
1245 4973 1443 5041 Ἔλεγε
1467 4973 1525 5027 δὲ
1573 4976 1668 5029 καὶ
1710 4993 1816 5029 πα-

202 5056 461 5129 ραόολὴν
497 5058 631 5127 πρὸς
657 5058 874 5122 αὐτοὺς,
924 5061 1006 5113 ὃτι
1061 5062 1251 5124 Οὐδεὶς
1284 5064 1566 5136 ἐπίϐλημα
1594 5067 1815 5139 ἱματίου

198 5151 416 5215 καινοῦ
446 5149 729 5204 ἐπιϐάλλει
774 5153 870 5205 ἐπὶ
904 5153 1121 5223 ἱμάτιον
1152 5156 1383 5211 παλαιόν
1410 5176 1422 5188 ·
1459 5161 1509 5213 εἰ
1549 5161 1605 5215 δὲ
1636 5162 1710 5232 μή
1751 5179 1814 5229 γε

198 5245 302 5300 καὶ
331 5244 401 5298 τὸ
431 5244 619 5297 καινὸν
646 5244 840 5315 σχίζει,
883 5249 978 5299 xat
998 5246 1076 5318 τῷ
1108 5249 1328 5319 παλαιῴ
1354 5253 1414 5304 οὐ
1454 5256 1815 5326 συμφωνήσει

194 5340 261 5393 τὸ
307 5336 603 5409 ἐπίϐλημα
640 5338 700 5391 τὸ
730 5339 839 5391 ἀπὸ
872 5341 967 5393 τοῦ
1009 5342 1365 5397 καινοῦ.Καὶ
1408 5346 1587 5411 οὐδεὶς
1630 5348 1813 5419 βάλλει

193 5425 356 5486 οἶνον
385 5429 512 5483 νέον
540 5431 621 5493 είς
650 5430 853 5494 ἀσκοὺς
884 5432 1150 5496 παλαιούς
1171 5451 1185 5465 ·
1217 5436 1266 5488 εί
1301 5436 1358 5489 δὲ
1392 5440 1465 5507 μή
1514 5456 1599 5507 γε,
1658 5442 1811 5511 ῥήξει

192 5526 225 5579 δ
256 5522 393 5585 νιος
430 5517 579 5585 οῖνος
613 5524 741 5585 τοὺς
777 5524 1006 5587 ἀσκοὺς,
1062 5527 1158 5578 καὶ
1209 5528 1369 5591 αὐτὸς
1420 5533 1809 5602 ἐκχυθήσεται,

192 5617 296 5672 καὶ
323 5616 378 5669 οἱ
404 5616 569 5669 ἀσκοὶ
600 5614 953 5669 ἀπολοῦνται.
993 5616 1155 5669 Ἀλλὰ
1177 5614 1320 5673 οἶνον
1342 5622 1461 5675 νέον
1495 5625 1575 5687 είς
1606 5618 1822 5691 ἀσκοὺς

191 5710 437 5772 καινοὺς
477 5709 725 5780 βλητέον,
778 5709 871 5762 καὶ
901 5709 1187 5779 ἀμφότερα
1224 5714 1637 5784 συντηροῦνται.
1696 5718 1806 5773 Καὶ

277 5894 333 5924 ³⁸
371 5893 566 5949 Matth.
601 5908 680 5956 ix.
712 5893 763 5948 9.
846 5892 883 5924 “
918 5893 1076 5949 Rom.
1137 5912 1251 5957 vin.
1286 5898 1372 5953 ‘29).

38 6524 63 6534 η-ν-ι
78 6516 417 6534 --ὲ-ημλάί

1925 4987 2083 5039 cehnt
2124 4996 2307 5041 autem
2351 4990 2767 5048 similitudinem
2804 4995 2869 5047 ad
2902 4994 3024 5048 illos
3058 5012 3072 5047 :
3109 4993 3280 5048 Nemo
3316 4993 3529 5047 immis-

1924 5091 2109 5131 suram
2164 5082 2287 5133 novi
2340 5085 2654 5139 vcsﬁmenti
2724 5088 2973 5141 immittit
3030 5088 3081 5141 in
3126 5087 3519 5141 vestimentum

1920 5176 2077 5223 vetus
2129 5186 2143 5223 :
2183 5170 2423 5240 alioquin
2462 5184 2517 5227 et
2575 5190 2776 5229 novum
2829 5188 3047 5247 rumpet
3096 5186 3151 5231 et
3188 5178 3357 5232 veteri
3412 5192 3523 5233 non

1919 5259 2213 5315 conveniet
2245 5260 2559 5317 immissura
2583 5281 2646 5317 ex
2672 5280 2831 5319 novo.
2866 5266 2932 5319 Et
2952 5284 3111 5321 nemo
3133 5268 3299 5321 mittit
3331 5269 3521 5323 vinum

1919 5366 2117 5405 novum
2170 5354 2219 5406 in
2281 5365 2433 5409 utres
2486 5365 2733 5423 veteres,
2774 5359 3016 5427 alioquin
3076 5371 3296 5429 rumpet
3337 5360 3523 5415 vinum

1918 5457 2119 5497 novum
2162 5455 2337 5507 utres.
2376 5458 2431 5503 ct
2470 5450 2647 5517 ipsum
2680 5450 3019 5514 effundetnr,
3070 5463 3123 5507 et
3180 5464 3328 5509 utres
3384 5452 3521 5522 peri-

1915 5534 2072 5590 bunt.
2101 5536 2207 5593 Sed
2241 5541 2424 5596 vinum
2452 5553 2693 5598 inustum
2731 5545 2783 5598 in
2814 5554 2964 5599 utres
2999 5560 3163 5600 novos
3191 5546 3517 5600 mittendum

1914 5637 2018 5690 cst,
2058 5638 2111 5682 et
2139 5640 2366 5701 utraque
2398 5646 2813 5690 censervantur.
2854 5636 2915 5691 Et
2974 5654 3132 5693 nemo
3172 5639 3261 5707 qui
3306 5636 3509 5693 biberit

1925 5732 2095 5787 vetus,
2132 5725 2315 5779 statim
2353 5727 2463 5781 vult
2505 5743 2705 5785 novum
2738 5747 2749 5793 ;
2788 5731 2917 5786 dicit
2951 5733 3131 5786 enim:
3197 5730 3363 5786 Vetus
3405 5745 3519 5787 me-

3718 3000 3727 3033 Ι
