4038 6522
245 479 354 542 769

966 472 1419 536 ENARRATIO
1464 472 1542 532 ΙΝ
1582 471 2101 535 EVANGELIUM
2142 469 2657 534 LUC.’E.—CAP.
2695 469 2796 532 VI.

3450 466 3558 530 770

247 593 495 656 σπῶντες
534 591 664 652 τοὺς
720 588 983 662 στάχυας,
1022 591 1117 642 καὶ
1167 589 1470 658 ψώχοντες,
1506 588 1535 641 δ
1575 588 1691 640 ἔστι
1735 587 1840 656 τρί-

1959 589 2142 654 nibus,
2177 587 2398 641 adducit
2423 586 2692 641 Dominus
2723 583 2892 639 David
2919 585 3257 640 esurientem
3289 593 3344 640 et
3372 600 3561 641 come-

249 686 443 748 6οντες
480 686 603 748 ταῖς
625 684 802 755 χερσὶ,
837 687 1078 752 παράγει
1113 683 1141 734 ὁ
1165 681 1372 750 Κύριος
1399 680 1488 732 τὸν
1519 678 1700 741 Δαυτδ,
1729 694 1846 730 πειο

243 778 489 830 νάσαντα
531 775 626 828 καὶ
651 773 898 843 φαγόντα
929 775 1053 834 τοὺς
1109 772 1310 842 ἄρτους
1341 772 1440 840 τῆς
1509 769 1841 840 προθέσεως.

245 867 472 936 Φεύγων
530 868 640 937 γὰρ
680 867 772 919 τὸν
811 865 1009 928 Σαοὺλ,
1060 863 1400 935 παρεγένετο
1454 863 1533 925 είς
1581 860 1847 930 ’Δόιάθαρ

241 963 335 1014 τὸν
372 961 660 1031 ἀρχιερέα,
686 958 781 1010 καὶ⁵
812 957 1097 1027 ἠπάτησεν
1125 957 1287 1008 αὑτὸν
1320 956 1518 1024 λέγων,
1553 955 1633 1016 ὡς
1681 954 1789 1023 ἄρα
1819 956 1848 1007 ὁ

245 1054 505 1126 βασιλεὺς
566 1050 889 1104 ἀποστέλλει
942 1050 1106 1102 αὐτὸν
1166 1049 1260 1100 ἐπί
1312 1065 1365 1100 τι
1414 1047 1847 1116 ἀναγκαιότατον

242 1147 430 1216 ἔργον,
466 1146 559 1198 καὶ⁸
596 1143 662 1213 δὴ
701 1143 903 1196 πεινῶν
935 1143 1100 1195 ἕλαόε
1151 1142 1250 1211 μὲν
1281 1141 1436 1212 παρὰ
1489 1141 1586 1192 τοῦ
1651 1140 1842 1211 ἱερέως

243 1236 491 1298 καὶτοὺς
539 1236 738 1305 ἄρτους
768 1238 867 1304 τῆς
895 1233 1235 1304 προθέσεως,
1295 1232 1389 1294 οὓς
1430 1233 1555 1285 καθ’
1605 1232 1845 1298 ἑκάστην

242 1330 609 1402 προετίθεσαν
639 1327 849 1388 δώδεκα
889 1329 982 1380 ἐπὶ
1019 1330 1118 1395 τῆς
1154 1327 1302 1396 ἱερᾶς
1352 1327 1655 1395 τραπέζης,
1693 1325 1750 1389 ἒξ
1781 1328 1845 1377 ἐκ

241 1422 434 1489 δεξιῶν
458 1423 553 1474 καὶ
578 1420 638 1485 ἒξ
671 1419 730 1485 ἐξ
754 1418 1078 1489 εὐωνύμων.
1116 1418 1325 1470 Ἐλαὸε
1359 1418 1416 1470 δὲ
1449 1420 1544 1470 καὶ
1577 1419 1674 1489 τὴν
1710 1421 1846 1488 ῥομ-

242 1517 412 1584 φαίαν
433 1516 527 1568 τοῦ
562 1514 779 1568 Γολιάθ.
806 1513 1026 1583 Ταύτην
1052 1511 1150 1582 τὴν
1188 1512 1430 1582 ἱστορίαν
1456 1513 1626 1565 εἰπὼν
1659 1515 1844 1575 αὐτοῖς

239 1605 268 1658 δ
300 1605 528 1676 Κύριος,
587 1605 845 1675 ἐντρέπει
898 1604 1097 1666 αὐτοὺς
1151 1603 1260 1656 ἀπὸ
1313 1605 1411 1671 τῆς
1445 1603 1698 1674 πράξεως
1748 1605 1843 1656 τοῦ

238 1700 425 1754 Δαυῖδ.
467 1699 528 1751 Ei
572 1699 680 1770 γὰρ
721 1698 812 1750 τὸν
849 1697 1033 1762 Δαυῒδ,
1093 1697 1250 1765 φησι,
1285 1699 1507 1765 τιμᾶτε,
1564 1697 1682 1756 πῶς
1715 1696 1844 1760 τοὺς

237 1793 408 1861 ἐμοὺς
446 1791 805 1861 κατακρίνετε
853 1789 1145 1859 μαθητάς;
1181 1789 1390 1850 Ἀλλως
1419 1806 1502 1851 τε,
1532 1791 1559 1841 ὁ
1584 1788 1715 1850 Υἱὸς
1745 1789 1839 1840 τοῦ

237 1883 558 1954 ἀνθρώπου,
598 1882 880 1936 τουτέστιν
922 1881 1055 1950 ἐγὼ,
1089 1880 1296 1951 Κύριός
1343 1882 1459 1951 είμι
1491 1879 1589 1932 τοῦ
1619 1879 1839 1934 Σαϐϐά-

1955 681 2172 733 dentem
2206 692 2373 747 panes
2399 677 2818 748 propositionis,
2842 690 2982 745 quos
3014 678 3396 745 proponebant
3421 693 3560 745 quo-

1955 775 2102 828 tidie.
2129 772 2365 844 Fugiens
2378 773 2524 827 enim
2547 771 2714 842 310
2737 788 2766 823 a
2793 768 3275 825 Saulveniebatad
3295 769 3563 825 Abiathar

1954 867 2288 937 pontiﬁcem,
2315 877 2369 921 et
2401 868 2617 934 decepit
2641 880 2764 920 eum
2789 864 2947 933 quasi
2973 879 3002 918 a
3039 879 3164 935 rege
3190 866 3391 920 missus
3412 875 3560 920 esset

1955 961 2009 1014 in
2041 975 2176 1028 Opus
2207 960 2477 1030 quoddam
2509 960 2910 1024 necessarium,
2969 968 3024 1010 et
3062 958 3316 1012 esuriens
3349 957 3560 1025 accepit

1952 1071 1978 1107 a
2015 1055 2272 1122 pontiﬁce
2297 1052 2464 1106 etiam
2508 1067 2677 1122 panes
2705 1050 3121 1120 propositionis,
3147 1065 3384 1120 quorum
3418 1051 3562 1104 duo-

1951 1145 2126 1195 decim
2159 1141 2406 1211 quotidie
2464 1156 2630 1208 super
2676 1156 2892 1196 sacram
2949 1154 3198 1193 mensam
3258 1141 3563 1210 ponebant,

1952 1250 2095 1288 scxa
2124 1235 2356 1297 dextris,
2384 1243 2438 1287 et
2471 1249 2567 1285 sex
2616 1249 2643 1286 a
2694 1232 2959 1287 sinistris.
2997 1231 3226 1302 Aecepit
3266 1242 3449 1287 autem
3509 1240 3564 1288 et

1951 1327 2189 1394 gladium
2216 1326 2457 1381 Goliath.
2485 1325 2637 1381 Hanc
2664 1327 2949 1381 hisloriam
2976 1326 3116 1380 dixit
3149 1327 3254 1381 illis
3278 1327 3559 1392 Dominus,

1948 1431 2004 1473 et
2052 1421 2307 1475 admonet
2350 1436 2444 1474 eos
2476 1437 2504 1474 a
2543 1419 2687 1474 facto
2747 1419 2938 1474 David.
2997 1417 3135 1472 Nam
3193 1421 3236 1474 si
3279 1421 3560 1486 Davidem,

1952 1511 2149 1579 inquit,
2204 1514 2514 1576 h0noratis,
2550 1511 2829 1582 quomodo
2857 1526 3008 1566 meos
3038 1515 3420 1566 condemnatis
3453 1515 3565 1566 dis-

1947 1604 2202 1673 cipulos?
2239 1603 2332 1658 Vel
2390 1606 2570 1668 aliter,
2627 1604 2800 1658 Filius
2855 1604 3116 1667 hominis,
3161 1606 3265 1659 hoc
3295 1615 3400 1669 est,
3436 1622 3562 1674 ego,

1949 1695 2213 1750 Daminus
2279 1710 2398 1749 sum
2456 1695 2706 1759 Subbati,
2744 1705 2802 1748 ut
2849 1693 3116 1749 Conditor
3159 1705 3213 1750 et
3255 1695 3454 1750 Factor
3512 1708 3566 1750 et

1954 1787 2282 1859 Legislator,
2316 1799 2643 1856 potestatem
2678 1789 2886 1843 habens
2940 1788 3184 1843 solvendi
3232 1788 3568 1860 Sabbatnm.

1950 1882 2120 1936 Filius
2154 1885 2300 1938 enim
2336 1882 2577 1936 hominis
2620 1898 2729 1936 non
2775 1882 2915 1936 alius
2974 1892 3200 1937 vocatus
3257 1895 3344 1938 est
3392 1899 3559 1952 quam

235 1941 362 2038 του,
393 1973 469 2036 ὡς
496 1941 845 2043 Δημιουργὸς
877 1941 975 2026 καὶ,
1004 1941 1244 2042 Πνοιητης
1270 1941 1365 2025 καὶ
1399 1941 1720 2041 ’Δεσπότηᾳ
1748 1973 1840 2024 καὶ

1953 1973 2226 2039 Christus,
2252 1975 2342 2042 qni
2381 1988 2509 2026 cum
2561 1983 2707 2027 esset
2762 1971 2935 2027 Filius
2963 1971 3081 2037 Dei,
3115 1974 3441 2030 mirabiliter
3477 1975 3564 2030 di-

235 2065 565 2136 νομοθέτης,
619 2065 875 2132 ἐξουσίαν
918 2066 1058 2136 ἔχων
1104 2065 1402 2118 καταλύειν
1434 2066 1494 2118 τὸ
1541 2065 1844 2121 Σάὸὅατον.

235 2158 368 2222 Υἱὸς
407 2160 516 2228 γὰρ
548 2158 843 2228 ἀνθρώπου
899 2159 999 2211 οὐκ
1041 2159 1203 2222 ἄλλος
1247 2159 1313 2211 ἂν
1338 2158 1590 2229 κληθείη,
1617 2163 1666 2213 εί
1716 2161 1792 2231 μὴ
1818 2164 1846 2214 ὁ

237 2249 500 2321 Χριστὸς,
550 2248 609 2313 ὃς
650 2249 778 2311 Υἱὸς
811 2248 947 2302 Θεοῦ
973 2248 1070 2315 ὢν,
1107 2247 1431 2320 παραδόξως
1495 2251 1837 2320 κατηξίωσε,

236 2342 338 2397 καὶ
397 2341 522 2405 Υἱὸς
581 2340 880 2412 ἀνθρώπου
934 2341 1004 2394 δι’
1058 2342 1389 2412 ἀνθρώπους
1426 2343 1686 2412 γενέσθαι
1742 2350 1839 2399 καὶ

234 2436 526 2507 κληθῆναι.
547 2437 621 2489 Τὸ
651 2437 761 2508 γὰρ
789 2437 889 2506 ἐμὲ
921 2437 1017 2489 καὶ
1051 2437 1114 2489 σὲ
1140 2437 1424 2491 καλεῖσθαι
1454 2437 1569 2490 υίδν
1612 2441 1930 2513 ἀνθρώπου,

230 2526 555 2598 ἀνθρώπου,
596 2527 690 2580 τὸν
716 2527 1038 2597 παραδόξως
1071 2527 1554 2598 ἀνθρωπισθέντα.

310 2642 330 2678 ι
383 2624 636 2692 Ἐγένετο
680 2622 735 2674 δὲ
781 2621 876 2674 καὶ
925 2623 982 2672 ἐν
1033 2620 1208 2690 ἑτέρῳ
1251 2621 1520 2691 Σαϐϐάτῳ
1572 2622 1839 2676 εἰσελθεῖν

232 2717 400 2770 αὑτὸν
457 2717 537 2780 είς
575 2715 673 2786 τὴν
729 2714 1064 2784 Συναγωγὴν
1133 2715 1228 2766 καὶ
1278 2713 1576 2768 διδάσκειν.
1632 2717 1742 2769 Καὶ
1771 2713 1840 2787 ἦν

232 2812 356 2865 ἐκεῖ
376 2808 690 2879 ἄνθρωπος,
716 2809 810 2858 καὶ
851 2808 883 2876 ὴ
919 2806 1044 2875 χεὶρ
1071 2804 1297 2875 αὑτοῦὴ
1337 2805 1488 2871 δεξιὰ
1536 2801 1604 2876 ἦν
1663 2808 1825 2877 ξηρά.

231 2903 594 2972 Παρετήρουν
627 2898 682 2951 δὲ
723 2898 888 2950 αὑτὸν
916 2899 968 2950 ot
1017 2898 1374 2969 Γραμματεῖς
1410 2899 1508 2951 καὶ
1574 2900 1623 2950 οἱ
1674 2899 1840 2969 Φαρι-

231 2998 402 3058 σαῖοι,
453 2995 500 3046 εί
550 2995 607 3046 ὲν
667 2992 746 3062 τῷ
794 2991 1062 3058 Σαὸὅάτῳ
1122 2990 1476 3061 θεραπεύσει,
1514 2991 1601 3044 ἴνα
1636 2991 1844 3063 εὕρωσι

232 3087 582 3158 κατηγορίαν
632 3085 752 3140 κατ’
794 3082 983 3136 αὑτοῦ.
1036 3082 1215 3146 Αὐτὸς
1245 3083 1300 3135 δὲ
1330 3084 1449 3154 ᾔδει
1496 3085 1626 3148 τοὺς
1657 3084 1841 3138 διαλο-

234 3179 482 3249 γισμοὺς
535 3178 741 3232 αὐτῶν.
800 3177 909 3230 Καὶ
940 3173 1062 3228 εἷπε
1121 3175 1196 3246 τῷ
1230 3175 1506 3246 ἀνθρώπῳ
1539 3176 1614 3247 τῷ
1667 3177 1841 3248 ξηρὰν

1950 2075 2149 2130 gnatus
2177 2076 2260 2121 est
2296 2064 2471 2119 Filius
2515 2065 2764 2121 hominis
2802 2077 3030 2136 propter
3061 2067 3312 2123 homines
3353 2079 3408 2123 et
3445 2069 3562 2123 ﬂeri

1949 2169 2005 2214 et
2024 2161 2229 2214 vocari.
2265 2163 2331 2213 At
2360 2159 2506 2227 quod
2532 2173 2632 2229 ego
2655 2169 2709 2214 et
2761 2167 2818 2211 tu
2863 2160 3098 2215 dicimur
3128 2162 3273 2218 ﬁlius
3300 2161 3562 2224 h0minis,

1949 2255 2089 2309 nihil
2124 2254 2273 2308 novi.
2311 2250 2467 2306 Illum
2513 2264 2697 2307 autem
2727 2253 2951 2321 dignum
2985 2265 3069 2308 est
3124 2255 3310 2311 vocari
3361 2253 3563 2310 Filium

1950 2348 2210 2413 hominis,
2248 2347 2339 2415 qui
2369 2348 2509 2401 miro
2548 2347 2711 2401 modo
2747 2345 2929 2401 factus
2967 2357 3052 2402 est
3084 2348 3270 2405 homo.

1988 2443 2143 2497 οὐδὲν
2199 2443 2412 2496 καινόν·
2483 2442 2695 2495 ἐκεῖνον
2767 2441 2826 2495 δὲ
2887 2440 3040 2506 ἄξιον
3069 2439 3358 2495 καλεῖσθαι
3430 2441 3563 2495 Υἱὸν

2026 2620 2191 2675 Vens.
2220 2620 2373 2673 6-H.
2413 2639 2431 2672 ι
2475 2617 2704 2672 Factum
2741 2627 2824 2672 est
2854 2627 3037 2672 autem
3069 2619 3123 2672 in
3174 2618 3282 2672 alio
3316 2616 3565 2672 Sabbalo

1953 2725 2008 2770 ut
2042 2715 2276 2768 intraret
2326 2714 2379 2767 in
2416 2711 2787 2782 Synagogam,
2816 2726 2878 2763 ac
2912 2712 3159 2765 doceret.
3208 2711 3275 2764 Et
3304 2721 3426 2764 erat
3484 2711 3558 2765 ibi

1952 2810 2136 2871 homo,
2178 2815 2232 2860 et
2281 2821 2475 2859 manus
2503 2803 2620 2873 ejus
2656 2808 2849 2858 dextra
2880 2814 2999 2859 erat
3070 2805 3246 2857 arida.
3285 2800 3564 2858 Observa-

1951 2899 2078 2954 bant
2110 2909 2292 2954 autem
2317 2913 2440 2953 eum
2472 2897 2681 2952 Scribae
2709 2913 2774 2953 ac
2806 2897 3066 2951 Pharisaei
3104 2912 3172 2950 an
3206 2897 3261 2950 in
3313 2895 3564 2950 Sabbato

1949 3002 2246 3047 sanaturus
2267 3001 2437 3053 esset,
2461 2998 2521 3045 ut
2551 2990 2867 3045 invenirent
2899 2991 3042 3045 unde
3064 2999 3394 3045 accusarent
3412 3005 3563 3043 eum.

1949 3085 2071 3152 Ipse
2102 3097 2232 3137 vero
2271 3081 2482 3137 sciebat
2515 3081 2880 3150 cogitationes
2911 3094 3126 3143 eorum,
3163 3090 3218 3135 et
3244 3080 3323 3132 ait
3353 3079 3564 3133 homini

1946 3177 2036 3246 qui
2059 3177 2298 3230 habebat
2319 3189 2541 3228 manum
2567 3172 2781 3226 aridam
2810 3190 2823 3225 :
2851 3171 3048 3242 Surge,
3079 3181 3133 3228 et
3157 3182 3240 3227 sla
3270 3174 3323 3227 in
3350 3173 3560 3228 medio.

230 3271 415 3342 ἔχοντι
437 3271 536 3341 τὴν
559 3272 721 3341 χεῖρα
747 3286 759 3297 ·
802 3269 1078 3336 Ἕγειραι,
1112 3268 1209 3320 καὶ
1240 3267 1401 3337 στῆθι
1446 3270 1525 3330 εἰς
1565 3267 1624 3319 τὸ
1651 3268 1840 3335 μέσον.

1955 3270 2018 3324 Et
2048 3284 2278 3338 surgens
2308 3267 2480 3322 stetit.
2535 3266 2627 3322 Ait
2669 3266 2832 3334 igitur
2864 3266 2931 3320 ad
2967 3267 3090 3320 illos
3123 3265 3284 3321 Jesus
3319 3284 3332 3319 :
3377 3265 3556 3322 Inter-

242 3362 303 3416 Ὀ
329 3363 385 3416 δὲ
436 3361 674 3423 ἀναστὰς
701 3361 854 3429 ἔστη.
903 3355 1072 3411 Εἶπεν
1111 3354 1205 3411 οὖν
1244 3358 1272 3409 ὁ
1311 3359 1521 3427 Ἰησοῦς
1559 3360 1693 3429 πρὸς
1739 3359 1841 3411 αύ-

231 3454 365 3515 τούς
399 3469 411 3480 ·
469 3453 838 3523 Ἐπερωτήσω
893 3452 1038 3522 ὑμᾶς
1077 3464 1152 3503 τι⁸
1208 3448 1386 3516 ἔξεστι
1420 3455 1535 3513 τοῖς
1567 3451 1841 3506 Σάὸὅασιν

228 3545 664 3615 ἀγαθοποιῆσαι,
689 3545 722 3614 ἢ
749 3545 1156 3614 κακοποιῆσαι;
1191 3543 1370 3615 ψυχὴν
1405 3545 1602 3609 σῶσαι,
1632 3545 1664 3615 ἢ
1706 3547 1840 3597 ἁπο-

231 3638 428 3704 λὲσαις
473 3639 582 3692 Kal.
637 3637 1118 3709 περιϐλεψάμενος
1165 3640 1376 3696 πάντας
1409 3638 1633 3702 αὐτοὺς,
1681 3632 1839 3690 εἶπεν

229 3729 387 3799 αὐτῷ
412 3745 424 3760 ’
470 3730 754 3781 Ἔκτεινον
785 3728 881 3798 τὴν
913 3728 1072 3798 χεῖρά
1103 3745 1216 3781 σου.
1265 3726 1322 3780 Ὀ
1361 3727 1417 3781 δὲ
1468 3729 1716 3798 ἐποίησε,
1748 3728 1842 3781 καὶ

233 3819 670 3890 ἀποκατεστάθη
702 3824 735 3891 η
776 3821 901 3890 χεὶρ
925 3821 1091 3873 αὑτοῦ
1116 3821 1280 3891 ὑγιὴς
1313 3820 1445 3890 ὠςή
1477 3820 1635 3890 άλλη.
1668 3819 1838 3873 Αὐτοὶ

233 3915 293 3968 δὲ
319 3914 676 3984 ἐπλήσθησαν
705 3917 915 3978 ἀνοίας,
941 3918 1034 3967 καὶ
1061 3913 1341 3966 διελάλουν
1379 3915 1515 3982 πρὸς
1550 3912 1838 3984 ἀλλήλους,

233 4007 290 4062 τί
314 4007 386 4062 ἂν
427 4009 714 4077 ποιήσειαν
760 4006 841 4074 τῷ
885 4006 1087 4072 Ἰησοῦ.
1129 4025 1148 4058 ι
1181 4006 1324 4058 Ὅσα
1369 4005 1468 4076 μὲν
1499 4005 1731 4076 εῐπομεν
1782 4007 1840 4058 ἐν

227 4099 314 4172 τῷ
367 4115 514 4153 κατα
552 4099 858 4162 Ματθαῖον,
896 4099 1052 4166 δῆλαο
1087 4097 1182 4151 νῦν
1207 4097 1265 4150 δὲ
1300 4097 1420 4152 τόδε
1447 4097 1704 4168 λέγομεν,
1756 4099 1840 4150 ὅτι

228 4193 416 4266 ξηρὰν
448 4192 562 4263 ἔχει
599 4193 699 4260 τὴν
725 4193 903 4264 χεῖρα,
939 4190 994 4254 ὃς
1024 4191 1085 4244 οὐ
1120 4193 1351 4262 πράττει
1374 4207 1426 4244 τι
1451 4191 1562 4243 τῶν
1585 4193 1684 4261 τῆς
1710 4190 1840 4261 ἁρε-

224 4287 335 4357 τῆς
374 4285 576 4356 ἔργων.
617 4285 682 4338 Ἠ
720 4285 821 4356 μὲν
862 4285 971 4356 γὰρ
1003 4286 1124 4354 χεὶρ
1174 4283 1458 4353 ἐνεργείας
1485 4284 1740 4355 ὄργανον,
1781 4283 1841 4348 ὃς

227 4379 291 4434 δὲ
328 4378 632 4448 ἐξήρανται
682 4377 912 4443 ταύτην,
975 4379 1140 4447 ἀργεῖ
1198 4377 1439 4440 πάντως.
1489 4377 1680 4440 "Usu;
1747 4372 1842 4432 οὖν

231 4470 389 4525 θέλει
417 4469 747 4539 ὑγιασθῆναι
779 4468 877 4538 τὴν
912 4471 1091 4537 χεῖρα,
1129 4468 1185 4519 ἐν
1218 4468 1295 4538 τῷ
1334 4467 1602 4538 Σασϐάτῳ
1633 4467 1842 4539 ταύτην

229 4561 656 4630 ὑγιασθήσεται.
691 4556 818 4613 Οἷον
850 4561 901 4612 τί
925 4561 1091 4628 λέγω*
1130 4560 1245 4612 Οὐκ
1281 4559 1428 4612 ἐστιν
1461 4559 1762 4631 ἐνεργῆσαί
1788 4579 1838 4613 τι

227 4653 346 4707 τῶν
393 4653 492 4722 τῆς
520 4652 720 4722 ἀρετῆς
771 4651 976 4720 ἔργων,
1014 4653 1110 4703 ἐὰν
1147 4651 1222 4722 μὴ
1253 4651 1437 4723 παυθῇ
1469 4669 1551 4714 τις
1584 4653 1694 4706 ἀπὸ
1739 4654 1836 4723 τῆς

228 4745 458 4808 κακίας.
500 4743 788 4798 Ἔκκλινον
829 4745 1182 4815 γάρπρῶτον
1234 4745 1343 4798 ἀπὸ
1379 4745 1476 4799 τοῦ
1516 4747 1714 4810 κακοῦ,
1748 4747 1844 4800 καὶ

229 4840 366 4893 τότε
417 4837 647 4908 ποίησον
709 4837 771 4890 τὸ
827 4836 1056 4902 ἀγαθόν.
1101 4837 1271 4892 Ὅταν
1326 4833 1421 4892 οὖν
1477 4839 1839 4910 σαϐϐατίσῃς,

227 4924 550 4989 τουτέστιν,
578 4927 833 4996 ἁργήσῃς
858 4926 965 4979 ἀπὸ
987 4925 1097 4980 τῶν
1129 4927 1232 4996 τῆς
1268 4927 1470 4992 κακίας
1495 4929 1697 4999 ἔργων,
1717 4929 1841 4981 τότε

228 5018 487 5078 ἐκτενεῖς
526 5034 618 5069 σου
647 5020 744 5088 τὴν
771 5023 932 5090 χεῖρα
962 5020 1056 5072 ἐπὶ
1093 5020 1164 5072 τὰ
1187 5021 1283 5091 τῆς
1312 5022 1535 5092 ἀρετῆς,
1571 5025 1663 5075 καὶ
1700 5023 1841 5076 ἀπο-

229 5109 654 5176 καταστήσεταί
698 5126 781 5160 σοι
819 5109 979 5179 αὓτη.
1032 5109 1272 5175 Είκότως
1301 5111 1357 5164 δὲ
1381 5107 1503 5164 εἷπε
1532 5112 1617 5176 τὸ,
1661 5113 1835 5166 Ἀπο-

228 5200 583 5271 κατεστάθη.
616 5196 727 5255 Ἦν
759 5204 870 5272 γὰρ
927 5204 1016 5256 ὅτε
1069 5205 1102 5275 ὴ
1143 5203 1467 5275 ἀνθρωπίνη
1505 5205 1669 5273 φύσις
1723 5203 1838 5275 εἶχε

225 5295 333 5364 τὴν
403 5294 674 5366 ἐργασίαν
709 5295 805 5348 τοῦ
867 5295 1061 5360 καλοῦ,
1106 5298 1199 5348 καὶ
1240 5297 1338 5366 τὴν
1370 5298 1552 5366 χεῖρα,
1589 5295 1842 5350 τουτέστι

1949 3360 2154 3429 rogabo
2212 3376 2332 3428 vos,
2375 3369 2560 3414 utrum
2623 3358 2751 3412 licet
2802 3356 3061 3414 Sabbatis
3099 3356 3446 3425 benefacere,
3485 3375 3559 3414 aa

1946 3455 2310 3509 malefncerc?
2341 3457 2582 3509 animam
2619 3469 2865 3520 servare,
2916 3468 2988 3506 an
3024 3453 3299 3522 perdere?
3347 3451 3412 3505 Et
3445 3454 3555 3506 cir-

1946 3547 2282 3617 cumspectis
2304 3548 2560 3603 omnibus
2589 3547 2731 3602 dixit
2763 3545 2993 3608 homini,
3037 3543 3282 3600 Extende
3325 3561 3558 3598 manum

1948 3651 2117 3694 tuam.
2152 3640 2245 3692 ille
2273 3650 2456 3693 autem
2495 3640 2644 3705 fecit,
2683 3649 2740 3694 et
2765 3639 3018 3694 restituta
3072 3647 3157 3693 est
3217 3654 3415 3692 manus
3444 3638 3563 3707 ejus

1947 3748 2078 3788 sana
2106 3733 2250 3786 sicut
2279 3731 2470 3786 altera.
2515 3733 2620 3802 Ipsi
2655 3743 2837 3787 autem
2894 3731 3086 3802 repleti
3125 3740 3255 3786 sunt
3293 3733 3564 3798 amentia,

1945 3839 1999 3883 et
2023 3826 2477 3896 colloquebantur
2498 3825 2640 3879 inter
2661 3839 2784 3880 sesc
2802 3823 3063 3892 quidnam
3090 3821 3336 3879 facerent
3351 3821 3503 3880 Jesu.
3536 3846 3555 3876 ο

1946 3922 2078 3988 Qua:
2132 3920 2372 3974 diximus
2396 3919 2449 3973 in
2479 3917 2760 3979 Matthao.
2820 3915 3116 3971 manifesta
3167 3926 3339 3971 sunt:
3411 3933 3560 3974 nunc

1947 4024 2132 4066 autem
2183 4013 2283 4066 hoc
2338 4011 2591 4076 dicimus,
2639 4008 2784 4079 quod
2843 4006 3056 4062 aridam
3102 4023 3326 4061 tnanum
3374 4008 3559 4070 habet,

1947 4105 2039 4172 qui
2066 4101 2217 4157 nulla
2239 4101 2503 4156 virtutum
2528 4114 2694 4170 opera
2719 4097 2870 4154 facit.
2899 4098 3093 4152 Manus
3121 4098 3268 4152 enim
3294 4101 3561 4168 operandi

1945 4209 2215 4266 organum
2266 4204 2351 4249 est
2407 4209 2422 4248 :
2470 4193 2557 4247 cui
2612 4202 2794 4247 autem
2826 4190 2913 4246 ilia
2951 4191 3173 4255 arescit,
3219 4190 3266 4245 is
3323 4191 3558 4246 omnino

1945 4290 2154 4345 otiosus
2182 4298 2286 4344 est.
2324 4287 2381 4343 Si
2436 4287 2560 4357 quis
2610 4287 2776 4355 igitur
2825 4301 3046 4339 ntanum
3097 4283 3282 4338 sanari
3333 4285 3466 4350 vult,
3503 4283 3556 4336 in

1950 4382 2194 4438 Sabbato
2221 4383 2368 4436 illam
2409 4381 2739 4436 sanctiﬁcet.
2776 4378 2966 4447 Neque
2993 4379 3140 4432 enim
3195 4384 3377 4446 potest
3431 4378 3557 4446 quis

1947 4486 2116 4541 opera
2155 4472 2418 4525 virtutum
2455 4473 2659 4538 facere,
2704 4471 2812 4526 nisi
2844 4469 2996 4539 prius
3026 4485 3055 4521 a
3103 4469 3314 4522 malitia
3353 4479 3558 4523 cesset.

1949 4563 2172 4618 Declina
2214 4565 2382 4630 enim,
2416 4564 2610 4633 inquit,
2675 4564 2852 4632 primo
2903 4577 2931 4614 a
2970 4561 3141 4625 malo,
3189 4571 3245 4616 et
3278 4569 3413 4616 tunc
3469 4559 3560 4616 fac

1948 4659 2151 4712 bonum
2191 4656 2260 4709 ³⁸.
2291 4657 2479 4725 Itaque
2512 4655 2734 4725 quando
2759 4654 3064 4709 Sabbatum
3122 4654 3263 4722 agis,
3296 4655 3401 4707 hoc
3446 4663 3559 4715 est.

1947 4754 2159 4807 otiosus
2191 4767 2252 4807 es
2284 4754 2352 4807 ab
2383 4752 2644 4822 operibus
2676 4751 2854 4815 malis,
2879 4758 3008 4804 tunc
3031 4747 3302 4805 extendas
3335 4763 3558 4802 manum

1950 4845 2015 4898 ad
2058 4859 2225 4914 opera
2254 4847 2536 4908 virtutum,
2567 4850 2622 4896 et
2651 4842 2976 4897 restituetur
3026 4841 3169 4912 ipsa.
3236 4839 3304 4894 Et
3357 4841 3559 4895 merito

1949 4934 2108 4996 dixit,
2134 4936 2383 4988 restituta
2419 4944 2523 4989 est.
2558 4932 2685 4989 Fuit
2737 4935 2884 4989 enim
2923 4934 3148 5006 quando
3186 4934 3424 4988 humana
3457 4948 3555 4986 na-

1951 5036 2070 5080 tura
2105 5027 2342 5082 habebat
2371 5028 2477 5080 vim
2514 5027 2779 5097 operandi
2815 5027 3046 5093 bonum,
3069 5042 3133 5081 ac
3165 5041 3415 5093 manum,
3453 5026 3557 5080 huc

1947 5129 2032 5175 est
2073 5121 2338 5189 operandi
2384 5119 2706 5189 eﬂicaciam,
2770 5137 3006 5177 sanam:
3064 5122 3158 5177 sed
3196 5131 3552 5191 posteaquam

1952 5213 2164 5282 perdita
2192 5211 2318 5279 fuit,
2351 5213 2533 5283 gratia
2568 5213 2772 5269 Christi
2800 5215 2950 5269 illam
2983 5215 3186 5270 iterum
3222 5213 3446 5284 recepit,
3504 5223 3560 5268 et

1956 5301 2021 5354 ad
2057 5304 2298 5372 priorem
2322 5305 2616 5359 sanitatem
2657 5305 2914 5361 restituta
2939 5317 3047 5361 est.

226 5390 336 5461 τὴν
395 5390 759 5460 ἐνεργητικὴν
811 5390 1066 5463 δύναμιν,
1124 5393 1273 5460 ὑγιᾶ.
1348 5389 1482 5445 Εἶτα
1529 5393 1868 5465 ἀπολέσασα,
1905 5397 2091 5469 χάριτι
2139 5400 2380 5471 Χριστοῦ
2431 5401 2681 5456 ἀπέλαὸε
2743 5402 2995 5474 ταύτην,
3050 5403 3146 5456 καὶ
3196 5402 3555 5474 ἀποκατέστη

226 5485 315 5544 εἰς
346 5480 413 5534 τὸ
443 5479 638 5548 πρώην
663 5480 891 5549 ἀγαθόν.

312 5592 332 5625 ε
379 5573 634 5642 Ἐγένετο
678 5575 734 5627 δὲ
775 5577 834 5627 ὲν
879 5578 999 5638 ταῖς
1034 5576 1274 5647 ἡμέραις
1303 5577 1557 5644 ταύταις,
1607 5578 1838 5649 ἐξῆλθεν

227 5670 314 5730 sl;
353 5665 423 5718 τὸ
475 5666 602 5735 ὅρος
656 5667 1087 5735 προσεύξασθαι.
1127 5669 1236 5721 Καὶ
1285 5665 1355 5740 ἦν
1400 5670 1838 5743 διανυκτερεύων

224 5762 288 5814 ἐν
328 5763 400 5831 τῇ
443 5761 728 5829 προσευχῇ
774 5761 868 5812 τοῦ
902 5760 1057 5815 Θεοῦ.
1098 5761 1210 5815 Καὶ
1233 5763 1321 5816 ὅτε
1363 5763 1583 5832 ἐγένετο
1625 5765 1830 5835 ἡμέραι

309 5918 359 5949 ³⁸
401 5912 548 5972 Psal.
594 5929 779 5980 xxx",
803 5913 893 5969 27.

2024 5582 2196 5637 Vens.
2224 5581 2419 5636 12-19.
2468 5599 2486 5631 ι
2537 5579 2764 5634 Factum
2797 5589 2880 5635 est
2911 5588 3093 5635 autem
3125 5580 3178 5634 in
3205 5580 3312 5635 illis
3337 5581 3552 5644 diebus.

1947 5673 2082 5729 exiit
2141 5673 2192 5724 in
2227 5683 2468 5724 montem
2513 5673 2578 5723 ad
2613 5669 2906 5735 orandum,
2944 5679 3174 5741 eratque
3223 5684 3555 5741 pernoctans

1950 5766 2003 5820 in
2037 5764 2430 5834 deprecatione
2461 5764 2578 5818 Dei.
2613 5763 2681 5818 Et
2710 5779 2834 5818 cum
2868 5765 2986 5820 dies
3038 5763 3215 5820 factus
3259 5775 3427 5832 esset,
3459 5781 3553 5822 vo-
