4038 6492
567 459 669 524 ττι

1480 450 1581 510 ἹἮ
1594 445 2059 510 EOPHYLACTI
2109 436 2518 503 BULGAerE
2561 434 2913 496 ARCHIEP.

3718 429 3814 494 ττι

568 567 715 623 cavit
739 564 1036 636 discipulos
1086 576 1233 625 suos,
1268 572 1322 614 et
1368 560 1530 628 elegit
1581 557 1861 612 duodecim
1899 572 1964 610 ex
2001 556 2130 625 ipsis

2252 553 2627 620 τροσεφὼνησε
2657 548 2784 608 τοὺς
2826 545 3076 615 μαθητάς
3106 541 3292 597 αὑτοῦ.
3329 543 3440 597 Καὶ
3459 541 3813 610 ἐκλεξάμενος

561 676 700 728 quos
720 670 776 714 et
817 655 1091 730 apostolos
1131 652 1471 707 nominavit:
1540 649 1842 711 Simonem,
1880 664 2040 719 quem
2083 658 2137 701 et

563 754 779 808 Petrum
815 747 1133 805 nominavit,
1168 756 1221 798 et
1248 743 1514 794 Andream
1550 742 1770 792 fratrem
1805 740 1942 808 ejus,
1974 738 2132 808 311

567 841 890 898 lacobuniet
912 837 1198 900 Joannem,
1235 833 1535 901 Philippum
1564 840 1618 882 et
1653 828 2130 889 Bartholommum,

565 931 875 985 Hatthteum
921 938 975 980 et
1003 921 1573 986 ThomamJacobum
1633 919 1835 988 Alpliiei
1869 919 2037 972 [ilium
2081 929 2136 972 et

566 1023 868 1081 Simonem,
929 1020 1017 1087 qui
1071 1026 1294 1070 vocatur
1337 1015 1568 1077 Zelotes,
1607 1014 1798 1089 Juihim
1842 1011 2028 1066 Jacobi
2087 1021 2139 1064 et

562 1112 754 1168 ludam
787 1109 1120 1171 lscariotem,
1163 1110 1250 1174 qui
1304 1107 1441 1160 idem
1481 1106 1872 1174 fuitproditor.
1919 1106 1982 1158 Et
2016 1105 2138 1156 des-

570 1205 814 1258 cendens
837 1216 958 1254 cum
997 1200 1101 1253 illis
1128 1201 1276 1253 stetit
1307 1201 1357 1252 in
1385 1201 1502 1253 loco
1529 1198 1844 1268 campestri,
1878 1197 2140 1265 turbaque

566 1294 951 1361 discipulorum
990 1291 1127 1358 ejus,
1159 1302 1213 1346 et
1264 1291 1550 1344 multitudo
1588 1295 1804 1359 copiosa
1855 1290 2024 1358 plebis
2075 1303 2136 1340 ex

569 1386 714 1440 Omni
741 1383 923 1438 Iudaea
959 1393 1012 1437 et
1038 1383 1395 1446 Hierusalem,
1447 1395 1500 1436 et
1544 1397 1571 1435 a
1605 1383 1878 1435 maritima
1899 1381 2043 1450 Tyro
2089 1388 2143 1433 et

570 1479 804 1533 Sidone;
839 1478 926 1545 qui
963 1486 1221 1529 venerant
1250 1484 1306 1526 ut
1342 1477 1587 1528 audirent
1636 1489 1780 1536 cum,
1803 1485 1854 1525 et
1884 1487 2142 1527 sanaren-

571 1579 658 1624 tur
689 1585 714 1621 ο
761 1571 965 1622 morbis
1000 1568 1145 1630 suis;
1198 1577 1249 1619 et
1278 1567 1366 1633 qui
1418 1567 1754 1617 vexabantur
1780 1580 1811 1617 a
1863 1565 2143 1631 Spiritibus

571 1662 862 1714 immundis
889 1672 940 1712 et
969 1659 1322 1712 sanabantur.
1367 1656 1433 1710 Et
1464 1657 1639 1709 omnis
1674 1655 1825 1709 turba
1865 1654 2145 1724 quzcrebat

569 1766 690 1804 eum
719 1759 960 1818 tangere,
1011 1750 1139 1816 quia
1184 1748 1356 1800 vii-tus
1386 1749 1453 1800 ab
1496 1747 1585 1798 illo
1617 1746 1798 1798 exibat
1845 1755 1898 1798 et
1918 1748 2144 1799 sanabat

570 1854 778 1893 omnes.
822 1859 838 1890 ι
863 1839 1122 1892 Dominus
1148 1841 1303 1900 docet
1327 1853 1428 1891 nos
1459 1847 1515 1890 ut
1537 1851 1699 1904 opera
1722 1853 1816 1888 sua
1845 1837 2137 1896 imitemur,

2236 641 2332 695 ἀπ’
2363 640 2542 693 αὐτῶν
2573 637 2801 699 δώδεκα,
2846 636 2941 699 οὓς
2997 634 3093 690 καὶ
3131 634 3468 696 ἀποστόλους
3515 634 3770 703 ὠνόμασε
3796 652 3808 665 -

2237 732 2476 800 Σίμωνα,
2500 731 2557 784 δν
2600 732 2694 782 καὶ
2730 729 2984 795 ὠνόμασε
3010 728 3238 797 Πέτρον,
3273 727 3369 780 καὶ
3428 725 3694 796 ’Δνδρέαν
3729 727 3814 780 τὸν

2237 821 2464 890 ἀδελφὺν
2499 820 2688 884 αὑτοῦ,
2735 819 3015 883 Ἰάκωϐον,
3045 819 3140 870 καί.
3212 819 3487 887 Ἰωάννην,
3531 819 3812 884 Φίλιππον,

2239 915 2334 967 καὶ
2356 913 2787 984 Βαρθολομαῖον,
2836 913 3132 973 Ματθαῐον,
3171 912 3265 963 καὶ
3310 910 3534 979 Θωμᾶν,
3566 910 3814 964 Ἰάκωϐον

2239 1008 2329 1059 τὸν
2363 1007 2456 1059 τοῦ
2486 1006 2763 1074 Ἀλφαίου,
2815 1006 2909 1057 καὶ
2941 1005 3158 1074 Σίμωνα
3200 1006 3288 1058 τὸν
3336 1007 3674 1074 καλούμενον
3722 1006 3813 1074 ζη-

2240 1097 2438 1167 λωτὴν,
2477 1089 2678 1152 Ἰούδαν
2722 1097 3003 1161 Ἰακώϐου,
3053 1099 3145 1149 καὶ
3194 1097 3395 1151 Ἰούδαν
3439 1096 3810 1167 Ἰσκαριώτην,

2240 1192 2297 1254 δς
2326 1193 2419 1246 καὶ
2466 1191 2682 1257 ἐγένετο
2736 1191 3022 1260 προδότης.
3056 1192 3164 1244 Καὶ
3195 1190 3439 1254 καταϐάς
3468 1193 3588 1259 μετ’
3619 1190 3812 1255 αὐτῶν,

2241 1286 2372 1354 ἔστη
2400 1284 2492 1336 ἐπὶ
2525 1284 2691 1336 τόπου
2733 1281 2968 1346 πεδινοῦ,
3004 1283 3097 1335 καὶ
3138 1281 3289 1351 δχλος
3323 1282 3587 1351 μαθητῶν
3631 1281 3815 1347 αὑτοῦ,

2243 1376 2340 1430 καί⁸
2371 1375 2575 1446 πλῆθος
2599 1376 2735 1428 πολὺ
2777 1375 2872 1427 τοῦ
2907 1374 3036 1427 λαοῦ
3077 1375 3184 1427 ἀπὸ
3215 1375 3393 1444 πάσης
3428 1374 3529 1443 τῆς
3563 1374 3820 1440 Ἰουδαίας

2245 1470 2339 1522 καὶ
2381 1469 2756 1538 Ἰερουσαλὴμ,
2795 1470 2887 1521 καὶ
2938 1467 3038 1536 τῆς
3081 1468 3348 1536 παραλίου
3390 1467 3569 1538 Τύρου
3607 1469 3701 1520 καὶ
3733 1467 3819 1520 Σι-

2243 1561 2431 1623 δῶνος,
2467 1559 2516 1612 οἳ
2546 1556 2708 1630 ἦλθον
2735 1558 2965 1612 ἀκοῦσαι
2995 1560 3161 1612 αὑτοῦ
3191 1562 3286 1612 καί
3327 1559 3545 1628 ἰαθῆναι
3581 1559 3688 1612 ἀπὸ
3717 1559 3822 1612 τῶν

2243 1649 2415 1703 νόσων
2467 1650 2681 1712 αὐτῶν,
2730 1649 2824 1702 καί
2873 1649 2923 1702 οί
2975 1650 3292 1718 ὀχλούμενοι
3345 1648 3449 1702 ὑπὸ
3498 1648 3823 1718 πνευμάτων

2243 1740 2596 1808 ἀκαθάρτων,
2660 1741 2755 1792 καὶ
2819 1741 3233 1810 ἐθεραπεύοντο.
3283 1741 3393 1795 Kal
3449 1742 3557 1803 πᾶς
3595 1743 3626 1794 δ
3673 1740 3826 1810 δχλος

2247 1831 2424 1900 έζήτει
2482 1831 2752 1884 ἀπτεσθαι
2805 1831 3008 1896 αὑτοῦ,
3060 1833 3143 1884 ὅτι
3190 1831 3423 1900 δύναμις
3478 1830 3608 1900 παρ’
3663 1830 3825 1884 αὑτοῦ

571 1930 785 1984 ctsicut
809 1931 918 1999 ipse
949 1931 1093 1993 fecit,
1123 1929 1196 1982 ita
1221 1939 1271 1982 et
1305 1944 1402 1982 nos
1425 1928 1704 1982 faciamus.
1731 1926 1870 1982 Ecce
1895 1937 2146 1982 oraturus

2252 1925 2532 1996 ἑξήρχετο.
2577 1927 2683 1978 Kal
2720 1926 2837 1979 ἰᾶτο
2866 1927 3093 1988 πάντας.
3133 1944 3151 1977 s
3191 1926 3373 1978 Πάντα
3401 1928 3544 1977 ποιεῖ
3567 1927 3596 1977 δ
3628 1924 3829 1994 Κύριος

576 2034 714 2087 erat,
747 2033 800 2076 et
822 2021 1066 2075 ascendit
1101 2022 1153 2074 in
1191 2030 1453 2074 montem.
1502 2019 1716 2075 Etenim
1746 2030 1958 2089 oportet
1985 2021 2146 2074 etiam

574 2128 673 2166 nos
707 2128 736 2164 a
787 2113 1016 2181 negotiis
1045 2113 1253 2166 otiosos
1284 2125 1462 2177 orare,
1489 2123 1541 2166 et
1567 2127 1673 2166 non
1712 2111 1762 2164 in
1800 2112 1976 2166 medio
2011 2110 2150 2163 mul-

577 2216 778 2271 torum,
815 2207 908 2258 sed
958 2213 1356 2271 perizoctantes,
1389 2219 1454 2257 ne
1480 2203 1660 2256 statim
1700 2212 1759 2255 ut
1789 2201 2138 2269 cmperlmus,

575 2309 869 2349 cessemus.
901 2293 1028 2347 Post
1076 2296 1379 2350 orationem
1412 2305 1592 2348 autem
1628 2294 1792 2364 elegit
1829 2294 2142 2362 discipulos,

577 2391 635 2436 ut
659 2383 848 2437 doceat
875 2387 1037 2437 etiam
1070 2399 1172 2438 nos
1199 2387 1416 2453 quando
1446 2386 1756 2454 quempiam
1787 2385 1842 2438 in
1871 2385 2156 2454 spirituale

579 2473 943 2526 ministerium
1003 2489 1191 2527 sumus
1225 2476 1526 2528 ordinaturi
1564 2489 1684 2529 cum
1732 2477 1985 2545 precibus
2010 2476 2154 2530 hunc

579 2564 866 2634 eligamus,
910 2573 964 2617 ut
1010 2566 1183 2619 doctis
1211 2581 1240 2617 a
1293 2565 1402 2620 Deo
1433 2576 1486 2620 et
1521 2565 1590 2620 ab
1617 2567 1706 2621 illo
1733 2567 2044 2635 petentibus
2072 2582 2156 2620 re-

580 2654 720 2709 velet
747 2655 871 2723 quis
907 2656 1136 2710 idoneus
1166 2657 1256 2710 sit.
1291 2659 1601 2725 Assumpsit
1655 2672 1785 2727 ergo
1835 2659 2150 2721 duodecim,

581 2749 966 2818 descenditque
1013 2765 1135 2804 cum
1188 2748 1293 2803 illis
1323 2750 1392 2804 de
1441 2759 1662 2816 monte;
1718 2759 1776 2805 ut
1816 2765 1908 2806 eos
1946 2753 2036 2821 qui
2087 2767 2154 2806 ex

587 2841 814 2894 urbibus
869 2851 1151 2903 venerant,
1183 2853 1360 2907 sanet,
1389 2849 1444 2896 et
1470 2845 1698 2911 geminis
1724 2841 2000 2897 beneﬁciis
2035 2858 2157 2913 pro-

584 2942 861 3000 sequatur,
894 2931 1157 2985 inanima
1198 2933 1407 2988 scilicet
1448 2949 1510 2988 ac
1544 2949 1793 3003 corpore.
1829 2934 1967 2988 Audi
2012 2937 2154 2990 enim

584 3022 713 3084 quid
760 3021 904 3074 dicat
937 3040 950 3075 :
986 3021 1262 3077 Venerunt
1324 3034 1383 3078 ut
1415 3027 1665 3079 audirent
1711 3041 1858 3088 eum,
1897 3029 2040 3096 quod
2087 3027 2154 3080 ad

584 3112 781 3167 anima:
811 3127 996 3166 curam
1050 3115 1354 3182 pertinebat
1389 3132 1402 3167 :
1443 3127 1496 3170 et
1527 3127 1852 3171 sanarentur
1887 3134 1916 3171 a
1955 3119 2157 3173 morbis

585 3203 718 3269 suis,
745 3204 850 3258 hoc
883 3207 947 3258 de
990 3207 1309 3276 corporibus
1331 3207 1483 3262 dicit.
1509 3207 1722 3262 Etenin.
1770 3211 1941 3264 virtus
1971 3212 2038 3265 ab
2065 3210 2156 3264 illo

585 3297 982 3368 egrediebatur,
1011 3310 1066 3352 et
1111 3302 1343 3354 sanabat
1369 3316 1576 3356 omnes.
1617 3301 1750 3356 Nam
1783 3304 2057 3371 propheta:
2102 3313 2154 3358 et

588 3389 678 3443 alii
708 3392 878 3444 sancti
906 3405 1014 3444 non
1045 3392 1318 3445 habebant
1341 3393 1593 3446 virtutem
1622 3407 1651 3447 a
1679 3408 1736 3448 se
1766 3396 2156 3463 egredientem.

586 3482 703 3537 Non
730 3485 874 3540 enim
911 3483 1128 3539 fuerunt
1162 3485 1264 3555 ipsi
1305 3485 1479 3539 lontes
1510 3486 1786 3541 virtutum.
1814 3487 1882 3541 At
1903 3486 2157 3543 Dominus

589 3578 777 3631 habuit
821 3578 1074 3632 virtutem
1113 3593 1142 3630 a
1186 3594 1244 3632 se
1276 3580 1667 3646 egredientem,
1717 3579 2154 3648 quandoquidem

587 3669 698 3738 ipse
717 3669 835 3724 fons
861 3669 1145 3724 virtutum.
1172 3668 1238 3724 Et
1264 3671 1336 3724 ita
1365 3672 1645 3742 propheta:
1678 3687 1740 3726 ac
1783 3671 1958 3726 sancti
1987 3671 2155 3726 virtu-

586 3767 691 3814 lem
719 3773 872 3814 suam
899 3774 1134 3830 superne
1167 3773 1517 3831 acceperunt.

660 4046 832 4102 Vens.
876 4047 1070 4102 20-26.
1106 4067 1124 4098 ι
1166 4047 1230 4103 Et
1272 4050 1386 4117 ipse
1430 4047 1676 4103 attollens
1718 4047 1900 4103 oculos
1942 4063 2070 4104 suos
2104 4049 2155 4104 in

588 4138 918 4208 discipulos,
950 4139 1164 4194 dicebat
1199 4157 1211 4193 :
1251 4138 1396 4193 Beati
1431 4153 1718 4208 pauperes,
1755 4139 1883 4208 quia
1919 4153 2157 4195 vestrum

587 4237 680 4283 est
724 4244 948 4298 regnum
978 4227 1091 4283 Dei.
1127 4227 1274 4283 Beati
1304 4231 1394 4298 qui
1425 4231 1642 4285 esuritis
1667 4245 1830 4295 nunc,
1856 4231 1981 4299 quia
2007 4240 2155 4285 satu-

589 4321 862 4375 rabimini.
894 4319 1040 4374 Beati
1071 4321 1157 4388 qui
1190 4318 1332 4373 ﬂetis
1359 4335 1525 4383 nunc,
1561 4320 1684 4389 quia
1710 4321 1974 4376 ridebitis.
2007 4320 2154 4374 Beati

598 4411 752 4466 eritis
813 4425 933 4466 cum
973 4424 1066 4464 vos
1109 4412 1324 4465 oderint
1364 4411 1637 4470 homines.
1680 4422 1732 4466 et
1787 4413 2158 4480 separaverint

593 4519 708 4567 vos,
735 4513 787 4557 et
812 4504 1272 4572 exprobraveriut,
1303 4511 1357 4555 et
1380 4501 1636 4568 ejeceriut
1683 4518 1878 4558 nomen
1912 4515 2151 4557 vestrum

2250 2016 2516 2071 διδάσκων
2547 2019 2716 2087 ἡμᾶς,
2752 2017 2838 2069 ίνα
2881 2017 2975 2071 καὶ
3005 2019 3166 2087 ἡμεῖς
3204 2016 3350 2070 οῦτω
3397 2017 3667 2086 ποιῶμεν.
3699 2015 3829 2069 Ἰδοὺ

2250 2109 2382 2177 γοῦν
2417 2110 2626 2179 μέλλων
2670 2108 2951 2176 εὔξασθαι,
2983 2109 3157 2162 ἀνεισί
3199 2125 3256 2162 τε
3293 2111 3372 2173 είς
3406 2109 3550 2178 δρος.
3583 2109 3694 2161 Kal.
3723 2108 3831 2178 γὰρ

2252 2202 2332 2255 δεῖ
2355 2201 2714 2271 σχολάζοντας
2748 2202 3170 2272 προσεύχεσθαι,
3195 2205 3289 2255 καὶ
3323 2203 3397 2272 μὴ
3425 2203 3484 2252 ἐν
3518 2203 3670 2271 μέσῳ
3705 2201 3832 2255 πολ-

2255 2293 2382 2356 λῶν,
2417 2292 2554 2348 ἀλλά
2592 2295 2687 2345 καὶ
2724 2291 3259 2360 διανυκτερεύοντας,
3290 2291 3365 2362 μὴ
3409 2291 3570 2353 εὐθὺς
3602 2289 3831 2361 ἰσταμέο

2255 2402 2379 2449 νους
2407 2387 2486 2448 εἰς
2517 2388 2841 2456 προσευχὴν.
2864 2379 2981 2437 εἶτα
3014 2383 3440 2453 ἀφισταμένους.
3467 2383 3623 2436 Μετά
3650 2381 3710 2435 δὲ
3738 2383 3834 2452 τὴν

2254 2478 2421 2546 εὐχὴν
2471 2476 2750 2544 ἐκλέγεται
2800 2476 2924 2538 τοὺς
2979 2475 3247 2546 μαθητάς,
3293 2474 3367 2538 ὡς
3412 2474 3483 2527 ἂν
3517 2473 3708 2545 διδάξῃ
3744 2474 3836 2529 καὶ

2256 2570 2400 2640 ἡμᾶς
2436 2571 2565 2622 ὅταν
2599 2570 2882 2640 μέλλωμέν
2908 2586 3028 2622 τινα
3057 2571 3136 2631 εἰς
3160 2568 3435 2621 διακονίαν
3469 2567 3642 2621 θεῖναι
3672 2585 3832 2622 πνευ-

2260 2663 2518 2734 ματικὴν,
2560 2662 2696 2733 μετά
2722 2665 2889 2732 εὐχῆς
2920 2661 3077 2715 τοῦτο
3101 2661 3399 2732 αἰρεῐσθαι,
3434 2661 3836 2732 δδηγουμένονς

2257 2756 2364 2809 ὑπὸ
2385 2755 2542 2817 Θεοῦ,
2565 2755 2658 2807 καὶ
2683 2755 2813 2824 παρ’
2839 2755 3047 2806 ἑκείνου
3079 2752 3364 2814 αἰτοῦντας
3387 2750 3836 2821 ἀποκαλυφθῆναι

2256 2845 2390 2914 ἡμίν
2436 2844 2527 2897 τὸν
2557 2843 2803 2912 δόκιμον.
2834 2843 3120 2910 Ἐλόμενος
3161 2841 3218 2894 δὶ
3261 2842 3385 2904 τοὺς
3425 2841 3656 2904 δώδεκα,
3707 2843 3837 2895 κάτ-

2259 2953 2398 2988 εισιν
2448 2937 2513 2988 sit
2554 2935 2646 2988 τοῦ
2690 2935 2868 3003 ὅρους,
2915 2937 2990 2996 ὡς
3034 2935 3102 2988 ἂν
3142 2933 3267 2996 τοὺς
3318 2934 3425 2986 ἀπὸ
3473 2933 3583 2986 τῶν
3632 2933 3837 2987 πόλεων

2260 3028 2514 3091 ἐλθόντας
2569 3030 2806 3099 ἰάσηται,
2847 3030 2943 3080 καί⁵
2989 3026 3192 3090 διπλῶς
3225 3027 3560 3097 εὐεργετήσει
3606 3027 3750 3081 κατά
3781 3043 3835 3080 τε

2257 3122 2436 3193 ψυχὴν
2465 3122 2558 3174 καί
2583 3121 2720 3174 κατά
2753 3121 2934 3190 σῶμα.
2968 3122 3166 3174 ’Δκουε
3197 3120 3326 3192 γὰρ,
3357 3116 3658 3175 δτιἮλθον
3675 3120 3839 3175 ἀκοῦ-

2183 3243 2224 3301 c
2263 3233 2350 3269 σαι
2391 3215 2576 3281 αὑτοῦ,
2605 3214 2763 3268 τοῦτο
2792 3214 2944 3268 ἔστιν
2993 3215 3025 3284 ἡ
3057 3213 3165 3267 τῶν
3207 3213 3396 3284 ψυχῶν
3427 3214 3718 3286 θεραπεία,
3746 3212 3838 3268 καὶ

2262 3304 2477 3374 ἰαθῆναι
2519 3303 2627 3358 ἀπὸ
2663 3304 2772 3357 τῶν
2813 3305 2982 3357 νόσων
3035 3303 3235 3368 αὐτῶν,
3280 3303 3458 3368 τοῦτο,
3508 3306 3542 3373 ἡ
3591 3304 3704 3357 τῶν
3739 3322 3838 3357 σωο

2261 3398 2469 3466 μάτων·
2510 3397 2741 3467 δύναμις
2778 3398 2887 3468 γάρ
2933 3398 3062 3468 παρ’
3092 3397 3258 3450 αὐτοῦ
3308 3397 3572 3468 δξήρχετο
3598 3399 3693 3452 καὶ
3730 3401 3839 3452 ἰᾶτο

2259 3490 2492 3552 πάντας.
2517 3489 2583 3543 Ol
2614 3490 2714 3560 μὲν
2741 3489 2850 3559 γάρ
2873 3489 3151 3560 προφῆται
3177 3489 3272 3543 καὶ
3298 3489 3346 3541 οἰ
3375 3489 3527 3542 ἄλλοι
3555 3489 3705 3557 ἅγιοι
3739 3489 3835 3542 οὐκ

2257 3579 2401 3652 εἰχον
2437 3581 2665 3650 δύναμιν
2692 3580 3058 3650 ὲξερχομένην
3090 3579 3184 3632 ἀπ’
3215 3579 3414 3632 αὑτῶνο
3463 3579 3524 3632 οὑ
3558 3581 3670 3650 γάρ
3703 3575 3839 3649 ἦσαν

2256 3674 2412 3726 αὐτοὶ
2439 3674 2614 3742 πηγαὶ
2643 3673 2946 3742 δυνάμεων.
2997 3671 3055 3724 '0
3081 3670 3138 3724 δὲ
3185 3669 3391 3740 Κύριος
3441 3669 3678 3741 δύναμιν
3701 3668 3840 3739 εἶχεν

2258 3764 2622 3835 ἑξερχομένην
2675 3764 2768 3817 ἀπ’
2803 3763 2987 3816 αὑτοῦ·
3022 3762 3182 3827 αὐτὸς
3218 3763 3328 3833 γὰρ
3361 3758 3430 3834 ἦν
3474 3764 3509 3834 ἡ
3545 3762 3701 3834 πηγὴ
3747 3764 3843 3832 τῆς

2257 3856 2559 3925 δυνάμεως.
2611 3856 2698 3919 Ὠς
2732 3855 2790 3908 οἴ
2811 3871 2873 3923 γε
2904 3858 3181 3925 προφῆται
3217 3857 3312 3910 καὶ
3349 3857 3396 3908 οἰ
3427 3856 3573 3924 ἆγιοι
3601 3855 3843 3926 ἐδέχοντο

2263 3952 2465 4022 μᾶλλον
2496 3951 2700 4006 ἀνωθεν
2737 3950 2987 4020 δύναμιν.

2339 4065 2357 4098 ι
2389 4046 2501 4099 Kal
2547 4045 2708 4108 αὐτὸς
2763 4046 2974 4114 ἐπάρας
3008 4044 3136 4106 τοὺς
3185 4043 3501 4113 ὀφθαλμοὺς
3553 4046 3724 4100 αὐτοῦ
3767 4047 3845 4110 εἰς

2259 4136 2386 4196 τοὺς
2429 4134 2674 4204 μαθητὰς
2725 4134 2914 4197 αὑτοῦ,
2943 4133 3099 4200 ἔλεγε
3129 4149 3143 4164 ο
3191 4133 3470 4204 Μακάριοι
3518 4136 3568 4189 οἰ
3614 4137 3842 4207 πτωχοὶ,

2259 4227 2342 4280 ὅτι
2370 4226 2612 4296 ὑμετέρα
2649 4227 2797 4279 ἐστὶν
2825 4228 2857 4292 ἠ
2894 4225 3140 4296 βασιλεία
3166 4224 3260 4278 τοῦ
3291 4223 3449 4280 Θεοῦ.
3479 4227 3764 4300 Μακάριοι
3795 4230 3844 4283 οἰ

2260 4317 2539 4379 κλαίοντες
2580 4315 2696 4380 νῦν,
2745 4317 2826 4369 ὅτι
2875 4317 3157 4384 γελάσετε.
3212 4317 3494 4387 Μακάριοί
3543 4320 3670 4374 ἐστι
3717 4323 3844 4377 ὁταν

2264 4411 2566 4480 μισήσωσιν
2597 4409 2742 4478 ὑμᾶς
2764 4410 2812 4462 οἱ
2843 4409 3141 4478 ἂνθρωποι,
3175 4409 3270 4462 καὶ
3298 4410 3646 4480 ἀφορίσωσιν
3678 4415 3841 4484 ὐμίς,

2263 4503 2356 4557 καὶ
2382 4503 2702 4568 ὁνειδίσωσι,
2730 4503 2827 4556 καὶ
2851 4501 3122 4556 ἐκϐάλωσι
3150 4501 3212 4555 τὸ
3241 4501 3412 4574 ὄνομα
3443 4504 3602 4572 ὑμῶν
3639 4506 3718 4570 ὡς
3751 4525 3847 4561 πο-

593 4604 844 4662 tanquam
881 4593 1080 4647 malum
1124 4605 1341 4663 propter
1379 4591 1572 4646 Filium
1610 4594 1860 4647 hominis.
1921 4593 2150 4649 Gaudete

2264 4597 2447 4667 νηρὸν,
2483 4596 2646 4649 ’ἕνεκα
2693 4596 2788 4648 τοῦ
2842 4594 2973 4648 Υἱοῦ
3020 4595 3114 4649 τοῦ
3149 4597 3462 4666 ἀνθρώπου.
3511 4600 3748 4671 Χαίρετε
3789 4603 3846 4654 έν

590 4687 643 4741 in
685 4688 780 4741 illo
814 4686 900 4740 die
937 4695 992 4740 et
1035 4685 1344 4740 exsultate:
1388 4699 1516 4740 ecce
1547 4687 1690 4740 enim
1730 4700 1938 4740 merces
1977 4696 2158 4742 vestra

591 4777 756 4832 multa
789 4785 872 4831 est
915 4777 964 4829 in
998 4777 1174 4831 cmlis.
1210 4775 1516 4830 Secundum
1558 4779 1671 4832 hinc
1705 4779 1847 4831 enim
1891 4777 2161 4833 faciebant

592 4868 872 4938 prophetis
893 4877 1074 4934 patres
1108 4882 1316 4921 eorum.
1359 4867 1732 4922 Verumtamen
1777 4886 1853 4923 va!
1893 4870 2043 4926 vobis
2072 4871 2151 4925 di-

591 4962 817 5025 vitibus,
859 4961 985 5028 quia
1037 4959 1246 5013 babetis
1293 4957 1716 5012 consolationem
1762 4975 2016 5016 vestram.
2066 4961 2160 5018 Vae

593 5053 742 5105 vobis
786 5053 874 5119 qui
925 5051 1153 5104 saturati
1199 5051 1330 5105 estis
1373 5065 1556 5114 nunc,
1587 5050 1711 5118 quia
1756 5054 2026 5108 esurietis.
2073 5057 2160 5109 Vm

591 5142 745 5197 vobis
787 5142 878 5209 qui
925 5141 1110 5194 ridetis
1160 5156 1334 5207 nunc,
1380 5143 1505 5210 quia
1550 5143 1806 5211 lugebit-is
1839 5153 1891 5195 et
1936 5143 2155 5199 ﬂebitis.

591 5233 682 5288 Vo:
709 5249 827 5288 cum
861 5231 1197 5285 laudaverint
1225 5247 1318 5286 ros
1343 5248 1532 5287 omnes
1559 5235 1823 5287 homines.
1855 5233 2156 5288 Secundqu

595 5327 706 5378 hinc
729 5324 870 5378 enim
897 5322 1166 5377 faciebant
1191 5325 1670 5392 pseudoprophetis
1694 5336 1872 5392 patres
1894 5340 2102 5401 eorum.
2135 5345 2153 5377 ι

592 5415 881 5485 Postquam
913 5414 1190 5468 ordinavit
1222 5415 1510 5480 discipulos
1533 5458 1547 5480 ,
1586 5431 1679 5484 per
1717 5417 2076 5474 beatitudines
2109 5430 2162 5475 et

593 5509 861 5562 doctrinas
897 5507 947 5560 in
983 5505 1232 5560 ordinem
1269 5506 1440 5576 magis
1476 5508 1812 5574 spiritualem
1856 5510 2062 5567 inducit
2097 5527 2162 5565 ac

593 5599 883 5665 componit.
917 5596 1052 5650 Nam
1081 5598 1147 5650 ad
1175 5596 1294 5652 illos
1323 5612 1383 5652 se
1417 5611 1635 5653 vertens
1662 5615 1967 5657 sermonem
2007 5601 2156 5658 facit.

590 5687 662 5745 Et
689 5689 915 5756 primum
949 5691 1137 5744 beatos
1166 5689 1301 5744 dicit
1337 5705 1622 5760 pauperes,
1655 5693 1815 5765 312
1838 5697 1951 5748 sive
1986 5697 2162 5750 humi-

591 5783 671 5837 les
712 5781 1004 5853 intelligere
1041 5785 1314 5850 volueris,
1354 5786 1466 5842 sive
1508 5803 1535 5841 a
1585 5791 1822 5858 pecuniae
1867 5790 2162 5857 cupiditate

596 5873 819 5930 alienus.
857 5875 923 5932 Et
962 5891 1151 5935 omnes
1181 5878 1547 5936 beatitudines
1589 5880 1905 5951 simpliciter
1935 5880 2160 5953 frugali-

2263 4691 2448 4762 ἐκείνῃ
2475 4693 2540 4759 τῇ
2570 4690 2754 4760 ἡμέρᾳ
2785 4693 2879 4741 καὶ
2904 4690 3256 4763 σκιρτήσατε.
3300 4689 3430 4743 Ἰδοὺ
3460 4691 3570 4762 γάρ
3599 4695 3628 4746 ὁ
3653 4695 3846 4763 μισθὸς

2262 4782 2414 4850 ὑμῶν
2474 4780 2640 4842 πολὺς
2691 4780 2748 4831 έν
2800 4780 2913 4842 τοῖς
2972 4762 3242 4850 οὐρανοῖς.
3301 4780 3459 4834 Κατά
3511 4762 3691 4836 ταῦτα
3740 4785 3848 4853 γάρ

2259 4873 2474 4926 ἐποίουν
2529 4875 2642 4934 τοῖς
2693 4872 3002 4942 προφήταις
3053 4873 3102 4925 οἰ
3154 4872 3389 4941 πατέρες
3437 4873 3643 4928 αὐτῶν.
3698 4875 3845 4946 Πλὴν

2258 4966 2382 5019 οὐαὶ
2427 4967 2553 5036 ὑμῖν
2599 4967 2712 5028 τοῖς
2764 4963 3061 5029 πλουσίοις,
3104 4965 3185 5018 ὅτι
3228 4965 3463 5034 ἀπέχετε
3514 4966 3617 5036 τὴν
3662 4967 3845 5036 παρά-

2261 5059 2454 5126 κλησιν
2495 5056 2668 5126 ὑμῶν.
2691 5057 2827 5110 Οὐαὶ
2848 5056 3000 5126 ὑμῖν,
3036 5057 3085 5109 οἰ
3121 5057 3577 5127 ιμπεπλησμένοι
3613 5059 3733 5124 νῦν,
3762 5060 3845 5114 ὅτι

2261 5149 2570 5203 πεινάσετε.
2605 5148 2742 5202 Οὐαὶ
2789 5149 2940 5218 ὑμῖν,
2971 5150 3022 5202 οἰ
3059 5148 3328 5217 γελῶντες
3364 5147 3480 5213 νῦν,
3523 5151 3607 5205 ὅτι
3640 5152 3848 5222 πενθή-

2262 5258 2380 5295 σετε
2418 5242 2508 5293 καὶ
2542 5240 2826 5294 κλαύσετε.
2865 5238 3002 5294 Οὐαὶ
3033 5239 3163 5294 ὅταν
3215 5240 3396 5303 καλῶς
3450 5242 3599 5313 ὑμᾶς
3644 5244 3846 5297 εἴπωσι

2261 5337 2460 5398 πάντες
2488 5335 2537 5388 οἰ
2572 5334 2866 5404 ἄνθρωποι.
2902 5333 3059 5386 Κατά
3107 5333 3279 5387 ταῦτα
3324 5333 3435 5406 γάρ
3466 5335 3688 5390 ἐποίουν
3732 5336 3847 5399 τοῖς

2259 5426 2728 5498 ψευδοπροφήταις
2750 5425 2798 5476 οἰ
2827 5425 3060 5496 πατέρες
3083 5425 3282 5482 αὐτῶν.
3323 5446 3342 5479 ι
3381 5428 3539 5481 Μετά
3568 5429 3628 5482 τὸ
3663 5445 3846 5498 χειροο

2259 5519 2476 5586 τονῆσαι
2517 5518 2642 5579 τοὺς
2689 5515 2958 5586 μαθητὰς,
2991 5517 3242 5588 ῥυθμίζει
3284 5519 3484 5582 αὐτοὺς
3521 5520 3611 5573 διά
3637 5537 3703 5574 τε
3730 5519 3845 5574 τῶν

2262 5606 2626 5676 μακαρισμὼν
2657 5607 2753 5661 καὶ
2807 5606 2906 5676 τῆς
2950 5607 3298 5671 διδασκαλίας
3341 5612 3420 5673 εἰς
3453 5628 3846 5680 πνευματιιοωο

2258 5701 2422 5770 τέραν
2454 5703 2808 5754 κατάστασιν.
2853 5701 2996 5772 Πρὸς
3040 5701 3148 5772 γὰρ
3185 5702 3384 5767 αὐτοὺς
3418 5705 3844 5774 ἀποτεινόμενος

2262 5796 2494 5847 ποιεῖται
2547 5794 2638 5846 τὸν
2698 5793 2873 5863 λόγον.
2931 5796 3041 5848 Kal.
3093 5797 3309 5866 πρῶτον
3363 5797 3666 5869 μακαρίζει
3714 5795 3845 5859 τοὺς

2263 5887 2537 5957 πτωχοὺς,
2593 5887 2702 5942 είτε
2758 5889 2883 5953 τοὺς
2931 5887 3364 5960 ταπεινόφρονας
3415 5887 3635 5960 βούλοιο
3676 5888 3844 5954 wish,
