4038 6526
207 519 309 581 ’Π3

958 506 1407 573 ENARRATIO
1440 505 1522 565 ΙΝ
1566 498 2073 563 EVANGELIUM
2116 493 2617 559 LUC/E.-CAP.
2650 495 2747 555 Vl.

3371 486 3507 557 ’ῚἨ

212 629 318 685 εἴτε
341 620 471 693 τοὺς
496 629 873 699 ἀφιλάργυρον
922 625 1143 696 ιχοντας
1188 624 1282 677 τδν
1323 622 1546 691 τρόπον.
1589 618 1792 682 ’Δπλῶς

1911 623 2076 670 tatem
2116 628 2213 669 nos
2244 621 2441 667 doceat
2490 624 2553 665 ac
2590 610 2983 673 humilitatem,
3022 616 3077 663 et
3113 606 3506 678 cumtemptum

209 722 262 773 δδ
292 720 497 784 πάντες
529 723 577 774 οἱ
608 718 954 791 μακαρισμοὶ
984 715 1263 769 εὐτέλειαν
1293 712 1443 784 ἡμᾶς
1465 712 1804 775 διδάσκουσι,

211 813 307 868 καὶ
360 814 697 867 ταπείνωσιν
755 812 848 864 καὶ
904 810 1259 873 ἑξουδένωσιν
1322 808 1417 859 καὶ
1469 804 1805 873 ὀνειδισμόν.

212 906 427 977 Ὥσπερ
468 902 561 959 οὖν
589 904 685 959 καὶ
709 904 767 956 τὸ
802 904 939 956 Οὐαὶ
970 901 1205 963 ἐκείνοις
1229 897 1663 969 ἀποκληροῦται,
1694 895 1809 959 τοῖς

212 1015 270 1051 τε
306 976 584 1061 πλουσίοις
617 998 676 1049 ἂν
720 995 799 1065 τῷ
840 996 934 1048 νῦν
966 991 1147 1057 αἰῶνι,
1198 992 1292 1056 οὓς
1330 991 1424 1045 καὶ
1443 976 1671 1060 ἀπέάειν
1709 988 1809 1059 τὴν

210 1090 559 1161 παράκλησίν
610 1105 795 1160 φησιν.
870 1088 993 1142 ἀντὶ
1049 1086 1145 1139 τοῦ
1188 1079 1293 1139 ὧδε
1334 1085 1393 1137 ὲν
1447 1082 1525 1152 τῷ
1578 1081 1807 1152 παρόντι

214 1182 375 1236 αίῶνι
411 1181 825 1249 ἀπολαμϐάνειν
858 1178 958 1249 τὴν
998 1177 1367 1246 εὐφροσύνην,
1415 1174 1510 1228 καὶ
1557 1174 1670 1235 τοῖς
1704 1189 1800 1239 γε-

212 1270 365 1335 λῶσι,
411 1273 505 1325 καὶ
554 1270 825 1343 τρυφῶσι,
878 1270 970 1323 ttal
1004 1266 1443 1333 ὶτοαινουμένοις.
1489 1262 1799 1334 Φρίξωμεν,

1911 722 1973 763 ac
2006 705 2300 776 opprobria
2332 704 2554 759 ferenda
2585 721 2598 757 :
2632 700 3097 772 quemadmodum
3125 709 3181 755 et
3214 716 3294 756 va:
3327 701 3511 771 dirigit

1909 804 1962 855 in
1993 800 2190 853 divites
2225 796 2385 864 hujus
2422 796 2638 858 saeculi,
2669 810 2808 865 quos
2841 805 2895 848 et
2938 794 3371 850 consolationem
3413 795 3511 850 bu-

1911 894 2038 945 bere
2070 888 2227 953 dicit,
2266 889 2367 941 hoc
2396 897 2501 954 est,
2535 886 2624 941 hic
2653 886 2707 940 in
2738 886 2997 955 praesenti
3033 887 3233 941 saeculo
3262 887 3506 943 laetitiam

1910 984 2183 1051 accipere,
2209 991 2264 1035 et
2299 980 2497 1045 ridere,
2524 990 2575 1033 et
2616 980 2668 1032 in
2703 978 2916 1034 deliciis
2948 991 3011 1032 ac
3053 978 3300 1035 laudibus
3328 980 3507 1038 claros

1912 1075 2112 1128 vivere.
2142 1073 2506 1137 Horreamus,
2545 1070 2767 1137 fratres,
2802 1072 2926 1141 quia
2970 1086 3051 1125 va:
3086 1071 3285 1127 habent
3308 1074 3406 1142 qui
3436 1075 3509 1129 ab

1913 1166 2227 1220 hominibus
2258 1163 2572 1218 laudantur.
2603 1162 2771 1217 Decet
2798 1164 3017 1232 quidem
3055 1173 3115 1217 ut
3144 1172 3201 1218 et
3238 1162 3306 1218 ab
3329 1164 3507 1219 homi-

1914 1258 2075 1311 nibus
2103 1256 2411 1319 Iautiemur,
2437 1256 2534 1312 sed
2564 1258 2713 1327 prius
2740 1269 2770 1308 a
2803 1254 2933 1310 Deo.

209 1364 450 1431 ἀδελφοὶ,
484 1364 601 1428 πῶς
632 1366 692 1417 τὸ
723 1363 860 1417 οὐαὶ
887 1362 1085 1434 ἔχωσιν
1109 1364 1157 1415 oi
1191 1361 1343 1430 παρὰ
1370 1360 1479 1412 τῶν
1500 1355 1803 1427 ἀνθρώπιον
1842 1351 2258 1422 ἐπαινούμενοι.
2323 1353 2416 1404 Δεῖ
2442 1349 2544 1420 μὲν
2596 1350 2711 1418 γὰρ
2746 1350 2843 1402 καὶ
2872 1349 3024 1418 παρά
3065 1347 3177 1403 τῶν
3200 1347 3508 1420 ἀνθρώπων

210 1456 575 1521 ἐπαινεῖσθαι,
610 1454 745 1509 ἀλλά
768 1455 1036 1527 πρότερον
1065 1455 1175 1508 ἀπο
1202 1448 1365 1507 Θεοῦ.

285 1567 305 1602 ι
342 1549 505 1602 Ἀλλά
542 1547 672 1619 ὑμῖν
698 1547 841 1616 λέγω
868 1548 980 1611 τοῖς
1010 1546 1302 1600 ἀκούουσιν
1333 1562 1343 1573 ·
1373 1544 1651 1611 ’Δγαπᾶτε
1672 1542 1792 1604 τοὺς

1981 1533 2149 1589 Vens.
2181 1530 2374 1587 27-36.
2405 1547 2425 1583 t
2460 1528 2566 1584 Sed
2590 1529 2745 1585 vobis
2768 1530 2891 1586 dico‘
2911 1531 3227 1600 quinnditis
3251 1549 3266 1586 :
3291 1533 3508 1606 Diiigite

210 1638 440 1710 ἐχθροὺς
474 1638 651 1710 ὑμῶν.
697 1635 895 1701 Καλῶς
940 1638 1145 1691 ποιεῖτε
1196 1637 1309 1699 τοῖς
1352 1632 1603 1705 μισοῦσιν
1630 1633 1792 1702 ὑμᾶς.

1907 1628 2157 1683 inimicos
2196 1635 2433 1691 vestros,
2483 1623 2786 1681 benefacite
2840 1624 2927 1678 his
2979 1625 3071 1694 qui
3120 1640 3216 1682 vos
3250 1626 3504 1685 oderunt.

213 1731 499 1801 Εὐλογεῖτε
518 1733 643 1796 τοὺς
665 1729 1092 1803 καταρωμινους
1123 1730 1289 1800 ὑμᾶς,
1308 1730 1401 1782 καὶ
1421 1725 1792 1799 προσεύχεσθε

1908 1717 2224 1774 Benedicite
2270 1715 2724 1771 maledicentibus
2766 1714 2922 1769 vobis
2945 1752 2961 1778 ,
2999 1724 3055 1769 et
3098 1726 3255 1771 orate
3283 1732 3383 1788 pro
3414 1732 3507 1774 ca-

209 1824 352 1896 ὑπδρ
383 1822 492 1877 τῶν
530 1822 946 1895 ιπηρεαζόντων
978 1822 1145 1892 ὑμᾶς.
1189 1818 1283 1891 Τῷ
1314 1817 1576 1874 τύπτοντί
1612 1836 1670 1871 σι
1703 1818 1792 1872 ἐπὶ

1906 1812 2304 1867 lumniantibus
2325 1824 2444 1863 vos.
2471 1808 2805 1863 Percutienti
2832 1818 2883 1861 te
2910 1809 2967 1862 in
2998 1810 3297 1876 maxillam,
3323 1812 3506 1879 prebo

208 1917 303 1988 τὴν
353 1917 604 1987 σιαγόνα,
638 1914 851 1987 πάριχε
892 1915 985 1970 καὶ
1030 1914 1129 1986 τὴν
1173 1912 1365 1984 ἄλλην,
1413 1912 1509 1967 καὶ
1551 1912 1661 1966 ἀπὸ
1703 1908 1792 1964 τοῦ

1905 1913 1959 1960 et
1983 1903 2247 1958 alteram:
2281 1913 2337 1958 et
2366 1901 2435 1957 ab
2464 1915 2529 1956 eo
2560 1900 2653 1970 qui
2687 1899 2869 1955 aufert
2908 1899 3004 1954 tibi
3040 1902 3300 1971 pallium,
3335 1904 3501 1960 etiam

205 2009 454 2081 αῑροντός
477 2025 572 2082 σου
597 2008 658 2064 τὸ
684 2008 920 2080 ἱμάτιον,
948 2008 1045 2063 καὶ
1070 2007 1164 2063 τὸν
1192 2006 1396 2078 χιτῶνα
1420 2006 1496 2076 μὴ
1518 2004 1793 2076 κωλύσῃς.

208 2100 379 2156 Παντὶ
405 2099 463 2154 δὲ
494 2100 571 2171 τῷ
600 2099 842 2155 αἰτοῦντί
870 2116 929 2154 σε
958 2098 1127 2155 δίδου.
1155 2099 1263 2152 Kal
1290 2099 1399 2152 ἀπὸ
1424 2096 1519 2152 τοῦ
1549 2097 1795 2168 αῐροντος

206 2191 273 2246 τὰ
310 2192 382 2245 σά
450 2192 525 2262 μὴ
559 2192 803 2246 ἀπαίτει.
836 2192 949 2245 Καὶ
999 2191 1181 2254 καθὼς
1223 2192 1407 2245 θέλετε
1448 2190 1535 2243 ἵνα
1568 2189 1795 2243 ποιῶσιν

203 2282 336 2351 ὑμῖν
363 2284 411 2335 oi
441 2283 743 2355 ἀνθρωττοι,
794 2284 887 2338 καὶ
919 2284 1079 2354 ὑμεῖς
1114 2285 1319 2337 ποιεῖτε
1349 2282 1536 2347 αὐτοῖς
1567 2282 1792 2352 ὁμοίως.

203 2374 315 2431 Kal
357 2377 406 2429 εἰ
452 2378 709 2444 ἀγαπᾶτε
756 2377 883 2440 τοὺς
915 2377 1248 2445 ἀγαπῶντας
1283 2378 1449 2446 ὑμᾶς,
1498 2377 1625 2430 ποία
1666 2375 1796 2445 ὑμῖν

203 2468 365 2538 χάρις
396 2468 511 2523 ἐστί
537 2486 553 2534 ;
587 2470 700 2524 Kal
740 2470 851 2541 γὰρ
875 2470 925 2523 οἱ
955 2470 1272 2543 ἁμαρτωλοὶ
1306 2472 1431 2535 τοὺς
1462 2469 1796 2538 ἀγαπῶντας

202 2560 403 2623 αὐτοὺς
436 2558 715 2628 ἀγαπῶσι.
751 2562 861 2615 Kal
903 2562 1000 2615 ἐὰν
1038 2562 1405 2631 ἀγαθοποιῆτε
1434 2562 1562 2623 τοὺς
1588 2559 1794 2629 ἀγαθο-

205 2652 494 2717 ποιοῦντας
530 2656 696 2724 ὐμᾶς,
726 2655 852 2708 ποία
880 2655 1009 2724 ὑμῖν
1066 2656 1226 2725 χάρις
1272 2654 1423 2721 tati;
1466 2653 1575 2706 Kal
1609 2652 1720 2724 γὰρ
1746 2652 1796 2706 oi

203 2741 528 2814 ἁμαρτωλοὶ
554 2744 615 2797 τὸ
642 2744 775 2798 αὐτὸ
806 2744 1040 2798 ποιοῦσι.
1077 2746 1187 2800 Kal
1228 2745 1323 2799 ἑὰν
1351 2745 1633 2815 δανείζητε
1661 2744 1794 2814 παρ’

201 2830 282 2891 ὦν
312 2836 564 2901 ἑλπίζετε
613 2838 935 2901 ἀπολαϐεῖν,
973 2837 1102 2891 ποία
1148 2839 1276 2908 ὑμῖν
1309 2839 1467 2909 χάρις
1504 2837 1650 2903 tori;
1684 2840 1795 2891 Kal

202 2928 315 3001 γὰρ
342 2931 391 2983 οἱ
414 2928 734 2999 ἁμαρτωλοὶ
754 2929 1098 3000 ἁμαρτωλοῖς
1122 2928 1447 2994 δανείζουσι,
1478 2929 1567 2983 ἶνα
1590 2930 1797 2984 ἀπολὰ-

202 3018 343 3072 6ωσι
391 3020 461 3073 τὰ
517 3021 625 3073 lea.
677 3020 823 3092 Πλὴν
870 3022 1120 3089 ἀγαπᾶτε
1170 3020 1297 3084 τοὺς
1343 3020 1571 3092 ἐχθροὺς
1619 3020 1793 3091 ὑμῶν,

205 3110 299 3164 καὶ
333 3110 739 3177 ἀγαθοποιεῖτε,
787 3114 883 3165 καὶ
914 3111 1207 3176 δανείζετε,
1257 3111 1424 3182 μηδὲν
1468 3109 1797 3175 ἀπελπίζον-

200 3216 316 3265 τις,
346 3202 441 3255 xal
464 3202 616 3256 ἔσται
650 3205 677 3256 6
709 3203 901 3274 μισθὸς
934 3204 1089 3274 ὑμῶν
1112 3202 1280 3266 πολύς
1299 3220 1312 3234 ·
1348 3202 1441 3256 καὶ
1470 3202 1658 3256 ἔσεσθε
1688 3203 1794 3256 υίοὶ

200 3293 299 3347 τοῦ
361 3293 644 3363 Ὑψίστου,
686 3294 769 3348 ὅτι
824 3296 989 3359 αὐτὸς
1033 3294 1271 3364 χρηστός
1320 3295 1467 3347 ἐστιν
1519 3294 1615 3347 ἐπὶ
1662 3296 1789 3358 τοὺς

198 3384 537 3456 ἀχαρίστους
570 3386 663 3439 καὶ
694 3385 987 3457 πονηρούς.
1026 3385 1247 3439 Γίνεσθε
1284 3380 1379 3438 οὖν
1421 3386 1792 3457 οἰκτίρμονες,

196 3478 386 3542 καθὼς
445 3478 535 3532 καὶ
588 3479 616 3530 6
666 3478 857 3550 Πατὴρ
910 3478 1067 3548 ὑμῶν
1112 3481 1141 3533 6
1191 3478 1443 3547 οὐράνιος
1494 3478 1795 3548 οἰκτίρμων

152 3623 157 3627 ,
194 3571 370 3627 ἐστίν.
411 3591 432 3623 ι
478 3572 698 3641 Ἐπειδὴ
735 3591 841 3642 περ
868 3576 916 3627 oi
946 3573 1236 3628 ἀπόστολοι
1264 3572 1491 3642 ἔμελλον
1527 3571 1795 3644 σταλῆναι

195 3664 290 3715 ἐπὶ
315 3663 379 3715 τὸ
415 3665 702 3735 κήρυγμα,
741 3665 837 3719 καὶ
876 3666 1284 3736 προσεδοκῶντο
1320 3664 1572 3718 ἐντεῦθεν
1602 3664 1794 3719 πολλοὶ

192 3753 387 3817 αὐτοῖς
417 3754 644 3808 διῶκται
672 3755 767 3808 καὶ
788 3755 1061 3808 ἐπίϐουλοι
1082 3768 1097 3784 ’
1137 3756 1185 3809 εί
1214 3752 1307 3810 οὖν
1340 3757 1431 3808 ἐπὶ
1461 3753 1537 3824 τῷ
1561 3755 1793 3826 διωγμῷ

191 3844 493 3917 ἀχθόμενοι
514 3845 562 3897 oi
588 3846 895 3911 ἀπόστολοι,
917 3842 1037 3900 εἶτα
1060 3846 1305 3909 θέλοντες
1329 3845 1641 3915 ἀμύνασθαι
1663 3848 1792 3911 τοὺς

191 3935 572 4006 λυπήσαντας,
614 3936 879 4005 ἐσίγησαν
909 3937 1005 3989 καὶ
1040 3938 1141 3990 οὐκ
1169 3936 1439 4003 ἐδίδαξαν,
1472 3936 1697 3990 ἔσϐιστο
1724 3936 1793 3991 ἂν

188 4029 219 4081 6
250 4026 352 4081 τοῦ
382 4027 725 4095 Εὐαγγελίου
752 4029 902 4100 ἥλιος
930 4028 1070 4082 ὀδιὰ
1102 4028 1262 4082 τοῦτο
1308 4029 1488 4082 τοίνυν
1516 4029 1546 4081 6
1580 4029 1790 4100 Κύριος

190 4117 625 4191 προλαμϐάνων,
672 4122 933 4193 παραινεῖ
978 4123 1092 4185 τοῖς
1140 4120 1463 4182 ἀποστόλοις
1520 4120 1597 4191 μὴ
1654 4121 1793 4193 πρὸς

187 4211 415 4282 ἄμυναν
443 4214 551 4266 τῶν
588 4211 801 4283 ἐχθρῶν
846 4215 1067 4283 χωρεῖν,
1118 4213 1255 4269 ἀλλά
1298 4214 1479 4268 πάντα
1526 4212 1791 4282 γενναίως

187 4306 388 4375 φέρειν
410 4307 479 4359 τὰ
514 4304 900 4374 συμϐαίνοντα,
928 4306 1032 4359 κᾶν
1056 4306 1320 4377 ὑϐρίζωσί
1349 4324 1515 4371 τινες,
1533 4308 1637 4360 κᾶν
1664 4308 1791 4361 ἀνοο

187 4398 323 4459 alto;
356 4396 823 4463 ιπιϐουλεύωσινχ
853 4395 998 4449 οὕτω
1042 4399 1139 4449 καὶ
1166 4398 1329 4461 αὐτὸς
1360 4398 1419 4451 ἐν
1451 4397 1531 4468 τῷ
1564 4399 1787 4469 σταυρῷ

185 4487 396 4553 ἐποίει,
427 4485 638 4555 λέγων’
681 4486 887 4556 Πάτερ,
932 4489 1071 4555 ἀφες
1119 4487 1328 4552 αὐτοῖς,
1368 4490 1429 4542 οὐ
1471 4489 1583 4561 γὰρ
1610 4490 1786 4545 οῐδασι

180 4580 237 4631 τί
264 4578 541 4633 ποιοῦσιν.
574 4576 709 4631 Εἶτα
736 4579 823 4631 ἶνα
862 4578 937 4648 μὴ
968 4578 1165 4648 ἔχωσιν
1207 4580 1382 4632 εἰπεῖν
1408 4581 1458 4633 oi
1498 4581 1788 4635 aude-volnt

1901 1993 2009 2049 noli
2050 1992 2290 2048 tunicam
2334 1991 2651 2063 prohibere.
2688 1990 2850 2045 Omni
2896 2002 3081 2047 autem
3117 1992 3357 2063 esigenti
3403 1995 3499 2048 abs

1902 2096 1980 2151 te,
2024 2086 2243 2141 tribue:
2282 2096 2342 2141 et
2390 2087 2460 2139 ab
2500 2099 2568 2139 eo
2605 2084 2698 2154 qui
2742 2084 2921 2139 aufert
2959 2100 3082 2154 qua
3124 2095 3215 2141 tua
3248 2096 3396 2151 sunt,
3434 2099 3501 2142 ne

1902 2178 2159 2248 reposcos
2190 2196 2204 2233 :
2235 2187 2291 2233 et
2325 2186 2485 2247 prout
2515 2177 2679 2232 vultis
2712 2187 2769 2231 ut
2804 2176 3014 2231 faciant
3038 2178 3191 2233 vobis
3226 2179 3501 2248 homines,

1899 2287 1995 2327 vos
2034 2284 2251 2341 quoque
2281 2269 2445 2325 facile
2487 2269 2593 2324 illis
2634 2269 2910 2323 similiter.
2953 2269 3024 2324 Et
3056 2269 3101 2323 si
3138 2269 3365 2341 diligitis
3400 2286 3497 2327 eos

1898 2364 1991 2433 qui
2028 2377 2123 2417 vos
2152 2362 2405 2432 diligunt,
2431 2375 2553 2430 qua:
2579 2361 2732 2415 vobis
2764 2370 2849 2415 est
2874 2359 3087 2429 gratia?
3110 2359 3253 2416 Nam
3284 2370 3341 2418 et
3368 2376 3470 2434 per

1899 2465 2115 2512 calores
2137 2470 2233 2510 eos
2256 2470 2287 2508 a
2315 2455 2511 2523 quibus
2533 2454 2852 2525 diliguntur,
2881 2452 3135 2525 diligunt.
3171 2454 3306 2511 Etsi
3334 2456 3504 2513 bene-

1902 2548 2143 2603 feceritis
2182 2547 2267 2601 his
2291 2546 2382 2617 qui
2427 2546 2581 2601 vobis
2622 2543 3007 2611 benefaciunt,
3061 2560 3185 2616 quas
3226 2546 3383 2602 vobis
3415 2554 3503 2603 est

1900 2641 2117 2714 gratia?
2160 2640 2440 2711 Siquidem
2483 2648 2539 2695 et
2580 2648 2904 2710 peccatores
2940 2639 3044 2694 hoc
3082 2636 3314 2695 faciunt.
3352 2640 3420 2697 Et
3451 2641 3498 2697 sl

1899 2745 2150 2790 mutuum
2170 2734 2430 2789 dederitis
2459 2732 2542 2789 bis
2568 2746 2598 2785 a
2624 2731 2829 2803 quibus
2857 2732 3095 2803 spontis
3126 2747 3226 2788 vos
3252 2742 3501 2804 receptu-

1902 2842 2011 2891 ros,
2052 2842 2172 2896 qna:
2204 2827 2375 2897 gratia
2406 2836 2494 2882 est
2527 2827 2725 2884 vobis?
2758 2827 2897 2883 Nam
2930 2839 2986 2884 et
3020 2838 3339 2898 peccatores
3374 2844 3503 2899 pec-

1900 2918 2177 2973 catoribus
2202 2918 2336 2974 dant
2356 2930 2629 2986 mutuum,
2656 2926 2715 2973 ut
2739 2918 3013 2989 recipiant
3041 2920 3216 2990 paria.
3241 2919 3502 2985 Quinimo

1898 3011 2109 3083 diligite
2150 3013 2404 3068 inimicos
2438 3022 2678 3081 vestros,
2711 3020 2768 3069 et
2794 3011 3131 3077 benefacite,
3164 3023 3219 3070 et
3251 3022 3500 3069 mutuum

1900 3107 2058 3171 date,
2109 3105 2242 3159 nihil
2290 3105 2416 3161 inde
2458 3114 2790 3175 sperantes:
2829 3114 2886 3161 et
2923 3105 3029 3161 erit
3075 3118 3287 3161 merces
3318 3114 3498 3160 vestra

1904 3200 2103 3262 multa,
2137 3209 2192 3253 et
2234 3199 2391 3254 eritis
2436 3199 2530 3253 lilii
2564 3197 2831 3255 Altissimi
2866 3215 2881 3251 :
2916 3198 3044 3267 quia
3084 3195 3206 3268 ipse
3233 3196 3503 3269 benignus

1821 3259 1867 3321 ο
1898 3302 1984 3349 est
2011 3308 2139 3362 erga
2177 3294 2420 3362 ingratos
2458 3302 2509 3345 et
2546 3291 2743 3345 malos.
2784 3289 2981 3346 Estote
3015 3302 3149 3359 ergo
3184 3259 3501 3343 misericor-

1900 3387 2021 3451 des,
2046 3387 2187 3439 sicut
2213 3398 2267 3440 et
2290 3385 2451 3439 Pater
2480 3395 2663 3439 vester
2690 3384 3004 3439 misericors
3025 3388 3135 3441 est.
3167 3400 3186 3433 ι
3224 3380 3498 3448 Quoniam

1900 3475 2132 3545 apostoli
2155 3478 2220 3529 ad
2242 3475 2645 3544 praedicandum
2668 3474 2917 3529 mittendi
2941 3483 3121 3540 erant,
3140 3481 3199 3529 et
3215 3481 3501 3543 exspecta-

1900 3566 2098 3621 bantur
2126 3567 2281 3622 multi
2320 3576 2699 3637 persecutores
2728 3576 2783 3622 et
2809 3567 3161 3622 insidiatores
3190 3584 3209 3622 7:
3249 3566 3297 3621 si
3332 3567 3502 3636 igitur

1899 3660 2129 3727 apostoli
2153 3661 2205 3712 in
2226 3659 2607 3728 persecutione
2620 3674 2718 3715 sua
2736 3658 3001 3725 dolentes,
3024 3659 3091 3714 ad
3109 3657 3495 3715 vindicandum

1898 3766 1995 3807 eos
2022 3753 2113 3822 qui
2147 3767 2207 3807 se
2236 3751 2600 3819 olfenderant,
2638 3752 2889 3807 conversi
2929 3750 3184 3818 fuissent,
3214 3752 3501 3807 siinissent

1896 3853 1952 3899 et
1975 3858 2081 3898 non
2098 3844 2433 3909 docuissent,
2457 3844 2763 3899 exstinctus
2792 3843 2978 3913 utique
2998 3842 3193 3898 fuisset
3215 3842 3295 3897 sol
3316 3839 3498 3897 Evan-

1896 3936 2023 4008 gelii
2052 3954 2073 3991 :
2099 3947 2385 4007 propterea
2412 3936 2674 3993 Dominus
2704 3938 3014 4007 anticipans
3044 3938 3303 3991 admonet
3329 3935 3498 3992 disci-

1896 4030 2053 4101 pulos
2084 4046 2151 4085 ne
2180 4030 2474 4085 vindictam
2507 4030 2574 4084 de
2617 4030 2855 4086 inimicis
2886 4036 3146 4094 sumant,
3188 4028 3283 4083 sed
3312 4026 3497 4084 omnia

1897 4138 2017 4193 qua:
2038 4125 2318 4188 eveniunt,
2354 4122 2570 4179 fortiter
2596 4121 2797 4186 ferant,
2825 4121 3079 4192 quamvis
3097 4121 3319 4192 quidam
3351 4121 3498 4189 inju-

1896 4216 1977 4271 ria
2009 4213 2278 4278 alliciant,
2316 4216 2568 4285 quamvis
2605 4214 2913 4282 irreligiose
2944 4214 3307 4280 insidientur;
3352 4215 3497 4268 sicut

1892 4318 1951 4365 et
1975 4310 2090 4378 ipse
2121 4309 2174 4361 in
2192 4321 2355 4363 cruce
2381 4306 2637 4373 faciebat,
2663 4306 2890 4362 dicens:
2922 4305 3107 4375 Pater,
3140 4307 3354 4361 dimitte
3375 4306 3493 4374 eis;

1896 4401 2151 4455 nesciunt
2204 4400 2349 4452 enim
2400 4397 2531 4466 qttid
2595 4397 2824 4452 faciunt.
2881 4396 3085 4453 Deinde
3140 4411 3208 4452 ne
3262 4397 3491 4466 apostoli

1894 4492 2079 4545 dicere
2109 4489 2320 4558 possint
2343 4488 2687 4559 impossibile
2714 4503 2838 4544 esse
2868 4497 3201 4557 praeceptum
3228 4487 3489 4558 diligendi

1899 4579 2183 4643 inimicos,
2232 4578 2366 4631 dicit
2404 4596 2418 4632 :
2464 4572 2621 4645 Quod
2660 4578 2760 4633 tibi
2812 4581 2897 4635 vis
2925 4578 3077 4643 ﬁeri,
3129 4578 3232 4633 boc
3270 4588 3329 4633 et
3370 4578 3493 4634 aliis

182 4669 463 4724 ἀδύνατον
506 4665 645 4723 εἶναι
699 4670 761 4722 τὺ
813 4669 1057 4724 τοιοῦτον
1109 4671 1413 4742 ἐπίταγμα,
1450 4672 1513 4725 τὸ
1564 4674 1789 4745 ἀγαπᾷν

1899 4668 2065 4724 facito
2092 4687 2106 4723 :
2136 4677 2190 4724 et
2221 4678 2339 4724 esto
2376 4668 2500 4724 talis
2530 4668 2678 4733 aliis,
2711 4669 2903 4739 quales
2935 4670 3075 4722 alios
3106 4669 3204 4723 tibi
3235 4684 3359 4725 esse
3386 4670 3489 4728 vis.

181 4765 314 4826 τοὺς
350 4762 608 4835 ἐχθροὺς,
638 4762 824 4831 φησιν,
859 4763 925 4815 '0
953 4763 1050 4815 ἐὰν
1085 4762 1248 4835 θέλῃς
1291 4765 1357 4817 σὺ
1404 4765 1499 4818 ἀπὶ
1533 4767 1784 4834 σεαυτοῦ,

182 4856 353 4910 τοῦτο
388 4856 623 4923 ἔνδειξαι
654 4857 749 4909 καὶ
792 4858 905 4918 τοῖς
938 4856 1170 4927 ἑτέροις.
1202 4857 1315 4911 Καὶ
1354 4857 1518 4926 γενοῦ
1545 4858 1787 4924 τοιοῦτος

181 4949 393 5013 ωλοις,
431 4948 581 5011 οἴους
612 4948 677 5001 ἂν
714 4948 876 5019 θέλῃς
924 4949 1056 5019 περὶ
1104 4950 1333 5003 σεαυτὸν
1366 4950 1623 5019 γενέσθαι
1668 4952 1789 5005 ἑτι-

183 5057 339 5111 ρους.
378 5040 441 5093 El
472 5040 573 5107 μιν
599 5040 871 5111 σκληροὺς
902 5043 995 5094 ttal
1022 5040 1371 5111 ἀσυμπαθεῖς
1413 5044 1509 5096 καὶ
1534 5043 1787 5114 ὀργίλους

184 5132 374 5195 θέλεις
405 5128 549 5185 εἶναι
577 5134 701 5196 τοὺς
750 5132 981 5204 ἐχθρούς
1009 5150 1113 5199 σοι,
1160 5132 1253 5187 luo
1294 5136 1389 5187 καὶ
1422 5136 1488 5188 σὺ
1516 5136 1784 5203 τοιοῦτος,

184 5227 235 5278 si
260 5223 318 5277 δὲ
345 5224 667 5277 τούναντίον
693 5224 937 5292 ἀγαθοὺς
975 5228 1069 5280 καὶ
1098 5228 1407 5295 συμπαθεῖς
1432 5228 1527 5281 καὶ
1549 5227 1788 5299 ἀμνησι-

183 5316 423 5379 natoue,
469 5317 543 5384 μὴ
579 5316 841 5369 ἀδύνατον
877 5313 1017 5370 εῖναι
1074 5317 1266 5387 νόμιζε
1309 5318 1371 5371 τὸ
1407 5319 1650 5383 τοιοῦτος
1688 5322 1787 5375 καὶ

136 5410 141 5417 ’
180 5410 353 5472 αὐτὸς
388 5404 553 5462 εἶναι.
602 5408 765 5479 Ὁρᾷς
797 5408 962 5479 νόμον
998 5409 1240 5481 ἔμφυτον
1268 5411 1326 5463 ιν
1364 5414 1488 5476 ταῖς
1534 5412 1786 5483 καρδίαις

179 5502 346 5574 ἡμῶν
400 5501 901 5571 ὲγγεγραμμένον;
935 5502 1091 5556 Οὕτω
1134 5504 1229 5558 καὶ
1270 5507 1299 5558 6
1333 5504 1541 5576 Κύριος
1586 5500 1781 5561 εἷπεν·

189 5593 285 5647 Ἐν
317 5595 446 5655 ταῖς
490 5588 732 5663 ἡμέραις
773 5594 1015 5658 ἀκείναις
1061 5594 1241 5660 διδοὺς
1289 5596 1487 5666 νόμους
1533 5615 1658 5668 μου,
1704 5600 1786 5664 είς

175 5684 278 5757 τὴν
309 5684 564 5739 διάνοιαν
594 5682 776 5739 αὐτῶν
800 5685 897 5741 καὶ
930 5686 1021 5738 ἐπὶ
1050 5686 1162 5740 τῶν
1190 5687 1430 5756 καρδιῶν
1453 5688 1634 5743 αὐτῶν
1662 5690 1787 5743 tm-

177 5776 391 5850 γράψω
422 5776 645 5843 αὐτούς,
682 5773 819 5831 Εἶτα
848 5778 943 5831 καὶ
987 5776 1157 5849 ἀλλην
1194 5779 1443 5849 ἀνάγκην
1473 5780 1787 5851 ιπιτίθησιν

176 5870 475 5943 animos:
546 5870 675 5923 Ἐὰν
725 5872 979 5938 ἀγαπᾶτε
1030 5870 1158 5935 τοὺς
1208 5870 1564 5939 ἀγαπῶντας,
1608 5872 1786 5942 ὅμοιοί

174 5962 303 6016 ἑστι
339 5960 696 6034 ἁμαρτωλοῖς
725 5962 820 6017 καὶ
853 5961 1105 6027 ιθνικοῖς.
1138 5962 1265 6019 Ἐὰν
1290 5962 1347 6017 δὲ
1377 5965 1629 6033 ἀγαπᾶτε
1657 5966 1784 6027 τοὺς

1899 4762 1957 4817 Si
2000 4762 2219 4832 quidem
2260 4761 2431 4817 duros
2484 4770 2540 4815 et
2586 4761 3043 4830 incompatieutes
3086 4773 3141 4815 et
3194 4761 3493 4818 iracundos

1897 4854 2138 4910 volueris
2169 4868 2297 4909 esse
2327 4852 2424 4908 tibi
2454 4853 2727 4919 inimicos,
2756 4861 2875 4908 esto
2898 4864 2955 4907 et
2982 4861 3039 4907 tu
3072 4853 3215 4916 talis,
3246 4853 3330 4908 sin
3369 4853 3489 4910 illos

1897 4946 2139 5003 volueris
2165 4959 2289 5002 esse
2322 4946 2517 5013 bonos,
2538 4957 2594 5001 et
2616 4946 3043 5016 compatientes,
3074 4953 3129 5002 et
3163 4945 3493 5015 iniuriarum

1896 5038 2276 5103 immemores,
2316 5053 2385 5093 ne
2425 5039 2763 5109 impossibile
2790 5040 2985 5095 credas
3012 5054 3137 5095 esse
3174 5041 3320 5109 Quod
3350 5048 3407 5095 et
3436 5049 3488 5094 tu

1900 5130 2022 5186 talis
2054 5131 2173 5185 tias.
2203 5130 2367 5186 Vides
2389 5131 2561 5201 legem
2592 5131 2895 5186 naturalem
2922 5133 2977 5185 in
3001 5132 3259 5186 cordibus
3286 5134 3490 5187 nostris

1897 5222 2359 5293 inscriptamiSic
2381 5236 2438 5280 et
2456 5223 2722 5280 Dominus
2742 5225 2908 5280 dixit:
2934 5224 2992 5279 in
3012 5226 3201 5282 diebus
3227 5227 3335 5281 illis
3356 5226 3491 5281 dans

1894 5316 2044 5387 leges
2088 5332 2240 5373 meas
2281 5318 2337 5373 in
2384 5329 2622 5374 mentem
2656 5318 2821 5389 διε
2849 5320 3086 5383 illorum,
3136 5330 3193 5376 et
3227 5319 3282 5375 in
3324 5322 3489 5377 corda

1895 5409 2109 5465 illorum
2143 5411 2442 5466 inscribam
2489 5426 2607 5466 eas.
2656 5412 2854 5469 Postea
2908 5424 2965 5469 et
3005 5414 3110 5469 alia
3158 5415 3493 5471 necessitate

1894 5516 1995 5557 nos
2030 5514 2207 5572 urget.
2270 5503 2329 5557 Si
2364 5502 2593 5570 diligitis
2627 5519 2724 5560 eos
2760 5505 2852 5574 qui
2891 5505 3047 5561 vobis
3080 5506 3219 5562 bene
3258 5504 3488 5572 faciunt,

1896 5593 2103 5650 similes
2128 5594 2262 5649 estis
2286 5597 2667 5664 peccatoribus
2695 5606 2751 5652 et
2787 5597 3104 5668 gentilibus.
3137 5598 3233 5652 Sin
3263 5596 3490 5669 diligitis

1894 5701 1989 5745 eos
2020 5690 2115 5758 qui
2167 5691 2320 5745 vobis
2360 5688 2749 5757 malefauiunt,
2787 5690 2997 5747 similes
3035 5687 3168 5745 estis
3205 5686 3354 5754 Deo,
3395 5686 3490 5757 qui

1892 5790 1981 5837 est
2008 5784 2187 5838 bonus
2216 5782 2445 5850 ingratis
2479 5794 2543 5837 et
2586 5782 2765 5839 malis.
2828 5783 3027 5839 Utrum
3071 5782 3237 5853 igitur
3274 5780 3384 5835 Deo
3417 5792 3489 5833 an

1894 5873 2277 5946 peccatoribus
2335 5875 2545 5931 similes
2596 5876 2712 5929 fieri
2764 5875 2963 5930 vultis?
3021 5872 3182 5929 Vides
3241 5870 3487 5926 divinam

1896 5967 2247 6024 doctrinam?
2278 5966 2523 6024 Primum
2556 5983 2587 6024 a
2614 5966 2850 6025 naturali
2885 5968 3006 6039 lege
3037 5977 3089 6025 te
3109 5963 3317 6021 docuit.
3348 5959 3488 6019 Nam
