4038 6500
575 453 688 518 775

1493 431 2070 501 THEOPHYLACTI
2107 430 2202 491 ΒΗ
2213 429 2354 489 LGA
2365 423 2517 484 R153
2557 421 2915 484 ARCHIEP.

3740 412 3840 475 776

581 566 728 636 quod
753 577 806 620 tu
833 563 928 619 tibi
949 563 1030 617 vis
1059 561 1198 626 ileri,
1231 558 1332 612 hoc
1355 557 1520 612 etiam
1550 553 1706 630 alteri
1736 551 1844 606 fac.
1877 549 2078 604 Deinde
2101 557 2152 599 et

2284 543 2398 613 τρὸς
2432 541 2577 610 ὑμᾶς
2608 537 3098 610 πονηρευομένους,
3128 532 3307 603 ὅμοιοί
3351 531 3475 584 ἔστε
3502 529 3582 601 τῷ
3625 527 3764 598 Θεῷ,
3787 528 3843 589 ὃς

583 675 611 712 a
641 658 744 712 ﬁne
765 674 825 710 ac
851 653 1113 715 mercede,
1159 648 1457 704 mercedem
1484 645 1630 700 enim
1678 643 1962 713 pollicetur
1985 638 2158 700 vobis,

583 747 725 818 quod
754 745 957 800 similes
988 742 1128 794 ﬁalis
1159 739 1272 793 Dei.

2268 635 2418 688 ἑστιν
2452 632 2656 700 ἀγαθὸς
2704 631 2798 682 ἐπὶ
2846 631 2970 692 τοὺς
3029 627 3358 696 ἀχαρίστους
3414 625 3509 676 καί
3555 619 3845 693 πονηρούς.

2266 726 2426 779 Ποῖον
2455 723 2548 777 οῦν
2589 724 2795 784 θέλετε,
2835 723 3010 790 ὅμοιοι
3056 717 3198 772 εἶναι
3247 719 3357 771 τῶν
3404 713 3771 786 ἁμαρτωλῶν,
3812 713 3844 769 ἢ

582 811 757 906 δμοιοι
807 831 948 889 εἶναι
993 835 1086 888 τοῦ
1135 834 1312 898 Θεοῦ;
1365 833 1528 901 Ὀρᾷς
1567 829 1918 884 διδασκαλίαν
1968 827 2160 890 θεί·αν;
2205 821 2430 875 Ἔπεισέ
2496 837 2554 873 σε
2622 820 2838 888 πρῶτον
2869 819 2978 871 ἀπὸ
3016 817 3108 869 τοῦ
3147 813 3380 884 φυσικοῦ
3407 813 3594 882 νόμου.
3634 812 3718 906 ὈΔ
3743 811 3848 880 γὰρ

585 903 755 993 θέλεις
807 935 870 984 σὺ
923 928 1176 996 γενέσθαι
1227 944 1330 990 σοι,
1391 925 1550 978 τοῦτο
1607 926 1701 977 καὶ
1756 923 1917 984 αὐτὸς
1970 920 2150 980 ἄλλοις
2191 917 2352 970 ποίει.
2394 911 2524 966 Εἶτα
2570 913 2745 965 πείθει
2789 929 2848 965 σε
2883 913 2978 964 καὶ
3030 911 3138 964 ἀπὸ
3177 909 3270 962 τοῦ
3294 908 3480 970 τέλους
3508 903 3725 959 καὶτοῦ
3758 921 3851 974 μι.

585 1024 737 1078 σθοῦ·
773 1021 962 1093 μισθὸν
987 1021 1093 1089 γὰρ
1129 1020 1472 1087 ὑπισχνεῖται
1507 1019 1635 1086 ὑμῖν
1676 1015 1737 1068 τὸ
1767 1012 1984 1082 ὁμοίους
2011 1009 2263 1079 γενέσθαι
2292 1006 2434 1076 Θεῷ.

659 1111 824 1166 Vens.
886 1110 1073 1165 57-40.
1114 1129 1131 1159 ι
1171 1107 1344 1161 Nolite
1373 1109 1634 1173 judicare,
1672 1117 1726 1159 et
1759 1122 1862 1158 non
1889 1103 2161 1169 indit-abi-

587 1207 738 1259 mint.
769 1201 946 1257 Nolite
987 1202 1350 1255 condemnare
1373 1240 1386 1261 ,
1423 1206 1477 1251 t-t
1509 1214 1611 1250 non
1643 1192 2158 1250 condemmibimiui.

587 1297 904 1359 Remittite,
958 1304 1011 1347 et
1056 1291 1363 1345 remittetur
1417 1290 1589 1341 vobis.
1645 1288 1809 1348 Date,
1855 1299 1908 1337 et
1949 1285 2163 1337 dabitur

586 1389 761 1442 vobis.
799 1388 1102 1441 Mensuram
1133 1385 1326 1436 bonam
1359 1391 1411 1434 et
1440 1379 1737 1433 confertam
1768 1387 1819 1429 et
1847 1392 2160 1428 concussam

591 1490 752 1547 atque
777 1481 1136 1531 exundantem
1161 1477 1358 1528 dabunt
1391 1476 1440 1524 in
1467 1473 1643 1526 sinum
1680 1481 1935 1523 vestrum.
1962 1469 2160 1522 Eadem

593 1573 787 1638 quippe
812 1582 1058 1619 mensura
1096 1581 1198 1634 qua
1237 1563 1520 1626 metimini,
1557 1564 1845 1614 metientur
1870 1559 1955 1610 alii
1990 1559 2162 1610 vobis.

597 1659 809 1714 Dicebat
846 1668 1022 1710 autem
1061 1657 1164 1709 illis
1207 1656 1638 1709 similitudinem.
1685 1650 1936 1718 Nunquid
1990 1657 2165 1717 ροιοδι

592 1764 764 1804 caecus
786 1764 986 1803 meum
1011 1749 1240 1801 ducere?
1264 1762 1439 1800 nonne
1461 1745 1618 1798 ambo
1643 1746 1690 1796 in
1718 1747 1927 1796 foveam
1949 1739 2168 1794 cadent?

2355 1117 2371 1150 ι
2403 1099 2491 1155 Μὴ
2527 1099 2759 1168 κρίνετε,
2808 1095 2902 1147 καὶ
2935 1094 2996 1147 οὐ
3034 1092 3108 1164 μὴ
3157 1094 3408 1164 κριθῆτε.
3443 1093 3532 1159 Μὴ
3567 1090 3856 1143 καταδικά·

2271 1191 2413 1254 ζετε,
2471 1192 2562 1242 καί
2615 1190 2675 1241 οὐ
2743 1188 2817 1259 μὴ
2869 1187 3305 1256 καταδικασθῆτε
3337 1203 3350 1218 ·
3404 1186 3705 1250 ἀπολύετε,
3761 1184 3855 1237 καὶ

2271 1283 2704 1351 ἀπολυθήσεσθε.
2749 1282 2950 1346 Δίδοτε,
2984 1280 3080 1334 καὶ
3127 1279 3416 1349 δοθήσεται
3451 1279 3602 1348 ὑμῖν.
3642 1279 3856 1347 Μὲτρον

2273 1376 2436 1428 καλὸν
2458 1375 2844 1443 πεπιεσμένον,
2874 1374 2965 1426 καὶ
2991 1369 3408 1439 σεσαλευμένον,
3432 1370 3527 1421 καὶ
3551 1372 3856 1437 ὑπερεκχυ-

2273 1470 2493 1538 νόμενον
2531 1467 2762 1519 δώσουσι
2788 1471 2864 1528 είς
2889 1466 2980 1518 τὸν
3003 1465 3202 1518 κόλπον
3237 1462 3411 1531 ὑμῶν.
3446 1459 3536 1529 Τῷ
3567 1461 3675 1528 γὰρ
3708 1457 3859 1528 αύτῷ

2278 1561 2462 1630 μέτρῳ
2494 1553 2537 1626 ᾧ
2573 1562 2845 1628 μετρεῖτε,
2878 1556 3412 1626 ἀντιμετρηθήσεται
3449 1555 3598 1622 ὑμῖν.
3639 1546 3770 1602 Εἷπε
3804 1550 3863 1602 δὲ

2273 1654 2368 1704 καὶ
2393 1651 2707 1722 παραϐολήν
2740 1653 2940 1712 αὐτοῖς.
2979 1650 3068 1720 Μή
3098 1667 3147 1701 τι
3177 1648 3395 1700 δύναται
3435 1645 3629 1714 τυφλὸς
3663 1644 3861 1712 τυφλὸν

2270 1744 2518 1812 ὀδηγεῖν;
2551 1745 3003 1812 Οὐχὶοὰμφότεροι
3034 1745 3110 1802 είς
3139 1740 3358 1810 βόθυνον
3382 1738 3674 1791 πεσοῦνται
3704 1753 3717 1799 ;
3748 1737 3861 1790 Οὐκ

593 1839 708 1894 Non
733 1850 816 1894 est
843 1839 1134 1908 discipulus
1167 1854 1328 1907 supra
1357 1839 1672 1906 magistrum
1702 1850 1881 1897 suum,
1908 1833 2176 1902 perfectus

2284 1836 2393 1890 ἐστι
2433 1837 2682 1906 μαθητὴς
2717 1835 2856 1904 ὑπὲρ
2889 1834 2978 1886 τὸν
3025 1834 3346 1908 διδάσκαλον
3395 1831 3584 1885 αὑτοῦ.
3639 1832 3864 1898 Κατηρ-

597 1941 776 1984 autem
808 1931 985 1984 omnis
1016 1932 1117 1982 erit
1145 1969 1159 1992 ,
1199 1931 1334 1983 sicut
1371 1931 1632 1999 magister
1667 1929 1849 1996 ipsius.
1894 1947 1910 1977 ο
1945 1926 2170 1980 Omnem

599 2022 846 2076 morbum
879 2018 1144 2074 difﬁcilem
1178 2020 1243 2073 ab
1273 2021 1560 2075 animabus
1601 2020 1799 2073 nostris
1824 2028 2036 2071 amovet
2068 2017 2172 2069 Do-

601 2112 781 2164 minus
805 2149 818 2174 ,
854 2109 1091 2163 radicem
1127 2110 1250 2164 dico
1296 2110 1583 2177 superbiae.
1630 2109 1764 2162 Nam
1794 2110 1884 2178 qui
1935 2108 2172 2175 seipsum

600 2215 706 2255 non
746 2203 1084 2265 considerat,
1136 2210 1189 2255 et
1235 2200 1410 2254 solum
1493 2202 1723 2254 attendit
1780 2216 1863 2254 res
1912 2200 2166 2268 proximi,

599 2291 829 2361 illasque
853 2301 1039 2346 taxare
1071 2292 1202 2356 vult,
1232 2303 1439 2345 certum
1477 2291 1619 2360 quod
1657 2291 1908 2358 superbia
1941 2291 2171 2358 capitur,

598 2392 656 2440 et
695 2382 1032 2437 obliviscitur
1069 2383 1171 2437 sui.
1215 2380 1448 2436 Omnino
1491 2383 1635 2435 enim
1679 2385 1744 2434 de
1787 2398 1844 2435 se
1890 2385 2028 2448 quod
2068 2397 2173 2435 non

601 2483 789 2544 peccet
829 2476 1022 2538 sentit,
1075 2485 1129 2528 et
1174 2486 1455 2544 propterea
1496 2476 1632 2528 alios
1671 2486 1952 2542 peccantes
1993 2490 2172 2543 repre-

602 2568 810 2622 beudit.
860 2564 1026 2636 Igitur
1064 2566 1107 2620 si
1154 2567 1234 2619 vis
1273 2567 1717 2620 incondemnatus
1755 2580 1903 2628 esse,
1951 2584 2016 2620 ne
2044 2581 2174 2619 con-

604 2658 827 2712 demnes
853 2658 1009 2710 alios.
1050 2656 1144 2710 Dic
1171 2657 1352 2722 enim,
1389 2671 1603 2724 quaeso,
1645 2672 1810 2726 quare
1847 2658 2176 2711 condemnas

603 2747 767 2806 alium
814 2758 868 2800 ut
922 2751 1360 2818 praevaricautem
1405 2748 1622 2803 divinas
1660 2749 1843 2818 leges?
1891 2753 2080 2803 Annon
2123 2759 2178 2803 et

605 2849 662 2893 tu
695 2842 1068 2908 pravaricaris
1099 2842 1338 2895 divinam
1374 2842 1586 2911 legem?
1613 2841 1681 2896 Ut
1721 2851 1927 2895 taceam
1961 2843 2025 2894 de
2058 2842 2179 2895 aliis

606 2931 867 2999 peccatis.
900 2945 1047 2984 certe
1079 2932 1132 2984 in
1168 2933 1255 2985 illo
1285 2931 1404 3002 ipso
1439 2933 1578 3000 quod
1612 2933 1748 2986 aiios
1776 2934 2009 3000 jndicas,
2052 2948 2179 3002 pec-

607 3034 700 3075 cas
722 3019 790 3074 ⁸³.
822 3020 1033 3074 Etenim
1076 3023 1256 3076 divina
1311 3023 1392 3078 lex
1440 3024 1685 3092 prwcipit
1730 3026 1821 3076 tibi
1867 3041 1934 3078 ne
1968 3025 2180 3091 iudices

609 3111 850 3165 fratrem.
879 3112 940 3164 Et
965 3114 1034 3165 ita
1064 3114 1228 3167 etiam
1259 3124 1314 3168 tu
1345 3117 1720 3183 prtevaricaris
1749 3116 1940 3184 legem.
1964 3115 2028 3168 Et
2055 3132 2176 3171 cum

609 3203 990 3273 prevaricator
1021 3220 1109 3270 es,
1143 3221 1248 3260 non
1291 3207 1450 3261 debes
1478 3207 1724 3274 judicare
1755 3209 1916 3260 alium
1949 3218 2004 3260 ut
2037 3223 2176 3276 ρηο-
2209 3198 2251 3218 ’³

607 3296 986 3350 νειι-ίριιιοιειιι.
1017 3293 1264 3352 Judicem
1292 3299 1439 3353 enim
1465 3301 1799 3370 superiorem
1826 3316 1947 3354 esse
1969 3313 2182 3369 oportet

612 3397 806 3438 natura
845 3398 1116 3454 peccante.
1148 3387 1386 3444 Remitte
1411 3390 1588 3459 igitur,
1621 3401 1676 3446 et
1712 3396 2012 3447 remittetur
2047 3394 2178 3447 tibi:

613 3477 702 3540 da,
735 3488 791 3528 et
818 3474 1032 3529 dabitur
1061 3477 1179 3531 tibi.
1210 3478 1513 3533 Mensuram
1549 3482 1692 3534 enim
1723 3484 1938 3545 bonam,
1972 3483 2184 3537 confer-

612 3575 721 3620 tam
761 3579 814 3622 et
846 3582 1168 3623 concussam
1195 3580 1253 3624 et
1281 3571 1645 3626 exundantem
1686 3575 1887 3626 dabunt
1925 3575 1976 3626 in
2004 3574 2178 3627 sinum

612 3669 873 3712 vestrum.
917 3658 1034 3714 Non
1071 3661 1212 3715 enim
1261 3676 1418 3729 parce
1458 3667 1737 3716 remetitur
1780 3664 2058 3728 Dominus,
2089 3667 2181 3720 sed

614 3749 884 3818 epulente.
931 3752 1292 3826 Slcut.igitur
1336 3769 1622 3808 tnensurus
1675 3754 1904 3809 farinam
1955 3759 2180 3826 promis,

615 3842 887 3905 concutis,
919 3842 1300 3912 exundareqne
1336 3841 1494 3908 facis,
1528 3847 1792 3913 siquidem
1827 3849 2026 3916 absque
2058 3866 2182 3918 par-

617 3932 855 3986 cimonia
887 3935 1062 3987 metiri
1094 3936 1173 3989 vis
1206 3955 1218 3988 :
1256 3935 1327 4012 ita
1359 3947 1413 3990 et
1448 3936 1707 3991 Dominus
1738 3955 2046 3994 mensuram
2076 3958 2190 3995 ma-

617 4038 776 4093 gnam
818 4036 870 4077 et
911 4028 1278 4080 exundantem
1324 4029 1472 4082 dabit
1511 4030 1628 4084 tibi.
1668 4030 1762 4083 llic
1804 4032 1943 4086 forte
1981 4037 2190 4088 acutior

617 4112 887 4182 quiSpiam
920 4117 1218 4181 qmrsierit,
1258 4117 1528 4185 quomodo
1561 4130 1846 4189 postquam
1884 4123 2041 4192 dixit,
2076 4127 2190 4191 Qua

618 4219 870 4263 mensura
905 4208 1190 4274 metlmini,
1227 4211 1514 4264 metientur
1557 4214 1706 4268 vobis
1737 4225 1789 4268 et
1830 4217 1963 4284 alii,
1993 4219 2189 4272 iterum

619 4299 751 4353 dicit
772 4300 916 4368 quod
944 4316 1192 4355 mensura
1217 4303 1490 4358 exundet?
1521 4304 1576 4358 Si
1605 4306 1748 4358 enim
1775 4309 2031 4373 exundet,
2053 4326 2191 4381 quo-

2274 1929 2529 1998 τισμένος
2578 1927 2634 1979 δὲ
2686 1927 2792 1989 πᾶς
2839 1925 2991 1978 ἔσται
3041 1925 3114 1984 ὡς
3162 1925 3190 1975 6
3231 1901 3550 1983 διδάσκαλος
3610 1918 3800 1972 αὑτοῦ.
3839 1937 3856 1969 ι

2278 2022 2631 2091 Παγχάλεπον
2658 2020 2871 2087 νόσημα
2901 2017 3196 2086 ἀποτέμνει
3222 2015 3328 2067 τῶν
3360 2013 3648 2082 ἡμετέρων
3677 2011 3866 2080 ψυχῶν

2275 2114 2303 2164 6
2336 2113 2560 2179 Κύριος,
2610 2110 2706 2177 τὴν
2758 2108 2914 2178 ῥίζαν
2962 2107 3104 2174 λέγω
3148 2109 3245 2177 τῆς
3293 2103 3619 2174 ὑπεροψίας.
3659 2103 3722 2155 ὐ
3756 2104 3867 2170 γὰρ

2279 2203 2354 2274 μὴ
2405 2203 2596 2256 ἑαυτὸν
2643 2201 3131 2269 ἐπισκεπτόμενος,
3184 2199 3318 2252 ἀλλὰ
3369 2199 3437 2250 τὰ
3488 2196 3584 2250 τοῦ
3635 2196 3866 2266 πλησίον

2280 2297 2443 2366 μόνον
2468 2293 2701 2363 ἐφορῶν,
2732 2293 2826 2344 καὶ
2860 2291 3032 2344 ταῦτα
3067 2289 3343 2359 μωμεύειν
3372 2288 3563 2350 θέλων,
3601 2287 3867 2358 πρόδηλον

2277 2389 2358 2441 ὅτι
2405 2373 2678 2455 ὑπεροψίᾳ
2730 2385 3083 2452 ἁλισκόμενος
3125 2381 3348 2453 λέληθεν
3403 2381 3622 2434 ἑαυτόν.
3676 2381 3866 2434 υίεται

2280 2478 2386 2548 γὰρ
2420 2477 2633 2538 πάντως
2667 2477 2794 2546 περὶ
2837 2473 3054 2536 ἑαυτοῦ,
3106 2475 3186 2526 ὃτι
3236 2475 3334 2543 οὐχ
3377 2474 3710 2543 ἁμαρτάνει.
3761 2472 3868 2525 Καὶ

2278 2569 2364 2622 διὰ
2408 2569 2566 2620 τοῦτο
2623 2568 2749 2628 τοὺς
2797 2567 2990 2627 ἄλλους
3041 2566 3456 2636 ἁμαρτάνοντας
3504 2565 3773 2618 αἰτιᾶται.
3808 2563 3867 2615 Ei

2278 2659 2370 2713 οῦν
2400 2660 2574 2722 θέλεις
2604 2659 2970 2729 ἀκατάκριτος
2999 2653 3160 2720 εἶναι,
3187 2657 3262 2728 μὴ
3293 2657 3593 2725 κατάκρινε
3622 2657 3864 2724 ἐτέρους.

2281 2751 2415 2803 Εἰπέ
2449 2765 2537 2819 μοι
2578 2750 2685 2818 γὰρ
2721 2748 2863 2801 διατί
2917 2747 3266 2816 κατακρίνεις
3323 2747 3532 2816 ἓτερον,
3576 2745 3654 2808 ὡς
3691 2761 3868 2817 παραο

2281 2844 2540 2897 σαίνοντα
2570 2845 2785 2904 πάντως
2812 2841 2936 2902 τοὺς
2961 2839 3138 2902 θείους
3167 2839 3362 2909 νόμους
3387 2855 3402 2905 ;
3434 2840 3506 2894 Σὺ
3537 2838 3594 2891 δὲ
3619 2841 3782 2903 αὐτὸς
3805 2841 3864 2891 οὐ

2283 2934 2641 3001 παραϐαίνεις
2681 2932 2824 2985 θεῖον
2865 2932 3066 3002 νόμον;
3116 2932 3343 3001 Ἀφίημι
3400 2932 3459 2982 εν
3515 2933 3637 2990 ταῖς
3684 2929 3866 2994 ἄλλαις

2282 3026 2598 3095 ἁμαρτίαις,
2638 3025 2754 3077 ἀλλ’
2783 3027 2841 3078 ὲν
2870 3024 3020 3094 αὑτῴ
3046 3023 3221 3094 τούτῳ
3268 3021 3346 3092 τῷ
3377 3024 3588 3092 κρίνειν
3624 3024 3866 3093 ἐτέρους.

2283 3118 2498 3176 πάντως
2531 3116 2640 3186 γὰρ
2669 3115 2830 3184 νόμος
2860 3114 3001 3177 θεῖος
3037 3113 3410 3173 διακελεύεται
3442 3129 3524 3164 σοι
3555 3113 3632 3183 μὴ
3660 3115 3868 3182 κρίνειν

2283 3209 2373 3260 τὸν
2408 3208 2657 3276 ἀδελφόν⁸
2695 3206 2835 3260 ὥστε
2864 3206 2957 3259 καί
2986 3206 3052 3258 σὺ
3080 3204 3444 3275 παραϐαίνεις
3473 3206 3662 3273 νόμον.
3690 3206 3872 3274 Παρα-

2284 3299 2454 3368 6ἁτης
2480 3299 2536 3351 δὲ
2568 3297 2664 3360 ὢν,
2697 3299 2798 3350 οὐκ
2840 3295 3076 3366 ὀφείλεις
3119 3295 3308 3365 ἱτερον
3341 3295 3553 3363 κρίνειν
3581 3295 3659 3358 ὡς
3703 3310 3872 3366 παρα-

2284 3392 2475 3460 ϐάτην.
2532 3388 2829 3461 Ἀνώτερον
2866 3390 2974 3459 γὰρ
3012 3384 3149 3440 εἶναι
3183 3386 3264 3440 δεῖ
3303 3387 3400 3457 τῆς
3449 3387 3874 3458 ἁμαρτανούσης

2285 3483 2502 3551 φύσεως
2545 3483 2634 3536 τὸν
2680 3484 2894 3553 κριτήν.
2938 3481 3164 3533 Ἀπόλυε
3205 3475 3321 3545 οὖν,
3377 3480 3473 3532 καὶ
3525 3479 3870 3549 ἀπολυθήσῃ·

2283 3574 2450 3635 δίδου,
2503 3574 2596 3625 καὶ
2643 3571 2930 3642 δοθήσεταί
2981 3587 3087 3627 σοι.
3128 3571 3344 3640 Μέτρον
3380 3571 3488 3639 γὰρ
3534 3570 3721 3634 καλὸν,
3777 3588 3872 3622 πε-

2286 3665 2580 3732 πιεσμένον
2620 3664 2712 3716 καί
2763 3662 3180 3733 σεσαλευμένον,
3234 3662 3329 3715 καί
3360 3662 3873 3732 ὑπερεκχυνόμενον

2286 3752 2551 3807 δώσουσιν
2578 3757 2658 3818 εἰς
2696 3754 2787 3807 τὸν
2830 3755 3030 3806 κόλπον
3064 3752 3242 3823 ὑμῶν.
3285 3753 3360 3806 Οὐ
3403 3758 3513 3823 γὰρ
3545 3752 3876 3823 φειδομένως

2288 3849 2610 3917 ἁντιμετρεῖ
2647 3849 2675 3900 6
2731 3846 2957 3916 Κύριος,
3013 3843 3150 3898 ἀλλὰ
3199 3843 3496 3906 πλουσίως.
3531 3845 3748 3914 Ὥσπερ
3784 3839 3878 3897 οὖν

2291 3941 2386 3992 ἐὰν
2426 3939 2624 4010 μέλλῃς
2657 3938 2950 4007 μετρήσειν
2989 3936 3150 4006 τυχὸν
3184 3935 3436 4006 ἄλευρον,
3470 3935 3684 4000 πιέζεις
3721 3934 3878 3988 τοῦτο

2291 4033 2382 4085 καὶ
2417 4030 2684 4093 σαλεύεις,
2716 4028 2810 4081 καὶ⁸
2855 4027 3280 4098 ὑπερεκχεῖσθαι
3322 4029 3522 4093 ποιεῖς,
3559 4027 3678 4096 εῖγε
3704 4026 3878 4088 θέλε.ς

2289 4121 2450 4176 τοῦτο
2486 4121 2755 4190 μετρῆσαι
2803 4118 2974 4189 χωρὶς
3024 4117 3310 4186 φειδωλίας
3335 4134 3349 4147 ⁶
3399 4117 3544 4171 οὕτω
3581 4119 3736 4172 καὶὸ
3770 4119 3882 4172 Κύ-

2295 4231 2404 4286 ριος
2440 4214 2640 4283 μέτρον
2685 4213 2829 4281 μέγα
2874 4211 2969 4263 καὶ
3012 4210 3518 4280 ὑπερεκχυννόμενον
3565 4211 3732 4265 δώσει
3769 4227 3874 4265 σοι.

2292 4309 2553 4378 Ζητήσειε
2584 4306 2627 4358 δ’
2656 4306 2721 4358 ἄν
2747 4319 2828 4367 τις
2853 4303 3128 4371 ὀξύτερος,
3162 4302 3278 4364 πῶς
3301 4301 3472 4354 εἰπὼν
3497 4303 3582 4356 ὅτι
3602 4297 3674 4373 ’ῼ
3695 4304 3880 4374 μέτρῳ

625 4391 784 4444 modo
817 4407 1070 4445 mensura
1099 4393 1212 4448 bare
1242 4397 1428 4448 eadem
1460 4395 1587 4450 est?
1617 4396 1851 4453 Dicimus
1875 4401 2056 4470 itaque
2084 4418 2180 4456 non

2294 4399 2562 4468 μετρεῖτε,
2617 4392 3153 4464 ἀντιμετρηθήσεται
3189 4393 3340 4463 ὑμῖν,
3391 4393 3554 4446 πάλιν
3597 4393 3770 4463 λιτει,
3796 4395 3882 4448 ὅτι

625 4493 748 4535 esse
776 4482 975 4546 dictum
1007 4485 1150 4552 quod
1181 4494 1326 4538 tanta
1361 4500 1610 4541 mensura
1641 4493 1933 4545 metientur
1959 4495 2110 4548 vobis
2132 4506 2180 4559 et

2295 4488 2490 4557 μέτρον
2541 4487 3050 4556 ὑπερεκχυνόμενον
3097 4482 3362 4536 δώσουσιν
3408 4485 3486 4546 είς
3540 4484 3636 4537 τὸν
3681 4484 3883 4536 κόλπον

625 4571 737 4636 alii,
771 4574 862 4626 sed
901 4577 1109 4628 eadem.
1151 4577 1426 4644 Siquidem
1463 4580 1688 4635 dixisset
1730 4593 1875 4637 tanta
1913 4601 2180 4653 mensura,

2291 4579 2474 4648 ὐμῶν;
2507 4579 2569 4630 Ei
2603 4578 2711 4646 γὰρ
2754 4575 3208 4646 ὑπερεκχύνεται,
3261 4574 3380 4637 πῶς
3430 4573 3491 4626 τὸ
3542 4574 3684 4628 αὑτό
3721 4575 3880 4640 tam;

623 4674 752 4718 tunc
798 4681 901 4718 non
945 4668 1206 4722 defuisset
1247 4670 1529 4727 diﬂlcultas
1575 4684 1630 4728 et
1673 4678 2034 4733 contrarietas
2078 4696 2180 4734 ser-

2291 4672 2536 4740 Δέγομεν
2557 4669 2648 4722 οῦν
2669 4671 2751 4723 ὅτι
2768 4663 3028 4734 οὺκείπε,
3055 4666 3308 4736 Τοσούτῳ
3336 4667 3522 4736 μέτρῳ
3549 4667 3887 4738 ἀντιμετρη-

622 4754 790 4808 moui.
830 4755 982 4809 Nunc
1015 4768 1190 4809 autem
1221 4772 1342 4812 cum
1375 4764 1562 4815 eadem
1605 4765 1829 4829 dixerit,
1871 4767 2031 4821 solvit
2062 4783 2180 4821 ευιι⁴

2293 4763 2519 4832 θήσεται
2549 4762 2699 4830 ὑμῖν,
2731 4760 2889 4825 ἀλλὰ,
2927 4759 3005 4830 τῷ
3038 4757 3210 4827 αὐτῷ.
3250 4756 3313 4810 Et
3347 4757 3447 4826 μὲν
3485 4757 3597 4827 γὰρ
3625 4752 3770 4820 εἶπε,
3793 4773 3887 4810 το-

625 4846 983 4900 trarietatem.
1014 4846 1165 4902 Licet
1191 4851 1334 4902 enim
1365 4853 1494 4904 dare
1514 4855 1701 4906 eadem
1734 4870 2008 4921 mensura,
2031 4856 2180 4928 3ιά

2297 4853 2470 4923 σούτῳ
2504 4852 2710 4922 μέτρῳ,
2737 4850 2858 4903 τότε
2899 4849 2964 4903 ἂν
3010 4845 3122 4918 εἶχε
3165 4847 3489 4917 δυσχέρειαν
3516 4849 3611 4900 καί
3641 4846 3886 4899 ἐναντιὸ-

625 4933 720 4985 sed
746 4951 846 4988 neu
893 4947 1061 4991 tanta.
1096 4937 1207 4992 Hoc
1235 4941 1399 5009 igitur
1437 4944 1566 4996 dicit
1597 4947 1849 4998 Dominus
1880 4964 1893 5000 :
1936 4947 1997 5001 Si
2032 4951 2196 5003 benc-

626 5021 844 5088 feceris,
873 5026 1100 5082 beneﬁet
1131 5030 1247 5082 tibi.
1284 5031 1395 5085 lloc
1425 5035 1566 5085 enim
1591 5043 1676 5086 est
1699 5034 1885 5088 eadem
1916 5051 2192 5091 mensura.

627 5115 1003 5172 Exundantem
1032 5131 1208 5175 autem
1242 5124 1404 5187 dicit,
1445 5126 1584 5193 quod
1621 5138 1742 5179 cum
1778 5129 1944 5180 semel
1979 5128 2194 5183 benefe-

628 5212 790 5275 ceris,
822 5211 1121 5267 innumeris
1153 5217 1322 5269 modis
1347 5217 1442 5271 tibi
1473 5218 1724 5273 beneﬁet.
1752 5218 1891 5272 Idem
1924 5230 2005 5274 est
2029 5223 2190 5275 etiam

633 5298 683 5350 iu
718 5300 1189 5357 condemnatione.
1231 5307 1331 5370 Qui
1371 5309 1512 5360 enim
1552 5311 1876 5364 condemnat
1915 5321 1970 5364 et
2003 5313 2195 5366 deinde

628 5397 1042 5458 condemnatur,
1101 5397 1287 5449 eadem
1343 5414 1591 5454 mensura
1644 5402 1883 5469 recipit:
1930 5414 2196 5472 quatenus

636 5492 816 5536 autem
844 5485 1072 5553 amplius
1101 5489 1491 5544 condemnatur
1509 5494 1654 5562 quod
1679 5495 1906 5550 similem
1936 5497 2194 5550 condem-

635 5573 801 5635 narit,
845 5574 894 5626 in
938 5577 1036 5631 hoc
1076 5581 1354 5633 exundans
1403 5593 1486 5636 est
1533 5601 1806 5640 mensura.
1850 5585 1975 5644 Haec
2015 5596 2194 5641 autem

637 5660 774 5716 dixit
830 5664 1082 5724 Dominus
1132 5685 1162 5724 a
1216 5674 1666 5732 condemnatione
1727 5693 1825 5733 nos
1886 5679 2194 5748 prohibens.

712 5854 755 5888 ⁸³
802 5852 955 5912 Rom.
992 5871 1052 5926 tl,
1090 5858 1139 5914 1.

2299 4960 2437 5012 τητα
2474 4945 2502 4995 6
2549 4943 2724 5010 λόγος.
2778 4941 2892 4994 Νῦν
2926 4941 3002 5004 δὲ,
3053 4939 3130 5010 τῷ
3175 4939 3324 5008 αὐτῷ
3373 4936 3568 5000 είπὼν,
3614 4937 3730 4989 λύει
3781 4936 3888 5008 τὴν

2301 5034 2674 5103 ἐναντιότητα.
2714 5032 2869 5086 Ἐστι
2902 5033 3010 5102 γὰρ
3048 5031 3245 5084 διδόναι
3283 5029 3361 5100 τῷ
3397 5028 3549 5099 αὐτῷ
3586 5030 3790 5100 μέτρῳ,
3819 5030 3885 5081 οὐ

2305 5128 2410 5198 μὴν
2468 5126 2726 5196 τοσούτῳ.
2789 5123 2965 5177 Τοῦτο
3018 5122 3150 5191 γοῦν
3206 5121 3354 5189 λέγει
3410 5123 3440 5174 6
3503 5121 3751 5192 Κύριος,
3801 5120 3890 5174 ὅτι

2304 5218 2714 5290 Εὑεργέτησας,
2746 5215 3157 5287 εὐεργετηθήσῃ
3193 5212 3352 5265 τοῦτο
3391 5212 3454 5263 τὸ
3499 5211 3634 5264 αὐτὸ
3665 5210 3888 5280 μέτρον.

2299 5313 2372 5365 Τὸ
2402 5311 2458 5366 δὲ
2486 5310 3016 5382 ὑπερεκχυνόμενον,
3049 5307 3132 5359 ὅτι
3174 5306 3550 5377 εὐεργετήσας
3583 5303 3754 5369 inae,
3785 5319 3897 5373 μυ·

2303 5404 2632 5476 ριοπλασίως
2687 5401 3121 5473 εὐεργετηθήσῃ.
3177 5396 3252 5451 Τὸ
3301 5397 3436 5450 αὐτὸ
3492 5397 3587 5450 καὶ
3642 5396 3737 5450 ιπι
3785 5394 3894 5464 τῆς

2303 5499 2701 5566 κατακρίσεως.
2742 5494 2800 5547 Ὀ
2828 5493 2934 5563 γὰρ
2968 5489 3334 5561 κατακρίνων,
3379 5484 3506 5542 εἶτα
3557 5487 3894 5556 κατακρινό·

2307 5605 2490 5658 μενος,
2532 5588 2608 5657 τῷ
2635 5587 2784 5657 αὑτῷ
2813 5587 2997 5656 μέτρῳ
3022 5583 3437 5652 ἀντιλαμϐάνειο
3463 5580 3601 5634 καθὸ
3623 5579 3682 5634 δδ
3707 5579 3896 5633 rddas

2307 5680 2721 5751 κατακρίνεται,
2748 5679 2830 5732 ὃτι
2869 5678 2963 5732 τὸν
3000 5677 3184 5747 ὅμοιον
3215 5675 3533 5745 κατέκρινε,
3566 5672 3709 5726 κατὰ
3735 5669 3898 5725 τοῦτο
