4038 6554
251 500 360 563 777

988 494 1428 554 ENARRATIO
1461 491 1542 553 IN
1573 487 2071 550 EVANGELIUM
2095 486 2309 548 LUCAS
2370 510 2424 518 -
2456 482 2613 540 CAP.
2655 479 2751 539 VI.

3402 470 3509 537 7'13

260 613 766 684 ῦπερεκχυνομενόν
800 617 916 664 ἐστι
964 612 1024 663 τὸ
1063 611 1280 678 μέτρον.
1335 606 1519 659 Ταῦτα
1560 606 1612 658 δὲ
1660 605 1830 658 εἰπὼν

1945 602 2075 656 Dicit
2103 611 2282 655 autem
2311 608 2360 653 et
2390 597 2702 667 parabolam
2733 594 2903 658 nobis,
2933 592 3032 646 hoc
3063 597 3147 644 est
3178 590 3506 656 exemplum.

257 713 285 760 6
315 707 534 776 Κύριος,
577 706 670 759 καὶ
702 704 948 766 κωλύσας
1002 703 1146 771 ἡμᾶς
1193 700 1298 754 ἀπὸ
1337 699 1427 750 τοῦ
1461 699 1827 767 κατακρίνειν,

255 800 404 866 λέγει
455 799 547 850 καὶ
590 796 902 866 παραϐολὴν
971 796 1127 863 ἡμῖν,
1185 793 1455 844 τουτέστιν
1505 791 1830 856 ὑπόδειγμα.

257 891 393 942 Elui
432 907 521 957 μοι
561 889 686 958 γὰρ,
722 887 907 955 φησὶν,
963 888 990 936 6
1035 885 1223 954 ἓτερον
1271 883 1488 952 κρίνων,
1531 882 1624 932 καὶ
1672 881 1832 942 αὐτὸς

252 982 322 1033 τὰ
349 982 488 1034 αὐτὰ
523 981 870 1049 ἁμαρτάνων.
923 978 1020 1030 οὐκ
1065 975 1247 1037 ἔοικας
1281 974 1462 1042 τυφλῷ
1496 973 1694 1042 τυφλὸν
1742 970 1831 1023 ὁδε

254 1071 510 1141 ηγοῦντι;
563 1070 625 1121 El
670 1071 776 1138 γὰρ
809 1068 897 1120 τὸν
929 1067 1114 1136 ἕτερον
1151 1065 1354 1134 κρίνεις
1377 1106 1390 1129 ,
1422 1063 1588 1125 αὐτὸς
1619 1063 1673 1114 δὲ
1721 1062 1833 1122 τοῖς

251 1160 440 1221 αὐτοῖς
475 1158 854 1229 περιπίπτεις,
897 1155 1198 1224 ἀμφότεροι
1244 1151 1435 1221 τυφλοί
1461 1168 1476 1184 ’
1514 1152 1606 1204 καὶ
1657 1151 1832 1212 δοκεις

256 1252 360 1322 μὲν
407 1251 622 1318 ὁδηγεῖν
671 1251 878 1302 ἐκεῖνον
926 1247 1019 1300 ἐπὶ
1066 1247 1125 1298 τὸ
1177 1245 1340 1299 καλὸν
1386 1244 1474 1296 διὰ
1527 1242 1618 1296 τοῦ
1657 1258 1831 1294 κατα-

251 1342 485 1413 κρίνειν,
523 1342 620 1410 οὖχ
641 1340 852 1411 δδηγεῑς
891 1339 966 1392 δέ.
1011 1338 1131 1400 Πῶς
1177 1336 1285 1407 γὰρ
1316 1336 1468 1388 ἔσται
1505 1335 1711 1394 ἐκεῖνος
1742 1333 1834 1385 ἐπὶ

250 1434 316 1485 τὸ
340 1433 504 1484 καλὸν
544 1431 901 1500 ὁδηγούμενος
935 1427 1039 1481 ὑπὸ
1071 1427 1189 1493 σοῦ,
1225 1427 1354 1479 ὅταν
1384 1428 1479 1479 καὶ
1502 1426 1565 1477 σὺ
1593 1424 1790 1494 πταίῃς
1815 1441 1830 1488 ;

254 1523 377 1574 υῦκ
406 1521 520 1574 ἔστι
549 1521 658 1590 γὰρ
699 1519 946 1588 μαθητὴς
987 1518 1126 1585 ὑπὲρ
1156 1516 1246 1568 τὸν
1273 1515 1611 1569 διδάσκαλον.
1644 1514 1706 1566 El
1740 1509 1835 1566 οὖν

257 1616 328 1667 σὺ
361 1618 389 1668 6
417 1612 732 1674 διδάσκαλος
755 1611 928 1664 δοκῶν
964 1613 1056 1663 καὶ
1092 1609 1303 1678 ὁδηγδς,
1347 1609 1585 1672 πταίεις,
1615 1607 1832 1668 πάντως

256 1720 362 1756 που
392 1705 483 1756 καὶ
509 1706 537 1756 ὁ
586 1703 1024 1774 μαθητευόμενος
1068 1699 1162 1753 καὶ
1204 1698 1587 1769 ὀδηγούμενος.
1625 1698 1687 1750 'O
1727 1697 1836 1768 γὰρ

251 1795 690 1865 κατηρτισμένος
735 1792 1010 1863 μαθητὴς,
1087 1790 1334 1843 τουτέστι
1395 1789 1834 1858 τετελειωμένος,

250 1891 412 1945 εσται
447 1890 522 1956 ὡς
558 1887 872 1950 διδάσκαλος
923 1887 1110 1941 αὐτοῦ.
1161 1883 1345 1938 Ταῦτα
1395 1879 1516 1937 εἶπε
1564 1881 1693 1952 περὶ
1740 1879 1836 1932 τοῦ

1940 694 2029 747 Dic
2058 695 2221 756 enim,
2249 708 2452 760 quaeso,
2481 692 2673 759 inquit,
2701 701 2876 741 nonne
2907 684 3135 739 alterum
3157 681 3427 750 judicans,
3453 693 3510 735 et

1937 787 2045 852 ipse
2079 786 2266 839 cadem
2311 799 2576 853 peccans,
2618 790 2964 847 comparatus
3010 792 3069 831 es
3115 790 3258 830 caeco
3309 788 3508 828 caecum

1936 875 2192 928 ducenti?
2248 872 2381 927 Nam
2441 875 2484 926 si
2539 874 2698 926 alium
2764 868 3124 930 condemnas,
3185 874 3239 921 ct
3291 865 3404 933 ipse
3456 864 3510 915 iu

1921 972 2123 1022 eadem
2161 966 2351 1020 incidis
2383 973 2625 1033 peccata,
2651 962 2868 1034 utrique
2901 960 3032 1013 caeci
3063 958 3236 1012 estis:
3275 967 3327 1011 et
3360 957 3510 1009 vide-

1939 1061 2012 1112 ris
2056 1060 2271 1127 quidem
2315 1049 2386 1110 illi
2433 1056 2540 1110 dux
2577 1071 2702 1110 esse
2735 1056 2801 1109 ad
2835 1057 3065 1115 bonum,
3102 1066 3168 1104 eo
3202 1050 3344 1116 quod
3381 1062 3513 1101 con-

1935 1151 2201 1205 demnas:
2243 1164 2348 1202 non
2387 1164 2444 1203 es
2481 1159 2662 1202 autem
2693 1149 2821 1202 dux.
2867 1145 3148 1212 Quomodo
3178 1143 3321 1196 enim
3365 1141 3453 1194 ille
3482 1156 3514 1195 a

1941 1251 1990 1293 te
2017 1242 2082 1293 ad
2113 1241 2308 1293 bonum
2339 1240 2641 1300 inducetur.
2681 1254 2803 1292 cum
2837 1245 2892 1291 et
2923 1247 2977 1289 tu
3009 1232 3251 1289 labaris?
3281 1232 3401 1286 Non
3432 1240 3518 1284 est

1935 1336 2080 1388 enim
2131 1334 2430 1402 discipulus
2480 1348 2645 1401 super
2694 1330 3015 1399 magistrum
3053 1327 3117 1380 “.
3158 1325 3213 1379 Si
3257 1325 3422 1394 igitur
3460 1334 3514 1375 tu

1936 1424 2028 1492 qui
2064 1424 2263 1478 videris
2298 1438 2418 1478 esse
2454 1424 2714 1491 magister
2745 1431 2799 1475 ct
2828 1423 2955 1487 dux,
2989 1419 3190 1472 laberis
3219 1435 3232 1470 :
3266 1415 3519 1468 omnibus

1939 1514 2115 1569 modis
2141 1517 2300 1569 cadet
2334 1516 2496 1570 etiam
2525 1515 2617 1582 qui
2647 1516 2870 1568 docetur
2894 1527 2956 1565 ac
2988 1508 3227 1564 ducitur.
3255 1506 3520 1561 Elabora-

1940 1619 2025 1661 tus
2075 1608 2220 1661 enim
2253 1607 2590 1676 discipulus,
2627 1607 2730 1660 hoc
2771 1615 2854 1658 est
2887 1601 3193 1673 perfectus,
3243 1599 3347 1653 erit
3380 1599 3523 1651 sicut

1940 1699 2202 1767 magister
2230 1700 2365 1769 ejus.
2398 1698 2524 1754 [lace
2555 1699 2690 1752 dicit
2715 1698 2876 1751 etiam
2911 1706 2967 1749 ut
3003 1711 3070 1750 ne
3093 1692 3524 1748 condemnentur

1942 1789 1993 1841 lii
2022 1790 2110 1856 qui
2140 1800 2263 1844 sunt
2316 1790 2601 1843 inferiores
2635 1789 2826 1852 nobis,
2872 1790 2919 1841 si
2960 1787 3245 1840 videantur
3272 1793 3519 1852 peccare.

1943 1881 2137 1935 Subdit
2174 1896 2390 1951 quoque
2425 1892 2480 1935 et
2507 1881 2650 1936 aliud
2678 1882 2918 1949 ejusdem
2956 1877 3281 1950 argumenti.

256 1984 334 2053 μὴ
366 1984 477 2036 δεῖν
525 1981 874 2052 κατακρίνειν
912 1980 1039 2041 τοὺς
1070 1977 1490 2046 ὑποδεεστέρους
1533 1973 1707 2044 ἡμῶν,
1742 1972 1836 2026 καὶ
1869 1971 2155 2035 δοκοῦντας
2225 1975 2582 2044 ἁμαρτάνειν.
2647 1975 2874 2042 Ἐπάγει
2905 1972 2959 2025 δὲ
2995 1973 3084 2026 καὶ
3114 1972 3278 2042 ἕτερα
3304 1974 3397 2042 τῆς
3425 1971 3524 2023 αὑ-

246 2074 358 2143 τῆς
385 2074 714 2136 ὑποθέσεως.

336 2191 354 2222 ι
393 2171 455 2222 Τί
484 2172 541 2223 δὶ
570 2170 785 2240 βλέπεις
813 2168 874 2222 τὸ
905 2168 1134 2238 κάρφος,
1167 2167 1228 2219 τὸ
1256 2168 1312 2218 ἐν
1338 2165 1413 2235 τῷ
1443 2161 1706 2233 ὀφθαλμῷ
1736 2160 1831 2215 τοῦ

2020 2159 2180 2214 Vens.
2214 2158 2404 2212 ιιι-45.
2432 2156 2570 2223 Quid
2606 2164 2786 2210 autem
2817 2154 2964 2209 vides
2986 2153 3251 2208 festucam
3279 2153 3330 2206 in
3363 2153 3525 2208 oculo

250 2261 487 2331 ἀδελφοῦ
516 2278 631 2327 σου,
658 2261 758 2330 τὴν
790 2261 846 2313 δὲ
887 2260 1039 2314 δοκὸν
1069 2259 1166 2329 τὴν
1202 2258 1258 2310 ὲν
1305 2258 1385 2326 τῷ
1432 2256 1546 2325 ίδίῳ
1572 2254 1837 2324 ὀφθαλμῷ

251 2355 318 2407 οὐ
361 2355 684 2418 κατανοεῖς;
725 2353 793 2404 Ἣ
829 2350 946 2415 πῶς
987 2350 1213 2403 δύνασαι
1264 2348 1444 2416 λέγειν
1500 2347 1580 2416 τῷ
1625 2345 1838 2415 ἀδελφῷ

255 2460 378 2508 σου,
435 2440 673 2508 Ἀδελφὲ,
713 2440 846 2508 ἄφες
894 2439 1107 2493 ἐκϐάλω
1156 2439 1216 2491 τὸ
1269 2441 1509 2508 κάρφος,
1544 2439 1603 2490 τὸ
1653 2438 1711 2488 ὲν
1762 2435 1840 2506 τῷ

252 2531 523 2603 οφθαλμῷ
557 2550 672 2596 σου,
709 2532 868 2594 αὐτὸς
897 2531 995 2602 τὴν
1033 2534 1092 2584 ὲν
1130 2529 1206 2600 τῷ
1238 2528 1502 2598 ὀφθαλμῷ
1543 2545 1636 2581 σου
1683 2529 1840 2580 δοκὸν

249 2627 317 2679 οὔ
355 2627 569 2694 βλέπων
595 2642 610 2691 ;
653 2625 978 2693 ’Υποκριτὰ,
1006 2623 1198 2676 ἐκδαλε
1223 2621 1439 2691 πρῶτον
1466 2619 1562 2691 τὴν
1593 2619 1746 2674 δοκὸν
1775 2620 1840 2671 ὲκ

251 2715 357 2770 τοῦ
388 2715 667 2783 ὀφθαλμοῦ
698 2731 813 2777 σου,
867 2717 958 2767 καὶ
1006 2715 1125 2767 τότε
1159 2713 1464 2781 διαϐλέψεις
1499 2711 1749 2764 ἐκϐαλεῖν
1778 2711 1840 2764 τὸ

251 2806 471 2876 κάρφος
501 2805 560 2858 τὸ
592 2807 650 2859 ὲν
680 2805 756 2874 τῷ
793 2805 1059 2875 ὀφθαλμῷ
1095 2805 1187 2857 τοῦ
1219 2802 1445 2871 ἀδελφοῦ
1478 2820 1592 2857 σου.
1625 2804 1699 2854 Οὐ
1732 2803 1841 2874 γάρ

251 2897 378 2947 ἐστι
426 2893 640 2964 δένδρον
693 2894 878 2956 καλὸν,
932 2893 1120 2946 ποιοῦν
1173 2893 1382 2963 καρπὸν
1442 2893 1670 2962 σαπρὸν,
1719 2891 1841 2945 οὐδὲ

247 2983 477 3053 δένδρον
507 2972 737 3054 σαπρὸν,
773 2982 962 3037 ποιοῦν
997 2983 1209 3054 καρπὸν
1235 2982 1417 3036 καλόν.
1436 2983 1576 3035 Ἕκα
1587 2999 1706 3036 στον
1732 2982 1840 3052 γὰρ

249 3073 480 3144 δένδρον
509 3074 572 3124 ἐκ
598 3071 692 3125 τοῦ
746 3071 876 3126 ίδίου
904 3071 1119 3142 καρποῦ
1154 3071 1503 3141 γινώσκεται.
1535 3073 1610 3125 Οὐ
1650 3073 1758 3144 γὰρ
1784 3072 1843 3136 ἐξ

249 3163 516 3217 ἀκανθῶν
548 3163 866 3231 συλλέγουσι
910 3163 1071 3228 σῦκα,
1109 3164 1227 3217 οὐδὲ
1275 3165 1340 3216 ὲκ
1389 3162 1551 3232 βάτου
1599 3163 1842 3234 τρυγῶσι

253 3256 568 3327 σταφυλήν.
619 3255 677 3310 '0
709 3257 910 3323 ἀγαθὸς
957 3255 1240 3324 ἄνθρωπος
1271 3257 1334 3306 ὲκ
1383 3255 1479 3308 τοῦ
1511 3256 1717 3323 ἀγαθοῦ
1743 3257 1835 3326 θη-

254 3347 472 3418 σαυροῦ
500 3347 600 3419 τῆς
645 3346 868 3416 καρδίας
901 3345 1064 3398 αὑτοῦ
1101 3346 1365 3415 προφέρει
1393 3345 1451 3398 τὸ
1480 3347 1684 3414 ἀγαθόν
1709 3363 1721 3376 ο
1750 3350 1844 3401 καλ⁵

251 3440 286 3493 ὃ
325 3439 562 3510 πονηρὸς
599 3437 878 3508 ἄνθρωπος
914 3441 977 3490 ὲκ
1015 3436 1108 3490 τοῦ
1150 3436 1391 3507 πονηροῦ
1432 3437 1706 3508 θησαυροῦ
1744 3441 1842 3508 τῆς

246 3532 496 3602 καρδίας
543 3529 709 3583 αὑτοῦ
761 3529 1025 3601 προφέρει
1075 3528 1134 3581 τὺ
1180 3529 1435 3598 πονηρόν.
1477 3529 1572 3582 Ἐκ
1603 3531 1711 3600 γὰρ
1746 3510 1910 3583 τοῦδ

248 3622 702 3695 περισσεύματος
734 3621 830 3691 τῆς
869 3620 1096 3690 καρδίας
1126 3618 1275 3672 λαλεῖ
1306 3621 1367 3672 τὸ
1399 3620 1571 3690 στόμα
1599 3621 1784 3674 αὑτοῦ.
1817 3640 1835 3670 ›

247 3719 324 3771 Τί
399 3716 634 3787 βλέπεις,
672 3716 826 3784 φησὶ,
879 3716 938 3766 τδ
964 3713 1192 3784 κάρφος,
1245 3712 1509 3778 τουτέστι,
1557 3713 1618 3764 εδ
1652 3715 1844 3782 μικρὸν

248 3811 574 3878 ἁμάρτημα
607 3805 701 3858 τοῦ
741 3804 970 3873 ἀδελφοῦ
1011 3819 1125 3868 σου,
1172 3804 1270 3872 τὴν
1309 3803 1364 3855 δὲ
1404 3802 1576 3866 δοκὸν,
1609 3803 1668 3853 τὸ
1699 3804 1844 3872 μέγα

248 3901 573 3971 ἁμάρτημα
608 3899 669 3950 τὸ
700 3897 791 3949 σὸν
819 3897 877 3949 οὐ
920 3899 1241 3960 κατανοετς;
1290 3894 1462 3947 Τοῦτο
1507 3893 1564 3945 δὲ
1613 3894 1843 3963 ἁρμόζει

245 3992 358 4049 καὶ
392 3991 530 4063 πρὸς
564 3991 773 4052 πάντας
811 3989 940 4059 pii);
965 3986 1202 4058 μάλιστα
1228 3986 1285 4038 δὲ
1327 3986 1462 4055 πρὸς
1494 3985 1842 4047 διδασκάλους

247 4083 356 4140 καὶ
388 4084 677 4152 ἄρχοντας,
699 4081 749 4132 οἳ
776 4081 846 4132 τὰ
872 4079 970 4149 μὲν
990 4078 1099 4130 τῶν
1125 4076 1228 4130 ὑπὸ
1252 4079 1409 4148 χεῖρα
1449 4079 1840 4148 ἁμαρτήματα,

243 4168 355 4232 καὶ
392 4175 568 4247 μικρὰ
596 4175 724 4228 δντα
753 4173 1061 4238 κολάζουσι,
1097 4171 1165 4223 τὰ
1192 4169 1248 4222 δὲ
1277 4170 1472 4234 οἰκεῖα,
1507 4171 1609 4222 κᾶν
1636 4170 1845 4241 μεγάλα

240 4265 426 4337 ὦσιν,
458 4270 618 4324 ἐῶσιν
661 4267 955 4323 ἀκόλαστα.
1009 4266 1102 4320 Διδ
1139 4269 1233 4320 καὶ
1287 4264 1589 4336 ὑποκριτὰς
1623 4266 1845 4326 τούτους

240 4362 428 4420 καλεῖ
447 4364 475 4413 ὁ
506 4361 729 4431 Κύριος,
757 4359 832 4421 ὼς
858 4357 984 4410 ἄλλο
1015 4357 1112 4427 μὶν
1152 4357 1527 4425 φαινομένους,
1557 4357 1621 4411 ὲκ
1654 4353 1746 4408 τοῦ
1781 4357 1848 4408 τὰ

239 4454 370 4510 τῶν
437 4452 613 4506 ἄλλων
658 4451 1032 4520 ἁμαρτήματα
1081 4449 1351 4514 κολάζειν,
1400 4449 1683 4515 φαίνονται
1739 4448 1847 4518 γὰρ

236 4548 489 4612 δίκαιοι,
542 4543 671 4597 ἄλλο
721 4542 776 4595 δὲ
829 4540 1008 4605 ὄντας,
1061 4543 1124 4593 ὲκ
1171 4539 1264 4592 τοῦ
1305 4541 1395 4592 καὶ
1438 4539 1634 4601 αὐτοὺς
1679 4538 1847 4608 χείρω

235 4635 626 4710 ἁμαρτάνειν.
668 4630 803 4686 Εἶτα
848 4633 941 4684 καὶ
987 4631 1094 4684 ἀπὸ
1125 4631 1524 4700 ὑποδείγματος
1560 4629 1846 4684 πιστοῦται

235 4734 346 4784 τὸν
385 4727 555 4795 λόγον
587 4724 773 4779 αὐτοῦ.
809 4724 1016 4791 Ὥσπερ
1050 4722 1179 4792 γὰρ,
1228 4722 1414 4792 φησιν,
1449 4721 1548 4774 οὐκ
1578 4721 1693 4773 ἐστι
1731 4719 1848 4773 δένς

1944 2254 2128 2307 fratris
2159 2252 2254 2313 tui,
2290 2251 2499 2305 trabem
2532 2259 2712 2304 autem
2743 2263 2861 2316 qua:
2888 2248 2940 2301 in
2963 2247 3120 2301 oculo
3154 2247 3375 2316 proprio
3407 2255 3522 2308 tuo,

1943 2361 2048 2399 non
2078 2343 2514 2399 animadvertis?
2541 2343 2648 2396 Aut
2677 2343 2948 2410 quomodo
2977 2349 3132 2410 potes
3163 2340 3343 2393 dicere
3368 2339 3524 2391 fratri

1945 2449 2034 2492 tuo
2059 2455 2075 2492 ε
2100 2437 2310 2499 Frater,
2338 2436 2475 2498 sine,
2498 2434 2708 2501 ejiciam
2729 2432 2988 2486 festucam
3009 2448 3130 2490 quae
3160 2433 3214 2484 in
3241 2431 3399 2484 oculo
3433 2441 3526 2482 tuo

1941 2540 2044 2598 est,
2083 2532 2195 2600 ipse
2222 2530 2274 2583 in
2299 2530 2456 2584 oculo
2481 2537 2572 2581 tuo
2596 2526 2802 2580 trabem
2824 2539 2931 2578 non
2957 2523 3184 2578 videns?
3207 2522 3522 2595 Hypocrita,

1942 2624 2079 2693 ejice
2107 2624 2342 2694 primum
2372 2621 2580 2675 trabem
2613 2635 2680 2675 ex
2715 2620 2872 2674 oculo
2909 2627 3020 2680 tuo.
3058 2627 3112 2673 et
3153 2628 3283 2672 tunc
3314 2617 3524 2686 perspi-

1944 2715 2138 2768 ciesvut
2169 2714 2354 2782 ejicias
2386 2717 2650 2767 festucam
2681 2726 2799 2779 qua:
2832 2721 2915 2764 est
2940 2711 2994 2764 in
3021 2709 3181 2764 oculo
3211 2709 3400 2764 fratris
3424 2712 3522 2762 tm.

1945 2804 2061 2858 Non
2094 2813 2177 2857 est
2200 2803 2343 2857 enim
2373 2804 2535 2856 arbor
2557 2800 2696 2856 bona
2728 2817 2847 2870 qua:
2874 2801 3002 2854 facit
3025 2800 3260 2854 fructum
3286 2799 3522 2853 malum:

1945 2909 2117 2962 neque
2144 2892 2307 2946 arbor
2334 2893 2472 2946 mala
2505 2891 2707 2945 faciens
2736 2890 2969 2944 fructum
3003 2892 3224 2945 bonum.
3259 2890 3528 2960 Unaqua-

1942 2999 2046 3053 que
2087 2983 2230 3038 enim
2272 2983 2437 3037 arbor
2476 2997 2540 3036 ex
2586 2981 2766 3036 fructu
2816 2998 2918 3038 suo
2957 2985 3292 3053 agnoscitur.
3337 2981 3529 3055 Neque

1946 3075 2088 3130 enim
2115 3090 2146 3129 c
2179 3073 2348 3142 spinis
2387 3075 2647 3143 colligunt
2682 3075 2849 3138 ficus,
2889 3090 3062 3148 neque
3101 3091 3131 3131 ο
3161 3078 3297 3130 rubo
3338 3078 3528 3131 vinde-

1946 3166 2114 3220 miant
2147 3174 2327 3220 uram.
2362 3163 2544 3219 Bonus
2577 3165 2740 3220 homo
2770 3180 2838 3218 ex
2871 3165 3018 3220 bono
3057 3165 3313 3220 thesauro
3346 3167 3529 3221 cordis

1946 3260 2028 3313 sui
2055 3257 2261 3328 profert
2284 3260 2511 3323 bonum,
2536 3269 2591 3312 et
2621 3259 2797 3312 malus
2823 3259 2987 3314 homo
3007 3275 3069 3313 ex
3102 3259 3243 3314 malo
3269 3260 3528 3315 thesauro

1944 3349 2124 3402 cordis
2155 3349 2235 3402 sui
2264 3348 2470 3416 profert
2495 3349 2719 3401 malum.
2752 3348 2827 3401 Ex
2856 3349 3149 3402 abundatia
3177 3349 3322 3404 enim
3347 3350 3528 3404 cordis

1947 3439 2184 3508 loquitur
2211 3454 2273 3494 os
2300 3439 2438 3508 eius.
2480 3458 2498 3490 ι
2534 3439 2672 3506 Quid
2703 3448 2882 3494 autem
2913 3439 3088 3504 vides,
3123 3439 3321 3509 inquit,
3357 3439 3529 3494 festu-

1946 3547 2086 3597 cam,
2130 3533 2232 3587 hoc
2260 3540 2363 3597 est,
2393 3547 2614 3600 ,.arrum
2647 3545 2926 3601 peccatum
2955 3531 3144 3588 fratris
3178 3534 3276 3597 tui,
3318 3535 3525 3589 trabem

1947 3633 2144 3686 autem,
2177 3639 2429 3694 magnum
2453 3636 2737 3692 peccatum
2774 3635 2944 3689 tuum,
2978 3641 3085 3679 non
3117 3627 3531 3682 advertis?Hoe

1947 3724 2124 3770 autem
2164 3713 2416 3769 omnibus
2452 3716 2556 3770 dici
2593 3725 2805 3784 potest,
2847 3727 2901 3770 et
2946 3717 3181 3773 maxime
3219 3717 3530 3774 doctoribus

1947 3815 2002 3859 et
2050 3805 2423 3874 principibus,
2477 3807 2568 3875 qui
2624 3806 2968 3860 subditorum
3018 3819 3236 3878 peccata
3283 3813 3531 3878 quamvis

1948 3915 2110 3970 parva
2144 3901 2413 3969 puniunt:
2447 3915 2542 3953 sua
2577 3908 2760 3955 autem
2801 3901 2966 3954 etiam
2999 3901 3232 3954 nmxima
3271 3904 3530 3972 impunita

1947 3993 2152 4047 sinunt.
2185 3991 2393 4046 Idcirco
2429 3991 2552 4046 illos
2597 3999 2652 4044 et
2701 3992 3014 4062 hypocrita:
3054 4005 3212 4048 vocat
3248 3992 3526 4050 Dominus.

1949 4085 2090 4140 Sunt
2121 4085 2208 4139 alii
2241 4085 2457 4155 quidem
2492 4095 2840 4156 apparentes,
2877 4087 3003 4141 dum
3041 4087 3273 4141 aliorum
3309 4100 3527 4155 peccata

1950 4177 2215 4246 puniunt:
2263 4177 2316 4230 in
2370 4178 2470 4231 hoc
2512 4179 2657 4230 enim
2697 4177 2831 4241 iusti
2871 4186 3156 4246 apparent.
3204 4179 3307 4232 Alii
3351 4190 3529 4233 autem

1948 4279 2078 4324 sunt
2125 4285 2193 4325 ex
2240 4284 2305 4325 eo
2346 4270 2490 4338 quod
2538 4280 2595 4324 et
2638 4270 2738 4337 ipsi
2779 4272 2997 4338 gravius
3045 4283 3290 4341 peccent.
3335 4271 3529 4328 Poste.

1950 4363 2110 4415 etiam
2136 4371 2186 4414 et
2213 4361 2459 4430 exemplo
2487 4361 2774 4415 continuat
2809 4377 3118 4417 sermonem
3144 4380 3321 4419 suum.
3358 4365 3530 4426 Sicut,

1951 4453 2159 4522 inquit,
2191 4469 2296 4508 non
2327 4462 2411 4507 est
2441 4451 2603 4508 arbor
2646 4453 2785 4508 bona
2836 4471 2956 4523 ιιυιο
2999 4455 3128 4511 facit
3163 4455 3398 4512 fructum
3433 4475 3536 4529 pu--

1950 4553 2108 4608 trem,
2132 4559 2305 4614 neque
2327 4545 2488 4598 arbor
2510 4545 2686 4613 putris
2703 4560 2826 4614 quae
2847 4546 2992 4613 :facit
3022 4546 3257 4601 fructum
3290 4549 3530 4605 bonum:

1950 4637 2021 4689 ita
2053 4645 2106 4690 et
2131 4635 2224 4704 qui
2255 4634 2391 4691 alios
2425 4638 2694 4707 castigare
2722 4646 2777 4691 et
2810 4639 3104 4708 corrigere,
3136 4651 3191 4694 et
3220 4640 3286 4693 ad
3330 4643 3530 4696 bonum

1953 4725 2116 4797 315
2150 4727 2446 4782 transferre
2503 4737 2773 4793 attentat,
2830 4744 2935 4783 non
2992 4729 3156 4784 fuerit
3217 4732 3440 4787 malus:
3488 4736 3530 4788 si

232 4823 384 4894 δρον
418 4817 609 4880 καλὸν,
636 4817 822 4868 ποιοῦν
849 4814 1060 4886 καρπὸν
1102 4815 1332 4881 σαπρὸν,
1363 4813 1481 4865 οὐδὲ
1508 4812 1722 4880 δένδρον
1758 4828 1841 4864 σα-

1953 4827 2133 4873 autem
2159 4818 2329 4873 malus
2351 4819 2533 4882 fuerit,
2558 4819 2693 4872 alios
2719 4834 2822 4873 non
2849 4820 3010 4874 faciet
3036 4821 3307 4880 meliores.
3334 4822 3528 4879 Unius-

235 4913 426 4984 πρδν,
464 4909 648 4961 ποιοῦν
679 4907 891 4976 καρπὸν
921 4905 1101 4969 καλὸν,
1131 4905 1273 4960 οὕτω
1314 4905 1407 4958 καὶ
1439 4907 1466 4957 6
1496 4906 1619 4967 τοὺς
1650 4904 1843 4966 ἄλλους

238 5002 631 5074 σωφρονίζειν
671 5001 762 5052 καὶ
806 4998 1149 5068 διορθοῦσθαι
1196 4997 1487 5070 ἐπιχειρῶν
1557 4997 1650 5050 καὶ
1711 5015 1842 5068 μετ-

233 5105 416 5171 άγειν
441 5098 537 5148 ἐπὶ
561 5096 622 5148 τὸ
644 5093 985 5163 βέλτιον,οὑκ
1007 5094 1071 5145 ἂν
1093 5093 1176 5164 cl’q
1201 5092 1454 5162 πονηρὸς,
1469 5093 1517 5144 εί
1533 5092 1588 5144 δὲ
1613 5092 1845 5161 πονηρὸς

232 5195 361 5265 εἴη,
429 5192 538 5242 οὐκ
593 5189 658 5242 ἂν
712 5189 930 5258 ἑτέρους
987 5184 1224 5256 βελτίους
1278 5185 1588 5255 ἐργάσαιτο.
1639 5184 1703 5236 Ἦ
1743 5186 1845 5253 γὰρ

235 5289 506 5343 ἑκάστου
534 5282 731 5350 καρδία
769 5281 1038 5350 θησαυρός
1063 5281 1201 5341 ἐστι,
1257 5278 1360 5331 κᾶν
1398 5278 1494 5347 μὲν
1521 5277 1700 5345 ἀγαθὰ
1725 5278 1846 5347 ἔχῃ,

233 5384 342 5435 καὶ
377 5379 424 5429 ,ὁ
457 5373 746 5443 ἄνθρωπος
799 5373 1002 5441 ἀγαθός
1049 5374 1187 5437 ἐστι,
1242 5374 1334 5424 καὶ
1380 5370 1559 5439 ἀγαθὰ
1598 5370 1768 5423 λαλεῖ·
1800 5371 1847 5421 εί

231 5475 298 5527 δὲ
337 5465 616 5534 πονηρῶν
647 5467 816 5534 μεστή
850 5467 996 5515 ἐστιν
1047 5464 1080 5532 ἡ
1129 5461 1343 5531 καρδία,
1386 5463 1478 5514 καὶ
1508 5463 1535 5513 6
1564 5460 1848 5531 ἄνθρωπος

233 5562 509 5631 πονηρός
543 5561 681 5619 ἐστι,
721 5559 812 5609 καὶ
847 5554 1059 5624 πονηρὰ
1093 5554 1263 5606 λαλεῖ.
1311 5555 1545 5606 Δύνασαι
1579 5553 1632 5606 δὲ
1677 5553 1850 5605 ταῦτα

235 5657 446 5710 πάντα
475 5651 572 5701 καὶ
599 5648 675 5710 ὡς
705 5647 830 5716 περὶ
863 5647 968 5699 τῶν
997 5646 1308 5714 Φαρισαίων
1338 5644 1605 5711 λεγόμενα
1638 5643 1849 5710 νοῆσαι.

1954 4911 2212 4981 cujusque
2235 4912 2380 4965 enim
2406 4925 2500 4964 cor
2522 4912 2815 4966 thesaurus
2841 4925 2924 4968 est
2947 4930 2960 4965 :
2996 4921 3050 4966 et
3079 4915 3122 4967 si
3146 4916 3366 4983 quidem
3394 4919 3530 4971 bona

1955 5004 2183 5069 habeat,
2225 5005 2388 5058 etiam
2433 5004 2594 5058 homo
2639 5004 2814 5059 bonus
2842 5016 2962 5071 est,
2995 5017 3051 5059 et
3081 5010 3221 5060 bona
3252 5008 3528 5078 loquitur:

1955 5099 2039 5150 sin
2075 5111 2201 5151 vero
2227 5098 2386 5151 malis
2408 5111 2503 5151 cor
2525 5097 2742 5164 plenum
2772 5096 2958 5163 fuerit,
2983 5102 3143 5152 etiam
3173 5100 3333 5156 homo
3358 5104 3534 5156 malus

1955 5194 2056 5249 est,
2086 5195 2140 5240 et
2167 5186 2304 5239 mala
2336 5186 2590 5253 loquitur.
2621 5185 2786 5241 Potes
2808 5196 2992 5242 autem
3014 5177 3138 5243 llaec
3165 5201 3217 5242 et
3247 5191 3312 5244 de
3341 5190 3533 5247 Phari-

1954 5275 2077 5329 sscis
2115 5276 2193 5329 sic
2227 5275 2547 5346 intelligere.
2581 5276 2659 5328 Ad
2699 5275 2816 5331 illos
2855 5276 2996 5331 enim
3041 5292 3350 5333 sermonem
3398 5282 3531 5336 diri-

1954 5381 2110 5438 gens,
2155 5367 2347 5436 inquit,
2377 5367 2523 5437 Ejice
2549 5368 2782 5436 primum
2811 5369 3016 5423 trabem
3051 5381 3114 5423 et
3149 5371 3304 5424 oculo
3330 5382 3446 5436 tuo,
3479 5385 3533 5427 et

1957 5468 2082 5514 tunc
2124 5459 2384 5515 festucam
2430 5473 2548 5537 qua:
2591 5470 2675 5513 est
2722 5461 2773 5512 in
2819 5444 2978 5514 oculo
3021 5462 3203 5516 fratris
3233 5463 3348 5516 tui:
3394 5467 3534 5522 sicut

1950 5552 2113 5604 etiam
2155 5549 2285 5604 alibi
2332 5550 2480 5615 dicit,
2527 5549 2802 5604 Camelum
2846 5550 3169 5618 glutientes,
3213 5565 3265 5606 et
3303 5554 3531 5611 culicem

1952 5645 2280 5699 excolantes.
2316 5643 2597 5709 Quomodo
2633 5643 2798 5711 igitur
2839 5657 2935 5696 vos
2975 5640 3232 5700 Pharisaei
3271 5646 3361 5714 qui
3400 5647 3534 5701 estis

235 5756 283 5807 11
292 5752 403 5823 pb;
435 5742 684 5801 ἐκείνους
706 5740 814 5809 γὰρ
829 5739 1261 5807 ἀποτεινόμενος,
1281 5739 1464 5806 φησιν,
1497 5733 1841 5800 ὅτι,η”Εκ6αλι

1955 5736 2180 5787 arbores
2231 5744 2450 5803 putres,
2509 5734 2758 5803 poteritis
2815 5734 3019 5790 fructus
3074 5736 3247 5790 bonos
3294 5737 3532 5793 atferre?

329 5912 379 5943 ³⁸
449 5905 617 5958 Joan.
687 5914 818 5957 xm.‘
841 5898 922 5952 l6.

564 5993 830 6052 PATROL.
866 5992 979 6049 Gtt.
1029 5987 1315 6048 CXXIII.

3082 5997 3152 6050 95
