4038 6498
561 463 666 527 ’179

1488 457 1587 516 Tll
1599 450 2064 514 EOPHYLACTI
2100 446 2507 512 BULGARLE
2543 449 2584 505 Α
2599 443 2897 504 ἰίιῖΙίἰΕΡ.

3721 438 3822 501 780

573 575 761 631 Vester
788 574 934 630 enim
961 585 1140 629 sermo
1173 582 1384 638 semper
1421 569 1595 637 putris
1625 577 1728 631 est,
1765 567 1903 620 sicut
1931 575 1982 618 et
2015 565 2123 618 vita

2257 561 2471 632 πρῶτον
2498 563 2596 629 τὴν
2623 558 2777 612 δοκὶν
2804 559 2866 611 ὲκ
2894 554 2986 609 τοῦ
3017 549 3297 623 ὀφθαλμοῦ
3346 569 3464 618 σου,
3498 552 3592 608 καὶ
3626 553 3746 606 τότε
3775 560 3827 608 τὶ

568 666 874 736 Loquimini
922 665 1063 719 enim
1117 678 1182 717 ex
1229 659 1556 715 abundantia
1607 658 1805 712 cordis.
1861 657 2141 722 Quomodo

566 759 727 828 igitur
753 757 887 812 alios
928 755 1213 825 corrigetis
1238 795 1251 818 ,
1285 766 1335 809 et
1366 752 1590 806 aliorum
1625 759 1842 820 peccata
1877 747 2134 818 pnnietis,

561 851 660 919 ipsi
684 850 899 918 gravius
932 846 1262 918 peccantes?

2252 654 2460 723 κάρφος
2491 650 2550 703 τὸ
2590 653 2646 702 ὲν
2673 649 2752 719 τῷ
2777 648 3040 718 ὀφθαλμῷ
3075 646 3170 700 τοῦ
3208 646 3435 714 ἁδελφοῦ
3472 664 3591 701 σου.
3621 647 3827 716 Ὠσπερ

2249 747 2341 799 καὶ
2373 744 2606 814 ἀλλαχοῦ
2658 743 2826 811 λέγει,
2863 744 2909 794 οἰ
2956 741 3056 811 τὴν
3115 741 3359 809 κάμηλον
3419 740 3826 805 καταπίνοντες,

2249 841 2343 894 καὶ
2373 837 2464 890 τὸν
2487 838 2726 890 κώνωπα
2754 833 3102 898 διῦλίζοντες.
3129 833 3252 897 Πῶς
3281 833 3394 899 οὖν,
3432 833 3621 902 φησὶν,
3655 833 3830 903 ὑμεῖς,

559 940 920 1015 ὦφαρισαῖοι,
949 943 1139 1014 δένδρα
1159 943 1306 1005 ὄντες
1335 939 1543 1010 σαπρὰ,
1603 939 1895 1011 δυνήσεσθε
1961 939 2206 1008 καρποὺς
2245 936 2489 1006 ἀγαθοὺς
2535 935 2926 1007 προενεγκεδς
2971 930 3157 1000 ’Υμῶν
3204 932 3313 1002 γὰρ
3357 931 3450 983 καὶ
3490 932 3518 982 6
3559 930 3716 997 λόγος
3743 948 3827 983 σαι

559 1041 718 1112 πρὸς,
749 1039 823 1104 ὡς
852 1039 946 1094 καί
977 1040 1003 1090 6
1042 1037 1174 1106 βίος,
1209 1037 1271 1088 ὲκ
1303 1035 1411 1106 γὰρ
1438 1035 1530 1088 τοῦ
1567 1036 2004 1105 περισσεύματος
2040 1033 2140 1102 τῆς
2176 1033 2435 1116 ,καρδίας
2485 1032 2695 1099 λέγετε.
2769 1029 2890 1092 Πῶς
2928 1027 3108 1081 τοίνυν
3161 1028 3382 1099 ἑτέρους
3433 1026 3787 1097 διορθώσεσθε
3812 1042 3826 1058 ο

558 1137 651 1189 καὶ
684 1135 886 1202 ἑτέρων
926 1133 1306 1203 ἁμαρτήματα
1343 1132 1625 1196 κολάσετε,
1669 1130 1934 1184 αὑτοὶ-τὰ
1967 1129 2138 1200 μείζω
2173 1130 2622 1200 ἁμαρτάνοντεςς

633 1253 796 1306 Van.
834 1251 1025 1306 [ιϐ-49.
1070 1270 1086 1302 ι
1127 1250 1264 1318 Quid
1292 1259 1471 1305 autem
1507 1252 1712 1304 vocatis
1745 1266 1849 1311 me.
1885 1250 2132 1316 Domine,

556 1343 804 1406 Domine,
849 1354 902 1398 et
953 1357 1057 1396 non
1109 1341 1287 1396 facitis
1334 1356 1455 1410 quze
1491 1341 1659 1395 dico?
1699 1341 1953 1410 Quisquis
1982 1340 2136 1394 venit

559 1437 627 1490 ad
654 1451 756 1499 me,
791 1444 846 1490 et
875 1434 1025 1489 audit
1048 1447 1327 1489 sermones
1363 1447 1531 1496 meos,
1559 1444 1611 1486 et
1644 1431 1772 1487 facit
1803 1447 1916 1496 eos,
1951 1443 2129 1488 osten-

559 1530 681 1583 dam
718 1526 872 1582 vobis
907 1528 994 1580 cui
1023 1524 1217 1580 similis
1243 1525 1333 1578 sit.
1387 1522 1594 1578 Similis
1621 1532 1705 1579 est
1733 1523 1937 1579 homini
1962 1522 2132 1578 aedili—

557 1619 699 1674 canti
736 1619 980 1681 domum,
1011 1617 1101 1686 qui
1142 1615 1278 1672 l‘odit
1312 1616 1362 1670 in
1399 1615 1564 1669 altum
1593 1656 1607 1680 ,
1652 1626 1707 1670 et
1737 1615 1917 1686 posuit
1948 1613 2140 1668 funda-

560 1720 802 1765 mentum
863 1723 1029 1778 super
1082 1716 1316 1778 petram.
1358 1703 1716 1761 lnundatione
1762 1715 1940 1760 autem
1972 1703 2136 1765 facta,

555 1803 752 1858 illisum
808 1811 889 1857 est
942 1800 1138 1856 [lumen
1190 1802 1371 1855 domui
1405 1800 1502 1865 illi,
1561 1810 1614 1854 et
1655 1814 1759 1853 non
1815 1798 1988 1868 potuit
2021 1811 2137 1852 eam

2321 1269 2339 1300 c
2383 1249 2451 1302 Τί
2479 1249 2536 1302 δέ
2566 1267 2634 1319 με
2671 1249 2908 1312 καλεῖτε,
2943 1246 3138 1316 Κύριε,
3174 1245 3371 1316 Κύριε,
3401 1247 3496 1298 καὶ
3524 1245 3586 1297 οὗ
3626 1247 3831 1298 ποιεῖτε

2244 1342 2279 1394 ἃ
2311 1341 2491 1410 λέγως
2525 1342 2640 1404 Πᾶς
2674 1344 2702 1394 6
2729 1340 3023 1412 ἐρχόμενος
3065 1340 3201 1409 πρός
3231 1355 3321 1406 με,
3354 1339 3450 1390 καὶ
3480 1337 3698 1390 ἀκούων
3735 1354 3834 1407 μου

2245 1435 2355 1486 τῶν
2385 1433 2582 1502 λόγων,
2617 1433 2714 1486 καὶ
2758 1432 2927 1485 ποιῶν
2972 1431 3192 1494 αὐτοὺς,
3249 1429 3517 1494 ὑποδείξω
3568 1430 3698 1498 ὑμῖν
3731 1431 3836 1482 τίνι

2247 1525 2398 1578 ἐστὶν
2433 1527 2638 1594 ὅμοιος.
2687 1524 2916 1594 Ὅμοιός
2947 1525 3095 1575 ἐστιν
3134 1521 3409 1591 ἀνθρώπῳ
3457 1519 3837 1590 οἰκοδομοῦντι

2247 1620 2446 1682 οἰκίαν,
2480 1618 2538 1680 ὃς
2579 1617 2782 1686 taxat}:
2817 1617 2910 1670 καὶ
2954 1614 3210 1679 ὲϐάθυνε,
3257 1613 3354 1668 καὶ
3379 1613 3544 1682 ἔθηκε
3585 1612 3836 1682 Θεμέλιον

2246 1714 2340 1764 ἐπὶ
2381 1713 2480 1781 τὴν
2511 1711 2740 1782 πέτραν.
2775 1708 3121 1780 Πλημμύρας
3151 1708 3209 1761 δὲ
3234 1706 3558 1777 γενομένης,
3593 1705 3834 1776 προσέρο

2251 1804 2412 1875 ῥηξεν
2461 1806 2488 1856 ὁ
2532 1804 2777 1873 ποταμὸς
2824 1805 2890 1872 τῇ
2945 1802 3092 1870 οἰκίᾳ
3128 1801 3334 1870 ἐκείνῃ,
3373 1800 3468 1852 καὶ
3515 1798 3619 1851 οὐκ
3647 1799 3836 1866 {quos

556 1901 811 1958 movere,
871 1893 1093 1947 inundata
1151 1893 1294 1946 enim
1357 1901 1474 1946 erat
1533 1905 1694 1960 super
1754 1900 1982 1960 petram.
2039 1889 2119 1954 Qu

2255 1874 2510 1948 σαλεῦσαι
2561 1896 2766 1964 αὑτήν*
2805 1893 3168 1962 τεθεμελίωτο
3199 1893 3304 1962 γὰρ
3348 1892 3442 1944 ὲπί
3471 1892 3571 1960 τὴν
3606 1891 3832 1960 πέτραν.

560 1993 740 2037 autem
770 1981 999 2045 audivit,
1035 1990 1090 2036 et
1117 1996 1219 2035 non
1260 1981 1407 2045 fecit,
1448 1981 1649 2035 similis
1689 1991 1775 2036 est
1814 1981 2018 2036 homini
2048 1982 2140 2050 qui

559 2075 850 2132 aediﬁcavit
879 2073 1096 2128 domum
1131 2088 1282 2128 suam
1315 2087 1478 2143 super
1517 2083 1716 2127 terram
1762 2073 1968 2142 absque
2019 2071 2141 2126 fun-

559 2171 833 2236 damento,
869 2170 920 2223 in
953 2182 1112 2237 quam
1170 2165 1344 2220 illisus
1383 2173 1462 2220 est
1517 2164 1732 2228 novius,
1778 2174 1832 2220 et
1880 2165 2141 2219 continuo

559 2259 774 2324 cecidit,
823 2269 878 2313 et
935 2254 1074 2310 facta
1124 2264 1206 2310 est
1243 2255 1398 2308 ruina
1445 2254 1636 2308 domus
1682 2253 1827 2307 illius
1861 2268 2074 2323 magna.
2117 2273 2136 2305 ι

559 2352 627 2408 Et
675 2353 777 2406 hoc
821 2348 1130 2405 necessario
1163 2347 1318 2401 nobis
1353 2347 1584 2410 dicitur,
1640 2346 1729 2414 qui
1787 2359 1881 2399 ore
1922 2345 2138 2414 quidem

556 2445 829 2501 Christum
863 2442 1188 2497 conﬁtemur
1210 2480 1224 2504 ,
1261 2453 1424 2507 opere
1471 2447 1651 2493 autem
1698 2452 1959 2508 negamus
1987 2438 2051 2490 ⁸⁵.
2081 2435 2138 2490 Si

555 2538 700 2591 enim
741 2534 1000 2589 Dominus
1053 2547 1197 2597 sum,
1256 2530 1471 2600 inquit,
1511 2529 1735 2583 omnino
1768 2537 2010 2583 vestrum
2054 2537 2138 2581 est

559 2629 739 2681 facere
770 2640 831 2680 ea
861 2638 980 2693 quae
1007 2632 1134 2678 sunt
1166 2636 1471 2677 servorum.
1503 2620 1652 2675 Servi
1681 2621 1826 2675 enim
1874 2634 2008 2687 opus
2055 2628 2140 2674 est

565 2730 715 2774 recte
748 2715 929 2772 facere
966 2713 1109 2784 quod
1163 2712 1416 2768 dominus
1463 2712 1712 2780 imperat.
1767 2709 1982 2779 Deinde.
2010 2709 2142 2765 dicit

563 2807 718 2862 nobis
756 2804 885 2875 quid
934 2804 1176 2859 lucretur
1223 2817 1284 2857 se
1316 2801 1576 2868 audiens,
1604 2810 1657 2854 ct
1696 2815 1799 2855 non
1833 2800 2004 2856 solum
2039 2815 2142 2854 au-

563 2898 741 2960 diens,
774 2896 866 2951 sed
892 2905 944 2949 ct
975 2894 1200 2948 faciens.
1229 2890 1435 2946 Similis
1457 2901 1542 2946 est
1567 2891 1710 2944 enim
1739 2891 1942 2945 homini
1974 2891 2139 2944 aedili-

559 2990 730 3051 canti,
769 2987 860 3055 qui
889 2975 1183 3039 atdillcarit
1213 2996 1376 3050 super
1399 2991 1624 3051 petram.
1659 2981 1818 3035 Petra
1853 2980 2016 3050 igitur
2057 2990 2138 3034 est

557 3081 825 3145 Christus,
862 3079 1004 3134 sicut
1046 3074 1342 3146 Apostolus
1393 3083 1621 3128 testatur
1647 3072 1710 3125 ³⁸.
1759 3071 1918 3129 Fodit
1953 3080 2137 3126 autem

556 3175 609 3228 in
665 3171 1012 3243 profundum,
1065 3169 1157 3239 qui
1222 3183 1328 3223 non
1389 3163 1804 3234 snperlicialiter
1856 3177 2137 3218 sermom-s

2257 1985 2315 2038 Ὀ
2347 1987 2401 2038 δὲ
2453 1986 2692 2047 ἀκούσας
2741 1987 2833 2037 καὶ
2890 1983 2964 2054 μὴ
3007 1985 3265 2052 ποιήσας,
3318 1983 3501 2050 ὅμοιός
3556 1983 3710 2035 ἐστιν
3739 1982 3835 2034 ἀν·

2245 2075 2448 2146 θρώπῳ
2483 2075 2903 2144 οἰκοδομήσαντι
2939 2073 3118 2125 οἰκίαν
3148 2074 3240 2124 ἐπὶ
3271 2071 3368 2141 τὴν
3402 2075 3507 2140 γῆν
3536 2072 3712 2140 χωρὶς
3745 2070 3834 2123 Θε-

2248 2168 2432 2232 μελίου
2457 2183 2470 2197 °
2503 2162 2934 2240 προσέρρηξεν
2956 2167 2984 2218 6
3005 2165 3268 2234 ποταμὸς,
3292 2166 3387 2216 καὶ
3407 2164 3612 2226 εὐθέως
3646 2164 3830 2225 ἔπεσε,

2245 2261 2338 2313 καὶ
2368 2261 2588 2326 ἐγένετο
2611 2277 2669 2311 το
2695 2260 2883 2328 ῥῆγμα
2905 2261 3004 2324 τῆς
3025 2257 3203 2318 οἰκίας
3222 2255 3437 2323 exet-vn;
3469 2259 3636 2324 μέγα.
3669 2275 3690 2307 ι
3723 2256 3831 2308 Καὶ

2242 2352 2400 2406 τοῦτο
2424 2353 2727 2419 ἀναγκαῖον
2762 2362 2898 2418 προς
2928 2351 3080 2418 ἡμᾶς
3100 2389 3113 2414 ,
3137 2351 3267 2411 τοὺς
3297 2349 3698 2418 ὁμολογοῦντας
3735 2351 3830 2417 μὲν

2245 2441 2407 2494 αὑτὸν
2439 2444 2553 2504 τοῖς
2607 2441 2812 2508 χείλεσι
2854 2440 3080 2509 Κύριον,
3111 2441 3221 2501 τοῖς
3251 2438 3308 2490 δὲ
3346 2439 3529 2508 ἔργοις
3560 2439 3833 2508 ἀρνουμέ-

2247 2551 2387 2595 νους.
2422 2533 2483 2585 Εἰ
2507 2535 2614 2603 γὰρ
2645 2532 2847 2603 Κύριός
2878 2534 3015 2601 εἰμι,
3035 2532 3190 2601 φησὶ,
3216 2531 3437 2593 πάντως
3468 2532 3616 2600 ὑμᾶς
3644 2531 3752 2584 ἔδει
3773 2535 3831 2582 τι.

2244 2625 2354 2678 τῶν
2373 2624 2578 2678 δούλων
2610 2641 2803 2677 ποιειν.
2837 2623 3050 2676 Δούλων
3079 2623 3135 2675 δὲ
3162 2622 3344 2692 ἔργον,
3369 2623 3428 2674 τὸ
3454 2623 3721 2692 πράττειν
3746 2621 3779 2675 ἃ
3805 2624 3830 2672 ό

2244 2715 2432 2784 κύριος
2473 2713 2770 2766 ἐπιτάττει.
2805 2709 2938 2766 Εἰτσ.
2964 2713 3113 2780 λέγει
3144 2715 3278 2781 ἡμῖν
3307 2712 3359 2764 τί
3393 2711 3672 2780 κερδαίνει
3695 2711 3831 2764 6a»)-

2241 2806 2336 2858 τοῦ
2369 2791 2606 2868 ἁκούων,
2641 2806 2736 2858 καὶ
2764 2805 2838 2874 μὴ
2869 2805 3028 2874 μόνον
3075 2803 3312 2868 ἀκούων,
3352 2802 3491 2857 ἀλλὰ
3521 2805 3616 2856 καὶ
3639 2803 3826 2857 ποιῶν.

2245 2897 2469 2965 Ὅμοιος
2494 2897 2603 2966 γάρ
2625 2897 2772 2948 ἐστιν
2800 2895 3071 2965 ἀνθρώπῳ
3098 2897 3367 2965 οἰκοδόμῳ
3397 2895 3454 2957 ὃς
3477 2896 3827 2965 ᾠκοδόμησεί

2245 2989 2338 3040 ἐπὶ
2384 2987 2482 3058 τὴν
2530 2988 2757 3058 πέτραν.
2821 2989 3002 3058 Πέτρα
3056 2988 3154 3056 μὲν
3202 2983 3296 3040 οὖν
3327 2988 3355 3040 6
3392 2988 3652 3057 Χριστὸς,
3701 2989 3826 3052 ὼςό

2254 3079 2577 3143 ’Δπὸστολος
2629 3082 2922 3150 μαρτυρεῖ.
2971 3081 3218 3134 Σκάπτει
3267 3080 3325 3133 δὲ
3365 3080 3460 3134 καὶ
3497 3080 3744 3150 βαθύνει,
3770 3081 3825 3143 ὃς

2246 3171 2320 3240 μὴ
2353 3173 2684 3234 ἐπιπολαίως
2741 3172 2956 3240 δέχεται
3003 3172 3131 3232 τοὺς
3175 3172 3273 3240 τῆς
3324 3171 3550 3242 Γραφῆς
3617 3172 3823 3239 λόγους,

559 3237 852 3332 Scriptum
883 3237 1097 3331 accipit,
1142 3262 1236 3314 sed
1274 3266 1556 3313 scrutatur
1603 3255 1872 3326 profunda
1921 3255 2132 3308 illarum

2387 3266 2584 3334 ἐρευνᾷ
2625 3266 2690 3316 τὰ
2733 3237 2868 3333 ﬁtilla]
2916 3262 3123 3315 τούτων
3169 3237 3307 3332 μετὰ
3357 3237 3465 3316 τοῦή
3492 3237 3821 3333 πνεύματος.

559 3361 614 3411 in
646 3356 867 3425 spiritu.
899 3351 1046 3407 Talis
1089 3351 1254 3421 igitur
1285 3361 1339 3404 et
1384 3363 1546 3417 supra
1581 3358 1791 3416 petram
1827 3345 2038 3409 fundat,
2081 3356 2135 3400 et

556 3447 752 3503 deinde
799 3445 938 3501 facta
988 3453 1332 3513 tempestate,
1383 3443 1483 3496 hoc
1523 3448 1604 3494 est
1644 3441 2018 3508 persecutione
2053 3439 2135 3491 vel

558 3540 874 3603 tentatione,
908 3535 1287 3593 illiditﬂumen
1338 3534 1520 3588 domui
1571 3531 1668 3596 illi,
1709 3540 1965 3594 tentator,
2017 3530 2132 3584 sive

553 3634 799 3697 daemon,
851 3631 966 3684 sive
1018 3630 1202 3690 homo,
1262 3634 1316 3680 et
1354 3640 1458 3680 non
1493 3627 1635 3678 valet
1687 3637 1902 3676 movere
1961 3621 2127 3676 illam.

555 3722 791 3779 Flumini
832 3735 963 3776 sane
991 3706 1207 3775 tentans
1239 3717 1327 3772 ille
1373 3716 1534 3771 homo
1562 3714 1860 3780 eontertur,
1897 3724 1951 3769 et
1980 3713 2132 3768 valde

555 3813 750 3870 merito
776 3830 791 3881 ;
820 3813 959 3867 sicut
982 3813 1124 3866 enim
1158 3809 1356 3862 ﬂumen
1389 3806 1652 3861 inundare
1684 3805 1814 3861 facit
1843 3822 1981 3876 aqua
2012 3821 2131 3876 qua:

555 3919 790 3974 superne
841 3902 1064 3964 decidit,
1099 3902 1168 3954 ita
1205 3911 1259 3955 et
1306 3906 1600 3954 tentantem
1656 3898 1807 3953 illum
1856 3897 2129 3952 hominem

561 3994 812 4059 Satanas,
853 3993 942 4062 qui
986 4008 1015 4046 c
1038 3990 1288 4062 supernis
1320 3991 1536 4055 cecidit,
1569 4003 1815 4045 crescere
1843 3989 1990 4044 facit.
2027 3988 2130 4043 Do-

555 4101 676 4140 mus
703 4096 882 4140 autent
912 4099 1100 4139 eorum
1133 4082 1224 4153 qui
1254 4097 1357 4136 non
1393 4081 1600 4137 faciunt
1623 4095 1929 4136 sermonem
1958 4079 2132 4136 Domi-

555 4179 606 4232 ni
638 4178 800 4242 cadit,
831 4186 884 4231 et
931 4177 988 4229 lit
1035 4175 1188 4229 ruina
1241 4177 1431 4230 domus
1482 4173 1624 4229 illius
1676 4186 1888 4245 magna.
1939 4174 2128 4244 Magna

554 4272 698 4323 cnim
748 4269 902 4322 ruina
945 4276 1030 4321 est
1061 4281 1249 4320 eorum
1289 4266 1378 4335 qni
1413 4265 1638 4320 audiunt
1667 4276 1719 4318 et
1753 4282 1858 4320 non
1904 4266 2125 4320 faciunt.

553 4361 685 4415 Nam
713 4361 804 4430 qui
856 4375 960 4414 non
1003 4360 1172 4421 audit,
1206 4370 1258 4411 et
1287 4373 1392 4411 non
1422 4357 1585 4424 faciti,
1618 4374 1722 4412 non
1756 4369 1864 4412 tam
1895 4360 2129 4426 graviter

552 4456 716 4518 cadit,
753 4453 840 4524 qui
884 4464 1065 4507 autem
1096 4451 1242 4505 audit
1265 4460 1317 4504 ct
1351 4466 1454 4505 non
1485 4451 1633 4514 facit,
1667 4451 1884 4518 gravius
1917 4459 2124 4518 peccat.

1145 4747 1373 4803 CAPUT
1423 4745 1529 4798 Vll.

709 4870 782 4923 De
815 4866 1134 4922 centurione,
1177 4864 1249 4916 ne
1303 4863 1415 4929 [ilio
1451 4863 1637 4916 vidum.
1675 4858 1746 4912 Ile
1785 4863 1956 4914 missis.

1185 4951 1215 4985 α
1250 4931 1478 4987 Joanne.

627 5051 786 5104 Vsus.
840 5049 987 5104 l-lﬂ.
1024 5048 1189 5120 316
1219 5065 1238 5099 ι
1277 5047 1411 5102 Cum
1467 5056 1647 5102 autem
1692 5056 2123 5103 consummasset

547 5144 733 5198 omnia
766 5144 931 5199 verba
967 5158 1084 5210 ~sua
1134 5141 1386 5198 audiente
1415 5141 1630 5212 populo,
1662 5140 1886 5196 intravit
1918 5139 2122 5213 Caper-

559 5235 1116 5291 naum.Ccntnrionis
1172 5245 1349 5290 autem
1411 5235 1687 5305 cujusdam
1747 5249 1938 5290 servus
1987 5236 2124 5290 male

552 5332 758 5386 habens
797 5328 988 5399 agebat
1017 5327 1288 5390 animam,
1321 5327 1411 5396 qui
1454 5326 1528 5380 illi
1579 5336 1695 5382 erat
1722 5327 1943 5383 eltarus.
1988 5328 2124 5382 Cum

556 5423 793 5477 audisset
824 5429 1000 5475 autem
1033 5421 1099 5473 de
1125 5417 1275 5484 Jcsu,
1312 5419 1459 5472 misit
1487 5419 1551 5473 ad
1583 5433 1704 5473 eum
1737 5421 1985 5474 seniores
2020 5419 2121 5474 Ju-

552 5515 810 5576 daorum,
841 5527 1037 5581 rogans
1065 5526 1187 5567 eum
1218 5522 1276 5564 ut
1302 5511 1512 5565 veniret
1538 5519 1594 5565 et
1625 5521 1869 5566 servaret
1901 5527 2118 5567 servum

553 5623 731 5662 suum.
768 5607 838 5660 At
887 5605 958 5658 illi
1008 5620 1128 5659 cum
1175 5605 1450 5659 venissent
1499 5606 1565 5659 ad
1617 5603 1818 5669 Jesum,
1859 5604 2123 5676 rogabant

553 5716 673 5749 cum
727 5697 984 5761 studiose,
1039 5696 1318 5751 dicentes:
1378 5696 1581 5765 Dignus
1632 5705 1717 5752 est
1767 5706 1824 5751 ttt
1881 5698 1984 5750 hoc
2049 5697 2122 5751 illi

626 5878 667 5909 ει
701 5875 803 5930 in.
842 5895 880 5940 ι,
925 5875 1004 5931 ιο.
1083 5876 1124 5906 ³·
1154 5875 1172 5928 ι
1200 5874 1324 5929 Cor.
1362 5893 1415 5943 χ,
1452 5877 1502 5929 .t.

2250 3355 2311 3408 Ὀ
2336 3355 2573 3420 τοιοῦτος
2605 3355 2697 3408 οὖν
2732 3356 2826 3408 καὶ
2877 3351 2970 3408 ἐπὶ
3008 3356 3106 3424 τὴν
3140 3356 3347 3424 πέτραν
3396 3355 3665 3426 Θεμελιοῖ.
3697 3353 3822 3410 Εἶτα

2240 3445 2578 3516 πλημμύρας
2608 3446 2925 3516 γενομένης,
2964 3445 3206 3515 διωγμοῦ
3242 3447 3460 3519 τυχὸνῆ
3491 3447 3821 3517 πειρασμοῦ,

2238 3540 2540 3607 προσρήσει
2579 3540 2606 3590 6
2632 3538 2874 3608 ποταμὸς
2918 3541 2982 3610 τῇ
3016 3539 3164 3600 οἰκία
3203 3540 3411 3610 ἐκείνῃ,
3455 3541 3484 3593 6
3523 3539 3823 3610 πειραστὴς

2237 3629 2346 3681 εἴτε
2375 3628 2582 3698 δαίμων
2612 3629 2721 3680 εἴτε
2757 3626 3067 3698 ἄνθρωπος,
3098 3627 3192 3680 καὶ
3222 3627 3323 3681 οὐκ
3359 3627 3536 3697 ἰσχύει
3567 3625 3822 3680 σαλεῦσαι

2236 3722 2460 3790 ταύτην.
2505 3720 2741 3789 Ποταμῴ
2781 3720 2827 3773 δ’
2857 3718 2924 3774 ἂν
2957 3720 3332 3791 παραϐληθείη
3362 3721 3390 3774 6
3421 3720 3706 3791 πειράζων
3734 3722 3826 3776 ἇν-

2238 3813 2476 3885 ορωπος,
2510 3816 2601 3866 καὶ
2635 3813 2780 3883 μάλα
2809 3815 3055 3876 εἰκότως·
3087 3813 3275 3882 ὥσπερ
3305 3814 3411 3881 γὰρ
3444 3813 3538 3866 τὸν
3581 3814 3821 3883 ποταμόν

2238 3904 2505 3974 ὴᾶνωϐεν
2555 3906 2828 3958 πίπτουσα
2869 3905 3040 3976 βροχὴ
3090 3906 3448 3975 π>.ημμυρείν
3483 3909 3650 3968 ποιεῖ,
3685 3905 3822 3958 oliuo

2237 3995 2328 4046 καί
2355 3994 2446 4048 τὸν
2491 3995 2794 4064 πειραστὴν
2843 3995 3185 4065 ἄνθρωπονό
3214 3994 3425 4048 ἄνωθεν
3483 3997 3673 4048 πεσὼν
3717 3996 3820 4048 Σα-

2235 4089 2403 4148 τανᾶς
2435 4084 2625 4148 αὔξειν
2661 4089 2822 4140 ποιεί.
2855 4087 2976 4138 Τῶν
3016 4085 3071 4138 δὲ
3109 4085 3184 4156 μὴ
3223 4087 3526 4139 ποιούντων
3569 4088 3698 4149 τοὺς
3729 4087 3818 4139 τοῦ

2236 4179 2439 4247 Κυρίου
2465 4178 2657 4244 λόγους
2687 4181 2719 4248 ὴ
2754 4178 2899 4232 οἰκία
2924 4179 3136 4243 πίπτει,
3171 4179 3261 4229 καὶ
3293 4178 3508 4246 γίνεται
3537 4180 3600 4232 τὸ
3632 4179 3816 4250 ῥῆγμα

2232 4270 2331 4336 τῆς
2359 4268 2536 4328 οἰκίας
2566 4269 2782 4335 ἐκείνης
2830 4268 2994 4336 μέγα.
3026 4267 3255 4334 Μεγάλα
3284 4268 3391 4336 γάρ
3435 4268 3543 4320 εἰσι
3573 4269 3643 4321 τὰ
3678 4265 3821 4320 πτώ-

2236 4378 2370 4431 ματα
2417 4361 2524 4412 τῶν
2552 4360 2858 4413 ἀκουόντων
2890 4360 3010 4429 μὲν,
3052 4361 3128 4430 μὴ
3158 4358 3459 4412 ποιούντων
3493 4359 3572 4413 δέ.
3627 4360 3688 4413 '0
3725 4360 3818 4430 μὲν

2234 4454 2340 4518 γὰρ
2367 4447 2507 4521 μήτε
2532 4451 2768 4513 ἀκούσας
2798 4453 2936 4520 μήτε
2960 4453 3215 4520 ποιήσας,
3239 4451 3588 4522 ἐλαφρότερα
3615 4453 3816 4515 πταίει,

2154 4544 2342 4626 Deae
2405 4544 2643 4603 ἀκούσας
2709 4544 2825 4612 μὲν,
2888 4543 2961 4611 μὴ
3027 4544 3261 4611 ποιήσας
3318 4542 3396 4608 δὲ,
3458 4544 3813 4613 χαλεπώτερα

2235 4638 2558 4705 ἁμαρτάνει.

2848 4751 3075 4804 ΚΕΦΑᾹ
3120 4752 3194 4805 Ζ’.

2230 4869 2367 4936 Περὶ
2403 4866 3010 4945 τιιῖι--ἐνιςιτοίτάρχους
3053 4867 3190 4935 Περὶ
3222 4867 3339 4945 τοῦ.
3389 4869 3651 4945 υίοῦ-τῆς
3703 4872 3810 4940 χή-

2327 4955 2460 5007 ρας.
2497 4939 2632 5004 Περὶ
2669 4937 2786 4990 τῶν
2814 4937 3162 4991 σταλέντων
3191 4939 3353 5007 παρὰ
3397 4939 3707 4995 Ἰωάννου.

2313 5073 2324 5103 ι
2377 5053 2527 5106 Ἐπεὶ
2561 5054 2616 5107 δὲ
2640 5053 2926 5122 ἐπλήρωσε
2971 5054 3149 5106 πάντα
3177 5053 3246 5106 τὰ
3280 5054 3506 5125 ῥήματα
3531 5054 3703 5108 αὐτοῦ
3737 5058 3809 5120 εἰς

2224 5148 2322 5209 τὰς
2355 5145 2522 5210 ἀκοὰς
2539 5145 2632 5200 τοῦ
2650 5145 2802 5210 λαοῦ,
2828 5145 3076 5216 εἰσῆλθεν
3091 5146 3178 5210 εἰς
3203 5135 3611 5218 Κςιπερνσούμ.
3656 5147 3811 5203 Ἐκα-

2223 5240 2518 5309 τοντάρχου
2557 5239 2613 5292 δέ
2659 5256 2803 5302 τινος
2838 5239 3024 5301 δοῦλος
3071 5237 3257 5300 κακῶς
3292 5238 3455 5308 ἔχων,
3493 5241 3694 5310 ἔμελλε
3725 5258 3806 5294 τεο

2224 5331 2416 5402 λεντᾷν
2451 5333 2508 5395 ὃς
2557 5327 2625 5402 ἦν
2656 5331 2807 5402 αὐτῷ
2861 5332 3098 5403 ἔντιμος.
3151 5331 3428 5396 ’Λκοὺσας
3458 5333 3516 5386 δὲ
3555 5335 3688 5406 περὶ
3720 5333 3806 5387 τοῦ

2236 5423 2434 5494 Ἰησοῦ,
2489 5424 2778 5476 ἀπέστειλε
2833 5423 2968 5495 πρὸς
3017 5424 3181 5478 αὐτὸν
3235 5425 3652 5497 πρεσϐυτέρους
3703 5425 3806 5480 τῶν

2235 5516 2524 5582 Ἰουδαίων,
2567 5517 2791 5588 ἐρωτῶν
2836 5517 3001 5572 αὑτὸν
3029 5518 3177 5581 ὅπως
3205 5517 3378 5573 ἐλθὼν
3425 5519 3675 5593 διασώσῃ
3721 5521 3805 5574 τὸν

2220 5609 2405 5662 δοῦλον
2439 5609 2624 5664 αὑτοῦ.
2680 5610 2743 5664 Ol
2777 5609 2855 5675 δὲ,
2912 5611 3353 5683 παραγενόμενοι
3391 5610 3530 5683 πρδς
3579 5613 3673 5667 τὸν
3713 5611 3805 5680 Ἰηο

2223 5700 2366 5763 σοῦν,
2411 5700 2754 5771 παρεκάλουν
2812 5701 2975 5754 αὐτὸν
3029 5701 3362 5767 σπουδαίως,
3419 5701 3676 5770 λέγοντες
3730 5704 3803 5757 ὅτι
