4038 6526
267 444 382 510 789

988 437 1436 502 ENABRATIO
1467 434 1549 498 IN
1588 431 2093 500 EVANGELIUM
2136 435 2372 498 LUC/ﬁ.
2411 461 2483 470 -
2535 434 2694 495 CAP.
2736 431 2869 496 VII.

3465 433 3573 498 790

279 553 643 628 μαρτυρήσας
687 551 816 622 περὶ
850 550 1114 622 Χριστοῦ,
1151 551 1246 604 νῦν
1293 548 1623 612 ἀποστείλας
1663 550 1865 619 ἐρωτᾷ,

1980 547 2303 605 testiﬁcetur
2335 549 2401 604 de
2435 561 2542 613 me,
2597 561 2742 602 nunc
2780 554 2961 601 autem
3021 542 3233 612 ignoret
3284 557 3392 600 me.
3436 543 3572 599 Nam

273 651 326 701 εἰ
357 649 520 710 αὑτός
566 649 715 698 ἐστιν
756 645 784 697 6
817 644 1133 715 ἐρχόμενος,
1168 644 1255 695 διὰ
1302 640 1460 694 τοῦτο
1492 641 1640 708 λέγει
1670 641 1697 693 6
1736 642 1870 712 Χριέ

279 741 407 804 στὺς
439 739 574 809 πρὸς
628 739 752 800 τοὺς
785 736 976 807 ὄχλους
996 779 1007 800 ,
1039 739 1122 791 ὅτι
1153 737 1335 804 Μηδὲν
1379 733 1619 788 τοιοῦτον
1663 734 1869 788 ὑπολά-

280 832 418 898 ϐητε
446 832 574 896 περὶ
613 830 884 883 Ἰωάννου.
911 831 1003 898 Μὴ
1027 828 1135 898 γὲιρ
1168 828 1412 896 κάλαμός
1441 827 1612 889 ἐστιν,
1635 825 1709 888 ὡς
1739 826 1868 879 ποτε

282 924 386 992 μὲν
420 916 543 984 ὦδε,
584 919 714 972 ποτέ
751 920 805 972 δὲ
839 920 955 972 ἐκεῖ
999 918 1296 982 κλίνεσθαι,
1340 918 1435 970 καὶ
1465 917 1562 970 νῦν
1595 920 1693 987 μὲν
1729 935 1872 986 μαρο

275 1017 464 1085 τυρεῖν
497 1014 625 1085 περὶ
677 1011 833 1083 ἐμοῦ,
865 1011 960 1065 νῦν
1014 1011 1069 1064 δὲ
1123 1014 1336 1080 ἀγνοεῖν
1393 1012 1513 1082 ἐμὲ.
1550 1012 1610 1063 El
1663 1011 1770 1080 γὰρ
1803 1005 1871 1081 ἦν

272 1103 541 1170 τοιοῦτος,
568 1105 712 1167 τίνος
743 1103 928 1156 ἕνεκεν
957 1102 1208 1172 ἐξήλθετε
1243 1104 1322 1166 εἰς
1350 1101 1449 1171 τὴν
1486 1101 1694 1171 ἔρημον
1724 1101 1865 1162 τότε,

275 1198 421 1250 ὥστε
454 1196 757 1252 θεάσασθαι
791 1197 992 1262 αὑτόνς
1031 1195 1193 1249 Ἀλλὰ
1227 1196 1436 1266 μήποτε
1470 1195 1574 1247 ὑπὸ
1606 1197 1702 1264 τῆς
1737 1211 1871 1262 τρυ-

276 1293 387 1359 φῆς
418 1291 686 1362 διεφθάρη
714 1291 804 1344 τὸν
831 1291 978 1353 νοῦν,
1018 1272 1156 1342 ἀλλᾶ
1202 1286 1362 1358 στολὴ
1393 1286 1667 1341 δείκνυσιν
1709 1286 1869 1340 αὑτὸν

276 1384 541 1454 ὑπεράνω
590 1385 773 1452 πάσης
817 1381 1052 1452 τρυφῆς.
1085 1383 1147 1434 Et
1188 1382 1297 1451 γὰρ
1331 1381 1564 1450 ἐτρύφα,
1613 1381 1669 1432 ἐν
1711 1379 1867 1448 βασι-

274 1475 442 1538 λείοις
465 1478 532 1529 ἂν
560 1471 647 1554 ἦν,
681 1475 842 1528 Ἀλλά
871 1476 1160 1544 προφήτην
1185 1475 1348 1528 αὑτὸν
1375 1473 1558 1543 ἔχετες
1591 1475 1698 1526 Ναὶ
1726 1474 1870 1541 λέγω

277 1569 436 1636 ὑμῖν,
479 1569 572 1621 καὶ
604 1568 989 1639 περισσότερον
1023 1567 1328 1637 προφήτου.
1364 1568 1426 1620 ΟΞ
1452 1567 1550 1635 μὲν
1585 1568 1693 1636 γὰρ
1719 1568 1870 1622 ἄλλοι

279 1663 548 1726 προεῖπον
579 1661 708 1729 περὶ
743 1660 984 1729 Χριστοῦ
1021 1662 1205 1729 μόνον,
1239 1655 1394 1722 οὗτος
1431 1661 1487 1713 δὲ
1522 1662 1611 1713 καὶ
1645 1661 1750 1714 εἶδε
1777 1664 1871 1716 καὶ

276 1754 473 1818 ἔδειξε,
504 1752 680 1820 λέγων
703 1768 715 1781 ⁸
749 1755 855 1806 Ἴδε
896 1754 922 1804 6
967 1754 1163 1822 Ἀμνὸς
1212 1753 1303 1806 τοῦ
1336 1752 1494 1807 Θεοῦ.
1542 1755 1652 1809 Καὶ
1684 1756 1731 1807 οἱ
1771 1755 1870 1824 μὲν

276 1844 429 1896 ἄλλοι
454 1845 749 1913 προφῆται,
807 1845 951 1912 μετὰ
983 1846 1042 1897 τὸ
1101 1845 1340 1909 ἐξελθεῖν
1391 1847 1455 1898 ἐκ
1505 1846 1607 1914 τῆς
1659 1846 1868 1909 κοιλίας

273 1936 388 1988 τῶν
418 1938 669 2007 μητέρων
717 1939 919 2000 αὐτῶν,
954 1939 1376 2008 προεφήτευσαν
1409 1956 1421 1969 '
1469 1935 1623 2003 οὗτος
1680 1940 1733 1992 δὲ
1780 1940 1872 1993 καὶ

279 2028 386 2098 πρὸ
425 2029 518 2080 τοῦ
567 2029 803 2093 ἐξελθεῖν
830 2032 892 2082 ἐκ
930 2029 1030 2096 τῆς
1072 2032 1305 2100 μήτρας,
1356 2030 1572 2097 ἐπέγνω
1613 2029 1704 2082 τὸν
1755 2031 1869 2083 Κύ-

277 2136 420 2191 ριον,
452 2123 547 2174 καὶ
575 2123 922 2192 ἐσκίρτησεν,
964 2117 1097 2173 Εἶτα
1127 2124 1369 2193 παράγει
1407 2124 1499 2176 καὶ
1536 2125 1628 2176 τὸν
1657 2127 1871 2196 προφή-

273 2229 376 2282 -ςην
410 2214 686 2282 μάρτυρα.
716 2216 852 2284 Φησὶ
881 2215 1010 2284 γὰρ,
1043 2207 1213 2277 Οὗτός
1242 2216 1358 2268 ἐστι
1397 2217 1523 2287 περὶ
1573 2211 1634 2269 οὗ
1667 2217 1870 2285 γέγρα-

273 2321 430 2356 πταιο
452 2306 587 2357 Ἰδοὺ
620 2307 937 2358 ἀποστέλλω
957 2307 1048 2359 τὸν
1065 2307 1296 2376 ἄγγελόν
1321 2325 1443 2378 μου.
1475 2308 1739 2375 Ἀγγελος
1763 2310 1870 2379 γὰρ

270 2400 301 2450 6
346 2398 622 2466 Ἰωάννης.
663 2401 804 2467 τάχα
846 2399 942 2467 μὲν
983 2400 1077 2452 καὶ
1117 2400 1204 2452 διὰ
1239 2400 1299 2452 τὸ
1343 2400 1531 2469 σχεδὸν
1580 2403 1740 2455 ᾶῡλον
1777 2402 1870 2455 τοῦ

275 2490 392 2548 βίου
429 2493 520 2544 καὶ
547 2492 861 2558 ἁγγελικὸν,
898 2493 1041 2562 τάχα
1070 2493 1125 2545 δὲ
1160 2494 1254 2546 καὶ
1289 2492 1377 2545 διὰ
1406 2495 1466 2546 τὸ
1497 2495 1750 2561 ἀγγεῖλαι
1775 2495 1871 2564 τὴν

273 2581 370 2633 τοῦ
401 2582 654 2652 Σωτῆρος
685 2583 1001 2652 ἐπιδημίαν.
1049 2583 1220 2654 Ἀμὴν
1259 2584 1402 2650 λέγω
1438 2584 1588 2652 ὑμῖν,
1617 2587 1716 2639 οὐκ
1742 2587 1872 2657 sm-

269 2690 468 2742 γερται
503 2675 560 2725 ἐν
599 2677 878 2742 γεννητοῖς
902 2676 1184 2742 γυναικῶν
1229 2675 1430 2743 μείζων
1465 2677 1734 2734 Ἰωάννου.
1759 2678 1871 2730 τῶν

273 2767 458 2821 ἄλλων
490 2768 713 2820 πάντων
747 2767 980 2836 ἐξαίρων
1017 2768 1107 2819 τον
1135 2768 1472 2838 Πρόδρομον.
1507 2763 1641 2822 Εἶτα
1668 2771 1870 2823 ὡσανεί

267 2878 418 2922 τινος
443 2860 713 2923 είπόντος,
742 2861 851 2913 Καὶ
891 2858 984 2912 σοῦ
1018 2859 1072 2911 δὲ
1107 2859 1294 2922 αὑτοῦ,
1324 2854 1368 2912 ὧ
1401 2861 1624 2929 Χριστὲ,
1667 2862 1870 2930 μείζων

268 2952 458 3017 ἐστίν;
491 2951 689 3018 ἐπάγει
710 2969 722 2980 ³
768 2952 825 3004 'O
855 2951 910 3002 δὲ
943 2951 1265 3020 μικρότερος
1293 2950 1460 3003 αὐτοῦ
1493 2949 1622 3019 ἐγὼ,
1665 2952 1869 3020 μείζων

267 3043 385 3112 εἰμὶ
405 3045 464 3096 ἐν
493 3047 557 3112 τῇ
584 3042 833 3114 βασιλείᾳ
863 3043 972 3095 τῶν
993 3043 1261 3112 οὐρανῶν.
1286 3042 1602 3112 Νομίζομαι
1633 3043 1732 3113 μὲν
1759 3045 1869 3113 γὰρ

268 3133 369 3185 νῦν
413 3135 738 3204 μικρότερος
781 3135 947 3186 αὑτοῦ
983 3135 1076 3186 καὶ
1126 3134 1269 3186 κατὰ
1303 3135 1585 3202 εὐγένειαν
1628 3137 1719 3187 καὶ
1751 3137 1868 3205 ηλι-

1975 643 2018 696 si
2053 642 2246 697 fuisset
2288 641 2429 704 talis,
2462 641 2616 708 cujus
2645 640 2818 710 gratia
2852 638 3164 694 exivissetis
3204 637 3258 691 in
3289 638 3568 694 desertum

1977 745 2036 790 ut
2069 735 2326 789 videretis
2356 751 2478 789 enni
2503 735 2525 786 ?
2553 733 2659 788 Sed
2689 746 2864 802 neque
2895 731 3139 786 animum
3171 746 3330 785 suum
3362 730 3573 786 deliciis

1975 829 2237 898 corrupit,
2294 829 2461 883 vestis
2508 827 2651 881 enim
2710 827 2828 895 ejus
2882 825 3123 880 declarat
3179 823 3392 878 deliciis
3445 838 3570 877 eum

1975 923 2314 992 superiorem
2349 935 2495 975 esse.
2534 918 2747 972 Etenim
2781 919 2823 972 si
2873 919 3192 972 arrisissent
3243 916 3292 970 ei
3341 914 3568 977 deliciae,

1976 1015 2027 1066 in
2085 1014 2299 1082 palatiis
2335 1013 2576 1066 vixisset.
2642 1012 2711 1063 At
2762 1010 3081 1079 prophetam
3138 1008 3287 1062 illum
3343 1008 3572 1062 dicitis?

1978 1106 2178 1175 Utique
2212 1107 2332 1158 dico
2361 1105 2537 1165 vobis,
2573 1104 2746 1173 major
2776 1113 2858 1156 est
2887 1101 3174 1172 pmpheta.
3218 1100 3357 1174 Nam
3391 1100 3479 1153 alii
3511 1100 3576 1153 de

1974 1196 2193 1252 Christo
2223 1204 2431 1249 tantum
2462 1196 2857 1265 pra-dixerunt,
2891 1195 2978 1248 hic
3015 1192 3182 1248 etiam
3215 1201 3271 1247 et
3300 1193 3474 1257 vidit,
3523 1203 3580 1245 et

1976 1288 2301 1342 nmnstravit
2341 1289 2570 1343 dicens:
2631 1287 2773 1340 Ecce
2819 1288 3004 1356 Agnus
3055 1285 3144 1340 illo
3198 1285 3313 1340 Dei.
3365 1285 3430 1338 Et
3484 1286 3576 1338 al'.i

1977 1381 2194 1450 quidem
2233 1382 2510 1450 propheta:
2560 1380 3012 1449 prophetizarunt
3055 1388 3342 1449 postquam
3372 1377 3578 1445 egressi

1977 1483 2104 1527 sunt
2134 1489 2196 1526 ex
2235 1474 2407 1526 uteris
2438 1483 2672 1526 matrum
2701 1492 2713 1525 :
2754 1473 2841 1527 hic
2870 1481 3052 1528 autem
3081 1482 3373 1540 antequam
3401 1471 3580 1525 exiret

1975 1567 2042 1618 de
2069 1574 2244 1628 utero,
2280 1566 2502 1633 agnovit
2527 1563 2836 1629 Dominum,
2871 1573 2925 1618 et
2949 1562 3269 1617 exsultavit.
3303 1561 3429 1616 Post
3463 1563 3578 1615 hmc

1976 1655 2134 1710 aﬂ‘ert
2167 1667 2222 1708 et
2254 1655 2569 1723 prophetam
2604 1665 2820 1718 testem;
2855 1655 2985 1709 dicit
3018 1654 3163 1708 enim
3204 1673 3217 1707 :
3259 1651 3355 1709 llic
3386 1662 3469 1707 est
3511 1655 3578 1706 de

1975 1765 2082 1820 quo
2112 1749 2375 1818 scriptum
2409 1755 2532 1803 est:
2566 1748 2706 1803 Ecce
2744 1749 2902 1801 mitto
2936 1747 3189 1816 angelum
3225 1761 3426 1800 meum.
3459 1746 3576 1798 An.

1977 1845 2129 1915 gelus
2156 1845 2300 1898 enim
2332 1842 2570 1898 Joannes
2612 1841 2742 1904 fuit,
2796 1841 3048 1896 fortassis
3091 1839 3236 1908 quod
3273 1839 3576 1909 angelicam

1977 1938 2142 1991 vitam
2195 1945 2250 1992 et
2309 1952 2415 1990 non
2470 1934 2771 1997 carnalem,
2829 1933 2923 1988 sed
2982 1931 3324 2002 spiritualem
3382 1931 3576 2001 egerit,

1975 2029 2233 2085 fortassis
2268 2028 2434 2083 etiam
2458 2027 2603 2098 quod
2641 2028 2930 2082 adventum
2957 2025 3255 2079 Salvatoris
3287 2023 3576 2077 nuntiarit.

1974 2125 2148 2178 Amen
2182 2122 2305 2177 dico
2337 2121 2514 2186 vobis,
2567 2137 2672 2175 non
2725 2121 2966 2174 surrexit
3007 2120 3150 2172 inter
3191 2126 3346 2172 natos
3382 2116 3578 2172 mulie-

1977 2230 2098 2268 rum
2133 2214 2307 2283 major
2357 2211 2588 2268 Joanne.
2625 2211 2854 2268 Praeiert
2889 2210 3012 2265 aliis
3043 2209 3297 2265 Omnibus
3329 2209 3581 2264 Praecur-

1979 2322 2180 2363 sorem.
2218 2304 2426 2360 Deinde
2463 2305 2618 2374 quasi
2675 2303 2798 2372 quis
2822 2302 3073 2365 dixisset,
3108 2303 3190 2355 An
3226 2310 3281 2355 et.
3324 2311 3374 2354 te
3408 2300 3581 2369 major

1978 2399 2066 2454 ille
2120 2398 2252 2452 est?
2305 2397 2532 2454 subdit:
2590 2395 2704 2464 Ego
2757 2406 2938 2449 autem
2972 2395 3062 2462 qui
3100 2394 3281 2446 minor
3311 2394 3403 2448 illo
3434 2408 3575 2458 sum,

1977 2491 2152 2560 major
2200 2506 2321 2545 sum
2373 2490 2425 2545 in
2481 2503 2646 2560 regno
2684 2488 2970 2544 cmlorum.
3007 2486 3221 2542 llabeor
3255 2487 3399 2541 enim
3435 2501 3578 2541 nunc

1978 2587 2157 2640 minor
2197 2585 2289 2639 illo
2318 2594 2373 2639 et
2404 2595 2627 2654 propter
2677 2590 2918 2646 aetatem,
2952 2591 3007 2635 et
3041 2591 3261 2650 propter
3292 2595 3486 2651 genus,
3521 2588 3579 2634 et

1976 2689 2196 2748 propter
2223 2677 2476 2746 gloriatn,
2525 2676 2618 2731 sed
2675 2677 2726 2730 in
2777 2690 2944 2745 regno
2977 2675 3241 2729 caelorum
3275 2674 3451 2744 major
3487 2673 3580 2727 illo

1976 2787 2118 2835 sum,
2156 2771 2259 2825 hoe
2289 2779 2394 2834 est,
2430 2770 2484 2824 in
2537 2769 2794 2823 omnibus
2849 2768 3045 2821 divinis
3089 2767 3576 2836 et‘spiritualibus.

1980 2861 2213 2915 Proinde
2246 2860 2426 2915 omnis
2451 2858 2680 2930 populus
2710 2859 2800 2927 qui
2834 2858 3084 2913 audierat
3110 2856 3400 2922 Joannem,
3424 2858 3580 2928 justi-
3641 2903 3663 2919 .

1977 2956 2161 3010 ﬁcavit
2194 2955 2382 3019 Dettm,
2419 2953 2519 3007 hoc
2544 2961 2647 3018 est,
2675 2952 3082 3006 bonoraverunt
3105 2950 3300 3015 Deum,
3331 2966 3398 3006 eo
3428 2950 3575 3020 quod

1976 3047 2294 3117 prophetam
2323 3047 2443 3114 ejus
2480 3044 2580 3113 ipsi
2627 3043 3047 3114 suscepissent:
3084 3041 3346 3097 Pharisaei
3393 3052 3576 3097 autem

1979 3151 2082 3189 non
2134 3135 2540 3191 honoraverunt
2594 3132 2803 3197 Deum,
2871 3146 2976 3186 non
3040 3141 3299 3201 suscepto
3346 3129 3579 3186 Joanne.

267 3224 398 3277 κξαν
426 3227 518 3278 καὶ
569 3225 750 3290 δόξαν,
800 3227 918 3279 ἀλλ’
969 3228 1027 3279 ἐν
1074 3229 1139 3296 τῇ
1180 3226 1429 3296 βασιλείᾳ
1470 3227 1580 3279 τῶν
1626 3228 1867 3298 οὐρανῶν

1977 3227 2206 3292 Quidam
2240 3235 2447 3292 autem,
2477 3224 2620 3278 inter
2650 3223 2790 3278 iilios
2834 3222 3149 3288 mulierum,
3182 3224 3262 3278 sic
3295 3223 3580 3278 intellexe-

271 3315 478 3386 μείζων
510 3317 675 3370 αὑτοῦ
716 3320 853 3386 είμι,
914 3318 1196 3370 τουτέστιν
1241 3319 1298 3370 ὲν
1363 3320 1500 3370 πᾶσι
1553 3321 1665 3382 τοῖς
1702 3320 1866 3383 θείοις

267 3407 365 3460 καὶ
414 3412 828 3477 πνευματικοῖς.
902 3411 1018 3471 Πᾶς
1076 3409 1168 3462 οὖν
1223 3410 1249 3461 6
1282 3410 1409 3473 λαὸς
1475 3411 1716 3474 ἀκούσας
1771 3413 1864 3465 τοῦ

282 3499 557 3566 Ἰωάννου,
601 3501 930 3554 ἐδικαίωσαν
963 3503 1054 3554 τὸν
1086 3503 1240 3564 Θεὸν,
1278 3503 1560 3556 τουτέστιν
1596 3505 1866 3575 ἐτίμησαν

266 3595 361 3646 τὸν
397 3595 554 3654 Θεὸν,
600 3596 682 3648 ὅτι
732 3596 824 3646 τὸν
865 3597 1153 3664 προςεὴτην
1187 3595 1351 3647 αὑτοῦ
1402 3595 1674 3658 ἐδέξαντο.
1718 3598 1780 3649 Ol
1809 3597 1865 3651 δὲ

265 3686 555 3756 Φαρισαῖοι
576 3685 963 3753 ὴτίμασαντον
987 3685 1141 3746 Θεὸν,
1171 3685 1243 3753 μὴ
1267 3684 1551 3752 δεξάμενοι
1587 3685 1860 3752 Ἰωάννην.

267 3777 430 3839 Τινές
456 3775 513 3830 δέ
535 3777 614 3838 τὸ,
650 3778 707 3828 ἐν
741 3779 1021 3845 γεννητοῖς
1072 3775 1372 3841 γυναικῶν,
1399 3774 1573 3838 οὕτως
1609 3775 1862 3844 ἐνόησαν,

265 3869 349 3922 ὅτι
377 3868 556 3931 καλῶς
592 3864 764 3933 εἶπεν,
806 3870 863 3920 ἐν
917 3870 1195 3936 γεννητοῖς
1233 3866 1530 3935 γυναικῶν,
1555 3867 1865 3937 ὑπεξαίρων

268 3960 465 4014 ἑαυτὸν
495 3963 522 4013 6
556 3962 781 4030 Κύριος.
817 3962 988 4021 Αὐτὸς
1018 3961 1126 4030 γὰρ
1167 3961 1443 4031 παρθένου
1481 3957 1548 4030 ἦν
1582 3962 1861 4032 γεννητὸς,

264 4053 389 4121 οὐχὶ
448 4052 727 4118 γυναικὸς,
781 4053 1031 4104 τουτέστι
1078 4054 1478 4122 ’γεγαμημένης
1525 4054 1697 4124 ἀνδρί.
1755 4055 1864 4108 Καὶ

265 4145 350 4207 το,
381 4145 408 4197 6
442 4146 770 4214 μικρότερος
810 4145 866 4196 δὲ
913 4146 969 4196 ἐν
1024 4148 1088 4215 τῇ
1149 4144 1394 4214 βασιλεία
1437 4146 1547 4197 τῶν
1592 4147 1860 4216 οὐρανῶν,

264 4233 444 4295 ἄλλως
495 4235 749 4304 ἐνόησλν,
794 4236 875 4286 ὅτι
907 4236 934 4285 ὁ
969 4235 1294 4304 μικρότερος
1327 4237 1383 4287 ἐν
1413 4236 1490 4304 τῷ
1553 4238 1693 4288 κατὰ
1731 4238 1862 4306 Χρι-

269 4325 397 4377 στὸν
434 4324 553 4395 βίῳ,
591 4326 793 4394 μείζων
827 4327 920 4378 ἐπὶ
950 4327 1044 4378 τοῦ
1088 4330 1145 4380 ἐν
1184 4327 1260 4397 τῷ
1283 4329 1433 4398 νόμῳ
1465 4327 1700 4391 δικαίου,
1752 4325 1863 4382 οἷον

278 4415 541 4486 Ἰωάννης
587 4417 685 4486 μὲν
737 4417 878 4470 κατὰ
926 4419 1026 4487 τὴν
1067 4421 1122 4472 ἐν
1180 4419 1259 4488 τῷ
1303 4419 1456 4490 νόμῳ
1514 4420 1862 4491 δικαιοσύνην

263 4507 581 4578 ἄμεμπτος.
635 4508 703 4562 Εἴ
737 4527 822 4572 τις
893 4510 950 4563 δὲ
1004 4511 1203 4581 εὑρεθῇ
1252 4511 1689 4582 βεϐαπτισμένος
1737 4514 1858 4584 μὲν,

1981 3328 2131 3382 runt,
2161 3318 2304 3388 quod
2335 3319 2474 3372 bene
2509 3317 2728 3380 dixerit,
2768 3319 2910 3372 inter
2953 3315 3091 3371 filios
3129 3317 3420 3372 mulierum
3451 3336 3462 3372 :
3501 3320 3577 3374 ita

1977 3410 2118 3464 enim
2152 3408 2368 3475 excepit
2419 3408 2656 3478 seipsum
2704 3407 2989 3472 Dominus,
3025 3410 3470 3479 quandoquidcttt
3515 3409 3581 3463 de

1979 3503 2187 3572 virgine
2226 3502 2391 3556 fuerit
2426 3511 2608 3567 natus,
2638 3516 2743 3556 non
2779 3503 2844 3556 de
2879 3502 3104 3556 muliere
3129 3502 3301 3555 virum
3329 3512 3579 3572 experta.

1980 3594 2046 3647 Et
2078 3595 2220 3662 quod
2251 3594 2404 3661 dicit,
2446 3594 2631 3650 minor
2661 3596 2712 3648 in
2746 3609 2912 3664 regno
2946 3595 3238 3660 caelorum,
3284 3594 3442 3650 aliter
3496 3595 3579 3648 in-

1979 3687 2328 3740 tellexerunt.
2383 3687 2560 3742 lllinor
2599 3687 2650 3741 in
2706 3689 2815 3742 vita
2866 3687 3215 3754 Christiana,
3274 3688 3446 3756 major
3498 3698 3583 3744 est

1975 3778 2124 3848 justo
2148 3779 2303 3845 juxta
2338 3779 2533 3850 legem,
2573 3788 2630 3836 ut
2657 3779 2899 3836 Joannes
2947 3780 3103 3850 juxta
3138 3781 3411 3851 justitiam
3443 3781 3580 3852 legis

1978 3883 2099 3926 erat
2158 3872 2676 3940 irreprebensibilis.
2742 3873 2798 3928 Si
2860 3875 2983 3943 quis
3044 3884 3228 3929 autem
3269 3875 3580 3930 inveniatur

1977 3963 2288 4034 baptizatus
2339 3963 2559 4034 quidem
2589 4005 2602 4028 ,
2659 3965 2919 4018 nondum’
2955 3977 3137 4029 autem
3171 3965 3340 4037 320
3375 3965 3576 4019 malum

1977 4057 2248 4125 quoddam
2285 4057 2367 4110 vel
2415 4059 2616 4111 homini
2653 4067 2912 4126 Oper-atus
2951 4058 3133 4124 fuerit,
3179 4061 3267 4114 hic
3319 4062 3580 4116 minimus

1975 4161 2057 4203 est
2099 4149 2150 4202 in
2211 4164 2378 4218 regno
2439 4149 2726 4215 caelorum,
2772 4151 2872 4205 hoc
2920 4160 3023 4216 est,
3083 4152 3135 4206 in
3189 4155 3580 4221 prmdicatiouc

1976 4238 2205 4305 Christi,
2238 4249 2481 4292 attamen
2521 4241 2693 4306 major
2725 4251 2812 4294 est
2842 4257 2947 4294 non
2991 4241 3289 4310 baptizato,
3329 4245 3583 4313 quamvis

1977 4330 2066 4384 ille
2101 4332 2154 4383 in
2181 4328 2299 4398 lege
2320 4330 2500 4398 justus
2524 4329 2706 4383 fuerit.
2734 4329 2826 4384 Vel
2852 4330 3050 4386 aliter:
3080 4332 3168 4387 Sis
3197 4332 3324 4389 licet
3351 4334 3577 4391 minimc

1975 4421 2234 4485 carnalis,
2273 4421 2368 4475 sed
2393 4420 2567 4476 ferme
2602 4420 2928 4478 utJoannes
2952 4425 3293 4492 Spiritua‘lis:
3329 4437 3575 4483 attamen

1974 4514 2419 4585 quandoquidem
2453 4515 2632 4570 adhuc
2675 4517 2725 4571 in
2761 4531 2926 4574 carne
2957 4534 3051 4585 es,
3091 4529 3377 4590 propterea
3413 4521 3578 4576 mini-

267 4600 441 4670 μήπω
493 4600 549 4653 δέ
593 4618 645 4653 τι
699 4601 870 4654 κακον
927 4603 958 4671 ἦ
1019 4602 1224 4669 ἀγαθον
1262 4605 1662 4674 ἐργασάμενος,
1705 4599 1861 4670 οὗτος

1977 4621 2093 4661 mus
2139 4607 2191 4660 in
2241 4607 2666 4673 resurrectione,
2699 4625 2861 4678 quam
2894 4627 3118 4680 regnum
3157 4613 3421 4667 caelorum
3457 4629 3582 4670 esse

265 4694 551 4764 ἐλάχιστος
577 4693 650 4747 ὣν
673 4697 729 4746 ἐν
752 4698 816 4765 τῇ
845 4696 1096 4766 βασιλεῖα
1144 4695 1252 4749 τῶν
1283 4698 1552 4768 οὐρανῶν,
1582 4698 1862 4753 τουτέστιν

263 4783 325 4837 ἐν
362 4784 440 4854 τῷ
474 4785 617 4838 κατὰ
663 4786 902 4855 Χριστὸν
946 4789 1289 4857 κηρύγματι,
1330 4789 1479 4857 ὅμως
1513 4789 1716 4857 μείζων
1748 4790 1864 4842 ἐστὶ

263 4874 363 4928 τοῦ
400 4876 764 4941 ἀϐαπτίστου,
820 4879 878 4928 ἐν
916 4879 1066 4947 νόμῳ
1102 4879 1158 4930 δὲ
1215 4879 1449 4932 δικαίου.
1486 4879 1593 4931 Καὶ
1653 4879 1858 4942 ἄλλως·

262 4969 351 5022 δτι
379 4970 427 5021 εἰ
461 4969 556 5023 καὶ
591 4971 833 5040 ἄσαρκος
872 4971 1069 5040 μικροῦ
1097 4974 1122 5022 6
1160 4973 1434 5041 Ἰωάννης,
1462 4974 1552 5024 καὶ
1575 4972 1736 5036 ἆῦλος
1771 4971 1863 5027 οὖν

1977 4699 2128 4766 dicit,
2190 4699 2362 4768 major
2409 4709 2459 4754 te
2515 4711 2622 4755 est.
2679 4701 2832 4757 Tunc
2876 4706 3021 4758 enim
3063 4705 3130 4760 ab
3167 4704 3580 4773 incorruptione

1975 4795 2122 4848 omni
2157 4793 2336 4861 liberi,
2368 4810 2474 4849 non
2523 4796 2664 4850 ultra
2695 4795 2848 4866 juxta
2895 4812 3116 4853 carnem
3150 4798 3574 4856 ambulabimus.

1979 4884 2043 4937 Et
2073 4884 2164 4954 qui
2202 4895 2330 4939 tunc
2365 4900 2585 4953 parvus,
2625 4888 2802 4958 major
2841 4897 2926 4944 est
2958 4906 3023 4946 eo
3056 4891 3150 4960 qui
3187 4907 3333 4947 nunc
3357 4892 3574 4962 quidem

1976 4986 2056 5028 cst
2092 4976 2298 5050 justus,
2331 4977 2425 5030 sed
2468 4993 2690 5032 carnem
2727 4979 2904 5036 adhuc
2938 4991 3137 5051 gestat.

265 5067 434 5119 ἔτιέν
467 5065 654 5136 σαρκί.
691 5068 802 5122 Καὶ
832 5067 918 5118 διὰ
951 5067 1107 5120 τοῦτο
1139 5070 1166 5122 6
1200 5069 1486 5137 ἐλάχιστος
1559 5070 1615 5121 ὲν
1670 5075 1733 5141 τῇ
1803 5072 2123 5135 ἀμαστάσει,
2171 5076 2236 5143 ἦν
2307 5075 2587 5143 βασιλείαν
2641 5075 2889 5143 οὐρανῶν
2962 5071 3104 5129 εἷναί
3156 5092 3311 5146 φησι,
3370 5075 3578 5144 μείζων

266 5156 440 5213 αὐτοῦ
479 5159 614 5211 ἐστι.
647 5159 780 5212 Τότε
819 5161 929 5230 γὰρ
966 5160 1184 5223 τελείως
1220 5161 1702 5231 ἀφθαρτισθέντες,
1727 5166 1826 5218 οὐκ
1855 5167 1936 5219 ἔτι
1976 5167 2118 5219 κατᾶ
2148 5169 2326 5237 σάρκα
2365 5171 2840 5240 περιπατήσομεν.
2872 5169 2980 5221 Καὶ
3009 5171 3036 5221 ὁ
3066 5170 3186 5222 τότε
3220 5170 3417 5240 μικρὸς
3450 5172 3576 5241 μεί-

265 5256 378 5318 ζων
421 5257 538 5307 ἐστὶ
580 5255 674 5307 τοῦ
713 5256 806 5308 νῦν
845 5256 1058 5308 δικαίου
1103 5256 1222 5326 μὲν,
1258 5256 1399 5327 πλὴν
1439 5260 1520 5312 ἔτι
1561 5259 1739 5330 σάρκα
1772 5260 2088 5331 φοροῦντος.

352 5386 370 5418 ‹
404 5360 542 5419 Eius
595 5368 653 5422 δέ
685 5371 710 5422 6
746 5369 977 5440 Κύριος·
1015 5370 1138 5423 Τίνι
1191 5366 1284 5424 οὖν
1326 5372 1580 5442 ὁμοιώσω
1608 5377 1733 5438 τοὺς
1778 5378 1872 5428 ἁν-

271 5457 531 5527 θρὼπους
565 5461 664 5530 τῆς
695 5464 888 5528 γενεᾶς
921 5462 1126 5534 ταύτης
1153 5480 1168 5530 ;
1205 5465 1296 5517 καὶ
1330 5465 1436 5517 τίνι
1487 5469 1624 5520 εἰσιν
1657 5470 1870 5537 ὅμοιοι;

272 5551 494 5620 Ὀμοιοι
521 5553 629 5604 είσι
659 5553 893 5616 παιδίοις
925 5558 1038 5619 τοῖς
1075 5556 1133 5607 ἐν
1176 5558 1352 5628 ἀγορᾷ
1389 5560 1744 5630 καθημένοις,
1780 5564 1873 5615 καὶ

272 5642 694 5714 προσφωνοῦσιν
751 5644 1003 5715 ἀλλήλοις
1053 5647 1145 5701 καὶ
1194 5647 1484 5717 λέγουσιν·
1536 5652 1866 5723 Ηύλήσαμεν

270 5735 427 5805 ὑμῖν,
463 5736 557 5787 καὶ
597 5735 699 5788 οὐκ
731 5735 1081 5806 ὠρχήσασθε.
1133 5740 1551 5812 Ἐθρηνήσαμεν
1602 5743 1752 5813 ὑμῖν,
1779 5746 1878 5797 καὶ·

269 5824 374 5878 σύκ
407 5825 739 5881 ἐκλαύσατε.
790 5829 1047 5900 Ἐλήλυθε
1077 5831 1187 5902 γὰρ
1225 5832 1479 5902 Ἰωάννη,
1504 5836 1532 5886 6
1561 5836 1873 5904 Βαπτιστὴς

271 5917 412 5988 μήτε
443 5919 613 5990 ἄρτον
648 5920 865 5987 ἐσθίων,
911 5926 1047 5994 μήτε
1086 5923 1226 5980 οἶνον
1269 5925 1460 5989 πίνων,
1500 5927 1591 5978 καὶ
1643 5927 1863 5994 λέγετε·

2042 5378 2206 5432 Vens.
2240 5379 2435 5435 50-55.
2468 5399 2486 5433 ι
2525 5381 2617 5435 Ait
2655 5391 2832 5436 autem
2870 5382 3172 5436 Dominus:
3208 5382 3310 5436 Cui
3336 5399 3466 5453 ergo
3501 5385 3572 5438 si-

1971 5468 2124 5524 tnilcs
2148 5472 2324 5525 dicam
2351 5472 2596 5527 homines
2617 5472 2985 5543 generationis
3009 5473 3208 5536 huius?
3233 5486 3287 5528 et
3303 5477 3388 5531 cui
3419 5477 3572 5530 simi-

1972 5563 2050 5617 les
2093 5565 2260 5616 sunt?
2292 5562 2511 5620 Similes
2547 5576 2675 5620 sunt
2706 5567 2892 5634 pueris
2921 5567 3240 5622 sedentibus
3263 5568 3315 5621 in
3345 5567 3484 5634 fore,
3517 5578 3572 5621 ct

1972 5659 2402 5714 acclamantibus
2447 5661 2587 5713 inter
2621 5677 2702 5722 se,
2747 5675 2808 5714 ac
2836 5661 3139 5716 dicentibus
3173 5680 3187 5718 ;
3215 5660 3571 5716 Cantavituus

1976 5747 2128 5802 vobis
2160 5749 2331 5814 tibiis,
2363 5759 2418 5803 et
2444 5765 2549 5803 non
2582 5750 2846 5815 saltastis,
2889 5752 3190 5807 cecinimus
3233 5754 3387 5808 vobis
3413 5754 3571 5823 lugu-

1976 5839 2116 5906 bria,
2152 5850 2205 5893 ct
2239 5858 2344 5894 nun
2381 5841 2652 5909 plurastis.
2691 5840 2847 5895 Venit
2880 5841 3025 5896 enim
3061 5839 3298 5897 Joannes
3330 5843 3570 5911 Btptista

1975 5946 2148 5998 neque
2181 5931 2344 5986 edens
2388 5947 2606 5999 panem,
2644 5949 2816 6001 lit‘lt'l‘.‘
2852 5934 3040 5990 bil'ens
3079 5934 3284 5992 vinum.
3339 5945 3392 5988 ct
3432 5934 3566 5988 diri-
