4038 6554
205 433 307 498 797

881 436 1325 498 ENARRA'I‘IC
1368 434 1448 497 ΙΝ
1507 432 2011 495 EVANGELIUM
2053 436 2288 498 LUC:E.
2325 463 2392 472 —
2432 438 2594 499 CAP.
2638 435 2803 502 VIII.

3385 431 3493 496 798

207 550 274 604 ’Δ
307 547 421 618 γὰρ
449 547 549 602 οὐκ
582 541 742 613 εἶδον,
782 548 897 611 πῶς
929 546 998 602 ἂν
1029 547 1335 619 ὲκήρυξανς
1370 547 1469 601 Διὰ
1509 547 1667 602 τοῦτο
1695 547 1787 600 καὶ

1907 563 2000 613 quo
2030 559 2190 618 pacto
2244 548 2674 618 prmdicasscnt?
2731 546 3029 614 Propterea
3061 553 3121 598 et
3175 542 3493 597 Prmcursor

201 642 230 693 6
265 641 578 712 Πρόδρομος
602 640 810 708 ἔλεγενο
829 640 887 694 '0
907 639 982 694 ὣν
1015 640 1080 694 ἐκ
1098 642 1196 710 τῆς
1213 641 1337 710 γῆς,
1357 642 1418 692 ἐκ
1442 643 1541 711 τῆς
1562 639 1667 708 γῆς
1687 637 1785 690 λαο

203 737 304 790 λεῖ.
328 737 383 788 '0
399 735 454 788 δὲ
472 735 680 790 ἄνωθεν
702 735 1018 806 ἐρχόμενος,
1038 734 1065 787 ὃ
1085 733 1300 802 ἑώρακε
1320 736 1612 804 μαρτυρεῖ.
1630 733 1788 786 Ἠκο-

202 827 428 880 λοῦθουν
444 827 501 880 δὲ
524 826 673 898 αὐτῷ
696 827 790 879 καὶ
825 828 1103 893 γυναῖκες,
1135 826 1224 879 ῐνα
1255 825 1517 895 μάθωμεν
1562 824 1636 887 ώς
1666 823 1787 877 οὐδὲ

201 919 260 972 τ’)
277 917 411 988 θῆλυ
426 918 695 971 κωλύεται
711 919 814 971 ὑπὸ
830 917 930 987 τῆς
942 917 1224 981 ἀσθενείας
1241 917 1553 972 ἀκολουθεῖν
1570 917 1644 987 τῷ
1660 918 1788 986 X9:-

202 1006 332 1076 στῷ.
353 1009 497 1078 Ὀρα
513 1008 566 1061 δὲ
588 1007 702 1070 πῶς
724 1009 817 1060 καὶ
835 1008 1088 1061 πλούσιαι
1109 1005 1265 1061 οὖσαι
1282 1009 1430 1076 ὅμως
1452 1009 1630 1062 πάντα
1653 1024 1789 1077 παρα

201 1101 368 1166 εἶδον,
398 1102 492 1154 καὶ
519 1102 616 1172 τὴν
665 1100 756 1154 διὰ
795 1100 1030 1170 Χριστὸν
1057 1103 1154 1155 καὶ
1196 1101 1334 1171 μετὰ
1376 1101 1614 1170 Χριστοῦ
1649 1117 1789 1152 πτω-

200 1190 355 1260 χείαν
387 1192 613 1245 εἴλοντο.
657 1193 777 1246 Ὅτι
810 1193 918 1262 γὰρ
949 1191 1199 1244 πλούσιαι
1233 1187 1395 1260 ἦσαν,
1426 1192 1616 1244 ἄκονεο
1659 1190 1787 1242 Ὅτι

197 1281 488 1348 διηκόνουν
531 1282 609 1352 τῷ
654 1281 844 1352 Κυρίῳ
893 1282 998 1335 ἀπὸ
1046 1281 1154 1334 τῶν
1201 1281 1559 1351 ὑπαρχόντων
1597 1281 1788 1344 αὑταῖς

200 1375 296 1426 καὶ
335 1375 435 1427 οὐκ
462 1374 569 1426 ἀπὸ
594 1374 760 1438 Ξένων
785 1377 1086 1444 χρημάτων
1112 1375 1206 1426 καὶ
1231 1371 1456 1426 ἀδικιῶν
1477 1373 1551 1435 ώς
1579 1373 1785 1426 πολλοί.

199 1465 276 1517 T6
301 1465 380 1527 δὲ,
403 1464 498 1534 ἀφ’
519 1458 586 1534 ἦς
617 1464 926 1534 ἐξεληλύθει
951 1463 1204 1531 δαιμόνια
1235 1463 1394 1528 ἑπτὰ,
1426 1463 1573 1526 τινὲς
1603 1463 1701 1534 μὲν
1729 1465 1790 1516 τδ

200 1558 375 1610 πολλὰ
415 1555 616 1609 νοοῦσι.
673 1556 832 1626 Παρᾶ
883 1557 947 1625 τῇ
983 1555 1172 1625 Γραφῇ
1209 1557 1316 1624 γὰρ
1361 1557 1419 1608 τὸ
1451 1555 1615 1618 ἑπτὰ,
1667 1557 1789 1608 ἀντὶ

197 1648 297 1703 τοῦ
331 1647 522 1711 πολλὰ,
559 1648 990 1718 ἐκλαμϐανεται.
1033 1649 1186 1718 Τάχα
1213 1649 1268 1700 δέ
1296 1665 1378 1710 τις
1403 1649 1547 1700 εἴποι
1583 1645 1671 1710 ἂν,
1708 1648 1788 1700 ὅτι

197 1738 392 1807 ὥσπερ
422 1738 559 1792 εἰσὶν
586 1739 728 1793 ἑπτα
761 1739 1050 1808 πνεύματα
1078 1742 1178 1810 τῆς
1203 1739 1423 1809 ἀρετῆς,
1449 1738 1623 1800 οὕτως
1653 1741 1792 1790 είσῖν

198 1835 268 1888 ὲκ
295 1832 390 1885 τοῦ
441 1833 685 1885 ἐναντίου
733 1834 872 1885 ἑπτὰ
913 1831 1202 1901 πνεύματα
1246 1830 1347 1900 τῆς
1391 1833 1614 1894 κακίας.
1663 1824 1791 1885 Οἷόν

198 1927 320 1980 ἐστι
375 1925 595 1994 πνεῦμα
654 1923 821 1991 φόϐου
871 1924 1029 1984 Θεοῦ.
1080 1925 1230 1978 ἐστιν
1280 1927 1343 1978 ἐκ
1399 1923 1494 1977 τοῦ
1550 1925 1792 1978 ἐναντίου

200 2016 427 2086 πνεῦμα
462 2015 695 2084 ἀφοϐίας
725 2017 883 2077 Θεοῦ,
919 2019 1034 2070 ἔστι
1070 2017 1290 2086 πνεῦμα
1321 2017 1615 2080 συνέσεως,
1645 2017 1793 2070 ἔστιν

203 2109 586 2179 ἀντιστρόφως
636 2108 857 2176 πνεῦμα
908 2109 1243 2174 όσυνεσίας,
1278 2111 1372 2162 καὶ
1417 2110 1676 2178 καθεξῆς.
1731 2107 1793 2161 Et

202 2203 281 2273 μὴ
328 2202 461 2269 γοῦν
488 2201 782 2272 ἐκϐληθείη
836 2202 904 2266 τὰ
951 2202 1092 2259 ἑπτα
1144 2203 1319 2256 ταῦτα
1372 2202 1662 2270 πνεύματα
1695 2204 1795 2270 τῆς

202 2293 402 2357 κακίας
447 2294 556 2347 ἀπὸ
588 2293 688 2362 τῆς
733 2294 934 2364 ψυχῆς,
983 2297 1044 2348 οὐ
1078 2295 1302 2348 δύναταί
1337 2312 1423 2357 τις
1475 2293 1794 2348 ἀκολουθεῖν

198 2386 281 2458 τῷ
315 2384 558 2456 Χριστῷ.
585 2388 676 2438 Δεῖ
718 2386 827 2456 γὰρ
863 2386 1117 2439 ἐκϐαλεῖν
1149 2385 1366 2453 πρῶτον
1400 2384 1490 2438 τὸν
1527 2386 1792 2448 Σατανᾶν,

202 2479 302 2534 καὶ
333 2477 504 2540 οὓτως
533 2477 798 2530 ὲνοικίσαι
837 2476 928 2528 τὸν
963 2477 1220 2545 Χριστόν.

286 2588 306 2622 ι
343 2570 624 2632 Συνιόντος
656 2569 712 2622 δὲ
739 2568 896 2638 ὄχλου
933 2569 1153 2630 πολλοῦ,
1189 2571 1284 2622 καὶ
1319 2569 1428 2623 τῶν
1463 2569 1604 2623 κατὰ
1638 2569 1796 2622 πόλιν

200 2662 685 2732 ἐπιπορευομένων
730 2663 869 2731 πρὸς
925 2661 1110 2722 αὑτὸν,
1159 2657 1277 2713 εἶπε
1304 2661 1392 2715 διὰ
1452 2660 1792 2731 παραϐολῆς·

214 2754 475 2824 Ἐξῆλθεν
516 2757 543 2808 6
575 2756 816 2825 σπείρων
850 2753 945 2807 τοῦ
980 2758 1202 2824 σπεῖραι
1233 2755 1324 2807 τὸν
1359 2756 1562 2825 σπόρον
1604 2754 1792 2808 αὑτοῦ.

202 2846 322 2901 Καὶ
352 2848 411 2899 ὲν
455 2846 535 2918 τῷ
585 2848 831 2916 σπείρειν
883 2847 1067 2907 αὑτὸν,
1102 2846 1129 2899 ὃ
1179 2847 1275 2916 μὲν
1316 2846 1480 2899 ἔπεσε
1513 2846 1665 2914 παρὰ
1697 2846 1796 2915 τὴν

199 2939 348 3000 666v,
387 2941 479 2992 καὶ
514 2937 890 3008 κατεπατήθη,
946 2940 1042 2991 καὶ
1075 2939 1142 2991 τὰ
1181 2939 1402 2992 πετεινὰ
1438 2939 1531 2992 τοῦ
1563 2938 1795 3007 οὐρανοῦ

201 3034 523 3102 κατέφαγεν
550 3033 710 3086 circa"
742 3034 834 3085 καὶ
863 3033 1050 3101 ἕτερον
1082 3033 1279 3086 ἔπεσεν
1302 3034 1396 3086 ἐπὶ
1425 3033 1523 3104 τὴν
1562 3033 1794 3103 πέτραν,

202 3128 301 3180 καί
358 3126 491 3194 φυὲν
541 3124 813 3195 ἐξηράνθη
871 3125 961 3177 διὰ
1017 3126 1077 3177 τὸ
1134 3127 1210 3194 μὴ
1256 3125 1400 3194 ἔχειν
1438 3125 1660 3194 ἰκμάδα·
1703 3127 1798 3178 καὶ

1892 641 2103 696 dicebat
2140 659 2153 695 :
2189 639 2290 706 Qui
2320 642 2386 694 de
2413 651 2556 694 terra
2595 649 2699 702 est,
2726 641 2794 694 de
2825 650 2968 692 terra
3020 636 3262 705 loquitur
3298 651 3313 691 :
3349 633 3439 702 qui
3464 648 3496 688 ο

1891 737 2142 804 Sttpernis
2194 735 2360 797 venit,
2405 735 2548 799 «tuod
2582 735 2716 786 vidit
2785 741 3036 786 tesuitttr.
3065 728 3275 783 Secuta:
3310 738 3494 780 autem

1890 837 2016 880 sunt
2069 843 2192 880 eum
2229 827 2503 891 mulieres,
2540 835 2597 878 ut
2631 826 2810 880 discas
2845 821 2986 890 quod
3050 835 3223 884 neque
3265 817 3498 873 feminas

1890 934 1987 974 sua
2024 918 2364 972 infirmitasa
2417 917 2674 972 comitatu
2736 913 2940 970 Clnisri
2998 911 3312 982 prohibeat.
3357 907 3496 962 Vide

1891 1013 2017 1066 item
2054 1014 2324 1080 quomodo
2351 1017 2405 1064 et
2439 1024 2561 1078 qua:
2590 1008 2787 1061 divites
2841 1013 3023 1068 erant,
3079 1002 3333 1057 omnibus
3393 1015 3487 1055 ne-

1890 1105 2081 1175 glectis
2104 1112 2479 1173 paupertatem
2549 1117 2673 1156 cum
2729 1099 2952 1154 Christo
3011 1105 3063 1151 et
3115 1109 3214 1164 pro
3268 1092 3494 1147 Christo

1892 1197 2212 1266 delegerint.
2286 1193 2422 1248 Nam
2463 1194 2606 1263 quod
2655 1193 2850 1247 divites
2904 1188 3128 1252 fuerint,
3175 1187 3323 1250 audi,
3357 1183 3494 1251 Quia

1891 1289 2274 1343 ministrarum
2327 1286 2560 1340 Domino
2615 1283 2683 1339 de
2713 1282 3063 1338 facultatibus
3092 1280 3228 1340 suis,
3284 1292 3388 1330 non
3432 1276 3499 1329 de

1893 1379 2087 1434 alienis
2113 1379 2306 1448 Opibus
2336 1386 2390 1431 et
2434 1376 2632 1444 injuste
2660 1373 2947 1445 partis,uti
2982 1372 3135 1426 multi
3157 1369 3352 1424 solent.
3379 1364 3500 1420 Jam

1892 1487 1988 1540 per
2021 1480 2230 1540 septem
2264 1468 2553 1532 daemonia,
2588 1482 2709 1536 quae
2761 1465 2828 1520 de
2882 1464 2973 1517 illa
3021 1463 3192 1532 ejecta
3253 1459 3495 1519 fuerunt,

1892 1553 2752 1632 quidamintelliguntmttlta.ln
2830 1555 3136 1622 Scripturis
3195 1553 3338 1604 enim
3397 1565 3497 1620 pro

1896 1653 2080 1707 tnultis
2101 1663 2306 1721 septem
2334 1650 2510 1720 accipi
2551 1649 2715 1704 solet.
2751 1646 3022 1702 Fortassis
3054 1655 3236 1697 autem
3296 1641 3497 1695 dixerit

1895 1743 2039 1813 quis,
2072 1745 2214 1812 quod
2244 1741 2388 1795 sicut
2419 1748 2544 1794 sunt
2585 1749 2791 1808 septem
2851 1737 3077 1806 spitilus
3129 1731 3366 1795 virtutis,
3425 1731 3499 1785 ita

1897 1846 2026 1893 sunt
2053 1853 2084 1892 e
2109 1836 2327 1890 diverso
2359 1847 2568 1903 septem
2595 1832 2820 1901 spiritus
2859 1830 3122 1892 malitiaz;
3159 1839 3216 1881 ut
3248 1827 3391 1882 sicut
3418 1834 3504 1878 est

1898 1932 2120 2000 spiritus
2149 1931 2364 1984 timoris
2388 1928 2506 1991 Dei,
2539 1927 2610 1980 ita
2650 1935 2705 1978 et
2731 1940 2761 1979 e
2812 1922 3032 1977 diverso
3087 1922 3314 1989 Spiritus
3365 1932 3502 1971 cou-

1899 2032 2138 2094 tempttts
2168 2021 2260 2076 Dei
2290 2031 2344 2074 et
2376 2019 2694 2087 impietatis.
2740 2014 2837 2070 Est
2886 2014 3114 2084 Spiritus
3161 2011 3496 2074 intellectus,

1897 2129 1978 2172 est
2012 2132 2041 2170 e
2072 2116 2286 2170 diverso
2311 2113 2536 2182 spiritus
2571 2109 2919 2167 hebetudinis
2979 2106 3254 2162 intellectu
3307 2118 3506 2158 caren-

1900 2210 1987 2277 tis,
2014 2218 2066 2263 et
2102 2209 2179 2263 sic
2207 2207 2274 2261 de
2303 2206 2444 2260 aliis.
2475 2193 2662 2273 Itaque
2694 2202 2796 2256 nisi
2829 2201 3122 2271 ejiciantur
3145 2206 3354 2266 septem
3389 2195 3506 2266 spi-

1902 2306 2040 2358 ritus
2067 2302 2289 2356 malitiaa
2354 2302 2420 2354 ab
2494 2302 2699 2361 anima,
2763 2311 2870 2350 non
2919 2303 3098 2365 potest
3160 2293 3283 2362 quis
3346 2287 3503 2358 sequi

1897 2395 2200 2450 Christum.
2231 2393 2460 2462 Oportet
2487 2391 2630 2446 enim
2667 2389 2902 2459 primum
2935 2385 3059 2455 ejici
3095 2385 3419 2448 dannonem,
3445 2387 3503 2436 et

1900 2499 2028 2540 tunc
2057 2486 2362 2538 inhabitare
2395 2483 2694 2538 Christum.

1972 2581 2138 2636 Vens.
2158 2576 2487 2633 4—l0.tCttm
2515 2585 2692 2629 autem
2716 2574 2872 2628 turba
2900 2572 3134 2642 plurima
3163 2568 3501 2632 conveniret,

1900 2683 1994 2729 ete
2012 2671 2241 2741 singulis
2255 2669 2567 2725 civitatibus
2606 2675 2965 2738 properarent
2984 2665 3049 2717 ad
3078 2678 3223 2729 eum,
3244 2661 3379 2716 dixit
3412 2676 3511 2732 per

1899 2765 2310 2822 similitudinem
2339 2763 2514 2818 :Exiit
2536 2761 2626 2830 qui
2650 2767 2949 2815 sementem
2976 2757 3233 2820 faciebat,
3257 2756 3321 2808 ad
3339 2753 3510 2810 semi-

1901 2858 2139 2914 nandum
2188 2869 2374 2911 semen
2426 2869 2582 2908 suum
2622 2862 2718 2907 :et
2757 2853 2897 2906 inter
2923 2848 3329 2912 semiuandum,
3363 2846 3509 2900 aliud

1905 2951 2102 3007 cecidit
2155 2949 2300 3003 circa
2341 2948 2502 3012 viam,
2539 2955 2593 3000 et
2614 2944 2990 3000 conculcatum
3040 2951 3146 3010 est,
3178 2949 3232 2996 et
3265 2939 3515 2993 volucres

1902 3043 2029 3100 εωιὶ
2051 3042 2405 3098 comederunt
2429 3039 2582 3094 illud.
2613 3037 2679 3093 Et
2711 3037 2854 3093 aliud
2883 3036 3083 3093 cecidit
3109 3049 3274 3101 super
3298 3042 3510 3103 petram

1903 3148 1957 3192 ct
2018 3145 2236 3191 enatum
2281 3136 2446 3198 aruit,
2517 3132 2644 3202 quia
2681 3146 2783 3184 non
2815 3130 3050 3185 habebat
3094 3128 3405 3182 humorem.
3447 3121 3519 3176 Et

197 3217 400 3289 ἕτερον
429 3217 624 3268 ἔπεσεν
652 3217 709 3267 ὲν
739 3215 888 3285 μέσῳ
919 3215 1028 3269 τῶν
1049 3214 1324 3279 ἀκανθῶν,
1352 3216 1443 3267 καὶ
1469 3219 1800 3284 συμφυεῖσαι

1914 3228 2059 3281 aliud
2117 3226 2313 3281 cecidit
2365 3225 2510 3277 inter
2559 3224 2768 3293 spinas,
2824 3230 2878 3276 et
2927 3219 3090 3275 simul
3136 3225 3315 3272 enata:
3343 3215 3517 3286 spina:

197 3312 257 3364 αί
288 3309 529 3364 ἄκανθαι
569 3307 875 3371 ἀπέπνιξαν
911 3308 1062 3361 αὑτό.
1101 3309 1210 3362 Καὶ
1255 3308 1441 3378 ἕτερον
1488 3309 1685 3360 ἔπεσεν
1722 3311 1802 3370 είς

199 3401 306 3472 τὴν
339 3401 444 3469 γῆν
476 3400 573 3468 τὴν
605 3399 838 3468 ἀγαθὴν,
873 3399 966 3451 καὶ
995 3399 1128 3467 φυὲν
1174 3399 1397 3467 ἐποίησε
1426 3400 1640 3469 καρπὲν
1672 3399 1803 3449 ἐκα-

187 3493 673 3549 ητονταπλασίονα.
715 3490 901 3544 Ταῦτα
924 3491 1119 3558 λέγων,
1167 3489 1385 3557 ἐφώνει,
1427 3488 1485 3542 ’0
1522 3490 1660 3558 ἔχων
1690 3482 1804 3540 ὦτα

199 3585 462 3644 ἀκούειν,
503 3582 769 3635 ἀκουέτω.
820 3579 1151 3649 Ἐπηρώτων
1196 3579 1252 3631 δὲ
1283 3579 1445 3631 αὑτὸν
1476 3580 1523 3631 οἱ
1563 3578 1808 3648 μαθηῖαὶ

197 3678 402 3740 αὑτοῦ,
448 3677 700 3742 λέγοντες
723 3717 738 3740 ,
774 3674 852 3731 τίς
904 3675 989 3741 είη
1045 3674 1074 3741 ὴ
1112 3673 1398 3742 παραϐολὴ
1434 3671 1604 3742 αῦτης
1656 3672 1713 3724 '0
1750 3672 1807 3724 δὲ

196 3767 366 3827 εἶπεν
389 3787 402 3800 ·
442 3769 606 3836 Ὑμῖν
642 3767 850 3819 δέδοται
885 3764 1089 3831 γνῶναι
1120 3765 1190 3818 τὰ
1223 3766 1496 3835 μυστήρια
1519 3767 1618 3834 τῆς
1653 3764 1809 3833 βασι-

192 3863 364 3926 λιίας
421 3859 517 3914 τοῦ
565 3858 722 3920 θεοῦ,
752 3861 865 3920 τοῖς
894 3857 951 3910 δὲ
985 3857 1192 3920 λοιποῖς
1221 3858 1278 3909 ἐν
1327 3856 1691 3926 παραϐολαῖς,
1722 3858 1810 3910 ἵνα,

197 3955 509 4027 βλέποντες
571 3953 646 4023 μὴ
696 3951 960 4021 βλέπωσι,
1029 3951 1126 4002 καὶ
1171 3948 1462 4012 ἀκούοντες
1500 3949 1574 4020 μὴ
1616 3949 1810 4002 συνιώ-

197 4064 312 4102 σιν.
366 4066 384 4099 ι
424 4043 606 4114 Ὅπερ
637 4039 790 4098 εἶπεν
819 4045 847 4095 6
877 4041 1040 4094 Δαυῖδ
1065 4042 1234 4094 πάλαι
1271 4043 1328 4094 ὲν
1362 4041 1640 4111 προσώπῳ
1672 4043 1810 4112 Χρι-

194 4139 364 4202 στοῦ,
395 4135 557 4189 τοῦτο
585 4134 679 4187 νῦν
712 4133 894 4203 ἐξέϐη.
914 4133 1140 4198 Ἀνοίξω
1157 4134 1286 4202 γαρ,
1318 4135 1504 4202 φησὶν,
1536 4134 1592 4185 ὲν
1628 4150 1810 4203 παρα-

195 4233 404 4294 ϐολαῖς
445 4230 507 4281 τὺ
560 4228 736 4296 στόμα
795 4244 918 4297 μου.
962 4227 1266 4294 Φθὲγγεται
1317 4227 1496 4279 τοίνυν
1547 4227 1574 4278 6
1609 4226 1813 4295 Κύριος

191 4322 608 4397 παραὸολικὼς
660 4320 749 4372 διὰ
782 4319 981 4372 πολλα·
1021 4320 1117 4372 καὶ
1165 4321 1251 4371 ἵνα
1295 4317 1406 4389 γὰρ
1439 4336 1814 4389 προσεκτικωο

191 4420 406 4490 τέρους
443 4414 648 4486 ποιήσῃ
675 4414 799 4473 τοὺς
847 4411 1165 4476 ἀκούοντας,
1197 4413 1293 4466 καὶ
1319 4413 1566 4481 διεγείρῃ
1627 4414 1814 4476 αὐτοῖς

190 4512 292 4566 τὸν
328 4507 470 4562 νοῦν
498 4509 576 4568 εἰς
609 4506 841 4575 ζήτησιν
869 4506 978 4558 τῶν
1011 4504 1342 4573 λεγομένων.
1382 4503 1672 4572 Εἰώθαμεν
1704 4505 1813 4573 γὰρ

187 4604 241 4658 οἱ
281 4601 584 4669 ἄνθρωποι
628 4597 698 4650 τὰ
737 4599 835 4667 μὲν
867 4597 1161 4659 σκοτεινῶς
1196 4597 1466 4666 λεγόμενα
1507 4598 1811 4667 περιεργά-

188 4694 426 4763 ζεσθαι,
463 4692 532 4744 τὰ
568 4691 626 4744 δὴ
668 4690 814 4760 σαφῆ
848 4692 1222 4760 περιφρονεϊνο
1259 4692 1354 4743 καὶ⁸
1399 4690 1487 4743 ἵνα
1524 4691 1573 4742 οἱ
1605 4689 1813 4753 ἀνάξιοι

189 4791 309 4843 τῶν
357 4783 771 4857 μυστηριωδῶς
817 4783 1130 4850 λεγομένων
1181 4783 1256 4850 μὴ
1305 4781 1642 4837 ὲπακοῦωσι.
1704 4784 1815 4836 Καὶ

184 4881 280 4936 διὰ
319 4877 513 4932 πολλὰ
543 4875 676 4929 ἄλλα
708 4877 765 4928 ἐν
815 4874 1151 4944 παραϐολαῖς
1187 4873 1507 4942 φθέγγεται⁸
1560 4875 1813 4944 Ἐξῆλθεν

184 4965 287 5022 οὖν
317 4970 350 5021 6
390 4963 668 5032 σπείρων,
700 4963 1004 5029 τουτέστιν,
1039 4966 1066 5016 ό
1095 4963 1224 5026 Υἱὸς
1259 4964 1353 5017 τοῦ
1388 4966 1524 5018 Θεοῦ
1585 4965 1812 5036 ἐξῆλθεν

185 5064 256 5117 ἐκ
288 5059 415 5115 τῶν
465 5057 688 5112 κόλπων
732 5060 838 5109 τῶν
883 5057 1212 5128 Πατρικῶν,
1269 5059 1363 5112 καὶ
1395 5061 1502 5113 ἀπὸ
1532 5062 1630 5130 τῆς
1673 5079 1810 5130 κρυ·-

186 5153 470 5223 φιότητος
518 5148 712 5212 αὑτοῦ,
751 5149 844 5202 καὶ
876 5150 1127 5220 ἐμφανὴς
1152 5151 1390 5219 ἐγένετο.
1425 5152 1521 5215 Τίς
1553 5154 1608 5206 δὲ
1651 5153 1810 5222 ἐξῆλ-

186 5247 321 5314 θεν;
357 5243 426 5298 ’0
448 5245 544 5298 ἀεὶ
573 5242 834 5312 σπείρων.
857 5243 931 5295 06
954 5242 1183 5296 παύεται
1205 5246 1313 5317 γὰρ
1337 5248 1364 5298 ὁ
1393 5242 1639 5310 Υίὸς“τοῦ
1673 5246 1808 5299 Θεοῦ

182 5341 278 5393 ἀεὶ
307 5336 578 5405 σπείρων
612 5336 667 5384 ὲν
701 5337 821 5396 ταῖς
848 5335 1142 5405 ἡμετέραις
1165 5337 1384 5407 ψυχαῖς.
1407 5339 1479 5391 Οὐ
1508 5341 1617 5408 γὰρ
1651 5341 1811 5409 μόνον

182 5432 325 5485 ὅταν
354 5427 628 5497 διδάσκῃ,
663 5425 800 5478 ἀλλὰ
832 5428 924 5479 καὶ
948 5428 1036 5481 διὰ
1070 5430 1167 5499 τῆς
1201 5432 1430 5493 κτίσεως
1462 5433 1686 5502 ταύτης,
1718 5434 1814 5486 καὶ

181 5525 302 5579 τῶν
357 5517 499 5576 καθ’
559 5518 796 5588 ἑκάστην
827 5521 904 5583 είς
954 5522 1101 5590 ἡμᾶς
1135 5523 1459 5590 γινομένων,
1494 5525 1708 5592 σπείρει
1754 5529 1813 5578 ἐν

182 5617 316 5680 ταΐς
344 5608 671 5686 ἡμετέραις
701 5611 904 5681 ψυχαῖς
930 5613 999 5666 τὰ
1027 5613 1208 5681 ἀγαθὰ
1238 5615 1549 5686 σπέρματα.
1583 5616 1810 5686 Ἐξῆλθε

184 5712 269 5776 δὲ,
318 5708 431 5778 οὐχ
484 5703 582 5756 ἴνα
610 5705 738 5764 τοὺς
770 5707 1051 5776 γεωργοὺς
1081 5707 1398 5782 ἀποκτείνῃ.
1432 5709 1464 5780 ἢ
1499 5710 1596 5782 τὴν
1630 5711 1812 5782 χώραν

265 5889 315 5921 ³⁸
351 5881 511 5941 l‘sal.
562 5895 759 5946 tum,
799 5880 853 5937 2.

1911 3318 2315 3373 suffecavcrunt
2359 3315 2510 3370 illud.
2567 3314 2630 3368 Et
2671 3313 2817 3367 aliud
2866 3312 3062 3368 cecidit
3098 3311 3150 3364 in
3188 3322 3388 3364 terram
3420 3306 3517 3362 bo-

1912 3427 2058 3476 nam,
2094 3418 2148 3464 et
2192 3417 2418 3462 enatum
2453 3405 2582 3460 fecit
2621 3404 2856 3460 fructum
2890 3405 3227 3474 centuplum.
3254 3399 3378 3455 Haec
3431 3399 3518 3454 di-

1910 3519 2042 3558 cens
2091 3500 2363 3556 clamabat
2398 3499 2545 3565 :Qui
2595 3498 2758 3553 habet
2810 3511 2971 3550 aures
3035 3495 3100 3548 ad
3149 3493 3515 3549 audiendum.

1915 3597 2124 3651 audiat.
2167 3595 2588 3662 lnterrogahant
2630 3602 2810 3645 autem
2844 3604 2966 3644 eum
3000 3585 3249 3657 discipuli
3283 3584 3402 3654 ejus
3432 3584 3518 3638 tli-

1913 3698 2120 3754 centes,
2160 3701 2408 3756 qurcnam
2450 3691 2594 3738 esset
2619 3683 2722 3735 ista
2776 3678 3056 3749 parabola.
3091 3679 3160 3730 At
3203 3675 3293 3729 ille
3323 3675 3461 3728 dixit
3497 3691 3513 3728 :

1917 3783 2086 3837 Vobis
2110 3779 2296 3834 datttm
2337 3786 2422 3832 est
2471 3789 2634 3830 nosse
2666 3773 2923 3844 mysteria
2973 3770 3122 3841 regni
3159 3768 3275 3834 Dei,
3305 3765 3521 3823 caneris

1914 3885 2095 3929 autent
2150 3889 2247 3945 per
2286 3869 2573 3941 parabolas
2608 3888 2622 3925 :
2657 3876 2716 3922 ut
2760 3866 3028 3931 videntes,
3063 3879 3169 3919 non
3195 3863 3434 3924 videant,
3468 3869 3523 3914 et

1913 3965 2079 4038 324
2125 3963 2413 4019 audientes
2473 3976 2580 4015 non
2634 3958 2960 4027 intelligant.
3001 3975 3022 4008 ο
3080 3954 3235 4009 Nunc
3304 3952 3520 4006 tandem

1914 4059 2094 4116 evenit
2141 4057 2284 4128 quod
2322 4055 2449 4110 olim
2505 4052 2670 4106 David
2721 4053 2773 4106 ln
2805 4065 3036 4120 persona
3073 4046 3283 4113 Christi
3328 4043 3463 4099 dixit
3501 4060 3517 4098 :

1915 4151 2169 4221 Aperiam
2221 4148 2391 4211 enim,
2457 4146 2654 4215 inquit,
2695 4146 2748 4196 in
2805 4141 3076 4210 parabolis
3128 4153 3190 4193 os
3243 4153 3422 4192 meum
3450 4134 3516 4190 ³⁸.
3567 4185 3574 4190 .

1917 4241 2181 4311 Loquitur
2231 4239 2413 4306 itaque
2466 4235 2751 4305 parabolas
2781 4233 3045 4288 Dominus
3075 4238 3299 4298 propter
3329 4229 3519 4287 multa.

1919 4348 2112 4403 nempe
2175 4341 2233 4386 ut
2285 4329 2611 4388 attentiores
2669 4324 2865 4381 reddat
2909 4324 3205 4387 auditores,
3238 4331 3289 4375 et
3321 4322 3524 4376 excitet

1919 4425 2132 4480 illorum
2197 4431 2435 4476 mentem
2468 4420 2533 4472 atl
2563 4418 2947 4487 inquirendum
3002 4415 3068 4469 de
3108 4413 3193 4467 Itis
3224 4428 3345 4483 qua:
3375 4413 3519 4467 dicta

1921 4531 2068 4576 sunt.
2131 4517 2322 4573 Solent
2362 4515 2504 4570 enim
2569 4514 2819 4568 homines
2875 4511 3149 4565 curiosius
3193 4509 3522 4578 investigare

1921 4617 1987 4668 de
2017 4614 2106 4667 his
2147 4627 2268 4682 qua:
2317 4611 2458 4665 dicta
2497 4618 2624 4663 sunt
2675 4606 2984 4670 obscurius,
3020 4603 3308 4658 manifesta
3339 4609 3521 4656 autem

1921 4705 2196 4776 negligere
2223 4722 2236 4758 :
2269 4713 2325 4758 et
2354 4714 2410 4755 ut
2435 4701 2642 4772 indigni
2675 4715 2782 4755 non
2809 4698 3116 4767 intelligant
3152 4711 3274 4764 qua:
3307 4697 3524 4749 abstru-

1917 4796 2033 4850 sius
2083 4805 2213 4851 sunt
2263 4795 2450 4860 dicta;
2485 4803 2646 4861 atque
2698 4801 2920 4862 propter
2958 4790 3122 4842 multa
3149 4788 3253 4841 alia
3282 4786 3334 4840 in
3364 4799 3523 4855 para-

1917 4888 2056 4943 bolis
2086 4887 2342 4956 loquitur.
2369 4881 2518 4937 Etiit
2561 4883 2726 4953 igitur
2753 4881 3054 4944 seminans,
3087 4876 3190 4931 hoc
3211 4884 3316 4939 est,
3351 4871 3522 4927 Filius

1921 4979 2013 5036 Dei
2040 4980 2212 5035 exivit
2247 4980 2312 5033 de
2347 4978 2528 5032 Patris
2559 4976 2639 5031 sui
2676 4977 2798 5029 sinu
2831 4971 3173 5033 abscondito,
3207 4978 3260 5022 et
3301 4966 3525 5035 conspi-

1911 5089 2048 5128 cuus
2098 5071 2272 5126 factus
2311 5079 2414 5125 est.
2466 5069 2600 5136 Quis
2639 5078 2816 5120 autem
2850 5063 3060 5120 exivit?
3096 5061 3147 5118 Is
3182 5061 3271 5130 qui
3305 5074 3523 5127 semper

1915 5165 2174 5220 seminat.
2216 5162 2388 5216 Filius
2435 5160 2576 5214 enim
2618 5159 2709 5214 Del
2755 5173 2860 5211 non
2886 5166 3065 5211 cessat
3105 5168 3322 5221 semper
3358 5149 3524 5206 scotia

1915 5272 2046 5312 nare
2078 5257 2128 5310 in
2162 5255 2449 5309 animabus
2475 5252 2700 5306 nostris.
2734 5249 2849 5305 Non
2885 5250 3029 5304 enim
3089 5248 3264 5302 solum
3300 5243 3519 5315 quando

1916 5348 2129 5402 videtur
2169 5349 2384 5410 docere,
2442 5345 2534 5398 sed
2585 5353 2637 5398 et
2685 5358 2783 5411 per
2833 5340 3092 5394 mundum
3120 5339 3307 5396 istum.
3337 5344 3388 5390 et
3423 5350 3522 5404 per

1922 5456 1983 5494 ea
2013 5454 2134 5510 quae
2162 5437 2403 5509 quotidie
2439 5435 2566 5491 facit
2601 5452 2726 5504 erga
2763 5449 2880 5498 nos,
2949 5432 3183 5488 seminat
3207 5431 3260 5484 in
3317 5427 3522 5482 nostris

1925 5533 2206 5586 animabus
2249 5530 2386 5583 bona
2434 5529 2664 5582 semina.
2702 5527 2880 5580 Exivit
2909 5538 3108 5588 autem,
3140 5537 3246 5578 non
3283 5531 3342 5575 ut
3377 5521 3522 5591 agri-

1922 5626 2070 5679 colas
2125 5623 2362 5684 occidat,
2409 5621 2492 5675 vel
2539 5635 2728 5688 agrum
2770 5625 2986 5684 exurat,
3041 5616 3136 5672 sed
3173 5624 3229 5669 ut
3263 5613 3512 5668 seminct.

1925 5711 2079 5782 Smpc
2110 5713 2255 5768 enim
2313 5711 2590 5782 egreditur
2634 5708 2867 5783 agricola
2901 5716 2954 5765 et
3001 5715 3228 5777 propter
3249 5705 3375 5772 alia,
3409 5720 3517 5767 non
