4038 6512
580 418 686 482 799

1503 421 2082 482 THEOPHYLAC’I‘I
2121 421 2524 482 BULGARH‘I
2569 417 2922 479 ARCHIEP.

3735 407 3830 472 800

584 527 758 581 solum
791 535 847 582 ut
885 527 1134 590 seminet,
1163 529 1254 582 sed
1281 529 1411 582 exiit
1433 541 1488 582 ut
1517 533 1744 585 seminet
1768 547 1950 586 semen
1987 549 2139 587 suum

2273 532 2616 604 κατακαῦςῃ.
2642 532 2756 600 αλλ’
2784 532 2869 583 ἵνα
2896 527 3112 597 σπείρῃ·
3144 525 3401 585 πολλάκις
3426 524 3533 594 γὰρ
3567 521 3836 593 ἐξέρχεται

581 619 838 690 Pruprins
874 622 1012 673 enim
1039 620 1153 686 ejus
1187 632 1268 674 est
1299 637 1476 675 sermo
1510 625 1786 688 doctrinm,
1817 634 1995 678 etnon
2025 624 2157 678 alie-

584 729 702 767 nus.
735 713 1006 782 Propltetm
1041 713 1183 766 enim
1227 728 1560 783 qu;ccunqne
1596 716 1871 777 dixerunt,
1903 731 1932 768 e
1969 716 2157 782 spiritu

586 809 857 867 dixerunt,
909 815 961 858 et
1003 822 1107 858 non
1154 817 1211 860 ut
1266 807 1518 875 propria:
1551 812 1690 861 unde
1746 817 1800 861 et
1856 809 2155 861 dixerunt:

583 895 704 948 "me
735 894 864 947 dicit
917 893 1198 948 Dominus.
1231 896 1478 948 Christus
1523 910 1651 948 vero
1687 897 1961 964 proprium
2001 896 2160 948 habet

580 1001 789 1046 semen,
827 986 1024 1038 idcirco
1061 1002 1163 1038 non
1195 986 1406 1040 dicebat
1437 987 1636 1041 docens
1671 1006 1683 1041 :
1724 988 1847 1042 lec
1893 988 2021 1041 dicit
2050 987 2154 1040 Do-

579 1077 778 1139 minus,
820 1077 910 1128 sed
943 1094 953 1126 :
986 1076 1096 1145 Ego
1120 1076 1238 1130 dico
1269 1078 1442 1130 vobis.
1475 1077 1787 1131 Seminante
1818 1088 1998 1132 autem
2041 1079 2152 1142 illo,

579 1165 681 1219 hoc
732 1177 811 1218 cst
847 1167 1090 1229 docente,
1123 1167 1264 1220 aliud
1304 1169 1517 1235 quidem
1545 1169 1744 1222 cecidit
1779 1170 1920 1223 circa
1959 1170 2096 1222 viam
2142 1187 2154 1222 :

579 1266 682 1310 no‘n
715 1259 849 1311 dixit
904 1260 1043 1325 quod
1077 1260 1362 1329 projecerit
1403 1261 1699 1324 seminans,
1736 1262 1826 1316 sed
1859 1265 1998 1330 quod
2030 1262 2156 1317 illud

576 1351 853 1405 ceciderit.
901 1349 1030 1403 Nam
1060 1353 1148 1418 qui
1199 1354 1451 1414 seminat,
1491 1353 1791 1407 seminatet
1823 1355 2000 1418 docet,
2034 1370 2155 1408 scr-

584 1457 670 1493 tno
694 1453 866 1494 autem
901 1444 1046 1495 cadit
1084 1445 1134 1496 in
1166 1444 1469 1496 audientes.
1507 1443 1567 1495 Hi
1593 1454 1770 1496 autem
1810 1445 2157 1500 inveniuntur

574 1545 695 1584 e-se
733 1531 809 1584 vcl
870 1533 973 1597 via,
1007 1534 1086 1585 vel
1116 1543 1283 1600 petra,
1324 1533 1403 1585 vcl
1442 1535 1636 1600 spinm,
1702 1535 1784 1588 vel
1817 1543 1956 1587 terra
1994 1536 2152 1589 bona.

578 1619 844 1674 Cancrum
879 1622 1151 1689 discipulis
1186 1623 1643 1691 interrogantibus
1689 1626 2018 1693 parabolam,
2080 1627 2156 1678 di-

570 1713 644 1765 cit
713 1712 1022 1766 Dominus:
1069 1713 1234 1767 Vobis
1285 1715 1468 1767 datum
1542 1726 1624 1769 est
1683 1717 1822 1771 scire
1898 1719 2155 1788 mysteria

2265 627 2292 676 6
2327 625 2569 693 γεωργὸς
2611 624 2702 675 καὶ
2753 623 2820 674 δι’
2853 621 3007 682 ἄλλα,
3045 619 3106 670 οὑ
3161 619 3319 687 μόνον
3370 616 3458 668 διὰ
3514 617 3572 667 τὸ
3606 619 3835 682 σπεῖραι.

2264 717 2368 769 Τὸν
2403 719 2601 786 σπόρον
2632 716 2686 768 δὲ
2719 713 2881 768 αὑτοῦ
2917 711 3102 779 ἐξῆ).οε
3137 711 3376 778 σπεῖραι.
3417 706 3575 767 Ἰδιος
3616 707 3723 773 γὰρ
3755 707 3838 757 αὑ-

2263 807 2356 858 τοῦ
2390 804 2455 866 ἦν
2487 809 2513 858 ὁ
2547 805 2704 872 λόγος
2749 804 2845 871 τῆς
2873 799 3241 860 διδασκαλίας,
3290 799 3381 850 καὶ
3420 797 3518 847 οὐκ
3547 794 3834 862 ἀλλότριος.

2263 899 2325 950 Οί
2361 897 2457 966 μὲν
2507 897 2615 964 γὰρ
2659 895 2956 963 προφῆται,
2996 891 3092 942 ὅσα
3125 890 3332 954 ἔλεγον,
3367 888 3466 938 οὐκ
3501 888 3604 937 ἴδια
3639 883 3835 949 ελεγον,

2266 989 2398 1040 ἀλλὰ
2433 987 2523 1039 τοῦ
2562 985 2886 1052 πνεύματος.
2914 982 3002 1033 Διὸ
3030 981 3234 1046 ἔλεγον,
3271 978 3409 1030 Τάδε
3441 977 3590 1042 λέγει
3615 975 3834 1042 Κύριος.

2273 1084 2330 1133 ὐ
2363 1081 2418 1133 δὲ
2441 1079 2672 1148 Χριστὸς
2725 1077 2854 1129 ίδιον
2883 1071 2995 1143 εἶχε
3021 1073 3111 1124 τὸν
3155 1071 3377 1140 σπόρον.
3407 1068 3496 1120 Διὸ
3526 1069 3626 1118 οὐκ
3661 1066 3840 1131 ἔλεγεν

2260 1171 2386 1222 ὅταν
2405 1169 2700 1230 ἐδίδασκεν,
2718 1167 2798 1218 ὅτι
2814 1164 2948 1216 Τάδε
2968 1163 3115 1227 λέγει
3134 1162 3356 1230 Κύριος,
3384 1156 3520 1221 ἀλλ’,
3540 1154 3683 1222 Ἐγὼ
3705 1156 3842 1222 λέγω

2261 1263 2408 1330 ὑμῖν.
2457 1261 2543 1312 Ἐν
2567 1260 2643 1328 τῷ
2673 1257 2918 1326 σπείρειν
2949 1255 3002 1306 δὲ
3033 1255 3214 1314 αὐτὸν,
3242 1250 3544 1311 τουτέστιν,
3576 1250 3632 1300 ἐν
3667 1246 3742 1314 τῷ
3768 1245 3842 1297 δι-

2260 1353 2501 1412 δάσκειν,
2533 1350 2660 1404 ἄλλο
2700 1350 2797 1417 μὲν
2841 1349 3002 1398 ἔπεσε
3040 1345 3190 1413 παρὰ
3224 1343 3322 1412 τὴν
3351 1341 3487 1394 ὀδόν.
3526 1340 3642 1392 Οὐκ
3692 1334 3840 1388 εἶπεν

2260 1444 2341 1496 ὅτι
2391 1443 2612 1514 ἔρριψεν
2646 1444 2672 1493 ὁ
2712 1441 2971 1508 σπείρων,
3007 1437 3122 1489 ἀλλ’
3176 1434 3370 1488 ἔπεσεν
3405 1435 3604 1484 ἐκεῖνο.
3650 1430 3707 1482 Ὀ
3746 1429 3840 1497 μὲν

2261 1537 2366 1604 γὰρ
2400 1535 2637 1602 σπείρων
2700 1533 2910 1601 σπείρει
2941 1530 3034 1580 καὶ
3061 1528 3322 1580 διδάσκει.
3369 1525 3427 1577 Ὀ
3477 1524 3533 1575 δὲ
3574 1523 3730 1589 λόγος
3768 1524 3841 1582 είς

2261 1625 2385 1685 τοὺς
2417 1624 2714 1683 ἀκούοντας
2749 1623 2956 1673 πίπτει.
2994 1615 3234 1672 Οὗτονδε
3259 1617 3604 1686 εὑρίσκονται
3637 1613 3672 1682 ἢ
3703 1613 3840 1677 ὁδὸς,

2261 1715 2292 1783 ἢ
2327 1717 2520 1783 πέτρα,
2574 1716 2604 1778 ἦ
2641 1715 2873 1774 ἄκανθα,
2911 1714 2941 1780 ἢ
2978 1711 3155 1780 ἀγαθὴ
3184 1711 3278 1778 γῆ.
3328 1707 3603 1774 Ἐρωτῶσι
3649 1704 3705 1756 δὲ
3735 1706 3843 1764 τοῖς

576 1802 726 1867 regni
763 1800 878 1868 Dei,
924 1801 1023 1855 hoc
1076 1813 1156 1856 est
1211 1806 1361 1856 vobis
1397 1806 1787 1872 quzcrentibus,
1823 1816 1877 1857 ut
1909 1807 2149 1860 discatis.

2265 1808 2530 1874 μαθηταῖς
2565 1806 2662 1874 τὴν
2694 1804 3029 1875 παραϐολὴν,
3065 1804 3225 1869 φησιν
3258 1802 3283 1851 ὁ
3314 1801 3535 1868 Κύριος
3569 1798 3734 1865 ’Υμζν
3764 1796 3844 1848 δέ·

577 1908 599 1944 ι
638 1890 824 1945 Omnis
856 1895 994 1946 enim
1031 1897 1117 1963 qui
1161 1897 1309 1963 petit,
1356 1897 1549 1965 accipit
1585 1898 1626 1928 ”
1650 1937 1662 1950 .
1699 1916 1714 1948 ι
1749 1897 1988 1967 Reliquis
2026 1914 2151 1952 vero

571 1984 661 2052 qui
696 1987 1047 2038 sacramentis
1095 1988 1294 2051 indigni
1360 2000 1502 2049 sunt,
1541 1990 1768 2041 obscure
1806 1990 2076 2050 dicuntur,
2102 1999 2154 2043 τι

571 2077 876 2130 existimant
924 2079 1138 2146 quidem
1189 2092 1245 2131 se
1305 2080 1506 2141 videre,
1562 2081 1652 2133 sed
1688 2097 1794 2133 non
1827 2081 2008 2134 vident
2053 2092 2154 2134 :ct

571 2166 797 2219 audiunt
830 2167 1069 2234 quidem,
1116 2170 1209 2220 sed
1256 2185 1356 2221 non
1410 2169 1741 2239 intelligunt,
1777 2182 1939 2238 atque
1966 2172 2066 2224 hoc
2100 2173 2150 2223 in

570 2254 783 2308 illorum
855 2257 1076 2309 bonum.
1142 2257 1217 2311 Ne
1277 2259 1418 2312 enim
1496 2263 1666 2328 magis
1719 2261 2149 2314 condemtwntur

570 2347 711 2415 quod
770 2351 980 2418 cognita
1026 2352 1282 2419 mysteria
1344 2356 1664 2420 spreverint,
1699 2355 1816 2406 ideo
1849 2355 1916 2405 ab
1950 2355 2051 2407 illis
2089 2370 2147 2406 ea

568 2437 811 2492 Christus
845 2440 1144 2493 abscondit.
1203 2441 1302 2506 Qui
1340 2444 1480 2494 enim
1517 2447 1784 2512 Cognoscil
1812 2453 1863 2496 et
1896 2455 2142 2498 contem-

567 2527 666 2590 nit,
695 2531 935 2598 graviora
973 2542 1208 2586 meretur
1231 2534 1512 2609 supplicia.

2260 1899 2406 1950 δοται
2440 1898 2641 1963 γνῶναι
2677 1898 2743 1948 τὰ
2793 1897 3064 1962 μυστήρια
3114 1895 3211 1961 τῆς
3243 1891 3519 1960 βασιλείας
3555 1888 3648 1940 τοῦ
3684 1887 3842 1944 Θεοῦ,

2254 1990 2548 2048 τουτέστιν,
2590 1990 2717 2055 ὑμῖν
2753 1989 2862 2047 τοῖς
2913 1985 3134 2053 ζητοῦσι
3186 1984 3396 2051 μαθεῖν.
3440 2001 3457 2032 ι
3506 1981 3620 2042 lli;
3675 1980 3783 2048 γὰρ
3816 1982 3840 2030 ὁ

2256 2084 2440 2143 αἰτῶν,
2490 2081 2793 2149 ).αμ6ἀνει’
2836 2098 2848 2127 ι
2892 2080 3001 2138 τοῖς
3048 2079 3100 2127 δὲ
3135 2077 3342 2136 λοιποῖς
3377 2076 3488 2134 τοῖς
3544 2072 3618 2140 μὴ
3677 2069 3843 2134 ἀξίοις

2255 2173 2374 2228 οὖσι
2425 2175 2532 2225 τῶν
2589 2172 2926 2240 μυστηρίων,
2983 2169 3270 2227 σκοτεινῶς
3310 2167 3586 2231 λέγονται,
3634 2164 3731 2212 καὶ
3763 2162 3843 2212 δο-

2255 2265 2406 2318 κοῦσι
2461 2263 2555 2332 μὲν
2590 2263 2826 2330 βλέπειν,
2871 2261 2928 2310 οὗ
2977 2258 3232 2326 βλέπουσι
3285 2256 3340 2307 δέ
3376 2273 3390 2286 ·
3435 2254 3531 2305 καὶ
3582 2252 3840 2304 ἀκούουσι

2260 2359 2380 2424 μὲν,
2417 2358 2477 2407 οὐ
2533 2354 2774 2406 συνιοῦσι
2805 2353 2888 2412 δὲ,
2931 2353 3024 2402 καὶ
3056 2350 3211 2401 τοῦτο
3249 2350 3326 2409 εἱς
3375 2345 3700 2414 εὐεργεσίαν
3749 2344 3838 2395 αὖ·

2250 2443 2376 2494 τῶν.
2407 2444 2522 2493 ’Ὶνα
2572 2444 2678 2510 γὰρ
2724 2442 2798 2509 μὴ
2845 2441 3002 2491 πλέον
3043 2438 3471 2506 κατακριθῶσιν.
3502 2437 3577 2496 ὼς
3611 2435 3750 2503 μετα
3784 2433 3840 2483 τδ

2251 2533 2455 2598 γνῶναι
2488 2533 2555 2583 τὰ
2608 2533 2881 2600 μυστήρια
2912 2532 3429 2597 καταφρονήσαντες
3460 2527 3664 2586 αὐτῶν,
3715 2523 3837 2576 του-

566 2638 658 2672 του
695 2622 878 2674 ἕνεκεν
919 2623 1239 2694 ἀπέκρυψεν
1271 2628 1298 2677 ὁ
1345 2626 1576 2694 Χριστὸς
1616 2627 1709 2678 ἀπ’
1735 2626 1917 2678 αὐτῶν
1946 2626 2136 2679 ταῦτα.
2191 2625 2248 2677 Ὀ
2310 2627 2414 2696 γὰρ
2451 2626 2632 2691 γνοὺς,
2706 2620 2823 2676 εἶτα
2872 2624 3312 2695 καταφρονήσας,
3350 2620 3659 2688 βαρυτέρας
3693 2619 3838 2681 ἄξιος

566 2714 857 2783 τιμωρίας.

641 2807 800 2863 Vens.
835 2810 1021 2863 ll-l5.
1064 2827 1079 2858 ι
1129 2809 1224 2863 Est
1257 2821 1433 2863 autem
1468 2812 1581 2864 hac
1612 2813 1859 2879 parabola
1890 2832 1902 2866 :
1951 2814 2144 2866 Semen

565 2911 647 2958 est
680 2916 858 2958 sermo
909 2902 1021 2954 Dei.
1060 2900 1158 2967 Qui
1195 2912 1373 2956 autem
1416 2903 1566 2969 juxta
1604 2904 1765 2966 viam,
1805 2905 1856 2958 bi
1885 2914 2010 2958 sunt
2051 2906 2147 2973 qui

566 2996 796 3048 audiunt
850 3013 862 3046 :
908 2995 1100 3047 deinde
1145 2996 1288 3046 venit
1322 2994 1561 3046 diabolus
1584 3004 1634 3047 ct
1669 2994 1805 3047 tollit
1837 3010 2142 3049 sermonem

571 3087 638 3138 tle
695 3085 856 3137 corde
890 3100 1094 3148 eorum,
1138 3099 1204 3138 ne
1233 3083 1516 3138 credentes
1558 3094 1863 3139 serventur.
1890 3085 2024 3139 Nam
2053 3089 2145 3156 qui

570 3190 732 3244 super
800 3185 1031 3245 petram,
1091 3178 1143 3230 bi
1197 3188 1320 3231 sunt
1373 3178 1462 3246 qui
1524 3193 1643 3232 cum
1693 3179 1984 3245 audierint,
2019 3197 2140 3235 cum
2172 3215 2214 3272 α

568 3269 763 3336 gaudio
809 3270 1108 3336 suscipiunt
1138 3285 1465 3336 sermonem,
1503 3280 1555 3324 et
1585 3272 1638 3324 hi
1671 3273 1880 3328 radices
1907 3288 2018 3332 non
2047 3273 2143 3326 ha-

569 3361 717 3422 bent,
747 3361 833 3428 qui
877 3361 941 3412 ad
995 3371 1204 3428 tempus
1229 3361 1480 3425 credunt,
1508 3371 1560 3416 et
1601 3363 1652 3416 in
1688 3374 1927 3432 tempore
1965 3376 2143 3420 tenta-

568 3451 730 3504 tionis
781 3451 1054 3504 recedunt.
1113 3451 1263 3516 Quod
1316 3463 1493 3508 autem
1526 3454 1576 3507 ir
1612 3457 1801 3522 spinas
1831 3456 2048 3518 cecidit,
2091 3459 2142 3510 lii

568 3549 692 3593 sunt
729 3543 818 3607 qui
871 3540 1176 3605 audierunt,
1213 3551 1267 3595 et
1319 3558 1346 3593 a
1381 3543 1838 3600 sollicitudinibus
1863 3555 1916 3600 et
1945 3547 2146 3603 divitiis

567 3646 629 3683 ac
660 3632 1016 3700 voluptatibus
1047 3634 1164 3686 vita:
1209 3644 1418 3696 euntes.
1450 3636 1803 3702 suﬂ'ocantur,
1849 3639 2012 3710 325
2049 3656 2146 3695 nec

568 3719 810 3774 referunt
839 3720 1095 3776 fructum.
1129 3722 1280 3788 Quod
1312 3733 1492 3779 autem
1524 3726 1578 3780 in
1617 3727 1814 3781 bonam
1845 3736 2064 3794 terram,
2091 3731 2144 3784 bi

569 3819 697 3863 sunt
731 3811 817 3877 qui
877 3812 928 3864 in
976 3813 1139 3866 corde
1177 3813 1403 3869 honesto
1437 3831 1501 3870 ac
1526 3819 1687 3883 bono,
1719 3819 2002 3873 audientes
2035 3836 2148 3874 ser-

570 3915 779 3954 monem
839 3902 1089 3967 retinent,
1143 3913 1196 3958 et
1221 3903 1453 3960 fructum
1513 3907 1742 3961 alleruut
1795 3923 1891 3976 per
1933 3911 2145 3979 patien-

570 3991 716 4044 tiam.
756 4009 775 4042 ι
828 3993 960 4045 Tres
1014 3994 1101 4046 hic
1139 3995 1358 4050 ordines
1387 4010 1572 4050 eorum
1605 4006 1730 4052 sunt
1758 3999 1851 4068 qui
1885 4015 1989 4054 non
2027 4015 2146 4056 ser-

571 4092 786 4135 vantur.
838 4081 971 4136 Nam
1020 4083 1072 4136 hi
1112 4085 1200 4153 qui
1233 4100 1395 4140 secus
1433 4088 1593 4153 viam,
1625 4090 1940 4158 neutiquam
1977 4092 2146 4146 susci-

570 4173 720 4241 piunt
783 4187 1137 4240 sermonem;
1194 4175 1332 4229 sicut
1385 4178 1529 4230 enim
1592 4178 1675 4231 via
1746 4181 2058 4236 c0ncnlcata
2094 4192 2147 4236 et

570 4264 865 4332 constipata
919 4278 1104 4317 semen
1148 4279 1253 4319 non
1290 4267 1536 4334 suscipit,
1581 4284 1648 4324 eo
1671 4271 1813 4340 quod
1868 4272 2002 4327 dura
2054 4276 2143 4339 sit,

570 4352 638 4405 ita
679 4364 732 4406 et
789 4352 1038 4407 obdurati
1091 4357 1250 4409 corde
1309 4370 1614 4412 sermonem
1671 4375 1774 4414 non
1844 4365 2148 4433 suscipiunt

571 4443 726 4496 etiam
789 4445 1067 4500 audientes
1099 4462 1114 4500 :
1143 4462 1246 4501 non
1280 4448 1568 4504 attendunt
1619 4453 1796 4508 enim.
1827 4455 2011 4525 Atqui
2054 4471 2149 4525 per

2327 2826 2344 2854 ι
2394 2807 2550 2856 Ἐστι
2599 2805 2654 2855 δὲ
2709 2802 2845 2870 αὕτη
2881 2803 2911 2869 ἡ
2964 2798 3266 2868 παραϐολὴ,
3308 2799 3370 2851 Ὀ
3400 2798 3604 2863 σπόρος
3633 2797 3784 2849 ἐστὶν
3811 2800 3837 2849 δ

2249 2896 2406 2961 λόγος
2439 2893 2530 2944 τοῦ
2561 2891 2717 2944 Θεοῦ.
2757 2892 2818 2942 Οί
2853 2890 2909 2942 δὲ
2943 2890 3092 2955 παρὰ
3124 2887 3220 2958 τὴν
3251 2890 3392 2949 δδὶιν,
3424 2890 3561 2940 εἰσὶν
3593 2891 3640 2941 ol
3675 2888 3832 2941 ἀκού-

2247 3001 2414 3046 οντες,
2468 2979 2588 3035 εἶτα
2637 2982 2856 3051 ἔρχεται
2887 2983 2914 3031 ὀ
2966 2979 3210 3041 διάϐολος
3245 2979 3339 3030 καὶ
3372 2978 3518 3050 αἴρει
3559 2981 3650 3032 τὴν
3683 2982 3834 3049 λόγον

2247 3075 2355 3128 ἀπὸ
2402 3077 2498 3141 τῆς
2553 3073 2780 3142 καρδίας
2814 3072 3012 3137 αὺτῶν,
3054 3071 3138 3124 ἵνα
3183 3071 3257 3141 μὴ
3295 3074 3689 3136 πιστεύσαντες
3730 3093 3832 3126 σω-

2248 3169 2431 3223 θῶσιν.
2495 3168 2555 3220 Οἱ
2609 3167 2664 3220 δὲ
2731 3167 2822 3220 ἐπὶ
2873 3166 2970 3235 τῆς
3006 3167 3233 3235 ⁸πέτρας,
3266 3165 3313 3217 οἳ
3365 3167 3493 3216 ὅταν
3535 3166 3832 3229 ἀκούσωσι,

2252 3263 2389 3333 μετὰ
2425 3264 2596 3329 χαρᾶς
2624 3260 2870 3328 δέχονται
2905 3259 2994 3310 τὸν
3024 3257 3201 3324 λόγον,
3237 3257 3330 3308 καὶ
3361 3250 3509 3311 οὗτοι
3539 3257 3698 3327 ῥίζαν
3738 3263 3835 3311 οὑκ

2248 3355 2482 3424 ἔχουσιν,
2521 3354 2568 3404 οἳ
2602 3353 2737 3422 πρὸς
2790 3352 2982 3421 καιρὸν
3018 3350 3356 3412 πιστεύουσι,
3405 3352 3498 3402 καὶ
3547 3353 3606 3403 ὲν
3658 3351 3835 3422 καιρῷ

2250 3445 2554 3513 πειρασμοῦ
2579 3443 2925 3511 ἀφίστανται.
2953 3442 3025 3494 Τὸ
3051 3442 3106 3494 δὲ
3140 3441 3218 3504 είς
3253 3440 3350 3502 τὰς
3374 3441 3621 3504 ἀκάνθας
3645 3444 3834 3506 πεσὸν,

2247 3531 2393 3590 οὗτοί
2445 3538 2581 3588 εἰσιν
2625 3536 2674 3587 οἱ
2723 3533 3077 3598 ἀκούσαντες,
3135 3537 3227 3584 καὶ
3279 3533 3383 3585 ὑπὸ
3423 3536 3711 3603 μεριμνῶν
3744 3539 3836 3590 καὶ

2249 3628 2480 3680 πλούτου
2534 3629 2626 3680 καὶ
2658 3626 2861 3696 ἡδονῶν
2898 3624 2989 3678 τοῦ
3043 3626 3158 3694 βίου
3197 3624 3558 3695 πορευόμενοι
3597 3628 3836 3694 συμπνε-

2248 3735 2457 3786 γονται,
2504 3721 2600 3771 καὶ
2630 3720 2690 3771 οὺ
2731 3718 3140 3791 τελεσφοροῦσι.
3175 3721 3248 3773 Τὸ
3289 3721 3345 3774 δὲ
3378 3723 3436 3774 ἐν
3467 3727 3534 3792 τῇ
3570 3724 3711 3794 καλῇ
3742 3728 3836 3794 γῇ,

2248 3805 2392 3864 οὗτοί
2448 3813 2584 3862 εἰσιν
2644 3812 2839 3875 οἵτινες
2903 3815 2960 3864 ὲν
3017 3814 3215 3884 καρδία
3268 3815 3405 3884 καλῇ
3475 3816 3573 3868 καὶ
3633 3817 3834 3887 ἀγαθῇ,

2249 3899 2582 3963 ἀκούσαντες
2613 3901 2703 3954 τὸν
2735 3901 2916 3969 λόγον,
2949 3904 3241 3974 κατέχουσι
3263 3907 3358 3960 καὶ
3390 3910 3838 3976 καρποφοροίσιν

2247 3994 2306 4045 ἐν
2339 3994 2604 4062 ὑπομονῇ.
2645 4012 2662 4044 ›
2713 3995 2874 4062 Τρετς
2903 3995 3080 4061 τάξεις
3115 3998 3219 4050 eiul.
3261 3998 3371 4051 τῶν
3403 4001 3478 4069 μὴ
3513 4001 3837 4068 σωζομένων

2251 4083 2502 4138 ἐνταῦθα.
2544 4086 2607 4136 Οἱ
2659 4086 2756 4154 μὲν
2784 4087 2892 4157 γὰρ
2941 4089 3092 4158 παρὰ
3124 4091 3222 4158 τὴν
3278 4091 3416 4156 ὁδὸν,
3457 4094 3507 4144 oi
3541 4094 3669 4161 μηδ’
3703 4093 3837 4156 ὅλως

2250 4177 2682 4248 παραδεξάμενοι
2713 4179 2806 4232 τὸν
2835 4180 3015 4248 λόγον.
3050 4183 3262 4253 Ὠσπερ
3294 4185 3404 4254 γὰρ
3441 4187 3467 4254 ἡ
3496 4187 3635 4250 έδὶς,
3669 4205 3838 4241 κατα-

2248 4271 2608 4342 πεπατημένη
2669 4275 2764 4326 καὶ
2835 4275 3300 4345 συμπεπιλημένη
3359 4279 3423 4330 οὐ
3477 4278 3694 4348 δέχεται
3748 4282 3837 4334 τὸν

2250 4363 2470 4432 σπόρον,
2505 4363 2580 4426 ὡς
2613 4363 2824 4434 σκληρὰ
2838 4360 3005 4429 οὖσα,
3040 4365 3183 4420 οὕτω
3211 4369 3304 4420 καὶ
3334 4370 3384 4420 oi
3414 4370 3836 4441 σκληροκάρδιοι

2247 4452 2352 4505 οὐδ’
2383 4453 2520 4518 ὅλως
2549 4455 2942 4526 παραδέχονται
2978 4458 3069 4510 τὸν
3107 4458 3287 4526 λόγον,
3320 4461 3425 4515 κᾶν
3454 4463 3719 4528 ἀκούωσι,
3761 4467 3835 4535 μὴ

571 4543 776 4600 petram
826 4536 1216 4608 intelliguntur,
1278 4541 1577 4609 suscipiunt
1616 4545 1853 4610 quidem,
1891 4547 1984 4601 sed
2036 4563 2143 4616 prae

2252 4545 2626 4616 προσέχοντες.
2679 4548 2744 4600 Ol
2793 4547 2848 4601 δὲ
2885 4550 3040 4620 παρὰ
3065 4551 3164 4620 τὴν
3202 4553 3432 4622 πέτραν,
3471 4556 3519 4607 οἱ
3549 4554 3833 4626 δεξάμενοι

571 4624 882 4680 inﬁrmitate
933 4629 1162 4681 humana
1216 4629 1267 4683 in
1332 4635 1720 4688 tentationibus
1775 4649 2138 4694 marcescunt.

573 4712 736 4767 Tertii
767 4727 889 4770 sunt
917 4719 1006 4786 qni
1042 4734 1161 4774 cum
1198 4722 1521 4776 audiverunt
1548 4733 1601 4778 et
1629 4737 2002 4794 susceperunt,
2032 4745 2142 4798 pra:

573 4806 715 4861 curis
767 4808 885 4860 vita:
945 4810 1101 4879 ltujns
1152 4811 1508 4869 sutl‘ocantur.
1561 4814 1735 4886 Igitur
1782 4826 1892 4872 tres
1923 4819 2138 4888 quidem

572 4909 752 4967 partes
806 4915 992 4954 eorum
1043 4913 1167 4958 sunt
1202 4906 1291 4973 qui
1328 4917 1571 4974 pereunt,
1611 4923 1714 4962 una
1744 4923 1923 4964 autem
1957 4925 2139 4967 eorum

571 4989 658 5058 qui
718 4988 1018 5043 salvantur.
1075 4993 1149 5045 Ita
1202 4997 1356 5064 pauci
1389 4998 1601 5066 quidem
1635 5009 1758 5052 sunt
1794 5000 1886 5068 qui
1924 5016 2147 5056 servan-

569 5089 673 5145 tur,
727 5081 910 5150 plures
959 5093 1137 5137 autem
1182 5087 1272 5153 qui
1319 5099 1564 5154 pereunt.
1615 5089 1744 5144 Vide
1769 5091 1897 5144 item
1927 5108 2046 5147 cum
2084 5094 2149 5148 de

571 5169 657 5224 bis
708 5172 798 5240 qui
850 5172 1203 5237 suﬂ'ocantur,
1254 5177 1511 5245 loquitur,
1553 5185 1820 5248 quomodo
1857 5199 1963 5237 non
1998 5184 2144 5251 dicit,

579 5264 717 5330 quod
774 5277 880 5330 prae
935 5266 1136 5321 divitiis
1196 5267 1546 5334 suti‘ocentnr,
1571 5275 1661 5327 sed
1695 5277 1974 5340 prte'curis
2011 5277 2148 5331 divi-

576 5353 768 5406 tiarum
799 5363 854 5406 et
881 5357 1356 5414 sollicitudinibus.
1389 5360 1502 5414 Non
1527 5365 1667 5417 enim
1696 5366 1894 5421 divitia:
1925 5380 2142 5437 nocent,

569 5446 661 5497 sed
702 5444 1093 5502 sollicitudines
1138 5465 1350 5503 carum.
1390 5452 1535 5506 Multi
1583 5457 1723 5509 enim
1771 5475 1960 5529 magna
1987 5475 2140 5515 com-

571 5539 725 5592 moda
758 5553 821 5592 ex
854 5539 1056 5594 divitiis
1092 5544 1412 5611 percipiunt,
1444 5546 1562 5600 illas
1591 5548 1640 5601 in
1672 5564 1963 5619 pauperum
2011 5569 2141 5609 ven-

577 5641 680 5683 tres
733 5629 1099 5696 projicicntes.
1154 5635 1442 5692 Considera
1483 5653 1694 5708 quoque
1724 5652 1775 5696 et
1805 5643 2135 5714 diligentiam

647 5805 686 5838 ⁸’
711 5809 894 5864 Μηὲιιι.
931 5830 1017 5870 ιιι,
1056 5816 1098 5859 ξς.

2247 4637 2367 4705 μὲν,
2397 4633 2517 4693 εἶτα
2550 4641 2654 4693 ὑπὸ
2677 4640 2962 4706 ἀσθενείας
2991 4643 3340 4717 ἀνθρωπίνης
3368 4648 3479 4710 τοῖς
3504 4654 3835 4719 πειρασμοῖς

2244 4727 2803 4797 ὑπομαλακισθέντες.
2855 4732 3042 4803 Τρίτοι
3092 4735 3170 4802 δὶ,
3227 4736 3278 4788 oi
3325 4737 3690 4803 ἀκούσαντες,
3742 4743 3835 4794 καὶ

2243 4818 2349 4870 ὑπὸ
2384 4820 2663 4890 μεριμνῶν
2709 4823 2802 4876 τοῦ
2840 4823 2958 4894 βίου
3007 4829 3461 4898 συμπνιγόμενοι.
3514 4833 3683 4904 Τρεῖς
3732 4835 3830 4904 μὲν

2243 4909 2335 4962 οὖν
2370 4912 2588 4980 μερίδες
2615 4915 2721 4967 είσὶ
2761 4917 2869 4969 τῶν
2927 4920 3344 4991 ἀπολλυμένων,
3399 4925 3501 4993 μία
3537 4925 3597 4978 δὲ
3642 4929 3677 4998 ή
3729 4929 3832 4981 τῶν

2249 5001 2606 5072 σωζομένων·
2659 5007 2832 5071 οὕτως
2883 5009 3055 5078 ὀλίγοι
3106 5013 3207 5083 μέν
3244 5015 3381 5068 είσιν
3425 5018 3475 5070 oi
3508 5019 3828 5088 σωζόμενοι,

2248 5093 2464 5159 πλείους
2491 5096 2546 5149 δὲ
2569 5099 2619 5152 οἱ
2651 5099 3034 5171 ἀπολλύμενοι.
3070 5103 3217 5173 Ὅρα
3247 5107 3304 5160 δὲ
3334 5109 3426 5160 ἐπὶ
3463 5111 3572 5163 τῶν
3597 5129 3829 5180 συμπνιο

2246 5186 2512 5254 γομένων,
2565 5192 2682 5255 πῶς
2709 5194 2808 5247 οὐκ
2859 5190 3011 5250 εἶπεν
3040 5199 3122 5252 δτι
3158 5199 3264 5252 ὑπὸ
3291 5201 3386 5254 τοῦ
3426 5204 3663 5258 πλούτου
3694 5224 3828 5274 συμ-

2246 5279 2549 5347 πνὶγονται,
2588 5284 2703 5335 ἀλλ’
2733 5285 2838 5338 ὑπὸ
2870 5287 2979 5340 τῶν
3017 5290 3299 5358 μεριμνῶν
3329 5293 3425 5345 τοῦ
3469 5293 3729 5349 πλούτου.
3759 5295 3828 5349 Οὐ

2248 5371 2355 5439 γὰρ
2409 5372 2437 5423 δ
2490 5373 2720 5439 πλοῦτος
2769 5376 3019 5446 βλάπτει,
3055 5378 3170 5432 ἀλλ’
3201 5381 3258 5432 αί
3313 5384 3578 5451 μέριμναι
3619 5389 3826 5441 τούτου.

2249 5462 2406 5517 Ἐπεὶ
2432 5465 2616 5518 πολλοὶ
2643 5467 2749 5520 ὑπὸ
2770 5468 2867 5522 τοῦ
2899 5469 3131 5523 πλούτου
3161 5470 3546 5543 ὠφελήθησαν,
3578 5476 3826 5547 ῥίψαντες

2249 5552 2407 5606 αὑτὸν
2442 5557 2520 5618 είς
2551 5557 2649 5619 τὰς
2676 5557 2786 5611 τῶν
2812 5560 3058 5629 πενήτων
3090 5561 3385 5630 γαστέρας.
3419 5564 3622 5620 Σκόπει
3654 5567 3708 5619 δὲ
3743 5584 3823 5635 μοι

2248 5643 2338 5695 καὶ
2371 5643 2470 5715 τὴν
2497 5647 2781 5718 ἀκρίϐειαν
2820 5648 2912 5703 τοῦ
2951 5650 3365 5721 εὐαγγελιστοῦ,
3401 5655 3520 5720 πῶς
3567 5659 3671 5728 ἔφη
3704 5661 3820 5730 περὶ
