4038 6540
227 497 331 560 801

227 611 340 663 τῶν
397 605 743 676 σωζομένων,
794 603 990 667 οἵτινες

229 702 546 770 κατέχουσι.
580 696 751 748 Τοῦτο
782 695 892 764 γὰρ
921 691 1046 747 εἷπε
1094 695 1180 747 διὰ
1210 695 1335 756 τοὺς
1374 693 1523 762 παρὰ
1557 691 1655 762 τὴν
1681 691 1855 744 ὁδόν..

228 789 391 847 Οὗτοι
426 794 534 862 γάρ
567 791 627 841 οὑ
669 788 984 858 κατέχουσι,
1030 786 1144 839 ἀλλ’
1172 787 1318 856 αἴρει
1351 777 1624 850 τὸνλόγον
1655 786 1680 836 ὁ
1710 784 1824 835 διά-

228 885 386 948 ϐολος
409 887 504 937 ἀπ’
524 882 724 935 αὑτῶν·
745 882 806 934 τὸ
831 879 909 944 δὲ,
937 879 1401 951 καρποφοροῦσιν,
1429 874 1551 930 εἶπε
1582 877 1672 931 διὰ
1697 876 1823 938 τοὺς

229 976 730 1050 συμπνιγομένους,
781 975 874 1026 καὶ
927 973 1000 1043 μὴ
1039 971 1537 1042 ,τελεσφοροῦντας.
1592 971 1823 1024 Ἐκεῖνοι

226 1071 337 1140 γὰρ
377 1068 438 1120 οὑ
470 1064 938 1138 καρποφοροῦσιν,
971 1067 1020 1117 ol
1054 1065 1130 1134 μὴ
1159 1063 1612 1134 τελεσφοροῦντες
1655 1061 1819 1130 λέγω.

227 1162 302 1214 Τὸ
332 1161 409 1224 δὲ,
443 1160 501 1212 ἐν
531 1159 802 1226 ὑπομονῇ,
837 1152 957 1208 εἷπε
995 1156 1084 1207 διὰ
1113 1156 1240 1218 τοὺς
1262 1156 1356 1208 ἐπὶ
1383 1153 1484 1222 τῆς
1520 1149 1746 1223 πέὲρας,
1773 1153 1822 1205 οἶ

224 1252 474 1322 δέχονται
517 1252 616 1319 μὲν
640 1250 729 1301 τὸν
764 1249 940 1316 λόγον,
979 1247 1076 1317 οὑχ
1126 1248 1492 1316 ὑπομένοντες
1540 1246 1596 1299 δὲ
1628 1262 1823 1316 πειρα-

227 1343 370 1414 σμοῦ
410 1344 618 1410 ἔφοδον,
667 1342 917 1410 ἀδόκιμοι
955 1341 1257 1408 φαίνονται.
1312 1340 1478 1410 Ὁρᾷς
1524 1337 1643 1401 πῶς
1697 1335 1820 1391 εἷπε

226 1438 358 1506 περὶ
403 1436 513 1487 τῶν
546 1435 871 1504 σωζομένων
912 1434 992 1496 τὸ,
1027 1433 1340 1502 κατέχουσι,
1377 1433 1469 1484 καὶ
1498 1433 1578 1493 τὸ,
1612 1449 1822 1501 καρπο-

224 1527 478 1595 φοροῦσι.
515 1527 606 1579 καὶ
632 1527 711 1591 τδ,
746 1526 1018 1596 ὑπομονῇ,
1044 1527 1140 1578 καὶ
1167 1525 1254 1579 διὰ
1281 1525 1492 1578 τούτων
1514 1523 1624 1576 τῶν
1650 1525 1820 1594 τριῶν

223 1620 597 1672 άποδιέστει).ε
655 1619 851 1682 αὑτοὺς
909 1619 1019 1671 ἀπὸ
1055 1617 1163 1670 τῶν
1201 1618 1277 1688 μὴ
1328 1617 1692 1686 κατεχόντων,
1724 1617 1808 1668 οἴ-

221 1714 369 1774 τινές
401 1713 540 1764 είσιν
576 1712 623 1763 ol
658 1713 811 1779 παρὰ
840 1710 937 1780 τὴν
969 1711 1085 1763 ὀδόν
1117 1711 1216 1780 (3).
1265 1709 1397 1761 Ἀπὸ
1424 1709 1535 1762 τῶν
1569 1709 1644 1778 μὴ
1688 1709 1823 1760 ὑπο-

225 1807 501 1875 μενόντων
531 1803 840 1875 πειρασμοῦ
870 1803 1082 1871 ἔφοδον,
1116 1803 1314 1866 οἵτινές
1349 1806 1488 1856 εἰσιν
1513 1802 1562 1854 ol
1597 1806 1654 1854 ὲν
1699 1803 1818 1862 ταῖς

222 1897 513 1960 ἀκάνθαις.
574 1898 707 1950 Ἀπὸ
762 1895 870 1949 τῶν
929 1895 1004 1965 μὴ
1061 1895 1444 1965 ὑπομενόντων
1503 1892 1815 1964 πειρασμοῦ

221 1991 434 2059 ἔφοδον,
466 1988 663 2049 οίτινές
686 1991 824 2041 εἰσιν
854 1988 901 2039 ol
937 1988 1028 2040 ἐπὶ
1062 1987 1162 2056 τῆς
1196 1989 1423 2057 πέτρας.

300 2301 319 2332 ι
367 2281 554 2343 Οὐδεὶς
580 2280 634 2333 δὲ
667 2280 861 2350 λύχνον
891 2279 1054 2348 ἅψας,
1083 2266 1350 2331 καλύπτει
1390 2275 1555 2328 αὑτὸν
1604 2273 1812 2338 σκεύει,

215 2376 251 2445 ἢ
282 2374 544 2428 ὑποκάτω
580 2374 766 2441 κλίνης
824 2372 1062 2441 τίθησιν,
1107 2368 1221 2421 ἀλλ’
1255 2369 1349 2420 ἐπὶ
1389 2367 1609 2436 λυχνίας
1645 2365 1820 2418 ἐπιτί-

217 2466 404 2535 θησιν,
440 2467 528 2519 ἵνα
577 2467 625 2517 οἱ
675 2464 1123 2534 εἰσπορευόμενοι
1171 2461 1412 2531 βλέπωσι
1459 2459 1519 2511 τὸ
1570 2459 1707 2526 φῶς.
1743 2457 1819 2509 Οὑ

214 2560 330 2629 γάρ
384 2562 500 2610 ἐστι
555 2558 815 2627 κρυπτὸν,
869 2553 899 2607 ὅ
947 2555 1007 2607 οὑ
1041 2554 1279 2623 φανερὸν
1327 2555 1659 2621 γενήσεται,
1699 2548 1822 2601 οὑδὲ

213 2654 542 2724 ἀπόκρυφον
571 2651 599 2702 ὃ
625 2651 684 2702 οὑ
721 2648 1122 2718 γνωσθήσεται,
1162 2648 1256 2700 καὶ
1286 2647 1364 2708 είς
1398 2642 1634 2714 φανερὸν
1668 2641 1818 2712 ἔλθῃ.

212 2747 459 2798 Βλέπετε
503 2743 595 2796 οὖν
650 2742 766 2805 πῶς
806 2741 1056 2796 ἀκούετε.
1094 2742 1190 2802 Ὃς
1247 2742 1357 2808 γάρ
1389 2738 1458 2791 ἂν
1501 2736 1622 2809 ἔχῃ,
1661 2734 1822 2805 600i)-

213 2855 375 2890 σεται
411 2835 563 2904 αὑτῷ
587 2851 602 2865 ·
639 2836 735 2886 καὶ
768 2833 824 2896 δς
870 2833 935 2884 ἂν
971 2832 1046 2902 μὴ
1097 2832 1218 2903 ἔχῃ,
1257 2833 1350 2884 καὶ
1388 2830 1416 2882 ὃ
1462 2830 1613 2882 δοκεῖ
1650 2828 1819 2899 ἐχειν,

210 2929 524 3002 ἀρθήσεται
550 2929 645 2982 ἀπ’
673 2926 864 2980 αὑτοῦ.
900 2926 1103 2995 Ἀλλης
1134 2924 1487 2987 διδασκιλίας
1541 2923 1687 2993 ἀρχὴ
1735 2922 1824 2974 ὲν-

208 3023 416 3078 ταῦθα.
446 3023 587 3093 Πρὸς
614 3022 685 3088 γά
697 3038 729 3091 ρ
751 3021 877 3082 τοὺς
910 3017 1159 3089 μαθητὰς
1192 3019 1616 3086 ἀποτεινόμενος
1646 3013 1823 3067 ταῦτα.

208 3117 395 3182 λέγει,
446 3117 526 3178 εἰς
563 3115 851 3182 ἁκρίδειαν
905 3112 1020 3180 βίου
1054 3111 1262 3176 ὲνάγων
1296 3110 1516 3182 ἀὑτοὺς
1559 3108 1657 3162 καὶ
1691 3124 1818 3160 παι-

205 3207 394 3261 δεύων
416 3205 744 3272 ἐναγωνίους
774 3197 933 3264 εἶναι,
969 3201 1044 3265 ὡς
1078 3200 1229 3271 παρὰ
1265 3199 1484 3253 πάντων
1516 3197 1818 3270 βλέπεσθαι

889 492 1338 554 ENARRATIO
1380 493 1460 552 ΙΝ
1503 490 1821 552 EVANGEl

1932 491 2004 548 iBl
2052 491 2286 582 IrUCJE.
2331 515 2398 525 --
2433 490 2597 550 CAP.
2641 489 2811 551 VIII.

1084 603 1423 665 ἀκούσαντες
1495 602 1589 655 τὸν
1643 601 1821 666 λόγον,

1932 603 2300 671 evangelistae,
2331 603 2603 671 quomodo
2635 601 2829 655 dixerit
2864 600 2929 654 dc
2978 599 3062 654 his
3110 599 3198 666 qui
3234 597 3536 655 salvantur.

3431 490 3538 556 80.‘

1936 698 2078 762 quod
2107 697 2349 749 auditum
2396 710 2704 748 sermonem
2753 693 3043 746 n-tiucant.
3079 691 3188 745 lloc
3215 692 3361 747 enim
3404 694 3544 747 dixit

1934 797 2161 858 prepter
2217 803 2311 842 eos
2363 787 2455 856 qui
2509 803 2604 855 per
2637 787 2774 839 \iatn
2824 786 3222 852 intelliguntur.
3276 785 3338 838 Hi
3391 785 3538 840 enim

1931 894 2042 933 non
2101 881 2360 941 retinent,
2396 880 2488 932 sed
2518 879 2764 933 diabolus
2813 879 2954 931 tollit
2985 879 3051 930 ab
3081 880 3160 932 eis
3192 891 3539 943 sermonem;

1928 981 1984 1026 et
2039 973 2181 1038 quod
2242 970 2480 1025 fructum
2537 968 2792 1032 aderant,
2847 968 2984 1021 dixit
3049 977 3275 1038 propter
3323 981 3418 1022 eos
3447 968 3544 1038 qui

1928 1063 2290 1129 suﬂ'ocantur,
2351 1064 2521 1131 etqui
2550 1077 2657 1116 non
2695 1062 2992 1130 perdurant
3037 1075 3210 1129 usque
3257 1059 3321 1115 ad
3351 1058 3537 1114 ﬁnem.

1930 1131 2180 1211 llli.enim
2213 1154 2449 1210 fructum
2482 1170 2591 1209 non
2615 1153 2868 1218 afferunt,
2907 1155 2997 1224 qui
3043 1169 3147 1206 non
3189 1163 3543 1223 perseverant

1928 1264 2098 1320 usque
2150 1249 2217 1303 ad
2285 1249 2466 1304 tinem.
2523 1247 2694 1301 Porro
2741 1247 2885 1316 quod
2941 1245 3097 1311 dicit,
3142 1247 3197 1298 in
3254 1246 3538 1313 patientia,

1926 1345 2067 1398 dixit
2119 1354 2342 1413 propter
2368 1358 2464 1398 eos
2506 1343 2597 1411 qui
2644 1350 2810 1410 super
2838 1350 3070 1410 petram,
3106 1339 3198 1408 qui
3231 1333 3542 1407 suscipiunt

1927 1439 2150 1508 quidem
2183 1452 2518 1502 sermonem,
2551 1450 2656 1490 non
2680 1435 2958 1492 sustinent
2997 1444 3179 1487 autem
3220 1432 3542 1486 tentationis

1927 1531 2177 1596 insidias,
2224 1539 2279 1584 et
2329 1527 2756 1597 comprobantur
2803 1525 3043 1597 reprobi.
3073 1525 3238 1579 Vides
3262 1524 3540 1594 quomodo

1933 1624 2130 1678 dixerit
2161 1624 2227 1678 de
2254 1623 2337 1676 his
2369 1623 2458 1692 qui
2496 1621 2797 1687 Salvautur,
2833 1620 2978 1688 quod
3010 1618 3298 1684 retineant,
3325 1626 3382 1671 et
3427 1615 3543 1670 fru-

1926 1728 2074 1774 ctum
2109 1717 2337 1783 faciant,
2390 1725 2558 1785 atque
2606 1716 2658 1770 id
2705 1715 2760 1769 in
2818 1713 3078 1784 patientia
3115 1727 3128 1765 :
3161 1721 3216 1767 et
3266 1726 3365 1782 per
3433 1711 3539 1763 tria

1925 1809 2238 1864 distinxerit
2305 1822 2400 1863 eos
2449 1827 2461 1861 :
2520 1808 2588 1861 ab
2648 1807 2735 1861 his
2775 1806 2868 1873 qui
2928 1820 3034 1858 non
3065 1804 3328 1867 retinent,
3371 1813 3423 1855 et
3485 1799 3541 1854 hi

1927 1915 2054 1957 sunt
2079 1905 2170 1973 qui
2219 1903 2374 1972 juxta
2425 1902 2566 1954 viam
2604 1918 2616 1952 :
2649 1899 2719 1953 ab
2759 1898 2842 1952 his
2875 1896 2967 1967 qui
3005 1896 3243 1952 fructum
3291 1910 3399 1949 non
3459 1891 3542 1945 af-

1932 1995 2134 2058 ferunt,
2191 2005 2241 2049 ct
2292 1994 2345 2048 hi
2377 2002 2501 2047 sunt
2532 1993 2622 2061 qui
2657 1993 2800 2045 inter
2823 1991 3011 2060 spinas
3045 2008 3059 2043 :
3100 1988 3168 2042 ab
3199 1989 3282 2042 his
3312 1988 3402 2052 qui
3431 1999 3539 2039 non

1931 2086 2208 2141 sustinent
2261 2085 2576 2140 tetitationis
2625 2083 2872 2149 insidias,
2911 2093 2965 2136 et
2997 2082 3049 2135 hi
3081 2090 3208 2138 sunt
3255 2080 3344 2150 qui
3377 2093 3542 2148 super

1928 2189 2163 2248 petram.

2002 2291 2163 2346 Vens.
2200 2293 2392 2347 l6.l8.
2435 2311 2452 2341 ι
2492 2291 2664 2347 Nemo
2687 2304 2814 2345 vero
2844 2305 2966 2344 cum
3002 2289 3284 2343 lucernam
3336 2299 3538 2339 arcen-

1930 2386 2094 2449 derit,
2119 2386 2294 2453 aperit
2323 2399 2443 2438 eam
2470 2399 2620 2450 vase,
2654 2394 2745 2437 aut
2770 2382 2958 2437 subter
2978 2383 3179 2437 lectum
3211 2380 3385 2450 ponit,
3442 2381 3538 2433 sed

1928 2493 2096 2546 super
2126 2478 2519 2532 candelabrum
2565 2475 2739 2548 ponit,
2788 2485 2848 2530 ut
2895 2477 3164 2530 intrantes
3193 2474 3413 2528 videant
3453 2472 3537 2525 lu-

1927 2587 2073 2626 men.
2100 2569 2217 2624 Non
2250 2582 2336 2627 est
2370 2570 2512 2624 enim
2542 2569 2840 2634 occultum,
2873 2569 3015 2636 quod
3049 2581 3157 2621 non
3184 2564 3536 2620 manifestum

1927 2667 1997 2718 sit
2038 2663 2280 2717 futurum
2310 2682 2323 2717 :
2360 2677 2459 2717 nec
2491 2661 2898 2724 absconditum,
2924 2659 3067 2728 quod
3099 2673 3204 2712 non
3237 2659 3310 2712 sit
3333 2673 3539 2728 cogno-

1928 2758 2212 2819 scendum,
2259 2766 2314 2810 et
2358 2758 2411 2810 in
2459 2753 2802 2825 propatnlum
2850 2762 3161 2808 venturum.
3190 2749 3382 2805 Videte
3405 2765 3539 2820 ergo

1928 2849 2202 2918 quomodo
2230 2848 2486 2902 audiatis.
2505 2844 2924 2913 Quisquisenim
2952 2841 3138 2906 habet,
3166 2841 3392 2895 dabitur
3421 2842 3528 2896 illi:

1929 2953 1985 2996 et
2045 2940 2362 3011 quicunque
2409 2954 2514 2992 non
2546 2937 2735 2998 habet,
2768 2936 2936 2989 etiam
2972 2935 3118 3006 quod
3149 2943 3305 3004 putat
3343 2948 3401 2987 se
3437 2935 3538 2986 ha-

1931 3034 2082 3098 bere,
2116 3030 2398 3085 auferetur
2423 3030 2490 3084 ab
2523 3046 2610 3084 eo.
2662 3047 2679 3078 ›
2713 3027 2823 3083 lloc
2856 3026 2975 3082 loco
3009 3026 3238 3081 alterius
3275 3026 3541 3080 doctrina:

1930 3125 2144 3179 initium
2171 3133 2276 3179 est.
2316 3123 2395 3178 Ad
2428 3120 2724 3191 discipulos
2756 3120 2902 3174 enim
2935 3134 3247 3194 sermonem
3274 3119 3538 3189 dirigens,

1931 3219 2045 3273 hac
2102 3218 2235 3272 dicit
2285 3218 2546 3271 inducens
2599 3229 2697 3268 eos
2729 3213 2799 3268 ad
2827 3223 3033 3268 sanctae
3063 3213 3188 3266 vita:
3218 3211 3536 3280 diligentem

208 3299 539 3370 μέλλοντας.
585 3297 644 3349 'O
684 3297 793 3366 γὰρ
844 3294 1113 3348 διδάσκων
1162 3293 1258 3346 καὶ
1306 3292 1618 3362 κηρύττων,
1666 3292 1820 3363 παρὰ

1932 3310 2260 3375 custodiam,
2294 3319 2348 3363 et
2396 3309 2675 3362 instruens
2701 3317 2759 3360 ut
2798 3305 3086 3375 semperin
3124 3320 3300 3375 agone
3330 3304 3445 3359 sint
3473 3320 3541 3359 ac

203 3393 442 3444 πάντων
479 3390 758 3460 βλέπεται,
804 3389 954 3458 παρὰ
1002 3387 1224 3440 πάντων
1270 3387 1718 3454 περισκοπείται,
1773 3386 1822 3438 εί

204 3480 385 3543 καλός
416 3480 562 3532 ἐστιν
592 3478 623 3548 ἢ
655 3478 990 3543 τούναντίον,
1041 3475 1137 3530 καὶ
1161 3475 1314 3528 οὐδὲν
1347 3476 1458 3528 τῶν
1488 3473 1654 3527 αὑτοῦ
1689 3473 1826 3545 κρὺ-

203 3589 442 3626 πτεται.
489 3570 680 3639 Ὑμεῖς
709 3567 825 3636 οὖν,
858 3564 903 3622 ὦ
931 3569 1194 3640 μαθηταὶ,
1222 3568 1320 3621 ἐὰν
1355 3567 1517 3638 ἔχητε
1549 3567 1824 3639 προσοχὴν

204 3664 314 3717 καὶ
362 3661 626 3731 σπουδὴν,
671 3660 1141 3730 δοθήσεταιὺμίν
1200 3658 1399 3711 πλείων
1450 3657 1612 3727 χάρις
1671 3659 1824 3728 παρὰ

199 3754 385 3810 Θεοῦ.
426 3755 520 3816 Ὃς
547 3755 592 3806 δ’
619 3753 685 3808 ἂν
728 3755 802 3825 μὴ
830 3753 928 3824 ἔχῃ
952 3749 1190 3820 σπουδὴν
1217 3752 1310 3802 καὶ
1335 3750 1636 3820 προσοχὴν,
1674 3749 1770 3802 καὶ
1796 3749 1826 3804 ὃ

200 3851 372 3903 δοκεῖ
429 3847 576 3916 ἔχειν
628 3848 876 3916 χάρισμα
935 3845 1043 3898 ἀπὸ
1086 3843 1248 3910 Θεοῦ,
1282 3842 1371 3896 διά
1411 3844 1511 3913 τῆς
1559 3844 1825 3915 ἀμελείας

198 3941 392 3999 αὑτοῦ
433 3941 838 3995 κατασϐέννυσι
871 3938 969 3992 καὶ
994 3937 1284 3992 ἀπόλλυσι.

289 4253 314 4286 ε
367 4232 740 4302 Παρεγὲνοντο
793 4229 851 4281 δί
901 4229 1038 4298 πρὸς
1097 4228 1262 4281 αὑτὸν
1299 4230 1333 4298 ή
1394 4228 1578 4299 μήτηρ
1624 4231 1719 4282 καὶ
1774 4229 1823 4280 οἱ

191 4326 445 4392 ἀδελφοὶ
472 4322 660 4384 αὑτοῦ,
692 4321 786 4373 καὶ
815 4320 916 4372 οὑκ
949 4319 1216 4390 ἠδύναντο
1249 4321 1534 4390 συντυχεῖν
1561 4319 1712 4390 αὑτῷ
1735 4319 1824 4374 διὰ

189 4421 306 4474 τὸν
331 4416 514 4486 ὄχλον.
549 4415 657 4468 Καὶ
682 4413 969 4484 ἀπηγγέλη
1001 4411 1171 4481 αὒτῷ,
1203 4412 1470 4480 λεγόντων
1494 4428 1507 4442 ·
1542 4411 1609 4464 Ἦ
1638 4413 1824 4482 μήτηρ

191 4528 310 4565 σου
366 4508 461 4560 καὶ
496 4507 543 4558 οί
579 4503 798 4572 ἀδελφοί
830 4520 925 4557 σου
965 4503 1265 4572 ἑστήκασιν
1304 4501 1430 4566 ἔξω,
1468 4502 1600 4554 ίδεῖν
1629 4519 1688 4554 σε
1730 4502 1823 4555 θέ-

188 4607 430 4663 λοντες.
475 4600 532 4652 Ὀ
555 4599 610 4651 δὲ
637 4596 984 4668 ἀποκριθεὶς,
1020 4591 1138 4648 εἶπε
1175 4595 1311 4666 πρὸς
1343 4594 1541 4658 αὐτούς
1563 4612 1576 4625 ο
1613 4596 1819 4666 Μήτηρ

191 4714 316 4768 μου
358 4694 457 4746 καὶ
493 4689 715 4758 ἀδελφοί
755 4707 856 4760 μου
908 4684 1057 4743 οὗτοι
1105 4690 1246 4741 εἰσιν
1279 4691 1326 4742 οί
1377 4689 1468 4741 τὸν
1524 4688 1684 4758 λόγον
1724 4689 1819 4741 τοῦ
1854 4668 1898 4724 D

183 4788 355 4844 Θεοῦ
408 4784 700 4846 ἀκούοντες
746 4785 842 4836 καὶ
880 4781 1184 4844 ποιοῦντες.
1225 4800 1242 4832 ι
1285 4781 1570 4836 Ἐντεῦθεν
1612 4783 1820 4836 δείκνυε

181 4902 322 4945 ται,
363 4880 450 4932 ὅτι
493 4879 592 4930 οὑκ
617 4871 685 4947 ἦν
729 4876 868 4945 μετὰ
909 4875 1019 4929 τῶν
1074 4876 1217 4928 κατὰ
1269 4877 1449 4946 σάρκα
1484 4877 1767 4945 συγγενῶν
1793 4880 1821 4930 ὁ

181 4975 484 5048 Χριστός
517 4969 833 5024 καταλιπὼν
864 4969 974 5040 γὰρ
1003 4970 1248 5035 τούτους,
1279 4970 1532 5039 σχολάζει
1563 4975 1628 5041 τῇ
1655 4988 1820 5023 πνευ-

183 5067 430 5137 ματικῇ
463 5061 806 5133 διδασκαλίᾳ,
854 5060 970 5114 ἀλλ’
1005 5063 1204 5114 ἐκεῖνοι
1251 5062 1649 5130 παραγίνονται
1681 5061 1822 5132 πρὸς

194 5157 408 5214 αὐτόν.
444 5152 633 5214 Οὕτως
670 5148 763 5205 οὖν
810 5151 916 5223 χρὴ
944 5151 1039 5204 καὶ
1072 5151 1252 5204 πάντα
1279 5153 1370 5204 τὸν
1395 5151 1677 5206 διακονίαν
1718 5170 1819 5205 πε-

183 5248 592 5318 πιστευμένον
644 5245 803 5309 Θεοῦ,
866 5244 1033 5316 μηδὲν
1085 5245 1359 5298 ποιεῖσθαι
1424 5247 1823 5316 προτιμότερον

175 5344 453 5409 ταύτης,
492 5339 626 5392 ἀλλὰ
655 5339 750 5390 καὶ
794 5339 974 5406 γονεῖς
1003 5336 1405 5407 παρωθείσθαι,
1445 5338 1562 5405 εἴγε
1597 5339 1825 5404 μέλλου-

181 5455 286 5493 σιν
338 5434 499 5504 ήμᾶς
546 5432 863 5502 ἐμποδίζειν
918 5431 1214 5498 ἀνωφελῶς
1284 5432 1380 5482 καὶ
1427 5430 1604 5500 μάτην
1647 5433 1726 5493 είς
1765 5431 1825 5483 τὸ

177 5531 297 5588 τοῦ
340 5525 490 5579 Θεοῦ
521 5525 704 5594 ἔργον.
744 5524 957 5593 Ὥσπερ
988 5517 1079 5576 οὖν
1111 5522 1204 5574 καὶ
1233 5521 1326 5574 νῦν
1357 5524 1383 5574 ὁ
1421 5524 1627 5593 Κύριος
1657 5527 1821 5578 ποιεῖ.

1929 3399 2254 3467 certamine,
2308 3407 2495 3469 utpote
2541 3398 2609 3453 ab
2666 3396 2921 3452 omnibus
2979 3397 3374 3465 conspicieudi.
3434 3394 3538 3461 Qui

1927 3491 2073 3547 enim
2121 3493 2277 3545 docet
2317 3505 2379 3542 ac
2426 3488 2707 3557 praedicat,
2758 3489 2828 3542 ab
2868 3488 3126 3542 omnibus
3173 3488 3536 3558 conspicitur.

1927 3584 1996 3637 ab
2019 3582 2276 3637 omnibus
2302 3579 2636 3650 tlijudicatur
2663 3622 2677 3646 ,
2705 3580 2872 3651 326
2902 3595 3029 3632 num
3066 3581 3331 3634 honestus
3354 3581 3446 3647 sit,
3483 3591 3539 3635 et

1929 3673 2065 3729 nihil
2123 3673 2267 3744 quod
2301 3670 2428 3725 facit
2470 3672 2798 3726 occultatur.
2835 3670 2939 3725 Vos
2969 3670 3156 3742 igitur,
3192 3687 3224 3725 ο
3252 3671 3533 3740 discipuli.

1928 3770 1975 3824 si
2029 3767 2376 3823 attenderitis
2414 3775 2468 3820 et
2531 3765 2762 3821 studiosi
2815 3763 3051 3826 fueritis,
3117 3764 3341 3819 dabitur
3381 3765 3538 3819 vobis

1929 3863 2102 3932 major
2147 3861 2318 3931 gratia
2377 3873 2408 3913 a
2448 3859 2577 3913 Deo.
2618 3857 2719 3923 Qui
2759 3873 2887 3911 vero
2917 3872 3021 3911 non
3071 3857 3387 3911 adhibuerit
3421 3869 3538 3912 stu-

1929 3954 2076 4009 dium
2109 3962 2163 4007 et
2188 3950 2566 4013 attentionem,
2599 3948 2765 4002 etiam
2799 3948 2843 4002 si
2867 3963 3030 4016 quam
3059 3949 3290 4016 gratiam
3336 3949 3538 4002 habere

1929 4045 2176 4099 videatur
2198 4060 2224 4097 a
2247 4045 2376 4108 Deo,
2395 4057 2488 4111 per
2509 4040 2892 4110 negligentiam
2917 4054 3071 4094 suam
3100 4053 3220 4094 eam
3241 4040 3490 4109 exstingu
3518 4051 3537 4092 t

1929 4149 1980 4194 et
2007 4138 2203 4208 perdit.

2005 4253 2164 4308 Vens.
2205 4251 2392 4309 19-21.
2433 4270 2451 4302 ι
2489 4249 2772 4306 Venerunt
2813 4259 2995 4303 autem
3047 4250 3113 4303 ad
3151 4248 3304 4302 illum
3364 4256 3532 4302 mater

1927 4357 1983 4402 et
2029 4347 2229 4399 fratres
2278 4344 2416 4412 ejus,
2468 4351 2522 4397 et
2583 4357 2692 4396 non
2753 4350 3009 4417 poterant
3053 4341 3208 4394 adire
3256 4354 3380 4394 eum
3425 4355 3531 4407 pra’

1927 4440 2105 4502 turba,
2137 4446 2192 4491 et
2243 4437 2555 4490 nuntiatum
2589 4443 2672 4488 est
2702 4432 2812 4498 illi,g’
2863 4433 3199 4501 dictumque,
3236 4429 3407 4484 Mater
3443 4440 3533 4483 tua

1925 4540 1979 4586 et
2002 4530 2199 4585 fratres
2254 4529 2330 4582 tui
2382 4538 2531 4582 stant
2579 4526 2731 4590 foris,
2773 4525 3015 4580 volentes
3064 4535 3114 4579 te
3164 4525 3370 4580 videre.
3432 4522 3533 4592 Qui

1927 4621 2264 4689 respondens
2296 4619 2434 4674 dixit
2464 4619 2530 4671 ad
2574 4617 2733 4671 illos:
2761 4616 2933 4671 Mater
2971 4632 3087 4670 mea
3120 4626 3172 4670 et
3206 4616 3404 4670 fratres
3431 4616 3531 4671 mei

1931 4713 1984 4768 hi
2019 4722 2149 4767 sunt
2201 4711 2295 4781 qui
2358 4723 2668 4765 sermonem
2724 4706 2819 4761 Dei
2855 4711 3104 4772 audiunt,
3136 4719 3193 4762 et
3238 4707 3445 4762 faciunt
3472 4709 3530 4761 il-

1931 4804 2062 4858 lum.
2104 4821 2122 4854 ι
2166 4802 2277 4858 lloc
2340 4803 2460 4857 loco
2511 4800 2822 4856 ostenditur
2871 4802 3016 4869 quod
3069 4801 3229 4856 fuerit
3279 4818 3384 4856 non
3410 4817 3528 4856 cuni

1930 4897 2240 4952 carnalibus
2267 4896 2515 4964 cognatis
2550 4895 2803 4949 Christus
2829 4911 2841 4946 :
2870 4885 2974 4948 illis
3003 4894 3146 4948 enim
3169 4893 3394 4958 relictis,
3425 4894 3527 4964 spi-

1931 4990 2114 5046 rituali
2140 4989 2370 5044 vacabat
2400 4988 2685 5046 doctriute.
2715 4989 2858 5041 unde
2891 4986 2963 5039 illi
2999 4989 3064 5040 ad
3097 5002 3220 5040 eum
3244 4990 3511 5041 accedunt

1933 5081 2024 5138 Sic
2056 5083 2222 5136 etiam
2249 5087 2464 5151 oportet
2495 5090 2552 5134 ut
2578 5094 2772 5134 omnes
2801 5078 3004 5147 quibus
3029 5078 3402 5132 concreditum
3450 5093 3518 5133 esi

1931 5175 2297 5228 miniSteriutn
2353 5170 2469 5236 Dei,
2526 5171 2663 5224 nihil
2721 5170 2812 5224 illo
2835 5172 3116 5240 antiquius
3163 5173 3394 5224 habeant
3448 5172 3531 5226 Vel

1932 5260 2244 5329 pra-ferant.
2299 5260 2438 5313 Sunt
2495 5260 2622 5313 item
2680 5271 2736 5314 et
2786 5270 3037 5328 parentes
3085 5260 3405 5331 repellendi,
3458 5262 3531 5314 si-

1927 5354 2146 5420 quidem
2211 5356 2417 5421 absque
2469 5351 2702 5406 utilitate
2754 5364 2810 5407 et
2865 5351 3068 5406 frustra
3123 5353 3179 5406 in
3239 5367 3405 5422 opere
3441 5353 3530 5408 Dei

1930 5461 2026 5500 nos
2060 5447 2370 5515 impedituri
2417 5453 2566 5509 sunt,
2614 5445 3070 5514 quemadmodum
3107 5457 3322 5501 etnunc
3349 5445 3529 5502 Domi-

1932 5554 2033 5592 nus
2083 5537 2232 5592 facit.
2288 5537 2425 5604 Quia
2473 5539 2618 5592 enim
2672 5538 2929 5593 dixerant
2969 5539 3046 5594 illi
3076 5541 3295 5609 quidam
3333 5542 3401 5594 de
3439 5555 3520 5594 co-

1191 5727 1283 5786 Ex
1338 5727 1688 5793 collatione
1740 5734 1930 5797 codd.
1967 5735 2196 5795 Venet.
2233 5731 2296 5792 S.
2336 5729 2555 5791 Marci.

268 5851 365 5918 (5)
433 5843 723 5918 god._31._
761 5844 971 5918 οῐτινές
1019 5845 1157 5897 είσιν
1203 5846 1261 5918 gl,
1303 5845 1457 5918 παρὰ
1520 5849 1621 5916 τὴν
1679 5849 1818 5905 ὀδόν,

178 5914 358 5980 τε,ὴὸ
390 5915 504 5967 τῶν
546 5914 619 5984 μὴ
648 5915 1142 5986 τελεσφορούντων.
1194 5916 1407 5977 Οῖτινές
1439 5914 1586 5971 εἰσιν
1608 5920 1666 5972 ἐν
1699 5925 1819 5986 ταῖς

179 5987 518 6052 ἀκάκους,
551 6003 601 6040 κ,
635 6001 683 6040 τ.
723 5985 772 6039 λ.
808 6003 825 6037 ι
866 5985 927 6042 lli
957 5996 1106 6053 sunt,
1132 5986 1224 6056 qui
1249 5986 1406 6057 juxta
1430 5989 1593 6044 viam.
1627 5990 1708 6048 Ab
1735 5985 1819 6050 his

1934 5854 2024 5924 qui
2056 5852 2302 5924 fructum,
2324 5865 2424 5905 suo
2459 5859 2704 5920 tempore
2733 5864 2843 5908 non
2878 5850 3136 5907 afferunt.
3206 5849 3272 5906 Et
3316 5851 3368 5907 hi
3397 5860 3528 5909 sunt

1933 5923 2025 5997 Qui
2057 5925 2198 5979 inter
2227 5923 2435 5993 spinas,
2472 5940 2490 5974 ι
2535 5930 2642 5977 etc.
3547 5938 3556 5946 '
