4038 6566
180 531 281 594 805

830 517 1270 581 ΕΝΛΒΠΑΤῘΟ
1310 519 1388 578 IN
1429 517 1780 580 EVANGEL

1894 518 1930 576 ιι
1974 515 2208 578 LUCrE.
2243 542 2311 555 --
2346 517 2505 578 CAP.
2553 517 2713 579 νῐιι.

3386 517 3492 579 806

181 640 288 695 ἀπὸ
333 637 429 690 τοῦ
485 634 676 698 ῦπνου,
733 631 1012 686 τουτέστιν
1066 629 1289 699 ἀνέστη,
1343 630 1438 681 καὶ
1494 628 1658 681 πᾶλιν
1719 627 1768 679 οί

1894 627 1986 680 ‘ax
2050 628 2223 681 vobis.
2259 626 2324 682 Et
2376 627 2490 683 haec
2521 629 2738 698 quidem
2796 642 2891 693 per
2936 627 3285 699 anagngiam.
3333 627 3488 694 Quod

186 731 425 803 μαθηταὶ
473 729 530 781 ἐν
587 727 819 796 γαλήνῃ.
867 723 1128 785 Ἐπιστὰς
1183 725 1292 792 γὰρ
1333 723 1539 784 αὐτοῖς,
1582 718 1776 772 εἶπεν·

186 823 392 892 Είρήνη
434 821 583 888 ὑμῖν.
637 818 748 870 Καὶ
787 821 963 868 ταῦτα
1005 812 1104 883 μὲν
1159 811 1544 878 ἀναγωγικῶς.
1579 809 1653 862 Τδ
1690 809 1779 872 δὲ,

183 914 278 977 Τίς
303 914 410 983 ἄρα
462 901 614 970 οὗτός
653 909 836 968 ἐστιν;
876 905 973 975 οὐχ
1019 904 1094 966 ὡς
1124 903 1457 972 ἀποροῦντες
1506 901 1780 967 λέγουσιν,

183 1005 319 1060 ἀλλὰ
377 1000 788 1072 θαυμάζοντες·
844 998 920 1059 ὡς
973 997 1039 1049 ἂν
1078 998 1126 1048 εί
1184 995 1355 1055 οὕτως
1415 993 1638 1060 ἔλεγον·
1685 991 1781 1052 Τίς

183 1097 330 1148 ἐστιν
363 1086 542 1154 οὗτος,
597 1089 719 1142 ἀντὶ
748 1086 863 1151 τοῦ,
902 1084 1069 1146 πόσος
1109 1084 1202 1137 καὶ
1233 1083 1465 1152 πηλίκος
1508 1081 1605 1134 καὶ
1644 1076 1776 1143 οἷος,

183 1187 278 1240 καὶ
307 1187 366 1237 ἂν
404 1183 506 1254 ὅσῃ
538 1179 758 1249 ὲξουσὲα
787 1179 882 1230 καὶ
908 1176 1136 1244 δυνάμει
1167 1174 1339 1226 ταῦτα
1378 1175 1558 1236 amisi;

263 1297 280 1328 ι
322 1276 434 1330 Καὶ
477 1272 856 1327 κατέπλευσαν
902 1271 980 1332 είς
1020 1269 1118 1336 τὴν
1155 1265 1341 1336 χώραν
1381 1264 1492 1317 τῶν
1529 1262 1778 1333 Γαδαρη-

184 1369 334 1431 νῶν,
374 1368 498 1435 ἥτις
553 1364 704 1418 ἐστὶν
758 1361 1028 1429 ἀντίπερα
1068 1359 1164 1427 τῆς
1213 1355 1531 1416 Γαλιλαίας.
1597 1352 1782 1416 Ἑξελ·

185 1458 334 1510 θόντι
383 1455 438 1508 δέ
473 1453 623 1523 αὒτῷ
654 1451 749 1504 ἐπὶ
793 1450 890 1521 τὴν
937 1451 1063 1518 γῆν,
1095 1448 1411 1517 ὑπήντησεν
1449 1445 1602 1514 σὺτῴ
1637 1445 1782 1513 ἀνήρ

182 1567 266 1611 τις
299 1551 362 1600 ἐκ
392 1548 490 1615 τῆς
519 1545 749 1606 πόλεως,
781 1543 839 1605 ὃς
876 1538 988 1612 εἶχε
1023 1540 1279 1609 δαιμόνια
1316 1541 1379 1592 ἐκ
1411 1537 1620 1608 χρόνων
1657 1537 1780 1588 ίκα-

183 1640 315 1705 νῶν,
353 1640 445 1693 καὶ
475 1637 691 1707 ἱμάτιον
721 1635 822 1687 οὐκ
863 1632 1256 1696 ἐνεδιδύσκετο,
1291 1631 1386 1683 καὶ
1415 1632 1474 1681 ἐν
1509 1629 1655 1697 οἰκία
1681 1629 1782 1680 οὐκ

184 1735 400 1804 ἔμενεν,
423 1729 534 1785 ἀλλ’
568 1731 624 1780 ἐν
653 1730 763 1789 τοῖς
799 1727 1101 1797 μνήμασιν.
1141 1721 1290 1776 Ἰδὼν
1317 1722 1374 1773 δὲ
1411 1722 1502 1774 τὸν
1545 1718 1780 1790 Ἰησοῦν,

183 1827 280 1880 καὶ
313 1821 650 1893 ἀνακράξας,
684 1818 1028 1888 προσέπεσεν
1053 1813 1225 1885 αὐτῷ,
1253 1814 1347 1867 καὶ
1379 1815 1532 1884 φωνῇ
1563 1811 1778 1884 μεγάλῃ

182 1918 331 1974 εἷπε’
377 1918 445 1973 Τί
494 1916 619 1984 ἐμοὶ
675 1915 770 1968 καὶ
820 1913 926 1974 σοὶ,
981 1911 1183 1982 Ἰησοῦ,
1215 1909 1310 1963 Υἱὲ
1356 1909 1449 1961 τοῦ
1493 1907 1630 1961 Θεοῦ
1685 1907 1780 1959 τοῦ

1888 727 2068 772 autem
2101 719 2289 772 dicunt
2322 716 2626 782 :Quisnam
2669 716 2757 771 bic
2786 716 2912 771 est?
2950 731 3054 771 non
3098 727 3157 772 ut
3179 717 3492 772 dubitantes

1886 803 2094 869 dicunt,
2143 804 2238 857 sed
2279 807 2610 858 admirantes
2648 804 2844 874 :qnasi
2888 806 3133 859 dicerent
3165 823 3178 860 :
3209 805 3344 871 Quis
3396 806 3488 860 bic

1886 904 1990 957 est,
2055 891 2157 947 boc
2207 902 2311 958 est,
2349 903 2588 962 quantus
2649 901 2701 945 et
2730 893 2928 961 qualis,
2971 902 3024 948 ει
3067 894 3122 949 in
3154 907 3354 966 quanta
3395 909 3492 966 po-

1889 991 2087 1038 testate
2121 984 2233 1037 bzee
2273 981 2402 1037 facit
2432 982 2456 1035 ἲ

1955 1258 2125 1317 Vens.
2180 1263 2253 1318 26
2289 1263 2379 1320 53.
2422 1282 2440 1317 ι
2506 1263 2574 1320 Ει
2629 1265 3028 1333 navigaverunt
3077 1269 3144 1324 ad
3204 1270 3482 1341 regionem

1884 1353 2297 1411 Gadarenorum
2331 1372 2451 1427 qum
2482 1369 2566 1412 εει
2596 1369 2792 1413 contra
2824 1358 3128 1414 Galilaeam.
3169 1361 3233 1415 Et
3267 1378 3389 1418 cum
3422 1365 3490 1420 de

1887 1451 2007 1502 navi
2045 1464 2297 1520 egressus
2327 1463 2471 1506 esset
2498 1454 2565 1505 ad
2609 1461 2836 1518 terram,
2876 1455 3118 1508 occurrit
3151 1455 3225 1509 illi
3250 1456 3336 1512 vir
3364 1458 3488 1526 qni-

1886 1543 2007 1594 datn
2049 1556 2079 1594 e
2112 1542 2335 1597 civitate
2366 1545 2457 1613 qui
2498 1545 2732 1599 habebat
2760 1545 3026 1600 daemonia
3054 1546 3166 1616 jam
3202 1568 3230 1601 ιι
3276 1561 3487 1616 tempo-

1887 1635 2038 1688 ribus
2072 1635 2280 1698 multis,
2315 1645 2370 1688 et
2408 1631 2736 1692 vestimento
2773 1652 2878 1692 non
2922 1641 3273 1705 induebatur,
3312 1656 3488 1708 neque

1888 1727 1939 1780 in
1971 1725 2132 1780 domo
2165 1730 2439 1792 manebat,
2482 1731 2578 1784 sed
2628 1730 2679 1784 in
2721 1732 3112 1787 monumentis.
3154 1731 3202 1787 Is
3233 1741 3291 1787 ut
3319 1734 3489 1788 vidis-

1887 1827 1968 1870 set
1996 1816 2203 1885 Jesum,
2235 1828 2289 1872 et
2340 1821 2728 1888 exclainasset,
2773 1822 3010 1890 procidit
3042 1837 3171 1879 ante
3208 1824 3378 1889 illum,
3424 1840 3490 1879 ac

1890 1921 2021 1962 voce
2057 1923 2250 1974 magna
2283 1910 2462 1964 dixit:
2496 1907 2633 1977 Quid
2667 1913 2797 1965 mibi
2847 1913 2920 1967 rei
2964 1922 3138 1968 tecum
3174 1923 3280 1978 est,
3333 1913 3487 1980 Jesu,

186 2012 410 2083 ὑψίστου
440 2028 453 2071 ;
481 2006 684 2073 Δέομαί
711 2022 824 2070 σου,
863 2005 937 2074 μή
973 2019 1040 2072 με
1066 2000 1386 2074 βασανίσῃς.
1425 1997 1779 2070 Παρήγγελλε

1894 1997 1987 2050 Fili
2046 1997 2138 2050 Dei
2196 1996 2491 2053 altissimi?
2540 1999 2787 2056 Obsecro
2831 2011 2902 2062 te.
2955 2016 3023 2054 ne
3070 2017 3155 2054 me
3205 2012 3485 2068 torqueas.

183 2107 295 2175 γὰρ
325 2103 403 2175 τῷ
455 2104 732 2168 πνεύματι
785 2097 864 2167 τῷ
909 2095 1210 2164 ἀκαθάρτῳ
1261 2093 1499 2157 ἐξελθεῖν
1547 2091 1656 2144 ἀπὸ
1689 2091 1782 2144 τοῦ

182 2196 503 2268 ανθρώπου.
553 2192 777 2253 Πολλοῖς
816 2190 929 2258 γὰρ
969 2190 1180 2258 χρόνοις
1216 2185 1562 2256 συνηρπάκει
1596 2184 1779 2248 αὑτὸν,

186 2290 284 2343 καὶ
318 2287 596 2355 ἐδεσμεϊτο
620 2282 843 2337 ἁλύσεσι
883 2282 975 2332 καὶ
1006 2279 1194 2339 πέδαις
1224 2276 1657 2346 φυλασσόμενος,
1693 2276 1785 2328 καὶ

181 2380 537 2454 διαρῤήσσων
571 2375 640 2429 τὰ
667 2374 843 2443 δεσμὰ
871 2370 1138 2441 ἠλαύνετο
1165 2370 1271 2422 ὑπὸ
1301 2368 1397 2422 τοῦ
1419 2368 1676 2438 ’δαίμονος
1706 2371 1784 2423 εἰς

180 2472 282 2534 τὰς
320 2472 584 2542 ἐρήμους.
645 2463 1006 2534 Ἑπηρώτησε
1048 2462 1104 2514 δὲ
1145 2461 1308 2513 αὑτὸν
1355 2463 1384 2513 ὁ
1428 2460 1659 2529 Ἰησοῦς,
1694 2460 1784 2512 λέ-

183 2579 321 2631 γων’
352 2563 417 2615 Τί
465 2559 549 2614 σοί
581 2561 730 2611 ἐστιν
763 2557 974 2626 ὅνομα;
1047 2555 1104 2607 Ὀ
1135 2553 1192 2606 δὲ
1233 2549 1377 2606 εἴπεο
1412 2549 1650 2620 Δεγεὼν,
1703 2554 1784 2604 ὅτι

179 2655 444 2725 δαιμόνια
473 2649 645 2705 πολλὰ
683 2647 935 2718 εἰσῆλθον
977 2648 1058 2707 εἰς
1097 2647 1284 2709 αὑτὸν,
1339 2645 1434 2697 καὶ
1482 2643 1785 2712 παρεκάλει

180 2749 380 2810 αὑτὸν,
414 2746 503 2798 ἵνα
528 2743 605 2814 μὴ
633 2740 866 2812 ἐπιτάξῃ
896 2740 1076 2800 αὐτοῖς
1111 2739 1191 2801 είς
1223 2739 1320 2808 τὴν
1343 2737 1592 2792 ἄϐυσσον
1617 2737 1786 2791 ἀπελ-

178 2841 326 2896 Θιῖν.
356 2835 464 2891 Ἦν
495 2838 550 2890 Et
588 2838 704 2888 ἐκεῖ
739 2832 908 2902 ἀγέλη
955 2831 1159 2900 χοίρων
1190 2830 1393 2882 ἱκανῶν
1426 2829 1778 2899 βοσκομένων

178 2935 241 2986 ἐν
273 2931 353 3000 τῷ
381 2930 520 3002 ὄρει,
549 2929 644 2980 καὶ
675 2925 1022 2994 παρεκάλουν
1048 2923 1212 2976 αὑτὸν
1255 2923 1343 2976 ἵνα
1374 2921 1650 2994 ἐπιτρέψῃ
1688 2922 1786 2973 αὐ·

176 3025 301 3084 τοῖς
337 3023 416 3084 είς
450 3019 690 3080 ἐκείνους
745 3013 1035 3076 εἰσελθεῖν,
1089 3012 1182 3065 καὶ
1239 3010 1544 3081 ἐπέτρεψεν
1577 3012 1782 3073 αὐτοῖς.

191 3112 521 3179 Ἐξελθόντα
550 3109 607 3162 δὲ
631 3109 698 3162 τὰ
731 3107 985 3176 δαιμόνια
1007 3103 1114 3157 ἀπὸ
1138 3102 1232 3155 τοῦ
1261 3103 1574 3172 ἀνθρώπου,
1605 3104 1785 3173 εἰσῆλο

177 3207 282 3259 θον
329 3205 410 3266 είς
465 3204 590 3264 τοὺς
627 3201 867 3271 χοίρους.
905 3199 1014 3251 Καὶ
1059 3195 1385 3266 ὥρμησενή
1433 3196 1608 3264 ἀγέλη
1643 3197 1787 3248 κατᾶ

173 3297 283 3352 τοῦ
322 3291 572 3364 κρημνοῦ
604 3292 682 3354 είς
711 3291 810 3360 τὴν
841 3289 1058 3357 λίμνην,
1091 3288 1184 3339 καὶ
1231 3286 1532 3356 ἀπεπνίγη.
1579 3304 1597 3336 ι
1644 3287 1785 3355 Ὅρα

173 3394 279 3443 τὸν
305 3387 540 3455 δαίμονα
560 3383 680 3437 δυσὶ
710 3380 907 3441 κακίας
940 3377 1140 3432 πάθεσι
1170 3377 1552 3449 μεριζόμενον,
1585 3377 1780 3446 θράσει

173 3482 282 3536 καὶ
335 3479 505 3548 φόϐῳ.
560 3476 634 3528 Τὸ
684 3475 781 3544 μέν
816 3473 926 3543 γὰρ
981 3472 1184 3538 λέγειν,
1222 3470 1288 3522 Τί
1330 3471 1456 3540 ἐμοὶ
1505 3471 1600 3523 καὶ
1653 3470 1779 3534 σοί;

172 3572 425 3646 θρασέος
457 3570 550 3622 καὶ
580 3567 939 3635 ἀναισχύντου
975 3562 1188 3628 δούλου,
1218 3563 1278 3615 τὸ
1313 3561 1392 3623 δὲ,
1425 3561 1630 3630 Δέομαί
1664 3577 1778 3625 σου,

173 3661 536 3734 φοϐουμένου
607 3659 746 3711 ἐστί.
803 3653 1058 3726 Κατῴκει
1111 3654 1166 3706 δὲ
1236 3656 1293 3707 ἐν
1341 3656 1454 3716 τοῖς
1508 3653 1781 3723 μνήμασι,

171 3755 444 3823 πονηρὰν
477 3737 713 3805 ἐνθεῖναι
759 3752 870 3809 τοῖς
924 3747 1234 3818 ἀνθρώποις
1283 3745 1560 3814 ὑπόληψιν
1596 3744 1786 3815 βουλό-

173 3864 380 3918 μενος,
411 3847 493 3898 ὅτι
541 3845 596 3896 αι
643 3841 816 3910 ψυχαὶ
848 3839 956 3892 τῶν
989 3838 1372 3891 ἀποθανόντων
1401 3835 1656 3905 δαίμονες
1704 3835 1788 3904 γί-

166 3957 399 3996 νονται.
431 3937 718 3989 Δίτοῦνται
745 3935 801 3986 δὲ
829 3934 878 3985 οἱ
901 3932 1151 4002 δαίμονες
1184 3929 1258 3998 μὴ
1289 3927 1551 3980 εἰσελθεῖν
1586 3929 1665 3990 εἰς
1687 3927 1788 3996 τὴν

166 4034 459 4092 ἄϐυσσον,
509 4027 646 4082 ἀλλὰ
700 4022 1123 4093 συγχωρηθῆναι
1168 4019 1250 4071 ἔτι
1277 4021 1334 4070 ἐν
1367 4020 1434 4088 τῇ
1469 4019 1540 4086 γῇ
1577 4012 1790 4083 διατρί-

164 4125 329 4178 ϐειν.
380 4120 440 4171 Ὀ
476 4119 532 4170 δὲ
563 4116 766 4184 Κύριος
799 4115 1075 4182 συγχωρεῖ
1102 4111 1285 4172 αὐτοῖς
1319 4105 1462 4162 εἶναι
1506 4109 1563 4160 έν
1596 4109 1659 4176 τῇ
1694 4107 1787 4175 m’

164 4220 254 4279 ὡς
315 4215 390 4267 ἂν
441 4208 769 4270 παλαίοντες
826 4209 938 4268 τοίς
989 4203 1332 4273 ἀνθρώποις,
1383 4200 1790 4269 δοκιμωτέρους

99 4347 112 4357 .
164 4306 397 4366 αὐτοὺς
429 4301 678 4354 ποιῶσιν.
719 4299 782 4353 El
830 4298 939 4365 γὰρ
975 4296 1051 4366 μὴ
1079 4293 1220 4366 ἦσαν
1248 4292 1554 4355 ἀντίπαλοι,
1588 4290 1691 4344 οὐκ
1725 4289 1791 4342 ἂν

158 4397 329 4471 ἦσαν
363 4395 596 4462 ἀγῶνες,
635 4391 732 4445 καὶ
759 4391 806 4443 εί
842 4391 916 4458 μὴ
965 4383 1106 4458 ἦσαν
1138 4385 1373 4454 ἀγῶνες,
1406 4385 1506 4435 οὐκ
1548 4383 1616 4436 ἂν
1651 4379 1791 4450 ἦσαν

163 4491 478 4558 στέφανοι.
525 4484 682 4541 Μαθε
713 4482 770 4536 δὲ
819 4482 916 4535 καὶ
961 4475 1480 4547 ἀναγωγικὼτερον,
1513 4477 1596 4528 ὅτι
1643 4474 1793 4536 ὅστις

155 4586 294 4654 ἔχει
327 4578 597 4648 δαίμονας
628 4577 686 4628 ἐν
726 4573 929 4641 ἐαυτῷ,
964 4572 1212 4624 τουτέστι
1277 4570 1597 4637 δαιμονικὲις
1647 4566 1791 4636 πρά-

1888 2090 2253 2160 Ρηεοῑρίειιιιι
2278 2092 2422 2146 enim
2451 2093 2664 2163 spiritui
2699 2095 2982 2147 immundo
3015 2102 3070 2148 nt
3095 2094 3272 2148 exiret
3296 2096 3365 2147 ab
3394 2094 3492 2149 bo-

1889 2181 2055 2235 minc.
2093 2180 2438 2248 Frequenter
2471 2183 2617 2237 enim
2655 2183 3000 2250 corripuerat
3051 2182 3228 2246 illum,
3272 2193 3326 2236 et
3371 2183 3490 2236 vin-

1885 2272 2134 2327 ciebatnr
2181 2273 2415 2337 catenis,
2456 2285 2510 2327 et
2541 2274 2899 2343 compedibus
2941 2275 3386 2341 custodiebatur,
3433 2282 3489 2329 et

1888 2365 2064 2436 ruptis
2091 2366 2328 2421 vinculis
2361 2369 2627 2436 agebatur
2657 2383 2686 2421 a
2734 2368 3007 2423 daemonio
3041 2367 3093 2422 in
3131 2369 3370 2423 deserta.
3407 2369 3493 2422 ln-

1886 2458 2186 2527 terrogavit
2229 2468 2414 2512 autem
2464 2459 2616 2513 illum
2667 2457 2852 2525 Jesus,
2899 2459 3137 2515 dicens:
3187 2461 3340 2528 Quod
3397 2460 3492 2515 tibi

1888 2566 2085 2604 nomen
2132 2551 2259 2604 est?
2295 2553 2365 2603 At
2407 2550 2497 2605 ille
2534 2551 2713 2606 dixit:
2751 2551 2943 2623 Legio,
2985 2553 3110 2621 quia
3153 2552 3496 2609 intrat-erant

1888 2643 2156 2697 daemonia
2209 2644 2378 2698 multa
2427 2645 2480 2698 in
2534 2659 2680 2698 eum.
2725 2641 2790 2697 Et
2842 2654 3177 2716 rogaverunt
3214 2645 3365 2700 illum
3426 2662 3496 2701 ne

1889 2733 2192 2804 imperaret
2225 2736 2358 2804 ipsis
2389 2747 2448 2789 ut
2500 2735 2552 2789 in
2604 2737 2868 2807 abyssum
2922 2737 3086 2792 irent.
3133 2739 3263 2793 Erat
3310 2749 3493 2795 autem

1890 2823 1959 2878 ibi
1997 2838 2129 2893 grex
2160 2838 2450 2894 porcorum
2488 2825 2786 2880 multorum
2822 2829 3169 2895 pascentium
3199 2833 3252 2884 in
3285 2840 3492 2894 monte,

1888 2926 1943 2970 et
1973 2920 2240 2988 rogabant
2282 2932 2406 2972 eum
2458 2929 2515 2971 ut
2564 2920 2909 2988 permitteret
2963 2921 3099 2992 ipsis
3151 2923 3205 2978 in
3259 2923 3378 2980 illos
3411 2926 3494 2980 in-

1887 3009 2060 3075 gredi.
2093 3007 2155 3063 Et
2199 3009 2446 3075 permisit
2489 3009 2614 3063 illis.
2654 3007 2924 3064 Exierunt
2965 3027 3096 3082 ergo
3128 3016 3394 3068 daemonia
3425 3014 3496 3071 ab

1891 3099 2132 3164 homine,
2170 3111 2227 3154 et
2273 3101 2618 3156 intraverunt
2660 3103 2711 3155 in
2752 3117 2950 3172 porcos
2981 3121 2996 3159 :
3036 3113 3091 3159 et
3122 3105 3326 3176 impetu
3358 3107 3496 3162 abiit

1890 3209 2020 3261 grex
2050 3209 2146 3262 per
2183 3208 2425 3264 praeceps
2459 3195 2510 3246 in
2561 3205 2837 3263 stagnum,
2902 3209 2958 3250 et
2991 3196 3290 3252 suﬂ‘ueatns
3321 3211 3428 3256 est.
3467 3219 3488 3252 ι

1895 3281 2026 3337 Vide
2059 3287 2359 3339 daemonem
2404 3285 2622 3342 duabus
2652 3287 2812 3342 malis
2859 3287 3244 3344 ail'ectionibus
3294 3294 3491 3356 teneri,

1891 3376 2118 3431 audacia
2163 3387 2218 3430 et
2260 3378 2477 3434 timore.
2525 3377 2660 3432 Nam
2704 3381 2848 3449 quod
2884 3381 3018 3434 dicit
3050 3398 3064 3436 :
3101 3382 3238 3448 Quid
3277 3384 3408 3439 mihi
3441 3397 3497 3440 et

1889 3469 1984 3522 tibi
2014 3469 2037 3522 ?
2068 3470 2293 3522 audacis
2315 3480 2370 3525 et.
2395 3471 2726 3539 impudentis
2758 3473 2941 3538 servi;
2978 3475 3120 3543 quod
3153 3490 3282 3531 vero
3315 3477 3449 3532 dicit
3476 3492 3493 3531 :

1888 3556 2130 3614 Obsecro
2168 3568 2243 3619 te.
2280 3560 2525 3615 timentis
2564 3571 2667 3614 est.
2709 3561 2931 3616 Habitat
2968 3575 3150 3619 autem
3187 3567 3239 3620 in
3285 3583 3496 3621 monu-

1889 3650 2115 3714 mentis,
2149 3657 2205 3701 ut
2236 3649 2430 3703 malam
2467 3651 2833 3718 suspicionem
2872 3653 3148 3722 ingereret
3181 3654 3495 3712 hominibus

1890 3741 2034 3810 quod
2063 3741 2259 3794 anima:
2300 3742 2655 3796 morientium
2701 3745 2975 3799 daemones
3006 3745 3158 3800 ﬂant.
3196 3746 3367 3802 Porro
3401 3763 3499 3818 pe-

1895 3843 2015 3886 tunt
2060 3833 2335 3887 dznmones
2371 3848 2437 3888 ne
2482 3833 2536 3887 in
2590 3835 2848 3906 abyssum
2887 3835 3290 3905 ingrediantur,
3321 3837 3496 3911 328

1892 3926 1986 3980 sed
2019 3925 2071 3978 in
2098 3935 2240 3978 terra
2266 3927 2658 3995 permittuntur
2682 3927 2825 3981 ultra
2853 3927 3064 3982 versari
3091 3946 3106 3983 :
3133 3938 3187 3983 et
3225 3932 3491 3986 Dominus

1894 4019 2161 4089 p-rmittit
2206 4018 2326 4072 illos
2360 4033 2483 4073 esse
2525 4019 2577 4072 in
2615 4029 2784 4083 terra,
2827 4031 2885 4074 ιιι
2936 4033 3216 4077 certamen
3258 4023 3498 4078 habeant

1894 4127 2018 4166 cum
2056 4111 2390 4189 hominibus,
2433 4122 2488 4165 et
2537 4113 2877 4180 probatiores
2911 4113 3031 4168 illos
3074 4116 3322 4170 reddant.
3359 4114 3497 4170 Nam
3569 4133 3572 4139 '

1896 4204 1940 4258 si
1993 4219 2099 4257 non
2130 4214 2310 4258 essent
2346 4205 2664 4271 adversarii,
2717 4221 2893 4273 neque
2940 4209 3246 4262 certamina
3289 4221 3495 4277 essent,

1896 4305 1950 4351 et
1971 4295 2073 4350 nisi
2101 4297 2401 4350 certamina
2425 4308 2635 4359 essent,
2664 4312 2838 4367 neque
2863 4314 3079 4353 coronae
3111 4298 3309 4354 iurent.
3339 4301 3498 4357 Disce

1896 4399 1952 4441 et
1979 4388 2236 4457 quiddam
2289 4389 2629 4443 sublimioris
2675 4393 2976 4461 anagngian
3024 4392 3284 4462 Quisquis
3336 4394 3500 4450 liabet

1899 4479 2042 4534 intra
2084 4494 2142 4534 se
2169 4479 2464 4544 daanones,
2492 4480 2596 4536 hoc
2643 4491 2725 4536 est
2763 4497 2927 4551 opera
2961 4485 3317 4547 dtemoniaea.
3348 4499 3498 4544 veste

1901 4589 2006 4626 non
2044 4573 2308 4636 induitur.
2337 4582 2490 4630 caret
2516 4577 2662 4629 enim
2699 4576 2837 4630 stola
2869 4593 3032 4646 quam
3067 4579 3118 4632 in
3173 4581 3500 4650 baptismate

159 4677 318 4740 ξεις,
376 4671 596 4739 ἱμάτιον
642 4667 743 4719 οὐκ
790 4663 1188 4724 ἐνόιδύσκεται,
1224 4663 1494 4722 τουτέστι,
1541 4658 1641 4730 τὴν
1684 4657 1785 4711 ἀπὸ

1900 4665 2134 4734 accepit,
2170 4675 2225 4719 et
2260 4665 2314 4720 in
2346 4664 2510 4723 domo
2542 4681 2649 4722 non
2694 4679 2899 4733 manet,
2935 4671 3037 4724 boc
3076 4681 3180 4738 est,
3220 4673 3274 4726 in
3307 4672 3493 4731 Eccle.

153 4767 266 4822 τοῦ
308 4761 702 4835 βαπτίσματος
752 4755 946 4825 στολὴν
994 4755 1093 4807 οὐκ
1137 4754 1271 4823 ἔχει,
1326 4756 1420 4806 καὶ
1467 4753 1523 4805 ἐν
1553 4752 1702 4822 οἰκίᾳ
1730 4753 1785 4804 οὐ

1899 4759 1976 4811 sia
2006 4774 2021 4824 ;
2055 4758 2314 4826 indignus
2341 4761 2486 4813 enim
2512 4769 2596 4815 est
2629 4768 2687 4813 ut
2717 4761 3056 4830 ingrediatur
3087 4762 3141 4816 in
3168 4761 3494 4832 Eeelesiam,

157 4863 368 4934 μένει,
409 4853 694 4907 τουτέστιν
725 4852 784 4902 ὲν
827 4847 1152 4918 Ἐκκλησία.
1184 4847 1302 4900 Οὐκ
1333 4845 1480 4909 ἄξιος
1507 4845 1616 4914 γὰρ
1645 4848 1785 4897 ἐστιν

1897 4852 1992 4905 sed
2025 4851 2077 4904 in
2116 4851 2504 4916 monumentis,
2541 4851 2642 4907 hoc
2667 4861 2768 4919 est,
2806 4853 2857 4906 iu
2893 4863 3232 4908 mortuorum
3261 4872 3490 4924 operum

155 4945 551 5021 εἰσέρχεσθαι
601 4947 660 4998 ἐν
701 4940 1165 5012 Ἐκκλησία,ἀ).λ“
1217 4941 1273 4991 ἐν
1326 4941 1437 5001 τοῖς
1489 4941 1785 5006 μνήμασιν,

1900 4946 2278 5014 receptaeuiis.
2332 4954 2389 4998 ut
2438 4947 2491 4998 in
2539 4945 2857 5013 prostibulis
2919 4954 2973 4999 et
3021 4945 3236 5002 teloniis
3279 4957 3335 5002 et
3372 4947 3495 5004 aliis

149 5050 294 5116 ἤτοι
325 5042 454 5099 τοῖς
477 5036 587 5089 τῶν
609 5034 818 5104 νεκρῶν
843 5034 1022 5103 ἔργων
1047 5031 1297 5101 δοκείοις,
1328 5027 1440 5082 οἷον
1491 5029 1785 5099 πορνείοις,

1896 5038 2162 5090 scelerum
2191 5034 2418 5089 θαίνίιιὶε
2446 5045 2500 5090 ει
2532 5036 2930 5091 monumentis.

150 5131 527 5192 τελωνείοις·
569 5126 742 5181 ταῦτα
771 5127 882 5195 γὰρ
913 5127 1156 5196 μνημεῖα.
1185 5124 1384 5185 κακίας
1416 5123 1577 5176 εἰσίν.

240 5249 262 5280 ι
329 5222 574 5283 Ἰδόντες
605 5219 661 5272 δὲ
695 5221 743 5272 oi
790 5218 1080 5287 βόσκοντες
1116 5217 1177 5270 τὸ
1221 5217 1620 5286 γεγενημένον,
1664 5216 1795 5283 ἔτυ-

148 5341 290 5392 γον,
363 5315 472 5368 καὶ
524 5312 874 5382 ἀπήγγειλαν
919 5311 999 5372 εἰς
1045 5311 1147 5379 τὴν
1179 5309 1357 5374 πόλιν,
1411 5308 1507 5361 καὶ
1541 5309 1620 5372 είς
1669 5309 1796 5371 τοὺς

148 5411 427 5482 ἀγρούς.
500 5402 752 5472 Ἐξῆλθον
799 5401 856 5454 δέ
902 5403 1033 5455 ἰδεῖν
1075 5401 1138 5456 τὸ
1182 5401 1436 5468 γεγονὸς,
1492 5401 1586 5452 καὶ
1631 5395 1793 5469 ἦλθον

149 5504 315 5576 πρὸς
357 5497 468 5551 τὸν
511 5493 741 5563 Ἰησοῦν,
774 5496 869 5546 καὶ
906 5487 1066 5563 εὗρον
1096 5492 1408 5564 καθήμενον
1451 5493 1544 5544 τὸν
1580 5493 1795 5561 ἄνθρωα

147 5614 298 5662 πον,
341 5588 456 5656 ἀφ’
484 5581 546 5640 οὒ
570 5586 639 5638 τὰ
664 5585 919 5655 δαιμόνια
948 5585 1282 5654 ἐξεληλύθει,
1309 5587 1673 5656 ἱματισμένον
1700 5587 1794 5637 καὶ

148 5677 606 5757 σωφρονοῦντα,
645 5677 798 5747 παρὰ
831 5679 956 5740 τοὺς
993 5677 1161 5740 πόδας
1183 5677 1276 5731 τοῦ
1316 5677 1515 5748 Ἰησοῦ,
1547 5680 1639 5731 καί
1672 5681 1798 5746 ἐφοο

146 5779 474 5850 (νήθησαν.
517 5769 888 5838 ’Λπήγγειλαν
912 5769 967 5822 δέ
998 5769 1189 5832 αὐτοῖς
1220 5770 1313 5822 καὶ
1337 5771 1386 5824 οἱ
1423 5769 1642 5836 ἰδόντες,
1679 5772 1795 5832 πῶς

144 5871 363 5940 ambo-ri
392 5867 428 5919 ὁ
461 5862 850 5933 δαιμονισθείς.
898 5862 1009 5915 Καὶ
1041 5862 1336 5933 ἠρώτησαν
1363 5863 1526 5916 αὐτὸν
1556 5861 1700 5915 am
1737 5862 1794 5913 τὺ

143 5962 390 6037 πλῆθος
451 5954 553 6026 τῆς
600 5954 909 6025 περιχώρου
966 5956 1072 6007 τεῗιν
1121 5957 1476 6025 Γαδαρηνῶν,
1531 5958 1793 6011 ἀπελθεῖν

1972 5233 2136 5287 Vsus.
2180 5232 2377 5288 Eii-39.
2416 5251 2434 5285 ι
2467 5231 2640 5287 Ροιτο
2663 5243 2720 5287 ιιι
2750 5235 3003 5289 viderunt
3027 5236 3171 5306 quod
3197 5237 3493 5308 acciderat,

1899 5324 1952 5379 lii
1973 5327 2062 5389 qui
2083 5323 2398 5393 pascebant,
2419 5325 2701 5395 fugerunt,
2725 5339 2780 5380 et
2800 5344 3076 5384 rumorem
3104 5331 3496 5387 nuntiaverunt

1898 5418 1952 5471 in
1993 5418 2272 5472 civitatem
2305 5432 2370 5472 ac
2414 5418 2590 5472 villas.
2629 5420 2893 5474 Exierunt
2941 5434 3122 5477 autem
3162 5435 3221 5478 ut
3253 5426 3496 5481 viderent

1899 5511 2040 5579 quod
2079 5509 2283 5564 factum
2315 5522 2450 5565 erat.
2485 5511 2549 5565 Et
2582 5524 2848 5568 venerunt
2886 5517 2952 5566 ad
2995 5513 3202 5582 Iesum,
3239 5528 3295 5574 ει
3335 5519 3493 5574 inve-

1899 5611 2102 5655 nerunt
2153 5603 2426 5656 bominem
2479 5604 2759 5659 sedentem
2809 5622 2838 5658 a
2882 5621 2992 5676 quo
3023 5609 3291 5664 daemonia
3340 5609 3492 5665 exie-

1897 5705 2042 5760 rant,
2092 5695 2370 5760 vestitum,
2413 5712 2477 5750 ac
2510 5713 2642 5750 sana
2677 5712 2880 5767 mente,
2929 5703 2994 5753 ad
3038 5703 3202 5772 pedes
3247 5701 3398 5767 Jesu,
3437 5714 3494 5759 et

1900 5786 2220 5840 timuerunt.
2254 5785 2654 5842 Nuntiaverunt
2700 5800 2880 5844 autem
2929 5791 3035 5846 illis
3074 5795 3236 5847 etiam
3276 5794 3367 5864 qui
3407 5794 3492 5847 vi-

1898 5877 2113 5940 derant,
2145 5878 2419 5946 quomodo
2450 5893 2616 5934 sanus
2648 5879 2824 5936 factus
2858 5892 3000 5936 esset
3042 5884 3088 5938 is
3121 5885 3211 5952 qui
3245 5883 3493 5952 agitaba-

1903 5979 1985 6020 tur
2017 5986 2042 6020 a
2094 5969 2380 6023 da‘tnenio.
2436 5969 2498 6024 Et
2543 5985 2870 6044 rogaverunt
2903 5973 3054 6029 illum
3095 5975 3274 6031 omnis
3307 5977 3491 6032 multi-

2819 6115 2844 6163 \
