4038 6522
556 433 659 494 8οἸ

558 548 687 601 tudo
717 547 954 616 regionis
981 547 1416 611 Gadareuorum,
1450 558 1505 599 ut
1541 547 1848 601 discederet
1887 545 1955 599 ab
1991 545 2144 613 ipsis,

2275 543 2360 596 ἀπ’
2407 541 2610 599 αὐτῶν,
2658 541 2738 589 δτι

554 641 680 707 quia
736 655 930 708 magno
978 639 1175 693 timore
1217 640 1559 694 tenebantur.
1619 638 1735 705 Ipse
1791 647 1972 691 autem
2011 652 2141 690 can-

555 746 749 786 secnsa
791 732 911 783 navi
946 747 1195 786 reversus
1225 743 1326 786 est.
1365 732 1672 798 Rogaverat
1705 731 1850 784 enim
1885 730 2033 784 illum
2069 731 2150 781 vir

557 841 584 873 a
640 836 748 889 quo
802 821 1067 873 daemonia
1109 821 1378 884 exierant,
1434 834 1491 873 ut
1541 837 1661 871 eum
1711 834 1778 872 eo
1831 829 2000 882 esset,
2055 819 2152 872 sed

556 911 827 980 ablegavit
852 926 974 964 eum
998 911 1174 979 Jesus,
1208 913 1394 965 dicens
1425 931 1437 965 :
1476 911 1607 964 Redi
1640 910 1692 963 in
1725 910 1946 964 domum
1983 919 2152 972 tuam,

555 1014 608 1056 et
641 1017 800 1055 narra
847 1018 1181 1073 quascunque
1221 1005 1315 1058 tibi
1355 1003 1543 1058 fecerit
1586 1005 1744 1058 Deus.
1795 1001 1860 1055 Et
1892 1002 2027 1056 abiit
2060 1017 2158 1072 per

561 1104 722 1147 totam
760 1095 1036 1149 civitatem
1077 1095 1378 1163 prardiCans
1430 1109 1771 1164 quaecunque
1836 1095 1941 1148 sibi
1987 1093 2152 1148 fecis-

559 1196 644 1238 set
704 1182 880 1238 Jesus.
936 1203 953 1235 ι
1025 1185 1167 1253 Fuga
1219 1196 1497 1254 pastorum
1565 1185 1865 1239 Gadarenis
1937 1185 2155 1239 occasio

559 1276 748 1336 salutis
787 1285 922 1342 erat,
957 1277 1052 1329 sed
1105 1277 1179 1330 illi
1235 1293 1336 1331 non
1399 1278 1809 1332 intellexerunt.
1861 1278 2161 1347 Oportebat

561 1368 705 1421 enim
733 1369 913 1422 mirari
939 1369 1193 1423 virtutem
1220 1369 1542 1436 Salvatoris,
1566 1379 1620 1424 et
1645 1371 1868 1424 credere
1890 1371 1939 1423 ei
1968 1388 1980 1424 :
2008 1377 2063 1422 at
2084 1369 2158 1423 illi

559 1470 908 1528 rogaverunt,
960 1459 1152 1528 inquit,
1182 1459 1389 1526 Jesum,
1429 1463 1529 1516 hoc
1577 1471 1660 1514 est
1704 1462 2154 1524 obsecraveram,

565 1563 621 1604 ut
650 1553 717 1605 ab
745 1553 875 1620 ipsis
909 1555 1204 1606 recederet.
1239 1551 1562 1608 Timucrunt
1593 1556 1737 1608 enim
1768 1570 1834 1606 ne
1861 1570 1968 1622 quo
1998 1564 2158 1622 pacto

562 1645 724 1696 etiam
782 1644 926 1696 aliud
983 1645 1241 1698 damnum
1305 1656 1642 1714 paterentur,
1711 1645 2159 1715 quandoquidem

565 1735 714 1802 porci
741 1735 1046 1801 periissem.
1100 1735 1170 1786 At
1219 1745 1442 1788 sanatus
1487 1735 1582 1789 ille
1633 1744 1844 1789 certum
1889 1734 2161 1802 quoddam

565 1827 812 1880 sanitatis
847 1825 1107 1878 indicium
1149 1828 1489 1882 ostendebat.
1544 1826 1617 1880 Ita
1679 1826 1824 1880 enim
1859 1836 2044 1880 mente
2072 1841 2161 1880 sa-

564 1931 724 1973 natus
755 1927 859 1978 cst,
907 1929 964 1971 ut
992 1917 1179 1973 Jesum
1209 1931 1558 1989 agnosceret,
1594 1934 1758 1974 orans
1799 1931 1856 1974 ut
1886 1921 1990 1974 sibi
2036 1934 2160 1974 cum

568 2011 660 2065 illo
712 2027 833 2066 esse
888 2011 1096 2067 liceret.
1150 2013 1383 2077 Etenim,
1435 2024 1493 2067 ut
1532 2023 1778 2082 apparet,
1819 2014 2044 2068 timebat
2097 2028 2164 2066 ne

571 2104 705 2158 forte
733 2104 1015 2172 elongatus
1043 2121 1068 2156 a
1101 2104 1228 2159 Jcsu
1267 2120 1296 2158 a
1327 2106 1664 2159 daemonibus
1698 2108 1896 2160 iterum
1940 2106 2160 2159 invade-

568 2205 753 2260 retur;
797 2199 890 2250 sed
947 2195 1210 2250 Dominus
1256 2197 1458 2251 indicat
1497 2198 1544 2251 ei
1589 2197 1732 2265 quod
1771 2196 1899 2250 licet
1947 2210 2054 2248 non
2091 2196 2162 2249 sit

565 2303 772 2350 secum,
819 2289 991 2356 gratia
1054 2298 1232 2342 tamen
1285 2289 1402 2354 ejus
1455 2299 1759 2356 protectus,
1811 2288 2161 2342 daemoniaris

566 2381 858 2436 insultib-is
905 2382 1154 2449 superior
1205 2382 1318 2436 fiat.
1371 2381 1527 2444 Redi,
1585 2381 1781 2453 inquit,
1833 2381 1884 2434 in
1936 2380 2158 2434 domum

566 2481 734 2535 tuam,
785 2483 838 2525 et
888 2488 1045 2524 narra
1094 2488 1432 2542 quaarunqne
1463 2474 1559 2527 tibi
1602 2475 1792 2528 fecerit
1833 2473 1996 2528 Deus.
2042 2470 2160 2525 Non

565 2564 722 2628 c’ixit,
771 2579 1110 2632 qumcunque
1157 2580 1257 2634 ego
1299 2566 1392 2619 tibi
1447 2567 1692 2629 fereritlt,
1733 2565 1960 2635 figurant
2005 2565 2162 2619 nobis

566 2654 891 2710 humilitatis
927 2659 1182 2722 tradens,
1221 2668 1278 2712 ut
1326 2661 1506 2712 omnia
1571 2661 1708 2712 bona
1758 2672 1927 2726 opera
1977 2666 2162 2712 nostra

570 2749 678 2800 Deo
709 2749 1030 2803 tribuamus.
1065 2747 1194 2804 Erat
1224 2759 1405 2804 autem
1449 2750 1537 2804 illc
1581 2761 1794 2820 gratus,
1841 2749 1913 2803 ita
1947 2760 2003 2802 ut
2036 2764 2163 2802 nar-

567 2853 714 2895 raret
757 2856 1095 2911 quincunque
1128 2843 1348 2897 fecisset
1394 2844 1444 2897 ei
1498 2841 1675 2896 Jesus.
1710 2843 1847 2895 Nam
1897 2840 2166 2896 Dominus

568 2935 785 3002 quidem
820 2945 1152 3004 praeceperat
1199 2935 1248 2989 ei
1283 2945 1344 2988 ut
1372 2946 1622 2988 narraret
1651 2949 1991 3005 quaecunque
2019 2933 2166 2988 fece-

571 3038 655 3080 rat
679 3027 729 3079 ei
765 3029 903 3082 Deus
934 3041 948 3080 :
992 3040 1046 3082 at
1077 3027 1125 3082 is
1160 3038 1345 3082 narrat
1372 3042 1712 3098 quaecunque
1758 3029 1808 3082 ei
1843 3027 2048 3082 fecerat
2071 3025 2165 3082 Je-

570 3131 685 3172 sas.
721 3118 944 3187 Oportet
975 3119 1138 3190 igitur
1162 3128 1217 3174 et
1257 3136 1355 3174 nos
1400 3121 1618 3190 quando
1669 3119 1904 3188 cuipiam
1948 3119 2169 3173 benefa-

569 3212 770 3277 cimus,
807 3212 946 3266 nolle
982 3215 1083 3268 hoc
1113 3213 1400 3283 praedicari
1429 3231 1442 3267 :
1484 3224 1539 3266 at
1570 3214 1718 3268 illum
1752 3217 1844 3284 qui
1902 3215 2168 3272 beneflcio

569 3303 797 3359 allectus
861 3311 978 3367 est,
1041 3305 1204 3358 etiam
1284 3304 1596 3360 nolentibus
1657 3305 1813 3362 nobis
1867 3308 2168 3376 praedicare

587 3397 767 3451 decet.

644 3578 810 3633 Vens.
847 3577 1038 3633 40-44.
1106 3598 1123 3630 ι
1177 3578 1403 3632 Factum
1449 3590 1536 3635 est
1588 3589 1768 3635 autem
1802 3595 1925 3635 cum
1967 3581 2172 3638 rediret

571 3673 752 3737 Jesus,
798 3672 1013 3740 excepit
1041 3669 1207 3740 329
1254 3671 1404 3725 illum
1435 3673 1595 3727 turba
1643 3691 1655 3724 :
1693 3689 1815 3727 nam
1846 3691 2037 3731 omnes
2064 3691 2165 3730 ex-

573 3764 890 3838 spectabant
919 3780 1062 3818 eum.
1117 3763 1182 3816 Et
1209 3778 1335 3818 ecce
1386 3765 1536 3818 venit
1583 3765 1664 3818 vir
1701 3766 1788 3819 cui
1827 3780 2024 3821 nomen
2058 3765 2171 3822 Jai-

572 3874 686 3925 rus,
719 3868 773 3910 et
819 3857 933 3925 ipse
963 3858 1214 3926 princeps
1256 3855 1557 3926 Synagoga:
1587 3869 1724 3923 erat,
1761 3859 2072 3930 acciditque
2100 3860 2166 3914 ad

574 3954 736 4020 pedes
763 3950 913 4014 Jesu,
943 3965 1140 4020 rogans
1169 3964 1291 4002 eum
1323 3960 1379 4003 ut
1405 3951 1636 4005 intraret
1659 3952 1712 4004 in
1735 3951 1958 4006 domum
1983 3968 2165 4018 suam,

575 4044 832 4112 quoniam
867 4043 1022 4095 unica
1054 4042 1162 4094 filia
1193 4053 1313 4096 erat
1343 4043 1390 4094 ei
1428 4041 1540 4096 fere
1564 4056 1829 4096 annorum
1858 4043 2167 4105 duodecim,

575 4145 630 4188 et
679 4137 792 4188 inec
843 4134 1197 4187 moriebatur.
1252 4129 1452 4188 Verqu
1504 4133 1647 4187 inter
1703 4136 1940 4188 eundum
1998 4136 2169 4188 turba:

575 4226 930 4281 coarctabant
973 4241 1118 4279 cum.
1158 4224 1222 4278 Et
1259 4225 1453 4279 mulier
1476 4241 1594 4294 qua:
1624 4236 1744 4280 erat
1771 4226 2009 4280 obnoxia
2044 4244 2171 4297 prov

576 4322 738 4374 fluvio
772 4317 1052 4390 sanguinis
1077 4320 1146 4370 ab
1172 4319 1330 4374 anuis
1361 4319 1672 4386 duodecim,
1699 4335 1820 4390 quae
1845 4322 1897 4374 in
1931 4324 2172 4378 medicos

578 4414 922 4482 impenderat
959 4424 1175 4465 onmem
1211 4411 1598 4475 substantiam,
1635 4428 1734 4466 nec
1770 4415 1837 4466 ab
1876 4415 1983 4467 ullo
2021 4426 2173 4484 pote-

579 4515 663 4560 rat
694 4509 894 4570 curari,
928 4509 1159 4562 accessit
1187 4515 1357 4570 retro,
1400 4517 1455 4560 et
1490 4508 1666 4577 tetigit
1703 4506 1973 4561 fimbriam
2006 4509 2172 4562 vesti-

579 4601 744 4653 menti
775 4597 916 4664 ejus,
950 4609 1004 4652 ct
1028 4599 1320 4653 confestim
1352 4599 1650 4653 sistebatur
1675 4598 1854 4652 ﬂuxus
1885 4601 2172 4669 sanguinis

578 4690 716 4760 ejus.
753 4710 771 4740 ι
817 4688 999 4745 Rediit
1040 4693 1258 4759 quidem
1302 4687 1464 4747 Jesus
1512 4712 1541 4748 a
1587 4697 1807 4764 regione
1851 4695 2169 4750 Gadarene-

582 4797 724 4847 rum,
766 4783 1115 4850 exspectabat
1146 4795 1324 4837 autem
1370 4785 1518 4838 illum
1561 4788 1735 4850 turba,
1791 4800 1900 4841 tum
1950 4801 2172 4858 propter

1496 432 2075 493 TllEOPl-lYl..-\CTI
2129 427 2544 490 BNLGMHE
2588 423 2946 484 AllfliHEl‘.

2768 538 2918 604 φτὶεῳ
2951 533 3174 604 μεγαλῳ
3230 532 3565 598 συνείχοντο·
3618 530 3775 592 αύτὸς
3813 529 3868 580 δὲ

2263 637 2435 703 ἐμϐὰς
2475 637 2553 694 εἰς
2587 633 2648 684 τὸ
2681 633 2883 690 πλοῖον,
2917 627 3284 695 ὑπέστρεψεν.
3330 625 3548 676 Ἐδέετο
3577 622 3634 674 δὲ
3672 625 3699 673 6
3729 624 3867 691 ἀνὴρ

2268 729 2359 796 ἀφ’
2386 725 2444 781 οὗ
2469 725 2781 792 ἐξεληλύθει
2808 725 2874 774 1‘1
2897 721 3174 789 δαιμόνια,
3203 713 3345 770 εἶναι
3381 717 3482 768 σὺν
3508 713 3681 782 αύτῷ.
3745 715 3868 766 Ἀττ.

2262 822 2420 874 έλυσε
2470 821 2526 871 δὲ
2561 818 2722 869 αὐτὸν
2765 817 2791 866 ὁ
2825 811 3061 882 Ἰησοῦς,
3111 810 3307 877 λέγων·
3365 805 3748 875 ’Υπόστρεψον
3792 805 3868 866 εἰς

2260 912 2353 962 τὸν
2382 906 2532 961 οἶκόν
2565 924 2679 968 σου,
2728 905 2822 956 καὶ
2857 901 3076 972 διηγοῦ,
3111 901 3212 951 ὃσα
3260 897 3490 966 ἐποίησέ
3536 911 3618 947 σοι
3653 898 3684 945 ὁ
3711 894 3865 954 Θεὸς.

2263 1003 2372 1056 Καὶ
2427 999 2663 1068 ἀπῆλθε,
2721 997 2843 1049 καθ’
2880 994 3010 1063 ὅλην
3055 993 3155 1062 τὴν
3209 992 3368 1043 πόλιν
3420 987 3719 1057 κηρύσσων
3773 987 3872 1039 ὅσα

2264 1097 2522 1165 ἐποίησεν
2576 1091 2726 1160 αύτῷ
2779 1093 2806 1142 6
2860 1087 3089 1158 Ἰησοῦς.
3151 1105 3167 1135 ι
3208 1084 3282 1136 Τὸ
3340 1083 3439 1151 μὲν
3499 1083 3695 1149 φυγεῖν
3746 1079 3869 1141 τοὺς

2266 1188 2590 1258 βόσκοντα-ς,
2637 1180 2918 1249 σωτηρίας
2962 1174 3187 1246 ἀφορμὴ
3219 1171 3439 1240 ἐγένετο
3469 1171 3585 1231 τοῖς
3619 1167 3868 1235 Γαδαρη-

2263 1284 2396 1343 νσῖς,
2438 1278 2552 1330 ἀλλ’
2590 1277 2789 1329 ἐκεῖνοι
2829 1274 2892 1324 οὗ
2928 1268 3194 1336 συνῆκαν.
3249 1264 3382 1316 Δέον
3425 1262 3534 1331 γὰρ
3585 1260 3865 1329 θαυμάσαι

2264 1374 2361 1444 τὴν
2395 1373 2626 1438 δύναμιν
2672 1365 2766 1418 τοῦ
2820 1363 3095 1432 Σωτῆρος,
3145 1358 3240 1411 καὶ
3276 1355 3570 1409 πιστεῦσαι
3617 1351 3792 1421 αὐτῷ·
3824 1351 3870 1400 oi

2264 1443 2324 1517 δὲ.
2350 1443 2670 1534 ἠρώτησαν,
2714 1456 2874 1526 φησὶ,
2908 1455 3000 1508 τὸν
3041 1451 3278 1523 Ἰησοῦν,
3315 1449 3437 1504 ἀντὶ
3471 1447 3566 1498 τοῦ
3626 1444 3870 1515 παρεκά-

2267 1559 2452 1616 λεσαν,
2481 1538 2738 1607 ἀπελθεέι
2771 1550 2865 1602 ἀπ’
2897 1547 3104 1624 αὐτῶν,
3139 1543 3492 1613 ἐφοϐήθησαν
3533 1540 3871 1632 γὰρμήπως

2267 1653 2363 1706 καὶ
2398 1651 2527 1704 ἄλλο
2578 1664 2633 1699 τι
2687 1644 2989 1714 ἐπιζήμιον
3041 1639 3315 1702 πάθωσιν,
3367 1635 3562 1703 ὥσπερ
3603 1635 3704 1686 καὶ
3750 1632 3872 1692 τοὺς

2267 1745 2482 1816 χοίρους
2512 1741 2826 1796 ἀπώλεσαν.
2867 1736 2926 1788 '0
2957 1733 3014 1786 δὲ
3047 1727 3412 1802 θεραπευθεὶς
3446 1727 3685 1795 ἐκεῖνος,
3716 1723 3873 1816 ἀναν-

2267 1814 2528 1906 τέρρητον
2578 1831 2679 1900 τὴν
2729 1822 3013 1889 ἀπόδειξιν
3065 1824 3166 1892 τῆς
3231 1819 3536 1889 θεραπείας
3593 1814 3870 1906 ἐμφαίνει.

2466 1923 2576 1991 γὰρ
2606 1917 2842 1988 ύγιάσθη
2877 1915 2978 1977 τὰς
3016 1913 3246 1982 φρένας,
3296 1908 3437 1960 ὥστε
3476 1901 3788 1971 ἐπιγνῶναί
3816 1916 3874 1950 τε

2272 2017 2362 2068 τὶν
2406 2011 2638 2083 Ἰησοῦν,
2676 2011 2772 2063 καὶ
2803 2005 2990 2070 ἀξιοῦν
3021 2002 3207 2066 αὑτὸν,
3240 2001 3330 2053 ἵνα
3420 2000 3519 2051 σὺν
3553 1994 3730 2064 αὐτῷ.
3769 1993 3876 2045 Καὶ

2273 2111 2402 2179 γὰρ,
2425 2109 2499 2170 ὡς
2530 2106 2727 2168 ἔοικεν,
2754 2088 3006 2169 ὲφοδεῖτο
3038 2098 3242 2167 μήπως
3271 2089 3610 2165 μακρυνθεὶς
3641 2088 3754 2143 ἀπὸ
3783 2085 3874 2137 τοῦ

2285 2201 2481 2272 Ἰησοῦ,
2542 2200 2700 2254 πάλιν
2755 2194 3176 2263 εὐεπιχείρητος
3217 2188 3369 2240 ἔσται
3423 2187 3538 2247 τοῖς
3597 2182 3873 2251 δαίμοσιν.

2283 2297 2342 2349 Ὀ
2379 2296 2437 2347 δὲ
2478 2291 2707 2362 Κύριος,
2743 2287 3010 2341 δεικνύων
3046 2282 3201 2352 αὑτῷ
3234 2282 3318 2334 ὅτι
3374 2279 3477 2331 κᾶν
3516 2277 3595 2346 μὴ
3631 2278 3768 2347 συνῇ
3804 2273 3878 2340 τῷ

2285 2384 2488 2457 Ἰησοῦ,
2537 2384 2765 2437 δύναται
2793 2383 2861 2449 τῇ
2907 2377 3096 2447 χάριτι
3141 2373 3311 2428 αὑτοῦ
3355 2370 3705 2438 σκεπόμενος
3736 2363 3878 2418 ἀνώ-

2272 2498 2428 2550 τερος
2461 2472 2937 2544 εἷναιδαιμονικῆς
2958 2467 3250 2539 ἐπηρείας,
3280 2461 3658 2532 ’Υπόστρεψε,
3690 2458 3877 2528 φησιν,

2273 2573 2353 2632 εἰς
2385 2572 2474 2622 τὸν
2503 2559 2652 2622 οἶκόν
2677 2583 2792 2630 σου,
2821 2564 2914 2616 καὶ
2941 2559 3135 2631 διηγοῦ
3167 2560 3270 2612 ὅσα
3299 2554 3530 2624 ἐποίησέ
3561 2569 3646 2604 σοι
3669 2553 3698 2604 6
3723 2550 3876 2611 Θεὸς.

2273 2667 2388 2719 Οὐκ
2419 2660 2596 2728 εἶπεν,
2623 2663 2726 2714 ὅσα
2748 2677 2827 2712 σοι
2859 2658 3096 2726 ἐποίησα
3144 2652 3278 2721 ἐγὼ,
3308 2651 3481 2705 τύπον
3512 2649 3649 2718 ἡμῖν
3685 2662 3872 2699 tatur

2273 2756 2614 2827 νοφροσύνης
2650 2753 2850 2811 διδούς.
2897 2751 3011 2802 Καὶ⁵
3051 2749 3142 2800 ἵνα
3182 2744 3363 2798 πάντα
3413 2740 3552 2813 πρὸς
3583 2739 3719 2792 Θεὸν
3755 2742 3881 2790 ἁνα-

2275 2852 2534 2920 φέρωμεν
2568 2847 2636 2900 τὰ
2685 2840 3111 2914 κατορθώματα.
3159 2839 3222 2895 Ὀ
3253 2835 3312 2888 δὲ
3369 2834 3548 2896 οὕτως
3578 2829 3882 2901 εὐγνώμων

2274 2940 2366 3014 ἦν,
2411 2942 2553 2995 ὥστε
2584 2935 2894 3008 διηγεῖσθαι
2942 2935 3046 2986 ὅσα
3076 2931 3334 2999 ἐποίησιν
3380 2925 3534 2996 αὐτῷ
3573 2926 3603 2976 6
3648 2921 3860 2993 Ἰησοῦς

2287 3037 2347 3089 '0
2395 3032 2644 3104 μὲνγὰρ
2697 3031 2906 3099 Κύριος
2944 3023 3281 3095 προσέταξεν
3339 3018 3493 3090 αὐτῷ
3540 3015 3878 3085 διηγεῖσθαι,

2276 3129 2376 3180 ὅσα
2435 3124 2694 3194 ἐποίησιν
2745 3118 2897 3188 αύτῷ
2941 3120 2969 3170 6
3027 3116 3183 3180 Θεὸς,
3238 3115 3268 3166 6
3316 3111 3373 3164 δὲ
3429 3111 3728 3180 διηγεῖται,
3781 3106 3882 3159 ὅσα

2277 3219 2533 3288 εποίησεν
2568 3212 2720 3283 αὐτῷ
2753 3215 2782 3265 6
2817 3208 3047 3281 Ἰησοῦς.
3073 3208 3167 3261 Δεῖ
3194 3205 3288 3259 οὖν
3317 3205 3414 3256 καὶ
3446 3205 3593 3273 ἡμᾶς
3625 3202 3758 3254 ὅταν
3779 3203 3883 3251 τινὶ

2279 3313 2602 3381 ποιήσωμεν
2631 3305 2858 3375 ἀγαθὸν,
2882 3305 2958 3375 μὴ
2988 3302 3166 3355 θέλειν
3187 3295 3675 3367 ἀνακηρύττεσθαι
3700 3291 3881 3358 τοῦτο,

2197 3421 2245 3481 c
2279 3406 2488 3456 ἐκεῖνον
2534 3402 2592 3455 δὲ
2629 3401 2722 3453 τὸν
2758 3398 3003 3451 παθόντα
3059 3393 3120 3448 τὸ
3175 3392 3407 3461 ἀγαθὸν,
3450 3389 3557 3443 κᾶν
3593 3388 3761 3458 ἡμεῖς
3803 3388 3883 3455 μη

2284 3498 2556 3566 θέλωμεν,
2587 3491 2991 3563 ἀνακηρύττειν
3030 3488 3188 3566 αύτό.

2352 3611 2369 3641 ι
2425 3559 2676 3656 “Brevem
2702 3559 2849 3639 666v
2880 3583 2958 3655 τῷ
3007 3559 3350 3652 ὑῖπδστρέψαι
3374 3579 3467 3631 τὸν
3510 3575 3746 3648 Ἰησοῦν,
3780 3577 3882 3628 ὰπ-

2273 3685 2494 3750 εδέξατο
2518 3681 2685 3736 αὐτὸν
2707 3682 2735 3733 6
2771 3679 2953 3749 ὸχλος,
2986 3673 3128 3747 ἦσαν
3158 3672 3268 3745 γᾶρ
3291 3673 3499 3735 πάντες
3534 3670 3886 3742 προσδοκῶ-ι-

2273 3795 2362 3837 τες
2391 3775 2577 3828 αὐτόν.
2630 3773 2741 3826 Καὶ
2776 3761 2885 3823 ἰδοὺ
2917 3765 3082 3839 ἦλθεν
3129 3765 3295 3836 ἀνὴρ,
3335 3757 3380 3832 ᾧ
3419 3763 3598 3833 ὄνομα
3632 3763 3881 3832 Ἰάειρος.

2276 3871 2370 3923 καὶ
2393 3867 2556 3930 αὐτὸς
2586 3865 2771 3935 ἄρχων
2799 3862 2899 3932 τῆς
2923 3857 3264 3939 Συναγιυγῆς
3298 3856 3538 3925 ὑπῆρχε,
3573 3853 3669 3906 καὶ
3699 3852 3886 3904 πεσὼν

2275 3961 2430 4030 παρὰ
2459 3961 2587 4018 τοὺς
2630 3956 2800 4018 πόδας
2854 3953 2947 4007 τοῦ
2992 3951 3193 4020 Ἰησοῦ,
3231 3947 3540 4019 παρεκάλει
3572 3945 3741 3999 αὑτὸν
3771 3946 3886 3996 εισι

2274 4053 2450 4104 ελθεῖν
2502 4051 2583 4111 είς
2615 4047 2706 4102 τὸν
2754 4042 2905 4099 οἷκον
2939 4043 3132 4109 αὐτοῦ,
3169 4043 3253 4094 ὅτι
3287 4041 3537 4110 θυγάτηρ
3588 4039 3887 4109 μονογενὴς

2274 4142 2343 4216 ἦν
2374 4143 2549 4213 αὐτῷ,
2605 4143 2681 4204 ὼς
2733 4140 2871 4194 ὲτῶν
2901 4137 3138 4199 δώδεκα,
3185 4134 3283 4188 καὶ
3328 4133 3470 4201 αῦτη
3505 4132 3883 4202 ἀπέθνησκεν.

2288 4239 2375 4289 Ἐν
2403 4237 2459 4290 δὲ
2487 4235 2564 4304 τῷ
2598 4233 2833 4299 ὑπάγειν
2863 4229 3055 4293 αὑτὸν,
3078 4227 3129 4280 oi.
3155 4226 3304 4297 δχλυι
3333 4226 3666 4292 συνέπνιγον
3699 4222 3884 4276 αὐτόν.

2278 4332 2390 4383 Καὶ
2431 4329 2572 4396 γυνὴ
2603 4325 2740 4379 οὖσα
2775 4325 2833 4377 ὲν
2867 4323 3022 4394 ῥύσει
3065 4321 3300 4390 αἵματος
3333 4319 3445 4371 ἀπὸ
3481 4317 3622 4370 ἑτῶν
3653 4315 3883 4373 δώδεκα.

2273 4421 2397 4488 ἥτις
2457 4420 2664 4486 ἰατροῖς
2721 4411 3202 4486 προσαναλώσασα
3257 4411 3381 4464 ὅλον
3432 4409 3528 4462 τὸν
3599 4408 3740 4479 βίον,
3787 4410 3886 4461 οὐκ

2277 4515 2499 4581 ἴσχυσεν
2555 4510 2646 4561 ὑπ’
2709 4507 2929 4570 οὐδενὸς
2992 4504 3433 4576 θεραπευθῆναι,
3499 4500 3886 4573 προσελθοῦσα

2274 4605 2522 4666 ὄπισθεν,
2557 4602 2735 4671 ἥψατο
2765 4599 2858 4653 τοῦ
2889 4598 3206 4672 κρασπέδου
3271 4597 3373 4648 τοῦ
3407 4596 3630 4664 ἱματίου
3698 4594 3888 4658 αὐτοῦ,

2276 4697 2371 4749 καὶ
2405 4696 2751 4766 παραχρῆμα
2777 4693 2908 4762 ἔστη
2937 4693 2970 4761 η
3007 4691 3161 4762 ῥύσις
3209 4688 3304 4743 τοῦ
3348 4689 3584 4759 αἵματος
3632 4689 3829 4760 αὐτῆς.
3863 4707 3880 4737 ι

2289 4788 2631 4858 Ὑπέστρεψε
2667 4787 2766 4855 μὲν
2801 4788 2829 4838 6
2870 4785 3083 4853 Ἰησοῦς
3129 4782 3238 4835 ἀπὸ
3264 4783 3364 4852 τῆς
3410 4782 3522 4834 τῶν
3555 4782 3887 4852 Γαδαρηνῶν

581 4875 904 4940 doctrinam,
941 4884 1054 4928 tum
1096 4888 1313 4944 propter
1345 4879 1628 4932 miracula.
1670 4883 1912 4935 AcceSsit
1951 4885 2078 4935 item
2115 4895 2163 4938 et

2277 4880 2482 4951 χώρας.
2525 4877 2882 4949 ΙΙροσεδόκων
2923 4876 2979 4929 δὲ
3015 4876 3180 4928 αὐτὸν
3210 4876 3261 4927 oi
3297 4876 3470 4944 ὄχλοι,
3517 4876 3637 4944 ἅμα
3672 4876 3775 4942 μὲν
3802 4873 3886 4926 διὰ

580 4969 832 5038 priiu-eps
875 4969 1095 5038 quidam
1154 4969 1474 5042 Syuagogaa,
1527 4988 1633 5027 non
1691 4975 1947 5044 vulgaris,
1994 4991 2165 5046 neque

579 5061 842 5129 abjectus,
877 5062 972 5116 sed
1018 5076 1084 5116 ex
1120 5066 1330 5131 primis.
1375 5065 1610 5133 Apponit
1642 5077 1822 5119 autem
1870 5077 1925 5120 et
1970 5085 2166 5122 nomen

582 5152 726 5206 illius
773 5154 1128 5224 evangelista,
1177 5165 1235 5208 ut
1277 5157 1456 5210 notius
1503 5158 1594 5210 ﬂat
1646 5159 1967 5212 miraculum
2023 5163 2167 5229 quod

583 5258 710 5297 vere
756 5242 957 5298 factum
1005 5248 1096 5299 sit.
1134 5247 1348 5301 Accidit
1380 5261 1561 5301 autem
1595 5253 1660 5302 ad
1695 5251 1858 5318 pedes
1887 5250 2040 5314 Jesu,
2078 5269 2169 5307 ur-

584 5345 741 5403 gente
785 5337 1127 5391 necessitate.
1162 5337 1420 5402 Quamvis
1448 5341 1590 5393 enim
1633 5341 1752 5395 sine
1790 5343 1878 5397 illa
1923 5355 2171 5412 Oporteat

582 5428 885 5494 procidere,
921 5439 975 5482 et
1007 5443 1305 5497 agnoscere
1334 5431 1499 5486 Deum
1525 5447 1644 5487 esse
1677 5432 1886 5500 Jesum,
1929 5447 2167 5492 attamen

580 5528 635 5570 et
659 5515 877 5572 alllictio
903 5523 1046 5588 cogit
1075 5523 1318 5577 homines
1345 5535 1404 5578 ut
1430 5527 1653 5579 meliora
1682 5538 1981 5582 sectentur.
2015 5528 2171 5585 Unde

580 5616 635 5663 et
664 5609 827 5662 David
885 5611 1100 5665 dicebat
1134 5631 1145 5665 :
1191 5632 1207 5664 ι
1243 5615 1298 5668 In
1329 5631 1484 5670 camo
1534 5630 1586 5672 et
1621 5618 1775 5673 freno
1809 5621 2054 5676 maxillas
2085 5637 2176 5677 eo-

583 5716 701 5756 rum
746 5705 1081 5774 constringe,
1130 5710 1219 5776 qni
1269 5727 1375 5764 non
1422 5713 1806 5783 approxitnant
1839 5715 1904 5769 ad
1957 5724 2008 5770 te
2031 5716 2100 5772 “.
2137 5737 2156 5770 ι

652 5893 696 5922 ⁸⁸
726 5891 866 5946 Phill.
904 5909 1052 5959 xxxi,
1095 5895 1147 5948 υ.

2277 4975 2376 5040 τὴν
2408 4969 2782 5031 διδασκαλίαν,
2822 4969 2941 5036 ἅμα
2971 4967 3029 5020 δὲ
3058 4967 3151 5019 διὰ
3201 4965 3269 5018 τὰ
3320 4966 3605 5036 θαύματα.
3645 4965 3888 5036 Ιιροσῆλο

2279 5063 2372 5116 θεν
2399 5063 2493 5116 οῦν
2528 5063 2620 5115 καί
2652 5079 2734 5123 τις
2765 5061 2951 5130 ἄρχων
2982 5060 3082 5128 τῆς
3113 5059 3474 5128 Συναγωγῆς,
3502 5060 3605 5111 οὐκ
3638 5059 3884 5129 εὐτελὴς,

2278 5158 2385 5211 οὐδ’
2420 5156 2751 5222 ὰπὸῢλητος,
2803 5155 2939 5208 ἀλλὰ
2983 5153 3095 5207 τῶν
3143 5154 3403 5224 πρώτων.
3464 5153 3886 5223 Προστίθησιδὲ

2280 5253 2375 5306 καὶ
2408 5252 2468 5303 τὸ
2498 5253 2671 5318 ὸνομα
2706 5249 2899 5301 τούτου
2932 5245 3418 5320 ὁιεύαγγελιστης,
3459 5246 3550 5298 ἵνα
3588 5250 3884 5316 γνωριμώ-

2279 5361 2438 5414 τερον
2468 5345 2530 5395 τὸ
2564 5342 2750 5411 θαῦμα
2787 5341 3142 5411 γένηται,,ὠς
3188 5340 3336 5392 ἔστιν
3367 5328 3593 5408 ἀληθές.
3645 5340 3880 5409 "pacari-

2282 5455 2408 5491 πτει
2446 5439 2503 5492 δὲ
2538 5433 2693 5500 οὗτος
2722 5437 2799 5506 τῷ
2842 5437 3043 5504 Ἰησοῦ,
3097 5436 3285 5505 χρείας
3336 5436 3634 5504 ἐνστάσης.
3696 5437 3885 5489 Καίτοι

2284 5533 2392 5585 ἔδει
2435 5533 2599 5584 αὐτὸν
2651 5531 2746 5584 καὶ
2782 5531 2858 5598 μὴ
2900 5529 3104 5598 ταύτης
3149 5527 3606 5596 ἀναγκαζούσης,
3651 5541 3890 5598 προσπε-

2279 5628 2415 5687 σεῖν,
2473 5627 2566 5676 καὶ
2620 5623 2923 5692 ἐπιγνῶναι
2971 5623 3134 5675 αὑτὸν
3167 5621 3305 5675 Θεὸν
3337 5623 3470 5675 δντα
3497 5661 3511 5683 ,
3571 5623 3727 5692 ὅμως
3770 5619 3856 5671 καὶ

2277 5718 2460 5787 θλίψις
2511 5716 2622 5769 ἐσθ’
2677 5717 2766 5768 ὅτε
2808 5713 3126 5778 ὲκόιάςεται
3177 5717 3303 5779 τοὺς
3360 5713 3698 5785 ἀνθρώπους
3755 5710 3886 5783 πρὸς
