4038 6506
263 435 374 495 ὶῸΩ

944 436 1389 500 ΕΝᾹΠΠΔΤῘΟ
1427 438 1509 498 ΙΝ
1541 438 1826 498 EVANGI

1938 438 2050 498 UM
2097 438 2333 498 [ΗΒΕ.
2375 461 2441 470 -
2483 437 2644 495 (ΣᾹΡ.
2693 439 2712 494 ἰ
2745 436 2855 497 Ill.

3453 437 3559 496 Sili

260 566 362 616 ους-ι
397 548 486 600 τοῦ
515 549 822 618 κρείττονος
853 550 1138 618 ἐπιλογήν.
1179 550 1367 621 Ταύτῃ
1399 569 1480 604 τοι
1505 554 1598 604 καὶ
1630 553 1657 604 6
1694 550 1826 605 Δαιῖ

1961 553 2131 606 Porro
2166 551 2359 603 mulier
2397 551 2447 602 in
2488 550 2724 602 transitu
2775 548 3016 610 accedit,
3058 547 3379 616 ampliorem
3422 554 3558 604 alie-

261 642 363 708 ἔφη
393 643 450 691 ἐν
483 641 644 710 κημῴ
678 643 770 692 καὶ
800 641 1000 709 χαλινῷ
1035 642 1134 704 τὰς
1169 643 1426 710 σιαγόνας
1450 644 1630 696 αὐτῶν
1659 644 1845 710 ἄγξαι,

255 731 366 781 τῶν
401 733 475 800 μὴ
507 731 834 797 ἐγγιζόντων
871 733 1006 801 προς
1042 735 1122 784 σέ.
1157 733 1246 784 Ἑν
1301 734 1521 803 παρόδῳ
1577 735 1634 786 δὲ
1676 737 1847 804 πρόσ-

255 839 364 873 εισι
421 824 554 893 γυνὴ
609 823 793 875 πίστιν
821 824 1136 892 ἐπαγομένη
1186 825 1329 893 μάλα
1359 825 1579 891 πολλήν.
1621 827 1848 893 Προσελ·

254 913 426 964 υοῦσα
454 919 585 984 γὰρ,
615 915 792 982 ἥψατο
821 915 913 967 τοῦ
945 917 1257 984 κρασπέδου
1286 917 1378 968 τοῦ
1415 918 1633 985 ἱματίου
1658 917 1844 981 αὑτοῦ,

254 1007 513 1057 πιστεύον
528 1023 588 1056 σοι
617 1009 854 1068 πάντως,
887 1010 969 1061 ὅτι
1013 1010 1114 1060 ἐάν
1148 1010 1307 1076 μόνον
1343 1009 1570 1080 ἅψηται,
1603 1011 1847 1077 σωθήσε-

249 1115 364 1148 ται.
423 1100 528 1150 Καὶ
585 1101 930 1170 παραχρῆμα
981 1100 1113 1169 ἔστη
1163 1103 1193 1169 ἡ
1236 1101 1389 1169 ῥύσις
1439 1103 1532 1154 τοῦ
1586 1104 1840 1172 αἵματος.

253 1188 465 1256 Ὠσπερ
505 1188 613 1259 γὰρ
643 1191 689 1242 εἰ
719 1190 1061 1259 προσαγάγοι
1105 1183 1187 1252 τις
1226 1192 1507 1260 ὀξῢαλμον
1536 1194 1674 1258 φωτὶ
1706 1192 1844 1262 λάμ-

250 1295 429 1341 ποντι,
491 1279 521 1349 ἦ
577 1281 709 1347 πυρὶ
751 1280 1050 1348 φρύγανον,
1106 1281 1266 1344 εὐθὺς
1315 1281 1658 1351 ἐνεργοῦσιν,
1699 1281 1843 1333 οὕτω

249 1371 683 1439 προσαγαγοῦσα
741 1375 929 1424 πίστιν
989 1373 1067 1440 τῷ
1124 1373 1408 1443 δυναμένῳ
1478 1374 1838 1444 Θεραπεῦσαι,

247 1463 413 1525 εὐθὺς
441 1467 538 1532 τῆς
571 1463 866 1533 Θεραπείας
917 1465 1125 1534 ἔτυχεν.
1167 1467 1334 1518 Οὐδὲν
1381 1467 1487 1536 γὰρ
1536 1468 1837 1535 ἐλογίσατο,

244 1556 308 1608 οὐ
364 1557 424 1607 τδ
457 1555 805 1626 πολυχρόνιον
852 1557 952 1623 τῆς
1005 1558 1185 1618 νόσου,
1233 1559 1402 1611 οὺ.τὸ
1452 1560 1578 1621 τοὺς
1617 1562 1840 1630 ἰατροὺς

243 1649 571 1716 ἀστοχῆσαι,
600 1650 698 1700 οὐκ
732 1648 862 1701 ἄλλο
893 1648 1067 1702 οὐδέν.
1115 1650 1275 1702 ’Λλλὰ
1320 1650 1481 1718 μόνον
1522 1650 1835 1715 ἐπίστευσε,

245 1740 340 1791 καὶ
377 1742 666 1796 σέσωσται.
715 1741 824 1792 Καὶ
873 1741 946 1803 ὡς
998 1739 1166 1805 ἔοικε,
1212 1742 1482 1813 πρότερον
1532 1742 1710 1813 ἥψατο
1743 1744 1837 1796 τοῦ

243 1830 425 1899 Ἰησοῦ
463 1833 690 1900 νοητῶς,
733 1829 850 1886 εἶτα
887 1835 980 1886 καὶ
1013 1835 1370 1903 σωματικῶς.

319 1928 426 1979 Καὶ
462 1925 615 1979 εἶπεν
649 1927 676 1978 6
733 1928 963 1997 Ἰησοῦς
1014 1928 1109 1991 Ti;
1159 1929 1187 1980 6
1219 1927 1497 1998 ἁψάμενός
1529 1946 1672 1998 μους
1719 1929 1838 1998 ’Λρ-
1869 1904 1913 1958 Β

244 2018 525 2087 νουμένων
558 2018 613 2069 δὲ
664 2019 906 2082 πάντων,
954 2013 1110 2069 εἶπεν
1151 2020 1179 2070 6
1223 2019 1429 2086 Πέτρος
1476 2019 1572 2070 καὶ
1615 2020 1665 2070 οἱ
1720 2017 1840 2088 μετ’

240 2110 448 2162 αὐτοῦ’
496 2109 825 2171 Ἐπιστάτα,
881 2110 931 2161 οἱ
973 2110 1119 2179 ὄχλοι
1169 2110 1454 2180 συνέχουσί
1481 2127 1538 2161 σε
1572 2111 1663 2163 καὶ
1706 2113 1841 2163 ἁπο-

240 2199 510 2262 θλίὸουσι,
557 2201 652 2252 καὶ
697 2202 896 2268 λέγεις,
951 2201 1049 2263 Τίς
1084 2203 1110 2253 6
1157 2201 1436 2270 ἁψάμενός
1491 2219 1626 2271 μους
1669 2203 1725 2254 'O
1782 2203 1839 2256 δὲ

235 2290 453 2360 Ἰησοῦς
509 2285 698 2344 εἶπενο
738 2291 954 2360 ’Ἥψατό
1002 2310 1105 2359 μου
1147 2310 1249 2354 τις.
1301 2291 1444 2360 Ἐγὼ
1500 2293 1608 2363 γὰρ
1665 2294 1838 2362 ἔγνων

235 2383 474 2452 δύναμιν
523 2383 851 2448 ἐξελθοῦσαν
897 2384 992 2436 ἀπ’
1024 2383 1182 2453 ἐμοῦ.
1244 2384 1454 2439 ’ἰδοῦσα
1504 2387 1561 2439 δὲ
1609 2389 1642 2456 ἡ
1698 2389 1836 2457 γυνὴ

235 2476 320 2526 ὅτι
368 2477 469 2528 οὐκ
515 2475 694 2536 ἔλαθε,
744 2476 1025 2544 τρέμουσα
1076 2472 1252 2547 ἦλθε,
1307 2479 1402 2529 καὶ.
1451 2480 1837 2547 προσπεσοῦσα

234 2566 410 2635 αὐτῷ,
439 2567 507 2620 δι’
542 2568 609 2636 ἢν
639 2567 823 2620 αἰτίαν
871 2568 1051 2637 ἥψατο
1083 2568 1276 2629 αὑτοῦ,
1313 2569 1651 2638 ἀπήγγειλεν
1686 2571 1836 2640 αὑτῷ

242 2658 482 2712 ἐνώπιον
517 2660 719 2722 παντὸς
747 2660 840 2713 τοῦ
884 2660 1035 2721 λαοῦ,
1073 2663 1164 2712 καὶ
1193 2661 1268 2725 ὡς
1299 2662 1423 2730 ἰάθη
1467 2663 1834 2732 παραχρῆμα,

246 2750 312 2804 Ὀ
345 2752 402 2804 δὲ
448 2746 604 2805 εἶπεν
635 2752 770 2821 αὐτῇ
801 2769 813 2782 ο
859 2752 1094 2822 Θάρσει,
1129 2753 1390 2822 Θύγαιεερ,
1431 2755 1464 2822 ἡ
1513 2755 1695 2818 πίστις
1740 2773 1834 2807 σου

233 2841 448 2892 σέσωκέ
478 2858 558 2904 σε,
592 2844 827 2909 πορεύου
866 2844 945 2903 εἰς
979 2844 1225 2913 εἰρήνην.
1260 2861 1278 2891 ι
1336 2844 1394 2896 ὐ
1425 2844 1632 2914 Κύριος
1665 2845 1834 2897 ϐἐλων

231 2934 335 2983 καὶ
363 2934 460 3000 τῆς
487 2933 742 2999 γυναικὸς
774 2933 872 3001 τὴν
899 2935 1081 2984 πίστιν
1108 2935 1274 2987 πᾶσιν
1305 2933 1704 2998 ἐπιδείξασθαι,
1740 2937 1826 2988 ἶνα

233 3026 476 3092 μιμηταὶ
519 3022 724 3093 ταύτης
768 3025 1058 3091 γένωνται.
1109 3027 1204 3077 καὶ
1237 3026 1314 3094 τῷ
1355 3026 1566 3096 Ἰαείρῳ
1612 3027 1834 3089 ἐλπίδας

227 3116 445 3182 ἀγαθὰς
486 3116 669 3169 δοῦναι
720 3119 848 3186 περί
876 3117 973 3186 τῆς
1026 3119 1195 3170 αὑτοῦ
1247 3118 1548 3189 θυγατρὸς,
1604 3124 1834 3190 φανεροί

226 3208 296 3261 τὸ
327 3207 601 3278 λαθραίως
632 3209 945 3278 γενόμενον,
994 3212 1086 3262 καὶ
1157 3211 1312 3280 ζητεῖ
1354 3211 1452 3281 μὲν
1504 3211 1588 3275 τίς
1632 3215 1659 3265 6
1689 3213 1828 3281 ἁψάο

228 3304 397 3371 μένος
429 3299 616 3356 αὑτοῦ.
663 3301 720 3354 ὐ
770 3302 824 3353 δὲ
858 3303 1083 3370 Πέτρος,
1117 3300 1308 3372 ὥσπερ
1353 3303 1646 3373 τολμηρὸς,
1684 3322 1822 3374 μεμη

225 3394 468 3462 «ρόμενος
493 3391 656 3445 αὐτὸν
689 3396 874 3445 ἕνεκεν
900 3393 1000 3461 τῆς
1027 3393 1373 3463 ἐρωτήσεως,
1402 3397 1538 3464 φησί
1561 3411 1576 3425 ⁵
1620 3396 1824 3449 Τοσοῦ-

224 3487 316 3538 τοι
364 3502 422 3538 σε
463 3485 851 3554 συμπνεγουσι,
906 3485 1000 3538 καὶ
1054 3486 1254 3553 λέγεις’
1315 3487 1409 3547 Τίς
1467 3490 1494 3539 6
1543 3487 1826 3557 ἁψάμενός

227 3596 370 3646 pou;
406 3579 518 3630 Οὐκ
550 3579 749 3630 ἐνενόει
777 3577 832 3629 δὲ
864 3579 914 3629 τί
940 3579 968 3629 6
1001 3576 1204 3647 Κύριος
1235 3577 1447 3648 ἠρώτα.
1485 3578 1545 3631 ’0
1590 3578 1690 3645 μὲν
1715 3581 1826 3649 γὰρ

238 3669 452 3738 Ἰησοῦς
500 3669 853 3733 ἐπυνθάνετο,
895 3669 990 3732 Τίς
1020 3670 1050 3721 6
1080 3669 1359 3738 ἁψάμενός
1389 3685 1490 3739 μου
1526 3671 1668 3739 μετὰ
1716 3671 1808 3723 πί-

222 3778 425 3824 στεως,
463 3762 557 3812 καὶ
585 3761 704 3828 οὐχι
732 3761 918 3823 ἁπλῶς
953 3759 1150 3824 οὕτως.
1199 3761 1411 3831 Ὠσπερ
1444 3761 1553 3832 γὰρ
1585 3762 1697 3832 ἔχει
1738 3779 1823 3825 τις

220 3848 345 3906 ὦτα
384 3853 476 3904 τοῦ
512 3853 752 3915 modem,
779 3851 937 3914 ἄλλος
967 3852 1024 3904 δὲ
1061 3845 1177 3904 ὦτα
1208 3849 1321 3921 ἔχει
1349 3853 1442 3903 καὶ
1473 3853 1573 3904 οὐκ
1609 3851 1819 3915 ἀκούει,

219 3946 406 4006 οὕτως
462 3944 620 4006 ἄλλος
655 3945 755 4015 μὲν
808 3946 1044 3998 ἅπτεται
1093 3945 1236 4015 μετὰ
1279 3945 1542 4008 πίστεως,
1579 3948 1738 4010 ἄλλος
1764 3948 1821 4000 δὲ

218 4035 441 4104 ἐγγίζει
504 4036 625 4106 μὲν,
679 4037 712 4105 ἠ
761 4037 818 4089 δὲ
869 4037 1070 4108 καρδία
1131 4035 1298 4090 αὐτοῦ
1360 4038 1552 4108 πόρρω
1601 4040 1818 4110 ἀπέχει.

215 4130 442 4199 Ἐρωτᾷ
477 4129 655 4180 τοίνυν
684 4131 712 4181 6
747 4129 972 4199 Κύριος,
1002 4127 1095 4180 καί
1125 4145 1207 4181 τοι
1238 4127 1394 4190 εἰδὼς
1422 4128 1522 4197 τὴν
1561 4132 1817 4196 γυναῖκα,

215 4224 340 4274 ἀλλ’
375 4223 510 4289 ὅπερ
547 4222 707 4291 ἔφην,
738 4221 824 4274 ἵνα
855 4222 950 4274 καὶ
983 4221 1081 4289 τὴν
1117 4219 1302 4272 πίστιν
1331 4220 1506 4288 αὐτῆς
1539 4221 1817 4293 ὑποδείξῃ,

214 4317 320 4368 καὶ
348 4315 438 4366 τὸν
481 4314 938 4384 ἀρχισυνάγωγον
964 4311 1187 4365 εὔελπιν
1220 4315 1422 4383 ποιήσῃ
1456 4328 1468 4342 ·
1496 4316 1697 4384 ἐρωτᾷ,
1726 4316 1820 4368 καὶ

212 4409 501 4477 εεατρίζει
545 4407 647 4478 τὴν
688 4409 946 4475 γυναῖκα.
980 4407 1194 4474 Ἐγνων
1224 4409 1354 4476 γὰρ,
1396 4409 1549 4475 φησι,
1587 4407 1818 4476 δύναμιν

208 4501 548 4567 ἐξελθοῦσαν
579 4499 674 4553 ἀπ’
701 4500 862 4568 ἐμοῦ,
890 4499 1139 4562 εἰκότως.
1171 4500 1236 4550 υἱ
1266 4500 1366 4568 μὲν
1395 4499 1504 4569 γὰρ
1539 4499 1816 4568 προςεῆται

1957 659 2082 697 reus
2153 645 2339 696 fidem.
2403 645 2477 696 Ac
2518 644 2685 696 edens
2734 643 2879 695 enim
2953 642 3209 710 tangebat
3283 642 3550 695 limhriam

1954 737 2262 789 vestimenti
2307 735 2444 802 ejus,
2493 737 2630 788 bona
2681 751 2798 804 spe,
2851 744 2905 789 et
2949 745 3097 787 certa
3142 734 3268 795 flde,
3316 736 3458 803 quod
3503 739 3546 789 si

1956 836 2162 880 tantmn
2221 829 2586 895 contingeret,
2638 827 2960 880 salvaretur.
3029 826 3093 878 Et
3144 826 3328 878 statim
3401 831 3554 881 stetit

1952 919 2126 972 fluxus
2157 922 2441 986 sanguinis
2468 920 2609 989 ejus.
2647 920 2802 974 Sicut
2834 920 2878 972 si
2926 921 3048 987 quis
3082 919 3303 972 afferret
3331 919 3549 973 oculum

1950 1012 2015 1061 ad
2065 1011 2242 1063 lumen
2292 1011 2498 1075 lucens,
2549 1011 2630 1064 vel
2679 1013 2936 1080 Sli—pttlum
2999 1014 3064 1062 ad
3116 1013 3315 1080 ignem,
3366 1013 3550 1066 statim

1949 1103 2319 1167 operationem
2369 1103 2584 1154 illorum
2630 1104 3015 1168 experiretur:
3065 1103 3137 1156 ita
3170 1116 3223 1157 et
3271 1105 3359 1156 illa
3413 1103 3546 1157 affe-

1952 1210 2075 1247 rens
2112 1195 2267 1246 fidem
2308 1197 2372 1247 ad
2411 1210 2534 1248 eum
2568 1196 2658 1262 qui
2706 1211 2904 1250 sanare
2947 1205 3185 1264 poterat,
3231 1199 3412 1250 statim
3459 1213 3552 1250 sn—

1951 1288 2174 1339 nitatem
2223 1287 2417 1355 adepta
2464 1297 2567 1343 est.
2609 1287 2796 1356 Neque
2825 1289 2970 1341 enim
3012 1290 3288 1357 cogitabat
3317 1289 3399 1343 vel
3431 1290 3550 1342 diu-

1948 1380 2261 1431 turnitatem
2313 1379 2509 1441 morbi,
2561 1381 2645 1432 vel
2689 1381 3131 1447 desperationem
3176 1381 3542 1442 medicormn,

1948 1468 2028 1522 vel
2071 1468 2213 1520 aliud
2246 1469 2526 1535 quiddam,
2559 1468 2653 1522 sed
2702 1469 2938 1524 credidit
2981 1478 3213 1534 tantum,
3251 1479 3306 1522 et
3336 1471 3545 1524 salvam

1945 1570 2030 1614 est
2059 1577 2070 1613 :
2099 1570 2175 1622 et,
2207 1569 2264 1612 ut
2300 1561 2536 1627 videtur,
2569 1561 2719 1631 prius
2748 1562 2922 1631 tetigit
2954 1561 3238 1617 Christum
3267 1574 3468 1627 mente,
3491 1574 3549 1617 et

1946 1654 2070 1706 dein
2111 1668 2357 1721 corpore.

2018 1923 2182 1977 Vsus.
2215 1923 2405 1978 45-48.
2445 1942 2464 1974 ‹
2508 1923 2570 1976 Et
2605 1921 3052 1988 aitJesusanis
3092 1931 3176 1976 est
3205 1921 3297 1992 qui
3335 1937 3417 1974 me
3457 1934 3510 1975 te

1948 2016 2101 2086 tigit?
2141 2015 2473 2086 Negantihus
2515 2027 2695 2069 autem
2735 2017 3015 2079 omnibus,
3061 2014 3201 2068 dixit
3244 2014 3439 2069 Petrus
3487 2028 3542 2068 et

1943 2108 2032 2174 qui
2069 2122 2188 2159 enm
2236 2107 2332 2160 illo
2360 2114 2519 2160 erant
2559 2124 2574 2163 :
2610 2106 2942 2175 Praeceptor,
2990 2107 3163 2159 turba:
3196 2118 3246 2158 te
3276 2107 3540 2159 constrin-

1943 2209 2076 2268 gnut
2127 2209 2183 2252 et
2221 2197 2503 2262 afﬂictam,
2553 2208 2610 2253 et
2662 2200 2834 2251 dicis:
2876 2197 3009 2263 Quis
3057 2212 3144 2251 me
3201 2197 3422 2267 tetigit?
3473 2197 3543 2251 Et

1943 2289 2258 2344 tlixitJesns
2291 2308 2302 2343 :
2339 2290 2539 2359 Tetigit
2571 2305 2659 2343 me
2693 2290 2928 2358 aliquis:
2969 2303 3089 2343 nam
3127 2302 3226 2358 ego
3267 2289 3392 2342 novi
3429 2289 3540 2342 vir-

1943 2392 2109 2435 tulein
2141 2397 2171 2436 a
2210 2398 2295 2436 me
2335 2383 2536 2436 exisse.
2577 2380 2777 2435 Videns
2810 2391 2992 2434 autem
3023 2380 3220 2434 mulier
3247 2378 3394 2447 quod
3427 2393 3536 2432 non

1941 2475 2210 2539 latuisset,
2250 2485 2486 2528 tremens
2515 2475 2660 2527 venit
2689 2489 2752 2526 ac
2783 2473 3015 2543 procidit
3045 2483 3172 2526 ante
3205 2473 3369 2539 pedes
3395 2471 3534 2539 ejus.

1940 2581 1994 2622 et
2045 2570 2113 2621 oh
2171 2583 2331 2636 quam
2370 2582 2591 2620 causam
2647 2567 2915 2636 tetigisset
2967 2581 3117 2630 eum,
3174 2564 3437 2618 indicant
3486 2564 3537 2615 ei

1939 2676 2122 2715 coram
2189 2671 2301 2713 toto
2356 2661 2572 2728 populo,
2636 2669 2691 2713 et
2733 2658 3191 2727 quemadmodum
3249 2655 3536 2714 confestim

1937 2760 2130 2805 sanata
2159 2751 2368 2804 fuisset.
2402 2755 2468 2803 At
2495 2752 2611 2816 ipse
2644 2749 2782 2805 dixit
2815 2750 2864 2803 ei
2894 2767 2907 2802 :
2941 2748 3192 2813 Confide,
3224 2747 3364 2801 lilia:
3400 2747 3535 2799 fides

1940 2854 2027 2896 tua
2063 2855 2112 2896 te
2146 2842 2408 2896 servavit.
2452 2840 2598 2896 Vade
2629 2856 2753 2895 eum
2789 2855 2943 2908 pace.
2992 2859 3010 2891 ι
3051 2840 3312 2894 Dominus
3348 2837 3538 2891 volens

1933 2939 2098 2992 etiam
2134 2936 2376 2990 mulieris
2413 2935 2570 2988 (idem
2608 2934 2867 2987 omnibus
2919 2931 3262 2985 manifestam
3299 2930 3441 2993 lieri,
3479 2940 3540 2981 ut

1937 3030 2239 3083 imitatores
2283 3027 2400 3095 ejus
2455 3029 2669 3090 tierent,
2713 3034 2765 3079 et
2816 3022 3027 3076 Jairum
3066 3023 3330 3089 majorem
3379 3034 3533 3088 spem

1933 3120 1999 3173 de
2031 3121 2205 3175 Salute
2237 3119 2414 3175 filiolae
2441 3135 2552 3173 sure
2575 3131 2793 3186 capere,
2819 3115 2963 3186 quod
2993 3115 3132 3169 clam
3158 3113 3363 3167 factum
3389 3121 3530 3177 erat,

1936 3212 2280 3274 manifestat,
2315 3220 2369 3264 et
2398 3208 2591 3278 qurerit
2627 3210 2848 3278 quidem
2880 3208 3000 3276 quis
3033 3207 3214 3276 ipsum
3251 3205 3530 3276 tetigerit;

1934 3314 1989 3356 at
2021 3301 2214 3356 Petrus
2254 3302 2518 3355 audacter
2561 3301 2630 3354 oh
2676 3300 3166 3366 interrogationem
3225 3298 3366 3351 hanc
3400 3310 3526 3351 eum

1934 3395 2344 3464 reprehendens
2378 3394 2549 3448 dicit:
2587 3393 2691 3445 'fot
2730 3404 2781 3447 te
2816 3392 3209 3460 comprimunt,
3255 3400 3310 3444 et
3343 3389 3478 3444 dicis
3509 3406 3528 3444 :

1929 3486 2064 3552 Quis
2092 3501 2176 3540 me
2213 3485 2435 3556 tetigit?
2463 3484 2579 3538 Non
2617 3483 2954 3552 intelligehat
2994 3493 3177 3536 autem
3210 3482 3337 3552 quid
3369 3481 3530 3537 Jesus

1929 3579 2312 3647 interrogaret.
2343 3575 2506 3634 Jesus
2542 3577 2687 3630 enim
2745 3579 3067 3642 interrogat,
3103 3575 3238 3640 Quis
3273 3589 3357 3629 me
3391 3575 3520 3628 teti-

1927 3668 2041 3740 git?
2079 3685 2200 3722 eum
2258 3670 2382 3734 lide,
2423 3679 2478 3722 et
2522 3685 2627 3722 non
2682 3669 2757 3721 ita
2805 3668 3147 3735 simpliciter.
3191 3666 3327 3720 Nam
3382 3666 3528 3721 sicut

1925 3762 2091 3833 330
2123 3761 2244 3831 quis
2279 3761 2444 3817 habet
2487 3777 2647 3815 aures
2686 3761 2963 3826 audiendi,
3009 3761 3150 3814 alius
3194 3774 3320 3815 vero
3352 3774 3517 3814 aures

1929 3856 2110 3919 habet,
2166 3864 2219 3908 et
2284 3869 2390 3908 non
2454 3854 2606 3908 audit
2659 3868 2674 3907 :
2733 3856 2804 3907 ita
2856 3855 2997 3907 alius
3060 3851 3282 3922 quidem
3349 3852 3527 3918 tangit

1926 3961 2048 4000 cum
2087 3947 2213 4009 fide,
2248 3946 2387 3999 alius
2418 3955 2616 4019 .autem
2657 3945 3061 4016 appropinquat
3100 3945 3316 4013 quidem
3365 3944 3522 4012 pcdi-

1925 4037 2049 4099 hus,
2102 4038 2267 4091 corde
2313 4046 2494 4090 autem
2547 4037 2737 4107 procul
2785 4045 2888 4090 est.
2924 4035 3097 4106 Rogat
3128 4035 3292 4105 igitur
3338 4033 3523 4088 Domi-

1926 4148 2048 4197 nns,
2089 4148 2196 4186 non
2250 4133 2508 4202 ignorans
2562 4131 2766 4187 factum
2815 4132 3086 4194 mulieris,
3146 4131 3241 4185 sed
3283 4130 3334 4184 id
3369 4129 3519 4200 quod

1924 4227 2192 4289 dicebam,
2225 4235 2283 4279 ut
2309 4234 2364 4280 et
2402 4225 2561 4280 fidem
2589 4225 2710 4295 ejus
2746 4225 2867 4279 aliis
2896 4231 3252 4289 monstraret,
3287 4234 3340 4277 et
3368 4224 3521 4292 prin-

1922 4319 2026 4387 cipi
2069 4317 2366 4388 Synagoga:
2397 4331 2547 4384 spem
2579 4318 2777 4371 bonam
2810 4317 3036 4372 faceret.
3073 4315 3268 4385 Rogat,
3310 4324 3363 4370 et
3395 4331 3522 4385 spe-

1923 4411 2175 4464 ctabilem
2218 4409 2348 4464 facit
2382 4409 2686 4464 mulierem.
2732 4406 2866 4463 Novi
2904 4410 3077 4475 enim,
3111 4408 3307 4477 inquit,
3346 4408 3520 4463 virtu-

1924 4511 2030 4556 tem
2062 4504 2263 4558 exiisse
2289 4517 2318 4555 a
2365 4517 2472 4569 me,
2518 4501 2734 4556 merito.
2775 4503 3064 4572 Propheta:
3090 4503 3236 4556 enim
3272 4517 3376 4555 non
3416 4501 3521 4554 ha-

206 4595 318 4646 οὺκ
359 4587 506 4659 εἶχον
550 4589 807 4660 δυνάμεις
839 4589 934 4643 ἀπ’
981 4591 1161 4642 αὐτῶν
1193 4590 1554 4661 ἐξερχομένας
1581 4607 1593 4618 ·
1627 4593 1811 4661 χάριτι

1932 4597 2121 4648 οοιιθιιι
2152 4595 2409 4650 virtutem
2448 4596 2514 4650 de
2545 4609 2606 4650 se
2647 4594 3042 4665 egredientem,
3078 4594 3171 4650 sed
3208 4597 3381 4661 gratia
3420 4593 3513 4647 llei

205 4685 325 4753 γάρ
359 4680 496 4733 Θεοῦ
542 4680 1050 4750 ὲθαυματούργουν.
1094 4680 1154 4733 'U
1208 4680 1266 4733 δὲ
1307 4678 1515 4749 Ἰησοῦς
1554 4684 1703 4749 πηγὴ
1737 4679 1812 4731 ὢν

204 4773 421 4834 παντὸς
453 4773 658 4840 ἀγαθοῦ
689 4773 782 4825 καὶ
814 4775 994 4841 πάσης
1021 4773 1327 4842 δυνάμεως,
1373 4771 1488 4842 ἔχει
1527 4771 1622 4823 καὶ
1656 4772 1811 4826 δυνά-

207 4887 344 4942 μεις
384 4871 480 4921 ἀπ’
535 4868 702 4922 αὑτοῦ
756 4869 1146 4938 ἐςερχομένας.
1189 4868 1362 4938 Διπλῇ
1411 4867 1467 4919 δὲ
1514 4865 1809 4936 Θεραπεύει

197 4970 311 5029 τὴν
347 4963 587 5027 γυναῖκα
637 4963 665 5011 6
701 4961 927 5028 Κύριος,
959 4961 1174 5029 πρῶτον
1202 4959 1303 5027 μὲν
1329 4962 1429 5027 τὴν
1453 4960 1607 5012 νόσον
1640 4959 1810 5025 αὐτῆς

202 5062 538 5124 ἰασάμενος,
568 5038 765 5108 ἔπειτα
802 5055 857 5107 δὲ
892 5058 983 5107 καὶ
1011 5055 1103 5108 τὸν
1128 5056 1328 5124 τρόμον
1355 5056 1453 5124 τῆς
1497 5054 1676 5125 ψυχῆς
1711 5073 1808 5106 κα.-

195 5152 524 5212 τλστεῐὶας,
550 5151 638 5201 διὰ
666 5148 760 5201 τοῦ
790 5151 986 5202 εἰπεῖν’
1023 5149 1251 5219 Θάρσει,
1285 5148 1548 5217 Θύγατερ.

282 5262 302 5294 ε
352 5243 478 5294 Ἔτι
529 5241 696 5294 αὑτοῦ
751 5240 1062 5304 λαλοῦντος,
1117 5240 1337 5310 ἔρχεταί
1383 5256 1466 5294 τις
1511 5241 1663 5308 παρὰ
1709 5238 1804 5291 τοῦ

192 5333 662 5407 ἀρχισυναγώγου
753 5333 927 5401 λέγων
1023 5333 1191 5401 αὐτῷ.
1259 5333 1339 5385 ὅτι
1425 5331 1697 5399 Τέθνηκεν
1771 5333 1802 5400 ἡ

193 5427 460 5494 θυγάτηρ
549 5441 665 5488 σου,
732 5425 804 5494 μὴ
895 5423 1088 5476 σκύλλε
1142 5425 1234 5476 τὸν
1302 5423 1640 5477 διδάσκαλον.
1747 5424 1804 5475 ’0

192 5523 254 5574 δὲ
362 5516 575 5587 Ἰησοῦς
665 5517 931 5579 ἀκούσας,
987 5516 1264 5586 ἀπεκρίθη
1330 5515 1500 5585 αὐτῷ,
1576 5517 1800 5583 λέγων’

189 5617 293 5683 Μὴ
374 5612 564 5679 φίδθῦν
632 5612 791 5681 μόνον
855 5612 1102 5675 πίστευεν
1139 5611 1233 5662 καὶ
1298 5609 1627 5678 σωθήσεται.
1679 5607 1797 5659 Ἑλ-

187 5707 312 5762 θὼν
347 5704 407 5755 δὲ
435 5705 513 5766 εἰς
581 5706 678 5772 τὴν
732 5705 928 5767 οἰκίαν,
976 5705 1076 5755 οὐκ
1133 5702 1345 5770 ἀφῆκεν
1400 5702 1661 5754 εἰσελθεῖν
1707 5703 1800 5754 οὑ-

186 5801 351 5860 ὖένα.
424 5800 470 5848 εὶ
535 5796 610 5866 μὴ
679 5797 902 5866 Πέτρον,
974 5797 1067 5848 καὶ
1135 5796 1410 5858 Ἰάκωϐον,
1475 5797 1567 5847 καὶ
1613 5796 1797 5847 Ἰωάν-

188 5911 314 5963 νην,
381 5889 474 5943 καὶ
518 5890 610 5941 τὸν
661 5891 872 5958 πατέρα
940 5891 1038 5957 τῆς
1098 5888 1286 5950 παιδὸς
1363 5888 1457 5940 καὶ
1519 5889 1617 5956 τὴν
1688 5906 1793 5957 μη-

575 5989 832 6046 ι³Ατ1ιοι,,
886 5990 927 6042 (ἶ.
943 6007 1000 6045 tt.
1049 5985 1148 6046 CX
1168 5985 1332 6045 XIII.

1917 4688 2291 4754 operahantur
2343 4686 2628 4741 miracula.
2669 4684 2829 4740 Jesus
2871 4700 3004 4740 vero
3043 4701 3167 4739 cum
3207 4685 3326 4740 fons
3367 4694 3518 4740 esset

1915 4777 2094 4831 omnis
2128 4778 2251 4832 boni
2310 4789 2364 4833 et
2405 4781 2584 4835 omnis
2617 4778 2872 4841 virtutis,
2909 4780 3072 4832 habet
3108 4789 3163 4832 et
3198 4780 3452 4833 tirtulem
3484 4795 3512 4831 a

1915 4890 1974 4926 se
2029 4875 2420 4944 egredientem.
2477 4874 2612 4929 Nam
2670 4874 2960 4944 dupliciter
3011 4883 3171 4927 sanat
3229 4875 3512 4928 mulierem

1918 4966 2196 5032 llnminns,
2235 4966 2466 5035 primum
2518 4964 2738 5034 quidem
2779 4965 3026 5018 tnorhnm
3072 4964 3191 5032 ejus
3236 4963 3511 5025 Sanando,

1914 5060 2109 5112 deinde
2162 5059 2410 5112 timorem
2449 5057 2646 5110 animae
2699 5055 2818 5124 ejus
2851 5057 3048 5111 tollens
3093 5071 3189 5125 per
3229 5057 3331 5109 hoc
3365 5060 3510 5125 quod

1912 5148 2085 5201 dixit:
2119 5147 2368 5215 Confide,
2403 5148 2532 5202 lilia.

1993 5241 2156 5295 Vsus.
2190 5242 2380 5297 49-56.
2422 5260 2440 5293 ‹
2475 5240 2664 5294 Adhuc
2695 5239 2785 5294 illo
2817 5240 3074 5310 loquente
3104 5239 3252 5294 venit
3281 5239 3501 5310 quidam

1912 5348 1937 5380 a
1977 5333 2140 5386 dumo
2170 5335 2435 5403 principis
2467 5335 2787 5407 Synagogm,
2839 5337 3027 5394 dicens
3063 5335 3110 5389 ei
3138 5348 3151 5386 :
3185 5334 3392 5387 Mortua
3421 5340 3506 5384 est

1911 5425 2014 5475 lilia
2059 5436 2145 5477 tua
2179 5441 2192 5478 :
2227 5425 2332 5478 noli
2369 5441 2567 5481 vexare
2597 5429 2945 5498 magistrum.
2999 5425 3158 5479 Jesiis
3192 5435 3370 5477 autem
3404 5438 3502 5474 an-

1904 5515 2021 5569 dito
2054 5517 2154 5571 hoc
2179 5519 2345 5573 verho
2377 5522 2656 5588 respondit
2687 5522 2825 5590 patri
2865 5519 3051 5588 puellae
3081 5535 3093 5570 :
3127 5516 3242 5569 Noli
3284 5517 3494 5576 timere,

1903 5611 2064 5663 crede
2093 5621 2325 5674 tantum,
2364 5623 2418 5666 et
2447 5614 2591 5666 salva
2635 5617 2759 5667 erit.
2795 5613 2861 5666 Et
2891 5628 3014 5666 cum
3048 5612 3284 5666 venisset
3310 5610 3361 5662 in

1905 5720 2073 5768 mum,
2112 5721 2215 5758 non
2250 5707 2502 5774 permisit
2544 5707 2750 5761 intrare
2799 5723 2982 5762 secum
3021 5723 3345 5776 quemquam
3392 5721 3494 5757 ΙΙωΙ

1901 5796 2146 5862 Petrum,
2205 5808 2259 5852 et
2307 5798 2685 5864 Jarohumpet
2729 5797 3022 5863 Joannem,
3061 5807 3109 5853 et
3174 5807 3380 5867 patrem
3430 5811 3496 5853 ac

1904 5897 2133 5944 matrem
2188 5889 2398 5958 puellm.
2435 5889 2868 5946 Flebantautem
2917 5905 3127 5944 omnes.
3181 5900 3232 5943 et
3276 5889 3498 5959 plange-

3065 5988 3145 6046 20
