4038 6546
239 428 343 491 εει

926 434 1367 497 ΕΝΛΒΙὶΑΤιΟ
1411 437 1488 496 1N
1532 433 1835 495 EVANGE

1945 433 2036 494 5M
2070 433 2307 495 LUCJi.
2339 457 2408 468 —
2434 430 2595 493 CAP.
2642 430 2744 490 IX.

3424 413 3532 479 89.2

241 539 392 608 λόγοι
429 534 594 604 οὗτοι,
641 543 904 614 κάκείνην
933 546 1054 598 καθ’
1093 546 1216 619 ἠνή
1248 547 1678 619 μεταμόρτωτις
1722 546 1788 613 γέ

1945 557 2017 600 tat
2050 565 2063 599 :
2102 544 2398 610 Jacobum,
2430 544 2521 614 qui
2556 552 2611 598 et
2652 542 2768 611 ipse
2807 536 3055 594 fervebat
3089 534 3207 591 zelo
3244 547 3343 606 pro
3371 532 3533 586 Chri-

242 650 391 699 γονε.
424 635 707 704 Παρέλαὸε
732 636 788 690 δὲ
814 638 943 702 τοὺς
968 642 1117 707 τρεῖς
1159 640 1378 709 μόνους,
1432 640 1525 694 τὸν
1566 640 1667 711 μὲν
1723 640 1829 695 Πέ-

241 747 373 801 τρον
401 729 476 793 ὡς
510 729 811 797 ἀγαπῶντα
837 769 854 795 ,
890 731 982 785 τὸν
1006 732 1063 785 δὲ
1092 734 1351 806 Ἰωάννην
1396 734 1471 796 ὡς
1524 730 1829 803 ἀγαπώμε-

245 839 355 883 νον,
394 822 488 873 καὶ
525 820 618 874 τὸν
641 822 901 877 Ἰάκωϐον
929 824 1008 890 δὲ,
1040 825 1116 889 ὡς
1145 828 1240 881 καὶ
1261 828 1427 881 αὑτὸν
1458 828 1665 898 θερμὸν
1696 826 1829 879 ὄντα

240 914 336 966 τὸν
364 913 508 975 ὑπὲρ
538 914 705 968 αὑτοῦ
738 915 920 986 ζῆλον,
949 917 981 987 ῆ
1007 917 1103 972 καὶ
1139 919 1217 982 ὼς
1236 918 1573 989 δυναμένους
1618 917 1829 989 κρύψαι

240 1006 304 1056 τὸ
340 1006 599 1075 πρᾶγμα,
624 1006 721 1061 καὶ
756 1010 1070 1078 κατασχεῖν,
1110 1011 1208 1063 καὶ
1244 1010 1431 1081 μηδενὶ
1470 1009 1826 1078 ἀπαγγεῖλαι.

241 1095 555 1151 Ἀναὸαίνει
579 1098 636 1152 δὲ
668 1102 748 1163 εἰς
775 1099 922 1171 ὅρος,
946 1099 1087 1154 ὥστε
1133 1101 1560 1174 προσεύξασθαι.
1598 1104 1690 1154 Δεῖ
1720 1102 1830 1170 γὰρ

243 1188 549 1253 ἰδιάζοντας
579 1192 729 1263 ἡμᾶς
756 1192 852 1245 καὶ
880 1192 1298 1256 ἀναϐαίνοντας.
1346 1194 1442 1247 καὶ
1480 1193 1675 1265 μηδενὶ
1720 1194 1831 1247 τῶν

238 1279 445 1348 γηΐνων
461 1281 856 1349 ἐγκύπτοντας,
874 1281 1298 1353 προσεύχεσθαι.
1315 1282 1567 1351 Ἐγένετο
1593 1283 1650 1337 δὲ
1670 1284 1733 1337 τὸ
1755 1279 1831 1336 εἷ-

240 1370 329 1434 ὃίδς
354 1372 521 1426 αὐτοῦ
535 1373 745 1445 ἕτερον,
763 1375 861 1444 οὐχ
893 1375 969 1438 ὼς
995 1376 1364 1445 μεταστάντος
1384 1375 1551 1430 αὑτοῦ
1567 1378 1646 1440 εἰς
1664 1376 1832 1447 ἀλλην

241 1461 429 1532 φύσιν.
456 1464 681 1534 Ἔμεινε
699 1468 808 1537 γὰρ
826 1461 939 1531 οἷος
962 1462 1050 1539 ἧν·
1082 1466 1219 1521 ἀλλὰ
1236 1468 1297 1521 τὸ
1324 1466 1511 1538 σχῆμα
1539 1467 1633 1521 τοῦ
1666 1485 1833 1539 προσ-

239 1552 395 1609 ώπου
440 1555 606 1609 αὐτού
638 1556 814 1628 ἐφάνη
829 1557 1214 1631 λαμπρότερον
1238 1559 1271 1630 ἢ
1298 1560 1593 1631 πρότερον.
1619 1559 1833 1630 Ὠσπερ

242 1641 341 1699 οὖν
374 1647 468 1701 καὶ
498 1647 589 1700 ἐπὶ
620 1647 732 1701 τῶν
763 1648 996 1719 ἱματίων
1026 1650 1192 1704 αύτοῦ
1218 1650 1434 1719 γέγονε.
1462 1648 1686 1703 Τούτων
1722 1648 1835 1721 γὰρ

247 1740 311 1791 τὸ
344 1733 482 1801 εἶδος
512 1738 675 1810 μόνον
710 1737 1075 1812 ὲξήστραψεν,
1096 1742 1218 1811 οὐχὶ
1240 1740 1343 1810 τῆς
1370 1741 1558 1804 οὐσίας
1582 1741 1690 1795 τῶν
1714 1744 1837 1811 ἱμα-

239 1833 375 1884 τίων
413 1832 902 1903 μεταμειφθείσης,
923 1834 1059 1887 ἀλλά
1085 1835 1183 1905 τῆς
1212 1833 1556 1903 ἐπιφανείας.
1587 1836 1835 1905 Μωῦσῆς

239 1925 299 1978 δὲ
342 1926 641 1990 καὶίιλιας
690 1930 1138 1999 συνιιστήκεισαν
1180 1930 1330 2001 αὐτῷ
1382 1930 1835 2002 προσευχομένῳ,

242 2017 333 2070 ἵνα
356 2017 544 2090 δειχθῇ
570 2020 770 2073 ὅτιούκ
798 2018 946 2074 ἔστιν
969 2021 1212 2084 ἐναντίος
1241 2024 1351 2085 τοῖς
1382 2024 1697 2095 προφήταις
1743 2024 1837 2077 καὶ

239 2107 321 2177 τῷ
342 2110 514 2180 νόμῳ.
538 2112 601 2165 Et
628 2106 841 2184 γὰρῆν,
860 2114 959 2166 οὐκ
984 2113 1050 2166 ἂν
1078 2115 1105 2166 ὁ
1134 2114 1225 2167 τὸν
1242 2115 1404 2184 νόμον
1426 2114 1550 2179 δοὺς
1575 2116 1834 2186 Μωῦσῆς,

238 2202 387 2256 καὶὸ
417 2204 522 2257 τῶν
553 2206 852 2276 προφητῶν
900 2205 1237 2277 θερμότατος
1282 2207 1491 2274 Ἠλίας,
1543 2209 1838 2280 ἠνέσχοντο

239 2295 571 2368 δορυφορετν
601 2298 787 2365 αὐτὸν,
824 2300 920 2353 καὶ
961 2300 1114 2370 αύτῷ
1167 2300 1548 2357 συνίστασθαι.
1610 2303 1837 2371 Ἔλεγον

239 2387 299 2441 δὲ
331 2388 434 2459 τὴν
464 2388 643 2453 ἔξοδον
676 2392 742 2460 ἦν
794 2390 989 2462 ἔμελλε
1030 2392 1277 2463 πληροῦν
1333 2396 1393 2447 ὲν
1446 2392 1832 2466 Ἰερουσαλὴμ,

238 2479 495 2533 τουτέστι
548 2482 642 2533 τὸν
671 2481 925 2536 θάνατον.
971 2484 1030 2538 '0
1051 2484 1110 2538 δὲ
1140 2486 1347 2558 Πέτρος
1374 2484 1529 2558 ὕπνῳ
1560 2488 1835 2557 ὲόαρεῖτο,

238 2572 312 2642 τῇ
351 2576 629 2645 προσευχῇ
687 2575 1045 2646 σχολάζοντος
1104 2578 1199 2631 τοῦ
1256 2579 1521 2650 Χριστοῦ.
1580 2579 1837 2650 Ἀσθενὴς

242 2663 357 2733 γὰρ
412 2659 502 2735 ἦν,
552 2665 649 2717 καὶ
710 2667 772 2719 τὸ
813 2666 1159 2739 ἀνθρώπινον
1209 2671 1490 2743 ἐπλήροω,
1523 2670 1680 2742 ὕπνῳ
1712 2672 1837 2727 δου-

244 2754 446 2810 λεύων.
494 2758 954 2829 Διαγρηγορήσας
983 2760 1064 2828 δὲ,
1109 2760 1307 2833 θεωρεῖ
1359 2762 1461 2834 τὴν
1491 2763 1677 2831 δόξαν,
1744 2765 1840 2819 καὶ

237 2850 368 2911 τοὺς
394 2849 488 2903 δύο
516 2850 744 2922 ἄνδραςο
777 2850 967 2923 ῶσπερ
1004 2853 1061 2906 δὲ
1091 2854 1494 2925 ἀποδεχόμενος
1528 2856 1628 2927 τὴν
1657 2858 1837 2910 ἐκεῖσε

240 2939 556 3011 διατριϐὴν,
582 2941 672 2994 διά
719 2959 780 2995 τε
826 2943 889 2995 τὸ
924 2943 1039 3012 φῶς
1082 2944 1177 2996 καὶ
1194 2944 1287 2997 διὰ
1341 2944 1403 2998 το
1442 2946 1671 3017 θεωρεῖν
1713 2950 1840 3012 τοὺς

242 3033 555 3102 προφήτας,
587 3034 944 3102 φησίοιίαλόν
970 3038 1119 3089 ἐστιν
1155 3036 1301 3106 ἡμᾶς
1325 3030 1428 3091 ὦδε
1482 3034 1645 3096 εἶναι,
1693 3038 1842 3093 Ἐνόο

249 3124 379 3194 tuis
420 3125 529 3195 γὰρ
558 3127 641 3179 ὅτι
688 3126 810 3179 τότε
840 3124 907 3197 ἦν
938 3129 973 3197 ἡ
1010 3130 1325 3193 συντέλεια,
1359 3130 1456 3183 καὶ
1498 3133 1530 3201 ἡ
1586 3131 1841 3201 βασιλεία

1932 651 2059 693 sto:
2099 639 2183 693 vel
2233 647 2291 692 ut
2356 636 2531 707 magis
2581 634 2886 689 taciturnos
2949 639 3004 685 et
3050 627 3215 683 silere
3264 624 3532 679 valentes.

1932 727 2105 784 Porro
2143 730 2196 783 in
2234 737 2474 783 montem
2507 724 2755 782 ascendit
2791 732 2851 777 ut
2887 730 3091 776 oraret.
3128 716 3355 791 Oportet
3386 713 3532 769 enim

1932 839 2031 878 nos
2062 824 2338 878 solitarios
2387 837 2511 877 esse
2541 829 2596 874 ct
2632 817 2950 882 ascendere,
2994 823 3051 868 et
3094 811 3258 865 nullis
3296 803 3534 863 terrenis

1934 919 2101 972 rebus
2149 916 2433 971 intendere
2468 916 2701 969 orando.
2750 910 2920 967 Facta
2970 915 3054 963 est
3099 915 3282 959 autem
3322 901 3534 969 species

1930 1010 2113 1066 vultus
2145 1009 2263 1077 ejus
2298 1008 2422 1071 alia,
2461 1023 2566 1061 non
2598 1013 2806 1061 mutato
2836 1017 2903 1058 eo
2940 1000 2995 1055 in
3024 998 3187 1053 aliam
3221 1006 3477 1050 naturam
3516 1008 3532 1045 :

1933 1104 2136 1160 mansit
2186 1102 2331 1157 enim
2364 1101 2543 1171 qualis
2590 1107 2733 1154 erat.
2787 1095 2896 1151 Sed
2932 1093 3146 1165 species
3190 1090 3375 1144 vultus
3415 1086 3539 1155 ejus

1934 1197 2274 1267 splendidior
2303 1193 2557 1265 apparuit
2596 1206 2761 1263 quam
2796 1188 2981 1259 prius,
3014 1184 3156 1242 sicut
3197 1194 3253 1238 et
3278 1181 3332 1235 in
3361 1178 3534 1234 vesti-

1932 1292 2136 1347 memis
2164 1290 2284 1360 ejus
2315 1288 2516 1342 factum
2548 1294 2667 1341 est:
2695 1285 2889 1339 horum
2915 1278 3065 1336 enim
3086 1275 3298 1348 species
3322 1280 3535 1329 tantum

1934 1382 2166 1442 refulsit,
2201 1396 2308 1435 non
2356 1385 2663 1448 permutata
2707 1373 3166 1430 vestimentorum
3201 1362 3534 1422 substantia,

1934 1472 2029 1528 sed
2062 1473 2372 1542 superficie.
2393 1469 2575 1524 Moses
2606 1480 2791 1522 autem
2818 1475 2874 1520 et
2908 1464 3056 1519 Elias
3079 1461 3379 1521 astiterunt
3409 1471 3535 1511 cum

1934 1579 2002 1620 eo
2033 1574 2249 1625 orante,
2283 1573 2343 1616 nt
2378 1569 2718 1615 monstretur
2754 1558 2900 1627 quod
2945 1570 3054 1611 non
3086 1554 3160 1608 sit
3189 1549 3539 1606 adversarius

1938 1656 2035 1726 legi
2079 1666 2131 1710 et
2166 1654 2469 1724 prophetis.
2518 1650 2652 1707 Nam
2698 1650 2743 1705 si
2791 1649 2915 1703 talis
2963 1647 3187 1711 fuisset,
3246 1658 3353 1699 non
3404 1642 3539 1711 legis

1938 1750 2097 1803 dator
2140 1746 2341 1807 Moses.
2382 1755 2437 1799 et
2480 1742 2915 1799 ferventissimus
2946 1739 3337 1810 prophetarum
3391 1734 3540 1788 Elias

1940 1854 2000 1894 se
2045 1839 2119 1893 illi
2159 1837 2550 1901 associassent,
2578 1834 2660 1887 vel
2704 1848 2830 1888 cum
2878 1832 2996 1901 ipso
3030 1830 3334 1884 stetissent.
3375 1825 3538 1879 Dice-

1943 1930 2074 1985 bant
2104 1938 2284 1983 autem
2316 1938 2603 1982 excessum
2639 1924 2759 1993 ejus
2794 1920 3065 1991 quomodo
3109 1918 3261 1972 illum
3301 1915 3542 1985 comple-

1940 2030 2097 2075 tnrns
2141 2030 2259 2074 erat
2311 2016 2723 2087 Hierosolymis.
2770 2015 2873 2069 hoc
2920 2022 3006 2068 est
3043 2021 3299 2065 mortem.
3345 2006 3543 2062 Petrus

1938 2111 2106 2183 336
2153 2120 2333 2165 autem
2384 2121 2580 2164 somno
2633 2107 2985 2179 gravabatur,
3038 2100 3276 2156 orationi
3310 2107 3543 2153 vacante

1938 2204 2181 2261 Chi-isto.
2237 2202 2494 2258 Inﬁrmus
2552 2202 2699 2256 enim
2758 2208 2912 2266 erat,
2967 2207 3024 2252 et
3076 2192 3325 2251 Lemano
3390 2204 3545 2245 more

1940 2313 2135 2353 somno
2174 2296 2466 2352 serviebat.
2502 2294 2639 2348 Cum
2681 2302 2863 2347 autem
2892 2290 3225 2359 evigilassel,
3264 2284 3545 2354 spectabat

1941 2391 2167 2461 gloriam
2218 2399 2273 2444 et
2323 2388 2459 2443 duos
2499 2389 2648 2441 viros
2687 2403 2701 2441 :
2740 2384 2906 2439 veluti
2955 2392 3137 2437 autem
3184 2381 3351 2432 vitam
3394 2377 3542 2431 illam

1941 2482 2268 2553 approbans,
2294 2489 2406 2535 tum
2439 2488 2663 2549 propter
2689 2477 3066 2547 splendorem,
3103 2481 3216 2526 tum
3242 2471 3547 2541 prophetas

1941 2590 2077 2644 quos
2112 2574 2352 2639 videbat,
2382 2571 2521 2626 dixit
2548 2589 2561 2625 :
2600 2570 2812 2625 Bonum
2845 2579 2931 2623 est
2958 2582 3058 2622 nos
3087 2566 3177 2621 hic
3207 2578 3348 2619 esse.
3380 2561 3545 2617 Puta-

1943 2665 2037 2719 bat
2067 2665 2212 2719 enim
2264 2674 2394 2718 tunc
2428 2661 2959 2717 consummationem
2996 2656 3164 2712 fuisse
3209 2664 3264 2711 et
3312 2669 3543 2725 regnum

1940 2754 2093 2822 Jesu,
2120 2755 2375 2826 ignorans
2400 2752 2531 2824 quid
2562 2752 2904 2822 loqueretur.
2936 2747 3188 2803 Nondum
3216 2746 3365 2802 enim
3396 2744 3543 2809 linis,

1945 2866 2123 2920 neque
2168 2848 2319 2919 regni
2359 2846 2478 2903 dies
2515 2844 2780 2909 instabat,
2833 2857 3010 2914 neque
3054 2840 3377 2913 gaudiorum
3411 2838 3546 2892 frui-

1944 2945 2121 2998 tiones
2170 2940 2377 2997 sanctis
2436 2939 2912 2995 communicanda:
2969 2944 3149 2992 erant.
3200 2932 3434 3003 insuper
3489 2940 3561 2991 et,

1944 3035 2188 3105 crucifigi
2245 3036 2444 3089 timens
2482 3030 2795 3095 Christum,
2836 3030 2954 3085 lure
3003 3028 3240 3084 dicebat.
3277 3026 3546 3093 Quosdam

1946 3129 2197 3183 audierat
2239 3124 2387 3196 quod
2437 3130 2693 3194 oporteat
2740 3137 2867 3177 eum
2916 3121 3117 3186 occidi,
3168 3130 3224 3174 et
3274 3119 3433 3174 tertia
3462 3118 3551 3173 die

240 3217 344 3270 τοῦ
368 3218 570 3287 Ἰησοῦ*
606 3218 682 3289 μὴ
706 3218 864 3283 εἰδὼς
882 3219 909 3273 ὃ
930 3220 1101 3288 λέγει.
1138 3219 1306 3275 Οὔπω
1326 3221 1436 3293 γὰρ
1463 3218 1530 3295 ἦν
1556 3224 1615 3277 τὸ
1642 3226 1835 3294 πέρας.

1949 3233 2239 3289 resurgere
2267 3234 2283 3271 :
2313 3217 2447 3273 dicit
2471 3216 2632 3288 quasi
2663 3216 2716 3270 in
2750 3215 2896 3270 hunc
2929 3214 3173 3276 modum,
3203 3211 3281 3267 Ne
3316 3214 3549 3267 descen-

245 3309 373 3361 οὐδὲ
424 3309 527 3377 τῆς
566 3308 851 3380 βασιλείας
891 3312 923 3381 ἡ
957 3312 1141 3382 ἡμέρα
1196 3314 1525 3383 ἐνειστήκει,
1576 3314 1697 3367 οὐδὲ
1745 3318 1844 3386 τῆς

244 3399 361 3451 τῶν
384 3398 606 3467 ἀγαθῶν
657 3401 1010 3465 ἀπολαύσεως
1070 3396 1146 3457 ὧν
1203 3401 1525 3473 μεθέξουσιν
1572 3406 1622 3457 οἱ
1675 3404 1843 3473 ἅγιοι.

244 3490 485 3561 ’Λμαδὲ
513 3494 608 3545 καὶ
650 3481 986 3563 φοόούμενος
1030 3494 1089 3547 τὸ
1136 3495 1520 3565 σταυρωθῆναι
1573 3498 1664 3549 τὸν
1697 3499 1845 3566 Χρι-

248 3584 402 3648 στὸν,
426 3584 601 3641 ταῦτά
656 3602 844 3654 φησιν.
907 3586 1059 3639 Ἐπεὶ
1090 3585 1201 3656 γὰρ
1256 3587 1491 3656 ἡκουσεν
1545 3588 1846 3652 αὐτοῦ,ετι

245 3676 334 3728 δεῖ
367 3674 531 3727 αὐτὸν
560 3674 997 3746 ἀποκτανθῆναι,
1036 3676 1131 3727 καὶ
1150 3678 1217 3746 τῇ
1266 3676 1432 3747 τρίτῃ
1477 3676 1666 3748 ἡμέρᾳ
1710 3677 1845 3731 ἀνα·

250 3768 471 3836 στῆναι,
504 3768 640 3837 φησὶ
673 3768 867 3832 ταῦτα,
904 3768 1193 3839 μονονουχὶ
1246 3769 1420 3837 λέγων
1445 3787 1458 3801 ⁸
1512 3770 1601 3840 Μὴ
1651 3771 1846 3825 κατέλ-

246 3863 440 3929 θωμεν
472 3862 537 3913 ἐκ
595 3860 689 3913 τοῦ
722 3860 905 3931 ὄρους,
965 3861 1201 3914 ἐνταῦθα
1258 3863 1683 3932 καταμείνωμεν
1706 3905 1721 3928 ,
1759 3863 1847 3917 ἵνα

245 3954 344 4005 τὸν
402 3952 637 4023 σταυρὸν
700 3952 1083 4023 διαδράσωμεν
1138 3956 1233 4006 καὶ
1278 3956 1341 4007 τὸ
1377 3955 1572 4017 πάθος.
1612 3956 1849 4025 Ἔχομεν

262 4042 453 4095 Ἠλίαν
480 4042 694 4111 βοηθὸν,
750 4044 799 4096 εἰ
848 4043 1157 4096 ἐπέλθωσιν
1191 4045 1325 4114 ἡμῖν
1376 4045 1427 4097 οἱ
1480 4045 1747 4111 Ἰουδαῖοι,
1791 4046 1849 4098 τὸ

248 4135 367 4206 πῦρ
396 4136 815 4201 κατενεγκόντα,
851 4137 1096 4200 καὶτοὺς
1139 4138 1651 4209 πεντηκονταρχους
1708 4142 1840 4192 ἀπο-

249 4229 509 4282 λέσαντα.
544 4228 782 4299 Ἐχομεν
810 4230 1053 4298 Μωῦσῆν
1103 4229 1195 4282 τὸν
1236 4230 1371 4283 τόσα
1412 4231 1507 4285 καὶ
1555 4233 1687 4284 τόσα
1720 4234 1849 4304 ἔθνη

248 4322 617 4388 ἀφανίσαντα·
655 4321 827 4375 ταῦτα
855 4322 910 4374 δὲ
944 4322 1097 4391 ἔλεγε
1131 4321 1207 4393 μὴ
1238 4323 1391 4387 εἰδὼς
1411 4323 1439 4377 ὃ
1476 4325 1648 4392 λέγει.
1680 4328 1851 4390 A519»;

254 4415 360 4483 μὲν
394 4416 501 4483 γὰρ
534 4413 783 4483 ἐνόμιζεν
806 4415 889 4467 ὅτι
920 4413 1278 4484 παγχάλεπόν
1305 4432 1357 4467 τι
1384 4416 1477 4468 καὶ
1512 4417 1683 4469 κακόν
1703 4420 1852 4470 ἐστιν

252 4510 285 4557 ὁ
322 4506 580 4574 σταυρὸς,
611 4506 706 4558 καὶ
728 4505 818 4558 διὰ
855 4505 1015 4559 τοῦτο
1043 4506 1459 4577 ἀποδιδράσκων
1491 4510 1654 4561 αὑτὸν
1676 4550 1690 4573 ,
1718 4509 1851 4564 ταῦ-

1949 3313 2140 3367 damus
2188 3312 2254 3367 de
2296 3318 2519 3377 monte,
2580 3323 2899 3363 maneamus
2954 3306 3066 3370 hic,
3116 3314 3176 3359 ut
3225 3318 3445 3358 crucem
3498 3314 3554 3357 ιιι

1950 3403 2263 3471 passionem
2296 3400 2642 3472 eﬂugiamus.
2669 3397 2946 3453 Habemus
2979 3396 3151 3449 Eliani
3193 3396 3497 3464 adjutorcm
3535 3412 3549 3447 :

1948 3495 1994 3550 si
2031 3493 2329 3548 invaserint
2371 3507 2471 3547 nos
2506 3489 2704 3554 Judaei,
2742 3491 2921 3559 ignem
2959 3488 3193 3542 deducet
3227 3485 3295 3550 δ’,
3328 3494 3383 3539 et
3410 3483 3555 3541 sicut

1950 3587 2450 3658 quinquagenarius
2493 3586 2799 3640 comburet.
2855 3583 3135 3635 Habemus
3182 3577 3404 3642 Mosen,
3458 3577 3551 3649 qui

1952 3690 2030 3734 tot
2064 3688 2119 3733 ct
2164 3689 2344 3733 lautas
2384 3688 2577 3748 gentes
2622 3676 2897 3747 perdidit:
2938 3676 3052 3729 haec
3101 3685 3286 3727 autem
3339 3672 3557 3725 diccbat

1952 3772 2202 3827 nesciens
2223 3771 2353 3841 quid
2384 3771 2721 3841 loqueretur.
2751 3769 2875 3840 Ipse
2904 3769 3051 3823 enim
3086 3767 3314 3837 putabat
3346 3765 3551 3819 malum

1951 3863 2208 3933 quiddam
2254 3871 2311 3917 et
2360 3861 2741 3917 diﬂicillimum
2780 3875 2904 3916 esse
2946 3875 3194 3921 crucem,
3232 3868 3287 3913 et
3326 3867 3558 3929 propter

1955 3956 2054 4009 hoc
2086 3954 2231 4008 illam
2266 3955 2494 4024 cupiens
2524 3953 2705 4018 vitari,
2745 3954 2858 4007 haec
2885 3953 3123 4008 dicebat.
3164 3950 3422 4006 Christus
3448 3967 3550 4005 au-

1954 4057 2063 4101 tem
2123 4046 2343 4101 sitiebat
2390 4046 2662 4115 croeillgi,
2714 4044 2975 4115 quoniam
3025 4060 3133 4098 non
3193 4043 3356 4099 aliter
3404 4044 3555 4099 salus

1954 4142 2234 4194 hominum
2279 4141 2589 4195 constabat.
2628 4140 2795 4195 Petro
2846 4147 3030 4193 autem
3078 4140 3293 4194 dicente
3335 4154 3350 4191 :
3396 4156 3413 4188 ι
3453 4136 3559 4189 Fa-

1954 4234 2164 4287 ciamus
2198 4233 2547 4288 tabernacula
2579 4234 2703 4297 tria,
2746 4251 2765 4282 ι
2811 4233 3077 4289 Dominus
3110 4240 3338 4302 repente
3371 4232 3557 4285 taber-

1956 4326 2208 4381 naculum
2260 4341 2365 4381 non
2399 4326 2772 4381 manufactum
2820 4326 2972 4391 facit,
3022 4336 3075 4381 et
3112 4326 3165 4381 in
3215 4325 3347 4379 illud
3374 4325 3557 4394 ingrc-

1954 4418 2103 4473 ditur
2156 4434 2281 4473 cum
2330 4419 2635 4489 prophetis.
2676 4430 2733 4472 ut
2772 4420 3099 4475 ostendatur
3141 4418 3285 4488 quod
3321 4418 3374 4473 in
3409 4417 3551 4473 nnlk

1958 4510 2134 4565 minor
2172 4512 2241 4565 sit
2290 4512 2471 4565 Patre.
2510 4512 2664 4566 Sient
2705 4511 2851 4565 enim
2886 4511 2939 4565 in
2987 4512 3160 4566 veteri
3212 4511 3332 4580 lege
3384 4511 3557 4564 nubes

250 4614 326 4650 τα
357 4598 566 4665 ἔλεγεν.
620 4597 681 4651 Ὀ
734 4598 791 4650 δὲ
822 4596 1031 4668 Κύριος
1088 4600 1243 4669 ὲδέψα
1288 4600 1693 4671 σταυρωθῆναι,
1728 4605 1841 4657 ἐπεὶ

1962 4605 2245 4658 dicebatur
2271 4604 2473 4659 habere
2503 4602 2823 4670 Dominum,
2856 4615 2911 4659 ct
2939 4605 3119 4662 Moses
3149 4604 3561 4675 ingrcdiebatur

247 4694 356 4742 οὐκ
420 4690 549 4760 ἐνῆν
590 4691 768 4755 ἄλλως
800 4692 926 4755 τοὺς
963 4692 1288 4761 ἀνθρώπους
1357 4696 1622 4764 σωθῆναι.
1657 4695 1764 4748 Τοῦ
1795 4697 1851 4749 δὲ

253 4785 491 4853 Πέτρου,
530 4801 550 4835 t
583 4783 747 4853 Ποιή.
776 4802 912 4851 υμεν
980 4784 1190 4855 σκηνὰς
1237 4788 1408 4856 τρεῖς,
1436 4806 1453 4837 ι
1510 4786 1783 4855 λέγοντος,
1825 4791 1853 4841 ό

258 4877 473 4944 Κύριος
506 4876 715 4946 σκηνὴν
772 4876 1193 4951 ἀχειροποίητον
1245 4879 1511 4949 ἐξαίφνης
1544 4885 1709 4946 ποιεῖ,
1761 4884 1853 4935 καὶ

252 4987 313 5023 εν
342 4969 515 5040 ταύτῃ
560 4970 871 5040 εἰσέρχεται
918 4972 1060 5041 μετά
1108 4989 1171 5039 γε
1239 4972 1349 5024 τῶν
1402 4974 1722 5043 προφητῶν,
1766 4975 1855 5028 ἵνα

250 5063 446 5133 δειχθῇ
471 5064 552 5116 ὅτι
583 5063 740 5116 οὐδὲν
769 5063 1092 5117 ἐλαττοῦται
1124 5064 1216 5116 τοῦ
1250 5066 1481 5135 Πατρός.
1512 5067 1723 5136 Ὥσπερ
1744 5069 1855 5137 γὰρ

252 5160 316 5209 ἐν
339 5158 404 5223 τῇ
440 5156 651 5225 παλαιᾷ
699 5158 731 5225 ἠ
778 5156 977 5225 νεφέλη
1017 5156 1237 5222 ἐλέγετο
1272 5156 1418 5224 ἔχειν
1474 5158 1567 5209 τὸν
1628 5158 1854 5229 Κύριον,

253 5249 355 5299 καὶ
388 5248 628 5316 Μωῦσῆς
660 5250 950 5316 εἰσήρχετο
982 5251 1040 5300 ἐν
1066 5249 1228 5317 αὐτῇ,
1266 5250 1358 5300 καὶ
1391 5248 1534 5301 οὕτω
1565 5248 1655 5300 τὸν
1692 5251 1855 5317 νόμον

251 5337 495 5404 ἐδέχετο,
524 5335 666 5387 οὕτω
708 5339 803 5389 καὶ
835 5336 927 5387 νῦν
961 5338 991 5404 ἡ
1032 5336 1231 5405 νεφέλη
1268 5338 1359 5389 τὶν
1386 5339 1623 5405 Χριστὸν
1667 5340 1851 5405 ἐδέξα-

250 5446 340 5488 το.
384 5429 476 5479 καὶ
507 5428 707 5497 νεφέλη
738 5430 800 5481 ού
840 5428 1123 5498 γνοφώδης
1168 5447 1180 5459 ·
1217 5432 1463 5500 παρῆλθε
1506 5432 1614 5501 γὰρ
1662 5433 1855 5503 ἡσκιὰ

247 5518 352 5574 τοῦ
391 5518 581 5587 νόμου,
613 5521 706 5572 καὶ
732 5519 793 5572 τὸ
821 5522 1093 5575 σκοτεινὸν
1122 5521 1223 5589 τῆς
1247 5524 1513 5591 ἀσαφείας
1544 5539 1557 5551 ·
1587 5524 1726 5576 ἀλλὰ
1759 5542 1851 5577 νε-

252 5612 399 5680 φέλη
434 5613 695 5681 φωτεινή.
746 5608 916 5666 Ἷιλθε
956 5613 1129 5685 γὰρὴ
1179 5614 1410 5684 ἀλήθεια
1462 5618 1554 5668 καὶ
1609 5615 1853 5684 ἔλαμψεν

256 5707 293 5775 ἠ
327 5706 423 5758 τοῦ
458 5704 668 5776 Κυρίου
710 5709 889 5777 χάρις,
928 5711 1016 5762 καὶ
1049 5709 1201 5762 οἰδὲν
1232 5712 1505 5765 exorem-3v
1532 5711 1644 5765 νῦν.
1696 5710 1849 5778 Ἥγέο

334 5885 371 5911 ⁸⁸
413 5886 474 5940 iV
513 5886 647 5953 liig.
689 5906 721 5949 t,
765 5892 837 5945 in.

1953 4696 2006 4750 in
2038 4700 2187 4757 ’eam,
2226 4705 2390 4765 atque
2436 4697 2514 4751 sic
2545 4696 2718 4768 legem
2751 4698 2994 4765 suscepit
3031 4716 3044 4751 :
3084 4698 3156 4751 ita
3185 4706 3240 4752 et
3279 4712 3422 4752 nunc
3454 4712 3558 4750 nu-

1954 4789 2049 4843 l;es
2097 4788 2375 4843 Christum
2424 4791 2673 4859 suscipit,
2710 4791 2992 4861 nubesque
3040 4806 3148 4844 non
3198 4790 3499 4859 caliginosa
3540 4807 3555 4844 ε

1952 4882 2171 4935 transiit
2202 4882 2347 4936 enim
2386 4885 2580 4938 umbra
2619 4885 2821 4939 veteris
2845 4884 2997 4953 legis,
3033 4892 3087 4937 et
3114 4884 3406 4937 tenebrosa
3448 4882 3549 4937 ob.-

1955 4973 2225 5032 sruritas:
2268 4973 2363 5028 sed
2396 4976 2569 5029 nubes
2617 4974 2817 5029 lucida.
2849 4974 3009 5028 Venit
3042 4974 3187 5029 enim
3236 4973 3459 5038 veritas,
3502 4982 3565 5027 et

1956 5063 2131 5116 illuxit
2166 5064 2339 5136 gratia
2403 5065 2641 5134 Domini,
2698 5066 2947 5136 nihilque
2999 5081 3144 5118 nunc
3203 5066 3555 5119 tenebrosum

1956 5166 2058 5208 est.
2104 5134 2269 5210 Facia
2304 5167 2385 5210 est
2432 5168 2486 5211 et
2519 5173 2618 5211 vox
2663 5158 2731 5212 de
2765 5158 2931 5221 nube,
2964 5158 3107 5212 sicut
3146 5157 3275 5212 olim
3323 5173 3424 5210 vox
3460 5156 3555 5210 Dei

1957 5248 2285 5301 audiebatur
2326 5250 2393 5301 de
2427 5249 2588 5302 nube.
2637 5247 2898 5303 Inventus
2928 5259 3011 5301 est
3059 5259 3242 5301 autem
3277 5245 3436 5301 Jcsns
3467 5262 3557 5301 so-

1958 5340 2086 5395 lus:
2133 5350 2192 5393 ut
2261 5358 2330 5396 ne
2395 5342 2519 5411 quis
2566 5350 2737 5410 putet,
2794 5343 2963 5410 quod,
3026 5359 3043 5391 ι
3105 5340 3201 5395 l‘iic
3255 5352 3338 5393 est
3390 5340 3559 5393 Filius

1958 5448 2135 5494 meus,
2193 5452 2209 5482 ι
2250 5434 2315 5485 de
2365 5432 2513 5485 Mose
2564 5432 2645 5485 vel
2707 5430 2821 5485 Elia
2872 5432 3077 5486 dictum
3136 5432 3228 5485 sit.
3287 5430 3559 5484 Fortassis

1956 5526 2120 5577 etiam
2158 5528 2255 5577 lioc
2289 5525 2583 5593 signiﬁcat,
2620 5525 2764 5593 quod
2817 5540 2992 5593 usque
3029 5527 3096 5577 ad
3140 5535 3352 5593 tempus
3386 5523 3563 5593 quod-

1957 5617 2080 5668 dam
2116 5618 2447 5683 apparebant
2480 5617 2563 5670 lex
2596 5626 2652 5671 et
2696 5618 3002 5687 prOphctze,
3050 5616 3272 5671 sicut'et
3308 5618 3407 5669 hoc
3438 5617 3560 5669 loco

1960 5707 2136 5761 Moses
2173 5718 2225 5763 et
2260 5706 2404 5764 Elius
2440 5728 2453 5766 :
2488 5708 2682 5764 deinde
2721 5710 2891 5775 solus,
2932 5711 3228 5779 pra-teritis
3263 5708 3400 5770 illis,
3440 5722 3545 5777 ap-
