4038 6538
207 478 311 541 825

923 477 1364 538 ENARRATIO
1411 477 1488 534 IN
1521 475 1799 535 EVANGI

1916 474 2023 535 ΗΜ
2071 473 2281 534 LUCrE
2332 497 2400 507 —
2439 473 2596 533 CAP.
2638 471 2742 531 IX.

3395 465 3500 526 826

206 588 374 640 Θὲσθε
406 587 566 656 ὑμεῖς
598 590 675 652 είς
711 587 777 641 τά
812 584 923 641 ὦτα
964 590 1116 660 ὑμῶν
1141 592 1266 653 τοὺς
1312 590 1505 656 λόγους
1557 591 1799 644 τούτους.

1913 589 2102 644 Ponite
2134 604 2224 642 vos
2270 589 2321 642 in
2358 588 2580 660 auribus
2617 584 2816 639 vestris
2846 595 3129 635 sermones
3160 579 3308 634 iStos.
3338 580 3504 634 Futu-

221 677 280 729 Ὀ
311 677 420 746 γὰρ
454 677 580 739 Υἱὸς
609 678 700 729 τοῦ
730 677 1023 746 ἀνθρώπου
1063 679 1249 748 μέλλει
1287 679 1678 749 παραδίδοσθαι
1724 683 1800 743 εἰς

216 768 411 835 χεῖρας
457 766 781 836 ἀνθρώπων.
832 768 894 821 Οἱ
925 769 979 821 δὲ
1037 771 1267 837 ἠγνόουν
1307 770 1366 821 τὸ
1415 771 1567 841 ῥῆμα
1618 770 1797 832 τοῦτο,

213 858 312 909 καὶ
341 853 409 927 ἦν
467 860 1041 930 παρακεκαλυμμένον
1089 861 1188 916 ἀπ’
1226 863 1425 926 αὐτῶν,
1467 864 1552 915 ἵνα
1590 863 1663 931 μὴ
1716 864 1802 914 αῐ-

213 947 451 1003 σθωνται
489 951 641 1005 αὐτό.
671 953 782 1006 Καὶ
815 953 1109 1022 ἐφοϐοῦντο
1139 956 1414 1025 ἐρωτῆσαι
1465 957 1630 1008 αὐτὸν
1674 957 1801 1026 περὶ

207 1043 301 1095 τοῦ
344 1045 592 1114 ῥήματος
623 1047 834 1100 τούτου.
877 1064 894 1096 ι
932 1048 994 1097 Οἱ
1055 1048 1152 1116 μὲν
1188 1048 1332 1101 ἄλλοι
1397 1050 1597 1112 πάντες
1637 1049 1802 1102 ἐθαύ-

211 1134 384 1200 μαζον
427 1136 518 1186 ἐπὶ
555 1138 720 1189 πᾶσιν
753 1131 833 1199 οἷς
885 1139 1058 1189 ἐποίει
1089 1139 1116 1190 6
1147 1137 1378 1208 Ἰησοῦς,
1431 1140 1530 1191 οὐκ
1584 1141 1679 1192 ἐπὶ
1725 1139 1801 1208 τῷ

209 1224 288 1275 ένὶ
319 1224 494 1293 τούτῳ
522 1225 782 1294 θαύματι.
866 1227 923 1278 '0
953 1227 1007 1279 δὲ
1043 1228 1201 1295 ἀφεῖς
1233 1230 1357 1288 τοὺς
1391 1228 1606 1293 ἄλλους,
1665 1232 1800 1299 πρὸς

208 1317 332 1379 τοὺς
371 1318 620 1386 μαθητὰς
646 1318 978 1386 διαλέγεται,
1031 1319 1124 1372 καί
1185 1337 1351 1388 gsner
1411 1321 1583 1373 Θὲσθε
1640 1322 1800 1388 ὑμεῖς

208 1409 382 1461 ταῦτα
419 1411 618 1474 πάντα,
645 1411 710 1462 τά
736 1427 790 1460 τε
841 1409 1097 1479 θαύματα
1127 1413 1222 1464 καὶ
1255 1417 1379 1474 τοὺς
1410 1413 1499 1464 ἐπὶ
1525 1415 1636 1474 τοῖς
1667 1413 1800 1465 01'3-

211 1518 345 1567 μασι
375 1501 587 1566 λόγους,
618 1503 697 1564 είς
727 1503 792 1554 τὰ
825 1496 945 1556 ὦτα
983 1504 1157 1573 ὑμῶν.
1194 1504 1292 1556 Διὰ
1327 1505 1418 1569 τί;
1452 1505 1595 1556 Διότι
1620 1503 1799 1573 μέλλω

207 1592 584 1661 παραδοθῆναι
615 1595 708 1645 καὶ
738 1596 1139 1664 σταυρωθῆναι,
1178 1596 1244 1647 ἵν’
1273 1596 1402 1648 ὅταν
1441 1595 1789 1665 σταυρωθέν-

207 1702 273 1736 τα
310 1702 375 1753 με
412 1685 574 1755 ἴδητε,
612 1686 685 1756 μὴ
716 1687 973 1755 νομίσητε
1002 1689 1082 1740 ὅτι
1112 1688 1218 1740 ἀπὺ
1278 1688 1580 1756 ἀδυναμίας
1641 1687 1799 1740 τοῦτο

207 1779 477 1831 πέπονθα.
535 1779 591 1831 '0
619 1780 726 1848 γὰρ
774 1779 1001 1834 τοιαῦτα
1042 1781 1501 1850 θαυματουργῶν,
1568 1778 1799 1849 ἠδύνατο

205 1871 271 1924 ἂν
301 1872 436 1940 μηδέ
466 1873 868 1942 σταυρωθῆναι.
896 1875 958 1926 0i
981 1874 1058 1938 δὲ,
1091 1876 1321 1944 ἠγνόουν
1353 1874 1411 1927 τὸ
1437 1874 1589 1942 ῥῆμα
1615 1872 1792 1936 τοῦτο,

1908 699 2021 734 rum
2051 691 2131 734 est
2165 691 2220 734 ut
2257 657 2427 733 Filius
2455 679 2692 733 hominis
2727 675 2974 729 tradatur
3002 674 3052 726 in
3079 688 3278 727 manus
3311 673 3504 726 Inomi—

1907 793 2055 830 num.
2092 778 2160 828 At
2209 774 2282 828 illi
2322 771 2647 842 ignorabant
2677 768 2895 823 verbum
2933 765 3099 830 istud,
3139 774 3190 818 et
3227 781 3339 818 erat
3371 766 3503 819 alis-

1905 868 2180 922 conditum
2234 867 2301 919 ab
2346 864 2474 924 illis,
2546 872 2604 916 nt
2648 877 2752 913 non
2809 857 3173 926 intelligerent
3233 855 3379 909 iIInil.
3438 855 3502 908 Et

1907 960 2172 1012 timebant
2207 973 2331 1010 eum
2392 956 2733 1021 interrogare
2793 952 2857 1004 de
2911 950 3017 1003 Itoe
3081 949 3270 1001 verbo.
3321 965 3339 997 ι
3393 947 3498 1000 Alii

1903 1053 2118 1119 quidem
2173 1064 2362 1104 omnes
2404 1046 2818 1101 admirabantur
2861 1043 2912 1096 in
2949 1041 3203 1095 omnibus
3248 1056 3365 1105 qure
3417 1041 3499 1093 Ia-

1903 1146 2076 1198 ciebat
2110 1142 2290 1204 Iesus,
2318 1157 2423 1194 non
2460 1139 2511 1193 in
2543 1154 2650 1191 uno
2685 1139 2785 1190 boc
2810 1136 3094 1188 miraculo.
3134 1133 3331 1186 Verum
3381 1135 3496 1198 ipse

1911 1237 2112 1290 relictis
2147 1233 2268 1286 aliis
2308 1248 2430 1286 cuiu
2462 1229 2742 1297 discipulis
2778 1228 3057 1295 loquitur,
3099 1234 3152 1279 et
3183 1225 3312 1278 dicit
3347 1242 3362 1281 :
3397 1224 3500 1297 Po-

1904 1329 2014 1379 nite
2050 1340 2141 1378 vos
2173 1325 2286 1377 lirec
2329 1321 2535 1382 omnia,
2592 1328 2645 1374 et
2687 1318 2970 1382 miracula,
3003 1327 3058 1369 et
3116 1315 3497 1370 miraculorum

1902 1434 2206 1481 srrmones,
2237 1418 2288 1470 in
2316 1432 2477 1470 aures
2511 1426 2744 1470 vestras.
2779 1415 2958 1482 Quare
2984 1413 3006 1467 ?
3032 1412 3168 1478 Quia
3205 1411 3501 1464 tradendus

1905 1527 2022 1562 snin
2055 1518 2107 1561 ct
2135 1504 2536 1576 erueiiigeudns
2573 1524 2586 1558 :
2634 1515 2691 1556 nt
2735 1505 2955 1573 quando
2994 1501 3313 1554 cruciﬁxum
3355 1501 3502 1552 vidc-

1903 1600 2042 1660 ritis,
2100 1614 2166 1652 ne
2219 1595 2587 1658 exiStimctis,
2645 1595 2787 1660 quod
2845 1606 2953 1660 prae
3007 1589 3325 1642 inﬁrmitate
3373 1587 3496 1637 [alia

1904 1706 2094 1761 passus
2130 1689 2254 1742 siin.
2291 1686 2426 1740 Nam
2461 1688 2549 1754 qui
2583 1685 2710 1739 talia
2742 1683 3000 1737 miracula
3047 1681 3195 1742 facit,
3229 1688 3411 1746 potest
3445 1687 3501 1730 et

1903 1800 2007 1837 non
2033 1779 2298 1849 eruciligi.
2332 1777 2406 1831 Illi
2440 1788 2620 1830 autem
2655 1776 2983 1844 ignorabant
3021 1770 3245 1824 verbum
3284 1769 3406 1828 Itoc,
3446 1776 3502 1817 et

1902 1886 2016 1930 erat
2050 1872 2422 1927 absconditum
2458 1871 2524 1923 ab
2555 1870 2655 1922 eis.
2695 1867 2756 1921 Et
2792 1881 2961 1934 quare
2991 1868 3088 1916 hoc
3118 1861 3271 1916 fuit?
3307 1860 3384 1915 Ut
3435 1874 3502 1911 ne

205 1966 300 2035 xx}
339 1960 405 2034 ἦν
467 1966 1044 2036 παρακεκαλυμμένον
1100 1967 1195 2019 ἀπ’
1228 1967 1432 2020 αὐτῶν.
1487 1965 1586 2018 Διά
1637 1965 1689 2016 τί
1740 1964 1794 2016 δέ

1905 1978 2027 2019 ante
2059 1974 2271 2029 tempus
2296 1961 2518 2014 tristitia
2552 1957 2915 2017 adicerentur,
2950 1963 3000 2006 et
3039 1953 3233 2004 timore
3254 1961 3503 2001 exterre-

208 2057 374 2108 τοῦτο
407 2059 658 2123 ἑγένετος
706 2059 824 2110 Ἵνα
857 2060 930 2129 μὴ
962 2059 1068 2128 πρὸ
1096 2059 1290 2130 καιροῦ
1343 2059 1643 2121 λυπῶνται,
1704 2060 1798 2108 καὶ
1845 2055 1848 2058 ⁴

203 2147 283 2218 τῷ
311 2149 459 2217 φόϐῳ
490 2151 955 2220 ἐκταράττωνται.
1008 2152 1470 2220 Συγκαταϐαίνων
1503 2147 1592 2204 οὖν
1624 2151 1798 2213 ὁθεὲς

203 2243 270 2310 τῇ
300 2241 557 2312 ἀσθενείᾳ
589 2241 793 2307 αὐτῶν,
826 2244 922 2294 καὶ
947 2236 1060 2294 οἷον
1089 2242 1276 2295 παιδία
1321 2242 1445 2296 τινὰ
1503 2240 1794 2311 διακυϐερ-

205 2332 316 2384 νῶν
343 2332 560 2396 αὐτοὺς,
610 2334 670 2386 οὐ
730 2334 1026 2405 συνεχώρει
1057 2336 1248 2401 νοῆσαι
1307 2335 1505 2397 αὐτοὺς
1549 2333 1609 2385 τὸ
1667 2333 1795 2402 περὶ

199 2418 302 2473 τοῦ
335 2421 569 2491 σταυροῦ
590 2422 916 2491 λεγόμενον.
980 2425 1121 2493 Ὅρα
1180 2422 1235 2474 δὲ
1276 2422 1370 2475 καὶ
1409 2422 1508 2492 τὴν
1570 2421 1795 2474 ἐκείνων

201 2511 516 2579 εὐλάϐειαν,
574 2513 689 2576 πῶς
721 2513 1052 2566 εὐλαϐοῦντο
1114 2513 1438 2584 ἐρωτῆσαι,
1486 2513 1689 2582 μᾶλλον
1741 2512 1797 2564 δὲ

205 2603 524 2672 ἐφοϐοῦντο.
567 2605 624 2657 '0
652 2605 761 2674 γὰρ
797 2605 961 2672 φόϐος
989 2605 1243 2667 ἐπίτασις
1280 2607 1429 2657 ἐστιν
1487 2604 1794 2670 εὐλαϐείας,

200 2695 394 2764 ὥσπερ
424 2697 516 2748 καὶ
547 2697 578 2765 ή
611 2696 868 2750 εὐλάϐεια
896 2697 1326 2765 συνεσταλμένος
1364 2696 1549 2765 φόϐος.

279 2808 296 2836 ι
330 2788 558 2858 Εἱσῆλθε
583 2788 639 2841 δὲ
672 2789 1023 2858 διαλογισμὸς
1053 2792 1108 2855 ἐν
1136 2791 1342 2852 αὐτοῖς,
1377 2791 1457 2850 τὸ,
1498 2789 1581 2851 τίς
1612 2788 1679 2842 ἂν
1709 2789 1797 2858 εἴη

203 2879 411 2946 μείζων
436 2877 634 2932 αὐτῶν.
678 2879 738 2933 '0
773 2880 826 2933 δὲ
869 2879 1098 2950 Ἰησοῦς,
1131 2878 1256 2933 ῑδὼν
1291 2881 1382 2932 τὸν
1446 2879 1799 2947 διαλογισμὸν

198 2971 302 3034 τῆς
329 2971 559 3040 καρδίας
591 2971 790 3038 αὐτῶν,
820 2972 1216 3041 ἐπιλαϐόμενος
1268 2971 1512 3034 παιδίου,
1566 2970 1797 3036 ἔστησεν

199 3062 340 3114 αὐτὸ
369 3060 500 3132 παρ’
542 3063 739 3131 ἐαυτῷ,
771 3066 864 3116 καὶ
896 3062 1048 3115 εἶπεν
1075 3065 1284 3126 αὐτοῖς⁹
1322 3065 1417 3127 Ὃς
1453 3064 1548 3117 ἐὰν
1577 3063 1797 3133 δέξηται

198 3154 364 3207 τοῦτο
393 3154 453 3205 τὸ
480 3155 691 3206 παιδίον
722 3156 814 3207 ἐπὶ
845 3156 906 3206 τδ
965 3155 1193 3225 ὀνόματι
1222 3173 1345 3225 μου,
1397 3156 1498 3226 ἐμὲ
1536 3155 1755 3225 δέχεται
1781 3172 1795 3186 ο

201 3248 303 3300 καὶ
334 3247 394 3310 ὃς
418 3248 511 3300 ἐὰν
542 3247 642 3314 ἐμὲ
673 3248 927 3316 δέξηται,
981 3248 1198 3318 δέχεται
1257 3249 1347 3300 τὸν
1395 3248 1793 3301 ἀποστείλαντά
1822 3287 1867 3346 C

205 3355 301 3406 με.
345 3339 404 3389 Ὀ
431 3339 535 3405 γὰρ
603 3338 929 3410 μικρότερος
961 3341 1017 3391 ἐν
1081 3341 1247 3391 πᾶσιν
1307 3340 1438 3408 ὑμῖν
1504 3340 1790 3408 ὑπάρχων,

199 3426 361 3491 οὗτος
393 3430 541 3482 ἔσται
567 3430 760 3500 μέγας.
796 3429 1143 3499 Ἀποκριθεὶς
1171 3430 1226 3482 δὲ
1253 3432 1279 3483 ό
1320 3431 1573 3498 Ἰωάννης
1602 3427 1756 3482 εἶπεν
1776 3445 1790 3459 ⁶

214 3521 544 3582 Ἐπιστάτα,
584 3523 794 3590 εἴδομεν
825 3539 948 3575 τινα
968 3521 1060 3573 ἐπὶ
1092 3522 1167 3592 τῷ
1204 3521 1430 3590 ὀνόματί
1464 3537 1556 3574 σου
1598 3521 1796 3574 ἐκϐάλ-

199 3615 374 3666 λοντα
404 3614 678 3682 δαιμόνια,
709 3615 803 3667 καὶ
838 3614 1194 3683 ἐκωλύσαμεν
1223 3617 1406 3678 αὐτὸν,
1435 3617 1516 3668 ὅτι
1547 3618 1645 3668 οὐκ
1665 3618 1796 3668 άκο-

201 3707 392 3760 λουθεῖ
427 3705 548 3775 μεθ’
579 3708 754 3776 ἡμῶν.
788 3709 897 3760 Καὶ
933 3703 1054 3759 εἶπε
1091 3708 1225 3774 πρὸς
1259 3707 1422 3760 αὐτὴν
1466 3709 1493 3759 ό
1543 3707 1792 3778 Ἰησοῦςο

201 3799 299 3867 Μὴ
336 3798 598 3852 κωλύετε.
640 3801 735 3861 Ὃς
800 3798 908 3868 γὰρ
938 3801 1039 3850 οὐκ
1094 3799 1209 3851 ἔστι
1245 3799 1368 3851 καθ’
1417 3799 1597 3868 ημῶν,
1655 3799 1795 3869 ὑπὲρ

202 3889 373 3957 ἡμῶν
405 3891 606 3942 ἐστιν.»
647 3889 822 3951 Πάθος
871 3890 1121 3942 διακένου
1155 3888 1311 3959 δόξης
1342 3890 1621 3960 ὑπέδραμε
1671 3891 1798 3953 τοὺς

198 3985 564 4046 ἀποστόλους.
609 3983 763 4035 Ἐπεὶ
789 3984 937 4036 δοκεῖ
977 3987 1040 4035 ἐκ
1070 3983 1164 4035 τοῦ
1191 3983 1281 4034 τὸν
1349 3983 1797 4050 δαιμονιζόμενον

204 4074 282 4144 μὴ
322 4074 729 4144 θεραπευθῆναι
762 4075 1151 4142 ἐπεγερθέντος
1187 4075 1370 4136 αὐτοῖς
1415 4074 1508 4125 τοῦ
1566 4074 1795 4135 πάθους.

202 4168 372 4227 Ιὲἰκδς
403 4167 512 4233 γάρ
546 4162 614 4236 ἦν
652 4167 846 4227 αὐτοὺς
888 4167 1357 4235 διαφιλονεικῆσαι
1401 4168 1529 4236 περὶ
1581 4166 1795 4228 τούτου,

197 4259 439 4326 λέγοντα
473 4260 834 4324 ἓκαστον,ὃτι
865 4261 926 4312 οὐ
978 4259 1064 4312 διὰ
1120 4259 1221 4330 τὴν
1273 4260 1411 4328 ἐμὴν
1470 4258 1796 4329 ἀδυναμίαν.

198 4351 349 4403 ἀλλὰ
407 4351 496 4402 διὰ
542 4350 641 4418 τὴν
690 4351 783 4403 τοῦ
835 4353 1004 4412 δεῖνος
1054 4351 1152 4402 οὐκ
1223 4350 1561 4420 ἐθεραπεύθη
1592 4353 1619 4401 6
1648 4351 1797 4414 παῖς,

203 4439 516 4493 κάντεῦθεν
551 4441 857 4508 ἀναφθῆναι
902 4441 999 4508 τὴν
1026 4440 1295 4510 περὶτοῦ,
1321 4441 1405 4501 τίς
1442 4441 1507 4492 ἂν
1547 4439 1631 4508 εἴη
1687 4440 1801 4507 μεί-

198 4536 340 4598 ζων,
381 4535 518 4604 ἐριν.
567 4533 755 4585 ’Λλλ’ό
791 4532 1016 4602 Κύριος,
1058 4533 1212 4595 εἰδὼς
1251 4536 1350 4596 τὰς
1380 4533 1605 4602 καρδίας
1667 4533 1799 4584 ἐκά-

1902 2069 2111 2111 rentur.
2142 2055 2332 2122 Itaque
2365 2054 2505 2105 Deus
2532 2047 2978 2105 eondesceudens
3009 2042 3310 2097 infirmitati
3336 2040 3501 2110 338

1900 2149 2138 2210 illorum,
2210 2157 2264 2200 et
2324 2144 2476 2213 quasi
2524 2157 2719 2209 pueros
2752 2141 3066 2192 moderatur
3119 2136 3261 2198 illos,
3326 2148 3502 2200 neque

1901 2241 2152 2296 concedit
2187 2239 2286 2301 eis,
2323 2248 2380 2290 ut
2413 2235 2710 2303 intelligant
2743 2234 2844 2286 boe
2870 2231 3013 2300 quod
3047 2231 3110 2281 de
3141 2242 3307 2281 cruce
3347 2226 3496 2280 dice-

1899 2335 2080 2390 batur.
2112 2331 2243 2385 Vide
2271 2340 2452 2384 autem
2480 2339 2535 2382 et
2567 2327 2780 2380 illorum
2807 2321 3200 2386 reverentiam,
3228 2319 3502 2388 quomodo

1901 2441 2010 2495 pra:
2044 2423 2347 2477 reverentia
2396 2422 2731 2487 interrogare
2762 2432 2867 2471 non
2898 2415 3192 2474 audebant,
3245 2413 3353 2464 imo
3391 2425 3501 2479 pra:

1906 2520 2130 2573 timore:
2168 2532 2296 2570 nam
2340 2516 2504 2569 timor
2531 2519 2879 2580 augmentum
2912 2519 2990 2563 est
3018 2507 3235 2577 pietatis
3267 2515 3318 2558 et
3348 2520 3501 2556 reve-

1904 2609 2087 2664 rentia:
2151 2609 2292 2662 sicut
2333 2615 2387 2660 et
2437 2603 2740 2660 reverentia
2802 2601 2882 2653 vel
2949 2600 3125 2667 pietas
3171 2605 3498 2651 contractus

1904 2705 2063 2757 timor
2099 2713 2203 2755 est.

1978 2793 2141 2848 Vens.
2175 2792 2363 2846 46-50.
2397 2810 2414 2843 ι
2452 2791 2679 2845 Intravit
2705 2795 2887 2841 autem
2914 2782 3171 2852 cogitatio
3199 2783 3342 2835 inter
3368 2795 3489 2840 eos,

1902 2886 2023 2956 quis
2055 2901 2242 2942 eorum
2285 2882 2457 2950 major
2483 2894 2649 2937 esset.
2691 2882 2759 2933 At
2795 2881 2953 2932 .Icsus
2987 2877 3173 2930 videns
3207 2873 3499 2940 cogitatio-

1903 2994 2024 3032 nem
2048 2977 2232 3030 cerdis
2267 2976 2506 3041 illorum,
2538 2972 2896 3043 apprehendit
2941 2983 3187 3038 puerum,
3214 2974 3269 3020 et
3306 2966 3502 3018 statuit

1904 3070 2051 3122 illum
2093 3068 2246 3136 juxta
2282 3080 2363 3130 se,
2418 3076 2473 3120 et
2520 3067 2596 3118 ait
2642 3065 2749 3118 illis
2795 3082 2807 3117 :
2849 3063 3175 3130 Quicunque
3231 3058 3500 3125 receperit

1903 3176 2129 3230 puerum
2159 3160 2304 3212 hunc
2342 3161 2391 3211 in
2434 3159 2655 3210 nomine
2705 3171 2847 3217 meo,
2889 3170 2972 3207 Ine
2997 3153 3191 3220 recipit
3237 3169 3248 3204 :
3289 3162 3340 3202 et
3375 3150 3499 3218 qni-

1902 3269 2112 3321 cunque
2163 3268 2247 3306 me
2297 3251 2590 3319 receperit,
2648 3248 2842 3315 recipit
2877 3263 3011 3300 cuin.
3054 3246 3144 3315 qui
3197 3257 3282 3296 me
3327 3242 3497 3296 misit.

1900 3343 2034 3398 Nam
2065 3346 2155 3413 qui
2212 3343 2390 3398 minor
2421 3353 2505 3396 est
2539 3342 2682 3396 inter
2727 3355 2919 3394 omnes
2952 3354 3071 3400 vos,
3113 3337 3199 3390 hic
3241 3335 3344 3389 erit
3382 3351 3500 3388 Ina-

1901 3450 2057 3504 gnus.
2088 3434 2442 3502 Respondeas
2466 3443 2644 3486 autem
2674 3431 2935 3494 Joannes,
2956 3431 3094 3484 dixit
3125 3449 3137 3483 :
3164 3428 3496 3497 Prmceptor,

1900 3528 2135 3581 vidimus
2170 3526 2458 3595 quemdam
2505 3527 2603 3579 sub
2645 3523 2865 3577 nomine
2900 3533 2992 3575 tno
3039 3521 3352 3590 ejicientem
3391 3522 3500 3572 dte-

1901 3619 2110 3682 monia,
2141 3627 2195 3672 et
2229 3617 2613 3687 prohibuimus
2640 3632 2786 3676 eum,
2822 3615 2947 3684 quia
2982 3629 3088 3667 non
3124 3613 3372 3679 sequitur
3403 3628 3499 3664 no-

1904 3713 2135 3764 biscum.
2172 3711 2238 3764 Et
2279 3712 2355 3764 ait
2406 3710 2472 3763 ad
2507 3709 2657 3762 illum
2695 3707 2853 3761 Jesus
2888 3725 2900 3759 :
2942 3707 3119 3759 Nolite
3153 3705 3440 3774 prohibere
3481 3722 3493 3757 :

1901 3805 1991 3873 qni
2041 3804 2184 3857 enim
2240 3818 2348 3856 non
2395 3811 2480 3856 est
2513 3801 2800 3854 adversum
2842 3813 2962 3858 nos,
3001 3813 3100 3865 pro
3143 3797 3298 3850 nobis
3330 3805 3432 3849 est.
3468 3815 3487 3847 ι

1905 3901 2120 3954 Morbus
2166 3898 2344 3952 inanis
2395 3897 2581 3966 gloria:
2601 3894 2876 3964 apostolos
2896 3891 3262 3946 invasit.Mihi
3283 3891 3494 3943 videtur

1901 4003 2079 4047 ortum
2114 3991 2163 4044 id
2210 3992 2351 4044 inter
2381 3989 2522 4050 illos,
2557 4001 2620 4040 eo
2651 3987 2796 4056 quod
2836 3987 3224 4040 dmrnoniacum
3262 4003 3367 4039 non
3403 4002 3494 4039 sa-

1905 4083 2109 4135 narint.
2145 4079 2451 4134 Verisimile
2491 4079 2635 4131 enim
2676 4078 2819 4147 quod
2864 4093 3031 4145 super
3063 4077 3166 4130 hoc
3210 4079 3497 4131 contende-

1906 4173 2036 4233 rittt,
2083 4171 2394 4225 dicentibus
2437 4171 2666 4236 singulis
2693 4170 2836 4240 quod
2881 4186 2988 4224 non
3046 4179 3264 4238 propter
3315 4186 3494 4232 suam,

1903 4266 1997 4319 sed
2027 4265 2253 4318 alterius
2279 4264 2562 4329 enjusdain
2597 4264 2970 4317 inlirinitatcm
2998 4280 3130 4333 puer
3159 4263 3245 4318 ille
3272 4273 3497 4316 sanatus

1905 4373 2010 4409 non
2056 4355 2217 4410 fuerit
2260 4374 2272 4409 :
2321 4365 2376 4409 et
2429 4357 2552 4409 inde
2603 4371 2831 4409 accensa
2880 4357 2946 4408 lis
2995 4369 3098 4412 est.
3141 4357 3264 4425 quis
3308 4370 3496 4409 eorum

1906 4430 2076 4514 major
2109 4458 2270 4502 esset.
2303 4447 2373 4498 At
2405 4447 2663 4500 Dominus
2687 4448 2818 4501 visis
2850 4448 3184 4518 singulorum
3218 4447 3496 4508 cordibus,

1908 4540 2170 4607 prtevenit
2216 4556 2236 4600 ;
2290 4547 2343 4592 et
2403 4540 2724 4608 priusquam
2782 4541 3007 4593 morbus
3067 4540 3495 4598 incrudesceret,

198 4643 363 4690 στου,
404 4625 619 4692 φθάνει,
664 4625 756 4676 καὶ
786 4628 918 4693 πρὶν
951 4624 1269 4693 ἢαύξηθείη
1298 4626 1356 4675 το
1401 4625 1573 4685 πάθος
1618 4623 1796 4687 τοῦτο,

1907 4628 2120 4681 curavit
2169 4627 2434 4681 radicitus
2468 4628 2612 4695 ejiei.
2650 4627 2822 4680 Morbi
2865 4628 3009 4680 enim
3053 4628 3119 4678 ab
3165 4627 3316 4678 initio
3343 4625 3494 4678 facilc

198 4717 510 4780 σπουδάζει
547 4718 840 4786 πρόρριζον
875 4719 1149 4786 ἐκτεμεῖν.
1194 4716 1498 4786 ’Λρχόμενα
1545 4718 1644 4785 μὲν
1694 4716 1801 4784 γὰρ

195 4814 266 4863 τὰ
303 4811 461 4878 πάθη
517 4809 776 4862 νικῶνται
829 4808 1050 4879 ῥᾳδίως,
1114 4808 1422 4877 αὐξηθέντα
1452 4808 1508 4859 δὲ
1567 4808 1803 4860 δυσαπό-

194 4907 388 4971 6).ητα
413 4903 646 4970 γίνεται.
682 4903 803 4966 Πῶς
838 4897 930 4954 οὖν
959 4903 1210 4971 ἐκτέμνει
1244 4903 1302 4953 τὸ
1348 4904 1516 4953 κακόν
1543 4918 1556 4966 ;
1585 4899 1804 4952 Ἐπίλα-

194 4999 464 5066 ϐὑμενος,
497 4997 651 5064 φησὶ,
697 4997 935 5059 παιδίου,
987 4996 1226 5048 δείκνυσι
1280 4994 1437 5045 τοῦτο
1468 4996 1577 5052 τοῖς
1626 4993 1803 5062 μαθη-

191 5093 349 5151 ταῖς
387 5087 566 5153 δηλῶν
608 5088 789 5148 αὐτοῖς
817 5089 906 5139 διά
949 5087 1163 5149 τούτου,
1194 5087 1274 5138 ὅτι
1339 5086 1595 5152 τοιαύτην
1657 5083 1799 5150 γνώ-

195 5201 314 5252 μην
357 5182 446 5233 δεῖ
477 5182 623 5249 ἡμᾶς
671 5183 726 5231 ἐν
777 5183 990 5245 ἑαυτοῖς
1019 5181 1475 5243 κατασκευάζειν,
1511 5180 1630 5231 οἵαν
1691 5181 1801 5241 τοῖς

191 5274 512 5349 παιδίοις
551 5273 735 5341 ’ἡλικία
761 5273 980 5326 δέδωκε.
1017 5274 1203 5324 Ταῦτα
1231 5274 1339 5342 γὰρ
1363 5272 1708 5342 άπειρόκακά
1741 5271 1797 5321 τέ

191 5372 307 5419 εἰσι
354 5365 455 5417 καὶ
509 5364 859 5418 ἁπλούστατα
895 5406 907 5428 ,
972 5367 1105 5435 μήτε
1153 5365 1455 5432 φιλοδοξίας
1511 5365 1798 5430 λογισμοῖς

191 5457 600 5528 ἐνοχλούμενα,
657 5459 791 5525 μήτε
830 5458 1222 5527 φιλοπρωτίας.
1268 5458 1362 5519 Ὀς
1387 5456 1497 5520 οὖν,
1533 5455 1687 5523 φησὶ,
1722 5455 1802 5506 δὲ-

192 5554 354 5615 ξεται
397 5548 640 5601 τοιοῦτον
671 5550 880 5601 παιδίον
914 5550 1003 5602 ἐπὶ
1028 5549 1104 5617 τῷ
1129 5548 1350 5616 ὀνόματί
1383 5566 1503 5614 μου.
1657 5547 1801 5614 δέχε-

187 5663 308 5698 ται.
368 5644 436 5691 Ὃ
468 5641 522 5692 υἱὲ
553 5641 721 5708 λέγει,
752 5641 992 5692 τοιοῦτόν
1041 5643 1186 5692 ἐστιν
1214 5657 1225 5667 ·
1283 5639 1479 5708 Ὑμεῖς
1525 5640 1618 5703 μὲν
1654 5640 1802 5706 νομί-

196 5739 219 5751 υ

188 5739 347 5794 ἵετε,
384 5735 470 5785 ὅτι
500 5733 594 5784 ἐὰν
626 5733 844 5803 οοϐαροὶ
887 5734 1152 5801 φαίνησθε
1214 5733 1310 5785 καὶ
1342 5733 1624 5800 φιλόδοξοι,
1678 5732 1797 5782 τότε

204 5831 212 5837 .
286 5830 294 5839 ,
536 5829 553 5838 ς
689 5826 729 5834 ι-
787 5830 800 5834 ..
964 5828 974 5839 ς
1063 5827 1072 5838 ,
1220 5826 1231 5833 ι
1290 5825 1299 5837 ,
1454 5823 1464 5834 ο
1561 5823 1642 5833 κ.-

188 5843 441 5895 σςιλτειε
473 5842 583 5884 τοις
617 5843 854 5886 totum;
892 5828 984 5877 καὶ
1019 5827 1136 5876 τότε
1178 5825 1417 5884 πλείονες
1446 5843 1472 5874 υ
1488 5840 1796 5883 tom-“404:2:

287 5922 309 5932 α.

189 5922 369 5987 ἱμῖς.
419 5914 566 5983 Ἐγὼ
602 5917 653 5969 δὲ
690 5917 832 5983 λέγω
875 5917 1026 5986 ὑμῖν,
1078 5919 1150 5969 ξῖι
1189 5916 1439 5968 τλαῦῑον
1503 5917 1565 5981 τῇ
1627 5914 1794 5966 αλλό-

1906 4722 2200 4775 vineuntur
2228 4737 2388 4775 zeum
2422 4736 2552 4773 vero
2589 4720 2992 4781 incrnduerint,
3025 4726 3216 4772 curato
3254 4716 3494 4770 diIIiciles

1908 4825 2050 4868 sunt.
2085 4814 2267 4882 Itaque
2293 4813 2568 4882 quomodo
2599 4813 2799 4865 malum
2835 4813 2934 4865 hoc
2967 4812 3262 4865 mnendat?
3287 4813 3470 4878 Appre

1909 4910 2134 4960 liensum
2197 4923 2425 4976 puerum
2478 4906 2718 4959 ostendit
2760 4905 3083 4974 discipulis,
3145 4904 3495 4959 nanil'estans

1905 5002 1982 5052 eis
2009 5015 2104 5066 per
2128 5000 2252 5061 hoc,
2274 4999 2414 5067 quod
2446 4998 2602 5051 talem
2631 5009 2866 5051 mentem
2893 5006 3106 5066 oportet
3139 5012 3233 5050 nos
3263 4998 3313 5048 in
3341 4997 3496 5050 nobis

1906 5107 2130 5162 parare,
2184 5093 2358 5158 qualis
2423 5103 2504 5145 est
2563 5092 2615 5144 in
2675 5093 2878 5160 pueris.
2937 5091 3014 5144 Illi
3076 5090 3221 5144 enim
3280 5089 3500 5142 malitia:

1906 5195 2155 5253 expertes
2189 5193 2314 5238 sunt
2350 5194 2401 5239 el
2436 5185 2854 5253 sitnplieissimi,
2895 5198 3066 5252 neque.
3104 5184 3278 5236 inanis
3312 5183 3498 5250 gloria:

1907 5293 2082 5345 neque
2133 5277 2449 5330 ambitionis
2498 5277 2922 5344 cogitationibus
2973 5276 3321 5329 divexantur.
3391 5273 3493 5339 Qui

1906 5371 2090 5438 Igitur,
2139 5371 2337 5436 inquit,
2370 5370 2675 5438 susceperit
2711 5368 2872 5422 talem
2909 5382 3132 5436 puerum
3176 5367 3227 5416 in
3277 5366 3498 5416 nomine

1907 5476 2047 5523 meo,
2084 5477 2168 5512 tne
2219 5461 2469 5525 suscipit.
2502 5460 2654 5524 Quod
2689 5465 2869 5510 autem
2909 5457 3061 5519 dicit,
3092 5456 3234 5507 hunc
3272 5470 3492 5507 sensum

1905 5553 2064 5606 liabet
2098 5567 2112 5603 :
2151 5551 2254 5604 Vos
2297 5553 2514 5618 quidem
2571 5550 2889 5614 opinamini,
2941 5550 3081 5617 quod
3124 5549 3178 5612 si,
3205 5545 3492 5615 pompatici

1903 5653 1955 5694 et
2009 5642 2228 5711 gIOI‘IthI
2264 5642 2504 5704 (uetitis,
2538 5643 2722 5694 multis
2757 5641 3037 5706 placeatis,
3079 5638 3364 5705 pluresque
3401 5651 3494 5689 vos

1903 5732 2203 5799 suscepturi
2230 5732 2357 5783 sint.
2384 5730 2493 5799 κει)
2519 5744 2694 5783 autem
2727 5731 2844 5782 dico
2868 5731 3181 5798 vobis,quoil
3212 5727 3496 5795 tanIOpt‘re

1907 5824 2112 5888 gaudeo
2159 5823 2527 5890 simplicitate,
2573 5832 2625 5874 ct
2674 5822 2816 5890 quod
2868 5838 2929 5874 ca
2989 5819 3286 5887 tliScipttIOs
3340 5835 3494 5874 uicos

1906 5917 1976 5967 ita
2011 5914 2292 5978 discernit,
2345 5923 2397 5966 ιιι
2435 5915 2683 5983 quisquis
2712 5913 3177 5982 simplitissitnum
3229 5911 3401 5964 virntn
3437 5921 3495 5966 et
