4038 6470
547 496 654 561 83'.

628 605 798 668 Vens,
834 602 989 657 ι-ιι.
1026 617 1044 651 ι
1085 595 1259 652 Nolite
1303 599 1522 662 portare
1575 581 1848 640 sacculum
1873 621 1888 645 ,
1943 591 2115 644 neque
2147 586 2188 639 Α

547 697 712 772 ω
745 709 948 766 peram,
985 677 1159 758 neque
1187 685 1592 738 calceameuta:
1630 684 1683 728 et
1717 669 1984 725 neminem
2021 680 2117 734 per

551 761 707 844 :ia'ui
729 761 1114 841 salutaveritis.
1145 777 1202 831 ln
1231 782 1610 844 quamcunque
1637 765 1854 818 domum
1884 761 2117 829 intrave-

553 883 692 943 ritis,
736 877 967 942 primum
1013 870 1221 926 dicite:
1264 865 1374 919 Pax
1419 860 1545 916 huic
1582 854 1788 912 domui.
1838 852 1905 906 Et
1952 851 1994 904 si
2047 849 2116 902 ibi

552 970 715 1027 fuerit
742 967 880 1020 lilius
904 961 1072 1032 pacis,
1100 955 1402 1026 requiescet
1427 963 1589 1018 super
1617 946 1763 1000 illum
1790 957 1892 1012 pax
1919 948 2115 993 vestra:

553 1061 635 1116 sin
666 1059 863 1119 minus,
889 1054 955 1108 ad
987 1066 1081 1106 vos
1102 1056 1419 1104 revertetur.
1450 1045 1508 1095 lu
1541 1039 1729 1094 θεὼ-ιη
1759 1046 1936 1088 autem
1963 1032 2121 1084 domo

555 1158 771 1205 manete
815 1148 1036 1200 edentes
1077 1149 1129 1194 et
1173 1139 1424 1193 bibentes
1468 1148 1583 1201 quae
1628 1129 1828 1183 dantur
1877 1124 1944 1177 ab
1992 1121 2120 1174 illis.

557 1241 760 1310 Dignus
809 1245 894 1290 est
945 1235 1086 1288 enim
1145 1227 1429 1300 operarius
1482 1221 1727 1277 mercede
1775 1232 1894 1272 sua.
1951 1213 2123 1267 Nolite

561 1331 791 1385 transite
841 1329 906 1380 de
953 1326 1110 1378 domo
1161 1322 1212 1374 in
1259 1318 1498 1372 domum.
1543 1311 1611 1364 Et
1651 1312 1704 1363 in
1745 1316 2124 1377 quamcunque

557 1421 828 1476 civitatem
858 1412 1211 1474 intraveritis,
1240 1418 1292 1462 et
1317 1405 1654 1472 susceperint
1682 1414 1796 1461 vos,
1832 1398 1975 1449 edite
2007 1405 2124 1460 qua:

559 1521 899 1580 apponuntur
944 1503 1092 1557 vobis
1130 1516 1145 1553 :
1192 1509 1246 1553 et
1290 1507 1476 1552 satiate
1517 1494 1759 1546 inllrmos
1797 1488 1888 1557 qui
1936 1486 1987 1538 in
2036 1483 2122 1536 illa

563 1612 686 1654 sunt
711 1617 722 1650 :
751 1607 806 1649 et
839 1595 999 1648 dicite
1021 1593 1129 1645 illis
1163 1607 1175 1642 :
1204 1583 1665 1657 Appropinquavit
1700 1582 1750 1633 in
1781 1593 1876 1632 vos
1901 1589 2124 1644 regnum

563 1692 677 1746 Dei.
721 1709 738 1740 ι
765 1688 897 1753 Quia
927 1687 1074 1755 ipsos
1105 1683 1372 1736 missurus
1401 1687 1518 1732 erat
1549 1675 1928 1746 praedicatores
1958 1667 2127 1722 Evan-

561 1783 708 1852 gelii,
739 1781 912 1834 dicit:
962 1777 1039 1832 Ne
1068 1774 1296 1844 portetis
1341 1767 1612 1825 sacculum
1636 1805 1649 1830 ,
1695 1777 1867 1832 neque
1913 1762 2013 1814 hoc
2046 1755 2126 1810 vel

564 1849 690 1930 illud
736 1890 750 1924 :
803 1868 1000 1924 sufficit
1049 1867 1192 1920 enim
1241 1862 1393 1917 vobis
1449 1858 1590 1928 quod
1641 1870 1826 1910 curaui
1885 1849 2128 1904 habeatis

1468 465 2044 537 TiiEOPI-IYLACTI
2087 453 2494 523 BULGARL‘E
2537 446 2889 511 ARClllEP.

3683 429 3786 492 8ἷῖἔῖ

2299 587 2316 619 ι
2359 566 2449 634 Μὴ
2483 559 2781 633 βαστάζετε
2807 553 3112 625 βαλάντιον.
3147 547 3220 620 μὴ
3245 547 3450 617 πήραν,
3488 543 3626 615 μηδὲ
3655 544 3788 595 ὐπο-

2222 632 2460 731 δήματα,
2487 632 2590 708 καὶ
2625 651 2829 723 μηδένα
2861 644 3006 698 κατά
3037 641 3136 710 τὴν
3170 639 3289 693 ὁδὸν
3318 635 3664 706 ἀσπάσησθε.
3698 632 3789 688 είς

2397 749 2464 801 ἂν
2491 745 2668 799 οἰκίαν
2701 735 3040 809 εἰσέρχησθε,
3081 730 3296 802 πρῶτον
3327 729 3518 795 λέγετε
3541 743 3554 757 ο
3587 724 3790 793 Εἰρήνη

2223 842 2300 912 τῷ
2333 841 2465 909 οῐκῳ
2498 837 2694 905 τούτῳ.
2740 831 2851 885 Καὶ
2887 829 2983 882 ἐὰν
3013 825 3109 896 μὲν
3138 819 3172 895 ᾖ
3215 822 3333 875 ἐκεί
3375 818 3490 878 υίὸς
3545 815 3790 885 εἰρήνης,

2225 907 2674 988 ἐπαναπαύσεται
2700 923 2786 978 ἐπ’
2804 921 2966 976 αὐτὸν
2989 920 3023 988 ἡ
3047 917 3236 986 εἰρήνη
3253 914 3281 966 ύ
3291 911 3427 982 μῶν,
3449 909 3500 962 εί
3517 909 3574 961 δὲ
3607 907 3681 975 μή
3705 922 3788 971 γε,

2227 1025 2310 1093 ἐφ’
2341 1025 2486 1092 ὑμᾶς
2518 1018 2858 1086 ἀνακάμψει.
2907 1011 2996 1064 Ἐν
3037 1009 3176 1077 αὐτῇ
3205 1005 3262 1058 δὲ
3307 1004 3375 1072 τῇ
3420 1000 3568 1069 οἰκίᾳ
3604 997 3792 1066 μένετε

2226 1086 2499 1172 ἐσθίοντες
2540 1111 2634 1162 καὶ
2679 1106 2927 1164 πίνοντες
2956 1099 3027 1161 τὰ
3060 1097 3190 1166 παρ’
3221 1093 3423 1147 αὐτῶν.
3473 1088 3656 1152 Ἀξιος
3686 1086 3795 1153 γὰρ

2226 1208 2255 1259 ὁ
2289 1204 2527 1274 ἐργάτης
2561 1198 2656 1252 τοῦ
2689 1194 2882 1265 μισθοῦ
2919 1191 3086 1246 αὑτοῦ
3117 1191 3254 1242 ἐστι.
3304 1184 3398 1254 Μὴ
3444 1179 3796 1252 μεταϐαίνετε

2228 1297 2288 1361 ιξ
2317 1270 2493 1354 οἰκίας
2529 1295 2607 1353 εἰς
2638 1290 2838 1343 οίκίαν.
2871 1285 2981 1338 Καὶ
3017 1285 3096 1345 είς
3128 1281 3196 1350 ἢν
3242 1279 3309 1332 ἂν
3350 1275 3504 1328 πόλιν
3554 1270 3801 1340 εἰσέρχη-

2231 1387 2346 1450 σθε,
2378 1386 2474 1438 καὶ
2527 1383 2787 1451 δέχωνται
2820 1379 2988 1446 ὑμᾶς,
3020 1373 3230 1428 ἐσθίετε
3274 1369 3343 1421 τε
3386 1363 3800 1434 παρατιθέμενα

2232 1482 2380 1550 ὑμῖν.
2441 1478 2549 1530 Καὶ
2582 1471 2919 1542 θεραπεύετε
2953 1467 3076 1529 τοὺς
3109 1466 3166 1518 ὲν
3215 1463 3353 1530 αὐτῇ
3389 1457 3664 1518 ἀσθενεῖς,
3710 1452 3802 1506 καὶ

2231 1544 2418 1639 λέγετε
2445 1569 2661 1629 αὐτοῖς’
2696 1566 2968 1631 Ἤγγικεν
3011 1560 3094 1626 ἐφ’
3141 1558 3284 1625 ὑμᾶς
3323 1555 3356 1623 ἡ
3411 1549 3662 1620 βασιλεία
3708 1544 3800 1596 τοῦ

2232 1662 2389 1717 Θεοῦ.
2423 1681 2441 1712 ι
2484 1658 2702 1727 Ἐπειδὴ
2728 1655 2950 1725 ἔμελλεν
2967 1653 3161 1711 αὐτοὺς
3185 1644 3532 1702 ἀποστέλλειν
3553 1641 3803 1710 κήρυκας

2233 1755 2328 1809 τοῦ
2378 1752 2730 1820 Εύαγγεὶλου,
2778 1747 2952 1818 φησι·
3009 1745 3100 1813 Μὴ
3151 1739 3448 1812 βαστάζετε
3496 1735 3801 1804 βαλάντιον,

2239 1847 2374 1917 μήτε
2403 1846 2464 1898 τὸ
2493 1843 2588 1896 καὶ
2629 1843 2722 1894 τό·
2765 1840 2925 1910 ἀρκεῖ
2964 1836 3071 1906 γὰρ
3104 1836 3230 1903 ύμῖν
3273 1830 3373 1900 τὴν
3407 1825 3666 1897 φροντίδα
3712 1823 3802 1875 τοῦ

565 1960 732 2016 verbi.
781 1944 916 2011 Nam
964 1955 1009 2010 sl
1041 1953 1315 2008 sacculum
1365 1944 1746 2018 portaveritis,
1791 1937 2131 1993 manifestum

2251 1915 2394 2005 λόγου
2420 1937 2588 2005 ιχειν.
2627 1933 2689 1986 Εἰ
2718 1931 2824 2002 γὰρ
2849 1928 2937 2000 βα)
2951 1929 3134 1982 ἀντιον
3164 1922 3486 1994 βαστάζετε,
3516 1915 3802 1986 πρόδηλον,

565 2053 708 2121 quod
750 2051 895 2104 illius
927 2047 1078 2100 vobis
1111 2058 1238 2099 cura
1279 2050 1384 2104 est,
1420 2049 1476 2093 et
1507 2037 1729 2090 verbum
1766 2027 2131 2085 contemnitis.

571 2119 664 2199 Vel
697 2141 895 2195 aliter:
931 2137 1195 2203 Quoniam
1228 2132 1405 2187 alendi
1437 2130 1571 2185 estis
1599 2128 1665 2180 ab
1697 2125 1780 2179 his
1810 2135 1943 2190 quos
1975 2119 2137 2173 doce-

568 2237 672 2298 tis,
701 2231 829 2302 quid
872 2230 1025 2283 vobis
1066 2224 1284 2282 sacculo
1312 2235 1468 2292 opus,
1508 2219 1590 2274 vel
1623 2230 1746 2286 pera
1770 2253 1788 2279 ,
1818 2213 1900 2266 vel
1929 2211 2138 2264 calcea-

571 2301 804 2380 mentis?
829 2318 1056 2374 Omncm
1094 2317 1240 2372 enim
1273 2315 1486 2368 illorum
1524 2323 1679 2364 usum
1720 2301 2140 2374 suppeditabunt

571 2418 623 2472 hi
644 2417 733 2486 qui
757 2430 784 2468 a
818 2413 971 2467 vobis
1009 2410 1366 2466 docebuntur.
1407 2403 1575 2458 Porro
1614 2399 1757 2468 quod
1807 2396 2012 2450 nullum
2049 2406 2142 2462 per

572 2509 712 2558 viam
743 2505 998 2564 salutent,
1024 2501 1124 2553 hac
1149 2500 1214 2552 de
1239 2508 1399 2550 causa
1424 2495 1504 2547 eis
1531 2490 1776 2560 injungit,
1807 2497 1864 2539 ut
1895 2500 1958 2538 ne
1980 2497 2137 2535 occu-

575 2605 830 2665 parentur
865 2594 918 2645 in
950 2592 1226 2645 hominum
1267 2583 1682 2640 salutationibus
1727 2587 1781 2633 et
1818 2572 2144 2629 curiositati-

575 2664 694 2755 bus,
715 2689 910 2760 quibus
935 2701 964 2738 a
994 2682 1376 2754 praedicatione
1399 2676 1811 2746 impedirentur.
1837 2664 2144 2722 Verisimile

576 2756 844 2836 enim’est
893 2788 950 2830 ut
995 2791 1115 2830 cum
1167 2773 1290 2842 quis
1339 2767 1656 2825 salutaverit
1699 2761 2032 2831 quempiam,
2077 2756 2144 2809 ab

593 2873 780 2926 eodem
815 2869 1157 2928 resalutetur,
1190 2875 1242 2917 et
1269 2864 1332 2916 de
1365 2858 1552 2927 majori
1587 2853 1951 2909 familiaritate
1983 2850 2148 2901 inter—

582 2966 854 3035 pellctur:
900 2970 961 3015 ut
1009 2960 1124 3014 ﬁeri
1176 2959 1313 3010 solet
1363 2956 1414 3008 in
1460 2953 1544 3006 his
1593 2949 1683 3020 qui
1721 2946 1879 3001 simul
1926 2946 2144 2998 vadunt.

583 3055 754 3109 Simul
790 3054 932 3106 enim
967 3061 1024 3104 ut
1050 3049 1211 3103 amici
1243 3048 1395 3108 lacti,
1423 3048 1586 3098 etiam
1624 3039 1850 3108 amplius
1883 3045 1938 3092 et
1969 3036 2150 3089 curio-

583 3148 695 3200 sius
720 3145 969 3214 quiddam
998 3150 1308 3196 scrutantur
1333 3154 1344 3188 :
1375 3145 1428 3189 et
1452 3135 1529 3187 sic
1553 3131 1809 3200 paulatim
1837 3128 1889 3180 in
1918 3127 2145 3179 humana

589 3239 798 3304 ttt'gtlliu
826 3231 1052 3303 apostoli
1087 3228 1411 3288 inciderent,
1437 3224 1769 3288 verbumque
1793 3215 2146 3287 negligerent.

587 3327 642 3380 lu
688 3327 883 3378 itinere
927 3323 1090 3391 igitur
1136 3320 1372 3373 salutare
1414 3311 1724 3384 quempiam
1770 3324 1831 3362 ea
1879 3307 1947 3361 de
1989 3319 2148 3359 causa

589 3420 852 3485 prohibet.
883 3416 939 3468 ιη
973 3417 1187 3468 domum
1218 3420 1399 3462 autem
1436 3403 1686 3475 ingressi,
1719 3400 1916 3469 inquit,
1954 3398 2148 3452 dicite:

589 3511 696 3564 Pax
731 3511 852 3562 huic
892 3507 1096 3570 domui,
1132 3505 1234 3556 hoc
1259 3510 1365 3563 est,
1399 3499 1638 3554 salutate
1667 3509 1762 3548 eos
1793 3491 1883 3560 qui
1911 3492 1962 3544 in
1997 3489 2152 3544 domo

589 3610 733 3655 sunt.
776 3599 833 3650 Et
873 3597 1068 3650 deinde
1103 3594 1394 3649 ostendens
1431 3591 1571 3658 quod
1603 3589 1704 3641 hoc
1734 3600 1838 3638 non
1873 3582 2044 3636 solum
2085 3583 2155 3633 sit

589 3693 844 3752 salutare,
871 3690 961 3742 sed
988 3699 1041 3740 et
1070 3686 1408 3745 benedicere,
1438 3683 1604 3736 dicit:
1637 3679 1691 3733 Si
1720 3679 1934 3748 quidem
1962 3675 2154 3744 dignus

591 3783 752 3836 l'uerit
791 3778 1183 3850 paterfamilias
1206 3817 1220 3842 ,
1257 3773 1604 3828 benedicetur
1633 3789 1645 3824 :
1679 3771 1723 3823 si
1755 3778 1932 3821 autem
1966 3775 2157 3819 contu-

594 3871 866 3933 tneliosus,
897 3879 954 3923 et
989 3883 1092 3922 non
1124 3881 1291 3932 capax
1329 3866 1511 3933 pacis,
1547 3875 1792 3931 pugnans
1819 3871 1872 3913 et
1905 3859 2158 3911 adversa-

595 3963 708 4017 rius
753 3962 987 4016 sermoni
1054 3970 1244 4012 vestro
1275 3967 1327 4010 et
1376 3955 1653 4018 doctrinm,
1707 3951 2010 4006 benedictio
2054 3963 2156 4002 non

596 4054 774 4106 veniet
803 4066 964 4120 super
1000 4050 1172 4113 illum,
1201 4050 1293 4101 sed
1332 4050 1396 4099 ad
1429 4061 1522 4099 vos
1558 4052 1875 4099 revertetur.
1911 4040 2161 4110 Praecipit

596 4158 808 4213 quoque
855 4157 963 4196 non
1003 4140 1383 4194 transeundum
1425 4139 1489 4190 de
1519 4138 1677 4190 domo
1727 4135 1778 4188 in
1815 4135 2063 4196 domum,
2106 4144 2162 4186 ut

599 4251 665 4288 ne
692 4234 972 4286 videantur
998 4229 1192 4300 gulosi,
1222 4238 1277 4281 et
1302 4225 1555 4280 seandalo
1582 4227 1689 4279 sint
1716 4224 1918 4285 multis,
1950 4237 1998 4274 et
2028 4238 2160 4276 cono

600 4326 810 4379 tristeut
841 4339 934 4377 eos
955 4338 982 4374 a
1013 4321 1210 4390 quibus
1240 4319 1471 4382 primum
1500 4315 1738 4383 suscepti
1767 4324 1913 4367 sunt.
1942 4313 2165 4380 insuper

599 4417 730 4469 dlt'li
763 4432 774 4469 :
826 4413 1107 4467 Comedite
1147 4425 1209 4463 ea
1248 4424 1363 4477 qua:
1397 4408 1534 4475 apud
1574 4407 1691 4458 illos
1722 4414 1846 4458 sunt
1878 4422 1891 4457 :
1927 4405 2027 4458 hoc
2059 4414 2162 4468 εει,

602 4519 718 4571 qua:
762 4511 1066 4572 proponunt
1095 4499 1277 4562 vobis,
1341 4497 1549 4550 etiamsi
1601 4498 1722 4548 vilia
1753 4506 1806 4548 et
1841 4510 1999 4560 parva
2034 4496 2161 4557 sint,

2235 2030 2320 2082 ὅτι
2351 2029 2435 2082 ἔπ’
2476 2027 2654 2080 έκεῖνο
2684 2018 3146 2094 ἀσχοληθήσεσθε,
3198 2015 3293 2069 καὶ
3321 2011 3416 2066 τοῦ
3446 2011 3606 2077 λόγου
3641 2024 3806 2060 κατα-

2239 2127 2562 2194 φρονήσετε.
2605 2117 2814 2178 Ἀλλως
2844 2131 2903 2166 τε
2929 2129 2943 2143 ·
2993 2109 3212 2178 Ἐπειδὴ
3247 2107 3468 2177 μέλλετε
3503 2099 3799 2172 τρέφεσθαι

2375 2213 2484 2268 τῶν
2526 2207 2952 2278 διδασκομένων,
2983 2204 3066 2266 τίς
3108 2200 3266 2272 χρεία
3300 2199 3586 2270 βαλαντίου
3617 2195 3745 2262 ύμῖν
3773 2193 3804 2259 ἦ

2241 2307 2444 2377 πήρας,
2477 2303 2511 2374 ἢ
2546 2301 2910 2370 ὑποδημάτων
2936 2314 2952 2362 ;
2985 2297 3171 2349 Πᾶσαν
3201 2291 3310 2360 γὰρ
3341 2290 3470 2358 ὑμῖν
3499 2287 3596 2356 τὴν
3621 2285 3809 2355 χρείαν

2239 2397 2444 2452 τούτων
2468 2395 2518 2448 oi
2546 2392 2920 2460 διδασκόμενοι
2955 2383 3448 2459 ἀποθεραπεύουσι.
3471 2382 3545 2437 Τὸ
3566 2380 3650 2446 δὲ,
3691 2381 3812 2449 Mn-

2242 2491 2371 2544 δένα
2398 2487 2540 2541 κατά
2577 2488 2676 2551 τὴν
2725 2485 2845 2537 όδὺν
2888 2479 3224 2545 ἀσπάζεσθε,
3285 2478 3375 2531 διὰ
3424 2475 3582 2529 τοῦτο
3633 2474 3812 2533 αὐτοῖς

2244 2579 2544 2649 ἐπιτίθησι,
2578 2575 2666 2628 διὰ
2692 2576 2750 2628 τὸ
2789 2575 2864 2644 μὴ
2897 2569 3327 2640 ἀπασχολεῖσθαι
3369 2569 3498 2636 περὶ
3538 2565 3814 2634 ἀνθρωπί-

2244 2690 2363 2735 νους
2403 2667 2748 2737 ἀσπασμοὺς,
2788 2667 2879 2718 καὶ
2906 2663 3343 2734 φιλοψρονησεις,
3390 2660 3483 2713 καὶ
3524 2660 3587 2711 ὲκ
3625 2657 3816 2710 τούτου

2247 2763 2382 2830 πρὸς
2415 2759 2474 2812 τὸ
2508 2759 2774 2827 κήρυγμα
2805 2752 3215 2825 ἐμποδίζεσθαι.
3251 2750 3410 2812 Είκδς
3439 2749 3548 2818 γὰρ
3589 2747 3684 2801 τὸν
3727 2763 3818 2798 τυ-

2249 2857 2406 2924 χόντα
2436 2852 2528 2904 τοῦ
2565 2848 2880 2918 ἀσπασμοῦ,
2941 2847 3104 2898 πάλιν
3139 2846 3232 2896 καὶ
3261 2842 3420 2895 αὐτὸν
3465 2841 3818 2894 ἀντασπάσαο

2251 2947 2400 3010 σθαι,
2432 2946 2528 2998 καὶ
2577 2941 2738 3012 τυχδν
2790 2941 2885 2994 καὶ
2918 2938 3266 3009 μακροτέρας
3310 2934 3523 3004 ὁμιλίας
3565 2933 3816 2998 ἀξιῶσαι,

2249 3033 2336 3091 οἷα
2382 3037 2450 3090 τὰ
2497 3034 2604 3086 τῶν
2642 3029 3185 3101 συνοδοιπορούντων,
3247 3022 3365 3080 εἶτα
3400 3025 3474 3088 ὡς
3511 3024 3612 3095 ήδη
3670 3025 3820 3092 φίλον

2251 3130 2562 3198 γενόμενον,
2608 3129 2704 3180 καὶ
2766 3121 3266 3198 φιλοφρονήσασθαι
3314 3137 3367 3172 τι
3417 3117 3819 3188 περιττότερον,

2253 3223 2346 3275 καὶ
2376 3219 2519 3273 οὕτω
2559 3219 2699 3274 κατά
2736 3217 2932 3287 μικρὸν
2982 3217 3062 3276 είς
3089 3211 3434 3280 ἀνθρωπίνας
3487 3210 3701 3278 σχέσεις
3734 3208 3823 3260 τδν

2253 3315 2549 3369 ἀπόστολον
2581 3313 2862 3374 ἐκπεσεῖν,
2906 3309 2999 3361 καὶ
3032 3305 3304 3375 ἀμελῆσαι
3332 3303 3424 3355 τοῦ
3449 3303 3634 3369 λόγου.
3669 3302 3822 3354 Κατά

2255 3405 2354 3474 μὲν
2393 3400 2486 3456 οὖν
2512 3402 2612 3469 τὴν
2639 3402 2758 3454 όδὸν
2801 3397 3144 3460 ἀσπάζεσθαί
3193 3412 3312 3446 τινα
3347 3393 3546 3446 κωλύει
3589 3393 3676 3446 διὰ
3725 3392 3824 3460 τὴν

2252 3495 2550 3566 εἰρημένην
2580 3492 2781 3546 αἰτίαν.
2818 3490 2910 3552 El;
2937 3489 2994 3541 δὲ
3029 3489 3205 3540 οἰκίαν
3239 3485 3638 3554 εἰσερχόμενοι,
3673 3484 3824 3552 φησι,

2255 3589 2444 3655 λέγετε
2468 3603 2481 3618 ο
2522 3587 2727 3655 Εἰρήνη
2755 3584 2831 3652 τῷ
2875 3584 3008 3648 οἴκῳ
3059 3579 3232 3648 τούτῳ
3267 3595 3282 3611 ·
3307 3579 3608 3638 τουτέστιν,
3656 3575 3830 3627 ἀσπάσ

2259 3680 2415 3744 ζεσθε
2446 3681 2570 3739 τοὺς
2599 3679 2656 3729 ὲν
2683 3679 2748 3746 τῇ
2773 3675 2940 3744 οἰκία.
2986 3671 3118 3724 Εἶτα
3141 3669 3424 3732 δεικνύων,
3447 3671 3530 3721 ὅτι
3563 3669 3625 3721 ού
3672 3668 3829 3736 μόνον

2255 3772 2543 3839 ἀσπασμός
2572 3773 2687 3822 ἐστι
2718 3770 2894 3833 τοῦτο,
2929 3767 3065 3820 ἀλλά
3096 3769 3190 3821 καὶ
3221 3763 3461 3830 εὐλογία,
3513 3762 3703 3830 φησιν,
3751 3760 3827 3811 ὅτι

2257 3866 2316 3917 ‘F.
2330 3866 2394 3918 ἀν
2423 3865 2521 3932 μὲν
2610 3862 2755 3925 ἄξιος
2779 3861 2805 3911 ό
2841 3859 3243 3926 οἰκοδεσπότης,
3291 3855 3745 3923 εύλογηθήσεται,
3788 3855 3832 3904 εἰ

2258 3958 2315 4010 δὲ
2368 3955 2630 4024 ὑϐριστὴς
2667 3955 2758 4007 καὶ
2808 3953 3164 4014 ἀνεπίδεκτος
3223 3951 3471 4020 είρήνης,
3526 3947 3833 4018 μαχόμενος

2262 4051 2356 4102 καὶ
2389 4049 2800 4114 ἐναντιούμενος
2863 4045 2940 4113 τῷ
2981 4043 3125 4112 λόγῳ
3163 4042 3319 4112 ὑμῶν
3354 4043 3449 4094 καὶ
3477 4043 3544 4110 τῇ
3582 4041 3834 4093 διδασκα-

2261 4141 2370 4209 λία,
2402 4141 2434 4208 ἡ
2467 4138 2687 4205 εὐλογία
2743 4138 2843 4188 οὐκ
2893 4137 2980 4188 ἐπ’
3019 4135 3183 4188 αὑτὸν
3223 4132 3367 4200 ἣξει,
3405 4133 3521 4186 ἀλλ’
3573 4134 3654 4194 εἰς
3697 4132 3834 4201 ὑμᾶς

2263 4228 2686 4296 ἐπαναστρέφει.
2716 4226 2807 4294 Μὴ
2840 4223 3190 4294 μεταϐαίνειν
3219 4223 3274 4275 δὲ
3306 4225 3384 4283 είς
3429 4221 3630 4285 πολλὰς
3660 4225 3837 4282 οἰκίας

2262 4303 2656 4390 παραγγέλλει,
2712 4319 2797 4369 ἵνα
2855 4316 2930 4384 μὴ
2977 4315 3176 4367 δοκῶσι
3231 4313 3683 4381 γαστρίμαργοι,
3748 4314 3836 4364 καὶ

2266 4409 2659 4466 σκανδαλίξωσι
2708 4407 2954 4467 πολλοὺς,
3004 4406 3097 4457 καὶ
3137 4403 3348 4456 λυπῶσι
3382 4405 3508 4466 τοὺς
3561 4403 3621 4468 ἐξ
3667 4403 3839 4474 ἀρχῆς

2267 4501 2726 4570 ὑποδεξαμένους.
2773 4499 2935 4551 Ἀλλά
2987 4499 3082 4550 καὶ
3123 4496 3355 4559 ἐσθίετε,
3395 4496 3530 4564 φησὶ
3555 4535 3570 4554 ,
3613 4501 3682 4547 τὰ
3716 4496 3842 4564 παρ’

603 4595 732 4646 nihil
770 4593 998 4660 amplius
1038 4590 1392 4656 inquirentes.
1435 4586 1540 4639 Pro
1574 4588 1816 4640 mercede
1851 4595 2027 4639 autem
2071 4587 2148 4637 lia«

2270 4593 2467 4656 αύτῶν,
2501 4591 2799 4651 τουτέστιν,
2849 4589 2884 4642 ἆ
2920 4588 3258 4658 προσάγουσι
3316 4588 3466 4656 ὑμῖν,
3521 4586 3626 4638 κᾶν
3675 4586 3842 4657 μικρὰ

602 4688 722 4740 bete
752 4685 956 4739 cibum.
990 4681 1053 4734 Et
1089 4697 1154 4733 ne
1179 4680 1432 4748 quaeratis
1473 4689 1524 4730 et
1559 4678 1737 4746 pasci,
1778 4689 1831 4730 et
1861 4676 2146 4730 mercedeu

2268 4681 2421 4747 ὦσιν,
2454 4683 2555 4736 κᾶν
2585 4682 2796 4748 εύτελῆ,
2831 4681 2994 4750 μηδὲν
3026 4681 3187 4732 πλέον
3230 4678 3622 4746 ἐπιζητοῦντες

607 4780 826 4843 insuper
865 4776 1128 4842 accipere,
1159 4773 1251 4824 sed
1285 4772 1456 4823 cibum
1497 4784 1592 4836 pro
1625 4771 1869 4822 mercede
1899 4771 2162 4822 habetote.

611 4868 739 4921 Vide
779 4868 942 4935 igitur
985 4863 1255 4932 quomodo
1301 4860 1590 4928 discipulos
1635 4862 1894 4913 adversus
1931 4861 2164 4924 inpiam

609 4959 862 5021 instruat,
898 4967 951 5009 et
984 4968 1202 5009 securos
1232 4952 1411 5006 faciat.
1454 4952 1662 5004 Sanane
1698 4962 1875 5002 autem
1921 4961 1974 5003 et
2022 4949 2170 5002 inﬁr-

609 5066 722 5103 tnos
770 5050 858 5116 qui
906 5049 956 5101 in
1004 5046 1338 5119 civitatibus,
1385 5044 1658 5112 praecipit,
1696 5053 1751 5095 ut
1791 5042 2170 5095 titiraculorum

607 5142 919 5208 operatione
947 5138 1221 5191 attrahant
1250 5135 1496 5188 homines
1521 5135 1587 5187 ad
1617 5135 1840 5187 verbum
1870 5133 2008 5199 quod
2039 5149 2174 5202 pra:-

613 5236 810 5286 tllt‘alll.
848 5232 911 5285 Et
942 5233 1062 5284 vide
1101 5231 1226 5297 quid
1264 5230 1443 5282 dicat:
1492 5226 1556 5279 Et
1601 5227 1760 5279 dicite
1801 5225 1920 5278 eis:
1965 5225 2174 5291 Appro-

614 5324 896 5392 pinquavit
926 5325 973 5375 in
1001 5338 1094 5374 vos
1129 5337 1344 5389 regnum
1374 5320 1485 5372 Dei.
1519 5319 1648 5372 Nam
1679 5319 1723 5372 si
1756 5319 1987 5386 primum
2018 5333 2176 5371 sana-

615 5414 819 5476 veritis,
857 5428 918 5466 ac
951 5413 1141 5466 deinde
1174 5411 1490 5472 docueritis,
1527 5411 1753 5463 leliciter
1781 5420 1965 5463 curret
1997 5423 2175 5461 sermo

615 5504 777 5575 3“
809 5515 1014 5566 vester,
1044 5514 1097 5557 et
1127 5505 1347 5557 credent
1380 5503 1622 5556 homines
1657 5506 1796 5571 quod
1829 5519 2048 5572 regnum
2085 5503 2173 5555 Uei

617 5596 922 5664 pervenerit
981 5595 1032 5649 in
1067 5598 1234 5663 ipsos.
1269 5594 1383 5648 Non
1416 5595 1554 5648 enim
1591 5597 1758 5649 sanati
1790 5597 2036 5658 fuissent,
2073 5597 2174 5649 nisi

620 5687 795 5737 divina
834 5688 1076 5754 qumdam
1114 5689 1285 5740 virtus
1329 5687 1513 5740 fuisset
1548 5689 1658 5740 haec
1687 5702 1931 5755 operans.
1975 5690 2080 5741 Sed
2123 5698 2178 5741 et

620 5781 835 5844 quando
874 5780 992 5844 quis
1037 5778 1216 5832 animo
1252 5787 1520 5846 aegrotans
1561 5788 1780 5831 sanatus
1823 5777 2014 5841 fuerit,
2050 5787 2179 5831 tunc

624 5870 1064 5940 appropinquavit
1110 5871 1307 5926 incum
1359 5886 1576 5938 regnum
1623 5871 1733 5923 Dt-i.
1778 5870 1855 5923 Ab
1883 5880 2178 5938 aegrotante

3630 4719 3643 4732 .
3706 4681 3841 4732 ’Λντὶ

2274 4776 2468 4846 μισθοῦ
2511 4777 2566 4826 δὲ
2607 4775 2755 4843 ἔχετε
2791 4773 2888 4842 τὴν
2933 4775 3163 4841 τροφὴν,
3221 4775 3314 4824 καὶ
3353 4771 3427 4839 μὴ
3480 4771 3696 4838 ζητεῖτε
3756 4773 3842 4822 καὶ

2268 4865 2592 4934 τρέφεσθαι,
2625 4865 2716 4914 καί
2751 4863 2941 4930 μισθὸν
2969 4861 3131 4912 πάλιν
3157 4861 3305 4929 παρά
3332 4861 3496 4928 μέρος
3520 4861 3838 4927 λαμῦάνειν,

2271 4955 2386 5009 ἀλλ’
2444 4956 2610 5022 αὐτὴν
2655 4953 2752 5022 τὴν
2774 4953 2991 5022 ,τροφὴν
3061 4953 3179 5004 ἀντὶ
3233 4952 3423 5019 μισθοῦ
3469 4952 3644 5022 ἔχετε.
3709 4955 3843 5018 Ἥρα

2273 5044 2386 5108 οὖν,
2417 5047 2533 5107 πῶς
2573 5045 2697 5106 τοὺς
2735 5045 2982 5112 μαθητὰς
3016 5043 3449 5112 νέξασφαλίζεται
3495 5045 3633 5112 πρὸς
3683 5047 3841 5111 ἀκτῇ-

2279 5136 2540 5208 μοσύνην,
2579 5137 2669 5186 καὶ
2717 5135 3039 5203 θεραπεύειν
3080 5136 3136 5188 δὲ
3182 5130 3303 5197 τοὺς
3353 5140 3408 5188 ἐν
3457 5138 3578 5198 ταῖς
3631 5139 3846 5188 πόλεσιν

2275 5229 2520 5290 ἀσθενεῖς
2548 5227 2935 5297 παραγγέλλει,
2966 5227 3052 5281 ἵνα
3071 5227 3317 5280 ἰἐντεῦθεν
3349 5227 3835 5297 θαεδματουργοῦνο

2278 5339 2392 5384 τες,
2423 5321 2794 5389 ὲφελκύωνται
2832 5322 2958 5382 τοὺς
2992 5319 3307 5389 ἀνθρώπους
3339 5322 3429 5372 ἐπὶ
3462 5323 3523 5372 τὸ
3564 5324 3845 5390 κήρυγμα-

2279 5415 2418 5482 Ὂρα
2451 5414 2558 5483 γὰρ
2589 5415 2638 5464 τί
2667 5431 2817 5481 φησι,
2856 5414 2962 5464 Καὶ
2998 5412 3182 5478 λέγετε
3210 5414 3534 5478 αύτοῖς,ίότι
3587 5417 3847 5482 Ἤγγικεν

2275 5506 2360 5572 ἐφ’
2406 5507 2550 5572 ὑμᾶς
2589 5505 2621 5573 ἠ
2661 5503 2911 5572 βασιλεία
2952 5503 3045 5556 τοῦ
3086 5505 3241 5556 Θεοῦ.
3277 5505 3335 5555 Εἰ
3376 5505 3485 5574 γὰρ
3517 5506 3738 5576 πρῶτον
3769 5508 3847 5559 θε-

2282 5601 2568 5665 ραπεύετε,
2600 5592 2716 5648 εἶτα
2743 5596 3044 5658 διδάσκετε,
3079 5597 3402 5666 εύδρομήσει
3431 5599 3561 5666 ύμῖν
3603 5602 3632 5651 ὀ
3673 5602 3846 5667 λόγος,

2281 5693 2373 5742 καὶ
2411 5687 2796 5741 πιστεύσουσιν
2829 5691 2877 5740 oi
2935 5689 3232 5758 ἀνθρωττοι,
3271 5691 3352 5742 ὅτι
3392 5693 3425 5759 ἡ
3462 5691 3718 5760 βασιλεία
3763 5695 3848 5747 τοῦ

2279 5783 2411 5835 Θεοῦ
2435 5784 2664 5851 ἔφθασεν
2685 5784 2768 5834 ἐπ’
2785 5782 2998 5844 αὐτούς.
3025 5784 3136 5835 Ούκ
3158 5784 3222 5835 ἂν
3241 5784 3348 5852 γὰρ
3373 5784 3791 5854 ἐθεραπεύοντο.
3807 5790 3848 5840 εί

2289 5877 2362 5945 μή
2395 5893 2477 5938 τις
2513 5874 2634 5928 θεία
2666 5874 2894 5944 δύναμις
2927 5870 2992 5944 ἦν
3026 5879 3056 5943 ἡ
3089 5874 3259 5929 ταῦτα
3289 5876 3540 5933 τελοῦσα.
3570 5880 3735 5937 Ἀλλὰ
3753 5883 3848 5951 γὰρ
