4038 6548
186 528 284 591 €37

919 524 1365 589 ENARRATIO
1402 523 1484 586 ΙΝ
1513 520 2017 585 EVANGELIUM
2056 522 2295 585 LUC.-E.
2328 548 2392 561 —
2431 522 2591 583 CAP.
2627 522 2702 584 X.

3368 524 3474 586 838

185 648 274 698 καὶ
303 647 433 699 ὅταν
460 645 600 699 κατά
623 643 802 715 ψυχὴν
825 639 1182 703 ἀσθενοῦντες
1209 637 1614 710 θεραπευθῶσι,
1644 636 1763 689 τότε

1872 635 2014 689 enim
2057 635 2216 704 longe.
2258 636 2400 688 istud
2444 647 2557 697 est.
2603 636 3045 707 quandoquidem
3091 650 3378 708 peccatum
3415 643 3468 695 in

183 741 413 807 ἦγγικεν
441 740 530 790 ἐπ’
574 737 774 800 αὐτοὺς
802 736 836 804 ἠ
882 733 1137 804 βασιλεία
1164 730 1261 784 τοῦ
1284 729 1446 782 Θεοῦ.
1498 728 1632 781 ’Δπδ
1658 732 1768 796 γὰρ

183 829 679 892 τοὺ-ἀσθενοῦντος
702 827 925 899 μακράν
966 826 1115 878 ἐστιν
1148 823 1312 892 αῦτη,
1344 819 1768 890 βασιλευομένου

185 922 288 974 ὑπὸ
321 922 424 990 τῆς
454 919 732 989 ἁμαρτίας
768 918 871 972 ἔτι.

259 1033 276 1063 ι
315 1015 405 1076 Εἰς
437 1014 504 1082 ἢν
527 1011 575 1064 δ’
608 1012 676 1065 ἂν
715 1010 869 1063 πόλιν
901 1004 1227 1077 εἰσέρχησθε
1265 1005 1359 1056 καὶ
1402 1003 1477 1072 μὴ
1517 1000 1768 1071 δέχονται

181 1106 349 1173 ὑμᾶς,
379 1102 693 1169 ἐξελθόντες
718 1103 799 1165 εἰς
826 1102 923 1162 τὰς
956 1099 1240 1160 πλατείας,
1293 1097 1480 1157 αὐτοῖς
1520 1094 1714 1148 εἴπατε
1748 1109 1764 1125 ο

181 1199 289 1250 Καὶ
325 1197 414 1248 τὸν
447 1195 724 1266 κονιορτὸν
758 1195 850 1246 τδν
908 1191 1240 1260 κολληθέντα
1272 1191 1406 1260 ἡμῖν
1446 1190 1509 1240 ὲκ
1537 1187 1636 1256 τῆς
1671 1185 1769 1238 πό-

180 1292 317 1351 λεως
349 1287 530 1357 ὑμῶν,
557 1284 1003 1357 ἀπομασσόμεθα
1032 1284 1184 1352 ὑμῖν,
1221 1280 1364 1350 πλὴν
1402 1279 1562 1333 τοῦτο
1601 1278 1767 1348 γινώ-

183 1399 364 1445 σκετε,
400 1382 482 1434 ὅτι
535 1380 768 1450 ἤγγικεν
801 1379 886 1446 ἐφ’
922 1378 1067 1447 ὑμᾶς
1105 1379 1136 1445 ἡ
1180 1374 1426 1444 βασιλεία
1458 1373 1551 1427 τοῦ
1584 1371 1722 1424 Θεοῦ
1754 1389 1766 1402 ·

180 1477 340 1542 Λέγω
375 1473 430 1525 δὲ
463 1475 594 1541 ὑμῖν
624 1473 706 1524 ὅτι
737 1470 994 1539 Σοδόμοις
1025 1470 1381 1538 ἀνεκτότερον
1420 1465 1574 1519 ἔσται
1615 1467 1674 1516 ἐν
1700 1466 1767 1534 τῇ

179 1568 369 1636 ἡμέρα
408 1566 596 1636 ὲκείνῃ
638 1562 670 1633 ἢ
719 1564 787 1633 τῇ
850 1562 1003 1613 πόλει
1040 1562 1248 1630 ἐκείνῃ.
1295 1579 1312 1612 ι
1366 1559 1560 1618 Ὅταν,
1610 1559 1768 1627 φησι,

184 1655 259 1724 μὴ
291 1655 555 1722 δέχωνται
587 1652 754 1721 ὑμᾶς,
810 1649 1123 1714 ἐξελθόντες
1176 1647 1627 1719 διαμαρτύρασθε
1674 1648 1772 1699 αὑ-

182 1750 314 1808 τοῖς,
347 1748 428 1799 ὅτι
459 1745 623 1797 Οὐδὲν
656 1742 833 1795 κοινὸν
884 1743 1016 1811 ἡμῖν
1042 1741 1180 1810 πρὶς
1213 1742 1378 1810 ὑμᾶς,
1419 1739 1538 1793 οὐδὲ
1571 1741 1770 1809 ἔχομέν

179 1857 231 1891 τι
252 1839 361 1892 ἀπὸ
387 1839 484 1906 τῆς
515 1837 789 1906 ὑμετέρας
818 1835 1026 1896 πόλεως
1051 1850 1064 1862 ⁸
1093 1832 1230 1886 ἀλλὰ
1264 1834 1357 1887 καὶ
1376 1832 1467 1885 τὸν
1490 1832 1770 1899 κονιορτὸν

181 1933 272 1985 τὸν
355 1928 686 2000 κολληθέντα
747 1928 878 1997 ἡμῖν
960 1925 1420 1995 ἀπομασσόμεθα,
1487 1925 1773 1978 τουτέστιν

1876 726 1966 780 illo
2000 739 2188 797 regnat
2217 743 2282 782 ac
2318 727 2653 784 dominatur.

1945 993 2111 1048 Vens.
2171 994 2327 1049 542.
2367 1013 2385 1045 ι
2429 992 2487 1048 In
2530 1009 2916 1064 quamcunque
2959 1006 3141 1051 autem
3190 998 3467 1055 civitatem

1870 1083 2222 1144 intravnritis,
2249 1092 2302 1137 et
2335 1097 2437 1136 non
2471 1087 2810 1153 susceperint
2843 1101 2956 1149 vos,
2983 1098 3246 1144 exeuntes
3274 1092 3325 1143 in
3356 1091 3471 1161 pla-

1872 1186 1985 1229 tcas
2020 1174 2100 1228 eis
2134 1172 2344 1229 dicite:
2383 1174 2561 1228 Etiam
2604 1176 2878 1244 pulverem
2916 1180 3008 1248 qui
3046 1182 3273 1235 adlta‘sit
3313 1184 3470 1239 nobis

1872 1269 1936 1321 de
1975 1267 2200 1322 civitate
2242 1275 2420 1318 vestra
2445 1307 2459 1330 ,
2496 1268 2832 1333 energimus
2871 1268 2924 1321 in
2961 1285 3101 1326 vos:
3143 1280 3320 1326 tamen
3367 1275 3470 1328 hoc

1872 1361 2065 1414 scitote
2115 1360 2260 1428 quod
2312 1359 2770 1427 appropinquavit
2821 1361 2873 1413 in
2926 1375 3020 1414 vos
3074 1377 3296 1423 regnum
3348 1364 3465 1420 Dei.

1877 1455 2006 1508 Dico
2042 1454 2195 1507 vobis
2220 1453 2362 1522 quod
2400 1451 2654 1506 Sodomis
2697 1452 2749 1505 in
2787 1454 2873 1505 die
2905 1453 2996 1506 illo
3040 1455 3322 1510 remissius
3362 1458 3470 1512 erit

1872 1544 2138 1613 qttatnjlli
2172 1544 2402 1598 civitati.
2444 1563 2461 1594 ι
2501 1543 2764 1611 Quando,
2812 1545 3021 1614 inquit,
3062 1562 3167 1599 non
3206 1563 3468 1616 suscepe-

1875 1638 1980 1690 rint
2018 1651 2134 1701 vos,
2165 1636 2372 1704 egressi
2407 1635 2680 1689 testentini
2713 1635 2796 1690 eis
2827 1637 2970 1705 quod
3008 1639 3142 1692 ttihil
3175 1655 3470 1694 commune

1876 1728 2030 1783 nobis
2057 1727 2336 1783 vobiscum
2363 1765 2378 1791 ,
2412 1742 2588 1796 neque
2621 1729 2883 1783 habemus
2913 1729 3118 1799 aliquid
3151 1731 3218 1784 de
3245 1733 3469 1788 civitate

1875 1835 2054 1878 chtra
2089 1840 2101 1876 :
2135 1823 2232 1878 sed
2261 1825 2425 1878 etiam
2463 1822 2744 1890 pulverem
2775 1821 2866 1892 qui
2896 1823 3127 1878 adita-sit
3163 1825 3340 1888 nobis,
3372 1842 3468 1881 ex-

1876 1913 2158 1982 tergimus.
2192 1913 2293 1968 hoc
2335 1921 2420 1968 est
2461 1915 2789 1983 excutimus,
2826 1915 3053 1985 spongia
3084 1916 3466 1983 emundamns,

179 2025 657 2092 ἀποτινάσσομεν,
743 2020 1268 2090 ἀποσπογγίζομεν,
1349 2019 1763 2090 ἀπορῤίπτομεν

1873 2006 2161 2075 abjicimus
2191 2006 2245 2061 in
2279 2021 2396 2062 vos.
2433 2005 2821 2061 Verumtamen
2856 2007 3054 2063 scitote
3083 2009 3227 2078 quod
3268 2024 3470 2079 appro-

179 2117 313 2185 ὑμῖν
361 2135 374 2147 ο
409 2115 548 2181 πλὴν
572 2111 893 2181 γινώσκετε,
931 2113 1010 2165 ὅτι
1047 2113 1281 2182 ἦγγικεν
1311 2112 1396 2179 ἐφ’
1420 2111 1565 2179 ὑμᾶς
1604 2113 1636 2179 ἡ
1673 2109 1768 2179 βα-

179 2208 360 2261 σιλεία
388 2208 481 2260 τοῦ
517 2206 678 2259 Θεοῦ.
732 2203 1002 2258 Ἐνταῦθα
1032 2203 1265 2273 ζητήσει
1299 2218 1405 2267 τις’
1438 2202 1564 2264 Πῶς
1600 2219 1768 2271 φησιν

175 2293 204 2351 δ
249 2301 455 2369 Κύριος
489 2300 581 2351 καὶ
635 2299 748 2358 τοῖς
801 2295 1221 2365 ὑποδεχομένοις
1253 2287 1380 2358 τοὺς
1430 2294 1767 2356 ἀποστόλους

175 2391 400 2458 ἐγγίσαι
439 2391 535 2459 τὴν
569 2388 872 2458 βασιλείαν,
908 2389 1002 2441 καὶ
1041 2389 1154 2449 τοῖς
1198 2387 1272 2457 μὴ
1307 2387 1764 2456 ὑποδεχομένοιςς

179 2485 374 2535 Ἔστιν
413 2478 505 2535 οὖν
538 2483 735 2547 εἰπεῖν,
771 2483 851 2534 ὅτι
885 2480 1039 2534 οὐδὲν
1058 2480 1300 2534 ἐναντίον
1331 2481 1485 2551 φησί.
1518 2480 1626 2534 Καὶ
1659 2481 1768 2550 γὰρ

173 2578 293 2637 τοῖς
330 2576 430 2644 μὲν
465 2576 590 2635 τοὺς
623 2571 962 2634 ἀποστόλους
1011 2570 1346 2640 δεχομένοις,
1396 2570 1636 2637 ἐγγίζειν
1667 2569 1767 2639 τὴν

175 2665 465 2734 βασιλείαν
497 2667 585 2718 ἐπ’
619 2663 938 2735 εὐεργεσίᾳ,
965 2665 1080 2726 τοῖς
1115 2662 1172 2714 δὲ
1207 2662 1282 2731 μὴ
1317 2661 1765 2731 ὑποδεχομένοις,

171 2756 270 2806 ἐςτί
324 2755 671 2824 κατακρίσει.
739 2753 972 2805 ’Υπόθου
1008 2752 1119 2822 γάρ
1157 2769 1246 2821 μοι
1289 2754 1348 2804 ὲν
1400 2752 1618 2822 θεάτρῳ
1660 2751 1768 2803 τινὶ

173 2845 555 2913 κατακρίτους
590 2840 728 2895 εἶναι
784 2843 1038 2906 πολλοὺς,
1082 2844 1178 2895 καὶ
1215 2843 1436 2912 ἐτέρους
1465 2841 1767 2910 ἀκατακρί-

169 2953 340 2999 τους·
405 2936 804 3003 συγκλητικούς
860 2936 921 2988 τέ
979 2953 1143 3006 φημι,
1187 2934 1530 3004 στρατηγούς
1565 2953 1622 2987 τε
1673 2936 1770 2988 καὶ⁵

166 3029 438 3097 ἀριστέας
474 3029 656 3097 τυχὸν,
695 3023 814 3080 εἶτα
845 3029 1028 3096 λέγειν
1060 3046 1182 3081 τινα
1216 3030 1437 3099 κήρυκα
1468 3029 1603 3097 πρὸς
1641 3030 1770 3081 πάν-

163 3137 270 3181 τας
296 3119 436 3189 ὁμοῦ
485 3122 612 3182 τούς
638 3137 698 3171 τε
745 3120 1134 3190 κατακρίτους,
1183 3121 1438 3183 καὶτοὺς
1484 3122 1765 3190 ἐντίμους,

160 3212 247 3263 ὅτι
275 3212 512 3281 ἠγγικεν
542 3213 569 3263 δ
612 3210 870 3281 βασιλεὺς
922 3214 1075 3281 ὑμῖν,
1131 3207 1221 3282 ἆρ’
1251 3212 1312 3265 οὐ
1358 3215 1471 3276 τοῖς
1531 3214 1631 3284 μὲν
1676 3215 1769 3266 ἐπὶ

1872 2098 2152 2166 piuquavit
2195 2096 2250 2152 in
2276 2111 2373 2150 vos
2415 2111 2642 2166 regnum
2681 2096 2799 2154 Dei.
2844 2097 2956 2153 Hoc
2998 2101 3119 2154 loco
3154 2101 3471 2171 quaesiverit

1870 2189 2142 2258 quispiam
2170 2206 2182 2243 :
2213 2189 2500 2254 Quomodo
2541 2189 2678 2245 dicit
2710 2190 2972 2246 Dominus
2999 2193 3470 2264 appmpinquasse

1872 2295 2096 2347 regnum
2122 2279 2215 2335 Dei
2240 2288 2293 2334 et
2324 2279 2409 2334 bis
2432 2281 2523 2350 qui
2552 2294 2911 2353 susceperunt
2938 2294 2990 2338 et
3020 2285 3111 2356 qui
3145 2302 3253 2340 non
3279 2302 3468 2352 susce-

1872 2381 2067 2442 perunt
2095 2373 2416 2440 apostolos?
2445 2376 2904 2445 Appropinquare
2925 2377 3059 2431 dicit
3095 2394 3322 2446 regnum
3348 2394 3463 2434 cte-

1872 2465 2045 2519 lorunt
2076 2464 2159 2520 ltis
2187 2467 2278 2534 qui
2304 2469 2581 2536 apostolos
2609 2481 2922 2537 suscepere.
2953 2477 3179 2540 propter
3203 2470 3465 2526 bcueticia

1870 2571 1992 2627 quae
2022 2557 2076 2611 in
2109 2572 2205 2613 eos
2234 2557 2596 2625 collocantur,
2626 2561 2711 2614 bis
2739 2572 2921 2616 autem
2954 2563 3045 2630 qui
3075 2578 3180 2618 non
3204 2578 3468 2632 suscepe-

1871 2659 2016 2712 runt,
2052 2659 2274 2720 prapter
2302 2651 2837 2708 cettdetnmtionem.
2869 2653 3036 2726 Finge
3068 2655 3119 2708 iu
3151 2656 3470 2724 spectacqu

1871 2740 2105 2810 quodam
2139 2746 2340 2796 inultos
2368 2744 2786 2804 condemnatos.
2821 2757 2875 2801 et
2901 2746 3038 2801 alios
3070 2762 3175 2802 non
3211 2750 3472 2802 condem-

1874 2848 2068 2890 natos:
2113 2835 2444 2904 Senatores,
2486 2838 2739 2908 iuquant,
2780 2856 2846 2894 ac
2890 2843 3168 2897 exercitus
3207 2847 3374 2897 duces
3413 2852 3470 2898 et

1871 2929 2164 2996 optimates
2194 2944 2206 2980 :
2233 2929 2429 2985 deinde
2461 2929 2646 2985 dicere
2685 2947 2992 3001 prmoneut
3026 2933 3094 2987 ad
3121 2949 3318 2988 omnes
3355 2943 3463 2989 tant

1872 3020 2264 3074 condemnatos
2277 3036 2437 3090 quam
2461 3024 2804 3078 venerabiles
2828 3042 2842 3078 :
2865 3024 3341 3095 Appropinquavit
3358 3027 3464 3081 ‘rex

1875 3121 2093 3169 vester:
2129 3128 2310 3169 nonne
2343 3115 2427 3170 bis
2456 3115 2675 3186 quidem
2702 3116 2770 3171 ad
2797 3118 3149 3188 supplicium,
3180 3118 3303 3174 aliis
3336 3134 3469 3176 vero

1875 3207 1940 3257 ad
1983 3205 2213 3275 gloriam
2259 3217 2315 3262 et
2366 3207 2788 3263 beneﬁcentiam
2844 3212 3287 3280 appropinquare
3333 3212 3467 3267 dicit

161 3304 420 3365 κολάσει,
450 3296 562 3366 τοῖς
590 3304 646 3356 δὲ
701 3305 792 3356 ἐπὶ
831 3308 964 3374 τιμῇ
1016 3305 1112 3357 καὶ
1160 3304 1457 3376 εὐεργεσίᾳ
1515 3305 1761 3374 ἐγγίζειν

1877 3311 2055 3364 regem
2083 3295 2106 3348 ?
2133 3296 2223 3350 Sic
2252 3297 2418 3367 igitur
2438 3307 2493 3351 et
2521 3301 2621 3353 boe
2646 3299 2765 3354 loco
2788 3300 3053 3370 intelligo.
3103 3299 3467 3357 Tolerabilius

156 3398 258 3449 τὸν
303 3395 537 3465 βασιλέα
575 3397 761 3464 λέγεις
806 3395 994 3459 οὕτως
1030 3392 1124 3449 οὖν
1153 3396 1394 3450 ἐνταῦθα
1445 3398 1577 3452 νόει.
1639 3398 1759 3452 Ἀν-

159 3495 466 3559 εκτότερον
497 3489 553 3540 δὲ
588 3489 738 3542 ἔσται
759 3490 1037 3558 Σοδόμοις,
1072 3491 1224 3560 φησὶ,
1258 3490 1288 3558 ἢ
1322 3492 1388 3559 τῇ
1424 3490 1498 3560 μὴ
1527 3493 1762 3558 παραδε-

155 3579 384 3649 ξαμένη
426 3580 570 3648 ὑμᾶς
605 3581 779 3635 πόλει.
812 3581 968 3633 Διατί
1003 3598 1016 3643 ;
1062 3582 1208 3632 Διότι
1249 3583 1328 3643 είς
1379 3581 1590 3649 Σόδομα
1631 3582 1764 3633 ἁπό-

155 3672 353 3724 στολοι
389 3673 490 3724 οὐκ
514 3672 926 3742 ἀπεστάλησαν
969 3674 1018 3724 οἱ
1045 3673 1224 3725 τοίνυν
1264 3673 1390 3735 τοὺς
1425 3672 1761 3735 ἀποστόλους

154 3765 238 3833 μὴ
274 3764 598 3832 δεξάμενοι,
633 3763 853 3834 χείρους
895 3763 1202 3833 Σοδομιτῶν
1233 3766 1394 3818 εἰσιν.
1428 3765 1762 3834 Παρατήρηο

152 3871 254 3906 σον
286 3854 375 3918 δὲ,
396 3854 536 3924 ὁτιή
574 3854 726 3914 πόλις
757 3856 790 3922 ἡ
821 3854 895 3923 μὴ
927 3853 1350 3924 παραδεχομένη
1373 3856 1500 3919 τοὺς
1525 3856 1762 3910 ἀποστό-

148 3947 314 4010 λους.
383 3944 647 4006 πλατείας
702 3946 838 4014 ἔχει.
881 3946 1123 3998 Πλατεῖα
1175 3946 1283 4016 γάρ
1333 3947 1481 3999 ἐστιν
1513 3949 1544 4017 ἡ
1575 3949 1693 4012 ὁδδς
1724 3952 1757 4020 ἡ

147 4041 469 4106 ἀπάγουσα
519 4039 599 4100 είς
645 4037 743 4107 τὴν
787 4038 1065 4091 ἀπώλειαν
1097 4053 1112 4069 °
1149 4039 1299 4102 ὅστις
1348 4035 1442 4092 οὖν
1497 4041 1762 4101 πλατείας

148 4132 317 4194 ὀδοὺς
355 4130 473 4200 ἔχει
503 4128 829 4195 ἀπαγούσας
861 4133 941 4192 είς
969 4121 1271 4196 ἀπώλειαν,
1298 4133 1504 4195 ἐκεῖνος
1531 4133 1762 4187 ἀποστο-

143 4223 309 4278 λικον
348 4224 515 4289 λόγον
554 4221 651 4273 καὶ
686 4221 828 4274 θεῖον
850 4222 909 4274 οὑ
945 4223 1330 4292 παραδέχεται.

227 4339 246 4369 ι
291 4315 443 4368 Οὐαί
487 4331 592 4377 σοι,
621 4314 930 4383 Χωραζεὶν,
968 4315 1090 4368 οὐαί
1121 4332 1226 4378 σοι,
1257 4315 1554 4384 Βηθσαῖδᾶ,
1584 4319 1666 4371 ὅτι
1710 4321 1758 4371 εἰ

141 4410 205 4462 ὲν
244 4405 430 4476 Τύρῳ
472 4405 564 4456 καὶ
603 4405 797 4457 Σιδῶνι
839 4406 1088 4473 ἐγένοντο
1119 4409 1172 4460 αί
1204 4407 1483 4478 δυνάμεις,
1518 4410 1572 4461 αἱ
1602 4413 1757 4478 γενό-

143 4515 323 4566 μεναι
390 4496 452 4546 ὲν
495 4493 644 4561 ὑμῖν,
689 4495 860 4549 πάλαι
907 4497 994 4562 ἂν,
1051 4499 1108 4549 ἐν
1182 4499 1372 4568 σάκκῳ
1430 4499 1524 4552 καὶ
1578 4501 1759 4571 σποδῴ

139 4588 504 4658 καθήμεναι,
569 4588 925 4656 μετενόησαν.
1001 4588 1146 4658 Πλὴν
1202 4587 1363 4658 Τύρῳ
1413 4591 1506 4642 καὶ
1570 4591 1757 4645 Σιδῶνι

1873 3391 1978 3441 erit
1999 3387 2274 3455 Sodomis,
2303 3391 2496 3459 inquit,
2523 3405 2684 3463 qqam
2709 3392 2916 3446 civitati
2948 3406 3068 3460 qua:
3092 3408 3190 3448 vos
3214 3409 3320 3448 non
3348 3410 3469 3448 sus-

1872 3482 2097 3547 ceperit.
2136 3480 2355 3546 Quare?
2398 3480 2474 3534 Eo
2515 3483 2658 3550 quod
2702 3483 2755 3536 iu
2800 3484 3037 3538 Sodoma
3080 3486 3313 3553 apostoli
3357 3502 3466 3540 non

1871 3573 2096 3625 luerunt
2133 3573 2308 3626 missi.
2356 3573 2552 3639 Igitur,
2599 3576 2688 3642 qui
2733 3575 3008 3644 apostolos
3051 3591 3160 3630 non
3203 3591 3466 3646 suscepe-

1875 3673 2022 3726 runt,
2054 3661 2356 3719 deteriores
2388 3673 2516 3718 sunt
2550 3665 2872 3721 Sodomitis.
2907 3666 3152 3723 Observa
3183 3669 3463 3724 civitatem

1872 3771 1977 3808 non
2053 3756 2438 3824 suscipientem
2482 3761 2760 3826 apostolos
2811 3759 3022 3826 plateas
3063 3761 3284 3815 habere.
3332 3761 3463 3816 Lata

1870 3851 2015 3902 enim
2047 3851 2132 3903 via
2158 3861 2240 3904 est
2267 3865 2386 3918 qua:
2413 3852 2560 3905 ducit
2589 3852 2655 3905 ad
2683 3852 2960 3906 interitum
2983 3875 2996 3907 ;
3023 3866 3186 3922 quam
3213 3853 3464 3923 quisquis

1872 3943 2200 4010 ingreditur,
2231 3944 2320 3997 ille
2348 3945 2707 4012 apostolicum
2740 3954 2797 4000 et
2820 3946 3063 4000 divinum
3094 3947 3321 4001 verbum
3356 3962 3462 4002 non

1870 4037 2119 4106 SliSt‘lpil.

1941 4307 2118 4372 Vizns,
2164 4307 2353 4361 lii-l6.
2401 4326 2419 4359 ι
2451 4307 2540 4361 Va:
2575 4307 2693 4370 tibi,
2724 4306 3016 4374 Corozaiu,
3045 4323 3121 4363 va:
3145 4308 3263 4374 tibi,
3291 4308 3457 4362 Belli-

1868 4404 2017 4456 saida
2051 4423 2064 4456 :
2106 4406 2233 4472 quia
2275 4403 2318 4456 si
2380 4404 2430 4455 in
2486 4401 2632 4472 Tyro
2674 4411 2729 4455 et
2760 4403 2964 4458 Sidone
3043 4403 3202 4456 factae
3231 4395 3460 4455 inissent

1871 4497 2098 4548 virtutes
2128 4509 2248 4562 qua:
2280 4493 2436 4548 facta:
2463 4504 2592 4548 sunt
2627 4496 2679 4546 itt
2713 4495 2899 4559 vobis,
2940 4494 3068 4549 olim
3113 4496 3164 4547 in
3196 4495 3374 4547 cilicio
3407 4503 3460 4547 ct

1868 4587 2055 4640 cinere
2116 4588 2373 4641 sedentes
2429 4589 2832 4656 pmnituissent.
2881 4588 3269 4642 Verumtamen
3316 4587 3461 4657 Tyro

137 4681 527 4747 ἀνεκτότερον
577 4678 732 4732 ἔσται
789 4681 846 4732 ἐν
880 4682 944 4753 τῇ
991 4680 1191 4751 κρίσει,
1249 4683 1282 4753 ἢ
1323 4684 1470 4752 ὑμῖν.
1531 4685 1640 4738 Καὶ
1673 4686 1759 4753 σὺ,

1872 4691 1922 4736 et
1959 4681 2145 4736 Sidoni
2187 4682 2471 4737 remissius
2499 4684 2604 4737 erit
2632 4683 2684 4736 in
2713 4681 2954 4752 judicio,
2987 4698 3150 4752 quant
3183 4684 3361 4737 vobis.
3397 4683 3460 4737 Et

137 4771 573 4842 Καπερναοῦμ,
625 4771 658 4840 ἡ
716 4769 820 4833 ἓως
870 4771 966 4825 τοῦ
1018 4773 1250 4843 οὐρανοῦ
1294 4775 1592 4844 ὑψωθείσα,
1657 4777 1762 4840 ἓως

134 4867 275 4939 ᾅδου
319 4864 816 4936 καταδιϐασθήσῃ.
858 4866 916 4918 ’0
938 4867 1153 4921 ἀκούων
1183 4868 1360 4938 ὑμῶν,
1387 4870 1523 4938 ἐμοῦ
1552 4871 1758 4938 ἀκούει,

131 4960 234 5011 καὶ
305 4959 340 5010 ὁ
372 4954 590 5009 ἀθετῶν
622 4956 789 5026 ὑμᾶς,
830 4957 930 5026 ἐμὲ
981 4958 1198 5011 ἀθετεῖ·
1228 4963 1256 5013 ὁ
1283 4961 1342 5013 δὲ
1387 4961 1486 5030 ἐμὲ
1528 4961 1758 5026 ἀθετῶν,

131 5050 340 5103 ἀθετεῖ
404 5047 504 5098 τὸν
552 5049 954 5103 ἀποστείλαντά
999 5067 1087 5118 με.
1157 5069 1177 5102 t
1231 5052 1295 5104 Ἡ
1347 5052 1526 5123 Τύρος
1575 5055 1670 5107 καὶ
1728 5057 1758 5126 ἠ

130 5142 317 5196 Σιδὼν
351 5139 548 5202 πόλεις
582 5135 723 5210 ἦσαν
757 5139 1087 5210 Ἑλληνίδες,
1114 5145 1148 5212 ἡ
1188 5143 1245 5196 δὲ
1292 5145 1570 5214 Βηθσαϊδὰ
1602 5152 1690 5200 καὶ
1728 5149 1761 5217 ἡ

129 5231 480 5304 Χωραζεὶν,
532 5231 846 5286 Ίουδαῖκαί.
869 5235 1031 5303 Λέγει
1057 5237 1257 5299 τοίνυν,
1289 5238 1370 5290 ὃτι
1415 5239 1505 5290 Ἐν
1542 5243 1608 5310 τῇ
1641 5240 1762 5310 κρί-

130 5346 221 5381 σει
256 5329 646 5396 ἀνεκτότερον
693 5325 848 5380 ἔσται
905 5331 1018 5392 τοῖς
1066 5331 1359 5402 Ἕλλησιν,
1403 5333 1592 5400 ἧὺμίν
1648 5339 1760 5398 τοῖς

130 5422 319 5476 ἰδοῦσι.
366 5418 660 5488 Θαύματα,
699 5420 796 5473 καὶ
832 5420 906 5491 μὴ
945 5422 1320 5477 πιστεύσασιν.
1382 5427 1613 5478 Ἐκεῖνοι
1649 5429 1759 5498 γὰρ

125 5517 176 5565 εί
208 5507 396 5572 εἶδον,
427 5509 762 5563 ἐπίστευσαν
793 5511 879 5566 ἄν.
921 5513 1081 5564 Ἀλλὰ
1123 5513 1215 5564 καλ⁵
1244 5513 1332 5577 σὺ,
1360 5515 1756 5584 Καπερναοὺμ,

124 5602 378 5673 ὑψώθης
425 5598 531 5668 μὲν
563 5599 668 5661 ἓως
699 5600 956 5669 οὐρανοῦ,
996 5601 1334 5673 δοξαζομένη
1363 5604 1452 5656 διὰ
1492 5606 1559 5656 τά
1588 5607 1644 5658 ἐν
1674 5607 1758 5658 σοὶ

122 5695 414 5763 θαύματα
472 5690 650 5744 πολλὰ
700 5697 1003 5762 γεγονότα,
1041 5696 1496 5770 καταϐιϐασθήσῃ
1538 5697 1593 5750 δὲ
1653 5699 1755 5762 ἕως

125 5785 297 5856 ᾅδου,
331 5783 881 5854 κατάκριθησομένη
909 5786 978 5837 δι’
1014 5786 1143 5837 αὐτὸ
1165 5787 1346 5848 τοῦτο,
1371 5788 1453 5839 ὅτι
1490 5789 1584 5840 καὶ
1616 5790 1758 5856 μετὰ.

116 5877 385 5931 τοσαῦτα
434 5875 698 5943 θαύματα
754 5879 1022 5940 ἀπιστεῖς.
1068 5875 1201 5931 Εἶτα
1257 5881 1344 5931 ἵνα
1399 5881 1473 5949 μὴ
1524 5881 1755 5946 λέγωσιν

122 5976 167 6024 οἱ
204 5969 590 6042 πεμπόμενοι
622 5970 714 6021 ἐπὶ
747 5971 805 6022 τὸ
851 5971 1136 6042 κήρυγμα,
1163 5972 1245 6025 ὅτι
1278 5973 1379 6026 ποῦ
1404 5973 1753 6035 ἀπο-στέλλεις

1870 4785 1946 4840 ιιι,
1965 4771 2331 4842 Capernaum,
2359 4790 2477 4841 qua:
2506 4789 2675 4842 usque
2697 4777 2762 4828 ad
2792 4776 2990 4830 cwluut
3014 4777 3155 4830 elata
3180 4791 3258 4840 es,
3285 4791 3460 4844 usque

1867 4867 1933 4919 ad
1966 4866 2239 4920 infernum
2273 4867 2620 4936 depriuteris.
2653 4867 2754 4933 Qui
2791 4883 2889 4924 vos
2922 4869 3106 4933 audit,
3146 4884 3229 4923 me
3260 4872 3408 4922 audit
3440 4887 3455 4930 ;

1865 4969 1918 5012 et
1947 4961 2038 5029 qui
2071 4975 2165 5014 vos
2194 4961 2424 5030 spernit,
2457 4975 2542 5015 me
2574 4962 2807 5031 Spernit.
2844 4962 2944 5025 Qui
2978 4974 3159 5016 autent
3190 4979 3275 5017 tne
3305 4977 3461 5032 sper-

1866 5053 1979 5113 ttit,
2023 5054 2229 5120 spernit
2271 5067 2394 5106 eum
2439 5053 2531 5120 qui
2572 5068 2657 5107 me
2692 5054 2858 5108 misit.
2905 5074 2922 5106 ι
2959 5053 3137 5125 Tyrus
3180 5068 3233 5110 et
3287 5055 3459 5112 Sidon

1866 5142 2116 5197 civitates
2171 5144 2390 5199 luerunt
2445 5145 2766 5214 gentilium,
2815 5145 3106 5200 Bethsatda
3161 5157 3342 5202 autem
3404 5161 3459 5203 et

1863 5235 2131 5290 Cui-ozain
2158 5235 2422 5293 Judaicac.
2463 5239 2599 5293 Dicit
2637 5240 2799 5308 igitur
2823 5242 2968 5308 quod
3003 5241 3054 5293 iu
3086 5241 3289 5308 judicio
3321 5243 3460 5297 tole-

1866 5328 2090 5383 rabilius
2122 5331 2226 5383 crit
2255 5331 2546 5399 gentilibus
2585 5348 2746 5400 quam
2783 5333 2958 5398 vobis,
2994 5335 3085 5402 qui
3116 5336 3328 5389 vidistis
3360 5339 3463 5389 nii—

1867 5419 2086 5482 racula,
2128 5430 2183 5472 et
2223 5435 2327 5473 non
2375 5423 2705 5475 credidistis.
2759 5422 2833 5474 Illi
2882 5425 3026 5478 enim
3074 5426 3119 5479 si
3172 5427 3455 5491 vidissent,

1863 5511 2219 5565 credidissent
2243 5513 2447 5580 utique.
2475 5512 2578 5565 Sed
2604 5513 2835 5584 et345
2853 5525 2926 5576 ιιι,
2953 5515 3318 5583 Capernautn,
3340 5535 3456 5580 tunc

1862 5605 2099 5657 exaltata
2145 5606 2363 5672 quidem
2416 5606 2562 5659 fuisti
2597 5619 2768 5675 ustlue
2805 5609 2869 5660 ad
2905 5611 3126 5672 caelum,
3157 5621 3208 5663 et
3245 5611 3456 5679 εει)τίῐὶ-

1861 5707 1979 5749 cata
2019 5698 2225 5760 multis,
2255 5714 2374 5765 qua:
2407 5700 2458 5751 iit
2495 5708 2544 5752 te
2574 5698 2718 5752 facta
2745 5711 2891 5765 sunt,
2940 5703 3237 5766 miraculis,
3272 5704 3456 5756 detra-

1863 5788 2010 5842 ltcris
2057 5806 2227 5842 ttsuue
2275 5793 2342 5845 ad
2401 5791 2711 5859 infernum,
2767 5797 3180 5848 condemnanda
3235 5807 3457 5865 promer

1861 5881 1989 5933 istm
2041 5882 2247 5950 ipsum,
2282 5885 2498 5952 quodet
2531 5895 2651 5951 post
2693 5895 2837 5938 tanta
2883 5887 3144 5939 miracula
3176 5887 3452 5941 int-teimla

1863 5988 2070 6026 inanes.
2119 5972 2321 6028 Deinde
2350 5985 2409 6027 ut
2443 5993 2506 6029 nc
2544 5977 2727 6032 dicunt
2767 5977 2856 6044 qui
2895 5977 3187 6031 mittuntur
3225 5981 3287 6030 ad
3320 5992 3456 6045 ιιι-ω⁴
