4038 6546
233 470 331 537 841

979 465 1423 530 ΕΝΑΒΠΛΤΙΟ
1464 464 1542 523 I.\'
1585 459 2088 524 EVANGELIUM
2130 460 2365 523 LUC/ﬁ.
2402 485 2469 497 —
2509 461 2667 522 CAP.
2712 460 2787 522 X.

3421 459 3531 525 862

232 584 397 651 Θεοῦ,
426 585 521 641 καὶ
553 583 757 655 χάριτι.
792 581 905 635 Καὶ
954 582 982 635 6
1015 582 1113 653 μὲν
1142 579 1388 645 διάόολος
1412 579 1619 634 ἄνωθεν
1650 597 1821 632 κατα-

1931 591 2035 645 que
2058 577 2314 647 gaudium
2349 576 2568 631 nomina
2610 583 2789 631 vestra
2822 573 2875 629 in
2907 572 3062 629 cmlis
3093 573 3281 640 scribi,
3320 586 3374 629 et
3406 590 3527 632 esse

216 680 445 744 πιπτει,
474 678 524 732 ol
564 678 621 731 δὲ
660 675 941 747 ἄνθρωποι
976 675 1129 727 κάτω
1153 674 1303 736 ὄντες
1345 673 1650 743 γράφονται
1684 673 1817 725 ἄνω.

242 771 307 826 Ἦ
334 770 564 844 ἀληθινὴ
588 764 681 824 οὖν
715 766 883 838 χαρά,
907 765 967 819 :6
990 764 1303 836 γράφεσθαι
1321 765 1476 836 ὑμῶν
1494 764 1561 818 τά
1582 763 1820 834 ὀνόματα

226 864 343 921 ἄνω
372 868 468 920 καὶ
504 861 948 935 μνημονεύεσθαι
990 859 1097 914 67:6
1126 859 1286 915 Θεοῦ.

306 959 463 1012 «λεν
496 955 632 1027 αὐτῇ
676 958 741 1027 τῇ
770 954 892 1027 ῶρᾳ
942 951 1311 1022 ὴγαλλῑασατο
1360 952 1437 1022 τῷ
1484 950 1755 1021 πνεύματι
1794 952 1823 1004 6

246 1049 476 1119 Ἰησοῦς,
529 1047 624 1103 καὶ
654 1042 849 1101 εἶπεν*
888 1044 1358 1116 Ἐξομολογοῦμαί
1432 1059 1552 1107 σοι,
1615 1042 1816 1113 Πάτερ,

233 1143 409 1216 Κύριε
440 1142 534 1195 τοῦ
582 1138 816 1211 ούρανοῦ
867 1139 961 1192 καὶ
1018 1138 1121 1209 τῆς
1158 1137 1291 1207 γῆς,
1356 1137 1439 1190 ὅτι
1490 1135 1820 1207 ἀπέκρυψας

228 1235 406 1289 ταῦτα
462 1234 568 1286 ἀπὸ
600 1232 780 1301 σοφῶν
838 1230 935 1284 καὶ
976 1229 1251 1292 συνετῶν,
1312 1226 1408 1281 καὶ
1459 1228 1821 1296 ἀπεκάλυψας

228 1326 372 1379 αὐτὰ
402 1323 618 1395 νηπῖοις
649 1341 662 1352 ·
702 1324 815 1384 ναὶ,
851 1324 879 1375 6
917 1322 1130 1394 Πατὴρ,
1174 1320 1257 1374 δτι
1283 1318 1456 1383 οὕτως
1497 1320 1713 1387 ἐγένετο
1734 1320 1823 1373 εύ-

226 1417 384 1471 δοκία
411 1416 724 1489 ἔμπροσθέν
754 1432 869 1469 σου.
908 1434 927 1467 7
958 1414 1169 1484 Ὠσπερ
1190 1412 1373 1484 πατὴρ
1391 1412 1597 1481 ἀγαθὸς
1623 1413 1821 1477 παῖδας

229 1508 357 1563 ἰδὼν
386 1508 851 1582 κατορθώσαντάς
881 1524 957 1573 τι,
991 1507 1135 1560 οὕτω
1165 1506 1260 1559 καὶ
1306 1508 1335 1559 6
1366 1506 1558 1577 Σωτὴρ
1587 1504 1821 1574 ἀγάλλε-

222 1618 340 1666 ται,
369 1602 452 1656 ὃτι
505 1601 765 1655 τοιούτων
794 1599 1016 1669 ἀγαθῶν
1045 1598 1362 1670 ἠξιώθησαν
1404 1600 1455 1651 οἱ
1502 1598 1814 1653 ἀπόστολοι.

223 1694 559 1768 Εὐχαριστεῖ
610 1689 705 1748 οὖν
764 1692 843 1765 τῷ
898 1694 1097 1763 Πατρὶ,
1156 1693 1238 1746 ὅτι
1302 1690 1700 1763 άπεκρύδησαν
1752 1692 1820 1745 τὰ

222 1787 458 1842 τοιαῦτα
512 1786 796 1858 μυστήρια
834 1785 943 1839 67:6
974 1786 1179 1854 σοφῶν,
1219 1784 1328 1838 τῶν
1356 1785 1670 1854 Φαρισαίων
1721 1783 1817 1854 δη-

220 1877 363 1949 λαδὴ
398 1878 490 1932 καὶ
521 1876 909 1948 Γραμματέων
938 1876 1047 1929 τῶν
1068 1874 1486 1947 ἑρμηνευόντων
1507 1874 1600 1929 τὸν
1631 1876 1815 1945 νόμον,

1932 670 1982 720 in
2011 670 2275 721 memoria
2310 665 2427 721 Dei.

2002 946 2167 1003 Vens.
2211 948 2301 1004 El.
2362 968 2379 1001 ι
2432 948 2487 1003 ln
2542 953 2729 1005 eadem
2779 950 2909 1005 liora
2986 953 3281 1007 exsultavit
3332 955 3527 1024 spiritu

1926 1043 2082 1097 Jcsus
2105 1086 2118 1107 ,
2150 1052 2205 1098 ct
2238 1042 2413 1098 dixit:
2446 1041 2727 1099 Conﬁteor
2756 1043 2888 1108 tibi,
2919 1044 3100 1113 Pater,
3143 1045 3370 1101 Domine
3403 1048 3527 1101 (εωιὶ

1927 1145 1978 1188 et
2016 1148 2207 1200 terrae,
2260 1134 2405 1203 quod
2454 1135 2793 1191 abscondisti
2855 1137 2970 1191 bzec
3014 1153 3042 1190 a
3090 1139 3431 1209 sapientibus
3472 1152 3529 1195 et

1929 1230 2307 1298 prudentibus,
2335 1241 2390 1284 et
2429 1231 2680 1286 revelasti
2713 1247 2774 1285 ea
2802 1232 3084 1302 parvulis:
3116 1234 3304 1299 etiam,
3335 1235 3527 1300 Pater,

1924 1324 2182 1391 quoniam
2237 1324 2316 1377 sic
2368 1322 2753 1392 complacitum
2802 1333 2890 1378 est
2940 1340 3127 1378 coram
3179 1336 3250 1378 te.
3306 1343 3325 1377 ›
3376 1326 3531 1397 Sicut

1925 1424 2080 1484 pater
2113 1414 2287 1473 bonus
2322 1430 2445 1469 cum
2489 1414 2687 1470 viderit
2732 1413 2872 1471 ﬁlios
2908 1428 3053 1471 recta
3086 1418 3332 1486 quzedam
3360 1433 3528 1487 opera

1925 1508 2182 1579 gessisse,
2208 1509 2280 1563 ita
2310 1508 2564 1563 Salvator
2588 1508 2847 1575 exsultat,
2886 1510 3013 1580 quia
3048 1511 3171 1565 talia
3197 1510 3337 1567 bona
3373 1516 3531 1567 asse-5

1924 1602 2033 1655 cuti
2059 1611 2218 1655 erant
2257 1601 2510 1671 apostoli.
2557 1600 2748 1674 Itaque
2790 1602 2939 1656 Patri
2984 1606 3187 1670 gratias
3231 1606 3339 1675 agit
3382 1607 3528 1676 quod

1924 1692 2281 1747 occultaverit
2324 1694 2542 1762 quidem
2591 1694 2719 1748 talia
2772 1696 3030 1766 mysteria
3083 1712 3111 1749 a
3160 1698 3526 1766 sapientibus,

1926 1783 2216 1839 Pbarisxis
2244 1785 2455 1840 scilicet
2496 1795 2550 1840 et
2579 1785 2787 1842 Scribis
2818 1788 2911 1858 qui
2952 1788 3126 1857 legem
3158 1792 3527 1859 interpretan-

1925 1883 2034 1939 tur,
2090 1883 2141 1929 et
2189 1875 2645 1947 intelligentibus,
2712 1879 2812 1933 boc
2863 1882 2961 1944 est?
3006 1880 3288 1958 discipulis
3327 1881 3521 1937 ltorutu

220 1940 604 2021 καὶ-συνετῶν
806 1940 1269 2037 μαθητευομένων
1332 1966 1438 2019 ὑπὸ
1491 1940 1707 2019 τούτων.
1752 1965 1817 2037 δὴ

1931 1965 2266 2022 Scribarum.
2313 1968 2547 2038 Sapiens
2579 1972 2722 2025 enim
2752 1983 2838 2027 est
2872 1976 2962 2043 qui
2995 1954 3524 2045 docet,'iutelligens

216 2060 336 2116 τῶν
367 2059 771 2131 Γραμματέων.
812 2059 984 2128 Σοφὸς
1017 2059 1118 2129 μὲν
1155 2059 1263 2130 γάρ
1290 2059 1437 2111 ἐστιν
1467 2058 1494 2109 6
1523 2058 1816 2123 διδάσκων,

219 2152 449 2215 συνετὸς
483 2151 540 2205 δὲ
589 2152 617 2204 6
654 2150 1041 2222 διδασκόμενος
1072 2150 1165 2204 καὶ
1196 2150 1401 2214 συνιεὶς
1428 2149 1499 2203 τὰ
1528 2150 1819 2221 λεγόμενα.

216 2240 353 2299 οἷον
388 2243 787 2313 ύποδεῐγματος
818 2244 977 2314 χάριν
1002 2284 1016 2307 ,
1072 2244 1233 2311 σοφὸς
1265 2242 1291 2295 6
1326 2243 1631 2315 Γαμαλιὴλ,
1668 2259 1823 2294 συνε-

222 2337 317 2401 τὸς
350 2337 406 2390 δὲ
436 2337 463 2389 6
492 2336 725 2399 Παῦλος.
768 2334 826 2387 Ὀ
855 2335 955 2405 μὲν
1004 2334 1114 2405 γάρ
1162 2333 1507 2398 διδάσκαλος,
1554 2336 1580 2386 6
1608 2332 1664 2386 δὲ
1698 2349 1821 2386 ουν-

217 2431 331 2493 ιεὶς
362 2429 429 2483 τὰ
467 2428 737 2498 λεγόμενα
780 2428 913 2498 παρ’
944 2426 1178 2482 ἐκείνου.
1201 2426 1450 2494 Νηπίους
1479 2426 1533 2477 δὲ
1563 2424 1820 2493 ὀνομάζει

212 2522 351 2585 τοὺς
382 2520 617 2584 οξκείους
654 2518 906 2590 μαθητὰς
931 2520 960 2572 6
988 2517 1216 2589 Κύριος,
1265 2512 1352 2571 οἷα
1387 2515 1462 2587 μὴ
1489 2516 1821 2586 νομομαθεῖς

211 2613 413 2678 ὂντας,
468 2612 604 2666 ἀλλὰ
659 2612 785 2676 τοὺς
822 2612 1043 2675 πλείους
1101 2611 1164 2663 ὲκ
1213 2608 1309 2663 τοῦ
1362 2610 1523 2678 ὄχλου
1569 2610 1662 2661 καὶ
1711 2607 1822 2660 τῶν

210 2706 428 2761 ἀλιέων
462 2704 990 2777 συνηρανισμένους.
1030 2703 1195 2757 Ἀλλὰ
1228 2702 1336 2774 μὴν
1368 2704 1461 2756 καὶ
1493 2702 1569 2765 ὡς
1597 2701 1817 2765 ἄκακοι,

208 2799 415 2869 νήπιοι
449 2799 515 2851 ἂν
551 2796 824 2866 κληθεῖεν.
883 2796 1115 2849 Ἐκεῖνοι
1166 2793 1222 2847 δὲ
1274 2794 1562 2855 δοκοῦντες
1610 2792 1822 2844 συνετοὶ

210 2892 324 2943 καὶ
352 2890 533 2957 σοφοὶ,
556 2888 618 2942 οὐ
646 2887 753 2960 μὴν
780 2888 955 2952 ὄντες.
999 2884 1319 2957 Ἀπεκρύδη
1342 2880 1436 2937 οὖν
1458 2884 1527 2937 τά
1546 2883 1822 2953 μυστήρια

206 2982 338 3036 ἀπὸ
378 2981 489 3035 τῶν
540 2982 845 3035 δοκούντων
897 2979 1079 3049 σοφῶν
1128 2979 1223 3032 καὶ⁵
1285 2977 1547 3042 συνετῶν,
1603 2976 1663 3030 οὐ
1714 2976 1821 3045 μὴν

205 3074 422 3127 ὄντων.
453 3072 515 3125 El
537 3073 645 3144 γὰρ
678 3067 842 3145 ἦσαν,
877 3070 1243 3140 ἀπεκαλύφθη
1276 3069 1342 3123 ἂν
1374 3070 1579 3131 αὐτοῖς.
1628 3052 1822 3133 Να“ι,’ό

211 3164 449 3236 Πατὴρ,
500 3165 810 3237 εὐχαριστῶ
853 3182 954 3230 σοι,
988 3165 1071 3217 ὅτι
1120 3162 1294 3226 οὕτως
1344 3163 1562 3231 ἐγένετο
1598 3160 1821 3215 εὐδοκία

1928 2070 2107 2115 autem
2144 2060 2235 2129 qui
2273 2060 2497 2117 docetur
2539 2070 2593 2117 et
2638 2064 2891 2135 intelligit
2936 2080 3059 2135 qum
3104 2066 3357 2123 dicuntur
3390 2087 3405 2136 ;
3444 2083 3529 2133 ut,

1926 2152 2160 2220 exempli
2202 2153 2407 2223 gratia,
2444 2154 2662 2224 sapiens
2695 2154 2962 2214 Gamaliel
2985 2196 2999 2221 ,
3040 2158 3343 2227 intelligens
3380 2160 3525 2214 Pau-

1926 2244 2043 2299 lus:
2089 2245 2181 2300 ille
2220 2245 2365 2301 enim
2397 2246 2648 2309 docebat,
2682 2247 2768 2301 hic
2804 2248 3145 2319 intelligebat
3181 2266 3302 2321 quae
3336 2254 3405 2306 ab
3435 2253 3527 2311 illo

1927 2337 2283 2393 docebantur.
2333 2336 2600 2395 Parvulos
2650 2351 2832 2395 autem
2888 2342 3206 2396 nominabat
3264 2344 3529 2397 Domitius

1928 2443 2060 2483 suos
2109 2428 2445 2497 discipulos,
2494 2440 2680 2498 utpote
2729 2447 2822 2486 eos
2861 2433 2953 2502 qui
2996 2433 3048 2486 in
3088 2433 3204 2504 lege
3241 2421 3387 2490 docti
3421 2454 3527 2490 nui

1926 2530 2118 2585 erant,
2164 2521 2257 2575 scd
2308 2522 2554 2591 pleriqhe
2588 2539 2653 2578 ex
2702 2525 2855 2579 turba
2900 2536 2953 2580 et
2993 2526 3363 2596 piscatoribus
3399 2545 3529 2583 cou-

1928 2613 2158 2684 gregati.
2198 2614 2592 2670 Verumtamen
2630 2627 2683 2670 et
2716 2617 2927 2684 parvuli
2968 2619 3096 2672 dicti
3130 2630 3256 2674 sunt
3289 2620 3358 2675 ob
3394 2636 3530 2689 pue-

1930 2704 2085 2761 rilem
2120 2706 2552 2780 simplicitatem.
2586 2707 2667 2763 llli
2693 2720 2873 2765 autem
2913 2713 3190 2781 sapientes
3217 2714 3372 2779 dicti,
3400 2719 3529 2785 quia

1930 2798 2252 2853 \idebantur
2299 2801 2613 2871 sapientes,
2660 2817 2781 2856 cum
2829 2805 3105 2875 sapientes
3156 2824 3262 2863 non
3317 2824 3527 2864 esseni.

1927 2892 2228 2949 Abscondit
2275 2893 2442 2962 igitur
2492 2895 2749 2965 mysteria
2802 2896 2871 2950 ab
2921 2897 3007 2953 liis
3058 2898 3149 2969 qui
3201 2901 3529 2958 videbantur

1927 2982 2203 3052 sapientes
2237 2993 2293 3039 et
2322 2984 2719 3055 intelligentes,
2769 3002 2890 3041 cum
2937 2989 3124 3059 utique
3167 3007 3274 3047 non
3319 3005 3525 3053 essent.

1928 3074 2063 3129 Nam
2087 3076 2137 3130 si
2168 3075 2416 3141 fuissent,
2450 3078 2688 3133 revelata
2713 3080 2945 3136 inissent
2975 3082 3074 3137 eis.
3109 3084 3312 3153 Etiam,
3342 3085 3525 3151 Pater,

1926 3167 2131 3237 gratias
2162 3182 2265 3238 ago
2298 3167 2415 3233 tibi,
2452 3169 2581 3239 quia
2613 3171 2695 3225 sic
2724 3170 3129 3242 beneplacitum
3160 3175 3260 3230 fuit
3289 3188 3415 3233 ante
3449 3188 3526 3241 te.

200 3255 544 3329 Ιμπροσθέν
582 3272 701 3322 σου,
732 3255 1035 3320 τουτέστιν,
1067 3257 1149 3309 ὃτι
1191 3255 1417 3325 τοιαύτη
1460 3253 1677 3308 εὐδοκία
1727 3254 1822 3307 καὶ

1931 3260 2036 3316 hoc
2060 3271 2178 3327 est,
2219 3259 2324 3318 fuit
2363 3262 2487 3318 talis
2524 3264 2844 3334 approbatio
2878 3274 2931 3324 et
2976 3268 3162 3323 volitio
3205 3280 3335 3327 ante
3370 3282 3441 3339 te,
3473 3278 3527 3328 et

205 3351 453 3424 θέλησις
493 3351 714 3420 ἐγένετο
768 3348 1090 3421 ἔμπροσθέν
1142 3364 1260 3413 σου,
1293 3348 1387 3401 καὶ
1426 3344 1602 3411 οὕτως
1651 3344 1821 3416 ἦρεσὲ

1931 3353 2011 3409 sic
2038 3352 2247 3425 placuit
2279 3354 2399 3413 tibi.

201 3463 329 3501 σοι.

290 3559 315 3590 ε
362 3537 477 3591 Καὶ
507 3534 768 3605 στραφεῖς
803 3533 941 3604 πρὸς
976 3533 1102 3596 τοὺς
1136 3532 1406 3601 μαθητάς,
1448 3524 1571 3583 εἷπε
1597 3548 1611 3563 ·
1640 3530 1825 3584 Πάντα

200 3640 312 3703 μοι
365 3626 648 3699 παρεδόθη
676 3626 783 3680 ὑπὸ
812 3628 906 3677 τοῦ
947 3624 1163 3693 Πατρός
1214 3640 1341 3694 μου.
1376 3624 1485 3675 Καὶ
1530 3622 1704 3685 οὐδεὶς
1736 3640 1824 3689 γι-

192 3722 451 3786 νώσκει,
484 3718 566 3782 τες
593 3721 743 3772 ἐστιν
774 3720 802 3771 6
844 3718 994 3782 Υἱὸς,
1025 3717 1075 3768 εξ
1127 3714 1201 3784 μὴ
1256 3716 1285 3767 6
1346 3714 1557 3784 Πατὴρ⁹
1610 3714 1703 3766 καὶ
1742 3714 1822 3775 τίς

190 3821 380 3873 ἐστιν
413 3818 440 3869 6
472 3814 685 3883 Πατὴρ,
725 3812 773 3864 sl
810 3810 885 3881 μὴ
916 3814 943 3864 6
994 3810 1144 3873 Υἱὸς,
1180 3812 1273 3862 καὶ
1305 3802 1349 3875 ᾧ
1378 3807 1474 3860 ἐὰν
1508 3807 1767 3878 βούληται
1798 3811 1825 3859 6

192 3910 351 3972 Υἱὸς
372 3905 754 3976 ἀποκαλύψαι.
785 3906 898 3959 Καὶ
927 3903 1190 3973 στραφεὶς
1225 3902 1361 3973 πρὸς
1392 3901 1517 3964 τοὺς
1553 3900 1822 3970 μαθητὰς,

188 4003 340 4056 κατ’
378 4000 521 4053 ἰδίαν
548 3995 672 4052 εἶπε
697 4013 710 4027 ·
742 3996 1021 4064 Μακάριοι
1061 3996 1110 4047 οἱ
1139 3994 1425 4063 ὀφθαλμοὶ,
1450 3996 1499 4045 ol.
1534 3993 1824 4062 βλέποντες

183 4094 228 4149 ἃ
260 4094 450 4165 ὑμεῖς
477 4090 730 4161 βλέπετε.
763 4089 924 4157 Λέγω
950 4088 1059 4159 γάρ
1088 4088 1241 4157 ὑμῖν,
1279 4089 1362 4141 ὅτι
1399 4086 1586 4139 πολλοὶ
1611 4086 1824 4157 προφῆ-

184 4204 300 4241 ται
341 4185 454 4239 κο.)⁸
487 4184 729 4254 βασιλεῖς
777 4181 1053 4252 ἠθέλησαν
1109 4180 1237 4234 ἰδεῖν
1274 4180 1310 4234 θ.
1351 4180 1509 4251 ὑμεῖς
1572 4177 1821 4248 βλέπετε,

184 4283 306 4336 καὶ
378 4276 491 4330 οὑκ
546 4271 706 4342 εἶδον,
742 4277 839 4329 καὶ
897 4272 1131 4328 ἀκοῦσαι
1167 4272 1203 4327 ἃ
1255 4273 1508 4337 ἀκούετε,
1576 4273 1672 4326 καὶ
1725 4272 1826 4325 οὐκ

183 4374 501 4445 ἦκουσαν.
564 4386 581 4419 ι
624 4368 812 4421 Πάντα
848 4366 1237 4437 παραδίδονται
1293 4365 1370 4435 τῷ
1401 4366 1514 4434 Υἱῷ
1577 4366 1681 4417 ὑπὸ
1729 4364 1823 4417 τοῦ

180 4461 475 4537 Πατρὸς,
532 4458 653 4512 καθ’
689 4456 717 4510 6
765 4456 991 4527 ἔμελλον
1050 4456 1394 4524 ὑποταγῆναι
1450 4455 1530 4525 τῷ
1586 4455 1703 4527 Υἱῷ
1756 4454 1827 4508 τὰ

176 4556 438 4612 πάντα.
475 4548 581 4603 Δύο
611 4550 720 4620 γάρ
753 4549 945 4620 τρόποι
976 4548 1082 4601 εἰσὶ
1123 4547 1246 4601 καθ’
1276 4546 1369 4611 οὒς
1407 4545 1680 4617 βασιλεύει
1716 4547 1825 4601 τῶν

2010 3530 2281 3595 νειιε.25,
2305 3533 2397 3589 24.
2429 3551 2446 3585 ι
2478 3532 2861 3593 Etconversus
2896 3536 2965 3591 ad
2996 3540 3317 3607 discipulos,
3347 3542 3523 3599 diiit:

1928 3624 2124 3679 Omnia
2160 3625 2291 3679 mibi
2325 3626 2522 3680 tradita
2554 3636 2685 3682 sunt
2712 3645 2741 3681 ιι
2772 3626 2934 3683 Patre
2976 3645 3119 3696 meo,
3152 3642 3203 3686 et
3240 3648 3399 3689 nemo
3425 3636 3527 3690 scit

1928 3719 2049 3787 quis
2088 3720 2158 3771 sit
2191 3717 2362 3772 Filius
2418 3719 2519 3773 nisi
2566 3718 2763 3786 Pater,
2805 3730 2859 3775 et
2898 3723 3022 3791 quis
3082 3724 3153 3777 sit
3213 3723 3377 3780 Pater
3422 3729 3524 3782 nisi

1927 3809 2126 3874 Filius,
2158 3820 2209 3864 et
2239 3810 2325 3864 cui
2358 3811 2591 3866 voluerit
2645 3813 2815 3869 Filius
2841 3815 3073 3883 aperire.
3129 3816 3194 3871 Et
3232 3833 3527 3875 conversus

1928 3905 1993 3957 ad
2019 3904 2314 3973 discipulos
2346 3920 2615 3971 seorsum,
2646 3906 2781 3961 dixit
2808 3926 2819 3960 :
2855 3906 3006 3962 Beati
3042 3909 3182 3963 oculi
3220 3912 3314 3980 qui
3342 3913 3527 3967 vident

1928 4010 2047 4065 quae
2080 4010 2175 4050 vos
2216 3996 2432 4051 videtis.
2476 3996 2608 4052 Dico
2637 4000 2786 4053 cnim
2818 3997 2972 4055 vobis
3014 4003 3160 4071 quod
3201 4004 3355 4057 multi
3401 4021 3527 4075 prn-

1929 4090 2108 4157 pltetaa
2136 4097 2189 4141 ct
2236 4102 2392 4157 reges
2423 4090 2714 4143 voluerunt
2736 4091 2921 4146 videre
2953 4108 3075 4160 qua:
3107 4109 3202 4149 vos
3231 4094 3445 4161 videtis,
3475 4110 3531 4153 et

1930 4193 2037 4233 non
2071 4179 2369 4233 viderunt:
2403 4189 2455 4235 et
2489 4179 2680 4235 audire
2712 4195 2831 4250 quae
2859 4184 3079 4248 auditis,
3115 4194 3171 4239 et
3201 4201 3305 4240 non
3338 4174 3528 4242 audie-

1929 4279 2073 4325 runt.
2120 4291 2138 4325 l
2176 4272 2367 4328 Omnia
2405 4272 2690 4327 traduntur
2718 4272 2903 4329 Filioa
2928 4276 3124 4341 Patre,
3170 4276 3318 4332 sicut
3356 4278 3531 4349 subji-

1926 4364 2120 4416 cienda
2166 4360 2387 4417 fuerunt
2424 4361 2564 4417 Filio
2601 4364 2810 4418 omnia.
2857 4364 2973 4419 Duo
3015 4368 3159 4421 enim
3210 4371 3358 4423 modi
3402 4368 3533 4426 sunt

1929 4456 2128 4525 quibus
2171 4466 2362 4525 regnat
2398 4456 2449 4509 in
2498 4456 2654 4511 nobis
2695 4454 2885 4511 Deus:
2928 4474 3071 4513 unus
3108 4474 3215 4529 quo
3249 4475 3438 4533 regnat
3472 4465 3529 4519 in

1929 4549 2016 4603 bis
2045 4550 2134 4619 qui
2166 4549 2390 4614 nolunt;
2420 4548 2577 4613 alius,
2607 4552 2658 4604 in
2692 4549 2777 4604 his
2799 4550 2891 4621 qui
2924 4551 3107 4605 volunt
3134 4570 3148 4606 :
3202 4566 3262 4607 ut
3289 4558 3526 4627 exempli

174 4647 457 4701 πάντων
516 4644 545 4694 6
585 4642 753 4703 Θεός·
794 4641 822 4691 6
858 4639 979 4709 μὲν,
1012 4640 1106 4692 καὶ
1156 4640 1232 4708 μὴ
1282 4637 1643 4708 βουλομένων,
1684 4640 1711 4690 6
1741 4639 1820 4705 δὲ,

1931 4638 2106 4708 gratia
2162 4637 2295 4707 quid
2333 4638 2532 4705 dicam,
2561 4637 2702 4693 Deus
2732 4638 2990 4695 Dominus
3019 4658 3172 4697 meus
3198 4654 3283 4700 est
3312 4646 3527 4702 etiamsi

174 4734 605 4812 βουλομένων.
634 4725 761 4784 Οἷόν
806 4748 859 4784 τι
916 4730 1082 4797 λέγω,
1130 4730 1405 4798 Δεσπότης
1442 4729 1590 4781 ἐστὶν
1620 4731 1646 4782 6
1694 4728 1826 4792 Θεὸς

171 4829 376 4905 ἐμοῦ,
448 4826 558 4878 κᾶν
591 4824 666 4894 μὴ
701 4822 863 4886 θέλω,
902 4823 1037 4875 καθὸ
1089 4823 1435 4893 Δημιουργός
1500 4821 1600 4891 μού
1656 4824 1823 4874 ἐστιν.

174 4929 375 4981 ἐστι
411 4919 483 4973 δὲ
532 4918 811 4985 Δεσπότης
858 4914 991 4985 ἐμὸς
1044 4915 1229 4977 πάλιν,
1285 4916 1414 4967 ὅταν
1461 4914 1548 4965 διὰ
1585 4914 1682 4981 τῆς
1718 4913 1829 4965 τῶν

168 5014 466 5074 ἐντολῶν
511 5008 774 5079 ὶργασίας
823 5007 885 5059 τὸ
958 5007 1172 5077 θέλημα
1237 5006 1399 5058 αὑτοῦ
1484 5006 1677 5075 πληρώ
1752 5005 1828 5067 ὡς

165 5110 404 5169 δοῦλος
446 5099 780 5170 εὐγνώμων.
813 5099 1013 5169 Πρώην
1051 5098 1150 5168 μὲν
1179 5099 1288 5169 γὰρ
1387 5099 1495 5149 τῶν
1524 5098 1827 5168 ἀνθρωπων

167 5204 375 5276 φύσιῖ
424 5195 605 5263 δούλη
635 5188 724 5262 ἦν.
761 5192 851 5245 καὶ
906 5192 1217 5260 ὑποχείριος
1268 5190 1345 5260 τῷ
1401 5189 1541 5258 Θεῷ,
1610 5192 1713 5242 κᾶν
1753 5190 1828 5263 μὴ

165 5294 403 5369 ἤθελε,
452 5284 566 5339 κᾶν
597 5284 674 5353 τῷ
711 5283 930 5353 Σατανᾲ
956 5280 1246 5352 ύπούργει.
1285 5282 1435 5333 Ἐπεὶ
1467 5281 1520 5333 δὲ
1545 5284 1571 5332 ὁ
1593 5281 1827 5350 Χριστὸς

164 5388 281 5442 τδν
335 5378 517 5445 ὑπὲρ
558 5375 715 5444 ὴμῶν
750 5374 1040 5441 ἀνεδέξατο
1090 5373 1356 5442 πόλεμον,
1401 5373 1493 5427 καὶ
1544 5373 1828 5433 ἐκσπάσας

161 5480 354 5556 ἡμᾶς
416 5469 548 5526 ἀπὸ
580 5468 676 5539 τῆς
717 5468 1031 5539 τυραννίδος
1086 5466 1179 5519 τοῦ
1224 5466 1495 5529 διαὸόλου,
1546 5466 1829 5532 ὑπηρέτας

164 5575 354 5647 ἡμᾶς
440 5562 549 5617 καὶ
612 5562 850 5629 ἐργάτας
906 5560 1015 5611 τῶν
1056 5558 1287 5611 ἐντολῶν
1326 5558 1602 5627 ἐποίησεν,
1640 5558 1825 5608 ἔκτοτε

158 5666 391 5725 δοῦλοι
438 5652 767 5725 γεγόναμεν
803 5652 1147 5721 εὐγνώμονες
1174 5651 1268 5703 καί
1305 5650 1465 5719 φύσει
1503 5650 1597 5701 καὶ
1632 5665 1828 5717 προαι-

162 5763 381 5838 ρέσει.
453 5748 534 5801 Ἥ
566 5747 666 5815 μὲν
696 5746 803 5815 γὰρ
866 5748 997 5815 πρὶν
1046 5744 1261 5797 δουλεία
1316 5744 1477 5811 φύσει
1537 5744 1696 5809 μόνον
1738 5738 1825 5810 ἦν,

159 5831 202 5930 ἦ
239 5846 539 5912 δευτέρα
579 5838 658 5903 δὲ,
719 5842 811 5890 καὶ
870 5839 1212 5906 προαιρέσει.
1251 5837 1430 5889 Τοῦτο
1473 5831 1565 5888 οὖν
1624 5835 1771 5887 ἔστιν
1802 5834 1830 5885 ὃ

160 5924 347 6015 ’λζέγει
395 5936 521 5987 νῦν
554 5933 580 5981 6
615 5929 960 5997 Κύριοε.ὅτι
1012 5928 1197 5979 Πάντα
1256 5945 1344 5993 μοι
1402 5925 1673 5997 παρεδόθη
1725 5924 1829 5976 ὑπὸ

448 6028 744 6087 Pnaoc.
786 6021 902 6080 Gn.
967 6022 1260 6083 CXXlll.

42 6496 207 6546 Ηι,

1932 4729 2133 4793 nolim,
2164 4727 2287 4798 quia
2326 4725 2589 4781 Conditor
2625 4741 2777 4783 mens
2816 4737 2921 4782 est.
2966 4726 3063 4784 Est
3104 4742 3285 4786 autem
3332 4733 3529 4790 iterum

1934 4820 2195 4875 Dominus
2250 4833 2442 4884 meus,
2506 4819 2724 4888 quando
2770 4821 3040 4876 servando
3084 4824 3337 4878 mandata
3386 4824 3528 4894 ejus,

1937 4914 2269 4969 voluntatem
2298 4911 2417 4982 ejus
2452 4912 2673 4982 impleo,
2708 4924 2897 4982 gratus
2923 4929 3114 4969 servus
3141 4915 3340 4971 factus.
3369 4917 3529 4972 Prius

1937 5005 2151 5072 quidem
2194 5005 2427 5058 humana
2472 5012 2663 5057 natura
2707 5004 3013 5069 serviebat,
3057 5014 3109 5059 et
3153 5008 3369 5062 subdita
3408 5022 3530 5063 erat

1933 5074 2093 5165 357
2122 5093 2232 5147 Deo
2247 5094 2457 5147 etiamsi
2486 5094 2897 5159 nollet,etiamsi
2924 5094 3141 5149 Satanae
3167 5098 3528 5153 ministraret.

1933 5186 2226 5257 Postquam
2251 5198 2435 5241 autem
2460 5187 2716 5243 Christus
2741 5203 2837 5257 pro
2860 5190 3018 5244 nobis
3040 5192 3279 5259 suscepit
3307 5192 3529 5253 bellum.

1933 5289 1986 5334 et
2019 5296 2119 5335 nos
2143 5296 2171 5334 a
2202 5281 2402 5335 diaboli
2429 5282 2715 5350 tyrannide
2741 5291 3045 5347 extractos,
3072 5280 3358 5339 ministros
3402 5300 3531 5339 suos

1934 5386 1988 5429 et
2021 5375 2401 5428 mandatorum
2447 5388 2671 5427 suorum
2718 5375 3002 5443 cperarios
3048 5374 3206 5440 fecit,
3244 5384 3373 5431 tunc
3402 5377 3531 5433 lacti

1935 5480 2123 5518 sumus
2165 5464 2308 5519 servi
2354 5463 2492 5533 grati
2552 5472 2608 5517 et
2663 5474 2857 5518 natura
2916 5475 2969 5518 et
3022 5466 3318 5521 voluntate.
3376 5466 3535 5523 Prior

1936 5558 2079 5610 enim
2116 5556 2352 5611 servitus
2402 5565 2612 5611 natura:
2662 5566 2867 5610 tantum
2914 5566 3065 5624 erat,
3118 5559 3354 5612 secunda
3402 5574 3535 5613 vero

1935 5650 2099 5700 etiam
2150 5650 2468 5702 voluntatis.
2522 5645 2635 5702 Hoc
2686 5647 2851 5712 igitur
2892 5658 2976 5703 est
3019 5650 3161 5717 quod
3202 5664 3349 5703 nunc
3398 5650 3532 5703 dicit

1936 5740 2197 5795 Dominus
2227 5780 2242 5804 ,
2289 5740 2412 5807 quia
2442 5738 2651 5810 tOmnia
2698 5741 2829 5795 mihi
2872 5740 3067 5794 tradita
3116 5751 3244 5795 sunt
3288 5757 3317 5795 a
3366 5740 3537 5795 Patre

1939 5847 2081 5895 meo,
2124 5834 2226 5887 hoc
2256 5842 2365 5895 est,
2400 5835 2585 5886 omnia
2616 5834 2746 5886 mihi
2784 5833 3120 5903 subjicienda
3153 5844 3311 5898 sunt,
3346 5843 3400 5887 et
3430 5836 3531 5888 sub

1945 5933 2269 5993 putestatem
2308 5941 2483 5987 meam
2518 5926 2832 5993 redigenda.
2869 5925 3059 5980 Simile
3094 5936 3273 5980 autem
3309 5935 3392 5980 est
3428 5925 3531 5981 hoc

3132 6022 3206 6080 27
