4038 6542
620 511 725 575 843

1537 502 2114 565 THEOPHYLACTI
2157 499 2567 563 BULGARIE
2608 498 2971 560 ARCHIEP.

3768 494 3871 558 8“

616 626 667 681 ci
697 625 837 695 quod
879 621 1072 678 alicubi
1116 620 1359 673 dictum:
1400 638 1417 669 ι
1461 618 1590 692 Data
1633 626 1715 670 est
1744 614 2072 667 miliiomnis
2100 627 2189 683 po-

2300 610 2395 664 τοῦ
2451 609 2665 679 Πατρός
2708 626 2832 678 μου,
2864 605 3149 667 τουτέστι,
3194 603 3370 658 πάντα
3412 619 3503 673 μοι
3536 602 3870 674 ὑποταγῆναι

622 728 791 775 testas
828 717 879 770 in
919 714 1056 769 cmlo
1085 722 1137 765 et
1166 712 1217 766 in
1245 720 1387 765 terra
1415 702 1479 764 “.
1513 726 1531 760 ι
1566 700 1700 773 Quia
1719 707 1867 760 enim
1895 704 2195 776 paciﬁcavit

620 810 801 865 omnia
833 819 938 860 tam
988 820 1110 876 qua:
1156 804 1209 857 in
1253 802 1390 857 cmlo
1422 808 1733 870 quamqu
1768 799 1819 853 in
1867 808 2031 863 terra,
2066 796 2190 851 talia

619 902 768 954 dicit.
795 900 859 951 Et
897 897 1087 951 aliter;
1113 894 1331 949 «Omnia
1359 890 1650 947 traduntur
1677 890 1813 945 Filio
1852 905 1881 943 a
1918 888 2187 949 Patre“,i

619 989 800 1044 nuntia
838 1002 1000 1058 Opera
1035 1000 1154 1055 qua:
1192 984 1509 1037 incarnatus
1545 996 1641 1051 pro
1675 980 1832 1035 nobis
1867 978 2012 1033 fecit.
2053 977 2189 1043 Quia

617 1070 763 1137 enim
803 1093 978 1149 neque
1009 1077 1170 1133 Pater
1205 1091 1384 1146 neque
1411 1073 1645 1143 Spiritus
1673 1087 1769 1141 pro
1804 1071 1958 1125 nobis
1988 1069 2069 1147 vel
2106 1068 2190 1121 in-

618 1186 874 1231 carnatus
905 1180 1017 1236 est,
1048 1174 1131 1225 vel
1167 1184 1391 1240 passus,
1417 1166 1500 1222 vel
1532 1165 1863 1228 resurrexit,
1892 1164 1987 1217 sed
2020 1159 2192 1215 Filius

619 1269 732 1323 lucc
774 1265 959 1320 omnia
992 1263 1144 1328 tulit,
1177 1270 1231 1316 et
1264 1260 1371 1315 dux
1406 1258 1595 1314 salutis
1625 1266 1826 1312 nostra:
1866 1254 2038 1309 factus
2077 1262 2190 1319 est:

617 1358 820 1413 idcirco
847 1356 1176 1411 dixitomnia
1208 1352 1402 1407 tradita
1430 1350 1532 1419 ipsi
1572 1362 1691 1404 esse
1716 1364 1730 1403 :
1762 1346 1924 1402 veluti
1954 1346 1997 1401 si
2024 1344 2193 1399 dixis-

619 1460 723 1516 set,
761 1449 918 1504 Pater
943 1461 1093 1502 meus
1122 1444 1253 1499 milii
1286 1442 1619 1499 concredidit
1649 1440 1853 1505 omnia,
1885 1435 2188 1502 incarnari,

617 1542 749 1612 pati,
787 1554 1092 1609 resurgere,
1118 1535 1332 1591 salvare
1362 1542 1610 1588 naturam
1646 1530 1939 1600 repulsam.
1972 1527 2037 1581 Et
2066 1526 2190 1581 nul-

616 1637 702 1691 lus
735 1636 836 1690 scit
888 1632 1081 1688 Filium
1126 1631 1229 1685 nisi
1274 1628 1454 1692 Pater,
1486 1637 1535 1681 et
1575 1625 1697 1693 quis
1738 1624 1809 1678 sit
1849 1622 2043 1684 Pater,
2090 1620 2189 1676 nisi

614 1725 805 1783 Filius.
842 1724 1128 1790 Postquam
1160 1728 1339 1773 autem
1368 1717 1535 1773 dicit:
1573 1714 1764 1771 Omnia
1802 1712 1929 1767 milii
1965 1727 2191 1767 concre-

616 1812 727 1867 dita
762 1818 918 1877 sunt,
953 1807 1110 1877 quasi
1150 1806 1372 1860 dubium
1415 1805 1685 1874 quoddam
1724 1819 1865 1857 nunc
1904 1801 2083 1857 solvit.
2114 1801 2191 1856 Ne

600 1904 758 1972 .euim
799 1902 921 1971 quis
951 1899 1191 1960 dubitet,
1226 1897 1290 1951 Et
1320 1896 1477 1967 cujus
1516 1896 1688 1965 gratia
1716 1896 1807 1951 tibi
1844 1894 2037 1949 tradita
2067 1900 2192 1948 sunt

615 1993 817 2056 omnia,
840 2001 892 2045 et
911 2006 1016 2043 non
1042 1988 1217 2052 alteri,
1250 1986 1501 2041 fortassis
1523 1984 1713 2052 angelo
1733 1984 1813 2038 vel
1832 1980 2195 2051 arcltangelo?

616 2081 917 2150 dicit,quod
945 2078 1235 2147 Propterea
1262 2077 1391 2131 mihi
1423 2076 1663 2139 tradidit,
1688 2089 1751 2130 eo
1781 2076 1923 2144 quod
1952 2074 2190 2143 ejusdem

617 2183 823 2227 natura:
865 2180 919 2225 et
955 2169 1275 2224 substantiae
1318 2183 1436 2223 sum
1477 2182 1597 2219 cum
1640 2181 1725 2219 eo.
1770 2166 1834 2220 Et
1872 2167 2009 2219 sicut
2040 2165 2189 2219 illum

618 2264 796 2318 nullus
833 2262 972 2330 scit,
1005 2261 1080 2315 ita
1118 2272 1292 2327 neque
1352 2273 1438 2313 me
1474 2259 1574 2312 nisi
1604 2256 1765 2311 Pater
1801 2258 1947 2312 solus
1979 2276 1991 2311 :
2028 2269 2083 2312 et
2118 2258 2191 2311 ita

595 2356 813 2410 ~merito
848 2354 978 2407 mihi
1019 2352 1242 2407 tradidit
1283 2350 1463 2405 omnia
1495 2361 1551 2404 ut
1582 2350 1821 2420 ejusdem
1856 2360 2059 2403 natura:
2101 2363 2189 2404 se-

618 2462 762 2508 cum,
799 2458 1124 2513 omnemque
1164 2444 1527 2514 cognitionem
1575 2442 2007 2504 transcendenti,
2053 2441 2194 2495 sicut

618 2535 783 2588 etiam
818 2536 933 2603 ipse
975 2549 1135 2601 supra
1170 2512 1384 2588 omnem
1418 2532 1747 2598 cognitionis
1787 2512 1893 2583 vim
1928 2542 2029 2585 est.
2061 2530 2189 2585 Ete-

615 2628 726 2681 nim
760 2625 949 2691 Pater,
984 2624 1187 2694 inquit,
1222 2641 1250 2676 a
1287 2624 1402 2678 solo
1437 2623 1571 2677 Filio
1605 2625 1978 2692 cognoscitur,
2012 2633 2064 2678 et
2106 2625 2190 2677 cui

614 2714 786 2772 Filius
814 2716 1045 2770 voluerit
1075 2712 1475 2769 revelare.Vide
1499 2724 1677 2766 autem
1713 2715 1853 2783 quod
1871 2710 2039 2769 Filius
2069 2715 2190 2781 qui-

618 2810 737 2861 dem
775 2822 878 2861 non
918 2822 1015 2874 per
1046 2806 1426 2861 revelatiouem
1458 2816 1747 2873 cognoscat
1775 2805 2008 2871 Patrem,
2036 2821 2189 2861 crea-

620 2910 753 2953 ture
786 2908 966 2953 autem
993 2914 1091 2966 per
1116 2898 1495 2953 revelationem
1527 2918 1539 2952 :
1570 2899 1737 2967 gratia
1756 2900 1898 2951 cnim
1923 2900 2192 2968 accipiunt

614 2990 895 3044 scientiam
924 3005 937 3042 :
975 3003 1081 3042 non
1112 2988 1277 3055 igitur
1303 2999 1519 3043 creatus
1558 3000 1635 3043 est
1669 2989 1855 3044 Filius.
1892 2990 2193 3046 Conversus

614 3094 743 3135 vero
786 3078 852 3133 ad
906 3078 1231 3148 discipulos,
1287 3080 1474 3135 beatos
1529 3080 1648 3134 illos
1695 3080 1859 3143 dicit,
1909 3092 1962 3134 ct
2003 3098 2190 3138 omnes

617 3188 829 3243 quoque
875 3172 967 3243 qui
1013 3187 1133 3226 cum
1178 3172 1282 3243 (ide
1329 3172 1501 3241 ipsutn
1538 3170 1592 3224 in
1624 3186 1786 3227 carne
1822 3172 2187 3227 ιιιιίιιιι1.ιιιιοιιι

2302 701 2506 772 μέλλει,
2546 700 2641 753 καὶ
2687 700 2789 752 ὑπὸ
2822 698 2922 769 τὴν
2958 698 3093 767 ὲμηι
3146 695 3470 749 δεσποτείαν
3521 699 3867 765 μεταπεσεῖν.

2298 786 2524 863 Ὅμοιον
2553 792 2610 845 δὲ
2656 793 2815 844 τοῦτο
2842 786 2921 854 τῷ
2964 787 3195 858 ἀλλαχοῦ
3229 787 3473 858 ῥηθέντι,
3500 806 3519 839 ι
3564 786 3753 855 Ἐδόθη
3782 805 3868 855 μοι

2298 888 2448 938 πᾶσα
2484 882 2705 948 ὶξουσία
2736 884 2792 935 ὲν
2825 879 3044 951 οὐρανῷ
3077 880 3172 933 καὶ
3210 876 3303 932 ἐπὶ
3347 878 3471 948 γῆς.
3517 898 3537 930 ι
3589 874 3744 933 Ἐπεὶ
3770 880 3870 948 γὰρ

2297 976 2682 1046 είρηνοποίησε
2711 974 2781 1027 τὰ
2834 975 3013 1027 πάντα
3044 972 3111 1026 τά
3155 988 3216 1024 τε
3267 972 3325 1025 ιν
3381 971 3597 1042 οὐρανῷ
3649 971 3746 1024 καὶ
3786 973 3871 1023 ἐπὶ

2297 1069 2420 1137 γῆς,
2460 1067 2546 1120 διὰ
2585 1066 2745 1119 τοῦτο
2772 1064 2999 1118 τοιαῦτα
3029 1064 3199 1132 λέγει.
3235 1063 3344 1116 Kal
3378 1061 3557 1124 ἄλλως
3585 1062 3663 1124 δὲ,
3695 1062 3871 1114 Πάντα

2297 1158 2687 1231 παραδίδονται
2720 1158 2797 1227 τῷ
2848 1156 2961 1225 Υίῷ
2998 1155 3106 1208 ὑπό
3159 1154 3252 1207 τοῦ
3297 1154 3527 1224 Πατρδς,
3584 1152 3767 1206 πάντα
3812 1152 3873 1204 τὰ

2296 1255 2395 1322 τῆς
2426 1251 2567 1321 ὑπὲρ
2592 1250 2753 1321 ἡμῶν
2779 1246 3095 1313 οἰκονομίας
3126 1248 3286 1316 ἔργα.
3329 1243 3550 1315 Ἐπειδὴ
3579 1244 3690 1316 γὰρ
3740 1246 3874 1313 ὑπὲρ

2303 1340 2461 1409 ήμῶν
2498 1339 2621 1392 οὕτε
2659 1340 2688 1391 6
2719 1338 2935 1408 Πατὴρ,
2970 1337 3095 1390 οὕτε
3136 1336 3199 1389 τὸ
3230 1334 3453 1404 Πνεῦμα
3494 1333 3526 1405 ἢ
3567 1335 3874 1405 ὲσαρκώθη,

2296 1429 2329 1499 ἦ
2368 1428 2589 1493 επαθενο
2614 1428 2647 1496 ἢ
2680 1429 2907 1497 ἀνέστη.
2942 1425 3058 1480 ἀλλ’
3080 1428 3108 1479 ὁ
3143 1426 3271 1489 Υἱὸς
3302 1425 3475 1480 ταῦτα
3510 1427 3689 1477 πάντα
3724 1426 3877 1495 ἑνήρ-

2274 1505 2462 1590 ’γησεν
2496 1520 2591 1573 καὶ
2623 1519 2865 1590 ἀρχηγὸς
2899 1519 2993 1587 τῆς
3037 1516 3313 1587 σωτηρίας
3341 1515 3499 1585 ἡμῶν
3522 1515 3763 1583 ἐγένετο,
3796 1515 3879 1568 διὰ

2296 1614 2455 1667 τοῦτο
2486 1608 2607 1666 εἷπε
2662 1612 2838 1665 πάντα
2892 1606 3287 1681 παραδεδόσθαι
3323 1607 3492 1678 αὐτῷ,
3521 1606 3711 1676 ὥσπερ
3736 1607 3804 1659 ἂν
3833 1610 3879 1658 εί

2296 1705 2515 1773 ἔλεγεν
2558 1703 2620 1757 '0
2658 1705 2847 1775 Πατήρ
2890 1720 2990 1773 μου
3013 1702 3136 1771 ἐμοὶ
3160 1701 3509 1754 ἐνεπίστευσε
3550 1700 3767 1763 πάντα,
3820 1697 3879 1749 τὸ

2298 1792 2677 1865 σαρκωθῆναι,
2709 1790 2771 1845 τὸ
2796 1791 3014 1855 παθεῖν,
3046 1790 3106 1844 τὸ
3126 1791 3447 1860 ἀναστῆναι,
3475 1789 3535 1842 τὸ
3566 1788 3743 1844 σῶσαι
3781 1790 3878 1858 τὴν

2309 1885 2658 1940 ἀπωσθεϊσαν
2685 1884 2867 1954 φύσιν,
2902 1885 2998 1936 καὶ
3026 1883 3200 1945 οὐδεὶς
3241 1880 3501 1949 γινώσκει
3541 1881 3633 1935 τὸν
3666 1880 3801 1935 Υίδν
3833 1882 3878 1933 εί

2225 1948 2273 2007 Β
2310 1977 2385 2049 μὴ
2415 1980 2442 2031 6
2466 1978 2675 2048 Πατὴρ,
2697 1948 2805 2029 ,καὶ
2836 1976 2919 2039 τίς
2965 1976 3113 2028 ἑστιν
3150 1975 3178 2027 6
3213 1975 3425 2044 Πατὴρ,
3473 1975 3522 2026 ει
3558 1974 3634 2045 μὴ
3662 1976 3690 2026 ὁ
3720 1974 3876 2036 Υιάς.

2298 2070 2486 2140 ἐπειδὴ
2520 2066 2673 2123 εἶπεν
2695 2070 2800 2133 ὃτι,
2830 2067 3014 2122 Πάντα
3048 2084 3137 2137 μοι
3174 2066 3472 2137 παρεδόθη,
3495 2066 3699 2119 ὡσανεὶ
3744 2066 3879 2119 61:0-

2298 2168 2424 2233 ρίαν
2452 2163 2576 2215 τινὰ
2601 2161 2854 2213 λύεινῦν.
2888 2162 3010 2213 ἰνα
3037 2160 3145 2229 γὰρ
3172 2158 3246 2229 μὴ
3268 2160 3447 2228 ἀπορῇ
3474 2174 3580 2223 τις,
3600 2158 3714 2211 Kal
3736 2159 3879 2221 τίνος

2296 2252 2461 2310 ἕνεκά
2507 2274 2588 2307 σοι
2628 2254 2912 2325 παρέδωκε
2964 2254 3141 2305 πάντα
3188 2252 3280 2304 καὶ
3317 2252 3414 2320 οὐχ
3461 2251 3661 2321 ἑτέρῳ,
3717 2252 3881 2321 τυχίιν

2295 2346 2533 2415 ἀγγέλῳ,
2582 2346 2613 2415 ἢ
2655 2346 3018 2415 ἀρχαγγέλῳ;
3073 2344 3260 2413 φησιν,
3302 2345 3386 2397 ὅτι
3429 2344 3526 2397 Διὰ
3586 2342 3751 2396 τοῦτό
3794 2361 3880 2415 μοι

2296 2438 2609 2508 παρέδωκε,
2645 2437 2781 2489 διότι
2823 2437 3071 2506 ὁμοφυὴς
3103 2435 3253 2505 αὐτῷ
3284 2438 3399 2506 εἰμι
3448 2434 3543 2489 καὶ
3568 2436 3879 2505 δμοούσιος.

2294 2527 2406 2584 Kal
2436 2531 2626 2599 ὥσπερ
2682 2532 2887 2582 ἐκεῖνον
2941 2529 3115 2591 οὐδεὶς
3177 2528 3474 2597 γινώσκει,
3532 2528 3711 2592 οὓτως
3762 2528 3882 2582 οὐδὲ

2294 2625 2417 2693 ἐμὲ,
2451 2626 2497 2675 εί
2529 2624 2604 2693 μὴ
2646 2624 2673 2675 6
2713 2622 2902 2693 Πατὴρ
2930 2623 3113 2693 μόνος,
3136 2622 3277 2676 ὥστε
3302 2625 3527 2685 εἰκότως
3571 2641 3663 2692 μοι
3704 2624 3883 2693 παρέω

2294 2717 2431 2769 δωκε
2468 2715 2670 2778 πάντα,
2703 2714 2777 2777 ὡς
2802 2718 3037 2784 ὁμοφυεῖ
3064 2715 3238 2782 αὐτῷ,
3274 2717 3368 2768 καὶ
3397 2718 3577 2768 πᾶσαν
3622 2716 3881 2785 ὑπερκειο

2298 2810 2446 2879 μένῳ
2496 2808 2741 2876 γνῶσιν,
2780 2806 2969 2879 ὥσπερ
3020 2809 3111 2860 καὶ
3159 2808 3321 2871 αὐτὸς
3384 2808 3567 2878 πάσης
3626 2806 3881 2875 γνώσεως

2295 2904 2577 2955 ἐπέκεινα.
2621 2903 2730 2957 Kal
2776 2902 2885 2973 γὰρ
2919 2902 3014 2955 καὶ
3057 2903 3085 2955 6
3140 2903 3355 2970 Πατὴρ,
3408 2902 3566 2969 φησὶ,
3625 2900 3734 2953 ὑπὸ
3784 2898 3880 2953 τοῦ

2296 2995 2426 3048 Υἱοῦ
2462 2996 2627 3063 μόνου
2659 2996 3013 3063 γινώσκεται,
3048 2994 3139 3046 καὶ
3166 2987 3209 3059 ᾧ
3237 2994 3301 3045 ἂν
3340 2992 3579 3062 βουληθῇ
3611 2993 3886 3047 ἀποκαλύ-

2294 3086 2393 3155 ψαι
2418 3089 2446 3141 6
2476 3087 2626 3150 Υίός.
2668 3088 2811 3158 Ὀρα
2844 3087 2898 3139 δὲ
2922 3086 3040 3149 πῶς
3067 3088 3094 3138 6
3128 3087 3227 3155 μὲν
3257 3086 3383 3149 Υἱὸς
3410 3086 3469 3139 ού
3501 3086 3567 3138 δι’
3599 3086 3882 3141 ἀποκαὶύς

2291 3179 2439 3248 ψεως
2478 3180 2743 3247 γινώσκει
2775 3178 2866 3231 τὸν
2890 3179 3136 3248 Πατέρα,
3179 3179 3227 3231 οί
3255 3177 3313 3230 δὲ
3343 3178 3554 3231 κτιστοὶ
3571 3178 3640 3230 δι’
3672 3178 3884 3230 ἀποκα-

618 3231 801 3321 vident
852 3231 908 3320 et
948 3231 1210 3337 miracull
1256 3231 1589 3334 Ope-mntem.
1637 3264 1844 3317 Etenim
1918 3269 2189 3332 prephetze

2295 3231 2507 3340 λύψέως
2540 3287 2552 3301 ·
2605 3270 2788 3341 χάριτι
2840 3270 2949 3340 γὰρ
2986 3231 3323 3341 λαμδάνουσι
3354 3268 3453 3338 τὴν
3503 3270 3741 3336 γνῶσιν·
3779 3271 3883 3323 οὐκ

618 3356 780 3426 prisci
839 3364 894 3409 et
949 3368 1105 3425 reges
1153 3354 1597 3409 desideraverunt
1648 3352 1863 3422 quidem
1919 3355 1971 3409 iu
2026 3372 2188 3410 carne

618 3450 801 3504 videre
836 3446 1123 3503 Dominum
1159 3458 1212 3502 et
1237 3446 1426 3501 audire
1452 3462 1610 3514 eum;
1643 3451 1737 3502 sed
1773 3464 1879 3501 non
1926 3451 2189 3519 contingit

616 3540 714 3594 eis.
747 3539 811 3593 Et
840 3537 1019 3603 aliter,
1054 3536 1187 3602 Quia
1244 3550 1403 3604 supra
1437 3536 1570 3591 dixit
1603 3555 1616 3590 :
1646 3537 1743 3590 Cui
1781 3536 1948 3609 Filius
1986 3540 2188 3593 revela-

617 3634 777 3698 vcril,
814 3630 901 3684 ille
926 3628 1027 3683 scit
1053 3628 1266 3683 Patrem
1297 3644 1309 3681 :
1340 3626 1524 3682 beatos
1545 3643 1689 3682 nunc
1718 3628 1846 3682 dicit
1870 3630 2183 3698 discipulos,

618 3723 761 3792 quod
799 3737 893 3777 sua
932 3720 1259 3776 revelatione
1296 3720 1396 3774 ista
1426 3721 1506 3775 eis
1543 3722 1878 3790 contingant.
1912 3721 2185 3778 llevelavit

615 3814 759 3870 enim
791 3812 869 3868 eis
898 3812 1113 3867 Patrem
1147 3827 1243 3881 per
1274 3826 1353 3867 se.
1389 3811 1569 3879 Ipsum
1617 3814 1759 3866 enim
1794 3814 2009 3879 videns,
2050 3818 2192 3872 videt

615 3902 833 3962 Patrem
873 3920 887 3957 :
930 3902 1071 3971 quod
1116 3902 1316 3955 bonum
1361 3901 1541 3956 nullus
1584 3916 1648 3954 ex
1686 3906 1889 3959 sanctis
1934 3908 2024 3973 qui
2069 3916 2193 3962 ante

618 3996 1044 4050 incarnationem
1078 3994 1197 4062 ejus
1220 3988 1464 4057 fuerunt,
1493 3994 1746 4058 obtinuit,
1768 3998 1891 4064 quia
1919 4014 2022 4052 non
2050 3999 2195 4055 vide-

616 4094 743 4138 runt
775 4083 1061 4139 Dominum
1092 4082 1143 4136 in
1174 4095 1357 4146 carne,
1389 4097 1487 4151 per
1516 4097 1673 4151 quem
1708 4082 1869 4139 Pater
1900 4100 2195 4156 cognosce-

614 4184 795 4243 retur;
830 4175 972 4229 unde
1000 4189 1175 4243 neque
1204 4172 1420 4233 Patrem
1458 4174 1536 4229 sic
1571 4174 1821 4229 viderunt
1850 4186 1907 4231 ut
1939 4182 2191 4247 apostoli.

2299 3360 2409 3429 ἄρα
2439 3360 2701 3422 κτιστδςό
2724 3360 2872 3422 Υἱός.
2906 3361 3175 3429 Στραφεὶς
3199 3360 3253 3412 δὲ
3287 3362 3422 3430 πρὸς
3444 3363 3571 3423 τοὺς
3606 3362 3881 3431 μαθητὰς,

2299 3452 2590 3522 μακαρίζει
2620 3453 2837 3519 αὐτοὺς,
2885 3453 2977 3505 καὶ
3012 3453 3221 3514 πάντας
3260 3452 3447 3515 ἁπλῶς
3476 3454 3603 3516 τοὺς
3654 3452 3885 3522 βλέπον-

2293 3562 2414 3609 τας,
2447 3544 2587 3613 μετὰ
2611 3545 2849 3606 πίστεως
2883 3543 3150 3614 δηλονότι,
3179 3546 3235 3596 ἐν
3265 3547 3429 3615 σαρκὶ
3471 3545 3884 3613 περιπατοῦντα

2292 3634 2453 3687 αὐτὸν
2505 3636 2598 3688 καὶ
2674 3635 3218 3705 θαυματουργοῦντα.
3291 3638 3401 3689 Kal
3440 3638 3550 3707 γὰρ
3604 3639 3653 3690 al
3710 3638 3885 3690 πάλαι

2296 3727 2573 3798 προφῆται
2630 3728 2727 3781 καὶ
2790 3727 3028 3796 βασιλεῖς
3090 3728 3449 3797 ἐπεθύμησαν
3499 3728 3600 3797 μὲν
3654 3728 3790 3781 ἰδεῖν
3828 3731 3887 3777 ἐν

2292 3821 2458 3889 σαρκὶ
2504 3820 2597 3872 τὸν
2644 3818 2871 3890 Κύριον,
2912 3820 3007 3873 καὶ
3065 3820 3299 3873 ἀκοῦσαι
3341 3819 3506 3872 αὑτοῦ
3533 3860 3549 3881 ,
3615 3818 3734 3872 ἀλλ’
3782 3820 3886 3871 οὐκ

2290 3915 2479 3983 ἔτυχον
2524 3913 2737 3968 τούτου.
2770 3916 2881 3967 Kal
2921 3915 3094 3976 ἄλλως
3120 3915 3196 3977 δὲ,
3258 3910 3411 3966 Ἐπεὶ
3441 3909 3597 3965 εἶπεν
3624 3913 3886 3985 ἄνω,ιὸτι

2292 3998 2362 4075 ’ῼ
2400 4007 2465 4059 ἂν
2504 4008 2531 4058 6
2566 4005 2693 4067 Υίδς
2725 3996 3074 4077 ἀποκαλύψῃ,
3105 4008 3308 4068 ἐκεῖνος
3336 4004 3596 4072 γινώσκει
3635 3999 3726 4056 τὸν
3765 4003 3886 4055 Πα-

2291 4096 2448 4165 τέρα,
2486 4097 2783 4167 μακαρίζει
2827 4097 3015 4149 λοιπὸν
3042 4098 3172 4160 τοὺς
3210 4096 3460 4167 μαθητὰς
3490 4096 3566 4159 ὡς
3600 4096 3703 4164 τῆς
3740 4096 3883 4149 duo-

2296 4185 2585 4255 καλύψεως
2610 4188 2812 4257 ταύτης
2837 4189 3119 4259 τυχόντας.
3160 4188 3535 4242 ’Δπεκάλυπτε
3558 4186 3671 4257 γὰρ
3697 4188 3883 4248 αὐτοῖς

617 4268 708 4320 τὸν
755 4268 977 4336 Πατέραι
1020 4266 1086 4319 δι’
1127 4264 1315 4319 αὑτοῦ·
1365 4264 1425 4318 '0
1473 4266 1581 4337 γὰρ
1622 4266 1785 4321 αὐτὸν
1830 4269 1995 4341 ὀρῶν,
2041 4273 2189 4345 ἑώρα
2228 4279 2321 4333 τὸν
2347 4280 2589 4351 Πατέρα.
2623 4280 2827 4333 Τούτου
2876 4280 2933 4333 δι
2975 4280 3070 4333 τοῦ
3137 4280 3343 4347 ἀγαθοῦ
3378 4280 3553 4343 οὐδεὶς
3620 4278 3734 4332 τῶν
3778 4280 3885 4349 πρὸ

614 4361 714 4429 τῆς
755 4358 1023 4427 ὲνσάρκου
1078 4357 1393 4426 οἰκονομίας
1456 4358 1628 4425 ἁγίων
1678 4360 1937 4431 ἐπέτυχεν
1965 4381 1977 4395 ⁸
2019 4368 2140 4422 επεὶ
2178 4370 2288 4442 γὰρ
2320 4372 2420 4425 οὐκ
2453 4368 2596 4425 είδον
2668 4372 2759 4424 τὸν
2800 4372 3007 4439 Κύριον
3036 4374 3095 4425 ιν
3135 4376 3321 4443 σαρκὶ,
3351 4372 3415 4424 δι’
3484 4365 3546 4423 οὗ
3593 4374 3622 4424 6
3687 4372 3884 4443 Πατὴρ

619 4450 969 4519 δγνωρίζετο,
999 4448 1186 4500 λοιπὸν
1215 4448 1339 4501 οὐδὲ
1365 4449 1459 4502 τὸν
1507 4449 1727 4521 Πατέρα
1753 4448 1891 4506 εἶδον
1919 4456 2089 4521 οὕτως
2120 4459 2194 4523 ὡς
2228 4463 2278 4515 οί
2312 4462 2619 4517 ἀπόστολοι.

692 4538 857 4596 Vsus.
893 4540 1084 4594 25-28.
1120 4560 1138 4592 ι
1176 4539 1243 4595 Et
1269 4554 1399 4595 ecce
1416 4541 1641 4607 quidam
1681 4542 2024 4615 legisperitus
2060 4566 2176 4605 sur-

2371 4573 2389 4606 ι
2453 4554 2566 4610 Kal
2630 4555 2739 4609 ἰδοὺ
2792 4554 3012 4624 νομικός
3071 4570 3153 4617 τις
3215 4552 3452 4623 ἀνέστη,
3515 4551 3881 4625 ἐκπειράζων

615 4631 755 4686 rexit
806 4636 1020 4683 teutans
1076 4627 1258 4693 illum,
1313 4638 1370 4683 et
1424 4628 1649 4688 dicens:
1712 4631 2000 4703 Magister,
2063 4642 2190 4709 quid

616 4720 864 4776 iaciendo
924 4719 1090 4773 vitam
1128 4731 1387 4773 aeternam
1436 4722 1771 4789 possidebo?
1814 4725 1883 4779 At
1924 4728 2013 4782 ille
2054 4732 2191 4786 dixit

617 4811 783 4883 358
803 4812 868 4865 ad
899 4826 1023 4867 eum
1052 4827 1067 4865 :
1100 4811 1155 4864 In
1179 4811 1296 4881 lege
1320 4812 1449 4881 quid
1480 4814 1742 4884 scriptum
1775 4819 1895 4871 est?
1921 4824 2191 4889 quomodo

616 4903 804 4973 legis?
856 4901 948 4959 lile
1005 4906 1340 4972 respondens
1394 4904 1577 4961 dixit:
1643 4905 1847 4977 Diliges
1904 4907 2188 4971 Dominum

615 4998 782 5052 Deum
814 5006 962 5051 tuum
990 5012 1057 5051 ex
1085 5006 1198 5052 toto
1228 4999 1392 5053 corde
1415 5008 1529 5065 tuo,
1554 5009 1610 5055 et
1634 5015 1700 5055 ex
1736 5010 1842 5057 tota
1870 5006 2047 5060 anima
2074 5018 2190 5077 tua,

618 5102 674 5150 et
710 5108 776 5147 ex
816 5093 943 5149 totis
979 5082 1188 5147 viribus
1220 5093 1360 5157 luis,
1402 5104 1458 5149 et
1498 5110 1564 5151 ex
1604 5105 1710 5150 tota
1760 5108 1941 5153 mente
1978 5109 2101 5156 tua:
2132 5113 2189 5159 et

616 5186 920 5256 proximum
954 5193 1105 5240 tuum
1136 5185 1275 5240 sicut
1306 5184 1564 5257 Ieipsutn.
1592 5187 1850 5259 Dixitque
1882 5191 1958 5246 illi
1985 5211 1997 5247 :
2024 5192 2191 5252 Recte

618 5277 965 5344 respondisti,
1009 5276 1110 5330 hoc
1153 5275 1263 5342 fac,
1306 5284 1361 5330 et
1396 5277 1567 5332 vives.
1605 5297 1623 5330 ι
1659 5282 1936 5354 Arrogans
1968 5286 2187 5356 quidam

616 5366 964 5459 legis‘peritus
994 5367 1122 5431 fuit,
1172 5367 1281 5423 imo
1310 5370 1599 5437 superbus,
1654 5382 1712 5427 ut
1733 5388 1796 5429 ex
1833 5376 1917 5433 his
1948 5392 2067 5447 qua:
2099 5394 2183 5434 se-

614 5458 855 5530 quuntur
930 5458 1277 5511 manilestum
1338 5471 1458 5525 est,
1533 5462 1753 5532 insuper
1810 5475 1866 5520 et
1943 5467 2179 5524 dolosus.

613 5548 838 5604 Accedit
902 5548 1086 5618 itaque
1148 5557 1363 5604 tentans
1454 5550 1760 5608 Dominum.
1853 5556 2185 5625 Opinabatur

617 5642 762 5697 enim
815 5640 955 5710 quod
1031 5655 1097 5696 ex
1158 5645 1433 5710 responsis
1493 5647 1838 5716 supplantare
1898 5650 2184 5711 Dominum

618 5742 816 5803 posset.
858 5733 963 5789 Sed
995 5734 1256 5788 Dominus
1284 5733 1433 5791 illum
1466 5738 1530 5791 ad
1574 5738 1744 5809 legem
1787 5743 1955 5809 ducit,
1993 5746 2044 5799 in
2078 5762 2181 5816 qua

697 5911 743 5943 “
770 5910 953 5967 Matth.
988 5914 1289 5980 xxvtn,18.
1368 5916 1414 5949 ⁸⁸
1440 5916 1626 5973 Matth.
1672 5928 1787 5987 xm,
1837 5922 1894 5975 δ.

2288 4646 2484 4712 αὑτὸν,
2544 4648 2638 4701 καὶ
2690 4647 2906 4715 λέγων·
2942 4644 3279 4708 Διδάσκαλε,
3334 4644 3388 4697 τί
3441 4646 3678 4713 ποιήσας
3733 4643 3883 4714 ζωὴν

2287 4737 2501 4791 αἰώνιον
2526 4738 2950 4809 κληρονομήσως
2986 4737 3048 4789 '0
3069 4736 3127 4790 δὲ
3152 4730 3275 4789 εἶπε
3305 4735 3440 4807 πρὸς
3464 4736 3653 4789 αὐτόν·
3687 4737 3780 4790 Ἐν
3804 4736 3884 4806 τῷ

2286 4828 2436 4897 νόμῳ
2466 4829 2519 4882 τί
2552 4829 2901 4901 γέγραπται;
2955 4828 3075 4892 πῶς
3103 4826 3539 4895 ἀναγινώσκειςς
3586 4827 3722 4881 Ὀδὲ
3745 4829 3887 4881 ἁπο-

2288 4918 2499 4989 κριθεὶς
2531 4917 2684 4973 εἷπεν
2707 4936 2721 4950 ⁸
2765 4921 3097 4989 Ἀγαπήσεις
3132 4920 3337 4989 Κύριον
3379 4918 3641 4977 τὸνθεόν
3682 4936 3780 4973 σου
3819 4922 3886 4983 ἐξ

2286 5010 2416 5081 ὅλης
2452 5011 2551 5081 τῆς
2577 5012 2803 5081 καρδίας
2835 5029 2927 5064 σου
2950 5054 2964 5077 ,
2996 5013 3090 5065 καὶ
3118 5012 3178 5076 ἐξ
3207 5011 3335 5081 ὅλης
3376 5011 3479 5081 τῆς
3524 5010 3707 5082 ψυχῆς
3745 5029 3840 5065 σου
3862 5052 3881 5078 ,

2288 5104 2383 5155 καὶ
2413 5101 2473 5167 ἐξ
2496 5102 2621 5173 ὅλης
2644 5106 2742 5174 τῆς
2774 5103 2956 5173 ἰσχύος
2987 5120 3102 5169 σου,
3136 5104 3231 5157 καὶ
3264 5105 3325 5167 ἐξ
3350 5102 3477 5173 ὅλης
3502 5104 3604 5173 τῆς
3636 5104 3886 5167 διανοίας

2288 5209 2380 5246 σου
2402 5231 2417 5257 ,
2448 5193 2544 5247 καὶ
2575 5193 2665 5249 τὸν
2696 5195 2922 5265 πλησίον
2951 5211 3045 5247 σου
3076 5192 3152 5257 ὡς
3183 5196 3397 5249 ἑαυτόν.
3425 5190 3563 5248 Εἷπε
3590 5196 3649 5249 δὲ
3683 5196 3838 5267 αὐτῷ
3862 5213 3878 5227 '

2297 5285 2501 5359 Ὀρθῶς
2532 5288 2838 5359 ἀπεκρίθης
2860 5303 2873 5317 ο
2911 5290 3069 5343 τοῦτο
3095 5288 3273 5352 ποίει,
3310 5290 3406 5342 καὶ
3436 5289 3604 5360 ζήσῃ.
3652 5309 3671 5341 ι
3717 5291 3885 5343 ’Δλα-

2285 5380 2393 5444 ξών
2437 5397 2520 5444 τις
2554 5376 2623 5450 ἦν
2655 5383 2683 5433 6
2715 5381 2936 5450 νομικὸς
2962 5421 2977 5445 ,
3018 5382 3219 5451 μᾶλλον
3260 5381 3316 5435 δὲ
3360 5382 3758 5451 ὑπερήφανος,
3804 5382 3887 5447 ὡς

2285 5472 2347 5524 ἐκ
2371 5472 2479 5525 τῶν
2512 5471 2638 5542 ἑξῆς
2661 5471 2959 5536 δείκνυται,
2997 5474 3059 5525 οὐ
3093 5474 3255 5542 μόνον
3278 5472 3357 5536 δὲ,
3385 5473 3524 5525 ἀλλὰ
3551 5473 3653 5526 καὶ
3683 5474 3883 5536 δόλιος.

2289 5564 2545 5634 Πρόσεισι
2570 5564 2701 5630 γοῦν
2726 5565 3070 5634 ἐκπειράζων
3092 5565 3182 5617 τὸν
3220 5564 3447 5636 Κύριον.
3485 5566 3650 5635 ’ῼετο
3674 5564 3783 5636 γὰρ
3807 5565 3886 5628 ὡς

2288 5656 2635 5709 ὑποσκελίσςι
2661 5656 2843 5722 αὐτὸν,
2877 5656 2935 5721 ἐξ
2967 5652 3041 5711 ὧν
3065 5656 3132 5711 ἄν
3159 5657 3293 5728 πρὸς
3320 5659 3486 5710 αὑτὸν
3518 5658 3884 5733 ἀποκριθείη.

2302 5748 2439 5801 Ἀλλ’
2468 5751 2497 5803 6
2544 5748 2749 5819 Κύριος
2795 5750 2889 5803 ἐπὶ
2921 5749 3011 5803 τὸν
3041 5750 3206 5821 νόμον
3233 5749 3397 5804 αὐτὸν
3430 5749 3648 5821 ἀπάγει
3671 5790 3690 5822 ,
3727 5752 3812 5822 ἐφ’
3834 5744 3887 5821 ᾧ

3376 6526 3405 6531 ﬁ
3490 6526 3543 6539 πηξ-
3572 6526 3625 6539 *ρι-
3656 6526 4017 6542 Ἧι-ι--Μ
