4038 6544
638 503 694 558 et
708 500 738 563 7

1545 491 1641 548 ΤΠ
1653 485 2115 548 EOPllYLACTI
2148 476 2553 542 BULGARLE
2593 472 2948 535 ARCHIEP.

642 635 750 671 .mt
783 615 1207 672 miseriter-diam
1251 612 1302 663 iu
1334 609 1499 662 illum.
1551 607 1635 658 Ait
1681 604 1842 673 igitur
1890 602 1964 654 illi
2006 598 2191 654 Jesus:

2305 594 2356 647 δὲ
2389 587 2538 643 εἶπεν
2565 608 2577 621 ο
2622 590 2678 642 Ὀ
2702 589 2932 655 ποιήσας
2963 585 3020 637 τὸ
3043 582 3189 646 ἕλεος
3224 584 3338 652 μετ’
3370 581 3555 636 αὐτοῦ.
3594 575 3747 633 Εἶπεν
3769 581 3844 635 οὖν

645 711 809 773 \‘ade,
846 719 900 763 et
935 719 987 760 tu
1023 708 1102 759 {ac
1149 702 1420 757 similiter.
1465 718 1481 749 ι
1535 697 1807 750 Laudatus
1851 709 1880 746 a
1919 692 2198 747 Salvatore

641 798 998 868 legisperitus,
1025 793 1256 864 prodidit
1282 789 1618 845 insolentiam
1645 788 1831 840 animi.
1859 784 2194 838 Dixitenim:

641 892 706 948 Et
730 889 851 959 quis
881 899 965 942 est
1012 902 1162 941 meus
1203 884 1522 954 proximus?
1570 879 1925 935 Existimabat
1967 877 2110 931 enim
2141 893 2201 932 se

634 981 837 1052 justum
897 994 1052 1040 esse.
1112 976 1421 1042 nullumqtte
1477 973 1675 1027 habere
1721 971 1820 1024 sibi
1866 969 2094 1023 similem
2147 977 2200 1023 et

639 1072 944 1140 proximum
979 1069 1173 1121 virtute
1201 1085 1212 1119 :
1244 1075 1440 1132 putans
1466 1064 1637 1119 solum
1663 1062 1869 1130 justum
1902 1061 2046 1128 justo
2079 1075 2199 1128 pro-

640 1163 842 1217 ximum
867 1175 1006 1215 esse.
1039 1159 1272 1213 Proinde
1300 1157 1482 1210 volens
1520 1155 1820 1222 justiﬁeare
1856 1155 2113 1220 seipsum,
2145 1159 2198 1204 et

639 1252 822 1307 extolli
869 1265 1029 1321 super
1073 1264 1262 1305 omnes
1295 1249 1560 1310 homines,
1595 1247 1942 1307 insolescens,
1975 1241 2152 1311 inquit
2182 1260 2194 1295 :

638 1347 704 1400 Et
734 1346 855 1415 quis
883 1353 966 1398 est
1007 1343 1280 1413 proximus
1325 1327 1514 1395 meus?
1541 1337 1791 1392 Salvator
1821 1344 2022 1401 autem,
2065 1349 2198 1402 quo-

638 1440 780 1491 niam
813 1438 1065 1492 Conditor
1095 1436 1205 1502 ipsc
1237 1442 1389 1496 erat,
1444 1430 1623 1486 sciens
1669 1440 1784 1483 nos’
1818 1443 2005 1483 omnes
2036 1442 2196 1482 unam

637 1542 961 1593 creaturam,
1011 1544 1111 1582 non
1163 1527 1416 1596 operibus
1449 1539 1618 1595 neque
1664 1523 2052 1592 dignitatibus,
2105 1521 2198 1577 sed

636 1633 824 1679 natura
861 1621 1046 1676 deﬁnit
1086 1620 1417 1691 proximum.
1466 1617 1545 1673 Ne
1584 1617 1745 1688 igitur
1777 1627 1952 1686 putes,
2000 1614 2196 1685 inquit,

633 1715 961 1785 quiajustus
990 1728 1068 1777 cs,
1118 1712 1258 1780 quod
1300 1710 1478 1765 nullus
1510 1710 1602 1763 tibi
1646 1709 1840 1764 similis
1882 1707 1974 1762 sit.
2001 1709 2197 1762 Omnes

632 1806 773 1860 enim
809 1803 900 1873 qui
936 1801 1179 1872 ejusdem
1231 1810 1438 1856 natura:
1480 1809 1624 1865 sunt,
1677 1799 1906 1870 proximi
1939 1798 2013 1852 tui
2049 1807 2192 1852 sunt.

635 1894 724 1951 Sis
752 1895 916 1965 igitur
949 1895 1184 1948 vicissim
1219 1902 1273 1946 et
1316 1902 1372 1946 tu
1421 1892 1523 1946 illis
1556 1891 1867 1961 proximus:
1915 1904 2021 1944 non
2057 1890 2192 1952 loco,

633 1987 726 2041 sed
756 1984 1038 2040 aﬂ‘ectione
1068 1993 1122 2039 et
1148 1985 1324 2038 studio
1360 1999 1486 2053 erga
1519 1983 1656 2037 illos.
1692 1982 1898 2037 ldeirco
1928 1991 1981 2037 et
2007 1982 2196 2036 Sama-

633 2077 872 2130 ritanum
910 2075 1200 2129 introducit
1254 2076 1306 2128 in
1353 2075 1676 2141 exemplum,
1719 2082 1773 2126 ut
1808 2074 1902 2126 tibi
1935 2082 2193 2126 monstret

631 2168 774 2235 quod
815 2168 937 2220 licet
982 2169 1068 2220 hie
1097 2168 1202 2219 vita
1238 2167 1588 2235 discreparet,
1627 2165 1905 2233 proximus
1936 2173 2112 2218 tamen
2146 2163 2193 2218 ei

629 2267 745 2312 erat
770 2257 861 2326 qui
902 2257 1248 2310 miseratione
1274 2255 1488 2324 dignus.
1523 2253 1611 2307 Sic
1643 2263 1697 2306 et
1728 2263 1780 2306 tu
1821 2251 2195 2321 compassionc

630 2350 936 2417 proximum
971 2356 1020 2400 te
1070 2346 1142 2398 illi
1175 2344 1391 2409 exhibe,
1434 2353 1486 2398 et
1515 2355 1703 2412 sponte
1735 2359 1796 2396 ac
1832 2358 1936 2396 non
1976 2352 2194 2396 vocatus

630 2441 682 2492 iu
726 2439 870 2492 illius
899 2437 1198 2491 subsidium
1237 2451 1416 2490 curre.
1469 2435 1730 2488 Docemur
1784 2435 1947 2502 igitur
1992 2444 2044 2487 et
2094 2435 2194 2488 hoc

628 2528 749 2582 loro
783 2544 877 2596 per
904 2528 1216 2596 parabolatn
1265 2536 1327 2578 ut
1369 2528 1539 2593 parati
1590 2528 1756 2578 simus
1786 2527 1849 2578 ad
1885 2525 2194 2580 misericor-

629 2621 806 2682 dium,
860 2630 913 2671 et
945 2632 1204 2670 conemur
1250 2631 1369 2670 esse
1415 2616 1643 2685 proximi
1685 2616 1768 2669 his
1806 2617 1893 2682 qui
1952 2615 2193 2682 indigent

627 2719 814 2764 nostro
846 2710 1106 2763 subsidio.
1149 2707 1312 2762 Docet
1339 2717 1515 2760 autem
1545 2717 1596 2761 et
1627 2718 1822 2776 quanta
1856 2707 1947 2762 Dei
1983 2708 2194 2762 bonitas

629 2819 758 2875 erga
794 2805 1060 2858 homines.
1104 2802 1470 2857 Descendebat
1508 2803 1650 2856 enim
1685 2803 1914 2856 hmnana
1946 2813 2135 2856 natura
2164 2818 2192 2853 a

631 2893 996 2957 Hierusalem,
1029 2894 1128 2948 hoc
1155 2903 1258 2958 est,
1291 2907 1320 2946 a
1362 2893 1648 2960 tranquilla
1690 2905 1744 2947 et
1794 2894 2012 2962 paciﬁca
2063 2895 2190 2948 vita.

629 2987 964 3040 llierusalem
1018 2987 1160 3040 enim
1225 2985 1609 3054 interpretatur
1667 2986 1799 3039 visio
1852 2987 2020 3056 pacis.
2078 2987 2194 3053 Quo

628 3089 806 3134 autem
842 3078 1238 3134 descendebat?
1287 3077 1342 3129 in
1384 3077 1634 3131 Hiericho
1673 3077 1950 3139 humilem,
1992 3091 2192 3132 conca-

627 3187 770 3237 vam,
805 3181 854 3225 et
880 3181 1008 3226 mstu
1031 3169 1404 3232 sull'ucantcm,
1435 3169 1536 3222 hoc
1569 3178 1671 3234 est,
1705 3171 1866 3222 vitam
1899 3170 2194 3225 all'cctiOui-

625 3262 726 3317 bus
757 3263 986 3331 plenam.
1037 3262 1163 3316 Vide
1199 3271 1378 3315 autem
1409 3262 1548 3330 quod
1583 3277 1685 3315 non
1720 3262 1938 3324 dixerit,
1968 3263 2193 3318 descen-

627 3355 726 3419 dit,
761 3357 853 3410 sed
886 3355 1262 3430 descendebat.
1300 3355 1529 3423 Semper
1555 3354 1697 3408 enim
1731 3355 1962 3408 humana
1998 3365 2186 3409 natura

625 3450 692 3503 ad
727 3449 981 3502 inferiora
1009 3448 1268 3518 proclivis
1314 3456 1415 3511 est,
1465 3462 1567 3501 non
1617 3448 1804 3514 semel,
1847 3451 1938 3503 sed
1979 3465 2192 3519 semper

624 3542 745 3595 vitae
772 3539 1144 3595 all‘eetionibus
1189 3539 1382 3593 deditae
1415 3553 1633 3594 vacans.
1685 3538 1876 3595 lncidit
1925 3551 2100 3595 autem
2135 3543 2186 3595 in

623 3630 879 3695 latrenes,
919 3631 1018 3685 hoc
1055 3640 1139 3685 est
1179 3630 1468 3685 daemones.
1519 3631 1630 3686 Nisi
1678 3633 1798 3701 quis
1843 3650 1870 3686 a
1908 3635 2189 3702 cogitatio-

626 3723 783 3776 nibus
816 3721 1133 3777 sublimibus
1169 3723 1528 3789 descenderit,
1563 3739 1665 3777 non
1695 3725 1884 3780 incidit
1916 3727 1966 3779 in
1994 3727 2189 3781 damo-

625 3829 744 3879 nes,
775 3814 863 3885 qui
896 3825 1057 3868 exuto
1090 3815 1294 3869 homini
1343 3826 1395 3869 et
1442 3815 1668 3884 spoliato
1729 3817 1966 3872 vestibus
2016 3818 2186 3870 virtu-

626 3916 758 3969 tum,
794 3915 919 3959 tunc
951 3904 1137 3972 plagas
1184 3902 1423 3958 inferunt
1477 3904 1704 3972 peccati.
1760 3904 1997 3958 Primum
2045 3907 2185 3959 enim

623 3993 896 4047 denudant
926 4008 1023 4048 nos
1073 3993 1230 4047 omni
1268 3993 1406 4046 bona
1443 3996 1770 4062 cogitatione
1800 4005 1853 4050 et
1881 3997 2189 4052 visitatione

626 4080 719 4134 Dei
747 4097 761 4134 :
793 4081 981 4136 deinde
1002 4082 1186 4150 plagas
1211 4086 1416 4150 peccati
1454 4085 1715 4139 inferunt.
1749 4085 1913 4142 Porro
1939 4096 2185 4142 naturam

627 4175 918 4229 btuuauam
976 4177 1385 4232 semimortuam
1453 4179 1836 4247 reliquerunt:
1900 4180 1982 4234 vel
2048 4182 2187 4250 quod

627 4267 821 4320 anima
842 4267 1183 4336 immortalis,
1214 4284 1408 4339 corpus
1436 4281 1612 4326 autem
1652 4272 1907 4340 mortale,
1947 4272 2110 4344 350
2135 4285 2189 4329 et

628 4356 698 4408 ita
725 4357 1004 4411 dimidium
1038 4359 1271 4414 hominis
1297 4363 1457 4416 morti
1481 4362 1761 4418 subditum
1798 4373 1912 4418 est:
1946 4366 2024 4419 vel
2045 4365 2187 4434 quod

630 4464 734 4502 non
791 4450 1011 4504 omnino
1058 4452 1338 4520 desperata
1391 4463 1506 4506 erat
1568 4455 1801 4509 humana
1855 4465 2065 4510 natura.
2131 4457 2186 4511 In

626 4540 843 4594 Christo
873 4541 1013 4594 enim
1046 4542 1271 4596 salutem
1305 4558 1362 4596 se
1403 4544 1703 4598 habituram
1755 4559 1876 4601 esse
1917 4548 2185 4615 sperabat.

2303 684 2450 754 αύτῴ
2479 687 2506 736 ό
2554 681 2758 752 Ἰησοῦς
2784 697 2798 711 ο
2837 677 3078 748 Πορεύου
3100 719 3114 742 ,
3177 676 3272 729 καὶ
3308 677 3370 728 ab
3405 675 3544 728 ποίει
3576 674 3793 754 δμοίως.
3825 692 3840 724 ι

2316 751 2650 836 Ἐπαινεθείς
2701 773 2805 826 ὑπὸ
2838 769 2930 824 τοῦ
2978 770 3228 839 Σωτῆρος
3258 770 3285 820 ὁ
3331 751 3582 836 νομικὸς,
3613 765 3703 835 τὴν
3738 766 3846 819 ἀλα-

2302 868 2510 933 ζονείαν
2540 865 2854 936 ἐξέρρηξεν.
2883 858 3020 915 Eine
3054 860 3183 930 γάρ’
3220 859 3328 912 Καὶ
3352 858 3434 921 τίς
3466 858 3581 909 ἐστί
3614 874 3706 927 μον
3734 856 3848 925 πλη.

2303 959 2445 1023 σίον;
2475 959 2634 1028 ᾯετο
2662 956 2768 1026 γὰρ
2803 956 2882 1006 ὅτι
2921 952 3126 1014 δίκαιος
3156 949 3252 1014 ῶν,
3291 948 3480 1001 οὐδένα
3519 947 3664 1017 ἔχειν
3690 948 3847 1016 ὅμοιον

2301 1051 2498 1122 ἑαυτῷ,
2541 1049 2634 1104 καλ⁸
2679 1046 3048 1117 πλησιάζοντα
3087 1043 3229 1096 κατὰ
3257 1042 3353 1112 τὴν
3388 1043 3611 1113 ἀρετήν.
3647 1042 3849 1111 Πλησίον

2301 1145 2410 1215 γὰρ
2464 1143 2625 1213 μόνον
2672 1140 2896 1210 ἤλπιζεν
2948 1134 3090 1191 εἶναι
3138 1136 3228 1190 τὸν
3275 1136 3484 1189 δίκαιον
3534 1134 3615 1199 τῷ
3661 1135 3846 1202 δικαίῳ.

2301 1236 2482 1288 Θέλων
2509 1228 2602 1286 οὖν
2651 1230 2893 1286 δικαιοῦν
2937 1229 3127 1282 ἑαυτὸν
3177 1225 3270 1280 καὶ
3305 1225 3630 1294 ὑπεραίρειν
3661 1224 3850 1277 πάντων

2301 1326 2604 1398 ἀνθρώπων
2625 1365 2640 1390 ,
2672 1321 3130 1391 ἀλαζονευόμενός
3161 1334 3325 1388 φησι’
3354 1318 3463 1371 Καὶ
3493 1317 3577 1379 τίς
3625 1317 3733 1368 ὲστί
3766 1333 3850 1385 μου

2301 1417 2561 1488 πλησίονς
2601 1416 2658 1470 Ὀ
2679 1416 2735 1469 δὲ
2765 1414 2975 1484 Σωτὴρ,
3006 1413 3101 1466 ἆτε
3128 1413 3190 1483 δὴ
3221 1411 3455 1479 Ποιητὴς
3480 1408 3578 1475 ὣν,
3609 1410 3699 1461 καὶ
3720 1408 3854 1470 εἰδὼς

2303 1512 2508 1574 πάντας
2562 1509 2619 1562 ἓν
2669 1508 2928 1577 πλάσμα,
2964 1506 3024 1560 ού
3079 1507 3200 1568 ταῖς
3243 1502 3545 1575 πράξεσιν,
3601 1503 3718 1556 οὐδὲ
3758 1504 3856 1564 τοῖς

2301 1603 2626 1674 ἀξιώμασιν,
2657 1602 2794 1658 ἀλλὰ
2815 1603 2879 1671 τῇ
2908 1600 3067 1669 φύσει
3098 1597 3342 1669 ὁρίζεται
3383 1598 3474 1650 τὸν
3511 1596 3752 1664 πλησίον.
3777 1595 3854 1664 Μὴ

2300 1697 2406 1766 γὰρ
2436 1695 2644 1765 νόμιζε,
2676 1695 2860 1764 φησὶν,
2890 1694 2973 1747 δτι
3007 1691 3200 1760 ἐπειδὴ
3224 1690 3430 1753 δίκαιος
3466 1685 3537 1754 εί,
3581 1686 3748 1751 οὐδείς
3784 1687 3855 1739 σοί

2299 1789 2451 1842 ἐστιν
2478 1788 2682 1857 ὅμοιος.
2731 1785 2939 1847 Πάντες
2979 1783 3090 1854 γὰρ
3122 1783 3171 1836 οί
3209 1782 3310 1851 τῆς
3344 1780 3514 1851 αὐτῆς
3543 1778 3752 1849 φύσεως
3781 1796 3860 1831 κε·

2299 1881 2692 1950 κοινωνηκότες
2739 1879 2966 1949 πλησίον
3031 1877 3127 1930 σού
3167 1877 3298 1929 είσι.
3348 1873 3513 1927 Γενοῦ
3563 1874 3740 1926 τοίνυν
3779 1875 3862 1929 καὶ

2298 1976 2461 2039 αὐτὸς
2495 1973 2724 2045 πλησίον
2754 1974 2966 2038 αὐτοῖς,
3003 1973 3064 2026 ού
3107 1969 3185 2042 τῷ
3233 1969 3404 2040 τόπῳ,
3439 1968 3578 2023 ἀλλὰ
3610 1971 3676 2038 τῇ
3708 1967 3860 2021 διαθέ-

2299 2087 2382 2124 σει
2420 2071 2513 2122 xei.
2537 2071 2604 2139 τῇ
2639 2071 2718 2132 είς
2749 2067 2947 2130 αὐτοὺς
2979 2065 3289 2137 ἐπιμελείᾳ.
3323 2064 3415 2117 Διὸ
3444 2064 3538 2118 καὶ
3571 2066 3664 2117 τὸν
3695 2065 3860 2133 Σαμα-

2300 2164 2483 2234 ρείτην
2525 2162 2730 2230 είσάγω
2767 2178 2848 2214 σοι
2891 2159 3027 2231 πρὸς
3071 2158 3405 2227 ὑπόδειγμα,
3443 2157 3529 2209 ῐνα
3564 2173 3648 2210 σοι
3699 2155 3857 2222 δείξω,

2297 2256 2380 2308 δτι
2413 2254 2600 2323 ὥσπερ
2654 2244 2809 2316 οὗτος
2849 2253 3124 2322 διαφέρων
3172 2249 3249 2321 τῷ
3283 2249 3412 2320 βίῳ,
3459 2249 3609 2320 ὅμως
3654 2249 3860 2316 πλησίον

2299 2345 2488 2414 γέγονε
2536 2342 2630 2396 τοῦ
2681 2343 2832 2406 άξίον
2890 2342 3220 2412 ἐλεηθῆναι,
3272 2339 3417 2394 οὓτω
3463 2341 3559 2393 καὶ
3597 2339 3862 2408 σῦρεἰξον

2298 2437 2521 2490 σεαυτὸν
2554 2435 2781 2505 πλησίον
2815 2439 2883 2506 τῇ
2915 2434 3256 2507 συμπαθείᾳ,
3297 2435 3393 2488 καὶ
3422 2433 3755 2502 αὐτόκλητος
3781 2433 3864 2486 ἐπὶ

2296 2526 2392 2598 τὴν
2432 2525 2684 2595 βοήθειαν
2738 2525 2942 2592 βάδιζε.
2995 2521 3376 2594 Διδασκόμεθα
3433 2517 3528 2575 οὖν
3567 2523 3665 2576 καὶ
3710 2519 3865 2574 ταῦτα

2295 2618 2382 2670 διὰ
2425 2618 2522 2680 τῆς
2553 2617 2870 2687 παραϐολῆς
2907 2618 3134 2686 ταύτης,
3175 2615 3237 2668 τὸ
3289 2615 3539 2686 ἑτοίμους
3573 2610 3714 2668 εἶναι
3743 2613 3865 2683 πρὸς

2297 2709 2477 2774 ἔλεον,
2512 2713 2604 2762 καὶ
2650 2709 2905 2762 σπεύδειν
2941 2708 3169 2778 πλησίον
3197 2707 3439 2776 γίνεσθαι
3470 2708 3580 2760 τῶν
3609 2707 3866 2775 δεομένων

2295 2802 2395 2870 τῆς
2433 2805 2563 2874 παρ’
2595 2802 2751 2874 ἡμῶν
2792 2802 3067 2872 βοηθείας.
3124 2801 3502 2870 Διδασκόμεθα
3539 2801 3598 2854 δὲ
3644 2805 3736 2854 καὶ
3778 2803 3867 2870 τὴν

2301 2894 2429 2963 περὶ
2452 2895 2544 2946 τὸν
2577 2894 2863 2963 ἄνθρωπον
2893 2892 3210 2963 ἁγαθότητα
3241 2893 3335 2946 τοῦ
3371 2892 3532 2947 Θεοῦ.
3570 2893 3867 2946 Κατέὸαινε

2300 2986 2406 3055 γὰρ
2438 2987 2471 3052 ἡ
2504 2984 2821 3056 ἀνθρωπίνη
2855 2985 3018 3053 φύσις
3047 2985 3155 3038 ἀπὸ
3197 2984 3570 3054 Ἰερουσαλὴμ,
3632 2983 3870 3036 τουτέστι

2297 3077 2394 3144 τῆς
2431 3078 2794 3130 ἀστασιάστου
2846 3077 2940 3130 καὶ
2979 3075 3260 3147 είρηναίας
3299 3075 3600 3145 διαγωγῆς.
3647 3077 3872 3147 "Opust;

2298 3170 2403 3239 γὰρ
2448 3169 2671 3239 εἰρήνης
2724 3169 3086 3238 ἑρμηνεύεται
3142 3171 3174 3238 ἡ
3228 3167 3608 3239 Ἰερουσαλήμ.
3661 3171 3770 3222 Ποῦ
3823 3171 3872 3222 δὲ

2223 3295 2262 3350 C
2301 3261 2652 3327 κατέδαινενς
2699 3263 2788 3324 Ei;
2819 3262 2916 3331 τὴν
2962 3260 3209 3332 ’1εριχὼ,
3256 3263 3351 3328 τὴν
3393 3263 3582 3332 κοίλην
3616 3263 3715 3314 καὶ
3749 3263 3874 3332 χθα-

2299 3354 2472 3422 μαλὴν
2525 3356 2615 3408 καὶ
2666 3354 2742 3423 τῷ
2793 3355 3035 3423 καύματι
3091 3355 3395 3425 πνιγηρὰν,
3453 3358 3733 3418 τουτέστι,
3783 3361 3875 3424 τὴν

2295 3445 2514 3512 ἐμπαθῆ
2545 3445 2710 3515 ζωήν.
2739 3445 2880 3515 Ὅρα
2909 3445 2987 3508 δὲ,
3011 3445 3110 3498 ούκ
3141 3440 3295 3497 εἶπεν
3325 3446 3406 3498 δτι
3435 3445 3682 3514 Κατέόη,
3719 3446 3874 3507 ἀλλὰ,

2295 3540 2648 3593 Κατέϐαινεν.
2719 3539 2828 3592 Ἀεὶ
2881 3540 2991 3608 γὰρ
3044 3541 3075 3610 ή
3125 3539 3438 3610 ἀνθρωπίνη
3486 3538 3652 3607 φύσις
3688 3540 3782 3592 ἐπὶ
3818 3541 3877 3590 τὰ

2296 3632 2442 3683 κάτω
2480 3630 2662 3683 ἔνευεν
2687 3672 2701 3697 ,
2733 3631 2831 3700 οὐχ
2880 3631 3049 3697 ἅπαξ,
3090 3631 3224 3685 ἀλλὰ
3275 3631 3342 3684 δι’
3372 3631 3494 3683 ὅλου
3522 3630 3598 3696 τῷ
3644 3631 3880 3701 ἐμπαθεῖ

2297 3725 2394 3796 βίῳ
2429 3727 2791 3798 προσέχουσα.
2827 3727 3128 3797 Περιέπεσε
3155 3728 3212 3780 δὲ
3236 3727 3461 3799 λῃσταῖς
3483 3768 3498 3792 ,
3539 3728 3658 3791 τοῖς
3689 3727 3880 3797 δαίμοο

2295 3837 2398 3873 σιν.
2440 3821 2500 3872 Ei
2539 3819 2612 3889 μὴ
2654 3819 2764 3890 γὰρ
2799 3819 3013 3891 καταϐῇ
3045 3838 3128 3884 τις
3163 3820 3269 3873 ἀπὸ
3294 3820 3386 3874 τοῦ
3425 3819 3596 3888 ὕψους
3626 3823 3729 3888 τῆς
3765 3820 3880 3872 δια-

2295 3911 2438 3973 νοίας
2465 3951 2480 3976 ,
2510 3911 2571 3963 οὐ
2623 3911 2943 3983 περιπίπτει
2979 3915 3091 3974 τοῖς
3122 3912 3370 3982 δαίμοσιν
3396 3928 3407 3940 ·
3452 3913 3501 3965 οἳ
3549 3913 3882 3974 ἐκδύσαντες

2295 4002 2383 4054 τὸν
2439 4003 2758 4072 ἄνθρωπον,
2814 4005 2908 4057 καὶ⁸
2959 4006 3325 4074 στερήσαντες
3367 4003 3474 4056 τῶν
3530 4005 3631 4074 τῆς
3679 4005 3884 4073 ἀρετῆς

2297 4095 2524 4164 ἱματίων
2546 4134 2562 4158 ,
2594 4096 2715 4148 τότε
2743 4095 2840 4158 τὰς
2871 4095 3082 4164 πληγὰς
3116 4095 3394 4163 ἐπέθηκαν
3426 4096 3526 4165 τῆς
3574 4096 3882 4166 ἁμαρτίας.

2293 4187 2565 4259 Πρότερον
2615 4187 2724 4256 γάρ
2773 4187 3183 4257 ἀπογυμνοῦσιν
3221 4189 3370 4257 ἡμᾶς
3423 4188 3632 4251 παντὸς
3671 4188 3882 4257 ἀγαθοῦ

2290 4281 2582 4350 λογισμοῦ,
2618 4279 2711 4332 καὶ
2737 4279 2837 4347 τῆς
2873 4279 2967 4332 τοῦ
2995 4279 3131 4333 Θεοῦ
3163 4281 3392 4350 σκέπης,
3431 4276 3531 4334 εἷθ’
3557 4281 3743 4344 οὕτως
3788 4281 3884 4340 τὰς

2291 4373 2505 4444 πληγάς
2558 4373 2658 4442 τῆς
2704 4374 2975 4443 ἁμαρτίας
3033 4371 3439 4426 ἐπιϐάλλουσιν.
3505 4373 3792 4444 Ἦμιθανῇ
3833 4373 3887 4425 δὲ

2294 4463 2620 4530 κατέλειψαν
2650 4462 2748 4531 τὴν
2777 4461 3125 4532 ἀνθρωπίνην
3165 4459 3327 4531 φύσιν
3351 4500 3367 4523 ,
3409 4461 3442 4530 ἢ
3480 4461 3618 4514 διότι
3653 4463 3690 4532 ἠ
3737 4462 3886 4532 ψυχὴ

2293 4553 2593 4619 ἀθάνατος,
2629 4554 2689 4606 τὸ
2725 4553 2782 4606 δὲ
2819 4552 2978 4623 σῶμα
3012 4552 3234 4622 θνητόν·
3270 4551 3412 4605 ὥστε
3447 4553 3509 4606 τὸ
3552 4553 3740 4622 ἥμισυ
3790 4552 3886 4606 τοῦ

628 4632 816 4701 itaque
853 4648 956 4688 non
987 4643 1198 4688 mortua
1230 4645 1348 4688 erat
1380 4637 1633 4688 omnino:
1671 4637 1764 4690 sed
1809 4648 2028 4706 propter
2076 4639 2186 4692 rui-

2295 4645 2579 4715 ἀνθρώπου
2615 4646 2694 4716 τῷ
2738 4645 2953 4715 θανάτῳ
2989 4645 3317 4715 ύπαχθῆναν
3350 4645 3383 4714 ἢ
3422 4645 3561 4699 διότι
3594 4647 3657 4700 ού
3703 4648 3882 4714 πάντη

627 4739 752 4778 nam
799 4724 921 4777 .‘ldu;
959 4740 1101 4779 mors
1154 4726 1207 4778 in
1268 4728 1520 4779 mundum
1568 4727 1853 4782 intravit"
1908 4747 1922 4784 ι
1971 4740 2190 4798 propter

628 4815 828 4869 Christi
867 4825 1041 4870 autem
1085 4818 1523 4883 justiﬁcationcm
1573 4835 1715 4873 mors
1755 4821 2014 4877 abolenda
2049 4836 2184 4878 erat.

629 4906 730 4960 Per
756 4908 1087 4961 sacerdotem
1122 4922 1248 4962 vero
1275 4920 1324 4962 ct
1358 4907 1620 4974 Levitam,
1660 4913 1825 4979 legem
1867 4915 2104 4985 intelligo
2134 4926 2187 4970 et

629 4997 872 5066 propitct'
928 5038 941 5052 .
977 4997 1052 5050 Illi
1083 4999 1224 5052 enim
1258 5001 1509 5055 volebant
1554 5002 1850 5068 jnstiﬁcare
1898 5006 2185 5061 humanam

630 5102 898 5151 omniain,
954 5088 1045 5142 sed
1111 5105 1216 5142 non
1265 5101 1576 5157 p0tuerunt.
1629 5090 1964 5160 lmpossibile
2017 5095 2184 5160 enim,

633 5175 806 5242 inquit
850 5175 1068 5239 Paulus,
1118 5178 1433 5245 sanguinem
1494 5189 1763 5234 taurorqu
1812 5191 1865 5236 et
1912 5183 2183 5237 hircorum

631 5264 818 5319 tollere
849 5280 1123 5335 peccatum
1152 5271 1218 5323 ⁸⁵⁸.
1249 5269 1452 5324 Miserti
1485 5271 1665 5342 itaque
1697 5284 1820 5327 sunt
1856 5275 2106 5336 hominis,
2135 5286 2187 5330 et

629 5354 695 5406 dc
723 5353 842 5422 ejus
893 5359 1120 5411 sanitate
1157 5363 1482 5429 cogitarunt.
1533 5364 1731 5419 Deinde
1767 5367 2041 5434 plagarum
2075 5383 2190 5419 rna-

630 5447 906 5514 gnitudine
940 5451 1084 5513 victi,
1121 5455 1184 5502 ad
1234 5456 1526 5521 posteriora
1559 5456 1749 5511 iterum
1778 5462 2010 5528 regressi
2043 5469 2186 5514 sunt.

631 5536 740 5590 Hoc
794 5540 934 5593 enim
985 5542 1257 5611 signiﬁcat
1308 5548 1741 5615 άντιπαρελθείν.
1803 5550 1961 5605 Venit
2018 5554 2186 5613 enim,

629 5628 823 5695 inquit,
860 5630 963 5698 lex,
1013 5642 1067 5687 et
1118 5634 1286 5688 astitit
1330 5636 1565 5702 jacenti:
1612 5642 1799 5696 deinde
1851 5659 1957 5697 non
2006 5644 2187 5697 valens

627 5732 846 5788 sanare,
903 5738 1116 5783 reversa
1150 5737 1252 5791 est,
1294 5732 1393 5784 hoc
1427 5733 1566 5786 enim
1621 5735 1887 5804 signiﬁcat
1919 5737 2183 5808 ἀντιπαρ-

697 5905 741 5937 "
797 5904 948 5958 Rom.
1000 5921 1047 5969 ν,
1081 5907 1168 5958 12.
1244 5906 1288 5938 ⁸⁸
1322 5905 1480 5963 Hebr.
1521 5926 1572 5974 ι,
1603 5911 1654 5966 4.

2289 4733 2357 4808 ἦν
2382 4737 2776 4809 ἀπεγνωσμένη
2804 4740 2835 4805 ἡ
2861 4737 3176 4807 ἀνθρωπίνη
3212 4737 3396 4804 φύσις·
3423 4739 3481 4789 ὲν
3509 4738 3621 4809 γὰρ
3647 4736 3882 4809 Χριστῷ

2291 4828 2386 4896 την
2414 4829 2684 4897 σωτηρίαν
2707 4829 2845 4894 ἕξειν
2875 4828 3151 4897 ὴλπίζετο.
3179 4828 3342 4889 Ὥστε
3369 4829 3474 4882 οὐκ
3497 4831 3884 4884 ὲτεθανάτωτο

2295 4918 2595 4982 παντελῶς,
2636 4919 2748 4972 ἀλλ’
2782 4921 2904 4971 ὅσον
2947 4921 3046 4991 μὲν
3082 4920 3174 4972 ἐπὶ
3208 4920 3284 4990 τῷ
3321 4920 3416 4973 τοῦ
3471 4921 3648 4991 ’Δδὰμ
3696 4939 3883 4992 παρα-

2294 5010 2546 5079 πτώματι
2578 5010 2803 5074 θάνατος
2839 5029 2916 5073 εις
2948 5014 3038 5064 τὸν
3070 5012 3275 5080 κόσμον
3309 5011 3558 5081 είσῆλθεν
3588 5029 3603 5045 ⁸
3635 5014 3772 5067 ὅσον
3815 5014 3870 5065 δὲ

2291 5104 2385 5155 ἐπὶ
2431 5102 2507 5173 τῷ
2557 5102 2648 5156 τοῦ
2686 5104 2920 5172 Χριστοῦ
2955 5103 3346 5172 δικαιώματιὸ
3391 5105 3626 5169 θάνατος
3685 5107 3889 5176 ἔμελλε

2291 5197 2699 5264 καταργεῑσλαι,
2743 5196 2912 5267 Ἰερέα
2951 5197 3006 5248 δὲ
3036 5198 3126 5248 καὶ
3165 5196 3419 5265 Λευίτην,
3454 5197 3550 5250 τὸν
3583 5199 3764 5266 νόμον
3797 5214 3886 5267 μοι

2293 5285 2397 5336 νόει
2445 5285 2690 5347 καὶτοὺς
2736 5288 3040 5355 προφήτας..
3096 5283 3254 5340 Οὗτοι
3299 5287 3411 5352 γὰρ
3436 5287 3743 5357 ἠϐούλοντο
3788 5289 3889 5358 μὲν

2289 5376 2571 5428 δικαιῶσαι
2615 5377 2713 5446 τὴν
2753 5378 3098 5448 ἀνθρωπίνην
3127 5378 3288 5446 φύσιν
3309 5421 3322 5444 ,
3351 5380 3473 5437 (οὐκ
3523 5381 3889 5452 ἠδυνήθησαν

2287 5467 2361 5520 δέ.
2418 5468 2702 5520 Ἀδύνατον
2734 5469 2863 5536 γὰρ,
2899 5472 3085 5537 ιιςεησὶν⁴
3115 5472 3142 5521 ὁ
3190 5469 3422 5532 Παῦλος,
3464 5465 3611 5540 αἷμα
3660 5473 3892 5544 ταύρων

2288 5559 2377 5609 καὶ
2425 5561 2642 5627 τράγων
2687 5560 2905 5627 ἀφελεῖν
2952 5560 3246 5630 ἁμαρτίας.
3308 5561 3585 5634 ’Βλέησαν
3640 5565 3748 5633 μὲν
3797 5560 3893 5616 οῦν
3988 5601 3989 5624 ι

2285 5649 2373 5702 τὸν
2407 5651 2692 5720 ἄνθρωπον
2721 5696 2732 5717 ,
2793 5655 2887 5705 καὶ
2929 5653 3265 5732 θεραπεῦσαι
3315 5655 3711 5728 διενοήθησαν.
3753 5652 3892 5711 Εἶτα
3988 5659 3989 5728 ξ

2285 5745 2349 5812 τῇ
2381 5743 2489 5798 τῶν
2520 5744 2743 5816 πληγῶν
2783 5748 3108 5816 ἐπικρατείᾳ
3136 5747 3452 5817 νικηθέντες
3473 5791 3489 5820 ,
3522 5753 3609 5816 είς
3640 5752 3896 5808 τούπίσω
