4038 6562
195 490 299 556 849

909 461 1358 548 ENARRATIO’
1398 483 1479 544 1N
1521 475 2026 543 EVANGELIUM
2059 474 2297 539 Loca.
2327 500 2391 510 —
2433 475 2596 537 car.
2640 474 2709 532 Χ.

3382 461 3492 525 δω

197 605 359 660 πάλιν
419 602 806 673 ὑπεχώρησαν.
841 598 1014 653 Τοῦτο
1072 597 1183 670 γὰρ
1241 595 1497 668 σημαίνει
1546 593 1607 647 τὸ
1640 592 1792 646 ἀντι-

1919 587 2079 659 λλθεν.
2110 589 2345 643 Attende
2374 587 2504 641 item
2534 583 2677 654 quod
2719 580 2969 641 verbum,
3014 573 3237 638 accidit,
3267 583 3490 672 sensum

198 697 509 768 παρελθεῖν.
551 691 725 747 Ἦλθε
764 693 862 764 μὲν
893 695 1002 763 γὰρ
1035 694 1062 746 6
1094 691 1258 762 νόμο;
1285 733 1299 755 ,
1334 691 1427 743 καὶ
1475 687 1678 756 ἐπέστη
1708 684 1786 755 τῷ

197 790 456 861 κειμένῳ,
504 783 621 840 εἷτα
655 787 732 857 μὴ
775 787 978 856 ἰσχύων
1021 785 1387 856 Θεραπεῦσαι,
1430 770 1784 852 ἀπεστράφη.

199 883 373 952 Ὅπερ
407 880 608 932 ἔστιτὸ
651 877 1080 950 ἀντιπαρῆλθεν.
1120 877 1263 948 Ὅρα
1302 876 1358 928 δὲ
1390 875 1452 926 τὸ
1484 874 1625 927 κατὰ
1660 890 1790 941 συγ-

197 972 428 1042 κυρίαν,
488 971 610 1023 τίνα
655 969 782 1022 νοῦν
834 970 970 1039 ἔχει.
1017 967 1107 1038 Τῷ
1147 968 1261 1021 ὄντι
1312 968 1420 1037 γὰρ
1451 970 1479 1021 6
1519 968 1683 1038 νόμος
1726 967 1787 1019 οὑ

197 1063 627 1131 προηγουμένως
681 1063 868 1131 ἐδόθη,
935 1061 1071 1114 ἀλλὰ
1132 1064 1223 1115 διὰ
1279 1061 1376 1128 τὴν
1437 1061 1789 1133 ἀνθρωπίνην

195 1157 504 1221 ἀσθένειαν,
536 1157 610 1226 μὴ
640 1155 949 1226 δυναμένην
975 1153 1036 1220 ὲξ
1073 1155 1251 1225 ἀρχῆς
1275 1153 1534 1219 δέξασθαι
1560 1155 1620 1208 τὸ
1649 1155 1790 1207 κατὰ

195 1250 430 1318 Χριστὸν
465 1251 784 1319 μυστήριον.
817 1250 913 1301 Διὰ
939 1249 1096 1302 τοῦτό
1142 1265 1327 1318 φησιν,
1367 1247 1448 1300 ὅτι
1487 1249 1546 1300 '0
1586 1249 1787 1316 ἱερεὺς.

195 1341 478 1394 τουτέστιν
530 1344 556 1394 6
595 1343 792 1412 νόμος,
859 1340 1004 1394 κατὰ
1049 1341 1384 1409 συγκυρίαν,
1419 1342 1557 1410 ὅπερ
1593 1339 1788 1392 εἰώθα-

198 1451 300 1501 μεν
332 1434 513 1502 λέγειν
562 1436 706 1488 κατὰ
748 1433 1036 1503 σύμϐαμα,
1072 1433 1189 1486 ἀλλ’
1231 1434 1292 1486 οὑ
1330 1432 1789 1502 προηγουμένως,

193 1522 360 1596 ἦλθεν
413 1529 494 1590 εἰς
542 1528 602 1580 τὸ
659 1526 998 1597 θεραπεῦσαι
1047 1526 1140 1579 τὸν
1196 1525 1506 1596 ἄνθρωπον.
1575 1523 1712 1578 Ἀλλ’
1767 1525 1794 1577 6

195 1619 404 1688 Κύριος
438 1622 532 1674 καὶ
572 1620 705 1682 Θεὸς
746 1621 927 1691 ἡμῶν,
959 1621 986 1671 6
1031 1619 1098 1673 δι’
1128 1619 1276 1690 ἡμᾶς
1309 1619 1526 1691 κατάρα
1561 1619 1795 1688 γενόμε-

194 1727 284 1773 νος
309 1752 324 1775 ,
358 1713 452 1763 καὶ
489 1711 838 1781 Σαμαρείτης
877 1710 1119 1772 ἀκούσας
1140 1753 1156 1775 ,
1208 1710 1408 1766 ὁδεύων
1433 1751 1445 1775 ,
1479 1711 1794 1777 τουτέστιν,

195 1803 330 1858 αὐτὸ
385 1802 548 1856 τοῦτο
600 1803 878 1873 πρόφασιν
934 1802 1054 1856 ὁδοῦ
1115 1804 1522 1873 ποιησάμενος,
1566 1807 1662 1858 καὶ
1705 1805 1798 1857 τὸν

195 1898 402 1948 σκοπὸν
427 1895 676 1963 θέμενος,
714 1895 772 1947 τὸ
803 1895 951 1964 ἡμᾶς
981 1894 1340 1965 θεραπεῦσαι,
1381 1895 1496 1948 ἀλλ’
1537 1897 1598 1948 οὑ
1653 1913 1796 1963 παρ-

1892 682 2181 749 quemdam
2217 681 2398 735 habet.
2446 677 2583 733 Nam
2636 687 2825 729 revera
2880 672 2964 725 lex
3014 683 3124 722 non
3173 666 3243 722 ob
3295 679 3384 719 res
3437 661 3492 716 in

1892 775 2086 844 primis
2111 775 2370 837 intentas,
2395 771 2489 826 sed
2517 779 2740 840 propter
2761 767 3057 820 humanam
3086 759 3494 816 infirmitatem,

1892 883 2013 938 qua:
2067 883 2171 920 non
2232 866 2407 935 potuit
2463 865 2529 919 ab
2590 862 2751 917 initio
2811 863 3214 912 sacramentum
3280 847 3493 905 Christi

1892 962 2194 1028 suscipere,
2246 961 2372 1012 data
2425 966 2528 1013 est.
2569 956 2862 1024 PrOpterea
2897 949 3050 1013 dicit,
3095 942 3314 1000 Accidit
3345 943 3491 1010 quod

1893 1053 2172 1116 sacerdos,
2209 1054 2310 1106 hoc
2343 1061 2426 1105 est
2461 1051 2568 1112 lex,
2619 1050 2688 1102 ita
2735 1047 2884 1101 enim
2920 1045 3104 1097 dicere
3154 1037 3396 1094 solemus
3427 1035 3494 1088 de

1895 1146 1979 1199 his
1995 1161 2114 1214 quae
2139 1144 2370 1198 fortuito
2399 1142 2717 1204 obveniant,
2744 1149 2798 1194 et
2820 1138 2952 1191 citra
2977 1149 3200 1202 operam
3221 1139 3493 1192 nostram,

1896 1242 2041 1294 \t‘nil
2081 1247 2137 1292 ut
2180 1247 2404 1295 sanaret
2452 1237 2765 1301 hominem,
2821 1232 2915 1287 sed
2968 1229 3232 1282 Dominus
3263 1232 3316 1277 et
3354 1222 3496 1274 Deus

1898 1342 2107 1398 mster,
2139 1333 2230 1403 qui
2267 1338 2490 1401 propter
2541 1343 2640 1383 nos
2691 1329 2868 1382 factus
2903 1333 2990 1379 est
3034 1319 3414 1380 maledictum,
3441 1323 3499 1367 et

1899 1439 2123 1480 voratus
2175 1424 2585 1484 Samaritanus,
2639 1423 2741 1475 iter
2795 1419 3024 1481 faciens,
3065 1416 3164 1469 hoc
3213 1420 3318 1469 est,
3358 1409 3501 1462 hanc

1903 1519 2250 1588 potissimum
2283 1517 2363 1570 sui
2394 1516 2607 1570 itineris
2633 1529 2852 1567 causam
2885 1523 3003 1566 esse
3032 1508 3240 1565 volens.
3272 1512 3326 1557 et
3357 1502 3500 1554 Imm:

1901 1630 2123 1681 sceptnn
2155 1614 2479 1674 observans,
2518 1619 2574 1662 ut
2617 1624 2715 1662 nos
2741 1613 3000 1667 sanaret,
3032 1617 3137 1654 non
3176 1593 3502 1665 praeteriens

1901 1719 1954 1761 et
1988 1708 2168 1762 obiter
2203 1721 2299 1759 nos
2323 1704 2553 1758 visit-aus
2580 1702 2726 1755 venit
2757 1700 2820 1753 axl
2858 1713 2977 1760 nos,
3012 1694 3106 1750 sed
3140 1696 3504 1746 conversatus

1904 1797 2218 1862 nobiscum,
2271 1807 2325 1852 et
2381 1798 2594 1850 locutus
2646 1810 2752 1848 non
2805 1797 3154 1861 apparentcr,
3209 1782 3302 1837 sed
3353 1794 3500 1834 vcrc.

1908 1891 2146 1946 Proinde
2173 1891 2355 1943 statim
2389 1888 2572 1956 alligat
2606 1885 2852 1944 vulnera,
2895 1893 3066 1948 neque
3093 1873 3361 1946 permittit
3390 1887 3506 1924 ma-

192 1987 439 2051 οδεύων,
492 1989 586 2039 καὶ⁹
637 1988 701 2039 ὲκ
769 1988 1051 2058 παρέργου
1114 1988 1560 2058 ἐπισκεψάμενος
1607 1990 1792 2059 huic,

1930 1983 2076 2035 itiam
2131 1982 2368 2051 amplius
2425 1955 2618 2042 lavari,
2676 1979 2770 2030 sed
2831 1974 3018 2039 alligat
3074 1985 3216 2024 eam.
3264 1963 3508 2020 lnfnndit

192 2076 365 2152 ἦλθεν
400 2082 479 2144 είς
525 2081 674 2148 ἡμᾶς
699 2123 712 2144 ,
743 2081 1220 2150 συναναστραφεὶς
1260 2083 1427 2152 ἡμῖν,
1469 2083 1564 2134 καὶ
1603 2083 1796 2150 ὁμιλή-

193 2191 299 2235 σας
323 2173 704 2240 ἁφαντάστως.
737 2172 1050 2241 Κατέδησεν
1079 2168 1173 2226 οὖν
1201 2175 1362 2237 εὐθὺς
1386 2174 1453 2226 τὰ
1478 2173 1792 2244 τραύματα,
1829 2183 1831 2186 ’

197 2267 278 2334 μὴ
315 2266 482 2326 ἐάσας
523 2264 621 2333 τὴν
650 2265 847 2316 κακίαν
880 2264 973 2317 ἐπὶ
1007 2265 1167 2316 πλέον
1198 2266 1387 2319 ἄνετον
1427 2260 1568 2318 εἶναι
1597 2307 1611 2331 ,
1660 2265 1796 2318 ἀλλὰ

195 2358 517 2428 καταδήσας
570 2358 775 2427 αὐτὴν,
831 2356 1061 2425 ἐπέχεεν
1113 2357 1169 2410 δὲ
1232 2357 1411 2410 ἔλαιον
1480 2360 1574 2411 καὶ
1631 2355 1796 2410 οἶνον⁸

192 2452 388 2505 ἔλαιον
431 2451 530 2521 μὲν
565 2452 654 2503 τὸν
711 2450 870 2516 λόγον
902 2450 1002 2519 τῆς
1041 2451 1414 2513 διδασκαλίας,
1449 2451 1538 2502 τὸν
1573 2450 1659 2502 διὰ
1692 2451 1798 2502 τῶν

194 2539 430 2605 ἀγαθῶν
463 2538 908 2610 προτρεπόμενον
935 2557 947 2571 ⁸
982 2535 1127 2592 οἶνον
1157 2539 1233 2603 δὲ,
1268 2541 1358 2592 τδν
1385 2541 1472 2592 διὶ
1499 2539 1605 2591 τῶν
1639 2539 1800 2610 φοδε’

195 2633 466 2703 ρωτέρων
501 2632 766 2699 ἀνάγοντα
813 2633 946 2703 προς
989 2633 1211 2702 ἀρετήν.
1258 2628 1385 2685 Οῗον
1418 2633 1548 2686 ὃταν
1593 2635 1799 2706 ἀκούῃς

190 2724 297 2776 τοῦ
355 2725 560 2794 Κυρίου
599 2726 883 2792 λέγοντος’
941 2726 1105 2777 Δεῦτε
1151 2725 1283 2794 πρὸς
1326 2726 1427 2793 με,
1474 2725 1630 2792 κάγὼ
1671 2728 1802 2778 ἁνα-

194 2818 410 2870 παύσω
449 2819 626 2886 ὑμᾶς,
661 2817 819 2870 τοῦτο
867 2818 926 2870 τὸ
978 2818 1187 2870 ἔλαιονο
1223 2819 1516 2889 ἱλαρότητα
1562 2820 1670 2888 γὰρ
1712 2823 1800 2872 καὶ

193 2909 520 2962 ἀνάπαυσιν
549 2907 916 2962 ὑποδείκνυσι.
944 2908 1056 2961 Kal.
1089 2908 1279 2960 πάλιν·
1321 2910 1508 2974 Δεῦτε,
1537 2911 1800 2979 κληρονο-

197 3002 428 3069 μήσατε
472 3000 570 3070 τὴν
616 3001 1034 3070 ἡτοιμασμένην
1091 3001 1220 3068 ὑμῖν
1279 3001 1579 3071 βασιλείαν.
1637 3003 1802 3055 Ὃτπν

190 3092 254 3145 δὲ
284 3092 450 3164 λέγῃ,
483 3093 563 3145 ὅτι
599 3092 902 3162 Πορεύεσθε
935 3095 1014 3155 είς
1048 3094 1106 3144 τὸ
1141 3094 1359 3158 σκότος,
1403 3094 1560 3147 τοῦτο
1588 3096 1615 3145 6
1641 3092 1801 3159 οἶνος,

191 3184 228 3252 ὴ
281 3183 565 3252 στυπτικη
609 3183 954 3238 διδασκαλία.
1003 3185 1238 3255 Νοήσεις
1287 3187 1331 3237 δ’
1371 3187 1438 3238 ἂν
1469 3188 1565 3239 καὶ
1608 3186 1798 3247 ἄλλως·

190 3274 396 3328 ελαιον
442 3275 539 3345 τὴν
618 3276 760 3327 κατὰ
814 3276 1103 3344 ἄνθρωπον
1157 3277 1474 3346 διαγωγὴν,
1522 3273 1665 3330 οἶνον
1706 3278 1805 3347 τὴν

190 3367 357 3420 κατὰ
398 3367 549 3428 θεὸν,
582 3361 693 3418 οἶόν
721 3384 770 3419 τι
798 3367 960 3434 λέγω·
1012 3367 1072 3419 Ὀ
1117 3367 1319 3435 Κύριος
1354 3369 1421 3420 τὰ
1454 3366 1552 3435 μὲν
1599 3367 1808 3436 ἀνθρω-

192 3463 386 3525 πίνως
438 3461 680 3528 ἐνήργει,
717 3460 784 3512 τὰ
828 3459 903 3522 δὲ,
959 3458 1181 3521 θεῖκῶς.
1214 3460 1286 3512 Τὸ
1336 3459 1434 3528 μὲν
1468 3458 1578 3528 γὰρ
1609 3460 1811 3512 ἐσθίειν

189 3555 304 3608 καὶ
342 3554 524 3606 πίνειν
547 3593 562 3615 ,
597 3553 690 3604 καὶ
739 3552 831 3604 τὸν
862 3553 1055 3605 ἄνετον
1097 3554 1210 3621 βίον
1260 3553 1658 3623 μεταδιώκειν,
1696 3554 1810 3606 ἀλλ’

189 3647 334 3715 ιζιχὶ
363 3646 787 3715 σκληραγωγίαν
809 3645 1206 3710 ἐνδείκνυσθαι,
1239 3645 1430 3715 ὥσπερ
1459 3648 1486 3698 6
1535 3646 1807 3715 Ἰωάννης,

189 3737 381 3792 τοῦτό
427 3739 545 3788 ἔστι
592 3737 652 3789 τὸ
696 3737 892 3791 ἔλαιον.
940 3739 1006 3790 'H
1037 3738 1093 3790 δὲ
1140 3739 1267 3808 ξένη
1296 3740 1520 3802 νηστεία
1563 3741 1656 3791 καὶ
1687 3741 1714 3792 ὁ
1756 3743 1814 3793 ὲν

188 3829 468 3900 θαλάσσῃ
505 3828 841 3897 περίπατος,
887 3828 982 3880 καὶ⁸
1022 3830 1122 3881 ὅσα
1163 3829 1299 3882 ἄλλα
1338 3831 1440 3899 τῆς
1471 3831 1622 3894 θείας
1659 3832 1816 3885 δυνά-

196 3937 376 3990 μεως
401 3958 416 3981 ,
453 3917 626 3970 ταῦτά
675 3921 824 3969 ἐστιν
856 3919 883 3970 6
920 3913 1083 3981 οἶνος.
1125 3919 1271 3988 Οἷνῳ
1301 3919 1409 3989 γὰρ
1451 3921 1817 3975 ἀπεικαστέον

184 4014 305 4084 τὴν
356 4010 614 4078 θεότητα,
643 4010 708 4079 ἣν
737 4009 976 4081 ἄκρατον
1007 4012 1334 4079 ὑπενεγκεῖν
1365 4013 1543 4078 οὐδεὶς
1585 4015 1651 4068 ἂν
1687 4016 1815 4085 ἡδυ-

186 4107 381 4176 νήθη,
415 4105 463 4155 εί
499 4103 573 4172 μὴ
607 4103 784 4155 καὶτὸ
811 4101 995 4156 ἔλαιον
1023 4096 1110 4173 ἦν,
1143 4104 1426 4157 τουτέστιν
1486 4105 1520 4174 ἠ
1552 4105 1692 4158 κατὰ
1725 4109 1817 4160 ἄν·

185 4201 446 4268 (ιε-ωπον
483 4196 756 4264 διαγωγή.
822 4194 982 4249 Ἐπεὶ
1035 4190 1129 4247 οῦν
1181 4195 1248 4248 δι’
1302 4197 1634 4269 ἀμφοτέρων
1673 4201 1821 4268 ἡμᾶς

185 4294 424 4355 ἔσωσε,
462 4288 716 4356 θεότητος
751 4303 892 4357 φημι
939 4288 1033 4340 καὶ
1067 4287 1515 4358 ἀνθρωπότητος,
1545 4291 1631 4343 διὰ
1666 4291 1824 4344 τοῦτο

187 4387 448 4451 λέγεται
478 4376 619 4433 οἶνον
650 4383 744 4432 καὶ
784 4382 964 4434 ἔλαιον
995 4381 1238 4451 ὲπιχέαι.
1273 4384 1384 4435 Καὶ
1417 4382 1540 4435 καθ’
1583 4384 1825 4455 ἑκάστην

185 4479 255 4531 δὲ
301 4477 392 4528 ei.
451 4473 877 4543 βαπτιζόμενοι,
936 4473 1046 4525 τῶν
1103 4474 1439 4544 τραυμάτων
1494 4476 1592 4546 τῆς
1642 4477 1824 4548 ψυχῆς

185 4565 702 4629 ἀπαλλάττονται,
757 4565 922 4634 ἐλαίῳ
971 4565 1070 4635 μὲν
1122 4568 1216 4619 τοῦ
1273 4568 1448 4636 μύρου
1499 4569 1824 4640 χριόμενοι,

1839 3322 1880 3377 C

1908 2076 2084 2126 oleum
2116 2088 2179 2126 ae
2217 2075 2435 2124 vinum:
2469 2070 2648 2122 oleum
2671 2108 2685 2132 ,
2741 2068 2843 2119 hoc
2886 2075 2969 2117 est
3029 2073 3340 2115 sermonem
3374 2056 3508 2110 doc-

1909 2169 2086 2226 trinm,
2128 2165 2216 2233 qui
2245 2180 2341 2231 per
2370 2165 2557 2218 suavia
2593 2178 2691 2215 nos
2726 2161 3089 2215 adhortatur:
3128 2156 3317 2209 vinum
3357 2165 3507 2212 vero,

1909 2274 2217 2315 sermonem
2251 2258 2358 2327 qui,
2387 2271 2483 2325 per
2517 2256 2822 2308 austeriora
2871 2249 3080 2304 inducit
3125 2249 3191 2301 ad
3225 2246 3508 2299 virtutem.

1912 2353 2151 2421 littrmpli
2185 2350 2379 2419 gratia,
2425 2349 2644 2417 quando
2682 2346 2837 2400 audis
2872 2343 3158 2398 Dominum
3195 2339 3466 2393 dicentem
3495 2349 3508 2386 :

1912 2445 2105 2500 Venite
2138 2446 2204 2497 ad
2253 2462 2358 2506 me,
2392 2453 2446 2498 et
2494 2458 2594 2512 ego
2640 2441 2955 2495 refocillabo
2995 2452 3130 2492 vos:
3169 2436 3272 2489 hoc
3305 2433 3509 2490 oleum.

1912 2541 2245 2593 hilaritatem
2290 2539 2433 2591 enim
2467 2548 2520 2592 et
2559 2539 2799 2606 quietem
2849 2533 3110 2589 ostendit.
3150 2529 3212 2582 Et
3266 2529 3462 2583 iterum
3496 2543 3507 2578 :

1916 2633 2127 2696 Venite,
2153 2632 2430 2702 possidete
2463 2640 2828 2699 praparatum
2861 2627 3015 2680 vobis
3049 2639 3298 2694 tegnum.
3330 2622 3515 2686 Quan-

1912 2726 1980 2779 do
2009 2737 2186 2776 autem
2222 2723 2394 2777 dicit:
2453 2720 2528 2774 Ite
2582 2723 2631 2774 iu
2685 2721 2978 2773 tcnthra's:
3034 2718 3224 2771 viuum
3279 2724 3384 2776 est,
3414 2713 3515 2764 hoc

1911 2829 1994 2870 est
2032 2817 2305 2871 austerior
2353 2815 2602 2868 doctrina
2644 2830 2660 2870 ς
2705 2814 3011 2880 Intelligere
3063 2819 3219 2879 potes
3250 2819 3302 2863 et
3334 2807 3510 2860 aliter.

1913 2913 2104 2965 Oleum
2139 2912 2436 2964 humanam
2473 2908 2750 2978 significat
2788 2905 3295 2965 conversationem,
3325 2901 3507 2954 vinum

1915 3006 2179 3066 divinam,
2206 3012 2264 3057 ut
2298 3003 2404 3056 tale
2435 3002 2563 3071 quid
2594 3001 2770 3055 dicam
2800 3020 2810 3054 :
2843 3000 3111 3054 Dominus
3143 2996 3245 3050 alia
3275 2994 3509 3050 humane

1917 3111 2066 3148 more
2097 3096 2450 3165 operabatur,
2484 3091 2586 3146 alia
2613 3102 2795 3146 autem
2827 3092 3034 3146 divino.
3061 3089 3371 3142 Humanum
3400 3095 3518 3138 erat

1916 3191 2203 3244 eomedere
2247 3201 2298 3243 et
2337 3189 2544 3249 bibere,
2581 3198 2634 3242 et
2669 3190 2834 3240 vitam
2885 3187 3147 3240 laxiorem
3194 3180 3427 3242 sectari,
3463 3189 3512 3233 el

1921 3300 2023 3338 non
2056 3284 2428 3336 austeritatem
2463 3299 2575 3351 prte
2611 3298 2669 3335 se
2704 3281 2868 3344 ferre,
2920 3290 2974 3332 ut
3028 3278 3306 3333 Joannes:
3357 3284 3520 3344 atque

1917 3378 2020 3431 hoc
2045 3377 2210 3430 fuerit
2241 3376 2444 3429 oleum.
2475 3373 2747 3443 Jejunium
2777 3387 2907 3425 vero
2935 3371 3205 3432 mirabile,
3241 3377 3298 3423 et
3319 3367 3518 3422 ambu-

1918 3473 2049 3525 latio
2087 3471 2138 3524 in
2174 3469 2338 3531 mari,
2375 3477 2429 3522 et
2468 3468 2586 3521 alia:
2624 3467 2823 3521 divina:
2859 3467 3109 3528 virtutes,
3144 3463 3329 3517 vinum
3369 3467 3516 3515 sunt.

1922 3565 2058 3616 Vino
2099 3563 2242 3617 enim
2295 3560 2593 3615 assimilata
2647 3560 2738 3614 est
2781 3559 2977 3623 deitas,
3031 3571 3192 3621 quam
3243 3568 3516 3608 meracam

1921 3656 2198 3712 sustinere
2253 3670 2315 3709 ac
2374 3653 2518 3708 ferre
2556 3653 2735 3707 nullus
2784 3660 2991 3722 posset,
3058 3649 3163 3703 nisi
3224 3656 3277 3702 et
3338 3647 3518 3701 oleum

1922 3752 2156 3812 adesset,
2190 3746 2295 3803 hoc
2344 3751 2431 3802 est
2468 3746 2759 3800 humanior
2788 3742 3153 3798 conversatio.
3191 3741 3258 3794 Et
3289 3740 3522 3809 proinde

1923 3843 2048 3912 quia
2085 3857 2181 3911 per
2205 3851 2440 3909 utraque
2480 3855 2580 3894 nos
2612 3839 2888 3900 servavit,
2923 3837 3264 3891 divinitatem
3296 3834 3519 3903 inquam

1922 3947 1974 3990 et
2014 3935 2452 3989 humanitatem:
2510 3943 2802 4002 propterea
2836 3932 2963 3986 dicit
3005 3931 3190 3984 vinum
3244 3938 3300 3984 et
3339 3927 3523 3983 oleum

1923 4026 2081 4097 351
2135 4023 2424 4081 infudissc.
2468 4024 2535 4078 Et
2571 4025 2814 4094 quotidie
2862 4023 2953 4093 qni
2999 4022 3350 4086 baptizantur
3394 4021 3528 4076 Iibe-

1927 4134 2118 4178 rantur
2147 4137 2174 4174 a
2205 4122 2525 4176 vulneribus
2561 4121 2789 4185 animm,
2839 4119 2959 4172 oleo
3009 4117 3225 4185 quidem
3258 4115 3520 4184 unguenti

1927 4216 2070 4269 uncti
2099 4233 2112 4268 :
2143 4215 2330 4269 statim
2369 4222 2551 4268 autem
2604 4211 3071 4267 communicantes
3102 4217 3154 4263 et
3189 4207 3362 4262 divini
3395 4222 3524 4260 san-

1932 4309 2110 4378 guinis
2167 4306 2463 4375 participes
2515 4307 2670 4359 linnt.
2728 4303 2899 4357 Porro
2939 4301 3204 4356 Dominus
3267 4300 3531 4370 imposuit

1929 4400 2171 4451 sanciam
2209 4407 2454 4452 nostram
2489 4408 2738 4451 naturam
2783 4411 2948 4463 super
2997 4393 3276 4463 proprium
3310 4391 3530 4460 jumen-

1932 4500 2069 4553 tum,
2111 4493 2212 4544 hoc
2257 4498 2363 4554 est,
2419 4505 2584 4558 super
2629 4504 2829 4557 corpus
2861 4503 3042 4542 suum.
3086 4485 3329 4542 Membra
3383 4486 3528 4541 enim

1933 4599 2027 4635 sua
2083 4597 2182 4637 nos
2230 4580 2361 4637 fecit
2416 4590 2471 4635 et
2519 4581 2810 4650 participes
2868 4579 3280 4647 suicorporis:
3320 4594 3533 4648 nosque

184 4661 390 4722 εὐθὺς
424 4659 482 4711 δὲ
514 4658 922 4723 κοινωνοῦντες,
957 4659 1051 4710 καὶ
1090 4660 1184 4711 τοῦ
1214 4661 1360 4713 θείου
1394 4661 1627 4731 αἵματος
1661 4681 1810 4732 μετα-

1936 4670 2124 4723 inl‘nuo
2176 4670 2294 4724 loco
2325 4670 2461 4724 sitos
2487 4671 2668 4738 posuit
2701 4671 2750 4722 in
2796 4670 3118 4739 dignitatem
3178 4671 3350 4735 illam,
3389 4682 3445 4724 ut
3481 4681 3535 4724 et

183 4754 626 4825 λαμϐάνοντες.
675 4753 994 4806 Ἀνεϐίϐασε
1037 4753 1093 4806 δὲ
1131 4755 1158 4804 6
1204 4755 1407 4824 Κύριος
1440 4756 1538 4826 τὴν
1586 4774 1832 4826 τραυμα-

181 4849 518 4904 τισοετσαν
557 4845 717 4915 ἡμῶν
749 4844 912 4912 φύσιν
951 4845 1046 4897 ἐπὶ
1083 4846 1144 4898 τὺ
1178 4847 1309 4899 ἴδιον
1347 4848 1674 4916 ὑποζύγιον,
1710 4866 1833 4902 του-

182 4951 442 5009 τέστιν,
487 4942 580 4994 ἐπὶ
609 4942 670 4995 τὸ
714 4941 876 5009 σῶμα
921 4941 1086 4995 αὑτοῦ
1113 4959 1124 4971 ο
1171 4944 1307 5012 μέλη
1339 4944 1446 5013 γὰρ
1471 4945 1636 4997 αὑτοῦ
1681 4947 1832 5015 ἡμᾶς

183 5038 490 5106 ἐποίησε,
527 5035 618 5086 κα)⁸
646 5033 936 5095 κοινωνοὺς
964 5033 1060 5086 τοῦ
1091 5033 1343 5103 σώματος
1372 5035 1565 5098 αὑτοῦ,
1598 5037 1749 5090 κάτω
1775 5055 1833 5090 τε

183 5131 528 5203 κειμένους
563 5127 884 5182 ἀνεῦίϐασιν
931 5127 1023 5179 ἐπὶ
1053 5127 1154 5196 τὴν
1201 5127 1358 5194 ἀξίαν
1404 5130 1621 5198 ἐκείνην
1646 5172 1659 5193 ,
1693 5131 1835 5184 ὥστε

186 5223 570 5290 συσσώμους
607 5219 758 5288 αὑτῷ
789 5213 950 5271 εἶναι.
984 5219 1309 5289 Πανδοχεϊον
1342 5221 1397 5273 δὲ
1429 5224 1460 5290 ἡ
1514 5224 1834 5293 Ἐκκλησία,

183 5324 225 5391 ἡ
277 5318 494 5370 πάντα
525 5311 898 5381 ὑποδεχομένη
922 5327 935 5341 ·
967 5315 994 5366 6
1034 5313 1134 5383 μὲν
1169 5313 1277 5383 γὰρ
1321 5315 1507 5384 νόμος,
1537 5316 1597 5368 οὑ
1628 5317 1836 5382 πάντας

180 5412 477 5481 ἐδέχετο.
514 5405 816 5474 Μωαϐίτης
857 5405 988 5475 γὰρ,
1028 5407 1184 5474 φησὶ,
1226 5408 1319 5458 καὶ
1364 5408 1709 5479 Ἀμμανίτης
1737 5411 1837 5463 οίικ

181 5499 616 5564 εἰσελεύσεται
649 5499 727 5560 είς
778 5498 1109 5567 Ἐκκλησίαν
1140 5499 1298 5553 Θεοῦ.
1344 5501 1457 5553 Νῦν
1493 5501 1550 5554 δὲ
1588 5505 1646 5554 ἐν
1676 5505 1839 5556 παντὶ

181 5603 364 5656 ἔθνει
407 5597 449 5648 ὁ
487 5589 825 5659 φοὸούμενος
853 5591 945 5643 τὸν
976 5591 1110 5643 Θεὸν
1143 5591 1330 5655 δεκτὸς
1369 5593 1521 5663 αὐτῷ
1557 5596 1697 5658 ἐστι,
1743 5595 1835 5648 θέ-

177 5698 315 5750 λων
359 5686 709 5744 πιστεῦσαι,
739 5686 834 5736 καὶ
868 5686 1032 5756 μέρος
1060 5685 1317 5752 γενέσθαι
1347 5686 1448 5754 τῆς
1485 5685 1837 5758 Ἐκκλησίας.

183 5787 461 5842 Πάντας
492 5776 603 5846 γὰρ
645 5776 992 5845 ὑποδέχεται,
1025 5775 1122 5829 καὶ
1152 5776 1513 5847 ἁμαρτωλοὺς
1543 5779 1640 5831 καὶ
1669 5778 1832 5831 τελώ-

178 5897 329 5943 νας.
368 5872 538 5938 ’⁸Ορα
571 5869 629 5921 δὲ
685 5869 783 5938 τὴν
829 5868 1140 5939 ἀκρίῦειαν,
1179 5870 1296 5934 πῶς
1338 5888 1524 5940 φησιν,
1567 5873 1650 5924 ὅτι
1691 5875 1836 5926 ἀπα-

177 5967 423 6048 ταγῶν
477 5962 554 6024 εἰς
607 5961 670 6014 τὸ
722 5961 1072 6032 πανδοχεῖον,
1107 5963 1426 6034 ἐπεμελήθη
1459 5963 1662 6017 αὐτοῦ’
1708 5966 1839 6037 πρὶν

1934 4763 2178 4832 ejusdem
2222 4763 2471 4831 corporis
2502 4763 2694 4816 simus.
2736 4762 3108 4817 Diversorium
3138 4774 3318 4817 autem
3351 4762 3536 4817 Eccle-

1934 4857 2011 4907 sia
2042 4864 2144 4915 est,
2176 4869 2297 4924 quae
2328 4869 2519 4909 omnes
2567 4854 2832 4923 suscipit;
2889 4843 2973 4908 lett
3023 4855 3168 4908 enim
3203 4870 3309 4908 non
3341 4869 3532 4908 OllllltS

1935 4947 2293 5015 siiscipiebat.
2327 4946 2561 5000 Moabila
2592 4945 2761 5007 enim,
2793 4945 2949 5008 dicit,
2989 4957 3044 4999 et
3078 4947 3394 5001 Ammonita
3425 4961 3534 4998 non

1941 5038 2224 5092 intrabunt
2261 5039 2313 5092 in
2341 5038 2641 5092 Ecclesiam
2675 5037 2794 5092 Dei.
2852 5035 3004 5091 Nunc
3049 5047 3226 5092 autem
3283 5039 3335 5091 in
3385 5037 3536 5091 omni

1937 5141 2098 5199 gente
2122 5131 2215 5199 qui
2243 5132 2400 5185 timet
2431 5130 2599 5184 Deum
2623 5174 2638 5196 ,
2680 5139 2943 5200 acceptus
2983 5138 3068 5185 est
3102 5132 3172 5192 ei,
3217 5135 3379 5186 modo
3411 5131 3544 5187 velit

1939 5225 2164 5279 credere
2188 5237 2241 5279 et
2264 5239 2390 5294 pars
2416 5224 2530 5278 ﬁeri
2561 5223 2840 5288 Ecclesim,
2867 5240 2989 5292 qua:
3009 5239 3200 5277 omnes
3222 5233 3543 5293 peccatores

1939 5327 1993 5369 et
2038 5320 2362 5387 publicanos
2411 5319 2664 5387 suscipit.
2703 5318 2836 5372 Vide
2887 5318 3016 5370 item
3071 5327 3125 5371 et
3175 5317 3540 5384 diligentiam.

1941 5414 2215 5479 quomodo
2264 5413 2495 5477 ducens,
2547 5411 2743 5481 inquit,
2801 5411 2852 5463 in
2905 5411 3291 5476 diversorium,
3352 5427 3540 5466 curam

1940 5507 2058 5575 ejus
2084 5507 2277 5574 egerit.
2306 5503 2440 5558 Nam
2468 5506 2621 5573 prius
2647 5519 2807 5574 quam
2843 5504 2896 5556 in
2940 5505 3043 5557 hoc
3076 5504 3325 5568 duceret,
3359 5503 3539 5558 solum

1944 5599 2186 5666 alligavit
2215 5599 2465 5654 vulnera.
2504 5599 2641 5663 Quid
2688 5597 2852 5667 igitur
2884 5607 2970 5651 est
3020 5598 3162 5664 quod
3203 5596 3370 5650 dico?
3405 5598 3541 5664 Quia

1943 5704 2065 5743 cum
2110 5692 2405 5745 constituta
2441 5699 2524 5744 est
2552 5689 2822 5748 Ecclesia,
2860 5698 2914 5742 et
2953 5689 3153 5742 factum
3187 5698 3268 5743 est
3296 5689 3542 5742 diverso-

1946 5783 2108 5848 rium,
2137 5783 2238 5838 hoc
2261 5793 2367 5848 est,
2389 5797 2455 5835 ex
2473 5781 2727 5835 omnibus
2750 5780 2921 5835 ferme
2948 5781 3202 5851 gentibus
3227 5780 3331 5835 lide
3355 5788 3536 5841 aucta,

1950 5885 2075 5929 tunc
2104 5875 2325 5932 fuerunt
2351 5885 2404 5928 et
2427 5875 2666 5944 Spiritus
2695 5875 2869 5929 sancti
2905 5876 3042 5928 dona
3066 5915 3078 5934 ,
3111 5883 3166 5928 et
3205 5873 3424 5926 dilatata
3461 5881 3545 5926 est

1947 5968 2119 6038 gratia
2160 5968 2290 6024 Dei:
2333 5967 2382 6021 in
2430 5968 2572 6036 quod
2609 5982 2674 6022 ex
2707 5968 2856 6022 Actis
2918 5967 3283 6034 aposrolorum
3339 5967 3543 6024 disces.
