4038 6548
579 439 680 505 851

1461 427 2036 491 THEOPHYLACTI
2075 426 2484 487 BULGARUE
2523 425 2882 486 ARCHIEP.

3707 423 3807 488 852

577 548 749 604 Tenet
804 557 977 602 autem
1014 546 1236 614 figuram
1267 541 1494 610 hospitis
1545 540 1720 594 omnis
1765 537 2040 606 apostolus
2083 546 2129 592 et

2237 537 2345 605 γὰρ
2372 537 2404 606 ἦ
2433 537 2742 604 ἀπαγαγεῖν
2765 538 2844 599 είς
2872 537 3050 599 τοῦτο,
3079 535 3238 604 μόνον
3265 536 3527 607 κατέδησε
3552 535 3622 590 τά
3653 537 3806 608 τραύο

579 645 765 695 doctor
789 647 841 692 et
864 647 1079 707 pastor:
1107 636 1303 704 quibus
1342 635 1484 688 dedit
1524 631 1780 684 Dominus
1807 633 1940 682 duos
1967 631 2133 683 dena~

578 733 710 790 rios,
737 731 840 782 duo
872 726 1242 791 Testamenta,
1273 726 1433 778 Vetus
1463 733 1515 778 et
1544 722 1770 776 Novum.
1799 721 1970 778 Unius
1993 720 2134 774 enim

576 836 666 888 reg
693 837 718 874 s
748 819 1036 888 imaginem
1062 830 1286 884 utraque
1309 825 1509 879 tenent,
1543 830 1733 883 nempe
1755 815 1900 883 quod
1925 813 2134 883 eloquia

578 911 669 962 Dei
719 911 848 962 sint.
882 908 1068 976 Itaque
1097 909 1344 960 denarios
1379 907 1498 958 illos
1529 905 1786 958 Dominus
1838 904 1889 956 in
1940 904 2134 957 calum

579 1001 879 1053 ascendens
933 999 1146 1065 reliquit
1211 996 1513 1061 apostolis,
1582 1005 1635 1047 et
1686 994 1952 1062 episcopis
2019 992 2136 1044 aliis

573 1100 736 1154 atque
767 1089 1095 1142 doctoribus.
1150 1087 1294 1139 Dixit
1343 1096 1522 1138 autem
1574 1086 1876 1153 :Quidquid
1925 1100 1990 1138 ex
2045 1095 2136 1137 tuo

572 1179 949 1246 insnmpseris,
997 1194 1097 1248 ego
1146 1181 1284 1231 dabo
1337 1179 1450 1230 tibi.
1498 1175 1701 1230 Revera
1757 1177 1898 1231 enim
1933 1175 1999 1229 de
2036 1189 2135 1228 suo

574 1269 805 1336 apuStoli
846 1270 1006 1322 multa
1043 1270 1477 1336 insumpserunt.
1527 1268 1748 1319 multum
1805 1266 2130 1326 laborantes,

575 1369 623 1410 et
659 1360 857 1426 ubique
911 1359 1209 1411 doctrinam
1259 1357 1611 1410 sciniuautcs.
1659 1356 1763 1409 Sed
1801 1367 1854 1408 et
1886 1356 2134 1408 doctores

575 1452 663 1517 qui
693 1452 982 1516 explanant
1008 1449 1169 1504 Vetus
1191 1457 1243 1501 ct
1271 1449 1473 1501 Novum
1504 1449 1938 1506 'l'estanteututn,
1967 1447 2130 1500 multa

573 1558 602 1593 e
635 1556 729 1592 suo
778 1543 1087 1602 insumunt,
1139 1554 1235 1606 pro
1286 1539 1478 1606 quibus
1517 1541 1814 1591 mercedem
1870 1537 2134 1604 accipient

575 1634 801 1686 Domino
837 1634 1076 1685 redituro
1123 1632 1174 1685 in
1227 1630 1465 1684 secundo
1494 1631 1748 1684 adventu.
1790 1628 1939 1683 Tunc
1989 1629 2129 1681 enim

570 1725 764 1793 singuli
822 1724 1003 1778 dicent
1045 1723 1132 1777 ei:
1179 1721 1425 1782 Domine.
1473 1723 1606 1774 duos
1655 1719 1905 1772 denarios
1937 1717 2128 1771 dedisti

574 1817 730 1880 mihi,
763 1830 891 1870 ecce
917 1816 1056 1868 alios
1100 1813 1234 1868 duos
1273 1822 1532 1880 prmterea
1569 1809 1828 1878 impendi.
1867 1806 1962 1861 Cui
1990 1807 2128 1861 dicet

570 1919 621 1960 et
652 1909 798 1974 ipse:
829 1906 1000 1976 Euge,
1025 1919 1178 1960 serve
1203 1905 1358 1967 bone,
1391 1913 1495 1956 etc.

2244 642 2408 694 ματα.
2463 623 2527 678 Τί
2565 625 2659 678 οὖν
2693 627 2839 678 ἐστιν
2878 627 2906 679 ὃ
2939 644 3116 696 cantat;
3165 628 3287 681 Ὀτι
3339 630 3437 697 τῆς
3479 629 3806 699 Ἐκκλησίας

2191 719 2200 730 ”
2240 718 2536 786 συστάσης,
2569 719 2661 771 καὶ
2688 719 2980 788 γενομένου
3013 717 3106 771 τοῦ
3134 719 3476 788 πανδοχείου,
3510 723 3805 788 τουτέστιν,

2237 813 2300 861 ἐι
2344 811 2559 863 πάντων
2589 810 2775 880 σχεδὸν
2805 811 2912 863 τῶν
2957 810 3128 864 ἐθνῶν
3158 812 3256 880 τῆς
3290 812 3527 876 πίστεως
3563 812 3807 883 αὐξηθεί-

2239 917 2359 967 σης,
2393 900 2514 951 τότε
2558 901 2773 964 ἐγένετο
2804 900 2897 952 καὶ
2934 900 3256 969 ιινεύματος
3292 901 3449 967 ἁγίου
3487 901 3686 970 δωρεὰ,
3719 901 3806 953 καὶ

2240 991 2272 1058 ἡ
2320 991 2476 1058 χάρις
2517 989 2609 1041 τοῦ
2650 989 2787 1041 Θεοῦ
2837 991 3186 1042 ἐπλατύνετο.
3226 990 3332 1042 Καὶ
3385 991 3545 1044 τοῦτο
3594 991 3808 1064 μαθήσῃ

2236 1079 2344 1130 ἀπὸ
2371 1079 2475 1131 τῶν
2500 1079 2761 1149 Ιιράξεων
2791 1080 2898 1132 τῶν
2926 1080 3263 1132 ἀποστόλων.
3311 1079 3529 1150 Ἑπέχει
3559 1081 3617 1134 δὲ
3644 1080 3808 1133 τύπον

2237 1171 2545 1239 πανδοχέως
2574 1173 2681 1234 πᾶς
2715 1172 3034 1236 ἀπόστολος,
3069 1174 3163 1225 καὶ
3190 1172 3531 1236 διδάσκαλος,
3567 1175 3659 1226 καὶ
3690 1157 3813 1225 ¹ιιξοι-Ι

2241 1260 2380 1329 μὴν,
2433 1256 2512 1323 οἷς
2546 1261 2779 1313 δέδωκεν
2823 1263 2850 1312 ὁ
2887 1261 3088 1330 Κύριος
3141 1261 3236 1314 δύο
3281 1262 3552 1333 δηνάρια,
3592 1263 3690 1323 τάς
3719 1260 3804 1315 δύο

2237 1351 2542 1418 Διαοήκας,
2591 1353 2689 1422 τὴν
2742 1353 2981 1406 Παλαιὰν
3023 1354 3115 1406 καὶ
3150 1353 3250 1424 τὴν
3293 1355 3461 1407 Νέαν.
3519 1355 3670 1416 Ἐνδς
3703 1359 3804 1425 γὰρ

2237 1446 2419 1498 εἰκόνα
2473 1445 2734 1514 βασιλέως
2788 1447 3045 1517 φέρουσιν
3097 1448 3444 1517 ἀμφότεραι,
3502 1448 3594 1500 τοῦ
3647 1447 3802 1500 αἰτοῦ

2235 1536 2370 1590 Θεοῦ
2399 1536 2556 1604 λόγια
2589 1538 2764 1591 ιῦσαι.
2805 1539 2988 1590 Ταῦτα
3021 1539 3150 1606 γοῦν
3175 1539 3242 1591 τὰ
3271 1541 3502 1610 δηνάρια
3533 1542 3610 1602 εἰς
3643 1540 3803 1610 ούρα-

2235 1628 2357 1690 νοῦς
2394 1629 2756 1698 ἀνερχόμενος
2802 1632 2828 1682 ὁ
2861 1629 3062 1699 Κύριος
3114 1631 3374 1684 κατέλιπε
3415 1635 3527 1695 τοῖς
3576 1631 3802 1684 ὁποττὸ-

2234 1713 2370 1778 λοις,
2407 1716 2499 1766 καὶ
2543 1718 2655 1777 τοῖς
2697 1717 2836 1769 κατά
2880 1720 3105 1788 καιροὺς
3153 1721 3496 1783 ἐπισκόποις,
3532 1721 3624 1772 καὶ
3664 1719 3801 1772 διδα-

2234 1805 2470 1868 σκάλοις.
2511 1803 2642 1860 Εἴπε
2670 1808 2744 1869 δὲ,
2782 1810 2862 1862 ὅτι
2899 1813 2964 1863 Ὀ
2998 1811 3066 1862 ἂν
3099 1812 3554 1884 προσδαπανήσῃς
3579 1811 3806 1871 οἴκοθεν,

2155 1888 2204 1946 Β
2231 1899 2343 1966 έγὼ
2365 1898 2520 1951 δώσω
2553 1916 2655 1953 σοι.
2683 1901 2774 1970 Τῷ
2795 1902 2909 1954 δντι
2939 1901 3048 1974 γὰρ
3090 1905 3579 1975 προσεδαπάνησαν
3605 1907 3808 1958 οἴκοθεν

572 2002 622 2053 οἱ
642 1997 928 2052 ἀπόστολοι
949 2041 961 2061 ,
993 1996 1161 2050 πολλά
1193 1996 1552 2056 κοπιάσαντες
1573 2035 1586 2056 ,
1614 1993 1707 2045 καὶ
1731 1990 2003 2061 πανταχοῦ
2032 1990 2130 2060 τὴν
2167 1991 2519 2045 διδασκαλίαν
2551 1993 2885 2063 σπείροντες.
2938 1996 3100 2048 Ἀλλά
3138 1998 3228 2049 καὶ
3261 2000 3309 2048 οἱ
3382 2000 3521 2051 κατά
3586 1998 3809 2068 καιροὺς

569 2090 876 2142 διδάσκαλοι
915 2087 1267 2156 ἐξηγούμενοι
1303 2085 1399 2156 τὴν
1427 2085 1668 2137 Παλαιὰν
1700 2085 1792 2136 καὶ
1824 2083 1922 2153 τὴν
1961 2082 2126 2145 Νέαν,
2166 2084 2335 2136 πολλά
2393 2086 2876 2157 προσεδαπάνησαν
2951 2088 3160 2140 οἴκοθεν
3185 2130 3198 2152 ,
3259 2089 3399 2159 ὑπὲρ
3468 2084 3544 2141 ὧν
3583 2092 3675 2142 tiri
3719 2111 3807 2157 μι-

573 2182 700 2234 σθὸν
728 2180 1099 2251 ἀπολήψονται
1138 2182 1196 2232 ὲν
1230 2177 1307 2248 τῷ
1342 2177 1739 2245 ἐπανέρχεσθαι
1809 2177 1898 2227 τὸν
1940 2174 2166 2246 Κύριον,
2227 2177 2501 2231 τουτέστιν
2557 2183 2616 2232 ἐν
2686 2183 2750 2250 τῇ
2788 2181 3018 2251 δευτέρᾳ
3062 2185 3354 2250 παρουσίᾳ,
3411 2181 3546 2233 Τότε
3587 2184 3696 2252 γὰρ
3747 2184 3810 2236 ἃν

574 2277 716 2328 εἴποι
766 2274 997 2355 Exacto;
1031 2271 1207 2324 αὐτῶν
1259 2269 1438 2338 αὐτῷ·
1505 2267 1715 2336 Κύριε,
1771 2266 1867 2319 δύο
1910 2267 2138 2337 δηνάρια
2207 2267 2444 2332 δέδωκάς
2488 2287 2612 2339 μοι,
2669 2271 2777 2324 ἰδοὺ
2811 2272 2945 2326 ἀλλα
2996 2272 3090 2324 δύο
3133 2272 3612 2344 προσεδαπάνησα.
3671 2276 3811 2345 Dp};

571 2366 631 2417 δν
662 2367 778 2436 ὲρετ
804 2343 898 2419 καῖ
927 2342 1087 2427 άύτός
1112 2381 1125 2393 ο
1162 2363 1262 2425 Eia,
1299 2363 1450 2415 δοῦλε
1488 2361 1680 2430 ἀγαθέ.

649 2458 811 2512 Vsus.
847 2455 1030 2510 38-42.
1074 2473 1090 2504 ι
1127 2453 1344 2508 Factum
1369 2463 1450 2508 est
1484 2463 1659 2506 autem
1707 2453 1832 2505 dum
1887 2453 2045 2516 irent,
2078 2461 2134 2506 ut

570 2552 687 2621 ipse
735 2550 959 2604 intraret
1022 2549 1072 2600 in
1114 2546 1380 2615 quoddam
1445 2545 1776 2614 oppidulum,
1829 2559 1890 2597 ac
1947 2546 2138 2600 mulier

575 2645 818 2712 quaedam
869 2640 1073 2694 Martha
1107 2641 1320 2692 nomine
1363 2636 1746 2706 excepitillum
1806 2637 1856 2690 in
1920 2637 2134 2690 domum

574 2750 726 2788 suam
755 2752 768 2787 :
803 2744 856 2787 et
885 2732 1007 2786 huic
1032 2740 1146 2784 erat
1177 2745 1328 2784 soror
1362 2730 1578 2783 nomine
1599 2727 1790 2792 Maria,
1831 2742 1951 2797 qua:
1975 2727 2137 2781 etiam

573 2824 819 2877 assidens
846 2823 910 2875 ad
940 2825 1103 2890 pedes
1148 2819 1275 2875 Jesu
1315 2819 1566 2875 audiebat
1602 2833 1905 2873 sermonem
1967 2818 2132 2871 illius.

572 2915 780 2970 Martha
807 2922 982 2967 autem
1017 2912 1415 2967 distrahebatur
1441 2911 1582 2966 circa
1614 2910 1868 2979 frequens
1895 2911 2136 2964 ministe-

571 3008 743 3069 rium;
816 3021 933 3075 quae
979 3005 1258 3069 assistens,
1288 3003 1363 3056 ait
1404 3019 1417 3054 :
1470 3002 1729 3069 Domine,
1766 3017 1869 3056 non
1903 3012 1985 3055 est
2041 3002 2133 3055 tibi

572 3115 716 3155 cura:
761 3097 905 3167 quod
960 3111 1115 3150 soror
1165 3111 1281 3150 mea
1339 3094 1556 3164 reliquit
1606 3107 1690 3147 me
1724 3103 1780 3146 ut
1817 3094 1928 3147 sola
1970 3093 2133 3146 mini-

572 3193 780 3249 atrein?
817 3190 912 3244 Dic
938 3203 1064 3257 ergo
1085 3187 1160 3242 illi
1200 3195 1257 3239 ut
1286 3201 1371 3241 me
1421 3185 1650 3252 adjuvet.
1689 3183 1756 3238 Et
1805 3187 2132 3254 respondens

571 3281 707 3338 dixit
738 3281 810 3334 illi
841 3279 1034 3333 Jesus:
1069 3275 1302 3340 Martha,
1331 3272 1568 3338 Martha,
1601 3272 1830 3328 sollicita
1858 3287 1938 3337 es,
1971 3283 2024 3324 et
2047 3279 2129 3323 tu-

568 3368 856 3427 multuaris
873 3369 1018 3423 circa
1041 3365 1240 3420 multa:
1265 3364 1410 3434 atqui
1443 3379 1606 3418 unum
1629 3371 1714 3417 est
1739 3368 2130 3417 necessarium.

569 3464 737 3518 Maria
769 3471 948 3515 autem
995 3462 1184 3514 bonam
1240 3466 1445 3527 partem
1497 3454 1713 3524 delegit,
1745 3469 1864 3524 quae
1898 3469 2002 3508 non
2035 3468 2134 3506 auo

570 3557 777 3611 feretur
803 3555 869 3608 ab
895 3567 981 3608 ca.
1009 3571 1027 3602 ι
1066 3550 1255 3621 Magna
1285 3549 1498 3618 quidem
1536 3547 1920 3616 hospitalitatis
1959 3546 2132 3600 virtus

569 3657 675 3710 est,
709 3647 758 3698 id
788 3645 929 3712 quod
973 3641 1179 3695 Martha
1212 3639 1472 3703 ostendit,
1505 3647 1557 3692 et
1609 3651 1714 3690 non
1774 3635 2065 3705 rejicienda
2114 3652 2127 3689 :

569 3737 743 3800 maior
771 3744 950 3787 autem
985 3732 1266 3786 attendere
1293 3729 1473 3784 verbis
1509 3728 1682 3796 magis
1714 3727 2085 3796 spiritualibus
2115 3744 2127 3778 :

567 3845 665 3900 per
688 3827 848 3898 352
884 3827 1026 3882 illam
1047 3825 1189 3878 enim
1217 3837 1410 3890 corpus
1436 3822 1694 3890 pascitur,
1711 3834 1806 3888 per
1823 3821 1922 3874 hoc
1953 3820 2131 3872 anima

567 3921 892 3975 viviﬁcatur.
921 3917 1036 3972 Non
1063 3917 1205 3979 enim
1242 3924 1460 3984 prapter
1489 3915 1591 3969 hoc
1627 3927 1902 3978 assumus,
1935 3911 2130 3982 inquit,

566 4029 601 4064 o
635 4012 868 4074 Martha,
902 4018 960 4063 ut
994 4018 1236 4063 ventrem
1272 4007 1588 4075 impleamus
1634 4005 1800 4059 variis
1833 4003 1989 4070 cibis,
2038 4002 2130 4056 aed

567 4113 628 4157 ιιι
656 4101 937 4154 animabus
961 4098 1117 4152 utiles
1151 4098 1340 4150 simus.
1368 4094 1502 4149 Vide
1533 4096 1658 4149 item
1682 4105 1738 4149 et
1769 4095 1979 4148 Domini
2008 4108 2131 4148 seu-

570 4195 815 4248 tentiam.
867 4190 1009 4244 Nihil
1045 4189 1194 4256 prius
1244 4188 1381 4241 dixit
1433 4186 1673 4251 Marthae,
1729 4202 1890 4256 quam
1936 4187 2004 4240 ab
2039 4186 2126 4240 illa

567 4281 962 4351 perstringendi
993 4287 1229 4332 sumeret
1255 4277 1618 4332 occasionem.
1651 4276 1943 4344 P05tquam
1984 4275 2127 4327 enim

566 4376 656 4429 illa
688 4373 915 4426 avellere
950 4369 1172 4425 tentavit
1198 4383 1439 4423 sororem
1473 4369 1540 4421 ab
1569 4367 1780 4430 auditu,
1823 4375 1933 4419 tum
1973 4365 2128 4420 deni-

567 4480 669 4533 que
692 4463 968 4525 Dominus,
998 4470 1209 4529 arrepta
1238 4459 1541 4524 occasione,
1567 4458 1711 4511 illam
1733 4455 2124 4526 verberat.;Ea-

2313 2468 2328 2500 ι
2373 2449 2619 2516 Ἐγένετο
2647 2448 2702 2501 δὲ
2729 2451 2786 2501 ὲν
2815 2448 2898 2518 τῷ
2929 2448 3259 2520 πορεύεσθαι
3287 2451 3502 2514 αὐτοὺς,
3535 2454 3627 2506 καὶ
3647 2453 3809 2519 αὐτὸς

2233 2541 2479 2611 εἰσῆλθεν
2510 2542 2588 2603 είς
2611 2541 2804 2610 κώμην
2823 2543 2964 2606 τινὰ,
2983 2542 3119 2612 γυνὴ
3138 2543 3192 2597 δέ
3216 2561 3319 2608 τις,
3339 2546 3562 2614 ὀνόματι
3581 2547 3808 2618 Μάρθα,

2237 2629 2532 2694 ὑπεδέξατο
2565 2630 2726 2683 αὐτὸν
2754 2633 2833 2693 είς
2865 2633 2957 2683 τὸν
3007 2627 3158 2684 οἷκον
3186 2634 3376 2702 αὐτῆς.
3432 2636 3541 2688 Καὶ
3584 2638 3714 2706 τῇδε
3741 2633 3811 2708 ἦν

2238 2722 2444 2793 ἀδελφὴ
2502 2723 2810 2794 καλουμένη
2881 2725 3086 2794 Μαρία,
3149 2727 3181 2793 ἦ
3240 2728 3333 2779 καὶ
3385 2729 3815 2798 παρακαθίσασα

2239 2814 2390 2883 παρά
2418 2815 2542 2877 τοὺς
2577 2813 2744 2877 πόδας
2778 2813 2870 2866 τοῦ
2919 2815 3116 2882 Ἰησοῦ,
3159 2816 3324 2886 ἦκουε
3351 2818 3460 2870 τῶν
3508 2819 3687 2886 λόγων
3715 2824 3811 2874 αύ-

2239 2905 2357 2958 τοῦ.
2415 2905 2476 2958 Ἦ
2500 2905 2553 2957 δὲ
2589 2905 2789 2973 Μάρθα
2841 2909 3183 2975 περιεσπᾶτο
3239 2910 3366 2980 περὶ
3397 2909 3601 2980 πολλὴν
3632 2913 3813 2966 διακο⁴

2242 2998 2383 3052 νίαν.
2435 2995 2732 3050 Ἐπιστᾶσα
2764 2997 2820 3050 δὲ
2862 2995 3018 3052 εἷπε·
3061 2999 3254 3071 Κύριε,
3293 3000 3355 3053 ού
3391 3002 3544 3072 μέλει
3581 3021 3687 3066 σοι,
3728 3008 3812 3060 δτι

2241 3092 2274 3159 η
2321 3089 2521 3161 ἀδελφή
2567 3107 2669 3160 μου
2716 3091 2850 3162 μόνη
2905 3109 2970 3162 με
3009 3093 3272 3147 κατέλιπε
3313 3097 3624 3161 διακονεῖν;
3677 3099 3812 3152 Εἰπὲ

2239 3176 2333 3233 οῦν
2355 3183 2515 3251 αὐτῇ,
2547 3181 2637 3233 ἵνα
2679 3198 2767 3250 μοι
2830 3182 3311 3253 συναντιλάϐηται.
3361 3187 3712 3256 ’Δποκριοεὶς
3754 3189 3812 3244 δὲ

2237 3271 2390 3326 εἶπεν
2415 3275 2551 3344 αὐτῇ
2585 3276 2613 3326 ὁ
2657 3275 2862 3344 Ἰησοῦς
2888 3293 2900 3304 ·
2955 3277 3176 3346 Μάρθα,
3227 3278 3450 3348 Μάρθα,
3513 3281 3808 3350 μεριμνᾷς,

2237 3365 2330 3418 καὶ
2359 3363 2603 3437 τυρϐάζῃ
2640 3367 2770 3435 περὶ
2808 3366 2995 3420 πολλά.
3044 3367 3195 3430 Ἐνὸς
3225 3368 3281 3420 δέ
3322 3371 3437 3422 ἐστι
3469 3371 3649 3438 χρεία.
3687 3372 3810 3424 Μα-

2237 3460 2329 3527 pia.
2361 3457 2415 3510 δὲ
2443 3457 2540 3526 τὴν
2566 3456 2777 3525 ἀγαθὴν
2804 3459 2998 3528 μερίδα
3038 3452 3486 3531 ὲξελέξατοίῆτις
3515 3463 3618 3514 οὐκ
3643 3463 3811 3530 ἀφαι-

2240 3548 2529 3620 ρεθήσεται
2561 3549 2654 3601 ἀπ’
2686 3550 2877 3618 αὐτῆς.
2921 3570 2940 3600 ι
2973 3553 3132 3616 Μέγα
3165 3553 3266 3622 μὲν
3289 3553 3348 3605 τὸ
3371 3553 3470 3622 τῆς
3497 3553 3808 3621 φιλοξενίας

2233 3639 2464 3709 ἀγαθὸν,
2501 3641 2914 3712 ὃπερήΜάρθα
2959 3643 3326 3708 ἐπεδείκνυτο,
3369 3645 3465 3699 καὶ
3515 3646 3620 3699 οὐκ
3668 3648 3806 3700 ἀπόο

2233 3733 2448 3803 ὄλητοψ
2490 3734 2672 3802 μεῖζον
2721 3734 2777 3787 δὲ
2807 3735 2867 3787 τδ
2898 3737 3184 3806 προσέχειν
3211 3739 3324 3798 τοῖς
3352 3740 3806 3807 πνευματικωτέο

2238 3842 2352 3894 ροις
2379 3825 2580 3892 λόγοις.
2615 3825 2693 3878 Δι’
2719 3826 2931 3878 ἐκείνου
2963 3826 3059 3896 μὲν
3090 3827 3199 3897 γάρ
3225 3827 3285 3879 τὸ
3327 3827 3486 3896 σῶμα
3517 3831 3800 3900 τρέφεται,

2233 3915 2320 3968 διὰ
2351 3915 2407 3967 δὲ
2439 3914 2631 3967 τούτου
2664 3917 2697 3984 ἡ
2727 3913 2872 3985 ψυχὴ
2903 3915 3158 3978 ζωοῦται.
3215 3917 3289 3969 Οὐ
3325 3919 3437 3988 γὰρ
3486 3919 3575 3974 διὰ
3623 3922 3801 3985 τοῦτο,

2234 4007 2391 4076 φησὶ,
2444 4011 2749 4076 πάρεσμεν,
2807 4001 2853 4060 ὦ
2897 4008 3117 4079 Μάρθα,
3156 4008 3240 4062 ἵνα
3277 4009 3375 4080 τὴν
3427 4013 3674 4081 γαστέρα
3708 4015 3802 4083 ἐμ·

2230 4099 2520 4166 πλήσωμειν
2550 4097 2808 4151 ποικίλων
2839 4099 3167 4170 βρωμάτων,
3187 4101 3305 4155 ἀλλ’
3337 4102 3426 4156 ἵνα
3449 4103 3630 4174 ψυχὰς
3650 4105 3795 4175 ὠφε-

2229 4189 2505 4260 λήσωμεν.
2537 4190 2681 4260 Ὀρα
2711 4188 2769 4243 δὲ
2797 4190 2895 4260 τὴν
2924 4189 3020 4243 τοῦ
3045 4193 3254 4262 Κυρίου
3286 4192 3537 4265 γνώμην.
3568 4197 3646 4248 Uti
3668 4196 3798 4264 πρός

2225 4299 2381 4352 τερον
2410 4278 2531 4334 εἶπέ
2572 4299 2623 4333 τι
2651 4281 2790 4352 πρὸς
2812 4281 2913 4351 τὴν
2943 4283 3198 4353 Μάρθαν,
3248 4287 3380 4353 πρὶν
3410 4286 3444 4356 ἢ
3482 4287 3617 4358 παρ’
3650 4288 3800 4341 ὲκεί-

2229 4389 2322 4438 νης
2354 4371 2536 4424 λαϐεῖν
2563 4371 2662 4434 τὰς
2692 4371 2943 4441 ἀφορμάς
2968 4375 3067 4443 τῆς
3095 4375 3460 4446 ὲπιπλήξεως.
3509 4378 3664 4431 Ἐπεὶ
3691 4379 3799 4450 γὰρ

2229 4463 2410 4533 εκείνη
2443 4463 2872 4517 ἀποσπάσασθαι
2915 4465 3177 4536 έπειρᾶτο
3215 4468 3314 4537 τὴν
3343 4469 3586 4542 ἀδελφὴν
3629 4473 3800 4542 αὐτῆς

573 4570 728 4613 tenus
763 4557 906 4610 enim
931 4552 1269 4620 hospitalitas
1295 4550 1642 4605 veneratione
1667 4550 1827 4619 digna
1857 4559 1964 4613 est,
1991 4563 2125 4618 qua-

2233 4554 2342 4608 ἀπὺ
2387 4557 2485 4626 τῆς
2539 4555 2878 4625 ἀκροάσεως,
2922 4557 3043 4609 τότε
3102 4558 3131 4611 δ
3199 4557 3403 4629 Κύριος
3463 4561 3803 4633 δραξάμενος

571 4662 726 4704 tenus
761 4663 867 4702 non
897 4645 1163 4699 abstrahit
1191 4652 1246 4696 et
1281 4643 1496 4697 abducit
1525 4657 1626 4696 nos
1671 4656 1700 4694 a
1733 4642 1904 4712 magis
1933 4656 2128 4698 neces-

581 4758 640 4795 sa
651 4743 763 4793 riis.
787 4737 889 4792 Sed
907 4738 950 4790 si
976 4735 1200 4804 coeperit
1220 4748 1316 4790 nos
1333 4747 1523 4790 arcere
1538 4749 1568 4788 a
1587 4733 1754 4789 rebus
1766 4735 2122 4805 gravioribus,

569 4843 697 4886 tunc
725 4830 796 4884 illi
850 4827 1215 4897 praeferendus
1261 4827 1566 4882 divinorum
1612 4828 1877 4883 auditus:
1930 4829 2040 4883 imo
2079 4829 2124 4884 si

569 4920 876 4975 accuratius
909 4917 1220 4980 dicendum,
1270 4931 1375 4970 non
1423 4915 1842 4986 hospitalitatem
1875 4917 2126 4987 prohibet

570 5013 852 5076 Dominus,
885 5009 979 5064 sed
1041 5008 1356 5064 varietatem
1388 5021 1452 5063 ac
1504 5007 1750 5077 turbam,
1801 5011 1904 5066 hoc
1941 5020 2023 5065 est
2051 5012 2128 5066 di-

571 5103 918 5155 stractionem
960 5108 1013 5154 et
1053 5097 1431 5154 turbationem.
1483 5096 1695 5154 Laudat
1734 5099 1877 5154 enim
1918 5099 2126 5171 frugale

571 5192 882 5261 hospitium.
905 5189 1097 5256 lQuare
1126 5189 1294 5253 enim,
1319 5188 1510 5258 inquit,
1535 5189 1766 5258 Martha,
1788 5192 2017 5248 sollicita
2044 5207 2122 5257 es,

569 5295 627 5339 et
661 5282 898 5336 turbaris
925 5283 1066 5334 circa
1102 5279 1263 5332 multa
1305 5279 1411 5334 hoc
1436 5287 1542 5344 est,
1569 5280 1914 5348 distraheris,
1942 5282 2124 5337 turba-

571 5375 684 5428 ris?
714 5373 835 5428 Uno
873 5371 1028 5431 nobis
1089 5384 1223 5439 opus
1274 5377 1379 5434 est,
1442 5383 1633 5442 nempe
1676 5382 1733 5428 ut
1781 5375 2125 5429 comedamus

573 5466 1038 5533 qualitercunque,
1073 5476 1178 5516 non
1219 5462 1404 5517 variis.
1449 5462 1674 5529 Quidam
1727 5475 1906 5521 autem
1959 5480 2125 5536 expo-

572 5564 726 5620 nuut,
754 5570 858 5607 uno
883 5564 966 5609 est
987 5569 1140 5622 opus,
1171 5567 1277 5607 non
1307 5553 1374 5608 de
1397 5567 1513 5614 esu,
1563 5557 1654 5610 sed
1698 5555 1994 5613 attentione
2024 5558 2122 5610 do-

569 5648 778 5702 etrinae.
813 5645 977 5700 Porro
997 5645 1156 5700 dictis
1186 5643 1292 5698 illis
1342 5644 1498 5699 docet
1532 5644 1784 5703 Dominus
1829 5646 2118 5716 apostolos,

574 5746 628 5789 ut
657 5752 779 5790 cum
819 5735 1063 5790 venerint
1103 5735 1156 5790 in
1199 5733 1415 5789 domum
1474 5735 1772 5806 cujusdam,
1827 5755 1932 5795 non
1972 5743 2118 5797 varia

574 5823 871 5894 inquirant,
911 5825 1004 5881 sed
1044 5823 1278 5880 contenti
1329 5822 1439 5879 sint
1490 5822 1686 5894 {rogali
1730 5826 2114 5899 hospitalitate,

2229 4647 2507 4720 ἀφορμῆς.
2543 4647 2865 4718 ἐπιπλήττει
2891 4648 3090 4718 αὑτήν.
3134 4648 3314 4718 Μέχρι
3347 4652 3458 4721 γὰρ
3479 4653 3602 4706 τότε
3636 4656 3668 4723 ἡ
3713 4672 3801 4724 φι-

2225 4739 2436 4804 λοεενία
2466 4738 2719 4808 τιμητέα,
2757 4738 2952 4810 μέχρις
2988 4739 3114 4793 δτου
3139 4739 3202 4794 οὐ
3230 4743 3476 4813 περισπᾷ
3497 4745 3668 4814 ἡμᾶς,
3706 4748 3800 4800 καὶ

2225 4833 2511 4901 ἀπαγάγει
2549 4831 2660 4884 τῶν
2707 4831 3175 4902 ἀναγκαιοτέρων.
3223 4831 3394 4887 Ἐπάν
3450 4835 3508 4888 δὲ
3564 4837 3797 4908 ἄρξηται

2225 4920 2459 4974 κωλύειν
2494 4921 2644 4992 ἡμᾶς·
2669 4920 2778 4974 ἀπὺ
2821 4919 2932 4974 τῶν
2981 4923 3441 4997 σπουδαιοτέρων,
3487 4929 3796 4998 τηνικαῦτα

2225 5011 2433 5081 ταύτης
2468 5014 2836 5084 προτιμητέον
2860 5011 2960 5082 τὴν
2983 5013 3094 5068 τῶν
3127 5013 3291 5069 θείων
3332 5018 3621 5088 ἀκρόασιν,
3651 5022 3794 5093 μᾶλ-

2233 5102 2325 5156 λον
2342 5101 2401 5156 δὲ
2422 5102 2471 5155 εί
2495 5103 2578 5156 δεῖ
2610 5102 2672 5155 τὸ
2697 5102 3089 5175 ἀκριϐέστερον
3111 5106 3309 5173 εἰπεῖν,
3341 5109 3405 5162 οὐ
3449 5109 3551 5181 τὴν
3572 5113 3794 5181 φιλοξεο

2222 5192 2344 5246 νίαν
2371 5193 2569 5246 κωλύει
2603 5193 2633 5247 δ
2665 5193 2892 5264 Κύριος,
2927 5195 3064 5249 ἀλλά
3085 5197 3185 5268 τὴν
3207 5199 3486 5254 ποικιλίαν
3517 5204 3613 5256 καὶ
3650 5205 3753 5277 τύρ

2223 5286 2346 5353 δην,
2375 5283 2621 5337 τουτέστι
2654 5284 2748 5340 τὸν
2776 5288 3184 5358 περισπασμδν,
3242 5290 3337 5342 καὶ
3368 5290 3470 5361 τὴν
3497 5296 3752 5368 ταραχήν
3773 5311 3789 5328 ·

2223 5374 2344 5426 ἐπεὶ
2373 5374 2469 5442 τὴν
2508 5374 2662 5442 λιτὴν
2692 5376 2962 5449 ὑποδοχὴν
2995 5380 3228 5432 έπαινεῖ.
3255 5379 3374 5434 Ἵνα
3399 5383 3453 5436 τί
3476 5384 3607 5456 γὰρ,
3635 5388 3790 5462 φησι,

2221 5463 2421 5535 Μάρθα
2456 5466 2746 5537 μεριμνᾷς,
2779 5468 2874 5519 καὶ
2898 5468 3144 5542 coma;
3169 5471 3362 5539 πολλὰ,
3395 5477 3673 5546 τουτέστι,
3699 5497 3792 5534 πε-

2225 5558 2412 5627 ρισπᾷ,
2434 5558 2712 5630 ταράττῃς
2751 5560 2902 5625 Ἐνδς
2938 5561 3138 5632 ἔχομεν
3184 5565 3377 5636 χρείαν
3407 5567 3504 5622 τοῦ
3543 5573 3790 5640 φαγεῐνδ

2219 5663 2272 5700 τι
2302 5647 2364 5716 δή
2395 5659 2551 5713 ποτε,
2581 5651 2702 5719 οὐχὶ
2731 5650 3026 5715 ποικιλίας.
3065 5653 3222 5718 Τινὲς
3259 5656 3316 5708 δὲ
3341 5657 3424 5722 τὸ,
3467 5659 3624 5725 Ἐνός
3671 5665 3786 5718 ἐστι

2219 5744 2394 5813 χρεία,
2424 5746 2485 5797 οὐ
2523 5748 2650 5817 περὶ
2679 5745 2770 5800 τοῦ
2798 5749 2992 5815 φαγεῖν
3015 5748 3266 5819 ἐνόησαν,
3290 5751 3440 5806 ’ἀλλὰ
3460 5754 3560 5810 τοῦ
3590 5757 3790 5828 προσέ-

2217 5852 2332 5904 χειν
2360 5840 2423 5908 τῇ
2463 5837 2798 5908 διδασκαλίᾳ.
2827 5839 2905 5891 Δι’
2932 5833 3006 5894 ὧν
3040 5840 3094 5893 δι
3125 5841 3274 5910 λέγει
3299 5885 3314 5910 ,
3376 5845 3625 5904 διδάσκει
3661 5852 3784 5915 τοὺς
