4038 6526
217 413 318 475 853

885 412 1328 473 EN’ARRATIO
1368 413 1449 474 ΙΝ
1490 412 1990 475 EVANGELIUM
2026 415 2262 477 LUCKE.
2300 440 2370 453 ·-
2408 416 2565 481 CAP.
2609 417 2717 478 XI.

3383 416 3494 482 85L

216 529 548 591 ἀποστόλους
587 529 614 580 ὁ
635 526 858 598 Κύριος,
893 527 981 581 ἵνα
1007 529 1136 580 ὅταν
1165 528 1477 581 είσέλθωςιν
1510 530 1590 591 είς
1615 528 1792 582 οἰκίαν

1903 527 2037 580 nihil
2069 527 2187 596 plus
2217 537 2522 596 qurerentes
2554 543 2718 597 quam
2759 537 2814 583 ut
2860 527 3148 584 attendant
3208 527 3488 584 doctrinae.

213 619 381 682 τινὸς,
425 617 592 687 μηδὲν
635 616 881 669 ποικίλον
932 617 1198 687 ζητῶσιν,
1242 617 1357 671 ἀλλ’
1391 618 1670 686 άρκῶνται
1720 622 1794 689 τῇ

215 711 336 783 λιτῇ
379 710 639 779 ὑποδοχῇ,
689 709 855 779 μηδὲν
880 710 1043 762 πλέον
1070 708 1382 781 ζητοῦντες,
1419 711 1452 780 ἢ
1492 710 1554 763 τδ
1590 710 1792 782 προσέ-

218 820 334 872 χειν
363 806 427 872 τῇ
478 801 794 873 διδασκαλίᾳ
821 818 834 831 ·
872 801 980 854 νόει
1013 799 1072 854 δέ
1108 819 1220 870 μοι,
1274 801 1506 870 Μάρθαν
1559 802 1658 871 μὲν
1692 801 1793 871 τὴν

217 895 528 965 πρακτικὴν
555 892 778 964 ἀρετὴν,
827 893 1050 963 Μαρίαν
1094 893 1151 946 δὲ
1177 892 1279 963 τὴν
1321 893 1577 964 θεωρίαν.
1600 893 1663 946 Ἦ
1691 895 1790 964 μὲν

217 985 309 1040 οὖν
340 986 618 1057 πρακτικὴ
657 986 1078 1057 περισπασμοὺς
1128 985 1239 1054 ἔχει
1301 986 1394 1038 καὶ
1437 986 1710 1057 ὀχλήσεις,
1758 987 1790 1056 ἠ

215 1076 272 1130 δὲ
313 1075 534 1146 θεωρία,
561 1078 726 1148 κυρία
745 1077 1012 1147 γενομένη
1038 1077 1147 1130 τῶν
1185 1077 1395 1131 παθῶν
1433 1079 1623 1150 Μαρία
1657 1077 1788 1149 γὰρ,

218 1167 384 1235 κυρία
406 1208 419 1226 .
469 1167 852 1239 ἑρμηνεύεται·
885 1169 965 1230 είς
995 1167 1093 1237 τὴν
1142 1169 1252 1221 τῶν
1300 1168 1459 1222 θείων
1490 1167 1667 1236 λόγων
1701 1171 1791 1222 καὶ

212 1261 322 1311 τῶν
351 1259 635 1327 χριμάτων
658 1257 889 1326 ἔποψίαν
912 1259 1285 1328 ὲνασχολεῖται
1316 1261 1506 1329 μόνην.
1544 1261 1789 1330 Πρόσχες

212 1351 270 1404 δὲ
304 1351 394 1403 καὶ
434 1351 512 1414 τὺ,
558 1350 992 1420 Παρακαθίσασα
1045 1352 1197 1421 παρὰ
1224 1352 1351 1414 τοὺς
1406 1352 1573 1415 πόδας
1598 1351 1788 1417 αὑτοῦ,

211 1445 380 1511 ἤκουε
408 1443 516 1494 τῶν
537 1441 712 1509 λόγων
752 1442 936 1497 αὐτοῦ.
981 1443 1045 1496 Oi
1102 1443 1200 1513 μὲν
1234 1444 1344 1515 γὰρ
1386 1445 1545 1507 πόδες
1587 1447 1790 1498 νοοῐντο

210 1533 278 1585 ἂν
311 1534 392 1596 είς
430 1532 529 1603 τὴν
583 1533 894 1604 πρακτικὴν
940 1535 1165 1604 ἀρετήν.
1219 1536 1504 1604 Κινήσεως
1547 1535 1658 1606 γὰρ
1696 1539 1790 1591 καὶ

211 1623 440 1693 πορείας
468 1622 604 1675 είσὶν
633 1623 974 1676 ὲνδεικτικοί.
1012 1623 1086 1675 Τὸ
1113 1624 1169 1678 δὲ
1195 1625 1441 1688 καθίσαι,
1479 1627 1578 1696 τῆς
1603 1628 1786 1698 ἑδραι-

209 1715 405 1782 ότητος
428 1713 716 1782 σύμϐολον.
750 1716 941 1777 Ὅστις
966 1715 1059 1768 οῦν
1087 1716 1301 1769 καθίσει
1332 1719 1486 1788 παρὰ
1521 1720 1650 1783 τοὺς
1693 1720 1792 1773 πό-

209 1803 310 1867 δας
338 1801 432 1855 τοῦ
498 1804 693 1873 Ἰησοῦ,
744 1805 1047 1871 τουτέστιν,
1096 1807 1246 1872 ὅστις
1310 1808 1579 1880 ἑδραιωθῇ
1638 1811 1696 1862 ὲν
1721 1814 1788 1881 τῇ

1899 621 2144 693 lntellige
2172 638 2388 694 quoque
2419 639 2514 694 per
2544 624 2815 678 Martham
2856 620 3110 680 virtutem
3145 627 3442 693 practieam
3471 661 3491 691 ,

1897 730 1994 784 per
2022 713 2271 783 Mariam,
2323 715 2862 784 contemplationem.
2903 715 3151 772 Practice
3184 717 3328 771 enim
3379 716 3494 772 dis-

1899 807 2197 861 tractiones
2248 817 2302 862 et
2355 804 2695 864 tnrhationes
2735 808 2888 862 fert:
2939 808 3328 879 contemplatio
3362 823 3491 865 vero

1897 896 2113 952 domina
2169 897 2227 951 lit
2283 897 2653 954 atYecuonum.
2687 899 2854 952 Maria
2896 899 3040 952 enim
3073 898 3290 953 domina
3315 899 3492 955 inter-

1894 997 2163 1058 pretatur,
2198 1003 2263 1045 ac
2293 990 2347 1045 in
2382 990 2495 1046 sola
2541 992 2856 1046 divinorum
2885 993 3231 1061 eloquiorum
3264 1002 3320 1048 et
3343 993 3491 1060 judi-

1895 1082 2102 1138 ciorum
2137 1084 2602 1152 contemplatione
2646 1096 2914 1154 occupata
2953 1093 3058 1142 est.
3105 1087 3494 1142 Animadverte

1897 1182 2076 1227 autem
2117 1172 2330 1236 ethoc,
2363 1173 2505 1241 quod
2568 1175 2775 1230 assidet
2812 1173 2970 1242 juxta
3013 1176 3178 1245 pedes
3232 1173 3385 1242 Jesu,
3435 1183 3492 1232 et

1896 1262 2044 1316 audit
2072 1277 2357 1320 sermones
2382 1264 2519 1334 ejus.
2563 1263 2782 1318 Etenim
2825 1278 2925 1331 per
2976 1263 3142 1334 pedes
3178 1263 3492 1334 intelligunt

1898 1354 2147 1408 virtntem
2169 1355 2496 1423 practieam;
2531 1364 2736 1409 motmn
2761 1356 2906 1409 enim
2931 1365 2981 1410 et
3007 1355 3281 1412 incessum
3304 1366 3493 1410 osten-

1895 1441 2050 1494 dunt.
2087 1441 2260 1496 Porro
2295 1442 2496 1507 sessio,
2521 1440 2800 1496 firmitatis
2846 1443 3155 1513 symbolum
3191 1450 3300 1500 est.
3332 1443 3494 1509 Quis~

1896 1533 2016 1601 quis
2052 1533 2219 1602 igitur
2248 1533 2456 1588 sederit
2488 1533 2640 1602 juxta
2676 1534 2841 1600 pedes
2867 1532 3024 1596 Jesu,
3052 1543 3106 1588 et
3132 1535 3493 1590 conﬁrmatus

1897 1621 2065 1677 fuerit
2093 1623 2145 1677 in
2167 1623 2432 1692 practice,
2457 1639 2522 1677 ac
2553 1624 2801 1678 imitatur
2831 1623 2995 1678 vitam
3029 1635 3084 1679 ct
3120 1627 3496 1680 conversatio—

1895 1731 2019 1770 nem
2059 1714 2210 1786 Iesu,
2251 1717 2341 1774 ille
2380 1728 2567 1788 postea
2611 1717 2761 1770 venit
2790 1717 2857 1772 ad
2897 1717 3142 1770 auditum
3183 1718 3490 1772 divinorum

1897 1817 2235 1870 sermonum,
2299 1805 2553 1860 videlicet
2610 1805 3134 1875 contemplationem
3195 1820 3210 1859 :
3266 1806 3392 1876 quia
3438 1817 3494 1860 et

209 1894 516 1963 πρακτικῇ,
558 1894 652 1946 καὶ
685 1893 784 1961 τὴν
812 1895 908 1947 τοῦ
961 1895 1137 1964 Ἰησοῦ
1181 1897 1408 1966 πορείαν
1449 1900 1544 1951 καὶ
1589 1899 1792 1966 διάγω·

1901 1895 2067 1950 Maria
2101 1898 2334 1966 primum
2395 1897 2573 1962 sedet,
2617 1898 2816 1953 deinde
2851 1899 3004 1952 audit
3059 1915 3365 1954 sermones.
3414 1899 3493 1954 Tu

208 1984 316 2053 γὴν
343 1985 726 2055 μιμησάμενος
759 1987 818 2040 ὲν
856 1985 1032 2060 ταύτῃ
1063 1989 1365 2059 στερεωθῇ,
1407 1991 1617 2053 ἐκεῖνος
1649 1991 1791 2060 μετα

208 2074 386 2128 ταῦτα
412 2075 602 2144 φθάνει
628 2079 706 2140 είς
731 2077 831 2148 τὴν
863 2077 1032 2149 ἀκοὴν
1058 2079 1166 2131 τῶν
1194 2079 1352 2132 θείων
1375 2080 1596 2149 λογίων,
1623 2084 1795 2154 ἦγουν

206 2167 312 2236 τὴν
351 2167 606 2237 θεωρίαν.
647 2170 800 2223 Ἐπεὶ
837 2172 933 2223 καὶ
967 2174 999 2240 ἡ
1025 2173 1214 2242 Μαρία
1243 2173 1463 2242 πρῶτον
1493 2175 1791 2243 καθίσασα,

208 2249 314 2314 εῗῗ
340 2253 511 2326 οὒτες
542 2256 712 2333 ﬁmus
731 2258 840 2317 τῶν
867 2259 1060 2326 λόγων.
1091 2261 1162 2314 Σὺ
1190 2262 1391 2329 τοίνυν,
1421 2266 1483 2318 “εί
1507 2265 1606 2334 μὲν
1631 2263 1794 2320 δύνα-

208 2371 326 2418 σαι,
353 2357 431 2418 είς
458 2357 557 2426 τὴν
582 2358 680 2423 τῆς
703 2357 921 2426 Μαρίας
949 2357 1106 2424 τάξιν
1137 2357 1393 2426 ἀνάϐηθι,
1426 2358 1592 2429 κυρία
1642 2375 1795 2428 γενο-

209 2447 356 2516 μένη
391 2447 496 2499 τῶν
538 2447 750 2512 παθῶν,
806 2452 900 2502 καὶ
929 2451 1011 2511 είς
1057 2448 1295 2520 θεωρίαν
1328 2449 1604 2517 φθάσασα.
1644 2451 1706 2503 El
1737 2451 1795 2504 δὲ

210 2538 292 2608 μὴ
322 2536 478 2590 τοῦτό
529 2554 610 2590 σοι
642 2537 888 2604 δυνατὸν,
939 2539 1142 2610 Μάρθα
1185 2541 1364 2606 γενοῦ,
1391 2540 1466 2610 τῷ
1506 2541 1797 2610 πρακτικῷ

211 2630 375 2698 μέρει
407 2631 812 2700 προσκειμένη,
849 2632 944 2684 καὶ
973 2631 1062 2684 διὰ
1094 2632 1288 2684 τούτου
1322 2633 1562 2704 Χριστὸν
1594 2635 1792 2688 ὑποδε-

206 2723 443 2790 χομένη.
480 2722 694 2793 Ὀραδὲ
721 2723 814 2775 καὶ
835 2724 913 2786 τὸ,
950 2743 968 2774 ι
1015 2724 1137 2793 ἥτις
1201 2725 1300 2777 οὐκ
1357 2725 1793 2795 ἀφαιρεθήσεται

211 2817 312 2866 ἀπ’
346 2814 536 2884 αὐτῆς.
589 2835 606 2866 ι
648 2815 705 2868 '0
740 2816 841 2885 μὲν
867 2817 972 2886 γὰρ
1022 2818 1326 2886 πρακτικὸς
1353 2816 1464 2885 ἔχει
1497 2819 1526 2870 ὃ
1559 2819 1795 2888 ἀφαιρε-

209 2911 444 2978 θήσεται
468 2909 562 2962 άπ’
601 2909 791 2974 αὑτοῦ,
821 2909 1121 2972 τουτέστιν,
1149 2910 1280 2962 αὐτὸ
1307 2909 1467 2962 τοῦτο
1499 2909 1597 2978 τὴν
1628 2910 1798 2978 ἀσχο-

202 3001 356 3063 λίαν,
417 3001 510 3052 καὶ
561 3002 652 3054 τὸν
703 3002 1086 3072 περισπασμὸν
1122 3018 1136 3034 ο
1172 3002 1502 3072 προκόπτων
1552 3001 1660 3071 γὰρ
1701 3005 1796 3054 καὶ

205 3093 436 3161 φθάνων
462 3094 539 3156 είς
569 3093 820 3164 θεωρίαν,
854 3095 946 3147 τοῦ
983 3096 1376 3165 περισπασμοῦ
1406 3096 1500 3147 καὶ
1528 3097 1624 3161 τῆς
1661 3095 1796 3164 τύρ-

202 3187 316 3250 6ης
366 3185 774 3256 ἐλευθεροῦται·
808 3185 951 3239 ὥστε
999 3187 1314 3256 ἀφαιρεῖταί
1356 3205 1405 3238 τι
1449 3188 1543 3239 ἀπ’
1598 3187 1788 3240 αὑτοῦ.

216 3278 280 3328 ὐ
307 3275 364 3328 δὲ
423 3275 754 3346 θεωρητικὸς
802 3278 863 3329 οὺ
916 3278 1191 3347 στερεῖταί
1244 3295 1372 3331 ποτε
1425 3279 1525 3348 τῆς
1576 3280 1787 3349 ἀγαθῆς

1901 1991 2064 2061 igitur
2092 1990 2136 2044 si
2172 1990 2394 2060 quidem
2425 1999 2601 2059 potes,
2640 1990 2692 2044 in
2735 1990 2985 2045 ordinem
3013 1989 3198 2044 Maria:
3237 1993 3494 2054 ascende,

1897 2091 1950 2134 et
1983 2082 2080 2137 llas
2110 2081 2345 2136 domina
2368 2081 2740 2148 alfectionum,
2771 2091 2825 2135 et
2867 2083 2934 2137 ad
2975 2082 3492 2153 contemplationem

1901 2174 2143 2227 veniens.
2180 2174 2246 2227 At
2277 2174 2320 2227 si
2361 2174 2462 2228 hoc
2494 2174 2588 2228 tibi
2624 2189 2731 2228 non
2769 2173 2934 2229 fuerit
2957 2175 3235 2245 possibile,
3278 2175 3492 2230 Martha

1899 2274 2037 2329 esto,
2071 2265 2329 2334 practice
2365 2266 2507 2335 parti
2538 2264 2816 2329 addictus,
2849 2277 2902 2318 et
2925 2280 3022 2333 per
3071 2265 3175 2321 hoc
3214 2267 3494 2322 Christum

1900 2358 2225 2426 suscipiens.
2265 2354 2401 2411 Vide
2425 2365 2604 2410 autem
2638 2357 2740 2411 hoc
2775 2375 2787 2410 :
2827 2377 2845 2408 ι
2886 2356 3018 2423 Qum
3051 2373 3156 2411 non
3211 2357 3494 2414 auferetur

1900 2454 1967 2503 ab
1998 2465 2084 2505 ea.
2132 2469 2149 2502 ι
2189 2448 2476 2504 Practicus
2508 2451 2652 2503 enim
2688 2451 2854 2504 habet
2895 2450 3040 2519 quod
3082 2467 3110 2503 a
3163 2465 3222 2505 se
3278 2451 3498 2506 aufera-

1902 2553 2010 2608 tur,
2045 2542 2149 2596 hoc
2177 2551 2280 2606 est,
2316 2542 2729 2595 distractionem
2754 2551 2806 2594 et
2830 2542 3242 2608 occupationem
3275 2559 3290 2597 :
3321 2542 3487 2611 proﬂ-

1902 2634 2095 2690 ciendo
2121 2635 2264 2689 enim
2297 2634 2443 2687 venit
2468 2636 2533 2686 ad
2564 2635 3100 2703 contemplationem,
3122 2635 3498 2703 liberaturque

1903 2746 1930 2780 a
1969 2723 2276 2783 turbatione
2308 2737 2361 2781 et
2403 2727 2782 2790 distractione,
2809 2736 2858 2780 et
2883 2727 2953 2780 ita
2984 2727 3266 2781 auferetur
3287 2727 3495 2796 aliquid

1903 2821 1970 2874 ab
1998 2836 2082 2874 eo.
2116 2818 2533 2886 Contemplator
2587 2833 2718 2873 vero
2773 2834 2879 2873 non
2933 2819 3178 2888 privatur
3211 2821 3316 2874 hac
3358 2820 3502 2874 bona

1903 2917 2078 2978 parte,
2110 2910 2572 2981 contemplatione
2600 2911 2836 2965 scilicet.
2878 2909 2933 2964 In
2966 2907 3110 2981 quod
3143 2912 3291 2967 enim
3319 2913 3497 2981 majus

1902 3005 2050 3058 aliud
2091 3003 2399 3073 proliceret,
2441 3003 2532 3058 ubi
2567 3005 2622 3058 in
2667 3005 2769 3059 hoc
2814 3005 3026 3059 venerit
3067 3005 3373 3075 fastigium,
3415 3006 3498 3060 di-

1904 3097 2080 3148 \inam
2120 3097 2239 3151 dico
2300 3095 2590 3158 visionem,
2630 3096 2679 3148 id
2714 3096 2859 3163 quod
2923 3106 3007 3149 est
3054 3095 3344 3151 deiﬁcari?
3390 3096 3496 3163 Qui

1903 3186 2044 3240 enim
2076 3187 2166 3240 Dei
2190 3187 2457 3240 visionem
2494 3185 2660 3256 353
2718 3188 3054 3256 assequitur,
3111 3188 3251 3242 Deus
3297 3187 3377 3242 ﬁt.
3414 3187 3503 3243 Si-

1901 3280 2026 3333 mile
2053 3280 2196 3333 enim
2225 3279 2386 3334 simili
2427 3278 2928 3347 comprehenditur.

198 3369 416 3440 ταύτης
445 3370 679 3440 μερίδος,
713 3372 858 3440 λέγω
878 3371 942 3443 δὴ
965 3373 1064 3442 τῆς
1089 3372 1346 3442 θεωρίας.
1380 3371 1474 3434 Εἰς
1503 3373 1610 3442 γὰρ
1644 3375 1797 3424 ποῖον
1837 3372 1968 3427 ἄλλο
2011 3371 2196 3441 μεῖζον
2232 3371 2523 3441 προκόψει,
2595 3371 2811 3440 φθάσας
2882 3373 2962 3434 είς
3006 3372 3142 3425 αὐτὸ
3169 3374 3230 3425 τὸ
3251 3374 3496 3445 ἀκρότα-

199 3483 325 3529 τον,
360 3464 504 3532 λέγω
527 3464 590 3535 δὴ
617 3466 675 3517 τὸ
713 3466 844 3518 Θεὸν
875 3467 1115 3535 βλέπειν,
1148 3467 1284 3537 ὅπερ
1328 3466 1447 3518 ἔστι
1515 3465 1933 3534 θεουργεῖσθαι;
1975 3463 2035 3518 '0
2071 3464 2179 3532 γὰρ
2251 3465 2384 3517 Θεὸν
2457 3464 2680 3533 βλέπειν
2741 3462 2994 3529 ἀξιωθεὶς
3010 3505 3036 3531 ,,
3093 3466 3214 3531 θεὸς
3253 3468 3492 3547 γίνεταιο

198 3559 302 3630 Τῷ
333 3561 506 3631 ὁμοίῳ
530 3561 640 3631 γὰρ
664 3561 723 3613 τὸ
755 3563 936 3631 ὅμοιον
963 3561 1467 3631 καταλαμϐάνεται.

815 3705 1066 3758 ΚΕΦᾹΑ.
1092 3703 1193 3759 IA'.

199 3813 359 3881 Περὶ
411 3813 783 3888 προσευχῆςἒ
831 3816 966 3888 Περὶ
1025 3815 1148 3888 τοῦῖ
1187 3817 1439 3883 ἔχοντος
1488 3818 1801 3888 δαιμόνιον

279 3885 510 3959 κωφόν,
539 3886 675 3959 Περὶ
695 3883 822 3959 ,τῆς
843 3885 954 3959 λὲκ-
973 3886 1081 3939 τοῦ
1117 3887 1307 3955 ὄχλου
1331 3883 1652 3959 ἐπαράσὴς
1680 3907 1799 3959 pcu-

278 3953 426 4029 2_1'jr.
459 3955 595 4029 Περὶ
646 3954 765 4029 τωρ·
793 3957 1121 4029 αἱτορκτων
1154 3953 1462 4029 σημεῖον(
1497 3953 1641 4029 Περί
1680 3953 1798 4029 ⁷τοῦ

275 4027 613 4106 φαριρναζου
645 4025 751 4078 τοῦ
771 4025 1195 4106 ἡκαέέσαντος-
1211 4025 1315 4082 τὸν
1348 4025 1619 4097 Ἰησοῦίπ
1653 4027 1797 4099 Περῖ

274 4099 394 4147 τοῦ
423 4099 800 4164 ἐαλανισμοῦ
834 4099 952 4150 τῶν
981 4099 1266 4166 νομικῶν.

279 4227 300 4258 ι
347 4207 457 4262 Καὶ
510 4209 747 4276 ἐγένετο,
796 4211 854 4262 ὲν
897 4209 976 4280 τῷ
1019 4205 1160 4263 εἶναι
1204 4211 1370 4264 αὑτὸν
1410 4214 1467 4264 ὲν
1507 4212 1656 4283 τόπῳ
1689 4213 1800 4266 τινὶ

188 4302 650 4373 προσευχόμενον
675 4340 690 4364 ,
720 4300 794 4362 ὡς
823 4301 1136 4366 ἐπαύσατο,
1177 4297 1300 4354 εἷπὲ
1345 4319 1427 4364 τις
1476 4302 1587 4355 τῶν
1619 4303 1800 4375 μαθη-

182 4394 316 4448 τῶν
351 4391 516 4446 αὑτοῦ
537 4392 674 4461 πρὸς
705 4393 868 4446 αὐτόν
893 4407 908 4422 ο
934 4391 1134 4462 Κύριε,
1154 4393 1366 4458 δίδαξον
1389 4395 1539 4464 ἡμᾶς
1565 4395 1801 4466 προσεύ-

181 4485 426 4558 χεσθαι,
463 4483 641 4547 καθὼς
682 4483 778 4538 καὶ
832 4485 1090 4556 Ἰωάννης
1121 4484 1330 4549 ἐδίδαξε
1387 4486 1511 4548 τοὺς
1547 4487 1798 4557 μαθητὰς

179 4576 401 4632 αὐτοῦ.
429 4574 563 4638 Birt;
593 4576 651 4629 δὲ
673 4577 856 4639 αὐτοῖς
881 4594 893 4606 ·
926 4575 1096 4628 Ὅταν
1123 4575 1524 4645 προσεύχησθε,
1560 4575 1750 4644 λέγετε
1775 4589 1790 4605 ⁸

179 4673 230 4724 ιι
247 4670 397 4739 άτερ
417 4667 596 4738 ἡμῶν,
623 4669 652 4720 ὁ
679 4669 736 4721 ὲν
760 4671 873 4731 τοῖς
894 4667 1167 4737 οὐρανοῖς,
1188 4667 1509 4738 ἁγιασθήτω
1539 4666 1602 4720 τὸ
1625 4666 1797 4738 ὄνομά

181 4781 328 4827 σο),
372 4760 576 4814 ἐλθέτω
613 4761 647 4831 ἢ
693 4760 943 4831 βασιλεία
975 4777 1092 4827 σου,
1124 4761 1414 4831 γενηθήτω
1465 4760 1527 4812 τὸ
1579 4760 1796 4830 θέλημά

179 4876 322 4919 σου,
365 4855 444 4918 ὡς
496 4857 555 4906 ὲν
601 4855 838 4925 οὐρανῷ,
895 4856 991 4908 καὶ
1044 4856 1138 4908 ἐπὶ
1173 4855 1270 4924 τῆς
1329 4856 1450 4923 γῆς,
1503 4855 1595 4908 τὸν
1628 4854 1794 4924 ἄρτον

177 4948 370 5019 ἡμῶν
397 4947 490 4999 τὸν
519 4946 798 4999 ἐπιούσιον
828 4945 970 4999 δίδου
1000 4947 1134 5016 ἡμῖν
1166 4946 1226 4998 τὸ
1258 4946 1381 4998 καθ’
1421 4945 1660 5015 ἡμέραν,
1694 4944 1793 4998 καὶ

170 5041 342 5109 ἄφες
368 5038 502 5107 ἡμῖν
524 5036 621 5100 τὰς
639 5038 912 5107 ἁμαρτίας
933 5038 1117 5106 ἡμῶν,
1142 5038 1236 5090 καὶ
1254 5037 1362 5107 γὰρ
1382 5038 1535 5089 αὐτοὶ
1559 5038 1794 5106 ἀφίεμεν

171 5131 375 5185 παντὶ
421 5128 873 5198 ὀφείλοντιήμϊν,
919 5131 1014 5182 καὶ
1062 5129 1139 5198 μὴ
1169 5129 1489 5201 εἰσενέγκῃς
1517 5129 1668 5199 ἡμᾶς
1713 5129 1792 5191 είς

168 5223 541 5296 πειρασμὸν,
597 5222 735 5275 ἀλλὰ
783 5223 944 5294 ῥῦσαι
992 5223 1140 5291 ⁴ἡμεῖς
1179 5221 1287 5274 ἀπὸ
1324 5222 1418 5275 τοῦ
1453 5221 1712 5290 πονηροῦ.
1770 5240 1787 5271 ι

167 5320 373 5389 Ζηλοῖ
398 5318 427 5369 ὁ
455 5315 705 5387 μαθητὴς
738 5315 976 5386 Χριστοῦ
1035 5317 1162 5378 τοὺς
1221 5314 1470 5384 μαθητὰς
1516 5313 1790 5380 Ἰωάννου,

163 5415 262 5468 διδ
305 5410 417 5462 καὶ
456 5409 609 5477 ζητεί
637 5407 953 5478 διδαχθῆναι
979 5407 1180 5475 τρόπον
1206 5411 1537 5478 προσευχῆς.
1581 5405 1640 5458 '0
1661 5407 1793 5474 γοῦν

166 5503 413 5571 Σωτὴρ
453 5500 716 5567 διδάσκει,
754 5501 828 5571 μὴ
863 5501 1263 5571 παρωσάμενος
1312 5501 1411 5570 τὴν
1435 5499 1661 5564 ἀξίωσιν
1695 5498 1790 5552 τοῦ

165 5592 485 5670 μαθητοῦ.
527 5595 711 5665 Πάτερ
751 5594 933 5665 ἡμῶν,
967 5594 1155 5663 φησιν,
1191 5597 1219 5647 ὁ
1250 5594 1309 5646 tv
1347 5596 1462 5656 τοῖς
1513 5593 1789 5664 οὐρανοῖς.

161 5693 346 5759 Ὅρα
374 5685 477 5751 τὴν
515 5686 616 5751 τῆς
641 5685 809 5754 εὐχῆς
835 5682 1092 5755 δύναμιν.
1125 5685 1305 5748 Εὐθὺς
1339 5685 1452 5738 ἄνω
1478 5702 1537 5738 σε
1564 5685 1785 5752 ἀνάγει,

161 5783 281 5838 καὶ
320 5777 514 5829 πείθει
543 5795 626 5845 σε,
657 5778 845 5847 ἐπειδὴ
900 5779 1188 5848 ὀνομάζεις
1245 5780 1455 5847 πατέρα
1496 5778 1588 5830 τὸν
1633 5777 1785 5841 Θεὸν,

161 5878 255 5947 μὴ
297 5871 490 5931 πάντη
517 5870 611 5932 τῆς
639 5869 952 5932 ὁμοιότητος
989 5870 1380 5924 ἀπολείπεσἾαν.
1407 5910 1419 5929 ,
1449 5868 1580 5921 ἀλλὰ
1620 5885 1787 5920 σπου·

2521 3704 2753 3761 CAPUT
2801 3704 2894 3762 XI.

1903 3813 1978 3868 De
2013 3816 2272 3869 oratione.
2304 3815 2379 3867 De
2406 3831 2466 3868 co
2501 3815 2592 3884 qui
2616 3816 2840 3869 habebat
2893 3816 3498 3884 dwmoniumﬂsurdum.

1975 3885 2048 3938 De
2075 3887 2294 3938 muliere
2322 3902 2440 3951 qua:
2470 3902 2641 3939 vorem
2675 3887 2739 3940 de
2767 3891 2921 3938 turba
2967 3885 3178 3941 extulit.
3213 3883 3291 3937 De
3322 3896 3497 3949 peten-

1973 3956 2113 4009 tibus
2142 3959 2374 4024 signum.
2418 3955 2491 4009 De
2542 3955 2821 4010 Plurist
2868 3955 3246 4025 interpellante
3287 3955 3497 4011 Jesum.

1973 4025 2050 4080 De
2085 4027 2304 4081 miseria
2329 4026 2776 4095 legisperitornm.

1976 4212 2138 4268 Vens.
2171 4213 2287 4268 1-4.
2328 4231 2346 4264 ι
2382 4210 2447 4266 Et
2480 4211 2681 4266 factum
2713 4219 2798 4265 est
2849 4225 2972 4264 cum
3020 4221 3207 4265 oraret
3246 4209 3484 4278 quodam

1901 4305 1954 4360 in
1987 4307 2124 4372 loco,
2183 4316 2240 4359 ut
2266 4304 2527 4368 cessavit,
2560 4303 2695 4357 dixit
2723 4302 2945 4371 quidam
2974 4315 3038 4356 ex
3073 4301 3358 4369 discipulis
3381 4301 3499 4369 ejus

1900 4398 1966 4451 ad
1998 4412 2122 4451 eum
2160 4415 2173 4450 :
2206 4396 2460 4458 Domine,
2488 4396 2626 4450 doce
2665 4408 2764 4448 nos
2817 4407 3010 4458 orare,
3067 4394 3213 4447 sicut
3257 4391 3498 4447 Joannes

1900 4488 2086 4543 docuit
2115 4489 2415 4558 discipulos
2447 4499 2597 4542 suos.
2631 4485 2694 4538 Et
2723 4486 2800 4539 ait
2828 4486 2934 4539 illis
2969 4502 2982 4538 ε
3021 4485 3156 4539 Cum
3190 4483 3383 4550 oratis,
3415 4482 3499 4539 di-

1827 4559 1871 4613 ι)
1900 4580 2006 4635 cite
2043 4599 2056 4634 :
2090 4577 2254 4633 Pater
2285 4589 2492 4644 noster,
2541 4578 2633 4647 qui
2682 4591 2742 4632 es
2791 4576 2844 4629 in
2888 4573 3078 4639 etnlis,
3119 4573 3498 4628 sanetiticetur

1901 4685 2102 4726 nomen
2162 4681 2346 4736 tuum;
2381 4672 2563 4724 veniat
2610 4684 2839 4738 regnum
2896 4676 3079 4733 tuum;
3117 4666 3211 4720 llat
3245 4664 3498 4720 voluntas

1903 4772 2012 4825 tua,
2048 4761 2506 4830 quemadmodum
2541 4760 2598 4814 in
2649 4759 2813 4822 caelo.
2874 4761 2955 4815 sic
2988 4759 3152 4813 etiam
3197 4759 3250 4814 in
3305 4766 3494 4826 terra;

1900 4869 2097 4924 panem
2133 4863 2378 4906 nostrum
2409 4849 2793 4920 quotidianum
2817 4850 2884 4903 da
2919 4851 3077 4905 nobis
3105 4849 3349 4919 quotidie
3382 4865 3397 4916 ;
3440 4859 3499 4904 et

1904 4947 2122 5001 remitte
2163 4945 2323 5000 nobis
2355 4955 2582 5012 peccata
2621 4951 2828 5006 nostra,
2878 4943 3153 5012 siquidem
3196 4952 3250 4996 ct
3281 4956 3380 4996 nos
3410 4957 3498 4996 re-

1901 5037 2171 5092 mittimus
2213 5037 2362 5091 omni
2413 5035 2632 5092 tlebeuti
2678 5035 2857 5090 nobis.
2900 5035 2963 5088 Et
3007 5049 3074 5090 ne
3135 5049 3233 5088 nos
3270 5034 3496 5089 inducas

1904 5132 1959 5185 in
1992 5130 2373 5192 tentatiouem,
2399 5129 2492 5183 sed
2529 5127 2700 5182 libera
2737 5142 2836 5182 nos
2895 5143 2924 5180 a
2967 5127 3130 5180 malo.
3166 5145 3186 5179 ι
3245 5125 3496 5181 Imitatur

1898 5224 2200 5290 discipulus
2231 5223 2436 5276 Christi
2488 5220 2787 5291 discipulos
2825 5219 3054 5274 Joannis
3114 5237 3128 5273 :
3191 5218 3396 5274 idcirco
3435 5229 3491 5275 et

1903 5317 2099 5385 quzerit
2124 5327 2176 5367 ut
2212 5316 2473 5369 doeeatur
2505 5315 2728 5368 modum
2781 5313 3065 5368 orationis.
3111 5312 3368 5367 Salvator
3396 5326 3493 5365 auo

1906 5416 2037 5469 tem,
2075 5420 2179 5458 non
2219 5406 2430 5474 repulsa
2459 5403 2710 5473 discipuli
2744 5417 2927 5472 prece,
2969 5406 3124 5456 docet
3159 5421 3172 5456 :
3205 5403 3366 5456 Pater
3393 5419 3490 5457 ne.

1897 5507 2033 5558 Ster,
2069 5495 2267 5564 inquit,
2307 5496 2398 5564 qui
2445 5509 2504 5548 es
2537 5493 2589 5548 in
2618 5493 2791 5547 cmlis.
2833 5492 2967 5546 Vide
3026 5493 3293 5547 orationis
3357 5493 3488 5544 vim.

1902 5586 2096 5643 Statim
2122 5604 2337 5642 sursum
2362 5599 2413 5641 te
2437 5587 2586 5640 ducit
2611 5627 2626 5652 ,
2652 5587 2858 5655 tibique
2889 5585 3202 5656 persuadet,
3231 5583 3488 5652 quoniam

1898 5683 2153 5735 nominas
2198 5680 2368 5735 Deum
2422 5690 2675 5750 patrem,
2730 5694 2801 5733 ne
2850 5680 3078 5732 omnino
3129 5675 3488 5732 similitudine

1897 5775 2016 5843 ejus
2049 5787 2284 5839 careas;
2337 5771 2431 5826 sed
2486 5771 2717 5826 enitaris
2759 5767 2877 5822 ﬁeri
2921 5767 3119 5822 similis
3155 5765 3324 5820 Patri.
3372 5763 3490 5819 Non

1898 5867 2033 5919 dixit
2064 5874 2268 5927 autem,
2327 5864 2485 5918 l‘atcr
2529 5877 2703 5925 meus,
2764 5859 2885 5924 sed,
2945 5859 3105 5913 Pater
3161 5867 3368 5920 noster,
3418 5856 3486 5908 ad
