  <div class='ocr_page' id='page_1' title='image "/cluster/home/n/w/nwhite01/storage/ocr_20150623/123/uva.x004884189/537.png"; bbox 0 0 4038 6490; ppageno 0'>
   <div class='ocr_carea' id='block_1_1' title="bbox 587 452 693 516">
    <p class='ocr_par' dir='ltr' id='par_1_1' title="bbox 587 452 693 516">
     <span class='ocr_line' id='line_1_1' title="bbox 587 452 693 516; baseline -0.019 0"><span class='ocrx_word' id='word_1_1' title='bbox 587 452 693 516; x_wconf 69' lang='grc'><strong>855</strong></span> 
     </span>
    </p>
   </div>
   <div class='ocr_carea' id='block_1_2' title="bbox 1456 418 2877 501">
    <p class='ocr_par' dir='ltr' id='par_1_2' title="bbox 1456 418 2877 501">
     <span class='ocr_line' id='line_1_2' title="bbox 1456 418 2877 501; baseline -0.015 0"><span class='ocrx_word' id='word_1_2' title='bbox 1456 437 2000 501; x_wconf 80' lang='lat' dir='ltr'><strong>THEOPHYLACT</strong></span> <span class='ocrx_word' id='word_1_3' title='bbox 2010 436 2034 495; x_wconf 90' lang='grc' dir='ltr'>Ι</span> <span class='ocrx_word' id='word_1_4' title='bbox 2076 430 2483 495; x_wconf 68' lang='lat' dir='ltr'><strong>BULGARLE</strong></span> <span class='ocrx_word' id='word_1_5' title='bbox 2521 418 2877 487; x_wconf 76' lang='lat' dir='ltr'><strong>ARCHIEP.</strong></span> 
     </span>
    </p>
   </div>
   <div class='ocr_carea' id='block_1_3' title="bbox 3714 405 3824 473">
    <p class='ocr_par' dir='ltr' id='par_1_3' title="bbox 3714 405 3824 473">
     <span class='ocr_line' id='line_1_3' title="bbox 3714 405 3824 473; baseline -0.009 0"><span class='ocrx_word' id='word_1_6' title='bbox 3714 405 3824 473; x_wconf 73' lang='lat'><strong>856</strong></span> 
     </span>
    </p>
   </div>
   <div class='ocr_carea' id='block_1_4' title="bbox 592 511 2166 623">
    <p class='ocr_par' dir='ltr' id='par_1_4' title="bbox 592 546 2157 623">
     <span class='ocr_line' id='line_1_4' title="bbox 592 546 2157 623; baseline -0.015 -2"><span class='ocrx_word' id='word_1_7' title='bbox 592 560 951 621; x_wconf 68' lang='lat' dir='ltr'><strong>fratrrttilalis</strong></span> <span class='ocrx_word' id='word_1_8' title='bbox 1010 569 1248 623; x_wconf 72' lang='lat' dir='ltr'><strong>antorem</strong></span> <span class='ocrx_word' id='word_1_9' title='bbox 1282 561 1334 609; x_wconf 89' lang='lat' dir='ltr'><strong>te</strong></span> <span class='ocrx_word' id='word_1_10' title='bbox 1377 553 1691 616; x_wconf 78' lang='lat' dir='ltr'><strong>cohortaris,</strong></span> <span class='ocrx_word' id='word_1_11' title='bbox 1730 558 1786 606; x_wconf 85' lang='lat' dir='ltr'><strong>et</strong></span> <span class='ocrx_word' id='word_1_12' title='bbox 1828 546 2157 614; x_wconf 79' lang='lat' dir='ltr'><strong>compellens</strong></span> 
     </span>
    </p>
   </div>
   <div class='ocr_carea' id='block_1_5' title="bbox 2271 511 3825 623">
    <p class='ocr_par' dir='ltr' id='par_1_5' title="bbox 2271 511 3825 623">
     <span class='ocr_line' id='line_1_5' title="bbox 2271 511 3825 623; baseline -0.015 -27"><span class='ocrx_word' id='word_1_13' title='bbox 2271 541 2441 606; x_wconf 62' lang='grc' dir='ltr'>εάζειν</span> <span class='ocrx_word' id='word_1_14' title='bbox 2459 538 2597 610; x_wconf 83' lang='grc' dir='ltr'>πρὸς</span> <span class='ocrx_word' id='word_1_15' title='bbox 2626 534 2715 588; x_wconf 79' lang='grc' dir='ltr'>τὸν</span> <span class='ocrx_word' id='word_1_16' title='bbox 2747 529 2967 600; x_wconf 78' lang='grc' dir='ltr'>Πατέρα</span> <span class='ocrx_word' id='word_1_17' title='bbox 2990 522 3387 595; x_wconf 76' lang='grc' dir='ltr'><strong>ἐξομοιοῦσθαι.</strong></span> <span class='ocrx_word' id='word_1_18' title='bbox 3434 520 3554 623; x_wconf 53' lang='grc' dir='ltr'><strong>Οὐκ</strong></span> <span class='ocrx_word' id='word_1_19' title='bbox 3578 511 3718 623; x_wconf 42' lang='grc' dir='ltr'>,εἷπε</span> <span class='ocrx_word' id='word_1_20' title='bbox 3752 518 3825 584; x_wconf 75' lang='grc' dir='ltr'><strong>ει,</strong></span> 
     </span>
    </p>
   </div>
   <div class='ocr_carea' id='block_1_6' title="bbox 592 631 2154 711">
    <p class='ocr_par' dir='ltr' id='par_1_6' title="bbox 592 631 2154 711">
     <span class='ocr_line' id='line_1_6' title="bbox 592 631 2154 711; baseline -0.009 -14"><span class='ocrx_word' id='word_1_21' title='bbox 592 661 780 700; x_wconf 76' lang='lat' dir='ltr'><strong>omnes</strong></span> <span class='ocrx_word' id='word_1_22' title='bbox 816 644 1038 711; x_wconf 80' lang='lat' dir='ltr'><strong>diligere</strong></span> <span class='ocrx_word' id='word_1_23' title='bbox 1087 651 1341 708; x_wconf 86' lang='lat' dir='ltr'><strong>tanquam</strong></span> <span class='ocrx_word' id='word_1_24' title='bbox 1381 650 1699 693; x_wconf 83' lang='lat' dir='ltr'><strong>communes</strong></span> <span class='ocrx_word' id='word_1_25' title='bbox 1724 635 1943 687; x_wconf 75' lang='lat' dir='ltr'><strong>fratres.</strong></span> <span class='ocrx_word' id='word_1_26' title='bbox 1987 631 2154 686; x_wconf 79' lang='lat' dir='ltr'><strong>Porro</strong></span> 
     </span>
    </p>
   </div>
   <div class='ocr_carea' id='block_1_7' title="bbox 593 724 2153 796">
    <p class='ocr_par' dir='ltr' id='par_1_7' title="bbox 593 724 2153 796">
     <span class='ocr_line' id='line_1_7' title="bbox 593 724 2153 796; baseline -0.011 -5"><span class='ocrx_word' id='word_1_27' title='bbox 593 754 713 791; x_wconf 69' lang='lat' dir='ltr'><strong>cum</strong></span> <span class='ocrx_word' id='word_1_28' title='bbox 746 734 899 796; x_wconf 78' lang='lat' dir='ltr'><strong>dixit,</strong></span> <span class='ocrx_word' id='word_1_29' title='bbox 938 734 991 786; x_wconf 90' lang='lat' dir='ltr'><strong>in</strong></span> <span class='ocrx_word' id='word_1_30' title='bbox 1021 730 1195 795; x_wconf 70' lang='lat' dir='ltr'><strong>cmlis,</strong></span> <span class='ocrx_word' id='word_1_31' title='bbox 1243 745 1349 785; x_wconf 90' lang='lat' dir='ltr'><strong>non</strong></span> <span class='ocrx_word' id='word_1_32' title='bbox 1393 728 1556 783; x_wconf 85' lang='lat' dir='ltr'><strong>Deum</strong></span> <span class='ocrx_word' id='word_1_33' title='bbox 1590 727 1698 781; x_wconf 85' lang='lat' dir='ltr'><strong>illic</strong></span> <span class='ocrx_word' id='word_1_34' title='bbox 1731 724 2153 789; x_wconf 74' lang='lat' dir='ltr'><strong>circumscribit,</strong></span> 
     </span>
    </p>
   </div>
   <div class='ocr_carea' id='block_1_8' title="bbox 595 814 2155 881">
    <p class='ocr_par' dir='ltr' id='par_1_8' title="bbox 595 814 2155 881">
     <span class='ocr_line' id='line_1_8' title="bbox 595 814 2155 881; baseline -0.006 -2"><span class='ocrx_word' id='word_1_35' title='bbox 595 831 683 879; x_wconf 76' lang='lat' dir='ltr'><strong>sed</strong></span> <span class='ocrx_word' id='word_1_36' title='bbox 722 825 1021 879; x_wconf 74' lang='lat' dir='ltr'><strong>auditorem</strong></span> <span class='ocrx_word' id='word_1_37' title='bbox 1050 823 1107 876; x_wconf 90' lang='lat' dir='ltr'><strong>in</strong></span> <span class='ocrx_word' id='word_1_38' title='bbox 1154 818 1317 877; x_wconf 67' lang='lat' dir='ltr'><strong>caelos</strong></span> <span class='ocrx_word' id='word_1_39' title='bbox 1344 817 1614 881; x_wconf 87' lang='lat' dir='ltr'><strong>subvehit,</strong></span> <span class='ocrx_word' id='word_1_40' title='bbox 1647 826 1701 871; x_wconf 89' lang='lat' dir='ltr'><strong>et</strong></span> <span class='ocrx_word' id='word_1_41' title='bbox 1735 832 1766 870; x_wconf 85' lang='lat' dir='ltr'><strong>a</strong></span> <span class='ocrx_word' id='word_1_42' title='bbox 1796 814 2031 870; x_wconf 80' lang='lat' dir='ltr'><strong>terrenis</strong></span> <span class='ocrx_word' id='word_1_43' title='bbox 2058 814 2155 869; x_wconf 84' lang='lat' dir='ltr'><strong>ab-</strong></span> 
     </span>
    </p>
   </div>
   <div class='ocr_carea' id='block_1_9' title="bbox 594 904 2157 980">
    <p class='ocr_par' dir='ltr' id='par_1_9' title="bbox 594 904 2157 980">
     <span class='ocr_line' id='line_1_9' title="bbox 594 904 2157 980; baseline -0.009 -8"><span class='ocrx_word' id='word_1_44' title='bbox 594 919 759 974; x_wconf 80' lang='lat' dir='ltr'><strong>ducit.</strong></span> <span class='ocrx_word' id='word_1_45' title='bbox 794 915 1175 971; x_wconf 82' lang='lat' dir='ltr'><strong>Sanctillcetur</strong></span> <span class='ocrx_word' id='word_1_46' title='bbox 1202 927 1327 967; x_wconf 85' lang='lat' dir='ltr'><strong>vero</strong></span> <span class='ocrx_word' id='word_1_47' title='bbox 1354 924 1550 966; x_wconf 86' lang='lat' dir='ltr'><strong>nomen</strong></span> <span class='ocrx_word' id='word_1_48' title='bbox 1583 918 1759 974; x_wconf 89' lang='lat' dir='ltr'><strong>tuum,</strong></span> <span class='ocrx_word' id='word_1_49' title='bbox 1797 923 1894 980; x_wconf 89' lang='lat' dir='ltr'><strong>pro</strong></span> <span class='ocrx_word' id='word_1_50' title='bbox 1923 922 1988 962; x_wconf 90' lang='lat' dir='ltr'><strong>eo</strong></span> <span class='ocrx_word' id='word_1_51' title='bbox 2016 904 2157 975; x_wconf 88' lang='lat' dir='ltr'><strong>quod</strong></span> 
     </span>
    </p>
   </div>
   <div class='ocr_carea' id='block_1_10' title="bbox 595 1000 2155 1079">
    <p class='ocr_par' dir='ltr' id='par_1_10' title="bbox 595 1000 2155 1079">
     <span class='ocr_line' id='line_1_10' title="bbox 595 1000 2155 1079; baseline -0.007 -20"><span class='ocrx_word' id='word_1_52' title='bbox 595 1018 699 1068; x_wconf 57' lang='lat'><strong>(‘51,</strong></span> <span class='ocrx_word' id='word_1_53' title='bbox 732 1002 1083 1079; x_wconf 68' lang='lat' dir='ltr'><strong>gloriﬁcatur,</strong></span> <span class='ocrx_word' id='word_1_54' title='bbox 1115 1002 1219 1058; x_wconf 83' lang='lat' dir='ltr'><strong>hoc</strong></span> <span class='ocrx_word' id='word_1_55' title='bbox 1245 1010 1348 1066; x_wconf 86' lang='lat' dir='ltr'><strong>est,</strong></span> <span class='ocrx_word' id='word_1_56' title='bbox 1376 1001 1458 1055; x_wconf 88' lang='lat' dir='ltr'><strong>fac</strong></span> <span class='ocrx_word' id='word_1_57' title='bbox 1478 1000 1643 1054; x_wconf 86' lang='lat' dir='ltr'><strong>vitam</strong></span> <span class='ocrx_word' id='word_1_58' title='bbox 1672 1009 1909 1054; x_wconf 89' lang='lat' dir='ltr'><strong>nostram</strong></span> <span class='ocrx_word' id='word_1_59' title='bbox 1936 1001 1987 1052; x_wconf 88' lang='lat' dir='ltr'><strong>in</strong></span> <span class='ocrx_word' id='word_1_60' title='bbox 2014 1005 2155 1051; x_wconf 85' lang='lat' dir='ltr'><strong>tuam</strong></span> 
     </span>
    </p>
   </div>
   <div class='ocr_carea' id='block_1_11' title="bbox 596 1089 2156 1168">
    <p class='ocr_par' dir='ltr' id='par_1_11' title="bbox 596 1089 2156 1168">
     <span class='ocr_line' id='line_1_11' title="bbox 596 1089 2156 1168; baseline -0.007 -15"><span class='ocrx_word' id='word_1_61' title='bbox 596 1112 719 1153; x_wconf 86' lang='lat' dir='ltr'><strong>esse</strong></span> <span class='ocrx_word' id='word_1_62' title='bbox 755 1095 1000 1168; x_wconf 75' lang='lat' dir='ltr'><strong>gloriam.</strong></span> <span class='ocrx_word' id='word_1_63' title='bbox 1032 1093 1169 1161; x_wconf 84' lang='lat' dir='ltr'><strong>Nam</strong></span> <span class='ocrx_word' id='word_1_64' title='bbox 1202 1094 1343 1148; x_wconf 89' lang='lat' dir='ltr'><strong>sicut</strong></span> <span class='ocrx_word' id='word_1_65' title='bbox 1367 1107 1560 1147; x_wconf 89' lang='lat' dir='ltr'><strong>nomen</strong></span> <span class='ocrx_word' id='word_1_66' title='bbox 1599 1090 1692 1145; x_wconf 82' lang='lat' dir='ltr'><strong>Dei</strong></span> <span class='ocrx_word' id='word_1_67' title='bbox 1731 1100 1950 1161; x_wconf 87' lang='lat' dir='ltr'><strong>propter</strong></span> <span class='ocrx_word' id='word_1_68' title='bbox 1986 1089 2156 1144; x_wconf 82' lang='lat' dir='ltr'><strong>malos</strong></span> 
     </span>
    </p>
   </div>
   <div class='ocr_carea' id='block_1_12' title="bbox 597 1183 2159 1257">
    <p class='ocr_par' dir='ltr' id='par_1_12' title="bbox 597 1183 2159 1257">
     <span class='ocr_line' id='line_1_12' title="bbox 597 1183 2159 1257; baseline -0.004 -17"><span class='ocrx_word' id='word_1_69' title='bbox 597 1186 1021 1257; x_wconf 74' lang='lat' dir='ltr'><strong>blasphematur,</strong></span> <span class='ocrx_word' id='word_1_70' title='bbox 1072 1185 1144 1239; x_wconf 87' lang='lat' dir='ltr'><strong>ita</strong></span> <span class='ocrx_word' id='word_1_71' title='bbox 1185 1195 1407 1255; x_wconf 82' lang='lat' dir='ltr'><strong>prepter</strong></span> <span class='ocrx_word' id='word_1_72' title='bbox 1475 1198 1569 1238; x_wconf 88' lang='lat' dir='ltr'><strong>eos</strong></span> <span class='ocrx_word' id='word_1_73' title='bbox 1624 1183 1713 1253; x_wconf 89' lang='lat' dir='ltr'><strong>qui</strong></span> <span class='ocrx_word' id='word_1_74' title='bbox 1750 1184 1945 1237; x_wconf 83' lang='lat' dir='ltr'><strong>bonam</strong></span> <span class='ocrx_word' id='word_1_75' title='bbox 1995 1191 2159 1251; x_wconf 85' lang='lat' dir='ltr'><strong>agunt</strong></span> 
     </span>
    </p>
   </div>
   <div class='ocr_carea' id='block_1_13' title="bbox 596 1272 2157 1347">
    <p class='ocr_par' dir='ltr' id='par_1_13' title="bbox 596 1272 2157 1347">
     <span class='ocr_line' id='line_1_13' title="bbox 596 1272 2157 1347; baseline -0.001 -19"><span class='ocrx_word' id='word_1_76' title='bbox 596 1279 763 1332; x_wconf 83' lang='lat' dir='ltr'><strong>vitam</strong></span> <span class='ocrx_word' id='word_1_77' title='bbox 795 1277 1149 1347; x_wconf 78' lang='lat' dir='ltr'><strong>gloriﬁcatur.</strong></span> <span class='ocrx_word' id='word_1_78' title='bbox 1181 1274 1371 1329; x_wconf 79' lang='lat' dir='ltr'><strong>Veniat</strong></span> <span class='ocrx_word' id='word_1_79' title='bbox 1400 1290 1622 1346; x_wconf 84' lang='lat' dir='ltr'><strong>regnum</strong></span> <span class='ocrx_word' id='word_1_80' title='bbox 1661 1283 1831 1327; x_wconf 87' lang='lat' dir='ltr'><strong>tuum.</strong></span> <span class='ocrx_word' id='word_1_81' title='bbox 1862 1272 2031 1327; x_wconf 74' lang='lat' dir='ltr'><strong>Malus</strong></span> <span class='ocrx_word' id='word_1_82' title='bbox 2065 1274 2157 1327; x_wconf 83' lang='lat' dir='ltr'><strong>de-</strong></span> 
     </span>
    </p>
   </div>
   <div class='ocr_carea' id='block_1_14' title="bbox 597 1364 2159 1439">
    <p class='ocr_par' dir='ltr' id='par_1_14' title="bbox 597 1364 2159 1439">
     <span class='ocr_line' id='line_1_14' title="bbox 597 1364 2159 1439; baseline -0.004 -16"><span class='ocrx_word' id='word_1_83' title='bbox 597 1379 853 1439; x_wconf 77' lang='lat' dir='ltr'><strong>precatur</strong></span> <span class='ocrx_word' id='word_1_84' title='bbox 886 1382 1107 1436; x_wconf 78' lang='lat' dir='ltr'><strong>regnum</strong></span> <span class='ocrx_word' id='word_1_85' title='bbox 1153 1364 1268 1431; x_wconf 88' lang='lat' dir='ltr'><strong>Dei,</strong></span> <span class='ocrx_word' id='word_1_86' title='bbox 1317 1364 1507 1421; x_wconf 82' lang='lat' dir='ltr'><strong>nolens</strong></span> <span class='ocrx_word' id='word_1_87' title='bbox 1539 1366 1668 1421; x_wconf 91' lang='lat' dir='ltr'><strong>illud</strong></span> <span class='ocrx_word' id='word_1_88' title='bbox 1717 1365 1900 1421; x_wconf 81' lang='lat' dir='ltr'><strong>venire</strong></span> <span class='ocrx_word' id='word_1_89' title='bbox 1939 1377 2159 1435; x_wconf 88' lang='lat' dir='ltr'><strong>propter</strong></span> 
     </span>
    </p>
   </div>
   <div class='ocr_carea' id='block_1_15' title="bbox 597 1456 2159 1529">
    <p class='ocr_par' dir='ltr' id='par_1_15' title="bbox 597 1456 2159 1529">
     <span class='ocr_line' id='line_1_15' title="bbox 597 1456 2159 1529; baseline -0.004 -15"><span class='ocrx_word' id='word_1_90' title='bbox 597 1458 798 1529; x_wconf 86' lang='lat' dir='ltr'><strong>judicia</strong></span> <span class='ocrx_word' id='word_1_91' title='bbox 851 1473 971 1527; x_wconf 81' lang='lat' dir='ltr'><strong>qua:</strong></span> <span class='ocrx_word' id='word_1_92' title='bbox 1026 1458 1135 1513; x_wconf 88' lang='lat' dir='ltr'><strong>illic</strong></span> <span class='ocrx_word' id='word_1_93' title='bbox 1174 1465 1334 1511; x_wconf 91' lang='lat' dir='ltr'><strong>erunt</strong></span> <span class='ocrx_word' id='word_1_94' title='bbox 1379 1476 1392 1512; x_wconf 75' lang='grc' dir='ltr'>ε</span> <span class='ocrx_word' id='word_1_95' title='bbox 1430 1456 1611 1525; x_wconf 75' lang='lat' dir='ltr'><strong>justus</strong></span> <span class='ocrx_word' id='word_1_96' title='bbox 1639 1469 1766 1510; x_wconf 88' lang='lat' dir='ltr'><strong>vero</strong></span> <span class='ocrx_word' id='word_1_97' title='bbox 1790 1464 1910 1510; x_wconf 89' lang='lat' dir='ltr'><strong>orat</strong></span> <span class='ocrx_word' id='word_1_98' title='bbox 1941 1466 1997 1509; x_wconf 87' lang='lat' dir='ltr'><strong>ut</strong></span> <span class='ocrx_word' id='word_1_99' title='bbox 2052 1456 2159 1510; x_wconf 80' lang='lat' dir='ltr'><strong>cito</strong></span> 
     </span>
    </p>
   </div>
   <div class='ocr_carea' id='block_1_16' title="bbox 601 1548 2158 1619">
    <p class='ocr_par' dir='ltr' id='par_1_16' title="bbox 601 1548 2158 1619">
     <span class='ocr_line' id='line_1_16' title="bbox 601 1548 2158 1619; baseline 0.001 -19"><span class='ocrx_word' id='word_1_100' title='bbox 601 1548 801 1612; x_wconf 80' lang='lat' dir='ltr'><strong>veniat,</strong></span> <span class='ocrx_word' id='word_1_101' title='bbox 838 1564 944 1619; x_wconf 90' lang='lat' dir='ltr'><strong>quo</strong></span> <span class='ocrx_word' id='word_1_102' title='bbox 970 1564 1000 1603; x_wconf 86' lang='lat' dir='ltr'><strong>a</strong></span> <span class='ocrx_word' id='word_1_103' title='bbox 1036 1548 1422 1603; x_wconf 80' lang='lat' dir='ltr'><strong>tentationibus</strong></span> <span class='ocrx_word' id='word_1_104' title='bbox 1449 1564 1569 1616; x_wconf 69' lang='lat' dir='ltr'><strong>qure</strong></span> <span class='ocrx_word' id='word_1_105' title='bbox 1609 1550 1698 1603; x_wconf 90' lang='lat' dir='ltr'><strong>hic</strong></span> <span class='ocrx_word' id='word_1_106' title='bbox 1731 1558 1878 1612; x_wconf 87' lang='lat' dir='ltr'><strong>sunt,</strong></span> <span class='ocrx_word' id='word_1_107' title='bbox 1903 1549 2158 1603; x_wconf 80' lang='lat' dir='ltr'><strong>liberetur</strong></span> 
     </span>
    </p>
   </div>
   <div class='ocr_carea' id='block_1_17' title="bbox 597 1639 2160 1710">
    <p class='ocr_par' dir='ltr' id='par_1_17' title="bbox 597 1639 2160 1710">
     <span class='ocr_line' id='line_1_17' title="bbox 597 1639 2160 1710; baseline 0 -17"><span class='ocrx_word' id='word_1_108' title='bbox 597 1650 651 1693; x_wconf 83' lang='lat' dir='ltr'><strong>et</strong></span> <span class='ocrx_word' id='word_1_109' title='bbox 680 1640 943 1708; x_wconf 84' lang='lat' dir='ltr'><strong>quiescat.</strong></span> <span class='ocrx_word' id='word_1_110' title='bbox 974 1640 1097 1694; x_wconf 83' lang='lat' dir='ltr'><strong>Fiat</strong></span> <span class='ocrx_word' id='word_1_111' title='bbox 1129 1650 1305 1694; x_wconf 86' lang='lat' dir='ltr'><strong>autem</strong></span> <span class='ocrx_word' id='word_1_112' title='bbox 1357 1639 1603 1695; x_wconf 78' lang='lat' dir='ltr'><strong>voluntas</strong></span> <span class='ocrx_word' id='word_1_113' title='bbox 1659 1648 1773 1702; x_wconf 86' lang='lat' dir='ltr'><strong>tua,</strong></span> <span class='ocrx_word' id='word_1_114' title='bbox 1803 1640 2160 1710; x_wconf 87' lang='lat' dir='ltr'><strong>quemadmo-</strong></span> 
     </span>
    </p>
   </div>
   <div class='ocr_carea' id='block_1_18' title="bbox 601 1730 2161 1801">
    <p class='ocr_par' dir='ltr' id='par_1_18' title="bbox 601 1730 2161 1801">
     <span class='ocr_line' id='line_1_18' title="bbox 601 1730 2161 1801; baseline -0.002 -17"><span class='ocrx_word' id='word_1_115' title='bbox 601 1732 724 1785; x_wconf 86' lang='lat' dir='ltr'><strong>dum</strong></span> <span class='ocrx_word' id='word_1_116' title='bbox 759 1732 813 1786; x_wconf 92' lang='lat' dir='ltr'><strong>in</strong></span> <span class='ocrx_word' id='word_1_117' title='bbox 850 1732 988 1787; x_wconf 69' lang='lat' dir='ltr'><strong>coelo</strong></span> <span class='ocrx_word' id='word_1_118' title='bbox 1023 1731 1090 1785; x_wconf 84' lang='lat' dir='ltr'><strong>ab</strong></span> <span class='ocrx_word' id='word_1_119' title='bbox 1124 1730 1347 1801; x_wconf 81' lang='lat' dir='ltr'><strong>angelis,</strong></span> <span class='ocrx_word' id='word_1_120' title='bbox 1388 1731 1461 1785; x_wconf 88' lang='lat' dir='ltr'><strong>ita</strong></span> <span class='ocrx_word' id='word_1_121' title='bbox 1502 1738 1556 1784; x_wconf 89' lang='lat' dir='ltr'><strong>et</strong></span> <span class='ocrx_word' id='word_1_122' title='bbox 1582 1745 1611 1784; x_wconf 89' lang='lat' dir='ltr'><strong>a</strong></span> <span class='ocrx_word' id='word_1_123' title='bbox 1649 1730 1803 1785; x_wconf 90' lang='lat' dir='ltr'><strong>nobis</strong></span> <span class='ocrx_word' id='word_1_124' title='bbox 1851 1730 2161 1784; x_wconf 85' lang='lat' dir='ltr'><strong>hominibus</strong></span> 
     </span>
    </p>
   </div>
   <div class='ocr_carea' id='block_1_19' title="bbox 601 1819 2159 1892">
    <p class='ocr_par' dir='ltr' id='par_1_19' title="bbox 601 1819 2159 1892">
     <span class='ocr_line' id='line_1_19' title="bbox 601 1819 2159 1892; baseline -0.002 -17"><span class='ocrx_word' id='word_1_125' title='bbox 601 1836 766 1892; x_wconf 80' lang='lat' dir='ltr'><strong>super</strong></span> <span class='ocrx_word' id='word_1_126' title='bbox 796 1821 1226 1892; x_wconf 84' lang='lat' dir='ltr'><strong>terram.Angcli</strong></span> <span class='ocrx_word' id='word_1_127' title='bbox 1256 1821 1397 1876; x_wconf 88' lang='lat' dir='ltr'><strong>enim</strong></span> <span class='ocrx_word' id='word_1_128' title='bbox 1449 1823 1669 1875; x_wconf 90' lang='lat' dir='ltr'><strong>omnino</strong></span> <span class='ocrx_word' id='word_1_129' title='bbox 1718 1819 1873 1888; x_wconf 76' lang='lat' dir='ltr'><strong>juxta</strong></span> <span class='ocrx_word' id='word_1_130' title='bbox 1912 1822 2159 1875; x_wconf 83' lang='lat' dir='ltr'><strong>volunta-</strong></span> 
     </span>
    </p>
   </div>
   <div class='ocr_carea' id='block_1_20' title="bbox 604 1910 2159 1983">
    <p class='ocr_par' dir='ltr' id='par_1_20' title="bbox 604 1910 2159 1983">
     <span class='ocr_line' id='line_1_20' title="bbox 604 1910 2159 1983; baseline 0.003 -21"><span class='ocrx_word' id='word_1_131' title='bbox 604 1922 708 1965; x_wconf 88' lang='lat' dir='ltr'><strong>tem</strong></span> <span class='ocrx_word' id='word_1_132' title='bbox 737 1913 828 1967; x_wconf 87' lang='lat' dir='ltr'><strong>Dei</strong></span> <span class='ocrx_word' id='word_1_133' title='bbox 864 1922 1177 1983; x_wconf 83' lang='lat' dir='ltr'><strong>operantur.</strong></span> <span class='ocrx_word' id='word_1_134' title='bbox 1209 1910 1370 1967; x_wconf 80' lang='lat' dir='ltr'><strong>Docet</strong></span> <span class='ocrx_word' id='word_1_135' title='bbox 1396 1926 1610 1983; x_wconf 87' lang='lat' dir='ltr'><strong>quoque</strong></span> <span class='ocrx_word' id='word_1_136' title='bbox 1657 1913 2031 1981; x_wconf 88' lang='lat' dir='ltr'><strong>quotidianum</strong></span> <span class='ocrx_word' id='word_1_137' title='bbox 2066 1928 2159 1981; x_wconf 84' lang='lat' dir='ltr'><strong>pa-</strong></span> 
     </span>
    </p>
   </div>
   <div class='ocr_carea' id='block_1_21' title="bbox 601 2001 2160 2072">
    <p class='ocr_par' dir='ltr' id='par_1_21' title="bbox 601 2001 2160 2072">
     <span class='ocr_line' id='line_1_21' title="bbox 601 2001 2160 2072; baseline 0.003 -19"><span class='ocrx_word' id='word_1_138' title='bbox 601 2017 722 2055; x_wconf 87' lang='lat' dir='ltr'><strong>nem</strong></span> <span class='ocrx_word' id='word_1_139' title='bbox 758 2002 930 2056; x_wconf 77' lang='lat' dir='ltr'><strong>solum</strong></span> <span class='ocrx_word' id='word_1_140' title='bbox 962 2004 1333 2072; x_wconf 67' lang='lat' dir='ltr'><strong>quaerendum,</strong></span> <span class='ocrx_word' id='word_1_141' title='bbox 1375 2001 1478 2057; x_wconf 90' lang='lat' dir='ltr'><strong>hoc</strong></span> <span class='ocrx_word' id='word_1_142' title='bbox 1508 2010 1611 2066; x_wconf 89' lang='lat' dir='ltr'><strong>est,</strong></span> <span class='ocrx_word' id='word_1_143' title='bbox 1635 2016 1756 2056; x_wconf 84' lang='lat' dir='ltr'><strong>eum</strong></span> <span class='ocrx_word' id='word_1_144' title='bbox 1791 2003 1879 2072; x_wconf 88' lang='lat' dir='ltr'><strong>qui</strong></span> <span class='ocrx_word' id='word_1_145' title='bbox 1913 2004 2160 2057; x_wconf 87' lang='lat' dir='ltr'><strong>substan-</strong></span> 
     </span>
    </p>
   </div>
   <div class='ocr_carea' id='block_1_22' title="bbox 600 2094 2162 2150">
    <p class='ocr_par' dir='ltr' id='par_1_22' title="bbox 600 2094 2162 2150">
     <span class='ocr_line' id='line_1_22' title="bbox 600 2094 2162 2150; baseline 0.002 -4"><span class='ocrx_word' id='word_1_146' title='bbox 600 2096 687 2147; x_wconf 76' lang='lat' dir='ltr'><strong>ti.e</strong></span> <span class='ocrx_word' id='word_1_147' title='bbox 716 2102 916 2148; x_wconf 70' lang='lat' dir='ltr'><strong>nostra}</strong></span> <span class='ocrx_word' id='word_1_148' title='bbox 936 2104 990 2149; x_wconf 88' lang='lat' dir='ltr'><strong>et</strong></span> <span class='ocrx_word' id='word_1_149' title='bbox 1015 2095 1137 2149; x_wconf 78' lang='lat' dir='ltr'><strong>vita:</strong></span> <span class='ocrx_word' id='word_1_150' title='bbox 1167 2094 1549 2149; x_wconf 68' lang='lat' dir='ltr'><strong>conservandae</strong></span> <span class='ocrx_word' id='word_1_151' title='bbox 1574 2095 1828 2150; x_wconf 88' lang='lat' dir='ltr'><strong>conducit</strong></span> <span class='ocrx_word' id='word_1_152' title='bbox 1868 2112 1881 2148; x_wconf 90' lang='lat'><strong>:</strong></span> <span class='ocrx_word' id='word_1_153' title='bbox 1926 2109 2033 2149; x_wconf 91' lang='lat' dir='ltr'><strong>non</strong></span> <span class='ocrx_word' id='word_1_154' title='bbox 2072 2110 2162 2149; x_wconf 87' lang='lat' dir='ltr'><strong>su-</strong></span> 
     </span>
    </p>
   </div>
   <div class='ocr_carea' id='block_1_23' title="bbox 601 2185 2162 2254">
    <p class='ocr_par' dir='ltr' id='par_1_23' title="bbox 601 2185 2162 2254">
     <span class='ocr_line' id='line_1_23' title="bbox 601 2185 2162 2254; baseline 0.002 -17"><span class='ocrx_word' id='word_1_155' title='bbox 601 2185 883 2254; x_wconf 62' lang='lat' dir='ltr'><strong>perﬂuum,</strong></span> <span class='ocrx_word' id='word_1_156' title='bbox 922 2190 1011 2242; x_wconf 66' lang='lat' dir='ltr'><strong>sed</strong></span> <span class='ocrx_word' id='word_1_157' title='bbox 1049 2190 1435 2243; x_wconf 84' lang='lat' dir='ltr'><strong>necessarium.</strong></span> <span class='ocrx_word' id='word_1_158' title='bbox 1489 2185 1657 2241; x_wconf 82' lang='lat' dir='ltr'><strong>Porro</strong></span> <span class='ocrx_word' id='word_1_159' title='bbox 1697 2201 1804 2242; x_wconf 90' lang='lat' dir='ltr'><strong>non</strong></span> <span class='ocrx_word' id='word_1_160' title='bbox 1848 2186 2054 2242; x_wconf 87' lang='lat' dir='ltr'><strong>intrare</strong></span> <span class='ocrx_word' id='word_1_161' title='bbox 2106 2187 2162 2240; x_wconf 90' lang='lat' dir='ltr'><strong>in</strong></span> 
     </span>
    </p>
   </div>
   <div class='ocr_carea' id='block_1_24' title="bbox 602 2278 2161 2348">
    <p class='ocr_par' dir='ltr' id='par_1_24' title="bbox 602 2278 2161 2348">
     <span class='ocr_line' id='line_1_24' title="bbox 602 2278 2161 2348; baseline 0 -17"><span class='ocrx_word' id='word_1_162' title='bbox 602 2281 946 2344; x_wconf 83' lang='lat' dir='ltr'><strong>tentationes,</strong></span> <span class='ocrx_word' id='word_1_163' title='bbox 980 2278 1244 2348; x_wconf 74' lang='lat' dir='ltr'><strong>significat</strong></span> <span class='ocrx_word' id='word_1_164' title='bbox 1271 2293 1378 2333; x_wconf 85' lang='lat' dir='ltr'><strong>non</strong></span> <span class='ocrx_word' id='word_1_165' title='bbox 1433 2288 1635 2333; x_wconf 86' lang='lat' dir='ltr'><strong>temere</strong></span> <span class='ocrx_word' id='word_1_166' title='bbox 1695 2278 2078 2348; x_wconf 89' lang='lat' dir='ltr'><strong>prosiliendum</strong></span> <span class='ocrx_word' id='word_1_167' title='bbox 2109 2278 2161 2331; x_wconf 90' lang='lat' dir='ltr'><strong>in</strong></span> 
     </span>
    </p>
   </div>
   <div class='ocr_carea' id='block_1_25' title="bbox 604 2367 2165 2440">
    <p class='ocr_par' dir='ltr' id='par_1_25' title="bbox 604 2367 2165 2440">
     <span class='ocr_line' id='line_1_25' title="bbox 604 2367 2165 2440; baseline 0 -18"><span class='ocrx_word' id='word_1_168' title='bbox 604 2372 946 2426; x_wconf 80' lang='lat' dir='ltr'><strong>lentationes.</strong></span> <span class='ocrx_word' id='word_1_169' title='bbox 985 2370 1169 2440; x_wconf 78' lang='lat' dir='ltr'><strong>Neque</strong></span> <span class='ocrx_word' id='word_1_170' title='bbox 1200 2371 1340 2426; x_wconf 84' lang='lat' dir='ltr'><strong>enim</strong></span> <span class='ocrx_word' id='word_1_171' title='bbox 1372 2386 1529 2425; x_wconf 87' lang='lat' dir='ltr'><strong>orare</strong></span> <span class='ocrx_word' id='word_1_172' title='bbox 1571 2369 1827 2425; x_wconf 87' lang='lat' dir='ltr'><strong>debemus</strong></span> <span class='ocrx_word' id='word_1_173' title='bbox 1868 2367 2057 2432; x_wconf 85' lang='lat' dir='ltr'><strong>Deum,</strong></span> <span class='ocrx_word' id='word_1_174' title='bbox 2108 2377 2165 2422; x_wconf 91' lang='lat' dir='ltr'><strong>ut</strong></span> 
     </span>
    </p>
   </div>
   <div class='ocr_carea' id='block_1_26' title="bbox 604 2461 2161 2528">
    <p class='ocr_par' dir='ltr' id='par_1_26' title="bbox 604 2461 2161 2528">
     <span class='ocr_line' id='line_1_26' title="bbox 604 2461 2161 2528; baseline -0.001 -15"><span class='ocrx_word' id='word_1_175' title='bbox 604 2464 859 2515; x_wconf 83' lang='lat' dir='ltr'><strong>immittat</strong></span> <span class='ocrx_word' id='word_1_176' title='bbox 892 2466 942 2515; x_wconf 90' lang='lat' dir='ltr'><strong>in</strong></span> <span class='ocrx_word' id='word_1_177' title='bbox 969 2478 1066 2516; x_wconf 86' lang='lat' dir='ltr'><strong>nos</strong></span> <span class='ocrx_word' id='word_1_178' title='bbox 1096 2463 1481 2525; x_wconf 84' lang='lat' dir='ltr'><strong>tentationem,</strong></span> <span class='ocrx_word' id='word_1_179' title='bbox 1512 2462 1605 2515; x_wconf 86' lang='lat' dir='ltr'><strong>sed</strong></span> <span class='ocrx_word' id='word_1_180' title='bbox 1644 2461 1993 2528; x_wconf 69' lang='lat' dir='ltr'><strong>deprecanda:</strong></span> <span class='ocrx_word' id='word_1_181' title='bbox 2014 2469 2161 2522; x_wconf 75' lang='lat' dir='ltr'><strong>sunt,</strong></span> 
     </span>
    </p>
   </div>
   <div class='ocr_carea' id='block_1_27' title="bbox 600 2550 2161 2617">
    <p class='ocr_par' dir='ltr' id='par_1_27' title="bbox 600 2550 2161 2617">
     <span class='ocr_line' id='line_1_27' title="bbox 600 2550 2161 2617; baseline -0.003 -10"><span class='ocrx_word' id='word_1_182' title='bbox 600 2563 655 2607; x_wconf 86' lang='lat' dir='ltr'><strong>et</strong></span> <span class='ocrx_word' id='word_1_183' title='bbox 683 2553 729 2608; x_wconf 97' lang='lat' dir='ltr'><strong>si</strong></span> <span class='ocrx_word' id='word_1_184' title='bbox 762 2551 915 2607; x_wconf 88' lang='lat' dir='ltr'><strong>nobis</strong></span> <span class='ocrx_word' id='word_1_185' title='bbox 948 2551 1265 2617; x_wconf 87' lang='lat' dir='ltr'><strong>acciderint,</strong></span> <span class='ocrx_word' id='word_1_186' title='bbox 1306 2551 1540 2607; x_wconf 69' lang='lat' dir='ltr'><strong>ferendae</strong></span> <span class='ocrx_word' id='word_1_187' title='bbox 1570 2551 1805 2605; x_wconf 84' lang='lat' dir='ltr'><strong>fortiter.</strong></span> <span class='ocrx_word' id='word_1_188' title='bbox 1841 2550 2030 2604; x_wconf 87' lang='lat' dir='ltr'><strong>Dicere</strong></span> <span class='ocrx_word' id='word_1_189' title='bbox 2062 2565 2161 2603; x_wconf 85' lang='lat' dir='ltr'><strong>au-</strong></span> 
     </span>
    </p>
   </div>
   <div class='ocr_carea' id='block_1_28' title="bbox 606 2642 2165 2716">
    <p class='ocr_par' dir='ltr' id='par_1_28' title="bbox 606 2642 2165 2716">
     <span class='ocr_line' id='line_1_28' title="bbox 606 2642 2165 2716; baseline -0.001 -19"><span class='ocrx_word' id='word_1_190' title='bbox 606 2660 709 2699; x_wconf 82' lang='lat' dir='ltr'><strong>tem</strong></span> <span class='ocrx_word' id='word_1_191' title='bbox 741 2659 1049 2716; x_wconf 85' lang='lat' dir='ltr'><strong>possumus,</strong></span> <span class='ocrx_word' id='word_1_192' title='bbox 1076 2645 1215 2714; x_wconf 90' lang='lat' dir='ltr'><strong>quod</strong></span> <span class='ocrx_word' id='word_1_193' title='bbox 1261 2646 1367 2699; x_wconf 87' lang='lat' dir='ltr'><strong>duo</strong></span> <span class='ocrx_word' id='word_1_194' title='bbox 1421 2646 1533 2699; x_wconf 90' lang='lat' dir='ltr'><strong>sint</strong></span> <span class='ocrx_word' id='word_1_195' title='bbox 1562 2642 1727 2716; x_wconf 64' lang='grc'><strong>354</strong></span> <span class='ocrx_word' id='word_1_196' title='bbox 1753 2657 1949 2713; x_wconf 86' lang='lat' dir='ltr'><strong>genera</strong></span> <span class='ocrx_word' id='word_1_197' title='bbox 1993 2652 2165 2696; x_wconf 84' lang='lat' dir='ltr'><strong>tenta-</strong></span> 
     </span>
    </p>
   </div>
   <div class='ocr_carea' id='block_1_29' title="bbox 603 2736 2164 2801">
    <p class='ocr_par' dir='ltr' id='par_1_29' title="bbox 603 2736 2164 2801">
     <span class='ocr_line' id='line_1_29' title="bbox 603 2736 2164 2801; baseline -0.002 -10"><span class='ocrx_word' id='word_1_198' title='bbox 603 2737 832 2791; x_wconf 88' lang='lat' dir='ltr'><strong>tionum.</strong></span> <span class='ocrx_word' id='word_1_199' title='bbox 876 2736 1009 2791; x_wconf 72' lang='lat' dir='ltr'><strong>Aliae</strong></span> <span class='ocrx_word' id='word_1_200' title='bbox 1044 2737 1187 2791; x_wconf 86' lang='lat' dir='ltr'><strong>enim</strong></span> <span class='ocrx_word' id='word_1_201' title='bbox 1240 2746 1365 2791; x_wconf 75' lang='lat' dir='ltr'><strong>sunt</strong></span> <span class='ocrx_word' id='word_1_202' title='bbox 1413 2737 1751 2801; x_wconf 68' lang='lat' dir='ltr'><strong>voluntariae,</strong></span> <span class='ocrx_word' id='word_1_203' title='bbox 1806 2746 1863 2790; x_wconf 91' lang='lat' dir='ltr'><strong>ut</strong></span> <span class='ocrx_word' id='word_1_204' title='bbox 1908 2736 2164 2797; x_wconf 82' lang='lat' dir='ltr'><strong>ebrietas,</strong></span> 
     </span>
    </p>
   </div>
   <div class='ocr_carea' id='block_1_30' title="bbox 604 2826 2167 2897">
    <p class='ocr_par' dir='ltr' id='par_1_30' title="bbox 604 2826 2167 2897">
     <span class='ocr_line' id='line_1_30' title="bbox 604 2826 2167 2897; baseline -0.001 -15"><span class='ocrx_word' id='word_1_205' title='bbox 604 2828 975 2892; x_wconf 85' lang='lat' dir='ltr'><strong>homicidium,</strong></span> <span class='ocrx_word' id='word_1_206' title='bbox 1003 2828 1347 2893; x_wconf 82' lang='lat' dir='ltr'><strong>adulterium,</strong></span> <span class='ocrx_word' id='word_1_207' title='bbox 1378 2828 1603 2897; x_wconf 68' lang='lat' dir='ltr'><strong>aliaeque</strong></span> <span class='ocrx_word' id='word_1_208' title='bbox 1628 2826 1940 2882; x_wconf 73' lang='lat' dir='ltr'><strong>affectiones</strong></span> <span class='ocrx_word' id='word_1_209' title='bbox 1974 2846 1985 2881; x_wconf 89' lang='lat'><strong>:</strong></span> <span class='ocrx_word' id='word_1_210' title='bbox 2020 2827 2167 2881; x_wconf 88' lang='lat' dir='ltr'><strong>hisce</strong></span> 
     </span>
    </p>
   </div>
   <div class='ocr_carea' id='block_1_31' title="bbox 606 2921 2168 2991">
    <p class='ocr_par' dir='ltr' id='par_1_31' title="bbox 606 2921 2168 2991">
     <span class='ocr_line' id='line_1_31' title="bbox 606 2921 2168 2991; baseline 0.003 -19"><span class='ocrx_word' id='word_1_211' title='bbox 606 2922 750 2975; x_wconf 85' lang='lat' dir='ltr'><strong>enim</strong></span> <span class='ocrx_word' id='word_1_212' title='bbox 786 2921 1170 2976; x_wconf 86' lang='lat' dir='ltr'><strong>tentationibus</strong></span> <span class='ocrx_word' id='word_1_213' title='bbox 1217 2929 1405 2991; x_wconf 89' lang='lat' dir='ltr'><strong>sponte</strong></span> <span class='ocrx_word' id='word_1_214' title='bbox 1437 2936 1534 2976; x_wconf 88' lang='lat' dir='ltr'><strong>nos</strong></span> <span class='ocrx_word' id='word_1_215' title='bbox 1587 2921 1975 2977; x_wconf 87' lang='lat' dir='ltr'><strong>submittimus.</strong></span> <span class='ocrx_word' id='word_1_216' title='bbox 2018 2921 2168 2976; x_wconf 78' lang='lat' dir='ltr'><strong>invo-</strong></span> 
     </span>
    </p>
   </div>
   <div class='ocr_carea' id='block_1_32' title="bbox 606 3012 2164 3083">
    <p class='ocr_par' dir='ltr' id='par_1_32' title="bbox 606 3012 2164 3083">
     <span class='ocr_line' id='line_1_32' title="bbox 606 3012 2164 3083; baseline 0.002 -21"><span class='ocrx_word' id='word_1_217' title='bbox 606 3012 1037 3069; x_wconf 65' lang='lat' dir='ltr'><strong>luntarim&#39;vero</strong></span> <span class='ocrx_word' id='word_1_218' title='bbox 1085 3023 1231 3079; x_wconf 89' lang='lat' dir='ltr'><strong>sunt,</strong></span> <span class='ocrx_word' id='word_1_219' title='bbox 1269 3013 1462 3081; x_wconf 82' lang='lat' dir='ltr'><strong>quibus</strong></span> <span class='ocrx_word' id='word_1_220' title='bbox 1519 3014 1729 3083; x_wconf 83' lang='lat' dir='ltr'><strong>tyranni</strong></span> <span class='ocrx_word' id='word_1_221' title='bbox 1772 3024 1827 3067; x_wconf 92' lang='lat' dir='ltr'><strong>et</strong></span> <span class='ocrx_word' id='word_1_222' title='bbox 1876 3014 2164 3070; x_wconf 87' lang='lat' dir='ltr'><strong>validiores</strong></span> 
     </span>
    </p>
   </div>
   <div class='ocr_carea' id='block_1_33' title="bbox 607 3102 2163 3172">
    <p class='ocr_par' dir='ltr' id='par_1_33' title="bbox 607 3102 2163 3172">
     <span class='ocr_line' id='line_1_33' title="bbox 607 3102 2163 3172; baseline 0.001 -19"><span class='ocrx_word' id='word_1_223' title='bbox 607 3118 704 3155; x_wconf 87' lang='lat' dir='ltr'><strong>nos</strong></span> <span class='ocrx_word' id='word_1_224' title='bbox 731 3102 1050 3170; x_wconf 81' lang='lat' dir='ltr'><strong>subjiciunt.</strong></span> <span class='ocrx_word' id='word_1_225' title='bbox 1094 3104 1259 3172; x_wconf 90' lang='lat' dir='ltr'><strong>Igitur</strong></span> <span class='ocrx_word' id='word_1_226' title='bbox 1300 3119 1329 3156; x_wconf 88' lang='lat' dir='ltr'><strong>a</strong></span> <span class='ocrx_word' id='word_1_227' title='bbox 1388 3104 1706 3157; x_wconf 86' lang='lat' dir='ltr'><strong>voluntariis</strong></span> <span class='ocrx_word' id='word_1_228' title='bbox 1753 3103 2163 3165; x_wconf 66' lang='lat' dir='ltr'><strong>teutationibus,</strong></span> 
     </span>
    </p>
   </div>
   <div class='ocr_carea' id='block_1_34' title="bbox 2263 610 3828 698">
    <p class='ocr_par' dir='ltr' id='par_1_34' title="bbox 2263 610 3828 698">
     <span class='ocr_line' id='line_1_34' title="bbox 2263 610 3828 698; baseline -0.013 -14"><span class='ocrx_word' id='word_1_229' title='bbox 2263 630 2443 698; x_wconf 81' lang='grc' dir='ltr'>Πάτερ</span> <span class='ocrx_word' id='word_1_230' title='bbox 2473 644 2603 698; x_wconf 87' lang='grc' dir='ltr'>μου,</span> <span class='ocrx_word' id='word_1_231' title='bbox 2652 622 2789 677; x_wconf 81' lang='grc' dir='ltr'>ἀλλὰ</span> <span class='ocrx_word' id='word_1_232' title='bbox 2825 619 3008 687; x_wconf 81' lang='grc' dir='ltr'>Πάτερ</span> <span class='ocrx_word' id='word_1_233' title='bbox 3043 615 3227 685; x_wconf 79' lang='grc' dir='ltr'>ἡμῶν,</span> <span class='ocrx_word' id='word_1_234' title='bbox 3250 617 3333 676; x_wconf 78' lang='grc' dir='ltr'>εἰς</span> <span class='ocrx_word' id='word_1_235' title='bbox 3385 610 3739 683; x_wconf 74' lang='grc' dir='ltr'><strong>φιλαδελφίαν</strong></span> <span class='ocrx_word' id='word_1_236' title='bbox 3773 626 3828 664; x_wconf 76' lang='grc' dir='ltr'><strong>σε</strong></span> 
     </span>
    </p>
   </div>
   <div class='ocr_carea' id='block_1_35' title="bbox 2257 701 3827 790">
    <p class='ocr_par' dir='ltr' id='par_1_35' title="bbox 2257 701 3827 790">
     <span class='ocr_line' id='line_1_35' title="bbox 2257 701 3827 790; baseline -0.013 -17"><span class='ocrx_word' id='word_1_237' title='bbox 2257 721 2559 790; x_wconf 76' lang='grc' dir='ltr'><strong>διεγείρων,</strong></span> <span class='ocrx_word' id='word_1_238' title='bbox 2613 717 2708 770; x_wconf 72' lang='grc' dir='ltr'>καὶ</span> <span class='ocrx_word' id='word_1_239' title='bbox 2745 706 3179 777; x_wconf 72' lang='grc' dir='ltr'>καταναγκάζων</span> <span class='ocrx_word' id='word_1_240' title='bbox 3218 707 3431 769; x_wconf 79' lang='grc' dir='ltr'><strong>πάντας</strong></span> <span class='ocrx_word' id='word_1_241' title='bbox 3467 703 3715 774; x_wconf 72' lang='grc' dir='ltr'>ἀγαπᾷν,</span> <span class='ocrx_word' id='word_1_242' title='bbox 3754 701 3827 765; x_wconf 76' lang='grc' dir='ltr'><strong>ὡς</strong></span> 
     </span>
    </p>
   </div>
   <div class='ocr_carea' id='block_1_36' title="bbox 2260 792 3827 876">
    <p class='ocr_par' dir='ltr' id='par_1_36' title="bbox 2260 792 3827 876">
     <span class='ocr_line' id='line_1_36' title="bbox 2260 792 3827 876; baseline -0.013 -11"><span class='ocrx_word' id='word_1_243' title='bbox 2260 812 2471 873; x_wconf 75' lang='grc' dir='ltr'>κοινοὺς</span> <span class='ocrx_word' id='word_1_244' title='bbox 2500 806 2786 876; x_wconf 75' lang='grc' dir='ltr'>ἀδελφούς.</span> <span class='ocrx_word' id='word_1_245' title='bbox 2848 804 2935 856; x_wconf 82' lang='grc' dir='ltr'>Ἐν</span> <span class='ocrx_word' id='word_1_246' title='bbox 2980 803 3099 865; x_wconf 83' lang='grc' dir='ltr'>τοῖς</span> <span class='ocrx_word' id='word_1_247' title='bbox 3149 799 3406 871; x_wconf 74' lang='grc' dir='ltr'>οὐρανοῖς</span> <span class='ocrx_word' id='word_1_248' title='bbox 3452 796 3510 851; x_wconf 69' lang='grc' dir='ltr'><strong>δὲ</strong></span> <span class='ocrx_word' id='word_1_249' title='bbox 3549 793 3741 859; x_wconf 75' lang='grc' dir='ltr'>εἰπὼν,</span> <span class='ocrx_word' id='word_1_250' title='bbox 3769 792 3827 845; x_wconf 81' lang='grc' dir='ltr'>οὐ</span> 
     </span>
    </p>
   </div>
   <div class='ocr_carea' id='block_1_37' title="bbox 2258 884 3829 973">
    <p class='ocr_par' dir='ltr' id='par_1_37' title="bbox 2258 884 3829 973">
     <span class='ocr_line' id='line_1_37' title="bbox 2258 884 3829 973; baseline -0.012 -17"><span class='ocrx_word' id='word_1_251' title='bbox 2258 901 2593 973; x_wconf 75' lang='grc' dir='ltr'><strong>περιγράφει</strong></span> <span class='ocrx_word' id='word_1_252' title='bbox 2618 900 2739 951; x_wconf 72' lang='grc' dir='ltr'>ἐκεῖ</span> <span class='ocrx_word' id='word_1_253' title='bbox 2768 897 2858 949; x_wconf 70' lang='grc' dir='ltr'><strong>τὸν</strong></span> <span class='ocrx_word' id='word_1_254' title='bbox 2890 893 3047 957; x_wconf 81' lang='grc' dir='ltr'>Θεὸν,</span> <span class='ocrx_word' id='word_1_255' title='bbox 3090 892 3223 945; x_wconf 79' lang='grc' dir='ltr'><strong>ἀλλά</strong></span> <span class='ocrx_word' id='word_1_256' title='bbox 3263 890 3355 943; x_wconf 69' lang='grc' dir='ltr'><strong>τὸν</strong></span> <span class='ocrx_word' id='word_1_257' title='bbox 3387 885 3670 958; x_wconf 66' lang='grc' dir='ltr'>ἀκροατὴν</span> <span class='ocrx_word' id='word_1_258' title='bbox 3701 884 3829 939; x_wconf 81' lang='grc' dir='ltr'>ἀνά-</span> 
     </span>
    </p>
   </div>
   <div class='ocr_carea' id='block_1_38' title="bbox 2258 979 3830 1063">
    <p class='ocr_par' dir='ltr' id='par_1_38' title="bbox 2258 979 3830 1063">
     <span class='ocr_line' id='line_1_38' title="bbox 2258 979 3830 1063; baseline -0.012 -15"><span class='ocrx_word' id='word_1_259' title='bbox 2258 1012 2342 1063; x_wconf 88' lang='grc' dir='ltr'><strong>γει</strong></span> <span class='ocrx_word' id='word_1_260' title='bbox 2372 995 2452 1056; x_wconf 85' lang='grc' dir='ltr'><strong>είς</strong></span> <span class='ocrx_word' id='word_1_261' title='bbox 2490 990 2782 1063; x_wconf 65' lang='grc' dir='ltr'>οὐρανοὺς,</span> <span class='ocrx_word' id='word_1_262' title='bbox 2817 987 2909 1042; x_wconf 76' lang='grc' dir='ltr'>καὶ</span> <span class='ocrx_word' id='word_1_263' title='bbox 2958 988 3164 1053; x_wconf 77' lang='grc' dir='ltr'><strong>ἀπάγει</strong></span> <span class='ocrx_word' id='word_1_264' title='bbox 3225 984 3332 1035; x_wconf 82' lang='grc' dir='ltr'>τῶν</span> <span class='ocrx_word' id='word_1_265' title='bbox 3381 981 3608 1050; x_wconf 70' lang='grc' dir='ltr'>γηΐνων.</span> <span class='ocrx_word' id='word_1_266' title='bbox 3652 979 3830 1045; x_wconf 82' lang='grc' dir='ltr'>Ἀγια-</span> 
     </span>
    </p>
   </div>
   <div class='ocr_carea' id='block_1_39' title="bbox 2260 1070 3827 1155">
    <p class='ocr_par' dir='ltr' id='par_1_39' title="bbox 2260 1070 3827 1155">
     <span class='ocr_line' id='line_1_39' title="bbox 2260 1070 3827 1155; baseline -0.012 -15"><span class='ocrx_word' id='word_1_267' title='bbox 2260 1088 2440 1155; x_wconf 77' lang='grc' dir='ltr'>σθήτω</span> <span class='ocrx_word' id='word_1_268' title='bbox 2464 1085 2521 1137; x_wconf 79' lang='grc' dir='ltr'>τὸ</span> <span class='ocrx_word' id='word_1_269' title='bbox 2551 1081 2723 1153; x_wconf 74' lang='grc' dir='ltr'>ὄνομά</span> <span class='ocrx_word' id='word_1_270' title='bbox 2745 1098 2857 1143; x_wconf 88' lang='grc' dir='ltr'>σου,</span> <span class='ocrx_word' id='word_1_271' title='bbox 2891 1080 3010 1133; x_wconf 73' lang='grc' dir='ltr'>ἀντὶ</span> <span class='ocrx_word' id='word_1_272' title='bbox 3050 1077 3165 1142; x_wconf 74' lang='grc' dir='ltr'>τοῦ,</span> <span class='ocrx_word' id='word_1_273' title='bbox 3196 1073 3535 1143; x_wconf 77' lang='grc' dir='ltr'>δοξασθὴτω,</span> <span class='ocrx_word' id='word_1_274' title='bbox 3569 1070 3827 1133; x_wconf 73' lang='grc' dir='ltr'>τουτέστι,</span> 
     </span>
    </p>
   </div>
   <div class='ocr_carea' id='block_1_40' title="bbox 2260 1162 3830 1246">
    <p class='ocr_par' dir='ltr' id='par_1_40' title="bbox 2260 1162 3830 1246">
     <span class='ocr_line' id='line_1_40' title="bbox 2260 1162 3830 1246; baseline -0.008 -19"><span class='ocrx_word' id='word_1_275' title='bbox 2260 1177 2483 1246; x_wconf 74' lang='grc' dir='ltr'>ποίησον</span> <span class='ocrx_word' id='word_1_276' title='bbox 2512 1174 2669 1245; x_wconf 79' lang='grc' dir='ltr'>ἡμῶν</span> <span class='ocrx_word' id='word_1_277' title='bbox 2698 1172 2789 1226; x_wconf 77' lang='grc' dir='ltr'><strong>τὸν</strong></span> <span class='ocrx_word' id='word_1_278' title='bbox 2821 1169 2935 1240; x_wconf 86' lang='grc' dir='ltr'>βίον</span> <span class='ocrx_word' id='word_1_279' title='bbox 2966 1170 3046 1231; x_wconf 84' lang='grc' dir='ltr'><strong>είς</strong></span> <span class='ocrx_word' id='word_1_280' title='bbox 3088 1168 3247 1232; x_wconf 79' lang='grc' dir='ltr'>δόξαν</span> <span class='ocrx_word' id='word_1_281' title='bbox 3289 1162 3431 1219; x_wconf 77' lang='grc' dir='ltr'>εἶναι</span> <span class='ocrx_word' id='word_1_282' title='bbox 3466 1164 3590 1234; x_wconf 82' lang='grc' dir='ltr'>σήν.</span> <span class='ocrx_word' id='word_1_283' title='bbox 3628 1163 3830 1230; x_wconf 82' lang='grc' dir='ltr'>Ὠσπερ</span> 
     </span>
    </p>
   </div>
   <div class='ocr_carea' id='block_1_41' title="bbox 2260 1254 3834 1337">
    <p class='ocr_par' dir='ltr' id='par_1_41' title="bbox 2260 1254 3834 1337">
     <span class='ocr_line' id='line_1_41' title="bbox 2260 1254 3834 1337; baseline -0.01 -17"><span class='ocrx_word' id='word_1_284' title='bbox 2260 1267 2370 1337; x_wconf 70' lang='grc' dir='ltr'><strong>γάρ</strong></span> <span class='ocrx_word' id='word_1_285' title='bbox 2398 1268 2457 1319; x_wconf 75' lang='grc' dir='ltr'>τὸ</span> <span class='ocrx_word' id='word_1_286' title='bbox 2490 1266 2661 1336; x_wconf 71' lang='grc' dir='ltr'>ὄνομα</span> <span class='ocrx_word' id='word_1_287' title='bbox 2688 1264 2784 1317; x_wconf 85' lang='grc' dir='ltr'><strong>τοῦ</strong></span> <span class='ocrx_word' id='word_1_288' title='bbox 2819 1261 2955 1317; x_wconf 80' lang='grc' dir='ltr'>Θεοῦ</span> <span class='ocrx_word' id='word_1_289' title='bbox 2985 1259 3390 1331; x_wconf 69' lang='grc' dir='ltr'><strong>βλασφημεῖται</strong></span> <span class='ocrx_word' id='word_1_290' title='bbox 3438 1254 3529 1309; x_wconf 76' lang='grc' dir='ltr'>διὰ</span> <span class='ocrx_word' id='word_1_291' title='bbox 3578 1255 3709 1317; x_wconf 77' lang='grc' dir='ltr'>τοὺς</span> <span class='ocrx_word' id='word_1_292' title='bbox 3742 1269 3834 1305; x_wconf 70' lang='grc' dir='ltr'><strong>ια-</strong></span> 
     </span>
    </p>
   </div>
   <div class='ocr_carea' id='block_1_42' title="bbox 2262 1348 3831 1429">
    <p class='ocr_par' dir='ltr' id='par_1_42' title="bbox 2262 1348 3831 1429">
     <span class='ocr_line' id='line_1_42' title="bbox 2262 1348 3831 1429; baseline -0.008 -18"><span class='ocrx_word' id='word_1_293' title='bbox 2262 1361 2412 1424; x_wconf 74' lang='grc' dir='ltr'>κοὺς,</span> <span class='ocrx_word' id='word_1_294' title='bbox 2444 1356 2585 1410; x_wconf 77' lang='grc' dir='ltr'>οὕτω</span> <span class='ocrx_word' id='word_1_295' title='bbox 2613 1355 2896 1420; x_wconf 76' lang='grc' dir='ltr'>δοξάζεται</span> <span class='ocrx_word' id='word_1_296' title='bbox 2926 1354 3014 1407; x_wconf 82' lang='grc' dir='ltr'><strong>διά</strong></span> <span class='ocrx_word' id='word_1_297' title='bbox 3042 1353 3165 1416; x_wconf 78' lang='grc' dir='ltr'>τοὺς</span> <span class='ocrx_word' id='word_1_298' title='bbox 3195 1350 3402 1420; x_wconf 80' lang='grc' dir='ltr'>ἀγαθὸν</span> <span class='ocrx_word' id='word_1_299' title='bbox 3443 1349 3562 1419; x_wconf 84' lang='grc' dir='ltr'>βίον</span> <span class='ocrx_word' id='word_1_300' title='bbox 3592 1348 3831 1429; x_wconf 61' lang='grc' dir='ltr'>ἔχον-δας.</span> 
     </span>
    </p>
   </div>
   <div class='ocr_carea' id='block_1_43' title="bbox 2274 1437 3833 1517">
    <p class='ocr_par' dir='ltr' id='par_1_43' title="bbox 2274 1437 3833 1517">
     <span class='ocr_line' id='line_1_43' title="bbox 2274 1437 3833 1517; baseline -0.008 -14"><span class='ocrx_word' id='word_1_301' title='bbox 2274 1450 2509 1504; x_wconf 72' lang='grc' dir='ltr'>Ἑλθέτω</span> <span class='ocrx_word' id='word_1_302' title='bbox 2540 1452 2572 1517; x_wconf 79' lang='grc' dir='ltr'>ἡ</span> <span class='ocrx_word' id='word_1_303' title='bbox 2613 1447 2861 1517; x_wconf 84' lang='grc' dir='ltr'>βασιλεία</span> <span class='ocrx_word' id='word_1_304' title='bbox 2898 1463 3015 1499; x_wconf 88' lang='grc' dir='ltr'>σου.</span> <span class='ocrx_word' id='word_1_305' title='bbox 3077 1444 3134 1498; x_wconf 86' lang='grc' dir='ltr'><strong>Ὀ</strong></span> <span class='ocrx_word' id='word_1_306' title='bbox 3167 1444 3269 1515; x_wconf 82' lang='grc' dir='ltr'>μὲν</span> <span class='ocrx_word' id='word_1_307' title='bbox 3304 1441 3638 1512; x_wconf 72' lang='grc' dir='ltr'>ἁμαρτωλὸς</span> <span class='ocrx_word' id='word_1_308' title='bbox 3667 1437 3833 1493; x_wconf 85' lang='grc' dir='ltr'>ἀπεύ-</span> 
     </span>
    </p>
   </div>
   <div class='ocr_carea' id='block_1_44' title="bbox 2262 1531 3835 1613">
    <p class='ocr_par' dir='ltr' id='par_1_44' title="bbox 2262 1531 3835 1613">
     <span class='ocr_line' id='line_1_44' title="bbox 2262 1531 3835 1613; baseline -0.008 -18"><span class='ocrx_word' id='word_1_309' title='bbox 2262 1561 2413 1613; x_wconf 82' lang='grc' dir='ltr'>χεται</span> <span class='ocrx_word' id='word_1_310' title='bbox 2441 1544 2540 1611; x_wconf 71' lang='grc' dir='ltr'>τὴν</span> <span class='ocrx_word' id='word_1_311' title='bbox 2568 1541 2845 1612; x_wconf 83' lang='grc' dir='ltr'>βασιλείαν</span> <span class='ocrx_word' id='word_1_312' title='bbox 2870 1538 2965 1592; x_wconf 74' lang='grc' dir='ltr'>τοῦ</span> <span class='ocrx_word' id='word_1_313' title='bbox 2992 1538 3152 1601; x_wconf 80' lang='grc' dir='ltr'>Θεοῦ,</span> <span class='ocrx_word' id='word_1_314' title='bbox 3186 1536 3260 1607; x_wconf 80' lang='grc' dir='ltr'>μὴ</span> <span class='ocrx_word' id='word_1_315' title='bbox 3282 1534 3612 1605; x_wconf 69' lang='grc' dir='ltr'>βουλόμενος</span> <span class='ocrx_word' id='word_1_316' title='bbox 3637 1531 3835 1601; x_wconf 82' lang='grc' dir='ltr'>ταύτην</span> 
     </span>
    </p>
   </div>
   <div class='ocr_carea' id='block_1_45' title="bbox 2261 1624 3835 1698">
    <p class='ocr_par' dir='ltr' id='par_1_45' title="bbox 2261 1624 3835 1698">
     <span class='ocr_line' id='line_1_45' title="bbox 2261 1624 3835 1698; baseline -0.007 -14"><span class='ocrx_word' id='word_1_317' title='bbox 2261 1632 2454 1695; x_wconf 70' lang='grc' dir='ltr'>ἐλθεῖν,</span> <span class='ocrx_word' id='word_1_318' title='bbox 2482 1632 2567 1685; x_wconf 76' lang='grc' dir='ltr'>διὰ</span> <span class='ocrx_word' id='word_1_319' title='bbox 2594 1633 2661 1685; x_wconf 76' lang='grc' dir='ltr'><strong>τά</strong></span> <span class='ocrx_word' id='word_1_320' title='bbox 2687 1633 2802 1684; x_wconf 70' lang='grc' dir='ltr'>ἐκεῖ</span> <span class='ocrx_word' id='word_1_321' title='bbox 2820 1628 3199 1698; x_wconf 76' lang='grc' dir='ltr'>δικαιωτήρια.</span> <span class='ocrx_word' id='word_1_322' title='bbox 3239 1627 3297 1679; x_wconf 90' lang='lat'><strong>&#39;0</strong></span> <span class='ocrx_word' id='word_1_323' title='bbox 3315 1627 3371 1679; x_wconf 76' lang='grc' dir='ltr'><strong>δὲ</strong></span> <span class='ocrx_word' id='word_1_324' title='bbox 3388 1625 3593 1686; x_wconf 84' lang='grc' dir='ltr'>δίκαιος</span> <span class='ocrx_word' id='word_1_325' title='bbox 3617 1624 3835 1675; x_wconf 77' lang='grc' dir='ltr'>τούναν-</span> 
     </span>
    </p>
   </div>
   <div class='ocr_carea' id='block_1_46' title="bbox 2259 1714 3836 1793">
    <p class='ocr_par' dir='ltr' id='par_1_46' title="bbox 2259 1714 3836 1793">
     <span class='ocr_line' id='line_1_46' title="bbox 2259 1714 3836 1793; baseline -0.005 -18"><span class='ocrx_word' id='word_1_326' title='bbox 2259 1724 2372 1776; x_wconf 85' lang='grc' dir='ltr'>τίον</span> <span class='ocrx_word' id='word_1_327' title='bbox 2402 1726 2585 1793; x_wconf 77' lang='grc' dir='ltr'><strong>τάχιον</strong></span> <span class='ocrx_word' id='word_1_328' title='bbox 2606 1721 2777 1792; x_wconf 75' lang='grc' dir='ltr'>αὐτὴν</span> <span class='ocrx_word' id='word_1_329' title='bbox 2806 1721 2980 1773; x_wconf 78' lang='grc' dir='ltr'><strong>ἐλθεῖν</strong></span> <span class='ocrx_word' id='word_1_330' title='bbox 3006 1719 3250 1791; x_wconf 73' lang='grc' dir='ltr'>εὔχεται,</span> <span class='ocrx_word' id='word_1_331' title='bbox 3299 1718 3375 1781; x_wconf 83' lang='grc' dir='ltr'><strong>ὡς</strong></span> <span class='ocrx_word' id='word_1_332' title='bbox 3412 1719 3477 1772; x_wconf 76' lang='grc' dir='ltr'>ἂν</span> <span class='ocrx_word' id='word_1_333' title='bbox 3501 1714 3836 1783; x_wconf 63' lang='grc' dir='ltr'>ἀπαλλαγεὶς</span> 
     </span>
    </p>
   </div>
   <div class='ocr_carea' id='block_1_47' title="bbox 2259 1804 3835 1881">
    <p class='ocr_par' dir='ltr' id='par_1_47' title="bbox 2259 1804 3835 1881">
     <span class='ocr_line' id='line_1_47' title="bbox 2259 1804 3835 1881; baseline -0.006 -13"><span class='ocrx_word' id='word_1_334' title='bbox 2259 1817 2367 1868; x_wconf 82' lang='grc' dir='ltr'>τῶν</span> <span class='ocrx_word' id='word_1_335' title='bbox 2390 1813 2624 1867; x_wconf 75' lang='grc' dir='ltr'>ἐνταῦθα</span> <span class='ocrx_word' id='word_1_336' title='bbox 2660 1812 3052 1881; x_wconf 78' lang='grc' dir='ltr'>πειρατηρίων,</span> <span class='ocrx_word' id='word_1_337' title='bbox 3084 1809 3485 1879; x_wconf 67' lang='grc' dir='ltr'>ἀναπαύσηται.</span> <span class='ocrx_word' id='word_1_338' title='bbox 3514 1806 3766 1860; x_wconf 84' lang='grc' dir='ltr'>Γενέσθω</span> <span class='ocrx_word' id='word_1_339' title='bbox 3784 1804 3835 1859; x_wconf 79' lang='grc' dir='ltr'><strong>δὲ</strong></span> 
     </span>
    </p>
   </div>
   <div class='ocr_carea' id='block_1_48' title="bbox 2262 1900 3835 1976">
    <p class='ocr_par' dir='ltr' id='par_1_48' title="bbox 2262 1900 3835 1976">
     <span class='ocr_line' id='line_1_48' title="bbox 2262 1900 3835 1976; baseline -0.005 -16"><span class='ocrx_word' id='word_1_340' title='bbox 2262 1910 2351 1962; x_wconf 64' lang='grc' dir='ltr'>καὶ</span> <span class='ocrx_word' id='word_1_341' title='bbox 2368 1908 2427 1959; x_wconf 70' lang='grc' dir='ltr'><strong>τὸ</strong></span> <span class='ocrx_word' id='word_1_342' title='bbox 2444 1906 2653 1976; x_wconf 82' lang='grc' dir='ltr'>θέλημά</span> <span class='ocrx_word' id='word_1_343' title='bbox 2670 1923 2783 1967; x_wconf 84' lang='grc' dir='ltr'>σου,</span> <span class='ocrx_word' id='word_1_344' title='bbox 2802 1905 2990 1974; x_wconf 83' lang='grc' dir='ltr'>ὥσπερ</span> <span class='ocrx_word' id='word_1_345' title='bbox 3009 1907 3064 1956; x_wconf 76' lang='grc' dir='ltr'>ὲν</span> <span class='ocrx_word' id='word_1_346' title='bbox 3086 1903 3302 1973; x_wconf 80' lang='grc' dir='ltr'>οὐρανῷ</span> <span class='ocrx_word' id='word_1_347' title='bbox 3323 1903 3427 1954; x_wconf 74' lang='grc' dir='ltr'><strong>ὑπὸ</strong></span> <span class='ocrx_word' id='word_1_348' title='bbox 3445 1900 3552 1954; x_wconf 82' lang='grc' dir='ltr'>τῶν</span> <span class='ocrx_word' id='word_1_349' title='bbox 3568 1900 3835 1968; x_wconf 75' lang='grc' dir='ltr'>ἀγγέλων,</span> 
     </span>
    </p>
   </div>
   <div class='ocr_carea' id='block_1_49' title="bbox 2261 1991 3828 2067">
    <p class='ocr_par' dir='ltr' id='par_1_49' title="bbox 2261 1991 3828 2067">
     <span class='ocr_line' id='line_1_49' title="bbox 2261 1991 3828 2067; baseline -0.007 -14"><span class='ocrx_word' id='word_1_350' title='bbox 2261 2000 2403 2053; x_wconf 75' lang='grc' dir='ltr'>οὕτω</span> <span class='ocrx_word' id='word_1_351' title='bbox 2428 2000 2520 2052; x_wconf 62' lang='grc' dir='ltr'>καὶ</span> <span class='ocrx_word' id='word_1_352' title='bbox 2558 1998 2649 2067; x_wconf 80' lang='grc' dir='ltr'><strong>ὑφ’</strong></span> <span class='ocrx_word' id='word_1_353' title='bbox 2674 1998 2832 2067; x_wconf 73' lang='grc' dir='ltr'>ἡμῶν</span> <span class='ocrx_word' id='word_1_354' title='bbox 2854 1996 2961 2049; x_wconf 84' lang='grc' dir='ltr'>τῶν</span> <span class='ocrx_word' id='word_1_355' title='bbox 2995 1993 3302 2063; x_wconf 80' lang='grc' dir='ltr'>ἀνθρώπων</span> <span class='ocrx_word' id='word_1_356' title='bbox 3342 1992 3439 2046; x_wconf 67' lang='grc' dir='ltr'><strong>ἐπὶ</strong></span> <span class='ocrx_word' id='word_1_357' title='bbox 3477 1993 3579 2061; x_wconf 76' lang='grc' dir='ltr'>τῆς</span> <span class='ocrx_word' id='word_1_358' title='bbox 3618 1992 3744 2060; x_wconf 77' lang='grc' dir='ltr'>γῆς.</span> <span class='ocrx_word' id='word_1_359' title='bbox 3767 1991 3828 2042; x_wconf 81' lang='lat' dir='ltr'><strong>0i</strong></span> 
     </span>
    </p>
   </div>
   <div class='ocr_carea' id='block_1_50' title="bbox 2263 2080 3838 2156">
    <p class='ocr_par' dir='ltr' id='par_1_50' title="bbox 2263 2080 3838 2156">
     <span class='ocr_line' id='line_1_50' title="bbox 2263 2080 3838 2156; baseline -0.006 -14"><span class='ocrx_word' id='word_1_360' title='bbox 2263 2089 2369 2156; x_wconf 77' lang='grc' dir='ltr'><strong>γάρ</strong></span> <span class='ocrx_word' id='word_1_361' title='bbox 2397 2088 2621 2154; x_wconf 76' lang='grc' dir='ltr'>ἄγγελοι</span> <span class='ocrx_word' id='word_1_362' title='bbox 2654 2088 2854 2148; x_wconf 84' lang='grc' dir='ltr'>πάντες</span> <span class='ocrx_word' id='word_1_363' title='bbox 2880 2086 3018 2139; x_wconf 84' lang='grc' dir='ltr'><strong>κατά</strong></span> <span class='ocrx_word' id='word_1_364' title='bbox 3050 2085 3111 2136; x_wconf 72' lang='grc' dir='ltr'>τὸ</span> <span class='ocrx_word' id='word_1_365' title='bbox 3141 2084 3234 2137; x_wconf 78' lang='grc' dir='ltr'>τοῦ</span> <span class='ocrx_word' id='word_1_366' title='bbox 3255 2082 3400 2136; x_wconf 75' lang='grc' dir='ltr'><strong>,Θεοῦ</strong></span> <span class='ocrx_word' id='word_1_367' title='bbox 3421 2082 3640 2152; x_wconf 81' lang='grc' dir='ltr'>θέλημα</span> <span class='ocrx_word' id='word_1_368' title='bbox 3666 2080 3838 2134; x_wconf 84' lang='grc' dir='ltr'>πάντα</span> 
     </span>
    </p>
   </div>
   <div class='ocr_carea' id='block_1_51' title="bbox 2263 2173 3839 2249">
    <p class='ocr_par' dir='ltr' id='par_1_51' title="bbox 2263 2173 3839 2249">
     <span class='ocr_line' id='line_1_51' title="bbox 2263 2173 3839 2249; baseline -0.006 -16"><span class='ocrx_word' id='word_1_369' title='bbox 2263 2178 2567 2249; x_wconf 73' lang='grc' dir='ltr'><strong>ἐνεργοῦσι.</strong></span> <span class='ocrx_word' id='word_1_370' title='bbox 2603 2178 2856 2233; x_wconf 82' lang='grc' dir='ltr'><strong>Διδάσκει</strong></span> <span class='ocrx_word' id='word_1_371' title='bbox 2903 2177 2959 2230; x_wconf 72' lang='grc' dir='ltr'><strong>δὲ</strong></span> <span class='ocrx_word' id='word_1_372' title='bbox 2996 2176 3087 2229; x_wconf 72' lang='grc' dir='ltr'><strong>τὸν</strong></span> <span class='ocrx_word' id='word_1_373' title='bbox 3131 2174 3406 2227; x_wconf 69' lang='grc' dir='ltr'>ἐπιούσιον</span> <span class='ocrx_word' id='word_1_374' title='bbox 3438 2174 3607 2244; x_wconf 87' lang='grc' dir='ltr'>ἄρτον</span> <span class='ocrx_word' id='word_1_375' title='bbox 3658 2173 3839 2243; x_wconf 73' lang='grc' dir='ltr'>ζητεῖν</span> 
     </span>
    </p>
   </div>
   <div class='ocr_carea' id='block_1_52' title="bbox 2268 2265 3835 2342">
    <p class='ocr_par' dir='ltr' id='par_1_52' title="bbox 2268 2265 3835 2342">
     <span class='ocr_line' id='line_1_52' title="bbox 2268 2265 3835 2342; baseline -0.005 -17"><span class='ocrx_word' id='word_1_376' title='bbox 2268 2272 2448 2342; x_wconf 70' lang='grc' dir='ltr'>μόνον,</span> <span class='ocrx_word' id='word_1_377' title='bbox 2495 2272 2765 2331; x_wconf 82' lang='grc' dir='ltr'>τουτέστι.</span> <span class='ocrx_word' id='word_1_378' title='bbox 2823 2270 2915 2323; x_wconf 74' lang='grc' dir='ltr'><strong>τὸν</strong></span> <span class='ocrx_word' id='word_1_379' title='bbox 2966 2268 3059 2321; x_wconf 75' lang='grc' dir='ltr'><strong>ἐπὶ</strong></span> <span class='ocrx_word' id='word_1_380' title='bbox 3103 2270 3167 2338; x_wconf 78' lang='grc' dir='ltr'>τῇ</span> <span class='ocrx_word' id='word_1_381' title='bbox 3221 2267 3382 2337; x_wconf 76' lang='grc' dir='ltr'>οὐσίᾳ</span> <span class='ocrx_word' id='word_1_382' title='bbox 3412 2265 3596 2337; x_wconf 80' lang='grc' dir='ltr'>ἡμῶν,</span> <span class='ocrx_word' id='word_1_383' title='bbox 3644 2265 3741 2319; x_wconf 78' lang='grc' dir='ltr'>καὶ</span> <span class='ocrx_word' id='word_1_384' title='bbox 3772 2268 3835 2336; x_wconf 75' lang='grc' dir='ltr'>τῇ</span> 
     </span>
    </p>
   </div>
   <div class='ocr_carea' id='block_1_53' title="bbox 2268 2356 3840 2430">
    <p class='ocr_par' dir='ltr' id='par_1_53' title="bbox 2268 2356 3840 2430">
     <span class='ocr_line' id='line_1_53' title="bbox 2268 2356 3840 2430; baseline -0.004 -15"><span class='ocrx_word' id='word_1_385' title='bbox 2268 2362 2525 2415; x_wconf 75' lang='grc' dir='ltr'>συστάσει</span> <span class='ocrx_word' id='word_1_386' title='bbox 2555 2362 2653 2430; x_wconf 77' lang='grc' dir='ltr'>τῆς</span> <span class='ocrx_word' id='word_1_387' title='bbox 2679 2360 2825 2428; x_wconf 75' lang='grc' dir='ltr'>ζωῆς</span> <span class='ocrx_word' id='word_1_388' title='bbox 2853 2360 3297 2429; x_wconf 71' lang='grc' dir='ltr'>συμϐαλλόμενον</span> <span class='ocrx_word' id='word_1_389' title='bbox 3320 2375 3331 2387; x_wconf 92' lang='grc'><strong>·</strong></span> <span class='ocrx_word' id='word_1_390' title='bbox 3374 2360 3435 2410; x_wconf 85' lang='grc' dir='ltr'><strong>ού</strong></span> <span class='ocrx_word' id='word_1_391' title='bbox 3465 2357 3558 2410; x_wconf 79' lang='grc' dir='ltr'>τὸν</span> <span class='ocrx_word' id='word_1_392' title='bbox 3590 2356 3840 2427; x_wconf 69' lang='grc' dir='ltr'>περιττὸν</span> 
     </span>
    </p>
   </div>
   <div class='ocr_carea' id='block_1_54' title="bbox 2265 2447 3839 2519">
    <p class='ocr_par' dir='ltr' id='par_1_54' title="bbox 2265 2447 3839 2519">
     <span class='ocr_line' id='line_1_54' title="bbox 2265 2447 3839 2519; baseline -0.004 -14"><span class='ocrx_word' id='word_1_393' title='bbox 2265 2455 2503 2517; x_wconf 74' lang='grc' dir='ltr'>πάντως,</span> <span class='ocrx_word' id='word_1_394' title='bbox 2540 2452 2675 2505; x_wconf 73' lang='grc' dir='ltr'>ἀλλὰ</span> <span class='ocrx_word' id='word_1_395' title='bbox 2706 2452 2794 2504; x_wconf 76' lang='grc' dir='ltr'>τὸν</span> <span class='ocrx_word' id='word_1_396' title='bbox 2818 2452 3133 2518; x_wconf 78' lang='grc' dir='ltr'>ἀναγκαῖον.</span> <span class='ocrx_word' id='word_1_397' title='bbox 3164 2450 3239 2501; x_wconf 61' lang='lat' dir='ltr'><strong>To</strong></span> <span class='ocrx_word' id='word_1_398' title='bbox 3266 2451 3344 2508; x_wconf 81' lang='grc' dir='ltr'><strong>δὲ.</strong></span> <span class='ocrx_word' id='word_1_399' title='bbox 3375 2447 3450 2519; x_wconf 74' lang='grc' dir='ltr'>μὴ</span> <span class='ocrx_word' id='word_1_400' title='bbox 3472 2448 3741 2502; x_wconf 70' lang='grc' dir='ltr'><strong>εἰσελθεῖν</strong></span> <span class='ocrx_word' id='word_1_401' title='bbox 3765 2450 3839 2510; x_wconf 80' lang='grc' dir='ltr'><strong>εἰς</strong></span> 
     </span>
    </p>
   </div>
   <div class='ocr_carea' id='block_1_55' title="bbox 2266 2543 3838 2616">
    <p class='ocr_par' dir='ltr' id='par_1_55' title="bbox 2266 2543 3838 2616">
     <span class='ocr_line' id='line_1_55' title="bbox 2266 2543 3838 2616; baseline -0.002 -18"><span class='ocrx_word' id='word_1_402' title='bbox 2266 2545 2593 2616; x_wconf 80' lang='grc' dir='ltr'>πειρασμὸν,</span> <span class='ocrx_word' id='word_1_403' title='bbox 2625 2547 2686 2599; x_wconf 83' lang='grc' dir='ltr'>τὸ</span> <span class='ocrx_word' id='word_1_404' title='bbox 2726 2545 2801 2616; x_wconf 78' lang='grc' dir='ltr'>μὴ</span> <span class='ocrx_word' id='word_1_405' title='bbox 2832 2544 3106 2614; x_wconf 67' lang='grc' dir='ltr'>ἐπιπηδᾷν</span> <span class='ocrx_word' id='word_1_406' title='bbox 3137 2546 3249 2605; x_wconf 83' lang='grc' dir='ltr'>τοῖς</span> <span class='ocrx_word' id='word_1_407' title='bbox 3275 2545 3609 2613; x_wconf 72' lang='grc' dir='ltr'>πειρασμοῖς</span> <span class='ocrx_word' id='word_1_408' title='bbox 3640 2543 3838 2612; x_wconf 75' lang='grc' dir='ltr'>σημαί-</span> 
     </span>
    </p>
   </div>
   <div class='ocr_carea' id='block_1_56' title="bbox 2265 2634 3838 2708">
    <p class='ocr_par' dir='ltr' id='par_1_56' title="bbox 2265 2634 3838 2708">
     <span class='ocr_line' id='line_1_56' title="bbox 2265 2634 3838 2708; baseline -0.002 -18"><span class='ocrx_word' id='word_1_409' title='bbox 2265 2656 2365 2692; x_wconf 87' lang='grc' dir='ltr'>νει.</span> <span class='ocrx_word' id='word_1_410' title='bbox 2409 2642 2484 2691; x_wconf 71' lang='grc' dir='ltr'><strong>Οὐ</strong></span> <span class='ocrx_word' id='word_1_411' title='bbox 2538 2638 2646 2708; x_wconf 80' lang='grc' dir='ltr'>γὰρ</span> <span class='ocrx_word' id='word_1_412' title='bbox 2689 2638 2770 2690; x_wconf 78' lang='grc' dir='ltr'>δεῖ</span> <span class='ocrx_word' id='word_1_413' title='bbox 2812 2639 2959 2707; x_wconf 69' lang='grc' dir='ltr'>ἡμᾶς</span> <span class='ocrx_word' id='word_1_414' title='bbox 3008 2637 3351 2705; x_wconf 67' lang='grc' dir='ltr'>παρακαλεῖν</span> <span class='ocrx_word' id='word_1_415' title='bbox 3410 2636 3503 2688; x_wconf 70' lang='grc' dir='ltr'>τὸν</span> <span class='ocrx_word' id='word_1_416' title='bbox 3554 2634 3719 2696; x_wconf 73' lang='grc' dir='ltr'>Θεὸν,</span> <span class='ocrx_word' id='word_1_417' title='bbox 3757 2635 3838 2688; x_wconf 86' lang='grc' dir='ltr'><strong>ῖνα</strong></span> 
     </span>
    </p>
   </div>
   <div class='ocr_carea' id='block_1_57' title="bbox 2266 2730 3841 2803">
    <p class='ocr_par' dir='ltr' id='par_1_57' title="bbox 2266 2730 3841 2803">
     <span class='ocr_line' id='line_1_57' title="bbox 2266 2730 3841 2803; baseline -0.003 -19"><span class='ocrx_word' id='word_1_418' title='bbox 2266 2734 2414 2803; x_wconf 69' lang='grc' dir='ltr'>ἡμᾶς</span> <span class='ocrx_word' id='word_1_419' title='bbox 2439 2735 2518 2794; x_wconf 88' lang='grc' dir='ltr'><strong>είς</strong></span> <span class='ocrx_word' id='word_1_420' title='bbox 2551 2733 2856 2802; x_wconf 75' lang='grc' dir='ltr'>πειρασμὸν</span> <span class='ocrx_word' id='word_1_421' title='bbox 2905 2731 3152 2803; x_wconf 71' lang='grc' dir='ltr'>ἐμϐάλῃ,</span> <span class='ocrx_word' id='word_1_422' title='bbox 3191 2732 3306 2785; x_wconf 71' lang='grc' dir='ltr'>ἀλλ’</span> <span class='ocrx_word' id='word_1_423' title='bbox 3358 2730 3702 2801; x_wconf 73' lang='grc' dir='ltr'><strong>ἀπεύχεσθαι</strong></span> <span class='ocrx_word' id='word_1_424' title='bbox 3747 2730 3841 2800; x_wconf 71' lang='grc' dir='ltr'>μιν</span> 
     </span>
    </p>
   </div>
   <div class='ocr_carea' id='block_1_58' title="bbox 2267 2822 3839 2896">
    <p class='ocr_par' dir='ltr' id='par_1_58' title="bbox 2267 2822 3839 2896">
     <span class='ocr_line' id='line_1_58' title="bbox 2267 2822 3839 2896; baseline -0.003 -17"><span class='ocrx_word' id='word_1_425' title='bbox 2267 2827 2423 2880; x_wconf 78' lang='grc' dir='ltr'>τοῦτο</span> <span class='ocrx_word' id='word_1_426' title='bbox 2457 2842 2472 2858; x_wconf 77' lang='grc'><strong><em>⁸</em></strong></span> <span class='ocrx_word' id='word_1_427' title='bbox 2519 2826 2658 2879; x_wconf 66' lang='grc' dir='ltr'>ἐπάν</span> <span class='ocrx_word' id='word_1_428' title='bbox 2704 2825 2759 2878; x_wconf 71' lang='grc' dir='ltr'><strong>δὲ</strong></span> <span class='ocrx_word' id='word_1_429' title='bbox 2811 2824 2961 2896; x_wconf 73' lang='grc' dir='ltr'>ἔλθῃ,</span> <span class='ocrx_word' id='word_1_430' title='bbox 3010 2822 3272 2891; x_wconf 83' lang='grc' dir='ltr'>γενναίως</span> <span class='ocrx_word' id='word_1_431' title='bbox 3327 2823 3537 2894; x_wconf 75' lang='grc' dir='ltr'>φέρειν.</span> <span class='ocrx_word' id='word_1_432' title='bbox 3599 2824 3759 2876; x_wconf 82' lang='grc' dir='ltr'>Ἐστι</span> <span class='ocrx_word' id='word_1_433' title='bbox 3787 2822 3839 2875; x_wconf 79' lang='grc' dir='ltr'><strong>δὲ</strong></span> 
     </span>
    </p>
   </div>
   <div class='ocr_carea' id='block_1_59' title="bbox 2268 2915 3841 2989">
    <p class='ocr_par' dir='ltr' id='par_1_59' title="bbox 2268 2915 3841 2989">
     <span class='ocr_line' id='line_1_59' title="bbox 2268 2915 3841 2989; baseline -0.003 -17"><span class='ocrx_word' id='word_1_434' title='bbox 2268 2922 2467 2987; x_wconf 83' lang='grc' dir='ltr'>εἰπεῖν,</span> <span class='ocrx_word' id='word_1_435' title='bbox 2500 2922 2581 2974; x_wconf 81' lang='grc' dir='ltr'>ὅτι</span> <span class='ocrx_word' id='word_1_436' title='bbox 2612 2919 2792 2976; x_wconf 73' lang='grc' dir='ltr'>διττὸν</span> <span class='ocrx_word' id='word_1_437' title='bbox 2820 2919 2881 2971; x_wconf 84' lang='grc' dir='ltr'>τὸ</span> <span class='ocrx_word' id='word_1_438' title='bbox 2912 2915 3051 2981; x_wconf 76' lang='grc' dir='ltr'>εἶδος</span> <span class='ocrx_word' id='word_1_439' title='bbox 3084 2918 3195 2970; x_wconf 82' lang='grc' dir='ltr'>τῶν</span> <span class='ocrx_word' id='word_1_440' title='bbox 3232 2917 3581 2989; x_wconf 83' lang='grc' dir='ltr'>πειρασμῶν.</span> <span class='ocrx_word' id='word_1_441' title='bbox 3645 2919 3713 2971; x_wconf 77' lang='grc' dir='ltr'><strong>Οἱ</strong></span> <span class='ocrx_word' id='word_1_442' title='bbox 3748 2917 3841 2987; x_wconf 82' lang='grc' dir='ltr'>μὲν</span> 
     </span>
    </p>
   </div>
   <div class='ocr_carea' id='block_1_60' title="bbox 2268 3008 3842 3083">
    <p class='ocr_par' dir='ltr' id='par_1_60' title="bbox 2268 3008 3842 3083">
     <span class='ocr_line' id='line_1_60' title="bbox 2268 3008 3842 3083; baseline -0.001 -16"><span class='ocrx_word' id='word_1_443' title='bbox 2268 3015 2375 3083; x_wconf 76' lang='grc' dir='ltr'>γὰρ</span> <span class='ocrx_word' id='word_1_444' title='bbox 2404 3014 2640 3068; x_wconf 74' lang='grc' dir='ltr'>ἑκούσιοι</span> <span class='ocrx_word' id='word_1_445' title='bbox 2667 3030 2680 3043; x_wconf 79' lang='grc'><em>’</em></span> <span class='ocrx_word' id='word_1_446' title='bbox 2714 3008 2826 3065; x_wconf 73' lang='grc' dir='ltr'>οἷον</span> <span class='ocrx_word' id='word_1_447' title='bbox 2871 3013 3032 3082; x_wconf 77' lang='grc' dir='ltr'>μέθη.</span> <span class='ocrx_word' id='word_1_448' title='bbox 3070 3016 3248 3080; x_wconf 75' lang='grc' dir='ltr'>φόνος,</span> <span class='ocrx_word' id='word_1_449' title='bbox 3288 3013 3523 3083; x_wconf 80' lang='grc' dir='ltr'>μοιχεία,</span> <span class='ocrx_word' id='word_1_450' title='bbox 3554 3014 3651 3067; x_wconf 81' lang='grc' dir='ltr'>καὶ</span> <span class='ocrx_word' id='word_1_451' title='bbox 3680 3014 3842 3068; x_wconf 80' lang='grc' dir='ltr'>τᾶλλα</span> 
     </span>
    </p>
   </div>
   <div class='ocr_carea' id='block_1_61' title="bbox 2270 3105 3845 3176">
    <p class='ocr_par' dir='ltr' id='par_1_61' title="bbox 2270 3105 3845 3176">
     <span class='ocr_line' id='line_1_61' title="bbox 2270 3105 3845 3176; baseline 0 -16"><span class='ocrx_word' id='word_1_452' title='bbox 2270 3106 2417 3173; x_wconf 80' lang='grc' dir='ltr'>πάθη</span> <span class='ocrx_word' id='word_1_453' title='bbox 2440 3123 2455 3138; x_wconf 73' lang='grc' dir='ltr'><strong><em>ο</em></strong></span> <span class='ocrx_word' id='word_1_454' title='bbox 2491 3105 2703 3167; x_wconf 78' lang='grc' dir='ltr'>τούτοις</span> <span class='ocrx_word' id='word_1_455' title='bbox 2730 3105 2839 3174; x_wconf 75' lang='grc' dir='ltr'><strong>γὰρ</strong></span> <span class='ocrx_word' id='word_1_456' title='bbox 2870 3106 2982 3167; x_wconf 86' lang='grc' dir='ltr'>τοῖς</span> <span class='ocrx_word' id='word_1_457' title='bbox 3013 3108 3338 3176; x_wconf 80' lang='grc' dir='ltr'>πειρασμοῖς</span> <span class='ocrx_word' id='word_1_458' title='bbox 3373 3107 3596 3168; x_wconf 79' lang='grc' dir='ltr'>ἑκόντες</span> <span class='ocrx_word' id='word_1_459' title='bbox 3616 3108 3845 3169; x_wconf 73' lang='grc' dir='ltr'>ἑαυτοὺς</span> 
     </span>
    </p>
   </div>
   <div class='ocr_carea' id='block_1_62' title="bbox 608 3193 2166 3281">
    <p class='ocr_par' dir='ltr' id='par_1_62' title="bbox 608 3194 2166 3281">
     <span class='ocr_line' id='line_1_62' title="bbox 608 3194 2166 3281; baseline 0.001 -34"><span class='ocrx_word' id='word_1_460' title='bbox 608 3196 710 3251; x_wconf 88' lang='lat' dir='ltr'><strong>hoc</strong></span> <span class='ocrx_word' id='word_1_461' title='bbox 758 3204 840 3250; x_wconf 84' lang='lat' dir='ltr'><strong>est</strong></span> <span class='ocrx_word' id='word_1_462' title='bbox 869 3196 1271 3281; x_wconf 66' lang='lat' dir='ltr'><strong>aﬂ&#39;ectionibus,</strong></span> <span class='ocrx_word' id='word_1_463' title='bbox 1322 3194 1511 3265; x_wconf 81' lang='lat' dir='ltr'><strong>fugere</strong></span> <span class='ocrx_word' id='word_1_464' title='bbox 1566 3211 1664 3250; x_wconf 89' lang='lat' dir='ltr'><strong>nos</strong></span> <span class='ocrx_word' id='word_1_465' title='bbox 1718 3206 1950 3266; x_wconf 85' lang='lat' dir='ltr'><strong>oportet,</strong></span> <span class='ocrx_word' id='word_1_466' title='bbox 1997 3209 2048 3251; x_wconf 92' lang='lat' dir='ltr'><strong>et</strong></span> <span class='ocrx_word' id='word_1_467' title='bbox 2075 3213 2166 3251; x_wconf 80' lang='lat' dir='ltr'><strong>eas</strong></span> 
     </span>
    </p>
   </div>
   <div class='ocr_carea' id='block_1_63' title="bbox 2271 3193 3843 3281">
    <p class='ocr_par' dir='ltr' id='par_1_63' title="bbox 2272 3193 3843 3269">
     <span class='ocr_line' id='line_1_63' title="bbox 2272 3193 3843 3269; baseline 0.001 -17"><span class='ocrx_word' id='word_1_468' title='bbox 2272 3199 2717 3269; x_wconf 76' lang='grc' dir='ltr'>ύπεμὸάλλομεν.</span> <span class='ocrx_word' id='word_1_469' title='bbox 2759 3195 3027 3250; x_wconf 73' lang='grc' dir='ltr'>’Δκούσιοι</span> <span class='ocrx_word' id='word_1_470' title='bbox 3064 3196 3120 3248; x_wconf 75' lang='grc' dir='ltr'><strong>δὲ</strong></span> <span class='ocrx_word' id='word_1_471' title='bbox 3172 3198 3495 3267; x_wconf 71' lang='grc' dir='ltr'>πειρασμοὶ,</span> <span class='ocrx_word' id='word_1_472' title='bbox 3542 3193 3624 3262; x_wconf 80' lang='grc' dir='ltr'><strong>οἷς</strong></span> <span class='ocrx_word' id='word_1_473' title='bbox 3656 3200 3708 3252; x_wconf 78' lang='grc' dir='ltr'><strong>οῖ</strong></span> <span class='ocrx_word' id='word_1_474' title='bbox 3753 3199 3843 3253; x_wconf 81' lang='grc' dir='ltr'>τύ-</span> 
     </span>
    </p>
   </div>
   <div class='ocr_carea' id='block_1_64' title="bbox 609 3284 2166 3356">
    <p class='ocr_par' dir='ltr' id='par_1_64' title="bbox 609 3284 2166 3355">
     <span class='ocr_line' id='line_1_64' title="bbox 609 3284 2166 3355; baseline 0.001 -15"><span class='ocrx_word' id='word_1_475' title='bbox 609 3288 917 3355; x_wconf 88' lang='lat' dir='ltr'><strong>deprecari,</strong></span> <span class='ocrx_word' id='word_1_476' title='bbox 948 3296 1004 3341; x_wconf 82' lang='lat' dir='ltr'><strong>et</strong></span> <span class='ocrx_word' id='word_1_477' title='bbox 1038 3287 1239 3353; x_wconf 92' lang='lat' dir='ltr'><strong>dicere,</strong></span> <span class='ocrx_word' id='word_1_478' title='bbox 1276 3284 1354 3341; x_wconf 86' lang='lat' dir='ltr'><strong>Ne</strong></span> <span class='ocrx_word' id='word_1_479' title='bbox 1409 3286 1631 3341; x_wconf 78' lang='lat' dir='ltr'><strong>inducas</strong></span> <span class='ocrx_word' id='word_1_480' title='bbox 1674 3300 1790 3351; x_wconf 89' lang='lat' dir='ltr'><strong>nos,</strong></span> <span class='ocrx_word' id='word_1_481' title='bbox 1827 3287 1929 3340; x_wconf 90' lang='lat' dir='ltr'><strong>hoc</strong></span> <span class='ocrx_word' id='word_1_482' title='bbox 1971 3295 2072 3350; x_wconf 83' lang='lat' dir='ltr'><strong>est,</strong></span> <span class='ocrx_word' id='word_1_483' title='bbox 2107 3302 2166 3341; x_wconf 83' lang='lat' dir='ltr'><strong>ne</strong></span> 
     </span>
    </p>
   </div>
   <div class='ocr_carea' id='block_1_65' title="bbox 2271 3284 3845 3356">
    <p class='ocr_par' dir='ltr' id='par_1_65' title="bbox 2276 3285 3845 3356">
     <span class='ocr_line' id='line_1_65' title="bbox 2276 3285 3845 3356; baseline 0.001 -15"><span class='ocrx_word' id='word_1_484' title='bbox 2276 3304 2457 3356; x_wconf 85' lang='grc' dir='ltr'>ραννοι</span> <span class='ocrx_word' id='word_1_485' title='bbox 2504 3287 2597 3340; x_wconf 74' lang='grc' dir='ltr'>καὶ</span> <span class='ocrx_word' id='word_1_486' title='bbox 2631 3285 2795 3354; x_wconf 77' lang='grc' dir='ltr'>βίαιοι</span> <span class='ocrx_word' id='word_1_487' title='bbox 2849 3286 2997 3355; x_wconf 76' lang='grc' dir='ltr'>ἡμᾶς</span> <span class='ocrx_word' id='word_1_488' title='bbox 3030 3285 3446 3341; x_wconf 79' lang='grc' dir='ltr'>ύποδάλλουσιν.</span> <span class='ocrx_word' id='word_1_489' title='bbox 3500 3289 3635 3342; x_wconf 80' lang='grc' dir='ltr'><strong>’Δπδ</strong></span> <span class='ocrx_word' id='word_1_490' title='bbox 3669 3290 3845 3342; x_wconf 71' lang='grc' dir='ltr'>τοίνυν</span> 
     </span>
    </p>
   </div>
   <div class='ocr_carea' id='block_1_66' title="bbox 606 3376 2166 3449">
    <p class='ocr_par' dir='ltr' id='par_1_66' title="bbox 606 3376 2166 3449">
     <span class='ocr_line' id='line_1_66' title="bbox 606 3376 2166 3449; baseline 0 -18"><span class='ocrx_word' id='word_1_491' title='bbox 606 3378 886 3449; x_wconf 78' lang='lat' dir='ltr'><strong>permittas</strong></span> <span class='ocrx_word' id='word_1_492' title='bbox 912 3393 1012 3433; x_wconf 86' lang='lat' dir='ltr'><strong>nos</strong></span> <span class='ocrx_word' id='word_1_493' title='bbox 1046 3378 1287 3433; x_wconf 83' lang='lat' dir='ltr'><strong>incidere</strong></span> <span class='ocrx_word' id='word_1_494' title='bbox 1317 3378 1369 3430; x_wconf 92' lang='lat' dir='ltr'><strong>in</strong></span> <span class='ocrx_word' id='word_1_495' title='bbox 1400 3377 1771 3443; x_wconf 86' lang='lat' dir='ltr'><strong>tentatiouem,</strong></span> <span class='ocrx_word' id='word_1_496' title='bbox 1803 3376 1904 3432; x_wconf 90' lang='lat' dir='ltr'><strong>hoc</strong></span> <span class='ocrx_word' id='word_1_497' title='bbox 1942 3388 2025 3432; x_wconf 77' lang='lat' dir='ltr'><strong>est</strong></span> <span class='ocrx_word' id='word_1_498' title='bbox 2077 3394 2166 3431; x_wconf 89' lang='lat' dir='ltr'><strong>vo-</strong></span> 
     </span>
    </p>
   </div>
   <div class='ocr_carea' id='block_1_67' title="bbox 2271 3376 3844 3449">
    <p class='ocr_par' dir='ltr' id='par_1_67' title="bbox 2272 3378 3844 3449">
     <span class='ocr_line' id='line_1_67' title="bbox 2272 3378 3844 3449; baseline 0.001 -17"><span class='ocrx_word' id='word_1_499' title='bbox 2272 3379 2380 3432; x_wconf 74' lang='grc' dir='ltr'><strong>τῶν</strong></span> <span class='ocrx_word' id='word_1_500' title='bbox 2427 3378 2690 3432; x_wconf 78' lang='grc' dir='ltr'>ἑκουσίων</span> <span class='ocrx_word' id='word_1_501' title='bbox 2747 3378 3091 3449; x_wconf 75' lang='grc' dir='ltr'>πειρασμῶν.</span> <span class='ocrx_word' id='word_1_502' title='bbox 3141 3378 3387 3431; x_wconf 79' lang='grc' dir='ltr'>τουτέστι</span> <span class='ocrx_word' id='word_1_503' title='bbox 3451 3378 3564 3432; x_wconf 82' lang='grc' dir='ltr'>τῶν</span> <span class='ocrx_word' id='word_1_504' title='bbox 3632 3381 3844 3445; x_wconf 77' lang='grc' dir='ltr'>παθῶν,</span> 
     </span>
    </p>
   </div>
   <div class='ocr_carea' id='block_1_68' title="bbox 605 3468 2166 3541">
    <p class='ocr_par' dir='ltr' id='par_1_68' title="bbox 605 3468 2166 3524">
     <span class='ocr_line' id='line_1_68' title="bbox 605 3468 2166 3524; baseline 0.001 -2"><span class='ocrx_word' id='word_1_505' title='bbox 605 3468 894 3523; x_wconf 85' lang='lat' dir='ltr'><strong>luntariam</strong></span> <span class='ocrx_word' id='word_1_506' title='bbox 921 3469 1295 3524; x_wconf 85' lang='lat' dir='ltr'><strong>teutationem.</strong></span> <span class='ocrx_word' id='word_1_507' title='bbox 1332 3468 1438 3523; x_wconf 88' lang='lat' dir='ltr'><strong>Sed</strong></span> <span class='ocrx_word' id='word_1_508' title='bbox 1472 3468 1640 3522; x_wconf 87' lang='lat' dir='ltr'><strong>libera</strong></span> <span class='ocrx_word' id='word_1_509' title='bbox 1676 3483 1773 3523; x_wconf 87' lang='lat' dir='ltr'><strong>nos</strong></span> <span class='ocrx_word' id='word_1_510' title='bbox 1822 3483 1849 3521; x_wconf 88' lang='lat' dir='ltr'><strong>a</strong></span> <span class='ocrx_word' id='word_1_511' title='bbox 1889 3469 2049 3523; x_wconf 79' lang='lat' dir='ltr'><strong>malo.</strong></span> <span class='ocrx_word' id='word_1_512' title='bbox 2078 3469 2166 3524; x_wconf 80' lang='lat' dir='ltr'><strong>Hic</strong></span> 
     </span>
    </p>
   </div>
   <div class='ocr_carea' id='block_1_69' title="bbox 2271 3468 3843 3541">
    <p class='ocr_par' dir='ltr' id='par_1_69' title="bbox 2274 3469 3843 3541">
     <span class='ocr_line' id='line_1_69' title="bbox 2274 3469 3843 3541; baseline 0.001 -18"><span class='ocrx_word' id='word_1_513' title='bbox 2274 3472 2495 3540; x_wconf 68' lang='grc' dir='ltr'>φεύγειν</span> <span class='ocrx_word' id='word_1_514' title='bbox 2530 3470 2612 3523; x_wconf 82' lang='grc' dir='ltr'><strong>δεῖ</strong></span> <span class='ocrx_word' id='word_1_515' title='bbox 2646 3472 2812 3541; x_wconf 74' lang='grc' dir='ltr'>ἡμᾶς,</span> <span class='ocrx_word' id='word_1_516' title='bbox 2847 3471 2942 3522; x_wconf 69' lang='grc' dir='ltr'>καὶ</span> <span class='ocrx_word' id='word_1_517' title='bbox 2969 3470 3193 3529; x_wconf 77' lang='grc' dir='ltr'>τούτους</span> <span class='ocrx_word' id='word_1_518' title='bbox 3230 3469 3595 3540; x_wconf 76' lang='grc' dir='ltr'>ἀπεύχεσθαι,</span> <span class='ocrx_word' id='word_1_519' title='bbox 3635 3473 3735 3525; x_wconf 73' lang='grc' dir='ltr'>καὶ</span> <span class='ocrx_word' id='word_1_520' title='bbox 3762 3472 3843 3525; x_wconf 65' lang='grc' dir='ltr'><strong>λέι</strong></span> 
     </span>
    </p>
   </div>
   <div class='ocr_carea' id='block_1_70' title="bbox 607 3561 2166 3635">
    <p class='ocr_par' dir='ltr' id='par_1_70' title="bbox 607 3561 2166 3632">
     <span class='ocr_line' id='line_1_70' title="bbox 607 3561 2166 3632; baseline -0.003 -13"><span class='ocrx_word' id='word_1_521' title='bbox 607 3565 748 3619; x_wconf 90' lang='lat' dir='ltr'><strong>enim</strong></span> <span class='ocrx_word' id='word_1_522' title='bbox 781 3574 867 3619; x_wconf 80' lang='lat' dir='ltr'><strong>est</strong></span> <span class='ocrx_word' id='word_1_523' title='bbox 904 3563 996 3632; x_wconf 90' lang='lat' dir='ltr'><strong>qui</strong></span> <span class='ocrx_word' id='word_1_524' title='bbox 1025 3573 1079 3619; x_wconf 90' lang='lat' dir='ltr'><strong>et</strong></span> <span class='ocrx_word' id='word_1_525' title='bbox 1124 3562 1457 3618; x_wconf 82' lang='lat' dir='ltr'><strong>voluntarias</strong></span> <span class='ocrx_word' id='word_1_526' title='bbox 1489 3572 1543 3616; x_wconf 89' lang='lat' dir='ltr'><strong>et</strong></span> <span class='ocrx_word' id='word_1_527' title='bbox 1588 3561 1978 3616; x_wconf 86' lang='lat' dir='ltr'><strong>involuutarias</strong></span> <span class='ocrx_word' id='word_1_528' title='bbox 2014 3562 2166 3617; x_wconf 78' lang='lat' dir='ltr'><strong>infert</strong></span> 
     </span>
    </p>
   </div>
   <div class='ocr_carea' id='block_1_71' title="bbox 2271 3561 3845 3635">
    <p class='ocr_par' dir='ltr' id='par_1_71' title="bbox 2273 3563 3845 3635">
     <span class='ocr_line' id='line_1_71' title="bbox 2273 3563 3845 3635; baseline 0.003 -21"><span class='ocrx_word' id='word_1_529' title='bbox 2273 3581 2411 3631; x_wconf 84' lang='grc' dir='ltr'>γειν,</span> <span class='ocrx_word' id='word_1_530' title='bbox 2448 3564 2538 3632; x_wconf 82' lang='grc' dir='ltr'><strong>Μὴ</strong></span> <span class='ocrx_word' id='word_1_531' title='bbox 2566 3564 2884 3632; x_wconf 69' lang='grc' dir='ltr'>εἰσενέγκῃς</span> <span class='ocrx_word' id='word_1_532' title='bbox 2915 3563 3083 3632; x_wconf 74' lang='grc' dir='ltr'>ἡμᾶς,</span> <span class='ocrx_word' id='word_1_533' title='bbox 3135 3563 3406 3627; x_wconf 81' lang='grc' dir='ltr'>τουτέστι,</span> <span class='ocrx_word' id='word_1_534' title='bbox 3447 3563 3521 3632; x_wconf 82' lang='grc' dir='ltr'>μὴ</span> <span class='ocrx_word' id='word_1_535' title='bbox 3555 3566 3845 3635; x_wconf 82' lang='grc' dir='ltr'>συγχωρὴ-</span> 
     </span>
    </p>
   </div>
   <div class='ocr_carea' id='block_1_72' title="bbox 609 3652 2166 3729">
    <p class='ocr_par' dir='ltr' id='par_1_72' title="bbox 609 3654 2165 3724">
     <span class='ocr_line' id='line_1_72' title="bbox 609 3654 2165 3724; baseline -0.002 -14"><span class='ocrx_word' id='word_1_536' title='bbox 609 3658 957 3711; x_wconf 80' lang='lat' dir='ltr'><strong>tentationes.</strong></span> <span class='ocrx_word' id='word_1_537' title='bbox 1010 3654 1134 3711; x_wconf 85' lang='lat' dir='ltr'><strong>ideo</strong></span> <span class='ocrx_word' id='word_1_538' title='bbox 1190 3655 1279 3724; x_wconf 88' lang='lat' dir='ltr'><strong>qui</strong></span> <span class='ocrx_word' id='word_1_539' title='bbox 1330 3655 1555 3709; x_wconf 88' lang='lat' dir='ltr'><strong>tentaris</strong></span> <span class='ocrx_word' id='word_1_540' title='bbox 1592 3654 1659 3707; x_wconf 87' lang='lat' dir='ltr'><strong>ah</strong></span> <span class='ocrx_word' id='word_1_541' title='bbox 1713 3654 1929 3709; x_wconf 83' lang='lat' dir='ltr'><strong>homine</strong></span> <span class='ocrx_word' id='word_1_542' title='bbox 1982 3666 2034 3709; x_wconf 92' lang='lat' dir='ltr'><strong>et</strong></span> <span class='ocrx_word' id='word_1_543' title='bbox 2064 3655 2165 3709; x_wconf 72' lang='lat' dir='ltr'><strong>vim</strong></span> 
     </span>
    </p>
   </div>
   <div class='ocr_carea' id='block_1_73' title="bbox 2271 3652 3848 3729">
    <p class='ocr_par' dir='ltr' id='par_1_73' title="bbox 2278 3652 3848 3729">
     <span class='ocr_line' id='line_1_73' title="bbox 2278 3652 3848 3729; baseline 0.003 -25"><span class='ocrx_word' id='word_1_544' title='bbox 2278 3670 2375 3723; x_wconf 81' lang='grc' dir='ltr'>σῃς</span> <span class='ocrx_word' id='word_1_545' title='bbox 2411 3655 2553 3721; x_wconf 69' lang='grc' dir='ltr'>ἡμᾶς</span> <span class='ocrx_word' id='word_1_546' title='bbox 2579 3656 2843 3721; x_wconf 78' lang='grc' dir='ltr'>ἐμπεσεῖν</span> <span class='ocrx_word' id='word_1_547' title='bbox 2884 3656 2963 3716; x_wconf 84' lang='grc' dir='ltr'><strong>είς</strong></span> <span class='ocrx_word' id='word_1_548' title='bbox 2992 3652 3321 3729; x_wconf 82' lang='grc' dir='ltr'>πειρασμὸν,</span> <span class='ocrx_word' id='word_1_549' title='bbox 3362 3653 3535 3723; x_wconf 55' lang='lat' dir='ltr'><strong>{now</strong></span> <span class='ocrx_word' id='word_1_550' title='bbox 3562 3654 3647 3717; x_wconf 76' lang='lat' dir='ltr'><strong>si;</strong></span> <span class='ocrx_word' id='word_1_551' title='bbox 3679 3656 3848 3717; x_wconf 74' lang='grc' dir='ltr'>πάθος</span> 
     </span>
    </p>
   </div>
   <div class='ocr_carea' id='block_1_74' title="bbox 606 3741 2166 3817">
    <p class='ocr_par' dir='ltr' id='par_1_74' title="bbox 606 3746 2164 3817">
     <span class='ocr_line' id='line_1_74' title="bbox 606 3746 2164 3817; baseline -0.001 -18"><span class='ocrx_word' id='word_1_552' title='bbox 606 3749 837 3816; x_wconf 78' lang='lat' dir='ltr'><strong>pateris;</strong></span> <span class='ocrx_word' id='word_1_553' title='bbox 864 3763 929 3801; x_wconf 84' lang='lat' dir='ltr'><strong>ne</strong></span> <span class='ocrx_word' id='word_1_554' title='bbox 961 3758 1120 3817; x_wconf 89' lang='lat' dir='ltr'><strong>putes</strong></span> <span class='ocrx_word' id='word_1_555' title='bbox 1143 3746 1414 3800; x_wconf 82' lang='lat' dir='ltr'><strong>hominem</strong></span> <span class='ocrx_word' id='word_1_556' title='bbox 1446 3759 1567 3800; x_wconf 86' lang='lat' dir='ltr'><strong>esse</strong></span> <span class='ocrx_word' id='word_1_557' title='bbox 1600 3746 1693 3798; x_wconf 87' lang='lat' dir='ltr'><strong>tibi</strong></span> <span class='ocrx_word' id='word_1_558' title='bbox 1723 3754 2001 3799; x_wconf 84' lang='lat' dir='ltr'><strong>auctorem</strong></span> <span class='ocrx_word' id='word_1_559' title='bbox 2044 3754 2164 3797; x_wconf 84' lang='lat' dir='ltr'><strong>teu-</strong></span> 
     </span>
    </p>
   </div>
   <div class='ocr_carea' id='block_1_75' title="bbox 2271 3741 3848 3817">
    <p class='ocr_par' dir='ltr' id='par_1_75' title="bbox 2280 3741 3848 3816">
     <span class='ocr_line' id='line_1_75' title="bbox 2280 3741 3848 3816; baseline 0.003 -18"><span class='ocrx_word' id='word_1_560' title='bbox 2280 3746 2548 3808; x_wconf 69' lang='grc' dir='ltr'>ἑκούσιον,</span> <span class='ocrx_word' id='word_1_561' title='bbox 2572 3746 2706 3797; x_wconf 63' lang='grc' dir='ltr'>ἀλλὰ</span> <span class='ocrx_word' id='word_1_562' title='bbox 2750 3746 2910 3815; x_wconf 73' lang='grc' dir='ltr'>ῥῦσαι</span> <span class='ocrx_word' id='word_1_563' title='bbox 2961 3746 3111 3815; x_wconf 74' lang='grc' dir='ltr'>ἡμᾶς</span> <span class='ocrx_word' id='word_1_564' title='bbox 3138 3746 3243 3799; x_wconf 80' lang='grc' dir='ltr'><strong>ἀπὸ</strong></span> <span class='ocrx_word' id='word_1_565' title='bbox 3272 3745 3364 3798; x_wconf 84' lang='grc' dir='ltr'>τοῦ</span> <span class='ocrx_word' id='word_1_566' title='bbox 3394 3746 3658 3816; x_wconf 72' lang='grc' dir='ltr'>πονηροῦ.</span> <span class='ocrx_word' id='word_1_567' title='bbox 3688 3741 3848 3810; x_wconf 68' lang='grc' dir='ltr'>Οὗτος</span> 
     </span>
    </p>
   </div>
   <div class='ocr_carea' id='block_1_76' title="bbox 608 3829 2166 3907">
    <p class='ocr_par' dir='ltr' id='par_1_76' title="bbox 608 3829 2166 3906">
     <span class='ocr_line' id='line_1_76' title="bbox 608 3829 2166 3906; baseline -0.003 -16"><span class='ocrx_word' id='word_1_568' title='bbox 608 3838 848 3899; x_wconf 82' lang='lat' dir='ltr'><strong>talionis,</strong></span> <span class='ocrx_word' id='word_1_569' title='bbox 877 3838 971 3892; x_wconf 84' lang='lat' dir='ltr'><strong>sed</strong></span> <span class='ocrx_word' id='word_1_570' title='bbox 1003 3829 1316 3906; x_wconf 81' lang='lat' dir='ltr'><strong>malignum.</strong></span> <span class='ocrx_word' id='word_1_571' title='bbox 1346 3836 1434 3889; x_wconf 91' lang='lat' dir='ltr'><strong>Ille</strong></span> <span class='ocrx_word' id='word_1_572' title='bbox 1458 3836 1602 3889; x_wconf 87' lang='lat' dir='ltr'><strong>enim</strong></span> <span class='ocrx_word' id='word_1_573' title='bbox 1632 3844 1711 3890; x_wconf 86' lang='lat' dir='ltr'><strong>est</strong></span> <span class='ocrx_word' id='word_1_574' title='bbox 1740 3836 1830 3904; x_wconf 85' lang='lat' dir='ltr'><strong>qui</strong></span> <span class='ocrx_word' id='word_1_575' title='bbox 1858 3835 2013 3889; x_wconf 85' lang='lat' dir='ltr'><strong>fratri</strong></span> <span class='ocrx_word' id='word_1_576' title='bbox 2049 3852 2166 3905; x_wconf 79' lang='lat' dir='ltr'><strong>per-</strong></span> 
     </span>
    </p>
   </div>
   <div class='ocr_carea' id='block_1_77' title="bbox 2271 3829 3849 3907">
    <p class='ocr_par' dir='ltr' id='par_1_77' title="bbox 2276 3836 3849 3907">
     <span class='ocr_line' id='line_1_77' title="bbox 2276 3836 3849 3907; baseline 0.002 -18"><span class='ocrx_word' id='word_1_577' title='bbox 2276 3838 2384 3907; x_wconf 82' lang='grc' dir='ltr'><strong>γάρ</strong></span> <span class='ocrx_word' id='word_1_578' title='bbox 2428 3839 2545 3889; x_wconf 77' lang='grc' dir='ltr'>ἐστι</span> <span class='ocrx_word' id='word_1_579' title='bbox 2588 3837 2679 3889; x_wconf 72' lang='grc' dir='ltr'>καὶ</span> <span class='ocrx_word' id='word_1_580' title='bbox 2725 3839 2851 3899; x_wconf 78' lang='grc' dir='ltr'>τοὺς</span> <span class='ocrx_word' id='word_1_581' title='bbox 2886 3836 3174 3899; x_wconf 77' lang='grc' dir='ltr'>ἀκουσίους</span> <span class='ocrx_word' id='word_1_582' title='bbox 3224 3839 3319 3890; x_wconf 70' lang='grc' dir='ltr'>καὶ</span> <span class='ocrx_word' id='word_1_583' title='bbox 3380 3838 3509 3900; x_wconf 73' lang='grc' dir='ltr'>τοὺς</span> <span class='ocrx_word' id='word_1_584' title='bbox 3568 3838 3849 3902; x_wconf 77' lang='grc' dir='ltr'>ἑκουσίους</span> 
     </span>
    </p>
   </div>
   <div class='ocr_carea' id='block_1_78' title="bbox 608 3920 2166 3999">
    <p class='ocr_par' dir='ltr' id='par_1_78' title="bbox 608 3920 1623 3983">
     <span class='ocr_line' id='line_1_78' title="bbox 608 3920 1623 3983; baseline -0.001 -2"><span class='ocrx_word' id='word_1_585' title='bbox 608 3930 800 3983; x_wconf 83' lang='lat' dir='ltr'><strong>suadet</strong></span> <span class='ocrx_word' id='word_1_586' title='bbox 824 3937 883 3982; x_wconf 89' lang='lat' dir='ltr'><strong>ut</strong></span> <span class='ocrx_word' id='word_1_587' title='bbox 916 3930 965 3982; x_wconf 92' lang='lat' dir='ltr'><strong>in</strong></span> <span class='ocrx_word' id='word_1_588' title='bbox 1001 3939 1052 3983; x_wconf 89' lang='lat' dir='ltr'><strong>te</strong></span> <span class='ocrx_word' id='word_1_589' title='bbox 1073 3920 1257 3983; x_wconf 66' lang='lat' dir='ltr'><strong>saevia‘t</strong></span> <span class='ocrx_word' id='word_1_590' title='bbox 1279 3937 1334 3982; x_wconf 89' lang='lat' dir='ltr'><strong>et</strong></span> <span class='ocrx_word' id='word_1_591' title='bbox 1367 3928 1623 3981; x_wconf 80' lang='lat' dir='ltr'><strong>insaniat.</strong></span> 
     </span>
    </p>
   </div>
   <div class='ocr_carea' id='block_1_79' title="bbox 2271 3920 3848 3999">
    <p class='ocr_par' dir='ltr' id='par_1_79' title="bbox 2275 3926 3848 3999">
     <span class='ocr_line' id='line_1_79' title="bbox 2275 3926 3848 3999; baseline 0.001 -19"><span class='ocrx_word' id='word_1_592' title='bbox 2275 3926 2617 3998; x_wconf 70' lang='grc' dir='ltr'>πειρασμοῦς</span> <span class='ocrx_word' id='word_1_593' title='bbox 2645 3927 2888 3995; x_wconf 71' lang='grc' dir='ltr'>ἐπάγων.</span> <span class='ocrx_word' id='word_1_594' title='bbox 2930 3928 3020 3980; x_wconf 77' lang='grc' dir='ltr'>Διὸ</span> <span class='ocrx_word' id='word_1_595' title='bbox 3053 3928 3128 3997; x_wconf 81' lang='grc' dir='ltr'>μὴ</span> <span class='ocrx_word' id='word_1_596' title='bbox 3158 3927 3427 3988; x_wconf 77' lang='grc' dir='ltr'>ἀκουσίως</span> <span class='ocrx_word' id='word_1_597' title='bbox 3452 3928 3848 3999; x_wconf 73' lang='grc' dir='ltr'>πειραζόμενος</span> 
     </span>
    </p>
   </div>
   <div class='ocr_carea' id='block_1_80' title="bbox 580 4012 3851 4091">
    <p class='ocr_par' dir='ltr' id='par_1_80' title="bbox 580 4012 3851 4091">
     <span class='ocr_line' id='line_1_80' title="bbox 580 4012 3851 4091; baseline 0 -18"><span class='ocrx_word' id='word_1_598' title='bbox 580 4020 713 4073; x_wconf 69' lang='grc' dir='ltr'><strong>ὑπὸ</strong></span> <span class='ocrx_word' id='word_1_599' title='bbox 737 4018 1043 4090; x_wconf 84' lang='grc' dir='ltr'>ἀνθρώπου,</span> <span class='ocrx_word' id='word_1_600' title='bbox 1071 4019 1257 4087; x_wconf 76' lang='grc' dir='ltr'>νόμιζε</span> <span class='ocrx_word' id='word_1_601' title='bbox 1280 4017 1370 4070; x_wconf 81' lang='grc' dir='ltr'>τὸν</span> <span class='ocrx_word' id='word_1_602' title='bbox 1396 4017 1683 4087; x_wconf 82' lang='grc' dir='ltr'>ἄνθρωπον</span> <span class='ocrx_word' id='word_1_603' title='bbox 1712 4012 1851 4073; x_wconf 79' lang='grc' dir='ltr'>εἷναί</span> <span class='ocrx_word' id='word_1_604' title='bbox 1890 4034 1972 4071; x_wconf 86' lang='grc' dir='ltr'><strong>σοι</strong></span> <span class='ocrx_word' id='word_1_605' title='bbox 2034 4021 2209 4072; x_wconf 75' lang='grc' dir='ltr'>αἴτιον</span> <span class='ocrx_word' id='word_1_606' title='bbox 2246 4016 2341 4069; x_wconf 77' lang='grc' dir='ltr'>τοῦ</span> <span class='ocrx_word' id='word_1_607' title='bbox 2421 4017 2750 4088; x_wconf 76' lang='grc' dir='ltr'>πειρασμοῦ,</span> <span class='ocrx_word' id='word_1_608' title='bbox 2787 4016 2923 4071; x_wconf 63' lang='grc' dir='ltr'><strong>ἁ).ὶά</strong></span> <span class='ocrx_word' id='word_1_609' title='bbox 2979 4018 3069 4070; x_wconf 75' lang='grc' dir='ltr'>τὸν</span> <span class='ocrx_word' id='word_1_610' title='bbox 3128 4018 3382 4089; x_wconf 78' lang='grc' dir='ltr'>πονηρόν.</span> <span class='ocrx_word' id='word_1_611' title='bbox 3446 4020 3693 4085; x_wconf 82' lang='grc' dir='ltr'>Ἐκεῖνος</span> <span class='ocrx_word' id='word_1_612' title='bbox 3746 4022 3851 4091; x_wconf 83' lang='grc' dir='ltr'><strong>γάρ</strong></span> 
     </span>
    </p>
   </div>
   <div class='ocr_carea' id='block_1_81' title="bbox 609 4110 2517 4182">
    <p class='ocr_par' dir='ltr' id='par_1_81' title="bbox 609 4110 2517 4182">
     <span class='ocr_line' id='line_1_81' title="bbox 609 4110 2517 4182; baseline -0.002 -15"><span class='ocrx_word' id='word_1_613' title='bbox 609 4110 1026 4167; x_wconf 79' lang='grc' dir='ltr'>έστινὸπείθων</span> <span class='ocrx_word' id='word_1_614' title='bbox 1050 4111 1138 4163; x_wconf 70' lang='grc' dir='ltr'><strong>τὸν</strong></span> <span class='ocrx_word' id='word_1_615' title='bbox 1171 4110 1455 4181; x_wconf 80' lang='grc' dir='ltr'>ἄνθρωπον</span> <span class='ocrx_word' id='word_1_616' title='bbox 1495 4110 1634 4163; x_wconf 77' lang='grc' dir='ltr'>κατά</span> <span class='ocrx_word' id='word_1_617' title='bbox 1685 4110 1780 4163; x_wconf 84' lang='grc' dir='ltr'>σοῦ</span> <span class='ocrx_word' id='word_1_618' title='bbox 1823 4111 2021 4182; x_wconf 79' lang='grc' dir='ltr'>λυττᾷν</span> <span class='ocrx_word' id='word_1_619' title='bbox 2071 4116 2163 4165; x_wconf 77' lang='grc' dir='ltr'>καὶ</span> <span class='ocrx_word' id='word_1_620' title='bbox 2208 4112 2517 4181; x_wconf 76' lang='grc' dir='ltr'>μαίνεσθαι.</span> 
     </span>
    </p>
   </div>
   <div class='ocr_carea' id='block_1_82' title="bbox 684 4202 2167 4268">
    <p class='ocr_par' dir='ltr' id='par_1_82' title="bbox 684 4202 2167 4268">
     <span class='ocr_line' id='line_1_82' title="bbox 684 4202 2167 4268; baseline 0.001 -12"><span class='ocrx_word' id='word_1_621' title='bbox 684 4204 842 4259; x_wconf 64' lang='lat' dir='ltr'><strong>Vens.</strong></span> <span class='ocrx_word' id='word_1_622' title='bbox 873 4204 995 4260; x_wconf 83' lang='lat'><strong>5-8.</strong></span> <span class='ocrx_word' id='word_1_623' title='bbox 1036 4222 1054 4254; x_wconf 81' lang='grc' dir='ltr'><strong>ι</strong></span> <span class='ocrx_word' id='word_1_624' title='bbox 1090 4204 1153 4259; x_wconf 82' lang='lat' dir='ltr'><strong>Et</strong></span> <span class='ocrx_word' id='word_1_625' title='bbox 1178 4207 1251 4258; x_wconf 87' lang='lat' dir='ltr'><strong>ait</strong></span> <span class='ocrx_word' id='word_1_626' title='bbox 1286 4204 1390 4257; x_wconf 85' lang='lat' dir='ltr'><strong>illis</strong></span> <span class='ocrx_word' id='word_1_627' title='bbox 1422 4220 1435 4255; x_wconf 89' lang='lat'><strong>:</strong></span> <span class='ocrx_word' id='word_1_628' title='bbox 1498 4202 1630 4268; x_wconf 86' lang='lat' dir='ltr'><strong>Quis</strong></span> <span class='ocrx_word' id='word_1_629' title='bbox 1674 4214 1912 4259; x_wconf 85' lang='lat' dir='ltr'><strong>vestrum</strong></span> <span class='ocrx_word' id='word_1_630' title='bbox 1950 4206 2167 4260; x_wconf 70' lang='lat' dir='ltr'><strong>habebit</strong></span> 
     </span>
    </p>
   </div>
   <div class='ocr_carea' id='block_1_83' title="bbox 610 4296 2167 4359">
    <p class='ocr_par' dir='ltr' id='par_1_83' title="bbox 610 4296 2167 4359">
     <span class='ocr_line' id='line_1_83' title="bbox 610 4296 2167 4359; baseline 0.003 -12"><span class='ocrx_word' id='word_1_631' title='bbox 610 4298 870 4359; x_wconf 77' lang='lat' dir='ltr'><strong>muicum,</strong></span> <span class='ocrx_word' id='word_1_632' title='bbox 906 4305 959 4351; x_wconf 88' lang='lat' dir='ltr'><strong>et</strong></span> <span class='ocrx_word' id='word_1_633' title='bbox 983 4297 1078 4349; x_wconf 89' lang='lat' dir='ltr'><strong>ibit</strong></span> <span class='ocrx_word' id='word_1_634' title='bbox 1110 4298 1175 4349; x_wconf 89' lang='lat' dir='ltr'><strong>ad</strong></span> <span class='ocrx_word' id='word_1_635' title='bbox 1205 4296 1349 4348; x_wconf 88' lang='lat' dir='ltr'><strong>illum</strong></span> <span class='ocrx_word' id='word_1_636' title='bbox 1386 4297 1555 4349; x_wconf 71' lang='lat' dir='ltr'><strong>media</strong></span> <span class='ocrx_word' id='word_1_637' title='bbox 1593 4306 1767 4359; x_wconf 73' lang='lat' dir='ltr'><strong>nocte,</strong></span> <span class='ocrx_word' id='word_1_638' title='bbox 1796 4306 1850 4350; x_wconf 74' lang='lat' dir='ltr'><strong>et</strong></span> <span class='ocrx_word' id='word_1_639' title='bbox 1882 4298 2021 4353; x_wconf 89' lang='lat' dir='ltr'><strong>dicet</strong></span> <span class='ocrx_word' id='word_1_640' title='bbox 2050 4300 2121 4350; x_wconf 91' lang='lat' dir='ltr'><strong>illi</strong></span> <span class='ocrx_word' id='word_1_641' title='bbox 2155 4318 2167 4351; x_wconf 89' lang='lat'><strong>:</strong></span> 
     </span>
    </p>
   </div>
   <div class='ocr_carea' id='block_1_84' title="bbox 611 4389 2176 4459">
    <p class='ocr_par' dir='ltr' id='par_1_84' title="bbox 611 4389 2176 4459">
     <span class='ocr_line' id='line_1_84' title="bbox 611 4389 2176 4459; baseline 0.001 -14"><span class='ocrx_word' id='word_1_642' title='bbox 611 4394 653 4445; x_wconf 81' lang='grc' dir='ltr'>Α</span> <span class='ocrx_word' id='word_1_643' title='bbox 680 4393 819 4456; x_wconf 69' lang='lat' dir='ltr'><strong>uice,</strong></span> <span class='ocrx_word' id='word_1_644' title='bbox 851 4389 917 4444; x_wconf 86' lang='lat' dir='ltr'><strong>da</strong></span> <span class='ocrx_word' id='word_1_645' title='bbox 948 4390 1077 4444; x_wconf 89' lang='lat' dir='ltr'><strong>mihi</strong></span> <span class='ocrx_word' id='word_1_646' title='bbox 1110 4400 1291 4443; x_wconf 88' lang='lat' dir='ltr'><strong>mutuo</strong></span> <span class='ocrx_word' id='word_1_647' title='bbox 1318 4399 1428 4442; x_wconf 87' lang='lat' dir='ltr'><strong>tres</strong></span> <span class='ocrx_word' id='word_1_648' title='bbox 1462 4403 1649 4458; x_wconf 66' lang='lat' dir='ltr'><strong>panes,</strong></span> <span class='ocrx_word' id='word_1_649' title='bbox 1678 4390 1933 4459; x_wconf 91' lang='lat' dir='ltr'><strong>quoniam</strong></span> <span class='ocrx_word' id='word_1_650' title='bbox 1970 4392 2176 4447; x_wconf 78' lang='lat' dir='ltr'><strong>amicus</strong></span> 
     </span>
    </p>
   </div>
   <div class='ocr_carea' id='block_1_85' title="bbox 614 4481 2175 4551">
    <p class='ocr_par' dir='ltr' id='par_1_85' title="bbox 614 4481 2175 4551">
     <span class='ocr_line' id='line_1_85' title="bbox 614 4481 2175 4551; baseline -0.002 -16"><span class='ocrx_word' id='word_1_651' title='bbox 614 4497 767 4536; x_wconf 82' lang='lat' dir='ltr'><strong>meus</strong></span> <span class='ocrx_word' id='word_1_652' title='bbox 795 4482 937 4536; x_wconf 82' lang='lat' dir='ltr'><strong>venit</strong></span> <span class='ocrx_word' id='word_1_653' title='bbox 961 4481 1025 4535; x_wconf 89' lang='lat' dir='ltr'><strong>de</strong></span> <span class='ocrx_word' id='word_1_654' title='bbox 1050 4481 1130 4533; x_wconf 78' lang='lat' dir='ltr'><strong>via</strong></span> <span class='ocrx_word' id='word_1_655' title='bbox 1168 4481 1232 4533; x_wconf 89' lang='lat' dir='ltr'><strong>ad</strong></span> <span class='ocrx_word' id='word_1_656' title='bbox 1270 4493 1377 4543; x_wconf 81' lang='lat' dir='ltr'><strong>me.</strong></span> <span class='ocrx_word' id='word_1_657' title='bbox 1418 4490 1471 4535; x_wconf 89' lang='lat' dir='ltr'><strong>et</strong></span> <span class='ocrx_word' id='word_1_658' title='bbox 1513 4493 1616 4533; x_wconf 85' lang='lat' dir='ltr'><strong>non</strong></span> <span class='ocrx_word' id='word_1_659' title='bbox 1642 4482 1814 4536; x_wconf 85' lang='lat' dir='ltr'><strong>habeo</strong></span> <span class='ocrx_word' id='word_1_660' title='bbox 1838 4481 1981 4550; x_wconf 90' lang='lat' dir='ltr'><strong>quod</strong></span> <span class='ocrx_word' id='word_1_661' title='bbox 2010 4498 2175 4551; x_wconf 84' lang='lat' dir='ltr'><strong>appo-</strong></span> 
     </span>
    </p>
   </div>
   <div class='ocr_carea' id='block_1_86' title="bbox 2345 4201 3849 4281">
    <p class='ocr_par' dir='ltr' id='par_1_86' title="bbox 2345 4201 3849 4281">
     <span class='ocr_line' id='line_1_86' title="bbox 2345 4201 3849 4281; baseline 0.005 -24"><span class='ocrx_word' id='word_1_662' title='bbox 2345 4225 2364 4257; x_wconf 73' lang='grc' dir='ltr'><strong>ι</strong></span> <span class='ocrx_word' id='word_1_663' title='bbox 2406 4208 2514 4259; x_wconf 66' lang='grc' dir='ltr'><strong>Καὶ</strong></span> <span class='ocrx_word' id='word_1_664' title='bbox 2545 4201 2668 4258; x_wconf 85' lang='grc' dir='ltr'>εἷπε</span> <span class='ocrx_word' id='word_1_665' title='bbox 2706 4206 2839 4275; x_wconf 80' lang='grc' dir='ltr'>πρὸς</span> <span class='ocrx_word' id='word_1_666' title='bbox 2869 4206 3089 4268; x_wconf 77' lang='grc' dir='ltr'>αὐτούς’</span> <span class='ocrx_word' id='word_1_667' title='bbox 3126 4206 3217 4269; x_wconf 83' lang='grc' dir='ltr'>Τίς</span> <span class='ocrx_word' id='word_1_668' title='bbox 3250 4207 3310 4272; x_wconf 76' lang='grc' dir='ltr'><strong>ἐξ</strong></span> <span class='ocrx_word' id='word_1_669' title='bbox 3342 4208 3495 4277; x_wconf 81' lang='grc' dir='ltr'>ὑμῶν</span> <span class='ocrx_word' id='word_1_670' title='bbox 3524 4208 3640 4274; x_wconf 74' lang='grc' dir='ltr'>ἔξει</span> <span class='ocrx_word' id='word_1_671' title='bbox 3679 4213 3849 4281; x_wconf 73' lang='grc' dir='ltr'>φίλον,</span> 
     </span>
    </p>
   </div>
   <div class='ocr_carea' id='block_1_87' title="bbox 2275 4296 3847 4375">
    <p class='ocr_par' dir='ltr' id='par_1_87' title="bbox 2275 4296 3847 4375">
     <span class='ocr_line' id='line_1_87' title="bbox 2275 4296 3847 4375; baseline 0.004 -25"><span class='ocrx_word' id='word_1_672' title='bbox 2275 4300 2366 4351; x_wconf 82' lang='grc' dir='ltr'>καὶ</span> <span class='ocrx_word' id='word_1_673' title='bbox 2399 4298 2729 4367; x_wconf 79' lang='grc' dir='ltr'>πορεύσεται</span> <span class='ocrx_word' id='word_1_674' title='bbox 2768 4297 2903 4366; x_wconf 70' lang='grc' dir='ltr'>πρὸς</span> <span class='ocrx_word' id='word_1_675' title='bbox 2958 4296 3121 4351; x_wconf 75' lang='grc' dir='ltr'>αὑτὸν</span> <span class='ocrx_word' id='word_1_676' title='bbox 3162 4300 3545 4367; x_wconf 83' lang='grc' dir='ltr'>μεσονυκτίου,</span> <span class='ocrx_word' id='word_1_677' title='bbox 3582 4308 3678 4356; x_wconf 76' lang='grc' dir='ltr'>καὶ</span> <span class='ocrx_word' id='word_1_678' title='bbox 3721 4304 3847 4375; x_wconf 63' lang='lat' dir='ltr'><strong>sing</strong></span> 
     </span>
    </p>
   </div>
   <div class='ocr_carea' id='block_1_88' title="bbox 2275 4387 3849 4462">
    <p class='ocr_par' dir='ltr' id='par_1_88' title="bbox 2275 4387 3849 4462">
     <span class='ocr_line' id='line_1_88' title="bbox 2275 4387 3849 4462; baseline 0.003 -21"><span class='ocrx_word' id='word_1_679' title='bbox 2275 4387 2423 4457; x_wconf 83' lang='grc' dir='ltr'><strong>αύτῴ</strong></span> <span class='ocrx_word' id='word_1_680' title='bbox 2446 4405 2457 4418; x_wconf 72' lang='grc' dir='ltr'><strong>ο</strong></span> <span class='ocrx_word' id='word_1_681' title='bbox 2504 4388 2648 4451; x_wconf 70' lang='grc' dir='ltr'>Φίλε,</span> <span class='ocrx_word' id='word_1_682' title='bbox 2675 4387 2877 4457; x_wconf 73' lang='grc' dir='ltr'>χρῆσόν</span> <span class='ocrx_word' id='word_1_683' title='bbox 2917 4405 3005 4456; x_wconf 89' lang='grc' dir='ltr'><strong>μοι</strong></span> <span class='ocrx_word' id='word_1_684' title='bbox 3044 4391 3190 4458; x_wconf 79' lang='grc' dir='ltr'>τρεῖς</span> <span class='ocrx_word' id='word_1_685' title='bbox 3220 4387 3443 4458; x_wconf 88' lang='grc' dir='ltr'>ἄρτους,</span> <span class='ocrx_word' id='word_1_686' title='bbox 3470 4391 3666 4462; x_wconf 71' lang='grc' dir='ltr'>ἐπειδὴ</span> <span class='ocrx_word' id='word_1_687' title='bbox 3699 4393 3849 4461; x_wconf 78' lang='grc' dir='ltr'>φίλος</span> 
     </span>
    </p>
   </div>
   <div class='ocr_carea' id='block_1_89' title="bbox 2286 4478 3856 4555">
    <p class='ocr_par' dir='ltr' id='par_1_89' title="bbox 2286 4478 3856 4555">
     <span class='ocr_line' id='line_1_89' title="bbox 2286 4478 3856 4555; baseline 0.004 -23"><span class='ocrx_word' id='word_1_688' title='bbox 2286 4479 2620 4549; x_wconf 77' lang='grc' dir='ltr'>παρεγένετο</span> <span class='ocrx_word' id='word_1_689' title='bbox 2648 4478 2707 4542; x_wconf 77' lang='grc' dir='ltr'>ἐξ</span> <span class='ocrx_word' id='word_1_690' title='bbox 2726 4478 2844 4531; x_wconf 81' lang='grc' dir='ltr'><strong>ὀδοῦ</strong></span> <span class='ocrx_word' id='word_1_691' title='bbox 2864 4478 2999 4548; x_wconf 79' lang='grc' dir='ltr'>πρὸς</span> <span class='ocrx_word' id='word_1_692' title='bbox 3023 4479 3111 4551; x_wconf 77' lang='grc' dir='ltr'>μὲ,</span> <span class='ocrx_word' id='word_1_693' title='bbox 3140 4480 3233 4533; x_wconf 74' lang='grc' dir='ltr'><strong>καὶ</strong></span> <span class='ocrx_word' id='word_1_694' title='bbox 3250 4480 3472 4551; x_wconf 76' lang='grc' dir='ltr'>ούκέχω</span> <span class='ocrx_word' id='word_1_695' title='bbox 3495 4482 3525 4535; x_wconf 83' lang='grc' dir='ltr'>ὃ</span> <span class='ocrx_word' id='word_1_696' title='bbox 3551 4484 3856 4555; x_wconf 71' lang='grc' dir='ltr'>παραθήσω</span> 
     </span>
    </p>
   </div>
   <div class='ocr_carea' id='block_1_90' title="bbox 612 4565 2166 4645">
    <p class='ocr_par' dir='ltr' id='par_1_90' title="bbox 612 4572 2166 4643">
     <span class='ocr_line' id='line_1_90' title="bbox 612 4572 2166 4643; baseline 0.001 -15"><span class='ocrx_word' id='word_1_697' title='bbox 612 4591 735 4629; x_wconf 82' lang='lat' dir='ltr'><strong>nam</strong></span> <span class='ocrx_word' id='word_1_698' title='bbox 770 4574 865 4636; x_wconf 86' lang='lat' dir='ltr'><strong>illi.</strong></span> <span class='ocrx_word' id='word_1_699' title='bbox 896 4573 960 4627; x_wconf 84' lang='lat' dir='ltr'><strong>Et</strong></span> <span class='ocrx_word' id='word_1_700' title='bbox 988 4572 1079 4628; x_wconf 90' lang='lat' dir='ltr'><strong>ille</strong></span> <span class='ocrx_word' id='word_1_701' title='bbox 1108 4573 1249 4627; x_wconf 86' lang='lat' dir='ltr'><strong>intus</strong></span> <span class='ocrx_word' id='word_1_702' title='bbox 1300 4573 1635 4643; x_wconf 85' lang='lat' dir='ltr'><strong>respondens</strong></span> <span class='ocrx_word' id='word_1_703' title='bbox 1659 4575 1805 4629; x_wconf 87' lang='lat' dir='ltr'><strong>dicat</strong></span> <span class='ocrx_word' id='word_1_704' title='bbox 1841 4592 1854 4628; x_wconf 87' lang='lat'><strong>:</strong></span> <span class='ocrx_word' id='word_1_705' title='bbox 1884 4574 2001 4630; x_wconf 80' lang='lat' dir='ltr'><strong>Noli</strong></span> <span class='ocrx_word' id='word_1_706' title='bbox 2040 4578 2166 4629; x_wconf 86' lang='lat' dir='ltr'><strong>mihi</strong></span> 
     </span>
    </p>
   </div>
   <div class='ocr_carea' id='block_1_91' title="bbox 2271 4565 3854 4645">
    <p class='ocr_par' dir='ltr' id='par_1_91' title="bbox 2277 4569 3854 4645">
     <span class='ocr_line' id='line_1_91' title="bbox 2277 4569 3854 4645; baseline 0.002 -20"><span class='ocrx_word' id='word_1_707' title='bbox 2277 4571 2447 4641; x_wconf 75' lang='grc' dir='ltr'>αὐτῷ.</span> <span class='ocrx_word' id='word_1_708' title='bbox 2481 4571 2742 4633; x_wconf 59' lang='grc' dir='ltr'>Κάκεῖνος</span> <span class='ocrx_word' id='word_1_709' title='bbox 2784 4569 2987 4622; x_wconf 74' lang='grc' dir='ltr'>ἔσωθεν</span> <span class='ocrx_word' id='word_1_710' title='bbox 3025 4570 3345 4641; x_wconf 77' lang='grc' dir='ltr'>ἀποκριθεὶς</span> <span class='ocrx_word' id='word_1_711' title='bbox 3376 4570 3548 4645; x_wconf 51' lang='grc' dir='ltr'>εἶπεν</span> <span class='ocrx_word' id='word_1_712' title='bbox 3620 4574 3714 4645; x_wconf 83' lang='grc' dir='ltr'><strong>Μή</strong></span> <span class='ocrx_word' id='word_1_713' title='bbox 3766 4592 3854 4641; x_wconf 86' lang='grc' dir='ltr'><strong>μοι</strong></span> 
     </span>
    </p>
   </div>
   <div class='ocr_carea' id='block_1_92' title="bbox 614 4663 2173 4737">
    <p class='ocr_par' dir='ltr' id='par_1_92' title="bbox 614 4663 2173 4737">
     <span class='ocr_line' id='line_1_92' title="bbox 614 4663 2173 4737; baseline 0.003 -21"><span class='ocrx_word' id='word_1_714' title='bbox 614 4668 876 4719; x_wconf 77' lang='lat' dir='ltr'><strong>molestus</strong></span> <span class='ocrx_word' id='word_1_715' title='bbox 904 4679 1048 4727; x_wconf 88' lang='lat' dir='ltr'><strong>esse,</strong></span> <span class='ocrx_word' id='word_1_716' title='bbox 1100 4664 1211 4732; x_wconf 85' lang='lat' dir='ltr'><strong>jam</strong></span> <span class='ocrx_word' id='word_1_717' title='bbox 1251 4666 1448 4718; x_wconf 89' lang='lat' dir='ltr'><strong>ostium</strong></span> <span class='ocrx_word' id='word_1_718' title='bbox 1491 4663 1734 4719; x_wconf 70' lang='lat' dir='ltr'><strong>clausum</strong></span> <span class='ocrx_word' id='word_1_719' title='bbox 1783 4680 1893 4732; x_wconf 86' lang='lat' dir='ltr'><strong>est,</strong></span> <span class='ocrx_word' id='word_1_720' title='bbox 1942 4676 1996 4722; x_wconf 91' lang='lat' dir='ltr'><strong>et</strong></span> <span class='ocrx_word' id='word_1_721' title='bbox 2022 4670 2173 4737; x_wconf 89' lang='lat' dir='ltr'><strong>pueri</strong></span> 
     </span>
    </p>
   </div>
   <div class='ocr_carea' id='block_1_93' title="bbox 616 4754 2174 4828">
    <p class='ocr_par' dir='ltr' id='par_1_93' title="bbox 616 4754 2174 4828">
     <span class='ocr_line' id='line_1_93' title="bbox 616 4754 2174 4828; baseline 0.002 -19"><span class='ocrx_word' id='word_1_722' title='bbox 616 4758 719 4809; x_wconf 80' lang='grc' dir='ltr'>ιιιοί</span> <span class='ocrx_word' id='word_1_723' title='bbox 747 4770 955 4809; x_wconf 87' lang='lat' dir='ltr'><strong>mecum</strong></span> <span class='ocrx_word' id='word_1_724' title='bbox 979 4765 1105 4807; x_wconf 84' lang='lat' dir='ltr'><strong>sunt</strong></span> <span class='ocrx_word' id='word_1_725' title='bbox 1138 4754 1189 4806; x_wconf 89' lang='lat' dir='ltr'><strong>in</strong></span> <span class='ocrx_word' id='word_1_726' title='bbox 1221 4756 1382 4808; x_wconf 89' lang='lat' dir='ltr'><strong>cubili</strong></span> <span class='ocrx_word' id='word_1_727' title='bbox 1410 4774 1421 4809; x_wconf 88' lang='lat'>:</span> <span class='ocrx_word' id='word_1_728' title='bbox 1455 4772 1555 4809; x_wconf 86' lang='lat' dir='ltr'><strong>non</strong></span> <span class='ocrx_word' id='word_1_729' title='bbox 1592 4770 1812 4823; x_wconf 81' lang='lat' dir='ltr'><strong>possum</strong></span> <span class='ocrx_word' id='word_1_730' title='bbox 1838 4774 2085 4828; x_wconf 75' lang='lat' dir='ltr'><strong>surgere,</strong></span> <span class='ocrx_word' id='word_1_731' title='bbox 2121 4770 2174 4813; x_wconf 92' lang='lat' dir='ltr'><strong>et</strong></span> 
     </span>
    </p>
   </div>
   <div class='ocr_carea' id='block_1_94' title="bbox 618 4842 2175 4909">
    <p class='ocr_par' dir='ltr' id='par_1_94' title="bbox 618 4842 2175 4909">
     <span class='ocr_line' id='line_1_94' title="bbox 618 4842 2175 4909; baseline 0.003 -10"><span class='ocrx_word' id='word_1_732' title='bbox 618 4848 746 4899; x_wconf 81' lang='lat' dir='ltr'><strong>dare</strong></span> <span class='ocrx_word' id='word_1_733' title='bbox 792 4845 908 4899; x_wconf 79' lang='lat' dir='ltr'><strong>tibi.</strong></span> <span class='ocrx_word' id='word_1_734' title='bbox 942 4842 1072 4899; x_wconf 86' lang='lat' dir='ltr'><strong>Dico</strong></span> <span class='ocrx_word' id='word_1_735' title='bbox 1108 4845 1275 4909; x_wconf 82' lang='lat' dir='ltr'><strong>vobis,</strong></span> <span class='ocrx_word' id='word_1_736' title='bbox 1304 4846 1467 4898; x_wconf 77' lang='lat' dir='ltr'><strong>etiam</strong></span> <span class='ocrx_word' id='word_1_737' title='bbox 1496 4846 1539 4897; x_wconf 92' lang='lat' dir='ltr'><strong>si</strong></span> <span class='ocrx_word' id='word_1_738' title='bbox 1590 4861 1695 4899; x_wconf 88' lang='lat' dir='ltr'><strong>non</strong></span> <span class='ocrx_word' id='word_1_739' title='bbox 1745 4846 1970 4904; x_wconf 84' lang='lat' dir='ltr'><strong>daturus</strong></span> <span class='ocrx_word' id='word_1_740' title='bbox 2005 4850 2075 4904; x_wconf 91' lang='lat' dir='ltr'><strong>sit</strong></span> <span class='ocrx_word' id='word_1_741' title='bbox 2103 4850 2175 4904; x_wconf 94' lang='lat' dir='ltr'><strong>illi</strong></span> 
     </span>
    </p>
   </div>
   <div class='ocr_carea' id='block_1_95' title="bbox 619 4935 2181 5010">
    <p class='ocr_par' dir='ltr' id='par_1_95' title="bbox 619 4935 2181 5010">
     <span class='ocr_line' id='line_1_95' title="bbox 619 4935 2181 5010; baseline 0.003 -19"><span class='ocrx_word' id='word_1_742' title='bbox 619 4952 844 5005; x_wconf 78' lang='lat' dir='ltr'><strong>surgens</strong></span> <span class='ocrx_word' id='word_1_743' title='bbox 866 4951 929 4989; x_wconf 87' lang='lat' dir='ltr'><strong>eo</strong></span> <span class='ocrx_word' id='word_1_744' title='bbox 958 4937 1101 5005; x_wconf 90' lang='lat' dir='ltr'><strong>quod</strong></span> <span class='ocrx_word' id='word_1_745' title='bbox 1133 4936 1333 4989; x_wconf 86' lang='lat' dir='ltr'><strong>amicus</strong></span> <span class='ocrx_word' id='word_1_746' title='bbox 1363 4935 1477 5003; x_wconf 83' lang='lat' dir='ltr'><strong>ejus</strong></span> <span class='ocrx_word' id='word_1_747' title='bbox 1505 4938 1597 4999; x_wconf 88' lang='lat' dir='ltr'><strong>sit,</strong></span> <span class='ocrx_word' id='word_1_748' title='bbox 1628 4949 1844 5007; x_wconf 88' lang='lat' dir='ltr'><strong>propter</strong></span> <span class='ocrx_word' id='word_1_749' title='bbox 1868 4941 2181 5010; x_wconf 84' lang='lat' dir='ltr'><strong>improbita-</strong></span> 
     </span>
    </p>
   </div>
   <div class='ocr_carea' id='block_1_96' title="bbox 620 5025 2178 5101">
    <p class='ocr_par' dir='ltr' id='par_1_96' title="bbox 620 5025 2178 5101">
     <span class='ocr_line' id='line_1_96' title="bbox 620 5025 2178 5101; baseline 0.008 -24"><span class='ocrx_word' id='word_1_750' title='bbox 620 5038 724 5081; x_wconf 83' lang='lat' dir='ltr'><strong>tem</strong></span> <span class='ocrx_word' id='word_1_751' title='bbox 763 5034 939 5079; x_wconf 67' lang='lat' dir='ltr'><strong>tamen</strong></span> <span class='ocrx_word' id='word_1_752' title='bbox 962 5025 1077 5095; x_wconf 81' lang='lat' dir='ltr'><strong>ejus</strong></span> <span class='ocrx_word' id='word_1_753' title='bbox 1111 5039 1406 5095; x_wconf 81' lang='lat' dir='ltr'><strong>surget,ac</strong></span> <span class='ocrx_word' id='word_1_754' title='bbox 1440 5029 1589 5083; x_wconf 82' lang='lat' dir='ltr'><strong>dabit</strong></span> <span class='ocrx_word' id='word_1_755' title='bbox 1636 5030 1710 5086; x_wconf 75' lang='lat' dir='ltr'><strong>illi</strong></span> <span class='ocrx_word' id='word_1_756' title='bbox 1763 5041 2027 5101; x_wconf 89' lang='lat' dir='ltr'><strong>quotquot</strong></span> <span class='ocrx_word' id='word_1_757' title='bbox 2080 5036 2178 5089; x_wconf 71' lang='grc' dir='ltr'><strong>Ιιει⁴</strong></span> 
     </span>
    </p>
   </div>
   <div class='ocr_carea' id='block_1_97' title="bbox 619 5114 2180 5190">
    <p class='ocr_par' dir='ltr' id='par_1_97' title="bbox 619 5114 2180 5190">
     <span class='ocr_line' id='line_1_97' title="bbox 619 5114 2180 5190; baseline 0.009 -25"><span class='ocrx_word' id='word_1_758' title='bbox 619 5114 884 5182; x_wconf 73' lang='lat' dir='ltr'><strong>hetopus.</strong></span> <span class='ocrx_word' id='word_1_759' title='bbox 927 5133 943 5165; x_wconf 79' lang='grc' dir='ltr'><strong>ι</strong></span> <span class='ocrx_word' id='word_1_760' title='bbox 975 5114 1292 5169; x_wconf 77' lang='lat' dir='ltr'><strong>Parabolam</strong></span> <span class='ocrx_word' id='word_1_761' title='bbox 1331 5118 1468 5173; x_wconf 88' lang='lat' dir='ltr'><strong>hanc</strong></span> <span class='ocrx_word' id='word_1_762' title='bbox 1492 5130 1543 5172; x_wconf 80' lang='lat' dir='ltr'><strong>ct</strong></span> <span class='ocrx_word' id='word_1_763' title='bbox 1576 5122 1881 5190; x_wconf 74' lang='lat' dir='ltr'><strong>exemplum</strong></span> <span class='ocrx_word' id='word_1_764' title='bbox 1921 5121 2055 5177; x_wconf 87' lang='lat' dir='ltr'><strong>dicit</strong></span> <span class='ocrx_word' id='word_1_765' title='bbox 2078 5124 2180 5179; x_wconf 87' lang='lat' dir='ltr'><strong>Do-</strong></span> 
     </span>
    </p>
   </div>
   <div class='ocr_carea' id='block_1_98' title="bbox 621 5205 2181 5281">
    <p class='ocr_par' dir='ltr' id='par_1_98' title="bbox 621 5205 2181 5281">
     <span class='ocr_line' id='line_1_98' title="bbox 621 5205 2181 5281; baseline 0.012 -30"><span class='ocrx_word' id='word_1_766' title='bbox 621 5205 820 5265; x_wconf 87' lang='lat' dir='ltr'><strong>minus,</strong></span> <span class='ocrx_word' id='word_1_767' title='bbox 864 5206 1117 5259; x_wconf 85' lang='lat' dir='ltr'><strong>erudiens</strong></span> <span class='ocrx_word' id='word_1_768' title='bbox 1187 5222 1283 5260; x_wconf 87' lang='lat' dir='ltr'><strong>nos</strong></span> <span class='ocrx_word' id='word_1_769' title='bbox 1335 5224 1399 5263; x_wconf 89' lang='lat' dir='ltr'><strong>ne</strong></span> <span class='ocrx_word' id='word_1_770' title='bbox 1462 5213 1699 5278; x_wconf 78' lang='lat' dir='ltr'><strong>segniter</strong></span> <span class='ocrx_word' id='word_1_771' title='bbox 1746 5228 1983 5269; x_wconf 91' lang='lat' dir='ltr'><strong>oremus.</strong></span> <span class='ocrx_word' id='word_1_772' title='bbox 2042 5215 2181 5281; x_wconf 86' lang='lat' dir='ltr'><strong>Quid</strong></span> 
     </span>
    </p>
   </div>
   <div class='ocr_carea' id='block_1_99' title="bbox 622 5297 2181 5374">
    <p class='ocr_par' dir='ltr' id='par_1_99' title="bbox 622 5297 2181 5374">
     <span class='ocr_line' id='line_1_99' title="bbox 622 5297 2181 5374; baseline 0.008 -26"><span class='ocrx_word' id='word_1_773' title='bbox 622 5297 785 5361; x_wconf 82' lang='lat' dir='ltr'><strong>igitur</strong></span> <span class='ocrx_word' id='word_1_774' title='bbox 816 5297 924 5350; x_wconf 84' lang='lat' dir='ltr'><strong>vult</strong></span> <span class='ocrx_word' id='word_1_775' title='bbox 959 5299 1263 5367; x_wconf 77' lang='lat' dir='ltr'><strong>parabole?</strong></span> <span class='ocrx_word' id='word_1_776' title='bbox 1294 5300 1517 5355; x_wconf 81' lang='lat' dir='ltr'><strong>Mediam</strong></span> <span class='ocrx_word' id='word_1_777' title='bbox 1570 5315 1779 5358; x_wconf 89' lang='lat' dir='ltr'><strong>noctem</strong></span> <span class='ocrx_word' id='word_1_778' title='bbox 1839 5307 2055 5374; x_wconf 87' lang='lat' dir='ltr'><strong>quidem</strong></span> <span class='ocrx_word' id='word_1_779' title='bbox 2095 5310 2181 5361; x_wconf 87' lang='lat' dir='ltr'><strong>in-</strong></span> 
     </span>
    </p>
   </div>
   <div class='ocr_carea' id='block_1_100' title="bbox 621 5391 2182 5467">
    <p class='ocr_par' dir='ltr' id='par_1_100' title="bbox 621 5391 2182 5467">
     <span class='ocr_line' id='line_1_100' title="bbox 621 5391 2182 5467; baseline 0.012 -29"><span class='ocrx_word' id='word_1_780' title='bbox 621 5391 736 5455; x_wconf 84' lang='lat' dir='ltr'><strong>quit</strong></span> <span class='ocrx_word' id='word_1_781' title='bbox 789 5405 909 5443; x_wconf 87' lang='lat' dir='ltr'><strong>esse</strong></span> <span class='ocrx_word' id='word_1_782' title='bbox 962 5402 1259 5445; x_wconf 78' lang='lat' dir='ltr'><strong>extremum</strong></span> <span class='ocrx_word' id='word_1_783' title='bbox 1312 5395 1452 5459; x_wconf 71' lang='lat' dir='ltr'><strong>vitae,</strong></span> <span class='ocrx_word' id='word_1_784' title='bbox 1490 5398 1554 5449; x_wconf 84' lang='lat' dir='ltr'><strong>ad</strong></span> <span class='ocrx_word' id='word_1_785' title='bbox 1604 5398 1742 5467; x_wconf 84' lang='lat' dir='ltr'><strong>quod</strong></span> <span class='ocrx_word' id='word_1_786' title='bbox 1776 5414 1895 5453; x_wconf 89' lang='lat' dir='ltr'><strong>cum</strong></span> <span class='ocrx_word' id='word_1_787' title='bbox 1935 5400 2182 5456; x_wconf 88' lang='lat' dir='ltr'><strong>homines</strong></span> 
     </span>
    </p>
   </div>
   <div class='ocr_carea' id='block_1_101' title="bbox 622 5485 2180 5557">
    <p class='ocr_par' dir='ltr' id='par_1_101' title="bbox 622 5485 2180 5557">
     <span class='ocr_line' id='line_1_101' title="bbox 622 5485 2180 5557; baseline 0.008 -23"><span class='ocrx_word' id='word_1_788' title='bbox 622 5485 963 5551; x_wconf 84' lang='lat' dir='ltr'><strong>pervenerint</strong></span> <span class='ocrx_word' id='word_1_789' title='bbox 990 5499 1212 5539; x_wconf 86' lang='lat' dir='ltr'><strong>sensum</strong></span> <span class='ocrx_word' id='word_1_790' title='bbox 1240 5485 1362 5539; x_wconf 89' lang='lat' dir='ltr'><strong>boni</strong></span> <span class='ocrx_word' id='word_1_791' title='bbox 1410 5489 1699 5557; x_wconf 85' lang='lat' dir='ltr'><strong>accipiunt,</strong></span> <span class='ocrx_word' id='word_1_792' title='bbox 1721 5502 1775 5545; x_wconf 90' lang='lat' dir='ltr'><strong>et</strong></span> <span class='ocrx_word' id='word_1_793' title='bbox 1807 5492 1870 5543; x_wconf 90' lang='lat' dir='ltr'><strong>ad</strong></span> <span class='ocrx_word' id='word_1_794' title='bbox 1907 5490 2072 5546; x_wconf 88' lang='lat' dir='ltr'><strong>Deum</strong></span> <span class='ocrx_word' id='word_1_795' title='bbox 2102 5492 2180 5547; x_wconf 85' lang='lat' dir='ltr'><strong>fe-</strong></span> 
     </span>
    </p>
   </div>
   <div class='ocr_carea' id='block_1_102' title="bbox 621 5573 2184 5650">
    <p class='ocr_par' dir='ltr' id='par_1_102' title="bbox 621 5573 2184 5650">
     <span class='ocr_line' id='line_1_102' title="bbox 621 5573 2184 5650; baseline 0.005 -20"><span class='ocrx_word' id='word_1_796' title='bbox 621 5573 821 5630; x_wconf 76' lang='lat' dir='ltr'><strong>stinant</strong></span> <span class='ocrx_word' id='word_1_797' title='bbox 848 5592 859 5626; x_wconf 88' lang='lat'><strong>:</strong></span> <span class='ocrx_word' id='word_1_798' title='bbox 890 5578 979 5645; x_wconf 84' lang='lat' dir='ltr'><strong>qui</strong></span> <span class='ocrx_word' id='word_1_799' title='bbox 1006 5578 1211 5633; x_wconf 87' lang='lat' dir='ltr'><strong>amicus</strong></span> <span class='ocrx_word' id='word_1_800' title='bbox 1256 5590 1357 5645; x_wconf 86' lang='lat' dir='ltr'><strong>est,</strong></span> <span class='ocrx_word' id='word_1_801' title='bbox 1401 5594 1590 5636; x_wconf 87' lang='lat' dir='ltr'><strong>omnes</strong></span> <span class='ocrx_word' id='word_1_802' title='bbox 1630 5581 1877 5650; x_wconf 75' lang='lat' dir='ltr'><strong>diligens,</strong></span> <span class='ocrx_word' id='word_1_803' title='bbox 1910 5594 1961 5637; x_wconf 89' lang='lat' dir='ltr'><strong>et</strong></span> <span class='ocrx_word' id='word_1_804' title='bbox 1994 5598 2184 5638; x_wconf 83' lang='lat' dir='ltr'><strong>omnes</strong></span> 
     </span>
    </p>
   </div>
   <div class='ocr_carea' id='block_1_103' title="bbox 621 5666 2180 5740">
    <p class='ocr_par' dir='ltr' id='par_1_103' title="bbox 621 5666 2180 5740">
     <span class='ocr_line' id='line_1_103' title="bbox 621 5666 2180 5740; baseline 0.006 -23"><span class='ocrx_word' id='word_1_805' title='bbox 621 5666 809 5721; x_wconf 85' lang='lat' dir='ltr'><strong>volens</strong></span> <span class='ocrx_word' id='word_1_806' title='bbox 833 5669 1012 5723; x_wconf 86' lang='lat' dir='ltr'><strong>salvos</strong></span> <span class='ocrx_word' id='word_1_807' title='bbox 1032 5670 1167 5723; x_wconf 79' lang='lat' dir='ltr'><strong>fieri.</strong></span> <span class='ocrx_word' id='word_1_808' title='bbox 1212 5671 1379 5740; x_wconf 88' lang='lat' dir='ltr'><strong>Igitur</strong></span> <span class='ocrx_word' id='word_1_809' title='bbox 1411 5674 1561 5726; x_wconf 81' lang='lat' dir='ltr'><strong>multi</strong></span> <span class='ocrx_word' id='word_1_810' title='bbox 1602 5675 1865 5728; x_wconf 84' lang='lat' dir='ltr'><strong>accedunt</strong></span> <span class='ocrx_word' id='word_1_811' title='bbox 1912 5676 1965 5729; x_wconf 92' lang='lat' dir='ltr'><strong>in</strong></span> <span class='ocrx_word' id='word_1_812' title='bbox 2004 5675 2180 5730; x_wconf 87' lang='lat' dir='ltr'><strong>media</strong></span> 
     </span>
    </p>
   </div>
   <div class='ocr_carea' id='block_1_104' title="bbox 624 5758 2180 5829">
    <p class='ocr_par' dir='ltr' id='par_1_104' title="bbox 624 5758 2180 5829">
     <span class='ocr_line' id='line_1_104' title="bbox 624 5758 2180 5829; baseline 0.008 -21"><span class='ocrx_word' id='word_1_813' title='bbox 624 5767 799 5822; x_wconf 85' lang='lat' dir='ltr'><strong>nocte,</strong></span> <span class='ocrx_word' id='word_1_814' title='bbox 837 5758 936 5815; x_wconf 88' lang='lat' dir='ltr'><strong>hoc</strong></span> <span class='ocrx_word' id='word_1_815' title='bbox 980 5770 1083 5821; x_wconf 87' lang='lat' dir='ltr'><strong>cst,</strong></span> <span class='ocrx_word' id='word_1_816' title='bbox 1118 5762 1165 5814; x_wconf 88' lang='lat' dir='ltr'><strong>in</strong></span> <span class='ocrx_word' id='word_1_817' title='bbox 1231 5771 1474 5816; x_wconf 82' lang='lat' dir='ltr'><strong>extrema</strong></span> <span class='ocrx_word' id='word_1_818' title='bbox 1528 5763 1655 5829; x_wconf 87' lang='lat' dir='ltr'><strong>vita,</strong></span> <span class='ocrx_word' id='word_1_819' title='bbox 1694 5765 1758 5817; x_wconf 82' lang='lat' dir='ltr'><strong>ad</strong></span> <span class='ocrx_word' id='word_1_820' title='bbox 1794 5765 1977 5829; x_wconf 84' lang='lat' dir='ltr'><strong>Deum,</strong></span> <span class='ocrx_word' id='word_1_821' title='bbox 2027 5775 2083 5819; x_wconf 92' lang='lat' dir='ltr'><strong>ut</strong></span> <span class='ocrx_word' id='word_1_822' title='bbox 2114 5766 2180 5821; x_wconf 90' lang='lat' dir='ltr'><strong>ad</strong></span> 
     </span>
    </p>
   </div>
   <div class='ocr_carea' id='block_1_105' title="bbox 628 5846 2181 5925">
    <p class='ocr_par' dir='ltr' id='par_1_105' title="bbox 628 5846 2181 5925">
     <span class='ocr_line' id='line_1_105' title="bbox 628 5846 2181 5925; baseline 0.008 -26"><span class='ocrx_word' id='word_1_823' title='bbox 628 5846 881 5918; x_wconf 79' lang='lat' dir='ltr'><strong>anticum,</strong></span> <span class='ocrx_word' id='word_1_824' title='bbox 910 5862 962 5907; x_wconf 91' lang='lat' dir='ltr'><strong>et</strong></span> <span class='ocrx_word' id='word_1_825' title='bbox 993 5852 1175 5907; x_wconf 85' lang='lat' dir='ltr'><strong>dicunt</strong></span> <span class='ocrx_word' id='word_1_826' title='bbox 1197 5853 1244 5908; x_wconf 86' lang='lat' dir='ltr'><strong>ei</strong></span> <span class='ocrx_word' id='word_1_827' title='bbox 1286 5873 1298 5907; x_wconf 83' lang='lat'><strong>:</strong></span> <span class='ocrx_word' id='word_1_828' title='bbox 1334 5853 1407 5908; x_wconf 85' lang='lat' dir='ltr'><strong>Da</strong></span> <span class='ocrx_word' id='word_1_829' title='bbox 1438 5853 1567 5910; x_wconf 89' lang='lat' dir='ltr'><strong>mihi</strong></span> <span class='ocrx_word' id='word_1_830' title='bbox 1596 5864 1704 5909; x_wconf 85' lang='lat' dir='ltr'><strong>tres</strong></span> <span class='ocrx_word' id='word_1_831' title='bbox 1727 5871 1910 5925; x_wconf 82' lang='lat' dir='ltr'><strong>panes,</strong></span> <span class='ocrx_word' id='word_1_832' title='bbox 1948 5858 2047 5913; x_wconf 88' lang='lat' dir='ltr'><strong>hoc</strong></span> <span class='ocrx_word' id='word_1_833' title='bbox 2077 5868 2181 5923; x_wconf 83' lang='lat' dir='ltr'><strong>est,</strong></span> 
     </span>
    </p>
   </div>
   <div class='ocr_carea' id='block_1_106' title="bbox 2279 4662 3859 4733">
    <p class='ocr_par' dir='ltr' id='par_1_106' title="bbox 2279 4662 3859 4733">
     <span class='ocr_line' id='line_1_106' title="bbox 2279 4662 3859 4733; baseline 0.002 -16"><span class='ocrx_word' id='word_1_834' title='bbox 2279 4665 2482 4726; x_wconf 84' lang='grc' dir='ltr'>κόπους</span> <span class='ocrx_word' id='word_1_835' title='bbox 2514 4664 2743 4733; x_wconf 79' lang='grc' dir='ltr'>πάρεχε,</span> <span class='ocrx_word' id='word_1_836' title='bbox 2783 4662 2885 4731; x_wconf 75' lang='grc' dir='ltr'><strong>ἤδη</strong></span> <span class='ocrx_word' id='word_1_837' title='bbox 2913 4664 2945 4732; x_wconf 71' lang='grc' dir='ltr'><strong>ἡ</strong></span> <span class='ocrx_word' id='word_1_838' title='bbox 2980 4662 3121 4732; x_wconf 86' lang='grc' dir='ltr'>θύρα</span> <span class='ocrx_word' id='word_1_839' title='bbox 3142 4662 3487 4729; x_wconf 73' lang='grc' dir='ltr'>κέκλεισται,</span> <span class='ocrx_word' id='word_1_840' title='bbox 3513 4666 3612 4719; x_wconf 72' lang='grc' dir='ltr'><strong>καὶ</strong></span> <span class='ocrx_word' id='word_1_841' title='bbox 3636 4668 3705 4720; x_wconf 78' lang='grc' dir='ltr'><strong>τά</strong></span> <span class='ocrx_word' id='word_1_842' title='bbox 3736 4683 3859 4720; x_wconf 74' lang='grc' dir='ltr'>παι-</span> 
     </span>
    </p>
   </div>
   <div class='ocr_carea' id='block_1_107' title="bbox 2280 4756 3857 4833">
    <p class='ocr_par' dir='ltr' id='par_1_107' title="bbox 2280 4756 3857 4833">
     <span class='ocr_line' id='line_1_107' title="bbox 2280 4756 3857 4833; baseline 0.003 -23"><span class='ocrx_word' id='word_1_843' title='bbox 2280 4758 2367 4810; x_wconf 79' lang='grc' dir='ltr'>δία</span> <span class='ocrx_word' id='word_1_844' title='bbox 2410 4775 2511 4827; x_wconf 88' lang='grc' dir='ltr'><strong>μου</strong></span> <span class='ocrx_word' id='word_1_845' title='bbox 2550 4758 2667 4828; x_wconf 83' lang='grc' dir='ltr'>μετ’</span> <span class='ocrx_word' id='word_1_846' title='bbox 2702 4756 2835 4826; x_wconf 72' lang='grc' dir='ltr'>ἐμοῦ</span> <span class='ocrx_word' id='word_1_847' title='bbox 2872 4759 2952 4819; x_wconf 84' lang='grc' dir='ltr'><strong>είς</strong></span> <span class='ocrx_word' id='word_1_848' title='bbox 2975 4758 3075 4826; x_wconf 83' lang='grc' dir='ltr'>τὴν</span> <span class='ocrx_word' id='word_1_849' title='bbox 3110 4756 3298 4829; x_wconf 82' lang='grc' dir='ltr'>κοίτην</span> <span class='ocrx_word' id='word_1_850' title='bbox 3332 4758 3495 4833; x_wconf 71' lang='grc' dir='ltr'>είσὶν,</span> <span class='ocrx_word' id='word_1_851' title='bbox 3522 4761 3586 4812; x_wconf 83' lang='grc' dir='ltr'>οὐ</span> <span class='ocrx_word' id='word_1_852' title='bbox 3620 4760 3857 4831; x_wconf 77' lang='grc' dir='ltr'>δύναμαι</span> 
     </span>
    </p>
   </div>
   <div class='ocr_carea' id='block_1_108' title="bbox 2280 4848 3856 4918">
    <p class='ocr_par' dir='ltr' id='par_1_108' title="bbox 2280 4848 3856 4918">
     <span class='ocr_line' id='line_1_108' title="bbox 2280 4848 3856 4918; baseline 0.001 -14"><span class='ocrx_word' id='word_1_853' title='bbox 2280 4852 2516 4913; x_wconf 76' lang='grc' dir='ltr'>ἀναστάς</span> <span class='ocrx_word' id='word_1_854' title='bbox 2547 4848 2727 4903; x_wconf 81' lang='grc' dir='ltr'>δοῦναί</span> <span class='ocrx_word' id='word_1_855' title='bbox 2774 4865 2875 4903; x_wconf 92' lang='grc' dir='ltr'>σοι.</span> <span class='ocrx_word' id='word_1_856' title='bbox 2934 4848 3095 4917; x_wconf 80' lang='grc' dir='ltr'>Λέγω</span> <span class='ocrx_word' id='word_1_857' title='bbox 3123 4849 3276 4918; x_wconf 84' lang='grc' dir='ltr'>ὑμῖν,</span> <span class='ocrx_word' id='word_1_858' title='bbox 3319 4852 3368 4902; x_wconf 86' lang='grc' dir='ltr'><strong>εί</strong></span> <span class='ocrx_word' id='word_1_859' title='bbox 3415 4852 3513 4909; x_wconf 80' lang='grc' dir='ltr'>καὶ</span> <span class='ocrx_word' id='word_1_860' title='bbox 3572 4854 3637 4907; x_wconf 80' lang='grc' dir='ltr'>οὐ</span> <span class='ocrx_word' id='word_1_861' title='bbox 3699 4854 3856 4907; x_wconf 73' lang='grc' dir='ltr'>δώσει</span> 
     </span>
    </p>
   </div>
   <div class='ocr_carea' id='block_1_109' title="bbox 2280 4935 3855 5015">
    <p class='ocr_par' dir='ltr' id='par_1_109' title="bbox 2280 4935 3855 5015">
     <span class='ocr_line' id='line_1_109' title="bbox 2280 4935 3855 5015; baseline 0 -17"><span class='ocrx_word' id='word_1_862' title='bbox 2280 4943 2428 5011; x_wconf 76' lang='grc' dir='ltr'>αὐτῷ</span> <span class='ocrx_word' id='word_1_863' title='bbox 2451 4942 2687 5004; x_wconf 80' lang='grc' dir='ltr'>ἀναστὰς</span> <span class='ocrx_word' id='word_1_864' title='bbox 2714 4941 2800 4994; x_wconf 76' lang='grc' dir='ltr'><strong>διὰ</strong></span> <span class='ocrx_word' id='word_1_865' title='bbox 2828 4940 2889 4992; x_wconf 86' lang='grc' dir='ltr'>τὸ</span> <span class='ocrx_word' id='word_1_866' title='bbox 2928 4935 3068 4994; x_wconf 75' lang='grc' dir='ltr'>εἶναι</span> <span class='ocrx_word' id='word_1_867' title='bbox 3107 4939 3274 4993; x_wconf 84' lang='grc' dir='ltr'>αὐτοῦ</span> <span class='ocrx_word' id='word_1_868' title='bbox 3320 4941 3497 5009; x_wconf 78' lang='grc' dir='ltr'>φίλον,</span> <span class='ocrx_word' id='word_1_869' title='bbox 3524 4942 3615 4997; x_wconf 79' lang='grc' dir='ltr'><strong>διά</strong></span> <span class='ocrx_word' id='word_1_870' title='bbox 3654 4961 3719 5011; x_wconf 87' lang='grc' dir='ltr'><strong>γε</strong></span> <span class='ocrx_word' id='word_1_871' title='bbox 3758 4947 3855 5015; x_wconf 79' lang='grc' dir='ltr'>τὴν</span> 
     </span>
    </p>
   </div>
   <div class='ocr_carea' id='block_1_110' title="bbox 2282 5032 3851 5109">
    <p class='ocr_par' dir='ltr' id='par_1_110' title="bbox 2282 5032 3851 5109">
     <span class='ocr_line' id='line_1_110' title="bbox 2282 5032 3851 5109; baseline 0.001 -20"><span class='ocrx_word' id='word_1_872' title='bbox 2282 5036 2555 5089; x_wconf 86' lang='grc' dir='ltr'>ἀναίδειαν</span> <span class='ocrx_word' id='word_1_873' title='bbox 2581 5033 2745 5088; x_wconf 80' lang='grc' dir='ltr'>αὐτοῦ</span> <span class='ocrx_word' id='word_1_874' title='bbox 2767 5033 3010 5105; x_wconf 72' lang='grc' dir='ltr'>ἐγερθεὶς</span> <span class='ocrx_word' id='word_1_875' title='bbox 3034 5032 3195 5087; x_wconf 84' lang='grc' dir='ltr'>δώσει</span> <span class='ocrx_word' id='word_1_876' title='bbox 3222 5034 3373 5103; x_wconf 84' lang='grc' dir='ltr'><strong>αὑτῷ</strong></span> <span class='ocrx_word' id='word_1_877' title='bbox 3409 5035 3551 5090; x_wconf 77' lang='grc' dir='ltr'>ὅσων</span> <span class='ocrx_word' id='word_1_878' title='bbox 3580 5038 3795 5109; x_wconf 75' lang='grc' dir='ltr'>χρῄζει,</span> <span class='ocrx_word' id='word_1_879' title='bbox 3834 5059 3851 5091; x_wconf 74' lang='grc' dir='ltr'><strong>ι</strong></span> 
     </span>
    </p>
   </div>
   <div class='ocr_carea' id='block_1_111' title="bbox 2282 5126 3855 5201">
    <p class='ocr_par' dir='ltr' id='par_1_111' title="bbox 2282 5126 3855 5201">
     <span class='ocr_line' id='line_1_111' title="bbox 2282 5126 3855 5201; baseline -0.001 -19"><span class='ocrx_word' id='word_1_880' title='bbox 2282 5128 2609 5199; x_wconf 78' lang='grc' dir='ltr'>Παραδολήν</span> <span class='ocrx_word' id='word_1_881' title='bbox 2659 5144 2780 5179; x_wconf 83' lang='grc' dir='ltr'>τινα</span> <span class='ocrx_word' id='word_1_882' title='bbox 2830 5127 2925 5178; x_wconf 73' lang='grc' dir='ltr'>καὶ</span> <span class='ocrx_word' id='word_1_883' title='bbox 2985 5126 3295 5195; x_wconf 81' lang='grc' dir='ltr'>ὑπόδειγμα</span> <span class='ocrx_word' id='word_1_884' title='bbox 3341 5126 3493 5196; x_wconf 82' lang='grc' dir='ltr'>λέγει</span> <span class='ocrx_word' id='word_1_885' title='bbox 3554 5130 3585 5181; x_wconf 77' lang='grc' dir='ltr'><strong>ὁ</strong></span> <span class='ocrx_word' id='word_1_886' title='bbox 3630 5131 3855 5201; x_wconf 75' lang='grc' dir='ltr'>Κύριος,</span> 
     </span>
    </p>
   </div>
   <div class='ocr_carea' id='block_1_112' title="bbox 2283 5218 3858 5293">
    <p class='ocr_par' dir='ltr' id='par_1_112' title="bbox 2283 5218 3858 5293">
     <span class='ocr_line' id='line_1_112' title="bbox 2283 5218 3858 5293; baseline 0.003 -21"><span class='ocrx_word' id='word_1_887' title='bbox 2283 5220 2555 5274; x_wconf 82' lang='grc' dir='ltr'>παιδεύων</span> <span class='ocrx_word' id='word_1_888' title='bbox 2606 5220 2754 5289; x_wconf 82' lang='grc' dir='ltr'>ἡμᾶς</span> <span class='ocrx_word' id='word_1_889' title='bbox 2784 5218 3032 5285; x_wconf 77' lang='grc' dir='ltr'>ἀόκνως-</span> <span class='ocrx_word' id='word_1_890' title='bbox 3058 5222 3484 5292; x_wconf 85' lang='grc' dir='ltr'>προσεύχεσθαι.</span> <span class='ocrx_word' id='word_1_891' title='bbox 3523 5224 3590 5277; x_wconf 85' lang='grc' dir='ltr'>τί</span> <span class='ocrx_word' id='word_1_892' title='bbox 3632 5220 3728 5276; x_wconf 75' lang='grc' dir='ltr'>οὖν</span> <span class='ocrx_word' id='word_1_893' title='bbox 3769 5241 3858 5293; x_wconf 74' lang='lat' dir='ltr'><strong>cn;-</strong></span> 
     </span>
    </p>
   </div>
   <div class='ocr_carea' id='block_1_113' title="bbox 2289 5308 3861 5381">
    <p class='ocr_par' dir='ltr' id='par_1_113' title="bbox 2289 5308 3861 5381">
     <span class='ocr_line' id='line_1_113' title="bbox 2289 5308 3861 5381; baseline 0.003 -20"><span class='ocrx_word' id='word_1_894' title='bbox 2289 5310 2470 5380; x_wconf 83' lang='grc' dir='ltr'>μαίνει</span> <span class='ocrx_word' id='word_1_895' title='bbox 2496 5312 2527 5379; x_wconf 86' lang='grc' dir='ltr'>ἠ</span> <span class='ocrx_word' id='word_1_896' title='bbox 2564 5308 2849 5379; x_wconf 74' lang='grc' dir='ltr'>παραϐολὴ</span> <span class='ocrx_word' id='word_1_897' title='bbox 2870 5326 2886 5375; x_wconf 76' lang='grc' dir='ltr'><strong>ς</strong></span> <span class='ocrx_word' id='word_1_898' title='bbox 2909 5309 3277 5364; x_wconf 86' lang='grc' dir='ltr'>Μεσονύκτιον</span> <span class='ocrx_word' id='word_1_899' title='bbox 3309 5311 3410 5379; x_wconf 85' lang='grc' dir='ltr'><strong>μέν</strong></span> <span class='ocrx_word' id='word_1_900' title='bbox 3436 5330 3604 5381; x_wconf 82' lang='grc' dir='ltr'>φασιν</span> <span class='ocrx_word' id='word_1_901' title='bbox 3634 5308 3774 5366; x_wconf 77' lang='grc' dir='ltr'>εἶναι</span> <span class='ocrx_word' id='word_1_902' title='bbox 3796 5316 3861 5365; x_wconf 85' lang='grc' dir='ltr'><strong>τά</strong></span> 
     </span>
    </p>
   </div>
   <div class='ocr_carea' id='block_1_114' title="bbox 2283 5397 3861 5476">
    <p class='ocr_par' dir='ltr' id='par_1_114' title="bbox 2283 5397 3861 5476">
     <span class='ocr_line' id='line_1_114' title="bbox 2283 5397 3861 5476; baseline 0.002 -20"><span class='ocrx_word' id='word_1_903' title='bbox 2283 5404 2483 5474; x_wconf 72' lang='grc' dir='ltr'>ἔσχατα</span> <span class='ocrx_word' id='word_1_904' title='bbox 2517 5400 2609 5455; x_wconf 81' lang='grc' dir='ltr'>τοῦ</span> <span class='ocrx_word' id='word_1_905' title='bbox 2629 5401 2768 5473; x_wconf 91' lang='grc' dir='ltr'>βίου,</span> <span class='ocrx_word' id='word_1_906' title='bbox 2794 5403 2851 5454; x_wconf 82' lang='grc' dir='ltr'>ὲν</span> <span class='ocrx_word' id='word_1_907' title='bbox 2879 5397 2960 5465; x_wconf 72' lang='grc' dir='ltr'>οἷς</span> <span class='ocrx_word' id='word_1_908' title='bbox 2995 5406 3043 5455; x_wconf 87' lang='grc' dir='ltr'>οἱ</span> <span class='ocrx_word' id='word_1_909' title='bbox 3083 5403 3361 5474; x_wconf 79' lang='grc' dir='ltr'>ἄνθρωποι</span> <span class='ocrx_word' id='word_1_910' title='bbox 3396 5405 3684 5476; x_wconf 82' lang='grc' dir='ltr'>γενόμενοι</span> <span class='ocrx_word' id='word_1_911' title='bbox 3729 5405 3861 5476; x_wconf 68' lang='grc' dir='ltr'>πρὸς</span> 
     </span>
    </p>
   </div>
   <div class='ocr_carea' id='block_1_115' title="bbox 2288 5495 3862 5570">
    <p class='ocr_par' dir='ltr' id='par_1_115' title="bbox 2288 5495 3862 5570">
     <span class='ocr_line' id='line_1_115' title="bbox 2288 5495 3862 5570; baseline 0.002 -23"><span class='ocrx_word' id='word_1_912' title='bbox 2288 5495 2641 5564; x_wconf 82' lang='grc' dir='ltr'>συναίσθησιν</span> <span class='ocrx_word' id='word_1_913' title='bbox 2676 5495 2926 5563; x_wconf 79' lang='grc' dir='ltr'>ἔρχονται</span> <span class='ocrx_word' id='word_1_914' title='bbox 2970 5495 3063 5547; x_wconf 81' lang='grc' dir='ltr'>τοῦ</span> <span class='ocrx_word' id='word_1_915' title='bbox 3096 5496 3283 5562; x_wconf 82' lang='grc' dir='ltr'>καλοῦ,</span> <span class='ocrx_word' id='word_1_916' title='bbox 3317 5498 3412 5551; x_wconf 75' lang='grc' dir='ltr'>καὶ</span> <span class='ocrx_word' id='word_1_917' title='bbox 3464 5499 3862 5570; x_wconf 81' lang='grc' dir='ltr'>προστρέχουσι</span> 
     </span>
    </p>
   </div>
   <div class='ocr_carea' id='block_1_116' title="bbox 2286 5581 3862 5661">
    <p class='ocr_par' dir='ltr' id='par_1_116' title="bbox 2286 5581 3862 5661">
     <span class='ocr_line' id='line_1_116' title="bbox 2286 5581 3862 5661; baseline 0.001 -21"><span class='ocrx_word' id='word_1_918' title='bbox 2286 5588 2423 5656; x_wconf 74' lang='grc' dir='ltr'>θεῷ.</span> <span class='ocrx_word' id='word_1_919' title='bbox 2469 5581 2637 5647; x_wconf 70' lang='grc' dir='ltr'>Οὗτος</span> <span class='ocrx_word' id='word_1_920' title='bbox 2674 5587 2782 5657; x_wconf 80' lang='grc' dir='ltr'><strong>γάρ</strong></span> <span class='ocrx_word' id='word_1_921' title='bbox 2813 5590 2962 5640; x_wconf 74' lang='grc' dir='ltr'>ἐστιν</span> <span class='ocrx_word' id='word_1_922' title='bbox 3000 5589 3028 5640; x_wconf 87' lang='grc' dir='ltr'>ὁ</span> <span class='ocrx_word' id='word_1_923' title='bbox 3055 5588 3230 5656; x_wconf 85' lang='grc' dir='ltr'>φίλος,</span> <span class='ocrx_word' id='word_1_924' title='bbox 3259 5591 3287 5642; x_wconf 77' lang='grc' dir='ltr'>ὁ</span> <span class='ocrx_word' id='word_1_925' title='bbox 3310 5591 3520 5655; x_wconf 81' lang='grc' dir='ltr'>πάντας</span> <span class='ocrx_word' id='word_1_926' title='bbox 3550 5590 3747 5661; x_wconf 79' lang='grc' dir='ltr'>φιλῶν,</span> <span class='ocrx_word' id='word_1_927' title='bbox 3767 5590 3862 5645; x_wconf 84' lang='grc' dir='ltr'>καὶ</span> 
     </span>
    </p>
   </div>
   <div class='ocr_carea' id='block_1_117' title="bbox 2289 5678 3860 5750">
    <p class='ocr_par' dir='ltr' id='par_1_117' title="bbox 2289 5678 3860 5750">
     <span class='ocr_line' id='line_1_117' title="bbox 2289 5678 3860 5750; baseline 0.002 -18"><span class='ocrx_word' id='word_1_928' title='bbox 2289 5678 2456 5732; x_wconf 81' lang='grc' dir='ltr'>θέλων</span> <span class='ocrx_word' id='word_1_929' title='bbox 2495 5679 2755 5747; x_wconf 78' lang='grc' dir='ltr'>σωθῆναι.</span> <span class='ocrx_word' id='word_1_930' title='bbox 2802 5678 3201 5749; x_wconf 84' lang='grc' dir='ltr'>Προσέρχονται</span> <span class='ocrx_word' id='word_1_931' title='bbox 3232 5680 3415 5733; x_wconf 85' lang='grc' dir='ltr'>τοίνυν</span> <span class='ocrx_word' id='word_1_932' title='bbox 3460 5681 3656 5736; x_wconf 76' lang='grc' dir='ltr'>πολλοὶ</span> <span class='ocrx_word' id='word_1_933' title='bbox 3696 5684 3753 5735; x_wconf 74' lang='grc' dir='ltr'>ὲν</span> <span class='ocrx_word' id='word_1_934' title='bbox 3781 5681 3860 5750; x_wconf 79' lang='grc' dir='ltr'>τῷ</span> 
     </span>
    </p>
   </div>
   <div class='ocr_carea' id='block_1_118' title="bbox 2295 5770 3857 5845">
    <p class='ocr_par' dir='ltr' id='par_1_118' title="bbox 2295 5770 3857 5845">
     <span class='ocr_line' id='line_1_118' title="bbox 2295 5770 3857 5845; baseline 0.006 -26"><span class='ocrx_word' id='word_1_935' title='bbox 2295 5771 2656 5840; x_wconf 82' lang='grc' dir='ltr'>μεσονυκτίῳ,</span> <span class='ocrx_word' id='word_1_936' title='bbox 2691 5770 2965 5823; x_wconf 82' lang='grc' dir='ltr'>τουτέστιν</span> <span class='ocrx_word' id='word_1_937' title='bbox 2993 5772 3049 5822; x_wconf 78' lang='grc' dir='ltr'>ὲν</span> <span class='ocrx_word' id='word_1_938' title='bbox 3082 5771 3158 5841; x_wconf 84' lang='grc' dir='ltr'>τῷ</span> <span class='ocrx_word' id='word_1_939' title='bbox 3188 5772 3402 5842; x_wconf 72' lang='grc' dir='ltr'>ἐσχάτῳ</span> <span class='ocrx_word' id='word_1_940' title='bbox 3437 5773 3562 5844; x_wconf 76' lang='grc' dir='ltr'>βίῳ,</span> <span class='ocrx_word' id='word_1_941' title='bbox 3609 5773 3690 5845; x_wconf 79' lang='grc' dir='ltr'>τῷ</span> <span class='ocrx_word' id='word_1_942' title='bbox 3717 5773 3857 5845; x_wconf 75' lang='grc' dir='ltr'><strong>Θεῷ.</strong></span> 
     </span>
    </p>
   </div>
   <div class='ocr_carea' id='block_1_119' title="bbox 2290 5860 3859 5939">
    <p class='ocr_par' dir='ltr' id='par_1_119' title="bbox 2290 5860 3859 5939">
     <span class='ocr_line' id='line_1_119' title="bbox 2290 5860 3859 5939; baseline 0.011 -30"><span class='ocrx_word' id='word_1_943' title='bbox 2290 5861 2363 5922; x_wconf 77' lang='grc' dir='ltr'>ὡς</span> <span class='ocrx_word' id='word_1_944' title='bbox 2396 5860 2551 5930; x_wconf 70' lang='grc' dir='ltr'>φίλῳ,</span> <span class='ocrx_word' id='word_1_945' title='bbox 2598 5862 2690 5916; x_wconf 71' lang='grc' dir='ltr'>καὶ</span> <span class='ocrx_word' id='word_1_946' title='bbox 2744 5862 2960 5931; x_wconf 73' lang='grc' dir='ltr'>λέγουσι</span> <span class='ocrx_word' id='word_1_947' title='bbox 2993 5880 3002 5892; x_wconf 94' lang='grc'><strong>·</strong></span> <span class='ocrx_word' id='word_1_948' title='bbox 3046 5865 3143 5929; x_wconf 56' lang='grc' dir='ltr'><strong>Δδς</strong></span> <span class='ocrx_word' id='word_1_949' title='bbox 3174 5868 3321 5936; x_wconf 74' lang='grc' dir='ltr'>τρεῖς</span> <span class='ocrx_word' id='word_1_950' title='bbox 3384 5866 3616 5936; x_wconf 77' lang='grc' dir='ltr'>ἄρτους,</span> <span class='ocrx_word' id='word_1_951' title='bbox 3652 5868 3749 5939; x_wconf 75' lang='grc' dir='ltr'>τὴν</span> <span class='ocrx_word' id='word_1_952' title='bbox 3778 5866 3859 5929; x_wconf 72' lang='grc' dir='ltr'>τίς</span> 
     </span>
    </p>
   </div>
  </div>
