4038 6534
211 489 313 554 8.57

827 487 1274 549 ENAliRATIO
1320 489 1395 547 ΙΝ
1437 480 2218 552 ΕνΑΝϐΕωυΜίυριθ.
2252 515 2318 525 -
2360 491 2522 553 CAP.
2561 490 2666 552 XI.

3393 485 3499 550 858

210 601 414 672 Τριάεα
443 599 639 654 πίστιν.
684 599 840 662 Φίλος
870 599 978 668 γαρ
1029 599 1364 669 παρεγένετο
1433 600 1740 662 τουτέστιν,
1770 602 1798 653 6

1915 602 2066 656 iidem
2117 603 2171 657 in
2213 602 2560 660 Trinitatem.
2615 603 2840 660 Amicus
2877 599 3023 658 enim
3063 613 3221 655 meus
3255 597 3496 668 advenit,

211 695 446 764 ἄγγελος
474 695 504 747 6
540 694 640 762 τὴν
677 692 856 763 ψύχὴν
890 692 1363 763 παραλαμϐάνων.
1399 694 1559 758 Φίλος
1605 694 1664 747 δὲ
1703 695 1797 747 καὶ

213 790 319 851 πᾶς
347 786 601 856 ἄγγελος,
630 784 775 838 καθά
806 785 872 856 δὴ
903 786 996 839 καὶ
1022 787 1050 838 6
1080 784 1282 854 Κύριός
1313 802 1480 856 φησι·
1527 785 1686 854 Χαρά
1716 787 1799 854 γί-

211 896 360 932 νεται
410 881 468 930 ὲν
527 877 744 948 οὐρανῷ
794 879 886 930 ἐπὶ
941 876 1189 947 σωτηρία
1229 876 1548 942 ἀνθρώπου.
1610 876 1693 930 Τὰ
1740 878 1800 930 δὲ

212 967 403 1021 παιδία
452 967 520 1019 τὰ
561 967 654 1020 ὲπὶ
701 968 800 1040 τῆς
845 966 1034 1037 κλίνης
1082 967 1502 1038 ἀναπαυόμενα,
1562 970 1700 1022 τισὶν
1751 971 1799 1023 οι

213 1055 564 1126 στραφέντες,
595 1056 689 1110 καὶ
716 1059 1003 1124 γεγονότες
1041 1059 1116 1122 ὼς
1147 1059 1214 1110 τὰ
1247 1059 1462 1124 παιδία,
1496 1060 1592 1112 καὶ
1621 1059 1794 1130 ἠξιω-

216 1146 368 1216 μένοι
397 1146 474 1217 τῷ
506 1148 698 1218 Κυρίῳ
722 1149 1232 1204 συναναπαύεσθαι.
1288 1151 1595 1206 ’Δναίδειαν
1626 1153 1682 1205 δὲ
1717 1153 1800 1206 λέ-

211 1255 299 1305 γει
339 1239 436 1308 τὴν
497 1239 618 1308 μεθ’
661 1241 942 1310 ὑπομονῆς
997 1244 1406 1313 ἐπιτεταμένην
1456 1245 1798 1315 προσευχήν.

213 1329 346 1382 Νόει
385 1330 442 1383 δὲ
479 1333 573 1384 καὶ
609 1331 805 1398 ἄλλως,
853 1334 1212 1397 μεσονύκτιον
1271 1334 1394 1405 μὲν,
1452 1338 1554 1404 τὴν
1595 1337 1800 1407 ἀκμὴν,

214 1421 311 1473 καὶ
339 1421 399 1473 τὸ
451 1423 784 1492 μεσαίτατον
833 1424 944 1477 τῶν
985 1427 1338 1496 πειρασμῶν.
1388 1427 1506 1491 Νὺξ
1542 1428 1644 1496 μὲν
1692 1429 1804 1498 γὰρ

215 1514 326 1575 πᾶς
361 1514 689 1584 πειρασμὸς,
743 1514 1101 1584 μεσονύκτιον
1134 1518 1190 1570 δὲ
1243 1519 1462 1582 πάντως
1520 1520 1580 1573 τὸ
1635 1521 1804 1590 μέσον

213 1603 322 1656 τῶν
361 1605 700 1675 πειρασμῶν.
735 1607 903 1660 Ὅταν
934 1608 1030 1663 οῦν
1062 1627 1145 1674 τις
1202 1614 1260 1666 ἐν
1305 1613 1491 1680 μέσοις
1523 1615 1634 1677 τοῖς
1687 1631 1806 1666 πει-

216 1701 450 1766 ρασμοῖς
507 1700 757 1768 γένηται,
810 1702 1180 1772 προσέρχεται
1232 1702 1310 1773 τῷ
1355 1705 1602 1774 φιλοῦντι
1657 1707 1805 1775 ἡμᾶς

214 1788 256 1838 Θ
293 1789 358 1856 ᾧ,
398 1792 489 1842 καὶ
515 1790 660 1858 λέγει
685 1809 697 1821 ο
736 1793 957 1864 Χρῆσόν
998 1813 1092 1864 μοι
1119 1799 1268 1867 τρεῖς
1298 1797 1516 1868 ἄρτους,
1551 1797 1650 1868 τὴν
1699 1816 1806 1851 σω-

212 1883 416 1952 τηρίαν
458 1883 550 1936 τοῦ
582 1885 855 1955 σώματος,
889 1887 1102 1957 καὶτῆς
1129 1889 1331 1958 ψυχῆς,
1368 1890 1463 1942 καὶ
1505 1889 1600 1943 τοῦ
1642 1891 1806 1942 πνεύ-

217 1991 414 2042 ματος.
457 1977 588 2030 Ἀπὸ
619 1977 727 2048 γὰρ
771 1986 879 2032 τῶν
926 1982 1253 2050 πειρασμῶν
1308 1981 1449 2045 δέος,
1485 1983 1560 2052 μὴ
1617 1984 1802 2036 κινδυ-

218 2068 390 2139 νεύσῃ
428 2068 602 2122 ταῦτα
632 2071 701 2123 τὰ
725 2072 876 2140 τρία.
919 2073 1016 2135 Τίς
1042 2073 1097 2125 δὲ
1129 2074 1156 2126 6
1207 2073 1365 2141 φίλος
1404 2075 1432 2126 6
1487 2077 1802 2144 παραγενό-

215 2177 384 2227 μενος
431 2160 491 2225 ἐξ
523 2160 678 2227 δδοῦ;
715 2156 792 2215 Ἦ
847 2162 1066 2227 πάντως
1101 2166 1128 2217 6
1173 2165 1383 2235 Κύριος
1425 2167 1451 2220 6
1495 2165 1810 2234 δοκιμάζων

213 2253 364 2322 ἡμᾶς
394 2255 452 2305 ἐν
476 2255 586 2316 τοῖς
610 2257 959 2324 πειρασμοῖς,
987 2257 1081 2308 καὶ
1108 2257 1280 2310 θέλων
1313 2259 1513 2326 φαγεῖν
1549 2258 1646 2327 τὴν
1679 2260 1811 2326 ήμε-

212 2342 382 2412 τέραν
419 2343 731 2413 σωτηρίως
765 2344 881 2397 Ούκ
921 2345 1036 2414 ἔχει
1075 2346 1131 2398 δὲ
1171 2347 1224 2399 τί
1283 2349 1596 2418 παραθήσει
1631 2347 1810 2418 τούτῳ

211 2438 238 2488 6
270 2436 331 2488 ιν
369 2437 482 2497 τοῖς
547 2439 877 2506 πειρασμοῖς
927 2439 1214 2506 ἐμπεσὼν,
1270 2440 1369 2494 καὶ
1407 2441 1654 2494 ἀσθενῶν
1713 2441 1808 2510 ἀφ’

213 2527 411 2580 ἑαυτοῦ
459 2528 778 2595 ἀντιστῆναι
830 2530 1066 2594 τούτοις,
1115 2533 1208 2586 καὶ
1243 2532 1589 2600 θεραπεῦσαι
1643 2533 1801 2586 Θεόν.

211 2616 289 2670 Τὸ
327 2619 383 2672 δὲ
425 2619 747 2688 κλεισθῆναι
791 2624 890 2692 τὴν
929 2623 1124 2691 θύραν,
1186 2624 1346 2678 τοῦτο
1393 2627 1674 2695 σημαίνει,
1727 2627 1812 2679 ὅτι

209 2713 296 2764 δεῖ
332 2711 439 2780 πρὸ
472 2711 582 2764 τῶν
613 2715 943 2783 πειρασμῶν
970 2717 1119 2784 ἡμᾶς
1149 2712 1290 2770 εἶναι
1336 2718 1803 2787 ἡτοιμασμένους,

210 2800 355 2854 ἐπὰν
391 2802 447 2854 δὲ
503 2803 862 2872 ἐμπέσωμεν,
898 2804 1212 2858 κέκλεισται
1249 2807 1281 2876 ή
1334 2807 1431 2874 τῆς
1487 2808 1810 2877 ἑτοιμασίας

212 2893 382 2962 θύρα,
445 2894 540 2946 καὶ
586 2893 867 2963 ἁνέτοιμοι
930 2896 1340 2964 εὑρισκόμενοι,
1395 2899 1444 2949 εἰ
1497 2898 1573 2967 μὴ
1615 2901 1643 2950 ὁ
1678 2899 1810 2959 Θεὸς

211 2984 502 3055 βοηθήσει,
543 2987 1005 3055 κινδυνεύσωμεν.
1040 2989 1237 3042 Παιδία
1269 2989 1348 3052 δὲ,
1391 2988 1538 3043 καθὰ
1591 3007 1810 3059 προαπ-

210 3079 501 3148 εδόθτβαν,
532 3077 642 3132 εἷεν
669 3080 734 3133 ἂν
756 3082 804 3132 οἱ
836 3081 1122 3150 γενόμενοι
1153 3082 1258 3134 υίοὶ
1296 3081 1391 3134 τοῦ
1417 3081 1555 3136 Θεοῦ
1581 3083 1650 3136 δι’
1683 3085 1814 3153 ἀρε-

203 3171 333 3243 τῆς,
363 3172 458 3224 καὶ
495 3172 937 3242 ἀνακλινόμενοι,
986 3175 1082 3226 καὶ
1113 3175 1528 3244 ἀναπαυόμενοι
1567 3177 1625 3227 ὲν
1664 3175 1807 3244 Θεῷ,

293 3285 311 3315 ι
352 3265 524 3331 Κάγὼ
556 3265 686 3333 ὑμῖν
721 3265 866 3332 λέγω
891 3281 905 3295 ·
941 3266 1176 3328 Αἰτεῖτε,
1208 3267 1303 3319 καὶ
1337 3267 1624 3337 δοθήσεται
1658 3267 1806 3336 ὑμῖν,
1839 3298 1880 3358 c

209 3357 453 3427 ζητεῖτε,
491 3357 584 3409 καὶ
643 3357 938 3428 εὑρήσετε,
1001 3359 1252 3429 κρούετε,
1313 3361 1408 3412 καὶ
1459 3362 1810 3428 ἀνοιγήσεται

206 3451 366 3518 ὑμῖν.
394 3451 510 3514 Πᾶς
541 3451 650 3520 γὰρ
683 3451 710 3502 6
742 3451 908 3504 αἰτῶν
939 3451 1234 3518 λαμϐάνει,
1265 3453 1360 3505 καὶ
1399 3454 1426 3505 6
1457 3452 1638 3523 ζητῶν
1666 3452 1813 3524 εὑρί-

207 3559 358 3604 σκει,
401 3543 495 3594 καὶ
535 3541 613 3611 τῷ
649 3542 898 3612 κρούοντι
932 3543 1302 3612 ἀνοιγήσεται.
1356 3545 1490 3598 Τίνα
1547 3544 1604 3597 δὲ
1659 3543 1813 3613 ὑμῶν

203 3635 304 3684 τὸν
337 3631 552 3702 πατέρα
582 3633 800 3703 αἰτήσει
831 3634 858 3684 6
900 3633 1014 3695 υίὸς
1049 3635 1235 3704 ἀρτον,
1275 3637 1349 3706 μὴ
1378 3635 1529 3688 λίθον
1557 3635 1814 3689 ἐπιδώσει

203 3723 400 3793 αύτῷ;
443 3726 511 3777 Ἥ
547 3726 641 3778 καὶ
671 3725 844 3794 ἰχθὺν,
881 3725 956 3796 μὴ
999 3727 1120 3780 ἀντὶ
1166 3726 1346 3796 ίχθύος
1373 3727 1498 3795 ὄφιν
1547 3727 1805 3780 ἐπιδώσει

204 3814 401 3882 autcf);
444 3816 514 3867 Ἤ
553 3817 645 3867 καὶ
693 3816 786 3867 ὲάν
833 3817 1034 3887 αίτήση
1081 3817 1210 3883 ώδν,
1243 3817 1319 3887 μὴ
1353 3818 1611 3873 ἐπιδώσει
1663 3819 1815 3892 αὐτῷ

203 3907 512 3976 σκορπίον;
547 3908 607 3958 Εἰ
645 3901 738 3960 οῦν
776 3907 937 3977 ὑμεῖς
978 3911 1210 3980 πονηροὶ
1255 3909 1600 3979 ὑπάρχοντες
1631 3912 1810 3964 οἴδατε

201 3999 427 4068 δόματα
459 4001 639 4066 ἀγαθά
664 3999 862 4054 διδόναι
893 4003 1004 4063 τοῖς
1037 4002 1249 4064 τέκνοις
1275 4002 1456 4073 ὑμῶν,
1483 4003 1638 4074 πόσῳ
1675 4002 1812 4075 μᾶλα

203 4090 301 4142 λον
336 4091 366 4140 6
401 4091 590 4160 Πατὴρ
626 4093 651 4143 6
686 4090 746 4152 ἐξ
787 4090 1022 4160 ούρανοῦ
1051 4091 1214 4145 δώσει
1260 4093 1486 4163 Πνεῦμα
1513 4095 1670 4163 ἄτιον
1701 4098 1814 4160 τοῖς

200 4179 463 4233 αἰτοῦσιν
496 4181 690 4234 αὑτόνί
722 4199 738 4231 ι
779 4181 922 4251 Ὅρα
949 4181 1008 4234 τὸ
1044 4183 1274 4253 ἀκριϐὲς
1310 4185 1407 4252 τῆς
1446 4183 1664 4250 λέξεως.
1699 4187 1812 4239 Οὐκ

200 4271 396 4337 εἶπεν,
437 4274 517 4326 ὅτι
545 4274 872 4343 Αἰτήσασθε,
914 4275 1007 4327 καὶ
1046 4275 1354 4344 δοθήσεται,
1399 4278 1544 4345 ἀλλ’,
1575 4279 1810 4341 Αίτείτε,

199 4368 336 4420 ἀντὶ
365 4365 485 4428 τοῦ,
513 4365 776 4435 διηνεκῶς
810 4365 1047 4434 ζητεῖτε.
1090 4369 1206 4431 Πᾶς
1225 4368 1333 4439 γὰρ
1354 4369 1381 4421 6
1405 4369 1573 4422 αίτῶν
1603 4369 1814 4439 λαμϐά-

201 4476 314 4512 νει.
354 4455 503 4527 Ἀρα
540 4454 633 4511 οὖν
677 4459 704 4511 6
753 4459 1052 4529 ἀσύμφορα
1097 4461 1262 4514 αίτῶν
1303 4462 1609 4532 λαμϐάνεις
1651 4463 1806 4534 Ούχίσ

203 4552 438 4624 πρῶτον
470 4552 570 4620 μὲν
608 4551 716 4621 γὰρ
740 4553 772 4622 ἡ
797 4553 905 4604 τῶν
936 4554 1275 4624 ἀσυμφόρων
1323 4555 1540 4624 αἴτησις
1571 4555 1695 4608 οὐδὲ
1725 4557 1814 4609 ατ-

1904 693 2006 750 hoc
2031 701 2137 757 est,
2176 696 2405 766 angelus
2441 696 2536 766 qui
2566 696 2804 751 animam
2842 691 3093 751 assumit.
3136 690 3364 744 Amicus
3395 706 3496 744 au—

1904 795 2010 841 tum
2041 795 2128 842 est
2154 789 2330 843 ornnis
2353 788 2602 859 angelus,
2635 789 2780 844 sicut
2811 797 2866 844 et
2899 785 3163 842 Dominus
3191 783 3332 838 dixit
3355 780 3500 851 quod

1903 879 2160 947 gaudium
2231 880 2437 935 factum
2488 890 2570 936 est
2623 882 2675 936 in
2711 881 2856 937 caelo
2905 881 2973 933 de
3014 877 3190 933 salute
3238 873 3481 929 hominis

1903 970 2064 1025 Pueri
2121 980 2307 1026 autem
2347 973 2439 1042 qui
2484 975 2534 1028 iu
2595 973 2736 1028 lecto
2791 971 3108 1042 quiescunt,
3139 976 3267 1022 sunt
3307 967 3361 1020 hi
3409 963 3502 1034 qui

1905 1065 2150 1118 conversi
2186 1075 2334 1126 sunt,
2358 1073 2411 1117 et
2437 1063 2565 1118 facti
2599 1071 2726 1118 sunt
2768 1074 2826 1117 ut
2852 1062 3030 1133 pueri,
3065 1068 3121 1115 et
3149 1057 3297 1128 digiti
3325 1054 3499 1111 habiti

1906 1171 2033 1215 sunt
2066 1158 2157 1229 qui
2203 1159 2550 1227 quiescerent
2601 1173 2726 1213 cum
2789 1157 3044 1211 Domino.
3098 1149 3499 1222 lmpudentiam

1907 1259 2090 1305 autem
2136 1261 2192 1304 et
2237 1250 2642 1317 improbitatem
2697 1248 2829 1303 dicit
2885 1245 3193 1301 orationem
3234 1251 3501 1296 attentam

1907 1358 2030 1396 cum
2063 1343 2415 1397 sustinentia.
2442 1340 2686 1408 Intellige
2711 1348 2771 1394 et
2798 1338 2978 1401 aliter,
3009 1350 3109 1405 per
3126 1333 3366 1388 mediam
3401 1346 3504 1385 no-

1907 1444 2071 1500 ctem,
2115 1435 2387 1505 ingentem
2421 1434 2803 1487 tentationcm.
2838 1428 2955 1484 Nox
2986 1429 3130 1482 enim
3177 1425 3356 1482 omnis
3383 1433 3506 1478 ten-

1911 1527 2044 1580 tatio
2080 1543 2094 1579 :
2129 1525 2309 1580 media
2335 1535 2521 1579 autem
2564 1539 2696 1588 nox,
2728 1523 2910 1576 omnis
2941 1519 3261 1575 tentationis
3297 1517 3505 1572 fervor.

1911 1618 2078 1687 Igitur
2109 1631 2230 1672 cum
2272 1619 2396 1687 quis
2449 1620 2502 1670 in
2541 1616 2750 1670 medias
2803 1615 3135 1668 tentationes
3175 1609 3505 1680 pervenerit,

1910 1710 2123 1765 accedit
2164 1711 2229 1763 ad
2259 1710 2424 1763 Deum
2460 1724 2560 1762 nos
2583 1708 2899 1778 diligentem
2932 1714 2987 1759 et
3015 1704 3148 1759 dicit
3170 1723 3182 1758 :
3204 1701 3509 1756 Commoda

1912 1803 2040 1857 mihi
2078 1812 2188 1857 tres
2211 1816 2397 1871 panes,
2418 1800 2651 1854 salutem
2675 1799 2925 1868 corporis
2951 1797 3185 1861 scilicet,
3215 1804 3268 1849 ct
3287 1794 3509 1858 animat,

1914 1907 1970 1949 et
1999 1895 2247 1964 spiritus.
2279 1894 2526 1948 Timetur
2563 1893 2710 1947 enim
2766 1906 2833 1945 ne
2888 1891 2991 1944 tria
3031 1889 3147 1942 haec
3195 1900 3293 1957 per
3326 1894 3506 1938 tenta-

1920 1990 2096 2042 tiones
2125 1986 2527 2056 periclitentur.
2556 1983 2692 2051 Quis
2726 1994 2910 2036 autem
2938 1980 3153 2034 amicus
3181 1987 3264 2032 est
3296 1977 3386 2045 qui
3412 1990 3511 2030 ve-

1915 2083 1994 2137 nit
2058 2083 2124 2132 de
2190 2081 2311 2135 via?
2364 2079 2596 2135 Omnino
2662 2077 2944 2135 Dominus,
2997 2073 3089 2141 qui
3115 2070 3310 2141 probat
3337 2083 3435 2124 nos
3459 2069 3512 2122 in

1917 2171 2334 2234 tentationihus,
2374 2181 2426 2224 et
2463 2168 2655 2222 avidus
2698 2175 2785 2220 est
2837 2164 3031 2219 edendi
3092 2164 3161 2216 de
3198 2160 3375 2215 salute
3415 2173 3516 2215 no-

1914 2261 2063 2315 ειηιῖ
2093 2260 2255 2330 355
2290 2260 2406 2313 Non
2443 2261 2606 2311 habet
2641 2267 2822 2310 autem
2872 2255 3015 2324 quod
3051 2262 3289 2324 apponat
3312 2251 3514 2316 amico,

1916 2354 1961 2408 is
1990 2359 2080 2423 qui
2116 2355 2169 2407 in
2208 2353 2536 2405 tentatinnes
2577 2349 2866 2411 inciderat,
2921 2355 2974 2399 et
3024 2345 3280 2399 infirmus
3329 2357 3424 2411 per
3457 2354 3515 2397 se

1916 2455 1974 2499 ut
2003 2443 2233 2498 obsistat
2260 2444 2386 2504 illis,
2420 2451 2470 2496 et
2507 2449 2664 2496 curet
2701 2454 2762 2494 ea
2811 2453 2934 2507 qua:
2973 2446 3100 2489 sunt
3127 2435 3244 2488 Dei.
3315 2432 3509 2488 Claudi

1909 2538 2133 2607 ianuam
2193 2535 2372 2604 signat
2401 2535 2544 2600 quod
2576 2540 2832 2603 oporteat
2881 2539 3006 2584 ante
3055 2528 3384 2584 tentationes
3415 2538 3516 2582 nos

1913 2643 2033 2682 esse
2067 2639 2423 2698 pt-aaparatos.
2458 2626 2598 2680 Cum
2658 2634 2844 2679 autem
2900 2622 3282 2682 incideritnus,
3322 2619 3511 2674 clausa

1914 2734 1996 2776 est
2033 2720 2458 2789 pra‘paralimtis
2479 2717 2674 2782 janua,
2707 2727 2759 2770 et
2790 2715 2880 2784 qui
2907 2713 3269 2768 inveniuntur
3300 2711 3513 2778 imprae-

1913 2813 2241 2885 par:ui,nisi
2281 2811 2419 2863 Deus
2477 2809 2773 2877 adjuveril,
2829 2805 3309 2876 periclitabuntur.
3351 2799 3513 2854 Pueri

1913 2920 2118 2965 autem,
2147 2907 2284 2958 sicut
2308 2905 2457 2972 prius
2483 2904 2706 2968 dictum,
2748 2903 2800 2956 hi
2827 2911 2975 2964 sunt,
3012 2899 3101 2966 qui
3132 2910 3228 2966 per
3259 2895 3515 2948 virtutem

1917 2998 2041 3052 fat-ti
2068 3009 2195 3053 sunt
2231 2997 2321 3049 lilii
2361 2995 2474 3056 Dei,
2510 3006 2564 3048 et
2593 2997 2922 3048 recumbunt
2961 3006 3026 3047 ac
3057 2989 3351 3062 quiescunt
3392 3001 3515 3042 eum

1916 3089 2050 3147 Deo.

1995 3268 2156 3324 Vens.
2205 3269 2360 3322 9-l5.
2393 3285 2411 3318 t
2459 3266 2524 3321 Et
2569 3280 2670 3337 ego
2702 3265 2821 3319 dico
2857 3263 3007 3316 vobis
3051 3280 3063 3315 :
3093 3260 3292 3325 Petite,
3325 3269 3380 3316 et
3411 3259 3513 3315 da-

1917 3361 2064 3417 bitur
2120 3361 2309 3423 vobis;
2359 3358 2606 3427 quaerite,
2671 3363 2728 3410 et
2773 3354 3108 3418 invenietis;
3161 3351 3391 3423 pulsate,
3461 3358 3518 3403 et

1917 3452 2191 3522 aperietur
2219 3451 2391 3505 vobis.
2426 3449 2617 3504 tinnis
2649 3448 2794 3502 enim
2829 3447 2921 3515 qui
2961 3446 3117 3516 petit,
3166 3444 3367 3512 accipit
3410 3459 3422 3495 :
3463 3451 3515 3496 et

1915 3544 2006 3611 qui
2059 3542 2271 3610 qumrit,
2321 3540 2576 3593 invenit:
2634 3545 2688 3592 et
2729 3537 2965 3607 pulsanti
3023 3535 3320 3606 aperietur.
3382 3533 3516 3600 Quis

1917 3645 2100 3689 autem
2137 3649 2204 3688 ex
2246 3633 2399 3688 vobis
2441 3641 2612 3701 pater,
2653 3645 2679 3682 τι
2733 3646 2842 3698 quo
2887 3629 2931 3684 si
2983 3629 3123 3683 ﬁlius
3153 3627 3376 3696 petierit
3415 3642 3510 3696 pa-

1917 3744 2061 3790 nem,
2089 3725 2471 3793 numlapidem
2495 3723 2644 3776 dabit
2671 3721 2784 3774 illi?
2812 3723 2916 3773 Aut
2939 3721 2979 3774 si
3008 3722 3234 3789 piscem,
3259 3734 3388 3774 num
3420 3734 3519 3787 pro

1917 3820 2065 3890 pisce
2096 3827 2401 3886 serpentem
2428 3815 2574 3868 dabit
2607 3812 2910 3867 illi?Autsi
2942 3813 3159 3879 petierit
3180 3826 3366 3874 ovum,
3388 3825 3516 3864 num

1916 3910 2158 3980 porriget
2200 3908 2274 3962 illi
2308 3906 2622 3976 scorpium?
2659 3902 2714 3958 Si
2740 3917 2875 3971 ergo
2911 3917 3026 3968 vos,
3054 3918 3178 3957 cum
3210 3902 3329 3957 sitis
3365 3901 3517 3967 mali,

1917 4001 2090 4056 nostis
2124 3999 2246 4054 data
2287 3999 2427 4052 bona
2473 3998 2602 4051 dare
2653 3996 2780 4050 ﬁliis
2805 3994 3003 4049 vestris
3047 4013 3060 4048 :
3098 4003 3305 4063 quanto
3346 3993 3520 4062 magis

1915 4093 2076 4148 Pater
2106 4101 2289 4146 vester
2327 4091 2422 4160 qui
2476 4090 2528 4143 in
2565 4089 2716 4143 cmlis
2746 4097 2853 4150 est,
2899 4087 3052 4140 dabit
3088 4085 3352 4155 Spiritum
3392 4101 3520 4139 san-
3593 4149 3598 4154 ,

1916 4198 2061 4243 ctum
2104 4184 2456 4256 poscentibus
2505 4183 2599 4236 sel
2648 4199 2666 4232 ο
2710 4180 2901 4234 Videte
2948 4179 3236 4233 verborum
3283 4178 3518 4248 diligen-

1920 4283 2070 4334 tiam.
2114 4279 2231 4333 Non
2258 4277 2420 4338 dixit,
2453 4275 2669 4344 petetis,
2703 4284 2758 4328 et
2791 4273 3029 4339 dabitur,
3055 4271 3172 4337 sed,
3197 4272 3387 4342 petite,
3417 4272 3519 4327 hoc

1917 4383 2024 4439 est,
2060 4372 2324 4426 continuo
2366 4369 2613 4439 quterite.
2641 4367 2834 4422 Omnis
2873 4366 3019 4420 enim
3054 4366 3143 4435 qui
3181 4365 3336 4433 petit,
3372 4364 3517 4419 acci-

1919 4465 2017 4534 pit.
2047 4462 2303 4531 Nunquid
2336 4475 2467 4531 ergo
2498 4470 2552 4513 et
2587 4459 2676 4529 qui
2724 4459 2858 4527 petit
2903 4471 3023 4526 quas
3057 4471 3166 4510 non
3203 4456 3519 4524 expediunt,

1918 4556 2155 4628 accipit?
2177 4555 2317 4610 Non.
2343 4553 2526 4606 Primo
2565 4553 2734 4622 igitur
2765 4565 2946 4605 rerum
2984 4549 3270 4603 noxiarum
3330 4547 3522 4617 petitio

197 4662 374 4714 τησις
426 4643 491 4695 ἂν
543 4642 767 4714 κληθείη
821 4645 955 4714 πρὸς
993 4646 1085 4698 τὸν
1128 4647 1283 4701 Θεὸν.
1345 4649 1402 4702 ὐ
1445 4649 1553 4720 γὰρ
1583 4650 1662 4719 τῷ
1698 4647 1808 4721 Θεῷ

1925 4665 2031 4705 non
2069 4657 2294 4704 vocatur
2328 4648 2517 4717 petitio
2565 4645 2705 4716 apud
2765 4645 2958 4699 Deum.
3014 4641 3151 4698 Nam
3201 4642 3291 4713 qui
3351 4641 3519 4696 Deum

201 4739 680 4811 προσευχόμενος,
707 4740 916 4806 ὀφείλει
956 4741 1245 4809 αἰτεῖσθαι,
1269 4741 1305 4795 ἀ
1338 4744 1545 4806 ἐκεῖνος
1573 4743 1808 4800 δίδωσιν.

195 4837 385 4886 Ὀταν
418 4832 474 4882 δέ
529 4849 612 4894 τις
659 4832 732 4884 ea
781 4834 1081 4902 ἀσύμφορα
1131 4836 1392 4901 αἰτεῖται,
1438 4838 1498 4890 ού
1541 4839 1678 4906 προς
1719 4839 1812 4892 τὸν

192 4927 341 4979 Θεὸν
375 4926 612 4977 ποιεῖται
647 4925 745 4994 τὴν
782 4925 1021 4994 αἴτησινο
1055 4919 1212 4990 οὗτος
1247 4929 1355 4998 γὰρ
1401 4926 1699 4999 ἀσύμφορα
1748 4929 1808 4982 ού

193 5019 451 5072 δίδωσιν.
497 5017 731 5070 Ἔπειτα
767 5017 930 5070 ἄκουε
964 5020 1058 5071 καὶ
1100 5019 1267 5071 αὐτοῦ
1301 5020 1395 5073 τοῦ
1423 5020 1652 5089 Κυρίου,
1693 5021 1810 5086 πῶς

189 5112 456 5166 διδάσκει
493 5111 641 5178 ἡμᾶς
665 5109 931 5163 αἰτεῖσθαι
968 5111 1002 5163 ἃ
1035 5112 1134 5166 δεῖ.
1174 5113 1372 5181 Ἀρτον
1403 5113 1533 5181 γάρ,
1562 5115 1751 5184 φησὶν,
1780 5115 1810 5167 6

192 5201 320 5260 υῐος
363 5198 459 5251 καὶ
505 5197 658 5266 ίχθὺν
697 5200 789 5251 καὶ
838 5199 944 5252 ὠὸν
989 5202 1246 5256 αἰτεῖται.
1277 5204 1489 5273 Ὠσπερ
1520 5200 1612 5258 οὖν
1633 5205 1810 5258 ταῦτα

191 5290 510 5357 ἀνθρώπου
540 5291 658 5342 ἐστὶ
693 5290 921 5360 βρῶσις,
953 5292 1097 5345 οὕτω
1122 5294 1215 5348 καὶ
1243 5295 1311 5348 τὰ
1342 5297 1624 5366 αἰτήματα
1655 5298 1814 5367 ήμῶν

190 5381 525 5449 ὀφείλουσιν
553 5375 690 5436 εἶναι
719 5383 1067 5454 συμφέροντα
1088 5386 1182 5438 καὶ
1206 5387 1631 5458 συμϐαλλόμενα
1655 5390 1810 5460 ἡμῖν.

190 5478 337 5530 Νόει
373 5474 432 5526 δέ
479 5491 592 5544 μοι,
639 5475 721 5528 ὅτι
752 5477 916 5546 ἀρτον
955 5479 1055 5548 μὲν
1089 5481 1323 5533 αἰτεῖται
1382 5484 1489 5545 πᾶς
1537 5483 1565 5534 6
1598 5482 1698 5553 τὴν
1734 5484 1814 5546 είς

193 5566 427 5636 Τριάδα
450 5566 635 5620 πίστιν
653 5568 1111 5639 ἀποκαλυφθῆναι
1133 5571 1304 5642 αὐτῷ,
1323 5575 1416 5627 καὶ
1433 5573 1530 5645 τὴν
1542 5575 1810 5645 ὀρθότητα

188 5663 310 5714 τῶν
349 5659 648 5729 δογμάτων
705 5662 874 5716 αίτῶν
902 5680 914 5693 ·
955 5663 1118 5734 ἄρτος
1171 5667 1278 5737 γὰρ
1319 5668 1494 5722 ταῦτά
1540 5669 1680 5721 τίσιν
1733 5669 1811 5733 ὡς

190 5753 546 5823 στηρίξοντα
592 5755 842 5824 καρδίαν.
888 5756 1062 5828 Ἰχθῦν
1099 5758 1157 5813 δὲ
1205 5760 1347 5814 αἰτεῖ
1377 5763 1404 5813 6
1439 5763 1496 5817 ὲν
1525 5761 1606 5832 τῷ
1638 5761 1805 5816 πελά-

273 5945 322 5972 δ⁹
376 5939 522 5993 l‘sal.
567 5953 686 6000 CIII,
737 5937 822 5994 Η.

1921 4753 2064 4806 orat,
2108 4741 2269 4798 debet
2299 4751 2487 4812 petere
2513 4755 2634 4810 quat
2661 4740 2750 4794 ille
2780 4741 2894 4794 dat.
2929 4737 3159 4804 Quando
3195 4745 3376 4791 autem
3401 4733 3524 4805 quis

1924 4836 2087 4892 noxia
2134 4836 2292 4905 petit,
2336 4848 2447 4888 non
2485 4834 2550 4887 ad
2611 4832 2779 4887 Deum
2830 4829 3152 4900 petitionem
3188 4827 3362 4883 facit:
3409 4827 3524 4895 ipse

1922 4929 2064 4983 enim
2122 4928 2281 4982 noxia
2336 4942 2442 4980 non
2495 4925 2608 4980 dat.
2673 4925 2901 4994 Insuper
2957 4921 3083 4976 audi
3123 4923 3291 4975 etiam
3343 4920 3520 4987 ipsum

1921 5019 2212 5074 Dominum
2253 5018 2528 5088 quomodo
2557 5016 2752 5070 doceat
2789 5029 2888 5069 nos
2920 5022 3111 5084 petere
3139 5026 3258 5083 qua:
3284 5020 3521 5081 oportet.

1919 5112 2143 5176 Panem,
2182 5112 2377 5179 inquit,
2410 5118 2465 5164 et
2506 5110 2706 5178 piscem
2734 5117 2790 5163 et
2812 5121 2976 5162 ovum
3013 5106 3155 5162 [ilius
3181 5106 3336 5176 petit.
3368 5104 3526 5160 Sicut

1917 5205 2079 5276 igitur
2122 5204 2235 5258 haec
2276 5202 2514 5258 hominis
2541 5209 2672 5255 sunt
2712 5199 2867 5254 cibus
2897 5197 2968 5264 ”,
3011 5199 3083 5252 ita
3115 5206 3171 5253 et
3227 5197 3520 5267 petitiones

1917 5306 2117 5351 nostra:
2160 5296 2322 5350 utiles
2358 5295 2515 5350 nobis
2552 5307 2677 5349 esse
2704 5293 2927 5347 debent.
2975 5290 3224 5361 lntellige
3257 5290 3344 5344 hic
3375 5290 3519 5358 quod

1915 5405 2110 5458 panem
2146 5397 2292 5458 petat
2321 5391 2501 5443 omnis
2542 5388 2633 5457 qui
2669 5385 2828 5440 iidem
2879 5386 2930 5438 in
2964 5384 3292 5439 Trinitatem
3345 5392 3398 5436 et
3436 5395 3522 5434 rc-

1915 5483 2238 5538 ctitudinem
2273 5483 2586 5552 dogmatnm
2621 5477 2849 5534 revelari
2879 5477 2983 5532 sibi
3027 5476 3182 5547 petit.
3217 5473 3344 5528 Haec
3372 5472 3518 5528 enim

1915 5588 2011 5630 cor
2044 5574 2186 5629 sicut
2218 5573 2374 5643 panis
2408 5572 2756 5627 conﬁrmant.
2794 5569 2862 5622 At
2894 5571 3095 5640 piscem
3129 5567 3283 5638 petit,
3327 5565 3419 5634 qui
3461 5565 3517 5619 in

1913 5667 2054 5724 mari
2077 5668 2202 5722 vitae
2226 5667 2387 5737 hujus
2432 5675 2538 5730 est,
2570 5675 2623 5720 et
2650 5663 2849 5735 quzerit
2877 5679 2905 5715 a
2939 5662 3048 5717 Deo
3074 5662 3427 5732 adiutorium,
3459 5667 3522 5712 ut

1911 5762 1964 5817 in
1990 5761 2182 5817 mediis
2203 5761 2594 5817 tentationibus
2613 5773 2719 5814 non
2739 5755 3144 5826 subtnergatur,
3165 5754 3256 5811 sed
3278 5753 3445 5819 vivat,
3467 5760 3524 5811 et
