  <div class='ocr_page' id='page_1' title='image "/cluster/home/n/w/nwhite01/storage/ocr_20150623/123/uva.x004884189/540.png"; bbox 0 0 4038 6534; ppageno 0'>
   <div class='ocr_carea' id='block_1_1' title="bbox 194 447 302 515">
    <p class='ocr_par' dir='ltr' id='par_1_1' title="bbox 194 447 302 515">
     <span class='ocr_line' id='line_1_1' title="bbox 194 447 302 515; baseline -0.037 0"><span class='ocrx_word' id='word_1_1' title='bbox 194 447 302 515; x_wconf 81' lang='lat'><strong>861</strong></span> 
     </span>
    </p>
   </div>
   <div class='ocr_carea' id='block_1_2' title="bbox 881 433 2731 501">
    <p class='ocr_par' dir='ltr' id='par_1_2' title="bbox 881 433 2731 501">
     <span class='ocr_line' id='line_1_2' title="bbox 881 433 2731 501; baseline -0.003 0"><span class='ocrx_word' id='word_1_2' title='bbox 881 435 1329 501; x_wconf 75' lang='lat' dir='ltr'><strong>ENARRATIO</strong></span> <span class='ocrx_word' id='word_1_3' title='bbox 1366 434 1449 498; x_wconf 83' lang='grc' dir='ltr'>ΙΝ</span> <span class='ocrx_word' id='word_1_4' title='bbox 1482 435 1986 497; x_wconf 66' lang='lat' dir='ltr'><strong>EVANGELIUM</strong></span> <span class='ocrx_word' id='word_1_5' title='bbox 2023 434 2261 496; x_wconf 73' lang='lat' dir='ltr'><strong>LUCIE.</strong></span> <span class='ocrx_word' id='word_1_6' title='bbox 2309 459 2379 470; x_wconf 91' lang='lat'><strong>—</strong></span> <span class='ocrx_word' id='word_1_7' title='bbox 2415 433 2578 496; x_wconf 65' lang='lat' dir='ltr'><strong>CAP.</strong></span> <span class='ocrx_word' id='word_1_8' title='bbox 2623 433 2731 494; x_wconf 83' lang='lat' dir='ltr'><strong>XI.</strong></span> 
     </span>
    </p>
   </div>
   <div class='ocr_carea' id='block_1_3' title="bbox 3387 431 3494 497">
    <p class='ocr_par' dir='ltr' id='par_1_3' title="bbox 3387 431 3494 497">
     <span class='ocr_line' id='line_1_3' title="bbox 3387 431 3494 497; baseline -0.009 0"><span class='ocrx_word' id='word_1_9' title='bbox 3387 431 3494 497; x_wconf 71' lang='lat'><strong>862</strong></span> 
     </span>
    </p>
   </div>
   <div class='ocr_carea' id='block_1_4' title="bbox 199 539 1782 635">
    <p class='ocr_par' dir='ltr' id='par_1_4' title="bbox 199 539 1782 635">
     <span class='ocr_line' id='line_1_4' title="bbox 199 539 1782 635; baseline -0.006 -18"><span class='ocrx_word' id='word_1_10' title='bbox 199 564 508 635; x_wconf 75' lang='grc' dir='ltr'><strong>συνέχειαν,</strong></span> <span class='ocrx_word' id='word_1_11' title='bbox 539 562 776 620; x_wconf 81' lang='grc' dir='ltr'>ἵσταται,</span> <span class='ocrx_word' id='word_1_12' title='bbox 830 555 970 610; x_wconf 78' lang='grc' dir='ltr'>ἐπὰν</span> <span class='ocrx_word' id='word_1_13' title='bbox 1000 555 1058 610; x_wconf 79' lang='grc' dir='ltr'>δὲ</span> <span class='ocrx_word' id='word_1_14' title='bbox 1089 539 1382 608; x_wconf 76' lang='grc' dir='ltr'>διαστῶσιν</span> <span class='ocrx_word' id='word_1_15' title='bbox 1406 555 1502 606; x_wconf 78' lang='grc' dir='ltr'>ἀπ’</span> <span class='ocrx_word' id='word_1_16' title='bbox 1538 554 1782 626; x_wconf 67' lang='grc' dir='ltr'>ἀλλήλων</span> 
     </span>
    </p>
   </div>
   <div class='ocr_carea' id='block_1_5' title="bbox 1889 539 3496 635">
    <p class='ocr_par' dir='ltr' id='par_1_5' title="bbox 1893 549 3496 625">
     <span class='ocr_line' id='line_1_5' title="bbox 1893 549 3496 625; baseline 0.001 -17"><span class='ocrx_word' id='word_1_17' title='bbox 1893 554 2103 625; x_wconf 81' lang='lat' dir='ltr'><strong>paciﬁci</strong></span> <span class='ocrx_word' id='word_1_18' title='bbox 2138 561 2287 615; x_wconf 86' lang='lat' dir='ltr'><strong>sunt,</strong></span> <span class='ocrx_word' id='word_1_19' title='bbox 2339 560 2739 609; x_wconf 85' lang='lat' dir='ltr'><strong>conservantur</strong></span> <span class='ocrx_word' id='word_1_20' title='bbox 2771 567 2787 604; x_wconf 88' lang='lat'><strong>:</strong></span> <span class='ocrx_word' id='word_1_21' title='bbox 2824 562 2950 606; x_wconf 92' lang='lat' dir='ltr'><strong>cum</strong></span> <span class='ocrx_word' id='word_1_22' title='bbox 3000 558 3184 605; x_wconf 85' lang='lat' dir='ltr'><strong>autem</strong></span> <span class='ocrx_word' id='word_1_23' title='bbox 3231 549 3375 607; x_wconf 90' lang='lat' dir='ltr'><strong>inter</strong></span> <span class='ocrx_word' id='word_1_24' title='bbox 3431 567 3496 609; x_wconf 77' lang='lat' dir='ltr'><strong>se</strong></span> 
     </span>
    </p>
   </div>
   <div class='ocr_carea' id='block_1_6' title="bbox 191 644 1788 729">
    <p class='ocr_par' dir='ltr' id='par_1_6' title="bbox 191 644 1788 729">
     <span class='ocr_line' id='line_1_6' title="bbox 191 644 1788 729; baseline -0.008 -17"><span class='ocrx_word' id='word_1_25' title='bbox 191 660 242 712; x_wconf 81' lang='grc' dir='ltr'>οἱ</span> <span class='ocrx_word' id='word_1_26' title='bbox 275 662 463 729; x_wconf 79' lang='grc' dir='ltr'><strong>τοῖχοι,</strong></span> <span class='ocrx_word' id='word_1_27' title='bbox 492 657 704 715; x_wconf 82' lang='grc' dir='ltr'>πίπτει,</span> <span class='ocrx_word' id='word_1_28' title='bbox 749 650 860 704; x_wconf 74' lang='grc' dir='ltr'>εἴτε</span> <span class='ocrx_word' id='word_1_29' title='bbox 924 644 1073 702; x_wconf 85' lang='grc' dir='ltr'>οἷκον</span> <span class='ocrx_word' id='word_1_30' title='bbox 1111 648 1329 717; x_wconf 79' lang='grc' dir='ltr'><strong>νοήσεις</strong></span> <span class='ocrx_word' id='word_1_31' title='bbox 1368 648 1493 710; x_wconf 74' lang='grc' dir='ltr'>τοὺς</span> <span class='ocrx_word' id='word_1_32' title='bbox 1518 649 1575 699; x_wconf 83' lang='grc' dir='ltr'>ὲν</span> <span class='ocrx_word' id='word_1_33' title='bbox 1608 652 1673 716; x_wconf 82' lang='grc' dir='ltr'>τῇ</span> <span class='ocrx_word' id='word_1_34' title='bbox 1707 648 1788 699; x_wconf 84' lang='grc' dir='ltr'><strong>οἱ-</strong></span> 
     </span>
    </p>
   </div>
   <div class='ocr_carea' id='block_1_7' title="bbox 189 740 1782 824">
    <p class='ocr_par' dir='ltr' id='par_1_7' title="bbox 189 740 1782 824">
     <span class='ocr_line' id='line_1_7' title="bbox 189 740 1782 824; baseline -0.002 -30"><span class='ocrx_word' id='word_1_35' title='bbox 189 751 304 824; x_wconf 56' lang='grc' dir='ltr'><strong>κξᾳ,</strong></span> <span class='ocrx_word' id='word_1_36' title='bbox 359 753 456 804; x_wconf 73' lang='grc' dir='ltr'>καὶ</span> <span class='ocrx_word' id='word_1_37' title='bbox 500 740 646 800; x_wconf 82' lang='grc' dir='ltr'>οῦτοι</span> <span class='ocrx_word' id='word_1_38' title='bbox 677 745 784 808; x_wconf 77' lang='grc' dir='ltr'><strong>ἕως</strong></span> <span class='ocrx_word' id='word_1_39' title='bbox 825 743 924 813; x_wconf 79' lang='grc' dir='ltr'>μὲν</span> <span class='ocrx_word' id='word_1_40' title='bbox 972 741 1336 812; x_wconf 69' lang='grc' dir='ltr'><strong>εἰρηνεύουσι,</strong></span> <span class='ocrx_word' id='word_1_41' title='bbox 1388 742 1782 807; x_wconf 73' lang='grc' dir='ltr'><strong>συνεστήκασι,</strong></span> 
     </span>
    </p>
   </div>
   <div class='ocr_carea' id='block_1_8' title="bbox 188 832 1788 901">
    <p class='ocr_par' dir='ltr' id='par_1_8' title="bbox 188 832 1788 901">
     <span class='ocr_line' id='line_1_8' title="bbox 188 832 1788 901; baseline -0.01 -2"><span class='ocrx_word' id='word_1_42' title='bbox 188 845 331 899; x_wconf 65' lang='grc' dir='ltr'>ἐπὰν</span> <span class='ocrx_word' id='word_1_43' title='bbox 361 843 417 895; x_wconf 84' lang='grc' dir='ltr'>δὲ</span> <span class='ocrx_word' id='word_1_44' title='bbox 449 838 710 893; x_wconf 83' lang='grc' dir='ltr'>διαστῶσι</span> <span class='ocrx_word' id='word_1_45' title='bbox 763 837 884 889; x_wconf 82' lang='grc' dir='ltr'>κατ’</span> <span class='ocrx_word' id='word_1_46' title='bbox 931 834 1204 901; x_wconf 81' lang='grc' dir='ltr'>ἀλλήλων,</span> <span class='ocrx_word' id='word_1_47' title='bbox 1249 832 1565 886; x_wconf 85' lang='grc' dir='ltr'>πίπτουσιν.</span> <span class='ocrx_word' id='word_1_48' title='bbox 1607 832 1788 884; x_wconf 81' lang='grc' dir='ltr'>Ἔστω</span> 
     </span>
    </p>
   </div>
   <div class='ocr_carea' id='block_1_9' title="bbox 190 922 1783 1001">
    <p class='ocr_par' dir='ltr' id='par_1_9' title="bbox 190 922 1783 1001">
     <span class='ocr_line' id='line_1_9' title="bbox 190 922 1783 1001; baseline -0.011 -9"><span class='ocrx_word' id='word_1_49' title='bbox 190 939 268 1001; x_wconf 82' lang='grc' dir='ltr'><strong>δὲ,</strong></span> <span class='ocrx_word' id='word_1_50' title='bbox 308 939 388 990; x_wconf 86' lang='grc' dir='ltr'><strong>δτι</strong></span> <span class='ocrx_word' id='word_1_51' title='bbox 423 933 674 986; x_wconf 77' lang='grc' dir='ltr'>ἐκϐάλλω</span> <span class='ocrx_word' id='word_1_52' title='bbox 697 929 809 998; x_wconf 69' lang='grc' dir='ltr'>ἐγὼ</span> <span class='ocrx_word' id='word_1_53' title='bbox 839 930 906 981; x_wconf 81' lang='grc' dir='ltr'>τὰ</span> <span class='ocrx_word' id='word_1_54' title='bbox 937 929 1195 997; x_wconf 75' lang='grc' dir='ltr'>δαιμόνια</span> <span class='ocrx_word' id='word_1_55' title='bbox 1224 928 1282 977; x_wconf 81' lang='grc' dir='ltr'>ὲν</span> <span class='ocrx_word' id='word_1_56' title='bbox 1321 925 1402 995; x_wconf 85' lang='grc' dir='ltr'>τῷ</span> <span class='ocrx_word' id='word_1_57' title='bbox 1434 922 1783 988; x_wconf 75' lang='grc' dir='ltr'>Βεελζεσοὺλ,</span> 
     </span>
    </p>
   </div>
   <div class='ocr_carea' id='block_1_10' title="bbox 190 1014 1787 1094">
    <p class='ocr_par' dir='ltr' id='par_1_10' title="bbox 190 1014 1787 1094">
     <span class='ocr_line' id='line_1_10' title="bbox 190 1014 1787 1094; baseline -0.009 -14"><span class='ocrx_word' id='word_1_58' title='bbox 190 1032 239 1082; x_wconf 85' lang='grc' dir='ltr'>οἱ</span> <span class='ocrx_word' id='word_1_59' title='bbox 262 1027 369 1079; x_wconf 72' lang='grc' dir='ltr'>υίοὶ</span> <span class='ocrx_word' id='word_1_60' title='bbox 394 1024 571 1094; x_wconf 80' lang='grc' dir='ltr'>ὑμῶν,</span> <span class='ocrx_word' id='word_1_61' title='bbox 607 1023 887 1076; x_wconf 82' lang='grc' dir='ltr'><strong>τουτέστιν</strong></span> <span class='ocrx_word' id='word_1_62' title='bbox 921 1021 970 1070; x_wconf 77' lang='lat' dir='ltr'><strong>oi</strong></span> <span class='ocrx_word' id='word_1_63' title='bbox 1021 1017 1332 1080; x_wconf 83' lang='grc' dir='ltr'>ἀπόστολοι,</span> <span class='ocrx_word' id='word_1_64' title='bbox 1373 1018 1429 1068; x_wconf 82' lang='grc' dir='ltr'>ἐν</span> <span class='ocrx_word' id='word_1_65' title='bbox 1458 1017 1565 1068; x_wconf 81' lang='grc' dir='ltr'>τίνι</span> <span class='ocrx_word' id='word_1_66' title='bbox 1593 1014 1787 1067; x_wconf 76' lang='grc' dir='ltr'>ἐκϐάλ-</span> 
     </span>
    </p>
   </div>
   <div class='ocr_carea' id='block_1_11' title="bbox 188 1101 1785 1182">
    <p class='ocr_par' dir='ltr' id='par_1_11' title="bbox 188 1101 1785 1182">
     <span class='ocr_line' id='line_1_11' title="bbox 188 1101 1785 1182; baseline -0.011 -9"><span class='ocrx_word' id='word_1_67' title='bbox 188 1120 407 1182; x_wconf 81' lang='grc' dir='ltr'>λουσιν;</span> <span class='ocrx_word' id='word_1_68' title='bbox 451 1111 528 1169; x_wconf 84' lang='grc' dir='ltr'><strong>ἾΙ</strong></span> <span class='ocrx_word' id='word_1_69' title='bbox 570 1114 746 1182; x_wconf 77' lang='grc' dir='ltr'>δῆλον,</span> <span class='ocrx_word' id='word_1_70' title='bbox 779 1112 860 1162; x_wconf 83' lang='grc' dir='ltr'><strong>δτι</strong></span> <span class='ocrx_word' id='word_1_71' title='bbox 886 1112 942 1162; x_wconf 79' lang='grc' dir='ltr'><strong>ἐν</strong></span> <span class='ocrx_word' id='word_1_72' title='bbox 967 1109 1044 1178; x_wconf 81' lang='grc' dir='ltr'>τῷ</span> <span class='ocrx_word' id='word_1_73' title='bbox 1076 1108 1194 1177; x_wconf 77' lang='grc' dir='ltr'><strong>ἐμῷ</strong></span> <span class='ocrx_word' id='word_1_74' title='bbox 1233 1108 1493 1175; x_wconf 78' lang='grc' dir='ltr'>ὀνόματι;</span> <span class='ocrx_word' id='word_1_75' title='bbox 1531 1106 1655 1168; x_wconf 82' lang='grc' dir='ltr'><strong>Πῶς</strong></span> <span class='ocrx_word' id='word_1_76' title='bbox 1691 1101 1785 1157; x_wconf 75' lang='grc' dir='ltr'><strong>οῦν</strong></span> 
     </span>
    </p>
   </div>
   <div class='ocr_carea' id='block_1_12' title="bbox 187 1196 1788 1280">
    <p class='ocr_par' dir='ltr' id='par_1_12' title="bbox 187 1196 1788 1280">
     <span class='ocr_line' id='line_1_12' title="bbox 187 1196 1788 1280; baseline -0.008 -18"><span class='ocrx_word' id='word_1_77' title='bbox 187 1210 290 1280; x_wconf 74' lang='grc' dir='ltr'><strong>ἐμὲ</strong></span> <span class='ocrx_word' id='word_1_78' title='bbox 321 1208 536 1275; x_wconf 77' lang='grc' dir='ltr'>λέγετε,</span> <span class='ocrx_word' id='word_1_79' title='bbox 582 1207 663 1260; x_wconf 81' lang='grc' dir='ltr'>ὅτι</span> <span class='ocrx_word' id='word_1_80' title='bbox 700 1207 757 1256; x_wconf 80' lang='grc' dir='ltr'>ἐν</span> <span class='ocrx_word' id='word_1_81' title='bbox 797 1201 874 1273; x_wconf 81' lang='grc' dir='ltr'>τῷ</span> <span class='ocrx_word' id='word_1_82' title='bbox 913 1199 1240 1263; x_wconf 75' lang='grc' dir='ltr'>Βεελζεὸοῦλ</span> <span class='ocrx_word' id='word_1_83' title='bbox 1274 1199 1522 1254; x_wconf 77' lang='grc' dir='ltr'>ἐκϐάλλω</span> <span class='ocrx_word' id='word_1_84' title='bbox 1554 1196 1684 1266; x_wconf 73' lang='grc' dir='ltr'>ἐγὼ,</span> <span class='ocrx_word' id='word_1_85' title='bbox 1711 1197 1788 1260; x_wconf 76' lang='grc' dir='ltr'>ὡς</span> 
     </span>
    </p>
   </div>
   <div class='ocr_carea' id='block_1_13' title="bbox 186 1291 1782 1371">
    <p class='ocr_par' dir='ltr' id='par_1_13' title="bbox 186 1291 1782 1371">
     <span class='ocr_line' id='line_1_13' title="bbox 186 1291 1782 1371; baseline -0.007 -18"><span class='ocrx_word' id='word_1_86' title='bbox 186 1301 380 1371; x_wconf 79' lang='grc' dir='ltr'>χρείαν</span> <span class='ocrx_word' id='word_1_87' title='bbox 435 1301 572 1369; x_wconf 73' lang='grc' dir='ltr'>ἔχων</span> <span class='ocrx_word' id='word_1_88' title='bbox 622 1298 723 1364; x_wconf 77' lang='grc' dir='ltr'>τῆς</span> <span class='ocrx_word' id='word_1_89' title='bbox 783 1295 996 1348; x_wconf 70' lang='grc' dir='ltr'>ἐκείνου</span> <span class='ocrx_word' id='word_1_90' title='bbox 1063 1293 1370 1361; x_wconf 77' lang='grc' dir='ltr'>δυνάμεως,</span> <span class='ocrx_word' id='word_1_91' title='bbox 1430 1292 1572 1344; x_wconf 83' lang='grc' dir='ltr'>ὅπου</span> <span class='ocrx_word' id='word_1_92' title='bbox 1617 1307 1680 1358; x_wconf 87' lang='grc' dir='ltr'><strong>γε</strong></span> <span class='ocrx_word' id='word_1_93' title='bbox 1733 1291 1782 1342; x_wconf 89' lang='grc' dir='ltr'><strong>οἰ</strong></span> 
     </span>
    </p>
   </div>
   <div class='ocr_carea' id='block_1_14' title="bbox 189 1383 1785 1461">
    <p class='ocr_par' dir='ltr' id='par_1_14' title="bbox 189 1383 1785 1461">
     <span class='ocr_line' id='line_1_14' title="bbox 189 1383 1785 1461; baseline -0.006 -16"><span class='ocrx_word' id='word_1_94' title='bbox 189 1393 447 1461; x_wconf 77' lang='grc' dir='ltr'>ὑμέτεροι</span> <span class='ocrx_word' id='word_1_95' title='bbox 520 1390 646 1453; x_wconf 75' lang='grc' dir='ltr'>υἰοὶ,</span> <span class='ocrx_word' id='word_1_96' title='bbox 683 1389 852 1458; x_wconf 77' lang='grc' dir='ltr'>ῆγουν</span> <span class='ocrx_word' id='word_1_97' title='bbox 903 1389 952 1439; x_wconf 76' lang='lat' dir='ltr'><strong>oi</strong></span> <span class='ocrx_word' id='word_1_98' title='bbox 1009 1385 1318 1450; x_wconf 74' lang='grc' dir='ltr'>ἀπόστολοι,</span> <span class='ocrx_word' id='word_1_99' title='bbox 1351 1386 1408 1436; x_wconf 82' lang='grc' dir='ltr'>ὲν</span> <span class='ocrx_word' id='word_1_100' title='bbox 1447 1384 1525 1451; x_wconf 79' lang='grc' dir='ltr'><strong>τῷ</strong></span> <span class='ocrx_word' id='word_1_101' title='bbox 1559 1383 1785 1454; x_wconf 82' lang='grc' dir='ltr'>ὀνόματί</span> 
     </span>
    </p>
   </div>
   <div class='ocr_carea' id='block_1_15' title="bbox 191 1475 1780 1550">
    <p class='ocr_par' dir='ltr' id='par_1_15' title="bbox 191 1475 1780 1550">
     <span class='ocr_line' id='line_1_15' title="bbox 191 1475 1780 1550; baseline -0.005 -14"><span class='ocrx_word' id='word_1_102' title='bbox 191 1501 294 1550; x_wconf 87' lang='grc' dir='ltr'><strong>μου</strong></span> <span class='ocrx_word' id='word_1_103' title='bbox 325 1480 721 1546; x_wconf 76' lang='grc' dir='ltr'>ἐκῦάλλουσινς</span> <span class='ocrx_word' id='word_1_104' title='bbox 756 1482 896 1548; x_wconf 83' lang='grc' dir='ltr'>Ἀρα</span> <span class='ocrx_word' id='word_1_105' title='bbox 946 1479 1103 1530; x_wconf 75' lang='grc' dir='ltr'>αὐτοὶ</span> <span class='ocrx_word' id='word_1_106' title='bbox 1148 1475 1577 1546; x_wconf 84' lang='grc' dir='ltr'>κατακρινοῦσιν</span> <span class='ocrx_word' id='word_1_107' title='bbox 1611 1477 1780 1545; x_wconf 82' lang='grc' dir='ltr'>ὑμᾶς.</span> 
     </span>
    </p>
   </div>
   <div class='ocr_carea' id='block_1_16' title="bbox 187 1568 1785 1645">
    <p class='ocr_par' dir='ltr' id='par_1_16' title="bbox 187 1568 1785 1645">
     <span class='ocr_line' id='line_1_16' title="bbox 187 1568 1785 1645; baseline -0.003 -18"><span class='ocrx_word' id='word_1_108' title='bbox 187 1574 470 1645; x_wconf 77' lang='grc' dir='ltr'><strong>Πρόδηλον</strong></span> <span class='ocrx_word' id='word_1_109' title='bbox 492 1574 601 1643; x_wconf 80' lang='grc' dir='ltr'>γὰρ</span> <span class='ocrx_word' id='word_1_110' title='bbox 632 1574 706 1633; x_wconf 82' lang='grc' dir='ltr'><strong>ὡς</strong></span> <span class='ocrx_word' id='word_1_111' title='bbox 743 1572 838 1623; x_wconf 77' lang='grc' dir='ltr'><strong>ἐὰν</strong></span> <span class='ocrx_word' id='word_1_112' title='bbox 870 1572 1068 1623; x_wconf 82' lang='grc' dir='ltr'>ἐκεῖνοι</span> <span class='ocrx_word' id='word_1_113' title='bbox 1099 1569 1440 1622; x_wconf 77' lang='grc' dir='ltr'>ὲκὸάλλωσιν</span> <span class='ocrx_word' id='word_1_114' title='bbox 1481 1570 1537 1619; x_wconf 76' lang='grc' dir='ltr'>ὲν</span> <span class='ocrx_word' id='word_1_115' title='bbox 1565 1568 1642 1636; x_wconf 85' lang='grc' dir='ltr'>τῷ</span> <span class='ocrx_word' id='word_1_116' title='bbox 1670 1568 1785 1622; x_wconf 74' lang='lat' dir='ltr'><em>6v6~</em></span> 
     </span>
    </p>
   </div>
   <div class='ocr_carea' id='block_1_17' title="bbox 196 1658 1782 1736">
    <p class='ocr_par' dir='ltr' id='par_1_17' title="bbox 196 1658 1782 1736">
     <span class='ocr_line' id='line_1_17' title="bbox 196 1658 1782 1736; baseline -0.006 -16"><span class='ocrx_word' id='word_1_117' title='bbox 196 1666 331 1736; x_wconf 83' lang='grc' dir='ltr'><strong>ματί</strong></span> <span class='ocrx_word' id='word_1_118' title='bbox 360 1683 486 1735; x_wconf 86' lang='grc' dir='ltr'>μου,</span> <span class='ocrx_word' id='word_1_119' title='bbox 520 1665 628 1731; x_wconf 78' lang='grc' dir='ltr'><strong>ἐγὼ</strong></span> <span class='ocrx_word' id='word_1_120' title='bbox 656 1663 756 1730; x_wconf 81' lang='grc' dir='ltr'><strong>τῆς</strong></span> <span class='ocrx_word' id='word_1_121' title='bbox 808 1665 998 1729; x_wconf 80' lang='grc' dir='ltr'>ἑτέρου</span> <span class='ocrx_word' id='word_1_122' title='bbox 1024 1661 1308 1730; x_wconf 77' lang='grc' dir='ltr'>δυνάμεως</span> <span class='ocrx_word' id='word_1_123' title='bbox 1345 1661 1404 1712; x_wconf 81' lang='grc' dir='ltr'><strong>οῦ</strong></span> <span class='ocrx_word' id='word_1_124' title='bbox 1440 1660 1649 1730; x_wconf 75' lang='grc' dir='ltr'>χρῄζω.</span> <span class='ocrx_word' id='word_1_125' title='bbox 1693 1658 1782 1710; x_wconf 83' lang='grc' dir='ltr'>Ἐν</span> 
     </span>
    </p>
   </div>
   <div class='ocr_carea' id='block_1_18' title="bbox 183 1754 1779 1829">
    <p class='ocr_par' dir='ltr' id='par_1_18' title="bbox 183 1754 1779 1829">
     <span class='ocr_line' id='line_1_18' title="bbox 183 1754 1779 1829; baseline -0.006 -16"><span class='ocrx_word' id='word_1_126' title='bbox 183 1758 434 1829; x_wconf 83' lang='grc' dir='ltr'>δακτύλῳ</span> <span class='ocrx_word' id='word_1_127' title='bbox 478 1757 606 1824; x_wconf 88' lang='grc' dir='ltr'>γοῦν</span> <span class='ocrx_word' id='word_1_128' title='bbox 660 1755 820 1818; x_wconf 84' lang='grc' dir='ltr'>Θέοῦ,</span> <span class='ocrx_word' id='word_1_129' title='bbox 864 1757 1145 1808; x_wconf 72' lang='grc' dir='ltr'>τουτέστιν</span> <span class='ocrx_word' id='word_1_130' title='bbox 1177 1755 1234 1804; x_wconf 84' lang='grc' dir='ltr'><strong>ἐν</strong></span> <span class='ocrx_word' id='word_1_131' title='bbox 1277 1754 1560 1822; x_wconf 72' lang='grc' dir='ltr'>Πινεύματι</span> <span class='ocrx_word' id='word_1_132' title='bbox 1612 1755 1779 1822; x_wconf 81' lang='grc' dir='ltr'>ἀγῐῳ,</span> 
     </span>
    </p>
   </div>
   <div class='ocr_carea' id='block_1_19' title="bbox 1894 643 3490 714">
    <p class='ocr_par' dir='ltr' id='par_1_19' title="bbox 1894 643 3490 714">
     <span class='ocr_line' id='line_1_19' title="bbox 1894 643 3490 714; baseline -0.002 -11"><span class='ocrx_word' id='word_1_133' title='bbox 1894 647 2180 712; x_wconf 90' lang='lat' dir='ltr'><strong>dissident,</strong></span> <span class='ocrx_word' id='word_1_134' title='bbox 2236 643 2459 700; x_wconf 87' lang='lat' dir='ltr'><strong>cadunt.</strong></span> <span class='ocrx_word' id='word_1_135' title='bbox 2513 643 2642 700; x_wconf 87' lang='lat' dir='ltr'><strong>Esto</strong></span> <span class='ocrx_word' id='word_1_136' title='bbox 2697 652 2878 697; x_wconf 89' lang='lat' dir='ltr'><strong>autem</strong></span> <span class='ocrx_word' id='word_1_137' title='bbox 2935 643 3079 713; x_wconf 87' lang='lat' dir='ltr'><strong>quod</strong></span> <span class='ocrx_word' id='word_1_138' title='bbox 3124 658 3226 714; x_wconf 89' lang='lat' dir='ltr'><strong>ego</strong></span> <span class='ocrx_word' id='word_1_139' title='bbox 3275 643 3490 712; x_wconf 84' lang='lat' dir='ltr'><strong>ejiciam</strong></span> 
     </span>
    </p>
   </div>
   <div class='ocr_carea' id='block_1_20' title="bbox 1893 735 3490 806">
    <p class='ocr_par' dir='ltr' id='par_1_20' title="bbox 1893 735 3490 806">
     <span class='ocr_line' id='line_1_20' title="bbox 1893 735 3490 806; baseline -0.001 -12"><span class='ocrx_word' id='word_1_140' title='bbox 1893 741 2156 794; x_wconf 74' lang='lat' dir='ltr'><strong>dazmouia</strong></span> <span class='ocrx_word' id='word_1_141' title='bbox 2184 739 2236 792; x_wconf 89' lang='lat' dir='ltr'><strong>in</strong></span> <span class='ocrx_word' id='word_1_142' title='bbox 2268 736 2582 802; x_wconf 80' lang='lat' dir='ltr'><strong>Beelzebul,</strong></span> <span class='ocrx_word' id='word_1_143' title='bbox 2615 735 2707 791; x_wconf 79' lang='lat' dir='ltr'><strong>ﬁlii</strong></span> <span class='ocrx_word' id='word_1_144' title='bbox 2752 735 2944 800; x_wconf 84' lang='lat' dir='ltr'><strong>vestri,</strong></span> <span class='ocrx_word' id='word_1_145' title='bbox 2977 736 3082 790; x_wconf 88' lang='lat' dir='ltr'><strong>hoc</strong></span> <span class='ocrx_word' id='word_1_146' title='bbox 3111 747 3196 790; x_wconf 88' lang='lat' dir='ltr'><strong>est</strong></span> <span class='ocrx_word' id='word_1_147' title='bbox 3233 736 3490 806; x_wconf 83' lang='lat' dir='ltr'><strong>apostoli.</strong></span> 
     </span>
    </p>
   </div>
   <div class='ocr_carea' id='block_1_21' title="bbox 1891 827 3492 900">
    <p class='ocr_par' dir='ltr' id='par_1_21' title="bbox 1891 827 3492 900">
     <span class='ocr_line' id='line_1_21' title="bbox 1891 827 3492 900; baseline -0.002 -14"><span class='ocrx_word' id='word_1_148' title='bbox 1891 832 1944 886; x_wconf 91' lang='lat' dir='ltr'><strong>in</strong></span> <span class='ocrx_word' id='word_1_149' title='bbox 1998 847 2106 900; x_wconf 88' lang='lat' dir='ltr'><strong>quo</strong></span> <span class='ocrx_word' id='word_1_150' title='bbox 2140 829 2403 898; x_wconf 86' lang='lat' dir='ltr'><strong>ejiciunt?</strong></span> <span class='ocrx_word' id='word_1_151' title='bbox 2443 827 2638 882; x_wconf 84' lang='lat' dir='ltr'><strong>Nonne</strong></span> <span class='ocrx_word' id='word_1_152' title='bbox 2663 827 3017 881; x_wconf 81' lang='lat' dir='ltr'><strong>manifestum</strong></span> <span class='ocrx_word' id='word_1_153' title='bbox 3069 828 3214 896; x_wconf 87' lang='lat' dir='ltr'><strong>quod</strong></span> <span class='ocrx_word' id='word_1_154' title='bbox 3258 827 3310 880; x_wconf 92' lang='lat' dir='ltr'><strong>in</strong></span> <span class='ocrx_word' id='word_1_155' title='bbox 3369 843 3492 884; x_wconf 91' lang='lat' dir='ltr'><strong>tneo</strong></span> 
     </span>
    </p>
   </div>
   <div class='ocr_carea' id='block_1_22' title="bbox 1891 918 3485 990">
    <p class='ocr_par' dir='ltr' id='par_1_22' title="bbox 1891 918 3485 990">
     <span class='ocr_line' id='line_1_22' title="bbox 1891 918 3485 990; baseline -0.003 -11"><span class='ocrx_word' id='word_1_156' title='bbox 1891 924 2148 979; x_wconf 71' lang='lat' dir='ltr'><strong>nomine?</strong></span> <span class='ocrx_word' id='word_1_157' title='bbox 2171 921 2456 989; x_wconf 82' lang='lat' dir='ltr'><strong>Quomodo</strong></span> <span class='ocrx_word' id='word_1_158' title='bbox 2480 921 2647 990; x_wconf 91' lang='lat' dir='ltr'><strong>igitur</strong></span> <span class='ocrx_word' id='word_1_159' title='bbox 2677 920 2860 975; x_wconf 76' lang='lat' dir='ltr'><strong>dicitis</strong></span> <span class='ocrx_word' id='word_1_160' title='bbox 2888 921 3034 990; x_wconf 93' lang='lat' dir='ltr'><strong>quod</strong></span> <span class='ocrx_word' id='word_1_161' title='bbox 3057 934 3158 989; x_wconf 80' lang='lat' dir='ltr'><strong>ego</strong></span> <span class='ocrx_word' id='word_1_162' title='bbox 3192 918 3405 986; x_wconf 89' lang='lat' dir='ltr'><strong>ejiciam</strong></span> <span class='ocrx_word' id='word_1_163' title='bbox 3433 922 3485 975; x_wconf 91' lang='lat' dir='ltr'><strong>in</strong></span> 
     </span>
    </p>
   </div>
   <div class='ocr_carea' id='block_1_23' title="bbox 1889 1011 3487 1084">
    <p class='ocr_par' dir='ltr' id='par_1_23' title="bbox 1889 1011 3487 1084">
     <span class='ocr_line' id='line_1_23' title="bbox 1889 1011 3487 1084; baseline -0.004 -14"><span class='ocrx_word' id='word_1_164' title='bbox 1889 1014 2195 1076; x_wconf 84' lang='lat' dir='ltr'><strong>Beelzebul,</strong></span> <span class='ocrx_word' id='word_1_165' title='bbox 2248 1015 2408 1084; x_wconf 89' lang='lat' dir='ltr'><strong>quasi</strong></span> <span class='ocrx_word' id='word_1_166' title='bbox 2452 1027 2588 1082; x_wconf 86' lang='lat' dir='ltr'><strong>Opus</strong></span> <span class='ocrx_word' id='word_1_167' title='bbox 2630 1013 2858 1067; x_wconf 90' lang='lat' dir='ltr'><strong>habeam</strong></span> <span class='ocrx_word' id='word_1_168' title='bbox 2911 1012 3060 1066; x_wconf 91' lang='lat' dir='ltr'><strong>illius</strong></span> <span class='ocrx_word' id='word_1_169' title='bbox 3100 1011 3325 1076; x_wconf 87' lang='lat' dir='ltr'><strong>virtute,</strong></span> <span class='ocrx_word' id='word_1_170' title='bbox 3364 1026 3487 1065; x_wconf 91' lang='lat' dir='ltr'><strong>cum</strong></span> 
     </span>
    </p>
   </div>
   <div class='ocr_carea' id='block_1_24' title="bbox 1890 1091 3486 1173">
    <p class='ocr_par' dir='ltr' id='par_1_24' title="bbox 1890 1091 3486 1173">
     <span class='ocr_line' id='line_1_24' title="bbox 1890 1091 3486 1173; baseline -0.003 -13"><span class='ocrx_word' id='word_1_171' title='bbox 1890 1107 1983 1161; x_wconf 80' lang='lat' dir='ltr'><strong>ﬁlii</strong></span> <span class='ocrx_word' id='word_1_172' title='bbox 2030 1091 2437 1171; x_wconf 44' lang='lat' dir='ltr'><strong>vestrifsancti</strong></span> <span class='ocrx_word' id='word_1_173' title='bbox 2475 1105 2684 1159; x_wconf 77' lang='lat' dir='ltr'><strong>scilicet</strong></span> <span class='ocrx_word' id='word_1_174' title='bbox 2720 1103 2976 1173; x_wconf 88' lang='lat' dir='ltr'><strong>apostoli,</strong></span> <span class='ocrx_word' id='word_1_175' title='bbox 3022 1102 3074 1156; x_wconf 89' lang='lat' dir='ltr'><strong>in</strong></span> <span class='ocrx_word' id='word_1_176' title='bbox 3114 1117 3234 1156; x_wconf 85' lang='lat' dir='ltr'><strong>meo</strong></span> <span class='ocrx_word' id='word_1_177' title='bbox 3264 1102 3486 1158; x_wconf 85' lang='lat' dir='ltr'><strong>nomine</strong></span> 
     </span>
    </p>
   </div>
   <div class='ocr_carea' id='block_1_25' title="bbox 1888 1196 3488 1267">
    <p class='ocr_par' dir='ltr' id='par_1_25' title="bbox 1888 1196 3488 1267">
     <span class='ocr_line' id='line_1_25' title="bbox 1888 1196 3488 1267; baseline -0.002 -13"><span class='ocrx_word' id='word_1_178' title='bbox 1888 1199 2154 1254; x_wconf 71' lang='lat' dir='ltr'><strong>dzemonia</strong></span> <span class='ocrx_word' id='word_1_179' title='bbox 2187 1196 2452 1266; x_wconf 81' lang='lat' dir='ltr'><strong>ejiciant?</strong></span> <span class='ocrx_word' id='word_1_180' title='bbox 2500 1196 2669 1267; x_wconf 80' lang='lat' dir='ltr'><strong>Igitur</strong></span> <span class='ocrx_word' id='word_1_181' title='bbox 2718 1196 2818 1264; x_wconf 88' lang='lat' dir='ltr'><strong>ipsi</strong></span> <span class='ocrx_word' id='word_1_182' title='bbox 2870 1196 3317 1250; x_wconf 86' lang='lat' dir='ltr'><strong>condcmnabunt</strong></span> <span class='ocrx_word' id='word_1_183' title='bbox 3365 1210 3488 1251; x_wconf 84' lang='lat' dir='ltr'><strong>vos.</strong></span> 
     </span>
    </p>
   </div>
   <div class='ocr_carea' id='block_1_26' title="bbox 1889 1285 3492 1359">
    <p class='ocr_par' dir='ltr' id='par_1_26' title="bbox 1889 1285 3492 1359">
     <span class='ocr_line' id='line_1_26' title="bbox 1889 1285 3492 1359; baseline -0.002 -13"><span class='ocrx_word' id='word_1_184' title='bbox 1889 1292 2232 1346; x_wconf 69' lang='lat' dir='ltr'><strong>Manifestum</strong></span> <span class='ocrx_word' id='word_1_185' title='bbox 2255 1291 2400 1344; x_wconf 90' lang='lat' dir='ltr'><strong>enim</strong></span> <span class='ocrx_word' id='word_1_186' title='bbox 2428 1289 2571 1359; x_wconf 90' lang='lat' dir='ltr'><strong>quod</strong></span> <span class='ocrx_word' id='word_1_187' title='bbox 2601 1288 2644 1343; x_wconf 90' lang='lat' dir='ltr'><strong>si</strong></span> <span class='ocrx_word' id='word_1_188' title='bbox 2681 1287 2752 1341; x_wconf 83' lang='lat' dir='ltr'><strong>illi</strong></span> <span class='ocrx_word' id='word_1_189' title='bbox 2785 1288 2836 1340; x_wconf 92' lang='lat' dir='ltr'><strong>in</strong></span> <span class='ocrx_word' id='word_1_190' title='bbox 2870 1302 2995 1341; x_wconf 90' lang='lat' dir='ltr'><strong>meo</strong></span> <span class='ocrx_word' id='word_1_191' title='bbox 3017 1288 3235 1341; x_wconf 79' lang='lat' dir='ltr'><strong>nomine</strong></span> <span class='ocrx_word' id='word_1_192' title='bbox 3263 1285 3492 1355; x_wconf 83' lang='lat' dir='ltr'><strong>ejieinnt</strong></span> 
     </span>
    </p>
   </div>
   <div class='ocr_carea' id='block_1_27' title="bbox 1888 1371 3490 1451">
    <p class='ocr_par' dir='ltr' id='par_1_27' title="bbox 1888 1371 3490 1451">
     <span class='ocr_line' id='line_1_27' title="bbox 1888 1371 3490 1451; baseline -0.003 -12"><span class='ocrx_word' id='word_1_193' title='bbox 1888 1371 2175 1450; x_wconf 72' lang='lat' dir='ltr'><strong>daemonia,</strong></span> <span class='ocrx_word' id='word_1_194' title='bbox 2202 1385 2334 1438; x_wconf 89' lang='lat' dir='ltr'><strong>mihi</strong></span> <span class='ocrx_word' id='word_1_195' title='bbox 2370 1398 2478 1437; x_wconf 91' lang='lat' dir='ltr'><strong>non</strong></span> <span class='ocrx_word' id='word_1_196' title='bbox 2512 1397 2652 1451; x_wconf 91' lang='lat' dir='ltr'><strong>opus</strong></span> <span class='ocrx_word' id='word_1_197' title='bbox 2679 1382 2749 1436; x_wconf 87' lang='lat' dir='ltr'><strong>sit</strong></span> <span class='ocrx_word' id='word_1_198' title='bbox 2776 1381 2979 1434; x_wconf 82' lang='lat' dir='ltr'><strong>virtute</strong></span> <span class='ocrx_word' id='word_1_199' title='bbox 3021 1380 3268 1435; x_wconf 79' lang='lat' dir='ltr'><strong>alterius.</strong></span> <span class='ocrx_word' id='word_1_200' title='bbox 3309 1381 3370 1434; x_wconf 84' lang='lat' dir='ltr'><strong>In</strong></span> <span class='ocrx_word' id='word_1_201' title='bbox 3403 1380 3490 1434; x_wconf 89' lang='lat' dir='ltr'><strong>di-</strong></span> 
     </span>
    </p>
   </div>
   <div class='ocr_carea' id='block_1_28' title="bbox 1887 1471 3490 1548">
    <p class='ocr_par' dir='ltr' id='par_1_28' title="bbox 1887 1471 3490 1548">
     <span class='ocr_line' id='line_1_28' title="bbox 1887 1471 3490 1548; baseline -0.001 -20"><span class='ocrx_word' id='word_1_202' title='bbox 1887 1480 1998 1546; x_wconf 73' lang='lat' dir='ltr'><strong>gito</strong></span> <span class='ocrx_word' id='word_1_203' title='bbox 2028 1493 2156 1548; x_wconf 90' lang='lat' dir='ltr'><strong>ergo</strong></span> <span class='ocrx_word' id='word_1_204' title='bbox 2205 1477 2323 1539; x_wconf 92' lang='lat' dir='ltr'><strong>Dei,</strong></span> <span class='ocrx_word' id='word_1_205' title='bbox 2355 1477 2460 1530; x_wconf 90' lang='lat' dir='ltr'><strong>hoc</strong></span> <span class='ocrx_word' id='word_1_206' title='bbox 2504 1483 2612 1537; x_wconf 86' lang='lat' dir='ltr'><strong>est,</strong></span> <span class='ocrx_word' id='word_1_207' title='bbox 2665 1474 2719 1527; x_wconf 90' lang='lat' dir='ltr'><strong>in</strong></span> <span class='ocrx_word' id='word_1_208' title='bbox 2747 1472 2956 1542; x_wconf 88' lang='lat' dir='ltr'><strong>Spiritu</strong></span> <span class='ocrx_word' id='word_1_209' title='bbox 2993 1483 3186 1527; x_wconf 90' lang='lat' dir='ltr'><strong>sancto</strong></span> <span class='ocrx_word' id='word_1_210' title='bbox 3228 1471 3407 1541; x_wconf 88' lang='lat' dir='ltr'><strong>ejicio,</strong></span> <span class='ocrx_word' id='word_1_211' title='bbox 3435 1481 3490 1526; x_wconf 84' lang='lat' dir='ltr'><strong>et</strong></span> 
     </span>
    </p>
   </div>
   <div class='ocr_carea' id='block_1_29' title="bbox 1885 1563 3487 1640">
    <p class='ocr_par' dir='ltr' id='par_1_29' title="bbox 1885 1563 3487 1640">
     <span class='ocr_line' id='line_1_29' title="bbox 1885 1563 3487 1640; baseline -0.002 -18"><span class='ocrx_word' id='word_1_212' title='bbox 1885 1569 2050 1640; x_wconf 79' lang='lat'><strong>357</strong></span> <span class='ocrx_word' id='word_1_213' title='bbox 2092 1585 2196 1622; x_wconf 92' lang='lat' dir='ltr'><strong>non</strong></span> <span class='ocrx_word' id='word_1_214' title='bbox 2231 1569 2282 1620; x_wconf 91' lang='lat' dir='ltr'><strong>in</strong></span> <span class='ocrx_word' id='word_1_215' title='bbox 2319 1567 2462 1620; x_wconf 88' lang='lat' dir='ltr'><strong>malo</strong></span> <span class='ocrx_word' id='word_1_216' title='bbox 2487 1564 2703 1634; x_wconf 79' lang='lat' dir='ltr'><strong>Spiritu.</strong></span> <span class='ocrx_word' id='word_1_217' title='bbox 2739 1563 2978 1634; x_wconf 79' lang='lat' dir='ltr'><strong>Digitum</strong></span> <span class='ocrx_word' id='word_1_218' title='bbox 3007 1573 3190 1619; x_wconf 83' lang='lat' dir='ltr'><strong>autem</strong></span> <span class='ocrx_word' id='word_1_219' title='bbox 3223 1563 3487 1632; x_wconf 87' lang='lat' dir='ltr'><strong>Spiritum</strong></span> 
     </span>
    </p>
   </div>
   <div class='ocr_carea' id='block_1_30' title="bbox 1887 1655 3494 1729">
    <p class='ocr_par' dir='ltr' id='par_1_30' title="bbox 1887 1655 3494 1729">
     <span class='ocr_line' id='line_1_30' title="bbox 1887 1655 3494 1729; baseline -0.001 -16"><span class='ocrx_word' id='word_1_220' title='bbox 1887 1663 2039 1726; x_wconf 82' lang='lat' dir='ltr'><strong>dicit,</strong></span> <span class='ocrx_word' id='word_1_221' title='bbox 2076 1672 2134 1718; x_wconf 93' lang='lat' dir='ltr'><strong>nt</strong></span> <span class='ocrx_word' id='word_1_222' title='bbox 2156 1662 2301 1715; x_wconf 80' lang='lat' dir='ltr'><strong>scias</strong></span> <span class='ocrx_word' id='word_1_223' title='bbox 2325 1660 2468 1729; x_wconf 89' lang='lat' dir='ltr'><strong>quod</strong></span> <span class='ocrx_word' id='word_1_224' title='bbox 2500 1658 2643 1713; x_wconf 88' lang='lat' dir='ltr'><strong>sicut</strong></span> <span class='ocrx_word' id='word_1_225' title='bbox 2668 1658 2869 1728; x_wconf 79' lang='lat' dir='ltr'><strong>digitus</strong></span> <span class='ocrx_word' id='word_1_226' title='bbox 2891 1657 3139 1725; x_wconf 87' lang='lat' dir='ltr'><strong>ejusdem</strong></span> <span class='ocrx_word' id='word_1_227' title='bbox 3171 1655 3494 1711; x_wconf 66' lang='lat' dir='ltr'><strong>substantia:</strong></span> 
     </span>
    </p>
   </div>
   <div class='ocr_carea' id='block_1_31' title="bbox 1887 1749 3486 1820">
    <p class='ocr_par' dir='ltr' id='par_1_31' title="bbox 1887 1749 3486 1820">
     <span class='ocr_line' id='line_1_31' title="bbox 1887 1749 3486 1820; baseline -0.002 -12"><span class='ocrx_word' id='word_1_228' title='bbox 1887 1767 1969 1808; x_wconf 92' lang='lat' dir='ltr'><strong>est</strong></span> <span class='ocrx_word' id='word_1_229' title='bbox 2000 1771 2120 1807; x_wconf 81' lang='lat' dir='ltr'><strong>cum</strong></span> <span class='ocrx_word' id='word_1_230' title='bbox 2168 1762 2281 1807; x_wconf 83' lang='lat' dir='ltr'><strong>toto</strong></span> <span class='ocrx_word' id='word_1_231' title='bbox 2330 1768 2580 1820; x_wconf 85' lang='lat' dir='ltr'><strong>corpore,</strong></span> <span class='ocrx_word' id='word_1_232' title='bbox 2609 1751 2684 1804; x_wconf 89' lang='lat' dir='ltr'><strong>ita</strong></span> <span class='ocrx_word' id='word_1_233' title='bbox 2717 1761 2772 1805; x_wconf 94' lang='lat' dir='ltr'><strong>et</strong></span> <span class='ocrx_word' id='word_1_234' title='bbox 2805 1750 3046 1820; x_wconf 89' lang='lat' dir='ltr'><strong>Spiritus</strong></span> <span class='ocrx_word' id='word_1_235' title='bbox 3068 1749 3314 1819; x_wconf 84' lang='lat' dir='ltr'><strong>ejusdem</strong></span> <span class='ocrx_word' id='word_1_236' title='bbox 3351 1751 3486 1805; x_wconf 85' lang='lat' dir='ltr'><strong>sub-</strong></span> 
     </span>
    </p>
   </div>
   <div class='ocr_carea' id='block_1_32' title="bbox 186 1840 1782 1916">
    <p class='ocr_par' dir='ltr' id='par_1_32' title="bbox 186 1844 1782 1916">
     <span class='ocr_line' id='line_1_32' title="bbox 186 1844 1782 1916; baseline -0.005 -11"><span class='ocrx_word' id='word_1_237' title='bbox 186 1850 457 1914; x_wconf 67' lang='grc' dir='ltr'>ἐκϐάλλω,</span> <span class='ocrx_word' id='word_1_238' title='bbox 503 1849 599 1901; x_wconf 73' lang='grc' dir='ltr'><strong>καὶ</strong></span> <span class='ocrx_word' id='word_1_239' title='bbox 629 1849 729 1901; x_wconf 84' lang='grc' dir='ltr'><strong>οὐκ</strong></span> <span class='ocrx_word' id='word_1_240' title='bbox 761 1849 818 1898; x_wconf 80' lang='grc' dir='ltr'>ὲν</span> <span class='ocrx_word' id='word_1_241' title='bbox 846 1848 1118 1916; x_wconf 83' lang='grc' dir='ltr'>πνεύματι</span> <span class='ocrx_word' id='word_1_242' title='bbox 1155 1845 1396 1915; x_wconf 77' lang='grc' dir='ltr'>πονηρῷ.</span> <span class='ocrx_word' id='word_1_243' title='bbox 1429 1844 1704 1898; x_wconf 80' lang='grc' dir='ltr'>Δάκτυλον</span> <span class='ocrx_word' id='word_1_244' title='bbox 1728 1845 1782 1897; x_wconf 86' lang='grc' dir='ltr'>δὲ</span> 
     </span>
    </p>
   </div>
   <div class='ocr_carea' id='block_1_33' title="bbox 1889 1840 3488 1916">
    <p class='ocr_par' dir='ltr' id='par_1_33' title="bbox 1889 1840 3488 1898">
     <span class='ocr_line' id='line_1_33' title="bbox 1889 1840 3488 1898; baseline -0.001 0"><span class='ocrx_word' id='word_1_245' title='bbox 1889 1847 2101 1898; x_wconf 69' lang='lat' dir='ltr'><strong>stantia:</strong></span> <span class='ocrx_word' id='word_1_246' title='bbox 2141 1854 2222 1898; x_wconf 85' lang='lat' dir='ltr'><strong>est</strong></span> <span class='ocrx_word' id='word_1_247' title='bbox 2251 1862 2371 1897; x_wconf 80' lang='lat' dir='ltr'><strong>(&#39;ttltt</strong></span> <span class='ocrx_word' id='word_1_248' title='bbox 2408 1843 2570 1897; x_wconf 11' lang='lat' dir='ltr'><strong>Patere</strong></span> <span class='ocrx_word' id='word_1_249' title='bbox 2615 1855 2670 1898; x_wconf 90' lang='lat' dir='ltr'><strong>et</strong></span> <span class='ocrx_word' id='word_1_250' title='bbox 2714 1843 2876 1897; x_wconf 86' lang='lat' dir='ltr'><strong>Filio.</strong></span> <span class='ocrx_word' id='word_1_251' title='bbox 2913 1840 3184 1896; x_wconf 85' lang='lat' dir='ltr'><strong>Fortassis</strong></span> <span class='ocrx_word' id='word_1_252' title='bbox 3217 1850 3398 1896; x_wconf 82' lang='lat' dir='ltr'><strong>autent</strong></span> <span class='ocrx_word' id='word_1_253' title='bbox 3432 1849 3488 1896; x_wconf 89' lang='lat' dir='ltr'><strong>et</strong></span> 
     </span>
    </p>
   </div>
   <div class='ocr_carea' id='block_1_34' title="bbox 185 1937 1783 2009">
    <p class='ocr_par' dir='ltr' id='par_1_34' title="bbox 185 1937 1783 2009">
     <span class='ocr_line' id='line_1_34' title="bbox 185 1937 1783 2009; baseline -0.003 -15"><span class='ocrx_word' id='word_1_254' title='bbox 185 1942 248 1994; x_wconf 79' lang='grc' dir='ltr'>τὸ</span> <span class='ocrx_word' id='word_1_255' title='bbox 293 1939 519 2008; x_wconf 79' lang='grc' dir='ltr'>Πνεῦμα</span> <span class='ocrx_word' id='word_1_256' title='bbox 549 1938 719 2006; x_wconf 84' lang='grc' dir='ltr'>λέγει,</span> <span class='ocrx_word' id='word_1_257' title='bbox 753 1938 841 1992; x_wconf 81' lang='grc' dir='ltr'>ἵνα</span> <span class='ocrx_word' id='word_1_258' title='bbox 888 1937 1066 2009; x_wconf 81' lang='grc' dir='ltr'><strong>μάθῃς</strong></span> <span class='ocrx_word' id='word_1_259' title='bbox 1109 1940 1193 1991; x_wconf 86' lang='grc' dir='ltr'><strong>δτι</strong></span> <span class='ocrx_word' id='word_1_260' title='bbox 1229 1938 1422 2007; x_wconf 80' lang='grc' dir='ltr'>ῶσπερ</span> <span class='ocrx_word' id='word_1_261' title='bbox 1464 1940 1492 1992; x_wconf 93' lang='lat'><strong>6</strong></span> <span class='ocrx_word' id='word_1_262' title='bbox 1521 1937 1783 2001; x_wconf 85' lang='grc' dir='ltr'>δάκτυλος</span> 
     </span>
    </p>
   </div>
   <div class='ocr_carea' id='block_1_35' title="bbox 183 2029 1783 2100">
    <p class='ocr_par' dir='ltr' id='par_1_35' title="bbox 183 2029 1783 2100">
     <span class='ocr_line' id='line_1_35' title="bbox 183 2029 1783 2100; baseline -0.001 -16"><span class='ocrx_word' id='word_1_263' title='bbox 183 2031 473 2100; x_wconf 82' lang='grc' dir='ltr'>ὁμοούσιός</span> <span class='ocrx_word' id='word_1_264' title='bbox 505 2033 621 2083; x_wconf 81' lang='grc' dir='ltr'>ἐστι</span> <span class='ocrx_word' id='word_1_265' title='bbox 647 2031 723 2100; x_wconf 77' lang='grc' dir='ltr'><strong>τῷ</strong></span> <span class='ocrx_word' id='word_1_266' title='bbox 749 2031 856 2100; x_wconf 78' lang='grc' dir='ltr'>ὅλῳ</span> <span class='ocrx_word' id='word_1_267' title='bbox 893 2029 1130 2099; x_wconf 86' lang='grc' dir='ltr'>σώματι,</span> <span class='ocrx_word' id='word_1_268' title='bbox 1158 2030 1304 2082; x_wconf 82' lang='grc' dir='ltr'>οῦτω</span> <span class='ocrx_word' id='word_1_269' title='bbox 1342 2030 1436 2082; x_wconf 69' lang='grc' dir='ltr'><strong>καὶ</strong></span> <span class='ocrx_word' id='word_1_270' title='bbox 1461 2030 1520 2082; x_wconf 70' lang='grc' dir='ltr'>τὸ</span> <span class='ocrx_word' id='word_1_271' title='bbox 1558 2029 1783 2098; x_wconf 84' lang='grc' dir='ltr'>Πνεῦμα</span> 
     </span>
    </p>
   </div>
   <div class='ocr_carea' id='block_1_36' title="bbox 182 2120 1782 2192">
    <p class='ocr_par' dir='ltr' id='par_1_36' title="bbox 182 2120 1782 2192">
     <span class='ocr_line' id='line_1_36' title="bbox 182 2120 1782 2192; baseline -0.002 -17"><span class='ocrx_word' id='word_1_272' title='bbox 182 2121 474 2192; x_wconf 78' lang='grc' dir='ltr'>ὁμωύσιον</span> <span class='ocrx_word' id='word_1_273' title='bbox 515 2120 590 2190; x_wconf 81' lang='grc' dir='ltr'>τῷ</span> <span class='ocrx_word' id='word_1_274' title='bbox 615 2121 793 2191; x_wconf 78' lang='grc' dir='ltr'>Πατρὶ</span> <span class='ocrx_word' id='word_1_275' title='bbox 822 2123 914 2174; x_wconf 64' lang='grc' dir='ltr'>καὶ</span> <span class='ocrx_word' id='word_1_276' title='bbox 938 2121 1016 2189; x_wconf 82' lang='grc' dir='ltr'>τῷ</span> <span class='ocrx_word' id='word_1_277' title='bbox 1061 2121 1193 2191; x_wconf 76' lang='grc' dir='ltr'>Υἰῷ.</span> <span class='ocrx_word' id='word_1_278' title='bbox 1241 2121 1467 2190; x_wconf 77' lang='grc' dir='ltr'>Μήποτε</span> <span class='ocrx_word' id='word_1_279' title='bbox 1507 2122 1562 2173; x_wconf 82' lang='grc' dir='ltr'><strong>δὲ</strong></span> <span class='ocrx_word' id='word_1_280' title='bbox 1595 2121 1782 2190; x_wconf 63' lang='grc' dir='ltr'>ἐπειδὴ</span> 
     </span>
    </p>
   </div>
   <div class='ocr_carea' id='block_1_37' title="bbox 183 2213 1781 2284">
    <p class='ocr_par' dir='ltr' id='par_1_37' title="bbox 183 2213 1781 2284">
     <span class='ocr_line' id='line_1_37' title="bbox 183 2213 1781 2284; baseline 0 -18"><span class='ocrx_word' id='word_1_281' title='bbox 183 2215 310 2284; x_wconf 79' lang='grc' dir='ltr'>χεὶρ</span> <span class='ocrx_word' id='word_1_282' title='bbox 349 2213 490 2266; x_wconf 81' lang='grc' dir='ltr'>Θεοῦ</span> <span class='ocrx_word' id='word_1_283' title='bbox 523 2213 743 2282; x_wconf 85' lang='grc' dir='ltr'>λέγεται</span> <span class='ocrx_word' id='word_1_284' title='bbox 773 2214 802 2266; x_wconf 89' lang='lat'><strong>6</strong></span> <span class='ocrx_word' id='word_1_285' title='bbox 833 2215 972 2277; x_wconf 79' lang='grc' dir='ltr'>ι’ἰὸς,</span> <span class='ocrx_word' id='word_1_286' title='bbox 1003 2213 1455 2266; x_wconf 83' lang='grc' dir='ltr'>ὲπανεπαύσαντο</span> <span class='ocrx_word' id='word_1_287' title='bbox 1480 2214 1535 2267; x_wconf 79' lang='grc' dir='ltr'><strong>δὲ</strong></span> <span class='ocrx_word' id='word_1_288' title='bbox 1566 2215 1652 2266; x_wconf 79' lang='grc' dir='ltr'><strong>ἐπ’</strong></span> <span class='ocrx_word' id='word_1_289' title='bbox 1688 2215 1781 2266; x_wconf 85' lang='grc' dir='ltr'>αὐ-</span> 
     </span>
    </p>
   </div>
   <div class='ocr_carea' id='block_1_38' title="bbox 182 2301 1783 2374">
    <p class='ocr_par' dir='ltr' id='par_1_38' title="bbox 182 2301 1783 2374">
     <span class='ocr_line' id='line_1_38' title="bbox 182 2301 1783 2374; baseline 0.001 -20"><span class='ocrx_word' id='word_1_290' title='bbox 182 2305 279 2356; x_wconf 69' lang='grc' dir='ltr'><strong>τον</strong></span> <span class='ocrx_word' id='word_1_291' title='bbox 319 2304 375 2355; x_wconf 84' lang='grc' dir='ltr'><strong>αἰ</strong></span> <span class='ocrx_word' id='word_1_292' title='bbox 407 2303 501 2354; x_wconf 90' lang='grc' dir='ltr'><strong>τοῦ</strong></span> <span class='ocrx_word' id='word_1_293' title='bbox 533 2301 846 2372; x_wconf 81' lang='grc' dir='ltr'>Πνεύματος</span> <span class='ocrx_word' id='word_1_294' title='bbox 885 2303 1024 2355; x_wconf 70' lang='grc' dir='ltr'>ἑπτά</span> <span class='ocrx_word' id='word_1_295' title='bbox 1072 2304 1346 2372; x_wconf 73' lang='grc' dir='ltr'>ἐνέργειαι</span> <span class='ocrx_word' id='word_1_296' title='bbox 1390 2305 1485 2373; x_wconf 82' lang='grc' dir='ltr'><strong>οὐχ</strong></span> <span class='ocrx_word' id='word_1_297' title='bbox 1523 2303 1597 2365; x_wconf 81' lang='grc' dir='ltr'>ὡς</span> <span class='ocrx_word' id='word_1_298' title='bbox 1632 2306 1783 2374; x_wconf 74' lang='grc' dir='ltr'>ἐνερ-</span> 
     </span>
    </p>
   </div>
   <div class='ocr_carea' id='block_1_39' title="bbox 182 2393 1783 2464">
    <p class='ocr_par' dir='ltr' id='par_1_39' title="bbox 182 2393 1783 2464">
     <span class='ocr_line' id='line_1_39' title="bbox 182 2393 1783 2464; baseline 0 -16"><span class='ocrx_word' id='word_1_299' title='bbox 182 2393 481 2464; x_wconf 82' lang='grc' dir='ltr'>γούμενον,</span> <span class='ocrx_word' id='word_1_300' title='bbox 502 2395 621 2448; x_wconf 80' lang='grc' dir='ltr'>ἀλλ’</span> <span class='ocrx_word' id='word_1_301' title='bbox 642 2394 718 2457; x_wconf 79' lang='grc' dir='ltr'>ὡς</span> <span class='ocrx_word' id='word_1_302' title='bbox 739 2396 1023 2464; x_wconf 81' lang='grc' dir='ltr'>δμοούσιον</span> <span class='ocrx_word' id='word_1_303' title='bbox 1047 2395 1121 2463; x_wconf 85' lang='grc' dir='ltr'>τῷ</span> <span class='ocrx_word' id='word_1_304' title='bbox 1142 2396 1441 2464; x_wconf 78' lang='grc' dir='ltr'>Πνεύματι.</span> <span class='ocrx_word' id='word_1_305' title='bbox 1473 2396 1570 2449; x_wconf 83' lang='grc' dir='ltr'>Ἓν</span> <span class='ocrx_word' id='word_1_306' title='bbox 1595 2396 1649 2448; x_wconf 77' lang='grc' dir='ltr'><strong>δὲ</strong></span> <span class='ocrx_word' id='word_1_307' title='bbox 1673 2398 1783 2449; x_wconf 70' lang='grc' dir='ltr'>τῶν</span> 
     </span>
    </p>
   </div>
   <div class='ocr_carea' id='block_1_40' title="bbox 182 2487 1784 2558">
    <p class='ocr_par' dir='ltr' id='par_1_40' title="bbox 182 2487 1784 2558">
     <span class='ocr_line' id='line_1_40' title="bbox 182 2487 1784 2558; baseline 0.002 -19"><span class='ocrx_word' id='word_1_308' title='bbox 182 2487 282 2540; x_wconf 84' lang='grc' dir='ltr'><strong>τοῦ</strong></span> <span class='ocrx_word' id='word_1_309' title='bbox 323 2487 642 2557; x_wconf 77' lang='grc' dir='ltr'>Πνεῦματος</span> <span class='ocrx_word' id='word_1_310' title='bbox 683 2488 1055 2558; x_wconf 78' lang='grc' dir='ltr'>ἷχαρισμάτων</span> <span class='ocrx_word' id='word_1_311' title='bbox 1099 2491 1194 2541; x_wconf 66' lang='grc' dir='ltr'><strong>κα)⁸</strong></span> <span class='ocrx_word' id='word_1_312' title='bbox 1233 2489 1526 2557; x_wconf 70' lang='grc' dir='ltr'>ἐνεργειῶν</span> <span class='ocrx_word' id='word_1_313' title='bbox 1571 2493 1686 2541; x_wconf 74' lang='grc' dir='ltr'>ἐστι</span> <span class='ocrx_word' id='word_1_314' title='bbox 1724 2492 1784 2542; x_wconf 83' lang='grc' dir='ltr'>τὸ</span> 
     </span>
    </p>
   </div>
   <div class='ocr_carea' id='block_1_41' title="bbox 187 2565 1782 2650">
    <p class='ocr_par' dir='ltr' id='par_1_41' title="bbox 187 2565 1782 2650">
     <span class='ocr_line' id='line_1_41' title="bbox 187 2565 1782 2650; baseline -0.001 -17"><span class='ocrx_word' id='word_1_315' title='bbox 187 2565 412 2633; x_wconf 63' lang='grc' dir='ltr'>ἰᾶσθαὶο</span> <span class='ocrx_word' id='word_1_316' title='bbox 451 2579 540 2632; x_wconf 83' lang='grc' dir='ltr'><strong>διὰ</strong></span> <span class='ocrx_word' id='word_1_317' title='bbox 571 2580 732 2632; x_wconf 87' lang='grc' dir='ltr'>τοῦτο</span> <span class='ocrx_word' id='word_1_318' title='bbox 774 2579 995 2648; x_wconf 79' lang='grc' dir='ltr'>λέγεται</span> <span class='ocrx_word' id='word_1_319' title='bbox 1039 2583 1095 2633; x_wconf 84' lang='grc' dir='ltr'>ἐν</span> <span class='ocrx_word' id='word_1_320' title='bbox 1126 2581 1379 2650; x_wconf 77' lang='grc' dir='ltr'>δακτύλῳ</span> <span class='ocrx_word' id='word_1_321' title='bbox 1417 2581 1553 2632; x_wconf 83' lang='grc' dir='ltr'>Θεοῦ</span> <span class='ocrx_word' id='word_1_322' title='bbox 1583 2581 1782 2634; x_wconf 74' lang='grc' dir='ltr'>ἐκϐάλ-</span> 
     </span>
    </p>
   </div>
   <div class='ocr_carea' id='block_1_42' title="bbox 183 2669 1782 2739">
    <p class='ocr_par' dir='ltr' id='par_1_42' title="bbox 183 2669 1782 2739">
     <span class='ocr_line' id='line_1_42' title="bbox 183 2669 1782 2739; baseline -0.001 -17"><span class='ocrx_word' id='word_1_323' title='bbox 183 2671 302 2725; x_wconf 81' lang='grc' dir='ltr'>λειν</span> <span class='ocrx_word' id='word_1_324' title='bbox 353 2672 422 2725; x_wconf 71' lang='grc' dir='ltr'><strong>τὰ</strong></span> <span class='ocrx_word' id='word_1_325' title='bbox 466 2670 742 2739; x_wconf 85' lang='grc' dir='ltr'>δαιμόνια,</span> <span class='ocrx_word' id='word_1_326' title='bbox 822 2671 1072 2724; x_wconf 79' lang='grc' dir='ltr'>τουτέστι</span> <span class='ocrx_word' id='word_1_327' title='bbox 1133 2669 1208 2738; x_wconf 82' lang='grc' dir='ltr'>τῷ</span> <span class='ocrx_word' id='word_1_328' title='bbox 1261 2670 1624 2739; x_wconf 84' lang='grc' dir='ltr'>πνευματικῷ</span> <span class='ocrx_word' id='word_1_329' title='bbox 1683 2688 1782 2739; x_wconf 87' lang='grc' dir='ltr'>χα-</span> 
     </span>
    </p>
   </div>
   <div class='ocr_carea' id='block_1_43' title="bbox 188 2761 1778 2833">
    <p class='ocr_par' dir='ltr' id='par_1_43' title="bbox 188 2761 1778 2833">
     <span class='ocr_line' id='line_1_43' title="bbox 188 2761 1778 2833; baseline 0.006 -19"><span class='ocrx_word' id='word_1_330' title='bbox 188 2763 445 2832; x_wconf 88' lang='grc' dir='ltr'>ρίσματι.</span> <span class='ocrx_word' id='word_1_331' title='bbox 482 2764 693 2832; x_wconf 86' lang='grc' dir='ltr'>Ὠσπερ</span> <span class='ocrx_word' id='word_1_332' title='bbox 728 2762 836 2832; x_wconf 84' lang='grc' dir='ltr'><strong>γάρ</strong></span> <span class='ocrx_word' id='word_1_333' title='bbox 869 2761 1179 2824; x_wconf 82' lang='grc' dir='ltr'>ὁδάκτυλος</span> <span class='ocrx_word' id='word_1_334' title='bbox 1219 2763 1384 2832; x_wconf 85' lang='grc' dir='ltr'>μέρος</span> <span class='ocrx_word' id='word_1_335' title='bbox 1430 2762 1527 2831; x_wconf 81' lang='grc' dir='ltr'>τῆς</span> <span class='ocrx_word' id='word_1_336' title='bbox 1569 2764 1778 2833; x_wconf 59' lang='grc' dir='ltr'>χειρὸς.</span> 
     </span>
    </p>
   </div>
   <div class='ocr_carea' id='block_1_44' title="bbox 1891 1934 3494 2008">
    <p class='ocr_par' dir='ltr' id='par_1_44' title="bbox 1891 1934 3494 2008">
     <span class='ocr_line' id='line_1_44' title="bbox 1891 1934 3494 2008; baseline -0.003 -15"><span class='ocrx_word' id='word_1_337' title='bbox 1891 1940 2031 2000; x_wconf 90' lang='lat' dir='ltr'><strong>ideo,</strong></span> <span class='ocrx_word' id='word_1_338' title='bbox 2063 1940 2189 2008; x_wconf 86' lang='lat' dir='ltr'><strong>quia</strong></span> <span class='ocrx_word' id='word_1_339' title='bbox 2225 1936 2394 1992; x_wconf 84' lang='lat' dir='ltr'><strong>Filius</strong></span> <span class='ocrx_word' id='word_1_340' title='bbox 2424 1937 2626 1992; x_wconf 83' lang='lat' dir='ltr'><strong>dicitur</strong></span> <span class='ocrx_word' id='word_1_341' title='bbox 2648 1952 2845 1990; x_wconf 89' lang='lat' dir='ltr'><strong>manus</strong></span> <span class='ocrx_word' id='word_1_342' title='bbox 2877 1935 2995 1998; x_wconf 83' lang='lat' dir='ltr'><strong>Dei,</strong></span> <span class='ocrx_word' id='word_1_343' title='bbox 3020 1945 3074 1989; x_wconf 91' lang='lat' dir='ltr'><strong>et</strong></span> <span class='ocrx_word' id='word_1_344' title='bbox 3107 1934 3494 2004; x_wconf 81' lang='lat' dir='ltr'><strong>requieverunt</strong></span> 
     </span>
    </p>
   </div>
   <div class='ocr_carea' id='block_1_45' title="bbox 1889 2028 3491 2100">
    <p class='ocr_par' dir='ltr' id='par_1_45' title="bbox 1889 2028 3491 2100">
     <span class='ocr_line' id='line_1_45' title="bbox 1889 2028 3491 2100; baseline -0.004 -15"><span class='ocrx_word' id='word_1_345' title='bbox 1889 2046 2054 2100; x_wconf 88' lang='lat' dir='ltr'><strong>super</strong></span> <span class='ocrx_word' id='word_1_346' title='bbox 2083 2047 2207 2084; x_wconf 89' lang='lat' dir='ltr'><strong>eum</strong></span> <span class='ocrx_word' id='word_1_347' title='bbox 2247 2042 2453 2098; x_wconf 81' lang='lat' dir='ltr'><strong>septem</strong></span> <span class='ocrx_word' id='word_1_348' title='bbox 2491 2028 2744 2084; x_wconf 71' lang='lat' dir='ltr'><strong>eﬂicacire</strong></span> <span class='ocrx_word' id='word_1_349' title='bbox 2782 2028 3045 2099; x_wconf 88' lang='lat' dir='ltr'><strong>Spiritus,</strong></span> <span class='ocrx_word' id='word_1_350' title='bbox 3076 2043 3183 2082; x_wconf 87' lang='lat' dir='ltr'><strong>non</strong></span> <span class='ocrx_word' id='word_1_351' title='bbox 3217 2028 3360 2097; x_wconf 87' lang='lat' dir='ltr'><strong>quod</strong></span> <span class='ocrx_word' id='word_1_352' title='bbox 3392 2041 3491 2092; x_wconf 86' lang='lat' dir='ltr'><strong>per</strong></span> 
     </span>
    </p>
   </div>
   <div class='ocr_carea' id='block_1_46' title="bbox 1889 2117 3488 2191">
    <p class='ocr_par' dir='ltr' id='par_1_46' title="bbox 1889 2117 3488 2191">
     <span class='ocr_line' id='line_1_46' title="bbox 1889 2117 3488 2191; baseline -0.003 -16"><span class='ocrx_word' id='word_1_353' title='bbox 1889 2121 2153 2189; x_wconf 87' lang='lat' dir='ltr'><strong>Spiritmn</strong></span> <span class='ocrx_word' id='word_1_354' title='bbox 2196 2130 2409 2191; x_wconf 83' lang='lat' dir='ltr'><strong>agatur,</strong></span> <span class='ocrx_word' id='word_1_355' title='bbox 2445 2121 2538 2175; x_wconf 88' lang='lat' dir='ltr'><strong>sed</strong></span> <span class='ocrx_word' id='word_1_356' title='bbox 2571 2120 2697 2189; x_wconf 83' lang='lat' dir='ltr'><strong>quia</strong></span> <span class='ocrx_word' id='word_1_357' title='bbox 2724 2120 3212 2174; x_wconf 85' lang='lat' dir='ltr'><strong>consubstantialis</strong></span> <span class='ocrx_word' id='word_1_358' title='bbox 3248 2128 3332 2172; x_wconf 87' lang='lat' dir='ltr'><strong>est</strong></span> <span class='ocrx_word' id='word_1_359' title='bbox 3363 2117 3488 2186; x_wconf 86' lang='lat' dir='ltr'><strong>Spi-</strong></span> 
     </span>
    </p>
   </div>
   <div class='ocr_carea' id='block_1_47' title="bbox 1891 2210 3490 2279">
    <p class='ocr_par' dir='ltr' id='par_1_47' title="bbox 1891 2210 3490 2279">
     <span class='ocr_line' id='line_1_47' title="bbox 1891 2210 3490 2279; baseline -0.002 -10"><span class='ocrx_word' id='word_1_360' title='bbox 1891 2216 2040 2269; x_wconf 87' lang='lat' dir='ltr'><strong>ritui.</strong></span> <span class='ocrx_word' id='word_1_361' title='bbox 2090 2212 2268 2268; x_wconf 89' lang='lat' dir='ltr'><strong>Unum</strong></span> <span class='ocrx_word' id='word_1_362' title='bbox 2322 2223 2504 2267; x_wconf 88' lang='lat' dir='ltr'><strong>autem</strong></span> <span class='ocrx_word' id='word_1_363' title='bbox 2542 2228 2606 2267; x_wconf 78' lang='lat' dir='ltr'><strong>ex</strong></span> <span class='ocrx_word' id='word_1_364' title='bbox 2660 2213 2820 2266; x_wconf 89' lang='lat' dir='ltr'><strong>donis</strong></span> <span class='ocrx_word' id='word_1_365' title='bbox 2855 2221 2910 2266; x_wconf 91' lang='lat' dir='ltr'><strong>et</strong></span> <span class='ocrx_word' id='word_1_366' title='bbox 2961 2211 3215 2266; x_wconf 80' lang='lat' dir='ltr'><strong>eﬂicaciis</strong></span> <span class='ocrx_word' id='word_1_367' title='bbox 3254 2210 3490 2279; x_wconf 83' lang='lat' dir='ltr'><strong>Spiritus</strong></span> 
     </span>
    </p>
   </div>
   <div class='ocr_carea' id='block_1_48' title="bbox 1888 2303 3488 2376">
    <p class='ocr_par' dir='ltr' id='par_1_48' title="bbox 1888 2303 3488 2376">
     <span class='ocr_line' id='line_1_48' title="bbox 1888 2303 3488 2376; baseline -0.003 -14"><span class='ocrx_word' id='word_1_368' title='bbox 1888 2309 2064 2362; x_wconf 82' lang='lat' dir='ltr'><strong>sancti</strong></span> <span class='ocrx_word' id='word_1_369' title='bbox 2109 2317 2191 2361; x_wconf 90' lang='lat' dir='ltr'><strong>est</strong></span> <span class='ocrx_word' id='word_1_370' title='bbox 2236 2321 2434 2361; x_wconf 84' lang='lat' dir='ltr'><strong>sanare</strong></span> <span class='ocrx_word' id='word_1_371' title='bbox 2472 2324 2485 2358; x_wconf 88' lang='lat'><strong>:</strong></span> <span class='ocrx_word' id='word_1_372' title='bbox 2524 2317 2812 2373; x_wconf 84' lang='lat' dir='ltr'><strong>propterea</strong></span> <span class='ocrx_word' id='word_1_373' title='bbox 2853 2305 3052 2360; x_wconf 88' lang='lat' dir='ltr'><strong>dicitur</strong></span> <span class='ocrx_word' id='word_1_374' title='bbox 3082 2307 3135 2358; x_wconf 94' lang='lat' dir='ltr'><strong>in</strong></span> <span class='ocrx_word' id='word_1_375' title='bbox 3168 2305 3332 2376; x_wconf 88' lang='lat' dir='ltr'><strong>digito</strong></span> <span class='ocrx_word' id='word_1_376' title='bbox 3369 2303 3488 2372; x_wconf 83' lang='lat' dir='ltr'><strong>Dei,</strong></span> 
     </span>
    </p>
   </div>
   <div class='ocr_carea' id='block_1_49' title="bbox 1883 2395 3486 2471">
    <p class='ocr_par' dir='ltr' id='par_1_49' title="bbox 1883 2395 3486 2471">
     <span class='ocr_line' id='line_1_49' title="bbox 1883 2395 3486 2471; baseline -0.004 -15"><span class='ocrx_word' id='word_1_377' title='bbox 1883 2403 1988 2456; x_wconf 86' lang='lat' dir='ltr'><strong>hoc</strong></span> <span class='ocrx_word' id='word_1_378' title='bbox 2012 2411 2116 2466; x_wconf 88' lang='lat' dir='ltr'><strong>est,</strong></span> <span class='ocrx_word' id='word_1_379' title='bbox 2163 2402 2220 2456; x_wconf 89' lang='lat' dir='ltr'><strong>in</strong></span> <span class='ocrx_word' id='word_1_380' title='bbox 2268 2400 2542 2471; x_wconf 87' lang='lat' dir='ltr'><strong>spirituali</strong></span> <span class='ocrx_word' id='word_1_381' title='bbox 2582 2400 2723 2454; x_wconf 92' lang='lat' dir='ltr'><strong>dono</strong></span> <span class='ocrx_word' id='word_1_382' title='bbox 2773 2399 2976 2466; x_wconf 87' lang='lat' dir='ltr'><strong>ejicere</strong></span> <span class='ocrx_word' id='word_1_383' title='bbox 3025 2398 3312 2452; x_wconf 76' lang='lat' dir='ltr'><strong>dannonia.</strong></span> <span class='ocrx_word' id='word_1_384' title='bbox 3351 2395 3486 2451; x_wconf 85' lang='lat' dir='ltr'><strong>Nam</strong></span> 
     </span>
    </p>
   </div>
   <div class='ocr_carea' id='block_1_50' title="bbox 1883 2475 3486 2561">
    <p class='ocr_par' dir='ltr' id='par_1_50' title="bbox 1883 2475 3486 2561">
     <span class='ocr_line' id='line_1_50' title="bbox 1883 2475 3486 2561; baseline -0.004 -15"><span class='ocrx_word' id='word_1_385' title='bbox 1883 2495 2023 2546; x_wconf 82' lang='lat' dir='ltr'><strong>sicut</strong></span> <span class='ocrx_word' id='word_1_386' title='bbox 2049 2475 2399 2561; x_wconf 49' lang='lat' dir='ltr'><strong>digitus&#39;pars</strong></span> <span class='ocrx_word' id='word_1_387' title='bbox 2428 2502 2512 2546; x_wconf 88' lang='lat' dir='ltr'><strong>est</strong></span> <span class='ocrx_word' id='word_1_388' title='bbox 2543 2506 2756 2553; x_wconf 82' lang='lat' dir='ltr'><strong>manus,</strong></span> <span class='ocrx_word' id='word_1_389' title='bbox 2787 2491 2859 2543; x_wconf 90' lang='lat' dir='ltr'><strong>ita</strong></span> <span class='ocrx_word' id='word_1_390' title='bbox 2891 2489 3116 2558; x_wconf 87' lang='lat' dir='ltr'><strong>spiritus</strong></span> <span class='ocrx_word' id='word_1_391' title='bbox 3141 2488 3486 2541; x_wconf 87' lang='lat' dir='ltr'><strong>sanationunt</strong></span> 
     </span>
    </p>
   </div>
   <div class='ocr_carea' id='block_1_51' title="bbox 1880 2583 3487 2654">
    <p class='ocr_par' dir='ltr' id='par_1_51' title="bbox 1880 2583 3487 2654">
     <span class='ocr_line' id='line_1_51' title="bbox 1880 2583 3487 2654; baseline -0.001 -18"><span class='ocrx_word' id='word_1_392' title='bbox 1880 2601 2006 2653; x_wconf 83' lang='lat' dir='ltr'><strong>pars</strong></span> <span class='ocrx_word' id='word_1_393' title='bbox 2028 2586 2125 2638; x_wconf 77' lang='lat' dir='ltr'><strong>fuit</strong></span> <span class='ocrx_word' id='word_1_394' title='bbox 2145 2586 2437 2653; x_wconf 84' lang='lat' dir='ltr'><strong>spirituum</strong></span> <span class='ocrx_word' id='word_1_395' title='bbox 2457 2599 2595 2654; x_wconf 88' lang='lat' dir='ltr'><strong>quos</strong></span> <span class='ocrx_word' id='word_1_396' title='bbox 2620 2583 2805 2638; x_wconf 84' lang='lat' dir='ltr'><strong>habuit</strong></span> <span class='ocrx_word' id='word_1_397' title='bbox 2821 2583 3094 2645; x_wconf 86' lang='lat' dir='ltr'><strong>Christus,</strong></span> <span class='ocrx_word' id='word_1_398' title='bbox 3127 2583 3226 2636; x_wconf 85' lang='lat' dir='ltr'><strong>hoc</strong></span> <span class='ocrx_word' id='word_1_399' title='bbox 3242 2591 3324 2636; x_wconf 85' lang='lat' dir='ltr'><strong>est</strong></span> <span class='ocrx_word' id='word_1_400' title='bbox 3354 2595 3487 2648; x_wconf 77' lang='lat' dir='ltr'><strong>ope-</strong></span> 
     </span>
    </p>
   </div>
   <div class='ocr_carea' id='block_1_52' title="bbox 1881 2673 3488 2745">
    <p class='ocr_par' dir='ltr' id='par_1_52' title="bbox 1881 2673 3488 2745">
     <span class='ocr_line' id='line_1_52' title="bbox 1881 2673 3488 2745; baseline -0.002 -15"><span class='ocrx_word' id='word_1_401' title='bbox 1881 2677 2156 2730; x_wconf 80' lang='lat' dir='ltr'><strong>rationnm</strong></span> <span class='ocrx_word' id='word_1_402' title='bbox 2203 2677 2456 2743; x_wconf 78' lang='lat' dir='ltr'><strong>spiritus.</strong></span> <span class='ocrx_word' id='word_1_403' title='bbox 2485 2676 2781 2745; x_wconf 87' lang='lat' dir='ltr'><strong>Propterea</strong></span> <span class='ocrx_word' id='word_1_404' title='bbox 2827 2676 2871 2729; x_wconf 88' lang='lat' dir='ltr'><strong>si</strong></span> <span class='ocrx_word' id='word_1_405' title='bbox 2917 2675 3100 2741; x_wconf 89' lang='lat' dir='ltr'><strong>ejicio,</strong></span> <span class='ocrx_word' id='word_1_406' title='bbox 3147 2673 3341 2741; x_wconf 83' lang='lat' dir='ltr'><strong>inquit,</strong></span> <span class='ocrx_word' id='word_1_407' title='bbox 3377 2673 3488 2726; x_wconf 76' lang='lat' dir='ltr'><strong>da:-</strong></span> 
     </span>
    </p>
   </div>
   <div class='ocr_carea' id='block_1_53' title="bbox 1887 2763 3486 2835">
    <p class='ocr_par' dir='ltr' id='par_1_53' title="bbox 1887 2763 3486 2835">
     <span class='ocr_line' id='line_1_53' title="bbox 1887 2763 3486 2835; baseline -0.002 -14"><span class='ocrx_word' id='word_1_408' title='bbox 1887 2769 2066 2821; x_wconf 80' lang='lat' dir='ltr'><strong>monia</strong></span> <span class='ocrx_word' id='word_1_409' title='bbox 2107 2769 2345 2820; x_wconf 68' lang='lat' dir='ltr'><strong>emt-acia</strong></span> <span class='ocrx_word' id='word_1_410' title='bbox 2400 2769 2598 2820; x_wconf 77' lang='lat' dir='ltr'><strong>divinae</strong></span> <span class='ocrx_word' id='word_1_411' title='bbox 2635 2769 2880 2829; x_wconf 75' lang='lat' dir='ltr'><strong>virtutis,</strong></span> <span class='ocrx_word' id='word_1_412' title='bbox 2918 2767 3169 2835; x_wconf 73' lang='lat' dir='ltr'><strong>pervenit</strong></span> <span class='ocrx_word' id='word_1_413' title='bbox 3205 2765 3400 2834; x_wconf 85' lang='lat' dir='ltr'><strong>utique</strong></span> <span class='ocrx_word' id='word_1_414' title='bbox 3429 2763 3486 2818; x_wconf 86' lang='lat' dir='ltr'><strong>itt</strong></span> 
     </span>
    </p>
   </div>
   <div class='ocr_carea' id='block_1_54' title="bbox 183 2846 1782 2928">
    <p class='ocr_par' dir='ltr' id='par_1_54' title="bbox 183 2846 1782 2924">
     <span class='ocr_line' id='line_1_54' title="bbox 183 2846 1782 2924; baseline -0.001 -18"><span class='ocrx_word' id='word_1_415' title='bbox 183 2854 332 2906; x_wconf 77' lang='grc' dir='ltr'>οὕτω</span> <span class='ocrx_word' id='word_1_416' title='bbox 379 2854 472 2907; x_wconf 81' lang='grc' dir='ltr'>καὶ</span> <span class='ocrx_word' id='word_1_417' title='bbox 501 2856 559 2907; x_wconf 77' lang='grc' dir='ltr'><strong>τὸ</strong></span> <span class='ocrx_word' id='word_1_418' title='bbox 598 2857 814 2924; x_wconf 85' lang='grc' dir='ltr'>πνεῦμα</span> <span class='ocrx_word' id='word_1_419' title='bbox 853 2855 964 2907; x_wconf 84' lang='grc' dir='ltr'>τῶν</span> <span class='ocrx_word' id='word_1_420' title='bbox 1003 2856 1206 2907; x_wconf 80' lang='grc' dir='ltr'>ίάσεων</span> <span class='ocrx_word' id='word_1_421' title='bbox 1235 2853 1401 2924; x_wconf 80' lang='grc' dir='ltr'>μέρος</span> <span class='ocrx_word' id='word_1_422' title='bbox 1435 2848 1503 2923; x_wconf 80' lang='grc' dir='ltr'>ἦν</span> <span class='ocrx_word' id='word_1_423' title='bbox 1535 2846 1609 2907; x_wconf 81' lang='grc' dir='ltr'>ὧν</span> <span class='ocrx_word' id='word_1_424' title='bbox 1641 2850 1782 2923; x_wconf 78' lang='grc' dir='ltr'>εἶχεν</span> 
     </span>
    </p>
   </div>
   <div class='ocr_carea' id='block_1_55' title="bbox 1889 2846 3489 2928">
    <p class='ocr_par' dir='ltr' id='par_1_55' title="bbox 1890 2854 3489 2928">
     <span class='ocr_line' id='line_1_55' title="bbox 1890 2854 3489 2928; baseline -0.001 -16"><span class='ocrx_word' id='word_1_425' title='bbox 1890 2877 1983 2914; x_wconf 75' lang='lat' dir='ltr'><strong>vos</strong></span> <span class='ocrx_word' id='word_1_426' title='bbox 2023 2877 2246 2928; x_wconf 75' lang='lat' dir='ltr'><strong>regnum</strong></span> <span class='ocrx_word' id='word_1_427' title='bbox 2281 2859 2399 2914; x_wconf 86' lang='lat' dir='ltr'><strong>Dei.</strong></span> <span class='ocrx_word' id='word_1_428' title='bbox 2448 2859 2600 2925; x_wconf 84' lang='lat' dir='ltr'><strong>Quod</strong></span> <span class='ocrx_word' id='word_1_429' title='bbox 2641 2859 2802 2913; x_wconf 88' lang='lat' dir='ltr'><strong>taletn</strong></span> <span class='ocrx_word' id='word_1_430' title='bbox 2853 2860 3017 2912; x_wconf 84' lang='lat' dir='ltr'><strong>habet</strong></span> <span class='ocrx_word' id='word_1_431' title='bbox 3064 2873 3286 2911; x_wconf 88' lang='lat' dir='ltr'><strong>sensum</strong></span> <span class='ocrx_word' id='word_1_432' title='bbox 3321 2875 3334 2910; x_wconf 91' lang='lat'><strong>:</strong></span> <span class='ocrx_word' id='word_1_433' title='bbox 3388 2854 3489 2910; x_wconf 86' lang='lat' dir='ltr'><strong>Dc-</strong></span> 
     </span>
    </p>
   </div>
   <div class='ocr_carea' id='block_1_56' title="bbox 181 2945 1782 3017">
    <p class='ocr_par' dir='ltr' id='par_1_56' title="bbox 181 2946 1782 3016">
     <span class='ocr_line' id='line_1_56' title="bbox 181 2946 1782 3016; baseline 0.001 -18"><span class='ocrx_word' id='word_1_434' title='bbox 181 2948 211 2998; x_wconf 84' lang='lat'><strong>6</strong></span> <span class='ocrx_word' id='word_1_435' title='bbox 250 2946 464 3015; x_wconf 80' lang='grc' dir='ltr'>Ίησοῦς</span> <span class='ocrx_word' id='word_1_436' title='bbox 497 2948 848 3014; x_wconf 78' lang='grc' dir='ltr'>πνευμάτων,</span> <span class='ocrx_word' id='word_1_437' title='bbox 877 2947 995 3016; x_wconf 71' lang='grc' dir='ltr'>ἤτοι</span> <span class='ocrx_word' id='word_1_438' title='bbox 1030 2947 1139 2998; x_wconf 82' lang='grc' dir='ltr'>τῶν</span> <span class='ocrx_word' id='word_1_439' title='bbox 1167 2947 1261 2998; x_wconf 88' lang='grc' dir='ltr'><strong>τοῦ</strong></span> <span class='ocrx_word' id='word_1_440' title='bbox 1289 2946 1603 3016; x_wconf 83' lang='grc' dir='ltr'>πνεύματος</span> <span class='ocrx_word' id='word_1_441' title='bbox 1624 2950 1782 3016; x_wconf 74' lang='grc' dir='ltr'>ἐνερ-</span> 
     </span>
    </p>
   </div>
   <div class='ocr_carea' id='block_1_57' title="bbox 1889 2945 3488 3017">
    <p class='ocr_par' dir='ltr' id='par_1_57' title="bbox 1889 2945 3488 3017">
     <span class='ocr_line' id='line_1_57' title="bbox 1889 2945 3488 3017; baseline -0.003 -14"><span class='ocrx_word' id='word_1_442' title='bbox 1889 2959 2158 3004; x_wconf 88' lang='lat' dir='ltr'><strong>structum</strong></span> <span class='ocrx_word' id='word_1_443' title='bbox 2193 2966 2331 3004; x_wconf 79' lang='lat' dir='ltr'><strong>nunc</strong></span> <span class='ocrx_word' id='word_1_444' title='bbox 2355 2960 2438 3002; x_wconf 88' lang='lat' dir='ltr'><strong>est</strong></span> <span class='ocrx_word' id='word_1_445' title='bbox 2474 2966 2700 3017; x_wconf 77' lang='lat' dir='ltr'><strong>regnum</strong></span> <span class='ocrx_word' id='word_1_446' title='bbox 2748 2948 2973 3012; x_wconf 87' lang='lat' dir='ltr'><strong>diaboli,</strong></span> <span class='ocrx_word' id='word_1_447' title='bbox 3010 2958 3308 3015; x_wconf 76' lang='lat' dir='ltr'><strong>regnatque</strong></span> <span class='ocrx_word' id='word_1_448' title='bbox 3340 2945 3488 2999; x_wconf 86' lang='lat' dir='ltr'><strong>Deus</strong></span> 
     </span>
    </p>
   </div>
   <div class='ocr_carea' id='block_1_58' title="bbox 183 3036 1782 3112">
    <p class='ocr_par' dir='ltr' id='par_1_58' title="bbox 183 3036 1782 3112">
     <span class='ocr_line' id='line_1_58' title="bbox 183 3036 1782 3112; baseline 0.001 -20"><span class='ocrx_word' id='word_1_449' title='bbox 183 3039 378 3107; x_wconf 79' lang='grc' dir='ltr'>γιιῶν.</span> <span class='ocrx_word' id='word_1_450' title='bbox 417 3039 547 3093; x_wconf 79' lang='grc' dir='ltr'><strong>Ἐάν</strong></span> <span class='ocrx_word' id='word_1_451' title='bbox 571 3036 664 3092; x_wconf 85' lang='grc' dir='ltr'><strong>οῦν</strong></span> <span class='ocrx_word' id='word_1_452' title='bbox 715 3038 987 3101; x_wconf 69' lang='grc' dir='ltr'>ὲκόἀλλω,</span> <span class='ocrx_word' id='word_1_453' title='bbox 1037 3040 1189 3110; x_wconf 78' lang='grc' dir='ltr'>φησὶ,</span> <span class='ocrx_word' id='word_1_454' title='bbox 1242 3039 1310 3092; x_wconf 87' lang='grc' dir='ltr'><strong>τά</strong></span> <span class='ocrx_word' id='word_1_455' title='bbox 1358 3039 1616 3109; x_wconf 88' lang='grc' dir='ltr'>δαιμόνια</span> <span class='ocrx_word' id='word_1_456' title='bbox 1666 3040 1782 3112; x_wconf 75' lang='grc' dir='ltr'>θείᾳ</span> 
     </span>
    </p>
   </div>
   <div class='ocr_carea' id='block_1_59' title="bbox 1889 3036 3487 3112">
    <p class='ocr_par' dir='ltr' id='par_1_59' title="bbox 1889 3036 3487 3109">
     <span class='ocr_line' id='line_1_59' title="bbox 1889 3036 3487 3109; baseline -0.001 -15"><span class='ocrx_word' id='word_1_457' title='bbox 1889 3041 1982 3109; x_wconf 90' lang='lat' dir='ltr'><strong>qui</strong></span> <span class='ocrx_word' id='word_1_458' title='bbox 2009 3042 2284 3094; x_wconf 56' lang='lat' dir='ltr'><strong>daemones</strong></span> <span class='ocrx_word' id='word_1_459' title='bbox 2303 3041 2525 3109; x_wconf 77' lang='lat' dir='ltr'><strong>eﬂugat.</strong></span> <span class='ocrx_word' id='word_1_460' title='bbox 2553 3040 2691 3093; x_wconf 78' lang='lat' dir='ltr'><strong>Audi</strong></span> <span class='ocrx_word' id='word_1_461' title='bbox 2717 3039 2860 3093; x_wconf 89' lang='lat' dir='ltr'><strong>enim</strong></span> <span class='ocrx_word' id='word_1_462' title='bbox 2886 3040 3012 3107; x_wconf 90' lang='lat' dir='ltr'><strong>quid</strong></span> <span class='ocrx_word' id='word_1_463' title='bbox 3038 3040 3296 3105; x_wconf 59' lang='lat' dir='ltr'><strong>deinceps</strong></span> <span class='ocrx_word' id='word_1_464' title='bbox 3317 3036 3487 3092; x_wconf 84' lang='lat' dir='ltr'><strong>dicat.</strong></span> 
     </span>
    </p>
   </div>
   <div class='ocr_carea' id='block_1_60' title="bbox 184 3128 3490 3202">
    <p class='ocr_par' dir='ltr' id='par_1_60' title="bbox 184 3128 3490 3202">
     <span class='ocr_line' id='line_1_60' title="bbox 184 3128 3490 3202; baseline -0.002 -19"><span class='ocrx_word' id='word_1_465' title='bbox 184 3132 472 3202; x_wconf 71' lang='grc' dir='ltr'>ινεργείᾳ,</span> <span class='ocrx_word' id='word_1_466' title='bbox 505 3134 742 3198; x_wconf 71' lang='grc' dir='ltr'>ἔφθασεν</span> <span class='ocrx_word' id='word_1_467' title='bbox 768 3131 875 3200; x_wconf 74' lang='grc' dir='ltr'>ἄρα</span> <span class='ocrx_word' id='word_1_468' title='bbox 904 3130 994 3198; x_wconf 75' lang='grc' dir='ltr'><strong>ἐφ’</strong></span> <span class='ocrx_word' id='word_1_469' title='bbox 1020 3132 1162 3197; x_wconf 81' lang='grc' dir='ltr'>ὑμᾶς</span> <span class='ocrx_word' id='word_1_470' title='bbox 1191 3131 1222 3200; x_wconf 83' lang='grc' dir='ltr'>ἡ</span> <span class='ocrx_word' id='word_1_471' title='bbox 1267 3131 1516 3200; x_wconf 84' lang='grc' dir='ltr'>βασιλεία</span> <span class='ocrx_word' id='word_1_472' title='bbox 1544 3131 1638 3184; x_wconf 88' lang='grc' dir='ltr'><strong>τοῦ</strong></span> <span class='ocrx_word' id='word_1_473' title='bbox 1669 3131 1828 3184; x_wconf 86' lang='grc' dir='ltr'>Θεοῦ.</span> <span class='ocrx_word' id='word_1_474' title='bbox 1874 3132 2054 3199; x_wconf 86' lang='grc' dir='ltr'>Ὅπερ</span> <span class='ocrx_word' id='word_1_475' title='bbox 2084 3131 2325 3185; x_wconf 84' lang='grc' dir='ltr'>τοιοῦτον</span> <span class='ocrx_word' id='word_1_476' title='bbox 2382 3132 2495 3201; x_wconf 74' lang='grc' dir='ltr'>ἔχει</span> <span class='ocrx_word' id='word_1_477' title='bbox 2528 3132 2620 3184; x_wconf 80' lang='grc' dir='ltr'><strong>τὸν</strong></span> <span class='ocrx_word' id='word_1_478' title='bbox 2651 3131 2797 3194; x_wconf 76' lang='grc' dir='ltr'>νοιῖν,</span> <span class='ocrx_word' id='word_1_479' title='bbox 2828 3131 2921 3183; x_wconf 82' lang='grc' dir='ltr'>ὅτι</span> <span class='ocrx_word' id='word_1_480' title='bbox 2945 3130 3276 3184; x_wconf 75' lang='grc' dir='ltr'>καταλύεται</span> <span class='ocrx_word' id='word_1_481' title='bbox 3303 3128 3490 3181; x_wconf 76' lang='grc' dir='ltr'>λοιπὸν</span> 
     </span>
    </p>
   </div>
   <div class='ocr_carea' id='block_1_61' title="bbox 182 3220 3491 3294">
    <p class='ocr_par' dir='ltr' id='par_1_61' title="bbox 182 3220 3491 3294">
     <span class='ocr_line' id='line_1_61' title="bbox 182 3220 3491 3294; baseline -0 -20"><span class='ocrx_word' id='word_1_482' title='bbox 182 3225 219 3290; x_wconf 80' lang='grc' dir='ltr'><strong>ἡ</strong></span> <span class='ocrx_word' id='word_1_483' title='bbox 251 3221 505 3290; x_wconf 76' lang='grc' dir='ltr'>βασιλεία</span> <span class='ocrx_word' id='word_1_484' title='bbox 547 3223 640 3274; x_wconf 88' lang='grc' dir='ltr'><strong>τοῦ</strong></span> <span class='ocrx_word' id='word_1_485' title='bbox 688 3221 960 3289; x_wconf 76' lang='grc' dir='ltr'>διαῦόλου,</span> <span class='ocrx_word' id='word_1_486' title='bbox 995 3223 1089 3276; x_wconf 75' lang='grc' dir='ltr'>καὶ</span> <span class='ocrx_word' id='word_1_487' title='bbox 1131 3221 1406 3291; x_wconf 74' lang='grc' dir='ltr'>βασιλεύει</span> <span class='ocrx_word' id='word_1_488' title='bbox 1452 3226 1480 3276; x_wconf 86' lang='lat'><strong>6</strong></span> <span class='ocrx_word' id='word_1_489' title='bbox 1525 3224 1657 3288; x_wconf 70' lang='grc' dir='ltr'>Θεὸς</span> <span class='ocrx_word' id='word_1_490' title='bbox 1708 3226 1736 3278; x_wconf 83' lang='grc' dir='ltr'><strong>ὁ</strong></span> <span class='ocrx_word' id='word_1_491' title='bbox 1777 3225 1904 3287; x_wconf 75' lang='grc' dir='ltr'>τοὺς</span> <span class='ocrx_word' id='word_1_492' title='bbox 1965 3225 2228 3292; x_wconf 84' lang='grc' dir='ltr'>δαίμονας</span> <span class='ocrx_word' id='word_1_493' title='bbox 2293 3225 2595 3277; x_wconf 81' lang='grc' dir='ltr'>ἐκδιώκων.</span> <span class='ocrx_word' id='word_1_494' title='bbox 2625 3226 2827 3276; x_wconf 83' lang='grc' dir='ltr'>’Λκουε</span> <span class='ocrx_word' id='word_1_495' title='bbox 2855 3223 2966 3294; x_wconf 82' lang='grc' dir='ltr'>γὰρ</span> <span class='ocrx_word' id='word_1_496' title='bbox 3019 3223 3071 3275; x_wconf 86' lang='grc' dir='ltr'><strong>τί</strong></span> <span class='ocrx_word' id='word_1_497' title='bbox 3105 3222 3193 3274; x_wconf 64' lang='grc' dir='ltr'><strong>διὰ</strong></span> <span class='ocrx_word' id='word_1_498' title='bbox 3222 3220 3330 3274; x_wconf 81' lang='grc' dir='ltr'><strong>τῶν</strong></span> <span class='ocrx_word' id='word_1_499' title='bbox 3359 3220 3491 3291; x_wconf 74' lang='grc' dir='ltr'>ἑξῆς</span> 
     </span>
    </p>
   </div>
   <div class='ocr_carea' id='block_1_62' title="bbox 181 3319 364 3386">
    <p class='ocr_par' dir='ltr' id='par_1_62' title="bbox 181 3319 364 3386">
     <span class='ocr_line' id='line_1_62' title="bbox 181 3319 364 3386; baseline 0.005 -14"><span class='ocrx_word' id='word_1_500' title='bbox 181 3319 364 3386; x_wconf 81' lang='grc' dir='ltr'>λέγει.</span> 
     </span>
    </p>
   </div>
   <div class='ocr_carea' id='block_1_63' title="bbox 262 3409 1782 3485">
    <p class='ocr_par' dir='ltr' id='par_1_63' title="bbox 262 3412 1774 3485">
     <span class='ocr_line' id='line_1_63' title="bbox 262 3412 1774 3485; baseline 0.003 -21"><span class='ocrx_word' id='word_1_501' title='bbox 262 3431 283 3463; x_wconf 69' lang='grc' dir='ltr'><strong>ο</strong></span> <span class='ocrx_word' id='word_1_502' title='bbox 322 3412 492 3465; x_wconf 80' lang='grc' dir='ltr'>Ὅταν</span> <span class='ocrx_word' id='word_1_503' title='bbox 540 3414 569 3464; x_wconf 98' lang='lat'><strong>6</strong></span> <span class='ocrx_word' id='word_1_504' title='bbox 612 3413 829 3482; x_wconf 73' lang='grc' dir='ltr'>ἰσχυρδς</span> <span class='ocrx_word' id='word_1_505' title='bbox 864 3412 1317 3482; x_wconf 79' lang='grc' dir='ltr'>καθωπλισμένος</span> <span class='ocrx_word' id='word_1_506' title='bbox 1372 3415 1620 3485; x_wconf 75' lang='grc' dir='ltr'>φυλάσσῃ</span> <span class='ocrx_word' id='word_1_507' title='bbox 1675 3415 1774 3485; x_wconf 79' lang='grc' dir='ltr'><strong>τὴν</strong></span> 
     </span>
    </p>
   </div>
   <div class='ocr_carea' id='block_1_64' title="bbox 1889 3409 3486 3485">
    <p class='ocr_par' dir='ltr' id='par_1_64' title="bbox 1955 3409 3486 3466">
     <span class='ocr_line' id='line_1_64' title="bbox 1955 3409 3486 3466; baseline 0 -2"><span class='ocrx_word' id='word_1_508' title='bbox 1955 3411 2116 3466; x_wconf 70' lang='lat' dir='ltr'><strong>Vens.</strong></span> <span class='ocrx_word' id='word_1_509' title='bbox 2143 3412 2326 3466; x_wconf 69' lang='lat'><strong>‘21-&#39;26.</strong></span> <span class='ocrx_word' id='word_1_510' title='bbox 2361 3431 2377 3462; x_wconf 83' lang='grc' dir='ltr'><strong>ι</strong></span> <span class='ocrx_word' id='word_1_511' title='bbox 2409 3410 2542 3464; x_wconf 87' lang='lat' dir='ltr'><strong>Cum</strong></span> <span class='ocrx_word' id='word_1_512' title='bbox 2572 3409 2730 3463; x_wconf 81' lang='lat' dir='ltr'><strong>furtis</strong></span> <span class='ocrx_word' id='word_1_513' title='bbox 2753 3421 3001 3464; x_wconf 84' lang='lat' dir='ltr'><strong>armatus</strong></span> <span class='ocrx_word' id='word_1_514' title='bbox 3027 3411 3263 3464; x_wconf 85' lang='lat' dir='ltr'><strong>custodit</strong></span> <span class='ocrx_word' id='word_1_515' title='bbox 3287 3412 3486 3464; x_wconf 74' lang='lat' dir='ltr'><strong>atrium</strong></span> 
     </span>
    </p>
   </div>
   <div class='ocr_carea' id='block_1_65' title="bbox 180 3502 1779 3577">
    <p class='ocr_par' dir='ltr' id='par_1_65' title="bbox 180 3502 1779 3577">
     <span class='ocr_line' id='line_1_65' title="bbox 180 3502 1779 3577; baseline 0.003 -21"><span class='ocrx_word' id='word_1_516' title='bbox 180 3502 390 3556; x_wconf 65' lang='grc' dir='ltr'>εαυτοῦ</span> <span class='ocrx_word' id='word_1_517' title='bbox 431 3502 621 3572; x_wconf 76' lang='grc' dir='ltr'>αὐλὴν,</span> <span class='ocrx_word' id='word_1_518' title='bbox 665 3504 722 3554; x_wconf 77' lang='grc' dir='ltr'>ὲν</span> <span class='ocrx_word' id='word_1_519' title='bbox 758 3503 950 3574; x_wconf 77' lang='grc' dir='ltr'>εἰρήνῃ</span> <span class='ocrx_word' id='word_1_520' title='bbox 992 3505 1106 3557; x_wconf 69' lang='grc' dir='ltr'>ἐστὶ</span> <span class='ocrx_word' id='word_1_521' title='bbox 1139 3505 1204 3556; x_wconf 78' lang='grc' dir='ltr'><strong>τά</strong></span> <span class='ocrx_word' id='word_1_522' title='bbox 1252 3506 1568 3574; x_wconf 79' lang='grc' dir='ltr'>ὑπάρχοντα</span> <span class='ocrx_word' id='word_1_523' title='bbox 1608 3507 1779 3577; x_wconf 81' lang='grc' dir='ltr'>αὐτῷ.</span> 
     </span>
    </p>
   </div>
   <div class='ocr_carea' id='block_1_66' title="bbox 195 3594 1781 3667">
    <p class='ocr_par' dir='ltr' id='par_1_66' title="bbox 195 3594 1781 3667">
     <span class='ocr_line' id='line_1_66' title="bbox 195 3594 1781 3667; baseline 0.002 -20"><span class='ocrx_word' id='word_1_524' title='bbox 195 3594 378 3647; x_wconf 77' lang='grc' dir='ltr'>Ἐπάν</span> <span class='ocrx_word' id='word_1_525' title='bbox 398 3595 452 3647; x_wconf 82' lang='grc' dir='ltr'>δὲ</span> <span class='ocrx_word' id='word_1_526' title='bbox 479 3597 506 3646; x_wconf 89' lang='lat'><strong>6</strong></span> <span class='ocrx_word' id='word_1_527' title='bbox 541 3596 885 3666; x_wconf 85' lang='grc' dir='ltr'>ἰσχυρότερος</span> <span class='ocrx_word' id='word_1_528' title='bbox 910 3595 1075 3652; x_wconf 79' lang='grc' dir='ltr'>αὑτοῦ</span> <span class='ocrx_word' id='word_1_529' title='bbox 1102 3595 1345 3648; x_wconf 78' lang='grc' dir='ltr'>ἐπελθὼν</span> <span class='ocrx_word' id='word_1_530' title='bbox 1374 3600 1570 3667; x_wconf 74' lang='grc' dir='ltr'>νικήσῃ</span> <span class='ocrx_word' id='word_1_531' title='bbox 1596 3599 1781 3665; x_wconf 76' lang='grc' dir='ltr'>αὑτὸν,</span> 
     </span>
    </p>
   </div>
   <div class='ocr_carea' id='block_1_67' title="bbox 182 3682 1782 3760">
    <p class='ocr_par' dir='ltr' id='par_1_67' title="bbox 182 3682 1782 3760">
     <span class='ocr_line' id='line_1_67' title="bbox 182 3682 1782 3760; baseline 0.004 -24"><span class='ocrx_word' id='word_1_532' title='bbox 182 3685 293 3755; x_wconf 78' lang='grc' dir='ltr'>τὴν</span> <span class='ocrx_word' id='word_1_533' title='bbox 323 3685 626 3738; x_wconf 76' lang='grc' dir='ltr'>πανοπλίαν</span> <span class='ocrx_word' id='word_1_534' title='bbox 665 3685 830 3738; x_wconf 85' lang='grc' dir='ltr'>αὑτοῦ</span> <span class='ocrx_word' id='word_1_535' title='bbox 859 3687 1024 3755; x_wconf 69' lang='grc' dir='ltr'>αἴρει,</span> <span class='ocrx_word' id='word_1_536' title='bbox 1056 3687 1142 3754; x_wconf 76' lang='grc' dir='ltr'><strong>ἐφ’</strong></span> <span class='ocrx_word' id='word_1_537' title='bbox 1245 3689 1547 3752; x_wconf 81' lang='grc' dir='ltr'>ἐπεποίθει,</span> <span class='ocrx_word' id='word_1_538' title='bbox 1582 3691 1678 3742; x_wconf 71' lang='grc' dir='ltr'><strong>καὶ</strong></span> <span class='ocrx_word' id='word_1_539' title='bbox 1712 3690 1782 3743; x_wconf 83' lang='grc' dir='ltr'><strong>τὰ</strong></span> 
     </span>
    </p>
   </div>
   <div class='ocr_carea' id='block_1_68' title="bbox 183 3775 1780 3848">
    <p class='ocr_par' dir='ltr' id='par_1_68' title="bbox 183 3775 1780 3848">
     <span class='ocr_line' id='line_1_68' title="bbox 183 3775 1780 3848; baseline 0.003 -20"><span class='ocrx_word' id='word_1_540' title='bbox 183 3775 371 3828; x_wconf 85' lang='grc' dir='ltr'>σκύλα</span> <span class='ocrx_word' id='word_1_541' title='bbox 413 3775 577 3828; x_wconf 77' lang='grc' dir='ltr'>αὐτοῦ</span> <span class='ocrx_word' id='word_1_542' title='bbox 621 3775 942 3829; x_wconf 80' lang='grc' dir='ltr'>διαδίδωσιν.</span> <span class='ocrx_word' id='word_1_543' title='bbox 984 3775 1043 3829; x_wconf 85' lang='grc' dir='ltr'>Ὀ</span> <span class='ocrx_word' id='word_1_544' title='bbox 1083 3777 1159 3845; x_wconf 84' lang='grc' dir='ltr'>μὴ</span> <span class='ocrx_word' id='word_1_545' title='bbox 1203 3775 1278 3829; x_wconf 84' lang='grc' dir='ltr'>ὢν</span> <span class='ocrx_word' id='word_1_546' title='bbox 1313 3777 1432 3846; x_wconf 87' lang='grc' dir='ltr'>μετ’</span> <span class='ocrx_word' id='word_1_547' title='bbox 1465 3779 1623 3848; x_wconf 75' lang='grc' dir='ltr'>ἐμοῦ,</span> <span class='ocrx_word' id='word_1_548' title='bbox 1660 3780 1780 3833; x_wconf 79' lang='grc' dir='ltr'>κατ’</span> 
     </span>
    </p>
   </div>
   <div class='ocr_carea' id='block_1_69' title="bbox 181 3866 1777 3938">
    <p class='ocr_par' dir='ltr' id='par_1_69' title="bbox 181 3866 1777 3938">
     <span class='ocr_line' id='line_1_69' title="bbox 181 3866 1777 3938; baseline 0.003 -20"><span class='ocrx_word' id='word_1_549' title='bbox 181 3867 330 3936; x_wconf 69' lang='grc' dir='ltr'>ἐμοῦ</span> <span class='ocrx_word' id='word_1_550' title='bbox 375 3868 513 3930; x_wconf 77' lang='grc' dir='ltr'>ἐστι,</span> <span class='ocrx_word' id='word_1_551' title='bbox 545 3867 641 3919; x_wconf 67' lang='grc' dir='ltr'>καὶ</span> <span class='ocrx_word' id='word_1_552' title='bbox 668 3867 696 3918; x_wconf 87' lang='lat'><strong>6</strong></span> <span class='ocrx_word' id='word_1_553' title='bbox 728 3866 801 3937; x_wconf 75' lang='grc' dir='ltr'>μὴ</span> <span class='ocrx_word' id='word_1_554' title='bbox 837 3866 1089 3933; x_wconf 78' lang='grc' dir='ltr'>συνάγων</span> <span class='ocrx_word' id='word_1_555' title='bbox 1119 3868 1236 3936; x_wconf 79' lang='grc' dir='ltr'>μετ’</span> <span class='ocrx_word' id='word_1_556' title='bbox 1271 3869 1426 3936; x_wconf 79' lang='grc' dir='ltr'>ἐμοῦ,</span> <span class='ocrx_word' id='word_1_557' title='bbox 1462 3871 1777 3938; x_wconf 75' lang='grc' dir='ltr'>σκορπίζει.</span> 
     </span>
    </p>
   </div>
   <div class='ocr_carea' id='block_1_70' title="bbox 181 3957 1781 4032">
    <p class='ocr_par' dir='ltr' id='par_1_70' title="bbox 181 3957 1781 4032">
     <span class='ocr_line' id='line_1_70' title="bbox 181 3957 1781 4032; baseline 0.001 -19"><span class='ocrx_word' id='word_1_558' title='bbox 181 3959 367 4013; x_wconf 86' lang='grc' dir='ltr'>Ὅταν</span> <span class='ocrx_word' id='word_1_559' title='bbox 406 3960 469 4011; x_wconf 78' lang='grc' dir='ltr'><strong>τὸ</strong></span> <span class='ocrx_word' id='word_1_560' title='bbox 498 3957 809 4028; x_wconf 81' lang='grc' dir='ltr'>ἀκάθαρτον</span> <span class='ocrx_word' id='word_1_561' title='bbox 841 3957 1061 4027; x_wconf 84' lang='grc' dir='ltr'>πνεῦμα</span> <span class='ocrx_word' id='word_1_562' title='bbox 1092 3958 1283 4032; x_wconf 74' lang='grc' dir='ltr'>ἐξέλθῃ</span> <span class='ocrx_word' id='word_1_563' title='bbox 1313 3962 1422 4013; x_wconf 79' lang='grc' dir='ltr'><strong>ἀπὸ</strong></span> <span class='ocrx_word' id='word_1_564' title='bbox 1449 3961 1542 4013; x_wconf 87' lang='grc' dir='ltr'><strong>τοῦ</strong></span> <span class='ocrx_word' id='word_1_565' title='bbox 1573 3963 1781 4032; x_wconf 77' lang='grc' dir='ltr'>ἀνθρώο</span> 
     </span>
    </p>
   </div>
   <div class='ocr_carea' id='block_1_71' title="bbox 181 4047 1780 4119">
    <p class='ocr_par' dir='ltr' id='par_1_71' title="bbox 181 4047 1780 4119">
     <span class='ocr_line' id='line_1_71' title="bbox 181 4047 1780 4119; baseline 0.001 -17"><span class='ocrx_word' id='word_1_566' title='bbox 181 4067 319 4113; x_wconf 72' lang='grc' dir='ltr'>που,</span> <span class='ocrx_word' id='word_1_567' title='bbox 352 4050 623 4117; x_wconf 78' lang='grc' dir='ltr'>διέρχεται</span> <span class='ocrx_word' id='word_1_568' title='bbox 653 4047 720 4100; x_wconf 83' lang='grc' dir='ltr'>δι’</span> <span class='ocrx_word' id='word_1_569' title='bbox 749 4047 992 4117; x_wconf 80' lang='grc' dir='ltr'>ἀνύδρων</span> <span class='ocrx_word' id='word_1_570' title='bbox 1019 4051 1197 4101; x_wconf 78' lang='grc' dir='ltr'>τόπων</span> <span class='ocrx_word' id='word_1_571' title='bbox 1221 4050 1418 4119; x_wconf 73' lang='grc' dir='ltr'>ζητοῦν</span> <span class='ocrx_word' id='word_1_572' title='bbox 1450 4051 1780 4118; x_wconf 78' lang='grc' dir='ltr'>ἀνάπαυσιν,</span> 
     </span>
    </p>
   </div>
   <div class='ocr_carea' id='block_1_72' title="bbox 177 4141 1782 4214">
    <p class='ocr_par' dir='ltr' id='par_1_72' title="bbox 177 4141 1782 4214">
     <span class='ocr_line' id='line_1_72' title="bbox 177 4141 1782 4214; baseline 0.002 -18"><span class='ocrx_word' id='word_1_573' title='bbox 177 4146 283 4196; x_wconf 64' lang='lat' dir='ltr'><strong>aut</strong></span> <span class='ocrx_word' id='word_1_574' title='bbox 325 4143 405 4212; x_wconf 82' lang='grc' dir='ltr'>μὴ</span> <span class='ocrx_word' id='word_1_575' title='bbox 455 4142 726 4208; x_wconf 82' lang='grc' dir='ltr'>εὑρίσκων</span> <span class='ocrx_word' id='word_1_576' title='bbox 753 4141 932 4210; x_wconf 79' lang='grc' dir='ltr'>λέγει’</span> <span class='ocrx_word' id='word_1_577' title='bbox 992 4144 1362 4214; x_wconf 69' lang='grc' dir='ltr'>’Υποστρέψω</span> <span class='ocrx_word' id='word_1_578' title='bbox 1387 4147 1463 4208; x_wconf 87' lang='grc' dir='ltr'>εἰς</span> <span class='ocrx_word' id='word_1_579' title='bbox 1498 4147 1588 4198; x_wconf 76' lang='grc' dir='ltr'><strong>τὸν</strong></span> <span class='ocrx_word' id='word_1_580' title='bbox 1635 4145 1782 4200; x_wconf 72' lang='grc' dir='ltr'>οἶκόν</span> 
     </span>
    </p>
   </div>
   <div class='ocr_carea' id='block_1_73' title="bbox 180 4231 1782 4306">
    <p class='ocr_par' dir='ltr' id='par_1_73' title="bbox 180 4231 1782 4306">
     <span class='ocr_line' id='line_1_73' title="bbox 180 4231 1782 4306; baseline 0.003 -22"><span class='ocrx_word' id='word_1_581' title='bbox 180 4251 295 4301; x_wconf 84' lang='grc' dir='ltr'><strong>μου</strong></span> <span class='ocrx_word' id='word_1_582' title='bbox 331 4233 458 4285; x_wconf 79' lang='grc' dir='ltr'>ὅθεν</span> <span class='ocrx_word' id='word_1_583' title='bbox 502 4231 744 4299; x_wconf 70' lang='grc' dir='ltr'>ἐξῆλθον.</span> <span class='ocrx_word' id='word_1_584' title='bbox 776 4232 885 4284; x_wconf 73' lang='grc' dir='ltr'>Καὶ</span> <span class='ocrx_word' id='word_1_585' title='bbox 924 4231 1093 4284; x_wconf 79' lang='grc' dir='ltr'>ἐλθὼν</span> <span class='ocrx_word' id='word_1_586' title='bbox 1125 4233 1368 4304; x_wconf 84' lang='grc' dir='ltr'>εὑρίσκει</span> <span class='ocrx_word' id='word_1_587' title='bbox 1401 4237 1782 4306; x_wconf 80' lang='grc' dir='ltr'>σεσαρωμένον</span> 
     </span>
    </p>
   </div>
   <div class='ocr_carea' id='block_1_74' title="bbox 175 4321 1784 4395">
    <p class='ocr_par' dir='ltr' id='par_1_74' title="bbox 175 4321 1784 4395">
     <span class='ocr_line' id='line_1_74' title="bbox 175 4321 1784 4395; baseline 0.002 -19"><span class='ocrx_word' id='word_1_588' title='bbox 175 4324 280 4376; x_wconf 75' lang='grc' dir='ltr'><strong>καὶ</strong></span> <span class='ocrx_word' id='word_1_589' title='bbox 312 4321 761 4391; x_wconf 83' lang='grc' dir='ltr'>κεκοσμημένον,</span> <span class='ocrx_word' id='word_1_590' title='bbox 794 4321 916 4374; x_wconf 85' lang='grc' dir='ltr'>τότε</span> <span class='ocrx_word' id='word_1_591' title='bbox 947 4321 1263 4392; x_wconf 79' lang='grc' dir='ltr'>πορεύεται,</span> <span class='ocrx_word' id='word_1_592' title='bbox 1290 4325 1385 4377; x_wconf 72' lang='grc' dir='ltr'><strong>καὶ</strong></span> <span class='ocrx_word' id='word_1_593' title='bbox 1417 4326 1784 4395; x_wconf 74' lang='grc' dir='ltr'>παραλαμϐάο</span> 
     </span>
    </p>
   </div>
   <div class='ocr_carea' id='block_1_75' title="bbox 177 4413 1782 4486">
    <p class='ocr_par' dir='ltr' id='par_1_75' title="bbox 177 4413 1782 4486">
     <span class='ocr_line' id='line_1_75' title="bbox 177 4413 1782 4486; baseline 0.002 -20"><span class='ocrx_word' id='word_1_594' title='bbox 177 4432 262 4468; x_wconf 79' lang='grc' dir='ltr'><strong>νει</strong></span> <span class='ocrx_word' id='word_1_595' title='bbox 308 4413 460 4468; x_wconf 76' lang='grc' dir='ltr'>ἑπτὰ</span> <span class='ocrx_word' id='word_1_596' title='bbox 508 4414 670 4484; x_wconf 75' lang='grc' dir='ltr'>’ἐτερα</span> <span class='ocrx_word' id='word_1_597' title='bbox 712 4414 998 4484; x_wconf 81' lang='grc' dir='ltr'>πνεύματα</span> <span class='ocrx_word' id='word_1_598' title='bbox 1044 4415 1388 4486; x_wconf 79' lang='grc' dir='ltr'>πονηρότερα</span> <span class='ocrx_word' id='word_1_599' title='bbox 1431 4416 1651 4479; x_wconf 80' lang='grc' dir='ltr'>ἑαυτοῦ,</span> <span class='ocrx_word' id='word_1_600' title='bbox 1690 4417 1782 4469; x_wconf 85' lang='grc' dir='ltr'><strong>καί</strong></span> 
     </span>
    </p>
   </div>
   <div class='ocr_carea' id='block_1_76' title="bbox 173 4509 1780 4579">
    <p class='ocr_par' dir='ltr' id='par_1_76' title="bbox 173 4509 1780 4579">
     <span class='ocr_line' id='line_1_76' title="bbox 173 4509 1780 4579; baseline 0 -17"><span class='ocrx_word' id='word_1_601' title='bbox 173 4509 509 4564; x_wconf 69' lang='grc' dir='ltr'>εἰσελθόντα</span> <span class='ocrx_word' id='word_1_602' title='bbox 549 4511 792 4562; x_wconf 72' lang='grc' dir='ltr'>κατοικεῖ</span> <span class='ocrx_word' id='word_1_603' title='bbox 823 4510 957 4572; x_wconf 73' lang='grc' dir='ltr'>ἐκεῖ,</span> <span class='ocrx_word' id='word_1_604' title='bbox 990 4512 1083 4562; x_wconf 83' lang='grc' dir='ltr'>καὶ</span> <span class='ocrx_word' id='word_1_605' title='bbox 1117 4510 1323 4577; x_wconf 84' lang='grc' dir='ltr'>γίνεται</span> <span class='ocrx_word' id='word_1_606' title='bbox 1365 4509 1432 4563; x_wconf 82' lang='grc' dir='ltr'><strong>τά</strong></span> <span class='ocrx_word' id='word_1_607' title='bbox 1460 4511 1666 4579; x_wconf 81' lang='grc' dir='ltr'>ἔσχατα</span> <span class='ocrx_word' id='word_1_608' title='bbox 1691 4509 1780 4563; x_wconf 89' lang='grc' dir='ltr'><strong>τοῦ</strong></span> 
     </span>
    </p>
   </div>
   <div class='ocr_carea' id='block_1_77' title="bbox 175 4599 1780 4675">
    <p class='ocr_par' dir='ltr' id='par_1_77' title="bbox 175 4599 1780 4675">
     <span class='ocr_line' id='line_1_77' title="bbox 175 4599 1780 4675; baseline 0 -19"><span class='ocrx_word' id='word_1_609' title='bbox 175 4603 491 4675; x_wconf 81' lang='grc' dir='ltr'>ἀνθρώπου</span> <span class='ocrx_word' id='word_1_610' title='bbox 521 4602 734 4655; x_wconf 81' lang='grc' dir='ltr'>ἐκείνου</span> <span class='ocrx_word' id='word_1_611' title='bbox 770 4603 992 4673; x_wconf 78' lang='grc' dir='ltr'>χείρονα</span> <span class='ocrx_word' id='word_1_612' title='bbox 1024 4601 1132 4656; x_wconf 81' lang='grc' dir='ltr'>τῶν</span> <span class='ocrx_word' id='word_1_613' title='bbox 1164 4602 1416 4673; x_wconf 83' lang='grc' dir='ltr'>πρώτων.</span> <span class='ocrx_word' id='word_1_614' title='bbox 1459 4623 1476 4654; x_wconf 85' lang='grc' dir='ltr'><strong>ι</strong></span> <span class='ocrx_word' id='word_1_615' title='bbox 1517 4599 1625 4657; x_wconf 84' lang='grc' dir='ltr'>Ἦν</span> <span class='ocrx_word' id='word_1_616' title='bbox 1659 4605 1780 4673; x_wconf 79' lang='grc' dir='ltr'>μὲν,</span> 
     </span>
    </p>
   </div>
   <div class='ocr_carea' id='block_1_78' title="bbox 172 4697 1778 4769">
    <p class='ocr_par' dir='ltr' id='par_1_78' title="bbox 172 4697 1778 4769">
     <span class='ocr_line' id='line_1_78' title="bbox 172 4697 1778 4769; baseline 0.001 -18"><span class='ocrx_word' id='word_1_617' title='bbox 172 4699 346 4769; x_wconf 61' lang='grc' dir='ltr'>φησι,</span> <span class='ocrx_word' id='word_1_618' title='bbox 390 4698 497 4768; x_wconf 81' lang='grc' dir='ltr'><strong>πρὸ</strong></span> <span class='ocrx_word' id='word_1_619' title='bbox 534 4697 629 4767; x_wconf 85' lang='grc' dir='ltr'>τῆς</span> <span class='ocrx_word' id='word_1_620' title='bbox 659 4697 800 4766; x_wconf 81' lang='grc' dir='ltr'>ὲμῆς</span> <span class='ocrx_word' id='word_1_621' title='bbox 843 4697 1153 4769; x_wconf 83' lang='grc' dir='ltr'>παρουσίας</span> <span class='ocrx_word' id='word_1_622' title='bbox 1201 4699 1423 4769; x_wconf 81' lang='grc' dir='ltr'>ἰσχυρὸς</span> <span class='ocrx_word' id='word_1_623' title='bbox 1452 4701 1480 4752; x_wconf 92' lang='lat'><strong>6</strong></span> <span class='ocrx_word' id='word_1_624' title='bbox 1507 4700 1778 4763; x_wconf 79' lang='grc' dir='ltr'>Σατανᾶς,</span> 
     </span>
    </p>
   </div>
   <div class='ocr_carea' id='block_1_79' title="bbox 1891 3500 3490 3571">
    <p class='ocr_par' dir='ltr' id='par_1_79' title="bbox 1891 3500 3490 3571">
     <span class='ocr_line' id='line_1_79' title="bbox 1891 3500 3490 3571; baseline -0.002 -13"><span class='ocrx_word' id='word_1_625' title='bbox 1891 3521 2072 3565; x_wconf 77' lang='grc' dir='ltr'>ειιιιιιι,</span> <span class='ocrx_word' id='word_1_626' title='bbox 2103 3503 2154 3554; x_wconf 84' lang='grc' dir='ltr'>ἱιι</span> <span class='ocrx_word' id='word_1_627' title='bbox 2185 3516 2316 3571; x_wconf 80' lang='lat' dir='ltr'><strong>pace</strong></span> <span class='ocrx_word' id='word_1_628' title='bbox 2346 3511 2472 3554; x_wconf 77' lang='lat' dir='ltr'><strong>Sunt</strong></span> <span class='ocrx_word' id='word_1_629' title='bbox 2500 3516 2559 3552; x_wconf 88' lang='lat' dir='ltr'><strong>ea</strong></span> <span class='ocrx_word' id='word_1_630' title='bbox 2599 3516 2720 3568; x_wconf 71' lang='lat' dir='ltr'><strong>qua:</strong></span> <span class='ocrx_word' id='word_1_631' title='bbox 2767 3503 3029 3571; x_wconf 73' lang='lat' dir='ltr'><strong>possidet.</strong></span> <span class='ocrx_word' id='word_1_632' title='bbox 3073 3500 3176 3556; x_wconf 85' lang='lat' dir='ltr'><strong>Ubi</strong></span> <span class='ocrx_word' id='word_1_633' title='bbox 3213 3518 3340 3557; x_wconf 76' lang='lat' dir='ltr'><strong>vero</strong></span> <span class='ocrx_word' id='word_1_634' title='bbox 3371 3501 3490 3556; x_wconf 76' lang='lat' dir='ltr'><strong>for-</strong></span> 
     </span>
    </p>
   </div>
   <div class='ocr_carea' id='block_1_80' title="bbox 1893 3594 3486 3663">
    <p class='ocr_par' dir='ltr' id='par_1_80' title="bbox 1893 3594 3486 3663">
     <span class='ocr_line' id='line_1_80' title="bbox 1893 3594 3486 3663; baseline -0.001 -15"><span class='ocrx_word' id='word_1_635' title='bbox 1893 3597 1997 3648; x_wconf 90' lang='lat' dir='ltr'><strong>tior</strong></span> <span class='ocrx_word' id='word_1_636' title='bbox 2044 3610 2110 3648; x_wconf 93' lang='lat' dir='ltr'><strong>eo</strong></span> <span class='ocrx_word' id='word_1_637' title='bbox 2145 3595 2542 3663; x_wconf 75' lang='lat' dir='ltr'><strong>superveniens</strong></span> <span class='ocrx_word' id='word_1_638' title='bbox 2581 3594 2773 3647; x_wconf 85' lang='lat' dir='ltr'><strong>vicerit</strong></span> <span class='ocrx_word' id='word_1_639' title='bbox 2825 3609 2972 3657; x_wconf 87' lang='lat' dir='ltr'><strong>eum,</strong></span> <span class='ocrx_word' id='word_1_640' title='bbox 3025 3595 3280 3648; x_wconf 80' lang='lat' dir='ltr'><strong>universa</strong></span> <span class='ocrx_word' id='word_1_641' title='bbox 3335 3611 3486 3649; x_wconf 89' lang='lat' dir='ltr'><strong>arma</strong></span> 
     </span>
    </p>
   </div>
   <div class='ocr_carea' id='block_1_81' title="bbox 1890 3685 3490 3756">
    <p class='ocr_par' dir='ltr' id='par_1_81' title="bbox 1890 3685 3490 3756">
     <span class='ocr_line' id='line_1_81' title="bbox 1890 3685 3490 3756; baseline -0.002 -14"><span class='ocrx_word' id='word_1_642' title='bbox 1890 3687 2013 3756; x_wconf 90' lang='lat' dir='ltr'><strong>ejus</strong></span> <span class='ocrx_word' id='word_1_643' title='bbox 2053 3685 2251 3751; x_wconf 79' lang='lat' dir='ltr'><strong>aufert,</strong></span> <span class='ocrx_word' id='word_1_644' title='bbox 2292 3687 2343 3739; x_wconf 92' lang='lat' dir='ltr'><strong>in</strong></span> <span class='ocrx_word' id='word_1_645' title='bbox 2375 3686 2574 3754; x_wconf 85' lang='lat' dir='ltr'><strong>quibus</strong></span> <span class='ocrx_word' id='word_1_646' title='bbox 2601 3685 2933 3749; x_wconf 76' lang='lat' dir='ltr'><strong>conlidebat,</strong></span> <span class='ocrx_word' id='word_1_647' title='bbox 2964 3696 3019 3740; x_wconf 86' lang='lat' dir='ltr'><strong>et</strong></span> <span class='ocrx_word' id='word_1_648' title='bbox 3056 3686 3226 3754; x_wconf 88' lang='lat' dir='ltr'><strong>spolia</strong></span> <span class='ocrx_word' id='word_1_649' title='bbox 3256 3687 3376 3754; x_wconf 86' lang='lat' dir='ltr'><strong>ejus</strong></span> <span class='ocrx_word' id='word_1_650' title='bbox 3408 3688 3490 3742; x_wconf 89' lang='lat' dir='ltr'><strong>di-</strong></span> 
     </span>
    </p>
   </div>
   <div class='ocr_carea' id='block_1_82' title="bbox 1889 3777 3486 3848">
    <p class='ocr_par' dir='ltr' id='par_1_82' title="bbox 1889 3777 3486 3848">
     <span class='ocr_line' id='line_1_82' title="bbox 1889 3777 3486 3848; baseline -0.001 -14"><span class='ocrx_word' id='word_1_651' title='bbox 1889 3779 2130 3834; x_wconf 77' lang='lat' dir='ltr'><strong>stribuit.</strong></span> <span class='ocrx_word' id='word_1_652' title='bbox 2159 3777 2260 3844; x_wconf 85' lang='lat' dir='ltr'><strong>Qui</strong></span> <span class='ocrx_word' id='word_1_653' title='bbox 2289 3793 2395 3832; x_wconf 92' lang='lat' dir='ltr'><strong>non</strong></span> <span class='ocrx_word' id='word_1_654' title='bbox 2430 3786 2512 3831; x_wconf 90' lang='lat' dir='ltr'><strong>est</strong></span> <span class='ocrx_word' id='word_1_655' title='bbox 2540 3792 2776 3841; x_wconf 89' lang='lat' dir='ltr'><strong>mecum,</strong></span> <span class='ocrx_word' id='word_1_656' title='bbox 2808 3786 3000 3830; x_wconf 91' lang='lat' dir='ltr'><strong>contra</strong></span> <span class='ocrx_word' id='word_1_657' title='bbox 3034 3792 3118 3831; x_wconf 89' lang='lat' dir='ltr'><strong>me</strong></span> <span class='ocrx_word' id='word_1_658' title='bbox 3143 3787 3222 3833; x_wconf 91' lang='lat' dir='ltr'><strong>est</strong></span> <span class='ocrx_word' id='word_1_659' title='bbox 3254 3796 3267 3832; x_wconf 79' lang='lat' dir='ltr'><em>z</em></span> <span class='ocrx_word' id='word_1_660' title='bbox 3299 3787 3354 3832; x_wconf 90' lang='lat' dir='ltr'><strong>et</strong></span> <span class='ocrx_word' id='word_1_661' title='bbox 3393 3780 3486 3848; x_wconf 88' lang='lat' dir='ltr'><strong>qui</strong></span> 
     </span>
    </p>
   </div>
   <div class='ocr_carea' id='block_1_83' title="bbox 1891 3865 3488 3939">
    <p class='ocr_par' dir='ltr' id='par_1_83' title="bbox 1891 3865 3488 3939">
     <span class='ocr_line' id='line_1_83' title="bbox 1891 3865 3488 3939; baseline 0.001 -16"><span class='ocrx_word' id='word_1_662' title='bbox 1891 3880 2001 3925; x_wconf 76' lang='lat' dir='ltr'><strong>nan</strong></span> <span class='ocrx_word' id='word_1_663' title='bbox 2039 3869 2242 3938; x_wconf 85' lang='lat' dir='ltr'><strong>colligit</strong></span> <span class='ocrx_word' id='word_1_664' title='bbox 2278 3883 2512 3932; x_wconf 89' lang='lat' dir='ltr'><strong>mecum,</strong></span> <span class='ocrx_word' id='word_1_665' title='bbox 2544 3868 2825 3936; x_wconf 82' lang='lat' dir='ltr'><strong>dispergit.</strong></span> <span class='ocrx_word' id='word_1_666' title='bbox 2855 3865 2989 3920; x_wconf 81' lang='lat' dir='ltr'><strong>Cum</strong></span> <span class='ocrx_word' id='word_1_667' title='bbox 3019 3869 3336 3924; x_wconf 88' lang='lat' dir='ltr'><strong>immundus</strong></span> <span class='ocrx_word' id='word_1_668' title='bbox 3371 3873 3488 3939; x_wconf 86' lang='lat' dir='ltr'><strong>spi-</strong></span> 
     </span>
    </p>
   </div>
   <div class='ocr_carea' id='block_1_84' title="bbox 1893 3959 3483 4027">
    <p class='ocr_par' dir='ltr' id='par_1_84' title="bbox 1893 3959 3483 4027">
     <span class='ocr_line' id='line_1_84' title="bbox 1893 3959 3483 4027; baseline -0.001 -12"><span class='ocrx_word' id='word_1_669' title='bbox 1893 3965 2032 4016; x_wconf 86' lang='lat' dir='ltr'><strong>ritus</strong></span> <span class='ocrx_word' id='word_1_670' title='bbox 2071 3962 2268 4015; x_wconf 78' lang='lat' dir='ltr'><strong>exierit</strong></span> <span class='ocrx_word' id='word_1_671' title='bbox 2299 3960 2369 4012; x_wconf 88' lang='lat' dir='ltr'><strong>ab</strong></span> <span class='ocrx_word' id='word_1_672' title='bbox 2399 3961 2643 4022; x_wconf 87' lang='lat' dir='ltr'><strong>homine.</strong></span> <span class='ocrx_word' id='word_1_673' title='bbox 2687 3959 2932 4012; x_wconf 86' lang='lat' dir='ltr'><strong>ambulat</strong></span> <span class='ocrx_word' id='word_1_674' title='bbox 2961 3975 3055 4027; x_wconf 87' lang='lat' dir='ltr'><strong>per</strong></span> <span class='ocrx_word' id='word_1_675' title='bbox 3086 3959 3202 4012; x_wconf 74' lang='lat' dir='ltr'><strong>lora</strong></span> <span class='ocrx_word' id='word_1_676' title='bbox 3250 3961 3483 4025; x_wconf 86' lang='lat' dir='ltr'><strong>arentia,</strong></span> 
     </span>
    </p>
   </div>
   <div class='ocr_carea' id='block_1_85' title="bbox 1891 4053 3484 4125">
    <p class='ocr_par' dir='ltr' id='par_1_85' title="bbox 1891 4053 3484 4125">
     <span class='ocr_line' id='line_1_85' title="bbox 1891 4053 3484 4125; baseline 0 -17"><span class='ocrx_word' id='word_1_677' title='bbox 1891 4069 2143 4125; x_wconf 68' lang='lat' dir='ltr'><strong>qumrcns</strong></span> <span class='ocrx_word' id='word_1_678' title='bbox 2177 4054 2440 4122; x_wconf 87' lang='lat' dir='ltr'><strong>requiem,</strong></span> <span class='ocrx_word' id='word_1_679' title='bbox 2494 4063 2546 4106; x_wconf 90' lang='lat' dir='ltr'><strong>et</strong></span> <span class='ocrx_word' id='word_1_680' title='bbox 2574 4068 2679 4106; x_wconf 92' lang='lat' dir='ltr'><strong>non</strong></span> <span class='ocrx_word' id='word_1_681' title='bbox 2713 4053 3018 4118; x_wconf 87' lang='lat' dir='ltr'><strong>inveniens,</strong></span> <span class='ocrx_word' id='word_1_682' title='bbox 3053 4054 3185 4107; x_wconf 71' lang='lat' dir='ltr'><strong>dicit</strong></span> <span class='ocrx_word' id='word_1_683' title='bbox 3229 4071 3242 4106; x_wconf 92' lang='lat'>:</span> <span class='ocrx_word' id='word_1_684' title='bbox 3284 4054 3484 4108; x_wconf 56' lang='lat' dir='ltr'><strong>never—</strong></span> 
     </span>
    </p>
   </div>
   <div class='ocr_carea' id='block_1_86' title="bbox 1895 4145 3488 4220">
    <p class='ocr_par' dir='ltr' id='par_1_86' title="bbox 1895 4145 3488 4220">
     <span class='ocr_line' id='line_1_86' title="bbox 1895 4145 3488 4220; baseline 0.001 -22"><span class='ocrx_word' id='word_1_685' title='bbox 1895 4159 1978 4200; x_wconf 87' lang='lat' dir='ltr'><strong>tar</strong></span> <span class='ocrx_word' id='word_1_686' title='bbox 2033 4147 2086 4200; x_wconf 92' lang='lat' dir='ltr'><strong>in</strong></span> <span class='ocrx_word' id='word_1_687' title='bbox 2135 4146 2356 4200; x_wconf 89' lang='lat' dir='ltr'><strong>domum</strong></span> <span class='ocrx_word' id='word_1_688' title='bbox 2404 4160 2580 4199; x_wconf 87' lang='lat' dir='ltr'><strong>meam</strong></span> <span class='ocrx_word' id='word_1_689' title='bbox 2615 4146 2756 4199; x_wconf 89' lang='lat' dir='ltr'><strong>unde</strong></span> <span class='ocrx_word' id='word_1_690' title='bbox 2783 4145 2957 4220; x_wconf 50' lang='lat' dir='ltr'><strong>.exivi.</strong></span> <span class='ocrx_word' id='word_1_691' title='bbox 2993 4145 3205 4200; x_wconf 87' lang='lat' dir='ltr'><strong>Etcum</strong></span> <span class='ocrx_word' id='word_1_692' title='bbox 3259 4148 3488 4211; x_wconf 71' lang='lat' dir='ltr'><strong>venerit,</strong></span> 
     </span>
    </p>
   </div>
   <div class='ocr_carea' id='block_1_87' title="bbox 1894 4238 3488 4308">
    <p class='ocr_par' dir='ltr' id='par_1_87' title="bbox 1894 4238 3488 4308">
     <span class='ocr_line' id='line_1_87' title="bbox 1894 4238 3488 4308; baseline 0 -15"><span class='ocrx_word' id='word_1_693' title='bbox 1894 4239 2099 4293; x_wconf 80' lang='lat' dir='ltr'><strong>invenit</strong></span> <span class='ocrx_word' id='word_1_694' title='bbox 2136 4253 2256 4294; x_wconf 88' lang='lat' dir='ltr'><strong>eam</strong></span> <span class='ocrx_word' id='word_1_695' title='bbox 2282 4238 2460 4307; x_wconf 81' lang='lat' dir='ltr'><strong>scapis</strong></span> <span class='ocrx_word' id='word_1_696' title='bbox 2490 4240 2802 4292; x_wconf 88' lang='lat' dir='ltr'><strong>mundatam</strong></span> <span class='ocrx_word' id='word_1_697' title='bbox 2826 4245 2991 4308; x_wconf 88' lang='lat' dir='ltr'><strong>atque</strong></span> <span class='ocrx_word' id='word_1_698' title='bbox 3021 4250 3308 4293; x_wconf 81' lang='lat' dir='ltr'><strong>ornatam:</strong></span> <span class='ocrx_word' id='word_1_699' title='bbox 3358 4249 3488 4293; x_wconf 89' lang='lat' dir='ltr'><strong>tunc</strong></span> 
     </span>
    </p>
   </div>
   <div class='ocr_carea' id='block_1_88' title="bbox 1893 4331 3489 4401">
    <p class='ocr_par' dir='ltr' id='par_1_88' title="bbox 1893 4331 3489 4401">
     <span class='ocr_line' id='line_1_88' title="bbox 1893 4331 3489 4401; baseline 0.002 -18"><span class='ocrx_word' id='word_1_700' title='bbox 1893 4331 2064 4398; x_wconf 83' lang='lat' dir='ltr'><strong>vadit,</strong></span> <span class='ocrx_word' id='word_1_701' title='bbox 2111 4341 2166 4384; x_wconf 90' lang='lat' dir='ltr'><strong>et</strong></span> <span class='ocrx_word' id='word_1_702' title='bbox 2202 4331 2437 4384; x_wconf 87' lang='lat' dir='ltr'><strong>assumit</strong></span> <span class='ocrx_word' id='word_1_703' title='bbox 2490 4340 2699 4401; x_wconf 85' lang='lat' dir='ltr'><strong>septem</strong></span> <span class='ocrx_word' id='word_1_704' title='bbox 2735 4331 2873 4387; x_wconf 89' lang='lat' dir='ltr'><strong>alios</strong></span> <span class='ocrx_word' id='word_1_705' title='bbox 2921 4333 3146 4399; x_wconf 76' lang='lat' dir='ltr'><strong>spiritus</strong></span> <span class='ocrx_word' id='word_1_706' title='bbox 3196 4332 3489 4394; x_wconf 80' lang='lat' dir='ltr'><strong>nequiores</strong></span> 
     </span>
    </p>
   </div>
   <div class='ocr_carea' id='block_1_89' title="bbox 1893 4422 3488 4493">
    <p class='ocr_par' dir='ltr' id='par_1_89' title="bbox 1893 4422 3488 4493">
     <span class='ocr_line' id='line_1_89' title="bbox 1893 4422 3488 4493; baseline 0 -17"><span class='ocrx_word' id='word_1_707' title='bbox 1893 4422 2033 4493; x_wconf 89' lang='lat' dir='ltr'><strong>ipso,</strong></span> <span class='ocrx_word' id='word_1_708' title='bbox 2064 4434 2119 4476; x_wconf 89' lang='lat' dir='ltr'><strong>et</strong></span> <span class='ocrx_word' id='word_1_709' title='bbox 2149 4423 2379 4490; x_wconf 76' lang='lat' dir='ltr'><strong>ingressi</strong></span> <span class='ocrx_word' id='word_1_710' title='bbox 2415 4422 2663 4476; x_wconf 88' lang='lat' dir='ltr'><strong>habitant</strong></span> <span class='ocrx_word' id='word_1_711' title='bbox 2704 4424 2797 4488; x_wconf 86' lang='lat' dir='ltr'><strong>ibi,</strong></span> <span class='ocrx_word' id='word_1_712' title='bbox 2843 4432 2894 4476; x_wconf 94' lang='lat' dir='ltr'><strong>et</strong></span> <span class='ocrx_word' id='word_1_713' title='bbox 2941 4424 3076 4476; x_wconf 85' lang='lat' dir='ltr'><strong>liunt</strong></span> <span class='ocrx_word' id='word_1_714' title='bbox 3105 4434 3350 4478; x_wconf 77' lang='lat' dir='ltr'><strong>extrema</strong></span> <span class='ocrx_word' id='word_1_715' title='bbox 3388 4424 3488 4476; x_wconf 84' lang='lat' dir='ltr'><strong>ho-</strong></span> 
     </span>
    </p>
   </div>
   <div class='ocr_carea' id='block_1_90' title="bbox 1895 4511 3482 4585">
    <p class='ocr_par' dir='ltr' id='par_1_90' title="bbox 1895 4511 3482 4585">
     <span class='ocr_line' id='line_1_90' title="bbox 1895 4511 3482 4585; baseline 0 -19"><span class='ocrx_word' id='word_1_716' title='bbox 1895 4515 2054 4566; x_wconf 83' lang='lat' dir='ltr'><strong>minis</strong></span> <span class='ocrx_word' id='word_1_717' title='bbox 2102 4511 2245 4567; x_wconf 86' lang='lat' dir='ltr'><strong>illius</strong></span> <span class='ocrx_word' id='word_1_718' title='bbox 2301 4512 2487 4582; x_wconf 85' lang='lat' dir='ltr'><strong>pejora</strong></span> <span class='ocrx_word' id='word_1_719' title='bbox 2527 4513 2736 4580; x_wconf 87' lang='lat' dir='ltr'><strong>primis.</strong></span> <span class='ocrx_word' id='word_1_720' title='bbox 2772 4533 2796 4565; x_wconf 70' lang='grc' dir='ltr'><strong>ι</strong></span> <span class='ocrx_word' id='word_1_721' title='bbox 2833 4512 2957 4568; x_wconf 81' lang='lat' dir='ltr'><strong>Fuit</strong></span> <span class='ocrx_word' id='word_1_722' title='bbox 2995 4515 3236 4585; x_wconf 87' lang='lat' dir='ltr'><strong>quidem,</strong></span> <span class='ocrx_word' id='word_1_723' title='bbox 3286 4513 3482 4580; x_wconf 90' lang='lat' dir='ltr'><strong>inquit,</strong></span> 
     </span>
    </p>
   </div>
   <div class='ocr_carea' id='block_1_91' title="bbox 1891 4605 3486 4668">
    <p class='ocr_par' dir='ltr' id='par_1_91' title="bbox 1891 4605 3486 4668">
     <span class='ocr_line' id='line_1_91' title="bbox 1891 4605 3486 4668; baseline 0 -10"><span class='ocrx_word' id='word_1_724' title='bbox 1891 4618 2015 4660; x_wconf 83' lang='lat' dir='ltr'><strong>ante</strong></span> <span class='ocrx_word' id='word_1_725' title='bbox 2039 4607 2331 4659; x_wconf 82' lang='lat' dir='ltr'><strong>adventum</strong></span> <span class='ocrx_word' id='word_1_726' title='bbox 2369 4623 2545 4659; x_wconf 88' lang='lat' dir='ltr'><strong>meum</strong></span> <span class='ocrx_word' id='word_1_727' title='bbox 2582 4605 2737 4660; x_wconf 78' lang='lat' dir='ltr'><strong>fortis</strong></span> <span class='ocrx_word' id='word_1_728' title='bbox 2768 4607 3022 4668; x_wconf 86' lang='lat' dir='ltr'><strong>Satanas,</strong></span> <span class='ocrx_word' id='word_1_729' title='bbox 3055 4620 3110 4661; x_wconf 90' lang='lat' dir='ltr'><strong>et</strong></span> <span class='ocrx_word' id='word_1_730' title='bbox 3138 4606 3486 4661; x_wconf 81' lang='lat' dir='ltr'><strong>custodiebat</strong></span> 
     </span>
    </p>
   </div>
   <div class='ocr_carea' id='block_1_92' title="bbox 1891 4696 3484 4772">
    <p class='ocr_par' dir='ltr' id='par_1_92' title="bbox 1891 4696 3484 4772">
     <span class='ocr_line' id='line_1_92' title="bbox 1891 4696 3484 4772; baseline -0.001 -20"><span class='ocrx_word' id='word_1_731' title='bbox 1891 4701 2090 4754; x_wconf 82' lang='lat' dir='ltr'><strong>atrium</strong></span> <span class='ocrx_word' id='word_1_732' title='bbox 2122 4713 2301 4762; x_wconf 89' lang='lat' dir='ltr'><strong>snttm,</strong></span> <span class='ocrx_word' id='word_1_733' title='bbox 2338 4699 2440 4751; x_wconf 92' lang='lat' dir='ltr'><strong>hoc</strong></span> <span class='ocrx_word' id='word_1_734' title='bbox 2470 4706 2574 4762; x_wconf 86' lang='lat' dir='ltr'><strong>est,</strong></span> <span class='ocrx_word' id='word_1_735' title='bbox 2599 4696 2931 4772; x_wconf 66' lang='lat' dir='ltr'><strong>praevalebat</strong></span> <span class='ocrx_word' id='word_1_736' title='bbox 2959 4706 3008 4750; x_wconf 90' lang='lat' dir='ltr'><strong>et</strong></span> <span class='ocrx_word' id='word_1_737' title='bbox 3050 4697 3348 4768; x_wconf 87' lang='lat' dir='ltr'><strong>imperabat</strong></span> <span class='ocrx_word' id='word_1_738' title='bbox 3379 4697 3484 4750; x_wconf 75' lang='lat' dir='ltr'><strong>hn-</strong></span> 
     </span>
    </p>
   </div>
   <div class='ocr_carea' id='block_1_93' title="bbox 172 4788 1782 4863">
    <p class='ocr_par' dir='ltr' id='par_1_93' title="bbox 172 4788 1780 4863">
     <span class='ocr_line' id='line_1_93' title="bbox 172 4788 1780 4863; baseline 0.001 -18"><span class='ocrx_word' id='word_1_739' title='bbox 172 4793 278 4845; x_wconf 78' lang='grc' dir='ltr'>καὶ</span> <span class='ocrx_word' id='word_1_740' title='bbox 313 4788 599 4858; x_wconf 75' lang='grc' dir='ltr'>ἐφύλασσε</span> <span class='ocrx_word' id='word_1_741' title='bbox 633 4790 732 4860; x_wconf 83' lang='grc' dir='ltr'>τὴν</span> <span class='ocrx_word' id='word_1_742' title='bbox 759 4789 954 4845; x_wconf 79' lang='grc' dir='ltr'>ἑαυτοῦ</span> <span class='ocrx_word' id='word_1_743' title='bbox 985 4790 1178 4859; x_wconf 75' lang='grc' dir='ltr'>αὐλὴν,</span> <span class='ocrx_word' id='word_1_744' title='bbox 1205 4793 1780 4863; x_wconf 76' lang='grc' dir='ltr'>τουτέστι,“κατεκράο</span> 
     </span>
    </p>
   </div>
   <div class='ocr_carea' id='block_1_94' title="bbox 1889 4788 3479 4863">
    <p class='ocr_par' dir='ltr' id='par_1_94' title="bbox 1893 4788 3479 4858">
     <span class='ocr_line' id='line_1_94' title="bbox 1893 4788 3479 4858; baseline -0.001 -14"><span class='ocrx_word' id='word_1_745' title='bbox 1893 4807 2066 4846; x_wconf 70' lang='lat' dir='ltr'><strong>mana:</strong></span> <span class='ocrx_word' id='word_1_746' title='bbox 2106 4799 2314 4845; x_wconf 81' lang='lat' dir='ltr'><strong>naturae</strong></span> <span class='ocrx_word' id='word_1_747' title='bbox 2365 4789 2578 4844; x_wconf 86' lang='lat' dir='ltr'><strong>l‘ortiter</strong></span> <span class='ocrx_word' id='word_1_748' title='bbox 2608 4799 2663 4843; x_wconf 89' lang='lat' dir='ltr'><strong>et</strong></span> <span class='ocrx_word' id='word_1_749' title='bbox 2699 4805 2913 4844; x_wconf 84' lang='lat' dir='ltr'><strong>secure.</strong></span> <span class='ocrx_word' id='word_1_750' title='bbox 2956 4788 3248 4858; x_wconf 78' lang='lat' dir='ltr'><strong>Postquam</strong></span> <span class='ocrx_word' id='word_1_751' title='bbox 3298 4801 3479 4842; x_wconf 87' lang='lat' dir='ltr'><strong>autem</strong></span> 
     </span>
    </p>
   </div>
   <div class='ocr_carea' id='block_1_95' title="bbox 171 4883 1774 4957">
    <p class='ocr_par' dir='ltr' id='par_1_95' title="bbox 171 4883 1774 4957">
     <span class='ocr_line' id='line_1_95' title="bbox 171 4883 1774 4957; baseline 0.001 -19"><span class='ocrx_word' id='word_1_752' title='bbox 171 4903 265 4940; x_wconf 70' lang='grc' dir='ltr'><strong>τοι</strong></span> <span class='ocrx_word' id='word_1_753' title='bbox 316 4883 428 4954; x_wconf 82' lang='grc' dir='ltr'>τῆς</span> <span class='ocrx_word' id='word_1_754' title='bbox 457 4883 810 4955; x_wconf 84' lang='grc' dir='ltr'>ἀνθρωπίνης</span> <span class='ocrx_word' id='word_1_755' title='bbox 859 4885 1074 4953; x_wconf 84' lang='grc' dir='ltr'>φύσεως</span> <span class='ocrx_word' id='word_1_756' title='bbox 1111 4885 1347 4956; x_wconf 77' lang='grc' dir='ltr'>βεδαίως</span> <span class='ocrx_word' id='word_1_757' title='bbox 1387 4889 1479 4939; x_wconf 78' lang='grc' dir='ltr'><strong>καὶ</strong></span> <span class='ocrx_word' id='word_1_758' title='bbox 1510 4887 1774 4957; x_wconf 81' lang='grc' dir='ltr'>ἀσφαλῶς</span> 
     </span>
    </p>
   </div>
   <div class='ocr_carea' id='block_1_96' title="bbox 172 4957 1780 5051">
    <p class='ocr_par' dir='ltr' id='par_1_96' title="bbox 172 4957 1780 5051">
     <span class='ocr_line' id='line_1_96' title="bbox 172 4957 1780 5051; baseline 0.001 -20"><span class='ocrx_word' id='word_1_759' title='bbox 172 4977 329 5031; x_wconf 68' lang='grc' dir='ltr'>ἐπὰν</span> <span class='ocrx_word' id='word_1_760' title='bbox 353 4977 418 5031; x_wconf 64' lang='grc' dir='ltr'><strong>δι</strong></span> <span class='ocrx_word' id='word_1_761' title='bbox 434 4971 599 5046; x_wconf 78' lang='grc' dir='ltr'>ἦλθον</span> <span class='ocrx_word' id='word_1_762' title='bbox 621 4974 732 5044; x_wconf 68' lang='grc' dir='ltr'>ἐγὼ</span> <span class='ocrx_word' id='word_1_763' title='bbox 820 4978 1168 5048; x_wconf 73' lang='grc' dir='ltr'>ἰσχυρότερος</span> <span class='ocrx_word' id='word_1_764' title='bbox 1192 4978 1382 5038; x_wconf 79' lang='grc' dir='ltr'>αὑτοῦ.</span> <span class='ocrx_word' id='word_1_765' title='bbox 1406 4980 1498 5031; x_wconf 74' lang='grc' dir='ltr'><strong>καὶ</strong></span> <span class='ocrx_word' id='word_1_766' title='bbox 1519 4981 1780 5051; x_wconf 83' lang='grc' dir='ltr'>νενίκηκα</span> 
     </span>
    </p>
   </div>
   <div class='ocr_carea' id='block_1_97' title="bbox 170 5067 1778 5144">
    <p class='ocr_par' dir='ltr' id='par_1_97' title="bbox 170 5067 1778 5144">
     <span class='ocr_line' id='line_1_97' title="bbox 170 5067 1778 5144; baseline 0.001 -20"><span class='ocrx_word' id='word_1_767' title='bbox 170 5071 274 5124; x_wconf 80' lang='grc' dir='ltr'>τὸν</span> <span class='ocrx_word' id='word_1_768' title='bbox 292 5073 536 5139; x_wconf 84' lang='grc' dir='ltr'>κόσμον,</span> <span class='ocrx_word' id='word_1_769' title='bbox 557 5069 654 5122; x_wconf 72' lang='grc' dir='ltr'><strong>καὶ</strong></span> <span class='ocrx_word' id='word_1_770' title='bbox 673 5069 769 5139; x_wconf 80' lang='grc' dir='ltr'>τὴν</span> <span class='ocrx_word' id='word_1_771' title='bbox 785 5070 1095 5124; x_wconf 84' lang='grc' dir='ltr'>πανοπλίαν</span> <span class='ocrx_word' id='word_1_772' title='bbox 1107 5069 1299 5140; x_wconf 75' lang='grc' dir='ltr'>αὐτοῦ,</span> <span class='ocrx_word' id='word_1_773' title='bbox 1316 5072 1401 5140; x_wconf 77' lang='grc' dir='ltr'><strong>ιφ’</strong></span> <span class='ocrx_word' id='word_1_774' title='bbox 1422 5067 1456 5144; x_wconf 83' lang='grc' dir='ltr'>ᾖ</span> <span class='ocrx_word' id='word_1_775' title='bbox 1474 5073 1778 5138; x_wconf 67' lang='grc' dir='ltr'>ἐπεποίθει,</span> 
     </span>
    </p>
   </div>
   <div class='ocr_carea' id='block_1_98' title="bbox 168 5161 1785 5235">
    <p class='ocr_par' dir='ltr' id='par_1_98' title="bbox 168 5161 1785 5235">
     <span class='ocr_line' id='line_1_98' title="bbox 168 5161 1785 5235; baseline -0.001 -15"><span class='ocrx_word' id='word_1_776' title='bbox 168 5166 326 5235; x_wconf 76' lang='grc' dir='ltr'>ὅπερ</span> <span class='ocrx_word' id='word_1_777' title='bbox 357 5162 482 5216; x_wconf 71' lang='grc' dir='ltr'>ἐστι</span> <span class='ocrx_word' id='word_1_778' title='bbox 525 5161 707 5215; x_wconf 83' lang='grc' dir='ltr'>πάντα</span> <span class='ocrx_word' id='word_1_779' title='bbox 747 5165 817 5215; x_wconf 78' lang='grc' dir='ltr'>τὰ</span> <span class='ocrx_word' id='word_1_780' title='bbox 849 5163 967 5234; x_wconf 85' lang='grc' dir='ltr'>εῐδη</span> <span class='ocrx_word' id='word_1_781' title='bbox 1005 5165 1105 5235; x_wconf 75' lang='grc' dir='ltr'>τῆς</span> <span class='ocrx_word' id='word_1_782' title='bbox 1148 5164 1448 5234; x_wconf 81' lang='grc' dir='ltr'>ἁμαρτίας·</span> <span class='ocrx_word' id='word_1_783' title='bbox 1499 5165 1638 5234; x_wconf 76' lang='grc' dir='ltr'>αὕτη</span> <span class='ocrx_word' id='word_1_784' title='bbox 1670 5166 1785 5234; x_wconf 78' lang='grc' dir='ltr'>γάρ</span> 
     </span>
    </p>
   </div>
   <div class='ocr_carea' id='block_1_99' title="bbox 167 5253 1786 5327">
    <p class='ocr_par' dir='ltr' id='par_1_99' title="bbox 167 5253 1786 5327">
     <span class='ocr_line' id='line_1_99' title="bbox 167 5253 1786 5327; baseline -0.001 -15"><span class='ocrx_word' id='word_1_785' title='bbox 167 5254 328 5312; x_wconf 80' lang='grc' dir='ltr'>ὅπλα</span> <span class='ocrx_word' id='word_1_786' title='bbox 359 5253 465 5309; x_wconf 86' lang='grc' dir='ltr'><strong>τοῦ</strong></span> <span class='ocrx_word' id='word_1_787' title='bbox 504 5253 777 5318; x_wconf 77' lang='grc' dir='ltr'>διαϐόλου,</span> <span class='ocrx_word' id='word_1_788' title='bbox 813 5255 908 5308; x_wconf 78' lang='grc' dir='ltr'>καὶ</span> <span class='ocrx_word' id='word_1_789' title='bbox 941 5255 1116 5326; x_wconf 80' lang='grc' dir='ltr'>ταύτῃ</span> <span class='ocrx_word' id='word_1_790' title='bbox 1145 5255 1368 5327; x_wconf 76' lang='grc' dir='ltr'>Θαρῤὦν</span> <span class='ocrx_word' id='word_1_791' title='bbox 1394 5255 1610 5325; x_wconf 79' lang='grc' dir='ltr'>ὲνίσχυε</span> <span class='ocrx_word' id='word_1_792' title='bbox 1644 5257 1786 5310; x_wconf 67' lang='grc' dir='ltr'>κατὰ</span> 
     </span>
    </p>
   </div>
   <div class='ocr_carea' id='block_1_100' title="bbox 168 5341 1785 5416">
    <p class='ocr_par' dir='ltr' id='par_1_100' title="bbox 168 5341 1785 5416">
     <span class='ocr_line' id='line_1_100' title="bbox 168 5341 1785 5416; baseline -0.003 -14"><span class='ocrx_word' id='word_1_793' title='bbox 168 5347 289 5402; x_wconf 81' lang='grc' dir='ltr'>τῶν</span> <span class='ocrx_word' id='word_1_794' title='bbox 342 5343 659 5415; x_wconf 74' lang='grc' dir='ltr'>ἀνθρώπιον</span> <span class='ocrx_word' id='word_1_795' title='bbox 686 5358 700 5374; x_wconf 80' lang='grc'><strong><em>⁸</em></strong></span> <span class='ocrx_word' id='word_1_796' title='bbox 741 5344 949 5415; x_wconf 85' lang='grc' dir='ltr'>ταύτην</span> <span class='ocrx_word' id='word_1_797' title='bbox 994 5341 1087 5398; x_wconf 88' lang='grc' dir='ltr'><strong>οῦν</strong></span> <span class='ocrx_word' id='word_1_798' title='bbox 1124 5344 1223 5416; x_wconf 82' lang='grc' dir='ltr'>τὴν</span> <span class='ocrx_word' id='word_1_799' title='bbox 1273 5344 1577 5398; x_wconf 84' lang='grc' dir='ltr'>πανοπλίαν</span> <span class='ocrx_word' id='word_1_800' title='bbox 1619 5344 1785 5398; x_wconf 83' lang='grc' dir='ltr'>αὑτοῦ</span> 
     </span>
    </p>
   </div>
   <div class='ocr_carea' id='block_1_101' title="bbox 166 5436 1777 5514">
    <p class='ocr_par' dir='ltr' id='par_1_101' title="bbox 166 5436 1777 5514">
     <span class='ocr_line' id='line_1_101' title="bbox 166 5436 1777 5514; baseline -0.002 -19"><span class='ocrx_word' id='word_1_801' title='bbox 166 5438 460 5514; x_wconf 67' lang='grc' dir='ltr'>διέρρηξε.</span> <span class='ocrx_word' id='word_1_802' title='bbox 498 5436 880 5508; x_wconf 82' lang='grc' dir='ltr'>ἀναμάρτητος</span> <span class='ocrx_word' id='word_1_803' title='bbox 915 5436 1182 5506; x_wconf 82' lang='grc' dir='ltr'>εὑρεθεὶς,</span> <span class='ocrx_word' id='word_1_804' title='bbox 1235 5440 1331 5491; x_wconf 73' lang='grc' dir='ltr'><strong>καὶ</strong></span> <span class='ocrx_word' id='word_1_805' title='bbox 1375 5438 1562 5492; x_wconf 66' lang='grc' dir='ltr'>ἔκτοτε</span> <span class='ocrx_word' id='word_1_806' title='bbox 1613 5439 1777 5509; x_wconf 75' lang='grc' dir='ltr'><strong>ἡσθέο</strong></span> 
     </span>
    </p>
   </div>
   <div class='ocr_carea' id='block_1_102' title="bbox 167 5527 1789 5605">
    <p class='ocr_par' dir='ltr' id='par_1_102' title="bbox 167 5527 1789 5605">
     <span class='ocr_line' id='line_1_102' title="bbox 167 5527 1789 5605; baseline 0.006 -20"><span class='ocrx_word' id='word_1_807' title='bbox 167 5550 338 5605; x_wconf 76' lang='grc' dir='ltr'>νησε.</span> <span class='ocrx_word' id='word_1_808' title='bbox 375 5529 494 5585; x_wconf 77' lang='grc' dir='ltr'><strong>Καὶ</strong></span> <span class='ocrx_word' id='word_1_809' title='bbox 517 5529 586 5582; x_wconf 75' lang='grc' dir='ltr'>τὰ</span> <span class='ocrx_word' id='word_1_810' title='bbox 613 5529 789 5582; x_wconf 88' lang='grc' dir='ltr'>σκύλα</span> <span class='ocrx_word' id='word_1_811' title='bbox 818 5527 1006 5594; x_wconf 81' lang='grc' dir='ltr'>αὐτοῦ,</span> <span class='ocrx_word' id='word_1_812' title='bbox 1031 5530 1152 5600; x_wconf 68' lang='grc' dir='ltr'>ἦτοι</span> <span class='ocrx_word' id='word_1_813' title='bbox 1177 5531 1303 5594; x_wconf 77' lang='grc' dir='ltr'>τοὺς</span> <span class='ocrx_word' id='word_1_814' title='bbox 1331 5531 1426 5586; x_wconf 78' lang='grc' dir='ltr'><strong>δ.νο</strong></span> <span class='ocrx_word' id='word_1_815' title='bbox 1437 5528 1670 5602; x_wconf 77' lang='grc' dir='ltr'>ρῴπους.</span> <span class='ocrx_word' id='word_1_816' title='bbox 1695 5531 1789 5595; x_wconf 78' lang='grc' dir='ltr'>οὓς</span> 
     </span>
    </p>
   </div>
   <div class='ocr_carea' id='block_1_103' title="bbox 163 5621 1784 5699">
    <p class='ocr_par' dir='ltr' id='par_1_103' title="bbox 163 5621 1784 5699">
     <span class='ocr_line' id='line_1_103' title="bbox 163 5621 1784 5699; baseline -0.002 -17"><span class='ocrx_word' id='word_1_817' title='bbox 163 5623 330 5699; x_wconf 74' lang='grc' dir='ltr'>εἶχεν</span> <span class='ocrx_word' id='word_1_818' title='bbox 352 5623 439 5687; x_wconf 83' lang='grc' dir='ltr'>ὡς</span> <span class='ocrx_word' id='word_1_819' title='bbox 462 5621 702 5692; x_wconf 77' lang='grc' dir='ltr'>λάφυρα,</span> <span class='ocrx_word' id='word_1_820' title='bbox 727 5622 1024 5675; x_wconf 73' lang='grc' dir='ltr'>ἀπέσπασα</span> <span class='ocrx_word' id='word_1_821' title='bbox 1046 5623 1143 5674; x_wconf 84' lang='grc' dir='ltr'>ἀπ’</span> <span class='ocrx_word' id='word_1_822' title='bbox 1161 5623 1350 5688; x_wconf 82' lang='grc' dir='ltr'>αὑτοῦ,</span> <span class='ocrx_word' id='word_1_823' title='bbox 1375 5624 1471 5677; x_wconf 76' lang='grc' dir='ltr'><strong>καί⁵</strong></span> <span class='ocrx_word' id='word_1_824' title='bbox 1496 5625 1784 5694; x_wconf 88' lang='grc' dir='ltr'>διαδίδωμι</span> 
     </span>
    </p>
   </div>
   <div class='ocr_carea' id='block_1_104' title="bbox 163 5713 1783 5786">
    <p class='ocr_par' dir='ltr' id='par_1_104' title="bbox 163 5713 1783 5786">
     <span class='ocr_line' id='line_1_104' title="bbox 163 5713 1783 5786; baseline -0.004 -10"><span class='ocrx_word' id='word_1_825' title='bbox 163 5721 342 5776; x_wconf 67' lang='grc' dir='ltr'>ἄλλον</span> <span class='ocrx_word' id='word_1_826' title='bbox 379 5714 532 5786; x_wconf 69' lang='grc' dir='ltr'>ἄλλῳ</span> <span class='ocrx_word' id='word_1_827' title='bbox 561 5713 781 5783; x_wconf 70' lang='grc' dir='ltr'>ὰγγέλῳ</span> <span class='ocrx_word' id='word_1_828' title='bbox 811 5713 986 5784; x_wconf 84' lang='grc' dir='ltr'>πιστῷ</span> <span class='ocrx_word' id='word_1_829' title='bbox 1015 5713 1236 5783; x_wconf 78' lang='grc' dir='ltr'>φύλακι,</span> <span class='ocrx_word' id='word_1_830' title='bbox 1266 5716 1355 5770; x_wconf 82' lang='grc' dir='ltr'><strong>ἴνα</strong></span> <span class='ocrx_word' id='word_1_831' title='bbox 1385 5718 1507 5770; x_wconf 73' lang='grc' dir='ltr'>ἀντὶ</span> <span class='ocrx_word' id='word_1_832' title='bbox 1541 5717 1636 5770; x_wconf 85' lang='grc' dir='ltr'><strong>τοῦ</strong></span> <span class='ocrx_word' id='word_1_833' title='bbox 1669 5717 1783 5771; x_wconf 67' lang='lat' dir='ltr'><strong>6di-</strong></span> 
     </span>
    </p>
   </div>
   <div class='ocr_carea' id='block_1_105' title="bbox 168 5799 1783 5887">
    <p class='ocr_par' dir='ltr' id='par_1_105' title="bbox 168 5799 1783 5887">
     <span class='ocr_line' id='line_1_105' title="bbox 168 5799 1783 5887; baseline 0.001 -26"><span class='ocrx_word' id='word_1_834' title='bbox 168 5828 376 5887; x_wconf 74' lang='grc' dir='ltr'>μονος,</span> <span class='ocrx_word' id='word_1_835' title='bbox 409 5799 459 5876; x_wconf 80' lang='grc' dir='ltr'><strong>ᾧ</strong></span> <span class='ocrx_word' id='word_1_836' title='bbox 484 5807 853 5878; x_wconf 70' lang='grc' dir='ltr'>ἐτυραννεῖτο,</span> <span class='ocrx_word' id='word_1_837' title='bbox 891 5806 989 5878; x_wconf 74' lang='grc' dir='ltr'><strong>ἔχῃ</strong></span> <span class='ocrx_word' id='word_1_838' title='bbox 1021 5807 1184 5861; x_wconf 77' lang='grc' dir='ltr'>αὐτὸν</span> <span class='ocrx_word' id='word_1_839' title='bbox 1212 5810 1239 5862; x_wconf 88' lang='lat'><strong>6</strong></span> <span class='ocrx_word' id='word_1_840' title='bbox 1262 5809 1518 5878; x_wconf 80' lang='grc' dir='ltr'>ἄγγελος.</span> <span class='ocrx_word' id='word_1_841' title='bbox 1553 5811 1663 5864; x_wconf 83' lang='grc' dir='ltr'><strong>Καὶ</strong></span> <span class='ocrx_word' id='word_1_842' title='bbox 1690 5810 1783 5864; x_wconf 75' lang='grc' dir='ltr'><strong>ἂλ-</strong></span> 
     </span>
    </p>
   </div>
   <div class='ocr_carea' id='block_1_106' title="bbox 165 5898 1778 5974">
    <p class='ocr_par' dir='ltr' id='par_1_106' title="bbox 165 5898 1778 5974">
     <span class='ocr_line' id='line_1_106' title="bbox 165 5898 1778 5974; baseline -0.004 -14"><span class='ocrx_word' id='word_1_843' title='bbox 165 5906 286 5971; x_wconf 81' lang='grc' dir='ltr'><strong>λως</strong></span> <span class='ocrx_word' id='word_1_844' title='bbox 315 5902 410 5958; x_wconf 70' lang='grc' dir='ltr'><strong>δέ·</strong></span> <span class='ocrx_word' id='word_1_845' title='bbox 443 5898 581 5957; x_wconf 81' lang='grc' dir='ltr'>Τίνα</span> <span class='ocrx_word' id='word_1_846' title='bbox 610 5898 894 5955; x_wconf 81' lang='grc' dir='ltr'>κοινωνίαν</span> <span class='ocrx_word' id='word_1_847' title='bbox 930 5900 1038 5971; x_wconf 73' lang='grc' dir='ltr'>ἔχω</span> <span class='ocrx_word' id='word_1_848' title='bbox 1087 5900 1198 5968; x_wconf 82' lang='grc' dir='ltr'><strong>ἐγὼ</strong></span> <span class='ocrx_word' id='word_1_849' title='bbox 1247 5902 1381 5974; x_wconf 72' lang='grc' dir='ltr'>πρὸς</span> <span class='ocrx_word' id='word_1_850' title='bbox 1412 5902 1502 5956; x_wconf 82' lang='grc' dir='ltr'><strong>τὸν</strong></span> <span class='ocrx_word' id='word_1_851' title='bbox 1549 5901 1778 5968; x_wconf 78' lang='grc' dir='ltr'>Βεελζε-</span> 
     </span>
    </p>
   </div>
   <div class='ocr_carea' id='block_1_107' title="bbox 1892 4882 3483 4956">
    <p class='ocr_par' dir='ltr' id='par_1_107' title="bbox 1892 4882 3483 4956">
     <span class='ocr_line' id='line_1_107' title="bbox 1892 4882 3483 4956; baseline -0.004 -16"><span class='ocrx_word' id='word_1_852' title='bbox 1892 4899 1993 4956; x_wconf 83' lang='lat' dir='ltr'><strong>ego</strong></span> <span class='ocrx_word' id='word_1_853' title='bbox 2023 4883 2143 4938; x_wconf 90' lang='lat' dir='ltr'><strong>veni</strong></span> <span class='ocrx_word' id='word_1_854' title='bbox 2178 4882 2274 4937; x_wconf 89' lang='lat' dir='ltr'><strong>illo</strong></span> <span class='ocrx_word' id='word_1_855' title='bbox 2302 4882 2518 4949; x_wconf 74' lang='lat' dir='ltr'><strong>fortior,</strong></span> <span class='ocrx_word' id='word_1_856' title='bbox 2545 4893 2601 4937; x_wconf 92' lang='lat' dir='ltr'><strong>et</strong></span> <span class='ocrx_word' id='word_1_857' title='bbox 2634 4882 2737 4937; x_wconf 80' lang='lat' dir='ltr'><strong>vici</strong></span> <span class='ocrx_word' id='word_1_858' title='bbox 2772 4883 3032 4937; x_wconf 91' lang='lat' dir='ltr'><strong>mundum</strong></span> <span class='ocrx_word' id='word_1_859' title='bbox 3067 4882 3362 4951; x_wconf 85' lang='lat' dir='ltr'><strong>omniaque</strong></span> <span class='ocrx_word' id='word_1_860' title='bbox 3390 4896 3483 4935; x_wconf 66' lang='lat' dir='ltr'><strong>ar-</strong></span> 
     </span>
    </p>
   </div>
   <div class='ocr_carea' id='block_1_108' title="bbox 1892 4976 3484 5048">
    <p class='ocr_par' dir='ltr' id='par_1_108' title="bbox 1892 4976 3484 5048">
     <span class='ocr_line' id='line_1_108' title="bbox 1892 4976 3484 5048; baseline -0.001 -15"><span class='ocrx_word' id='word_1_861' title='bbox 1892 4997 1976 5033; x_wconf 90' lang='lat' dir='ltr'><strong>ma</strong></span> <span class='ocrx_word' id='word_1_862' title='bbox 2013 4978 2131 5048; x_wconf 83' lang='lat' dir='ltr'><strong>ejus</strong></span> <span class='ocrx_word' id='word_1_863' title='bbox 2177 4977 2232 5032; x_wconf 90' lang='lat' dir='ltr'><strong>in</strong></span> <span class='ocrx_word' id='word_1_864' title='bbox 2263 4978 2463 5047; x_wconf 84' lang='lat' dir='ltr'><strong>quibus</strong></span> <span class='ocrx_word' id='word_1_865' title='bbox 2495 4977 2716 5042; x_wconf 78' lang='lat' dir='ltr'><strong>ﬁdebat,</strong></span> <span class='ocrx_word' id='word_1_866' title='bbox 2752 4977 2935 5030; x_wconf 90' lang='lat' dir='ltr'><strong>omnia</strong></span> <span class='ocrx_word' id='word_1_867' title='bbox 2986 4976 3196 5032; x_wconf 85' lang='lat' dir='ltr'><strong>scilicet</strong></span> <span class='ocrx_word' id='word_1_868' title='bbox 3227 4984 3484 5044; x_wconf 64' lang='lat' dir='ltr'><strong>peccatov</strong></span> 
     </span>
    </p>
   </div>
   <div class='ocr_carea' id='block_1_109' title="bbox 1891 5067 3485 5141">
    <p class='ocr_par' dir='ltr' id='par_1_109' title="bbox 1891 5067 3485 5141">
     <span class='ocr_line' id='line_1_109' title="bbox 1891 5067 3485 5141; baseline -0.003 -16"><span class='ocrx_word' id='word_1_869' title='bbox 1891 5087 2009 5125; x_wconf 88' lang='lat' dir='ltr'><strong>rum</strong></span> <span class='ocrx_word' id='word_1_870' title='bbox 2051 5085 2251 5141; x_wconf 84' lang='lat' dir='ltr'><strong>genera</strong></span> <span class='ocrx_word' id='word_1_871' title='bbox 2287 5088 2299 5123; x_wconf 92' lang='lat'><strong>:</strong></span> <span class='ocrx_word' id='word_1_872' title='bbox 2334 5069 2424 5123; x_wconf 89' lang='lat' dir='ltr'><strong>illa</strong></span> <span class='ocrx_word' id='word_1_873' title='bbox 2461 5068 2608 5123; x_wconf 90' lang='lat' dir='ltr'><strong>enim</strong></span> <span class='ocrx_word' id='word_1_874' title='bbox 2632 5083 2787 5123; x_wconf 84' lang='lat' dir='ltr'><strong>arma</strong></span> <span class='ocrx_word' id='word_1_875' title='bbox 2813 5078 2940 5125; x_wconf 86' lang='lat' dir='ltr'><strong>sunt</strong></span> <span class='ocrx_word' id='word_1_876' title='bbox 2966 5068 3162 5122; x_wconf 90' lang='lat' dir='ltr'><strong>diaboli</strong></span> <span class='ocrx_word' id='word_1_877' title='bbox 3199 5069 3251 5120; x_wconf 93' lang='lat' dir='ltr'><strong>in</strong></span> <span class='ocrx_word' id='word_1_878' title='bbox 3284 5067 3485 5137; x_wconf 82' lang='lat' dir='ltr'><strong>quibus</strong></span> 
     </span>
    </p>
   </div>
   <div class='ocr_carea' id='block_1_110' title="bbox 1888 5161 3487 5234">
    <p class='ocr_par' dir='ltr' id='par_1_110' title="bbox 1888 5161 3487 5234">
     <span class='ocr_line' id='line_1_110' title="bbox 1888 5161 3487 5234; baseline -0.003 -15"><span class='ocrx_word' id='word_1_879' title='bbox 1888 5167 2087 5222; x_wconf 86' lang='lat' dir='ltr'><strong>lidebat</strong></span> <span class='ocrx_word' id='word_1_880' title='bbox 2116 5175 2171 5220; x_wconf 89' lang='lat' dir='ltr'><strong>et</strong></span> <span class='ocrx_word' id='word_1_881' title='bbox 2205 5163 2534 5234; x_wconf 74' lang='lat' dir='ltr'><strong>prtevalebat</strong></span> <span class='ocrx_word' id='word_1_882' title='bbox 2561 5163 2824 5218; x_wconf 87' lang='lat' dir='ltr'><strong>adversus</strong></span> <span class='ocrx_word' id='word_1_883' title='bbox 2855 5162 3103 5217; x_wconf 84' lang='lat' dir='ltr'><strong>homines</strong></span> <span class='ocrx_word' id='word_1_884' title='bbox 3140 5177 3155 5214; x_wconf 89' lang='lat'><strong>:</strong></span> <span class='ocrx_word' id='word_1_885' title='bbox 3187 5177 3336 5216; x_wconf 88' lang='lat' dir='ltr'><strong>arma</strong></span> <span class='ocrx_word' id='word_1_886' title='bbox 3383 5161 3487 5233; x_wconf 89' lang='lat' dir='ltr'><strong>igi-</strong></span> 
     </span>
    </p>
   </div>
   <div class='ocr_carea' id='block_1_111' title="bbox 1885 5255 3484 5328">
    <p class='ocr_par' dir='ltr' id='par_1_111' title="bbox 1885 5255 3484 5328">
     <span class='ocr_line' id='line_1_111' title="bbox 1885 5255 3484 5328; baseline -0.002 -16"><span class='ocrx_word' id='word_1_887' title='bbox 1885 5269 1994 5326; x_wconf 92' lang='lat' dir='ltr'><strong>tur,</strong></span> <span class='ocrx_word' id='word_1_888' title='bbox 2021 5259 2266 5328; x_wconf 88' lang='lat' dir='ltr'><strong>inquam,</strong></span> <span class='ocrx_word' id='word_1_889' title='bbox 2282 5257 2383 5311; x_wconf 88' lang='lat' dir='ltr'><strong>.illa</strong></span> <span class='ocrx_word' id='word_1_890' title='bbox 2401 5257 2518 5326; x_wconf 84' lang='lat' dir='ltr'><strong>ejus</strong></span> <span class='ocrx_word' id='word_1_891' title='bbox 2536 5256 2732 5326; x_wconf 87' lang='lat' dir='ltr'><strong>diripni</strong></span> <span class='ocrx_word' id='word_1_892' title='bbox 2758 5271 2881 5325; x_wconf 88' lang='lat' dir='ltr'><strong>ego,</strong></span> <span class='ocrx_word' id='word_1_893' title='bbox 2902 5255 2992 5326; x_wconf 89' lang='lat' dir='ltr'><strong>qui</strong></span> <span class='ocrx_word' id='word_1_894' title='bbox 3012 5257 3130 5311; x_wconf 86' lang='lat' dir='ltr'><strong>sine</strong></span> <span class='ocrx_word' id='word_1_895' title='bbox 3148 5267 3373 5325; x_wconf 83' lang='lat' dir='ltr'><strong>peccato</strong></span> <span class='ocrx_word' id='word_1_896' title='bbox 3397 5259 3484 5309; x_wconf 85' lang='lat' dir='ltr'><strong>in-</strong></span> 
     </span>
    </p>
   </div>
   <div class='ocr_carea' id='block_1_112' title="bbox 1896 5348 3484 5418">
    <p class='ocr_par' dir='ltr' id='par_1_112' title="bbox 1896 5348 3484 5418">
     <span class='ocr_line' id='line_1_112' title="bbox 1896 5348 3484 5418; baseline 0.001 -16"><span class='ocrx_word' id='word_1_897' title='bbox 1896 5360 2110 5416; x_wconf 86' lang='lat' dir='ltr'><strong>ventus,</strong></span> <span class='ocrx_word' id='word_1_898' title='bbox 2133 5359 2186 5404; x_wconf 87' lang='lat' dir='ltr'><strong>et</strong></span> <span class='ocrx_word' id='word_1_899' title='bbox 2211 5364 2278 5404; x_wconf 79' lang='lat' dir='ltr'><strong>ex</strong></span> <span class='ocrx_word' id='word_1_900' title='bbox 2313 5364 2378 5404; x_wconf 92' lang='lat' dir='ltr'><strong>eo</strong></span> <span class='ocrx_word' id='word_1_901' title='bbox 2405 5359 2649 5418; x_wconf 87' lang='lat' dir='ltr'><strong>tempore</strong></span> <span class='ocrx_word' id='word_1_902' title='bbox 2670 5348 2864 5404; x_wconf 86' lang='lat' dir='ltr'><strong>debilis</strong></span> <span class='ocrx_word' id='word_1_903' title='bbox 2889 5348 3064 5403; x_wconf 81' lang='lat' dir='ltr'><strong>factus</strong></span> <span class='ocrx_word' id='word_1_904' title='bbox 3101 5356 3207 5407; x_wconf 88' lang='lat' dir='ltr'><strong>est.</strong></span> <span class='ocrx_word' id='word_1_905' title='bbox 3237 5348 3484 5418; x_wconf 75' lang='lat' dir='ltr'><strong>etSpolia</strong></span> 
     </span>
    </p>
   </div>
   <div class='ocr_carea' id='block_1_113' title="bbox 1887 5438 3479 5510">
    <p class='ocr_par' dir='ltr' id='par_1_113' title="bbox 1887 5438 3479 5510">
     <span class='ocr_line' id='line_1_113' title="bbox 1887 5438 3479 5510; baseline -0.001 -16"><span class='ocrx_word' id='word_1_906' title='bbox 1887 5441 2028 5508; x_wconf 88' lang='lat' dir='ltr'><strong>ejus,</strong></span> <span class='ocrx_word' id='word_1_907' title='bbox 2063 5442 2165 5496; x_wconf 87' lang='lat' dir='ltr'><strong>hoc</strong></span> <span class='ocrx_word' id='word_1_908' title='bbox 2215 5449 2299 5496; x_wconf 87' lang='lat' dir='ltr'><strong>est</strong></span> <span class='ocrx_word' id='word_1_909' title='bbox 2345 5440 2594 5496; x_wconf 82' lang='lat' dir='ltr'><strong>homines</strong></span> <span class='ocrx_word' id='word_1_910' title='bbox 2625 5455 2763 5510; x_wconf 86' lang='lat' dir='ltr'><strong>quos</strong></span> <span class='ocrx_word' id='word_1_911' title='bbox 2797 5438 3032 5494; x_wconf 87' lang='lat' dir='ltr'><strong>habebat</strong></span> <span class='ocrx_word' id='word_1_912' title='bbox 3081 5439 3234 5509; x_wconf 86' lang='lat' dir='ltr'><strong>quasi</strong></span> <span class='ocrx_word' id='word_1_913' title='bbox 3281 5439 3479 5508; x_wconf 87' lang='lat' dir='ltr'><strong>spolia,</strong></span> 
     </span>
    </p>
   </div>
   <div class='ocr_carea' id='block_1_114' title="bbox 1889 5528 3478 5602">
    <p class='ocr_par' dir='ltr' id='par_1_114' title="bbox 1889 5528 3478 5602">
     <span class='ocr_line' id='line_1_114' title="bbox 1889 5528 3478 5602; baseline -0.002 -18"><span class='ocrx_word' id='word_1_914' title='bbox 1889 5533 1958 5586; x_wconf 88' lang='lat' dir='ltr'><strong>ab</strong></span> <span class='ocrx_word' id='word_1_915' title='bbox 1983 5547 2049 5586; x_wconf 90' lang='lat' dir='ltr'><strong>eo</strong></span> <span class='ocrx_word' id='word_1_916' title='bbox 2075 5531 2256 5602; x_wconf 89' lang='lat' dir='ltr'><strong>rapui,</strong></span> <span class='ocrx_word' id='word_1_917' title='bbox 2287 5542 2342 5586; x_wconf 92' lang='lat' dir='ltr'><strong>et</strong></span> <span class='ocrx_word' id='word_1_918' title='bbox 2369 5531 2527 5586; x_wconf 87' lang='lat' dir='ltr'><strong>trado</strong></span> <span class='ocrx_word' id='word_1_919' title='bbox 2565 5545 2652 5595; x_wconf 87' lang='lat' dir='ltr'><strong>ea,</strong></span> <span class='ocrx_word' id='word_1_920' title='bbox 2686 5530 2832 5586; x_wconf 84' lang='lat' dir='ltr'><strong>aliud</strong></span> <span class='ocrx_word' id='word_1_921' title='bbox 2864 5531 2954 5584; x_wconf 86' lang='lat' dir='ltr'><strong>alii</strong></span> <span class='ocrx_word' id='word_1_922' title='bbox 2984 5528 3175 5601; x_wconf 84' lang='lat' dir='ltr'><strong>angelo</strong></span> <span class='ocrx_word' id='word_1_923' title='bbox 3210 5528 3318 5584; x_wconf 74' lang='lat' dir='ltr'><strong>fido</strong></span> <span class='ocrx_word' id='word_1_924' title='bbox 3379 5544 3478 5583; x_wconf 89' lang='lat' dir='ltr'><strong>cn-</strong></span> 
     </span>
    </p>
   </div>
   <div class='ocr_carea' id='block_1_115' title="bbox 1885 5607 3476 5694">
    <p class='ocr_par' dir='ltr' id='par_1_115' title="bbox 1885 5607 3476 5694">
     <span class='ocr_line' id='line_1_115' title="bbox 1885 5607 3476 5694; baseline -0.003 -16"><span class='ocrx_word' id='word_1_925' title='bbox 1885 5625 2135 5688; x_wconf 88' lang='lat' dir='ltr'><strong>stodi,ut</strong></span> <span class='ocrx_word' id='word_1_926' title='bbox 2186 5639 2285 5694; x_wconf 92' lang='lat' dir='ltr'><strong>pro</strong></span> <span class='ocrx_word' id='word_1_927' title='bbox 2326 5625 2592 5688; x_wconf 68' lang='lat' dir='ltr'><strong>dartnonc,</strong></span> <span class='ocrx_word' id='word_1_928' title='bbox 2641 5607 2800 5691; x_wconf 80' lang='lat' dir='ltr'><strong>cujus</strong></span> <span class='ocrx_word' id='word_1_929' title='bbox 2853 5623 3197 5693; x_wconf 80' lang='lat' dir='ltr'><strong>tyrannidem</strong></span> <span class='ocrx_word' id='word_1_930' title='bbox 3255 5621 3476 5684; x_wconf 85' lang='lat' dir='ltr'><strong>tulerat,</strong></span> 
     </span>
    </p>
   </div>
   <div class='ocr_carea' id='block_1_116' title="bbox 1884 5713 3470 5788">
    <p class='ocr_par' dir='ltr' id='par_1_116' title="bbox 1884 5713 3470 5788">
     <span class='ocr_line' id='line_1_116' title="bbox 1884 5713 3470 5788; baseline -0.004 -15"><span class='ocrx_word' id='word_1_931' title='bbox 1884 5719 2081 5773; x_wconf 88' lang='lat' dir='ltr'><strong>habeat</strong></span> <span class='ocrx_word' id='word_1_932' title='bbox 2117 5719 2388 5788; x_wconf 87' lang='lat' dir='ltr'><strong>angelum.</strong></span> <span class='ocrx_word' id='word_1_933' title='bbox 2433 5718 2524 5778; x_wconf 82' lang='lat' dir='ltr'><strong>Vel</strong></span> <span class='ocrx_word' id='word_1_934' title='bbox 2552 5718 2710 5772; x_wconf 87' lang='lat' dir='ltr'><strong>aliter</strong></span> <span class='ocrx_word' id='word_1_935' title='bbox 2744 5736 2758 5772; x_wconf 90' lang='lat'><strong>:</strong></span> <span class='ocrx_word' id='word_1_936' title='bbox 2795 5717 2983 5785; x_wconf 80' lang='lat' dir='ltr'><strong>Egone</strong></span> <span class='ocrx_word' id='word_1_937' title='bbox 3030 5713 3470 5770; x_wconf 84' lang='lat' dir='ltr'><strong>communionem</strong></span> 
     </span>
    </p>
   </div>
   <div class='ocr_carea' id='block_1_117' title="bbox 1883 5808 3472 5876">
    <p class='ocr_par' dir='ltr' id='par_1_117' title="bbox 1883 5808 3472 5876">
     <span class='ocr_line' id='line_1_117' title="bbox 1883 5808 3472 5876; baseline -0.004 -11"><span class='ocrx_word' id='word_1_938' title='bbox 1883 5824 2003 5865; x_wconf 87' lang='lat' dir='ltr'><strong>cum</strong></span> <span class='ocrx_word' id='word_1_939' title='bbox 2031 5809 2320 5866; x_wconf 80' lang='lat' dir='ltr'><strong>Beelzebul</strong></span> <span class='ocrx_word' id='word_1_940' title='bbox 2369 5809 2586 5866; x_wconf 75' lang='lat' dir='ltr'><strong>habeo?</strong></span> <span class='ocrx_word' id='word_1_941' title='bbox 2625 5808 2801 5865; x_wconf 77' lang='lat' dir='ltr'><strong>Meum</strong></span> <span class='ocrx_word' id='word_1_942' title='bbox 2837 5822 2974 5876; x_wconf 83' lang='lat' dir='ltr'><strong>Opus</strong></span> <span class='ocrx_word' id='word_1_943' title='bbox 3011 5815 3095 5860; x_wconf 84' lang='lat' dir='ltr'><strong>est</strong></span> <span class='ocrx_word' id='word_1_944' title='bbox 3137 5818 3472 5875; x_wconf 76' lang='lat' dir='ltr'><strong>congregare</strong></span> 
     </span>
    </p>
   </div>
   <div class='ocr_carea' id='block_1_118' title="bbox 1879 5899 3461 5974">
    <p class='ocr_par' dir='ltr' id='par_1_118' title="bbox 1879 5899 3461 5974">
     <span class='ocr_line' id='line_1_118' title="bbox 1879 5899 3461 5974; baseline -0.005 -16"><span class='ocrx_word' id='word_1_945' title='bbox 1879 5902 2020 5959; x_wconf 79' lang='lat' dir='ltr'><strong>ﬁlios</strong></span> <span class='ocrx_word' id='word_1_946' title='bbox 2051 5904 2142 5959; x_wconf 86' lang='lat' dir='ltr'><strong>Dei</strong></span> <span class='ocrx_word' id='word_1_947' title='bbox 2175 5903 2472 5974; x_wconf 87' lang='lat' dir='ltr'><strong>dispersos,</strong></span> <span class='ocrx_word' id='word_1_948' title='bbox 2520 5904 2664 5960; x_wconf 69' lang='lat' dir='ltr'><strong>illius</strong></span> <span class='ocrx_word' id='word_1_949' title='bbox 2705 5917 2834 5958; x_wconf 86' lang='lat' dir='ltr'><strong>vero</strong></span> <span class='ocrx_word' id='word_1_950' title='bbox 2866 5909 3224 5968; x_wconf 75' lang='lat' dir='ltr'><strong>congregatos</strong></span> <span class='ocrx_word' id='word_1_951' title='bbox 3253 5899 3461 5967; x_wconf 75' lang='lat' dir='ltr'><strong>disper-</strong></span> 
     </span>
    </p>
   </div>
  </div>
