4038 6488
580 436 683 500 am

1494 422 2069 488 THEOPHYLACTI
2109 420 2520 488 BULGARLE
2558 414 2915 479 ARCHIEP.

3724 404 3827 469 θοι

582 564 728 616 uere.
756 545 1037 616 Quomodo
1065 543 1227 611 igitur
1253 541 1316 594 tle
1344 555 1428 594 me
1460 541 1713 609 cogitatis
1744 539 1886 608 quod
1909 554 2153 593 commu-

2276 534 2430 596 Ξούλς
2477 529 2638 600 Ἐμὸν
2669 529 2729 599 ἔρ
2745 545 2829 595 (ον
2853 521 2993 588 ἐστὶ,
3033 520 3093 574 τὸ
3141 518 3396 586 συνάγειν
3425 515 3492 569 τὰ
3536 514 3703 569 τέκνα
3744 517 3835 569 τοῦ

581 643 798 696 nionem
845 638 1068 691 habeam
1113 647 1236 686 cum
1273 631 1517 685 Satana?
1551 633 1616 685 Et
1652 630 1894 699 profecto
1926 630 2038 684 btee
2065 644 2155 684 co-

582 729 771 800 gitatio
804 727 929 807 hinc
959 725 1155 787 oritur,
1191 724 1334 794 quod
1363 724 1634 776 damoncs
1684 723 1853 792 magis
1891 737 2031 775 nunc
2062 735 2157 776 vos

583 833 739 886 quam
777 817 908 872 olim
943 823 1210 885 premant.
1263 812 1470 865 Etenim
1515 813 1778 866 habuistis
1824 813 1988 868 etiam
2030 814 2155 867 olim

585 910 922 962 immundum
958 908 1228 975 spiritum,
1255 906 1345 974 qui
1381 905 1656 958 habitabat
1683 905 1734 958 in
1766 906 1918 961 vobis
1945 905 2158 976 quando

585 1000 722 1054 iddla
754 999 1036 1061 colebatis,
1070 1006 1123 1050 et
1163 997 1453 1066 prophetas
1485 995 1858 1062 occidebatis;
1909 1010 1960 1052 et
2013 998 2157 1052 visus

583 1100 664 1144 est
691 1100 871 1160 postea
902 1081 1070 1158 358
1093 1089 1238 1143 exite
1270 1103 1298 1140 a
1325 1088 1473 1142 vobis
1504 1104 1519 1141 :
1550 1096 1602 1140 at
1629 1103 1770 1143 nunc
1801 1090 1955 1144 rediit
1985 1089 2038 1142 in
2068 1089 2160 1143 do-

589 1197 729 1234 mum
777 1195 952 1244 suam,
997 1183 1098 1235 hoc
1137 1190 1219 1234 est
1257 1181 1462 1233 animas
1503 1190 1734 1244 vestras,
1783 1195 1903 1235 cum
1952 1189 2156 1249 septem

583 1272 880 1341 spiritibus,
908 1273 1009 1327 hoc
1029 1282 1110 1327 est
1128 1272 1344 1324 multis:
1379 1271 1659 1341 Scriptura
1672 1274 1815 1326 enim
1835 1281 2035 1340 septem
2063 1286 2160 1340 pro

587 1363 768 1415 multis
799 1372 1015 1428 usurpat
1045 1379 1059 1414 :
1100 1361 1336 1430 fecitque
1377 1364 1529 1417 vobis
1556 1373 1796 1416 extrema
1829 1364 2010 1431 pejora
2045 1363 2158 1430 prio

588 1453 709 1504 niis.
739 1452 874 1505 Cum
921 1454 1066 1507 enim
1112 1453 1247 1507 idola
1294 1454 1565 1513 coleretis.
1607 1455 1896 1523 prophetas
1945 1455 2158 1508 occide—

587 1541 746 1606 batis,
771 1543 1010 1597 nondum
1041 1556 1226 1614 aperte
1252 1544 1441 1612 injuria
1476 1543 1791 1599 alliciebatis
1822 1544 2012 1598 Filium
2046 1544 2158 1608 Dei,

587 1634 676 1699 qui
709 1649 853 1688 nunc
878 1645 1097 1701 propter
1120 1650 1213 1689 vos
1242 1635 1294 1688 in
1327 1650 1490 1689 carne
1512 1637 1778 1704 apparuit.
1807 1633 1959 1687 Nunc
1986 1642 2160 1687 autem

586 1740 705 1790 qua:
732 1739 852 1790 spes
880 1725 1070 1778 salutis
1108 1726 1322 1794 quando
1353 1735 1406 1778 et
1439 1726 1720 1780 incarnato
1745 1725 1882 1779 Filio
1921 1725 2038 1786 Dei.
2070 1725 2160 1792 qui

587 1825 640 1868 et
672 1827 888 1883 propter
921 1833 1012 1871 vos
1042 1817 1298 1871 miracula
1337 1827 1592 1886 operatus
1620 1826 1725 1882 est,
1767 1816 1815 1870 in
1845 1826 2044 1870 tantam
2079 1815 2159 1869 iu-

2265 625 2399 679 Θεοῦ
2426 624 2492 676 τὰ
2522 615 3001 689 διεσκορπισμένα,
3030 611 3239 665 ἐκείνου
3299 611 3479 679 ἔργον,
3519 607 3582 660 τὸ
3608 607 3677 659 τὰ
3715 623 3838 659 συν-

2262 717 2476 789 ηγμένα
2513 711 2848 782 σκορπίζειν.
2880 706 3002 768 Πῶς
3026 699 3118 758 οὖν
3135 702 3362 756 τοιαῦτα
3411 701 3540 770 περὶ
3584 697 3718 768 ἐμοῦ
3759 699 3843 751 λο-

2262 808 2503 878 γίζεσθε,
2532 809 2612 861 ὃτι
2647 803 2932 859 κοινωνίαν
2956 800 3063 870 ἔχω
3086 798 3222 870 πρὸς
3256 797 3348 850 τὸν
3380 797 3659 861 Σατανᾶν;
3704 792 3840 848 Ἀλλ’

2259 904 2428 965 ὅντως
2477 903 2504 955 ὁ
2553 899 2796 960 τοιοῦτος
2845 894 3108 964 λογισμὸς
3155 892 3284 961 ὑμῖν
3338 890 3539 960 συνέϐη
3585 889 3694 942 ἀπὸ
3748 887 3839 942 τοῦ

2266 994 2468 1066 μᾶλλον
2520 993 2662 1062 ὑμᾶς
2716 990 2997 1059 δαιμονᾷν.
3052 985 3160 1039 Καὶ
3201 985 3307 1053 γὰρ
3357 984 3533 1052 είχετε
3595 983 3694 1051 μὲν
3750 981 3843 1035 καὶ

2263 1085 2454 1155 πρώην
2495 1083 2554 1138 τὸ
2588 1081 2894 1154 ἀκάθαρτον
2938 1077 3156 1146 πνεῦμα
3188 1072 3434 1128 ἐνοικοῦν
3468 1075 3527 1125 ἔν
3557 1072 3710 1142 ὑμῖν,
3757 1075 3842 1126 ὅτε

2263 1177 2725 1244 ιίδωλολατρείτε,
2775 1171 2870 1224 καὶ
2900 1171 3027 1232 τοὺς
3060 1168 3342 1241 προφήτας
3371 1163 3683 1234 ὲφονεύετε·
3730 1159 3846 1216 εἶτα

2263 1269 2439 1333 ἔδοξεν
2466 1267 2702 1334 ἐξελθεῖν
2733 1264 2976 1334 ἐξύμῶν,
3001 1257 3121 1315 εῐτα
3142 1257 3237 1313 νῦν
3268 1255 3620 1327 ὑποστρέψαι)
3653 1257 3733 1318 είς
3757 1255 3847 1308 τὸν

2263 1359 2455 1414 ἑαυτοῦ
2500 1355 2668 1420 οἷκον,
2706 1355 2954 1410 τουτέστι
2995 1353 3092 1418 τὰς
3121 1350 3394 1422 ὑμετέρας
3441 1347 3645 1418 ψυχὰς,
3707 1348 3847 1417 μετὰ

2265 1450 2592 1521 πνευμάτων
2623 1448 2784 1516 ἑπτὰ,
2820 1448 2986 1518 ἤγουν
3018 1444 3252 1498 πολλῶν*
3297 1443 3358 1495 τὸ
3385 1441 3494 1510 γὰρ
3523 1439 3689 1504 ἑπτὰ,
3730 1440 3848 1491 ἀντὶ

2262 1542 2378 1606 τοῦ,
2407 1541 2596 1606 πολλὰ,
2629 1543 2830 1592 νοεῖται
2871 1538 3022 1608 παρὰ
3055 1539 3118 1606 τῇ
3163 1536 3376 1604 Γραφῇ·
3422 1532 3685 1600 εποίησεν
3721 1531 3848 1598 ὑμῖν

2263 1635 2331 1686 τὰ
2357 1634 2559 1703 ἔσχατα
2595 1632 2814 1703 χείρονα
2837 1631 2945 1684 τῶν
2977 1628 3228 1700 πρώτων.
3260 1629 3408 1698 Ὀσῳ
3431 1625 3552 1678 τότε
3587 1625 3690 1694 μὲν
3723 1625 3849 1677 ὅταν

2267 1724 2507 1787 ιίδώλοις
2548 1723 2892 1793 ἔλατρεύετε,
2939 1721 3063 1784 τοὺς
3109 1720 3393 1791 προφήτας
3433 1715 3848 1776 ὰπεκτιννύετε,

2268 1819 2364 1872 καί¹
2398 1817 2552 1870 οῦπω
2579 1817 2733 1869 οὐδὲν
2766 1817 2844 1878 είς
2876 1815 2964 1867 τὸν
2992 1813 3089 1866 τοῦ
3128 1810 3264 1866 Θεοῦ
3308 1812 3434 1865 Υίδν
3465 1810 3752 1881 προδήλως
3783 1809 3849 1861 δι’

588 1908 974 1976 ετοιιιυάὶιιειη
1030 1915 1084 1961 et
1153 1909 1529 1963 contumeliam
1583 1908 1944 1978 prorupistis?
1992 1907 2160 1962 Porro

2276 1911 2408 1978 Ξμᾶς
2439 1910 2494 1962 ὲν
2519 1908 2684 1978 σαρκὶ
2714 1907 2953 1976 φανέντα
2991 1903 3267 1974 ὑϐρίζετε.
3305 1902 3418 1956 Νῦν
3453 1903 3510 1955 δὲ
3536 1902 3666 1954 ποία
3700 1902 3850 1962 ἐλπὶς

590 1997 701 2050 loca
730 1999 1230 2077 iuaquosananima:
1253 2011 1380 2052 sunt
1401 2014 1588 2053 eorum
1613 1999 1706 2066 qui
1737 1999 1870 2052 nihil
1899 2014 2159 2067 aquosum

587 2100 642 2141 et
682 2091 993 2143 dissolutum
1045 2091 1268 2153 habent,
1306 2094 1399 2145 sed
1449 2091 1611 2145 arida:
1645 2101 1699 2146 et
1743 2092 1984 2146 sollicitae
2016 2100 2160 2157 sunt,

588 2178 641 2231 iu
679 2180 872 2245 quibus
916 2181 1112 2234 nullam
1148 2182 1380 2251 quietem
1427 2183 1628 2237 invenit
1667 2184 1886 2251 spiritus
1933 2184 2164 2236 iuunuu-

589 2269 755 2323 (litim.
809 2271 871 2324 Et
911 2272 1162 2338 quoniam
1219 2274 1268 2325 in
1320 2273 1514 2326 talibus
1560 2274 1846 2327 animabus
1901 2274 2166 2342 maiignus

595 2361 798 2415 nullum
829 2363 1082 2417 domicilii
1117 2364 1293 2417 locum
1334 2365 1558 2430 invenit,
1597 2367 1662 2416 ad
1697 2363 1907 2418 Judmos
1940 2367 2165 2419 reverti-

595 2462 702 2511 tur.
723 2463 774 2505 et
805 2451 934 2505 fiunt
961 2453 1091 2523 ipsis
1117 2455 1412 2523 posteriora
1440 2454 1708 2509 dcte-riora
1736 2457 1924 2524 primis
1952 2473 1963 2508 :
1989 2472 2165 2525 neque

590 2540 763 2593 adhuc
785 2544 981 2596 habent
1005 2545 1331 2614 prepbetas;
1366 2547 1679 2599 occiderunt
1705 2548 1846 2601 enim
1885 2546 2158 2602 Verbum:

594 2648 768 2701 neque
820 2637 1125 2689 unctionem
1156 2655 1168 2689 :
1205 2638 1484 2692 Christum
1544 2640 1687 2691 enim
1755 2641 2160 2694 cruciilxeruut.

597 2723 720 2778 llaec
751 2727 893 2780 enim
933 2729 982 2780 in
1018 2730 1122 2783 iliis
1165 2731 1290 2783 olim
1340 2731 1688 2798 apparebant,
1727 2733 1979 2799 quamvis
2029 2732 2164 2786 idola

595 2815 870 2870 tolerent:
901 2835 1041 2872 nunc
1073 2824 1392 2891 autemquia
1426 2825 1476 2875 in
1508 2821 1700 2875 Filium
1733 2824 1819 2876 Dei
1845 2831 2168 2892 peccarunt,

596 2908 844 2960 omnibus
876 2911 948 2962 illi
977 2915 1168 2978 privati
1199 2925 1342 2967 sunt.

2271 2001 2571 2071 σωτηρίας,
2620 2001 2708 2052 ὅτε
2752 2000 2845 2052 καὶ
2899 1996 3274 2067 σαρκωθέντος
3316 1993 3408 2046 τοῦ
3458 1993 3615 2064 Υίοῦ,
3651 1994 3747 2044 καὶ
3785 1992 3850 2044 δι’

2263 2093 2408 2163 ὑμᾶς
2433 2089 3000 2160 θαυματουργοῦντος,
3025 2089 3115 2140 ἐπὶ
3139 2088 3237 2154 τῆς
3261 2087 3430 2156 αὐτῆς
3451 2085 3849 2154 ἀγνωμοσύνης

2263 2186 2361 2237 καὶ
2403 2183 2612 2252 ῦσρεως
2658 2182 2960 2250 ἑστήκατες
3013 2179 3264 2249 Ἀνυδροι
3314 2177 3368 2231 δὲ
3418 2178 3599 2240 τόποι,
3641 2178 3694 2228 αἱ
3748 2176 3852 2228 τῶν

2268 2273 2432 2346 μηδὲν
2491 2273 2684 2344 ὑδαρὲς
2739 2273 2970 2342 ἑχόντων
3009 2271 3178 2341 ψυχαὶ
3250 2271 3382 2341 μηδὲ
3427 2269 3676 2333 ἔκλυτον,
3722 2268 3854 2321 ἀλλᾶ

2266 2368 2362 2420 καὶ
2407 2366 2589 2436 ξηραὶ,
2644 2365 2740 2418 καί⁵
2791 2365 3292 2444 μεμεριμνημέναι,
3351 2364 3406 2414 ὲν
3452 2357 3538 2426 αίς
3595 2361 3856 2432 οὐδεμίαν

2266 2459 2511 2527 εὑρίσκει
2559 2458 2630 2526 ,τὸ
2687 2455 2906 2525 πνεῦμα
2958 2457 3055 2522 τῆς
3125 2453 3466 2523 ἀκαθαρσίας
3521 2453 3852 2506 ἀνάπαυσιν.

2281 2551 2436 2603 Ἐπεὶ
2482 2548 2660 2601 τοίνυν
2715 2548 2771 2598 ἐν
2827 2550 2947 2610 ταῖς
2997 2546 3274 2610 τοιαύταις
3324 2545 3526 2614 ψυχαῖς
3592 2544 3854 2609 οὐδεμίαν

2271 2641 2596 2711 ἐνοικήσεως
2624 2637 2807 2709 χώραν
2825 2639 2933 2707 ἔχει
2954 2641 2984 2691 ὁ
3008 2639 3262 2707 πονηρὸς,
3289 2637 3382 2689 ἐπὶ
3403 2637 3530 2698 τοὺς
3568 2635 3854 2696 Ἰουδαίους

2272 2735 2554 2801 τρέπεται,
2590 2734 2682 2785 καὶ
2711 2734 2922 2800 γίνεται
2945 2732 3122 2784 αὐτῶν
3151 2732 3219 2784 τα
3251 2731 3454 2798 ἔσχατα
3496 2731 3724 2799 χείρονα
3752 2727 3856 2780 τῶν

2270 2824 2520 2894 πρώτων·
2550 2823 2735 2876 οὐκέτι
2765 2824 2869 2892 γὰρ
2900 2823 3028 2891 παρ’
3059 2825 3241 2885 αὐτοῖς
3267 2820 3568 2890 προφῆται·
3597 2820 3856 2872 ἀπέκτει-

2269 2937 2366 2971 ναν
2401 2917 2508 2988 γὰρ
2533 2921 2624 2971 τὸν
2654 2919 2831 2984 λόγον·
2867 2918 3052 2969 ούκέτι
3088 2915 3320 2986 χρίσμα”
3352 2914 3442 2965 τὸν
3475 2914 3587 2981 γὰρ
3620 2911 3856 2987 Χριστὸν

593 2998 966 3068 ἐσταύρωσαν.
1005 3001 1187 3057 Ταῦτα
1214 3004 1269 3058 δὲ
1303 3007 1362 3057 ἐν
1401 3005 1580 3067 αὐτοῖς
1618 3005 1840 3074 ώρῶντο
1909 3005 2119 3076 πρώην,
2157 3011 2204 3062 εί
2247 3012 2338 3063 καὶ
2390 3010 2826 3079 είδωλολάτρουν,
2887 3008 2979 3060 νῦν
3025 3008 3079 3060 δὲ
3127 3008 3249 3058 ἐπεὶ
3319 3007 3400 3068 είς
3443 3004 3535 3056 τὸν
3589 3004 3721 3058 Υἰὸν
3765 3004 3853 3057 τοῦ

594 3089 728 3142 Θεοῦ
761 3092 1026 3160 ἥμαρτον,
1061 3097 1274 3149 πάντων
1310 3098 1652 3165 ἐστέρηνται.

673 3181 1039 3239 \'eas.‘27-52.
1072 3207 1087 3236 ι
1119 3187 1340 3241 Factum
1367 3201 1445 3242 est
1467 3202 1668 3252 autem,
1689 3206 1810 3246 cum
1831 3194 1942 3247 lucc
1964 3194 2166 3248 diceret
2197 3199 2242 3258 α

597 3273 858 3329 i-xtollens
884 3291 1064 3330 vocem
1090 3282 1332 3346 quaedam
1363 3282 1553 3334 mulier
1574 3283 1639 3335 de
1669 3285 1844 3348 turba,
1869 3285 2006 3337 dixit
2051 3286 2122 3338 illi
2157 3303 2169 3339 :

599 3363 791 3420 Beatus
817 3377 1001 3421 venter
1036 3370 1124 3436 qui
1155 3379 1202 3424 te
1237 3373 1489 3439 portavit,
1533 3382 1586 3425 et
1617 3374 1778 3427 ubera
1808 3391 1926 3444 qua:
1954 3376 2168 3430 suxisti.

603 3456 786 3512 Atille
817 3459 989 3513 dixit:
1018 3460 1290 3525 Quinimo,
1323 3465 1466 3518 beati
1499 3464 1583 3531 qui
1616 3466 1840 3519 audiunt
1868 3481 2170 3523 sermonem

607 3552 718 3614 Dei,
753 3564 800 3608 et
847 3557 1154 3610 custodiunt
1191 3558 1357 3611 illum.
1390 3558 1585 3611 'l‘urhis
1623 3571 1800 3613 autem
1839 3561 2173 3616 condensati-

606 3645 746 3696 tibus
772 3659 828 3696 se
853 3648 1011 3711 cmpit
1043 3647 1225 3702 dicere
1256 3664 1267 3700 :
1304 3646 1460 3700 Natio
1489 3649 1600 3702 ιιωο
1637 3650 1775 3702 mala
1803 3662 1926 3706 est:
1961 3653 2172 3719 signum

603 3737 817 3801 quaerit,
848 3747 900 3790 et
929 3738 1141 3806 signum
1178 3756 1277 3791 non
1305 3740 1523 3793 dabitur
1545 3742 1615 3806 ei,
1647 3743 1747 3796 nisi
1788 3743 1995 3810 signum
2029 3741 2176 3797 luna:

603 3828 900 3895 proplieta‘.
945 3827 1076 3882 Nam
1111 3831 1247 3905 sicut
1291 3829 1459 3885 Jonas
1498 3834 1708 3902 signum
1763 3833 1856 3886 fuit
1905 3833 2173 3899 Ninivitis,

607 3917 680 3969 ita
735 3920 894 3972 etiam
930 3919 1097 3973 Filius
1147 3921 1378 3975 hominis
1418 3923 1522 3975 erit
1575 3924 1775 3976 nationi
1821 3925 1929 3978 isti.
1975 3925 2177 3995 Regina

607 4011 776 4064 austri
805 4021 985 4077 surget
1034 4013 1083 4064 in
1112 4011 1314 4079 judicio
1344 4027 1466 4066 cum
1493 4015 1621 4067 viris
1651 4015 1882 4069 nationis
1915 4017 2093 4085 hujus,
2127 4027 2180 4070 et

609 4103 988 4155 condemnabit
1011 4102 1128 4156 illos
1157 4121 1170 4155 :
1206 4105 1327 4172 quia
1367 4105 1512 4156 venit
1539 4120 1566 4156 a
1593 4104 1788 4159 ﬁnibus
1821 4116 1976 4159 terra:
2003 4118 2058 4159 ut
2086 4123 2179 4159 au—

610 4192 749 4244 diret
784 4194 1102 4260 sapientiam
1134 4195 1460 4259 Solomonis,
1493 4205 1546 4250 et
1573 4212 1697 4250 ecce
1726 4198 1842 4265 plus
1881 4215 2039 4267 quam
2081 4200 2180 4255 So-

606 4282 784 4336 lomon
823 4283 924 4336 hoc
959 4283 1009 4336 in
1040 4284 1178 4338 loco.
1215 4285 1323 4337 Viri
1353 4283 1600 4339 Ninivitre
1641 4299 1859 4357 surgent
1901 4290 1952 4342 in
1981 4290 2180 4355 judicio

608 4389 728 4427 eum
763 4376 980 4430 natione
1010 4376 1132 4440 hac,
1165 4387 1219 4430 et
1267 4379 1703 4432 condemnabunt
1746 4381 1913 4445 illam,
1962 4384 2086 4449 quia
2115 4384 2181 4436 ad

605 4467 974 4534 penitentiam
1019 4469 1234 4522 adducti
1289 4481 1414 4524 sunt
1460 4471 1844 4538 praedicatione
1890 4473 2039 4528 Jona:
2080 4494 2094 4529 :
2129 4486 2182 4528 et

2356 3189 2602 3257 Ἐγένετο
2633 3187 2688 3239 δὲ
2729 3188 2785 3238 ἐν
2830 3186 2906 3254 τῷ
2956 3185 3133 3251 λέγειν
3163 3184 3324 3236 αὐτὸν
3367 3182 3559 3250 ταῦτα,
3603 3183 3856 3254 ἐπάρασά

2277 3301 2358 3343 τις
2388 3280 2524 3349 γυνὴ
2552 3279 2732 3348 φωνὴν
2759 3281 2821 3331 ἐκ
2850 3277 2939 3328 τοῦ
2977 3277 3156 3345 ὄχλου,
3183 3269 3336 3328 εἶπεν
3356 3274 3505 3342 αὺτῷ
3534 3291 3548 3304 °
3594 3276 3856 3345 Μακαρία

2279 3376 2311 3442 ἡ
2341 3375 2516 3427 κοιλία
2551 3375 2581 3442 ἡ
2611 3371 2925 3440 βαστάσασά
2956 3386 3035 3431 σε,
3067 3371 3160 3422 καὶ
3193 3370 3412 3437 μαστοὶ,
3439 3369 3534 3431 οὒς
3566 3369 3854 3437 ἐθήλασας.

2273 3467 2444 3526 Αὐτὸς
2491 3465 2545 3516 δὲ
2605 3460 2757 3515 εἷπε·
2800 3461 3100 3527 Μενοῦνγε,
3152 3461 3412 3529 μακάριοι
3463 3460 3516 3512 al
3566 3462 3857 3524 ἀκούοντες

2275 3556 2363 3609 τὸν
2417 3556 2571 3621 λόγον
2612 3552 2701 3604 τοῦ
2740 3551 2905 3611 Θεοῦ,
2945 3553 3038 3603 καί
3085 3550 3456 3618 φυλάσσοντες
3498 3551 3690 3606 αὐτόν.
3741 3551 3860 3605 Τῶν

2275 3649 2329 3700 δὲ
2360 3648 2527 3716 ὄχλων
2561 3644 3056 3713 ἐπαθροιζομένων.
3095 3643 3296 3711 ἤρξατο
3335 3642 3550 3709 λέγειν·
3593 3643 3659 3697 Ἦ
3703 3645 3861 3712 γενεὰ

2279 3737 2415 3804 αὐτη
2441 3734 2651 3802 πονηρὰ
2682 3735 2824 3796 ἔστι,
2852 3735 3078 3801 σημεῖον
3105 3732 3373 3800 ἐπιζητεῖ,
3404 3736 3498 3785 καὶ
3540 3737 3770 3804 σημεῖον
3800 3737 3860 3789 οὗ

2280 3825 2564 3894 δοθήσεται
2597 3823 2756 3892 αὐτῇ,
2797 3822 2842 3873 εί
2878 3823 2952 3890 μὴ
2977 3822 3036 3872 τδ
3074 3823 3298 3891 σημεῖον
3333 3821 3488 3874 ’ῐωνᾶ
3522 3823 3620 3875 τοῦ
3649 3825 3862 3894 προφή-

2280 3935 2393 3972 του.
2453 3913 2646 3978 Καθὼς
2677 3915 2786 3983 γὰρ
2837 3913 3051 3981 ἐγένετο
3099 3914 3279 3974 Ἰωνᾶς
3314 3915 3548 3983 σημεῖον
3596 3915 3713 3978 τοῖς
3764 3915 3863 3968 Νι-

2280 4010 2540 4070 νευίταις,
2571 4008 2741 4070 οὕτως
2779 4006 2930 4059 ἔσται
2971 4006 3113 4060 καὶὸ
3145 4007 3270 4068 Υίδς
3322 4005 3417 4058 τοῦ
3465 4005 3760 4077 ἀνθρώπου
3799 4012 3863 4078 τῇ

2280 4105 2442 4171 γενεᾷ
2478 4102 2666 4170 ταύτῃ.
2712 4099 3009 4152 Βασίλισσα
3064 4099 3218 4151 νότου
3280 4099 3652 4171 ἐγερθήσεται
3709 4103 3769 4154 ἑν
3800 4105 3863 4171 τῇ

2282 4197 2460 4264 κρίσει
2495 4195 2630 4263 μετὰ
2658 4193 2764 4244 τῶν
2795 4192 3005 4260 ἀνδρῶν
3032 4191 3130 4258 τῆς
3161 4194 3353 4259 γενεᾶς
3378 4192 3611 4261 ταύτης,
3643 4195 3738 4246 καὶ
3767 4210 3864 4246 κα·

2281 4291 2522 4356 τακρινεῖ
2554 4287 2769 4346 αὐτοὺς,
2802 4286 2882 4337 ὅτι
2909 4280 3075 4352 ἦλθεν
3106 4285 3168 4335 ὲκ
3197 4284 3305 4335 τῶν
3339 4285 3598 4354 περάτων
3639 4287 3742 4355 τῆς
3770 4288 3869 4355 γῆς

2283 4379 2513 4431 ἀκοῦσαι
2557 4379 2652 4447 τὴν
2708 4378 2898 4444 σοφίαν
2948 4376 3314 4443 ἃλομῶντος,
3365 4378 3460 4429 καὶ
3517 4377 3630 4430 ίδοὶι
3690 4378 3868 4432 πλεῖον

2286 4473 2628 4541 Σολομῶντος
2659 4465 2780 4523 ὦδε.
2817 4470 3043 4540 Ἀνδρες
3076 4469 3356 4522 Νινευίται
3388 4469 3792 4541 ἀναστήσονται
3815 4474 3870 4524 ὲν

607 4571 733 4610 ecce
784 4557 902 4625 plus
934 4575 1093 4627 quam
1139 4558 1270 4614 Jona
1307 4561 1409 4614 hoc
1450 4563 1500 4614 in
1555 4563 1694 4616 loco.
1736 4581 1754 4615 ι
1799 4563 2086 4620 Ριιοιὶετείε
2124 4578 2171 4622 et

2283 4567 2344 4632 τῇ
2371 4563 2546 4630 κρίσει
2578 4562 2713 4628 tia-cii
2736 4561 2832 4628 τῆς
2855 4560 3047 4625 γενεᾶς
3061 4561 3286 4627 ταύτης,
3315 4559 3409 4612 καὶ
3435 4561 3867 4631 κατακρινοῦσιν

613 4646 819 4702 Scribis
843 4650 1098 4703 miracula
1124 4652 1456 4715 taxautibus,
1483 4653 1674 4706 mulier
1697 4654 1922 4723 simplex
1945 4659 2176 4729 doloque

610 4758 801 4797 carens
841 4744 926 4798 ilia
967 4745 1227 4799 celebrat.
1292 4744 1390 4799 Ubi
1445 4756 1623 4801 autem
1675 4758 1802 4802 sunt
1853 4750 1942 4817 qui
1993 4751 2178 4805 dicunt

611 4835 894 4889 Dominum
922 4846 1242 4906 apparenter
1267 4847 1469 4892 tantum
1497 4841 1845 4909 apparuisse?
1874 4840 1994 4897 Haec
2020 4844 2179 4910 igitdr

613 4930 766 4983 testis
789 4931 858 4982 sit
891 4930 1028 4997 quod
1058 4937 1109 4981 et
1138 4930 1301 4983 ubera
1331 4932 1557 4985 snxerit.
1584 4931 1699 4999 Ipse
1727 4947 1854 4988 vero
1887 4934 2072 4988 beatos
2097 4935 2180 4986 di-

615 5022 688 5074 cit
727 5021 850 5074 illos
897 5021 986 5089 qui
1016 5021 1329 5075 custodiunt
1365 5036 1667 5078 sermonem
1716 5023 1832 5090 Dei,
1878 5040 1982 5077 non
2015 5025 2180 5079 desti-

618 5122 773 5168 tuens
803 5115 1135 5170 beatitudine
1163 5117 1386 5171 Matrem
1414 5132 1587 5181 suam,
1613 5117 1753 5171 absit
1784 5137 1796 5170 :
1829 5119 1923 5172 sed
1947 5121 2184 5174 ostendit

616 5207 756 5270 quod
795 5207 954 5259 etiam
990 5207 1064 5259 illi
1111 5209 1255 5262 nulla
1290 5208 1494 5261 utilitas
1525 5207 1700 5261 futura
1749 5209 1817 5262 sit
1848 5224 1912 5264 ex
1939 5226 2004 5264 eo
2039 5212 2181 5280 quod

619 5296 822 5361 peperit
846 5308 897 5350 et
928 5298 1205 5351 lactaverit
1229 5299 1425 5367 ipsum.
1455 5301 1554 5355 nisi
1579 5301 1807 5355 virtutes
1833 5302 1966 5356 alias
1991 5316 2182 5358 omnes

622 5385 834 5440 habeat.
869 5388 1093 5456 Insuper
1124 5397 1177 5443 et
1213 5390 1325 5444 hazc
1349 5393 1661 5459 tempestive
1692 5393 1842 5446 dicit.
1875 5393 2008 5459 Quia
2040 5395 2181 5450 enim

621 5478 785 5532 invidi
821 5489 869 5532 et
915 5481 1285 5536 inobedientes
1336 5484 1630 5551 arguebant
1674 5487 1808 5538 alios
1833 5487 1943 5555 {qui
1975 5502 2184 5542 sermo-

625 5584 721 5624 nes
789 5569 903 5636 ejus
957 5574 1264 5635 audiebant.
1305 5575 1420 5628 ideo
1469 5576 1716 5629 Christus
1764 5587 1950 5631 contra
2000 5579 2188 5632 beatos

626 5678 720 5718 eos
759 5664 890 5716 dicit
945 5664 1036 5732 qui
1101 5665 1340 5718 audiunt.
1396 5665 1662 5721 Fortassis
1721 5679 1900 5723 autem
1961 5679 2015 5723 et
2059 5684 2187 5738 pro-

629 5766 749 5825 pter
802 5766 1050 5811 sanatum
1099 5757 1317 5812 surdum
1369 5758 1480 5813 haec
1513 5760 1644 5815 dicit
1679 5778 1694 5816 :
1729 5769 1787 5815 ut
1828 5769 1879 5815 et
1912 5761 2027 5831 ipse
2064 5777 2188 5817 cum

631 5847 882 5913 audierit,
945 5847 1108 5903 faciat
1177 5862 1502 5914 sermonem,
1569 5857 1620 5905 et
1691 5867 1794 5907 non
1865 5851 1958 5905 tiat
2022 5852 2071 5907 ei
2139 5852 2190 5906 in

2286 4655 2476 4721 αὐτὴν,
2504 4655 2584 4705 ὃτι
2609 4652 2943 4722 μετενόησαν
2966 4652 3044 4712 εἰς
3061 4650 3121 4702 τὸ
3150 4651 3416 4717 κήρυγμα
3444 4650 3625 4715 Ἰωνᾶ,
3649 4655 3741 4705 καὶ
3767 4653 3868 4707 ἰδοὺ

2287 4746 2471 4798 πλεῖον
2508 4744 2660 4797 Ἰωνᾶ
2682 4738 2804 4795 ὦδε.
2841 4762 2859 4794 ι
2887 4743 3007 4795 Τῶν
3029 4742 3340 4812 Φαρισαίων
3364 4744 3462 4795 καὶ
3490 4742 3870 4812 Γραμματέων

2286 4837 2678 4891 διαϐαλλόντων
2710 4837 2776 4888 τὰ
2821 4835 3095 4906 θαύματα,
3132 4836 3164 4906 ἡ
3203 4833 3341 4903 γυνὴ
3371 4835 3433 4887 τὸ
3461 4832 3653 4888 ἄδολον
3686 4840 3872 4906 χρῆμα

2288 4932 2381 4983 καὶ
2421 4928 2624 4983 ἁπλοῦν
2661 4929 2917 4998 εὐφημεῖ.
2955 4927 3066 4979 Ποῦ
3092 4926 3148 4979 δέ
3182 4927 3322 4978 εἰσιν
3369 4927 3418 4979 οί
3457 4926 3716 4994 λέγοντες
3741 4946 3872 4995 quia.

2287 5022 2448 5092 τασίᾳ⁵
2484 5022 2715 5090 φανῆναι
2759 5021 2848 5072 τὸν
2879 5019 3112 5087 Κύριον;
3173 5018 3306 5071 Ἰδοὺ
3349 5019 3459 5088 γὰρ
3494 5020 3592 5072 καὶ
3629 5022 3871 5088 μαστοὺς

2289 5115 2517 5184 θηλάσαι
2540 5117 2918 5184 μαρτυρεῖται.
2937 5113 3108 5175 Αὐτὸς
3128 5111 3186 5165 δὲ
3204 5111 3502 5181 μακαρίζει
3529 5113 3659 5166 τοὺς
3683 5114 3874 5183 φυλάσ-

2294 5224 2480 5269 σοντας
2505 5208 2597 5261 τὸν
2626 5206 2780 5273 λόγον
2816 5205 2906 5258 τοῦ
2946 5198 3103 5270 Θεοῦ,
3131 5206 3232 5258 οὐκ
3263 5204 3546 5259 ἐκϐάλλων
3573 5207 3672 5260 τοῦ
3702 5223 3873 5277 μακαο

2295 5299 2490 5368 ρισμοῦ
2530 5301 2628 5369 τὴν
2667 5299 2897 5367 Μητέρα
2933 5297 3120 5364 αὑτοῦ,
3166 5297 3370 5366 ἄπαγε,
3413 5299 3557 5353 ἀλλὰ
3589 5299 3868 5364 δεικνύων,

2291 5391 2372 5443 ὅτι
2416 5391 2567 5444 οὐδὲν
2599 5391 2718 5444 οὐδὲ
2765 5391 2945 5460 ἐκείνη
2974 5391 3393 5460 ὠφεληθήσεται
3421 5392 3533 5444 ἀπὸ
3565 5391 3660 5447 τοῦ
3698 5393 3872 5446 τεκείύ

2295 5485 2456 5536 αὑτὸν
2508 5486 2599 5538 καὶ
2660 5485 2915 5554 θηλάσαι,
2966 5485 3014 5537 εί
3067 5485 3141 5554 μὴ
3184 5486 3278 5538 καὶ
3306 5485 3407 5556 τὴν
3453 5485 3628 5556 ἄλλην
3658 5486 3871 5539 ἃπασαν

2299 5576 2496 5646 ἀρετὴν
2544 5577 2678 5644 ἔχοι.
2713 5577 2862 5644 ’Λμα
2912 5576 2967 5629 δὲ
3001 5576 3092 5629 καὶ
3150 5575 3288 5645 πρὸς
3333 5577 3424 5629 τὸν
3465 5578 3662 5647 καιρὸν
3705 5575 3874 5631 ταῦτά

2301 5683 2484 5734 φησιν.
2523 5666 2674 5717 Ἐπεὶ
2701 5667 2807 5736 γὰρ
2833 5671 2880 5720 οί
2908 5666 3167 5736 βάσκανοι
3190 5666 3283 5719 καὶ
3313 5667 3539 5737 ἀνήκοοι
3569 5667 3681 5720 τῶν
3706 5666 3872 5734 λόγων

2302 5759 2465 5811 αὑτοῦ
2506 5758 2782 5813 διέϐαλλον
2821 5759 2946 5822 τοὺς
2987 5759 3307 5825 ἀκούοντας,
3337 5759 3503 5822 nam
3539 5761 3602 5812 τδ
3636 5761 3874 5814 ἐναντίον

2308 5851 2489 5919 ποιῶν,
2529 5851 2728 5922 μᾶλλον
2769 5853 3060 5924 μακαρίζει
3115 5855 3237 5918 τοὺς
3282 5854 3607 5918 ἀκούοντας.
3639 5855 3792 5926 Τάχα
3818 5854 3871 5906 δὲ
