4038 6568
268 478 376 542 865

1008 469 1464 533 ENABRATIO
1506 469 1591 531 ΙΝ
1631 465 2145 530 EVANGELIUM
2185 463 2424 526 LUC/E.
2464 490 2532 502 --
2567 466 2730 527 CAP.
2773 467 2882 527 X1.

3473 474 3581 537 866

271 591 365 650 καὶ
392 589 481 644 διὰ
510 591 603 643 τὸν
630 588 848 646 ίαθέντα
881 586 1064 656 κωφὸν
1091 585 1268 641 ταῦτά
1298 603 1489 658 φησιν,
1536 584 1622 636 ἵνα
1649 583 1746 637 καὶ
1770 583 1853 635 αύ-

1977 579 2494 635 condemuationetn
2566 591 2785 650 recepta
2854 581 3114 637 audiendi
3169 583 3338 655 359
3387 585 3578 644 virtus.

268 690 358 755 τὸς
390 687 636 751 ἀκούσας
668 683 880 756 φυλάξῃ
913 683 1004 737 τὸν
1032 682 1214 752 λόγον,
1249 681 1343 735 καὶ
1372 680 1449 750 μὴ
1475 680 1695 748 γίνηται
1723 675 1871 746 αὐτῷ

267 784 300 855 ἡ
337 783 475 854 πρὸς
505 779 567 832 τὸ
613 779 836 834 ἀκούειν
866 775 1098 845 δύναμις
1146 777 1226 838 εἰς
1272 773 1621 844 κατάκρισιν.
1661 773 1784 826 Τῶν
1813 771 1869 824 δὲ

266 877 440 948 όχλων
479 872 982 944 ἐπαθροιζομένων,
1023 869 1230 942 ἤρξατο
1281 871 1310 922 6
1372 870 1580 939 Κύριος
1621 867 1869 939 ἐλέγχειν

264 973 390 1035 τοὺς
410 968 758 1039 ἀγνώμονας.
792 966 1014 1036 Ἐπειδὴ
1043 964 1154 1036 γὰρ
1174 959 1317 1035 ἦσάν
1343 979 1490 1026 τινες
1521 961 1654 1032 παρ’
1682 960 1870 1023 αὐτοῖς

264 1065 314 1118 oi
351 1059 641 1132 ζητοῦντες
675 1063 902 1131 σημεῖον
934 1059 994 1126 ἐξ
1022 1057 1258 1127 ούρανοῦ
1289 1056 1550 1127 γενέσθαι
1591 1055 1743 1124 παρὰ
1772 1051 1867 1108 τοῦ

278 1153 478 1220 Ἰησοῦ·
513 1153 699 1222 ἔλεγον
727 1152 860 1222 γὰρ,
895 1151 976 1204 ὃτι
1013 1151 1157 1205 Ὅσα
1191 1152 1340 1203 ποιεῖ
1371 1149 1602 1218 σημεῖα,
1632 1147 1741 1200 ἀπὸ
1764 1147 1869 1216 γῆς

261 1249 392 1312 είσι,
430 1247 526 1302 καὶ
569 1248 627 1300 ὲν
657 1245 989 1309 Βεελζεϐοὺλ
1028 1244 1205 1297 ταῦτα
1247 1244 1392 1296 ποιεῖ
1439 1241 1520 1312 τῷ
1554 1239 1869 1312 κοσμοκρά-

257 1356 404 1411 τορι,
434 1339 511 1402 ὡς
552 1337 732 1408 ἔχοντι
779 1337 878 1406 τῆς
919 1338 1023 1404 γῆς
1057 1334 1332 1400 ἐξουσίαν,
1362 1333 1421 1400 ἐξ
1455 1331 1688 1402 ούρανοῦ
1723 1331 1779 1383 δὲ
1803 1331 1865 1384 οὐ

257 1433 487 1489 δύναται
516 1435 761 1499 ποιῆσαι,
803 1426 892 1484 οἷα
942 1431 1016 1500 μὴ
1059 1427 1154 1483 τοῦ
1185 1428 1442 1497 οὐρανίου
1474 1424 1690 1495 [ἰατρὸς
1738 1425 1867 1490 Υἱὸς

256 1528 359 1582 ὢν.
396 1529 551 1581 Ἐπεὶ
596 1525 689 1579 οὖν
725 1520 867 1594 ἦσάν
889 1541 1033 1586 τινες
1073 1525 1120 1576 οἱ
1153 1521 1326 1576 ταῦτα
1361 1521 1636 1589 λέγοντες,
1672 1519 1865 1574 τούτου

255 1619 448 1672 ινεκεν
485 1618 698 1687 ἐλέγχει
726 1616 928 1679 αὐτοὺς
961 1615 989 1666 6
1027 1613 1255 1684 Κύριος,
1304 1613 1399 1666 καί
1435 1629 1622 1680 φησιν,
1655 1612 1737 1664 ὅτι
1767 1613 1866 1663 Δο-

256 1713 488 1782 θὴσεται
527 1712 658 1780 ὑμῖν
683 1712 932 1780 σημεῖον,
959 1709 1098 1777 ὅπερ
1128 1706 1294 1771 δείξει
1345 1723 1412 1777 με
1445 1704 1701 1776 ἀληθινὸν
1736 1705 1865 1758 Υίὸν

254 1804 354 1859 τοῦ
405 1803 657 1874 οὐρανίου
713 1804 949 1874 Πατρός.
1002 1804 1161 1856 Ποῖον
1207 1800 1397 1866 τοῦτο;
1433 1801 1506 1853 Τὸ
1540 1799 1634 1852 τοῦ
1689 1796 1860 1863 Ἰωνᾶ,

253 1899 427 1970 ἤγουν
452 1897 513 1950 τὸ
547 1899 646 1966 τῆς
686 1896 1060 1958 ἀναστάσεως.
1089 1893 1301 1963 Ὥσπερ
1329 1892 1439 1963 γὰρ
1474 1891 1684 1955 ἐκεῖνος
1716 1893 1863 1960 τρεῖς

1977 671 2453 742 Congregantibus
2488 682 2667 728 autem
2723 689 2782 729 se
2819 676 3014 742 turbis,
3057 679 3222 748 carpit
3283 677 3444 735 Jesus
3493 697 3579 734 re-

1973 766 2316 837 prehendere
2363 766 2624 838 ingratos.
2674 767 2812 821 Nam
2843 771 3102 839 quoniam
3158 782 3313 828 erant
3357 776 3580 843 quidam

1974 859 2117 930 apud
2171 875 2268 916 eos
2328 861 2422 930 qui
2481 863 2803 931 quterebant
2862 863 3077 934 signum
3144 867 3210 921 dc
3260 867 3401 922 C(BIO
3457 867 3574 923 lieri

1973 968 2005 1008 a
2044 951 2200 1020 Jesu,
2247 955 2506 1009 dicebant
2569 957 2718 1012 enim
2755 971 2768 1008 :
2808 956 2972 1026 Signa
3011 972 3131 1028 qum
3179 959 3305 1013 fecit
3339 961 3403 1016 de
3436 971 3582 1016 terra

1972 1054 2122 1111 sunt,
2183 1054 2238 1101 et
2299 1046 2429 1100 facit
2481 1063 2542 1101 ea
2607 1049 2662 1101 in
2719 1046 3008 1102 Beclzebul
3070 1052 3255 1106 mundi
3314 1053 3581 1124 principe,

1972 1138 2066 1206 qui
2118 1147 2449 1207 potestatem
2487 1138 2647 1192 habet
2698 1149 2857 1193 terra:
2902 1157 2914 1191 :
2958 1142 3024 1194 de
3067 1142 3210 1195 cmlo
3245 1152 3426 1195 autem
3474 1158 3582 1198 non

1973 1232 2196 1302 poterit,
2222 1245 2286 1286 eo
2313 1231 2456 1301 quod
2485 1247 2588 1285 non
2615 1231 2688 1286 sit
2713 1230 3092 1287 Filius‘Patris
3123 1233 3367 1291 caalestis
3392 1251 3405 1288 :
3433 1237 3580 1304 quia,

1972 1325 2222 1395 inquam,
2261 1324 2486 1378 fuerunt
2537 1323 2758 1394 quidam
2794 1327 2909 1381 haec
2948 1328 3216 1395 dicentes,
3252 1329 3369 1396 ejus
3402 1334 3577 1398 gratia

1972 1419 2159 1489 arguit
2186 1433 2280 1472 eos
2303 1417 2586 1484 Dominus,
2611 1428 2665 1474 et
2691 1421 2822 1475 dicit
2856 1438 2868 1475 :
2900 1419 3129 1476 Dabitur
3157 1423 3310 1477 vobis
3337 1423 3580 1493 signum,

1977 1513 2121 1581 quod
2171 1513 2427 1569 ostendet
2476 1529 2560 1568 me
2604 1528 2792 1566 verum
2845 1513 3045 1568 Filium
3095 1515 3339 1571 caelestis
3377 1515 3582 1574 Patris.

1972 1605 2145 1673 Quale
2179 1606 2325 1660 hoc?
2357 1602 2509 1660 Jona:
2546 1607 2787 1676 signum,
2832 1605 2935 1660 ltoc
3000 1615 3085 1662 est
3132 1610 3578 1664 resurrectionis.

1971 1698 2132 1755 Sicut
2182 1701 2327 1755 enim
2375 1699 2470 1756 ille
2514 1701 2692 1755 tribus
2739 1701 2932 1756 diebus
2976 1700 3078 1755 fuit
3116 1701 3168 1756 in
3218 1713 3410 1758 ventre
3446 1706 3579 1769 ceti,

1970 1793 2046 1848 ita
2098 1801 2156 1850 et
2206 1808 2307 1863 ego
2349 1804 2460 1849 tres
2493 1793 2608 1849 dies
2645 1793 2845 1849 faciam
2891 1795 2943 1848 in
2985 1805 3177 1850 ventre
3229 1797 3407 1867 magni
3447 1799 3579 1863 ceti,

1971 1887 2076 1942 ltoc
2128 1897 2213 1942 est
2283 1885 2509 1955 inferni,
2562 1898 2617 1943 et
2664 1902 2972 1959 resurgam.
3025 1888 3097 1943 At
3125 1887 3278 1944 Jonas
3327 1890 3574 1958 quidem,

252 1989 471 2062 ἡμέρας
519 1989 776 2059 ἐποίησεν
832 1991 889 2041 ὲν
943 1991 1010 2058 τῇ
1061 1986 1242 2057 κοιλίᾳ
1285 1985 1382 2039 τοῦ
1433 1987 1655 2056 κήτους,
1714 1984 1853 2037 οὕτω

1965 1991 2258 2051 postquam
2308 1981 2457 2035 velut
2505 1981 2707 2036 revixit
2734 1997 2801 2037 ex
2848 1991 3041 2037 ventre
3078 1983 3211 2050 ceti,
3257 1985 3579 2053 pradicauti

252 2083 417 2152 κάγὼ
444 2087 593 2154 τρεῖς
623 2082 839 2154 ἡμέρας
864 2082 1103 2151 ποιήσας
1126 2081 1183 2134 ἐν
1205 2083 1272 2151 τῇ
1299 2079 1480 2150 κοιλίᾳ
1510 2078 1606 2132 τοῦ
1630 2081 1853 2151 κήτους,

249 2176 350 2230 τοῦ
395 2177 634 2248 μεγάλου
687 2175 876 2247 θηρὸς,
928 2174 1022 2228 τοῦ
1066 2173 1218 2246 ᾅδου,
1256 2175 1658 2244 ἁναστήσομαι.
1715 2172 1856 2227 Ἀλλ’

261 2270 426 2324 Ἰωνᾶ
474 2269 573 2338 μὲν
615 2271 755 2340 μετὰ
787 2269 885 2339 τὴν
915 2269 979 2321 ὲκ
1022 2267 1118 2321 τοῦ
1156 2270 1356 2340 κήτους
1404 2260 1516 2320 οἷον
1554 2266 1858 2321 ἀναϐίωσιν

249 2362 587 2433 κηρύσσοντι
645 2360 982 2428 ἐπείσθησαν
1037 2363 1085 2412 οί
1139 2361 1441 2425 Νινευῖται,
1486 2359 1610 2429 ἐμοὶ
1661 2357 1718 2411 δὲ
1763 2361 1856 2411 καὶ

247 2458 551 2510 ἀναστάντι
581 2456 642 2508 οὐ
672 2454 959 2507 πιστεύσει
987 2457 1020 2524 ἠ
1047 2455 1210 2524 γενεὰ
1240 2454 1411 2524 αὖτηο
1445 2452 1569 2506 ὅθεν
1592 2468 1856 2523 κατακρι-

247 2549 538 2619 θήσονται,
579 2552 659 2602 ὅτι
697 2548 986 2611 Νινευίτας
1017 2549 1116 2601 ούκ
1151 2549 1522 2618 ἐμιμήσαντο,
1571 2546 1748 2598 καίτοι
1792 2561 1854 2612 γε

247 2644 444 2698 πλεῖον
492 2644 644 2697 Ἰωνᾶ
674 2635 798 2696 ὧδε.
833 2642 906 2695 Τό
935 2659 992 2695 τε
1020 2642 1130 2712 γὰρ
1159 2639 1382 2711 ἀξίωμα
1411 2642 1471 2693 τὸ
1495 2641 1626 2710 ἐμὸν
1661 2640 1756 2692 καὶ
1796 2637 1856 2690 τὸ

243 2737 346 2790 τοῦ
392 2736 749 2807 κηρύγματος
777 2731 916 2799 εἶδος
963 2736 1166 2806 πολλὴν
1199 2736 1465 2805 διαφορὰν
1497 2734 1852 2788 ἐνδείκνυται.

260 2827 413 2898 Ἐγὼ
443 2829 749 2898 Δεσπότης,
780 2830 986 2891 ἐκεῖνος
1010 2827 1216 2891 δοῦλος.
1261 2826 1404 2895 Ἐγὼ
1446 2825 1728 2895 βασιλείαν
1766 2826 1855 2878 ού-

243 2923 436 2993 ρανῶν
487 2921 771 2992 κηρύσσω,
827 2922 1032 2983 ἐκεῖνος
1099 2920 1378 2990 σωτηρίαν
1429 2917 1528 2987 τὴν
1591 2918 1699 2970 άπὸ
1754 2918 1856 2986 τῆς

241 3014 663 3086 καταστροφῆς.
715 3011 860 3080 Ἐγὼ
904 3011 1043 3083 μετὰ
1085 3011 1403 3082 θαυμάτων,
1456 3013 1666 3074 ἐκεῖνος
1699 3009 1855 3064 οὐδὲν

240 3107 490 3176 ποιήσας
520 3105 730 3177 θαῦμα.
779 3105 1016 3175 Ὁμοίως
1053 3106 1226 3176 καὶ-ἠ
1252 3104 1542 3174 βασίλισσα
1573 3104 1669 3158 τοῦ
1697 3105 1853 3159 νότου

237 3201 580 3271 κατακρινεῖ
620 3198 719 3270 τὴν
749 3199 945 3266 γενεὰν
979 3197 1206 3266 ταύτην,
1246 3197 1326 3250 ὅτι
1358 3197 1422 3249 ἐκ
1456 3196 1712 3265 περάτων
1750 3197 1855 3264 γῆς

232 3287 418 3365 ἦλθεν
453 3293 688 3345 ἀκούσαι
729 3291 828 3362 τὴν
867 3291 1059 3360 σοφίαν
1091 3291 1460 3360 Σολομῶντος.
1499 3291 1628 3344 Νὸει
1669 3290 1726 3342 δέ
1762 3306 1852 3360 μοι

1969 2073 2329 2128 crediderunt
2369 2071 2629 2129 Ninivitaa
2667 2092 2680 2130 :
2721 2075 2852 2131 mihi
2886 2086 3072 2131 autem
3119 2077 3284 2132 etiam
3331 2093 3456 2131 cum
3497 2093 3569 2132 re

1969 2168 2282 2231 surrexero,
2320 2182 2426 2222 non
2478 2169 2666 2223 credet
2703 2169 2985 2238 generatio
3037 2170 3138 2224 ista
3191 2170 3386 2225 :unde
3448 2186 3582 2225 con-

1969 2260 2401 2324 demnabuntur,
2441 2262 2585 2332 quod
2642 2277 2820 2332 neque
2871 2261 3146 2318 Ninivitas
3191 2263 3307 2318 sint
3363 2264 3578 2331 imitati,

1967 2355 2220 2421 quamvis
2263 2355 2437 2424 major
2504 2371 2649 2412 nunc
2708 2359 2795 2412 liic
2841 2358 2980 2412 adsit
3030 2372 3194 2426 quam
3234 2355 3392 2412 Jona.
3444 2356 3579 2412 Nam

1966 2449 2038 2501 ob
2063 2463 2241 2502 meam
2269 2440 2590 2519 dignitatem
2641 2459 2694 2504 et
2724 2450 3136 2520 praedicationis
3172 2466 3367 2521 genus,
3408 2451 3576 2520 major

1968 2553 2309 2597 monstratur
2336 2543 2689 2599 excellentia.
2736 2545 2848 2614 Ego
2885 2544 3169 2614 Dominus,
3208 2545 3297 2602 ille
3339 2561 3531 2601 servus
3565 2561 3579 2597 :

1969 2649 2069 2704 ego
2097 2650 2324 2705 regnum
2366 2636 2634 2692 caalorum
2669 2639 2928 2708 prmdico,
2957 2637 3050 2692 ille
3079 2639 3310 2694 salutem
3347 2655 3412 2692 ne
3447 2653 3576 2708 per-

1974 2730 2117 2784 irent
2154 2749 2168 2786 :
2219 2741 2320 2800 eg‘o
2363 2747 2487 2786 cum
2537 2731 2839 2798 miraculis,
2883 2731 2973 2787 ille
3009 2737 3218 2803 absque
3269 2731 3578 2787 miraculis.

1967 2826 2234 2883 Similiter
2287 2836 2342 2881 et
2395 2827 2586 2894 regina
2637 2828 2812 2882 austri
2856 2826 3248 2882 condemnabit
3295 2827 3576 2880 nationem

1968 2919 2129 2983 hanc,
2167 2920 2292 2988 quia
2341 2934 2409 2974 ex
2466 2920 2666 2974 ﬁnibus
2719 2931 2881 2974 terra:
2913 2919 3070 2974 venit
3118 2927 3176 2972 ut
3223 2917 3441 2972 audiret
3492 2933 3551 2971 sa

1965 3013 2226 3082 pientiam
2254 3014 2589 3070 Solomonis.
2632 3014 2910 3085 lutelligas
2940 3029 3178 3085 quoque,
3211 3017 3462 3082 obsecro,
3485 3027 3584 3085 per

1968 3107 2211 3176 reginam
2266 3108 2467 3172 austri,
2500 3123 2722 3164 omnem
2761 3108 3000 3162 animam
3036 3124 3157 3176 qua:
3205 3107 3256 3161 in
3303 3107 3450 3163 bono
3485 3124 3579 3160 va-

1965 3199 2071 3254 lida
2126 3207 2211 3254 est
2243 3209 2296 3254 et
2319 3211 2658 3270 perseverat.
2694 3200 2760 3254 Et
2785 3210 2842 3254 ut
2875 3201 2981 3256 tale
3001 3202 3133 3270 quid
3162 3200 3365 3262 dicam,
3393 3201 3577 3270 aquilo

1966 3291 2021 3346 in
2060 3288 2347 3361 Scriptura
2390 3291 2690 3346 infamatur
2745 3301 3007 3360 tanquam
3057 3293 3359 3347 adversarii
3403 3293 3574 3363 regio.

236 3387 348 3440 καὶ
380 3386 567 3438 πᾶσαν
596 3385 776 3456 ψυχὴν
806 3388 864 3438 ὲν
902 3385 978 3454 τῷ
1032 3384 1184 3455 καλῷ
1232 3383 1546 3454 κρατοῦσαν
1580 3385 1675 3438 καὶ
1707 3386 1853 3436 ἰστα-

1965 3384 2156 3439 Gelida
2189 3359 2342 3439 enim
2377 3396 2461 3440 est
2516 3396 2568 3439 et
2606 3385 2799 3454 rigida,
2835 3402 2898 3440 ac
2932 3397 3144 3440 mortua
3190 3386 3338 3441 facit.
3376 3388 3576 3456 Auster

237 3478 427 3549 μένην
461 3478 781 3548 βασίλισσαν
810 3477 906 3530 τοῦ
935 3477 1114 3531 νότου.
1147 3473 1271 3530 Οἷόν
1302 3478 1354 3529 τί
1389 3495 1555 3548 φημι,
1595 3479 1623 3530 6
1651 3477 1856 3548 βορρᾶς

232 3572 406 3642 παρὰ
461 3576 528 3643 τῇ
579 3573 770 3643 Γραφῇ
809 3553 1182 3637 διαϐάλλεται,
1224 3571 1299 3634 ὡς
1335 3571 1427 3624 τοῦ
1474 3573 1856 3639 ἀντικειμένου

229 3664 437 3726 τόπος·
462 3664 667 3734 ψυχρὸς
701 3664 806 3732 γὰρ
832 3663 927 3715 καλ⁸
958 3660 1276 3732 νεκροποιὸς
1309 3663 1404 3712 καὶ
1473 3661 1761 3730 ναρκώδης
1783 3677 1794 3689 ·
1833 3662 1860 3713 6

225 3757 291 3811 ίὲ
323 3759 482 3817 νότος
517 3758 822 3807 ἐπαινεῖται
849 3755 923 3815 ὡς
958 3752 1178 3821 πνεῦμα
1204 3753 1411 3822 θερμὸν
1442 3752 1539 3804 καὶ
1564 3751 1854 3818 ζωογόνον,

226 3849 341 3902 καὶ
388 3847 499 3899 τῶν
543 3847 960 3917 νεναρκηκὸτων
993 3845 1172 3915 μελῶν
1208 3845 1526 3899 θαλπτικόν.
1573 3845 1662 3896 Διὸ
1695 3844 1787 3896 καὶ

223 3943 299 3996 ιν
345 3939 433 4008 τῷ
469 3941 706 4008 ’ᾼσματι
742 3937 931 4008 νύμφη
964 3938 1057 3989 τὸν
1097 3937 1303 4008 βορρᾶν
1343 3936 1654 4003 διώκουσα,
1701 3933 1837 3999 Ἐξε-

219 4031 506 4102 τέρθητι,
536 4032 697 4100 φησι,
727 4029 920 4100 βορρᾶ,
961 4029 1054 4082 καὶ
1084 4028 1270 4098 ἔρχου,
1319 4029 1460 4083 νότε.
1492 4030 1602 4081 Καὶ
1631 4029 1794 4082 πάλιν
1824 4030 1852 4080 6

222 4125 543 4197 προφήτης
589 4123 754 4192 φησί’
814 4123 924 4175 Καὶ
974 4122 1068 4176 τὸν
1117 4122 1227 4175 ἀπὸ
1275 4122 1449 4193 βορῥᾶ
1495 4121 1853 4195 ἑξολοθρεύσῃ

215 4219 477 4291 Κύριος,
527 4217 771 4286 δηλονότι
813 4216 907 4270 τὸν
960 4216 1231 4270 Σατανᾶν.
1279 4215 1344 4268 Ἠ
1386 4215 1565 4268 τοίνυν
1613 4215 1762 4286 ψυχὴ
1814 4219 1847 4286 ἡ

216 4309 622 4381 βασιλεύουσα
669 4308 729 4361 ὲν
768 4305 846 4376 τῷ
874 4306 1033 4376 νότῳ,
1085 4307 1152 4376 τῇ
1188 4306 1368 4375 ἀγαθῇ
1408 4305 1589 4375 μερίδι
1625 4305 1722 4358 καὶ
1767 4305 1846 4374 τῷ

214 4400 610 4471 πνευματικῷ
650 4400 773 4470 βίῳ,
806 4403 904 4454 καὶ
947 4399 1036 4452 διὰ
1068 4399 1166 4468 τῆς
1199 4398 1514 4469 πρακτικῆς
1548 4398 1610 4450 τὸ
1647 4399 1849 4468 κράτος

211 4495 472 4564 lyp-asa,
507 4494 726 4563 ἔρχεται
786 4493 866 4554 εἰς
917 4491 978 4543 τὸ
1016 4491 1248 4544 ἓκοῦσαι
1298 4493 1400 4562 τὴν
1449 4492 1666 4562 σοφίαν,
1713 4491 1849 4561 ὅπερ

1961 3493 2096 3533 vero
2149 3464 2403 3533 laudatur
2447 3485 2506 3531 ut
2555 3487 2752 3533 Ventus
2799 3477 3010 3532 calidus
3062 3490 3116 3532 et
3163 3479 3469 3544 viviﬁcans,
3518 3492 3575 3536 οι

1960 3567 2176 3636 stupida
2232 3566 2477 3620 membra
2538 3566 2857 3621 confovens.
2917 3568 3042 3622 Ideo
3090 3577 3145 3621 ct
3203 3567 3256 3621 in
3324 3567 3577 3625 Cauticis

1959 3661 2158 3728 sponsa
2199 3659 2508 3729 aquilonem
2564 3659 2756 3728 fugans
2803 3661 2935 3714 dicit
2971 3678 2984 3713 :
3024 3662 3224 3730 Surge,
3270 3661 3486 3730 aquilo;
3519 3672 3576 3716 et

1959 3755 2104 3816 vcni,
2138 3767 2344 3806 auatcr.
2388 3750 2451 3804 Et
2489 3753 2685 3805 iterum
2731 3755 2993 3822 protilteta
3023 3753 3155 3806 dicit
3190 3771 3203 3807 :
3237 3753 3300 3807 Et
3331 3769 3453 3807 eum
3478 3753 3574 3824 qui

1958 3843 2028 3898 ab
2074 3845 2331 3912 aquilone
2379 3853 2484 3909 est,
2531 3845 2924 3900 exterminabit
2965 3845 3251 3912 Dominus,
3307 3848 3569 3901 Satanam

1962 3936 2194 3990 scilicet.
2227 3934 2399 4004 Igitur
2430 3937 2615 3991 anima
2639 3952 2762 4006 qum
2791 3946 2984 4006 regnat
3019 3940 3072 3992 in
3097 3949 3310 4002 austro,
3339 3941 3390 3992 in
3429 3939 3571 3994 bona

1962 4039 2119 4100 parte
2148 4030 2454 4099 Spiritnalis
2485 4030 2632 4097 vitae,
2669 4041 2724 4084 et
2759 4031 3046 4099 imperium
3091 4033 3254 4087 habet
3296 4032 3350 4086 in
3381 4035 3571 4101 operi-

1962 4124 2084 4188 bus,
2137 4124 2288 4177 venit
2327 4133 2385 4177 ut
2419 4123 2607 4177 audiat
2655 4125 3008 4194 sapientiam,
3047 4125 3148 4180 hoc
3179 4134 3284 4189 est.
3333 4126 3400 4180 ad
3433 4143 3568 4182 cou-

1960 4215 2369 4286 templationem
2417 4216 2682 4270 ascendit.
2733 4217 3014 4288 Sapleutia
3066 4218 3209 4272 enim
3261 4218 3572 4275 Solomonis

1962 4309 2176 4377 pacifici
2231 4310 2399 4377 regis,
2454 4309 2668 4362 Domini
2725 4320 2780 4364 et
2832 4309 2926 4364 Dei
2970 4312 3144 4366 nostri
3180 4312 3570 4382 c0ntemplatio

1961 4410 2047 4455 est
2077 4418 2091 4455 :
2123 4402 2189 4455 ad
2231 4417 2398 4472 quam
2433 4419 2538 4456 non
2579 4403 2764 4457 veniet
2795 4405 2920 4473 quis
2948 4405 3133 4473 aliter,
3169 4406 3274 4460 nisi
3305 4422 3568 4477 regnave-

1965 4493 2038 4545 rit
2070 4493 2123 4546 in
2160 4494 2300 4548 bona
2333 4494 2470 4559 vita,
2499 4503 2554 4548 et
2578 4509 2676 4563 per
2719 4497 2955 4550 activam
2985 4497 3359 4568 imperaverit.

205 4592 416 4652 ἔστιν,
448 4591 528 4651 είς
570 4587 807 4656 Θεωρίαν
845 4589 1006 4641 ἁναῦί
1038 4589 1152 4640 ῗνει.
1197 4586 1262 4639 'H
1295 4586 1405 4656 γὰρ
1440 4587 1602 4656 σοφία
1632 4586 1727 4639 τοῦ
1780 4586 2132 4656 Σολομῶντος
2197 4588 2293 4642 τοῦ
2337 4589 2620 4660 είρηνικοῦ
2701 4590 3001 4660 βασιλέως,
3068 4593 3163 4646 τοῦ
3213 4594 3426 4666 Κυρίου
3471 4596 3569 4649 καὶ

203 4683 373 4740 Θεοῦ
409 4680 572 4752 ἡμῶν
617 4683 650 4750 η
690 4681 894 4752 θεωρία
945 4683 1117 4745 ἐστὶν,
1155 4682 1235 4744 εἰς
1284 4683 1348 4752 ἣν
1405 4681 1584 4744 ἄλλως
1629 4683 1730 4734 ούκ
1780 4679 1846 4736 ἂν
1886 4680 2106 4754 εἰσέλθῃ
2137 4699 2244 4746 τις,
2277 4684 2325 4736 εί
2401 4684 2478 4754 μὴ
2517 4683 2608 4738 διὰ
2638 4683 2732 4737 τού
2798 4683 3122 4755 βασιλεῦσαι
3162 4689 3222 4743 ἐν
3261 4688 3341 4760 τῷ
3371 4688 3567 4759 ἀγαθῷ

204 4780 354 4852 βίῳ,
398 4777 502 4829 καὶ
532 4775 809 4845 κρατῆσαι
843 4773 932 4826 διά
963 4775 1063 4843 τῆς
1095 4775 1432 4844 πρακτικῆς.

306 4891 328 4925 σ
365 4869 570 4932 Οὐδεὶς
615 4868 671 4920 δὲ
714 4868 908 4939 λύχνον
948 4868 1115 4938 ἅψας,
1166 4873 1242 4930 είς
1296 4871 1546 4938 κρυπτὴν
1600 4871 1840 4941 τίθησιν,

2024 4869 2188 4923 Vsus.
2227 4871 2424 4924 55-36.
2468 4889 2485 4921 ι
2548 4869 2718 4925 Nemo
2765 4872 3046 4926 lucernam
3103 4873 3377 4936 accendit,
3413 4885 3468 4928 et
3513 4874 3569 4928 in

197 4965 346 5022 οὐδὲ
415 4962 524 5016 ὑπὸ
564 4961 656 5014 τὸν
700 4962 905 5033 μόδιον,
939 4962 1054 5014 ἀλλ’
1106 4963 1202 5014 ἐπὶ
1230 4963 1327 5031 τὴν
1363 4963 1609 5031 λυχνίαν,
1649 4967 1736 5017 ἵνα
1793 4969 1842 5019 οί

196 5057 693 5128 εἰσπορευόμενοι
717 5057 777 5108 τὸ
809 5056 924 5125 φῶς
951 5056 1248 5126 βλέπωσιν.
1286 5057 1342 5108 '0
1377 5057 1570 5129 λύχνος
1604 5059 1696 5112 τοῦ
1736 5061 1844 5111 σώ-

198 5151 408 5226 ματός
449 5151 597 5201 ἔστιν
639 5149 666 5201 6
700 5147 1000 5218 ὀφθαλμός.
1043 5150 1212 5202 ’Ὸταν
1247 5144 1338 5200 οὖν
1365 5151 1392 5201 6
1437 5150 1714 5219 ὀφθαλμός
1751 5170 1842 5204 σου

195 5243 449 5305 ἁπλοῦς
477 5235 534 5312 ᾖ,
570 5239 661 5292 καὶ
713 5240 832 5292 ὅλον
883 5240 940 5292 τὸ
995 5241 1154 5309 σῶμά
1208 5258 1300 5292 σου
1343 5243 1609 5309 φωτεινόν
1668 5245 1838 5296 ἐστιν,

205 5335 416 5392 Ἐπεὰν
475 5333 531 5384 δὲ
581 5331 817 5402 πονηρὸς
852 5329 907 5402 ᾗ,
960 5333 1055 5384 καὶ
1087 5332 1146 5384 τὸ
1191 5333 1354 5402 σῶμά
1396 5350 1491 5386 σου
1557 5336 1842 5389 σκοτεινόν

190 5435 299 5487 ὲστ
314 5446 354 5482 ι.
397 5423 618 5480 Σκόπει
653 5423 768 5488 οὖν,
807 5426 880 5494 μὴ
903 5425 962 5477 τὺ
993 5425 1106 5491 φῶς
1129 5424 1187 5477 τὸ
1218 5425 1274 5478 ὲν
1309 5426 1392 5478 σοὶ
1446 5426 1638 5489 σκότος
1668 5429 1837 5482 ἐστίν.

187 5524 263 5578 Et
291 5517 408 5573 οὖν
453 5517 519 5569 τὸ
546 5516 707 5584 σῶμά
730 5532 825 5568 σου
867 5516 985 5568 ὅλον
1011 5516 1297 5584 φωτεινὴν,
1331 5518 1406 5585 μὴ
1434 5517 1555 5586 ἕχον
1580 5536 1632 5570 τι
1672 5519 1841 5590 μέρος

187 5605 545 5671 σκοτεινὸν,
581 5606 733 5659 ἔσται
758 5606 1024 5675 φωτεινόν
1051 5605 1192 5670 ὅλον,
1223 5607 1298 5668 ὼς
1328 5607 1457 5659 ὅταν
1495 5610 1522 5658 ὁ
1545 5607 1738 5678 λύχνος
1771 5612 1836 5679 τῇ

184 5704 500 5778 ἀστραπῇ
534 5701 744 5772 φωτίζῃ
772 5717 851 5754 σε.
891 5721 908 5753 ι
953 5701 1288 5770 Ἐπειδήπερ
1317 5702 1364 5752 οί
1405 5700 1666 5769 βάσκανοι
1701 5703 1833 5754 Ἰου-

181 5803 351 5859 Silet.
423 5793 504 5846 τὰ
553 5791 812 5862 θαύματα
865 5793 1155 5862 βλέποντες
1211 5794 1618 5860 ἐσυκοφάντουν
1664 5793 1841 5848 ταῦτα

181 5896 326 5956 νσὸς
359 5885 580 5955 κακίᾳ,
614 5885 805 5938 τούτου
827 5887 1015 5937 ἕνεκεν
1049 5887 1075 5937 6
1112 5884 1314 5955 Κύριος
1339 5885 1513 5937 ταῦτά
1535 5902 1689 5953 φησι·
1719 5885 1841 5939 Ὅτι

179 5987 424 6056 λύχνον
490 5976 750 6040 λαθόντες
803 5979 851 6030 οἱ
887 5977 1186 6052 ⁸ἅνθρωποι,
1224 5977 1376 6048 παρὰ
1407 5977 1499 6031 τοῦ
1545 5978 1704 6047 Θεοῦ,
1742 5979 1844 6050 τὴν

1957 4961 2278 5015 abscondito
2311 4962 2480 5030 ponit,
2533 4977 2706 5032 neque
2735 4964 2930 5017 subter
2977 4965 3244 5030 modium,
3279 4964 3374 5020 sed
3400 4979 3569 5036 super

1957 5054 2370 5119 candelabrum,
2406 5067 2463 5107 nt
2517 5056 2606 5123 qui
2661 5057 3066 5127 ingrediuntur,
3115 5060 3295 5114 lumen
3325 5059 3564 5114 videant.

1957 5146 2201 5200 Lucerna
2231 5149 2483 5213 corporis
2512 5157 2593 5203 est
2618 5151 2829 5203 oculus.
2857 5150 2991 5203 (lum
3027 5151 3192 5219 igitur
3218 5152 3410 5205 oculus
3437 5161 3562 5206 tuus

1957 5237 2122 5291 fuerit
2153 5238 2413 5305 simplex,
2455 5247 2624 5293 totum
2654 5255 2872 5309 quoque
2902 5257 3104 5308 corpus
3143 5253 3292 5296 tuum
3325 5243 3564 5297 lucidum

1953 5331 2095 5394 erit;
2120 5331 2262 5400 quod
2291 5331 2334 5384 si
2367 5332 2543 5385 malus
2574 5331 2761 5395 fuerit,
2789 5332 2953 5387 etiam
2992 5349 3190 5403 corpus
3228 5346 3378 5390 tuum
3415 5346 3566 5392 tene-

1955 5425 2177 5479 brosutn
2233 5427 2362 5480 erit.
2391 5425 2525 5480 Vide
2562 5441 2692 5496 ergo
2736 5442 2803 5482 ne
2859 5429 3044 5482 lumen
3099 5434 3244 5499 quod
3275 5433 3326 5485 in
3375 5442 3425 5484 te
3459 5442 3564 5495 est,

1957 5521 2194 5573 tenebras
2240 5521 2368 5574 sint.
2422 5520 2479 5574 Si
2514 5535 2646 5591 ergo
2678 5526 2877 5591 corpus
2912 5533 3065 5577 tuum
3119 5535 3290 5580 totum
3326 5526 3563 5580 lucidum

1952 5612 2138 5676 fuerit,
2195 5628 2300 5666 non
2383 5613 2591 5668 habens
2635 5615 2872 5685 aliquam
2933 5627 3145 5686 partem
3192 5620 3562 5686 tenebrosam,

1950 5704 2029 5758 sic
2052 5704 2157 5757 erit
2181 5703 2420 5759 lucidum
2445 5705 2611 5777 360
2634 5718 2826 5770 totum,
2862 5717 2921 5762 ut
2947 5725 3068 5763 cum
3103 5711 3323 5765 lucerna
3356 5710 3563 5784 fulgore

1948 5797 2221 5851 illuminat
2261 5808 2330 5854 te.
2375 5819 2392 5850 ι
2443 5799 2711 5865 Quoniam
2747 5803 2914 5858 invidi
2968 5804 3141 5859 Judaei
3178 5805 3438 5859 miracula
3484 5809 3563 5857 vi-

1945 5890 2160 5952 dentes,
2188 5906 2250 5945 ea
2279 5892 2758 5948 calumniabantur
2786 5896 2854 5949 ob
2885 5898 3084 5949 mentis
3120 5897 3405 5959 multiatn,
3441 5899 3558 5964 t‘jtzs

1946 5983 2125 6052 gratia
2158 5985 2422 6042 Dominus
2450 5986 2566 6042 haec
2596 5989 2728 6044 dicit
2770 6009 2781 6044 :
2811 5991 2955 6059 quod
2998 5991 3280 6046 lucernam
3312 5994 3488 6050 adt'llll
3527 6006 3552 6044 ε
