4038 6486
622 450 730 517 887

1542 438 2119 503 THEOPHYLACTI
2165 434 2572 498 BULGARl/E
2602 430 2957 492 ARCHIEP.

3762 420 3868 484 868

630 569 765 630 Deo.
793 562 1092 620 intellectus
1122 559 1329 613 scilicet
1370 570 1434 610 ac
1480 556 1678 610 mentis
1721 552 2061 616 beneﬁcium,
2100 566 2193 619 per

2298 550 2392 603 τοῦ
2443 548 2558 611 νοὸς
2587 546 2767 618 χάριν,
2807 546 2876 600 δι’
2904 540 2971 616 ἦς
3026 544 3294 616 βλέπομεν
3335 539 3537 594 ὡσανεὶ
3575 536 3754 606 φωτὸς
3783 538 3869 590 60-

626 674 786 729 quam
826 654 1084 715 videmus,
1119 648 1285 704 veluti
1323 647 1369 703 sl
1399 644 1553 701 nobis
1594 646 1775 699 datum
1805 653 1952 697 esset
1986 641 2189 705 lumen,

628 753 871 806 homines
896 742 1228 800 abscondunt
1257 740 1451 796 mentis
1470 738 1752 808 judicium,
1776 743 1831 789 et
1857 750 1967 803 pne
1993 732 2193 788 invidia

625 835 995 901 obtenebrati,
1057 832 1316 887 miracula
1375 840 1429 885 et
1486 828 1749 884 beuellcia
1815 841 1923 881 non
1986 826 2190 888 vident,

624 930 869 1000 quamvis
894 928 946 982 in
978 928 1081 981 hoc
1107 920 1477 991 acceperimus
1498 930 1759 983 mentem,
1787 928 1846 972 ut
1874 932 2039 987 super
2066 931 2197 971 can-

625 1021 900 1075 delabrum
946 1030 1225 1086 ponamus,
1274 1021 1332 1067 ut
1380 1013 1547 1069 etiam
1602 1010 1691 1064 alii
1736 1010 1920 1063 lumen
1954 1007 2189 1063 videant.

633 1111 854 1167 Videtur
879 1119 1054 1164 autem
1094 1108 1224 1161 mihi
1257 1106 1359 1160 hoc
1389 1106 1567 1159 dicere
1592 1101 1674 1157 :0
1696 1101 1990 1162 Pbarisaae.
2025 1098 2193 1156 babes

628 1202 930 1263 scientiam,
982 1198 1127 1253 istud
1171 1205 1257 1251 est
1295 1196 1516 1251 lucerna
1565 1208 1580 1246 :
1634 1200 1850 1258 oportet
1880 1200 1933 1244 te
1965 1189 2193 1244 scientia

628 1294 715 1347 illa
745 1293 840 1354 uti,
875 1299 932 1343 ut
966 1305 1060 1357 per
1083 1303 1198 1342 eam
1230 1300 1491 1354 agnoscas
1518 1283 1798 1346 miracula,
1828 1291 1884 1337 et
1909 1281 2029 1334 aliis
2058 1294 2191 1347 quo-

627 1400 732 1452 que
772 1382 1055 1437 ostendere
1084 1389 1135 1433 et
1168 1385 1469 1432 monstrare
1500 1376 1677 1444 possis
1714 1374 1857 1443 quod
1888 1373 1997 1427 sint
2025 1384 2191 1440 opera

629 1476 745 1530 Filii
774 1472 887 1538 Dei,
914 1480 965 1526 et
993 1485 1095 1524 non
1118 1466 1398 1522 Beelzebul
1432 1484 1445 1519 :
1475 1477 1533 1520 ut
1566 1465 1619 1519 bi
1653 1465 1748 1535 qui
1786 1462 2183 1533 ingrediuntur,

630 1568 731 1619 hoc
764 1573 847 1617 est
878 1560 1085 1624 novitii,
1118 1570 1172 1614 et
1222 1559 1313 1627 qui
1344 1559 1701 1621 instruuntur,
1734 1556 1914 1609 lumen
1952 1554 2191 1607 videant.

626 1648 757 1703 Nam
785 1650 875 1717 qui
908 1648 1124 1715 sapiens
1151 1657 1255 1710 est,
1283 1646 1393 1713 jam
1425 1646 1701 1715 ingressus
1726 1654 1807 1698 est
1843 1658 1859 1694 :
1884 1643 1973 1712 qui
2008 1652 2189 1695 autem

624 1740 803 1804 discit,
835 1738 1014 1793 adhuc
1041 1739 1356 1808 ingreditur.
1386 1738 1454 1789 At
1486 1736 1741 1791 Pharisaei
1765 1751 1858 1790 vos
1889 1734 1989 1789 hoc
2012 1733 2193 1788 facere

2294 641 2478 703 θέντος
2516 641 2667 709 ἡμῖν,
2700 638 3053 709 κατέκρυψαν
3092 636 3296 706 ταύτην
3322 636 3421 703 τὴν
3466 632 3747 702 διάκρισιν
3774 630 3865 681 τοῦ

2295 734 2411 797 νοῦ,
2443 733 2536 785 καὶ
2583 730 2691 785 ἀπὸ
2737 731 3038 801 βασκανίας
3089 728 3485 790 φωτισθέντες,
3512 724 3581 777 τὲ
3611 723 3869 791 θαύματα

2294 822 2506 886 καὶτὰς
2530 822 2849 892 εὐεργεσίας
2872 821 2972 892 οὐχ
2997 820 3186 892 όρῶσι.
3207 818 3401 872 Καίτοι
3429 816 3523 870 ἐπὶ
3553 814 3731 884 τούτῳ
3752 812 3868 865 ἑλά-

2295 918 2465 987 6ομεν
2492 914 2584 968 τὸν
2610 914 2756 979 νοῦν,
2786 913 2874 967 ίνα
2901 913 2995 967 lui
3017 912 3115 983 τὴν
3159 910 3383 981 λυχνίαν
3407 907 3669 976 τιθῶμεν,
3702 905 3779 967 ὡς
3805 904 3868 957 ἂν

2294 1010 2389 1064 καὶ
2414 1007 2561 1064 ἄλλοι
2594 1006 2832 1077 βλέπωσι
2856 1005 2917 1059 τὸ
2942 1005 3077 1075 φῶς.
3106 1005 3265 1057 Δοκεῖ
3287 1000 3348 1055 δέ
3375 1017 3464 1070 μοι
3482 998 3643 1052 τοῦτο
3670 998 3867 1063 λέγειν,

2292 1102 2396 1167 δτι,
2424 1096 2497 1153 Ὦ
2514 1100 2796 1170 Φαρισαῖε,
2833 1096 2976 1167 ἔχεις
3011 1095 3231 1165 γνῶσιν,
3249 1093 3407 1147 τοῦτο
3427 1094 3455 1146 ό
3481 1092 3697 1160 λύχνος.
3723 1090 3869 1143 Ἔδει

2295 1209 2355 1247 σε
2389 1195 2454 1263 τῇ
2489 1192 2690 1259 γνώσει
2726 1190 2896 1259 ταύτῃ
2931 1187 3234 1258 κεχρῆσθαι
3271 1186 3410 1255 πρὸς
3446 1185 3546 1254 τὴν
3576 1183 3687 1235 τῶν
3739 1182 3871 1235 θαυ-

2297 1286 2484 1356 μάτων
2534 1284 2850 1352 ὲπίγνωσιν,
2887 1281 2983 1335 καὶ
3032 1282 3143 1342 τοῖς
3191 1278 3372 1340 ἄλλοις
3420 1277 3476 1330 δὲ
3531 1274 3747 1344 φαίνειν
3782 1275 3871 1325 καὶ

2292 1376 2558 1430 δεικνύειν
2588 1373 2785 1437 ταῦτα,
2829 1373 2909 1427 δτι
2944 1372 3081 1441 ἔργα
3112 1373 3218 1423 είσὶ
3265 1368 3360 1421 τοῦ
3393 1366 3525 1419 Υἱοῦ
3582 1364 3677 1418 τοῦ
3711 1362 3869 1428 Θεοῦ,

2293 1470 2388 1523 καὶ
2417 1468 2543 1539 οὐχὶ
2587 1467 2680 1521 τοῦ
2718 1464 3068 1529 Βεελζεσοὺλ,
3102 1465 3179 1527 ὡς
3214 1462 3280 1515 ἂν
3318 1462 3367 1511 οἱ
3396 1458 3868 1530 είσπορευόμενοτ,

2292 1561 2569 1624 τουτέστιν
2599 1560 2648 1613 al
2682 1558 3035 1625 είσαγωγικοὶ
3079 1556 3174 1609 καὶ
3196 1554 3473 1627 ἀρχάριοι,
3517 1552 3579 1602 τὸ
3604 1550 3722 1618 φῶς
3759 1548 3873 1617 βλέ-

2294 1668 2489 1705 πωσιν.
2526 1651 2585 1703 '0
2636 1650 2734 1719 μὲν
2779 1650 2888 1719 γὰρ
2942 1647 3102 1715 σοφὸς
3135 1646 3235 1715 ἢδη
3271 1643 3568 1715 ἐπορεύθη,
3624 1642 3653 1693 δ
3689 1640 3746 1691 δὲ
3798 1638 3873 1690 ἔτι

2300 1742 2585 1813 μανθάνων
2650 1740 2962 1812 πορεύεται.
3024 1737 3163 1791 ’Δλλ’
3209 1737 3271 1790 ού
3321 1734 3480 1787 τοῦτο
3535 1730 3871 1801 ὴεουλήθητε

628 1848 734 1886 ιιοιι
759 1831 939 1895 vultis,
974 1832 1066 1885 sed
1109 1831 1322 1883 oculqu
1351 1829 1546 1883 mentis
1590 1839 1802 1891 vestrae,
1844 1828 1933 1895 qui
1965 1825 2189 1894 simplex

2298 1839 2454 1907 ὑμεῖς
2479 1838 2528 1889 τί
2550 1837 2852 1905 Φαρισαῖοι,
2882 1832 3020 1885 ἀλλὰ
3039 1830 3131 1883 τδν
3157 1828 3435 1898 ὀφθαλμὸν
3461 1826 3558 1895 τῆς
3583 1826 3765 1895 ψυχῆς
3789 1822 3876 1873 τὶν

626 1934 765 1986 erat,
805 1923 1009 1977 fecistis
1051 1921 1327 1989 obliquum
1364 1930 1419 1974 et
1444 1923 1758 1975 obscurum.
1804 1919 2010 1974 Etenim
2055 1918 2193 1973 sicut

2299 1898 2445 1982 νοῦν
2468 1898 2672 1981 ἁπλοῦν
2722 1926 2873 1991 ὄντα,
2924 1924 3220 1994 ἔποιήσατε
3276 1920 3432 1985 λοξὸν
3483 1918 3581 1972 καὶ
3643 1916 3872 1971 σκολιόν.

626 2016 819 2070 oculus
848 2013 1091 2081 corporis
1116 2013 1158 2066 si
1188 2012 1315 2081 quid
1348 2011 1527 2073 habet,
1558 2013 1658 2065 hoc
1686 2020 1741 2065 et
1769 2024 1965 2078 corpus
1997 2010 2194 2064 habere

630 2108 755 2161 facit
788 2125 801 2159 :
832 2106 877 2159 si
910 2102 1125 2173 quidem
1158 2105 1330 2156 lucem
1352 2103 1509 2157 habet
1537 2118 1602 2157 ac
1637 2102 1848 2157 lucidus
1880 2101 2058 2164 fuerit,
2088 2102 2195 2155 erit

626 2206 683 2251 et
707 2210 903 2263 corpus
930 2197 980 2248 in
1003 2193 1159 2248 luce:
1192 2193 1275 2248 sin
1310 2196 1632 2249 tenebrosus
1657 2192 1835 2256 fuerit,
1867 2193 1970 2247 erit
1994 2193 2193 2248 etillud

630 2288 683 2339 in
714 2284 992 2340 tenebris:
1043 2284 1204 2337 simili
1255 2285 1412 2338 modo
1439 2284 1689 2339 eumdem
1738 2283 1987 2338 allectum
2034 2286 2193 2338 habet

630 2381 830 2440 anima,
866 2392 1023 2447 quem
1069 2378 1227 2434 habet
1278 2394 1448 2432 meus.
1478 2378 1543 2431 Et
1575 2381 1617 2431 si
1665 2379 1930 2431 invenerit
1979 2378 2194 2433 oculum

628 2485 787 2538 quem
811 2462 1013 2535 accepit
1045 2483 1075 2520 a
1105 2467 1233 2533 Deo,
1262 2477 1315 2521 et
1339 2468 1508 2521 lucem
1537 2469 1880 2523 obtcuebrari
1908 2466 1987 2522 vel
2019 2468 2089 2521 ab
2116 2468 2199 2523 iu-

630 2558 790 2618 vidia,
818 2558 898 2610 vel
930 2557 995 2609 ab
1026 2558 1275 2619 avaritia,
1309 2557 1387 2608 vel
1410 2568 1467 2610 ut
1496 2557 1548 2610 in
1579 2572 1811 2622 summa,
1837 2557 2038 2622 dicam,
2074 2573 2195 2612 car-

630 2648 867 2712 nalitatc,
897 2648 1283 2701 ohteuebratur
1317 2660 1372 2702 et
1404 2650 1539 2717 ipsa.

699 2738 862 2792 Vsus.
899 2740 962 2793 δῖ
1002 2739 1090 2791 ιι.
1127 2758 1144 2789 ι
1200 2740 1413 2793 Etcum
1448 2740 1783 2809 loqueretur,
1815 2741 2025 2807 rogavit
2048 2740 2195 2793 illum

629 2834 843 2902 quidam
880 2832 1182 2886 Pharismns
1210 2843 1261 2885 ut
1292 2832 1580 2900 pranderet
1611 2834 1748 2899 apud
1788 2847 1866 2886 se.
1898 2830 2055 2887 Jesns
2103 2847 2199 2885 au-

632 2934 736 2976 tent
770 2924 1042 2992 ingressus
1070 2922 1345 2976 accubuit.
1392 2920 1697 2981 Pharisaeus
1726 2932 1905 2976 autem
1936 2938 2059 2976 cuin
2106 2923 2197 2976 vi-

628 3016 815 3077 disset,
849 3014 1146 3066 admiratus
1179 3020 1262 3067 est
1314 3015 1459 3080 quod
1489 3027 1596 3066 non
1629 3016 1776 3081 prius
1806 3014 2039 3067 lavassel
2072 3024 2197 3067 ante

630 3104 905 3172 prandium
931 3121 947 3168 ;
980 3110 1034 3156 et
1053 3104 1129 3155 ait
1159 3102 1415 3158 Dominus
1448 3103 1512 3157 ad
1544 3103 1690 3156 illum
1721 3119 1734 3155 :
1765 3102 1916 3157 Nunc
1942 3118 2034 3157 vos
2060 3102 2193 3157 Pha-

632 3194 769 3263 riszei
796 3196 1062 3249 exteriora
1114 3194 1286 3263 poculi
1318 3195 1590 3261 catiniqne
1629 3194 1924 3257 mundatis,
1970 3208 2025 3249 et
2052 3196 2196 3265 quod

632 3288 775 3340 intus
828 3296 909 3339 est
953 3286 1141 3349 vestri,
1202 3286 1413 3355 plenum
1469 3298 1553 3341 est
1604 3289 1789 3357 rapina
1848 3299 1904 3344 et
1952 3290 2191 3343 malitia:

629 3380 798 3443 stulti,
828 3392 1005 3431 nonne
1033 3381 1122 3448 qui
1151 3377 1281 3433 fecit
1308 3379 1449 3447 quod
1473 3378 1607 3433 loris
1633 3390 1736 3443 est,
1770 3380 1933 3435 etiam
1965 3382 2016 3435 id
2050 3379 2195 3451 quod

630 3472 773 3523 intus
821 3480 900 3523 est
960 3467 1122 3522 fecit?
1153 3468 1535 3524 Verumtamen
1581 3471 1722 3539 quod
1767 3481 2034 3541 superest,
2073 3474 2196 3527 date

628 3567 1045 3635 cleemosynani,
1087 3576 1140 3617 et
1172 3580 1297 3617 ecce
1338 3566 1519 3617 omnia
1570 3566 1765 3619 munda
1798 3576 1923 3619 sunt
1955 3566 2128 3620 vobis.
2169 3584 2186 3616 ι

631 3658 847 3711 Sciebat
886 3658 1100 3724 quidem
1148 3655 1542 3709 I‘harismorum
1573 3655 1793 3711 livorem
1828 3656 2109 3721 Dominus,
2140 3665 2197 3711 et

630 3749 978 3803 nihilominus
1012 3748 1246 3802 comedit
1271 3763 1391 3801 cum
1420 3748 1499 3801 eis
1540 3758 1753 3817 propter
1798 3749 1941 3802 istud
1998 3749 2195 3818 ipsum,

629 3842 768 3911 quod
790 3843 910 3897 mali
943 3851 1117 3903 erant,
1144 3850 1194 3893 et
1222 3840 1559 3895 correctione
1584 3856 1718 3908 Opus
1746 3840 2033 3895 habebant.
2061 3841 2193 3895 Nam

630 3924 846 4003 propter
874 3935 973 3985 hoc
1002 3928 1377 3986 comedit’cum
1400 3932 1499 3995 eis,
1532 3940 1589 3985 ut
1619 3933 1958 3987 occasionem
1992 3948 2189 4000 appre-

632 4026 845 4088 hendat,
880 4034 934 4077 et
956 4038 1143 4077 eorum
1187 4037 1364 4076 mores
1408 4022 1676 4077 emendet.
1713 4022 1944 4077 Proinde
1972 4034 2027 4077 et
2054 4038 2198 4077 nunc

627 4115 844 4169 stultam
882 4130 1069 4168 eorum
1112 4114 1555 4168 consuetudinem
1607 4123 1773 4178 taxat,
1820 4130 2012 4183 nempe
2041 4114 2195 4167 lotio-

630 4224 749 4261 nem
785 4219 1073 4275 antequam
1126 4208 1413 4261 comedaut
1455 4225 1467 4259 :
1510 4207 1710 4261 docens
1758 4208 1897 4273 quod
1951 4216 2195 4275 oporteat

630 4297 862 4348 animam
887 4311 980 4364 per
1004 4296 1140 4348 bona
1160 4310 1322 4362 Opera
1347 4295 1663 4363 purificare;
1692 4312 1814 4349 nam
1838 4296 2001 4349 lavari
2033 4311 2190 4363 aqua,

632 4400 735 4439 non
776 4386 1035 4447 animam,
1069 4387 1163 4439 sed
1190 4400 1389 4454 corpus
1412 4386 1679 4453 puriﬁcat.
1714 4387 1780 4439 At
1812 4387 1957 4440 stulti
1990 4387 2063 4439 illi
2099 4403 2196 4454 pu-

2299 2018 2513 2088 Ὠσπερ
2543 2016 2651 2087 γὰρ
2679 2017 2706 2068 ό
2734 2013 3011 2084 ὀφθαλμὸς
3038 2012 3130 2065 τοῦ
3163 2010 3440 2081 σώματος,
3474 2010 3625 2070 ὅπως
3659 2008 3728 2061 ἂν
3756 2008 3872 2077 ἔχῃ.

2294 2109 2438 2162 οὕτω
2471 2110 2565 2163 καὶ
2593 2111 2652 2161 τὸ
2695 2107 2854 2177 σῶμα
2887 2107 3049 2168 ποιεῖ,
3081 2106 3129 2157 εί
3158 2104 3258 2173 μὲν
3285 2102 3548 2171 φωτεινὸς
3580 2101 3692 2170 εἴη,
3728 2100 3875 2152 ἔσται

2297 2200 2389 2251 καὶ
2416 2199 2477 2250 τὸ
2504 2200 2667 2267 σῶμα
2700 2199 2757 2249 ἐν
2780 2196 2917 2265 φωτὶ
2938 2212 2950 2225 ·
2981 2198 3029 2248 εί
3058 2195 3115 2248 δὲ
3142 2192 3439 2255 σκοτεινὸς,
3469 2191 3626 2243 ἔσται
3658 2192 3878 2243 κάκεῖνο

2298 2291 2353 2341 ἐν
2381 2289 2583 2344 σκότει.
2612 2288 2716 2340 Τὸν
2765 2287 2926 2340 αὐτὸν
2956 2284 3157 2355 τρόπον
3184 2283 3278 2337 καὶ
3304 2282 3383 2353 τῷ
3416 2280 3497 2334 νοῒ
3523 2282 3555 2352 ἠ
3580 2281 3730 2350 ψυχὴ
3758 2298 3878 2332 ουν-

2296 2380 2613 2434 διατίθεται.
2654 2380 2763 2432 Καὶ
2818 2378 2877 2431 δν
2926 2375 3118 2429 ἔλασεν
3162 2376 3227 2428 ὲκ
3276 2374 3414 2428 Θεοῦ
3471 2372 3759 2443 ὀφθαλμὸν
3788 2371 3878 2424 καὶ

2299 2472 2433 2539 φῶς,
2464 2470 2655 2523 τοῦτον
2681 2472 2729 2521 εἱ
2759 2469 2910 2537 εῦροι
2934 2468 3315 2538 σκοτιζόμενον
3342 2466 3375 2536 ἢ
3411 2466 3518 2519 ὑπὸ
3550 2464 3878 2535 βασκανίας,

2297 2563 2328 2631 ἢ
2365 2560 2818 2632 φιλοχρηματίας,
2857 2562 2951 2611 καὶ
2979 2558 3165 2622 ἁπλῶς
3193 2560 3365 2611 εἰπεῖν
3404 2556 3714 2625 φιλοῦλίας,
3756 2571 3879 2607 σκο-

2296 2656 2501 2718 τίζεται
2536 2655 2628 2706 καὶ
2661 2653 2825 2720 αὐτή.

2374 2765 2392 2795 ι
2440 2746 2529 2798 Ἐν
2559 2745 2629 2801 δὶα
2648 2742 2725 2813 τῷ
2758 2743 3012 2813 λαλῆσαι,
3034 2741 3227 2813 ἠρώτα
3255 2741 3417 2795 αὑτὸν
3440 2741 3745 2811 Φαρισαῖός
3776 2755 3877 2801 τις,

2300 2842 2444 2902 ὅπως
2474 2839 2744 2909 ἀριστήσῃ
2777 2836 2905 2905 παρ’
2942 2835 3107 2905 αὐτῷ·
3141 2833 3397 2887 εἰσελθὼν
3419 2833 3478 2887 δὲ.
3497 2833 3792 2885 ἀνέπεσεν.
3828 2831 3878 2883 ’0

2300 2931 2356 2983 δὲ
2393 2931 2683 3000 Φαρισαῖος
2724 2928 2845 2983 ἰδὼν
2884 2928 3215 2997 ἔθαύμασεν,
3248 2928 3329 2980 ὃτι
3386 2927 3448 2979 οὐ
3492 2925 3715 2996 πρῶτον
3755 2922 3878 2975 £6:-

2301 3020 2498 3089 πτίσθη
2540 3020 2646 3088 πρδ
2683 3018 2778 3070 τοῦ
2830 3019 3079 3087 ἀρίστου.
3114 3013 3251 3069 Eius
3310 3016 3368 3068 δὲ
3408 3017 3435 3067 ό
3486 3015 3695 3085 Κύριος
3748 3016 3879 3084 πρδς

2302 3112 2463 3165 αὐτόν
2485 3128 2499 3141 ·
2526 3110 2639 3164 Νῦν
2682 3112 2837 3181 ὑμεῖς
2864 3112 2913 3162 ol
2940 3109 3226 3179 Φαρισαῖοι
3263 3108 3322 3159 τδ
3354 3105 3555 3171 ἔξωθεν
3586 3105 3686 3157 τοῦ
3723 3120 3880 3171 ποτη·

2304 3203 2418 3271 ρίου
2445 3202 2541 3255 καὶ
2568 3202 2660 3253 τοῦ
2686 3202 2915 3263 πίνακος
2938 3198 3285 3269 καθαρίζετε,
3319 3196 3380 3249 τὸ
3408 3196 3465 3249 δὲ
3491 3194 3705 3248 ἔσωθεν
3733 3193 3879 3262 ὑμῶν

2302 3294 2463 3363 γέμει
2492 3292 2748 3363 ἁρπαγῆς
2780 3293 2875 3344 κ.ιὶ
2907 3293 3205 3362 πονηρίας*
3241 3291 3496 3360 ἄφρονες,
3531 3289 3633 3357 οὐχ
3665 3289 3693 3337 ὁ
3731 3288 3881 3353 tto-.1;-

2300 3400 2400 3445 σας
2443 3384 2503 3435 τὸ
2550 3384 2771 3447 ἔξωθεν,
2813 3384 2907 3435 καὶ
2954 3382 3015 3435 τὸ
3064 3381 3268 3435 ἔσωθεν
3297 3382 3592 3451 ἔποίησενς
3638 3380 3787 3447 Πλὴν
3819 3377 3881 3429 τὰ

2296 3476 2483 3527 ἐνόντα
2532 3475 2651 3527 δότε
2684 3474 3078 3544 ἐλεημοσύνην,
3120 3474 3215 3526 καὶ
3268 3474 3378 3527 ίδοὺ
3433 3473 3612 3525 πάντα
3666 3471 3882 3538 καθαρὶ

2300 3566 2430 3635 ὑμῖν
2460 3567 2627 3618 ἐστιν.
2687 3585 2704 3617 ι
2740 3567 2893 3636 ’ῌδει
2928 3566 3027 3634 μὶν
3060 3566 3157 3635 τὴν
3188 3566 3296 3618 τῶν
3344 3566 3662 3633 Φαρισαίων
3703 3567 3884 3617 0x116-

2292 3670 2428 3721 τητα
2476 3655 2503 3704 ὁ
2542 3652 2766 3720 Κύριος,
2804 3653 2917 3705 αλλ’
2972 3655 3123 3722 ὅμως
3180 3656 3531 3707 συνεστιᾶται
3586 3656 3773 3718 αὐτοῖς
3819 3655 3866 3707 δι

2298 3743 2429 3794 αὐτὸ
2455 3741 2548 3793 τοῦ
2564 3758 2631 3808 co,
2658 3742 2738 3793 ὅτι
2764 3743 2987 3811 πονηροὶ
3005 3737 3167 3811 ἦσαν,
3206 3742 3300 3794 καὶ
3340 3741 3688 3811 διορθώσεως
3731 3743 3883 3811 ἔχρη-

2298 3837 2407 3898 ζον.
2446 3835 2543 3887 Διά
2577 3834 2735 3887 τοῦτο
2765 3835 2871 3904 γάρ
2916 3851 3000 3887 τοι
3034 3834 3325 3898 συνεσθίει,
3376 3833 3453 3895 ὡς
3506 3832 3573 3886 ἂν
3618 3833 3881 3904 δράξηται

2297 3926 2574 3994 ἁςορμῆς,
2602 3927 2695 3977 καὶ
2726 3925 2990 3995 pst-cnam
3030 3926 3098 3977 τὰ
3146 3926 3251 3995 ἢθη
3302 3926 3506 3979 αὐτῶν.
3544 3925 3762 3995 Ὠσπερ
3794 3922 3884 3975 οὗ)

2300 4017 2391 4067 καὶ
2418 4015 2511 4067 νῦν
2552 4017 2610 4067 τὸ
2643 4016 2868 4085 ἀνόητον
2905 4016 3083 4068 αὐτῶν
3134 4016 3253 4080 ἔθος
3302 4014 3700 4078 ἐπισκώπτων,
3743 4015 3882 4083 φημὶ

2296 4107 2359 4173 δὴ
2383 4108 2444 4159 τὸ
2471 4106 2575 4176 πρὸ
2601 4106 2692 4159 τοῦ
2724 4111 2919 4175 φαγεῖν
2942 4108 3335 4178 καθαρίζεσθαι
3369 4109 3592 4171 αὐτοὺς,
3616 4108 3880 4171 διδάσκει,

2296 4200 2375 4250 ὅτι
2415 4198 2494 4250 δεῖ
2524 4199 2621 4267 τὴν
2664 4198 2843 4268 ψυχὴν
2896 4199 3235 4269 κεκαθάρθαι
3285 4199 3353 4252 δι’
3403 4198 3582 4269 ἔργων
3640 4199 3880 4267 ἀγαθῶν,

2294 4288 2369 4349 ὼς
2400 4288 2525 4356 τόγε
2556 4289 2841 4341 νίπτεσθαι
2876 4288 2943 4341 δι’
2976 4289 3189 4353 ὓδατος,
3223 4291 3283 4341 ού
3316 4288 3520 4359 ψυχὴν,
3554 4288 3695 4341 ἀλλὰ
3729 4288 3882 4357 σῶμα

2297 4381 2568 4451 καθαίρει.
2615 4382 2841 4433 Ἐκεῖνοι
2874 4380 2984 4450 γὰρ
3014 4380 3264 4450 ἐνόμιζον
3295 4381 3345 4433 οἱ
3378 4381 3625 4448 ἀνόητοι,
3652 4382 3735 4433 ὅτι
3771 4381 3882 4448 ἅμα

631 4479 815 4531 tabant
855 4476 994 4545 quod
1040 4493 1164 4530 cum
1198 4492 1422 4544 corpore
1463 4479 1677 4546 quando
1719 4478 2093 4545 baptizabatur
2144 4488 2193 4531 et

2297 4473 2371 4543 τῷ
2402 4473 2616 4542 σώματι
2662 4475 2756 4525 καὶ
2794 4475 2822 4542 ἡ
2871 4473 3019 4543 ψυχὴ
3058 4474 3237 4527 αὐτῶν
3287 4472 3618 4541 καθαίρεται
3668 4471 3759 4525 διὰ
3790 4471 3880 4523 τοῦ

628 4572 927 4635 lavabatur,
956 4570 1114 4625 simul
1154 4572 1398 4624 etanima
1430 4579 1769 4639 purgaretnr.
1802 4571 2056 4623 Dominus
2090 4572 2186 4639 igi-

2298 4566 2653 4633 βαπτίζεσθαι
2716 4568 2807 4619 καὶ
2864 4566 3151 4619 νίπτεσθαι
3218 4568 3279 4618 τδ
3345 4564 3530 4633 σῶμα.
3588 4564 3649 4619 Ὀ
3706 4565 3882 4619 τοίνυν

634 4674 719 4716 tur
762 4664 987 4733 pulchro
1029 4663 1215 4715 calicis
1262 4664 1505 4728 exemplo
1561 4679 1689 4716 usus
1739 4672 1840 4715 est.
1870 4663 2004 4727 Quia
2052 4664 2192 4715 enim

2298 4659 2497 4726 Κύριος
2530 4656 2771 4727 χαρίεντι
2799 4657 3213 4726 παραδείγματι
3244 4656 3514 4727 κέχρηται
3537 4656 3618 4727 τῷ
3649 4656 3747 4710 τοῦ
3789 4674 3880 4709 πο-

633 4762 841 4823 tempus
886 4763 1003 4806 erat
1051 4767 1274 4817 mensa},
1317 4752 1500 4806 calicis
1545 4764 1599 4805 et
1634 4753 1795 4807 catini
1836 4755 2097 4816 meminit,
2130 4754 2193 4807 ab

2297 4749 2504 4820 τηρίου.
2543 4749 2692 4801 Ἐπεὶ
2719 4750 2826 4817 γὰρ
2860 4748 3047 4817 καιρὸς
3068 4742 3137 4817 ἦν
3162 4749 3468 4819 τραπέζης,
3500 4748 3769 4817 ποτηρίου
3791 4748 3881 4799 καὶ

633 4844 716 4897 bis
745 4858 862 4912 qua:
889 4842 957 4895 ob
984 4841 1169 4894 oculos
1202 4842 1302 4894 sita
1331 4852 1509 4903 erant,
1548 4841 1912 4895 testimonium
1940 4842 2193 4907 allerens,

2297 4842 2521 4903 πίνακος
2548 4839 2894 4909 μνημονεύει,
2924 4840 3030 4894 ἀπὸ
3059 4840 3168 4894 τῶν
3200 4840 3257 4891 ὲν
3284 4839 3406 4907 ὄψει
3433 4842 3713 4910 κειμένων
3742 4858 3875 4913 μαρ-

631 4944 684 4987 et
724 4931 1057 5001 persuadens
1090 4929 1378 4985 Pbariszis
1422 4932 1563 4999 quod
1593 4931 1731 4983 sicut
1785 4930 1927 4982 nulla
1979 4930 2193 4997 quidem

2302 4933 2487 5000 τυρίαν
2518 4932 2803 4999 παράγων,
2841 4931 2935 4984 καὶ
2970 4932 3291 4998 συμπείθων
3321 4932 3415 4985 τὸν
3450 4933 3777 5002 Φαρισαῖον,
3801 4936 3879 4989 ὃτι

631 5026 834 5079 utilitas
852 5035 934 5077 est
957 5024 1298 5075 extrinsecus
1328 5022 1580 5075 mundum
1606 5036 1724 5075 esse
1742 5022 1899 5091 361
1926 5021 2193 5090 poculum,

634 5117 955 5169 intrinsecus
986 5124 1165 5167 autem
1199 5114 1473 5181 impletum
1517 5128 1639 5166 esse
1668 5114 1920 5167 sordibus
1952 5130 1965 5165 :
1996 5114 2073 5167 sic
2104 5130 2197 5167 ne-

632 5223 735 5275 que
766 5209 808 5260 si
838 5221 1032 5275 corpus
1066 5206 1387 5275 baptizetur,
1426 5206 1604 5258 anima
1659 5214 1833 5258 autem
1866 5207 2008 5258 muni
2041 5207 2193 5274 plena

631 5300 702 5354 sit
736 5299 1095 5361 immunditia,
1129 5308 1307 5367 utpote
1339 5298 1522 5364 rapina
1560 5306 1612 5351 ct
1641 5299 1864 5351 malitia.
1900 5298 2196 5352 lnsinuavit

630 5403 806 5445 autem
860 5390 994 5444 duas
1045 5388 1355 5446 all‘ectiones
1406 5391 1600 5457 quibus
1644 5390 1959 5443 laborabant
2001 5389 2193 5455 Juilci,

629 5484 912 5537 avaritiam
944 5496 1042 5550 per
1070 5481 1343 5548 rapinam,
1390 5480 1643 5534 invidiam
1697 5491 1873 5534 autem
1905 5492 1956 5535 et
1983 5499 2103 5552 quae
2129 5498 2193 5535 ex

632 5574 827 5628 invidia
852 5575 1192 5643 proveniunt,
1221 5588 1315 5641 per
1358 5576 1637 5628 malitiam.
1678 5574 1828 5627 Nulla
1859 5575 2018 5645 igitur
2051 5576 2195 5629 utili—

634 5676 714 5720 tas
742 5677 822 5718 est
847 5669 1057 5733 quando
1102 5667 1181 5720 sic
1218 5666 1379 5718 habet
1406 5670 1603 5722 anima.
1649 5666 1833 5733 Stulti,
1893 5684 2067 5722 nonne
2100 5668 2191 5735 qui

632 5758 755 5813 fecit
781 5776 994 5831 corpus,
1022 5762 1160 5829 quod
1200 5762 1365 5813 multa
1408 5778 1535 5814 cura
1585 5763 1845 5832 dignaris,
1884 5763 2041 5815 etiam
2074 5762 2192 5813 ani-

634 5866 775 5905 mam
820 5852 979 5908 fecit?
1012 5852 1225 5910 Debetis
1256 5854 1420 5924 igitur
1448 5863 1501 5908 et
1529 5854 1670 5909 illam
1705 5870 1953 5926 purgare.
1996 5855 2193 5910 Deinde

2298 5022 2486 5091 ὥσπερ
2540 5024 2693 5075 οὐδὲν
2736 5022 2927 5089 ὄφελος
2974 5022 3174 5085 ἔξωθεν
3223 5024 3321 5093 μὲν
3364 5025 3613 5094 καθαρὸν
3655 5022 3879 5078 εἶναιτὸ

2300 5119 2579 5186 ποτήριον,
2631 5116 2833 5169 ἔσωθεν
2870 5116 2924 5167 δὲ
2974 5117 3145 5185 ῥύπου
3187 5118 3387 5180 παντὸς
3421 5118 3875 5189 πεπληρωμένον,

2297 5209 2464 5273 οὕτως
2494 5210 2613 5262 οὐδὲ
2650 5208 2898 5277 σώματος
2935 5208 3361 5278 βατπιζομένου,
3387 5210 3569 5280 ψυχῆς
3593 5212 3649 5265 δὲ
3682 5212 3879 5282 γεμού-

2299 5318 2394 5371 σης
2429 5301 2605 5371 πάσης
2636 5300 2993 5369 ἀκαθαρσίας,
3029 5296 3140 5353 οἷον
3164 5302 3423 5371 ἁρπαγῆς
3454 5305 3551 5356 καὶ
3585 5308 3874 5374 πονηρίας.

2308 5392 2555 5463 ᾘνίξατο
2585 5393 2641 5445 δὲ
2672 5392 2737 5444 τὰ
2764 5392 2855 5447 δύο
2880 5393 3023 5461 πάθη
3054 5393 3123 5446 τὰ
3156 5393 3567 5463 ἐπικρατοῦντα
3603 5394 3711 5448 τῶν
3749 5397 3875 5448 Ἰου-

2296 5486 2477 5538 δαίων.
2528 5482 2840 5547 πλεονεξίαν
2879 5484 2967 5536 διὰ
3000 5484 3099 5551 τῆς
3132 5485 3411 5554 ἁρπαγῆς,
3446 5486 3646 5553 φθόνον
3693 5487 3750 5542 δὲ
3782 5488 3873 5539 καὶ

2296 5578 2361 5629 τὰ
2403 5581 2464 5629 ὲκ
2496 5576 2691 5647 φθόνου
2738 5576 2824 5628 διὰ
2862 5578 2960 5645 τῆς
3008 5577 3291 5646 πονηρίας.
3332 5578 3503 5631 Οὐδὲν
3536 5578 3631 5632 οῦν
3663 5576 3869 5646 bello;

2297 5670 2423 5721 ὅταν
2453 5669 2624 5730 οὕτως
2650 5669 2749 5739 ἔχῃ
2776 5671 2807 5737 ἡ
2834 5668 2999 5738 ψυχή.
3038 5669 3330 5739 Ἀφρονες,
3362 5671 3462 5740 οὐχ
3491 5672 3520 5721 ὁ
3556 5672 3793 5740 ποιήσας
3818 5670 3871 5722 τὺ

2300 5764 2479 5832 σῶμα,
2509 5762 2537 5813 ὃ
2577 5761 2775 5831 πολλῆς
2820 5762 3139 5833 ἐπιμελείας
3187 5764 3380 5828 ἀξιοῖς,
3431 5764 3529 5815 καὶ
3565 5764 3666 5833 τὴν
3694 5763 3869 5831 ψυχὴν

2299 5856 2589 5927 ἐποίησεν,
2632 5854 2901 5925 ὐφείλετε
2921 5855 3013 5909 οῦν
3047 5855 3139 5912 καὶ
3169 5855 3375 5929 ταύτην
3406 5855 3715 5927 καθαίρειν.
3743 5849 3869 5909 Εἶτα
