4038 6540
238 511 349 574 869

981 504 1430 569 ENARRATIO
1468 506 1555 569 IN
1594 502 2102 567 EVANGELIUM
2152 504 2369 567 LUC/8
2421 529 2490 540 -
2523 503 2687 565 CAP.
2729 503 2837 565 X1.

3451 503 3560 573 870

243 623 489 679 διδάσκει
520 620 742 685 αὐτοὺς,
780 619 899 684 πῶς
947 620 1311 693 καθαρίζεται
1354 619 1417 673 τὸ
1449 619 1580 674 ἔσω.
1620 618 1719 673 Διά
1747 616 1839 687 τῆς

1953 617 2112 678 docet
2138 633 2237 674 eos
2281 616 2554 688 quomodo
2581 617 2928 688 purgandum
2972 616 3043 673 sit
3087 618 3233 689 quod
3283 618 3556 677 interius:

246 717 639 787 ἑλεημοσύνης.
667 714 853 786 φησίν.
888 715 1032 784 Ὅρα
1059 714 1117 767 δέ
1165 731 1259 783 μοι
1293 712 1410 777 πῶς
1452 712 1522 766 τά
1560 712 1656 766 δύο
1694 709 1842 781 πάθη

246 810 429 865 αὐτῶν
458 807 775 879 θεραπεύει,
810 808 903 860 τὸν
938 804 1135 875 φθόνον
1172 805 1339 873 λέγω,
1392 804 1494 860 καὶ
1521 803 1624 874 τὴν
1662 804 1845 874 ἁρπα-

244 900 372 970 γὴν,
418 899 507 953 διὰ
554 896 649 952 τοῦ
682 896 987 953 ὑποθὼθαι
1032 900 1136 969 τὴν
1182 896 1581 968 ἐλεημοσύνην.
1628 894 1690 969 '0
1736 894 1845 967 γὰρ

247 991 414 1045 ιλεῶν
460 990 701 1060 ἀληθῶς,
727 989 829 1061 οὐχ
856 990 1101 1061 ἁρπάσει
1134 988 1207 1042 τά
1236 987 1330 1043 τοῦ
1377 987 1704 1057 ὲλεουμένου
1740 986 1842 1058 (4),

246 1085 309 1137 οὐ
344 1084 601 1154 φθονήσει
628 1082 707 1153 τῷ
738 1069 1068 1154 ἑλεουμένῳ.
1119 1081 1276 1135 Ἐπεὶ
1302 1081 1487 1135 τοίνυν
1510 1079 1606 1133 δύο
1632 1079 1846 1145 τούτοις

244 1170 396 1240 πάθη
430 1168 695 1235 ὠνείδισε,
729 1170 798 1224 δι’
826 1171 945 1235 ἑνὸς
970 1172 1271 1242 φαρμάκου
1297 1170 1472 1224 ταῦτα
1494 1170 1844 1242 ὲκμοχλεύει,

244 1262 789 1335 τῆςιὲλεημοσύνης,
823 1263 946 1333 ἥτις
992 1262 1187 1334 πρώτη
1240 1260 1383 1333 θύρα
1436 1263 1538 1332 τῆς
1587 1261 1840 1315 θεοποιοῦ

244 1355 509 1425 ἀγάπηςο
560 1355 783 1424 ἀγάπης
833 1355 889 1408 δὲ
950 1355 1234 1426 παρούσης
1281 1354 1385 1408 ποῦ
1417 1354 1705 1420 πλεονεξία
1749 1356 1845 1410 καὶ

246 1448 475 1516 φθόνοςς
495 1448 578 1501 Τὰ
598 1448 790 1503 ἐνόντα
810 1448 926 1511 οὖν,
949 1448 1221 1515 τουτέστι,
1241 1448 1311 1502 τὰ
1341 1449 1655 1519 ὑπάρχοντα
1680 1450 1810 1519 ὑμῖν
1828 1466 1843 1477 ·

246 1542 432 1604 καλῶς
462 1538 517 1596 δὶ
544 1536 666 1595 εἷπε
696 1542 767 1594 τὸ.
800 1543 1012 1607 ἐνόντα,
1054 1544 1147 1595 καὶ
1182 1543 1284 1596 οὐκ
1315 1540 1495 1609 εἶπεν,
1525 1542 1677 1609 ὄντα,
1709 1543 1844 1597 διότι

239 1633 314 1686 τὰ
344 1632 604 1703 χρήματα
631 1632 828 1687 ἔνεισιν
861 1634 917 1685 ἓν
953 1636 1020 1704 τῇ
1048 1632 1249 1704 καρδίᾳ
1279 1631 1374 1685 τοῦ
1398 1632 1841 1703 φιλοχρημάτου,

243 1724 343 1778 καὶ
362 1723 701 1795 ὲγκάθηνται
724 1724 886 1794 αὐτῇ,
916 1724 997 1777 διὸ
1025 1723 1121 1777 καὶ
1156 1723 1504 1793 Δαυΐδφησι,
1570 1725 1645 1795 μὴ
1672 1741 1843 1796 προσ-

240 1814 494 1870 τίθεσθαι
553 1814 654 1888 τὴν
712 1817 943 1888 καρδίαν
1000 1814 1078 1885 τῷ
1136 1816 1374 1885 πλούτῳ,
1436 1814 1709 1881 τουτέστι,
1766 1815 1843 1885 μὴ

242 1910 553 1980 προσηλοῦν
586 1910 758 1983 αὐτὴν
792 1912 892 1963 καὶ
922 1909 1266 1979 συνδεσμεῖν.

1952 706 2062 764 Per
2083 708 2517 780 eleemosynam,
2546 709 2740 780 inquit.
2766 709 2905 765 Vide
2928 718 3113 765 autem
3134 714 3408 781 quomodo
3423 710 3561 769 duas

1952 800 2171 857 illorum
2199 800 2521 858 allectiones
2550 813 2729 867 sanet,
2752 801 3016 857 invidiam
3047 801 3173 858 dico
3194 812 3250 857 et
3280 804 3557 874 rapinam,

1949 905 2048 963 per
2072 890 2176 947 hoc
2208 893 2353 963 quod
2397 892 2619 963 subiicit
2650 893 3082 964 eleemosynam.
3114 891 3254 948 Nam
3294 896 3387 966 qui
3428 911 3561 952 vero

1948 984 2262 1050 miseretur,
2317 999 2427 1038 non
2468 982 2643 1054 rapiet
2687 984 2807 1054 ejus
2843 983 2982 1039 bona
3033 982 3192 1054 cujus
3240 986 3557 1050 miseretur,

1949 1089 2126 1144 neque
2151 1073 2227 1137 illi
2257 1073 2542 1130 invidebit.
2569 1073 2634 1129 Et
2662 1074 2788 1143 quia
2821 1075 2962 1130 duos
2999 1074 3221 1130 morbos
3250 1076 3334 1132 eis
3363 1091 3559 1146 expro-

1946 1167 2147 1231 bravit,
2187 1181 2296 1220 uno
2344 1166 2587 1221 remedio
2630 1165 3017 1246 eleemosyuar
3044 1179 3340 1238 utrumque
3372 1178 3554 1235 sanat,

1948 1273 2069 1328 qua:
2101 1253 2275 1327 prima
2310 1266 2396 1311 est
2420 1255 2591 1327 janua
2643 1255 2955 1311 deiﬁcantis
2985 1255 3298 1311 charitatis.
3324 1255 3379 1311 Si
3404 1257 3557 1311 ettim

1947 1354 2163 1409 all'uerit
2190 1354 2437 1419 dilectio,
2471 1353 2563 1408 ubi
2598 1353 2839 1407 manebit
2862 1352 3095 1407 avaritia
3129 1360 3186 1406 et
3214 1349 3456 1405 invidia?
3485 1348 3559 1403 Ea

1946 1445 2115 1517 igitur
2141 1459 2263 1512 qua:
2292 1443 2498 1508 insunt,
2528 1444 2632 1497 hoc
2680 1452 2786 1505 est.
2820 1442 3116 1497 facultates
3143 1450 3362 1505 vestrae.
3412 1439 3560 1495 Bene

1947 1536 2106 1602 dixit,
2136 1552 2198 1590 ea
2226 1550 2348 1605 quae
2375 1535 2590 1602 insunt,
2614 1544 2670 1590 et
2705 1522 2813 1591 non
2845 1536 3007 1600 dixit,
3054 1550 3117 1589 ea
3146 1548 3268 1605 qua:
3296 1542 3453 1597 sunt,
3493 1548 3561 1588 eo

1946 1629 2089 1697 quod
2118 1628 2322 1683 divitia:
2349 1628 2535 1683 insunt
2564 1630 2619 1682 in
2645 1629 2811 1684 corde
2855 1628 3006 1691 avari
3056 1637 3112 1682 et
3134 1628 3354 1693 sedent
3384 1626 3437 1679 iu
3468 1641 3555 1681 eo.

1945 1723 2072 1779 Ideo
2108 1732 2162 1777 et
2212 1722 2383 1776 David
2432 1721 2567 1777 dicit
2611 1737 2723 1775 non
2771 1721 3154 1791 apponendutn
3196 1733 3294 1774 cor
3328 1718 3556 1784 divitiis,

1948 1816 2052 1872 hoc
2082 1824 2189 1881 est,
2225 1830 2294 1870 ne
2320 1813 2690 1886 agglutinetur
2722 1828 2820 1869 nec
2848 1813 3160 1884 colligetur.

324 2020 343 2053 ι
386 2001 523 2055 Ἀλλ’
562 2003 688 2062 οὖα).
732 2003 861 2073 ὑμῖν
887 2004 1001 2064 τοῖς
1045 2001 1390 2072 Φαρισαίοις,
1439 2002 1524 2055 ὅτι
1556 2000 1837 2054 ἀποδεκα-

2018 1994 2186 2051 Vsus.
2224 1994 2419 2049 42o5l.
2453 2013 2472 2045 ι
2514 1993 2621 2048 Sed
2658 2008 2739 2046 vae
2766 1992 2923 2047 vobis
2954 1990 3273 2057 Ρὴοιεὶεαξίε,
3292 1990 3433 2073 quia
3463 1988 3559 2045 de-

243 2092 405 2147 τοῦτι
430 2092 492 2145 τὸ
521 2094 813 2165 ἡδύοσμον,
864 2094 959 2147 καὶ
989 2093 1052 2148 τδ
1080 2096 1345 2165 πήγανον,
1392 2094 1488 2148 καὶ
1514 2094 1625 2148 πᾶν
1668 2092 1840 2161 λάχα-

252 2197 359 2249 νον,
386 2183 479 2237 καὶ
510 2183 853 2255 παρέρχεσθε
883 2183 984 2256 τὴν
1010 2185 1215 2255 κρίσιν,
1242 2184 1338 2238 καὶ
1363 2185 1464 2255 τὴν
1492 2182 1715 2253 ἀγάπην
1740 2181 1836 2236 τοῦ

243 2274 405 2329 Θεοῦ·
438 2276 616 2331 ταῦτα
641 2277 746 2331 ἔδει
778 2275 1023 2344 ποιῆσαι,
1059 2276 1289 2330 κάκεῖνα
1325 2275 1402 2346 μὴ
1434 2275 1676 2344 ἀφιέναι.
1702 2274 1839 2328 Οὐαὶ

246 2366 381 2436 ὕμῖν
409 2371 522 2431 τοῖς
557 2370 896 2439 Φαρισαίοις,
931 2369 1015 2421 δτι
1044 2369 1301 2438 ἀγαπᾶτε
1343 2369 1443 2437 τὴν
1487 2368 1841 2438 πρωτοκαθε-

248 2458 409 2529 δρίαν
444 2461 503 2513 ὲν
540 2464 661 2525 ταῖς
695 2462 1064 2543 συναγωγαῖς,
1107 2461 1203 2514 καὶ
1244 2462 1371 2524 τοὺς
1406 2462 1735 2531 ἀσπασμοὺς
1781 2462 1839 2513 ὲν

242 2555 365 2613 ταῖς
400 2554 649 2623 ἀγοραῖς.
680 2554 815 2608 Οὐαὶ
843 2554 996 2624 ὑμῖν,
1046 2554 1403 2624 Γραμματεῖς
1436 2554 1529 2607 καὶ
1551 2556 1839 2625 Φαρισαῖοι

244 2641 560 2713 ὑποκριταὶ,
596 2645 677 2697 ὅτι
710 2647 831 2699 ἐστὲ
868 2646 943 2710 ὡς
973 2645 1041 2699 τὰ
1066 2647 1310 2716 μνημεῖα
1342 2645 1412 2699 τά
1436 2646 1631 2717 άδηλα,
1669 2645 1765 2698 καὶ
1788 2647 1837 2698 οἱ

242 2733 525 2803 ἄνθρωποι
564 2736 995 2805 περιπατοῦντες
1028 2736 1218 2790 ἐπάνω
1244 2738 1345 2790 οὐκ
1398 2738 1625 2791 οἴδασιν.
1676 2738 1838 2790 Ἀπο-

241 2822 458 2894 κριοεὶς
486 2823 542 2876 δέ
575 2841 657 2886 τις
685 2823 791 2876 τῶν
818 2826 1084 2894 νομικῶν,
1119 2826 1269 2895 λέγει
1297 2826 1446 2897 αὑτῷ
1467 2846 1481 2859 ·
1513 2827 1837 2897 Διδάσκαλε,

242 2912 416 2967 ταῦτα
475 2913 648 2983 λέγων
702 2916 798 2969 καὶ
854 2917 1001 2986 ἡμᾶς
1036 2917 1297 2988 ὑϐρίζεις.
1343 2919 1402 2972 'U
1434 2920 1491 2972 δὲ
1516 2916 1675 2974 εἷπε’
1725 2922 1839 2975 Καὶ

243 3005 377 3075 ὑμῖν
415 3008 525 3069 τοῖς
559 3009 803 3076 νομικοῖς
836 3010 980 3087 οὐαὶ,
1022 3010 1105 3062 ὅτι
1136 3010 1424 3081 φορτίζετε
1450 3015 1580 3076 τοὺς
1628 3014 1841 3085 ἀνθρώ-

245 3112 383 3159 πους
426 3098 623 3167 φορτία
653 3098 1057 3163 δυσϐάστακτα,
1094 3103 1186 3153 καὶ
1213 3102 1368 3153 αὐτοὶ
1395 3102 1474 3155 ἐνὶ
1504 3103 1611 3155 τῶν
1635 3104 1837 3157 δακτύ-

242 3186 355 3240 λων
387 3187 541 3257 ὓμῶν
582 3189 645 3243 οὐ
676 3190 1021 3261 προσψαύετε
1060 3195 1172 3255 τοῖς
1203 3194 1467 3263 φορτίοις.
1516 3196 1655 3249 Οὐαὶ
1686 3199 1837 3267 ὑμῖν,

1944 2086 2160 2144 cimatis
2197 2096 2439 2141 mentam
2477 2094 2533 2142 et
2562 2096 2765 2147 rutam,
2798 2094 2855 2139 et
2887 2084 3120 2153 quodvis
3158 2065 3302 2141 olus:
3334 2090 3391 2137 et
3418 2097 3560 2154 pra:-

1945 2178 2121 2234 teritis
2139 2174 2405 2245 judicium
2448 2186 2505 2231 et
2521 2176 2845 2231 charitatem
2877 2174 2971 2229 Dei
2994 2192 3009 2228 :
3034 2174 3143 2229 imo
3167 2174 3283 2229 [nec
3314 2175 3559 2245 oportuit

1944 2268 2149 2336 facere,
2202 2278 2257 2324 et
2290 2268 2382 2323 illa
2432 2283 2539 2324 non
2580 2268 2858 2324 omittere.
2910 2266 3005 2322 Va:
3045 2267 3198 2323 vobis
3234 2267 3554 2334 Pharisazls,

1943 2363 2069 2433 quia
2104 2362 2332 2432 diligitis
2360 2361 2566 2432 primas
2605 2361 2898 2416 cathedras
2932 2358 2987 2414 in
3026 2360 3344 2432 synagogis,
3371 2370 3427 2417 et
3460 2375 3555 2418 u-

1952 2454 2249 2509 lutationcs
2287 2454 2339 2507 iu
2386 2453 2529 2509 foro.
2562 2452 2656 2507 Va:
2707 2452 2881 2516 vobis,
2928 2452 3139 2525 Scriba
3186 2464 3245 2507 et
3290 2452 3554 2508 Pharisaei

1944 2546 2265 2618 hypocrita,
2302 2546 2430 2616 quia
2457 2546 2591 2601 estis
2615 2553 2672 2598 ut
2706 2553 3060 2599 monumenta
3094 2559 3214 2614 quae
3245 2559 3352 2598 non
3384 2559 3552 2615 appa-

1946 2652 2098 2708 rent,
2148 2652 2201 2696 et
2247 2642 2497 2697 homines
2528 2640 2872 2696 ambulantes
2945 2653 3112 2708 super
3142 2638 3416 2694 nesciunt.
3447 2635 3557 2694 Re-

1950 2736 2223 2802 Spoudcns
2274 2744 2453 2788 autem
2503 2732 2726 2802 quidam
2786 2746 2852 2786 ex
2888 2730 3250 2803 lcgispcritis,
3284 2734 3358 2784 ait
3412 2730 3488 2785 illi
3538 2748 3554 2787 :

1946 2826 2225 2896 Magister,
2274 2825 2387 2881 haec
2421 2826 2611 2880 dicens
2654 2826 2818 2880 etiam
2856 2839 2960 2879 nos
2990 2824 3162 2880 adicis
3192 2822 3551 2878 contumelia.

1945 2918 2014 2971 At
2049 2916 2135 2971 Ille
2170 2917 2246 2972 ait
2275 2936 2287 2972 :
2328 2917 2393 2972 Et
2438 2918 2594 2972 vobis
2640 2916 2973 2985 legisperitis
3009 2915 3275 2985 vaeyquia
3310 2917 3557 2971 oucrat’s

1949 3013 2196 3067 homines
2229 3013 2490 3067 oneribus
2524 3028 2645 3082 qua:
2682 3021 2903 3081 portare
2940 3027 3048 3066 non
3080 3020 3333 3080 possunt,
3366 3020 3421 3063 ct
3451 3009 3555 3078 ipsi

1950 3118 2058 3157 uno
2088 3104 2254 3173 digito
2287 3115 2471 3161 vestro
2500 3121 2605 3159 non
2640 3105 2910 3176 attingitis
2940 3106 3211 3161 sarcinas.
3244 3102 3339 3159 Va:
3378 3104 3552 3165 vobis.

1948 3198 2073 3265 quia
2129 3196 2412 3253 mdiﬁcatis
2460 3207 2815 3252 monumenta
2882 3199 3274 3268 prophetarum
3314 3216 3329 3253 :
3371 3206 3557 3267 patrs

241 3280 330 3334 δτι
359 3282 716 3353 -οίκοδομεῖτε
750 3286 819 3338 τὰ
865 3289 1107 3356 μνημεῖα
1157 3287 1268 3339 τῶν
1320 3289 1642 3360 προφητῶν,
1688 3291 1740 3343 οἱ
1782 3291 1839 3345 δὲ

1948 3302 2128 3345 autem
2181 3291 2344 3345 vestri
2402 3291 2723 3346 occiderunt
2775 3291 2920 3346 illos.
2986 3289 3240 3346 Profecto
3276 3291 3555 3346 testamini

244 3374 487 3444 πατέρες
510 3376 667 3445 ὑμῶν
711 3378 1038 3433 ἀπέκτειναν
1070 3380 1290 3444 αὐτούςτ
1335 3383 1443 3453 ἄρα
1482 3386 1837 3453 μαρτυρεῖτε,

240 3467 338 3520 καὶ
366 3468 736 3523 συνευδοκεῖτε
764 3472 877 3534 τοῖς
904 3471 1087 3542 ἔργοις
1113 3474 1223 3527 τῶν
1246 3476 1503 3544 πατέρων
1538 3477 1717 3546 ὑμῶν,
1752 3478 1836 3531 δτι

242 3558 404 3611 αὐτοὶ
440 3559 542 3629 μὲν
573 3561 907 3616 ἀπέκτειναν
954 3564 1177 3629 αὐτοὺς,
1224 3566 1383 3635 ὑμεῖς
1415 3567 1474 3619 δὲ
1504 3568 1837 3639 οἰκοδομεῖτε

240 3650 426 3703 αὐτῶν
454 3652 521 3704 τά
562 3656 824 3723 μνημεῖα.
859 3655 957 3708 Διά
988 3655 1149 3709 τοῦτο
1175 3659 1321 3726 καὶὴ
1358 3659 1523 3727 σοφία
1565 3660 1659 3712 τοῦ
1701 3661 1837 3713 Θεοῦ

242 3736 426 3793 εἶπεν
470 3741 783 3797 Ἀποστελῶ
818 3748 897 3809 εἰς
923 3747 1119 3811 αὐτοὺς
1148 3751 1432 3819 προφήτας
1474 3749 1568 3803 καὶ
1600 3751 1838 3806 ἀποστό-

240 3835 390 3902 λους,
426 3836 523 3889 καὶ
566 3836 625 3903 ἐξ
657 3837 839 3891 αὐτῶν
876 3839 1241 3893 ἀποκτενοῦσι
1278 3841 1371 3894 καὶ
1402 3841 1710 3908 διώξουσιν,
1749 3843 1837 3897 ῖνα

238 3924 522 3997 ἐκζητηθῇ
551 3925 613 3978 τὸ
644 3920 786 3997 αἷμα
821 3930 1041 3982 πάντων
1064 3930 1172 3984 τῶν
1203 3933 1525 4002 προφητῶν,
1572 3934 1633 3987 τὸ
1676 3938 1840 4005 ἐκχυ-

236 4020 471 4088 νόμενον
499 4017 609 4071 ἀπὸ
640 4021 949 4089 καταϐολῆς
978 4022 1186 4093 κόσμου
1219 4024 1327 4076 ἀπὸ
1351 4024 1451 4094 τῆς
1479 4028 1676 4092 γενεᾶς
1706 4026 1839 4080 ταύ-

237 4125 362 4175 της,
392 4108 500 4161 ἀπὸ
524 4110 620 4163 τοῦ
654 4109 888 4180 αἵματος
916 4112 1081 4165 Ἅϐελ
1110 4113 1216 4177 ἕως
1252 4114 1346 4167 τοῦ
1395 4116 1631 4186 αἵματος
1658 4121 1843 4189 Ζαχα-

239 4200 387 4272 ρίου,
418 4199 512 4253 τοῦ
562 4202 906 4272 ἀπολομένου
957 4205 1160 4273 μεταξὺ
1198 4207 1293 4259 τοῦ
1326 4208 1715 4281 θυσιαστηρίου
1747 4216 1841 4267 καὶ

236 4292 339 4347 τοῦ
377 4291 551 4348 οῖκου.
584 4294 695 4350 Ναὶ
734 4296 880 4365 λέγω
928 4297 1078 4367 ὑμῖν,
1116 4300 1555 4373 ἐκζητηοήσεται
1602 4307 1711 4359 ἀπὸ
1741 4308 1839 4376 τῆς

237 4387 437 4455 γενεᾶς
467 4386 695 4459 ταύτης.
736 4408 753 4440 ι
796 4391 859 4442 Ol
885 4390 1169 4461 Φαρισαῖοι
1199 4394 1284 4445 ἵνα
1312 4394 1387 4463 μὴ
1418 4396 1711 4465 παραδῶσι
1741 4399 1833 4468 δῆ-

238 4478 338 4532 θεν
373 4480 466 4533 τὸν
493 4481 681 4551 νόμον,
726 4482 1099 4536 ἀπεδεκάτουν
1144 4487 1238 4539 καὶ
1273 4486 1341 4538 τὰ
1388 4488 1669 4558 ἐλάχιστα,
1703 4493 1750 4542 εί
1780 4490 1839 4543 δέ

232 4586 327 4634 τις
372 4570 557 4635 αὐτοῖς
603 4572 896 4643 ἐμέμψατο
947 4576 1112 4645 τυχὸν
1167 4574 1243 4639 ὡς
1293 4580 1836 4649 μικρολογουμένοις,

1945 3384 2090 3451 quod
2115 3384 2482 3453 comprobatis
2517 3382 2661 3439 facta
2694 3394 2911 3453 patrum
2940 3395 3270 3449 vestrorum,
3290 3385 3552 3455 quoniam

1944 3477 2019 3530 illi
2056 3476 2275 3545 quidem
2322 3490 2417 3531 eos
2465 3476 2825 3541 occiderunt;
2882 3492 2977 3532 vos
3032 3487 3214 3532 autem
3268 3473 3554 3533 aadilicatis

1942 3584 2131 3622 eorum
2174 3568 2445 3636 sepulcra.
2486 3568 2782 3637 Propterea
2826 3577 2881 3623 et
2920 3572 3188 3640 sapientia
3236 3571 3328 3625 Dei
3363 3572 3503 3626 dixit
3536 3591 3549 3626 :

1944 3660 2153 3714 Mittam
2188 3661 2257 3715 ad
2305 3661 2425 3715 illos
2470 3662 2765 3730 prophetas
2796 3669 2854 3716 et
2885 3664 3185 3730 apostolos,
3214 3673 3270 3717 et
3334 3678 3400 3717 ex
3446 3662 3554 3719 illis

1942 3748 2191 3804 occident
2216 3759 2269 3803 et
2292 3760 2711 3819 persequentur,
2743 3758 2801 3805 ut
2833 3751 3150 3821 requiratur
3175 3752 3401 3821 sanguis
3429 3768 3549 3807 om-

1944 3841 2089 3894 nium
2133 3841 2517 3911 prophetarum
2576 3844 2667 3910 qui
2726 3842 3026 3897 eifunditur
3074 3859 3103 3896 a
3158 3844 3549 3900 constitutioxte

1942 3934 2129 3988 mundi
2174 3949 2203 3986 a
2246 3936 2468 3989 natione
2528 3935 2658 3998 ista,
2702 3950 2733 3990 a
2782 3936 3053 4005 sanguine
3091 3935 3227 3990 Abel
3277 3938 3550 4006 usquead

1941 4027 2259 4094 sanguinem
2320 4025 2635 4091 Zachariae,
2703 4028 2795 4096 qui
2856 4029 3021 4097 periit
3079 4027 3224 4083 inter
3274 4028 3447 4081 altare
3496 4037 3551 4081 et

1941 4120 2149 4186 (edem;
2187 4119 2434 4187 profecto
2469 4120 2591 4173 dico
2627 4119 2801 4183 vobis,
2858 4118 3169 4187 requirctur
3205 4118 3272 4172 ab
3320 4118 3423 4172 hac
3454 4133 3550 4171 ιιει-

1943 4214 2112 4265 tione.
2153 4228 2171 4262 ι
2204 4210 2490 4278 Pharisaei,
2524 4226 2591 4265 ne
2614 4212 3130 4281 transgrederentur
3156 4210 3328 4281 legem
3358 4210 3553 4266 Viduli-

1942 4312 2047 4367 cet,
2096 4304 2341 4357 decimas
2379 4303 2546 4357 eliam
2582 4319 2648 4358 ex
2682 4303 2924 4358 minimis
2965 4304 3171 4357 dabant
3204 4322 3217 4358 :
3266 4313 3321 4358 et
3350 4304 3394 4358 si
3427 4306 3553 4374 quis

1945 4396 2063 4449 illos
2094 4395 2525 4465 reprehendebat
2572 4407 2679 4449 tam
2732 4410 3025 4463 parvarum
3054 4410 3240 4450 rerum
3281 4396 3550 4450 rationem

1945 4488 2228 4550 habentes,
2276 4486 2451 4558 legem
2482 4485 2861 4555 proferebant,
2904 4502 3026 4556 quae
3055 4488 3124 4541 de
3170 4488 3430 4543 omnibus
3458 4488 3553 4542 de-

1943 4581 2115 4636 cimas
2142 4578 2328 4633 offerri
2360 4580 2743 4634 sacerdotibus
2797 4579 3173 4649 praecipiebat.
3217 4579 3409 4648 Itaque
3443 4579 3554 4633 Do-

232 4662 333 4717 τδν
365 4664 531 4733 νόμον
556 4662 888 4734 προῦφερον,
924 4664 983 4729 ὃς
1008 4667 1118 4719 ἀπὸ
1154 4670 1375 4721 πάντων
1408 4670 1638 4746 δεκάτας
1665 4690 1837 4745 προσ-

1949 4672 2126 4725 miuus
2156 4670 2290 4725 dicit
2324 4689 2337 4725 :
2388 4671 2541 4725 Sicut
2580 4670 2668 4723 illa
2720 4686 2829 4725 non
2876 4670 3174 4739 negligitis,
3228 4670 3301 4724 ita
3338 4680 3556 4739 oportet

237 4754 509 4827 φέρεσθαι
564 4759 680 4819 τοῖς
715 4757 955 4830 ἱερεῦσιν
1012 4759 1285 4814 ἐκέλευεν.
1349 4762 1408 4815 '0
1449 4764 1580 4832 γοῦν
1635 4766 1843 4836 Κύριός

236 4866 433 4921 φησιν,
497 4850 582 4905 ότι
618 4852 833 4923 Ὠσπερ
863 4851 1073 4907 τούτων
1113 4853 1216 4906 οὐκ
1241 4853 1514 4923 άμελείτε,
1559 4855 1667 4909 ἔδει
1699 4860 1845 4927 ὑμᾶς

236 4944 341 4995 καὶ
363 4943 464 5013 τὴν
496 4944 684 5014 κρίσιν
719 4946 815 4998 καὶ
838 4945 940 5016 τὴν
971 4944 1197 5016 ἀγάπην
1227 4944 1320 4998 τοῦ
1361 4946 1499 5001 Θεοῦ
1533 4954 1839 5019 περιποιεῖ-

238 5030 395 5087 σθαι.
454 5032 674 5104 Ἐπειδὴ
723 5034 833 5105 γὰρ
892 5036 1069 5103 ἄδικοι
1147 5030 1313 5105 ἦσαν,
1375 5036 1470 5089 καὶ
1508 5038 1689 5109 χήραν
1743 5042 1839 5093 καὶ

237 5118 480 5190 ὀρφανὸν
508 5122 889 5189 ἀπεκτίννυον,
936 5127 1127 5195 φησιν,
1164 5128 1249 5178 ὅτι
1276 5129 1367 5178 Δεῖ
1394 5127 1539 5196 ὑμᾶς
1568 5127 1712 5198 ἔχειν
1738 5132 1837 5203 τὴν

236 5210 446 5289 κρίσιν,
476 5212 646 5282 ἦγουν
674 5212 772 5284 τὴν
802 5212 1224 5286 δικαιοκρισίαν.
1268 5216 1423 5270 Ἐπεὶ
1452 5217 1508 5272 δὲ
1535 5221 1633 5272 καὶ
1663 5239 1837 5274 κατα-

238 5304 516 5373 φρονηταὶ
572 5300 713 5373 ἦσαν
758 5303 854 5357 τοῦ
908 5304 1067 5371 Θεοῦ,
1127 5306 1439 5378 ἀδιαφόρως
1501 5311 1614 5373 τοῖς
1671 5312 1837 5382 ἱεροῖς

238 5393 429 5464 ιργοις
461 5395 890 5465 ἐπιχειροῦντες,
920 5397 1010 5450 διά
1047 5398 1206 5451 τοῦτο
1240 5400 1422 5463 αὐτοῖς
1448 5402 1546 5470 τὴν
1570 5403 1663 5455 τοῦ
1698 5404 1835 5459 Θεοῦ

238 5484 467 5555 ἀγάπην
492 5485 640 5554 ἔχειν
665 5486 995 5541 ἐντέλλεται.
1036 5488 1097 5541 'U
1142 5490 1251 5557 γὰρ
1283 5489 1519 5557 ἀγαπῶν
1564 5493 1655 5544 τὸν
1682 5492 1837 5558 Θεὸν,

1946 4778 2047 4818 vos
2092 4773 2145 4817 et
2192 4762 2455 4833 judicium
2491 4762 2657 4833 362
2697 4772 2753 4817 et
2814 4761 3161 4817 dilectionem
3214 4761 3307 4816 Dei
3348 4761 3551 4825 facere,

1945 4857 2214 4923 Quoniam
2252 4854 2439 4924 iniusti
2472 4865 2650 4920 erant,
2697 4855 3004 4924 viduasque
3031 4864 3087 4908 et
3115 4854 3393 4923 orphauos
3422 4870 3553 4924 pes.

1947 4948 2296 5014 sumdabant,
2320 4946 2453 5001 dicit
2477 4946 2622 5015 quod
2641 4956 2893 5016 Oporteat
2922 4962 3015 5001 eos
3035 4946 3548 5015 haberejudicium,

1949 5040 2054 5094 hoc
2080 5049 2184 5103 est,
2205 5038 2412 5107 justum
2438 5038 2729 5108 judicium.
2768 5037 2835 5092 Et
2858 5040 2985 5109 quia
3015 5048 3429 5109 contemptores
3455 5040 3552 5095 Dei

1950 5142 2127 5195 erant,
2166 5140 2371 5186 temere
2410 5146 2566 5186 sacra
2594 5145 2761 5201 opera
2814 5141 3143 5199 tractantes,
3178 5134 3382 5189 idcirco
3411 5149 3553 5202 pra:-

1952 5223 2090 5298 cipit
2116 5223 2196 5277 eis
2228 5233 2287 5277 ut
2318 5224 2643 5279 charitatem
2684 5225 2775 5280 Dei
2804 5224 3060 5281 habeant.
3093 5225 3229 5280 Nam
3253 5228 3345 5297 qui
3379 5226 3556 5298 diligit

1952 5294 2147 5380 Deum,
2182 5330 2290 5369 non
2337 5317 2691 5386 contemptim
2738 5315 2871 5371 facit
2909 5332 3073 5388 opera
3106 5320 3243 5389 ejus.
3272 5294 3557 5375 'Fortassis

1953 5418 2155 5472 autem,
2188 5419 2246 5461 ut
2278 5408 2408 5462 mihi
2434 5408 2673 5471 videtur,
2700 5409 2963 5479 quoniam
2996 5412 3113 5464 dua:
3144 5418 3271 5464 sunt
3305 5410 3557 5464 dilertio-

1948 5500 2033 5554 nis
2061 5500 2294 5568 Species,
2320 5510 2426 5555 una
2463 5516 2589 5571 erga
2626 5501 2819 5566 Deum,
2852 5503 3023 5559 altera
3058 5518 3185 5574 erga
3220 5504 3553 5572 proximum,

239 5577 308 5631 οὐ
350 5580 838 5649 καταφρονητικῶς
891 5580 1105 5651 μέτεισι
1156 5580 1227 5634 τὰ
1260 5580 1400 5652 ἔργα
1448 5583 1635 5638 αὑτοῦ.
1685 5586 1839 5656 Τάχα

1951 5593 2085 5647 duas
2120 5590 2239 5647 illas
2271 5593 2534 5648 insinuat.
2571 5592 2814 5649 Dicendo
2840 5597 2988 5650 enim
3014 5595 3307 5664 judicium,
3347 5594 3558 5650 indicat

239 5668 304 5724 δέ
327 5687 421 5741 μοι
438 5672 604 5738 δοκεῖ,
626 5674 817 5744 ἐπειδὴ
843 5673 937 5725 δύο
967 5672 1083 5743 εἴδη
1113 5674 1213 5743 τῆς
1238 5675 1487 5747 ἀγάπης,
1516 5679 1577 5731 τό
1610 5696 1669 5731 τε
1703 5682 1839 5751 πρὸς

1951 5683 2299 5738 dilectionem
2338 5701 2469 5755 erga
2526 5687 2857 5755 proximum.
2910 5686 3071 5743 Juste
3124 5688 3269 5743 enim
3310 5688 3558 5757 judicare

1212 5796 1309 5855 Ex
1351 5793 1700 5858 collatione
1734 5799 1925 5861 codd.
1978 5800 2212 5862 Venet.
2251 5803 2312 5862 S.
2360 5804 2582 5866 Marci.

317 5889 1255 5985 ἕέζὲίέδερ.ῗβδὲξῖθμεὲεοὲμένου
1310 5897 1453 5985 (ῖεῶξ
1496 5900 1852 5985 ϊίρίὲιέλεέδν
1964 5902 2547 5985 ilicei-3999.991
2579 5906 3404 5985 ἀρπάετειτά-ττλβὲλεοελμένου-
3436 5912 3557 5973 πῶς

237 5961 463 6035 ἀληθῶς
485 5964 528 6031 ;)
564 5963 624 6016 οὐ
662 5962 944 6034 φθονήσει,
975 5982 1032 6021 κ.
1056 5961 1109 6019 τ.
1147 5967 1194 6021 λ.
1239 5961 1470 6025 --Ὸοὼ
1505 5961 1595 6037 32',
1642 5971 1698 6024 Ὀ
1728 5974 1840 6042 γὰρ
1950 5973 2061 6046 γὰρ
2088 5976 2116 6028 ό
2140 5961 2310 6030 ἐλεῶν
2337 5961 2559 6046 ἀληθῶς
2588 5961 2849 6048 φ’θονήσει
2875 5978 2951 6048 τῷ
2976 5961 3318 6049 ὲλεουμένῳς
3351 5961 3406 6033 κ.
3428 5961 3476 6034 τ.
3508 5961 3554 6034 It:
