4038 6486
580 379 680 452 871

1495 377 2076 444 THEOPIIYLACTI
2118 381 2528 444 BULGARI/E
2594 377 2951 443 ARCHIEP.

3735 367 3838 432 87?.

579 501 908 570 proximum,
957 505 1011 553 et
1058 511 1161 552 non
1197 492 1512 550 conculcare
1559 509 1704 559 eum,
1741 506 1805 547 ex
1860 491 2153 548 dilectione

2263 495 2353 547 τὸν
2395 493 2553 555 Θεὸν,
2606 493 2700 546 καὶ
2747 493 2807 544 τὸ
2854 491 2989 560 πρὸς
3023 486 3112 541 τὸν
3165 484 3410 556 πλησίον,
3452 483 3517 535 τά
3550 480 3643 535 δύο
3669 480 3840 534 ταῦτα

582 593 657 645 fit.
688 589 924 644 Dicendo
950 601 1074 641 vero
1111 583 1451 640 dilectionem
1488 584 1599 646 Dei,
1637 583 1854 635 omnino
1881 581 2145 652 significat

577 684 878 754 generalem
928 678 1265 734 affectionem
1294 693 1418 744 erga
1456 677 1640 729 Deum.
1678 675 1743 726 Et
1779 676 1994 742 quando
2028 675 2148 741 quis

577 776 744 841 diligit
778 772 1100 841 proximum,
1141 786 1243 823 non
1275 777 1517 838 gprOpter
1569 765 1832 819 maculare
1866 767 2143 832 quiddam,

577 867 657 918 vel
696 875 901 934 turpem
923 863 1277 925 affectionem,
1306 858 1401 914 sed
1425 859 1577 929 juxta
1614 857 1801 920 Deum,
1832 873 1891 910 ea
1929 859 2145 927 quidem

575 956 670 1012 Dei
703 957 916 1012 dilectio
944 955 1046 1008 dici
1089 965 1281 1025 potest,
1315 969 1476 1021 quam
1514 954 1719 1008 scilicet
1755 954 1970 1007 mandat
2008 950 2148 1004 Deus

576 1066 638 1103 ac
676 1049 882 1118 probat.
941 1046 1200 1101 Volebam.
1244 1057 1420 1100 autem
1478 1046 1730 1100 Pharismi
1783 1047 1849 1099 ab
1898 1043 2148 1097 omnibus

580 1141 884 1194 hominibus
918 1139 1169 1194 honorari
1208 1148 1260 1193 et
1298 1138 1518 1192 salutari
1561 1149 1616 1190 ut
1647 1139 1897 1191 doctores
1930 1136 1979 1187 in
2008 1134 2146 1186 foro.

578 1231 691 1286 Hoc
720 1235 859 1285 enim
892 1233 1002 1284 vult
1036 1231 1286 1286 salutatio
1315 1239 1366 1284 et
1399 1229 1707 1299 appellatio.
1735 1229 1953 1282 Similes
1984 1227 2149 1295 igitur

576 1327 726 1391 estis,
770 1326 956 1393 inquit,
1004 1323 1388 1384 monumentis,
1426 1336 1546 1390 quae
1597 1322 1754 1390 plena
1780 1321 1992 1387 quidem
2023 1326 2148 1370 sunt

575 1420 720 1471 0mm
749 1415 1046 1485 putredine.
1073 1415 1410 1468 extrinsecus
1445 1422 1623 1467 autem
1657 1427 1922 1465 marmore
1946 1410 2147 1477 fulgere

570 1509 757 1563 vident
808 1508 1073 1570 homines,
1126 1505 1430 1559 nescientes
1478 1505 1606 1572 quid
1645 1505 1872 1564 calcent,
1910 1501 2145 1568 alioquin

575 1600 1018 1653 abominarentur
1041 1597 1495 1650 abominationem
1522 1610 1642 1664 qua:
1673 1595 1810 1646 intra
1832 1590 2145 1660 est..Legis-

577 1689 778 1756 peritus
808 1702 933 1741 vero
973 1687 1140 1740 stulte
1188 1687 1424 1753 seipsum
1458 1681 1866 1752 reprehensioni
1904 1680 2142 1744 subiicit.

577 1779 720 1832 Sane
770 1779 858 1830 alii
909 1788 1064 1831 erant
1104 1776 1414 1846 legisperiti,
1471 1784 1523 1827 et
1574 1773 1660 1826 alii
1696 1770 1972 1826 Pharisrei.
2012 1770 2144 1822 Nam

2250 581 2602 650 αἰνίττεσθαι,
2643 582 2732 636 διά
2763 583 2862 650 μὲν
2896 580 2990 632 τοῦ
3036 580 3211 632 εἰπεῖν
3257 579 3356 646 τὴν
3397 575 3605 646 κρίσιν,
3637 573 3836 638 ὑποδη-

2248 675 2354 726 λῶν
2383 674 2480 746 τὴν
2531 676 2610 736 είς
2662 674 2752 724 τὸν
2805 671 3034 739 πλησίον
3086 669 3327 736 ἀγάπην·
3378 667 3439 718 τὸ
3475 667 3585 735 γὰρ
3615 661 3838 721 δικαίως

2251 768 2455 837 κρίνειν
2486 766 2574 817 τὸν
2610 763 2859 835 πλησίον,
2889 763 2979 814 καὶ
3011 762 3084 832 μὴ
3115 759 3614 813 καταδυναστεύειν
3642 752 3833 811 αὐτοῦ,

2250 860 2312 912 ὲκ
2344 859 2434 911 τοῦ
2468 857 2688 926 ἀγαπᾷν
2719 855 2884 908 αὑτὸν
2926 855 3154 922 γίνεται.
3193 851 3288 903 Διά
3319 851 3374 903 δὲ
3413 849 3505 901 τοῦ
3535 850 3712 900 εἰπεῖν
3744 846 3840 913 τὴν

2251 954 2472 1022 ἀγάπην
2497 951 2588 1003 τοῦ
2613 948 2772 1014 Θεοῦ,
2790 947 2886 1017 τὴν
2915 946 3050 1016 πρὸς
3077 945 3169 998 τὸν
3201 943 3338 996 Θεδν
3377 944 3588 1001 πάντως
3621 938 3841 1006 μηνύων

2249 1043 2435 1112 όλικὴν
2460 1041 2722 1095 διάθεσιν.
2759 1040 2867 1091 Καὶ
2893 1041 3019 1091 ὅταν
3050 1038 3105 1090 δέ
3145 1054 3226 1098 τις
3261 1035 3454 1103 ἀγαπᾷ
3484 1033 3574 1085 τδν
3607 1030 3837 1099 πλησέον

2250 1137 2312 1188 οὐ
2339 1135 2426 1188 διά
2475 1153 2527 1187 τι
2581 1132 2931 1200 κοσμικόν,ἤ
2987 1128 3214 1199 αίσχρδν
3269 1127 3460 1186 πάΟος,
3511 1124 3650 1175 ἀλλά
3701 1123 3842 1174 κατά

2250 1228 2402 1287 Θεὸν,
2449 1226 2666 1297 λεχθείη
2703 1226 2768 1280 ἂν
2810 1225 2904 1277 καὶ
2933 1222 3072 1292 αὕτη
3105 1221 3293 1289 ἀγάπη
3326 1218 3418 1270 τοῦ
3463 1216 3621 1278 Θεοῦ,
3674 1216 3843 1284 ἤγουν

2249 1320 2315 1390 ἣν
2343 1319 2646 1371 ἐντέλλεται
2669 1319 2695 1370 ό
2718 1316 2872 1379 Θεὸς,
2889 1314 2955 1384 ἢν
2983 1312 3334 1380 ἀποδέχεται.
3359 1307 3586 1361 ἸἰΘελο·.
3612 1305 3667 1357 δὲ
3692 1303 3843 1373 παρὰ

2253 1414 2454 1475 παντὸς
2493 1409 2782 1479 ἀνθρώπου
2863 1406 3128 1474 τιμᾶσθαι
3182 1405 3274 1456 καὶ
3332 1397 3841 1471 προσαγορεύεσῆαι

2251 1505 2325 1567 ὡς
2370 1502 2678 1556 διδάσκαλοι
2721 1504 2777 1553 ἐν
2807 1503 2924 1562 ταῖς
2971 1499 3218 1567 ἀγοραῖςο
3255 1494 3414 1548 τοῦτο
3441 1492 3550 1560 γάρ
3581 1495 3607 1544 ὁ
3659 1493 3840 1542 ἀσπα-

2253 1597 2406 1665 σμὸς,
2441 1597 2473 1665 ἡ
2515 1593 2880 1665 προσηγορία.
2953 1591 3200 1644 Ἑοίκατε
3247 1587 3401 1657 γοῦν,
3432 1587 3589 1655 φησι,
3626 1586 3844 1652 μνήμα-

2253 1705 2358 1750 σιν,
2390 1687 2424 1741 ὃ.
2453 1688 2687 1757 γέμουσι
2722 1685 2819 1755 μὲν
2852 1685 3034 1752 πάσης
3068 1682 3329 1752 σαπρίας,
3368 1679 3567 1745 ἔξωθεν
3608 1677 3664 1730 δὲ
3705 1676 3845 1744 λάμ-

2254 1797 2444 1832 πουσιν
2483 1778 2798 1848 μαρμάροις
2823 1793 2834 1806 ⁸
2871 1779 2907 1830 ἀ
2935 1776 3171 1845 ὁρῶντες
3198 1774 3247 1825 oi
3295 1771 3598 1842 ἄνθρωποι,
3632 1771 3730 1822 οὐκ
3771 1768 3846 1821 οῖ-

580 1871 834 1924 Pbariszei
865 1871 1180 1922 videbantur
1223 1877 1277 1918 ut
1322 1865 1596 1929 monachi,
1626 1876 1677 1918 et
1708 1867 1794 1933 qui
1835 1864 1902 1917 ab
1930 1861 2048 1916 aliis
2096 1874 2152 1915 se

2262 1872 2374 1925 Βασι
2404 1871 2505 1924 ποῦ
2549 1869 2970 1941 περιπατοῦσιν,
3005 1869 3038 1938 ἢ
3071 1867 3178 1938 γὰρ
3233 1867 3298 1920 ἀν
3327 1866 3721 1935 ὲμυσάχοησαν
3748 1862 3844 1938 τὴν

577 1962 950 2030 segregabam.
976 1957 1292 2026 Legisperiti
1319 1971 1448 2009 vero
1476 1953 1680 2008 Scriba:
1708 1959 1860 2007 erant
1885 1962 1938 2006 et
1968 1953 2154 2004 docto-

579 2067 685 2114 res,
721 2053 810 2118 qui
848 2048 1122 2102 solvebant
1149 2047 1472 2116 qurestiones
1513 2045 1664 2112 legis.
1700 2041 2008 2098 Ouerabaut
2046 2041 2150 2095 ita-

577 2155 685 2210 que
712 2138 955 2194 homines
993 2136 1245 2206 grzvibus
1270 2146 1322 2189 et
1352 2131 1800 2196 intolerabilibus,
1836 2137 2152 2185 mandantcs

582 2247 643 2284 ea
675 2247 795 2298 quae
841 2230 892 2282 in
961 2229 1076 2296 lege
1105 2229 1392 2281 observata
1434 2223 1689 2288 difﬁcilia,
1728 2234 1782 2278 et
1835 2225 1934 2291 ipsi
1980 2236 2152 2290 neque

580 2324 745 2392 digito
778 2322 1111 2388 attingebant
1147 2334 1350 2372 onera:
1391 2319 1488 2371 hoc
1531 2328 1634 2377 est,
1671 2317 1768 2382 ipsi
1805 2316 1933 2368 nihil
1966 2331 2027 2369 ex
2066 2314 2153 2367 his

580 2429 698 2480 qua:
729 2413 850 2465 aliis
895 2410 1253 2477 imperabant,
1297 2408 1591 2461 faciebant.
1641 2406 1774 2460 Nam
1809 2407 2024 2474 quando
2052 2406 2148 2459 do-

578 2519 707 2559 cens
746 2503 871 2558 facit
910 2517 1025 2570 quae
1077 2502 1253 2563 docet,
1303 2499 1521 2553 alleviat
1571 2513 1760 2562 onera,
1797 2497 2153 2567 exemploque

579 2613 675 2653 suo
704 2595 1127 2650 consolatimaem
1163 2592 1318 2647 aﬂ'ert
1368 2591 1664 2661 discipulis.
1697 2590 1923 2658 Quando
1973 2601 2152 2645 autem

580 2690 710 2744 nihil
740 2692 926 2742 horum
971 2686 1102 2741 [ιι-ιι
1129 2701 1248 2756 quae
1279 2686 1455 2750 docet,
1512 2696 1636 2740 tunc
1667 2699 1787 2754 qua:
1830 2686 1986 2738 docet
2029 2699 2155 2755 gra-

580 2785 728 2837 viora
772 2795 935 2833 onera
967 2779 1216 2832 videntur
1248 2777 1548 2844 discipulis,
1596 2786 1849 2844 tanquam
1881 2790 1999 2844 qua
2029 2790 2094 2828 ne
2127 2790 2156 2828 a

582 2872 802 2926 doctore
845 2870 1061 2939 quidem
1124 2867 1304 2936 perlici
1367 2877 1587 2936 queant.
1646 2867 1893 2922 Declarat
1944 2881 2158 2936 quoque

583 2962 842 3016 Dominus
890 2960 1102 3015 Judzeos
1144 2966 1364 3030 nepotes
1394 2969 1516 3012 esse
1557 2973 1619 3014 ac
1666 2960 1906 3014 heredes
1939 2959 2157 3012 malitiae

580 3056 733 3118 Cain,
762 3069 824 3108 eo
856 3052 996 3121 quod
1033 3053 1161 3106 dicit
1199 3051 1338 3120 quod
1377 3049 1554 3105 omnis
1593 3049 1834 3120 sanguis,
1858 3047 2060 3103 eﬂ'usus
2090 3049 2156 3102 ab

580 3147 708 3200 Abel
742 3162 910 3215 usque
944 3147 1008 3198 ad
1041 3143 1387 3208 Zachariam,
1419 3159 1446 3195 a
1481 3143 1697 3196 natione
1729 3140 1815 3194 illa
1848 3150 2151 3208 expetatur.

581 3236 792 3289 Etenim
852 3250 945 3288 vos
997 3235 1307 3302 prophetas,
1359 3235 1448 3300 qui
1501 3242 1656 3286 erant
1719 3231 1915 3284 fratres
1969 3231 2154 3294 vestri,

581 3327 875 3390 occidistis,
898 3329 1039 3380 sicut
1063 3326 1150 3381 ille
1179 3326 1333 3380 Abel.
1361 3324 1514 3380 Unde
1535 3323 1753 3392 quidam
1789 3339 1891 3377 non
1925 3323 2157 3376 absurde

579 3429 1002 3476 numeraverunt
1029 3418 1161 3473 Cain
1207 3419 1345 3472 inter
1376 3431 1469 3472 eos
1503 3417 1593 3485 qui
1625 3416 1916 3485 prophetas
1942 3415 2157 3469 occide-

580 3522 727 3575 runt,
751 3527 780 3564 a
809 3527 917 3579 quo
941 3511 1190 3564 vindictae
1208 3511 1491 3580 exquisitae
1508 3520 1638 3563 sunt
1665 3521 1873 3578 septem
1893 3509 2156 3580 supplicio

581 3604 783 3658 scilicet
812 3588 1056 3658 leviore":
1082 3602 1314 3657 Lamech
1343 3602 1414 3634 "‘
1441 3612 1617 3656 autem
1653 3603 1792 3656 inter
1825 3617 1915 3656 eos
1945 3603 2033 3670 qui
2063 3617 2156 3654 oc-

580 3693 831 3747 ciderunt
849 3691 1146 3746 Christum.
1175 3689 1238 3744 Et
1271 3692 1392 3745 ideo
1420 3689 1730 3760 septuagies
1757 3698 1961 3758 septem
1999 3688 2156 3741 ultio-

582 3799 679 3838 nes
713 3783 1001 3847 dederunt,
1044 3783 1271 3850 dispersi
1311 3782 1362 3834 in
1413 3782 1800 3848 captivitatem,
1840 3795 1868 3832 a
1904 3795 2006 3847 qua
2051 3794 2155 3831 non

584 3874 854 3929 redibunt.
887 3873 1020 3939 Quis
1051 3879 1233 3926 autem
1267 3872 1366 3925 fuit
1399 3871 1711 3935 Zacharias,
1751 3884 1910 3939 quem
1941 3871 2157 3923 occide-

583 3975 709 4020 runt
755 3968 892 4021 inter
930 3966 1186 4034 templum
1235 3977 1288 4018 et
1321 3963 1536 4017 altare?
1569 3963 1670 4016 Alii
1706 3963 1920 4032 quidem
1974 3962 2161 4016 dicunt

583 4058 747 4114 fuisse
773 4059 1008 4128 priscum
1032 4056 1348 4112 Zachariam
1375 4056 1540 4110 filium
1569 4055 1794 4117 Joiadae,
1818 4070 1974 4123 quem
1996 4055 2157 4126 363

582 4151 908 4217 lapidarunt,
953 4159 1012 4201 ut
1042 4148 1297 4202 discimus
1348 4162 1410 4199 ex
1458 4145 1594 4200 libro
1629 4145 1858 4214 Regum.
1892 4144 1993 4199 Alii
2034 4160 2158 4198 vero

583 4251 792 4311 patrem
850 4238 1230 4300 Prwcursoris,
1265 4254 1327 4291 eo
1359 4241 1498 4306 quod
1551 4238 1638 4292 ille
1685 4239 2032 4291 ordinaverat
2065 4237 2156 4292 Dei

583 4333 912 4388 Genitricem
958 4348 1079 4386 cum
1124 4332 1421 4400 virginibus
1451 4331 1616 4385 etiam
1668 4339 1948 4399 postquam
1994 4346 2159 4399 pepe-

585 4425 747 4479 risset
791 4423 1088 4488 Christum,
1138 4434 1191 4476 et
1224 4423 1582 4475 constituerat
1626 4438 1744 4475 eam
1779 4422 1830 4473 in
1889 4423 2005 4475 loco
2053 4435 2159 4490 quo

2255 1965 2456 2018 ἔσωθεν
2502 1962 2856 2032 βδελυγμίαν.
2902 1961 2961 2013 '0
2995 1962 3051 2013 δὲ
3094 1961 3319 2030 νομικὸς
3353 1961 3600 2029 ἀνοήτως
3643 1956 3847 2021 ὑπάγει

2257 2054 2448 2108 ἑαυτὸν
2478 2053 2556 2123 τῷ
2588 2053 2814 2122 ἐλέγχῳ.
2856 2052 3040 2104 ’Λλλοι
3081 2051 3135 2104 δὲ
3181 2047 3321 2121 ἦσαν
3354 2052 3400 2102 οἱ
3445 2049 3664 2120 νομικοὶ
3699 2047 3848 2116 παρὰ

2254 2147 2378 2208 τοὺς
2406 2143 2752 2214 Φαρισαίους.
2783 2144 2847 2196 Oi.
2892 2145 2990 2213 μὲν
3031 2143 3450 2212 γὰρ-Φαρισαῖοι
3489 2141 3565 2204 ὡς
3611 2141 3849 2208 ἀσκηταὶ

2253 2237 2494 2302 ἐδόκουν,
2517 2238 2610 2288 καὶ
2638 2236 3079 2305 ἀποκεκομμένοι
3108 2233 3214 2286 τῶν
3246 2233 3440 2288 ἀλλων.
3465 2233 3528 2284 Oi
3556 2231 3610 2284 δὲ
3633 2231 3848 2300 νομικοὶ

2256 2330 2611 2400 Γραμματεῖς
2645 2324 2784 2398 ἦσαν
2829 2328 2923 2380 καὶ
2963 2326 3295 2390 διδάσκαλοι,
3333 2328 3446 2387 τοῖς
3499 2324 3848 2393 βουλομένοις

2257 2422 2324 2473 τὰ
2351 2421 2446 2474 τοῦ
2475 2421 2640 2491 νόμου
2661 2419 2952 2490 ζητήματα
2981 2418 3220 2480 λύοντες.
3261 2417 3580 2487 Ἐφόρτιζον
3605 2413 3701 2468 οῦν
3725 2414 3848 2477 τοὺς

2258 2514 2580 2586 ἀνθρώπους
2607 2499 2779 2584 βαρέα
2806 2513 2898 2566 καὶ
2919 2511 3306 2565 δυσϐάστακτα
3333 2512 3381 2563 οἱ
3403 2510 3644 2581 νομικοὶ,
3672 2509 3851 2562 ἐντελ-

2256 2607 2470 2677 λόμενοι
2501 2607 2687 2668 αὐτοῖς
2712 2606 2779 2659 τά
2812 2604 2904 2658 τοῦ
2935 2603 3103 2674 νόμου
3135 2603 3489 2670 δυσφύλακτα
3519 2601 3851 2672 παρατηρή-

2263 2717 2426 2769 ματα,
2480 2700 2632 2753 αὐτοὶ
2681 2699 2734 2752 δὲ
2768 2699 2844 2768 τῷ
2883 2697 3131 2768 δακτύλῳ
3177 2693 3354 2750 αὐτῶν
3384 2697 3445 2747 οὐ
3495 2694 3849 2763 προσέψαυον

2260 2793 2372 2854 τοῖς
2423 2791 2683 2860 φορτίοις,
2739 2789 3042 2850 τουτέστιν,
3087 2787 3242 2842 αὐτοὶ
3292 2786 3466 2852 οὐδὲν,
3519 2786 3580 2851 ἐξ
3631 2779 3708 2837 ὧν
3741 2786 3853 2844 τοῖς

2261 2881 2440 2943 ἄλλοις
2475 2881 2788 2943 ὲπέταττον,
2829 2879 3119 2949 ἔπραττον.
3154 2879 3325 2931 Ὅταν
3371 2877 3470 2947 μὲν
3503 2876 3614 2946 γὰρ
3647 2877 3676 2928 ὁ
3707 2875 3852 2928 διδά-

2264 2991 2410 3027 σκων
2440 2972 2654 3041 πράττῃ
2701 2971 2736 3024 ἃ.
2770 2971 3033 3035 διδάσκει,
3083 2968 3453 3040 ἐπελαφρύνει
3499 2968 3568 3022 τὰ
3626 2967 3850 3038 φορτία,

2263 3065 2568 3132 ὑπόδειγμα
2596 3063 2771 3124 διδοὺς
2823 3061 3036 3127 ἑαυτὸν,
3086 3063 3180 3115 καὶ
3211 3061 3560 3132 παρηγορίαν
3600 3059 3852 3128 ἐμποιῶν

2261 3158 2369 3217 τοῖς
2391 3153 2822 3220 διδασκομένοις.
2856 3153 3025 3206 Ὅταν
3052 3153 3108 3206 δὲ
3140 3153 3291 3206 οὐδὲν
3323 3148 3397 3205 ὧν
3423 3152 3573 3220 λέγει
3601 3150 3844 3220 πράττῃ,

2265 3245 2564 3313 τηνικαῦτα
2593 3245 2765 3316 βαρέα
2791 3245 2957 3307 ὅντως
2981 3245 3047 3298 τά
3075 3243 3272 3316 φορτία
3298 3244 3446 3296 δοκεῖ
3467 3245 3578 3306 τοῖς
3608 3242 3858 3295 διδασκο-

2269 3341 2470 3407 μένοις,
2502 3338 2574 3399 ὠς
2607 3338 2739 3408 μηδὲ
2766 3340 2913 3407 παρά
2934 3336 3028 3388 τοῦ
3061 3335 3383 3390 διδαὸκάλου
3409 3335 3689 3402 δυνάμενα
3725 3350 3856 3386 κατ-

2265 3428 2592 3498 ορθωθῆναι.
2642 3428 2928 3497 Ἐμφαίνει
2969 3428 3025 3480 δὲ
3081 3429 3108 3479 ό
3141 3427 3348 3498 Κύριος
3387 3425 3517 3489 τοὺς
3561 3424 3856 3486 Ἰουδαίους

2266 3519 2562 3584 ἀπογόνους
2600 3520 2695 3571 καὶ
2737 3519 3109 3588 κληρονόμους
3147 3519 3246 3585 τῆς
3303 3519 3502 3581 κακίας
3558 3517 3652 3569 τοῦ
3693 3517 3854 3579 Κάῖν,

2265 3610 2350 3662 δια
2383 3609 2471 3662 τοῦ
2498 3611 2674 3678 λέγειν
2705 3611 2786 3663 ὃτι
2823 3612 2930 3663 πᾶν
2957 3607 3099 3678 αἷμα
3130 3611 3360 3679 ἐκχυθὲν
3413 3609 3521 3663 ἀπὸ
3559 3608 3728 3661 νᾹῦελ
3755 3609 3858 3669 ἕως

2266 3703 2356 3756 τοῦ
2381 3705 2650 3774 Ζαχαρίου
2680 3704 3118 3774 ἀπαιτηθήσεται
3152 3705 3259 3757 ἀπὸ
3278 3704 3379 3772 τῆς
3405 3704 3601 3771 γενεᾶς
3626 3702 3855 3771 ταύτης.

2268 3798 2376 3849 Καὶ
2421 3797 2550 3866 γὰρ,
2588 3798 2774 3867 φησὶν,
2809 3799 2963 3868 ὑμεῖς
3009 3798 3272 3865 ἀδελφοὺς
3306 3798 3466 3859 ὂντας
3525 3797 3682 3865 ὑμῶν
3733 3797 3858 3857 τοῦς

2269 3889 2552 3957 προφήτας
2582 3889 2934 3956 ἐφονεύσατε,
2960 3888 3031 3950 ὡς
3065 3891 3314 3951 κάκεῖνος
3343 3887 3434 3941 τὸν
3469 3887 3660 3939 Ἀδελ.
3691 3886 3858 3938 ὊΟεν

2268 3984 2364 4032 οὐκ
2394 3978 2603 4047 ἀλόγως
2634 3982 2775 4042 τινὲς
2808 3981 2900 4032 τὸν
2931 3981 3029 4048 μὲν
3063 3982 3204 4032 Κάῖν
3232 3984 3310 4043 είς
3353 3981 3443 4032 τὸν
3476 3979 3605 4040 τοὺς
3636 3978 3857 4046 προφή-

2268 4087 2363 4130 τας
2408 4069 2807 4121 ἀποκτείναντα
2850 4070 2974 4122 λαὸν
3023 4069 3357 4133 ὲξελάὸοντο,
3408 4067 3501 4135 ἀφ’
3534 4061 3596 4120 οῦ
3648 4067 3857 4118 ἐκδεδε-

2269 4177 2461 4230 κηνται
2508 4161 2667 4223 ἑπτὰ,
2710 4162 3049 4231 ἐλαφροτέρᾳ
3095 4161 3297 4230 δηλαδὴ
3339 4159 3616 4229 τιμωρία·
3669 4161 3765 4211 τὸν
3806 4159 3860 4210 δὲ

2268 4254 2457 4320 Λάμεχ
2493 4252 2569 4312 είς
2605 4252 2729 4314 τοῦς
2755 4251 3182 4313 ἀποκτείναντας
3215 4252 3306 4304 τὸν
3333 4250 3594 4320 Χριστὸν,
3637 4250 3721 4302 διὸ
3767 4252 3859 4303 καὶ

2270 4345 2729 4412 ὲὸδομηκοντάκις
2754 4345 2894 4394 ἐτττά
2921 4344 3323 4410 ἐκδεδίκηνται,
3361 4345 3439 4405 είς
3471 4343 3857 4411 αἰχμαλωσίαν

2269 4436 2659 4504 διασπαρέντες
2679 4438 3108 4506 ἀνυπόστροφον.
3136 4437 3228 4498 Τίς
3253 4437 3309 4488 δὲ
3334 4431 3400 4505 ἦν
3425 4438 3532 4505 ἀρα
3561 4436 3856 4506 Ζαχαρίας,

585 4517 688 4570 illa;
716 4524 862 4570 stant
894 4535 907 4570 :
942 4516 1029 4571 hic
1056 4516 1200 4568 enim
1237 4515 1384 4568 locus
1414 4526 1494 4568 est
1527 4515 1664 4568 inter
1697 4514 1950 4582 templum
1983 4526 2036 4566 et
2077 4515 2154 4567 επι-

2268 4527 2326 4579 ὂν
2357 4528 2653 4593 ἐφόνευσαν
2681 4529 2884 4596 μεταξὺ
2905 4528 2996 4580 τοῦ
3031 4529 3158 4580 ναοῦ
3184 4529 3276 4580 καὶ
3299 4529 3392 4580 τοῦ
3423 4528 3854 4597 θυσιαστηρίους

585 4615 725 4671 tare,
758 4608 902 4675 quod
935 4617 1015 4660 est
1064 4618 1216 4659 extra
1251 4621 1474 4670 aereum,
1523 4617 1576 4659 et
1621 4616 1904 4673 propterea
1945 4608 2170 4678 occide:

589 4706 715 4750 runt
739 4712 879 4750 eum.
906 4695 1043 4749 Nam
1075 4698 1197 4763 quia
1231 4695 1620 4763 exspectabant
1649 4695 1866 4762 quidam
1887 4696 2156 4750 Christum

588 4803 769 4859 regem
798 4802 952 4842 suum
985 4788 1247 4852 futurum,
1273 4789 1525 4841 nolebant
1559 4798 1735 4840 autem
1776 4802 1954 4856 regem
1997 4789 2156 4854 ferre,

590 4879 708 4934 ideo
749 4878 1064 4934 occiderunt
1111 4887 1377 4942 sanctum,
1422 4877 1514 4946 qui
1550 4887 1864 4932 asseruerat
1900 4879 2156 4946 virginem

588 4971 880 5039 peperisse,
932 4979 987 5023 et
1035 4969 1306 5023 Christum
1393 4979 1576 5022 uatum
1636 4981 1756 5023 esse
1820 4979 2160 5035 regnaturum

590 5075 752 5128 super
791 5076 903 5126 eos,
944 5059 1088 5128 quod
1134 5062 1557 5114 adversabantur
1588 5077 1600 5112 :
1627 5062 1831 5130 absque
1864 5061 2164 5129 enim.rege

596 5154 844 5206 volebant
875 5171 1010 5208 esse.

592 5245 816 5316 χαλκοῦ.
855 5248 950 5297 Διά
987 5245 1142 5299 τοῦτο
1171 5247 1348 5298 τοίνυν
1382 5248 1674 5312 ἐφόνευσαν
1714 5249 1891 5302 αὐτόν.
1940 5250 2088 5302 Ἐπεὶ
2113 5252 2217 5323 γὰρ

2271 4621 2331 4671 Οἱ
2363 4621 2459 4689 μὲν
2483 4621 2702 4686 λέγουσι
2730 4623 2818 4672 τὶν
2848 4624 3066 4691 ἀρχαῖον
3094 4622 3371 4690 Ζαχαρίαν
3401 4622 3492 4672 τὸν
3514 4621 3607 4672 τοῦ
3653 4622 3857 4685 Ίωάδε,

2272 4713 2362 4762 καὶ
2407 4711 2463 4761 ὂν
2493 4711 2898 4778 ὲλιοοεόλησαν,
2951 4711 3025 4774 ὡς
3059 4712 3170 4764 ἔστι
3215 4712 3407 4781 μαθεῖν
3446 4716 3508 4766 ἐκ
3539 4715 3640 4784 τῆς
3673 4714 3857 4784 βίϐλου

2805 4805 2851 4854 οἱ
2899 4803 2950 4856 δὲ
2997 4805 3085 4856 τὸν
3121 4805 3331 4874 πατέρα
3366 4805 3460 4856 τοῦ
3511 4808 3855 4878 Προδρόμου,

2268 4890 2452 4942 τοῦτον
2499 4893 2605 4960 γάρ
2637 4892 2873 4957 τάξαντα
2910 4895 3008 4961 τὴν
3038 4894 3300 4948 Θεοτόκον
3337 4898 3476 4963 μετά
3505 4896 3616 4952 τῶν
3652 4898 3859 4969 παρθέ-

2271 4999 2374 5032 νων
2406 4987 2540 5051 μετά
2568 4985 2625 5034 τὸ
2660 4988 2837 5037 τεκεῖν
2865 4987 2956 5037 τὸν
2987 4987 3243 5055 Χριστὸν,
3281 4987 3376 5039 καὶ
3412 4990 3696 5058 στήσαντα
3728 4991 3857 5042 ταύο

2264 5091 2360 5142 την
2393 5078 2446 5125 ἐν
2476 5076 2547 5144 τῷ
2582 5079 2730 5145 τόπῳ
2769 5080 2824 5129 ὲν
2853 5071 2894 5144 ᾧ
2927 5081 3130 5132 ἐκεῖναι
3163 5079 3412 5134 ῖσταντο’
3450 5083 3478 5132 ό
3506 5081 3562 5134 δὲ
3591 5084 3760 5148 τόπος
3791 5079 3857 5156 ἦν

2269 5167 2470 5233 μεταξὺ
2504 5168 2596 5219 τοῦ
2634 5168 2760 5220 ναοῦ
2794 5170 2887 5220 καὶ
2935 5170 3028 5222 τοῦ
3061 5170 3452 5240 ουσιαστηρίου
3486 5174 3578 5224 τοῦ
3612 5174 3721 5240 ἔξω
3764 5174 3858 5227 τοῦ

2269 4802 2374 4852 τῶν
2413 4801 2709 4853 Βασιλειῶν
2744 4820 2756 4834 ·

2255 5259 2594 5326 προσεδόκων
2626 5263 2763 5323 τινὲς
2794 5264 2884 5313 τὸν
2923 5265 3158 5332 Χριστὸν
3197 5266 3420 5335 βασιλέα
3450 5270 3634 5323 αὐτῶν
3664 5271 3859 5337 ἐσόμε-

592 5356 700 5400 νον,
734 5339 832 5389 οὑκ
863 5338 1051 5404 ἤθελον
1078 5340 1135 5391 δὲ
1164 5339 1570 5407 βασιλευοῆναι,
1625 5341 1810 5394 τούτου
1858 5343 2020 5396 ἕνεκα
2059 5345 2350 5412 ἐφόνευσαν
2410 5354 2502 5403 τὸν
2543 5354 2719 5419 ἅγιον,
2753 5355 2825 5413 ὡς
2861 5355 3182 5422 βεϐαιοῦντα
3223 5362 3304 5415 ὅτι
3337 5364 3609 5433 παρθένος
3650 5365 3836 5417 ἔτεκεν

595 5430 740 5480 καὶὸ
776 5429 1007 5498 Χριστὸς
1040 5430 1298 5498 ἐγεννήοη
1327 5431 1353 5481 ό
1381 5430 1586 5498 μέλλων
1636 5431 1812 5484 αὐτῶν
1850 5432 2183 5500 βασιλεύειν,
2235 5439 2370 5510 ὅπερ
2423 5446 2856 5513 ἀπεστρέφοντο.
2910 5449 3252 5505 ἀϐασίλευτοι
3313 5422 3430 5522 γὰρ.
3456 5422 3653 5525 ἤθελὲν
3699 5422 3856 5512 εἶναι,

667 5519 828 5575 Vens.
893 5521 1082 5575 52-54.
1131 5542 1147 5573 ι
1248 5522 1335 5577 Vae
1406 5524 1557 5578 vobis
1618 5526 1957 5595 legisperitis,
2031 5529 2158 5596 quia

596 5615 795 5669 tulistis
832 5615 1035 5669 clavem
1069 5617 1306 5670 scientia:
1342 5634 1354 5670 :
1391 5617 1491 5687 ipsi
1527 5632 1641 5672 non
1680 5619 1966 5686 introistis,
1989 5631 2043 5674 et
2076 5635 2168 5673 eos

596 5708 684 5776 qui
723 5708 1033 5774 introibant,
1071 5708 1337 5763 vetuistis.
1364 5708 1496 5766 Cum
1543 5718 1723 5764 autem
1775 5711 1889 5767 haec
1936 5714 2001 5769 ad
2051 5713 2168 5767 illos

668 5795 739 5828 δ’·
776 5796 909 5851 Gen.
945 5814 1013 5852 tv.

2342 5552 2358 5582 ι
2403 5537 2540 5588 υὺαὶ
2570 5538 2697 5605 ὑμῖν
2727 5540 2835 5601 τοῖς
2871 5546 3135 5609 νομικοῖς,
3184 5546 3264 5596 ὅτι
3317 5547 3488 5617 ᾕρατε
3521 5553 3625 5618 τὴν
3677 5552 3857 5606 κλεῖδα

2268 5624 2362 5691 τῆς
2394 5625 2666 5692 γνώσεως·
2703 5631 2856 5682 αὐτοὶ
2879 5635 2974 5684 οὐκ
3003 5635 3304 5705 είσήλθετε,
3332 5639 3580 5703 καὶτοὺς
3614 5643 3858 5716 εἰσερχο.

2274 5717 2466 5783 μένους
2501 5721 2830 5778 ἐκωλύσατε.
2869 5726 3133 5793 Λέγοντος
3183 5729 3238 5780 δὲ
3283 5732 3447 5784 αὑτοῦ
3497 5734 3678 5790 ταῦτα
3724 5739 3855 5795 πρὸς
