4038 6568
212 462 319 528 873

920 463 1377 527 ENA'RRATIO
1418 465 1500 525 ΙΝ
1537 465 2047 527 EVANGELIUM
2086 467 2324 528 LUC.‘E.
2370 493 2440 503 —
2491 469 2651 530 CAP.
2708 471 2816 530 XI.

3439 476 3545 542 3'34

212 579 436 642 αὐτοὺς,
493 574 730 647 ἤρξαντο
786 575 834 626 0’.
888 575 1248 646 ι’ραμματεῖς
1287 581 1378 632 καὶ
1436 581 1482 631 0!
1538 579 1825 651 Φαρισαῖοι

1951 581 2164 649 liceret,
2210 593 2500 652 cmperunt
2555 582 2857 653 legisiicrit'i
2895 592 2948 638 et
2987 585 3245 642 Phariszei
3307 591 3546 657 graviter

209 670 404 733 δεινῶς
427 670 655 738 ἐνέχειν,
678 668 769 720 καὶ
794 669 1264 739 ἀποστοματίζειν
1301 671 1468 724 αὐτον
1495 672 1626 742 περὶ
1645 672 1829 724 πλειό-

211 783 338 830 νων,
374 756 752 834 ἐνεδρεύοντες
796 761 982 826 αὐτὸν,
1045 762 1343 832 ζητοῦντες
1383 764 1648 834 θηρεῦσαί
1679 783 1731 817 τι
1765 767 1830 817 ὲκ

207 858 305 912 τοῦ
361 857 631 928 στόματος
668 855 862 920 αὐτοῦ,
901 856 989 910 ἵνα
1027 859 1492 927 κατηγορήσωσιν
1547 859 1715 912 αὐτοῦ
1804 878 1821 909 ι

211 948 419 1004 Κλεῖδα
448 949 705 1016 γνώσεως
734 947 1024 1016 ὠνόμασεν
1047 948 1074 999 6
1100 949 1304 1018 Κύριος
1325 949 1422 1020 τὴν
1455 949 1828 1013 διδασκαλίαν,

210 1045 306 1096 καὶ
335 1042 437 1113 τὴν
464 1042 558 1095 διὸ.
590 1039 684 1094 τοῦ
715 1042 884 1111 νόμου
921 1041 1300 1112 χειραγωγίαν
1321 1043 1630 1113 δυναμένου
1664 1059 1832 1114 προσ-

208 1135 367 1205 ἀγειν
405 1136 486 1206 τῷ
547 1134 797 1206 Χριστῷ.
848 1134 906 1188 '0
965 1135 1075 1206 γὰρ
1108 1135 1272 1206 νόμος
1311 1137 1657 1207 χειραγωγὸς
1691 1137 1828 1190 πάν⁹

205 1249 319 1294 τως
341 1233 422 1295 είς
453 1231 717 1302 Χριστόν.
744 1230 1015 1284 Οίτοίνυν
1051 1233 1268 1301 νομικοὶ
1290 1231 1384 1283 τὸν
1413 1232 1579 1299 νόμον
1606 1230 1831 1283 δοκοῦν-

204 1339 300 1386 τες
335 1322 688 1392 ἑρμηνεύειν,
729 1323 832 1392 τὴν
882 1323 1071 1376 κλεῖδα
1109 1323 1209 1393 τῆς
1262 1321 1524 1390 γνώσεως
1575 1323 1832 1392 κατεῖχον

205 1415 591 1484 ὲθελοκάκως,
618 1417 714 1470 καὶ
762 1417 863 1470 οὑκ
897 1417 1119 1488 ἤνοιγον
1167 1415 1264 1479 τὰς
1298 1413 1394 1468 τοῦ
1431 1415 1598 1483 νόμου
1635 1412 1830 1484 θύρας,

206 1509 299 1564 ινα
339 1509 407 1562 δι’
439 1509 622 1564 αὐτῶν
658 1509 981 1562 εἰσέλθωσιν
1015 1510 1172 1562 αὐτοί
1220 1526 1278 1560 τε
1305 1509 1401 1561 καὶ
1454 1509 1481 1560 6
1522 1507 1652 1570 λαὸς
1694 1509 1834 1576 πρὸς

205 1605 473 1676 Χριστόν.
513 1605 670 1658 Ἔστι
700 1604 754 1658 δὲ
789 1608 814 1658 6
841 1605 1006 1675 νόμος
1040 1604 1182 1674 Ούρα
1213 1606 1293 1667 είς
1326 1603 1596 1674 Χριστόν·
1633 1602 1775 1674 πλὴν
1799 1602 1833 1671 ἡ

207 1698 354 1769 Θύρα
389 1697 532 1767 αὕτη
576 1698 948 1768 κεκλεισμένη
987 1698 1158 1762 ἐστὶν,
1193 1698 1289 1751 ἐὰν
1344 1698 1418 1768 μή
1459 1713 1544 1759 τις
1570 1696 1668 1765 τὴν
1700 1695 1836 1748 ἀσά-

208 1809 373 1864 φειαν
393 1793 487 1846 τοῦ
507 1793 677 1864 νόμου
699 1792 980 1864 σαφηνίζῃ
1001 1794 1096 1845 καὶ
1121 1791 1388 1865 διανοίγῃ.
1410 1792 1522 1846 Καὶ
1547 1790 1653 1862 γὰρ
1677 1792 1702 1843 6
1721 1790 1836 1842 Κύ-

212 1903 336 1956 ριος
384 1881 540 1939 εἶπεν
567 1903 580 1916 ’
630 1905 646 1937 ι
688 1887 749 1940 ΕΞ
785 1885 1108 1939 ἐπιστεύετε
1149 1888 1360 1951 Μωσεῖ,
1414 1886 1731 1940 ἐπιστεύετε
1771 1885 1836 1939 ἂν

207 1975 362 2047 ἐμοί.
390 1996 408 2028 ι
432 1978 548 2031 Καὶ
567 1977 753 2032 πάλιν·
791 1997 807 2030 ι
835 1979 1124 2050 Ἑρευνᾶτε
1157 1979 1257 2042 τὰς
1284 1980 1534 2050 Γραφὰς,
1562 1980 1645 2032 ὅτι
1674 1973 1833 2033 αὗταί

209 2070 356 2120 εἰσιν
385 2070 441 2122 αἱ
474 2071 857 2142 μαρτυροῦσαι
887 2071 1016 2142 περὶ
1047 2070 1205 2141 ὲμοῦ,
1238 2074 1334 2124 καὶ
1368 2072 1530 2140 ὑμεῖς
1560 2071 1619 2124 ού
1647 2071 1831 2124 θέλετε

207 2161 395 2215 ἐλθεῖν
432 2163 571 2234 πρὸς
596 2181 682 2234 με.
717 2184 734 2215 i
767 2158 894 2218 υἶον
921 2163 998 2229 ὡς
1037 2165 1129 2218 ἐπὶ
1167 2165 1282 2225 ἑνὸς
1325 2165 1630 2230 ὑποδεῖξαι,
1664 2165 1834 2236 ἀμνὸς

203 2254 488 2323 ἐσφάζετο
505 2258 617 2320 τοῖς
647 2256 945 2321 Ἰουδαίοις,
968 2257 1215 2328 ἐχρίοντο
1235 2260 1289 2310 αί
1304 2257 1479 2327 φλιαὶ,
1500 2259 1596 2311 καὶ
1612 2258 1681 2310 τὰ
1699 2258 1836 2329 κρέα

205 2345 426 2417 ἢσθιον,
455 2347 555 2400 καὶ
590 2341 657 2419 ἦν
689 2347 875 2411 αὐτοῖς
911 2348 1035 2418 νίκη
1081 2346 1244 2403 τοῦτο
1285 2347 1426 2400 κατὰ
1457 2347 1550 2399 τοῦ
1581 2347 1838 2417 ὀλοθρευο

203 2440 332 2496 τοῦ.
373 2439 549 2494 Τοῦτο
575 2441 632 2494 δὲ
665 2441 813 2496 ἅπαν
843 2442 904 2495 τὺ
951 2441 1046 2494 τοῦ
1081 2441 1326 2512 Χριστοῦ
1373 2442 1677 2512 μυστήριον
1710 2441 1834 2510 ἐδή-

203 2533 330 2594 λου,
387 2527 448 2586 οὗ
487 2533 563 2598 ὡς
604 2533 782 2606 ἀμνοῦ
826 2533 1064 2606 ἀμώμου
1097 2536 1192 2590 καὶ
1231 2533 1466 2588 ἀσπίλου
1503 2534 1835 2603 σφαγέντος,

202 2625 553 2697 ὲχρῐσθησαν
578 2629 635 2682 αί
669 2629 940 2699 ἡμέτεραι
977 2629 1156 2698 φλιαὶ,
1197 2627 1371 2700 eum;
1413 2627 1508 2683 καὶ
1541 2627 1836 2699 ἐπιθυμία,

203 2721 311 2772 καὶ
349 2719 412 2773 τὸ
465 2720 675 2773 τούτων
709 2704 1034 2792 ’ὑπέρθυρον
1075 2723 1135 2774 τδ
1190 2723 1538 2791 λογιστικόνο
1584 2721 1681 2775 καὶ
1736 2723 1836 2791 τὴν

204 2813 402 2883 σάρκα
439 2813 535 2867 τοῦ
576 2813 709 2868 Υἱοῦ
741 2813 834 2867 τοῦ
871 2813 1166 2887 ανθρώπου
1209 2816 1518 2885 ἐφάγομεν,
1568 2815 1660 2868 καὶ
1695 2831 1838 2868 νενι-

202 2908 476 2980 κήκαμεν
515 2907 608 2961 τὸν
643 2907 742 2973 τὰς
785 2909 1028 2978 ψυχικὰς
1061 2910 1222 2981 ἡμῶν
1261 2908 1526 2979 δυνάμεις
1571 2906 1838 2977 ὀλοθρεύ-

202 3019 371 3058 οντα.
399 3003 507 3056 Καὶ
538 3003 607 3054 τὰ
636 3000 810 3056 πλείω
839 3003 894 3056 δὲ
923 3001 1017 3056 τοῦ
1043 3003 1216 3073 νόμου
1245 3003 1336 3057 τὸν
1367 3003 1610 3074 Χριστὸν
1637 3001 1841 3072 ὑπεδή-

203 3093 368 3150 λουν.
403 3093 816 3163 Κεκλεισμένος
849 3095 1036 3165 μέντοι
1069 3089 1139 3165 ἦν
1180 3093 1406 3164 ὁδνόμος
1435 3094 1503 3166 τῇ
1541 3090 1634 3147 τοῦ
1658 3091 1840 3162 γράμο

203 3204 397 3258 ματος
430 3186 696 3257 ἀσαφείᾳ,
739 3185 931 3259 ὥσπερ
958 3187 1067 3240 τινὶ
1099 3185 1262 3258 θύρᾳ.
1317 3183 1448 3238 Ἐὰν
1488 3182 1546 3238 δέ
1571 3202 1654 3248 τις
1693 3183 1841 3236 διδα-

203 3279 456 3335 σκαλίαν
511 3273 946 3351 ἑνεκεχείριστό,
994 3272 1154 3343 οὗτος
1192 3274 1305 3348 εἶχε
1359 3277 1459 3349 τὴν
1509 3275 1700 3330 κλεῖδα
1739 3274 1842 3344 τῆς

198 3373 484 3442 γνώσεως
504 3387 516 3400 ·
555 3371 652 3424 καὶ
686 3372 734 3424 εί
761 3369 1049 3441 ὴδούλετο,
1077 3368 1291 3439 ἤνοιξεν
1337 3367 1426 3432 ἂν,
1461 3367 1557 3422 καὶ
1590 3366 1754 3429 αὑτός
1784 3383 1842 3419 τε

199 3465 470 3538 εἰσῆλθε,
502 3467 598 3520 καὶ
631 3465 816 3530 ἄλλοις
843 3464 1038 3534 δδηγδς
1073 3463 1314 3532 ἐγένετο,
1357 3462 1498 3532 ὅπερ
1537 3462 1588 3515 οἱ
1623 3460 1844 3530 νομικοὶ

193 3563 321 3617 οὐκ
361 3560 657 3632 ἐποίησαν,
713 3560 828 3613 ἀλλ’
869 3555 1016 3630 ἦραν
1055 3558 1157 3628 τὴν
1197 3555 1386 3610 κλεῖδα
1424 3555 1526 3625 τῆς
1563 3554 1842 3624 γνώσεως,

198 3657 511 3710 τουτέστιν
570 3652 928 3724 ἀπέκρυψαν,
971 3650 1270 3721 ἠφάνισαν,
1301 3648 1396 3702 καὶ
1419 3647 1610 3701 λοιπὸν
1647 3645 1723 3709 ὡς
1743 3645 1844 3712 τῆς

196 3745 439 3810 κλειδὸς
469 3745 738 3818 ἀρθείσης
773 3748 838 3799 ὲκ
883 3744 1077 3815 μέσου,
1111 3744 1234 3814 ἢτοι
1280 3745 1378 3812 τῆς
1411 3739 1714 3812 ἑρμηνείας
1749 3736 1844 3790 τοῦ

194 3844 418 3912 νόμου,
449 3839 636 3912 ἔμεινε
667 3836 1046 3910 ικεκλεισμένη
1088 3837 1121 3909 ἠ
1168 3834 1362 3890 τούτου
1401 3831 1565 3905 θύρα.
1605 3833 1846 3903 Νοήσεις

190 3936 249 3992 δ’
291 3935 368 3991 ἂν
407 3936 502 3989 καῖ
550 3933 658 4006 τὴν·
686 3933 871 3986 πίστιν
908 3932 1095 3985 κλεῖδα
1136 3931 1238 4000 τῆς
1278 3928 1559 3998 γνώσεως.
1599 3926 1698 3980 Διά
1737 3924 1846 3994 γὰρ

189 4033 318 4102 τῆς
364 4028 608 4092 πίστεως
651 4027 1076 4098 προσγίνεταιὴ
1133 4025 1231 4095 τῆς
1291 4019 1559 4092 ἀληθείας
1599 4020 1843 4089 γνῶσις.

187 4125 311 4181 καὶ
349 4121 485 4192 γοῦν
515 4123 543 4176 6
579 4122 869 4192 προφήτης
908 4119 1135 4180 Ἡσαΐας
1169 4116 1301 4186 φησί
1329 4132 1342 4145 ·
1387 4135 1405 4166 ι
1450 4115 1583 4179 Καὶ,
1615 4112 1743 4165 Ἐὰν
1783 4109 1845 4164 ού

188 4213 592 4284 πιστεύσητε,
628 4211 740 4266 οὐδ’
768 4211 830 4263 ού
872 4208 947 4281 μὴ
981 4207 1205 4277 συνῆτε.
1254 4225 1272 4257 ι
1319 4206 1380 4258 Οἱ
1412 4203 1596 4256 τοίνυν
1627 4197 1846 4271 νομικοὶ

186 4309 317 4381 τὴν
343 4305 542 4362 κλεῖδα
572 4303 797 4373 ταύτης,
841 4301 963 4373 ἤτοι
987 4303 1094 4370 τὴν
1127 4298 1339 4362 πίστιν,
1371 4291 1518 4366 ἦραν
1544 4296 1608 4347 ὲκ
1652 4292 1846 4364 μέσου,

186 4405 308 4459 καὶ
344 4382 706 4470 ἀπέκρυψαν.
744 4395 818 4450 Ού
853 4393 964 4466 γὰρ
988 4391 1116 4446 εἴων
1146 4382 1432 4444 πιστεύειν
1463 4388 1616 4452 τινὰς
1645 4388 1729 4451 είς
1756 4387 1848 4440 τὸν

181 4496 363 4552 ὅλων
392 4489 632 4561 Σωτῆρα
664 4487 928 4559 Χριστόν.
971 4482 1450 4553 Ἐθαυματούργει
1481 4481 1716 4546 ἐκεῖνος,
1754 4480 1850 4533 καὶ

180 4593 218 4644 ὁ
247 4585 408 4648 λαὸς
439 4582 530 4636 διὰ
575 4579 686 4634 τῶν
718 4578 1016 4650 Θαυμάτων
1053 4574 1352 4640 πιστεύων,
1407 4572 1640 4643 ἔμελλεν
1668 4573 1854 4638 ἐπιγι-

180 4680 464 4737 νώσκειν
495 4674 659 4728 αὑτὸν
692 4671 828 4727 Θεόν
850 4687 864 4703 ο
897 4672 947 4724 οί
975 4671 1030 4725 δὲ
1053 4672 1110 4722 ὲν
1143 4668 1475 4733 Βεελζεδοὺλ
1502 4667 1689 4734 ἔλεγον
1720 4665 1846 4718 ἑπι-

178 4774 408 4832 τελιῐν
433 4769 600 4825 αὐτὸν
625 4769 695 4822 τὰ
722 4765 1004 4835 Θαύματα.
1039 4765 1204 4835 Ὁρᾷς
1237 4762 1356 4824 πῶς
1375 4757 1520 4833 ἦραν
1545 4761 1645 4830 τὴν
1663 4759 1850 4813 κλεῖδα

177 4868 307 4942 τῆς
334 4865 632 4935 γνώσεως,
659 4861 772 4913 ὀὐκ
797 4858 997 4920 ἐῶντες
1024 4855 1312 4909 πιστεύειν
1343 4853 1423 4924 τῷ
1450 4853 1517 4907 δι’
1548 4845 1610 4905 οὗ
1639 4855 1670 4922 ἡ
1709 4851 1851 4919 γνῶ-

180 4978 288 5025 σις
326 4955 534 5018 αὐτοῖς
574 4951 804 5023 ἔμελλεν
848 4948 1235 5017 ὲπιγίνεσθαι;
1281 4945 1600 4999 Ἐδίδασκεν
1643 4947 1699 4996 ὲν
1729 4946 1851 5006 ταῖς

178 5028 594 5119 Συναγωγαῖς
617 5048 676 5100 τὸ
694 5047 825 5118 θέλη
838 5062 916 5116 μα
940 5042 1035 5097 τοῦ
1063 5041 1227 5107 Θεοῦ,
1246 5042 1297 5094 οί
1325 5041 1382 5093 δὲ
1410 5040 1620 5108 ἔλεγον,
1649 5039 1852 5108 Δαιμό-

174 5165 327 5206 νιον
369 5143 520 5214 ἔχει,
545 5141 643 5195 καὶ
675 5139 953 5210 μαίνεται,
974 5138 1026 5191 τί
1057 5133 1227 5189 αὑτοῦ
1260 5130 1728 5204 ἁκούετε;ἾΙραν
1755 5129 1849 5186 οὖν

177 5236 366 5298 κατὰ
407 5231 472 5286 τὸ
510 5229 713 5300 ἀληθὲς
760 5229 862 5301 τὴν
905 5225 1093 5280 κλεῖδα
1137 5224 1236 5294 τῆς
1269 5221 1552 5291 γνώσεως,
1593 5222 1748 5276 αὐτοί
1780 5237 1840 5273 τε

173 5335 306 5391 οὐκ
349 5323 648 5395 εἰσῆλθον,
686 5322 784 5377 καὶ
817 5320 1046 5391 ἑτέρους
1103 5316 1480 5382 κεκωλύκασι,
1529 5315 1626 5377 κοιλ⁵
1674 5314 1849 5368 ταῦτα

174 5416 691 5494 εἰσερχομένους,
746 5411 1032 5467 τουτέστιν
1095 5408 1439 5479 ἐπιτηδείους
1493 5407 1654 5469 δντας
1718 5405 1854 5475 πρὸς

179 5510 604 5588 θεογνωσίαν.
643 5507 768 5561 Ἐτι
820 5505 879 5559 δὲ
903 5503 1075 5560 αὑτοῦ
1112 5503 1286 5558 ταῦτα
1320 5502 1600 5569 λέγοντος,
1652 5494 1854 5554 ἐκεῖνοι

171 5615 374 5671 ὥσπε
383 5624 427 5678 ρ
457 5598 1127 5675 ὲπιμαρτλυροῦντεςτοῖς
1159 5597 1346 5667 λόγοις
1376 5594 1572 5662 αὐτοῦ,
1592 5594 1712 5648 δέον
1731 5595 1855 5646 ὲπι-

171 5706 441 5781 γνῶναι
467 5698 584 5768 τὴν
613 5695 826 5750 οίκείαν
874 5692 1192 5757 ἀσθένειαν,
1237 5689 1596 5745 ἐπεδείκνυον
1625 5689 1856 5750 ἑαυτοὺς

169 5802 383 5876 δῆθεν
420 5790 778 5862 σοφωτέρους
806 5788 1000 5855 αὑτοῦ,
1037 5790 1130 5841 καὶ
1158 5787 1223 5857 δὴ
1256 5782 1722 5855 ἀποστοματίζειν
1758 5783 1858 5834 αύ-

259 5990 324 6026 “
366 5984 542 6043 Joan.
578 5977 744 6040 v.66.
826 5977 870 6008 ⁸⁸
898 5976 1000 6029 ls-i.
1027 5991 1127 6038 vit,
1166 5970 1220 6026 9.
1297 5973 1343 6005 "
1384 5970 1578 6024 Matth.
1624 5983 1720 6032 xu,
1758 5966 1850 6023 ‘24.

560 6081 841 6141 ΡΑτιιοι..
890 6073 1010 6138 Gn.
1065 6071 1345 6137 CXXIII.

1943 671 2203 728 insistere
2235 683 2290 729 et
2323 675 2569 744 captiose
2600 691 2725 731 eum
2758 675 3100 747 interrogare
3133 678 3199 733 de
3229 680 3437 748 multis,
3465 682 3546 736 in»

1941 766 2206 825 sidiantes
2220 772 2299 834 ci,
2324 778 2377 823 et
2404 779 2714 838 quaerentes
2739 769 2944 838 aliquid
2975 771 3162 824 venari
3190 787 3256 826 cx
3280 786 3373 828 ore
3404 774 3544 844 ejus,

1943 875 2050 932 quo
2097 870 2426 918 accusarent
2460 878 2608 918 cum.
2650 881 2668 914 ι
2706 862 2928 919 Clavem
2965 865 3209 918 scientize
3242 867 3547 922 nominavit

1946 957 2210 1012 Dominus
2259 957 2568 1011 doctrinam
2605 967 2660 1012 et
2693 957 2828 1026 legis
2882 958 3389 1025 manuductionem,
3425 976 3548 1032 quas

1947 1049 2447 1104 valebatadducere
2469 1050 2533 1102 ad
2565 1049 2870 1104 Christum.
2898 1049 3013 1104 Lex
3035 1050 3178 1103 enim
3205 1053 3427 1107 omnino
3449 1067 3548 1109 nos

1944 1143 2010 1195 ad
2041 1141 2326 1196 Christum
2376 1138 2716 1197 manuduci't.
2751 1141 3076 1212 Legisperiti
3111 1143 3296 1213 igitur,
3322 1146 3414 1216 qui
3443 1147 3545 1201 sibi

1950 1243 2102 1290 recte
2144 1233 2318 1304 legem
2370 1235 2720 1305 interpretari
2761 1236 3107 1300 videbantur,
3155 1239 3400 1294 scientia:
3438 1239 3551 1295 cla-

1945 1342 2064 1383 vem
2113 1327 2352 1399 maligne
2387 1329 2670 1393 tenebant,
2722 1339 2774 1384 et
2832 1345 2940 1385 non
2987 1331 3309 1399 aperiebant
3356 1332 3552 1400 ianuas

1944 1419 2101 1489 legis,
2133 1436 2232 1491 per
2263 1436 2401 1491 quas
2438 1422 2712 1475 intrarent
2745 1431 2798 1476 et
2831 1423 2928 1491 ipsi
2958 1433 3013 1478 et
3037 1424 3269 1492 pepulus
3295 1425 3359 1478 ad
3389 1425 3550 1482 Clirié

1946 1521 2115 1579 stum,
2161 1512 2609 1581 quandoquidem
2659 1511 2744 1568 lex
2793 1514 2958 1580 janua
3009 1524 3091 1569 est
3135 1516 3202 1570 ad
3243 1515 3548 1572 Christum.

1945 1600 2341 1657 Verumtamen
2369 1602 2541 1672 janua
2577 1603 2680 1658 ista
2715 1603 2901 1660 clausa
2931 1615 3036 1670 est,
3068 1607 3169 1660 nisi
3204 1607 3327 1678 quis
3360 1609 3552 1666 obscu-

1948 1697 2167 1751 ritatem
2210 1695 2348 1768 legis
2383 1695 2700 1753 manifestet
2745 1706 2802 1752 et
2836 1700 3067 1767 aperiat,
3103 1700 3383 1768 faciatque
3432 1717 3552 1757 nia-

1949 1789 2227 1846 nifestam.
2262 1789 2480 1846 Etenim
2519 1791 2784 1847 Dominus
2814 1793 2950 1846 dixit
2983 1813 2994 1848 :
3031 1812 3050 1844 ι
3093 1795 3148 1849 Si
3184 1796 3552 1852 crcdidissetis

1950 1879 2118 1950 Mosi,
2174 1886 2491 1941 credissetis
2553 1887 2740 1955 utique
2807 1885 3027 1940 mihi".
3081 1905 3100 1938 ι
3152 1887 3219 1941 Ει
3290 1889 3486 1943 iterum
3536 1908 3548 1943 :

1878 1969 1918 2022 Β
1952 1977 2292 2034 Set-utamini
2326 1978 2663 2051 Scripturas,
2692 1981 2952 2049 quoniam
2986 1981 3102 2036 istae
3135 1992 3262 2037 sunt
3294 1999 3415 2052 quae
3478 1997 3555 2038 te~

1943 2067 2263 2122 stimonium
2290 2070 2577 2137 perhibent
2602 2075 2668 2124 de
2699 2085 2803 2125 me.
2831 2066 2896 2124 Et
2924 2086 3019 2126 vos
3039 2087 3145 2127 non
3177 2073 3339 2129 vultis
3368 2075 3554 2130 venire

1953 2160 2016 2211 ad
2052 2175 2158 2214 me.
2194 2159 2261 2215 Et
2302 2171 2357 2214 ut
2393 2162 2624 2230 exempli
2657 2162 2832 2232 gratia
2865 2179 3034 2217 unum
3066 2166 3353 2220 ostendam
3391 2184 3403 2218 :
3455 2181 3554 2237 ago

1950 2269 2054 2307 nus
2084 2253 2470 2308 immolabatur
2504 2270 2532 2306 a
2567 2253 2771 2308 ludatis
2797 2295 2812 2319 ,
2855 2263 2910 2310 et
2941 2257 3285 2326 angebantur
3317 2258 3552 2327 superli-

1947 2346 2201 2411 minaria,
2235 2355 2289 2399 et
2318 2360 2509 2402 carnes
2543 2346 2926 2413 comedebant,
2994 2358 3048 2403 et
3083 2359 3201 2403 erat
3228 2350 3309 2405 eis
3341 2352 3443 2406 hoc
3472 2353 3554 2405 vi-

1947 2440 2118 2492 ctoria
2195 2447 2388 2494 contra
2466 2440 2977 2496 externiinatorem.
3039 2441 3400 2513 Significabat
3450 2447 3555 2502 hoc

1944 2531 2108 2601 plane
2148 2531 2467 2602 mysterium
2503 2532 2731 2598 Christi,
2765 2549 2874 2603 quo
2915 2543 2972 2589 ut
3007 2550 3145 2604 agno
3201 2537 3552 2595 immaculato

1945 2635 1999 2679 et
2049 2641 2184 2696 puro
2223 2626 2407 2682 occiso
2442 2626 2648 2696 perfusi
2702 2637 2830 2682 sunt
2886 2631 3059 2685 nostri
3098 2639 3303 2700 pestes,
3365 2631 3444 2686 ira
3501 2643 3558 2686 et

1948 2719 2415 2786 concupiscentia,
2449 2729 2504 2774 et
2552 2719 2744 2774 horum
2791 2721 3238 2792 superliminare,
3275 2723 3557 2780 rationalis

1951 2811 2032 2865 vis
2071 2827 2084 2866 :
2122 2825 2459 2881 carnemque
2494 2810 2617 2866 Filii
2655 2814 2894 2867 hominis
2934 2815 3298 2880 comedimus,
3331 2825 3386 2870 et
3421 2816 3557 2870 vici-

1948 2918 2076 2958 mus
2113 2903 2332 2972 quidem
2367 2905 2636 2960 animales
2669 2906 2900 2960 virtutes
2955 2917 3174 2962 nostras
3213 2909 3552 2978 perdentem.

1949 2995 2020 3051 Et
2065 2997 2328 3066 pleraque
2359 2997 2412 3052 in
2446 2997 2566 3068 lege
2593 2997 2874 3054 Christum
2909 2998 3322 3069 significabant.
3355 3002 3554 3057 Clausa

1949 3089 2096 3144 enim
2125 3095 2245 3144 erat
2274 3089 2361 3143 lex
2411 3090 2752 3146 obscuritate
2787 3089 3004 3158 litteras,
3034 3093 3190 3162 quasi
3222 3093 3388 3163 janua
3421 3111 3560 3164 qua-

1949 3183 2093 3237 dam.
2129 3181 2186 3236 Si
2223 3191 2404 3238 autem
2440 3183 2682 3254 cuipiam
2728 3184 2978 3239 doctrina
3025 3189 3339 3243 concredita
3371 3189 3554 3253 fuerit,

1953 3275 2042 3331 hic
2083 3276 2249 3331 habet
2281 3275 2492 3331 clavem
2523 3276 2768 3332 scientia:
2801 3295 2814 3332 :
2845 3278 2891 3333 si
2946 3278 3200 3334 voluerit.
3223 3283 3460 3352 aperire,
3504 3294 3559 3338 et

1953 3369 2070 3440 ipse
2101 3369 2352 3437 intrabit,
2384 3379 2435 3426 et
2470 3370 2591 3426 aliis
2647 3373 2753 3427 dux
2806 3373 2951 3428 erit:
2985 3372 3036 3428 id
3071 3375 3215 3444 quod
3257 3378 3558 3449 legisperiti

1952 3478 2060 3518 non
2117 3462 2392 3530 fecerunt,
2429 3465 2526 3520 sed
2578 3465 2820 3520 tulerunt
2871 3466 3081 3522 clavem
3132 3468 3396 3536 scientiae,
3452 3471 3559 3527 hoc

1950 3566 2034 3611 est
2081 3556 2515 3624 absconderant,
2546 3554 2940 3625 obscurarum,
2972 3569 3027 3615 et
3055 3561 3170 3632 jam
3203 3563 3362 3633 quasi
3409 3564 3555 3619 clavi

1952 3661 1982 3702 e
2007 3645 2186 3701 medio
2216 3645 2454 3711 sublata,
2485 3647 2588 3702 hoc
2613 3657 2699 3704 est
2723 3648 2861 3718 legis
2888 3649 3368 3720 interpretatione,
3402 3668 3560 3708 nian-

1953 3739 2026 3794 sit
2062 3738 2250 3794 clausa
2305 3740 2422 3808 ejus
2471 3739 2662 3809 janua.
2696 3741 2976 3812 lutetligas
3010 3743 3137 3798 item
3169 3755 3224 3799 et
3261 3744 3420 3800 fidem
3453 3747 3562 3802 cla-

1953 3843 2075 3883 vem
2138 3844 2262 3885 esse
2305 3831 2570 3884 scientiae.
2601 3829 2705 3884 Per
2737 3831 2897 3886 fidem
2934 3834 3080 3894 enim
3113 3836 3275 3890 datur
3309 3838 3560 3895 veritatis

1953 3923 2236 3980 scientia:
2269 3923 2415 3979 unde
2441 3924 2706 3995 propheta
2735 3925 2908 3982 Isaias
2939 3928 3072 3982 dicit
3106 3944 3119 3982 :
3159 3947 3176 3979 ι
3221 3929 3336 3984 Nisi
3369 3933 3557 3986 credi-

1954 4019 2180 4086 deretis,
2222 4035 2327 4074 non
2374 4019 2775 4091 intelligetis“.
2818 4040 2837 4073 ι
2873 4021 3044 4091 Igitur
3091 4022 3390 4094 legisperiti
3444 4025 3560 4079 ela—

1955 4128 2074 4168 vem
2102 4113 2267 4179 hanc,
2289 4114 2391 4170 hoc
2416 4122 2500 4169 est
2531 4114 2714 4182 fidem,
2737 4130 2768 4170 e
2796 4115 2962 4188 364
2985 4119 3161 4171 medio
3218 4118 3563 4174 abstulerunt

1954 4213 2008 4259 et
2083 4205 2516 4260 absconderunt.
2575 4204 2694 4260 Non
2753 4211 2901 4261 enim
2964 4209 3217 4261 sinebant
3291 4212 3561 4280 quosdam

1954 4297 2182 4354 credere
2218 4298 2269 4351 iii
2301 4296 2586 4353 Christum
2632 4299 2882 4353 omnium
2922 4297 3290 4355 Salvatorem.
3328 4301 3421 4356 Ille
3458 4301 3562 4355 mi-

1957 4383 2146 4447 rac'ula
2201 4390 2463 4453 faciebat,
2506 4402 2560 4444 et
2604 4391 2836 4461 populus
2873 4409 2972 4463 per
3015 4392 3274 4447 miracula
3328 4393 3561 4450 credens

1957 4484 2246 4554 agniturus
2299 4492 2419 4537 erat
2470 4483 2639 4537 Deum
2676 4501 2690 4536 :
2721 4495 2776 4537 at
2809 4484 2862 4538 hi
2892 4484 2949 4538 in
2984 4483 3271 4538 Beelzebul
3308 4486 3564 4540 dicebant

1957 4575 2160 4646 ejicere
2238 4573 2602 4628 daemonia".
2643 4572 2810 4629 Vides
2877 4576 3152 4643 quomodo
3217 4575 3563 4630 abstulerunt

1883 4697 1926 4752 υ
1959 4668 2169 4722 clavem
2219 4666 2486 4732 scientiae,
2524 4681 2630 4721 non
2662 4667 2910 4721 sinentes
2945 4667 3172 4721 credere
3200 4666 3253 4720 id
3285 4681 3385 4737 per
3413 4666 3560 4736 quod

1956 4761 2248 4816 scientiam
2298 4760 2374 4814 illi
2429 4760 2755 4828 acquisituri
2805 4769 2982 4814 erant.
3017 4760 3256 4815 Docebat
3306 4760 3452 4814 enim
3505 4760 3561 4815 in

1956 4852 2260 4925 Synagogis
2315 4853 2652 4908 voluntatem
2701 4853 2793 4907 Dei
2852 4871 2864 4906 :
2907 4853 2985 4906 illi
3041 4863 3222 4906 autem
3259 4853 3555 4907 dicebant:

1959 4947 2306 5023 Dtenionium
2363 4946 2548 5010 habet,
2578 4955 2633 5000 et
2680 4947 2884 5000 insanit
2912 4964 2925 4999 :
2957 4946 3084 5015 quid
3133 4944 3283 4998 illum
3320 4945 3558 4999 auditis?

1955 5038 2220 5094 Tulerunt
2261 5037 2426 5108 igitur
2466 5051 2595 5092 vere
2650 5035 2859 5091 clavem
2923 5035 3186 5099 scientiae,
3219 5043 3273 5090 et
3327 5034 3425 5103 ipsi
3477 5035 3560 5088 in-

1961 5132 2132 5204 gressi
2171 5146 2278 5188 non
2309 5140 2458 5196 sunt,
2492 5141 2550 5184 et
2611 5129 2748 5185 alios
2779 5129 3179 5198 prohibuerunt
3208 5127 3445 5183 maxime
3477 5125 3561 5180 in-

1961 5224 2295 5295 gredientes,
2340 5224 2441 5278 hoc
2515 5233 2600 5279 est
2643 5222 2917 5278 studiosos
2965 5219 3294 5290 cognitionis
3339 5218 3556 5273 divinae.

1962 5319 2057 5374 lllo
2098 5332 2278 5373 autem
2331 5319 2510 5372 adhuc
2555 5317 2814 5390 loquente
2857 5315 2992 5378 haec,
3024 5314 3098 5368 illi
3135 5312 3290 5381 quasi
3326 5319 3555 5366 attesta-

1957 5422 2149 5469 rentur
2173 5413 2318 5468 dicta
2338 5411 2479 5481 ejus,
2505 5425 2632 5464 cuin
2659 5416 2940 5478 oporteret
2961 5404 3555 5476 propriam-agnoscere

1957 5506 2415 5569 imbecillitatem,
2441 5511 2791 5558 ostentorum
2825 5513 2884 5554 se
2912 5499 3004 5554 illo
3036 5496 3290 5552 videlicet
3340 5494 3554 5562 sapien-

1958 5593 2147 5666 tiores,
2178 5607 2342 5666 atque
2375 5597 2665 5652 occluderc
2721 5594 2800 5648 illi
2850 5608 2934 5659 os,
2965 5592 3112 5662 quod
3146 5589 3322 5646 Graeci
3367 5588 3557 5644 dicunt

1959 5689 2444 5760 ἀποστοματίζειν,
2524 5687 2883 5757 incipiebant,
2941 5687 3043 5740 hoc
3107 5693 3191 5740 est
3247 5683 3560 5749 frequenter

1961 5785 2320 5854 interrogare,
2348 5791 2401 5836 et
2433 5781 2747 5852 perplexum
2773 5777 2950 5833 facere
2976 5797 2988 5832 :
3015 5777 3066 5832 id
3101 5776 3242 5846 quod
3275 5773 3390 5829 fieri
3421 5772 3561 5827 solet

1873 3336 1914 3392 C

3153 6047 3228 6111 28
