  <div class='ocr_page' id='page_1' title='image "/cluster/home/n/w/nwhite01/storage/ocr_20150623/123/uva.x004884189/548.png"; bbox 0 0 4038 6556; ppageno 0'>
   <div class='ocr_carea' id='block_1_1' title="bbox 233 542 334 608">
    <p class='ocr_par' dir='ltr' id='par_1_1' title="bbox 233 542 334 608">
     <span class='ocr_line' id='line_1_1' title="bbox 233 542 334 608; baseline 0 -2"><span class='ocrx_word' id='word_1_1' title='bbox 233 542 334 608; x_wconf 64' lang='grc' dir='ltr'><strong>ἱἾἸ</strong></span> 
     </span>
    </p>
   </div>
   <div class='ocr_carea' id='block_1_2' title="bbox 911 538 1824 606">
    <p class='ocr_par' dir='ltr' id='par_1_2' title="bbox 911 540 1824 606">
     <span class='ocr_line' id='line_1_2' title="bbox 911 540 1824 606; baseline -0.008 0"><span class='ocrx_word' id='word_1_2' title='bbox 911 541 1360 606; x_wconf 73' lang='grc' dir='ltr'><strong>ΕΝΑΗΠΑΤΙΟ</strong></span> <span class='ocrx_word' id='word_1_3' title='bbox 1396 545 1472 605; x_wconf 75' lang='grc' dir='ltr'><strong>ΙΝ</strong></span> <span class='ocrx_word' id='word_1_4' title='bbox 1512 540 1824 604; x_wconf 71' lang='lat' dir='ltr'><strong>EVANGE;</strong></span> 
     </span>
    </p>
   </div>
   <div class='ocr_carea' id='block_1_3' title="bbox 1936 538 2786 606">
    <p class='ocr_par' dir='ltr' id='par_1_3' title="bbox 1936 539 2786 601">
     <span class='ocr_line' id='line_1_3' title="bbox 1936 539 2786 601; baseline 0 -2"><span class='ocrx_word' id='word_1_5' title='bbox 1936 539 2015 599; x_wconf 80' lang='lat' dir='ltr'><strong>IM</strong></span> <span class='ocrx_word' id='word_1_6' title='bbox 2059 539 2294 601; x_wconf 69' lang='lat' dir='ltr'><strong>LUCE.</strong></span> <span class='ocrx_word' id='word_1_7' title='bbox 2337 565 2404 577; x_wconf 89' lang='lat'><strong>--</strong></span> <span class='ocrx_word' id='word_1_8' title='bbox 2435 540 2598 601; x_wconf 81' lang='lat' dir='ltr'><strong>CAP.</strong></span> <span class='ocrx_word' id='word_1_9' title='bbox 2643 539 2786 600; x_wconf 86' lang='lat' dir='ltr'><strong>Xll.</strong></span> 
     </span>
    </p>
   </div>
   <div class='ocr_carea' id='block_1_4' title="bbox 3431 537 3538 602">
    <p class='ocr_par' dir='ltr' id='par_1_4' title="bbox 3431 537 3538 602">
     <span class='ocr_line' id='line_1_4' title="bbox 3431 537 3538 602; baseline 0.009 -1"><span class='ocrx_word' id='word_1_10' title='bbox 3431 537 3538 602; x_wconf 75' lang='lat'><strong>878</strong></span> 
     </span>
    </p>
   </div>
   <div class='ocr_carea' id='block_1_5' title="bbox 230 644 1824 725">
    <p class='ocr_par' dir='ltr' id='par_1_5' title="bbox 230 644 1822 725">
     <span class='ocr_line' id='line_1_5' title="bbox 230 644 1822 725; baseline -0.005 -18"><span class='ocrx_word' id='word_1_11' title='bbox 230 654 378 708; x_wconf 75' lang='grc' dir='ltr'>πᾶσα</span> <span class='ocrx_word' id='word_1_12' title='bbox 402 652 716 725; x_wconf 79' lang='grc' dir='ltr'>ὑπόκρισις,</span> <span class='ocrx_word' id='word_1_13' title='bbox 742 652 871 707; x_wconf 82' lang='grc' dir='ltr'>ἀλλο</span> <span class='ocrx_word' id='word_1_14' title='bbox 900 654 1000 724; x_wconf 73' lang='grc' dir='ltr'>μὲν</span> <span class='ocrx_word' id='word_1_15' title='bbox 1024 653 1396 724; x_wconf 72' lang='grc' dir='ltr'>πλαττομένη,</span> <span class='ocrx_word' id='word_1_16' title='bbox 1419 651 1550 707; x_wconf 74' lang='grc' dir='ltr'>ἀλλο</span> <span class='ocrx_word' id='word_1_17' title='bbox 1571 650 1627 704; x_wconf 58' lang='grc' dir='ltr'>δὴ</span> <span class='ocrx_word' id='word_1_18' title='bbox 1665 644 1822 704; x_wconf 78' lang='grc' dir='ltr'>οὖσα.</span> 
     </span>
    </p>
   </div>
   <div class='ocr_carea' id='block_1_6' title="bbox 1936 644 3542 725">
    <p class='ocr_par' dir='ltr' id='par_1_6' title="bbox 1936 644 3542 720">
     <span class='ocr_line' id='line_1_6' title="bbox 1936 644 3542 720; baseline 0.006 -22"><span class='ocrx_word' id='word_1_19' title='bbox 1936 647 2056 703; x_wconf 79' lang='lat' dir='ltr'><strong>item</strong></span> <span class='ocrx_word' id='word_1_20' title='bbox 2076 657 2182 715; x_wconf 88' lang='lat' dir='ltr'><strong>est,</strong></span> <span class='ocrx_word' id='word_1_21' title='bbox 2204 658 2257 704; x_wconf 84' lang='lat' dir='ltr'><strong>et</strong></span> <span class='ocrx_word' id='word_1_22' title='bbox 2276 649 2424 705; x_wconf 88' lang='lat' dir='ltr'><strong>aliud</strong></span> <span class='ocrx_word' id='word_1_23' title='bbox 2450 649 2621 720; x_wconf 74' lang='lat' dir='ltr'><strong>tingit.</strong></span> <span class='ocrx_word' id='word_1_24' title='bbox 2642 646 2902 703; x_wconf 66' lang='lat' dir='ltr'><strong>Pharismi</strong></span> <span class='ocrx_word' id='word_1_25' title='bbox 2921 644 3129 717; x_wconf 87' lang='lat' dir='ltr'><strong>itaque,</strong></span> <span class='ocrx_word' id='word_1_26' title='bbox 3152 646 3350 718; x_wconf 90' lang='lat' dir='ltr'><strong>inquit,</strong></span> <span class='ocrx_word' id='word_1_27' title='bbox 3369 646 3542 707; x_wconf 78' lang='lat' dir='ltr'><strong>latere</strong></span> 
     </span>
    </p>
   </div>
   <div class='ocr_carea' id='block_1_7' title="bbox 229 741 1822 817">
    <p class='ocr_par' dir='ltr' id='par_1_7' title="bbox 229 741 1822 817">
     <span class='ocr_line' id='line_1_7' title="bbox 229 741 1822 817; baseline -0.003 -18"><span class='ocrx_word' id='word_1_28' title='bbox 229 747 289 799; x_wconf 84' lang='grc' dir='ltr'><strong>οι</strong></span> <span class='ocrx_word' id='word_1_29' title='bbox 320 743 420 814; x_wconf 73' lang='grc' dir='ltr'>μὲν</span> <span class='ocrx_word' id='word_1_30' title='bbox 453 743 546 798; x_wconf 79' lang='grc' dir='ltr'>οὖν</span> <span class='ocrx_word' id='word_1_31' title='bbox 575 741 884 813; x_wconf 84' lang='grc' dir='ltr'>Φαρισαῖοι,</span> <span class='ocrx_word' id='word_1_32' title='bbox 919 745 1106 817; x_wconf 72' lang='grc' dir='ltr'>φησὶν,</span> <span class='ocrx_word' id='word_1_33' title='bbox 1154 745 1363 798; x_wconf 85' lang='grc' dir='ltr'>οῐονται</span> <span class='ocrx_word' id='word_1_34' title='bbox 1409 743 1698 798; x_wconf 75' lang='grc' dir='ltr'>λανθάνειν</span> <span class='ocrx_word' id='word_1_35' title='bbox 1724 741 1822 795; x_wconf 66' lang='grc' dir='ltr'><strong>διά</strong></span> 
     </span>
    </p>
   </div>
   <div class='ocr_carea' id='block_1_8' title="bbox 224 835 1824 911">
    <p class='ocr_par' dir='ltr' id='par_1_8' title="bbox 224 835 1824 911">
     <span class='ocr_line' id='line_1_8' title="bbox 224 835 1824 911; baseline 0.001 -22"><span class='ocrx_word' id='word_1_36' title='bbox 224 837 319 907; x_wconf 83' lang='grc' dir='ltr'>τῆς</span> <span class='ocrx_word' id='word_1_37' title='bbox 349 836 713 909; x_wconf 77' lang='grc' dir='ltr'>ὑποκρίσεως,</span> <span class='ocrx_word' id='word_1_38' title='bbox 739 838 799 890; x_wconf 82' lang='grc' dir='ltr'>τὸ</span> <span class='ocrx_word' id='word_1_39' title='bbox 830 836 1172 908; x_wconf 79' lang='grc' dir='ltr'>χρηστόηθες</span> <span class='ocrx_word' id='word_1_40' title='bbox 1203 838 1386 902; x_wconf 78' lang='grc' dir='ltr'>αὐτοῖς</span> <span class='ocrx_word' id='word_1_41' title='bbox 1425 835 1824 911; x_wconf 83' lang='grc' dir='ltr'>περιποιούμε-</span> 
     </span>
    </p>
   </div>
   <div class='ocr_carea' id='block_1_9' title="bbox 225 927 1823 999">
    <p class='ocr_par' dir='ltr' id='par_1_9' title="bbox 225 927 1823 999">
     <span class='ocr_line' id='line_1_9' title="bbox 225 927 1823 999; baseline -0.001 -17"><span class='ocrx_word' id='word_1_42' title='bbox 225 945 321 983; x_wconf 89' lang='grc' dir='ltr'>νοι.</span> <span class='ocrx_word' id='word_1_43' title='bbox 362 928 507 998; x_wconf 78' lang='grc' dir='ltr'>Πλὴν</span> <span class='ocrx_word' id='word_1_44' title='bbox 549 927 704 982; x_wconf 72' lang='grc' dir='ltr'>οὐδὲν</span> <span class='ocrx_word' id='word_1_45' title='bbox 739 928 1269 999; x_wconf 71' lang='grc' dir='ltr'><strong>συγκεκαλυμμένον</strong></span> <span class='ocrx_word' id='word_1_46' title='bbox 1301 931 1451 984; x_wconf 71' lang='grc' dir='ltr'>ἐστὶν</span> <span class='ocrx_word' id='word_1_47' title='bbox 1493 929 1522 984; x_wconf 83' lang='grc' dir='ltr'><strong>δ</strong></span> <span class='ocrx_word' id='word_1_48' title='bbox 1552 929 1654 984; x_wconf 82' lang='grc' dir='ltr'>οὐκ</span> <span class='ocrx_word' id='word_1_49' title='bbox 1682 928 1823 982; x_wconf 75' lang='grc' dir='ltr'>ἀποο</span> 
     </span>
    </p>
   </div>
   <div class='ocr_carea' id='block_1_10' title="bbox 223 1019 1824 1093">
    <p class='ocr_par' dir='ltr' id='par_1_10' title="bbox 223 1019 1824 1093">
     <span class='ocr_line' id='line_1_10' title="bbox 223 1019 1824 1093; baseline -0.001 -18"><span class='ocrx_word' id='word_1_50' title='bbox 223 1019 653 1091; x_wconf 80' lang='grc' dir='ltr'><strong>καλυφθήσεται.</strong></span> <span class='ocrx_word' id='word_1_51' title='bbox 703 1021 889 1075; x_wconf 81' lang='grc' dir='ltr'><strong>Πάντα</strong></span> <span class='ocrx_word' id='word_1_52' title='bbox 916 1019 1033 1093; x_wconf 80' lang='grc' dir='ltr'>γὰρ</span> <span class='ocrx_word' id='word_1_53' title='bbox 1066 1021 1166 1077; x_wconf 79' lang='grc' dir='ltr'>καὶ</span> <span class='ocrx_word' id='word_1_54' title='bbox 1209 1023 1434 1092; x_wconf 79' lang='grc' dir='ltr'>ῥήματα</span> <span class='ocrx_word' id='word_1_55' title='bbox 1465 1023 1560 1076; x_wconf 75' lang='grc' dir='ltr'>καὶ</span> <span class='ocrx_word' id='word_1_56' title='bbox 1604 1020 1824 1093; x_wconf 85' lang='grc' dir='ltr'>διανοή-</span> 
     </span>
    </p>
   </div>
   <div class='ocr_carea' id='block_1_11' title="bbox 224 1111 1823 1185">
    <p class='ocr_par' dir='ltr' id='par_1_11' title="bbox 224 1111 1823 1185">
     <span class='ocr_line' id='line_1_11' title="bbox 224 1111 1823 1185; baseline -0.001 -19"><span class='ocrx_word' id='word_1_57' title='bbox 224 1129 371 1185; x_wconf 89' lang='grc' dir='ltr'>ματα</span> <span class='ocrx_word' id='word_1_58' title='bbox 403 1112 589 1184; x_wconf 78' lang='grc' dir='ltr'>γυμνά</span> <span class='ocrx_word' id='word_1_59' title='bbox 621 1113 1177 1185; x_wconf 88' lang='grc' dir='ltr'>παραστήσονταιτῷ</span> <span class='ocrx_word' id='word_1_60' title='bbox 1212 1113 1516 1185; x_wconf 78' lang='grc' dir='ltr'><strong>τελευταίῳ</strong></span> <span class='ocrx_word' id='word_1_61' title='bbox 1549 1113 1650 1184; x_wconf 78' lang='grc' dir='ltr'>μὲν</span> <span class='ocrx_word' id='word_1_62' title='bbox 1681 1111 1823 1166; x_wconf 85' lang='grc' dir='ltr'>πάν-</span> 
     </span>
    </p>
   </div>
   <div class='ocr_carea' id='block_1_12' title="bbox 219 1193 1824 1279">
    <p class='ocr_par' dir='ltr' id='par_1_12' title="bbox 219 1193 1824 1279">
     <span class='ocr_line' id='line_1_12' title="bbox 219 1193 1824 1279; baseline 0 -21"><span class='ocrx_word' id='word_1_63' title='bbox 219 1221 326 1266; x_wconf 86' lang='grc' dir='ltr'><strong>τως</strong></span> <span class='ocrx_word' id='word_1_64' title='bbox 347 1206 638 1277; x_wconf 84' lang='grc' dir='ltr'>κριτηρίῳ,</span> <span class='ocrx_word' id='word_1_65' title='bbox 668 1205 810 1277; x_wconf 76' lang='grc' dir='ltr'>πλὴν</span> <span class='ocrx_word' id='word_1_66' title='bbox 841 1210 945 1259; x_wconf 61' lang='grc' dir='ltr'>κᾶν</span> <span class='ocrx_word' id='word_1_67' title='bbox 975 1205 1056 1273; x_wconf 83' lang='grc' dir='ltr'>τῷ</span> <span class='ocrx_word' id='word_1_68' title='bbox 1091 1207 1321 1279; x_wconf 78' lang='grc' dir='ltr'>παρόντι</span> <span class='ocrx_word' id='word_1_69' title='bbox 1350 1206 1452 1278; x_wconf 86' lang='grc' dir='ltr'><strong>βίῳ</strong></span> <span class='ocrx_word' id='word_1_70' title='bbox 1482 1193 1660 1261; x_wconf 77' lang='grc' dir='ltr'>πολλὰ</span> <span class='ocrx_word' id='word_1_71' title='bbox 1711 1205 1824 1260; x_wconf 84' lang='grc' dir='ltr'><strong>τῶν</strong></span> 
     </span>
    </p>
   </div>
   <div class='ocr_carea' id='block_1_13' title="bbox 219 1297 1822 1369">
    <p class='ocr_par' dir='ltr' id='par_1_13' title="bbox 219 1297 1822 1369">
     <span class='ocr_line' id='line_1_13' title="bbox 219 1297 1822 1369; baseline 0 -17"><span class='ocrx_word' id='word_1_72' title='bbox 219 1298 614 1369; x_wconf 74' lang='grc' dir='ltr'><strong>κρυπτομένων</strong></span> <span class='ocrx_word' id='word_1_73' title='bbox 645 1298 995 1368; x_wconf 80' lang='grc' dir='ltr'>γυμνοῦσθαι</span> <span class='ocrx_word' id='word_1_74' title='bbox 1033 1300 1210 1368; x_wconf 85' lang='grc' dir='ltr'>φιλεῖ·</span> <span class='ocrx_word' id='word_1_75' title='bbox 1261 1300 1364 1353; x_wconf 80' lang='grc' dir='ltr'>ὅσα</span> <span class='ocrx_word' id='word_1_76' title='bbox 1403 1297 1498 1353; x_wconf 79' lang='grc' dir='ltr'>οὖν</span> <span class='ocrx_word' id='word_1_77' title='bbox 1527 1300 1721 1358; x_wconf 73' lang='grc' dir='ltr'>εἴπατε</span> <span class='ocrx_word' id='word_1_78' title='bbox 1763 1297 1822 1352; x_wconf 74' lang='grc' dir='ltr'>ἑν</span> 
     </span>
    </p>
   </div>
   <div class='ocr_carea' id='block_1_14' title="bbox 217 1388 1820 1463">
    <p class='ocr_par' dir='ltr' id='par_1_14' title="bbox 217 1388 1820 1463">
     <span class='ocr_line' id='line_1_14' title="bbox 217 1388 1820 1463; baseline 0.001 -21"><span class='ocrx_word' id='word_1_79' title='bbox 217 1390 284 1459; x_wconf 75' lang='grc' dir='ltr'><strong>τῇ</strong></span> <span class='ocrx_word' id='word_1_80' title='bbox 341 1388 534 1458; x_wconf 70' lang='grc' dir='ltr'>σκοτία</span> <span class='ocrx_word' id='word_1_81' title='bbox 567 1391 663 1443; x_wconf 85' lang='grc' dir='ltr'>καὶ</span> <span class='ocrx_word' id='word_1_82' title='bbox 707 1391 765 1443; x_wconf 69' lang='grc' dir='ltr'>ἑν</span> <span class='ocrx_word' id='word_1_83' title='bbox 801 1393 912 1455; x_wconf 85' lang='grc' dir='ltr'>τοῖς</span> <span class='ocrx_word' id='word_1_84' title='bbox 961 1389 1234 1462; x_wconf 86' lang='grc' dir='ltr'>ταμείοις,</span> <span class='ocrx_word' id='word_1_85' title='bbox 1273 1390 1370 1444; x_wconf 75' lang='grc' dir='ltr'>καὶ</span> <span class='ocrx_word' id='word_1_86' title='bbox 1396 1389 1645 1463; x_wconf 78' lang='grc' dir='ltr'>κρυφίως</span> <span class='ocrx_word' id='word_1_87' title='bbox 1693 1390 1820 1444; x_wconf 75' lang='grc' dir='ltr'>ελα-</span> 
     </span>
    </p>
   </div>
   <div class='ocr_carea' id='block_1_15' title="bbox 218 1479 1818 1554">
    <p class='ocr_par' dir='ltr' id='par_1_15' title="bbox 218 1479 1818 1554">
     <span class='ocr_line' id='line_1_15' title="bbox 218 1479 1818 1554; baseline 0.002 -21"><span class='ocrx_word' id='word_1_88' title='bbox 218 1479 445 1550; x_wconf 82' lang='grc' dir='ltr'>λήσατε,</span> <span class='ocrx_word' id='word_1_89' title='bbox 471 1482 883 1553; x_wconf 79' lang='grc' dir='ltr'>κηρυχθήσεται</span> <span class='ocrx_word' id='word_1_90' title='bbox 919 1482 1014 1536; x_wconf 70' lang='grc' dir='ltr'><strong>ἐπὶ</strong></span> <span class='ocrx_word' id='word_1_91' title='bbox 1046 1482 1126 1554; x_wconf 86' lang='grc' dir='ltr'>τῷ</span> <span class='ocrx_word' id='word_1_92' title='bbox 1153 1484 1297 1552; x_wconf 75' lang='grc' dir='ltr'>φωτὶ</span> <span class='ocrx_word' id='word_1_93' title='bbox 1326 1483 1416 1536; x_wconf 74' lang='grc' dir='ltr'>καὶ</span> <span class='ocrx_word' id='word_1_94' title='bbox 1448 1482 1543 1536; x_wconf 68' lang='grc' dir='ltr'>επὶ</span> <span class='ocrx_word' id='word_1_95' title='bbox 1580 1481 1690 1536; x_wconf 81' lang='grc' dir='ltr'><strong>τῶν</strong></span> <span class='ocrx_word' id='word_1_96' title='bbox 1719 1482 1818 1536; x_wconf 89' lang='grc' dir='ltr'>δω-</span> 
     </span>
    </p>
   </div>
   <div class='ocr_carea' id='block_1_16' title="bbox 219 1572 1819 1646">
    <p class='ocr_par' dir='ltr' id='par_1_16' title="bbox 219 1572 1819 1646">
     <span class='ocr_line' id='line_1_16' title="bbox 219 1572 1819 1646; baseline 0 -20"><span class='ocrx_word' id='word_1_97' title='bbox 219 1574 427 1644; x_wconf 82' lang='grc' dir='ltr'><strong>μάτων.</strong></span> <span class='ocrx_word' id='word_1_98' title='bbox 463 1573 652 1626; x_wconf 85' lang='grc' dir='ltr'>Ταῦτα</span> <span class='ocrx_word' id='word_1_99' title='bbox 677 1575 735 1628; x_wconf 79' lang='grc' dir='ltr'>δὲ</span> <span class='ocrx_word' id='word_1_100' title='bbox 776 1574 1032 1642; x_wconf 85' lang='grc' dir='ltr'>φαίνεται</span> <span class='ocrx_word' id='word_1_101' title='bbox 1082 1575 1182 1645; x_wconf 82' lang='grc' dir='ltr'>μὲν</span> <span class='ocrx_word' id='word_1_102' title='bbox 1220 1575 1362 1646; x_wconf 69' lang='grc' dir='ltr'>πρὸς</span> <span class='ocrx_word' id='word_1_103' title='bbox 1400 1573 1528 1638; x_wconf 80' lang='grc' dir='ltr'>τοὺς</span> <span class='ocrx_word' id='word_1_104' title='bbox 1563 1572 1819 1646; x_wconf 83' lang='grc' dir='ltr'>μαθητὰς</span> 
     </span>
    </p>
   </div>
   <div class='ocr_carea' id='block_1_17' title="bbox 217 1662 1820 1738">
    <p class='ocr_par' dir='ltr' id='par_1_17' title="bbox 217 1662 1820 1738">
     <span class='ocr_line' id='line_1_17' title="bbox 217 1662 1820 1738; baseline 0.003 -22"><span class='ocrx_word' id='word_1_105' title='bbox 217 1662 416 1734; x_wconf 75' lang='grc' dir='ltr'>λέγων,</span> <span class='ocrx_word' id='word_1_106' title='bbox 455 1666 592 1736; x_wconf 76' lang='grc' dir='ltr'>πρὸς</span> <span class='ocrx_word' id='word_1_107' title='bbox 646 1665 704 1719; x_wconf 75' lang='grc' dir='ltr'>δὲ</span> <span class='ocrx_word' id='word_1_108' title='bbox 738 1668 865 1730; x_wconf 74' lang='grc' dir='ltr'>τοὺς</span> <span class='ocrx_word' id='word_1_109' title='bbox 904 1667 1244 1738; x_wconf 67' lang='grc' dir='ltr'>Φαρισαίους</span> <span class='ocrx_word' id='word_1_110' title='bbox 1290 1667 1669 1731; x_wconf 85' lang='grc' dir='ltr'>ἀποτείνεται,</span> <span class='ocrx_word' id='word_1_111' title='bbox 1719 1666 1820 1731; x_wconf 81' lang='grc' dir='ltr'>τὰς</span> 
     </span>
    </p>
   </div>
   <div class='ocr_carea' id='block_1_18' title="bbox 215 1755 1820 1831">
    <p class='ocr_par' dir='ltr' id='par_1_18' title="bbox 215 1755 1820 1831">
     <span class='ocr_line' id='line_1_18' title="bbox 215 1755 1820 1831; baseline 0 -20"><span class='ocrx_word' id='word_1_112' title='bbox 215 1755 402 1811; x_wconf 74' lang='grc' dir='ltr'>αὐτῶν</span> <span class='ocrx_word' id='word_1_113' title='bbox 434 1756 730 1821; x_wconf 69' lang='grc' dir='ltr'>ἐπιϐουλὰς</span> <span class='ocrx_word' id='word_1_114' title='bbox 771 1757 1170 1829; x_wconf 70' lang='grc' dir='ltr'>αἰνιττόμενος,</span> <span class='ocrx_word' id='word_1_115' title='bbox 1198 1760 1294 1814; x_wconf 79' lang='grc' dir='ltr'>καὶ</span> <span class='ocrx_word' id='word_1_116' title='bbox 1329 1758 1621 1831; x_wconf 67' lang='grc' dir='ltr'>μονονουχὶ</span> <span class='ocrx_word' id='word_1_117' title='bbox 1657 1757 1820 1813; x_wconf 79' lang='grc' dir='ltr'>τοῦτο</span> 
     </span>
    </p>
   </div>
   <div class='ocr_carea' id='block_1_19' title="bbox 214 1847 1820 1923">
    <p class='ocr_par' dir='ltr' id='par_1_19' title="bbox 214 1847 1820 1923">
     <span class='ocr_line' id='line_1_19' title="bbox 214 1847 1820 1923; baseline 0 -19"><span class='ocrx_word' id='word_1_118' title='bbox 214 1847 394 1914; x_wconf 75' lang='grc' dir='ltr'>δηλῶν</span> <span class='ocrx_word' id='word_1_119' title='bbox 433 1850 641 1915; x_wconf 85' lang='grc' dir='ltr'>αὐτοῖς,</span> <span class='ocrx_word' id='word_1_120' title='bbox 676 1849 778 1904; x_wconf 80' lang='grc' dir='ltr'>κᾶν</span> <span class='ocrx_word' id='word_1_121' title='bbox 819 1851 952 1922; x_wconf 76' lang='grc' dir='ltr'>δοκῇ</span> <span class='ocrx_word' id='word_1_122' title='bbox 990 1851 1129 1922; x_wconf 74' lang='grc' dir='ltr'>πρὸς</span> <span class='ocrx_word' id='word_1_123' title='bbox 1179 1853 1309 1918; x_wconf 83' lang='grc' dir='ltr'>τοὺς</span> <span class='ocrx_word' id='word_1_124' title='bbox 1357 1851 1611 1923; x_wconf 83' lang='grc' dir='ltr'>μαθητὰς</span> <span class='ocrx_word' id='word_1_125' title='bbox 1639 1851 1820 1905; x_wconf 80' lang='grc' dir='ltr'>ταῦτα</span> 
     </span>
    </p>
   </div>
   <div class='ocr_carea' id='block_1_20' title="bbox 215 1935 1821 2016">
    <p class='ocr_par' dir='ltr' id='par_1_20' title="bbox 215 1935 1821 2016">
     <span class='ocr_line' id='line_1_20' title="bbox 215 1935 1821 2016; baseline 0.002 -23"><span class='ocrx_word' id='word_1_126' title='bbox 215 1939 423 2009; x_wconf 77' lang='grc' dir='ltr'>λέγειν.</span> <span class='ocrx_word' id='word_1_127' title='bbox 459 1940 604 2008; x_wconf 86' lang='grc' dir='ltr'>Ὅτι,</span> <span class='ocrx_word' id='word_1_128' title='bbox 658 1935 703 1997; x_wconf 74' lang='grc' dir='ltr'>ὦ</span> <span class='ocrx_word' id='word_1_129' title='bbox 736 1944 1047 2014; x_wconf 76' lang='grc' dir='ltr'>Φαρισαῖοι,</span> <span class='ocrx_word' id='word_1_130' title='bbox 1086 1943 1188 1996; x_wconf 82' lang='grc' dir='ltr'>ὅσα</span> <span class='ocrx_word' id='word_1_131' title='bbox 1229 1944 1285 1997; x_wconf 79' lang='grc' dir='ltr'><strong>έν</strong></span> <span class='ocrx_word' id='word_1_132' title='bbox 1314 1946 1381 2016; x_wconf 76' lang='grc' dir='ltr'>τῇ</span> <span class='ocrx_word' id='word_1_133' title='bbox 1418 1943 1632 2016; x_wconf 79' lang='grc' dir='ltr'>σκοτίᾳ,</span> <span class='ocrx_word' id='word_1_134' title='bbox 1664 1960 1821 1998; x_wconf 87' lang='grc' dir='ltr'>τουτ-</span> 
     </span>
    </p>
   </div>
   <div class='ocr_carea' id='block_1_21' title="bbox 1932 736 3531 812">
    <p class='ocr_par' dir='ltr' id='par_1_21' title="bbox 1932 736 3531 812">
     <span class='ocr_line' id='line_1_21' title="bbox 1932 736 3531 812; baseline -0.003 -16"><span class='ocrx_word' id='word_1_135' title='bbox 1932 754 1993 796; x_wconf 80' lang='lat' dir='ltr'><strong>se</strong></span> <span class='ocrx_word' id='word_1_136' title='bbox 2030 749 2228 806; x_wconf 88' lang='lat' dir='ltr'><strong>putant</strong></span> <span class='ocrx_word' id='word_1_137' title='bbox 2275 756 2373 812; x_wconf 90' lang='lat' dir='ltr'><strong>per</strong></span> <span class='ocrx_word' id='word_1_138' title='bbox 2419 739 2764 811; x_wconf 86' lang='lat' dir='ltr'><strong>hypocrisin.</strong></span> <span class='ocrx_word' id='word_1_139' title='bbox 2792 740 2973 794; x_wconf 85' lang='lat' dir='ltr'><strong>bonos</strong></span> <span class='ocrx_word' id='word_1_140' title='bbox 3024 751 3207 794; x_wconf 88' lang='lat' dir='ltr'><strong>mores</strong></span> <span class='ocrx_word' id='word_1_141' title='bbox 3248 737 3352 794; x_wconf 94' lang='lat' dir='ltr'><strong>sibi</strong></span> <span class='ocrx_word' id='word_1_142' title='bbox 3380 736 3531 794; x_wconf 83' lang='lat' dir='ltr'><strong>ellin-</strong></span> 
     </span>
    </p>
   </div>
   <div class='ocr_carea' id='block_1_22' title="bbox 1931 831 3565 905">
    <p class='ocr_par' dir='ltr' id='par_1_22' title="bbox 1931 831 3565 905">
     <span class='ocr_line' id='line_1_22' title="bbox 1931 831 3565 905; baseline -0.001 -18"><span class='ocrx_word' id='word_1_143' title='bbox 1931 844 2144 905; x_wconf 64' lang='lat' dir='ltr'><strong>gentes.</strong></span> <span class='ocrx_word' id='word_1_144' title='bbox 2182 834 2348 905; x_wconf 81' lang='lat' dir='ltr'><strong>Atqui</strong></span> <span class='ocrx_word' id='word_1_145' title='bbox 2407 833 2543 890; x_wconf 83' lang='lat' dir='ltr'><strong>nihil</strong></span> <span class='ocrx_word' id='word_1_146' title='bbox 2593 831 2873 888; x_wconf 90' lang='lat' dir='ltr'><strong>occultum</strong></span> <span class='ocrx_word' id='word_1_147' title='bbox 2917 841 3022 899; x_wconf 89' lang='lat' dir='ltr'><strong>est,</strong></span> <span class='ocrx_word' id='word_1_148' title='bbox 3053 832 3198 902; x_wconf 86' lang='lat' dir='ltr'><strong>quod</strong></span> <span class='ocrx_word' id='word_1_149' title='bbox 3235 843 3344 886; x_wconf 92' lang='lat' dir='ltr'><strong>non</strong></span> <span class='ocrx_word' id='word_1_150' title='bbox 3384 844 3565 886; x_wconf 52' lang='lat' dir='ltr'><strong>reve-s</strong></span> 
     </span>
    </p>
   </div>
   <div class='ocr_carea' id='block_1_23' title="bbox 1931 924 3543 996">
    <p class='ocr_par' dir='ltr' id='par_1_23' title="bbox 1931 924 3543 996">
     <span class='ocr_line' id='line_1_23' title="bbox 1931 924 3543 996; baseline 0.002 -16"><span class='ocrx_word' id='word_1_151' title='bbox 1931 924 2156 980; x_wconf 72' lang='lat' dir='ltr'><strong>labitur.</strong></span> <span class='ocrx_word' id='word_1_152' title='bbox 2189 925 2386 982; x_wconf 86' lang='lat' dir='ltr'><strong>Omnia</strong></span> <span class='ocrx_word' id='word_1_153' title='bbox 2438 928 2584 982; x_wconf 84' lang='lat' dir='ltr'><strong>enim</strong></span> <span class='ocrx_word' id='word_1_154' title='bbox 2620 933 2675 981; x_wconf 90' lang='lat' dir='ltr'><strong>et</strong></span> <span class='ocrx_word' id='word_1_155' title='bbox 2704 925 2871 980; x_wconf 81' lang='lat' dir='ltr'><strong>verba</strong></span> <span class='ocrx_word' id='word_1_156' title='bbox 2900 934 2957 981; x_wconf 88' lang='lat' dir='ltr'><strong>et</strong></span> <span class='ocrx_word' id='word_1_157' title='bbox 2985 925 3351 996; x_wconf 68' lang='lat' dir='ltr'><strong>cogitationes</strong></span> <span class='ocrx_word' id='word_1_158' title='bbox 3381 926 3543 983; x_wconf 69' lang='lat' dir='ltr'><strong>nuda!</strong></span> 
     </span>
    </p>
   </div>
   <div class='ocr_carea' id='block_1_24' title="bbox 1931 1005 3545 1088">
    <p class='ocr_par' dir='ltr' id='par_1_24' title="bbox 1931 1005 3545 1088">
     <span class='ocr_line' id='line_1_24' title="bbox 1931 1005 3545 1088; baseline 0 -16"><span class='ocrx_word' id='word_1_159' title='bbox 1931 1026 2059 1073; x_wconf 80' lang='lat' dir='ltr'><strong>ante</strong></span> <span class='ocrx_word' id='word_1_160' title='bbox 2084 1016 2357 1086; x_wconf 83' lang='lat' dir='ltr'><strong>judicium</strong></span> <span class='ocrx_word' id='word_1_161' title='bbox 2384 1005 2609 1074; x_wconf 82' lang='lat' dir='ltr'><strong>omnino</strong></span> <span class='ocrx_word' id='word_1_162' title='bbox 2633 1019 2856 1088; x_wconf 80' lang='lat' dir='ltr'><strong>quidem</strong></span> <span class='ocrx_word' id='word_1_163' title='bbox 2875 1017 2927 1072; x_wconf 86' lang='lat' dir='ltr'><strong>in</strong></span> <span class='ocrx_word' id='word_1_164' title='bbox 2949 1017 3320 1087; x_wconf 85' lang='lat' dir='ltr'><strong>supremolllo</strong></span> <span class='ocrx_word' id='word_1_165' title='bbox 3336 1017 3422 1074; x_wconf 92' lang='lat' dir='ltr'><strong>die</strong></span> <span class='ocrx_word' id='word_1_166' title='bbox 3447 1033 3545 1088; x_wconf 86' lang='lat' dir='ltr'><strong>ap-</strong></span> 
     </span>
    </p>
   </div>
   <div class='ocr_carea' id='block_1_25' title="bbox 1933 1111 3542 1184">
    <p class='ocr_par' dir='ltr' id='par_1_25' title="bbox 1933 1111 3542 1184">
     <span class='ocr_line' id='line_1_25' title="bbox 1933 1111 3542 1184; baseline -0.001 -18"><span class='ocrx_word' id='word_1_167' title='bbox 1933 1113 2207 1184; x_wconf 82' lang='lat' dir='ltr'><strong>parebunt</strong></span> <span class='ocrx_word' id='word_1_168' title='bbox 2244 1113 2417 1184; x_wconf 89' lang='lat' dir='ltr'><strong>:quin</strong></span> <span class='ocrx_word' id='word_1_169' title='bbox 2455 1123 2510 1168; x_wconf 92' lang='lat' dir='ltr'><strong>et</strong></span> <span class='ocrx_word' id='word_1_170' title='bbox 2551 1113 2605 1168; x_wconf 92' lang='lat' dir='ltr'><strong>iu</strong></span> <span class='ocrx_word' id='word_1_171' title='bbox 2661 1111 2923 1182; x_wconf 60' lang='lat' dir='ltr'><strong>praesenti</strong></span> <span class='ocrx_word' id='word_1_172' title='bbox 2969 1112 3077 1167; x_wconf 89' lang='lat' dir='ltr'><strong>vita</strong></span> <span class='ocrx_word' id='word_1_173' title='bbox 3121 1112 3293 1168; x_wconf 83' lang='lat' dir='ltr'><strong>multa</strong></span> <span class='ocrx_word' id='word_1_174' title='bbox 3344 1127 3542 1168; x_wconf 89' lang='lat' dir='ltr'><strong>eorum</strong></span> 
     </span>
    </p>
   </div>
   <div class='ocr_carea' id='block_1_26' title="bbox 1929 1205 3546 1278">
    <p class='ocr_par' dir='ltr' id='par_1_26' title="bbox 1929 1205 3546 1278">
     <span class='ocr_line' id='line_1_26' title="bbox 1929 1205 3546 1278; baseline 0 -17"><span class='ocrx_word' id='word_1_175' title='bbox 1929 1221 2052 1278; x_wconf 66' lang='lat' dir='ltr'><strong>quae</strong></span> <span class='ocrx_word' id='word_1_176' title='bbox 2095 1207 2468 1274; x_wconf 84' lang='lat' dir='ltr'><strong>occultantur,</strong></span> <span class='ocrx_word' id='word_1_177' title='bbox 2519 1207 2869 1264; x_wconf 80' lang='lat' dir='ltr'><strong>maniiestari</strong></span> <span class='ocrx_word' id='word_1_178' title='bbox 2943 1207 3146 1264; x_wconf 90' lang='lat' dir='ltr'><strong>solent.</strong></span> <span class='ocrx_word' id='word_1_179' title='bbox 3185 1205 3546 1276; x_wconf 69' lang='lat' dir='ltr'><strong>Quaecunque</strong></span> 
     </span>
    </p>
   </div>
   <div class='ocr_carea' id='block_1_27' title="bbox 1931 1300 3547 1374">
    <p class='ocr_par' dir='ltr' id='par_1_27' title="bbox 1931 1300 3547 1374">
     <span class='ocr_line' id='line_1_27' title="bbox 1931 1300 3547 1374; baseline 0 -19"><span class='ocrx_word' id='word_1_180' title='bbox 1931 1301 2097 1372; x_wconf 74' lang='lat' dir='ltr'><strong>igitur</strong></span> <span class='ocrx_word' id='word_1_181' title='bbox 2159 1301 2213 1357; x_wconf 90' lang='lat' dir='ltr'><strong>in</strong></span> <span class='ocrx_word' id='word_1_182' title='bbox 2284 1302 2532 1358; x_wconf 83' lang='lat' dir='ltr'><strong>tenebris</strong></span> <span class='ocrx_word' id='word_1_183' title='bbox 2577 1301 2819 1369; x_wconf 82' lang='lat' dir='ltr'><strong>dixistis,</strong></span> <span class='ocrx_word' id='word_1_184' title='bbox 2871 1311 2926 1359; x_wconf 89' lang='lat' dir='ltr'><strong>et</strong></span> <span class='ocrx_word' id='word_1_185' title='bbox 2971 1302 3029 1356; x_wconf 89' lang='lat' dir='ltr'><strong>in</strong></span> <span class='ocrx_word' id='word_1_186' title='bbox 3051 1300 3451 1374; x_wconf 86' lang='lat' dir='ltr'><strong>promptuariis</strong></span> <span class='ocrx_word' id='word_1_187' title='bbox 3491 1309 3547 1355; x_wconf 90' lang='lat' dir='ltr'><strong>et</strong></span> 
     </span>
    </p>
   </div>
   <div class='ocr_carea' id='block_1_28' title="bbox 1929 1392 3545 1466">
    <p class='ocr_par' dir='ltr' id='par_1_28' title="bbox 1929 1392 3545 1466">
     <span class='ocr_line' id='line_1_28' title="bbox 1929 1392 3545 1466; baseline 0 -18"><span class='ocrx_word' id='word_1_188' title='bbox 1929 1392 2149 1449; x_wconf 86' lang='lat' dir='ltr'><strong>occulte</strong></span> <span class='ocrx_word' id='word_1_189' title='bbox 2199 1394 2369 1450; x_wconf 89' lang='lat' dir='ltr'><strong>locuti</strong></span> <span class='ocrx_word' id='word_1_190' title='bbox 2410 1397 2564 1458; x_wconf 86' lang='lat' dir='ltr'><strong>estis,</strong></span> <span class='ocrx_word' id='word_1_191' title='bbox 2635 1395 3084 1466; x_wconf 68' lang='lat' dir='ltr'><strong>praedicabuntur</strong></span> <span class='ocrx_word' id='word_1_192' title='bbox 3134 1395 3187 1449; x_wconf 90' lang='lat' dir='ltr'><strong>in</strong></span> <span class='ocrx_word' id='word_1_193' title='bbox 3235 1395 3447 1450; x_wconf 89' lang='lat' dir='ltr'><strong>lumine</strong></span> <span class='ocrx_word' id='word_1_194' title='bbox 3491 1405 3545 1449; x_wconf 89' lang='lat' dir='ltr'><strong>et</strong></span> 
     </span>
    </p>
   </div>
   <div class='ocr_carea' id='block_1_29' title="bbox 1932 1486 3546 1559">
    <p class='ocr_par' dir='ltr' id='par_1_29' title="bbox 1932 1486 3546 1559">
     <span class='ocr_line' id='line_1_29' title="bbox 1932 1486 3546 1559; baseline 0.001 -18"><span class='ocrx_word' id='word_1_195' title='bbox 1932 1486 1987 1542; x_wconf 90' lang='lat' dir='ltr'><strong>iu</strong></span> <span class='ocrx_word' id='word_1_196' title='bbox 2027 1487 2207 1545; x_wconf 88' lang='lat' dir='ltr'><strong>tectis.</strong></span> <span class='ocrx_word' id='word_1_197' title='bbox 2237 1487 2306 1544; x_wconf 88' lang='lat' dir='ltr'><strong>Et</strong></span> <span class='ocrx_word' id='word_1_198' title='bbox 2331 1489 2450 1544; x_wconf 68' lang='lat' dir='ltr'><strong>haec</strong></span> <span class='ocrx_word' id='word_1_199' title='bbox 2491 1489 2715 1559; x_wconf 83' lang='lat' dir='ltr'><strong>quidem</strong></span> <span class='ocrx_word' id='word_1_200' title='bbox 2750 1489 2981 1544; x_wconf 85' lang='lat' dir='ltr'><strong>videtur</strong></span> <span class='ocrx_word' id='word_1_201' title='bbox 3009 1488 3077 1543; x_wconf 89' lang='lat' dir='ltr'><strong>ad</strong></span> <span class='ocrx_word' id='word_1_202' title='bbox 3107 1487 3411 1559; x_wconf 82' lang='lat' dir='ltr'><strong>discipulos</strong></span> <span class='ocrx_word' id='word_1_203' title='bbox 3464 1487 3546 1543; x_wconf 88' lang='lat' dir='ltr'><strong>di-</strong></span> 
     </span>
    </p>
   </div>
   <div class='ocr_carea' id='block_1_30' title="bbox 1928 1581 3542 1649">
    <p class='ocr_par' dir='ltr' id='par_1_30' title="bbox 1928 1581 3542 1649">
     <span class='ocr_line' id='line_1_30' title="bbox 1928 1581 3542 1649; baseline 0 -13"><span class='ocrx_word' id='word_1_204' title='bbox 1928 1595 2077 1648; x_wconf 89' lang='lat' dir='ltr'><strong>cere,</strong></span> <span class='ocrx_word' id='word_1_205' title='bbox 2125 1581 2220 1638; x_wconf 87' lang='lat' dir='ltr'><strong>sed</strong></span> <span class='ocrx_word' id='word_1_206' title='bbox 2289 1585 2356 1637; x_wconf 89' lang='lat' dir='ltr'><strong>ad</strong></span> <span class='ocrx_word' id='word_1_207' title='bbox 2415 1581 2728 1639; x_wconf 75' lang='lat' dir='ltr'><strong>Pharisaeos</strong></span> <span class='ocrx_word' id='word_1_208' title='bbox 2767 1583 2979 1649; x_wconf 66' lang='lat' dir='ltr'><strong>dirigit,</strong></span> <span class='ocrx_word' id='word_1_209' title='bbox 3032 1581 3264 1638; x_wconf 88' lang='lat' dir='ltr'><strong>insidias</strong></span> <span class='ocrx_word' id='word_1_210' title='bbox 3323 1581 3542 1637; x_wconf 87' lang='lat' dir='ltr'><strong>illorum</strong></span> 
     </span>
    </p>
   </div>
   <div class='ocr_carea' id='block_1_31' title="bbox 1930 1656 3542 1747">
    <p class='ocr_par' dir='ltr' id='par_1_31' title="bbox 1930 1656 3542 1747">
     <span class='ocr_line' id='line_1_31' title="bbox 1930 1656 3542 1747; baseline -0.001 -17"><span class='ocrx_word' id='word_1_211' title='bbox 1930 1656 2221 1731; x_wconf 80' lang='lat' dir='ltr'><strong>insinuans</strong></span> <span class='ocrx_word' id='word_1_212' title='bbox 2259 1691 2271 1727; x_wconf 90' lang='lat'><strong>:</strong></span> <span class='ocrx_word' id='word_1_213' title='bbox 2305 1684 2359 1730; x_wconf 90' lang='lat' dir='ltr'><strong>et</strong></span> <span class='ocrx_word' id='word_1_214' title='bbox 2389 1675 2546 1747; x_wconf 89' lang='lat' dir='ltr'><strong>quasi</strong></span> <span class='ocrx_word' id='word_1_215' title='bbox 2577 1677 2677 1732; x_wconf 92' lang='lat' dir='ltr'><strong>hoc</strong></span> <span class='ocrx_word' id='word_1_216' title='bbox 2708 1676 2791 1732; x_wconf 89' lang='lat' dir='ltr'><strong>eis</strong></span> <span class='ocrx_word' id='word_1_217' title='bbox 2819 1675 3161 1742; x_wconf 88' lang='lat' dir='ltr'><strong>manifestat,</strong></span> <span class='ocrx_word' id='word_1_218' title='bbox 3193 1675 3448 1746; x_wconf 82' lang='lat' dir='ltr'><strong>quamvis</strong></span> <span class='ocrx_word' id='word_1_219' title='bbox 3473 1673 3542 1729; x_wconf 86' lang='lat' dir='ltr'><strong>ad</strong></span> 
     </span>
    </p>
   </div>
   <div class='ocr_carea' id='block_1_32' title="bbox 1929 1766 3539 1839">
    <p class='ocr_par' dir='ltr' id='par_1_32' title="bbox 1929 1766 3539 1839">
     <span class='ocr_line' id='line_1_32' title="bbox 1929 1766 3539 1839; baseline 0 -17"><span class='ocrx_word' id='word_1_220' title='bbox 1929 1766 2230 1836; x_wconf 83' lang='lat' dir='ltr'><strong>discipulos</strong></span> <span class='ocrx_word' id='word_1_221' title='bbox 2281 1767 2534 1824; x_wconf 85' lang='lat' dir='ltr'><strong>videatur</strong></span> <span class='ocrx_word' id='word_1_222' title='bbox 2583 1769 2756 1839; x_wconf 66' lang='lat' dir='ltr'><strong>loilui.</strong></span> <span class='ocrx_word' id='word_1_223' title='bbox 2804 1769 3101 1837; x_wconf 84' lang='lat' dir='ltr'><strong>Quoniam,</strong></span> <span class='ocrx_word' id='word_1_224' title='bbox 3153 1784 3187 1823; x_wconf 92' lang='grc' dir='ltr'><strong>ο</strong></span> <span class='ocrx_word' id='word_1_225' title='bbox 3247 1767 3539 1831; x_wconf 66' lang='lat' dir='ltr'><strong>Pharisaei,</strong></span> 
     </span>
    </p>
   </div>
   <div class='ocr_carea' id='block_1_33' title="bbox 1929 1858 3542 1931">
    <p class='ocr_par' dir='ltr' id='par_1_33' title="bbox 1929 1858 3542 1931">
     <span class='ocr_line' id='line_1_33' title="bbox 1929 1858 3542 1931; baseline 0.001 -19"><span class='ocrx_word' id='word_1_226' title='bbox 1929 1874 2273 1931; x_wconf 70' lang='lat' dir='ltr'><strong>quaecunque</strong></span> <span class='ocrx_word' id='word_1_227' title='bbox 2336 1861 2392 1916; x_wconf 92' lang='lat' dir='ltr'><strong>in</strong></span> <span class='ocrx_word' id='word_1_228' title='bbox 2456 1860 2720 1926; x_wconf 89' lang='lat' dir='ltr'><strong>tenebris,</strong></span> <span class='ocrx_word' id='word_1_229' title='bbox 2808 1863 2910 1917; x_wconf 92' lang='lat' dir='ltr'><strong>hoc</strong></span> <span class='ocrx_word' id='word_1_230' title='bbox 2977 1863 3164 1917; x_wconf 75' lang='lat' dir='ltr'><strong>estin</strong></span> <span class='ocrx_word' id='word_1_231' title='bbox 3232 1858 3542 1918; x_wconf 82' lang='lat' dir='ltr'><strong>tenebrosis</strong></span> 
     </span>
    </p>
   </div>
   <div class='ocr_carea' id='block_1_34' title="bbox 1930 1951 3538 2024">
    <p class='ocr_par' dir='ltr' id='par_1_34' title="bbox 1930 1951 3538 2024">
     <span class='ocr_line' id='line_1_34' title="bbox 1930 1951 3538 2024; baseline 0.001 -17"><span class='ocrx_word' id='word_1_232' title='bbox 1930 1953 2133 2009; x_wconf 80' lang='lat' dir='ltr'><strong>vestris</strong></span> <span class='ocrx_word' id='word_1_233' title='bbox 2162 1953 2443 2018; x_wconf 78' lang='lat' dir='ltr'><strong>cordibus,</strong></span> <span class='ocrx_word' id='word_1_234' title='bbox 2475 1953 2752 2024; x_wconf 73' lang='lat' dir='ltr'><strong>cogitatis,</strong></span> <span class='ocrx_word' id='word_1_235' title='bbox 2787 1959 3063 2010; x_wconf 86' lang='lat' dir='ltr'><strong>tentantes</strong></span> <span class='ocrx_word' id='word_1_236' title='bbox 3106 1967 3194 2008; x_wconf 91' lang='lat' dir='ltr'><strong>me</strong></span> <span class='ocrx_word' id='word_1_237' title='bbox 3215 1951 3538 2022; x_wconf 87' lang='lat' dir='ltr'><strong>illaqueare,</strong></span> 
     </span>
    </p>
   </div>
   <div class='ocr_carea' id='block_1_35' title="bbox 216 2022 1824 2121">
    <p class='ocr_par' dir='ltr' id='par_1_35' title="bbox 216 2034 1819 2107">
     <span class='ocr_line' id='line_1_35' title="bbox 216 2034 1819 2107; baseline 0.002 -21"><span class='ocrx_word' id='word_1_238' title='bbox 216 2034 372 2087; x_wconf 75' lang='grc' dir='ltr'>ἐστιν</span> <span class='ocrx_word' id='word_1_239' title='bbox 399 2035 456 2086; x_wconf 69' lang='grc' dir='ltr'>ἐν</span> <span class='ocrx_word' id='word_1_240' title='bbox 483 2036 603 2097; x_wconf 83' lang='grc' dir='ltr'>ταῖς</span> <span class='ocrx_word' id='word_1_241' title='bbox 628 2037 934 2098; x_wconf 80' lang='grc' dir='ltr'>σκοτιιναῖς</span> <span class='ocrx_word' id='word_1_242' title='bbox 967 2034 1122 2104; x_wconf 84' lang='grc' dir='ltr'>ὑμῶν</span> <span class='ocrx_word' id='word_1_243' title='bbox 1144 2035 1819 2107; x_wconf 69' lang='grc' dir='ltr'>καρδίαις,ὲμελετήσατε</span> 
     </span>
    </p>
   </div>
   <div class='ocr_carea' id='block_1_36' title="bbox 1936 2022 3540 2121">
    <p class='ocr_par' dir='ltr' id='par_1_36' title="bbox 1936 2022 3540 2121">
     <span class='ocr_line' id='line_1_36' title="bbox 1936 2022 3540 2121; baseline 0.001 -24"><span class='ocrx_word' id='word_1_244' title='bbox 1936 2044 1990 2097; x_wconf 93' lang='lat' dir='ltr'><strong>in</strong></span> <span class='ocrx_word' id='word_1_245' title='bbox 2043 2043 2165 2098; x_wconf 90' lang='lat' dir='ltr'><strong>luce</strong></span> <span class='ocrx_word' id='word_1_246' title='bbox 2218 2042 2517 2098; x_wconf 89' lang='lat' dir='ltr'><strong>audientur</strong></span> <span class='ocrx_word' id='word_1_247' title='bbox 2547 2022 2602 2098; x_wconf 80' lang='lat' dir='ltr'><strong>et</strong></span> <span class='ocrx_word' id='word_1_248' title='bbox 2632 2052 3058 2113; x_wconf 74' lang='lat' dir='ltr'><strong>cognoscentur.</strong></span> <span class='ocrx_word' id='word_1_249' title='bbox 3091 2043 3206 2115; x_wconf 79' lang='lat' dir='ltr'><strong>Ego</strong></span> <span class='ocrx_word' id='word_1_250' title='bbox 3235 2043 3383 2099; x_wconf 91' lang='lat' dir='ltr'><strong>enim</strong></span> <span class='ocrx_word' id='word_1_251' title='bbox 3418 2057 3540 2121; x_wconf 79' lang='lat' dir='ltr'><strong>sum</strong></span> 
     </span>
    </p>
   </div>
   <div class='ocr_carea' id='block_1_37' title="bbox 216 2122 1824 2205">
    <p class='ocr_par' dir='ltr' id='par_1_37' title="bbox 216 2122 1823 2196">
     <span class='ocr_line' id='line_1_37' title="bbox 216 2122 1823 2196; baseline 0 -19"><span class='ocrx_word' id='word_1_252' title='bbox 216 2122 552 2192; x_wconf 76' lang='grc' dir='ltr'>παγιδιῦσαί</span> <span class='ocrx_word' id='word_1_253' title='bbox 599 2141 667 2194; x_wconf 83' lang='grc' dir='ltr'><strong>με</strong></span> <span class='ocrx_word' id='word_1_254' title='bbox 697 2123 967 2188; x_wconf 79' lang='grc' dir='ltr'>θέλοντες,</span> <span class='ocrx_word' id='word_1_255' title='bbox 997 2125 1056 2178; x_wconf 74' lang='grc' dir='ltr'>ὲν</span> <span class='ocrx_word' id='word_1_256' title='bbox 1085 2124 1164 2194; x_wconf 85' lang='grc' dir='ltr'>τῷ</span> <span class='ocrx_word' id='word_1_257' title='bbox 1230 2124 1372 2193; x_wconf 77' lang='grc' dir='ltr'>φωτὶ</span> <span class='ocrx_word' id='word_1_258' title='bbox 1412 2123 1823 2196; x_wconf 75' lang='grc' dir='ltr'>ἀκουσθήσεται</span> 
     </span>
    </p>
   </div>
   <div class='ocr_carea' id='block_1_38' title="bbox 1936 2122 3540 2205">
    <p class='ocr_par' dir='ltr' id='par_1_38' title="bbox 1936 2134 3540 2205">
     <span class='ocr_line' id='line_1_38' title="bbox 1936 2134 3540 2205; baseline -0.001 -16"><span class='ocrx_word' id='word_1_259' title='bbox 1936 2135 2052 2198; x_wconf 84' lang='lat' dir='ltr'><strong>lux,</strong></span> <span class='ocrx_word' id='word_1_260' title='bbox 2077 2144 2132 2190; x_wconf 93' lang='lat' dir='ltr'><strong>et</strong></span> <span class='ocrx_word' id='word_1_261' title='bbox 2163 2150 2269 2190; x_wconf 89' lang='lat' dir='ltr'><strong>non</strong></span> <span class='ocrx_word' id='word_1_262' title='bbox 2305 2135 2539 2205; x_wconf 83' lang='lat' dir='ltr'><strong>potestis</strong></span> <span class='ocrx_word' id='word_1_263' title='bbox 2570 2151 2600 2190; x_wconf 72' lang='grc' dir='ltr'><strong>ε</strong></span> <span class='ocrx_word' id='word_1_264' title='bbox 2635 2151 2723 2192; x_wconf 85' lang='lat' dir='ltr'><strong>me</strong></span> <span class='ocrx_word' id='word_1_265' title='bbox 2753 2135 3044 2202; x_wconf 87' lang='lat' dir='ltr'><strong>occultari,</strong></span> <span class='ocrx_word' id='word_1_266' title='bbox 3072 2135 3170 2192; x_wconf 84' lang='lat' dir='ltr'><strong>sed</strong></span> <span class='ocrx_word' id='word_1_267' title='bbox 3203 2135 3260 2190; x_wconf 90' lang='lat' dir='ltr'><strong>in</strong></span> <span class='ocrx_word' id='word_1_268' title='bbox 3298 2150 3420 2191; x_wconf 90' lang='lat' dir='ltr'><strong>meo</strong></span> <span class='ocrx_word' id='word_1_269' title='bbox 3451 2134 3540 2189; x_wconf 82' lang='lat' dir='ltr'><strong>lu-</strong></span> 
     </span>
    </p>
   </div>
   <div class='ocr_carea' id='block_1_39' title="bbox 215 2214 1824 2288">
    <p class='ocr_par' dir='ltr' id='par_1_39' title="bbox 215 2214 1822 2288">
     <span class='ocr_line' id='line_1_39' title="bbox 215 2214 1822 2288; baseline 0.001 -20"><span class='ocrx_word' id='word_1_270' title='bbox 215 2215 315 2268; x_wconf 69' lang='grc' dir='ltr'><strong>καὶ⁵</strong></span> <span class='ocrx_word' id='word_1_271' title='bbox 349 2214 762 2286; x_wconf 75' lang='grc' dir='ltr'>γνωσθήσεταιο</span> <span class='ocrx_word' id='word_1_272' title='bbox 812 2214 926 2283; x_wconf 75' lang='grc' dir='ltr'><strong>ἐγὼ</strong></span> <span class='ocrx_word' id='word_1_273' title='bbox 951 2216 1062 2286; x_wconf 85' lang='grc' dir='ltr'><strong>γάρ</strong></span> <span class='ocrx_word' id='word_1_274' title='bbox 1100 2216 1216 2288; x_wconf 78' lang='grc' dir='ltr'>ιίμι</span> <span class='ocrx_word' id='word_1_275' title='bbox 1244 2216 1304 2270; x_wconf 83' lang='grc' dir='ltr'>τὸ</span> <span class='ocrx_word' id='word_1_276' title='bbox 1333 2215 1472 2286; x_wconf 85' lang='grc' dir='ltr'>φῶς,</span> <span class='ocrx_word' id='word_1_277' title='bbox 1509 2218 1606 2271; x_wconf 72' lang='grc' dir='ltr'>καὶ</span> <span class='ocrx_word' id='word_1_278' title='bbox 1633 2216 1694 2270; x_wconf 88' lang='grc' dir='ltr'><strong>ού</strong></span> <span class='ocrx_word' id='word_1_279' title='bbox 1727 2215 1822 2270; x_wconf 77' lang='grc' dir='ltr'>δύο</span> 
     </span>
    </p>
   </div>
   <div class='ocr_carea' id='block_1_40' title="bbox 1936 2214 3542 2288">
    <p class='ocr_par' dir='ltr' id='par_1_40' title="bbox 1936 2227 3542 2286">
     <span class='ocr_line' id='line_1_40' title="bbox 1936 2227 3542 2286; baseline 0.002 -5"><span class='ocrx_word' id='word_1_280' title='bbox 1936 2228 2074 2282; x_wconf 89' lang='lat' dir='ltr'><strong>miue</strong></span> <span class='ocrx_word' id='word_1_281' title='bbox 2114 2227 2301 2283; x_wconf 89' lang='lat' dir='ltr'><strong>omnia</strong></span> <span class='ocrx_word' id='word_1_282' title='bbox 2339 2228 2693 2283; x_wconf 81' lang='lat' dir='ltr'><strong>tenebrarum</strong></span> <span class='ocrx_word' id='word_1_283' title='bbox 2746 2237 3059 2284; x_wconf 83' lang='lat' dir='ltr'><strong>vestrarum</strong></span> <span class='ocrx_word' id='word_1_284' title='bbox 3104 2229 3338 2286; x_wconf 88' lang='lat' dir='ltr'><strong>consilia</strong></span> <span class='ocrx_word' id='word_1_285' title='bbox 3369 2229 3542 2284; x_wconf 84' lang='lat' dir='ltr'><strong>inter-</strong></span> 
     </span>
    </p>
   </div>
   <div class='ocr_carea' id='block_1_41' title="bbox 210 2307 1824 2393">
    <p class='ocr_par' dir='ltr' id='par_1_41' title="bbox 210 2307 1818 2382">
     <span class='ocr_line' id='line_1_41' title="bbox 210 2307 1818 2382; baseline 0.001 -22"><span class='ocrx_word' id='word_1_286' title='bbox 210 2307 386 2361; x_wconf 78' lang='grc' dir='ltr'>νασθέ</span> <span class='ocrx_word' id='word_1_287' title='bbox 429 2324 496 2378; x_wconf 83' lang='grc' dir='ltr'><strong>με</strong></span> <span class='ocrx_word' id='word_1_288' title='bbox 536 2307 743 2373; x_wconf 78' lang='grc' dir='ltr'>λαθεῖν,</span> <span class='ocrx_word' id='word_1_289' title='bbox 785 2307 900 2361; x_wconf 79' lang='grc' dir='ltr'>ἀλλ’</span> <span class='ocrx_word' id='word_1_290' title='bbox 951 2309 1011 2362; x_wconf 69' lang='grc' dir='ltr'>ιν</span> <span class='ocrx_word' id='word_1_291' title='bbox 1060 2309 1186 2377; x_wconf 72' lang='grc' dir='ltr'>ἐμοὶ</span> <span class='ocrx_word' id='word_1_292' title='bbox 1245 2307 1326 2382; x_wconf 83' lang='grc' dir='ltr'>τῷ</span> <span class='ocrx_word' id='word_1_293' title='bbox 1357 2309 1500 2379; x_wconf 73' lang='grc' dir='ltr'>φωτὶ</span> <span class='ocrx_word' id='word_1_294' title='bbox 1557 2310 1668 2365; x_wconf 79' lang='grc' dir='ltr'>πᾶν</span> <span class='ocrx_word' id='word_1_295' title='bbox 1710 2309 1740 2362; x_wconf 85' lang='grc' dir='ltr'><strong>δ</strong></span> <span class='ocrx_word' id='word_1_296' title='bbox 1784 2311 1818 2381; x_wconf 84' lang='grc' dir='ltr'><strong>ή</strong></span> 
     </span>
    </p>
   </div>
   <div class='ocr_carea' id='block_1_42' title="bbox 1936 2307 3538 2393">
    <p class='ocr_par' dir='ltr' id='par_1_42' title="bbox 1936 2321 3538 2393">
     <span class='ocr_line' id='line_1_42' title="bbox 1936 2321 3538 2393; baseline 0.002 -19"><span class='ocrx_word' id='word_1_297' title='bbox 1936 2330 2250 2376; x_wconf 85' lang='lat' dir='ltr'><strong>noscuntur.</strong></span> <span class='ocrx_word' id='word_1_298' title='bbox 2292 2321 2358 2376; x_wconf 89' lang='lat' dir='ltr'><strong>Et</strong></span> <span class='ocrx_word' id='word_1_299' title='bbox 2399 2321 2546 2393; x_wconf 83' lang='lat' dir='ltr'><strong>quod</strong></span> <span class='ocrx_word' id='word_1_300' title='bbox 2581 2322 2726 2377; x_wconf 90' lang='lat' dir='ltr'><strong>inter</strong></span> <span class='ocrx_word' id='word_1_301' title='bbox 2757 2337 2851 2378; x_wconf 86' lang='lat' dir='ltr'><strong>vos</strong></span> <span class='ocrx_word' id='word_1_302' title='bbox 2885 2323 2937 2377; x_wconf 92' lang='lat' dir='ltr'><strong>in</strong></span> <span class='ocrx_word' id='word_1_303' title='bbox 2969 2337 3132 2379; x_wconf 88' lang='lat' dir='ltr'><strong>aures</strong></span> <span class='ocrx_word' id='word_1_304' title='bbox 3185 2321 3538 2387; x_wconf 80' lang='lat' dir='ltr'><strong>consultatis,</strong></span> 
     </span>
    </p>
   </div>
   <div class='ocr_carea' id='block_1_43' title="bbox 211 2398 1824 2483">
    <p class='ocr_par' dir='ltr' id='par_1_43' title="bbox 211 2398 1824 2471">
     <span class='ocr_line' id='line_1_43' title="bbox 211 2398 1824 2471; baseline 0.001 -19"><span class='ocrx_word' id='word_1_305' title='bbox 211 2399 467 2469; x_wconf 74' lang='grc' dir='ltr'>ὑμετέρα</span> <span class='ocrx_word' id='word_1_306' title='bbox 513 2400 706 2453; x_wconf 80' lang='grc' dir='ltr'>σκοτία</span> <span class='ocrx_word' id='word_1_307' title='bbox 758 2398 1099 2471; x_wconf 75' lang='grc' dir='ltr'>βουλεύεται,</span> <span class='ocrx_word' id='word_1_308' title='bbox 1141 2400 1588 2469; x_wconf 84' lang='grc' dir='ltr'>διαγινώσκεται.</span> <span class='ocrx_word' id='word_1_309' title='bbox 1637 2401 1750 2457; x_wconf 76' lang='grc' dir='ltr'><strong>Καὶ</strong></span> <span class='ocrx_word' id='word_1_310' title='bbox 1797 2400 1824 2455; x_wconf 88' lang='grc' dir='ltr'><strong>δ</strong></span> 
     </span>
    </p>
   </div>
   <div class='ocr_carea' id='block_1_44' title="bbox 1936 2398 3543 2483">
    <p class='ocr_par' dir='ltr' id='par_1_44' title="bbox 1936 2407 3543 2483">
     <span class='ocr_line' id='line_1_44' title="bbox 1936 2407 3543 2483; baseline 0.006 -23"><span class='ocrx_word' id='word_1_311' title='bbox 1936 2407 2002 2462; x_wconf 87' lang='lat' dir='ltr'><strong>ita</strong></span> <span class='ocrx_word' id='word_1_312' title='bbox 2037 2409 2170 2463; x_wconf 86' lang='lat' dir='ltr'><strong>mihi</strong></span> <span class='ocrx_word' id='word_1_313' title='bbox 2202 2410 2482 2480; x_wconf 72' lang='lat' dir='ltr'><strong>cegnitum</strong></span> <span class='ocrx_word' id='word_1_314' title='bbox 2515 2420 2600 2466; x_wconf 87' lang='lat' dir='ltr'><strong>est</strong></span> <span class='ocrx_word' id='word_1_315' title='bbox 2626 2419 2683 2466; x_wconf 86' lang='lat' dir='ltr'><strong>et</strong></span> <span class='ocrx_word' id='word_1_316' title='bbox 2711 2411 2985 2479; x_wconf 87' lang='lat' dir='ltr'><strong>auditum,</strong></span> <span class='ocrx_word' id='word_1_317' title='bbox 3018 2413 3250 2483; x_wconf 85' lang='lat' dir='ltr'><strong>perinde</strong></span> <span class='ocrx_word' id='word_1_318' title='bbox 3283 2427 3350 2468; x_wconf 88' lang='lat' dir='ltr'><strong>ac</strong></span> <span class='ocrx_word' id='word_1_319' title='bbox 3374 2425 3543 2483; x_wconf 88' lang='lat' dir='ltr'><strong>super</strong></span> 
     </span>
    </p>
   </div>
   <div class='ocr_carea' id='block_1_45' title="bbox 208 2485 1824 2573">
    <p class='ocr_par' dir='ltr' id='par_1_45' title="bbox 208 2485 1824 2562">
     <span class='ocr_line' id='line_1_45' title="bbox 208 2485 1824 2562; baseline 0.002 -19"><span class='ocrx_word' id='word_1_320' title='bbox 208 2489 360 2560; x_wconf 81' lang='grc' dir='ltr'>πρὸς</span> <span class='ocrx_word' id='word_1_321' title='bbox 398 2490 460 2544; x_wconf 76' lang='grc' dir='ltr'><strong>τὸ</strong></span> <span class='ocrx_word' id='word_1_322' title='bbox 515 2485 607 2554; x_wconf 83' lang='grc' dir='ltr'>οὖς</span> <span class='ocrx_word' id='word_1_323' title='bbox 652 2491 920 2562; x_wconf 77' lang='grc' dir='ltr'>ἀλλήλους</span> <span class='ocrx_word' id='word_1_324' title='bbox 978 2489 1502 2558; x_wconf 86' lang='grc' dir='ltr'>συνεϐουλεύσασθε,</span> <span class='ocrx_word' id='word_1_325' title='bbox 1558 2492 1824 2547; x_wconf 68' lang='grc' dir='ltr'>ἀκουστήν</span> 
     </span>
    </p>
   </div>
   <div class='ocr_carea' id='block_1_46' title="bbox 1936 2485 3539 2573">
    <p class='ocr_par' dir='ltr' id='par_1_46' title="bbox 1936 2503 3539 2573">
     <span class='ocr_line' id='line_1_46' title="bbox 1936 2503 3539 2573; baseline 0.002 -18"><span class='ocrx_word' id='word_1_326' title='bbox 1936 2516 2137 2557; x_wconf 78' lang='lat' dir='ltr'><strong>summa</strong></span> <span class='ocrx_word' id='word_1_327' title='bbox 2171 2511 2311 2558; x_wconf 83' lang='lat' dir='ltr'><strong>tecta</strong></span> <span class='ocrx_word' id='word_1_328' title='bbox 2348 2503 2705 2573; x_wconf 68' lang='lat' dir='ltr'><strong>praedicatum</strong></span> <span class='ocrx_word' id='word_1_329' title='bbox 2745 2503 2960 2560; x_wconf 80' lang='lat' dir='ltr'><strong>fuisset.</strong></span> <span class='ocrx_word' id='word_1_330' title='bbox 2990 2503 3206 2560; x_wconf 87' lang='lat' dir='ltr'><strong>Poteris</strong></span> <span class='ocrx_word' id='word_1_331' title='bbox 3237 2514 3421 2560; x_wconf 90' lang='lat' dir='ltr'><strong>autem</strong></span> <span class='ocrx_word' id='word_1_332' title='bbox 3449 2504 3539 2559; x_wconf 87' lang='lat' dir='ltr'><strong>illa</strong></span> 
     </span>
    </p>
   </div>
   <div class='ocr_carea' id='block_1_47' title="bbox 209 2582 1824 2670">
    <p class='ocr_par' dir='ltr' id='par_1_47' title="bbox 209 2582 1824 2655">
     <span class='ocr_line' id='line_1_47' title="bbox 209 2582 1824 2655; baseline 0.003 -20"><span class='ocrx_word' id='word_1_333' title='bbox 209 2600 316 2654; x_wconf 87' lang='grc' dir='ltr'><strong>μοι</strong></span> <span class='ocrx_word' id='word_1_334' title='bbox 363 2584 588 2652; x_wconf 81' lang='grc' dir='ltr'>γέγονεν</span> <span class='ocrx_word' id='word_1_335' title='bbox 621 2583 816 2648; x_wconf 80' lang='grc' dir='ltr'>οὓτως,</span> <span class='ocrx_word' id='word_1_336' title='bbox 873 2582 1066 2654; x_wconf 85' lang='grc' dir='ltr'>ὥσπερ</span> <span class='ocrx_word' id='word_1_337' title='bbox 1112 2583 1179 2638; x_wconf 79' lang='grc' dir='ltr'>ἂν</span> <span class='ocrx_word' id='word_1_338' title='bbox 1215 2585 1263 2636; x_wconf 86' lang='grc' dir='ltr'>εἰ</span> <span class='ocrx_word' id='word_1_339' title='bbox 1304 2584 1398 2637; x_wconf 73' lang='grc' dir='ltr'><strong>ἐπὶ</strong></span> <span class='ocrx_word' id='word_1_340' title='bbox 1440 2585 1550 2637; x_wconf 81' lang='grc' dir='ltr'>τῶν</span> <span class='ocrx_word' id='word_1_341' title='bbox 1599 2585 1824 2655; x_wconf 71' lang='grc' dir='ltr'>ὑψηλῶν</span> 
     </span>
    </p>
   </div>
   <div class='ocr_carea' id='block_1_48' title="bbox 1936 2582 3542 2670">
    <p class='ocr_par' dir='ltr' id='par_1_48' title="bbox 1936 2597 3542 2670">
     <span class='ocr_line' id='line_1_48' title="bbox 1936 2597 3542 2670; baseline 0.001 -18"><span class='ocrx_word' id='word_1_342' title='bbox 1936 2597 2087 2652; x_wconf 60' lang='grc' dir='ltr'>ξιίιιιιι</span> <span class='ocrx_word' id='word_1_343' title='bbox 2119 2598 2202 2652; x_wconf 89' lang='lat' dir='ltr'><strong>sic</strong></span> <span class='ocrx_word' id='word_1_344' title='bbox 2236 2597 2559 2668; x_wconf 74' lang='lat' dir='ltr'><strong>intelligere,</strong></span> <span class='ocrx_word' id='word_1_345' title='bbox 2593 2598 2740 2668; x_wconf 90' lang='lat' dir='ltr'><strong>quod</strong></span> <span class='ocrx_word' id='word_1_346' title='bbox 2773 2599 2865 2653; x_wconf 84' lang='lat' dir='ltr'><strong>lux</strong></span> <span class='ocrx_word' id='word_1_347' title='bbox 2917 2598 2990 2654; x_wconf 92' lang='lat' dir='ltr'><strong>sit</strong></span> <span class='ocrx_word' id='word_1_348' title='bbox 3037 2597 3422 2670; x_wconf 74' lang='lat' dir='ltr'><strong>Evangelium,</strong></span> <span class='ocrx_word' id='word_1_349' title='bbox 3487 2606 3542 2655; x_wconf 89' lang='lat' dir='ltr'><strong>et</strong></span> 
     </span>
    </p>
   </div>
   <div class='ocr_carea' id='block_1_49' title="bbox 204 2674 1824 2764">
    <p class='ocr_par' dir='ltr' id='par_1_49' title="bbox 204 2674 1824 2748">
     <span class='ocr_line' id='line_1_49' title="bbox 204 2674 1824 2748; baseline 0.002 -19"><span class='ocrx_word' id='word_1_350' title='bbox 204 2675 488 2746; x_wconf 83' lang='grc' dir='ltr'>δωμάτων</span> <span class='ocrx_word' id='word_1_351' title='bbox 522 2675 829 2748; x_wconf 72' lang='grc' dir='ltr'>ἐκηρύχθη.</span> <span class='ocrx_word' id='word_1_352' title='bbox 879 2675 1072 2730; x_wconf 83' lang='grc' dir='ltr'>Ταῦτα</span> <span class='ocrx_word' id='word_1_353' title='bbox 1115 2674 1172 2728; x_wconf 76' lang='grc' dir='ltr'>δὲ</span> <span class='ocrx_word' id='word_1_354' title='bbox 1220 2675 1452 2731; x_wconf 85' lang='grc' dir='ltr'>δύνασαι</span> <span class='ocrx_word' id='word_1_355' title='bbox 1487 2678 1700 2748; x_wconf 81' lang='grc' dir='ltr'>νοῆσαι,</span> <span class='ocrx_word' id='word_1_356' title='bbox 1729 2680 1824 2733; x_wconf 80' lang='grc' dir='ltr'>καὶ</span> 
     </span>
    </p>
   </div>
   <div class='ocr_carea' id='block_1_50' title="bbox 1936 2674 3544 2764">
    <p class='ocr_par' dir='ltr' id='par_1_50' title="bbox 1936 2689 3544 2764">
     <span class='ocr_line' id='line_1_50' title="bbox 1936 2689 3544 2764; baseline 0.001 -17"><span class='ocrx_word' id='word_1_357' title='bbox 1936 2699 2068 2747; x_wconf 80' lang='lat' dir='ltr'><strong>tecta</strong></span> <span class='ocrx_word' id='word_1_358' title='bbox 2109 2707 2325 2747; x_wconf 90' lang='lat' dir='ltr'><strong>summa</strong></span> <span class='ocrx_word' id='word_1_359' title='bbox 2363 2692 2736 2764; x_wconf 86' lang='lat' dir='ltr'><strong>apostolorum</strong></span> <span class='ocrx_word' id='word_1_360' title='bbox 2767 2707 3001 2748; x_wconf 73' lang='lat' dir='ltr'><strong>summa:</strong></span> <span class='ocrx_word' id='word_1_361' title='bbox 3019 2693 3238 2748; x_wconf 71' lang='lat' dir='ltr'><strong>animae.</strong></span> <span class='ocrx_word' id='word_1_362' title='bbox 3269 2689 3544 2760; x_wconf 71' lang='lat' dir='ltr'><strong>Qitaecun-</strong></span> 
     </span>
    </p>
   </div>
   <div class='ocr_carea' id='block_1_51' title="bbox 205 2767 1824 2857">
    <p class='ocr_par' dir='ltr' id='par_1_51' title="bbox 205 2767 1824 2843">
     <span class='ocr_line' id='line_1_51' title="bbox 205 2767 1824 2843; baseline 0.001 -20"><span class='ocrx_word' id='word_1_363' title='bbox 205 2768 300 2823; x_wconf 84' lang='grc' dir='ltr'>ὅτι</span> <span class='ocrx_word' id='word_1_364' title='bbox 329 2768 448 2836; x_wconf 85' lang='grc' dir='ltr'><strong>φῶς</strong></span> <span class='ocrx_word' id='word_1_365' title='bbox 495 2769 594 2839; x_wconf 82' lang='grc' dir='ltr'><strong>μέν</strong></span> <span class='ocrx_word' id='word_1_366' title='bbox 624 2771 741 2823; x_wconf 75' lang='grc' dir='ltr'>εστι</span> <span class='ocrx_word' id='word_1_367' title='bbox 781 2771 843 2822; x_wconf 78' lang='grc' dir='ltr'>τὸ</span> <span class='ocrx_word' id='word_1_368' title='bbox 871 2768 1227 2837; x_wconf 85' lang='grc' dir='ltr'>Εύαγγέλιον,</span> <span class='ocrx_word' id='word_1_369' title='bbox 1253 2767 1346 2822; x_wconf 78' lang='grc' dir='ltr'>καὶ</span> <span class='ocrx_word' id='word_1_370' title='bbox 1369 2767 1601 2840; x_wconf 81' lang='grc' dir='ltr'>δώματα</span> <span class='ocrx_word' id='word_1_371' title='bbox 1619 2769 1824 2843; x_wconf 77' lang='grc' dir='ltr'>ὑψηλὰ,</span> 
     </span>
    </p>
   </div>
   <div class='ocr_carea' id='block_1_52' title="bbox 1936 2767 3542 2857">
    <p class='ocr_par' dir='ltr' id='par_1_52' title="bbox 1936 2783 3542 2857">
     <span class='ocr_line' id='line_1_52' title="bbox 1936 2783 3542 2857; baseline 0.002 -20"><span class='ocrx_word' id='word_1_372' title='bbox 1936 2798 2030 2853; x_wconf 77' lang='lat' dir='ltr'><strong>que</strong></span> <span class='ocrx_word' id='word_1_373' title='bbox 2063 2792 2247 2839; x_wconf 85' lang='lat' dir='ltr'><strong>autem</strong></span> <span class='ocrx_word' id='word_1_374' title='bbox 2283 2783 2552 2840; x_wconf 65' lang='lat' dir='ltr'><strong>Pharisaei</strong></span> <span class='ocrx_word' id='word_1_375' title='bbox 2603 2784 3014 2851; x_wconf 89' lang='lat' dir='ltr'><strong>consultarnnt,</strong></span> <span class='ocrx_word' id='word_1_376' title='bbox 3051 2789 3351 2857; x_wconf 63' lang='lat' dir='ltr'><strong>praedicata</strong></span> <span class='ocrx_word' id='word_1_377' title='bbox 3411 2794 3542 2843; x_wconf 70' lang='lat' dir='ltr'><strong>sunt</strong></span> 
     </span>
    </p>
   </div>
   <div class='ocr_carea' id='block_1_53' title="bbox 203 2861 1824 2951">
    <p class='ocr_par' dir='ltr' id='par_1_53' title="bbox 203 2861 1824 2936">
     <span class='ocr_line' id='line_1_53' title="bbox 203 2861 1824 2936; baseline 0.003 -22"><span class='ocrx_word' id='word_1_378' title='bbox 203 2863 272 2915; x_wconf 86' lang='grc' dir='ltr'><strong>αί</strong></span> <span class='ocrx_word' id='word_1_379' title='bbox 327 2861 442 2916; x_wconf 87' lang='grc' dir='ltr'>τῶν</span> <span class='ocrx_word' id='word_1_380' title='bbox 478 2862 796 2916; x_wconf 75' lang='grc' dir='ltr'>ἀποστόλων</span> <span class='ocrx_word' id='word_1_381' title='bbox 831 2862 1040 2934; x_wconf 80' lang='grc' dir='ltr'>ὑψηλαὶ</span> <span class='ocrx_word' id='word_1_382' title='bbox 1077 2861 1270 2933; x_wconf 78' lang='grc' dir='ltr'>ψυχαί.</span> <span class='ocrx_word' id='word_1_383' title='bbox 1303 2862 1447 2917; x_wconf 89' lang='grc' dir='ltr'>Ὅσα</span> <span class='ocrx_word' id='word_1_384' title='bbox 1481 2863 1540 2916; x_wconf 68' lang='grc' dir='ltr'>δὲ</span> <span class='ocrx_word' id='word_1_385' title='bbox 1572 2866 1622 2917; x_wconf 85' lang='lat' dir='ltr'><strong>0i</strong></span> <span class='ocrx_word' id='word_1_386' title='bbox 1651 2866 1824 2936; x_wconf 80' lang='grc' dir='ltr'>Φαρι-</span> 
     </span>
    </p>
   </div>
   <div class='ocr_carea' id='block_1_54' title="bbox 1936 2861 3539 2951">
    <p class='ocr_par' dir='ltr' id='par_1_54' title="bbox 1936 2876 3539 2951">
     <span class='ocr_line' id='line_1_54' title="bbox 1936 2876 3539 2951; baseline 0.002 -20"><span class='ocrx_word' id='word_1_387' title='bbox 1936 2887 2114 2946; x_wconf 84' lang='lat' dir='ltr'><strong>postea</strong></span> <span class='ocrx_word' id='word_1_388' title='bbox 2149 2887 2203 2932; x_wconf 88' lang='lat' dir='ltr'><strong>et</strong></span> <span class='ocrx_word' id='word_1_389' title='bbox 2235 2876 2417 2933; x_wconf 88' lang='lat' dir='ltr'><strong>audita</strong></span> <span class='ocrx_word' id='word_1_390' title='bbox 2451 2879 2506 2933; x_wconf 92' lang='lat' dir='ltr'><strong>in</strong></span> <span class='ocrx_word' id='word_1_391' title='bbox 2543 2877 2750 2936; x_wconf 83' lang='lat' dir='ltr'><strong>lumine</strong></span> <span class='ocrx_word' id='word_1_392' title='bbox 2789 2878 3097 2951; x_wconf 76' lang='lat' dir='ltr'><strong>Evangelii,</strong></span> <span class='ocrx_word' id='word_1_393' title='bbox 3134 2888 3321 2935; x_wconf 87' lang='lat' dir='ltr'><strong>stante</strong></span> <span class='ocrx_word' id='word_1_394' title='bbox 3371 2893 3539 2950; x_wconf 88' lang='lat' dir='ltr'><strong>super</strong></span> 
     </span>
    </p>
   </div>
   <div class='ocr_carea' id='block_1_55' title="bbox 205 2952 1824 3045">
    <p class='ocr_par' dir='ltr' id='par_1_55' title="bbox 205 2952 1824 3028">
     <span class='ocr_line' id='line_1_55' title="bbox 205 2952 1824 3028; baseline 0.004 -22"><span class='ocrx_word' id='word_1_395' title='bbox 205 2954 363 3006; x_wconf 86' lang='grc' dir='ltr'>σαῖοι</span> <span class='ocrx_word' id='word_1_396' title='bbox 398 2952 771 3020; x_wconf 66' lang='grc' dir='ltr'>ἐϐουλεύοντο,</span> <span class='ocrx_word' id='word_1_397' title='bbox 809 2953 1200 3027; x_wconf 74' lang='grc' dir='ltr'>ἐκηρύχθησαν</span> <span class='ocrx_word' id='word_1_398' title='bbox 1231 2952 1483 3024; x_wconf 80' lang='grc' dir='ltr'>ὕστερον,</span> <span class='ocrx_word' id='word_1_399' title='bbox 1523 2958 1619 3010; x_wconf 83' lang='grc' dir='ltr'>καὶ</span> <span class='ocrx_word' id='word_1_400' title='bbox 1654 2958 1824 3028; x_wconf 77' lang='grc' dir='ltr'>ἠκού-</span> 
     </span>
    </p>
   </div>
   <div class='ocr_carea' id='block_1_56' title="bbox 1936 2952 3415 3045">
    <p class='ocr_par' dir='ltr' id='par_1_56' title="bbox 1936 2970 3415 3045">
     <span class='ocr_line' id='line_1_56' title="bbox 1936 2970 3415 3045; baseline 0.005 -22"><span class='ocrx_word' id='word_1_401' title='bbox 1936 2970 2269 3040; x_wconf 79' lang='lat' dir='ltr'><strong>apostolicas</strong></span> <span class='ocrx_word' id='word_1_402' title='bbox 2299 2972 2514 3029; x_wconf 89' lang='lat' dir='ltr'><strong>animas</strong></span> <span class='ocrx_word' id='word_1_403' title='bbox 2541 2988 2748 3044; x_wconf 79' lang='lat' dir='ltr'><strong>magno</strong></span> <span class='ocrx_word' id='word_1_404' title='bbox 2782 2974 3146 3043; x_wconf 69' lang='lat' dir='ltr'><strong>praedicatore</strong></span> <span class='ocrx_word' id='word_1_405' title='bbox 3179 2974 3415 3045; x_wconf 85' lang='lat' dir='ltr'><strong>Spiritu.</strong></span> 
     </span>
    </p>
   </div>
   <div class='ocr_carea' id='block_1_57' title="bbox 201 3046 3543 3147">
    <p class='ocr_par' dir='ltr' id='par_1_57' title="bbox 201 3046 3543 3147">
     <span class='ocr_line' id='line_1_57' title="bbox 201 3046 3543 3147; baseline 0.008 -46"><span class='ocrx_word' id='word_1_406' title='bbox 201 3049 435 3147; x_wconf 77' lang='grc' dir='ltr'>σθησαν</span> <span class='ocrx_word' id='word_1_407' title='bbox 475 3050 557 3147; x_wconf 64' lang='grc' dir='ltr'><strong>Διν</strong></span> <span class='ocrx_word' id='word_1_408' title='bbox 619 3049 700 3121; x_wconf 80' lang='grc' dir='ltr'><strong>τῷ</strong></span> <span class='ocrx_word' id='word_1_409' title='bbox 735 3048 877 3104; x_wconf 74' lang='grc' dir='ltr'>φωτὶ</span> <span class='ocrx_word' id='word_1_410' title='bbox 918 3047 1016 3102; x_wconf 82' lang='grc' dir='ltr'>τοῦ</span> <span class='ocrx_word' id='word_1_411' title='bbox 1089 3046 1468 3117; x_wconf 83' lang='grc' dir='ltr'>Εὐαγγελίου,</span> <span class='ocrx_word' id='word_1_412' title='bbox 1520 3051 1616 3106; x_wconf 66' lang='grc' dir='ltr'><strong>ἰπὶ</strong></span> <span class='ocrx_word' id='word_1_413' title='bbox 1654 3055 1767 3110; x_wconf 83' lang='grc' dir='ltr'><strong>τῶν</strong></span> <span class='ocrx_word' id='word_1_414' title='bbox 1830 3061 2210 3121; x_wconf 85' lang='grc' dir='ltr'>ἀποστολικῶν</span> <span class='ocrx_word' id='word_1_415' title='bbox 2257 3067 2448 3139; x_wconf 77' lang='grc' dir='ltr'>ψυχῶν</span> <span class='ocrx_word' id='word_1_416' title='bbox 2496 3069 2794 3142; x_wconf 76' lang='grc' dir='ltr'>ἱσταμένου</span> <span class='ocrx_word' id='word_1_417' title='bbox 2851 3069 2948 3125; x_wconf 83' lang='grc' dir='ltr'>τοῦ</span> <span class='ocrx_word' id='word_1_418' title='bbox 2994 3071 3239 3141; x_wconf 78' lang='grc' dir='ltr'>μεγάλου</span> <span class='ocrx_word' id='word_1_419' title='bbox 3295 3074 3543 3147; x_wconf 79' lang='grc' dir='ltr'>κήρυκος</span> 
     </span>
    </p>
   </div>
   <div class='ocr_carea' id='block_1_58' title="bbox 197 3144 692 3214">
    <p class='ocr_par' dir='ltr' id='par_1_58' title="bbox 197 3144 692 3214">
     <span class='ocr_line' id='line_1_58' title="bbox 197 3144 692 3214; baseline -0.004 -13"><span class='ocrx_word' id='word_1_420' title='bbox 197 3146 311 3201; x_wconf 78' lang='grc' dir='ltr'>τοῦ</span> <span class='ocrx_word' id='word_1_421' title='bbox 347 3144 490 3198; x_wconf 81' lang='grc' dir='ltr'>Πνιύ</span> <span class='ocrx_word' id='word_1_422' title='bbox 499 3161 692 3214; x_wconf 87' lang='grc' dir='ltr'>ματος.</span> 
     </span>
    </p>
   </div>
   <div class='ocr_carea' id='block_1_59' title="bbox 287 3253 1824 3337">
    <p class='ocr_par' dir='ltr' id='par_1_59' title="bbox 287 3256 1824 3337">
     <span class='ocr_line' id='line_1_59' title="bbox 287 3256 1824 3337; baseline 0.006 -25"><span class='ocrx_word' id='word_1_423' title='bbox 287 3279 310 3312; x_wconf 73' lang='grc' dir='ltr'><strong>α</strong></span> <span class='ocrx_word' id='word_1_424' title='bbox 351 3257 517 3327; x_wconf 85' lang='grc' dir='ltr'>Λέγω</span> <span class='ocrx_word' id='word_1_425' title='bbox 545 3258 603 3313; x_wconf 81' lang='grc' dir='ltr'>δὲ</span> <span class='ocrx_word' id='word_1_426' title='bbox 630 3257 759 3328; x_wconf 86' lang='grc' dir='ltr'>ύμῖν</span> <span class='ocrx_word' id='word_1_427' title='bbox 787 3258 899 3320; x_wconf 82' lang='grc' dir='ltr'>τοῖς</span> <span class='ocrx_word' id='word_1_428' title='bbox 918 3256 1093 3327; x_wconf 82' lang='grc' dir='ltr'>φίλοις</span> <span class='ocrx_word' id='word_1_429' title='bbox 1125 3275 1250 3326; x_wconf 90' lang='grc' dir='ltr'>μου,</span> <span class='ocrx_word' id='word_1_430' title='bbox 1304 3260 1380 3332; x_wconf 80' lang='grc' dir='ltr'>μὴ</span> <span class='ocrx_word' id='word_1_431' title='bbox 1412 3261 1692 3337; x_wconf 82' lang='grc' dir='ltr'>φοϐηθῆτε</span> <span class='ocrx_word' id='word_1_432' title='bbox 1718 3266 1824 3321; x_wconf 74' lang='grc' dir='ltr'>ἀπὸ</span> 
     </span>
    </p>
   </div>
   <div class='ocr_carea' id='block_1_60' title="bbox 1936 3253 3544 3337">
    <p class='ocr_par' dir='ltr' id='par_1_60' title="bbox 2010 3253 3544 3328">
     <span class='ocr_line' id='line_1_60' title="bbox 2010 3253 3544 3328; baseline 0.006 -19"><span class='ocrx_word' id='word_1_433' title='bbox 2010 3254 2173 3311; x_wconf 71' lang='lat' dir='ltr'><strong>Vens.</strong></span> <span class='ocrx_word' id='word_1_434' title='bbox 2201 3255 2324 3310; x_wconf 75' lang='grc'><strong>4-7.</strong></span> <span class='ocrx_word' id='word_1_435' title='bbox 2368 3273 2388 3308; x_wconf 79' lang='grc' dir='ltr'><strong>ι</strong></span> <span class='ocrx_word' id='word_1_436' title='bbox 2426 3253 2558 3312; x_wconf 89' lang='lat' dir='ltr'><strong>Dico</strong></span> <span class='ocrx_word' id='word_1_437' title='bbox 2592 3265 2778 3312; x_wconf 89' lang='lat' dir='ltr'><strong>autem</strong></span> <span class='ocrx_word' id='word_1_438' title='bbox 2818 3257 2974 3313; x_wconf 83' lang='lat' dir='ltr'><strong>vobis</strong></span> <span class='ocrx_word' id='word_1_439' title='bbox 3023 3258 3218 3315; x_wconf 80' lang='lat' dir='ltr'><strong>amicis</strong></span> <span class='ocrx_word' id='word_1_440' title='bbox 3255 3264 3429 3328; x_wconf 87' lang='lat' dir='ltr'><strong>meis,</strong></span> <span class='ocrx_word' id='word_1_441' title='bbox 3473 3278 3544 3318; x_wconf 88' lang='lat' dir='ltr'><strong>ne</strong></span> 
     </span>
    </p>
   </div>
   <div class='ocr_carea' id='block_1_61' title="bbox 192 3350 1826 3432">
    <p class='ocr_par' dir='ltr' id='par_1_61' title="bbox 192 3350 1826 3432">
     <span class='ocr_line' id='line_1_61' title="bbox 192 3350 1826 3432; baseline 0.005 -25"><span class='ocrx_word' id='word_1_442' title='bbox 192 3355 324 3410; x_wconf 81' lang='grc' dir='ltr'>τῶν</span> <span class='ocrx_word' id='word_1_443' title='bbox 365 3351 800 3407; x_wconf 79' lang='grc' dir='ltr'>ἀποκτεινόντων</span> <span class='ocrx_word' id='word_1_444' title='bbox 842 3351 904 3404; x_wconf 81' lang='grc' dir='ltr'>τὸ</span> <span class='ocrx_word' id='word_1_445' title='bbox 945 3350 1130 3422; x_wconf 83' lang='grc' dir='ltr'>σῶμα,</span> <span class='ocrx_word' id='word_1_446' title='bbox 1191 3353 1286 3405; x_wconf 77' lang='grc' dir='ltr'>καὶ</span> <span class='ocrx_word' id='word_1_447' title='bbox 1337 3354 1482 3424; x_wconf 88' lang='grc' dir='ltr'><strong>μετά</strong></span> <span class='ocrx_word' id='word_1_448' title='bbox 1527 3357 1706 3413; x_wconf 83' lang='grc' dir='ltr'>ταῦτα</span> <span class='ocrx_word' id='word_1_449' title='bbox 1749 3359 1826 3432; x_wconf 77' lang='grc' dir='ltr'>μὴ</span> 
     </span>
    </p>
   </div>
   <div class='ocr_carea' id='block_1_62' title="bbox 190 3443 1827 3524">
    <p class='ocr_par' dir='ltr' id='par_1_62' title="bbox 190 3443 1827 3524">
     <span class='ocr_line' id='line_1_62' title="bbox 190 3443 1827 3524; baseline 0.004 -23"><span class='ocrx_word' id='word_1_450' title='bbox 190 3449 458 3523; x_wconf 65' lang='grc' dir='ltr'>ἑχόντων</span> <span class='ocrx_word' id='word_1_451' title='bbox 486 3444 874 3517; x_wconf 86' lang='grc' dir='ltr'>περισσότερόν</span> <span class='ocrx_word' id='word_1_452' title='bbox 908 3462 962 3497; x_wconf 91' lang='grc' dir='ltr'><strong>τι</strong></span> <span class='ocrx_word' id='word_1_453' title='bbox 996 3448 1246 3518; x_wconf 82' lang='grc' dir='ltr'>ποιῆσαι.</span> <span class='ocrx_word' id='word_1_454' title='bbox 1295 3446 1587 3514; x_wconf 79' lang='grc' dir='ltr'>Ὑποδείξω</span> <span class='ocrx_word' id='word_1_455' title='bbox 1613 3443 1669 3506; x_wconf 72' lang='grc' dir='ltr'>δὲ</span> <span class='ocrx_word' id='word_1_456' title='bbox 1694 3453 1827 3524; x_wconf 83' lang='grc' dir='ltr'>ὑμῖν</span> 
     </span>
    </p>
   </div>
   <div class='ocr_carea' id='block_1_63' title="bbox 189 3537 1826 3615">
    <p class='ocr_par' dir='ltr' id='par_1_63' title="bbox 189 3537 1826 3615">
     <span class='ocr_line' id='line_1_63' title="bbox 189 3537 1826 3615; baseline 0.002 -16"><span class='ocrx_word' id='word_1_457' title='bbox 189 3546 340 3599; x_wconf 79' lang='grc' dir='ltr'>τίνα</span> <span class='ocrx_word' id='word_1_458' title='bbox 385 3540 688 3612; x_wconf 81' lang='grc' dir='ltr'>φοϐηθῆτε.</span> <span class='ocrx_word' id='word_1_459' title='bbox 719 3537 1002 3610; x_wconf 83' lang='grc' dir='ltr'>Φοϐηθῆτε</span> <span class='ocrx_word' id='word_1_460' title='bbox 1045 3542 1135 3594; x_wconf 80' lang='grc' dir='ltr'>τὸν</span> <span class='ocrx_word' id='word_1_461' title='bbox 1185 3541 1325 3613; x_wconf 90' lang='grc' dir='ltr'><strong>μετά</strong></span> <span class='ocrx_word' id='word_1_462' title='bbox 1367 3541 1426 3596; x_wconf 80' lang='grc' dir='ltr'>τὸ</span> <span class='ocrx_word' id='word_1_463' title='bbox 1475 3544 1826 3615; x_wconf 85' lang='grc' dir='ltr'>ἀποκτεῖναι,</span> 
     </span>
    </p>
   </div>
   <div class='ocr_carea' id='block_1_64' title="bbox 184 3636 1828 3711">
    <p class='ocr_par' dir='ltr' id='par_1_64' title="bbox 184 3636 1828 3711">
     <span class='ocr_line' id='line_1_64' title="bbox 184 3636 1828 3711; baseline 0.001 -15"><span class='ocrx_word' id='word_1_464' title='bbox 184 3639 475 3707; x_wconf 59' lang='grc' dir='ltr'>ἔξουσίαν</span> <span class='ocrx_word' id='word_1_465' title='bbox 515 3637 709 3708; x_wconf 69' lang='grc' dir='ltr'>ἔχοντα</span> <span class='ocrx_word' id='word_1_466' title='bbox 743 3636 1003 3705; x_wconf 76' lang='grc' dir='ltr'>ἐμϐαλεῖν</span> <span class='ocrx_word' id='word_1_467' title='bbox 1034 3638 1113 3700; x_wconf 81' lang='grc' dir='ltr'>εις</span> <span class='ocrx_word' id='word_1_468' title='bbox 1137 3636 1235 3707; x_wconf 78' lang='grc' dir='ltr'>τὴν</span> <span class='ocrx_word' id='word_1_469' title='bbox 1263 3639 1511 3706; x_wconf 81' lang='grc' dir='ltr'>γέενναν.</span> <span class='ocrx_word' id='word_1_470' title='bbox 1544 3639 1654 3694; x_wconf 70' lang='grc' dir='ltr'><strong>Ναὶ</strong></span> <span class='ocrx_word' id='word_1_471' title='bbox 1680 3641 1828 3711; x_wconf 78' lang='grc' dir='ltr'>λέγω</span> 
     </span>
    </p>
   </div>
   <div class='ocr_carea' id='block_1_65' title="bbox 184 3725 1827 3806">
    <p class='ocr_par' dir='ltr' id='par_1_65' title="bbox 184 3725 1827 3806">
     <span class='ocr_line' id='line_1_65' title="bbox 184 3725 1827 3806; baseline 0 -18"><span class='ocrx_word' id='word_1_472' title='bbox 184 3737 371 3806; x_wconf 80' lang='grc' dir='ltr'>υμῖν,</span> <span class='ocrx_word' id='word_1_473' title='bbox 403 3730 590 3786; x_wconf 80' lang='grc' dir='ltr'>τοῦτον</span> <span class='ocrx_word' id='word_1_474' title='bbox 616 3728 912 3800; x_wconf 74' lang='grc' dir='ltr'>φοϐηθῆτε.</span> <span class='ocrx_word' id='word_1_475' title='bbox 933 3729 1068 3799; x_wconf 73' lang='grc' dir='ltr'>Ούχὶ</span> <span class='ocrx_word' id='word_1_476' title='bbox 1093 3728 1253 3782; x_wconf 86' lang='grc' dir='ltr'>πέντε</span> <span class='ocrx_word' id='word_1_477' title='bbox 1279 3730 1540 3800; x_wconf 80' lang='grc' dir='ltr'>στρουθία</span> <span class='ocrx_word' id='word_1_478' title='bbox 1562 3725 1827 3790; x_wconf 80' lang='grc' dir='ltr'>πωλεῖται</span> 
     </span>
    </p>
   </div>
   <div class='ocr_carea' id='block_1_66' title="bbox 181 3819 1828 3898">
    <p class='ocr_par' dir='ltr' id='par_1_66' title="bbox 181 3819 1828 3898">
     <span class='ocr_line' id='line_1_66' title="bbox 181 3819 1828 3898; baseline -0.002 -16"><span class='ocrx_word' id='word_1_479' title='bbox 181 3825 508 3898; x_wconf 75' lang='grc' dir='ltr'>ἀσσαρίων</span> <span class='ocrx_word' id='word_1_480' title='bbox 541 3822 666 3889; x_wconf 88' lang='grc' dir='ltr'>δύο;</span> <span class='ocrx_word' id='word_1_481' title='bbox 699 3823 807 3877; x_wconf 75' lang='grc' dir='ltr'><strong>Καὶ</strong></span> <span class='ocrx_word' id='word_1_482' title='bbox 837 3821 898 3876; x_wconf 78' lang='grc' dir='ltr'>ἓν</span> <span class='ocrx_word' id='word_1_483' title='bbox 943 3819 1004 3888; x_wconf 75' lang='grc' dir='ltr'><strong>ἐξ</strong></span> <span class='ocrx_word' id='word_1_484' title='bbox 1032 3821 1214 3875; x_wconf 81' lang='grc' dir='ltr'>αὐτῶν</span> <span class='ocrx_word' id='word_1_485' title='bbox 1247 3822 1348 3876; x_wconf 86' lang='grc' dir='ltr'>οὐκ</span> <span class='ocrx_word' id='word_1_486' title='bbox 1392 3823 1540 3878; x_wconf 77' lang='grc' dir='ltr'>ἔστιν</span> <span class='ocrx_word' id='word_1_487' title='bbox 1571 3825 1828 3898; x_wconf 68' lang='grc' dir='ltr'>ἐπιλελη-</span> 
     </span>
    </p>
   </div>
   <div class='ocr_carea' id='block_1_67' title="bbox 181 3913 1829 3990">
    <p class='ocr_par' dir='ltr' id='par_1_67' title="bbox 181 3913 1829 3990">
     <span class='ocr_line' id='line_1_67' title="bbox 181 3913 1829 3990; baseline -0.008 -17"><span class='ocrx_word' id='word_1_488' title='bbox 181 3919 423 3990; x_wconf 68' lang='grc' dir='ltr'>σμένον</span> <span class='ocrx_word' id='word_1_489' title='bbox 456 3915 690 3969; x_wconf 80' lang='grc' dir='ltr'>ἐνώπιον</span> <span class='ocrx_word' id='word_1_490' title='bbox 743 3914 838 3967; x_wconf 82' lang='grc' dir='ltr'><strong>τού</strong></span> <span class='ocrx_word' id='word_1_491' title='bbox 893 3913 1052 3979; x_wconf 84' lang='grc' dir='ltr'>Θεοῦ,</span> <span class='ocrx_word' id='word_1_492' title='bbox 1087 3913 1226 3970; x_wconf 86' lang='grc' dir='ltr'><strong>ἀλλά</strong></span> <span class='ocrx_word' id='word_1_493' title='bbox 1269 3915 1364 3968; x_wconf 73' lang='grc' dir='ltr'>καὶ</span> <span class='ocrx_word' id='word_1_494' title='bbox 1402 3916 1458 3969; x_wconf 73' lang='grc' dir='ltr'>αἱ</span> <span class='ocrx_word' id='word_1_495' title='bbox 1487 3917 1674 3988; x_wconf 80' lang='grc' dir='ltr'>τρίχες</span> <span class='ocrx_word' id='word_1_496' title='bbox 1726 3918 1829 3988; x_wconf 75' lang='grc' dir='ltr'><strong>τῆς</strong></span> 
     </span>
    </p>
   </div>
   <div class='ocr_carea' id='block_1_68' title="bbox 174 4001 1825 4078">
    <p class='ocr_par' dir='ltr' id='par_1_68' title="bbox 174 4001 1825 4078">
     <span class='ocr_line' id='line_1_68' title="bbox 174 4001 1825 4078; baseline -0.001 -14"><span class='ocrx_word' id='word_1_497' title='bbox 174 4007 472 4078; x_wconf 76' lang='grc' dir='ltr'>κεφαλῆς</span> <span class='ocrx_word' id='word_1_498' title='bbox 501 4005 659 4077; x_wconf 78' lang='grc' dir='ltr'>ὑμῶν</span> <span class='ocrx_word' id='word_1_499' title='bbox 684 4005 857 4059; x_wconf 80' lang='grc' dir='ltr'>πᾶσαι</span> <span class='ocrx_word' id='word_1_500' title='bbox 889 4003 1252 4076; x_wconf 78' lang='grc' dir='ltr'>ἠρίθμηνται.</span> <span class='ocrx_word' id='word_1_501' title='bbox 1289 4005 1382 4077; x_wconf 78' lang='grc' dir='ltr'><strong>Μὴ</strong></span> <span class='ocrx_word' id='word_1_502' title='bbox 1414 4001 1509 4073; x_wconf 79' lang='grc' dir='ltr'>οὖν</span> <span class='ocrx_word' id='word_1_503' title='bbox 1542 4008 1825 4078; x_wconf 82' lang='grc' dir='ltr'>φοϐεῖσθε,</span> 
     </span>
    </p>
   </div>
   <div class='ocr_carea' id='block_1_69' title="bbox 174 4096 1830 4171">
    <p class='ocr_par' dir='ltr' id='par_1_69' title="bbox 174 4096 1830 4171">
     <span class='ocr_line' id='line_1_69' title="bbox 174 4096 1830 4171; baseline -0.002 -16"><span class='ocrx_word' id='word_1_504' title='bbox 174 4099 439 4154; x_wconf 81' lang='grc' dir='ltr'>πολλῶν</span> <span class='ocrx_word' id='word_1_505' title='bbox 471 4097 771 4168; x_wconf 79' lang='grc' dir='ltr'>στρουθίων</span> <span class='ocrx_word' id='word_1_506' title='bbox 804 4096 1118 4168; x_wconf 85' lang='grc' dir='ltr'>διαφέρετε.</span> <span class='ocrx_word' id='word_1_507' title='bbox 1155 4116 1173 4148; x_wconf 74' lang='grc' dir='ltr'><strong>ι</strong></span> <span class='ocrx_word' id='word_1_508' title='bbox 1212 4097 1436 4169; x_wconf 81' lang='grc' dir='ltr'>Ἐπειδὴ</span> <span class='ocrx_word' id='word_1_509' title='bbox 1459 4099 1561 4170; x_wconf 76' lang='grc' dir='ltr'>τῆς</span> <span class='ocrx_word' id='word_1_510' title='bbox 1597 4100 1830 4171; x_wconf 69' lang='grc' dir='ltr'>ύποκρίυ</span> 
     </span>
    </p>
   </div>
   <div class='ocr_carea' id='block_1_70' title="bbox 172 4189 1830 4263">
    <p class='ocr_par' dir='ltr' id='par_1_70' title="bbox 172 4189 1830 4263">
     <span class='ocr_line' id='line_1_70' title="bbox 172 4189 1830 4263; baseline -0.001 -14"><span class='ocrx_word' id='word_1_511' title='bbox 172 4209 350 4257; x_wconf 82' lang='grc' dir='ltr'>σεως</span> <span class='ocrx_word' id='word_1_512' title='bbox 410 4189 526 4244; x_wconf 80' lang='grc' dir='ltr'><strong>τῶν</strong></span> <span class='ocrx_word' id='word_1_513' title='bbox 569 4189 882 4258; x_wconf 80' lang='grc' dir='ltr'>Φαρισαίων</span> <span class='ocrx_word' id='word_1_514' title='bbox 937 4189 1321 4261; x_wconf 83' lang='grc' dir='ltr'>κατηγόρησεν</span> <span class='ocrx_word' id='word_1_515' title='bbox 1366 4193 1395 4244; x_wconf 85' lang='grc' dir='ltr'>ὁ</span> <span class='ocrx_word' id='word_1_516' title='bbox 1449 4191 1680 4263; x_wconf 78' lang='grc' dir='ltr'>Κύριος,</span> <span class='ocrx_word' id='word_1_517' title='bbox 1736 4193 1830 4247; x_wconf 78' lang='grc' dir='ltr'>καὶ</span> 
     </span>
    </p>
   </div>
   <div class='ocr_carea' id='block_1_71' title="bbox 166 4282 1828 4358">
    <p class='ocr_par' dir='ltr' id='par_1_71' title="bbox 166 4282 1828 4358">
     <span class='ocr_line' id='line_1_71' title="bbox 166 4282 1828 4358; baseline -0.004 -13"><span class='ocrx_word' id='word_1_518' title='bbox 166 4288 534 4356; x_wconf 75' lang='grc' dir='ltr'>ἀπέστησεν</span> <span class='ocrx_word' id='word_1_519' title='bbox 587 4284 759 4354; x_wconf 78' lang='grc' dir='ltr'>αὐτῆς</span> <span class='ocrx_word' id='word_1_520' title='bbox 797 4284 924 4347; x_wconf 84' lang='grc' dir='ltr'>τοὺς</span> <span class='ocrx_word' id='word_1_521' title='bbox 970 4282 1135 4336; x_wconf 86' lang='grc' dir='ltr'>αύτοῦ</span> <span class='ocrx_word' id='word_1_522' title='bbox 1185 4284 1460 4354; x_wconf 82' lang='grc' dir='ltr'>μαθητάς,</span> <span class='ocrx_word' id='word_1_523' title='bbox 1497 4285 1595 4338; x_wconf 75' lang='grc' dir='ltr'>καὶ</span> <span class='ocrx_word' id='word_1_524' title='bbox 1632 4287 1691 4340; x_wconf 68' lang='grc' dir='ltr'><strong>εν</strong></span> <span class='ocrx_word' id='word_1_525' title='bbox 1749 4287 1828 4358; x_wconf 86' lang='grc' dir='ltr'>τῷ</span> 
     </span>
    </p>
   </div>
   <div class='ocr_carea' id='block_1_72' title="bbox 167 4378 1830 4460">
    <p class='ocr_par' dir='ltr' id='par_1_72' title="bbox 167 4378 1830 4460">
     <span class='ocr_line' id='line_1_72' title="bbox 167 4378 1830 4460; baseline -0.003 -19"><span class='ocrx_word' id='word_1_526' title='bbox 167 4386 366 4460; x_wconf 71' lang='grc' dir='ltr'>μέσῳ</span> <span class='ocrx_word' id='word_1_527' title='bbox 404 4381 470 4435; x_wconf 65' lang='grc' dir='ltr'>δὲ</span> <span class='ocrx_word' id='word_1_528' title='bbox 506 4381 667 4435; x_wconf 80' lang='grc' dir='ltr'>πάλιν</span> <span class='ocrx_word' id='word_1_529' title='bbox 695 4381 819 4444; x_wconf 76' lang='grc' dir='ltr'>τοὺς</span> <span class='ocrx_word' id='word_1_530' title='bbox 857 4379 1188 4449; x_wconf 76' lang='grc' dir='ltr'>Φαρισαίους</span> <span class='ocrx_word' id='word_1_531' title='bbox 1223 4378 1459 4452; x_wconf 79' lang='grc' dir='ltr'>ἐπληττε</span> <span class='ocrx_word' id='word_1_532' title='bbox 1493 4379 1584 4436; x_wconf 91' lang='grc' dir='ltr'><strong>διά</strong></span> <span class='ocrx_word' id='word_1_533' title='bbox 1613 4382 1708 4436; x_wconf 83' lang='grc' dir='ltr'>τοῦ</span> <span class='ocrx_word' id='word_1_534' title='bbox 1742 4383 1830 4436; x_wconf 85' lang='grc' dir='ltr'>λέ-</span> 
     </span>
    </p>
   </div>
   <div class='ocr_carea' id='block_1_73' title="bbox 162 4472 1828 4550">
    <p class='ocr_par' dir='ltr' id='par_1_73' title="bbox 162 4472 1828 4550">
     <span class='ocr_line' id='line_1_73' title="bbox 162 4472 1828 4550; baseline -0.002 -18"><span class='ocrx_word' id='word_1_535' title='bbox 162 4495 318 4550; x_wconf 80' lang='grc' dir='ltr'>γειν</span> <span class='ocrx_word' id='word_1_536' title='bbox 342 4493 360 4507; x_wconf 75' lang='grc' dir='ltr'><strong><em>ο</em></strong></span> <span class='ocrx_word' id='word_1_537' title='bbox 407 4493 431 4527; x_wconf 76' lang='lat' dir='ltr'><strong>c</strong></span> <span class='ocrx_word' id='word_1_538' title='bbox 464 4473 530 4527; x_wconf 79' lang='grc' dir='ltr'><strong>’Ὁ</strong></span> <span class='ocrx_word' id='word_1_539' title='bbox 546 4473 740 4528; x_wconf 70' lang='grc' dir='ltr'>εἴπατε</span> <span class='ocrx_word' id='word_1_540' title='bbox 775 4473 833 4524; x_wconf 85' lang='grc' dir='ltr'>ὲν</span> <span class='ocrx_word' id='word_1_541' title='bbox 871 4474 937 4544; x_wconf 78' lang='grc' dir='ltr'>τῇ</span> <span class='ocrx_word' id='word_1_542' title='bbox 975 4475 1190 4545; x_wconf 62' lang='grc' dir='ltr'>σκοτίᾳ,</span> <span class='ocrx_word' id='word_1_543' title='bbox 1223 4472 1631 4546; x_wconf 84' lang='grc' dir='ltr'>ἀκουσθήσεται</span> <span class='ocrx_word' id='word_1_544' title='bbox 1657 4477 1716 4529; x_wconf 81' lang='grc' dir='ltr'>ὲν</span> <span class='ocrx_word' id='word_1_545' title='bbox 1749 4475 1828 4547; x_wconf 82' lang='grc' dir='ltr'>τῷ</span> 
     </span>
    </p>
   </div>
   <div class='ocr_carea' id='block_1_74' title="bbox 160 4565 1828 4642">
    <p class='ocr_par' dir='ltr' id='par_1_74' title="bbox 160 4565 1828 4642">
     <span class='ocr_line' id='line_1_74' title="bbox 160 4565 1828 4642; baseline -0.002 -16"><span class='ocrx_word' id='word_1_546' title='bbox 160 4569 368 4642; x_wconf 69' lang='grc' dir='ltr'>φωτὶ,</span> <span class='ocrx_word' id='word_1_547' title='bbox 425 4584 450 4620; x_wconf 72' lang='grc' dir='ltr'><strong>ι</strong></span> <span class='ocrx_word' id='word_1_548' title='bbox 486 4565 581 4620; x_wconf 81' lang='grc' dir='ltr'>νῦν</span> <span class='ocrx_word' id='word_1_549' title='bbox 613 4565 747 4638; x_wconf 79' lang='grc' dir='ltr'>πρὸς</span> <span class='ocrx_word' id='word_1_550' title='bbox 795 4567 920 4629; x_wconf 70' lang='grc' dir='ltr'>τοὺς</span> <span class='ocrx_word' id='word_1_551' title='bbox 978 4565 1167 4636; x_wconf 85' lang='grc' dir='ltr'>φίλους</span> <span class='ocrx_word' id='word_1_552' title='bbox 1205 4567 1374 4620; x_wconf 81' lang='grc' dir='ltr'>αὐτοῦ</span> <span class='ocrx_word' id='word_1_553' title='bbox 1408 4568 1476 4621; x_wconf 87' lang='grc' dir='ltr'><strong>τά</strong></span> <span class='ocrx_word' id='word_1_554' title='bbox 1512 4568 1828 4641; x_wconf 80' lang='grc' dir='ltr'>τελειότερα</span> 
     </span>
    </p>
   </div>
   <div class='ocr_carea' id='block_1_75' title="bbox 157 4658 1830 4734">
    <p class='ocr_par' dir='ltr' id='par_1_75' title="bbox 157 4658 1830 4734">
     <span class='ocr_line' id='line_1_75' title="bbox 157 4658 1830 4734; baseline -0.002 -14"><span class='ocrx_word' id='word_1_555' title='bbox 157 4662 559 4732; x_wconf 70' lang='grc' dir='ltr'>διαλέγεται.</span> <span class='ocrx_word' id='word_1_556' title='bbox 598 4658 710 4723; x_wconf 87' lang='grc' dir='ltr'><strong>Τάς</strong></span> <span class='ocrx_word' id='word_1_557' title='bbox 764 4661 874 4732; x_wconf 77' lang='grc' dir='ltr'><strong>γὰρ</strong></span> <span class='ocrx_word' id='word_1_558' title='bbox 914 4660 1160 4725; x_wconf 80' lang='grc' dir='ltr'>ἀκάνθας</span> <span class='ocrx_word' id='word_1_559' title='bbox 1200 4660 1403 4727; x_wconf 70' lang='grc' dir='ltr'>ἐξελὼν</span> <span class='ocrx_word' id='word_1_560' title='bbox 1443 4662 1568 4734; x_wconf 75' lang='grc' dir='ltr'>ἠδη,</span> <span class='ocrx_word' id='word_1_561' title='bbox 1610 4663 1830 4734; x_wconf 82' lang='grc' dir='ltr'>σπείρει</span> 
     </span>
    </p>
   </div>
   <div class='ocr_carea' id='block_1_76' title="bbox 153 4751 1831 4826">
    <p class='ocr_par' dir='ltr' id='par_1_76' title="bbox 153 4751 1831 4826">
     <span class='ocr_line' id='line_1_76' title="bbox 153 4751 1831 4826; baseline -0.002 -13"><span class='ocrx_word' id='word_1_562' title='bbox 153 4759 232 4814; x_wconf 74' lang='grc' dir='ltr'>τὸ</span> <span class='ocrx_word' id='word_1_563' title='bbox 276 4752 532 4826; x_wconf 70' lang='grc' dir='ltr'>ἀγαθὸν</span> <span class='ocrx_word' id='word_1_564' title='bbox 576 4751 821 4825; x_wconf 70' lang='grc' dir='ltr'>σπέρμα.</span> <span class='ocrx_word' id='word_1_565' title='bbox 859 4753 1018 4823; x_wconf 86' lang='grc' dir='ltr'>Λέγω</span> <span class='ocrx_word' id='word_1_566' title='bbox 1048 4753 1107 4808; x_wconf 81' lang='grc' dir='ltr'>δὲ</span> <span class='ocrx_word' id='word_1_567' title='bbox 1141 4754 1273 4825; x_wconf 83' lang='grc' dir='ltr'>ὑμῖν</span> <span class='ocrx_word' id='word_1_568' title='bbox 1311 4759 1423 4819; x_wconf 80' lang='grc' dir='ltr'>τοῖς</span> <span class='ocrx_word' id='word_1_569' title='bbox 1469 4755 1646 4825; x_wconf 83' lang='grc' dir='ltr'>φίλοις</span> <span class='ocrx_word' id='word_1_570' title='bbox 1691 4774 1793 4826; x_wconf 87' lang='grc' dir='ltr'><strong>μου</strong></span> <span class='ocrx_word' id='word_1_571' title='bbox 1816 4773 1831 4789; x_wconf 78' lang='grc' dir='ltr'><strong><em>ο</em></strong></span> 
     </span>
    </p>
   </div>
   <div class='ocr_carea' id='block_1_77' title="bbox 153 4844 1831 4921">
    <p class='ocr_par' dir='ltr' id='par_1_77' title="bbox 153 4844 1831 4921">
     <span class='ocr_line' id='line_1_77' title="bbox 153 4844 1831 4921; baseline -0.002 -17"><span class='ocrx_word' id='word_1_572' title='bbox 153 4853 240 4908; x_wconf 62' lang='grc' dir='ltr'>τὰ</span> <span class='ocrx_word' id='word_1_573' title='bbox 301 4850 451 4921; x_wconf 70' lang='grc' dir='ltr'>γὰρ</span> <span class='ocrx_word' id='word_1_574' title='bbox 500 4845 770 4918; x_wconf 81' lang='grc' dir='ltr'>πρότερον</span> <span class='ocrx_word' id='word_1_575' title='bbox 822 4845 1096 4918; x_wconf 82' lang='grc' dir='ltr'>λεγόμενα</span> <span class='ocrx_word' id='word_1_576' title='bbox 1144 4848 1204 4901; x_wconf 82' lang='grc' dir='ltr'><strong>ού</strong></span> <span class='ocrx_word' id='word_1_577' title='bbox 1253 4849 1392 4919; x_wconf 83' lang='grc' dir='ltr'>πρὸς</span> <span class='ocrx_word' id='word_1_578' title='bbox 1420 4849 1620 4912; x_wconf 77' lang='grc' dir='ltr'>αὐτοὺς</span> <span class='ocrx_word' id='word_1_579' title='bbox 1668 4844 1831 4920; x_wconf 81' lang='grc' dir='ltr'>ἦσαν,</span> 
     </span>
    </p>
   </div>
   <div class='ocr_carea' id='block_1_78' title="bbox 149 4935 1836 5012">
    <p class='ocr_par' dir='ltr' id='par_1_78' title="bbox 149 4935 1836 5012">
     <span class='ocr_line' id='line_1_78' title="bbox 149 4935 1836 5012; baseline -0.003 -15"><span class='ocrx_word' id='word_1_580' title='bbox 149 4944 328 5003; x_wconf 76' lang='grc' dir='ltr'>ἀλλὰ</span> <span class='ocrx_word' id='word_1_581' title='bbox 360 4939 528 5009; x_wconf 81' lang='grc' dir='ltr'>πρὸς</span> <span class='ocrx_word' id='word_1_582' title='bbox 562 4940 686 5002; x_wconf 79' lang='grc' dir='ltr'>τοὺς</span> <span class='ocrx_word' id='word_1_583' title='bbox 714 4938 1070 5012; x_wconf 85' lang='grc' dir='ltr'>Φαρισαίους·</span> <span class='ocrx_word' id='word_1_584' title='bbox 1107 4941 1238 5010; x_wconf 81' lang='grc' dir='ltr'>ὑμῖν</span> <span class='ocrx_word' id='word_1_585' title='bbox 1269 4935 1364 4992; x_wconf 79' lang='grc' dir='ltr'>οὖν</span> <span class='ocrx_word' id='word_1_586' title='bbox 1412 4938 1560 5006; x_wconf 84' lang='grc' dir='ltr'>λέγω</span> <span class='ocrx_word' id='word_1_587' title='bbox 1598 4942 1712 5003; x_wconf 90' lang='grc' dir='ltr'>τοῖς</span> <span class='ocrx_word' id='word_1_588' title='bbox 1744 4940 1836 5010; x_wconf 83' lang='grc' dir='ltr'>φί-</span> 
     </span>
    </p>
   </div>
   <div class='ocr_carea' id='block_1_79' title="bbox 149 5025 1834 5108">
    <p class='ocr_par' dir='ltr' id='par_1_79' title="bbox 149 5025 1834 5108">
     <span class='ocr_line' id='line_1_79' title="bbox 149 5025 1834 5108; baseline -0.004 -17"><span class='ocrx_word' id='word_1_589' title='bbox 149 5042 296 5102; x_wconf 73' lang='grc' dir='ltr'>λοις</span> <span class='ocrx_word' id='word_1_590' title='bbox 335 5048 499 5108; x_wconf 68' lang='grc' dir='ltr'>μουο</span> <span class='ocrx_word' id='word_1_591' title='bbox 525 5032 589 5085; x_wconf 88' lang='grc' dir='ltr'><strong>ού</strong></span> <span class='ocrx_word' id='word_1_592' title='bbox 621 5034 754 5086; x_wconf 77' lang='grc' dir='ltr'>πᾶσι</span> <span class='ocrx_word' id='word_1_593' title='bbox 786 5036 896 5104; x_wconf 83' lang='grc' dir='ltr'>γὰρ</span> <span class='ocrx_word' id='word_1_594' title='bbox 923 5031 1156 5104; x_wconf 74' lang='grc' dir='ltr'>ἁρμόζει</span> <span class='ocrx_word' id='word_1_595' title='bbox 1187 5036 1215 5087; x_wconf 84' lang='grc' dir='ltr'>ὁ</span> <span class='ocrx_word' id='word_1_596' title='bbox 1241 5033 1397 5102; x_wconf 87' lang='grc' dir='ltr'>λόγος</span> <span class='ocrx_word' id='word_1_597' title='bbox 1429 5025 1608 5099; x_wconf 76' lang='grc' dir='ltr'>οὗτος,</span> <span class='ocrx_word' id='word_1_598' title='bbox 1640 5032 1757 5087; x_wconf 76' lang='grc' dir='ltr'>ἀλλ’</span> <span class='ocrx_word' id='word_1_599' title='bbox 1784 5033 1834 5086; x_wconf 83' lang='grc' dir='ltr'>οἳ</span> 
     </span>
    </p>
   </div>
   <div class='ocr_carea' id='block_1_80' title="bbox 147 5123 1834 5199">
    <p class='ocr_par' dir='ltr' id='par_1_80' title="bbox 147 5123 1834 5199">
     <span class='ocr_line' id='line_1_80' title="bbox 147 5123 1834 5199; baseline -0.006 -10"><span class='ocrx_word' id='word_1_600' title='bbox 147 5131 223 5199; x_wconf 64' lang='grc' dir='ltr'><strong>ἐξ</strong></span> <span class='ocrx_word' id='word_1_601' title='bbox 260 5129 437 5198; x_wconf 83' lang='grc' dir='ltr'>ὅλης</span> <span class='ocrx_word' id='word_1_602' title='bbox 469 5123 656 5194; x_wconf 74' lang='grc' dir='ltr'>ψυχῆς</span> <span class='ocrx_word' id='word_1_603' title='bbox 680 5123 982 5194; x_wconf 75' lang='grc' dir='ltr'>ἠγάπησαν</span> <span class='ocrx_word' id='word_1_604' title='bbox 1011 5125 1196 5186; x_wconf 82' lang='grc' dir='ltr'>αὑτὸν.</span> <span class='ocrx_word' id='word_1_605' title='bbox 1233 5127 1327 5178; x_wconf 73' lang='grc' dir='ltr'>καὶ</span> <span class='ocrx_word' id='word_1_606' title='bbox 1365 5125 1415 5178; x_wconf 79' lang='grc' dir='ltr'>οἳ</span> <span class='ocrx_word' id='word_1_607' title='bbox 1462 5124 1718 5179; x_wconf 86' lang='grc' dir='ltr'>δύνανται</span> <span class='ocrx_word' id='word_1_608' title='bbox 1745 5125 1834 5180; x_wconf 83' lang='grc' dir='ltr'>λέ-</span> 
     </span>
    </p>
   </div>
   <div class='ocr_carea' id='block_1_81' title="bbox 145 5215 1833 5296">
    <p class='ocr_par' dir='ltr' id='par_1_81' title="bbox 145 5215 1833 5296">
     <span class='ocr_line' id='line_1_81' title="bbox 145 5215 1833 5296; baseline -0.005 -17"><span class='ocrx_word' id='word_1_609' title='bbox 145 5241 299 5296; x_wconf 78' lang='grc' dir='ltr'>γειν</span> <span class='ocrx_word' id='word_1_610' title='bbox 324 5238 343 5252; x_wconf 86' lang='grc'>⁶</span> <span class='ocrx_word' id='word_1_611' title='bbox 390 5216 513 5278; x_wconf 85' lang='grc' dir='ltr'>Τίς</span> <span class='ocrx_word' id='word_1_612' title='bbox 545 5215 692 5286; x_wconf 72' lang='grc' dir='ltr'>ἡμᾶς</span> <span class='ocrx_word' id='word_1_613' title='bbox 732 5216 961 5288; x_wconf 84' lang='grc' dir='ltr'>χωρίσει</span> <span class='ocrx_word' id='word_1_614' title='bbox 988 5217 1098 5271; x_wconf 78' lang='grc' dir='ltr'><strong>ἀπὺ</strong></span> <span class='ocrx_word' id='word_1_615' title='bbox 1138 5217 1238 5287; x_wconf 80' lang='grc' dir='ltr'>τῆς</span> <span class='ocrx_word' id='word_1_616' title='bbox 1267 5218 1491 5289; x_wconf 84' lang='grc' dir='ltr'>ἀγάπης</span> <span class='ocrx_word' id='word_1_617' title='bbox 1524 5217 1622 5271; x_wconf 84' lang='grc' dir='ltr'>τοῦ</span> <span class='ocrx_word' id='word_1_618' title='bbox 1659 5217 1833 5285; x_wconf 84' lang='grc' dir='ltr'>Θεοῠ;</span> 
     </span>
    </p>
   </div>
   <div class='ocr_carea' id='block_1_82' title="bbox 145 5305 1837 5382">
    <p class='ocr_par' dir='ltr' id='par_1_82' title="bbox 145 5305 1837 5382">
     <span class='ocr_line' id='line_1_82' title="bbox 145 5305 1837 5382; baseline -0.01 -7"><span class='ocrx_word' id='word_1_619' title='bbox 145 5319 202 5374; x_wconf 89' lang='grc' dir='ltr'><strong>Τ</strong></span> <span class='ocrx_word' id='word_1_620' title='bbox 204 5318 312 5381; x_wconf 72' lang='grc' dir='ltr'><strong>οῖς</strong></span> <span class='ocrx_word' id='word_1_621' title='bbox 347 5305 653 5369; x_wconf 76' lang='grc' dir='ltr'>τοιούτοις</span> <span class='ocrx_word' id='word_1_622' title='bbox 682 5308 916 5380; x_wconf 77' lang='grc' dir='ltr'>ἁρμόζει</span> <span class='ocrx_word' id='word_1_623' title='bbox 955 5307 1097 5380; x_wconf 81' lang='grc' dir='ltr'>αὕτη</span> <span class='ocrx_word' id='word_1_624' title='bbox 1143 5312 1176 5381; x_wconf 83' lang='grc' dir='ltr'><strong>ὴ</strong></span> <span class='ocrx_word' id='word_1_625' title='bbox 1207 5311 1557 5382; x_wconf 82' lang='grc' dir='ltr'>παραίνεσις.</span> <span class='ocrx_word' id='word_1_626' title='bbox 1599 5311 1691 5382; x_wconf 77' lang='grc' dir='ltr'><strong>Μὴ</strong></span> <span class='ocrx_word' id='word_1_627' title='bbox 1737 5327 1837 5381; x_wconf 81' lang='grc' dir='ltr'><strong>φο.</strong></span> 
     </span>
    </p>
   </div>
   <div class='ocr_carea' id='block_1_83' title="bbox 145 5399 1840 5486">
    <p class='ocr_par' dir='ltr' id='par_1_83' title="bbox 145 5399 1840 5486">
     <span class='ocr_line' id='line_1_83' title="bbox 145 5399 1840 5486; baseline 0 -30"><span class='ocrx_word' id='word_1_628' title='bbox 145 5411 447 5486; x_wconf 77' lang='grc' dir='ltr'>σηθῆτε,</span> <span class='ocrx_word' id='word_1_629' title='bbox 490 5399 685 5471; x_wconf 82' lang='grc' dir='ltr'>φησὶν,</span> <span class='ocrx_word' id='word_1_630' title='bbox 710 5401 819 5454; x_wconf 76' lang='grc' dir='ltr'><strong>ἀπὸ</strong></span> <span class='ocrx_word' id='word_1_631' title='bbox 847 5400 957 5456; x_wconf 83' lang='grc' dir='ltr'><strong>τῶν</strong></span> <span class='ocrx_word' id='word_1_632' title='bbox 986 5401 1427 5456; x_wconf 86' lang='grc' dir='ltr'>ἀποκτεινόντων</span> <span class='ocrx_word' id='word_1_633' title='bbox 1457 5403 1516 5457; x_wconf 82' lang='grc' dir='ltr'>τὸ</span> <span class='ocrx_word' id='word_1_634' title='bbox 1539 5401 1722 5475; x_wconf 83' lang='grc' dir='ltr'>σῶμα,</span> <span class='ocrx_word' id='word_1_635' title='bbox 1743 5405 1840 5458; x_wconf 73' lang='grc' dir='ltr'>καὶ</span> 
     </span>
    </p>
   </div>
   <div class='ocr_carea' id='block_1_84' title="bbox 147 5493 1838 5583">
    <p class='ocr_par' dir='ltr' id='par_1_84' title="bbox 147 5493 1838 5583">
     <span class='ocr_line' id='line_1_84' title="bbox 147 5493 1838 5583; baseline -0.008 -21"><span class='ocrx_word' id='word_1_636' title='bbox 147 5503 374 5583; x_wconf 73' lang='grc' dir='ltr'>μηδὲν</span> <span class='ocrx_word' id='word_1_637' title='bbox 410 5493 636 5553; x_wconf 77' lang='grc' dir='ltr'>τούτου</span> <span class='ocrx_word' id='word_1_638' title='bbox 673 5493 838 5549; x_wconf 67' lang='grc' dir='ltr'>πλέον</span> <span class='ocrx_word' id='word_1_639' title='bbox 871 5494 1134 5566; x_wconf 83' lang='grc' dir='ltr'>βλάπτειν</span> <span class='ocrx_word' id='word_1_640' title='bbox 1170 5496 1425 5566; x_wconf 73' lang='grc' dir='ltr'>ἑχόντων.</span> <span class='ocrx_word' id='word_1_641' title='bbox 1470 5497 1563 5559; x_wconf 83' lang='grc' dir='ltr'><strong>Είς</strong></span> <span class='ocrx_word' id='word_1_642' title='bbox 1593 5495 1702 5568; x_wconf 88' lang='grc' dir='ltr'><strong>γὰρ</strong></span> <span class='ocrx_word' id='word_1_643' title='bbox 1747 5513 1838 5566; x_wconf 83' lang='grc' dir='ltr'>μι-</span> 
     </span>
    </p>
   </div>
   <div class='ocr_carea' id='block_1_85' title="bbox 137 5585 1831 5674">
    <p class='ocr_par' dir='ltr' id='par_1_85' title="bbox 137 5585 1831 5674">
     <span class='ocr_line' id='line_1_85' title="bbox 137 5585 1831 5674; baseline -0.011 -25"><span class='ocrx_word' id='word_1_644' title='bbox 137 5599 312 5674; x_wconf 71' lang='grc' dir='ltr'>κρὸν</span> <span class='ocrx_word' id='word_1_645' title='bbox 343 5596 388 5664; x_wconf 74' lang='grc' dir='ltr'>ἡ</span> <span class='ocrx_word' id='word_1_646' title='bbox 424 5588 546 5645; x_wconf 75' lang='grc' dir='ltr'><strong>ἀπ’</strong></span> <span class='ocrx_word' id='word_1_647' title='bbox 570 5585 751 5642; x_wconf 85' lang='grc' dir='ltr'>αὐτῶν</span> <span class='ocrx_word' id='word_1_648' title='bbox 768 5587 942 5659; x_wconf 78' lang='grc' dir='ltr'>ζημία</span> <span class='ocrx_word' id='word_1_649' title='bbox 966 5587 1342 5660; x_wconf 86' lang='grc' dir='ltr'>περιίσταται,</span> <span class='ocrx_word' id='word_1_650' title='bbox 1375 5589 1537 5659; x_wconf 85' lang='grc' dir='ltr'>σῶμα</span> <span class='ocrx_word' id='word_1_651' title='bbox 1561 5587 1831 5659; x_wconf 83' lang='grc' dir='ltr'>βλαπτόν-</span> 
     </span>
    </p>
   </div>
   <div class='ocr_carea' id='block_1_86' title="bbox 137 5680 1833 5758">
    <p class='ocr_par' dir='ltr' id='par_1_86' title="bbox 137 5680 1833 5758">
     <span class='ocr_line' id='line_1_86' title="bbox 137 5680 1833 5758; baseline 0.002 -28"><span class='ocrx_word' id='word_1_652' title='bbox 137 5709 308 5758; x_wconf 58' lang='grc' dir='ltr'><strong>των,</strong></span> <span class='ocrx_word' id='word_1_653' title='bbox 347 5687 387 5742; x_wconf 77' lang='grc' dir='ltr'>δ</span> <span class='ocrx_word' id='word_1_654' title='bbox 427 5681 510 5739; x_wconf 68' lang='grc' dir='ltr'>τὸ</span> <span class='ocrx_word' id='word_1_655' title='bbox 545 5681 746 5734; x_wconf 72' lang='grc' dir='ltr'>οἰκεῖον</span> <span class='ocrx_word' id='word_1_656' title='bbox 781 5680 1052 5748; x_wconf 86' lang='grc' dir='ltr'>πείσεται,</span> <span class='ocrx_word' id='word_1_657' title='bbox 1090 5681 1194 5736; x_wconf 79' lang='grc' dir='ltr'>κᾶν</span> <span class='ocrx_word' id='word_1_658' title='bbox 1223 5682 1378 5736; x_wconf 74' lang='grc' dir='ltr'>αὐτοὶ</span> <span class='ocrx_word' id='word_1_659' title='bbox 1420 5681 1496 5754; x_wconf 80' lang='grc' dir='ltr'>μὴ</span> <span class='ocrx_word' id='word_1_660' title='bbox 1531 5681 1833 5754; x_wconf 78' lang='grc' dir='ltr'>βλάψωσιν.</span> 
     </span>
    </p>
   </div>
   <div class='ocr_carea' id='block_1_87' title="bbox 153 5772 1841 5847">
    <p class='ocr_par' dir='ltr' id='par_1_87' title="bbox 153 5772 1841 5847">
     <span class='ocr_line' id='line_1_87' title="bbox 153 5772 1841 5847; baseline -0.017 -2"><span class='ocrx_word' id='word_1_661' title='bbox 153 5787 477 5844; x_wconf 78' lang='grc' dir='ltr'>Ἐκεῖνον</span> <span class='ocrx_word' id='word_1_662' title='bbox 513 5772 576 5827; x_wconf 74' lang='grc' dir='ltr'>δὲ</span> <span class='ocrx_word' id='word_1_663' title='bbox 597 5772 749 5838; x_wconf 79' lang='grc' dir='ltr'>ἀξιον</span> <span class='ocrx_word' id='word_1_664' title='bbox 771 5773 1055 5842; x_wconf 86' lang='grc' dir='ltr'>φοϐεῖσθαι</span> <span class='ocrx_word' id='word_1_665' title='bbox 1088 5774 1181 5828; x_wconf 81' lang='grc' dir='ltr'>τὸν</span> <span class='ocrx_word' id='word_1_666' title='bbox 1205 5775 1266 5828; x_wconf 86' lang='grc' dir='ltr'><strong>ού</strong></span> <span class='ocrx_word' id='word_1_667' title='bbox 1302 5775 1464 5847; x_wconf 67' lang='grc' dir='ltr'>μόνον</span> <span class='ocrx_word' id='word_1_668' title='bbox 1494 5775 1656 5846; x_wconf 86' lang='grc' dir='ltr'>σῶμα</span> <span class='ocrx_word' id='word_1_669' title='bbox 1682 5775 1841 5830; x_wconf 88' lang='grc' dir='ltr'>κολά.</span> 
     </span>
    </p>
   </div>
   <div class='ocr_carea' id='block_1_88' title="bbox 136 5864 1843 5952">
    <p class='ocr_par' dir='ltr' id='par_1_88' title="bbox 136 5864 1843 5952">
     <span class='ocr_line' id='line_1_88' title="bbox 136 5864 1843 5952; baseline -0.012 -10"><span class='ocrx_word' id='word_1_670' title='bbox 136 5884 375 5952; x_wconf 76' lang='grc' dir='ltr'>ζοντα,</span> <span class='ocrx_word' id='word_1_671' title='bbox 415 5864 588 5927; x_wconf 78' lang='grc' dir='ltr'><strong>ἀλλά</strong></span> <span class='ocrx_word' id='word_1_672' title='bbox 611 5867 700 5920; x_wconf 76' lang='grc' dir='ltr'>καὶ</span> <span class='ocrx_word' id='word_1_673' title='bbox 727 5865 929 5938; x_wconf 77' lang='grc' dir='ltr'>ψυχὴν,</span> <span class='ocrx_word' id='word_1_674' title='bbox 951 5867 1013 5922; x_wconf 77' lang='grc' dir='ltr'>τὸ</span> <span class='ocrx_word' id='word_1_675' title='bbox 1038 5866 1307 5922; x_wconf 85' lang='grc' dir='ltr'>ἀθάνατον</span> <span class='ocrx_word' id='word_1_676' title='bbox 1330 5871 1524 5941; x_wconf 82' lang='grc' dir='ltr'>χρῆμα</span> <span class='ocrx_word' id='word_1_677' title='bbox 1549 5867 1843 5932; x_wconf 85' lang='grc' dir='ltr'>ἀθανάτοις</span> 
     </span>
    </p>
   </div>
   <div class='ocr_carea' id='block_1_89' title="bbox 221 6047 817 6117">
    <p class='ocr_par' dir='ltr' id='par_1_89' title="bbox 221 6047 817 6117">
     <span class='ocr_line' id='line_1_89' title="bbox 221 6047 817 6117; baseline -0.01 -10"><span class='ocrx_word' id='word_1_678' title='bbox 221 6067 279 6100; x_wconf 68' lang='grc' dir='ltr'><strong>ν</strong></span> <span class='ocrx_word' id='word_1_679' title='bbox 317 6060 535 6117; x_wconf 67' lang='lat' dir='ltr'><strong>noni.</strong></span> <span class='ocrx_word' id='word_1_680' title='bbox 581 6063 699 6113; x_wconf 77' lang='lat' dir='ltr'><strong>t&#39;m,</strong></span> <span class='ocrx_word' id='word_1_681' title='bbox 725 6047 817 6102; x_wconf 73' lang='lat'><strong>&#39;55.</strong></span> 
     </span>
    </p>
   </div>
   <div class='ocr_carea' id='block_1_90' title="bbox 1937 3346 3544 3425">
    <p class='ocr_par' dir='ltr' id='par_1_90' title="bbox 1937 3346 3544 3425">
     <span class='ocr_line' id='line_1_90' title="bbox 1937 3346 3544 3425; baseline 0.006 -24"><span class='ocrx_word' id='word_1_682' title='bbox 1937 3348 2251 3402; x_wconf 88' lang='lat' dir='ltr'><strong>terreamiui</strong></span> <span class='ocrx_word' id='word_1_683' title='bbox 2275 3346 2442 3419; x_wconf 74' lang='lat'><strong>366</strong></span> <span class='ocrx_word' id='word_1_684' title='bbox 2465 3350 2533 3403; x_wconf 85' lang='lat' dir='ltr'><strong>ab</strong></span> <span class='ocrx_word' id='word_1_685' title='bbox 2558 3349 2642 3404; x_wconf 89' lang='lat' dir='ltr'><strong>his</strong></span> <span class='ocrx_word' id='word_1_686' title='bbox 2672 3348 2766 3419; x_wconf 87' lang='lat' dir='ltr'><strong>qui</strong></span> <span class='ocrx_word' id='word_1_687' title='bbox 2797 3350 3058 3405; x_wconf 88' lang='lat' dir='ltr'><strong>occidunt</strong></span> <span class='ocrx_word' id='word_1_688' title='bbox 3085 3366 3312 3423; x_wconf 89' lang='lat' dir='ltr'><strong>corpus,</strong></span> <span class='ocrx_word' id='word_1_689' title='bbox 3335 3361 3389 3408; x_wconf 90' lang='lat' dir='ltr'><strong>et</strong></span> <span class='ocrx_word' id='word_1_690' title='bbox 3416 3365 3544 3425; x_wconf 90' lang='lat' dir='ltr'><strong>post</strong></span> 
     </span>
    </p>
   </div>
   <div class='ocr_carea' id='block_1_91' title="bbox 1935 3439 3540 3511">
    <p class='ocr_par' dir='ltr' id='par_1_91' title="bbox 1935 3439 3540 3511">
     <span class='ocr_line' id='line_1_91' title="bbox 1935 3439 3540 3511; baseline 0.005 -17"><span class='ocrx_word' id='word_1_691' title='bbox 1935 3439 2049 3495; x_wconf 67' lang='lat' dir='ltr'><strong>haec</strong></span> <span class='ocrx_word' id='word_1_692' title='bbox 2079 3454 2185 3494; x_wconf 90' lang='lat' dir='ltr'><strong>non</strong></span> <span class='ocrx_word' id='word_1_693' title='bbox 2220 3440 2424 3495; x_wconf 89' lang='lat' dir='ltr'><strong>habent</strong></span> <span class='ocrx_word' id='word_1_694' title='bbox 2472 3441 2617 3511; x_wconf 89' lang='lat' dir='ltr'><strong>quod</strong></span> <span class='ocrx_word' id='word_1_695' title='bbox 2666 3440 2902 3510; x_wconf 88' lang='lat' dir='ltr'><strong>amplius</strong></span> <span class='ocrx_word' id='word_1_696' title='bbox 2967 3440 3192 3499; x_wconf 82' lang='lat' dir='ltr'><strong>faciant.</strong></span> <span class='ocrx_word' id='word_1_697' title='bbox 3241 3444 3540 3502; x_wconf 82' lang='lat' dir='ltr'><strong>Ostendam</strong></span> 
     </span>
    </p>
   </div>
   <div class='ocr_carea' id='block_1_92' title="bbox 1937 3531 3543 3610">
    <p class='ocr_par' dir='ltr' id='par_1_92' title="bbox 1937 3531 3543 3610">
     <span class='ocr_line' id='line_1_92' title="bbox 1937 3531 3543 3610; baseline 0.006 -24"><span class='ocrx_word' id='word_1_698' title='bbox 1937 3541 2121 3586; x_wconf 81' lang='lat' dir='ltr'><strong>autem</strong></span> <span class='ocrx_word' id='word_1_699' title='bbox 2155 3531 2313 3587; x_wconf 80' lang='lat' dir='ltr'><strong>vobis</strong></span> <span class='ocrx_word' id='word_1_700' title='bbox 2344 3547 2508 3602; x_wconf 88' lang='lat' dir='ltr'><strong>quem</strong></span> <span class='ocrx_word' id='word_1_701' title='bbox 2546 3532 2808 3588; x_wconf 82' lang='lat' dir='ltr'><strong>timeatis.</strong></span> <span class='ocrx_word' id='word_1_702' title='bbox 2843 3532 3056 3591; x_wconf 84' lang='lat' dir='ltr'><strong>Timete</strong></span> <span class='ocrx_word' id='word_1_703' title='bbox 3088 3551 3211 3592; x_wconf 90' lang='lat' dir='ltr'><strong>eum</strong></span> <span class='ocrx_word' id='word_1_704' title='bbox 3242 3540 3336 3609; x_wconf 89' lang='lat' dir='ltr'><strong>qui</strong></span> <span class='ocrx_word' id='word_1_705' title='bbox 3371 3548 3543 3610; x_wconf 85' lang='lat' dir='ltr'><strong>post-</strong></span> 
     </span>
    </p>
   </div>
   <div class='ocr_carea' id='block_1_93' title="bbox 1935 3624 3541 3698">
    <p class='ocr_par' dir='ltr' id='par_1_93' title="bbox 1935 3624 3541 3698">
     <span class='ocr_line' id='line_1_93' title="bbox 1935 3624 3541 3698; baseline 0.007 -23"><span class='ocrx_word' id='word_1_706' title='bbox 1935 3638 2099 3694; x_wconf 88' lang='lat' dir='ltr'><strong>quam</strong></span> <span class='ocrx_word' id='word_1_707' title='bbox 2149 3624 2435 3689; x_wconf 89' lang='lat' dir='ltr'><strong>occiderit,</strong></span> <span class='ocrx_word' id='word_1_708' title='bbox 2495 3624 2661 3679; x_wconf 82' lang='lat' dir='ltr'><strong>habet</strong></span> <span class='ocrx_word' id='word_1_709' title='bbox 2718 3634 3043 3694; x_wconf 88' lang='lat' dir='ltr'><strong>potestatem</strong></span> <span class='ocrx_word' id='word_1_710' title='bbox 3092 3629 3418 3698; x_wconf 86' lang='lat' dir='ltr'><strong>conjiciendi</strong></span> <span class='ocrx_word' id='word_1_711' title='bbox 3488 3631 3541 3686; x_wconf 80' lang='lat' dir='ltr'><strong>ir</strong></span> 
     </span>
    </p>
   </div>
   <div class='ocr_carea' id='block_1_94' title="bbox 1935 3715 3545 3786">
    <p class='ocr_par' dir='ltr' id='par_1_94' title="bbox 1935 3715 3545 3786">
     <span class='ocr_line' id='line_1_94' title="bbox 1935 3715 3545 3786; baseline 0.007 -16"><span class='ocrx_word' id='word_1_712' title='bbox 1935 3716 2263 3786; x_wconf 75' lang='lat' dir='ltr'><strong>gehennam.</strong></span> <span class='ocrx_word' id='word_1_713' title='bbox 2316 3715 2479 3772; x_wconf 86' lang='lat' dir='ltr'><strong>Certe</strong></span> <span class='ocrx_word' id='word_1_714' title='bbox 2513 3717 2638 3772; x_wconf 90' lang='lat' dir='ltr'><strong>dico</strong></span> <span class='ocrx_word' id='word_1_715' title='bbox 2673 3718 2850 3785; x_wconf 85' lang='lat' dir='ltr'><strong>vobis,</strong></span> <span class='ocrx_word' id='word_1_716' title='bbox 2884 3719 3030 3778; x_wconf 89' lang='lat' dir='ltr'><strong>hunc</strong></span> <span class='ocrx_word' id='word_1_717' title='bbox 3085 3723 3296 3779; x_wconf 86' lang='lat' dir='ltr'><strong>timete.</strong></span> <span class='ocrx_word' id='word_1_718' title='bbox 3347 3723 3545 3782; x_wconf 81' lang='lat' dir='ltr'><strong>Nonne</strong></span> 
     </span>
    </p>
   </div>
   <div class='ocr_carea' id='block_1_95' title="bbox 1936 3809 3545 3880">
    <p class='ocr_par' dir='ltr' id='par_1_95' title="bbox 1936 3809 3545 3880">
     <span class='ocr_line' id='line_1_95' title="bbox 1936 3809 3545 3880; baseline 0.007 -19"><span class='ocrx_word' id='word_1_719' title='bbox 1936 3810 2179 3880; x_wconf 82' lang='lat' dir='ltr'><strong>quinque</strong></span> <span class='ocrx_word' id='word_1_720' title='bbox 2229 3809 2532 3879; x_wconf 81' lang='lat' dir='ltr'><strong>passereuli</strong></span> <span class='ocrx_word' id='word_1_721' title='bbox 2592 3821 2836 3868; x_wconf 86' lang='lat' dir='ltr'><strong>veneunt</strong></span> <span class='ocrx_word' id='word_1_722' title='bbox 2897 3813 3122 3869; x_wconf 91' lang='lat' dir='ltr'><strong>minutis</strong></span> <span class='ocrx_word' id='word_1_723' title='bbox 3155 3817 3377 3872; x_wconf 89' lang='lat' dir='ltr'><strong>assibus</strong></span> <span class='ocrx_word' id='word_1_724' title='bbox 3411 3819 3545 3872; x_wconf 88' lang='lat' dir='ltr'><strong>duo-</strong></span> 
     </span>
    </p>
   </div>
   <div class='ocr_carea' id='block_1_96' title="bbox 1937 3901 3540 3963">
    <p class='ocr_par' dir='ltr' id='par_1_96' title="bbox 1937 3901 3540 3963">
     <span class='ocr_line' id='line_1_96' title="bbox 1937 3901 3540 3963; baseline 0.004 -7"><span class='ocrx_word' id='word_1_725' title='bbox 1937 3901 2073 3956; x_wconf 81' lang='lat' dir='ltr'><strong>bus?</strong></span> <span class='ocrx_word' id='word_1_726' title='bbox 2112 3911 2168 3955; x_wconf 91' lang='lat' dir='ltr'><strong>et</strong></span> <span class='ocrx_word' id='word_1_727' title='bbox 2209 3917 2351 3957; x_wconf 87' lang='lat' dir='ltr'><strong>unus</strong></span> <span class='ocrx_word' id='word_1_728' title='bbox 2397 3917 2463 3957; x_wconf 85' lang='lat' dir='ltr'><strong>ex</strong></span> <span class='ocrx_word' id='word_1_729' title='bbox 2499 3901 2605 3957; x_wconf 86' lang='lat' dir='ltr'><strong>illis</strong></span> <span class='ocrx_word' id='word_1_730' title='bbox 2639 3916 2746 3957; x_wconf 90' lang='lat' dir='ltr'><strong>non</strong></span> <span class='ocrx_word' id='word_1_731' title='bbox 2778 3914 2867 3959; x_wconf 91' lang='lat' dir='ltr'><strong>est</strong></span> <span class='ocrx_word' id='word_1_732' title='bbox 2913 3904 2970 3960; x_wconf 90' lang='lat' dir='ltr'><strong>in</strong></span> <span class='ocrx_word' id='word_1_733' title='bbox 3022 3905 3300 3963; x_wconf 83' lang='lat' dir='ltr'><strong>oblivione</strong></span> <span class='ocrx_word' id='word_1_734' title='bbox 3351 3923 3540 3962; x_wconf 66' lang='lat' dir='ltr'><strong>coram</strong></span> 
     </span>
    </p>
   </div>
   <div class='ocr_carea' id='block_1_97' title="bbox 1938 3994 3544 4067">
    <p class='ocr_par' dir='ltr' id='par_1_97' title="bbox 1938 3994 3544 4067">
     <span class='ocr_line' id='line_1_97' title="bbox 1938 3994 3544 4067; baseline 0.003 -17"><span class='ocrx_word' id='word_1_735' title='bbox 1938 3995 2071 4051; x_wconf 87' lang='lat' dir='ltr'><strong>Deo.</strong></span> <span class='ocrx_word' id='word_1_736' title='bbox 2107 3994 2250 4062; x_wconf 90' lang='lat' dir='ltr'><strong>Quin</strong></span> <span class='ocrx_word' id='word_1_737' title='bbox 2278 4005 2332 4050; x_wconf 88' lang='lat' dir='ltr'><strong>et</strong></span> <span class='ocrx_word' id='word_1_738' title='bbox 2360 3994 2542 4067; x_wconf 84' lang='lat' dir='ltr'><strong>capilli</strong></span> <span class='ocrx_word' id='word_1_739' title='bbox 2590 3994 2788 4065; x_wconf 83' lang='lat' dir='ltr'><strong>capitis</strong></span> <span class='ocrx_word' id='word_1_740' title='bbox 2828 3998 2996 4052; x_wconf 85' lang='lat' dir='ltr'><strong>vestri</strong></span> <span class='ocrx_word' id='word_1_741' title='bbox 3045 4012 3239 4055; x_wconf 88' lang='lat' dir='ltr'><strong>omnes</strong></span> <span class='ocrx_word' id='word_1_742' title='bbox 3268 4000 3544 4055; x_wconf 82' lang='lat' dir='ltr'><strong>numerati</strong></span> 
     </span>
    </p>
   </div>
   <div class='ocr_carea' id='block_1_98' title="bbox 1937 4088 3546 4164">
    <p class='ocr_par' dir='ltr' id='par_1_98' title="bbox 1937 4088 3546 4164">
     <span class='ocr_line' id='line_1_98' title="bbox 1937 4088 3546 4164; baseline 0.002 -18"><span class='ocrx_word' id='word_1_743' title='bbox 1937 4098 2069 4146; x_wconf 89' lang='lat' dir='ltr'><strong>sunt</strong></span> <span class='ocrx_word' id='word_1_744' title='bbox 2101 4108 2114 4143; x_wconf 89' lang='lat'><strong>:</strong></span> <span class='ocrx_word' id='word_1_745' title='bbox 2152 4090 2322 4145; x_wconf 91' lang='lat' dir='ltr'><strong>nolite</strong></span> <span class='ocrx_word' id='word_1_746' title='bbox 2351 4105 2482 4162; x_wconf 80' lang='lat' dir='ltr'><strong>ergo</strong></span> <span class='ocrx_word' id='word_1_747' title='bbox 2513 4088 2713 4145; x_wconf 89' lang='lat' dir='ltr'><strong>timere</strong></span> <span class='ocrx_word' id='word_1_748' title='bbox 2747 4107 2760 4145; x_wconf 90' lang='lat'><strong>:</strong></span> <span class='ocrx_word' id='word_1_749' title='bbox 2790 4089 2975 4146; x_wconf 89' lang='lat' dir='ltr'><strong>multis</strong></span> <span class='ocrx_word' id='word_1_750' title='bbox 3009 4093 3335 4161; x_wconf 84' lang='lat' dir='ltr'><strong>passeribus</strong></span> <span class='ocrx_word' id='word_1_751' title='bbox 3370 4094 3546 4164; x_wconf 91' lang='lat' dir='ltr'><strong>pluris</strong></span> 
     </span>
    </p>
   </div>
   <div class='ocr_carea' id='block_1_99' title="bbox 1936 4181 3543 4263">
    <p class='ocr_par' dir='ltr' id='par_1_99' title="bbox 1936 4181 3543 4263">
     <span class='ocr_line' id='line_1_99' title="bbox 1936 4181 3543 4263; baseline 0.001 -23"><span class='ocrx_word' id='word_1_752' title='bbox 1936 4183 2096 4240; x_wconf 90' lang='lat' dir='ltr'><strong>estis.</strong></span> <span class='ocrx_word' id='word_1_753' title='bbox 2130 4201 2147 4235; x_wconf 77' lang='grc' dir='ltr'><strong>ι</strong></span> <span class='ocrx_word' id='word_1_754' title='bbox 2177 4181 2477 4255; x_wconf 77' lang='lat' dir='ltr'><strong>Postquam</strong></span> <span class='ocrx_word' id='word_1_755' title='bbox 2508 4183 2770 4240; x_wconf 84' lang='lat' dir='ltr'><strong>Dominus</strong></span> <span class='ocrx_word' id='word_1_756' title='bbox 2798 4185 3112 4263; x_wconf 86' lang='lat' dir='ltr'><strong>hypocrisin</strong></span> <span class='ocrx_word' id='word_1_757' title='bbox 3138 4187 3543 4244; x_wconf 62' lang='lat' dir='ltr'><strong>Pharisaeorum</strong></span> 
     </span>
    </p>
   </div>
   <div class='ocr_carea' id='block_1_100' title="bbox 1937 4271 3544 4344">
    <p class='ocr_par' dir='ltr' id='par_1_100' title="bbox 1937 4271 3544 4344">
     <span class='ocr_line' id='line_1_100' title="bbox 1937 4271 3544 4344; baseline 0.005 -18"><span class='ocrx_word' id='word_1_758' title='bbox 1937 4271 2241 4339; x_wconf 80' lang='lat' dir='ltr'><strong>accusavit,</strong></span> <span class='ocrx_word' id='word_1_759' title='bbox 2284 4283 2338 4328; x_wconf 91' lang='lat' dir='ltr'><strong>et</strong></span> <span class='ocrx_word' id='word_1_760' title='bbox 2364 4272 2667 4344; x_wconf 89' lang='lat' dir='ltr'><strong>discipulos</strong></span> <span class='ocrx_word' id='word_1_761' title='bbox 2689 4288 2821 4330; x_wconf 91' lang='lat' dir='ltr'><strong>suos</strong></span> <span class='ocrx_word' id='word_1_762' title='bbox 2849 4275 3330 4344; x_wconf 88' lang='lat' dir='ltr'><strong>abilladeterruit,</strong></span> <span class='ocrx_word' id='word_1_763' title='bbox 3378 4279 3544 4335; x_wconf 88' lang='lat' dir='ltr'><strong>ctiu-</strong></span> 
     </span>
    </p>
   </div>
   <div class='ocr_carea' id='block_1_101' title="bbox 1937 4361 3549 4440">
    <p class='ocr_par' dir='ltr' id='par_1_101' title="bbox 1937 4361 3549 4440">
     <span class='ocr_line' id='line_1_101' title="bbox 1937 4361 3549 4440; baseline 0.006 -24"><span class='ocrx_word' id='word_1_764' title='bbox 1937 4365 2096 4418; x_wconf 86' lang='lat' dir='ltr'><strong>terim</strong></span> <span class='ocrx_word' id='word_1_765' title='bbox 2115 4361 2423 4420; x_wconf 84' lang='lat' dir='ltr'><strong>Pharisaeos</strong></span> <span class='ocrx_word' id='word_1_766' title='bbox 2456 4366 2656 4420; x_wconf 90' lang='lat' dir='ltr'><strong>iterum</strong></span> <span class='ocrx_word' id='word_1_767' title='bbox 2680 4367 3001 4436; x_wconf 81' lang='lat' dir='ltr'><strong>perstrinxit</strong></span> <span class='ocrx_word' id='word_1_768' title='bbox 3024 4383 3121 4436; x_wconf 91' lang='lat' dir='ltr'><strong>per</strong></span> <span class='ocrx_word' id='word_1_769' title='bbox 3139 4368 3246 4425; x_wconf 89' lang='lat' dir='ltr'><strong>hoc</strong></span> <span class='ocrx_word' id='word_1_770' title='bbox 3276 4372 3424 4440; x_wconf 80' lang='lat' dir='ltr'><strong>quod</strong></span> <span class='ocrx_word' id='word_1_771' title='bbox 3461 4371 3549 4426; x_wconf 86' lang='lat' dir='ltr'><strong>di-</strong></span> 
     </span>
    </p>
   </div>
   <div class='ocr_carea' id='block_1_102' title="bbox 1936 4454 3544 4524">
    <p class='ocr_par' dir='ltr' id='par_1_102' title="bbox 1936 4454 3544 4524">
     <span class='ocr_line' id='line_1_102' title="bbox 1936 4454 3544 4524; baseline 0.005 -15"><span class='ocrx_word' id='word_1_772' title='bbox 1936 4455 2049 4509; x_wconf 88' lang='lat' dir='ltr'><strong>xit:</strong></span> <span class='ocrx_word' id='word_1_773' title='bbox 2078 4474 2096 4507; x_wconf 84' lang='grc' dir='ltr'><strong>ι</strong></span> <span class='ocrx_word' id='word_1_774' title='bbox 2127 4454 2281 4522; x_wconf 88' lang='lat' dir='ltr'><strong>Quod</strong></span> <span class='ocrx_word' id='word_1_775' title='bbox 2301 4455 2590 4512; x_wconf 80' lang='lat' dir='ltr'><strong>dixistisiu</strong></span> <span class='ocrx_word' id='word_1_776' title='bbox 2613 4458 2877 4524; x_wconf 85' lang='lat' dir='ltr'><strong>tenebris,</strong></span> <span class='ocrx_word' id='word_1_777' title='bbox 2898 4459 3222 4515; x_wconf 88' lang='lat' dir='ltr'><strong>audieturin</strong></span> <span class='ocrx_word' id='word_1_778' title='bbox 3245 4460 3450 4518; x_wconf 89' lang='lat' dir='ltr'><strong>lumine</strong></span> <span class='ocrx_word' id='word_1_779' title='bbox 3475 4478 3492 4519; x_wconf 91' lang='lat'><strong>:</strong></span> <span class='ocrx_word' id='word_1_780' title='bbox 3521 4479 3544 4517; x_wconf 74' lang='grc' dir='ltr'><strong>ι</strong></span> 
     </span>
    </p>
   </div>
   <div class='ocr_carea' id='block_1_103' title="bbox 1939 4550 3551 4626">
    <p class='ocr_par' dir='ltr' id='par_1_103' title="bbox 1939 4550 3551 4626">
     <span class='ocr_line' id='line_1_103' title="bbox 1939 4550 3551 4626; baseline 0.005 -22"><span class='ocrx_word' id='word_1_781' title='bbox 1939 4565 2083 4606; x_wconf 91' lang='lat' dir='ltr'><strong>nunc</strong></span> <span class='ocrx_word' id='word_1_782' title='bbox 2146 4550 2212 4605; x_wconf 88' lang='lat' dir='ltr'><strong>ad</strong></span> <span class='ocrx_word' id='word_1_783' title='bbox 2271 4552 2477 4607; x_wconf 89' lang='lat' dir='ltr'><strong>amicos</strong></span> <span class='ocrx_word' id='word_1_784' title='bbox 2539 4566 2668 4608; x_wconf 85' lang='lat' dir='ltr'><strong>suos</strong></span> <span class='ocrx_word' id='word_1_785' title='bbox 2728 4554 3057 4623; x_wconf 85' lang='lat' dir='ltr'><strong>perfectiora</strong></span> <span class='ocrx_word' id='word_1_786' title='bbox 3123 4554 3389 4626; x_wconf 82' lang='lat' dir='ltr'><strong>loquitur.</strong></span> <span class='ocrx_word' id='word_1_787' title='bbox 3441 4557 3551 4616; x_wconf 83' lang='lat' dir='ltr'><strong>Ubi</strong></span> 
     </span>
    </p>
   </div>
   <div class='ocr_carea' id='block_1_104' title="bbox 1936 4645 3545 4717">
    <p class='ocr_par' dir='ltr' id='par_1_104' title="bbox 1936 4645 3545 4717">
     <span class='ocr_line' id='line_1_104' title="bbox 1936 4645 3545 4717; baseline 0.006 -19"><span class='ocrx_word' id='word_1_788' title='bbox 1936 4645 2084 4698; x_wconf 91' lang='lat' dir='ltr'><strong>cnim</strong></span> <span class='ocrx_word' id='word_1_789' title='bbox 2111 4645 2300 4714; x_wconf 85' lang='lat' dir='ltr'><strong>spinas</strong></span> <span class='ocrx_word' id='word_1_790' title='bbox 2328 4645 2599 4712; x_wconf 84' lang='lat' dir='ltr'><strong>exsecuit,</strong></span> <span class='ocrx_word' id='word_1_791' title='bbox 2619 4645 2733 4717; x_wconf 88' lang='lat' dir='ltr'><strong>jam</strong></span> <span class='ocrx_word' id='word_1_792' title='bbox 2749 4656 2806 4702; x_wconf 90' lang='lat' dir='ltr'><strong>et</strong></span> <span class='ocrx_word' id='word_1_793' title='bbox 2835 4649 3040 4704; x_wconf 89' lang='lat' dir='ltr'><strong>bonum</strong></span> <span class='ocrx_word' id='word_1_794' title='bbox 3071 4663 3261 4706; x_wconf 89' lang='lat' dir='ltr'><strong>semen</strong></span> <span class='ocrx_word' id='word_1_795' title='bbox 3285 4653 3545 4709; x_wconf 88' lang='lat' dir='ltr'><strong>seminat.</strong></span> 
     </span>
    </p>
   </div>
   <div class='ocr_carea' id='block_1_105' title="bbox 1936 4737 3544 4816">
    <p class='ocr_par' dir='ltr' id='par_1_105' title="bbox 1936 4737 3544 4816">
     <span class='ocr_line' id='line_1_105' title="bbox 1936 4737 3544 4816; baseline 0.009 -26"><span class='ocrx_word' id='word_1_796' title='bbox 1936 4737 2067 4793; x_wconf 87' lang='lat' dir='ltr'><strong>Dico</strong></span> <span class='ocrx_word' id='word_1_797' title='bbox 2102 4748 2284 4793; x_wconf 86' lang='lat' dir='ltr'><strong>autem</strong></span> <span class='ocrx_word' id='word_1_798' title='bbox 2325 4740 2480 4794; x_wconf 83' lang='lat' dir='ltr'><strong>vobis</strong></span> <span class='ocrx_word' id='word_1_799' title='bbox 2508 4740 2703 4796; x_wconf 88' lang='lat' dir='ltr'><strong>amicis</strong></span> <span class='ocrx_word' id='word_1_800' title='bbox 2733 4743 2892 4796; x_wconf 88' lang='lat' dir='ltr'><strong>meis.</strong></span> <span class='ocrx_word' id='word_1_801' title='bbox 2929 4743 3005 4797; x_wconf 88' lang='lat' dir='ltr'><strong>Ea</strong></span> <span class='ocrx_word' id='word_1_802' title='bbox 3037 4744 3187 4798; x_wconf 87' lang='lat' dir='ltr'><strong>enim</strong></span> <span class='ocrx_word' id='word_1_803' title='bbox 3226 4759 3350 4815; x_wconf 70' lang='lat' dir='ltr'><strong>quae</strong></span> <span class='ocrx_word' id='word_1_804' title='bbox 3390 4747 3544 4816; x_wconf 82' lang='lat' dir='ltr'><strong>prius</strong></span> 
     </span>
    </p>
   </div>
   <div class='ocr_carea' id='block_1_106' title="bbox 1937 4832 3547 4903">
    <p class='ocr_par' dir='ltr' id='par_1_106' title="bbox 1937 4832 3547 4903">
     <span class='ocr_line' id='line_1_106' title="bbox 1937 4832 3547 4903; baseline 0.009 -18"><span class='ocrx_word' id='word_1_805' title='bbox 1937 4832 2171 4897; x_wconf 86' lang='lat' dir='ltr'><strong>dixerat,</strong></span> <span class='ocrx_word' id='word_1_806' title='bbox 2199 4847 2305 4886; x_wconf 87' lang='lat' dir='ltr'><strong>non</strong></span> <span class='ocrx_word' id='word_1_807' title='bbox 2321 4833 2387 4886; x_wconf 89' lang='lat' dir='ltr'><strong>ad</strong></span> <span class='ocrx_word' id='word_1_808' title='bbox 2411 4832 2581 4903; x_wconf 74' lang='lat' dir='ltr'><strong>ipsos,</strong></span> <span class='ocrx_word' id='word_1_809' title='bbox 2607 4835 2703 4890; x_wconf 90' lang='lat' dir='ltr'><strong>sed</strong></span> <span class='ocrx_word' id='word_1_810' title='bbox 2723 4836 2790 4890; x_wconf 88' lang='lat' dir='ltr'><strong>ad</strong></span> <span class='ocrx_word' id='word_1_811' title='bbox 2812 4834 3123 4892; x_wconf 70' lang='lat' dir='ltr'><strong>Pharisaaos</strong></span> <span class='ocrx_word' id='word_1_812' title='bbox 3141 4838 3287 4893; x_wconf 88' lang='lat' dir='ltr'><strong>dicta</strong></span> <span class='ocrx_word' id='word_1_813' title='bbox 3309 4839 3547 4899; x_wconf 80' lang='lat' dir='ltr'><strong>fuerant.</strong></span> 
     </span>
    </p>
   </div>
   <div class='ocr_carea' id='block_1_107' title="bbox 1939 4925 3549 4998">
    <p class='ocr_par' dir='ltr' id='par_1_107' title="bbox 1939 4925 3549 4998">
     <span class='ocr_line' id='line_1_107' title="bbox 1939 4925 3549 4998; baseline 0.002 -16"><span class='ocrx_word' id='word_1_814' title='bbox 1939 4925 2108 4982; x_wconf 75' lang='lat' dir='ltr'><strong>Vobis</strong></span> <span class='ocrx_word' id='word_1_815' title='bbox 2139 4926 2304 4998; x_wconf 80' lang='lat' dir='ltr'><strong>igitur</strong></span> <span class='ocrx_word' id='word_1_816' title='bbox 2337 4926 2467 4982; x_wconf 91' lang='lat' dir='ltr'><strong>dico</strong></span> <span class='ocrx_word' id='word_1_817' title='bbox 2520 4927 2715 4984; x_wconf 90' lang='lat' dir='ltr'><strong>amicis</strong></span> <span class='ocrx_word' id='word_1_818' title='bbox 2765 4929 2925 4985; x_wconf 88' lang='lat' dir='ltr'><strong>meis.</strong></span> <span class='ocrx_word' id='word_1_819' title='bbox 2964 4926 3080 4986; x_wconf 80' lang='lat' dir='ltr'><strong>Non</strong></span> <span class='ocrx_word' id='word_1_820' title='bbox 3114 4931 3262 4985; x_wconf 91' lang='lat' dir='ltr'><strong>enim</strong></span> <span class='ocrx_word' id='word_1_821' title='bbox 3294 4932 3549 4990; x_wconf 80' lang='lat' dir='ltr'><strong>omnibus</strong></span> 
     </span>
    </p>
   </div>
   <div class='ocr_carea' id='block_1_108' title="bbox 1941 5021 3530 5098">
    <p class='ocr_par' dir='ltr' id='par_1_108' title="bbox 1941 5021 3530 5098">
     <span class='ocr_line' id='line_1_108' title="bbox 1941 5021 3530 5098; baseline 0.006 -23"><span class='ocrx_word' id='word_1_822' title='bbox 1941 5034 2123 5076; x_wconf 91' lang='lat' dir='ltr'><strong>sermo</strong></span> <span class='ocrx_word' id='word_1_823' title='bbox 2142 5021 2230 5078; x_wconf 85' lang='lat' dir='ltr'><strong>ille</strong></span> <span class='ocrx_word' id='word_1_824' title='bbox 2248 5024 2526 5093; x_wconf 80' lang='lat' dir='ltr'><strong>congruit,</strong></span> <span class='ocrx_word' id='word_1_825' title='bbox 2545 5025 2638 5077; x_wconf 88' lang='lat' dir='ltr'><strong>sed</strong></span> <span class='ocrx_word' id='word_1_826' title='bbox 2664 5023 2749 5078; x_wconf 91' lang='lat' dir='ltr'><strong>bis</strong></span> <span class='ocrx_word' id='word_1_827' title='bbox 2765 5025 2857 5096; x_wconf 90' lang='lat' dir='ltr'><strong>qui</strong></span> <span class='ocrx_word' id='word_1_828' title='bbox 2876 5040 2940 5081; x_wconf 83' lang='lat' dir='ltr'><strong>ex</strong></span> <span class='ocrx_word' id='word_1_829' title='bbox 2963 5033 3077 5082; x_wconf 91' lang='lat' dir='ltr'><strong>toto</strong></span> <span class='ocrx_word' id='word_1_830' title='bbox 3099 5027 3270 5084; x_wconf 89' lang='lat' dir='ltr'><strong>corde</strong></span> <span class='ocrx_word' id='word_1_831' title='bbox 3291 5029 3530 5098; x_wconf 71' lang='lat' dir='ltr'><strong>diligunt</strong></span> 
     </span>
    </p>
   </div>
   <div class='ocr_carea' id='block_1_109' title="bbox 1939 5113 3545 5188">
    <p class='ocr_par' dir='ltr' id='par_1_109' title="bbox 1939 5113 3545 5188">
     <span class='ocr_line' id='line_1_109' title="bbox 1939 5113 3545 5188; baseline 0.004 -20"><span class='ocrx_word' id='word_1_832' title='bbox 1939 5125 1993 5168; x_wconf 91' lang='lat' dir='ltr'><strong>ct</strong></span> <span class='ocrx_word' id='word_1_833' title='bbox 2026 5113 2212 5170; x_wconf 89' lang='lat' dir='ltr'><strong>dicere</strong></span> <span class='ocrx_word' id='word_1_834' title='bbox 2243 5125 2467 5185; x_wconf 88' lang='lat' dir='ltr'><strong>possunt</strong></span> <span class='ocrx_word' id='word_1_835' title='bbox 2504 5132 2517 5168; x_wconf 89' lang='lat'><strong>:</strong></span> <span class='ocrx_word' id='word_1_836' title='bbox 2553 5115 2687 5183; x_wconf 84' lang='lat' dir='ltr'><strong>Quis</strong></span> <span class='ocrx_word' id='word_1_837' title='bbox 2719 5133 2819 5173; x_wconf 91' lang='lat' dir='ltr'><strong>nos</strong></span> <span class='ocrx_word' id='word_1_838' title='bbox 2846 5120 3123 5188; x_wconf 87' lang='lat' dir='ltr'><strong>separabit</strong></span> <span class='ocrx_word' id='word_1_839' title='bbox 3174 5135 3202 5173; x_wconf 90' lang='lat' dir='ltr'><strong>a</strong></span> <span class='ocrx_word' id='word_1_840' title='bbox 3254 5118 3545 5174; x_wconf 77' lang='lat' dir='ltr'><strong>dilecumn</strong></span> 
     </span>
    </p>
   </div>
   <div class='ocr_carea' id='block_1_110' title="bbox 1940 5206 3553 5271">
    <p class='ocr_par' dir='ltr' id='par_1_110' title="bbox 1940 5206 3553 5271">
     <span class='ocr_line' id='line_1_110' title="bbox 1940 5206 3553 5271; baseline 0.006 -10"><span class='ocrx_word' id='word_1_841' title='bbox 1940 5206 2146 5263; x_wconf 89' lang='lat' dir='ltr'><strong>Christi</strong></span> <span class='ocrx_word' id='word_1_842' title='bbox 2171 5207 2263 5262; x_wconf 82' lang='lat'><strong>”?</strong></span> <span class='ocrx_word' id='word_1_843' title='bbox 2291 5207 2515 5264; x_wconf 88' lang='lat' dir='ltr'><strong>Talibus</strong></span> <span class='ocrx_word' id='word_1_844' title='bbox 2545 5210 2691 5263; x_wconf 89' lang='lat' dir='ltr'><strong>enim</strong></span> <span class='ocrx_word' id='word_1_845' title='bbox 2724 5208 3027 5266; x_wconf 90' lang='lat' dir='ltr'><strong>admonitio</strong></span> <span class='ocrx_word' id='word_1_846' title='bbox 3051 5214 3137 5267; x_wconf 86' lang='lat' dir='ltr'><strong>illa</strong></span> <span class='ocrx_word' id='word_1_847' title='bbox 3167 5217 3448 5271; x_wconf 86' lang='lat' dir='ltr'><strong>convenit.</strong></span> <span class='ocrx_word' id='word_1_848' title='bbox 3474 5213 3553 5271; x_wconf 82' lang='lat' dir='ltr'><strong>Ne</strong></span> 
     </span>
    </p>
   </div>
   <div class='ocr_carea' id='block_1_111' title="bbox 1944 5300 3553 5380">
    <p class='ocr_par' dir='ltr' id='par_1_111' title="bbox 1944 5300 3553 5380">
     <span class='ocr_line' id='line_1_111' title="bbox 1944 5300 3553 5380; baseline 0.007 -27"><span class='ocrx_word' id='word_1_849' title='bbox 1944 5300 2207 5367; x_wconf 89' lang='lat' dir='ltr'><strong>timeatis,</strong></span> <span class='ocrx_word' id='word_1_850' title='bbox 2245 5301 2442 5371; x_wconf 89' lang='lat' dir='ltr'><strong>inquit,</strong></span> <span class='ocrx_word' id='word_1_851' title='bbox 2483 5303 2551 5358; x_wconf 94' lang='lat' dir='ltr'><strong>ab</strong></span> <span class='ocrx_word' id='word_1_852' title='bbox 2606 5303 2692 5358; x_wconf 85' lang='lat' dir='ltr'><strong>his</strong></span> <span class='ocrx_word' id='word_1_853' title='bbox 2751 5304 2846 5373; x_wconf 92' lang='lat' dir='ltr'><strong>qui</strong></span> <span class='ocrx_word' id='word_1_854' title='bbox 2916 5305 3179 5360; x_wconf 86' lang='lat' dir='ltr'><strong>occidunt</strong></span> <span class='ocrx_word' id='word_1_855' title='bbox 3241 5323 3467 5380; x_wconf 79' lang='lat' dir='ltr'><strong>corpus,</strong></span> <span class='ocrx_word' id='word_1_856' title='bbox 3497 5322 3553 5366; x_wconf 85' lang='lat' dir='ltr'><strong>et</strong></span> 
     </span>
    </p>
   </div>
   <div class='ocr_carea' id='block_1_112' title="bbox 1944 5393 3540 5466">
    <p class='ocr_par' dir='ltr' id='par_1_112' title="bbox 1944 5393 3540 5466">
     <span class='ocr_line' id='line_1_112' title="bbox 1944 5393 3540 5466; baseline 0.006 -19"><span class='ocrx_word' id='word_1_857' title='bbox 1944 5393 2077 5448; x_wconf 84' lang='lat' dir='ltr'><strong>nihil</strong></span> <span class='ocrx_word' id='word_1_858' title='bbox 2123 5394 2357 5465; x_wconf 88' lang='lat' dir='ltr'><strong>amplius</strong></span> <span class='ocrx_word' id='word_1_859' title='bbox 2411 5410 2609 5451; x_wconf 86' lang='lat' dir='ltr'><strong>nocere</strong></span> <span class='ocrx_word' id='word_1_860' title='bbox 2650 5406 2905 5466; x_wconf 72' lang='lat' dir='ltr'><strong>r&#39;ssunt.</strong></span> <span class='ocrx_word' id='word_1_861' title='bbox 2935 5397 3170 5453; x_wconf 79' lang='lat' dir='ltr'><strong>Parvum</strong></span> <span class='ocrx_word' id='word_1_862' title='bbox 3205 5400 3356 5457; x_wconf 87' lang='lat' dir='ltr'><strong>enim</strong></span> <span class='ocrx_word' id='word_1_863' title='bbox 3394 5406 3540 5456; x_wconf 87' lang='lat' dir='ltr'><strong>dam-</strong></span> 
     </span>
    </p>
   </div>
   <div class='ocr_carea' id='block_1_113' title="bbox 1945 5487 3550 5566">
    <p class='ocr_par' dir='ltr' id='par_1_113' title="bbox 1945 5487 3550 5566">
     <span class='ocr_line' id='line_1_113' title="bbox 1945 5487 3550 5566; baseline 0.007 -26"><span class='ocrx_word' id='word_1_864' title='bbox 1945 5502 2072 5540; x_wconf 90' lang='lat' dir='ltr'><strong>num</strong></span> <span class='ocrx_word' id='word_1_865' title='bbox 2102 5490 2170 5541; x_wconf 90' lang='lat' dir='ltr'><strong>ab</strong></span> <span class='ocrx_word' id='word_1_866' title='bbox 2200 5487 2306 5542; x_wconf 89' lang='lat' dir='ltr'><strong>illis</strong></span> <span class='ocrx_word' id='word_1_867' title='bbox 2333 5489 2574 5554; x_wconf 81' lang='lat' dir='ltr'><strong>eveniat,</strong></span> <span class='ocrx_word' id='word_1_868' title='bbox 2602 5492 2693 5560; x_wconf 84' lang='lat' dir='ltr'><strong>qui</strong></span> <span class='ocrx_word' id='word_1_869' title='bbox 2731 5494 2947 5563; x_wconf 82' lang='lat' dir='ltr'><strong>corpori</strong></span> <span class='ocrx_word' id='word_1_870' title='bbox 2983 5504 3207 5561; x_wconf 86' lang='lat' dir='ltr'><strong>nocent,</strong></span> <span class='ocrx_word' id='word_1_871' title='bbox 3237 5495 3382 5566; x_wconf 88' lang='lat' dir='ltr'><strong>quod</strong></span> <span class='ocrx_word' id='word_1_872' title='bbox 3417 5496 3550 5551; x_wconf 87' lang='lat' dir='ltr'><strong>alio-</strong></span> 
     </span>
    </p>
   </div>
   <div class='ocr_carea' id='block_1_114' title="bbox 1943 5581 3555 5651">
    <p class='ocr_par' dir='ltr' id='par_1_114' title="bbox 1943 5581 3555 5651">
     <span class='ocr_line' id='line_1_114' title="bbox 1943 5581 3555 5651; baseline 0.006 -18"><span class='ocrx_word' id='word_1_873' title='bbox 1943 5581 2034 5650; x_wconf 87' lang='lat' dir='ltr'><strong>qui</strong></span> <span class='ocrx_word' id='word_1_874' title='bbox 2063 5596 2357 5651; x_wconf 88' lang='lat' dir='ltr'><strong>passurum</strong></span> <span class='ocrx_word' id='word_1_875' title='bbox 2392 5596 2562 5649; x_wconf 87' lang='lat' dir='ltr'><strong>esset,</strong></span> <span class='ocrx_word' id='word_1_876' title='bbox 2599 5585 2766 5640; x_wconf 89' lang='lat' dir='ltr'><strong>etiam</strong></span> <span class='ocrx_word' id='word_1_877' title='bbox 2800 5586 2906 5642; x_wconf 85' lang='lat' dir='ltr'><strong>illis</strong></span> <span class='ocrx_word' id='word_1_878' title='bbox 2936 5603 3045 5643; x_wconf 88' lang='lat' dir='ltr'><strong>non</strong></span> <span class='ocrx_word' id='word_1_879' title='bbox 3076 5587 3424 5644; x_wconf 67' lang='lat' dir='ltr'><strong>laedentibus.</strong></span> <span class='ocrx_word' id='word_1_880' title='bbox 3459 5587 3555 5644; x_wconf 82' lang='lat' dir='ltr'><strong>lllc</strong></span> 
     </span>
    </p>
   </div>
   <div class='ocr_carea' id='block_1_115' title="bbox 1943 5676 3553 5752">
    <p class='ocr_par' dir='ltr' id='par_1_115' title="bbox 1943 5676 3553 5752">
     <span class='ocr_line' id='line_1_115' title="bbox 1943 5676 3553 5752; baseline 0.005 -27"><span class='ocrx_word' id='word_1_881' title='bbox 1943 5683 2125 5729; x_wconf 84' lang='lat' dir='ltr'><strong>autem</strong></span> <span class='ocrx_word' id='word_1_882' title='bbox 2167 5676 2364 5746; x_wconf 73' lang='lat' dir='ltr'><strong>dignus</strong></span> <span class='ocrx_word' id='word_1_883' title='bbox 2406 5678 2497 5747; x_wconf 89' lang='lat' dir='ltr'><strong>qui</strong></span> <span class='ocrx_word' id='word_1_884' title='bbox 2543 5679 2828 5745; x_wconf 86' lang='lat' dir='ltr'><strong>timeatur,</strong></span> <span class='ocrx_word' id='word_1_885' title='bbox 2859 5681 2952 5752; x_wconf 91' lang='lat' dir='ltr'><strong>qui</strong></span> <span class='ocrx_word' id='word_1_886' title='bbox 2990 5695 3095 5734; x_wconf 91' lang='lat' dir='ltr'><strong>non</strong></span> <span class='ocrx_word' id='word_1_887' title='bbox 3140 5681 3320 5736; x_wconf 89' lang='lat' dir='ltr'><strong>solum</strong></span> <span class='ocrx_word' id='word_1_888' title='bbox 3352 5696 3553 5752; x_wconf 74' lang='lat' dir='ltr'><strong>corpus</strong></span> 
     </span>
    </p>
   </div>
   <div class='ocr_carea' id='block_1_116' title="bbox 1943 5769 3552 5847">
    <p class='ocr_par' dir='ltr' id='par_1_116' title="bbox 1943 5769 3552 5847">
     <span class='ocr_line' id='line_1_116' title="bbox 1943 5769 3552 5847; baseline 0.004 -25"><span class='ocrx_word' id='word_1_889' title='bbox 1943 5769 2122 5839; x_wconf 90' lang='lat' dir='ltr'><strong>punit,</strong></span> <span class='ocrx_word' id='word_1_890' title='bbox 2138 5769 2232 5824; x_wconf 89' lang='lat' dir='ltr'><strong>sed</strong></span> <span class='ocrx_word' id='word_1_891' title='bbox 2251 5777 2307 5823; x_wconf 90' lang='lat' dir='ltr'><strong>et</strong></span> <span class='ocrx_word' id='word_1_892' title='bbox 2324 5771 2584 5836; x_wconf 83' lang='lat' dir='ltr'><strong>animam,</strong></span> <span class='ocrx_word' id='word_1_893' title='bbox 2602 5774 2972 5830; x_wconf 68' lang='lat' dir='ltr'><strong>immortalem</strong></span> <span class='ocrx_word' id='word_1_894' title='bbox 2994 5777 3423 5847; x_wconf 86' lang='lat' dir='ltr'><strong>possessionem,</strong></span> <span class='ocrx_word' id='word_1_895' title='bbox 3449 5777 3552 5829; x_wconf 54' lang='lat' dir='ltr'><strong>im.</strong></span> 
     </span>
    </p>
   </div>
   <div class='ocr_carea' id='block_1_117' title="bbox 1945 5861 3556 5940">
    <p class='ocr_par' dir='ltr' id='par_1_117' title="bbox 1945 5861 3556 5940">
     <span class='ocr_line' id='line_1_117' title="bbox 1945 5861 3556 5940; baseline 0.006 -24"><span class='ocrx_word' id='word_1_896' title='bbox 1945 5861 2266 5919; x_wconf 88' lang='lat' dir='ltr'><strong>mortalibus</strong></span> <span class='ocrx_word' id='word_1_897' title='bbox 2298 5862 2514 5932; x_wconf 80' lang='lat' dir='ltr'><strong>subiicit</strong></span> <span class='ocrx_word' id='word_1_898' title='bbox 2550 5868 2753 5936; x_wconf 77' lang='lat' dir='ltr'><strong>pmnis,</strong></span> <span class='ocrx_word' id='word_1_899' title='bbox 2779 5868 2957 5940; x_wconf 84' lang='lat' dir='ltr'><strong>iisque</strong></span> <span class='ocrx_word' id='word_1_900' title='bbox 2992 5870 3333 5926; x_wconf 85' lang='lat' dir='ltr'><strong>ardentibus.</strong></span> <span class='ocrx_word' id='word_1_901' title='bbox 3364 5869 3556 5937; x_wconf 80' lang='lat' dir='ltr'><strong>Itaque</strong></span> 
     </span>
    </p>
   </div>
  </div>
