4038 6536
530 486 663 550 "879

1478 476 2060 541 THEOPHYLACTI
2096 473 2514 539 BULGARUE
2559 471 2921 534 ARCHIEP.

3727 468 3836 535 830

548 598 606 653 in
637 594 968 667 spiritualem
1000 590 1368 647 fortitudinem
1394 590 1547 661 ungit
1570 600 1625 645 et
1648 600 1915 659 praeparat
1937 589 2143 644 amicos

2253 584 2624 640 ὑποϐάλλοντα
2674 582 2993 655 τιμωρίαις.
3041 582 3134 637 καὶ
3185 585 3413 648 ταύταις
3465 584 3525 637 ἐν
3566 584 3724 656 πυρί,
3763 586 3841 648 εἰς

530 703 684 757 suos
728 686 1002 749 Christus,
1056 692 1331 752 testesque
1380 696 1508 737 suos
1566 679 1717 747 facit,
1766 695 1831 734 ac
1899 682 2139 734 humano

554 794 701 841 metu
732 781 901 838 exuit.
930 777 1193 833 llomines
1222 777 1391 841 enim.
1423 776 1618 845 inquit,
1649 775 1785 827 iram
1816 787 1972 828 suam
1997 772 2138 826 ultra

554 872 915 945 corruptibile
960 884 1158 941 corpus
1208 869 1499 925 extendere
1548 873 1849 937 nequeunt,
1903 864 2140 932 finisque

555 967 877 1023 insidiarum
908 962 1124 1019 illorum
1145 972 1335 1018 contra
1364 975 1466 1016 nos
1509 959 1692 1015 carnis
1720 971 1870 1013 mors
1898 966 2002 1012 est.
2034 957 2140 1010 Deo

553 1066 734 1112 autem
766 1057 1043 1128 puniente,
1073 1069 1179 1107 non
1204 1054 1393 1109 carnis
1425 1052 1599 1107 solum
1634 1051 1894 1104 damnum
1920 1058 2022 1111 est.
2044 1046 2138 1103 sed

550 1159 608 1205 et
646 1150 847 1205 misera
879 1148 1059 1203 anima
1096 1162 1218 1201 cum
1251 1145 1534 1215 suppliciis
1566 1144 1735 1199 vadit.
1768 1142 1927 1199 Scito
1959 1152 2138 1196 autem

555 1243 657 1297 hoc
699 1241 838 1305 loco,
884 1241 1029 1309 quod
1091 1238 1474 1308 peccatoribus
1519 1251 1665 1290 mors
1707 1237 1772 1290 ad
1814 1234 2140 1303 supplicium

552 1330 808 1398 infertur,
834 1341 890 1386 et
926 1332 979 1384 in
1014 1329 1116 1384 hac
1162 1329 1269 1383 vita
1318 1329 1614 1398 puuittutur
1642 1341 1766 1380 cum
1796 1326 2139 1389 occiduntur,

550 1431 607 1479 et
646 1422 699 1477 in
728 1424 835 1477 alia
867 1422 994 1476 dum
1034 1420 1089 1474 in
1130 1419 1429 1489 gehennam
1463 1417 1848 1485 conjiciuntur.
1886 1415 2144 1471 Perscru-

557 1525 678 1568 tans
720 1522 899 1566 autem
931 1512 1177 1577 verbum,
1206 1511 1371 1565 etiam
1406 1509 1553 1564 aliud
1584 1510 1839 1580 quiddam
1873 1510 2035 1563 simul
2064 1510 2143 1562 in-

557 1601 782 1671 telliges.
810 1596 976 1654 Vides
1004 1600 1147 1655 enim
1181 1600 1325 1668 quod
1360 1614 1463 1653 non
1502 1599 1640 1652 dixit
1671 1616 1683 1651 :
1709 1596 1967 1652 Metuatis
1991 1613 2140 1664 eum,

553 1692 649 1763 qui
679 1701 963 1762 postquam
1001 1690 1286 1755 occiderit,
1322 1691 1493 1745 mittit
1550 1690 1603 1743 in
1658 1693 1985 1759 gehennam,
2019 1690 2142 1754 sed,

556 1784 844 1839 habentem
887 1792 1217 1853 potestatem
1261 1782 1534 1838 mittendi.
1565 1779 1681 1835 Non
1728 1783 1873 1837 enim
1930 1797 2146 1851 semper

554 1879 652 1948 qui
697 1877 1003 1931 moriuntur
1034 1887 1374 1947 peccatores,
1410 1875 1698 1929 mittuntur
1722 1876 1774 1929 in
1813 1876 2139 1943 gehennam,

560 1944 655 2024 sed
706 1980 834 2024 sunt
860 1972 912 2025 in
942 1944 1213 2039 potestate
1252 1967 1367 2031 Dei,
1402 1970 1653 2022 utetiam
1686 1969 1884 2022 dimitti
1917 1968 2141 2037 possint.
2180 1944 2224 2001 Β

561 2055 677 2114 Hoc
716 2069 899 2113 autem
949 2058 1072 2114 dico
1106 2068 1331 2128 prepter
1372 2058 1679 2115 oblationes
1716 2068 1772 2113 et
1809 2058 2150 2113 distributio-

562 2165 657 2207 nes
690 2166 811 2221 quae
842 2150 1092 2220 liuntpro
1120 2151 1412 2216 defunctis,
1446 2166 1568 2222 quae
1594 2167 1697 2205 non
1726 2166 1913 2220 parum
1943 2149 2149 2204 condu-

563 2253 692 2299 cunt
720 2244 885 2296 etiam
929 2242 1013 2297 his
1035 2243 1125 2310 qui
1156 2243 1207 2295 in
1230 2243 1489 2313 gravibus
1520 2242 1757 2310 peccatis
1782 2240 1979 2295 mortui
2003 2250 2152 2295 sunt.

565 2335 684 2390 Non
711 2335 935 2391 omnino
978 2336 1143 2407 igitur
1184 2347 1470 2406 postquam
1521 2336 1722 2389 occidit
1770 2335 1934 2389 mittit
1974 2336 2026 2389 in
2063 2350 2155 2405 ge-

568 2429 831 2494 hennam,
862 2428 956 2482 sed
990 2436 1321 2499 potestatem
1359 2428 1521 2481 habet
1561 2427 1835 2481 mittendi.
1884 2427 1961 2482 Ne
1992 2428 2157 2497 igitur

567 2532 848 2574 cessemus
889 2534 983 2589 per
1046 2520 1423 2590 eleemosynas
1463 2528 1516 2572 et
1570 2519 1993 2573 intercessiones
2021 2534 2149 2586 pro-

569 2610 767 2678 pitium
802 2612 1030 2665 reddere
1059 2625 1183 2664 eum
1221 2613 1313 2679 qui
1339 2620 1661 2680 potestatem
1687 2611 1852 2664 habet
1885 2611 2155 2678 mittendi,

566 2717 676 2757 non
727 2716 943 2770 semper
982 2712 1165 2757 autem
1222 2714 1487 2770 potestate
1527 2706 1629 2759 hac
1670 2714 1933 2767 utentem,
1972 2704 2067 2760 sed
2104 2715 2159 2760 et

567 2794 835 2850 valentem
915 2793 1077 2866 367
1156 2797 1435 2852 remittere
1512 2798 1794 2865 quiddam.
1886 2795 2156 2864 Quoniam

570 2897 751 2944 autem
788 2888 941 2942 multi
979 2896 1169 2955 putant
1199 2888 1498 2943 morientes
1543 2902 1645 2958 pro
1684 2890 1914 2943 veritate
1969 2904 1998 2942 a
2052 2889 2160 2945 Deo

569 2977 859 3035 derelictos
889 2975 999 3033 :Ne
1032 2980 1133 3033 hoc
1148 2977 1476 3034 existimetis
1508 2992 1625 3043 vos,
1648 2978 1823 3048 inquit
1847 2996 1864 3046 ;
1886 2993 1994 3033 non
2015 2981 2160 3035 enim

2242 676 2469 747 ἀνδρίαν
2493 672 2589 730 οὖν
2623 674 3004 747 πνευματικὴν
3035 673 3252 744 ἀλείφει
3284 675 3412 739 τοὺς
3437 676 3610 730 αὑτοῦ
3654 676 3840 745 φίλους

2242 772 2271 823 ὁ
2299 769 2555 841 Χριστος,
2611 769 2897 840 μάρτυρας
2951 766 3153 831 αὐτοὺς
3180 766 3580 838 ἐργαζόμενος.
3630 768 3724 825 καὶ
3757 768 3843 821 τδν

2243 862 2355 915 τῶν
2378 858 2685 933 ἀνθρώπων
2712 858 2880 930 φόϐον
2906 859 3002 913 ἀπ’
3039 859 3223 915 αὐτῶν
3257 858 3562 915 ἐκϐάλλων.
3592 860 3841 931 ’Ᾱνθρωο

2245 971 2337 1007 ποι
2355 953 2663 1024 rumpunt,
2688 952 2851 1023 μέχρι
2872 949 2967 1005 τοῦ
2992 950 3240 1023 φθαρτοῦ
3261 951 3517 1023 σώματος
3542 952 3845 1005 ἐκτείνονσι

2242 1045 2343 1107 τὰς
2362 1046 2554 1117 ὀργὰς,
2574 1045 2669 1098 καὶ
2692 1045 2866 1115 πέρας
2888 1044 3069 1099 αὐτῶν
3092 1044 3193 1113 τῆς
3216 1044 3339 1098 καθ’
3359 1046 3389 1115 ἡ
3399 1045 3520 1115 μῶν
3545 1044 3844 1112 ἐπιδουλῆς

2244 1139 2271 1190 ὁ
2294 1139 2394 1213 τῆς
2424 1138 2628 1208 σαρκὸς
2655 1136 2911 1197 θάνατος’
2946 1136 3084 1190 Θεοῦ
3124 1136 3181 1191 δέ
3207 1135 3555 1201 κολάζοντος,
3590 1137 3653 1188 οὐ
3683 1137 3843 1206 μέχρι

2248 1231 2417 1300 μόνης
2440 1229 2693 1300 σαρκδςή
2722 1230 2894 1299 ζημία
2936 1232 3221 1295 στήσεται,
3267 1228 3402 1283 ἀλλά
3432 1230 3529 1283 καὶ
3556 1228 3695 1299 αὐτὴ
3727 1246 3848 1280 συν-

2256 1322 2533 1388 υπάγεται
2565 1322 2688 1382 ταῖς
2721 1319 2928 1381 αἰκίαις
2965 1320 2997 1389 ἡ
3040 1320 3199 1373 ἀθλία
3234 1319 3400 1389 ψυχή.
3440 1319 3761 1389 Σηςιείωσαι
3791 1319 3845 1371 δὲ

2246 1411 2519 1476 ἐντεῦθεν,
2545 1412 2627 1466 ὅτι
2664 1412 2776 1473 τοῖς
2813 1411 3164 1483 ἁμαρτωλοῖς
3195 1411 3222 1463 ὀ
3247 1412 3480 1473 θάνατος
3506 1411 3642 1480 πρὸ,
3670 1428 3845 1480 τιμω-

2251 1506 2371 1575 ρίαν
2400 1505 2690 1573 ἐπάγεται,
2716 1504 3000 1557 κάνταῦθα
3034 1504 3428 1573 κολαζομένοις
3458 1503 3547 1555 διὰ
3584 1501 3683 1556 τοῦ
3716 1505 3851 1554 aito-

2247 1598 2579 1664 κτείνεσθαι,
2615 1599 2840 1651 κάκεῖσε
2876 1597 3013 1665 μετά
3052 1596 3226 1651 ταῦτα
3262 1598 3342 1657 εἰς
3374 1597 3605 1663 γέενναν
3642 1596 3848 1665 ἐμϐαλ-

2247 1689 2517 1760 λομένοις.
2585 1688 2885 1755 Ἐξετάξων
2942 1689 2998 1743 δὲ
3051 1689 3149 1759 τὴν
3198 1689 3365 1755 λέξιν,
3401 1690 3498 1742 καί
3552 1708 3606 1743 τι
3665 1690 3855 1760 ἕτερον

2248 1782 2545 1854 ἐννοήσεις.
2570 1784 2716 1853 Ὀρα
2736 1782 2846 1853 γὰρ
2868 1784 2948 1835 ὅτι
2973 1782 3073 1835 οὐκ
3102 1778 3248 1835 εἴπεο
3283 1782 3567 1855 Φοϐήθητε
3597 1784 3689 1837 τὸν
3714 1783 3854 1854 μετὰ

2249 1872 2309 1925 τὸ
2330 1875 2651 1927 ἀποκτεῖναι
2687 1872 2951 1945 βάλλοντα
2988 1875 3065 1937 είς
3103 1873 3488 1943 τὴν“γέενναν,
3522 1875 3670 1939 ἀλλ’,
3706 1878 3858 1941 ἐξον-

2254 1964 2374 2016 σίαν
2405 1962 2600 2034 ἔχοντα
2619 1963 2822 2034 βαλεῖν.
2856 1965 2933 2017 Οὐ
2960 1966 3067 2037 γὰρ
3095 1967 3313 2029 πάντως
3334 1967 3381 2019 oi
3406 1966 3857 2035 ἀποθνήσκοντες

2256 2054 2576 2125 ἁμαρτωλοὶ
2615 2054 2903 2125 βάλλονται
2955 2059 3036 2119 είς
3085 2056 3187 2127 τὴν
3235 2056 3485 2124 γέενναν,
3530 2059 3650 2111 ἀλλ’
3693 2061 3752 2113 ἐν
3792 2062 3858 2131 τῇ

2256 2145 2476 2218 ἐξουσίᾳ
2502 2148 2681 2200 κεῖται
2710 2146 2874 2199 τοῦτο
2900 2146 2995 2199 τοῦ
3045 2146 3207 2209 Θεοῦ,
3240 2147 3382 2201 ὥστε
3420 2151 3517 2201 καὶ
3549 2149 3613 2202 τὸ
3644 2151 3861 2220 συγχώο

2260 2241 2396 2311 ριῖν.
2423 2238 2594 2293 Τοῦτο
2622 2240 2679 2293 δὲ
2712 2240 2860 2307 λέγω
2902 2240 2989 2293 διὰ
3015 2240 3116 2301 τὰς
3153 2241 3247 2293 ἐπὶ
3284 2244 3399 2304 τοῖς
3431 2244 3866 2312 κεκοιμημένοις

2257 2331 2557 2400 γενομένας
2582 2331 2902 2402 προσφορὰς
2934 2334 3030 2385 καὶ
3056 2333 3154 2396 τὰς
3184 2333 3477 2398 διαδόσεις,
3514 2334 3573 2388 αἶ
3598 2338 3660 2389 οὺ
3693 2336 3867 2407 μικρὰ

2259 2422 2573 2476 συντελοῦσι
2630 2426 2746 2486 τοῖς
2790 2425 2885 2477 καὶ
2916 2426 2975 2477 ἐν
3014 2425 3315 2495 ἁμαρτίαις
3361 2426 3618 2496 βαρείαις
3657 2431 3870 2482 ἀποθαο

2258 2514 2461 2571 νοῦσιν.
2490 2516 2568 2569 Οὐ
2593 2518 2816 2580 πάντως
2838 2516 2932 2570 οῦν
2966 2519 3105 2587 μετά
3128 2518 3190 2570 τὸ
3212 2520 3540 2573 ἀποκτεῖναι
3572 2519 3765 2589 βάλλει
3789 2524 3868 2584 εἰς

2257 2610 2357 2678 τὴν
2386 2610 2635 2678 γέενναν,
2667 2611 2783 2665 ἀλλ’
2834 2611 3087 2675 ἐξουσίαν
3137 2612 3253 2681 ἔχει
3301 2612 3511 2681 βαλεῖν.
3549 2616 3643 2685 Μὴ
3688 2616 3868 2668 τοῐνυν

2260 2700 2599 2772 ἐλλείψωμεν
2614 2696 2810 2773 ἡμεῖς,
2845 2702 3243 2767 σπουδάζοντες
3267 2704 3335 2756 δι’
3359 2703 3754 2776 ἐλεημοσυνῶν
3778 2707 3871 2759 καὶ

2261 2794 2574 2863 πρεσϐειῶν
2604 2794 2945 2859 ἐξιλεοῦσθαι
2986 2796 3078 2848 τὸν
3123 2796 3373 2861 ἐξουσίαν
3407 2798 3506 2866 μὲν
3540 2800 3741 2871 ἔχοντα
3775 2800 3871 2871 βα-

2260 2884 2395 2950 λεῖν,
2429 2886 2489 2939 οὐ
2534 2885 2754 2950 πάντως
2800 2888 2895 2940 καὶ⁸
2942 2890 3009 2957 τῇ
3054 2886 3276 2959 ἐξουσίᾳ
3327 2888 3505 2962 ταύτῃ
3554 2890 3870 2962 χρώμενον,

2263 2976 2401 3030 ἀλλά
2428 2978 2522 3031 καὶ
2560 2981 2866 3049 συγχωρεῖν
2898 2978 3221 3049 δυνάμενον.
3272 2981 3427 3035 Ἐπεὶ
3461 2982 3518 3035 δὲ
3555 2984 3748 3037 πολλοὶ
3776 2982 3865 3040 τὸν

574 3070 881 3125 moriemini
914 3071 1070 3140 quasi
1109 3084 1139 3121 a
1176 3084 1261 3123 me
1284 3070 1553 3125 derelicti.
1597 3069 1653 3124 Si
1694 3072 1841 3126 enim
1888 3071 2068 3127 nullus
2094 3086 2149 3127 ex

2264 3071 2403 3141 ὑπὲρ
2459 3071 2560 3142 τῆς
2618 3070 2878 3143 ἀληθείας
2933 3072 3167 3127 θάνατον
3221 3076 3617 3146 ἐγκατάλειψιν
3672 3081 3875 3133 οῖονται

572 3164 906 3234 passerculis
936 3162 1025 3232 qui
1053 3161 1382 3229 vendantur,
1404 3164 1458 3217 in
1480 3163 1753 3219 oblivione
1786 3174 1891 3232 est,
1931 3166 2149 3220 multum

2265 3158 2398 3214 Θεοῦ
2426 3177 2439 3190 ο
2497 3160 2589 3231 Μὴ
2619 3160 2798 3226 τοῦτο,
2834 3162 3022 3231 φησὶν,
3068 3163 3230 3233 ὑμεῖς
3258 3164 3499 3237 οῖηθῆτε.
3540 3169 3618 3221 Οὐ
3652 3171 3765 3240 γὰρ
3801 3170 3877 3232 ὡς

577 3257 732 3311 abest
763 3264 823 3310 ut
858 3265 1037 3310 vestra
1079 3269 1247 3321 mors,
1279 3256 1368 3325 qui
1402 3255 1563 3311 amici
1597 3258 1706 3311 mei
1736 3258 1893 3321 estis,
1918 3258 2040 3314 talis
2065 3260 2149 3324 sit,

2265 3252 3001 3328 ἐγκαταλιμπανόμενοηὺπ¹
3035 3256 3198 3325 ἐμοῦ,
3237 3258 3459 3329 μέλλετε
3491 3260 3781 3331 Θνήσκειν.
3814 3264 3877 3316 Ei

571 3347 727 3421 quasi
773 3364 878 3419 ego
934 3364 1038 3403 non
1099 3349 1415 3421 provideant
1450 3350 1628 3407 vobis.
1654 3351 1917 3421 Equidem
1955 3363 2149 3409 tantam

2269 3346 2379 3419 γὰρ
2410 3347 2503 3400 καὶ
2552 3345 2664 3401 τῶν
2705 3346 3007 3418 στρουθίων
3035 3350 3146 3401 τῶν
3180 3351 3556 3421 πωλουμένων
3585 3354 3748 3408 οὐδὲν
3778 3358 3875 3409 ἐν·

577 3440 746 3498 vestri
790 3459 977 3497 curant
1032 3457 1184 3511 gero,
1223 3451 1280 3495 ut
1330 3452 1387 3497 et
1413 3444 1596 3499 omnia
1653 3457 1836 3501 vestra
1890 3448 2149 3505 subtilitet

2271 3440 2590 3509 επξληστον,
2624 3438 2821 3493 πολλοῦ
2848 3440 2929 3492 δεῖ
2955 3440 2984 3493 ὁ
3016 3440 3286 3513 ὑμέτερος
3314 3444 3550 3510 θάνατος
3581 3448 3696 3501 τῶν
3726 3448 3879 3520 ἐμῶν

579 3545 864 3607 perspecta
893 3537 1021 3600 sint,
1055 3546 1107 3591 et
1141 3537 1409 3591 numerati
1450 3538 1629 3607 capilli
1668 3540 1858 3595 vestri.
1905 3539 2149 3608 Quamvit

2271 3533 2442 3601 φίλων
2490 3532 2767 3601 γενέσθαι,
2804 3534 2880 3596 ὼς
2930 3536 3005 3605 μὴ
3046 3538 3461 3607 προνοουμένου
3501 3539 3665 3610 ὑμῶν
3711 3541 3876 3610 ἐμοῦ.

580 3624 745 3695 igitur
778 3638 873 3680 vos
904 3625 955 3677 in
991 3626 1344 3679 tentationetu
1376 3627 1571 3681 cadere
1600 3628 1935 3696 permittam,
1969 3643 2149 3701 suppe

2271 3624 2554 3698 Τοσαύτην
2603 3626 2711 3698 γάρ
2761 3627 2915 3697 ὑμῶν
2964 3629 3229 3700 ποιοῦμαι
3264 3630 3361 3701 τὴν
3411 3634 3700 3702 πρόνοιαν,
3736 3636 3881 3691 ὥστε

578 3715 764 3787 ditabo
791 3726 974 3771 tamen
1006 3716 1239 3771 ubertim
1268 3716 1563 3773 sull'erendi
1601 3720 1765 3777 viros.
1792 3719 1949 3790 Saepe
1979 3734 2149 3777 autem

2272 3720 2482 3774 ἕκαστα
2541 3721 2651 3774 τῶν
2710 3720 2997 3791 ὑμετέρων
3050 3723 3252 3777 εἰδέναι
3307 3728 3548 3791 λεπτῶς,
3614 3736 3712 3782 καὶ
3770 3727 3883 3785 οἷον

578 3809 621 3863 si
675 3824 836 3879 quem
884 3809 1235 3864 infirmiorem
1284 3812 1491 3876 videro,
1542 3827 1651 3867 non
1708 3814 1972 3883 permitto
2015 3814 2149 3870 illun

2270 3813 2658 3885 ἠριθμημένας
2685 3814 2831 3885 ἔχειν
2859 3813 2956 3877 τὰς
2982 3816 3177 3886 τρίχας
3214 3816 3372 3888 ὑμῶν
3390 3836 3405 3849 ·
3439 3819 3544 3873 κᾶν
3574 3823 3765 3877 τοίνυν
3800 3827 3883 3889 είς

580 3902 633 3955 in
670 3901 1000 3957 tentatioues
1034 3902 1297 3958 incidere.
1341 3902 1475 3958 Nam
1528 3908 1618 3973 qui
1668 3921 1786 3961 sum
1826 3916 2071 3973 curator,
2113 3924 2142 3964 e

2272 3905 2577 3976 πειρασμὸν
2604 3906 2752 3961 ἐάσω
2780 3907 2926 3976 ὑμᾶς
2981 3906 3274 3974 εἰσελθεῖν,
3311 3916 3616 3983 χορηγήσω
3656 3917 3881 3981 πάντως

580 3995 763 4050 omnia
799 3996 936 4050 bene
964 3997 1096 4061 scio,
1124 3996 1184 4050 et
1231 4007 1512 4051 numerata
1561 3996 1736 4053 habeo
1766 3998 1941 4055 etiam
1987 4000 2149 4055 tninu«

2273 4001 2368 4051 καὶ
2406 3998 2504 4067 τὴν
2554 3999 2635 4062 είς
2669 3999 2729 4053 τὸ
2773 4000 3071 4069 ὑπομεῖναι
3119 4001 3375 4073 δύναμιν.
3414 4006 3687 4071 Πολλάκις
3722 4010 3784 4063 δέ
3836 4011 3891 4065 εί

580 4087 816 4152 tissima,
881 4088 1151 4143 distt-ibuo
1204 4088 1497 4158 unicuique
1537 4092 1680 4159 quod
1730 4106 1842 4147 sua:
1901 4106 2149 4148 mensura

2273 4109 2395 4145 τινα
2427 4092 2632 4163 ἀσθενῆ
2665 4092 2783 4157 ῖδω,
2836 4094 2958 4146 οὐδὲ
3013 4095 3278 4161 ἐμπεσεῖν
3312 4098 3479 4152 αὑτὸν
3530 4106 3885 4175 συγχωρήσω

587 4184 859 4254 congruit.
882 4182 1051 4238 Porro
1070 4184 1115 4239 si
1132 4184 1533 4251 observaveris,
1552 4187 1603 4239 in
1628 4185 1910 4257 Scriptura
1927 4188 2149 4245 inveniet

2276 4184 2642 4255 πειρατηρίῳ.
2706 4184 2979 4255 Κηδεμὼν
3024 4186 3133 4260 γὰρ
3175 4186 3273 4251 ὣν,
3316 4192 3412 4243 καὶ
3469 4195 3651 4247 πάντα
3701 4196 3887 4259 εἰδὼς,

587 4276 863 4331 numerari
891 4276 1075 4331 omnia
1107 4276 1282 4330 virilia
1316 4286 1370 4332 et
1399 4293 1521 4346 qua:
1556 4278 1621 4332 ad
1652 4293 1965 4334 mensuram
1997 4282 2149 4336 virili:

2275 4275 2369 4329 καὶ
2408 4274 2767 4346 ἠριθμημένα
2794 4275 2936 4346 ἔχων
2980 4279 3074 4330 καὶ
3103 4280 3172 4331 τὰ
3202 4278 3531 4343 λεπτότατα,
3572 4286 3799 4357 ἐκάστῳ
3826 4289 3889 4340 τὸ

584 4368 763 4423 artatis
806 4370 1150 4437 perveniunt,
1186 4369 1456 4437 dignaque
1508 4370 1689 4423 divina
1733 4370 2147 4427 enumeratione

2274 4366 2395 4420 κατ’
2418 4367 2577 4432 ἀξίαν
2613 4371 2707 4422 καὶ
2740 4369 2801 4421 τὸ
2828 4370 3141 4441 πρόσφορον
3169 4374 3463 4445 οἰκονομῶ.
3511 4376 3841 4451 Ἐπιτηρήσλ
3866 4398 3893 4443 ς

588 4459 693 4515 Per
726 4465 891 4527 caput
928 4468 1109 4511 autem
1154 4458 1584 4525 uniuscujusque
1642 4456 1847 4512 Christi
1907 4456 2142 4513 fidelium

2273 4460 2329 4513 δὲ
2356 4461 2608 4533 εὑρήσεις
2632 4460 2691 4514 ἐν
2723 4463 2788 4533 τῇ
2820 4462 3013 4534 Γραφῇ
3044 4465 3435 4537 ἀριθμούμενα
3473 4470 3657 4523 πάντα
3688 4473 3758 4526 τὰ
3790 4476 3893 4526 ἀν-

590 4551 938 4621 itttelligenda
961 4551 1069 4603 vita
1093 4549 1310 4603 Christo
1324 4559 1474 4617 grata
1494 4565 1508 4607 ς
1528 4564 1624 4616 per
1645 4550 1867 4618 capillos
1888 4564 2015 4603 vero
2032 4551 2146 4619 ejus

2276 4551 2451 4621 δρεῖα,
2500 4554 2595 4605 καὶ
2629 4553 2713 4615 εἰς
2764 4556 2967 4626 μέτρον
3000 4556 3222 4626 ἡλικίας
3264 4559 3578 4628 φθάσαντα,
3632 4564 3736 4617 καὶ
3763 4565 3893 4631 ἀξια

592 4645 942 4718 particularia
982 4658 1170 4713 opera,
1203 4655 1256 4695 et
1297 4640 1496 4709 quibus
1548 4658 1747 4712 corpus
1790 4643 2149 4699 mortificatur

2253 4642 2466 4707 ’ἁπλῶς
2491 4642 2650 4706 θείας
2689 4643 3154 4716 ἀπαριθμήσεως.
3206 4648 3469 4721 Κεφαλὴν
3498 4648 3596 4705 οὖν
3649 4655 3893 4711 nemo

592 4756 711 4809 qua:
754 4747 1110 4793 numerantur
1144 4738 1287 4805 apud
1318 4735 1483 4788 Deum
1514 4746 1568 4789 et
1596 4744 1983 4823 supputantur.
2018 4736 2149 4793 Tali;

2278 4736 2388 4787 τῶν
2444 4735 2652 4790 πιστῶν
2705 4736 2800 4809 τὴν
2850 4740 3236 4813 χριστοπρεπῆ
3294 4744 3579 4800 πολιτείαν
3637 4751 3893 4821 νοητὲον.

595 4832 740 4885 enim
769 4840 948 4883 vestra
980 4842 1143 4895 opera
1186 4828 1426 4882 divinam
1475 4828 1833 4882 visitationem
1872 4840 2149 4885 merentur

2283 4826 2491 4898 Τρίχας
2536 4828 2592 4881 δὲ
2624 4828 2833 4899 ταύτης
2862 4830 2961 4892 τὰς
3009 4831 3154 4883 κατὰ
3206 4832 3374 4907 μέρος
3410 4839 3750 4911 νεκροτέρας
3795 4840 3895 4896 τοῦ

601 4918 719 4971 iam
776 4918 992 4986 quidam
1042 4916 1351 4987 intelligunt
1405 4932 1499 4984 per
1544 4917 1781 4987 quinque
1809 4923 2149 4985 passerculos

2282 4919 2536 4990 σώματος
2566 4923 2818 4993 πράξεις,
2853 4924 2909 4977 αἶ
2940 4925 3307 4998 ἀριθμοῦνται
3340 4931 3497 4999 παρά
3525 4932 3675 5002 Θεῷ,
3713 4936 3810 4988 καὶ
3839 4939 3897 4989 ἐν

600 5010 842 5080 quinque
865 5022 1077 5072 sensus,
1106 5009 1197 5078 qui
1233 5011 1444 5064 duobus
1475 5010 1700 5064 minutis
1730 5010 1943 5067 assibus
1975 5027 2149 5069 venun

2280 5012 2424 5083 λόγῳ
2445 5013 2708 5070 τίθενται.
2742 5016 2807 5069 Al
2842 5016 2950 5087 γὰρ
2984 5019 3239 5091 τοιαῦται
3271 5020 3431 5090 ὑμῶν
3468 5024 3707 5095 πράξεις
3736 5027 3900 5091 θείας

601 5104 821 5165 dantur,
844 5101 945 5155 hoc
968 5109 1049 5154 est
1070 5099 1223 5154 Novo
1249 5113 1302 5156 et
1324 5098 1503 5156 Veteri
1526 5098 1898 5166 Testamento,
1926 5118 2031 5157 non
2056 5118 2149 5158 sun

2281 5106 2587 5176 ἐπισκοπῆς
2610 5106 2907 5171 ἀξιοῦνται.
2943 5110 3145 5165 Νοοῦσι
3175 5112 3234 5167 δέ
3271 5131 3440 5182 τινες,
3482 5119 3654 5172 πέντε
3688 5138 3892 5193 στρου-

602 5196 657 5250 in
679 5192 950 5248 oblivione
968 5194 1111 5263 apud
1143 5191 1332 5246 Deum.
1367 5193 1608 5259 Quorum
1638 5195 1781 5249 enim
1815 5210 2009 5250 sensus
2034 5206 2148 5251 rect

2285 5198 2396 5261 θία,
2426 5198 2527 5261 τάς
2560 5199 2725 5253 πέντε
2770 5202 3164 5273 αἰσθήσεις,-αῖ
3207 5205 3303 5260 δύο
3350 5210 3637 5281 ἀσσαρίων
3682 5191 3903 5271 πωλού·

606 5297 1027 5354 compouuntur,
1057 5295 1111 5341 et
1157 5286 1325 5339 sobrii
1359 5296 1507 5351 sunt,
1532 5296 1587 5341 et
1620 5286 1821 5343 rationi
1855 5288 2149 5344 subduntut

2286 5308 2469 5361 μεναι,
2500 5292 2749 5346 τουτέστι
2778 5292 2865 5346 διὰ
2895 5295 3104 5366 Καινῆς
3150 5299 3246 5352 καὶ
3295 5300 3546 5367 Παλαιᾶς
3579 5308 3898 5381 Διαθήκης,

607 5381 682 5429 ita
710 5385 890 5429 utnon
921 5376 1032 5430 sint
1060 5375 1300 5441 inutiles,
1333 5377 1426 5432 sed
1460 5377 1613 5431 valde
1640 5377 1800 5434 utiles
1836 5377 1890 5433 in
1922 5379 2149 5449 spiritua

2286 5382 2641 5453 ἀνεπίληστοί
2665 5385 2772 5437 εἰσι
2802 5386 2951 5456 παρὰ
2975 5386 3053 5456 τῷ
3082 5383 3347 5459 Θεῷ.”Ων
3376 5396 3489 5465 γὰρ
3516 5396 3575 5447 αἱ
3603 5375 3903 5468 αἰσθήσεις

610 5466 712 5521 lem
745 5467 951 5534 cibum,
978 5467 1032 5520 hi
1054 5481 1161 5520 non
1185 5479 1309 5523 sunt
1339 5470 1391 5523 in
1420 5468 1847 5539 oblivioneapud
1877 5472 2149 5526 Dominuu

2288 5474 2644 5565 puOuICovmt
2694 5478 2790 5531 καὶ
2836 5479 3210 5550 προσάγονται
3255 5484 3334 5554 τῷ
3394 5486 3560 5558 λόγῳ,
3612 5466 3769 5544 ὥστε
3821 5494 3901 5565 μὴ

2287 5563 2427 5620 εἶναι
2459 5569 2678 5638 ἀχρεῖαι
2715 5571 2796 5633 είς
2840 5575 3225 5647 πνευματικὴν
3259 5575 3492 5647 βρῶσιν,
3521 5574 3675 5636 οὗτοι
3704 5563 3904 5639 ἀνεπίέι

1668 5720 1675 5729 κ
2289 5660 2478 5731 ληστοι
2510 5660 2586 5729 τῷ
2624 5662 2828 5735 Κυρίῳ.

690 5736 844 5794 Vsus.
875 5738 1030 5795 8-12.
1061 5758 1079 5791 ι
1117 5739 1245 5797 Dico
1268 5750 1444 5797 autem
1480 5744 1652 5811 vobis,
1693 5744 1865 5799 omnis
1883 5747 2149 5815 qtticunqu

2372 5750 2591 5818 «Λέγω
2623 5750 2681 5804 δὲ
2737 5752 2889 5821 ὑμῖν,
2926 5754 3036 5818 πᾶς
3081 5754 3140 5820 ὃς
3190 5756 3258 5811 ἂν
3304 5759 3626 5839 ὁμολογήσῃ

612 5829 894 5883 confessus
926 5831 1090 5886 fuerit.
1122 5831 1176 5887 in
1222 5848 1308 5887 me
1335 5849 1520 5889 coram
1577 5836 1907 5900 hominibus,
1939 5846 1992 5889 et
2022 5838 2149 5892 Filio

2299 5840 2611 5911 ἔμπροσθεν
2642 5841 2751 5895 τῶν
2794 5843 3123 5916 ἀνθρώπων,
3178 5848 3274 5903 καὶ
3306 5852 3336 5904 ὁ
3367 5829 3502 5917 Υιδξ
3533 5829 3637 5911 τοῦ
3682 5829 3905 5932 ἀνθρὼ-

617 5918 847 5974 fﬂihiinis
883 5921 1227 5978 confitebitur
1248 5920 1305 5975 in
1347 5923 1437 5980 illo
1466 5938 1649 5980 coram
1686 5927 1891 5995 angelis
1942 5927 2054 5982 Dei.
2086 5930 2149 5996 Qt

2300 5951 2403 5985 που
2453 5934 2769 6009 ὁμολογήσῃ
2824 5937 2879 5993 ἐν
2910 5938 3061 6009 αὐτῷ
3115 5939 3431 6013 ἔμπροσθεν
3491 5946 3607 6002 τῶν
3644 5918 3907 6021 ἀγγέλων
