4038 6572
220 490 321 557 881

947 486 1399 551 ENARRATIO
1442 486 1524 547 1N
1548 483 1850 547 EVANGE

1960 483 2057 545 3M
2098 483 2339 546 LUC/EI.
2382 503 2451 521 -α
2476 484 2636 545 CAP.
2674 482 2819 544 XII.

3447 476 3558 541 882

219 602 316 660 τοῦ
339 600 498 656 θεοῦ·
527 603 555 654 ὀ
592 598 649 652 δὲ
670 596 1059 671 ἀρνησάμενός
1096 614 1163 667 με
1194 596 1431 652 ἐνώπιον
1468 596 1576 649 τῶν
1606 593 1824 667 ἀνθρώ-

1960 603 2119 652 nitent
2157 597 2441 666 negaverit
2485 612 2573 652 me
2621 611 2806 652 coram
2859 590 3201 665 hominibus,
3268 592 3558 662 negabitur

221 714 361 761 πων,
422 691 877 765 ἀπαρνηθήσεται
931 689 1166 745 ἐνώπιον
1230 690 1342 743 τῶν
1412 688 1669 757 ἀγγέλων
1724 687 1821 741 τοῦ

221 787 384 844 Θεοῦ.
422 788 534 842 Καὶ
569 787 678 851 πᾶς
717 785 776 849 ὃς
827 786 945 855 ἑρεῐ
988 784 1149 851 λόγον
1183 784 1264 847 εἰς
1296 783 1389 837 τὸν
1426 782 1559 836 Υίὸν
1587 781 1683 835 τοῦ
1725 782 1823 835 ἀνι

221 882 467 951 Θρώπου,
492 878 830 948 ἀφεθήσεται
847 876 1021 948 αὐτῷ·
1047 876 1127 946 τῷ
1149 876 1205 929 δὲ
1222 877 1303 939 είς
1326 874 1387 928 τὸ
1410 875 1567 942 ἅγιον
1592 873 1820 945 ΙΙνεῦμα

228 967 715 1039 βλασφημήσαντι,
744 965 845 1019 οὐκ
876 964 1240 1037 ἀφεθήσεται.
1277 963 1481 1019 Ὄτ⁹ἂν
1498 963 1554 1018 δὲ
1579 964 1824 1035 προσφέ-

224 1079 397 1134 ρωσιν
422 1061 565 1130 ὑμᾶς
598 1060 692 1113 ἐπὶ
723 1060 823 1125 τὰς
856 1060 1217 1129 Συναγωγάς,
1246 1059 1343 1114 καὶ
1378 1058 1478 1123 τὰς
1496 1058 1697 1131 ἀρχὰς,
1730 1060 1829 1115 καὶ

220 1155 321 1215 τὰς
341 1152 613 1218 ἔξουσίας,
650 1152 726 1223 μὴ
750 1153 1080 1223 μεριμνᾶτε,
1108 1151 1227 1216 πῶς
1249 1150 1282 1223 ἢ
1303 1151 1357 1205 τί
1376 1152 1826 1224 ἀπολογήσησθε,

222 1245 257 1314 ἢ
282 1244 334 1297 τί
366 1244 591 1313 εἴπητε⁶
632 1244 692 1297 τὸ
720 1243 829 1313 γὰρ
882 1242 1040 1311 ἅγιον
1079 1244 1307 1314 Πνεῦμα
1341 1243 1550 1312 διδάξει
1584 1246 1731 1315 ὑμᾶς
1763 1247 1828 1300 ὲν

227 1339 370 1407 αὐτῇ
403 1342 470 1409 τῇ
503 1339 645 1410 ὥρα,
698 1337 733 1391 ἃ
765 1337 846 1391 δεῖ
876 1340 1075 1395 εἰπεῖν.
1115 1358 1133 1391 ι
1177 1338 1294 1392 Νῦν
1335 1338 1395 1392 τὸ
1448 1337 1689 1394 ἔπαθλον
1720 1340 1827 1411 ’τῆς

228 1430 541 1498 μαρτυρίας
571 1428 917 1499 προτίθησιν.
946 1428 1105 1482 Ἐπεὶ
1130 1429 1240 1501 γὰρ
1266 1424 1412 1495 εἶπε,
1446 1430 1538 1501 Μὴ
1568 1430 1828 1500 φοϐεῖσθε

222 1521 337 1573 ἀπὸ
377 1521 486 1573 τῶν
532 1521 973 1573 ἀποκτεινόντων
1008 1520 1070 1574 τὸ
1125 1520 1312 1590 σῶμα,
1354 1521 1472 1585 καῖ’,
1503 1525 1825 1593 προσεῖπεν,

226 1613 339 1677 ὅτι,
377 1614 487 1666 Καὶ
526 1612 584 1664 αἱ
624 1612 811 1682 τρίχες
868 1613 1026 1684 ὑμῶν
1077 1612 1436 1684 ἠρίθμηνται,
1480 1614 1569 1669 ἵνα
1629 1617 1704 1686 μή
1745 1633 1832 1679 τις

226 1707 364 1781 εἴπῃ
385 1722 400 1739 ·
435 1707 535 1769 Δός
566 1724 658 1776 μοι
685 1707 780 1760 καὶ
812 1707 1005 1778 μισθόν
1031 1724 1155 1761 τινα
1175 1724 1187 1737 ·
1220 1705 1274 1759 τί
1301 1706 1411 1779 γάρ
1450 1726 1541 1780 μοι
1570 1708 1757 1778 μέλλει
1782 1709 1832 1761 ει

224 1803 328 1865 τὰς
382 1802 579 1875 τρίχας
635 1802 783 1873 ἔχεις
820 1790 1239 1875 ἡριΘιλημέναῃ
1280 1804 1439 1875 φησί’
1507 1803 1705 1868 Θέλεις
1736 1804 1832 1858 καὶ

229 1895 461 1966 μισθὸνς
501 1895 690 1949 ἄκουε·
726 1896 823 1958 ’ος
852 1895 918 1948 ἂν
948 1895 1265 1967 ὁμολογήσῃ
1291 1896 1351 1951 ὲν
1382 1896 1531 1966 ἐμοὶ,
1559 1895 1832 1967 ὁμολογη-

1939 705 2126 747 curam
2161 689 2372 762 angelis
2403 691 2517 746 Dei.
2549 687 2613 745 Et
2646 687 2900 761 quisquis
2946 688 3193 759 loquitur
3250 688 3460 742 dictum
3502 688 3554 740 in

1936 784 2133 840 Filium
2167 786 2424 852 hominis,
2455 788 2767 841 remittetur
2799 784 2874 840 illi
2906 802 2920 839 :
2950 785 2998 840 ei
3035 798 3161 838 vero
3187 783 3277 852 qui
3326 782 3380 836 in
3431 777 3554 848 Spi-

1939 882 2104 934 ritum
2119 889 2371 935 sanctum
2389 879 2697 936 convicium
2713 878 3052 941 dixerit.non
3081 875 3556 933 remittetur.Cum

1939 983 2121 1027 autem
2146 973 2469 1028 adduxerim
2486 989 2582 1028 vos
2603 973 2669 1028 ad
2697 972 3100 1045 Synagogas,et
3117 971 3181 1024 ad
3204 970 3561 1041 magistratus

1943 1082 2007 1121 ac
2040 1075 2361 1136 potestates,
2397 1066 2566 1122 nolite
2592 1066 2809 1123 solliciti
2850 1080 2973 1121 esse
3026 1064 3266 1135 qualiter
3308 1075 3403 1118 aut
3426 1063 3561 1133 quid

1942 1160 2342 1231 respondeatis.
2375 1171 2468 1217 aut
2501 1162 2629 1232 quid
2656 1161 2870 1216 dicatis.
2902 1152 3141 1231 Spiritus
3167 1160 3313 1215 enim
3339 1172 3565 1216 sanetus

1942 1244 2357 1310 docebitvosin
2383 1255 2573 1310 eadem
2602 1253 2733 1309 hora
2755 1253 2884 1324 quid
2902 1262 3156 1322 Oporteat
3176 1268 3273 1307 vos
3300 1252 3503 1307 dicere.
3542 1270 3559 1303 ι

1942 1343 2101 1401 Nunc
2135 1355 2313 1401 autem
2364 1344 2649 1415 prannium
2704 1345 2949 1414 martyrii
3014 1344 3225 1412 adjicit.
3269 1342 3563 1421 Postquam

1945 1439 2088 1493 enim
2124 1436 2285 1504 dixit,
2317 1439 2398 1494 Ne
2427 1438 2669 1494 linteatis
2697 1439 2765 1493 ab
2800 1439 2882 1492 his
2914 1437 3005 1515 qui
3032 1437 3293 1493 occidunt
3323 1452 3523 1505 corpus
3552 1454 3565 1490 :

1944 1542 2001 1587 et
2035 1530 2233 1601 adjecit
2263 1532 2404 1602 quod
2453 1530 2647 1597 Capilli
2705 1533 2872 1585 vestri
2946 1528 3215 1585 numerati
3261 1538 3440 1585 sunt:
3497 1542 3566 1582 ne

1944 1625 2069 1694 quis
2114 1624 2305 1680 dicat:
2365 1622 2442 1677 Da
2499 1622 2632 1679 mihi
2686 1624 2855 1679 etiam
2914 1623 3219 1678 mercedem
3274 1622 3561 1693 aliquam:

1944 1718 2073 1787 quid
2103 1719 2249 1773 enim
2301 1717 2431 1773 mihi
2461 1716 2732 1789 profuerit
2784 1717 2831 1773 si
2860 1716 3090 1788 capillos
3136 1714 3521 1770 numeraveris
3548 1712 3571 1768 2

1948 1810 2066 1879 Vis,
2099 1811 2299 1883 inquit,
2329 1810 2493 1867 etiam
2525 1810 2835 1869 mercedem
2870 1809 2895 1864 ?
2925 1808 3086 1863 audi:
3122 1806 3385 1878 Quisquis
3430 1820 3567 1861 con-

1950 1906 2190 1961 ﬁtebitur
2224 1906 2277 1959 in
2339 1921 2447 1970 me,
2506 1913 2843 1975 agnoscetur
2912 1917 3100 1958 coram
3158 1900 3290 1957 Deo.
3348 1900 3400 1954 lu
3458 1913 3568 1963 me,

227 1987 461 2055 θήσεται
512 1987 745 2041 ἐνώπιον
794 1986 886 2041 τοῦ
930 1988 1092 2042 Θεοῦ.
1142 1989 1217 2042 Τὸ
1247 1988 1325 2053 δὲ,
1372 1988 1723 2065 Ὀμολογήσῃ
1778 1990 1836 2042 ἐν

1960 1999 2096 2063 licit,
2128 1998 2503 2063 conﬁtebitur,
2541 1998 2645 2061 hoc
2680 2008 2766 2053 est
2808 2010 2931 2052 meo
2990 1992 3268 2065 adiutorio
3318 1992 3565 2062 adjutus,

228 2077 381 2147 ἐμοὶ,
416 2071 595 2142 εῐπεν,
639 2079 762 2131 ἀντὶ
794 2078 888 2132 τοῦ
913 2120 929 2148 ,
962 2080 1121 2135 Μετὰ
1153 2080 1255 2150 τῆς
1315 2080 1455 2151 ὲμῆς
1490 2080 1835 2151 συνεργείας,

228 2169 333 2222 καὶ
372 2171 430 2222 ὲν
463 2172 530 2240 τῇ
564 2172 673 2239 ἐμῇ
705 2169 973 2240 δυνάμει·
1019 2170 1384 2242 Ὀμολογήσω
1419 2171 1554 2241 γοῦν
1586 2172 1747 2241 κάγὼ
1779 2176 1839 2228 ὲν

228 2261 406 2331 abet},
450 2262 755 2330 τουτέστιν,
791 2264 883 2316 ὑπ’
925 2262 1095 2318 αὑτοῦ
1130 2266 1589 2337 συνεργούμενοζ.
1622 2267 1840 2341 Χρῄζο-

230 2373 339 2425 μεν
370 2355 479 2426 γὰρ
511 2355 607 2408 καὶ
660 2357 827 2427 ἡμεῖς
874 2360 1312 2429 προηγουμένως
1342 2359 1437 2414 τοῦ
1473 2360 1613 2414 Θεοῦ
1640 2378 1653 2391 ·
1687 2361 1843 2415 οὐδὲν

228 2450 347 2521 γὰρ
378 2450 548 2520 χωρὶς
578 2451 789 2503 ἐκείνου
825 2448 1126 2522 δυνάμεθαο
1170 2454 1265 2507 καὶ
1288 2456 1316 2507 ὁ
1344 2453 1481 2519 Θεὸς
1512 2455 1675 2509 πάλιν
1699 2455 1841 2527 χρῄσ-

229 2541 319 2606 ζει
357 2541 534 2612 ἡμῶν·
568 2542 665 2596 ἐὰν
692 2543 803 2614 γὰρ
841 2545 915 2618 μὴ
941 2545 1081 2617 εὕρῃ
1126 2546 1184 2598 ἐν
1220 2548 1356 2616 ἡμῖν
1383 2547 1521 2615 ἔργα
1547 2548 1695 2614 ἄξια.
1722 2548 1844 2601 οὐδὲ

232 2635 724 2708 προσλαμϐάνεται
778 2639 951 2709 ἡμᾶς,
1004 2638 1037 2710 ἢ
1088 2640 1198 2710 γὰρ
1230 2639 1297 2693 ἂν
1354 2640 1844 2713 προσωπολήπτης

238 2729 355 2801 εἴη.
402 2730 814 2803 Ὁμολογοῦμεν
861 2728 954 2786 οὖν
1002 2734 1168 2803 ἡμεῖς
1208 2736 1265 2787 ὲν
1321 2734 1495 2804 αὐτῷ,
1559 2736 1848 2789 τουτέστιν

235 2827 301 2876 ἐν
332 2827 399 2895 τῇ
434 2826 601 2879 αὑτοῦ
636 2826 952 2898 συνεργείᾳ.
1014 2828 1125 2881 Καὶ
1190 2829 1352 2891 αὐτὸς
1398 2831 1454 2881 ὲν
1496 2831 1651 2900 ἡμῖν,
1687 2847 1840 2883 τουτ-

235 2918 392 2973 ἐστιν
466 2921 523 2974 ἐν
553 2923 620 2991 τῇ
675 2921 831 2992 ἡμῶν
860 2921 1175 2992 συνεργεία.
1228 2924 1286 2975 Ei
1321 2923 1396 2995 μὴ
1447 2925 1557 2994 γὰρ
1601 2923 1849 2995 δώσομεν

152 3080 155 3085 ί
236 3010 396 3082 αὐτῷ
430 3012 709 3085 ἀφορμὴν,
743 3015 865 3077 οὑᾶὲ
896 3015 1231 3086 ὁμολογήσει
1281 3016 1425 3088 ὑπὲρ
1474 3018 1655 3088 ἡμῶν.
1704 3018 1764 3072 Ὀ
1792 3018 1849 3072 δὲ

231 3104 599 3177 ἀρνούμενος,
625 3108 727 3161 οὐκ
752 3109 810 3161 ἐν
840 3111 906 3179 τῇ
967 3108 1061 3163 τοῦ
1112 3108 1250 3162 Θεοῦ
1292 3109 1524 3181 δυνάμει
1575 3112 1848 3183 ἀρνεῖται.

234 3200 335 3252 Arb
368 3200 489 3252 οὐδὲ
520 3201 830 3271 προσέθηκε
859 3202 938 3267 τὸ,
977 3204 1034 3255 ὲν
1061 3203 1210 3272 ἐμοὶ,
1234 3204 1374 3270 ἀλλ’,
1412 3206 1439 3255 ὁ
1461 3204 1851 3275 ἀρνησάμενός

1944 2102 1995 2147 et
2032 2107 2148 2148 mea
2186 2093 2431 2147 virtute:
2494 2091 2798 2147 conﬁtebor
2846 2088 3014 2163 igitur
3063 2096 3113 2145 et
3186 2101 3286 2157 ego
3337 2086 3393 2141 in
3452 2085 3567 2150 illo,

1944 2188 2050 2243 hoc
2080 2197 2163 2243 est
2220 2187 2321 2244 sub
2357 2187 2477 2256 ipso
2515 2200 2837 2256 cooperans.
2888 2182 3039 2256 Opus
3092 2184 3238 2239 enim
3298 2180 3568 2235 habemus

1949 2291 2004 2336 et
2035 2297 2137 2338 nos
2195 2282 2307 2338 Deo
2365 2282 2526 2347 duce,
2584 2280 2707 2337 sine
2767 2293 2875 2350 quo
2939 2278 3075 2333 nihil
3144 2291 3487 2346 possumus:
3524 2282 3579 2329 et

1949 2374 2095 2431 Deus
2145 2391 2366 2446 quoque
2409 2390 2548 2446 opus
2577 2374 2744 2430 habet
2775 2373 2955 2428 nobis.
2985 2371 3156 2444 368
3189 2368 3248 2426 Si
3282 2367 3428 2424 enim
3467 2381 3576 2420 non

1951 2463 2224 2524 invenerit
2249 2469 2302 2523 in
2336 2468 2495 2524 nobis
2551 2481 2717 2537 opera
2795 2465 2982 2536 digna,
3041 2477 3217 2536 neque
3265 2477 3366 2517 nos
3412 2475 3571 2515 assu-

1951 2570 2105 2616 met:
2136 2560 2337 2630 alioqui
2375 2573 2734 2630 personarum
2781 2564 3041 2627 acceptor
3094 2562 3263 2610 esset.
3323 2551 3571 2609 Conﬁte-

1952 2669 2076 2709 tnur
2115 2652 2281 2725 igitur
2311 2661 2368 2707 et
2399 2666 2497 2707 nos
2534 2651 2587 2705 in
2621 2649 2734 2716 illo,
2770 2648 2875 2705 hoc
2930 2656 3017 2706 est
3075 2649 3128 2702 in
3179 2645 3301 2717 ejus
3361 2657 3573 2714 coope-

1953 2747 2167 2801 ratione
2195 2762 2209 2799 :
2233 2753 2288 2799 ct
2324 2745 2438 2815 ipse
2474 2744 2527 2799 in
2559 2743 2738 2809 nobis,
2782 2743 2889 2799 hoc
2945 2752 3033 2798 est
3075 2743 3128 2797 in
3163 2750 3347 2796 nostra
3383 2754 3584 2809 coope-

1953 2838 2190 2893 ratione.
2250 2836 2308 2891 Si
2349 2836 2497 2894 enim
2588 2851 2697 2891 non
2747 2834 3065 2891 dederimus
3120 2834 3170 2889 ei
3201 2833 3580 2897 occasionem,

1957 2946 2066 2987 non
2098 2932 2449 2987 conﬁtebitur
2486 2947 2586 3003 pro
2620 2931 2797 2988 nobis.
2851 2930 2956 2999 Qui
3030 2939 3217 2985 autem
3270 2928 3578 2999 negaverit,

1957 3040 2065 3080 non
2100 3025 2155 3079 in
2184 3024 2387 3079 virtute
2420 3024 2512 3080 Dei
2552 3033 2714 3095 negat
2746 3024 2905 3079 :ideo
2937 3039 3043 3079 non
3081 3021 3327 3092 apponit,
3362 3022 3415 3075 in
3452 3035 3571 3082 me,

1959 3118 2077 3184 sed,
2106 3116 2196 3187 qui
2242 3097 2523 3187 negaverit
2553 3133 2661 3173 me.
2688 3114 2829 3183 Quid
2876 3126 3057 3171 autem
3120 3114 3165 3168 si
3215 3114 3383 3167 etiam
3428 3112 3587 3181 juxta

1960 3217 2013 3270 id
2063 3214 2207 3284 quod
2238 3212 2419 3269 omnis
2458 3224 2681 3268 sanctus
2717 3223 2902 3266 manet
2952 3210 3005 3264 in
3051 3208 3297 3271 Christo,
3338 3216 3392 3263 et
3422 3204 3587 3261 Chri-

237 3309 337 3364 με,
370 3294 586 3363 μήποτε
621 3294 677 3347 δὲ
710 3295 847 3349 κα’.ὺ
887 3296 996 3359 πᾶς
1030 3294 1188 3364 ἅγιος
1215 3297 1272 3349 ὲν
1303 3296 1381 3366 τῷ
1408 3298 1634 3369 Χριστῷ
1672 3298 1847 3368 μένει,

1960 3320 2079 3367 stus
2108 3319 2296 3365 manet
2330 3308 2383 3362 in
2420 3322 2508 3372 eo,
2544 3305 2688 3359 istud
2719 3316 2940 3373 quoque
2969 3301 3173 3356 dictum
3211 3308 3334 3355 est:
3370 3317 3389 3352 ι
3423 3297 3587 3365 Quis-

235 3388 342 3443 καὶ
374 3388 403 3441 ὁ
434 3388 671 3457 Χριστος
704 3390 764 3440 ὲν
799 3386 975 3458 αὐτῷ,
1012 3387 1159 3442 κατὰ
1188 3387 1350 3442 τοῦτο
1383 3388 1605 3461 εἴρηται
1633 3392 1723 3462 td"
1751 3390 1855 3453 “0;

236 3482 312 3534 ἂν
353 3480 669 3551 ὁμολογήσῃ
701 3482 757 3533 ἐν
799 3483 945 3552 ἐμοὶ,
979 3481 1231 3535 τουτέστι
1288 3482 1491 3552 μένων,
1527 3464 1858 3553 ὁμολογήσω

235 3571 408 3640 κάγὼ
440 3576 500 3628 ἐν
522 3572 674 3643 αὐτῷ
709 3574 885 3643 μένων
913 3588 926 3604 ·
965 3576 1057 3627 καὶ
1096 3575 1206 3637 πᾶς
1247 3574 1305 3637 ὃς
1357 3574 1423 3627 ἂν
1460 3576 1558 3645 ὲρῇ
1589 3574 1750 3644 λόγον
1776 3578 1857 3639 εἰς

233 3665 341 3719 τὸν
363 3666 497 3719 Υίὶν
519 3666 614 3719 τοῦ
642 3665 957 3737 ἀνθρώπου,
982 3666 1325 3736 ἀφεθήσεται
1346 3666 1517 3739 αὐτῷ.
1541 3667 1857 3735 Τοῦτ’ἐστι,

231 3759 301 3821 ὃς
332 3759 730 3829 βλασφημήσῃ
762 3762 841 3823 εἰς
892 3760 991 3830 ἐμὲ
1020 3762 1113 3814 τὸν
1146 3762 1477 3831 ιραινὸμενον
1540 3763 1672 3817 Υἱὺν
1704 3763 1862 3833 ψιλὸν

232 3850 346 3907 τοῦ
379 3851 698 3923 ἀνθρώπου,
736 3854 833 3906 καὶ
867 3852 1142 3918 ἐσθίοντα,
1171 3855 1267 3909 καὶ
1298 3855 1550 3922 πίνοντα,
1581 3856 1679 3911 καὶ
1718 3856 1861 3928 μετὰ

234 3944 508 3998 τελωνῶν
566 3944 827 4013 διάγοντα
862 3946 959 3999 καὶ
1017 3945 1258 4017 πορνῶν,
1310 3948 1687 4017 συγγνωστὸς,
1746 3949 1854 4004 κᾶν

236 4038 591 4111 μετανοήσῃ,
626 4038 731 4091 κᾶν
759 4040 857 4108 μή.
889 4038 1089 4108 Οὑγὰρ
1122 4039 1402 4107 λογίζεται
1426 4040 1576 4111 αὑτῷ
1611 4042 1863 4115 ἁμαρτία

238 4130 333 4201 μὴ
368 4130 703 4184 πιστεύοντι.
742 4131 807 4183 Τί
844 4131 955 4201 γὰρ
999 4126 1162 4195 εῐὸεν,
1220 4132 1309 4185 ἵνα
1364 4134 1637 4207 πιστεύςῃ
1666 4152 1680 4202 ;
1713 4136 1779 4189 Τί
1810 4136 1865 4190 δὲ

238 4223 467 4295 μᾶλλον
497 4224 598 4277 οὐκ
632 4222 775 4277 εἶδεν
796 4224 948 4290 ἄξιον
968 4225 1289 4296 δυσφημίας
1315 4244 1329 4293 ;
1366 4223 1522 4281 Εἱὸεν
1549 4228 1860 4299 ἄνθρωπον,

234 4317 491 4388 πὸρναις
523 4315 904 4387 συνδιάγοντα,
949 4316 1048 4371 καὶ
1080 4317 1399 4391 βλασφημεῖ
1438 4322 1517 4385 εἰς
1556 4320 1724 4377 αὐτόν
1754 4337 1767 4351 ⁸
1802 4323 1864 4376 οὺ

235 4410 546 4479 λογίζεται
576 4406 670 4465 οῦν
693 4412 843 4482 αὐτῷ
880 4412 1151 4483 ἁμαρτία.
1186 4414 1349 4476 Εἰκὸς
1380 4414 1488 4485 γὰρ
1517 4414 1707 4469 ἔπαθε·
1748 4416 1867 4481 πῶς

233 4505 367 4571 γὰρ
400 4502 531 4565 Υιὸς
570 4502 727 4569 Θεοῦ,
757 4506 785 4558 ὁ
839 4505 1077 4576 πόρναις
1133 4506 1480 4575 συνδιὰγων;
1528 4489 1870 4581 Βλασφημήα

234 4616 339 4650 σει
381 4595 567 4648 τοίνυν
610 4598 703 4649 καὶ
765 4596 970 4652 πλάνον
1028 4599 1367 4654 ἀποκαλέσει
1414 4601 1507 4655 τὸν
1550 4601 1695 4655 οὕτω
1757 4604 1860 4673 μὲν

1962 3403 2086 3473 quis
2112 3398 2466 3456 conﬁtebitur
2516 3396 2574 3450 in
2633 3409 2745 3458 me,
2795 3394 2898 3447 hoc
2942 3400 3026 3445 est
3077 3389 3129 3443 in
3189 3402 3277 3442 me
3328 3399 3586 3451 manens,

1963 3494 2270 3549 conﬁtebor
2312 3494 2502 3559 utique
2533 3497 2587 3542 et
2610 3501 2714 3557 ego
2739 3485 2791 3539 in
2825 3484 2918 3539 illo
2944 3497 3173 3537 manens
3195 3482 3263 3534 ".
3302 3481 3372 3535 Et
3411 3481 3593 3535 omnis

1966 3587 2059 3657 qui
2090 3586 2287 3641 dixerit
2314 3596 2625 3637 sermonem
2677 3579 2731 3633 in
2776 3577 2977 3633 Filium
3036 3575 3298 3640 hominis,
3335 3574 3589 3629 remitte-

1967 3689 2053 3734 tur
2084 3677 2155 3733 ci.
2199 3696 2217 3730 ι
2254 3674 2369 3730 Hoc
2404 3682 2521 3740 est,
2557 3671 2649 3743 qui
2711 3667 3175 3741 hlasphemaverit
3222 3667 3274 3721 in
3326 3681 3433 3731 me,
3486 3667 3580 3735 qui

1964 3770 2155 3823 videor
2187 3783 2355 3838 purus
2388 3764 2558 3819 Filius
2598 3762 2856 3826 hominis,
2888 3771 2940 3815 et
2975 3761 3224 3821 comedo,
3259 3769 3312 3813 et
3344 3758 3495 3822 bibo,
3533 3766 3590 3812 et

1966 3876 2089 3917 cum
2124 3857 2432 3930 publicanis
2455 3868 2511 3911 et
2559 3854 2757 3910 scortis
2791 3867 2984 3908 verser
3008 3889 3024 3917 ,
3058 3850 3275 3905 veniam
3326 3851 3591 3920 consequi

1968 3953 2193 4024 pmerit,
2228 3952 2345 4007 sive
2377 3948 2715 4021 paenituerit,
2761 3947 2878 4002 sive
2910 3961 3041 3999 non.
3079 3941 3197 3997 Non
3228 3942 3375 3999 enim
3411 3943 3592 4012 impu-

1972 4054 2119 4100 tatur
2154 4044 2201 4099 ei
2232 4051 2514 4112 peccatum
2553 4040 2598 4095 si
2650 4054 2756 4093 non
2815 4037 3027 4094 credat.
3082 4033 3222 4101 Quid
3258 4036 3404 4089 enim
3455 4037 3593 4091 vidit

1970 4150 2028 4193 ut
2065 4136 2294 4193 credat?
2332 4134 2417 4190 vel
2442 4133 2644 4204 potius,
2696 4132 2829 4204 quid
2856 4148 2960 4186 non
3013 4128 3149 4183 vidit
3202 4127 3459 4183 convicio
3505 4128 3595 4184 di-

1972 4231 2183 4302 gnum?
2224 4229 2366 4285 Vidit
2396 4228 2675 4283 hominem
2725 4235 3036 4280 versantem
3094 4240 3218 4281 cum
3269 4222 3497 4287 scortis,
3541 4234 3597 4279 et

1971 4325 2093 4380 ideo
2127 4324 2475 4391 ldasphemat
2501 4335 2626 4375 eum
2663 4337 2678 4375 :
2706 4335 2815 4373 non
2847 4318 3010 4390 igitur
3044 4319 3349 4389 imputatur
3384 4318 3432 4373 ei
3468 4332 3597 4386 pec-

1971 4428 2181 4473 catum.
2217 4414 2534 4471 Verisimile
2585 4412 2730 4467 enim
2766 4412 2943 4465 visum
2974 4420 3061 4466 est
3091 4428 3105 4463 :
3141 4426 3265 4464 nam
3318 4409 3597 4479 quomodo

1972 4509 2146 4566 Filius
2179 4509 2296 4574 Dei,
2336 4507 2431 4579 qui
2468 4522 2591 4561 cum
2638 4504 2837 4562 scortis
2892 4501 3181 4559 versatur?
3238 4502 3597 4572 Blasphemat

1975 4605 2143 4677 igitur
2173 4614 2228 4659 et
2260 4603 2618 4673 impostorem
2656 4608 2821 4655 vocat
2847 4614 2999 4664 eum,
3031 4597 3122 4669 qui
3178 4598 3259 4652 sic
3300 4610 3599 4653 conversa-

230 4690 540 4759 διάγοντα,
562 4690 692 4743 Υἱὸν
718 4691 775 4745 δὲ
798 4692 932 4745 Θεοῦ
958 4694 1152 4747 ἑαυτὸν
1179 4693 1462 4748 ποιοῦντα.
1499 4694 1668 4751 Ὅταν
1699 4696 1756 4749 δέ
1780 4715 1850 4761 τις

1976 4712 2085 4763 tur,
2126 4707 2182 4753 et
2248 4696 2537 4750 facientem
2608 4707 2668 4749 se
2706 4692 2903 4748 Filium
2954 4691 3072 4746 Dei.
3121 4690 3355 4757 Quando
3411 4699 3595 4745 autem

229 4786 330 4845 ei;
377 4781 443 4834 τὸ
478 4781 634 4849 ἅγιον
667 4783 895 4854 Πνεῦμα
916 4783 1243 4857 βλασφημῇ,
1274 4786 1683 4856 ἁσύγγνωστος.
1717 4791 1782 4843 Ὀ
1812 4789 1870 4843 δὲ

228 4877 440 4944 λέγει,
491 4874 735 4929 τοιοῦτόν
781 4878 931 4930 ἐστιν
970 4894 982 4909 ο
1021 4878 1198 4932 ’Ὅταν
1251 4879 1585 4952 οεοσημείας
1626 4880 1871 4952 βλέπων,

229 4972 349 5025 καὶ
377 4969 523 5037 ἔργα
562 4968 779 5039 μεγαλα
809 4972 903 5025 καὶ⁵
930 4971 1192 5041 ἐξαίρετα
1223 4972 1428 5044 ἀπιστῇ
1464 4975 1559 5027 καὶ
1592 4991 1871 5044 συκοφανι

227 5068 339 5135 τῇ,
391 5062 495 5125 τὰς
519 5063 612 5115 τοῦ
644 5064 804 5131 ἁγίου
837 5064 1161 5133 Πνεύματος
1208 5065 1495 5136 ἐνεργείας
1539 5065 1619 5135 τῷ
1644 5067 1874 5131 Βεελζε-

227 5159 394 5213 ϐοὺλ
462 5158 908 5228 προσανατιοεὶς,
964 5157 1090 5212 τότε
1132 5156 1476 5228 βλασφημῶν
1518 5159 1598 5221 είς
1627 5156 1687 5210 τὺ
1719 5156 1877 5225 ἅγιον

228 5248 518 5317 Πνεῦμα,
578 5250 674 5302 καὶ
707 5250 763 5302 ἐν
808 5248 1085 5321 πνεύματι
1137 5250 1365 5320 πονηρῷ
1420 5248 1604 5302 καὶού
1642 5247 1775 5318 θείῳ
1806 5248 1875 5302 τὰ

228 5343 477 5417 σημεῖα
510 5342 760 5409 γίνεσθαι
786 5342 985 5413 λέγων,
1044 5342 1439 5411 ἁσύγγνωστὸς
1466 5342 1608 5407 ἐστι,
1638 5341 1732 5395 καὶ
1773 5340 1875 5393 οὐκ

224 5441 421 5493 ἔσται
483 5435 685 5503 ἁθῶος,
725 5426 787 5490 εἶ’
833 5436 909 5507 μὴ
966 5439 1327 5508 μετανοήσειλ·
1363 5436 1442 5507 τῷ
1502 5438 1602 5508 μὲν
1649 5439 1729 5499 εἰς
1784 5435 1877 5488 τὸν

224 5535 390 5590 Υἱὸν
452 5528 548 5581 τοῦ
608 5529 900 5600 ἀνθρώπου
953 5514 1395 5600 βλασφημοῦντι,
1448 5530 1571 5585 οὐδὲ
1626 5528 1873 5599 ἁμαρτία

224 5623 572 5694 ἐλογίζετο,
602 5624 683 5676 διὸ
735 5626 829 5678 καὶ
864 5624 940 5695 μὴ
991 5625 1273 5694 μετανοῶν
1306 5623 1713 5693 συγγνωστέος.
1786 5624 1877 5693 Τῷ

221 5725 291 5777 δῖ
336 5721 506 5771 Οειου
542 5716 859 5785 [Ινεὺματος
898 5718 1038 5789 ἔργα
1066 5719 1291 5788 ὁρῶντι,
1322 5720 1415 5772 καὶ
1464 5716 1871 5788 βλασφημῶν⁶

224 5836 314 5878 τι.
367 5810 555 5882 χωρῖς
587 5811 878 5880 μεττνοίας
911 5812 1011 5865 οὐκ
1054 5812 1421 5882 ἀφεθήσεται.
1464 5809 1734 5882 ’Λμαρτία
1764 5810 1872 5878 γὰρ

320 5999 369 6025 ⁸*
408 5988 612 6045 .ilatzh.
665 6006 719 6054 ι,
748 5991 835 6045 id.

1969 4790 2093 4861 quis
2149 4786 2456 4844 convicium
2499 4784 2704 4840 dixerit
2744 4784 2797 4838 in
2852 4780 3116 4853 Spiritum
3166 4791 3441 4846 sanetum,
3487 4794 3593 4834 non

1970 4886 2285 4938 remittetur
2327 4878 2401 4934 ei.
2432 4878 2601 4945 Quod
2626 4892 2759 4932 vero
2814 4876 2965 4942 dicit,
2994 4864 3164 4930 hunc
3214 4889 3438 4931 sensum
3497 4872 3594 4927 ha-

1968 4978 2102 5033 bet:
2131 4977 2360 5044 Quando
2389 4974 2581 5029 videns
2623 4973 2809 5029 divina
2847 4970 3134 5035 miracula,
3180 4979 3235 5023 et
3261 4983 3429 5039 Opera
3485 4983 3600 5022 nta-

1972 5087 2075 5143 gna
2110 5084 2168 5125 et
2202 5068 2569 5141 prmcellcntia
2601 5068 2885 5132 discredit,
2939 5074 2996 5120 et
3048 5063 3425 5120 calumniatur
3468 5060 3596 5127 Spi—

1976 5162 2116 5217 ritus
2154 5162 2331 5217 sancti
2366 5162 2738 5232 operationes,
2778 5159 2899 5213 illas
2932 5156 3217 5213 Beelzebul
3260 5154 3596 5220 attribuens,

1988 5255 2034 5310 is
2075 5254 2416 5325 hlasphemat
2446 5263 2502 5308 et
2541 5253 2850 5308 convicium
2882 5251 3016 5306 dicit
3076 5250 3130 5304 in
3166 5247 3434 5319 Spiritum
3471 5263 3599 5302 san-

1988 5356 2174 5415 ctum;
2207 5349 2338 5404 etin
2372 5347 2564 5416 Spiritu
2597 5346 2832 5418 maligno
2864 5355 2915 5400 et
2944 5360 3049 5399 non
3098 5342 3287 5398 divino
3334 5340 3596 5396 miracula

1989 5440 2105 5496 ﬁeri
2139 5440 2348 5504 dicens,
2381 5438 2599 5493 veniam
2657 5452 2763 5492 non
2796 5444 3187 5506 consequetur,
3237 5444 3291 5490 et
3342 5450 3447 5487 nun
3495 5435 3599 5487 erit

1987 5528 2276 5590 innocens,
2317 5526 2497 5581 sinon
2549 5526 2891 5597 pmttitucrit.
2947 5526 3007 5581 Ei
3066 5526 3211 5580 enim
3254 5524 3347 5593 qui
3399 5523 3595 5577 Filium

1989 5620 2231 5675 hominis
2276 5619 2642 5690 blasphemat,
2695 5630 2981 5691 peccatqu
3048 5634 3156 5674 non
3225 5619 3529 5688 imputatur
3575 5634 3587 5669 :

1987 5714 2110 5770 ideo
2137 5714 2240 5769 etsi
2282 5732 2388 5771 non
2431 5724 2553 5786 agat
2582 5717 2986 5787 paenitentiam,
3024 5713 3240 5767 veniam
3290 5724 3597 5780 conseque-

1989 5820 2099 5861 tur.
2146 5807 2361 5865 Vidcnti
2400 5816 2582 5863 autent
2609 5807 2774 5863 divini
2815 5806 3052 5878 Spiritus
3094 5820 3278 5877 Opera,
3327 5814 3380 5857 et
3440 5802 3596 5858 blas-
