4038 6524
552 414 658 476 883

1474 351 2051 469 ΤΗΕΟΡΙΞΥίιΑιΟΤΙ
2103 402 2516 470 BULGARl/E
2550 410 2908 472 ARCHIEP-

3731 397 3830 465 εει

554 528 857 605 pbemanti,
908 528 1118 597 absque
1147 520 1463 595 pmnitentia
1496 528 1778 592 peccatum
1813 531 1919 572 non
1955 517 2129 573 remit-

2248 515 2484 589 μεγίστη
2517 519 2928 591 λογισθήσεται.
2978 519 3150 573 Ὅταν
3185 517 3239 571 δὲ
3275 515 3666 588 προσφέρωσιν
3695 514 3834 582 ὑμᾶς

555 635 733 679 tetur:
800 627 1079 690 peccatum
1134 615 1279 671 enim
1326 612 1623 668 maximum
1689 611 1942 666 nabetur.
2003 609 2136 666 Cum

555 724 732 770 autem
774 709 1097 766 adduxerim
1125 721 1220 763 vos
1245 708 1315 762 ad
1349 705 1698 776 magistratus
1733 713 1784 758 et
1819 709 2134 772 potestates.

552 817 658 861 etc.
695 805 830 871 Quia
863 803 1152 858 infirmitas
1193 806 1381 854 nostra
1421 797 1619 865 duplex
1656 804 1760 860 est,
1802 804 1858 850 et
1883 793 1968 850 vel
2013 809 2140 866 pro-

553 905 672 966 pter
731 897 982 949 timorem
1035 907 1318 962 pinnarum
1366 889 1602 959 fugimus
1657 887 1999 958 martyrium,
2055 887 2137 942 vel

556 997 772 1057 propter
805 987 1230 1055 simplicitatem.
1261 999 1328 1039 eo
1365 983 1511 1053 quod
1547 997 1651 1037 non
1690 996 1977 1051 possumus
2018 981 2137 1036 red-

553 1083 682 1136 dere
731 1082 992 1135 rationem
1047 1087 1245 1134 nostra
1287 1076 1455 1132 lidei:
1504 1075 1712 1131 sanavit
1749 1074 1966 1143 quidem
2021 1089 2135 1129 me-

555 1183 666 1226 tum
705 1173 794 1241 qui
839 1187 902 1224 ex
959 1169 1158 1240 poenis,
1187 1168 1310 1239 quia
1345 1167 1522 1222 dixit:
1584 1165 1660 1221 Ne
1711 1166 1945 1222 timeatis
1979 1181 2071 1220 eos
2105 1180 2135 1219 a

555 1265 747 1334 quibus
776 1262 1042 1318 Occiditur
1068 1276 1283 1330 carpus.
1311 1260 1479 1316 Sauat
1507 1273 1720 1329 quoque
1749 1273 1892 1312 nunc
1931 1266 2134 1312 metum

553 1354 641 1420 qui
675 1367 742 1407 ex
777 1351 1154 1422 simplicitate;
1192 1365 1312 1406 nam
1341 1350 1592 1420 quoniam
1627 1363 1734 1402 non
1786 1347 1940 1402 multi
1992 1347 2138 1416 sapi-

554 1455 709 1500 entes
761 1445 1057 1500 secundum
1097 1457 1319 1498 carnem
1371 1442 1757 1507 crediderunt,
1807 1442 1900 1495 sed
1954 1441 2137 1511 plures

555 1538 717 1593 laici:
749 1537 828 1592 Ne
868 1537 1081 1605 timeas,
1118 1537 1314 1607 inquit,
1341 1535 1433 1606 qui
1487 1535 1713 1605 simplex
1751 1550 1832 1600 cs,
1880 1543 1933 1590 et
1980 1549 2136 1606 agre-

554 1632 655 1686 stis
696 1645 762 1687 ac
819 1631 1007 1696 idiota,
1066 1644 1243 1698 neque
1296 1628 1561 1684 sollicitus
1605 1627 1683 1683 sis
1733 1627 2004 1696 quomodo
2053 1627 2133 1679 vel

555 1723 682 1794 quid
711 1723 1038 1793 respondeas
1074 1733 1325 1794 tyranno,
1365 1737 1486 1776 cum
1525 1721 1890 1792 interrogatus
1941 1721 2130 1784 literis,

558 1816 636 1870 vel
671 1816 797 1886 quid
829 1816 1012 1872 dicas:
1050 1815 1188 1870 alius
1210 1813 1564 1870 concionandi
1593 1813 1786 1869 modus
1835 1815 1957 1869 erit.
2010 1811 2134 1883 Spi-

2255 607 2348 662 ἐπὶ
2395 607 2710 683 τάῖ⁴’ἀρχὰς
2770 612 2864 666 καὶ
2915 610 3016 673 τὰς
3072 609 3343 676 ἔξουσίας,
3401 607 3500 662 καὶ
3569 605 3640 659 τά
3686 605 3830 673 ἑξῆς.

2266 701 2486 775 Ἐπειδὴ
2519 703 2551 772 ἡ
2591 704 2849 758 ἀσθένεια
2911 703 3069 774 ἡμῶν
3126 703 3302 772 διττὴ,
3353 700 3452 754 καὶ
3484 702 3518 771 ἢ
3546 700 3637 753 διὰ
3670 699 3830 767 φόϐον

2257 794 2533 849 κολάσεων
2562 795 2955 866 ἀποφεύγομεν
3003 796 3066 849 τὸ
3122 794 3446 865 μαρτύριον,
3475 793 3510 862 ἢ
3549 793 3837 862 δι’.ἀγροι⁴

2255 885 2402 950 κίαν,
2433 885 2523 940 καὶ
2550 887 2612 940 τὸ
2652 887 2728 958 μὴ
2751 887 3015 942 δύνασθαι
3047 887 3234 940 δοῦναι
3267 886 3428 954 λόγον
3458 882 3562 953 τῆς
3617 885 3677 935 ὲν
3706 883 3834 950 ἡμῖν

2255 978 2492 1043 πίστεως
2515 994 2529 1009 °
2567 979 2756 1034 ἰάσατο
2785 979 2886 1048 μὲν
2932 980 3023 1032 τδν
3053 980 3145 1032 ἐπὶ
3200 979 3322 1041 ταῖς
3374 975 3635 1030 κολάσεσι
3667 971 3832 1042 φόϐον

2251 1071 2340 1126 διὰ
2369 1073 2465 1126 τοῦ
2500 1075 2698 1138 εἰπεῖν,
2759 1073 2852 1140 Μὴ
2894 1072 3172 1142 φοϐηθῆτε
3203 1070 3310 1126 ἀπὸ
3329 1070 3440 1124 τῶν
3482 1066 3833 1123 ἀποκτεινόν-

2250 1181 2361 1218 των
2393 1165 2456 1220 τὸ
2499 1166 2678 1237 σῶμα,
2717 1167 2862 1220 ἰᾶται
2907 1165 2965 1220 δὲ
3017 1165 3114 1219 νῦν
3148 1164 3242 1218 καὶ
3269 1163 3362 1217 τὸν
3393 1162 3483 1215 ὲπὶ
3533 1163 3600 1231 τῇ
3649 1160 3838 1229 ἀγροι-

2250 1257 2366 1330 κίᾳ.
2405 1258 2557 1314 Ἐπεὶ
2588 1263 2698 1330 γὰρ
2747 1261 2808 1313 ού
2850 1260 3037 1314 πολλοὶ
3088 1261 3244 1329 σοφοὶ
3293 1258 3436 1312 κατά
3484 1259 3668 1328 σάρκα
3720 1253 3842 1307 επί-

2251 1368 2502 1420 στευσαν,
2541 1354 2654 1408 ἀλλ’
2678 1355 2728 1408 oi
2749 1354 2967 1418 πλείους
3004 1354 3235 1418 ἰδιῶται,
3264 1352 3356 1423 Μὴ
3392 1350 3580 1421 φοϐοῦ.
3618 1349 3776 1420 φησὶ.
3813 1349 3842 1400 6

2247 1433 2505 1517 ἄγροικος
2561 1447 2655 1502 καὶ
2697 1445 2939 1518 ἰδιώτης,
2993 1447 3129 1518 μηδὲ
3184 1447 3428 1518 μερίμνα
3491 1443 3612 1507 πῶς
3676 1442 3711 1512 ἢ
3783 1440 3837 1494 τί

2249 1537 2574 1612 ἀπολογήσῃ
2627 1539 2706 1611 τῷ
2760 1541 3011 1611 τυράννῳ
3069 1537 3494 1610 ἐρωτώμενοςῆ
3541 1537 3596 1589 τί
3642 1535 3829 1607 εἴπῃς*

2247 1623 2407 1678 ἄλλον
2471 1625 2672 1695 τρόπον
2715 1626 3048 1698 δημηγορῶν
3075 1643 3089 1656 ο
3127 1627 3185 1680 τὸ
3225 1627 3335 1698 γάρ
3383 1626 3540 1695 ἀγιον
3607 1623 3840 1695 Πνεῦμα

2250 1717 2451 1784 διδάξει
2487 1720 2632 1790 ὑμᾶς
2667 1721 2726 1772 ὲν
2766 1720 2908 1791 αὐτῇ
2947 1723 3012 1790 τῇ
3039 1719 3180 1792 ῶρᾳ,
3211 1719 3247 1774 ἀ
3301 1719 3382 1773 δεῖ
3415 1720 3612 1774 εἰπεῖν.
3650 1719 3840 1781 Ὥστε,

2247 1812 2333 1877 τίς
2379 1812 2538 1884 χρεία
2590 1812 2686 1866 τοῦ
2741 1813 3076 1883 φροντίζειν,
3131 1813 3247 1881 εῐγε
3302 1813 3359 1866 ὲν
3402 1813 3544 1884 αὐτῇ
3600 1813 3668 1882 τῇ
3721 1810 3842 1882 ὥρᾳ.

554 1911 692 1966 ritus
751 1910 894 1964 enim
947 1917 1169 1964 sanctus
1227 1908 1438 1965 docebit
1481 1923 1577 1965 vos
1599 1910 1650 1964 in
1707 1909 1793 1964 illa
1844 1908 1973 1963 liora
2021 1923 2129 1978 qua

2246 1905 2460 1976 μέλλεις
2517 1907 2620 1960 ὑπὸ
2661 1905 2756 1960 τοῦ
2803 1904 3129 1976 Πνεύματος
3197 1903 3586 1969 διδάσκεσθαις
3662 1903 3842 1966 οὕτως

553 2001 718 2074 369
746 2000 890 2070 loqui
924 2009 1208 2070 oporteat:
1256 2011 1421 2070 atque
1474 2000 1548 2055 ita
1605 2002 1734 2070 quid
1792 2001 1955 2054 fuerit
2005 2015 2156 2070 opus.

553 2089 936 2153 sollicitudine,
986 2089 1030 2144 si
1061 2089 1276 2158 quidem
1318 2090 1369 2142 in
1401 2089 1490 2144 illa
1555 2090 1685 2144 hora
1719 2090 1970 2159 aSpiritu
2007 2104 2133 2144 san-

553 2187 642 2232 cto
670 2178 944 2234 docendus
975 2178 1119 2232 eris?
1150 2176 1241 2232 Sic
1271 2177 1435 2248 igitur
1463 2188 1694 2249 utroque
1749 2180 1910 2233 modo
1943 2194 2038 2234 nos
2069 2180 2134 2234 ad

556 2269 872 2341 martyrium
909 2269 1126 2323 instruit
1154 2287 1166 2324 :
1199 2279 1353 2324 sanat
1385 2277 1584 2324 metum
1619 2270 1705 2338 qui
1738 2280 1821 2327 est
1850 2286 1912 2326 ex
1945 2285 2136 2340 corpo-

554 2360 652 2414 rali
690 2359 1032 2424 infirmitate,
1057 2370 1111 2416 et
1143 2361 1232 2429 qui
1263 2377 1328 2416 ex
1361 2362 1736 2431 simplicitate.

630 2453 792 2509 Vsus.
854 2454 1040 2509 l3-l5.
1093 2474 1113 2507 ι
1161 2455 1251 2510 Ait
1299 2464 1478 2510 autem
1512 2456 1558 2510 ei
1599 2455 1818 2525 quidam
1845 2458 1908 2511 de
1941 2457 2130 2512 turba:

555 2548 833 2616 Magister,
888 2547 974 2602 dic
1003 2546 1154 2602 fratri
1206 2562 1329 2602 meo
1374 2557 1431 2604 ut
1465 2547 1668 2603 dividat
1713 2564 1922 2603 mecum
1957 2549 2132 2604 haereo

551 2644 798 2696 ditatem.
842 2641 1022 2698 Atille
1057 2639 1190 2694 dixit
1224 2642 1272 2696 ei
1312 2659 1324 2696 :
1365 2640 1556 2706 llomo,
1595 2643 1714 2710 quis
1741 2656 1825 2697 me
1850 2643 2132 2696 constituit

545 2733 778 2796 j’ttiiCt‘m
814 2745 904 2788 aut
929 2733 1215 2788 divisorem
1251 2750 1411 2802 super
1437 2751 1529 2788 vos
1557 2736 1579 2787 ?
1603 2734 1852 2805 Dixitque
1879 2737 1946 2791 ad
1971 2736 2122 2791 illos:

555 2825 745 2879 Videte
777 2835 832 2880 et
884 2837 1072 2881 cavete
1101 2826 1171 2880 ab
1203 2829 1453 2890 avaritia,
1489 2829 1616 2896 quia
1658 2843 1761 2881 non
1811 2829 1862 2881 in
1892 2827 2134 2882 abunda-

555 2921 624 2969 I'a
670 2917 992 2985 cujusquam
1032 2920 1136 2972 vita
1168 2919 1285 2989 ejus
1335 2929 1417 2974 est
1451 2935 1514 2973 ex
1561 2919 1626 2974 iis
1653 2935 1772 2989 qua:
1807 2922 2063 2990 possidet.
2093 2933 2126 2973 ‘t

556 3008 763 3064 Docens
795 3025 893 3064 nos
928 3010 1186 3064 Dominus
1214 3011 1483 3079 quomodo
1509 3021 1756 3079 oporteat
1783 3020 2132 3066 contemnere

553 3099 888 3168 temporalia,
943 3111 997 3156 et
1027 3100 1168 3169 quod
1197 3116 1301 3155 non
1329 3115 1463 3170 opus
1499 3101 1570 3155 sit
1596 3101 1819 3155 multum
1874 3101 2130 3169 occupari

551 3191 604 3242 in
661 3192 909 3256 terrenis,
962 3193 1185 3246 dimittit
1213 3207 1240 3245 a
1281 3207 1339 3246 se
1387 3207 1507 3246 eum
1537 3192 1627 3262 qui
1658 3204 1945 3247 vocaverat
1973 3209 2033 3250 se
2072 3202 2131 3247 ut

555 3281 843 3349 partiretur
907 3283 1274 3337 bzereditatem
1308 3295 1632 3354 paternam;
1694 3284 1812 3338 ideo
1873 3293 1928 3340 et
1955 3286 2131 3341 dicit:

553 3372 684 3438 Quis
710 3387 796 3426 me
822 3375 1104 3428 constituit
1129 3374 1362 3445 judicem
1391 3375 1472 3429 Vel
1491 3375 1780 3430 divisorem
1807 3392 1968 3449 super
2000 3377 2136 3433 vos?

550 3467 814 3533 Quoniam
848 3468 991 3522 enim
1024 3468 1108 3521 ille
1144 3469 1399 3524 omiserat
1435 3480 1616 3536 petere
1647 3471 1817 3538 utilia,
1845 3482 1899 3527 et
1938 3473 2134 3529 animae

549 3559 706 3611 saluti
778 3559 1135 3625 conferentia,
1195 3561 1246 3614 in
1321 3564 1552 3617 terrenis
1634 3573 1685 3617 et
1745 3565 2131 3634 temporalibus

550 3647 779 3717 negotiis
827 3652 1102 3718 quarrebat
1163 3651 1335 3721 ipsum
1393 3653 1571 3709 facere
1601 3655 1894 3712 divisorem
1930 3677 1943 3712 :
1979 3656 2131 3724 cujus

548 3741 722 3811 gratia
786 3745 944 3812 quasi
1001 3742 1402 3815 obstreperum,
1454 3758 1505 3800 et
1539 3748 1669 3803 nilnil
1701 3764 1766 3805 ex
1799 3750 2021 3805 utilibus
2055 3751 2133 3806 di-

545 3846 700 3885 sircre
755 3833 1048 3897 volentem,
1118 3833 1360 3899 dimittit,
1415 3837 1574 3906 idque
1624 3848 1905 3894 mansuete
1940 3849 2128 3893 etnon

547 3936 764 3978 auszere
815 3924 1043 3980 faciens.
1082 3927 1246 3981 Docet
1281 3939 1459 3984 autem
1493 3930 1716 3984 omnino
1751 3945 1846 3999 per
1873 3931 1974 3984 hoc
1997 3943 2133 3984 'om-

546 4029 644 4067 nes
669 4022 721 4068 et
751 4015 841 4084 qui
879 4024 1002 4070 tunc
1029 4023 1081 4069 et
1110 4017 1202 4085 qui
1239 4033 1380 4070 nunc
1417 4019 1663 4084 audiunt,
1694 4018 1873 4074 omnia
1916 4019 2130 4088 quidem

543 4112 756 4155 terrena
814 4103 1151 4174 negligenda,
1200 4114 1250 4160 et
1291 4107 1359 4161 ob
1409 4109 1724 4176 temporalia
1768 4113 1980 4182 negotia
2021 4126 2128 4165 non

543 4195 980 4249 contendendum
1039 4213 1160 4252 cum
1220 4197 1526 4266 fratribus,
1593 4201 1890 4256 cedendum
1947 4212 2128 4258 autent

544 4281 716 4352 magis
785 4282 910 4346 illis,
958 4286 1173 4342 etiamsi
1204 4286 1366 4342 velint
1399 4289 1549 4343 avari
1579 4303 1719 4347 esse.
1756 4289 1838 4345 Ab
1864 4306 1928 4348 eo
1959 4293 2128 4358 enim,

544 4373 742 4440 inquit,
770 4374 860 4442 qui
899 4375 1073 4430 aufert
1111 4384 1226 4442 tua,
1264 4393 1329 4432 ne
1354 4389 1585 4448 repetas.
1629 4380 1934 4448 Quarenda
1967 4382 2132 4451 igitur

541 4481 884 4535 quzeeunquc
943 4468 1093 4522 utilia
1136 4478 1190 4523 et
1249 4472 1558 4526 necessaria
1607 4484 1730 4527 sunt
1778 4475 1844 4529 ad
1899 4475 2127 4531 salutem

2242 1994 2338 2052 οὖν
2363 1999 2762 2070 ἀμφοτέρωθεν
2797 1999 2877 2062 εις
2918 1998 2980 2052 τὸ
3010 1997 3314 2069 μαρτύριον
3342 1997 3494 2068 ἡμᾶς
3521 1994 3840 2064 ἔπαλείφει,

2240 2090 2332 2144 τόν
2366 2107 2426 2143 τε
2462 2092 2556 2144 ἐπὶ
2588 2092 2652 2161 τῇ
2681 2091 2971 2162 σωματικῇ
3005 2089 3267 2162 ἀσθενείᾳ
3309 2087 3500 2157 φόδον,
3527 2089 3622 2142 τόν
3650 2105 3712 2140 τε
3741 2085 3837 2140 ἐπὶ

2239 2184 2306 2253 τῇ
2334 2181 2600 2252 ἀγροικίᾳ
2632 2180 2885 2252 ἰώμενος.

2317 2470 2335 2503 ι
2373 2447 2506 2505 Eine
2527 2449 2585 2506 δέ
2619 2467 2701 2514 τις
2726 2450 2874 2520 αῦτῷ
2899 2451 2960 2504 ἐκ
2991 2450 3085 2504 τοῦ
3118 2451 3278 2524 ὄχλου
3299 2467 3314 2481 ’
3347 2450 3677 2517 Διδάσκαλε,
3707 2450 3832 2505 εἰπὲ

2241 2543 2320 2613 τῷ
2343 2543 2560 2612 ἀδελφῷ
2591 2561 2692 2612 μου
2737 2543 3072 2614 μερίσασθαι
3117 2542 3237 2613 μετ’
3265 2541 3399 2616 ἐμοῦ
3439 2545 3539 2615 τὴν
3570 2545 3840 2616 κληρονο-

2239 2635 2467 2707 μίαν.’0
2499 2635 2554 2689 δὲ
2577 2627 2733 2687 εἶπεν
2769 2633 2939 2705 αὐτῷ·
2973 2635 3288 2704 Ἄνθρωπε,
3313 2636 3397 2702 τίς
3430 2653 3499 2707 με
3528 2638 3840 2706 κατέστησε

2237 2728 2502 2797 δικαστὴν
2557 2727 2590 2798 ἢ
2629 2726 2899 2799 μεριστὴν
2941 2729 3026 2797 ἐφ’
3058 2729 3236 2799 ύμᾶ;;
3292 2725 3426 2782 Eius
3486 2731 3543 2784 δὲ
3572 2729 3714 2800 πρὸς
3741 2730 3838 2783 αὐ-

2234 2819 2383 2884 τούς·
2421 2819 2616 2891 Ὁρᾶτε
2669 2821 2762 2873 καὶ
2825 2819 3165 2889 φυλάσσεσθε
3221 2822 3328 2874 ἀπὸ
3358 2822 3456 2890 τῆς
3491 2821 3835 2888 πλεονεξίας,

2236 2911 2319 2965 δτι
2352 2913 2451 2964 οὐκ
2487 2914 2544 2966 ὲν
2578 2912 2655 2981 τῷ
2713 2913 3062 2981 περισσεύειν
3095 2915 3204 2966 τινὶ
3243 2915 3276 2983 ἡ
3310 2913 3423 2985 ζωὴ
3455 2914 3629 2968 αὑτοῦ
3689 2917 3835 2969 ἐστιν

2237 3006 2300 3058 ὲκ
2317 3004 2426 3058 τῶν
2447 3004 2802 3075 ὑπαρχόντων
2824 3006 2992 3076 αὐτῷ.
3031 3025 3050 3058 ι
3080 3006 3360 3059 Διδάσκων
3381 3009 3531 3078 ἡμᾶς
3557 3009 3585 3060 δ
3606 3009 3833 3079 Κύριος,

2235 3097 2351 3159 πῶς
2378 3098 2459 3152 δεῖ
2501 3101 2868 3171 καταφρονεῖν
2901 3099 3010 3151 τῶν
3051 3099 3348 3168 βιωτικῶν,
3394 3101 3488 3153 καὶ
3517 3101 3604 3155 ὅτι
3645 3103 3706 3154 ού
3758 3100 3834 3153 δεῖ

2239 3190 2614 3262 περισπᾶσθαι
2652 3209 2716 3245 πε
2729 3191 2781 3261 pi.
2808 3190 2873 3244 τά
2903 3192 3089 3261 γήϊνα,
3115 3193 3506 3262 ἀποπέμπεται
3540 3195 3634 3246 τὸν
3666 3210 3834 3264 προσ-

2238 3283 2576 3353 καλούμενον
2636 3283 2800 3337 αὑτὸν
2840 3285 2919 3348 εἰς
2953 3285 3013 3337 τὸ
3057 3286 3394 3355 μερίσασθαι
3423 3286 3525 3359 τὴν
3565 3288 3830 3359 πατρῴαν

2240 3373 2628 3446 κληρονομίαν.
2657 3376 2745 3429 Διὸ
2773 3376 2866 3430 καί
2892 3393 3027 3446 φησι
3055 3394 3068 3407 ο
3099 3378 3197 3440 Τίς
3228 3395 3296 3447 με
3330 3381 3640 3450 κατέστησε
3677 3381 3832 3434 δικα-

2239 3467 2370 3535 στὴν
2417 3467 2448 3538 ἢ
2516 3467 2779 3538 μεριστὴν
2817 3469 2902 3538 ἐφ’
2935 3471 3115 3541 ὑμᾶς;
3165 3467 3386 3542 Ἐπειδὴ
3441 3471 3554 3545 γὰρ
3594 3475 3824 3541 ἐκεῖνος,

2238 3560 2558 3614 καταλιπὼν
2600 3563 2774 3615 αἰτεῖν
2825 3561 2893 3616 τά
2933 3568 3184 3634 χρήσιμα
3241 3565 3337 3618 καὶ
3391 3567 3528 3635 πρὸς
3587 3566 3830 3638 ψυχικὴν

2239 3651 2516 3722 σωτηρίαν
2551 3653 2924 3724 συμφέροντα,
2964 3673 3028 3708 πε
3041 3657 3093 3726 pi
3122 3657 3327 3726 γηΐνων
3350 3659 3442 3710 καὶ
3474 3659 3832 3728 προσκαίρων

2236 3746 2580 3817 πραγμάτων
2621 3748 2887 3818 μεριστὴν
2919 3748 3082 3803 αὐτὸν
3113 3750 3372 3818 γενέσθαι
3407 3752 3611 3822 ᾐτεῖτο,
3639 3752 3832 3805 τούτου

2235 3839 2395 3910 χάριν
2454 3839 2530 3904 ὡς
2577 3840 2809 3911 ὀχληρὸν
2865 3843 2959 3893 καί
2994 3840 3146 3894 οὐδὲν
3191 3841 3446 3896 ἐθέλοντα
3485 3843 3683 3912 μαθεῖν
3723 3845 3833 3897 τῶν

2235 3930 2466 3983 δεόντων
2491 3932 2903 4003 ἀποπέμπεται,
2940 3935 3035 3986 καὶ
3074 3932 3234 3987 τοῦτο
3285 3934 3476 4007 πράως
3525 3937 3702 3988 ποιῶν
3731 3937 3827 3991 καὶ

2235 4023 2336 4078 οῦκ
2372 4023 2807 4094 ὲπιπληκτικῶς.
2859 4025 3046 4079 Πείθει
3116 4025 3174 4079 δὲ
3220 4027 3440 4092 πάντως
3485 4027 3575 4082 διὰ
3634 4028 3830 4082 τούτου

2235 4114 2444 4180 πάντας
2470 4117 2596 4180 τοὺς
2628 4116 2722 4169 καὶ
2745 4116 2864 4169 τότε
2907 4117 3000 4170 καὶ
3036 4116 3131 4170 νῦν
3154 4118 3455 4183 ἀκούοντας
3493 4121 3702 4184 παντὸς
3733 4121 3832 4193 μὲν

2233 4208 2459 4277 ἀμελεῖν
2511 4209 2847 4280 προσκαίρου
2913 4210 3007 4262 καὶ
3067 4210 3258 4281 γηῖνου
3329 4212 3687 4282 πράγματος,
3747 4213 3822 4284 μὴ

2234 4298 2678 4370 φιλονεικοῦντας
2717 4301 2988 4373 ἀδελφοῖς,
3014 4300 3265 4367 εἴκοντας
3301 4303 3356 4357 δὲ
3387 4304 3592 4375 μᾶλλον
3618 4305 3828 4371 αὐτοῖς,

2234 4393 2337 4449 κᾶν
2371 4393 2665 4464 βούλωνται
2695 4395 3063 4452 πλεονεκτεῖν.
3111 4399 3246 4452 Ἀπὸ
3286 4397 3396 4472 γάρ
3426 4400 3522 4454 τεῦ
3555 4401 3826 4472 αἴροντος,

2234 4487 2390 4558 φησὶ,
2421 4487 2489 4540 τὰ
2551 4488 2617 4542 ea
2653 4490 2728 4562 μὴ
2775 4490 3023 4557 ἀπαίτει,
3064 4489 3357 4561 ζητοῦνται,
3392 4495 3495 4549 ὅσα
3555 4497 3665 4568 πέρ
3711 4499 3829 4551 ἐστι

541 4559 771 4622 animas;
817 4558 935 4613 ideo
985 4570 1038 4614 et
1076 4561 1315 4616 subdidit
1375 4563 1610 4619 dicens:
1658 4563 1843 4622 Videte
1917 4579 1969 4624 et
2025 4584 2122 4624 cu-

2241 4582 2476 4651 ίρήσιμα
2512 4581 2607 4635 καὶ
2658 4558 2940 4652 ἀναγκαῖα
2993 4558 3132 4655 πρὸς
3173 4585 3453 4656 σωτηρίαν
3487 4558 3694 4658 ψυχης,
3735 4589 3829 4642 Age

539 4653 739 4705 stodite
763 4666 859 4706 vos
891 4651 960 4707 ab
990 4654 1240 4721 avaritia,
1269 4664 1376 4708 uta
1397 4657 1660 4714 diabolica
1698 4661 1928 4731 quadam
1972 4661 2124 4718 fovea

542 4745 798 4799 admonet
852 4761 948 4800 nos
997 4755 1053 4799 ut
1090 4746 1376 4817 fugiamus.
1421 4750 1500 4802 Ad
1550 4764 1687 4819 quos
1719 4763 1898 4806 autem
1929 4755 2066 4808 dixit
2104 4772 2115 4807 :

542 4835 734 4891 Videte
763 4845 815 4890 et
856 4837 1124 4892 custodite
1150 4853 1247 4893 vos
1292 4839 1358 4893 ab
1405 4842 1676 4897 avaritia?
1706 4843 1788 4900 Ad
1815 4845 1947 4901 duos
2004 4845 2125 4900 illos

539 4929 756 4992 fratres,
807 4931 1061 4999 quoniam
1111 4933 1177 4987 de
1236 4933 1552 4991 haereditate
1582 4935 1654 4989 llli
1703 4940 2120 4994 contendebant.

540 5021 846 5077 Verisimile
897 5032 1076 5079 autem
1139 5033 1278 5090 erat,
1320 5042 1485 5081 unum
1508 5044 1572 5082 ex
1608 5029 1714 5085 illis
1747 5030 1954 5086 duobus
1984 5032 2122 5088 alte-

540 5131 656 5168 rum
706 5116 898 5185 injuria
950 5116 1213 5183 all'ecisse.
1241 5128 1293 5176 et
1322 5131 1606 5192 propterea
1638 5124 1704 5179 de
1731 5124 1958 5179 avaritia
1999 5140 2120 5182 cum

543 5207 650 5261 illis
682 5206 939 5274 loquitur.
994 5209 1242 5280 Magnum
1277 5213 1420 5268 enim
1463 5216 1562 5272 hoc
1622 5216 1821 5272 malum
1858 5233 1874 5274 :
1919 5219 2122 5275 idcirco

540 5311 593 5355 et
628 5299 829 5354 Paulus
863 5301 1223 5358 idololatriam
1283 5306 1453 5375 ipsam
1480 5320 1635 5364 vocat
1665 5330 1677 5364 :
1709 5311 1848 5366 forte
1875 5316 2016 5384 quod
2053 5318 2119 5370 ad

540 5393 681 5448 solos
741 5395 1005 5477 pertineat
1055 5397 1145 5464 qui
1186 5396 1352 5451 Dettm
1391 5399 1641 5471 ignorant
1675 5403 1817 5468 :vel,
1876 5405 1925 5461 id
1976 5409 2119 5477 quod

540 5484 704 5537 etiam
753 5484 955 5544 verius,
993 5485 1117 5554 quia
1147 5487 1287 5543 idola
1311 5491 1577 5558 gentium,
1617 5504 1896 5562 argentum
1925 5507 1977 5551 et
2026 5512 2119 5549 au-

541 5591 681 5629 rum.
717 5574 882 5646 igitur
916 5581 1005 5648 qui
1043 5580 1470 5652 colitargeutum
1501 5595 1554 5639 ct
1575 5600 1787 5654 aurum,
1812 5589 2006 5646 similis
2036 5600 2119 5647 est

538 5667 803 5722 idolorum
841 5671 1154 5728 cultoribus.
1187 5673 1440 5730 Eamdem
1505 5679 1648 5733 enim
1687 5684 1966 5737 materiam
2025 5691 2120 5739 ad-

537 5769 696 5815 ('rant
738 5772 790 5816 et
845 5765 1224 5835 amplexantur
1275 5779 1518 5842 uterque.
1547 5771 1893 5844 Sepervacua
1935 5779 2115 5846 itaque

540 5851 807 5922 fugienda.
875 5857 1096 5928 Quare?
1133 5861 1267 5931 Quia
1325 5880 1429 5920 non
1474 5865 1526 5922 in
1557 5866 1853 5925 abundanti
1885 5873 2112 5943 quodam

2235 4674 2326 4726 καὶ
2361 4674 2608 4743 ὲπήηγαγε
2635 4673 2828 4741 λέγων·
2864 4674 3059 4747 Ὁρᾶτε
3085 4677 3178 4729 καὶ
3211 4677 3554 4747 φυλάσσεσθε
3593 4681 3703 4735 ἀπὸ
3730 4681 3830 4751 τῆς

2237 4766 2572 4835 πλεονεξίας,
2625 4768 2702 4832 ὡς
2753 4768 2946 4840 βόθρον
3009 4771 3132 4824 τινὰ
3187 4771 3493 4826 διασολικὸν
3542 4776 3830 4846 παραινῶν

2235 4861 2367 4931 ἡμῖν
2399 4861 2606 4932 ταύτην
2641 4863 3001 4931 ἀποφεύγειν.
3045 4863 3191 4934 Πρὸς
3222 4864 3373 4929 τίνας
3408 4865 3467 4920 δὲ
3490 4866 3655 4922 τοῦτο
3682 4866 3825 4933 εἶπε,

2248 4954 2439 5025 Ὁρᾶτε
2482 4956 2577 5007 καὶ
2625 4955 2965 5024 φυλάσσεσθε
3017 4959 3126 5011 απὸ
3156 4958 3254 5028 τῆς
3289 4957 3642 5026 πλεονεξίαςς
3687 4959 3828 5031 Πρὸς

2230 5047 2358 5109 τοὺς
2386 5046 2481 5099 δύο
2533 5046 2758 5112 τούτους
2801 5048 3087 5118 ἀδελφούς
3122 5052 3244 5106 ἐπεὶ
3282 5051 3392 5124 γάρ
3453 5055 3583 5125 περὶ
3630 5055 3830 5128 κληρο-

2232 5138 2429 5209 νομίας
2461 5135 2528 5211 ἦν
2583 5141 2805 5212 ιῦτοῖςή
2837 5143 3162 5212 ἀμφιδολία,
3196 5145 3345 5209 εἰκὸς
3397 5147 3457 5201 δὲ
3492 5143 3564 5219 ἦν
3593 5149 3706 5203 τῶν
3732 5149 3828 5204 δύο

2231 5231 2435 5286 τούτων
2469 5233 2558 5286 τὸν
2589 5233 2684 5286 ἕνα
2714 5236 2922 5289 ἀδικεῖν
2976 5236 3068 5290 τὸν
3112 5237 3318 5308 ἕτερον,
3353 5240 3445 5293 διὰ
3505 5241 3670 5296 τοῦτο
3698 5243 3830 5315 περὶ

2232 5323 2541 5390 πλεονεξίας
2575 5325 2758 5389 αὐτοῖς
2806 5327 3136 5397 διαλέγεται.
3173 5331 3335 5399 Μέγα
3366 5333 3478 5405 γὰρ
3529 5335 3692 5389 τοῦτο
3719 5353 3829 5390 κα-

2230 5415 2345 5467 κόνο
2380 5414 2460 5469 διὸ
2511 5419 2605 5470 καὶ
2634 5418 2875 5484 Παῦλος,
2932 5421 3382 5495 είδωλολατρείαν
3429 5426 3594 5482 τοῦτο
3648 5430 3825 5496 καλεῖ,

2227 5503 2366 5574 τάχα
2391 5506 2466 5568 ὼς
2499 5507 2683 5577 μόνοις
2715 5509 2925 5580 πρέπον
2956 5513 3068 5574 τοῖς
3103 5513 3178 5582 μὴ
3202 5514 3368 5568 εἰδόσι
3401 5516 3538 5572 Θεὸν
3570 5538 3584 5550 °
3617 5520 3652 5591 ἦ
3687 5523 3828 5590 ὅπερ

2228 5598 2322 5648 καὶ
2351 5597 2734 5668 ἀληθέστερον,
2780 5601 2901 5654 ἐπεὶ
2941 5602 3007 5654 τὰ
3040 5603 3234 5656 εἴδωλα
3273 5605 3384 5658 τῶν
3417 5607 3617 5676 ἐθνῶν,
3648 5612 3825 5682 ἀργύέ

2229 5706 2346 5759 ριον
2378 5693 2472 5744 καὶ
2509 5693 2753 5760 χρυσίον.
2786 5693 3016 5764 Ὀμοιος
3046 5697 3160 5758 τοῖς
3212 5698 3642 5774 εἰδωλολάτραις
3678 5707 3705 5758 δ
3740 5722 3828 5758 τις

2229 5784 2346 5853 μῶν
2388 5785 2448 5838 τὸ
2488 5786 2753 5858 ἀργύριον
2798 5789 2891 5841 καὶ
2947 5789 3008 5841 τὸ
3039 5789 3263 5860 χρυσίον
3292 5807 3307 5822 ⁸
3340 5793 3442 5864 τὴν
3485 5797 3601 5870 γὰρ
3653 5799 3824 5869 αὐτὴν

2229 5875 2362 5948 ὓλην
2403 5880 2773 5952 προσκυνοῦσι
2827 5881 2917 5936 καὶ
2966 5885 3320 5953 περιέπουσιν
3351 5889 3682 5967 ἀμφότεροι.
3731 5895 3828 5950 Δεῖ
