4038 6550
161 482 263 550 835

832 464 1285 536 ENARRATIO
1322 471 1405 532 IN
1442 463 1956 534 EVANGELIUM
1998 467 2237 530 LUCrE.
2274 493 2343 505 -
2382 470 2541 532 CAP.
2591 469 2734 532 XII.

3388 460 3502 527 886

161 591 252 651 οὖν
290 596 516 665 φεύγειν
546 596 606 649 τὸ
648 592 926 665 περιττόν.
972 592 1161 659 Διατί;
1217 591 1365 645 Διὸτι
1418 589 1521 643 οὐκ
1577 590 1636 642 έν
1690 585 1769 657 τῷ

1890 587 1987 642 vita
2044 586 2151 643 illis
2175 594 2303 644 est:
2343 586 2393 641 id
2426 597 2533 655 est,
2570 586 2695 643 vita:
2750 596 3006 641 mensura
3060 597 3168 647 non
3206 578 3371 637 simul
3402 594 3500 635 ex-

165 689 511 762 περισσεὺειν
543 689 716 758 τινὶή
776 687 890 757 ζωὴ
939 686 1109 740 αὐτοῦ
1163 688 1302 751 ἐστι,
1360 686 1668 750 τουτέστιν,
1703 684 1766 737 οὐ

165 782 567 837 συνεκτείνεται
598 780 660 833 τὸ
694 780 792 849 τῆς
818 778 963 848 ζωῆς
989 779 1192 849 μέτρον
1224 781 1294 851 τῇ
1340 777 1659 849 περιουσίᾳ·
1703 776 1767 830 οὐ

164 878 273 949 γὰρ
313 875 377 947 δὴ
404 877 432 928 6
467 874 609 946 ἔχων
647 874 845 942 πολλὰ,
874 872 976 943 ἤδη
1022 890 1126 926 που
1160 871 1259 926 καὶ
1294 872 1354 936 ἐς
1393 872 1611 942 μακρὸν
1663 868 1769 940 ζή-

168 985 345 1029 σεται,
372 965 496 1020 οὐδὲ
523 963 815 1018 ἀκολουθεῖ
853 963 932 1035 τῷ
960 963 1155 1035 πλήθει
1187 962 1281 1017 τοῦ
1312 956 1551 1016 πλούτου
1586 963 1620 1033 ή
1661 979 1771 1032 μα-

1875 681 2121 737 tenditur
2180 695 2307 735 cum
2369 681 2485 751 ipsa
2551 677 2914 743 abundantia,
2970 691 3151 747 neque
3199 674 3349 731 enim
3402 672 3501 745 qui

1874 776 2042 833 multa
2122 774 2389 846 possidet,
2477 774 2687 830 diutius
2744 773 2920 828 vivit:
2965 787 3145 842 neque
3200 770 3500 826 comitatur

1874 870 2194 925 divitiarum
2262 868 2671 924 multitudinem
2730 866 2859 921 vita:
2890 864 3235 934 longaevitas.
3268 860 3501 917 Hocau-

1877 974 1983 1021 tem
2012 964 2143 1020 dicit
2171 965 2437 1020 Dominus
2478 962 2772 1020 confutans
2804 963 3168 1034 cogitationes
3196 959 3500 1014 amantium

166 1061 429 1133 κροζωτα.
464 1060 637 1116 Τοῦτο
662 1060 719 1114 δὲ
762 1060 913 1129 λέγει
940 1062 967 1113 6
992 1060 1221 1132 Κύριος,
1274 1057 1613 1130 ἀνατρέπων
1640 1059 1771 1121 τοὺς

1890 1062 2119 1117 livitias.
2139 1060 2413 1128 Quoniam
2466 1059 2616 1115 enim
2658 1057 2978 1115 divitiarum
3004 1066 3281 1109 amatores
3310 1051 3500 1107 existi-

165 1154 273 1206 τῶν
313 1150 692 1221 φιλοπλούτων
744 1151 1045 1221 λογισμούς
1071 1168 1083 1181 ·
1147 1151 1339 1224 ἐπειδὴ
1369 1150 1479 1223 γάρ
1517 1152 1567 1204 οί
1622 1149 1776 1220 φιλό-

168 1242 391 1297 πλουτοι
409 1242 662 1297 δοκοῦσιν
695 1241 771 1306 ὼς
803 1242 1063 1312 φιλόζωοι
1090 1242 1381 1314 περιέπειν
1398 1242 1490 1296 τὸν
1515 1239 1772 1307 πλοῦτον,

166 1338 263 1392 καὶ
295 1337 371 1400 ὠς
420 1338 514 1389 ἐπὶ
576 1336 791 1407 μακρὸν
846 1337 1137 1407 μέλλοντες
1185 1336 1506 1408 βιώσεσθαι,
1570 1352 1779 1390 παντα·⁹

164 1429 327 1499 χὸθεν
358 1430 638 1497 συνάγειν,
681 1429 849 1500 φησίν
880 1446 893 1460 ’
942 1429 1131 1483 Ἀθλιε
1166 1430 1264 1484 καὶ
1295 1428 1654 1502 ταλαίπωρε,
1700 1430 1776 1501 μὴ

166 1520 279 1591 γὰρ
314 1526 377 1573 ἐκ
412 1520 506 1573 τοῦ
541 1518 689 1589 ἔχειν
739 1519 913 1573 πολλά
947 1521 1391 1593 προσγενήσεταί
1449 1538 1534 1574 σοι
1570 1521 1665 1574 καὶ
1716 1520 1778 1574 τὸ

168 1612 506 1686 μακρόδιον;
567 1613 623 1665 τί
654 1612 839 1667 τοίνυν
901 1613 1241 1678 κακοπαθεῖς
1290 1614 1580 1687 προδήλως
1630 1612 1777 1685 ὑπὲρ

165 1707 269 1776 τῆς
326 1705 524 1777 ἀδήλου
588 1705 986 1773 ἀναπαύσεως;
1029 1706 1260 1777 ¹Ἄδηλον
1315 1707 1416 1778 μὲν
1471 1706 1605 1779 γὰρ,
1650 1708 1768 1775 εῐγε

167 1800 397 1868 φθάσεις
422 1799 501 1863 είς
523 1799 720 1871 γῆρας,
751 1791 814 1853 οὗ
839 1800 1028 1853 εἵνεκα
1057 1800 1437 1872 θησαυρίζεις.
1483 1800 1764 1872 Πρόδηλον

178 1893 238 1947 δὲ
264 1892 346 1946 ὅτι
377 1891 473 1945 νῦν
498 1893 719 1963 δαπανᾷ
742 1892 872 1961 περὶ
891 1893 987 1947 τὸν
1007 1894 1277 1965 πορισμὸν
1312 1896 1425 1947 τῶν
1442 1894 1765 1965 χρημάτων.

1876 1164 2030 1211 mant
2050 1154 2194 1226 quod
2216 1153 2385 1208 multo
2415 1163 2664 1222 tempore
2690 1151 2911 1207 divitias
2944 1146 3405 1219 possessurisiot,
3448 1151 3505 1201 et

1877 1249 2035 1317 quasi
2075 1247 2167 1303 diu
2199 1245 2804 1315 vieturi,undequaque
2849 1256 2984 1311 opes
3016 1240 3307 1311 colligunt,
3328 1238 3465 1295 dicit
3486 1260 3502 1293 ς

1878 1341 2460 1401 Μίεετειεετυηιηοεθ,
2482 1337 2727 1408 nunquid
2747 1352 2814 1394 ex
2834 1335 3131 1391 multorum
3152 1332 3504 1404 possessione

1881 1437 1991 1491 vita
2018 1446 2106 1491 tua
2149 1434 2468 1505 productior
2501 1432 2602 1487 erit
2629 1432 2653 1485 Ἰ
2688 1445 2786 1486 cur
2816 1429 2983 1501 igitur
3015 1426 3275 1497 aﬂligeris
3328 1424 3507 1479 mani-

1880 1520 2019 1587 feste
2060 1543 2162 1599 pro
2208 1527 2377 1599 370
2432 1526 2639 1583 incerta
2703 1522 2947 1594 quiete?
3015 1519 3291 1575 incertum
3357 1518 3505 1574 enim

1884 1636 2015 1675 num
2046 1623 2116 1674 ad
2168 1627 2511 1675 senectutem
2579 1616 2881 1687 pertingas,
2948 1611 3105 1682 cujus
3153 1609 3329 1682 gratia
3387 1610 3508 1665 the-

1885 1711 2134 1767 saurizas
2166 1729 2180 1764 :
2212 1706 2565 1763 manifestum
2600 1716 2784 1760 autem
2807 1701 2956 1774 quod
2994 1714 3139 1757 nunc
3174 1696 3408 1753 insumis
3452 1694 3508 1749 in

1886 1816 2019 1873 opes
2048 1800 2485 1873 conquirendas.

248 2006 269 2036 ι
302 1980 437 2038 Eine
452 1984 507 2038 δὲ
534 1958 852 2057 παραδολὴν
873 1986 1010 2057 πρὸς
1044 1958 1244 2052 αὐτούς
1277 1958 1491 2055 λέγωνῖ
1536 1958 1780 2059 ιᾸνθρώ-

1957 1987 2128 2045 Vens.
2192 1985 2385 2043 lii-21.
2433 2005 2451 2039 ι
2493 1983 2642 2040 Dixit
2699 1990 2885 2039 autem
2961 1960 3385 2055 similitudinem
3442 1976 3511 2029 ad

170 2098 280 2134 που
330 2081 477 2143 τινὸς
532 2080 792 2135 πλουσίου
826 2080 1135 2151 εὐφόρησεν
1168 2082 1201 2149 ἡ
1254 2079 1430 2151 χώρα,
1472 2079 1568 2133 καὶ
1602 2078 1778 2133 διελο-

167 2172 362 2244 γίζετο
400 2175 459 2227 ὲν
510 2171 691 2243 ἑαυτῷ
726 2172 907 2241 λέγων
940 2188 953 2201 ’
993 2171 1061 2225 Τί
1114 2171 1347 2241 ποιήσω,
1396 2170 1480 2224 ὅτι
1512 2170 1617 2223 οὐκ
1671 2168 1781 2240 ἔχω

169 2266 282 2319 τεοῦ
314 2266 529 2334 συνάξω
572 2267 703 2330 τοὺς
766 2265 1021 2337 καρπούς
1054 2282 1193 2336 μους
1236 2264 1349 2317 Καὶ
1380 2258 1507 2317 εἷπε
1531 2280 1547 2296 ⁸
1607 2263 1781 2319 Τοῦτο

170 2360 413 2428 ποιήσω,
459 2356 679 2411 καθελῶ
738 2371 841 2427 μου
893 2356 993 2419 τὰς
1020 2355 1335 2427 ἀποθήκας,
1372 2355 1468 2409 καὶ
1524 2355 1783 2425 μείζονας

170 2450 548 2521 οἰκοδομήσω,
582 2448 680 2503 καὶ
714 2448 930 2516 συνάξω
970 2450 1088 2502 ἐκεῖ
1123 2448 1304 2503 πάντα
1340 2447 1409 2503 τὰ
1463 2448 1783 2520 γεννήματά

172 2559 308 2614 μου,
363 2543 458 2595 καὶ
489 2544 559 2595 τὶ
618 2541 803 2609 ἀγαθά
861 2558 988 2611 μου,
1022 2542 1119 2596 καὶ
1154 2541 1267 2612 ἰρῶ
1326 2543 1394 2613 τῇ
1426 2540 1577 2613 ψυχῇ
1616 2559 1723 2612 μου
1765 2556 1779 2571 ⁸

175 2635 370 2705 Ψυχὴ,
419 2634 565 2705 ἔχεις
604 2635 778 2688 πολλὰ
816 2634 1003 2704 ἀγαθά
1046 2634 1281 2706 κείμενα
1331 2636 1415 2699 είς
1462 2634 1558 2705 ἐτη
1587 2634 1783 2702 πολλὰ,

1888 2082 2033 2149 illos,
2099 2080 2335 2138 dicens:
2393 2077 2650 2135 Hominis
2707 2076 2998 2148 cujusdam
3064 2072 3255 2129 divitis
3314 2069 3513 2124 uberes

1888 2179 2103 2235 fructus
2156 2192 2288 2249 ager
2328 2177 2537 2245 attulit,
2574 2185 2631 2233 et
2679 2172 2962 2245 cogitabat
2991 2171 3134 2226 intra
3159 2182 3240 2231 se,
3272 2168 3460 2221 diteus
3495 2179 3510 2218 :

1886 2272 2030 2342 Quid
2066 2274 2294 2338 faciam,
2356 2274 2507 2344 quod
2578 2285 2687 2328 non
2748 2269 2985 2325 habeam
3018 2279 3129 2335 quo
3183 2274 3512 2333 congregem

1888 2366 2100 2423 fructus
2167 2365 2371 2422 meos?
2436 2362 2505 2419 Et
2568 2362 2749 2418 dixit:
2819 2359 2934 2415 Hoc
2958 2357 3183 2423 faciant,
3231 2354 3514 2409 destruatn

1889 2461 2085 2517 horrea
2113 2475 2255 2527 mea,
2277 2467 2333 2516 et
2354 2459 2564 2530 majora
2586 2466 2892 2522 exstruam,
2922 2462 2979 2509 et
3007 2450 3357 2523 congregabo
3386 2446 3515 2503 illuc

1889 2556 2075 2613 omnia
2114 2557 2252 2612 bona
2275 2568 2395 2608 mea
2422 2566 2544 2623 qua:
2571 2550 2705 2606 mihi
2739 2558 2867 2605 nata
2901 2554 3050 2615 sunt,
3088 2553 3145 2599 et
3190 2541 3370 2604 dicam
3402 2537 3519 2593 ani-

1892 2666 1995 2707 ma:
2017 2665 2120 2705 ma:
2161 2666 2177 2704 :
2211 2632 2445 2713 Anima,
2479 2644 2650 2701 babes
2690 2640 2862 2697 multa
2902 2640 3045 2695 bona
3083 2632 3394 2707 repositaitt
3421 2646 3522 2715 anf-

170 2728 491 2793 ἀναπαύου,
544 2729 710 2797 φάγε.
744 2727 859 2793 πίε,
900 2727 1223 2799 εὐφραίνου.
1277 2723 1419 2781 Eine
1460 2728 1519 2781 δὲ
1562 2726 1716 2799 αὐτῷ
1758 2728 1782 2782 ό

1892 2760 1994 2801 nos
2025 2746 2249 2809 multos,
2310 2741 2620 2811 requiesce,
2670 2734 2920 2801 comede,
2955 2731 3103 2797 bibe,
3142 2729 3338 2801 gaude.
3371 2725 3522 2782 Dixit

171 2821 335 2886 Θεός·
380 2821 611 2892 Ἀφρον,
636 2822 810 2896 ταύτῃ
842 2824 908 2893 τῇ
939 2821 1099 2875 νυκτὶ
1128 2820 1229 2893 τὴν
1267 2820 1453 2893 ψυχήν
1492 2838 1587 2875 σου
1617 2821 1782 2875 ἀπαι-

1893 2847 2079 2894 autem
2124 2837 2205 2892 illi
2237 2836 2425 2892 Deus:
2466 2832 2668 2897 Stulte,
2725 2831 2830 2886 hac
2880 2834 3047 2884 nocte
3090 2825 3330 2882 animam
3371 2830 3519 2875 tuam

170 2915 368 2968 τοῦσιν
396 2914 505 2968 ἀπὸ
545 2913 666 2968 σοῦ’
702 2914 739 2968 ἀ
773 2915 827 2968 δὲ
860 2914 1189 2986 ἡτοίμασας,
1219 2913 1325 2968 τίνι
1360 2915 1547 2981 Eant;
1598 2914 1782 2978 Οὕτως

1896 2937 2148 2999 repetent
2173 2926 2273 2982 abs
2328 2935 2423 2982 te:
2457 2938 2580 2996 quae
2617 2936 2749 2979 vero
2775 2920 3004 2984 parasti,
3036 2916 3125 2973 cui
3159 2911 3401 2970 cedent?
3430 2909 3524 2965 Sic
3564 2958 3567 2959 ν

168 3010 205 3062 6
242 3008 595 3079 θησαυρίζων
631 3008 836 3079 ἑαυτῷ,
870 3008 1074 3079 καὶμὴ
1133 3010 1214 3073 είς
1274 3008 1413 3064 Θεὸν
1454 3008 1723 3065 πλουτῶν.
1766 3026 1782 3059 ι

1897 3026 1989 3095 qui
2023 3022 2273 3080 recondit
2303 3019 2432 3089 sibi,
2464 3033 2567 3075 nec
2594 3025 2681 3073 est
2710 3021 2848 3087 Erga
2883 3013 3058 3068 Deum
3090 3008 3269 3065 dives.
3308 3025 3327 3059 ι
3348 3002 3526 3095 Post-

170 3100 373 3155 Εἰπὼν
407 3103 489 3155 ὅτι
520 3101 582 3153 οὐ
618 3103 685 3173 τῇ
719 3103 1011 3174 περισσεία
1041 3100 1154 3155 τῶν
1176 3103 1479 3175 χρημάτων
1506 3105 1603 3157 καὶ
1628 3104 1661 3173 ἡ
1691 3101 1782 3156 τοῦ

1896 3094 2061 3188 quam
2123 3114 2266 3171 dixit
2300 3114 2471 3169 vitam
2522 3108 2770 3167 hominis
2810 3119 2916 3161 non
2962 3100 3191 3172 produci
3220 3113 3345 3153 eum
3382 3094 3526 3151 divi-

170 3192 482 3264 ἀνθρώπου
517 3191 635 3263 ζωὴ
688 3194 1261 3266 συμπαρεκτείνεται,
1286 3199 1293 3206 “
1319 3194 1457 3266 πρὸς
1494 3193 1782 3269 βεϐαίωσιν.

1900 3210 2101 3265 tiarum
2160 3205 2523 3272 abundantia,
2563 3203 2630 3258 ad
2682 3198 3169 3267 confirmationem
3205 3192 3325 3263 ejus
3364 3188 3527 3245 affert

169 3286 379 3341 τούτου
412 3286 667 3359 ἐπιφέρει
700 3287 795 3341 καὶ
828 3287 1173 3358 παραϐολήν.
1216 3290 1327 3343 Καὶ
1364 3290 1468 3359 ὅρα
1502 3288 1621 3352 πῶς
1660 3290 1782 3343 ὐποε

1908 3304 2074 3361 etiam
2129 3298 2445 3373 parabolam
2482 3317 2495 3352 :
2528 3306 2584 3351 et
2627 3295 2748 3350 vide
2771 3292 3051 3363 quomodo
3074 3286 3338 3343 describit
3363 3283 3527 3339 nobis

168 3382 392 3452 γράφει
414 3382 551 3451 ἡμῖν
578 3381 813 3451 ἀνοήτου
834 3380 1097 3434 πλουσίου
1128 3380 1445 3453 ἀπλήστους
1470 3381 1782 3452 λογισμούς⁴

1909 3396 2254 3455 insatiabiles
2273 3392 2425 3450 stulti
2453 3390 2639 3447 divitis
2670 3386 3057 3458 c0gitationes.
3091 3383 3239 3439 Deus
3260 3381 3405 3437 enim
3427 3392 3526 3435 sua

182 3474 254 3527 ὐ
288 3475 389 3545 μὲν
418 3475 529 3544 γὰρ
565 3473 700 3538 Θεὸς
746 3473 813 3527 τὰ
844 3474 1043 3545 ἑαυτοῦ
1072 3474 1271 3542 ἐποίει,
1307 3476 1402 3528 καὶ
1433 3475 1535 3547 τὴν
1587 3476 1782 3530 οἰκείου

1909 3490 2169 3557 faciebat,
2230 3497 2286 3545 et
2342 3485 2562 3543 solitam
2598 3480 2925 3540 ostendebat
2969 3475 3432 3539 misericordiam,
3463 3476 3527 3527 ut

165 3567 593 3639 εὐσπλαγχνίαν
651 3566 1004 3621 ἐπεδείκνυτο
1040 3584 1055 3599 ·
1093 3569 1155 3621 οὐ
1209 3567 1321 3640 γὰρ
1357 3566 1415 3622 ἓν
1464 3569 1653 3641 γήδιον
1702 3568 1782 3623 τοῐ

1908 3598 2019 3639 non
2078 3596 2223 3637 unus
2284 3587 2498 3635 tantum
2568 3574 2755 3632 divitis
2807 3572 3036 3646 agellus,
3089 3570 3185 3627 sed
3220 3578 3332 3625 tota
3376 3566 3529 3638 regio

167 3660 474 3747 πλουσίου,
507 3659 624 3713 ἀλλ’
656 3660 752 3733 ὅλη
790 3660 823 3733 ή
853 3661 1011 3733 χώρα
1038 3659 1370 3733 εὐφόρησεν.
1440 3658 1503 3715 ’0
1532 3660 1589 3714 δὲ
1623 3661 1782 3725 οὕτως

1909 3674 2108 3731 uberes
2132 3673 2208 3728 illi
2243 3672 2458 3728 fruetus
2509 3668 2731 3726 afferret
2766 3684 2779 3723 :
2817 3681 3010 3721 verum
3069 3664 3159 3720 hic
3197 3672 3307 3717 tam
3346 3658 3530 3715 immi-

170 3750 252 3826 ἧν
288 3754 546 3824 ἄκαρπος
593 3755 725 3824 περὶ
759 3754 860 3825 τὴν
905 3753 1344 3825 εὐσπλαγχνίαν,
1400 3750 1545 3808 ὥστε
1580 3754 1713 3826 πρὶν
1764 3757 1782 3809 ἱ

1906 3768 2146 3824 sericors
2183 3774 2323 3831 erat,
2354 3775 2414 3820 ut
2450 3773 2746 3833 antequam
2782 3761 3053 3829 reciperet
3085 3773 3173 3821 ea,
3213 3756 3528 3811 clauderet.

164 3846 400 3914 λαϐεῖν,
460 3849 732 3917 συνεῖχεν.
777 3848 921 3920 Ὅρα
969 3848 1027 3902 δὲ
1073 3849 1169 3901 καλ⁵
1222 3848 1320 3913 τάς
1371 3847 1467 3901 τοῦ
1536 3847 1799 3902 πλουσίου

165 3938 410 4011 ⁴ἡδονὰς,
454 3940 520 3993 Τί
571 3940 819 4011 ποιήσως
890 3940 1163 4006 Τοιαύτας
1202 3941 1389 4012 φωνὰς
1444 3941 1567 4012 οὐχὶ
1631 3943 1727 3995 καὶ
1776 3944 1804 3995 6

165 4030 362 4101 πένης
400 4029 577 4099 λέγει,
607 4032 660 4084 τί
703 4033 1061 4102 ποιήσω,ὅτι
1113 4033 1215 4086 οὐκ
1259 4032 1369 4102 ἔχω
1415 4031 1533 4096 πῶς
1588 4034 1804 4104 τραφή-

166 4141 394 4197 σομαι,
424 4123 541 4187 πῶς
587 4123 915 4195 ὲνδύσομαι;
962 4123 1065 4178 Ἴδε
1104 4104 1195 4195 μοι
1230 4127 1327 4180 καὶ
1374 4126 1472 4191 τάς
1503 4126 1597 4180 τοῦ
1636 4127 1803 4182 πλου-

165 4220 308 4274 σίου
345 4218 532 4289 φωνάς
557 4234 571 4248 ⁸
603 4218 668 4272 Τί
701 4213 939 4290 ποιήσω,
973 4218 1056 4273 ὅτι
1093 4220 1193 4273 οὐκ
1252 4220 1362 4291 ἔχω
1418 4220 1522 4276 πού
1588 4222 1804 4288 συνάξω

160 4313 316 4376 τοὺς
350 4310 604 4381 καρπούς
634 4324 773 4383 μου;
813 4312 969 4383 Καλή
992 4330 1057 4381 γε
1088 4312 1423 4391 ἀνάπαυσις.
1454 4313 1589 4383 Εῐγε
1646 4316 1742 4368 καὶ
1778 4317 1806 4369 ὁ

161 4408 369 4476 πένης
392 4405 549 4479 φησί’
576 4404 641 4458 Τί
667 4408 904 4477 ποιήσω,
936 4407 1022 4461 ὅτι
1052 4407 1153 4460 οὑκ
1172 4405 1317 4476 εχως
1354 4407 1451 4461 καὶ
1469 4410 1495 4461 6
1520 4407 1802 4474 πλούσιος,

1910 3861 2045 3917 Vide
2075 3860 2206 3915 item
2262 3868 2319 3915 et
2349 3857 2535 3914 divitis
2580 3856 2909 3926 voluptates.
2944 3852 3084 3920 Quid
3120 3848 3359 3907 faciant?
3383 3847 3530 3904 Neu-

1910 3956 2115 4025 tiquam
2176 3968 2384 4023 pauper
2434 3953 2509 4009 ita
2558 3952 2901 4022 loqueretur,
2938 3946 3073 4019 quid
3120 3945 3346 4009 faciam,
3399 3943 3529 4012 quia

1910 4064 2018 4105 non
2079 4049 2257 4104 habeo
2293 4049 2569 4118 quomodo
2616 4046 2836 4112 induar,
2887 4042 3165 4115 quomodo
3209 4041 3366 4098 alar?
3398 4038 3533 4096 Vide

1910 4152 2095 4198 autem
2120 4151 2176 4198 et
2206 4142 2397 4198 divitis
2415 4156 2577 4198 voces
2604 4159 2618 4195 :
2643 4140 2787 4208 Quid
2819 4138 3042 4203 faciam,
3067 4137 3195 4209 quia
3224 4152 3331 4191 non
3356 4135 3532 4191 habeo

1913 4238 2001 4292 ubi
2055 4250 2383 4307 congregem
2438 4234 2654 4289 fruetus
2713 4231 2912 4289 meos?
2967 4230 3116 4287 Bona
3168 4229 3389 4300 quidem
3446 4236 3533 4284 est

1912 4330 2089 4399 quies.
2126 4328 2411 4400 Siquidem
2448 4338 2503 4383 et
2526 4342 2732 4399 pauper
2764 4325 2935 4381 dicit:
2971 4323 3113 4392 Quid
3143 4322 3367 4388 faciam,
3400 4319 3531 4392 quia

1914 4437 2021 4476 non
2056 4421 2231 4476 habeo
2262 4420 2285 4473 ?
2329 4430 2386 4474 et
2434 4419 2588 4474 dives
2621 4418 2754 4474 dicit
2784 4435 2797 4471 :
2834 4416 2976 4484 Quid
3022 4413 3222 4470 faciam
3257 4412 3385 4483 quia
3421 4425 3530 4467 nou

159 4500 240 4557 Τί
278 4500 536 4570 ποιήσω,
562 4502 645 4553 ὅτι
667 4500 767 4554 οὐκ
794 4499 942 4571 Exta;
974 4501 1025 4555 τί
1052 4501 1234 4554 τοίνυν
1264 4502 1578 4573 συνάγομεν
1612 4503 1677 4556 ὲκ
1708 4504 1782 4556 toi

1917 4515 2091 4569 habeo
2123 4513 2145 4566 ?
2177 4511 2317 4580 Quid
2378 4512 2549 4585 igitur
2606 4510 2887 4565 lucramur
2940 4524 3010 4565 ex
3072 4522 3139 4563 eo
3184 4508 3329 4577 quod
3376 4504 3531 4575 plura

159 4593 372 4649 πλείω
398 4594 695 4659 συνάγειν;
721 4592 1034 4655 ἀνάπαυσιν
1064 4594 1163 4663 μὲν
1188 4593 1299 4665 γὰρ
1331 4593 1391 4647 οὐ
1418 4593 1782 4665 κερδαίνομεν

1918 4605 2364 4679 congregamus?
2418 4603 2672 4671 Quietem
2728 4602 2877 4658 enim
2943 4615 3049 4655 non
3103 4599 3417 4665 lucramur,
3477 4605 3535 4651 et

156 4687 293 4742 Καὶ
330 4684 505 4755 δῆλον
530 4685 639 4739 ἀπὸ
678 4684 789 4739 τῶν
846 4686 1169 4757 φροντίδων,
1201 4686 1489 4758 ἁμαρτιῶν
1534 4687 1590 4740 δὲ
1644 4688 1782 4758 μόνοι

1923 4696 2275 4752 manifestum
2324 4695 2401 4758 id,
2437 4695 2581 4764 quod
2616 4710 2645 4749 a
2698 4695 2891 4751 curis:
2936 4703 3146 4749 tantum
3181 4702 3367 4748 autem
3404 4707 3535 4763 pec-

157 4781 407 4853 ςτλῆθος
457 4780 676 4843 ἑαυτοῖς
731 4778 1169 4851 ὲπισωρεύομεν.
1240 4779 1472 4834 Καοελῶ
1538 4798 1643 4851 μου
1707 4782 1777 4835 τὰ

1917 4796 2169 4846 catorum
2233 4786 2637 4842 multitudinem
2713 4786 2872 4841 nobis
2930 4782 3364 4842 accumulamus.
3425 4782 3531 4839 De-

157 4878 515 4947 ὰποθήκας,
552 4875 650 4929 καὶ
679 4878 937 4949 μείζονας
967 4878 1335 4950 οἰκοδομήσω.
1402 4880 1529 4933 Ἐὰν
1554 4880 1611 4932 δὲ
1646 4879 1777 4933 πλέο

1919 4894 2130 4939 struant
2183 4883 2379 4937 horrea
2401 4896 2547 4947 mea,
2597 4890 2653 4937 et
2689 4878 2897 4945 majora
2932 4889 3214 4933 exstruam
3252 4894 3265 4929 :
3300 4875 3444 4949 quod
3477 4877 3525 4932 si

155 4973 487 5043 εὐφορήσῃ
520 4970 601 5031 είς
621 4970 681 5023 τὸ
725 4970 981 5039 μέλλονή
1016 4968 1194 5043 χώρα,
1229 4972 1394 5026 πάλιν
1424 4972 1782 5045 καθαιρήσεις

1921 4976 2074 5048 regio
2120 4976 2304 5046 plures
2357 4974 2409 5029 in
2458 4983 2740 5042 posterum
2794 4971 3007 5027 fructus
3035 4969 3303 5035 attulerit,
3335 4971 3535 5026 iterum

159 5067 276 5120 καὶ
323 5060 506 5116 πάλιν
542 5062 946 5134 οίκοδομήσεις·
977 5068 1073 5117 καὶ
1105 5065 1187 5129 τίς
1214 5068 1373 5138 χρεία
1396 5068 1686 5138 καθαιρεῖν
1716 5085 1782 5123 κα

1920 5071 2013 5127 illa
2058 5072 2331 5137 destrues,
2364 5079 2419 5124 et
2446 5068 2570 5123 .alin
2610 5066 2929 5123 scdificabis.
2961 5066 3027 5121 Et
3052 5081 3175 5137 quae
3203 5064 3411 5120 utilitas
3440 5063 3539 5118 de-

153 5156 549 5227 οίκοδομεῖν;
596 5156 784 5226 Ἔχεις
828 5156 1119 5242 ἀποθήκας
1153 5160 1265 5213 τῶν
1308 5160 1543 5233 πτωχῶν
1574 5162 1672 5225 τὰς
1708 5178 1782 5230 γα

1920 5166 2168 5224 struendi
2228 5174 2282 5220 et
2306 5162 2680 5219 exstruendi?
2723 5159 2908 5216 Habes
2959 5161 3183 5225 horrea,
3228 5172 3537 5229 pauperum

158 5254 428 5329 στέρας,
460 5248 635 5303 πολλά
667 5250 975 5321 δυναμένας
1031 5255 1253 5322 χωρεῖν,
1297 5254 1392 5307 καὶ
1432 5254 1781 5308 ἀκαταλύτου

1920 5268 2164 5327 ventres,
2195 5274 2316 5329 quae
2351 5256 2518 5312 multa
2569 5270 2769 5326 capere
2813 5261 3059 5324 possunt,
3088 5266 3319 5322 quaeque
3352 5249 3541 5307 incor-

154 5351 270 5405 καὶ
306 5344 679 5416 ἀφθάρτουςο
712 5346 960 5415 οὐράνιοι
1020 5346 1129 5416 γάρ
1164 5350 1269 5399 εἱσι
1305 5349 1401 5400 καὶ
1448 5348 1615 5417 θεῖαι,
1654 5347 1776 5401 εἷπε

1923 5352 2202 5425 ruptibilia
2259 5359 2390 5407 sunt
2424 5370 2437 5405 :
2475 5348 2723 5404 cmicstia
2791 5346 2940 5401 cnim
3000 5354 3151 5410 sunt,
3185 5354 3241 5399 et
3296 5344 3483 5399 divina
3518 5382 3535 5398 .

153 5446 187 5497 6
224 5439 480 5513 τρέφων
506 5439 741 5509 πένητα,
767 5439 902 5494 Θεὸν
931 5440 1147 5511 τρέφει.
1204 5441 1349 5511 Ὅρα
1382 5440 1438 5492 δὲ
1495 5441 1587 5495 καὶ
1627 5440 1782 5511 ἔτεερο

1923 5444 2373 5518 quandoquidem
2429 5440 2523 5512 qui
2579 5440 3099 5510 pascitpauperem,
3130 5434 3303 5489 Deum
3338 5434 3535 5505 pascit.

152 5540 459 5609 ἀνόητον.
493 5532 575 5586 Τὰ
607 5536 933 5606 γεννήματά
964 5553 1092 5606 μου,
1124 5534 1220 5588 καὶ
1270 5534 1339 5588 τὰ
1370 5535 1555 5603 ἁγαθά
1583 5554 1707 5605 μου.
1741 5535 1782 5589 Ο

1924 5538 2062 5595 Vide
2102 5538 2233 5594 item
2265 5545 2321 5590 et
2352 5534 2515 5590 aliam
2570 5531 2965 5600 insipientiam.
3020 5528 3326 5583 Proventus
3358 5541 3537 5593 meos,

152 5637 285 5705 γὰρ
312 5627 561 5697 ἑνόμιζε
591 5629 765 5684 ταῦτα
792 5630 939 5702 ἔχειν
963 5632 1026 5684 ὲκ
1056 5631 1277 5702 Θεοῦ,ἦ
1308 5639 1417 5701 γάρ
1442 5632 1531 5695 ἂν,
1574 5633 1649 5694 ὡς
1680 5632 1782 5685 Θεο

1925 5629 2031 5683 hoc
2097 5639 2183 5683 est
2230 5641 2353 5697 qua:
2426 5624 2559 5679 mihi
2622 5632 2747 5677 nata
2798 5632 2947 5687 sunt,
2981 5628 3039 5676 et
3069 5622 3210 5675 bona
3246 5634 3386 5674 mea.
3417 5615 3537 5673 Non

156 5728 523 5799 οἰκονόμος,
560 5725 693 5793 περὶ
715 5724 891 5779 ταῦτα
922 5726 1180 5780 διέκειτο.
1218 5726 1357 5778 Ἀλλ’
1383 5729 1605 5779 οἰκείων
1642 5724 1782 5779 πόνω

1925 5724 2071 5778 enim
2138 5721 2363 5791 putabat
2416 5718 2536 5773 haec
2584 5728 2646 5772 se
2691 5716 2894 5770 habere
2920 5730 2984 5770 ex
3023 5713 3157 5778 Deo,
3193 5712 3431 5780 alioquin
3478 5719 3541 5767 ut

156 5824 533 5898 γεννήματα
554 5818 730 5873 ταῦτα
752 5818 913 5889 ᾤετο,
962 5819 1044 5873 διὸ
1075 5820 1170 5873 καὶ
1206 5821 1388 5891 ἑαυτῴ
1425 5820 1598 5873 ταῦτα
1629 5837 1782 5889 σφετε

1928 5816 2274 5885 dispensator
2326 5812 2418 5866 Dei
2469 5810 2630 5866 aliter
2679 5810 2796 5865 hac
2838 5808 3202 5877 disposuisset
3238 5824 3249 5858 :
3290 5814 3387 5861 sed
3423 5804 3540 5860 suis

161 5896 524 5996 ῥιζόμενος,
558 5913 641 5966 Τὰ
693 5914 1015 5983 γεννήματά
1048 5932 1149 5983 μου
1199 5915 1292 5967 καὶ
1324 5914 1391 5968 τὰ
1450 5914 1631 5983 ἀγαθά
1692 5932 1782 5985 μοι

1928 5909 2210 5965 laboribus
2255 5915 2409 5978 parta
2470 5904 2717 5974 putabat,
2759 5902 2965 5957 idcirco
3001 5909 3053 5955 ct
3080 5898 3181 5955 sibi
3213 5899 3327 5955 haec
3358 5896 3539 5953 tribu-

152 6017 388 6084 {La-{ev
437 6026 453 6040 ’
509 6005 701 6060 οὐδένα
733 6006 863 6077 γὰρ,
903 6010 1092 6079 φησὶν,
1142 6008 1251 6079 ἔχω
1301 6009 1579 6073 κοινωνὸν,
1630 6008 1782 6061 οὐδέν

1930 6022 2049 6073 cus,
2093 6002 2230 6058 bona
2265 6015 2361 6056 sua
2396 6009 2445 6055 et
2502 5998 2603 6053 sibi
2642 6006 2765 6053 nata
2805 5995 3039 6059 diccbat,
3081 5994 3236 6064 quasi
3270 5991 3474 6048 diceret
3519 6006 3541 6045 :
