4038 6498
557 467 663 533 887

1478 458 2057 525 THEOPHYLACTI
2103 454 2518 517 BULGARIAS
2560 454 2920 517 ARClllEl’.

3743 448 3841 511 888

556 585 773 643 Nullum
842 584 1014 640 habeo
1074 580 1299 644 socium,
1357 578 1565 634 nullum
1625 577 1914 633 divisorem
1961 574 2139 630 iacio:

2264 569 2524 641 μεριστὴν
2563 566 2849 638 ποιοῦμαι,
2912 568 2971 619 ού
3014 564 3107 619 τοῦ
3142 564 3279 618 Θεοῦ
3331 565 3494 630 εἰσιν,
3549 560 3670 617 ἀλλ’
3716 563 3841 634 ἐμὲ,

558 697 667 739 non
725 679 818 735 Dei
852 687 999 745 sunt,
1034 675 1126 732 sed
1187 689 1307 747 mea
1342 694 1356 729 :
1390 674 1538 729 solus
1598 674 1762 743 igitur
1792 670 1965 732 fruar,
1998 679 2053 724 et
2077 669 2142 722 ad

562 772 873 828 iruitionem
907 768 1119 824 illorum
1146 766 1315 824 Deum
1340 782 1444 821 non
1470 778 1765 821 assumam.
1796 761 1933 828 Quia
1960 769 2143 815 autem

562 866 661 920 ista
709 861 896 926 stulta,
955 861 1233 916 videamus
1292 867 1347 913 et
1412 858 1638 927 reliqua.
1694 856 1930 919 Anima,
1976 854 2144 909 habes

562 952 732 1008 multa
765 952 905 1007 bona
955 951 1186 1022 reposita
1224 950 1276 1005 in
1318 949 1518 1004 mullos
1545 962 1737 1003 annos.
1778 947 2016 1011 Longam
2044 945 2141 1000 sibi

560 1042 851 1110 praestituit
897 1042 1084 1105 vitam,
1130 1041 1284 1110 quasi
1341 1049 1396 1094 et
1445 1039 1613 1103 illam,
1657 1046 1859 1092 terram
1919 1036 2145 1092 colendo

558 1134 884 1188 excoluisset
914 1150 927 1187 :
958 1148 1060 1187 non
1084 1133 1227 1186 enim
1264 1141 1317 1186 et
1345 1132 1433 1187 illa
1478 1132 1571 1186 tibi
1599 1131 1724 1185 inde
1754 1138 1877 1183 nata
1912 1136 2019 1193 est,
2050 1142 2145 1183 nc-

558 1240 663 1295 que
696 1225 795 1279 hoc
825 1234 971 1279 tuum
1004 1225 1162 1296 371
1199 1226 1419 1280 bonum.
1468 1221 1724 1287 Comede,
1762 1220 1904 1285 bibe,
1939 1220 2140 1275 laatare.

561 1316 706 1384 Euge
722 1316 901 1385 qualia
928 1317 1122 1370 anima:
1152 1316 1306 1369 bona:
1334 1312 1647 1369 al‘i‘ectiones
1671 1330 1684 1366 :
1717 1328 1837 1367 nam
1863 1313 2145 1367 comedere

559 1416 615 1461 et
643 1406 862 1473 bibere,
930 1404 1259 1460 irrationalis
1312 1406 1505 1459 anima:
1564 1406 1762 1459 bonum
1790 1414 1873 1460 est
1922 1423 1934 1458 :
1985 1404 2145 1473 igitur

562 1511 687 1552 cum
729 1496 891 1551 etiam
920 1496 1035 1565 ipse
1069 1495 1225 1549 talen.
1279 1495 1513 1549 animam
1545 1495 1770 1550 sortitus
1818 1495 1913 1560 sis,
1953 1494 2145 1547 meritu

564 1590 640 1645 illi
667 1590 779 1644 haec
828 1590 1039 1645 tribuis.
1077 1589 1379 1644 Rationalis
1411 1604 1540 1644 vero
1573 1590 1767 1643 animm
1806 1590 2007 1642 bonum
2039 1597 2142 1649 est,

564 1682 883 1752 intelligere,
920 1682 1257 1747 ratiocinari,
1290 1681 1461 1738 laztari
1518 1682 1570 1738 in
1615 1681 1729 1753 lege
1774 1682 1863 1737 Dei
1897 1690 1950 1735 et
1993 1680 2147 1733 bouis

563 1776 996 1849 cogitationibus.
1049 1777 1165 1831 Non
1215 1776 1411 1832 suilicit
1441 1785 1619 1832 autem
1661 1776 1753 1831 libi
1784 1786 1839 1829 et
1864 1775 2147 1830 comedere

563 1879 617 1925 et
656 1869 859 1935 bibere,
900 1885 933 1925 ο
964 1869 1150 1932 stulte,
1212 1868 1305 1924 sed
1342 1878 1397 1923 et
1454 1866 1874 1923 abominabilem
1910 1865 2147 1934 volupta-

2255 662 2418 733 μόνος
2464 660 2556 714 οὖν
2597 659 2939 714 ἀπολαύσω·
2997 657 3058 709 οὐ
3116 656 3209 709 τὸν
3268 655 3403 709 Θεὸν
3456 654 3845 725 προσλήψομαι

2253 757 2335 818 είς
2364 754 2466 825 τὴν
2518 752 2729 806 τούτων
2783 750 3108 805 ἀπόλαυσιν.
3141 748 3295 801 Ἐπεὶ
3344 747 3402 799 δὲ
3451 746 3631 800 ταῦτα
3682 745 3842 798 αὐτοῦ

2252 848 2480 918 ἀνόητα,
2536 846 2737 917 ἴδωμεν
2797 844 2893 898 καὶ
2955 843 3025 896 τά
3065 841 3217 912 ἑξῆς.
3253 840 3439 911 Ψυχὴ,
3477 840 3628 908 ἔχεις
3676 838 3841 891 πολλὰ

2252 939 2437 1009 ἀγαθά
2466 938 2699 1007 κείμενα
2730 940 2809 999 είς
2866 936 2959 1006 ἐτη
2990 934 3185 988 πολλὰ.
3220 934 3414 1001 Μῆκος
3447 932 3630 1000 ἑαυτῷ
3667 931 3838 1002 ὁρίζει

2254 1032 2421 1098 ζωῆς,
2452 1032 2640 1101 ὥσπερ
2667 1032 2763 1084 καὶ
2794 1029 2952 1083 τοῦτο
2992 1030 3056 1080 ὲκ
3087 1026 3190 1096 γῆς
3211 1025 3542 1095 γεωργήσας
3573 1040 3585 1051 ·
3619 1026 3696 1093 μὴ
3739 1022 3841 1093 γὰρ

2255 1126 2349 1179 καὶ
2381 1123 2541 1177 τοῦτο
2564 1122 2811 1192 γέννημα
2832 1121 2945 1185 σὺν,
2970 1120 3044 1189 μὴ
3060 1117 3171 1189 γὰρ
3198 1119 3292 1171 καὶ
3316 1116 3475 1169 τοῦτο
3496 1114 3704 1183 ἀγαθὸν
3728 1115 3840 1167 σὸν.

2253 1218 2420 1284 (Mys,
2448 1216 2561 1281 πίε,
2596 1214 2914 1283 εὐφραίνου.
2956 1206 3099 1279 Εὖγε
3121 1210 3229 1265 τῶν
3260 1209 3483 1277 ἀγαθῶν
3515 1208 3613 1277 τῆς
3643 1206 3839 1276 ψυχῖας·

2254 1309 2314 1362 τὸ
2341 1309 2448 1381 γὰρ
2494 1312 2692 1378 φαγεῖν
2725 1307 2818 1359 καὶ
2848 1304 2908 1357 τὺ
2954 1306 3122 1367 πιεῖν,
3163 1304 3361 1370 ἀλόγου
3397 1301 3577 1371 ψυχῆς
3616 1299 3843 1367 ἀγαθόν·

2255 1402 2513 1471 τοιαύτην
2541 1401 2634 1455 οῦν
2686 1400 2825 1471 ἔχων
2853 1400 2946 1452 καὶ
2974 1397 3136 1462 αὐτὸς
3176 1397 3378 1467 ψυχὴν,
3433 1395 3659 1454 εἰκότως
3710 1393 3845 1461 αὐτῇ

2255 1494 2427 1549 ταῦτα
2488 1492 2915 1566 προσανατίθης.
2976 1491 3222 1559 Λογικῆς
3269 1489 3325 1542 δὲ
3377 1487 3559 1557 ψυχῆς
3606 1485 3846 1550 ἀγαθὸν,

2257 1590 2468 1660 νοῆσαι,
2525 1587 2869 1655 λογίσασθαι,
2927 1582 3305 1655 εὐφρανθῆναι
3341 1582 3490 1651 νόμῳ
3551 1577 3690 1631 Θεοῦ
3759 1577 3851 1630 καὶ

2255 1682 2620 1752 διανοήμασιν
2670 1678 2917 1748 ἀγαθοῖς.
2956 1678 3071 1731 Οὐκ
3102 1678 3264 1747 ἀρκεῖ
3300 1674 3357 1728 δέ
3414 1690 3496 1726 σοι
3540 1673 3601 1725 τὸ
3658 1673 3851 1740 φαγεῖν

2260 1776 2350 1827 καὶ
2384 1776 2551 1836 πιεῖν,
2583 1766 2628 1827 ὦ
2668 1772 2865 1842 ἄφρον,
2900 1771 3036 1825 ἀλλά
3071 1770 3168 1824 καὶ
3218 1769 3317 1841 τὴν
3375 1763 3853 1821 ἐπακολουθοῦσαν

2255 1871 2469 1931 τούτοις
2509 1868 2801 1938 αἰσχίστην
2850 1867 2945 1919 καὶ
2996 1863 3246 1935 μυσαράν
3296 1860 3490 1932 ἡδονὴν
3544 1857 3856 1917 ἐπιτάττεις

564 1972 670 2017 tem
697 1972 751 2016 et
788 1961 1180 2031 turpissimam,
1226 1975 1347 2031 qua:
1379 1962 1520 2015 hanc
1549 1959 1923 2029 consequitur,
1956 1957 2149 2011 anima:

2264 1967 2317 2036 τῇ
2338 1965 2515 2035 ψυχῆς
2541 1963 2819 2032 Εὐφήμως
2841 1960 2952 2032 γάρ
2977 1962 3005 2013 6
3025 1956 3229 2029 Κύριος
3256 1955 3340 2009 διὰ
3370 1953 3489 2016 τοῦ,
3516 1949 3855 2020 Εὐφραίνου,

563 2056 839 2125 imperas?
897 2056 1057 2111 Clare
1098 2058 1241 2111 enim
1277 2055 1538 2111 Dominus
1577 2069 1672 2124 per
1701 2054 1804 2110 hoc
1828 2052 1970 2123 quod
1993 2052 2145 2117 dicit,

567 2148 794 2216 Laetare,
818 2149 1136 2205 affectiones
1173 2148 1468 2204 declaravit
1495 2147 1814 2202 libidinosas
1865 2154 1919 2201 et
1950 2148 2148 2200 intem-

564 2251 803 2311 peratas,
832 2257 951 2313 quze
989 2242 1294 2297 satietatem
1342 2242 1586 2297 ciborum
1633 2251 1687 2297 et
1730 2249 1953 2311 potuum
1984 2238 2150 2294 comi-

560 2342 770 2389 tantur.
826 2333 970 2389 Dixit
1017 2343 1198 2390 autem
1254 2332 1303 2389 ei
1358 2332 1497 2389 Deus
1539 2331 1779 2399 :Stultc,
1833 2332 1936 2388 hac
1993 2341 2154 2388 nocte

572 2427 808 2481 animam
846 2437 990 2483 tuam
1024 2434 1291 2497 repetent.
1328 2426 1443 2483 Non
1475 2427 1577 2483 hoc
1602 2427 1801 2483 dicitur
1830 2428 1982 2498 quasi
2013 2426 2152 2482 Deus

572 2516 841 2573 familiare
897 2519 1225 2589 colloquium
1279 2520 1473 2574 habeat
1512 2534 1633 2574 cum
1667 2519 1857 2585 divite,
1914 2518 2059 2573 Dixit
2102 2519 2152 2575 ei

571 2612 750 2681 Deus;
781 2615 875 2669 sed
901 2628 1123 2670 sensum
1157 2613 1301 2667 hunc
1326 2612 1489 2667 habet
1510 2610 1653 2682 quod
1684 2611 1837 2678 dicit,
1871 2611 2006 2667 Cum
2040 2613 2153 2668 haec

568 2706 656 2763 ille
680 2707 732 2762 in
765 2714 948 2762 mente
978 2706 1221 2771 haberet,
1261 2706 1396 2762 dixit
1424 2707 1564 2763 Deus
1601 2707 1845 2778 (tingitur
1866 2707 2014 2763 enim
2040 2706 2156 2763 haec

581 2800 856 2870 parabola)
887 2818 901 2854 :
930 2798 1125 2854 Stulte.
1161 2798 1396 2854 Stultum
1457 2800 1622 2870 igitur
1672 2800 1825 2856 illum
1883 2810 2059 2866 vocat,
2100 2810 2159 2856 ut

570 2892 661 2961 qui
709 2906 931 2962 prorsus
958 2890 1160 2947 insulsa
1204 2892 1422 2963 cogitet,
1488 2892 1943 2963 quemadmodum
1977 2893 2157 2949 decla-

574 2984 835 3039 ravimus.
865 2982 1129 3053 insipiens
1161 2984 1305 3040 enim
1327 2991 1411 3039 est
1437 2994 1490 3040 et
1516 2999 1689 3040 vanus
1716 2986 1895 3040 omnis
1920 2985 2010 3056 qui
2039 2985 2159 3041 talis

568 3086 675 3142 est,
725 3077 867 3133 sicut
901 3085 957 3131 et
986 3075 1153 3131 David
1189 3076 1322 3131 dicit
1354 3093 1368 3131 :
1400 3074 1549 3132 Vane
1575 3077 1754 3133 omnis
1788 3078 1971 3139 homo.
2003 3079 2071 3145 ",
2106 3089 2160 3134 et

569 3184 732 3223 causa
772 3176 855 3225 est
886 3187 898 3224 :
924 3168 1260 3224 thesaurizat
1301 3178 1357 3223 et
1405 3168 1575 3223 nescit
1618 3168 1703 3223 cui
1749 3182 2036 3240 congreget
2068 3185 2154 3227 ea.

570 3259 706 3316 Nam
734 3275 841 3332 quo
873 3270 1033 3332 pacto
1067 3276 1175 3314 non
1198 3269 1281 3314 est
1331 3259 1615 3327 insipiens,
1649 3260 1741 3329 qui
1773 3260 1986 3329 ignorat
2015 3261 2158 3331 quod

574 3354 697 3409 vita:
730 3369 985 3409 mensura
1007 3352 1145 3422 apud
1173 3351 1347 3407 solum
1388 3352 1577 3419 Deum,
1611 3367 1710 3408 nec
1734 3352 1835 3409 sibi
1868 3353 2157 3423 quisquam

579 3460 732 3501 suam
788 3446 953 3501 vitam
1005 3443 1231 3501 deﬁnire
1278 3445 1496 3515 possit?
1528 3444 1769 3500 Observa
1794 3444 1921 3499 item
1950 3455 2005 3501 et
2034 3459 2158 3500 ver-

574 3540 724 3607 bum,
784 3538 1071 3610 Repetent.
1132 3537 1321 3610 Angeli
1364 3538 1508 3591 enim
1566 3539 1706 3593 sicut
1746 3538 1997 3593 crudeles
2058 3538 2158 3591 tri-

575 3636 827 3689 butorum
887 3640 1169 3687 exactores
1228 3640 1281 3685 et
1338 3630 1630 3695 terribiles,
1696 3640 1841 3685 tuam
1914 3639 2163 3700 repetent

574 3725 834 3789 animam,
870 3737 921 3780 te
972 3725 1135 3779 etiarn
1173 3722 1363 3789 invito,
1406 3732 1591 3792 utpote
1610 3732 1829 3793 propter
1855 3722 1980 3776 vita:
2019 3736 2162 3792 prae-

574 3816 745 3872 sentis
764 3817 1112 3871 immodicum
1140 3829 1401 3879 amorem,
1437 3813 1771 3869 obluctante.
1802 3814 1936 3869 Nam
1965 3816 2162 3885 ajusto

577 3927 682 3967 non
741 3911 1006 3981 repetitur
1050 3910 1252 3973 anima,
1288 3910 1384 3964 sed
1411 3908 1499 3964 ille
1528 3908 1770 3978 gaudens
1800 3918 1853 3964 et
1883 3908 2162 3965 exsultans

576 4005 1052 4059 commendatcam
1087 4002 1196 4058 Deo
1224 4001 1370 4056 Patri
1396 4002 1705 4071 spirituum,
1740 4016 1914 4073 neque
1937 4012 2162 4057 mortem

577 4108 719 4163 aegre
750 4094 877 4148 fert.
913 4092 1153 4163 Corpore
1186 4093 1329 4147 enim
1364 4094 1806 4148 circumamictus
1835 4101 1919 4150 est
1945 4103 2003 4148 ut
2036 4109 2165 4149 one-

580 4202 659 4251 re,
710 4184 852 4255 quod
899 4184 1091 4239 leviter
1129 4184 1367 4253 deponit.
1425 4183 1688 4241 Peccator
1742 4200 1870 4241 vero
1908 4187 2001 4257 qui
2045 4188 2165 4241 ani-

583 4291 726 4331 mam
774 4279 932 4349 carni
996 4276 1235 4331 subdidit
1324 4276 1539 4345 corpori
1604 4278 1828 4332 nimium
1916 4278 2163 4347 aﬂ'ectus,

582 4370 744 4425 etiam
775 4370 920 4424 illam
978 4368 1105 4424 fecit
1136 4384 1378 4436 carnem,
1432 4370 1763 4425 indivulsam
1813 4386 1933 4427 eam
1964 4374 2168 4430 habere

580 4462 695 4515 vult
726 4478 739 4515 :
768 4461 972 4515 idcirco
1012 4459 1210 4514 dicitur
1254 4458 1321 4513 ab
1368 4474 1434 4515 eo
1479 4461 1731 4529 repetita,
1800 4462 1944 4517 sicut
1979 4464 2046 4518 ab
2093 4464 2169 4519 in-

582 4552 873 4608 obedieute
924 4553 1157 4623 quodam
1189 4552 1433 4609 debitore
1458 4554 1550 4625 qui
1595 4556 1827 4611 traditur
1859 4557 2169 4614 crudelibus

2253 2058 2322 2112 τά
2346 2056 2722 2124 ἀσελγέστατα
2754 2053 2903 2125 πάθη
2933 2052 3228 2124 ἐδήλωσεν,
3260 2050 3294 2103 ἃ
3321 2050 3388 2119 τῇ
3429 2046 3723 2116 πλησμονῇ
3752 2042 3858 2093 τῶν

2257 2148 2565 2221 βρωμάτων
2602 2147 2697 2201 καὶ
2750 2145 3015 2216 πομάτων
3067 2143 3399 2214 παρέπεται.
3453 2135 3587 2192 Εἶπε
3623 2138 3679 2189 δὲ
3712 2132 3859 2204 αύτῷ

2255 2246 2284 2297 ό
2310 2241 2443 2305 Θεός
2463 2257 2475 2271 ·
2504 2242 2735 2312 Ἀφρον,
2762 2239 2933 2311 ταύτῃ
2957 2240 3023 2310 τῇ
3047 2238 3205 2291 νυκτὶ
3232 2235 3330 2306 τὴν
3352 2234 3533 2305 ψυχήν
3569 2248 3665 2284 σου
3695 2230 3860 2283 ἀπαι-

2258 2335 2447 2391 τοῦσιν
2476 2335 2586 2390 ἀπὸ
2631 2334 2748 2387 σοῦ.
2782 2335 2894 2404 Οὐχ
2925 2332 3001 2396 ὡς
3031 2332 3124 2386 τοῦ
3160 2330 3297 2384 Θεοῦ
3323 2330 3399 2399 τῷ
3438 2324 3688 2395 πλουσίῳ
3734 2325 3859 2393 ὁμι-

2262 2430 2530 2500 λήσαντος
2588 2428 2809 2497 λέγεται
2843 2428 2905 2480 τὸ
2931 2467 2945 2492 ,
2975 2422 3111 2480 Eine
3167 2424 3224 2478 δὲ
3272 2421 3424 2494 αὑτῷ
3450 2424 3478 2475 6
3509 2419 3671 2486 Θεὸς,
3728 2416 3862 2471 ἀλλά

2258 2522 2502 2577 τοιοῦτόν
2526 2540 2578 2576 τι
2610 2521 2780 2589 λέγει,
2827 2522 2908 2575 ὅτι
2936 2519 3112 2574 ταῦτα
3143 2518 3201 2571 δὲ
3235 2514 3401 2571 αὐτοῦ
3424 2511 3861 2583 ὲνθυμουμένου,

2257 2614 2412 2671 εἶπεν
2456 2616 2484 2669 6
2523 2615 2656 2679 Θεδς
2697 2614 3020 2683 (πλάττεται
3056 2612 3166 2683 γὰρ
3204 2609 3377 2663 ταῦτα
3421 2608 3453 2677 ἡ
3503 2603 3820 2675 παραϐολή)
3847 2618 3859 2632 ³

2256 2708 2486 2780 Ἀφρον.
2524 2708 2776 2778 Ἀφρονα
2813 2707 2911 2778 μὲν
2938 2700 3031 2759 οὖν
3067 2702 3230 2757 αὐτὸν
3258 2699 3540 2771 ὀνομάζει,
3565 2698 3645 2762 ὡς
3685 2697 3866 2765 πάντη

2259 2801 2465 2873 ἀνόητα
2486 2798 2943 2871 βουλευσάμενον,
2962 2795 3106 2850 καθά
3126 2794 3193 2866 δὴ
3219 2791 3611 2861 ἀπεδείξαμεν.
3636 2789 3866 2858 ’Δφρων

2261 2893 2369 2965 γὰρ
2394 2894 2490 2947 καὶ
2524 2893 2753 2963 μάταιος
2778 2894 2883 2953 πᾶς
2904 2887 3172 2953 τοιοῦτος,
3196 2884 3341 2940 καθὰ
3373 2885 3470 2939 καὶ
3498 2881 3669 2936 Δαυῖδ
3692 2880 3865 2949 λέγει’

2261 2989 2457 3057 Μάτην
2486 2988 2593 3051 πᾶς
2628 2985 2920 3056 ἅνθρωπος
2945 3002 2957 3014 ·
2994 2982 3089 3037 καὶ
3119 2983 3153 3052 ἠ
3184 2982 3357 3046 αίτία,
3392 2977 3729 3049 θησαυρίζει
3770 2975 3866 3028 καὶ

2260 3086 2321 3137 οὐ
2352 3082 2614 3153 γινώσκει
2643 3083 2751 3135 τίνι
2791 3080 3013 3147 συνάξει
3042 3078 3186 3134 αὐτά
3205 3094 3218 3105 ·
3245 3077 3363 3140 πῶς
3388 3076 3501 3146 γὰρ
3523 3074 3628 3128 οὐκ
3652 3072 3865 3143 ἄφρων,

2261 3178 2291 3231 6
2329 3177 2404 3248 μὴ
2437 3176 2600 3246 γνοὺς
2627 3176 2709 3231 ὅτι
2741 3174 2888 3244 ζωῆς
2918 3173 3097 3245 μέτρα
3124 3169 3279 3241 παρά
3310 3169 3458 3241 μόνῳ
3487 3166 3569 3238 τῷ
3599 3165 3745 3237 Θεῷ,
3773 3175 3870 3220 και

2188 3286 2230 3344 C
2264 3269 2366 3322 οὐκ
2407 3269 2570 3331 αὑτός
2624 3284 2710 3331 τις
2765 3266 2999 3330 ἕκαστος
3053 3263 3233 3334 ὲαυτῷ
3284 3260 3511 3333 όριστὴς
3546 3260 3650 3327 τῆς
3685 3258 3865 3328 ζωῆς.

2272 3360 2413 3430 Ὅρα
2437 3360 2493 3413 δὲ
2525 3360 2619 3414 καὶ
2650 3358 2748 3431 τὴν
2772 3358 2931 3425 λέξινι
2948 3356 3066 3425 τοῦ,
3098 3353 3477 3410 ’Δπαιτοῦσιν.
3508 3352 3728 3421 Ὠσπερ
3758 3352 3866 3421 γάρ

2268 3467 2411 3514 τινες
2432 3451 2661 3520 ἀπηνεῖς
2691 3448 3001 3520 φορολόγοι,
3036 3447 3263 3519 φοϐεροὶ
3304 3442 3529 3515 ἄγγελοι
3554 3443 3659 3514 τὴν
3692 3442 3869 3513 ψυχήν

2272 3561 2364 3597 σου
2422 3542 2753 3597 ἀπαιτοῦσιν
2799 3543 3048 3605 ἄκοντος,
3085 3534 3174 3594 οἷα
3220 3538 3311 3593 διὰ
3353 3537 3654 3608 φιλοζωΐαν
3718 3537 3868 3589 ἀντι-

2271 3637 2598 3707 ποιουμένου
2650 3635 2760 3688 τῶν
2810 3632 3085 3689 ἐνταῦθα·
3130 3635 3158 3686 6
3191 3631 3293 3702 μὲν
3341 3631 3452 3701 γάρ
3502 3629 3722 3691 δίκαιος
3774 3627 3871 3680 οὐκ

2271 3734 2588 3787 ἀπαιτεῖται
2618 3731 2717 3801 τὴν
2751 3729 2952 3800 ψυχὴν,
2988 3726 3125 3781 ἀλλά
3159 3724 3527 3797 παρατίθεται
3557 3725 3769 3794 ταύτην
3797 3721 3871 3792 τῷ

2270 3824 2392 3896 Θεῷ
2422 3824 2516 3878 καὶ
2546 3823 2723 3893 Πατρὶ
2775 3822 2885 3874 τῶν
2932 3821 3283 3890 πνευμάτων,
3325 3816 3536 3889 χαίρων
3576 3817 3678 3869 καὶ
3706 3814 3871 3883 ἀγαλ-

2272 3919 2521 3989 λόμενος,
2553 3917 2647 3971 καὶ
2677 3915 2799 3969 οὐδὲ
2829 3914 3092 3983 δυσφορεῖ
3123 3912 3250 3984 περ)⁸
3281 3911 3381 3984 τὴν
3415 3910 3709 3966 ἀπόθεσιν·
3747 3908 3868 3962 ἐλαι

2273 4012 2409 4081 φρὸν
2464 4014 2572 4080 γὰρ
2643 4008 2864 4078 φορτίον
2910 4006 2970 4060 τὸ
3021 4004 3183 4076 σῶμα
3230 4005 3582 4075 περίκειταιο
3629 4006 3659 4058 6
3708 4002 3767 4056 δέ
3809 4016 3869 4067 γε

2276 4101 2601 4173 ἁμαρτωλὸς
2638 4099 3080 4171 κατασαρκώσας
3119 4099 3218 4168 τὴν
3248 4098 3451 4169 ψυχὴν,
3488 4099 3587 4153 καὶ
3618 4114 3870 4169 προσσα-

2278 4194 2664 4269 ματοποιώσας
2695 4192 2885 4263 αὐτὴν,
2922 4192 3016 4246 καὶ
3059 4191 3163 4263 γῆν
3200 4192 3456 4263 ποιήσας,
3509 4191 3870 4244 δυσαποσπάο

2278 4308 2417 4353 στως
2451 4288 2623 4359 αὐτὴν
2651 4287 2795 4357 ἔχειν
2848 4285 3257 4358 παρεσκεύασε,
3283 4284 3363 4339 διδ
3393 4285 3490 4337 καὶ
3520 4282 3873 4337 ἀπαιτεῖσθαι

2274 4379 2481 4449 ταύτην
2542 4378 2801 4446 λέγεται,
2877 4375 3070 4446 ὥσπερ
3136 4391 3223 4439 τις
3280 4374 3567 4446 χρεώστης
3642 4370 3874 4440 ἀπειθὴς

2278 4476 2621 4547 πράκτορσιν
2669 4471 2906 4539 ἀπηνέσι
2952 4467 3412 4540 παραδιδόμενος.
3463 4467 3612 4537 Ὅρα
3655 4466 3713 4519 δὲ
3760 4463 3874 4526 πῶς

2278 4570 2379 4621 οὐκ
2406 4562 2560 4620 εἶπεν
2577 4581 2591 4596 ·
2624 4564 2869 4618 Ἀπαιτῶ
2890 4562 2989 4633 τὴν
3012 4561 3195 4633 ψυχήν
3222 4578 3340 4625 σου,
3364 4561 3505 4628 ἀλλ’,
3528 4559 3871 4613 ’Δπαιτοῦσι’

584 4646 947 4703 exactoribus.
983 4644 1114 4701 Vide
1156 4660 1370 4717 quoque
1404 4647 1545 4715 quod
1591 4662 1695 4703 non
1724 4648 1863 4703 dixit
1899 4669 1911 4703 :
1964 4648 2155 4721 Repett

2279 4659 2387 4713 τῶν
2437 4656 2665 4711 δικαίων
2692 4652 2801 4725 γὰρ
2841 4654 2900 4706 αἱ
2925 4654 3099 4723 ψυχαὶ
3133 4655 3191 4706 ἐν
3234 4653 3384 4723 χειρὶ
3412 4651 3575 4705 Θεοῦ,
3640 4651 3735 4721 Τῷ
3765 4650 3873 4704 δντι

586 4738 821 4791 animam
905 4746 1051 4790 tuam
1103 4754 1115 4789 :
1174 4736 1286 4801 sed,
1336 4736 1623 4806 Repetent.
1688 4738 1966 4795 Justorum
2021 4742 2165 4798 enim

586 4830 782 4884 animm
814 4829 867 4883 in
896 4844 1057 4884 manu
1098 4828 1213 4885 Dei.
1257 4828 1321 4881 Et
1349 4829 1593 4899 profecto
1628 4830 1681 4885 in
1738 4844 1895 4891 nocte
1949 4836 2017 4891 ab
2063 4836 2166 4891 hu-

581 4920 819 4992 jusmodi
866 4920 1129 4992 repetitur
1181 4922 1383 4977 anima.
1442 4921 1557 4977 Non
1593 4924 1739 4978 enim
1789 4925 1951 4981 habet
1986 4929 2165 4984 lumen

586 5012 1069 5069 divinacscientize
1109 5013 1210 5068 sibi
1245 5012 1477 5085 fulgens,
1525 5015 1621 5070 sed
1650 5030 1775 5070 cum
1823 5019 1977 5073 estin
2013 5031 2168 5078 nocte

587 5106 898 5178 cupiditatis
959 5105 1295 5174 divitiarum,
1340 5118 1392 5164 et
1449 5108 1517 5164 ab
1580 5108 1669 5164 illa
1744 5111 2165 5183 obtenebratur,

590 5208 763 5254 morte
804 5200 1303 5270 comprehenditur.
1360 5200 1451 5257 Sic
1505 5202 1694 5274 utique
1751 5204 1948 5261 stultus
1968 5216 2046 5261 est
2078 5209 2168 5279 qui

591 5291 693 5347 sibi
726 5292 1073 5359 tbesaurizat,
1114 5301 1168 5348 et
1198 5293 1460 5364 insipiens
1490 5295 1709 5362 dicitur,
1742 5308 1793 5353 et
1824 5314 1927 5353 non
1962 5301 2172 5368 perlicit

2275 4748 2369 4806 οῦν
2392 4752 2450 4805 ἐν
2481 4749 2637 4805 νυκτὶ
2685 4749 3005 4802 ἀπαιτεῖται
3052 4746 3155 4818 τὴν
3205 4745 3389 4817 ψυχὴν
3428 4746 3456 4798 6
3490 4743 3756 4807 τοιοῦτος.
3798 4744 3871 4797 0-3

2276 4840 2386 4911 γάρ
2416 4840 2533 4910 ἔχει
2579 4837 2697 4907 φῶς
2747 4835 2901 4898 θείας
2941 4833 3299 4904 ἐπιγνώσεως
3350 4832 3674 4911 ἑπιλάμπον
3706 4831 3871 4902 αὐτῷ,

2276 4932 2393 4986 ἀλλ’
2425 4932 2485 4983 ὲν
2513 4930 2672 4983 νυκτὶ
2705 4927 2807 4999 τῆς
2854 4925 3244 4997 φιλοπλουτίας
3272 4924 3370 4991 ὢν,
3408 4910 3506 4979 καῖ
3535 4925 3646 4979 ὑπὸ
3674 4924 3870 4995 ταύτης

2278 5022 2688 5092 ὲσκοτισμένος,
2734 5019 2952 5090 θανάτῳ
2982 5017 3473 5089 καταλαμϐάνεται
3496 5034 3512 5049 ·
3562 5016 3742 5081 οὕτως
3769 5018 3871 5087 ἄρα

2278 5119 2308 5171 6
2358 5115 2707 5186 θησαυρίζων
2755 5112 2959 5183 ἑαυτῷ,
3011 5111 3205 5180 ἄφρων
3253 5109 3458 5181 δηλαδὴ
3514 5109 3868 5182 καλούμενος,

2282 5210 2376 5263 καὶ
2415 5210 2490 5279 μὴ
2523 5208 2800 5279 περαίνων
2834 5206 2936 5268 τὰς
2991 5202 3160 5258 αὑτοῦ
3210 5202 3433 5274 βουλὰς,
3487 5202 3609 5256 ἀλλ’
3641 5205 3703 5257 ὲν
3732 5200 3871 5272 αὐτῷ

2280 5302 2359 5372 τῷ
2388 5300 2564 5372 καιρῷ
2605 5301 2702 5370 τῆς
2735 5297 2935 5369 βουλῆς
2967 5297 3374 5367 ἐκτεμνόμενος
3422 5295 3567 5360 ὅλως
3605 5295 3703 5351 τοῦ
3738 5296 3865 5366 βίου.

2276 5396 2337 5449 Εἰ
2368 5394 2424 5449 δέ
2457 5411 2519 5462 γε
2546 5395 2661 5455 τοῖς
2718 5391 2914 5462 πένησι
2954 5390 3050 5445 καὶ
3077 5390 3156 5461 τῷ
3188 5388 3308 5460 Θεῷ
3348 5389 3747 5463 ἐθησαύριζεν,
3778 5388 3869 5443 οὐκ

593 5484 777 5530 mento
814 5490 880 5529 cx
912 5483 1023 5531 tota
1068 5476 1178 5531 vita
1206 5476 1565 5534 abscinditur.
1594 5479 1660 5533 At
1683 5481 1725 5535 si
1759 5483 2088 5553 pauperibus
2123 5498 2151 5538 e

2273 5481 2339 5537 ἂν
2368 5477 2514 5551 εἶχεν
2545 5480 2717 5541 οὕτως
2744 5497 2755 5509 ο
2789 5480 3188 5550 σπουδάσωμεν
3207 5474 3302 5534 οὖν
3323 5480 3404 5543 είς
3425 5479 3565 5535 Θεὸν
3599 5482 3866 5543 πλουτεῖν,

591 5566 703 5624 Deo
748 5578 1145 5638 congregasset,
1194 5584 1300 5624 non
1353 5570 1435 5625 sic
1486 5586 1545 5626 se
1586 5572 1885 5639 habuisset,
1922 5591 2155 5630 curemu:

2271 5579 2573 5639 τουτέστιν,
2603 5575 2689 5628 ἐπ’
2716 5576 2910 5645 ἐκείνῳ
2932 5574 3277 5637 πεποιθέναι,
3308 5575 3407 5626 καὶ
3434 5574 3653 5629 ἐκεῖνον
3680 5575 3866 5647 ἡμέτε-

594 5662 776 5723 igitur,
803 5672 865 5717 ut
903 5662 1095 5717 divites
1127 5663 1316 5718 [lamus
1362 5664 1415 5718 iu
1459 5664 1587 5730 Deo,
1620 5666 1718 5721 hoc
1769 5678 1851 5723 est
1897 5677 1953 5722 ιιι
1989 5670 2039 5722 in
2085 5668 2155 5724 illt

2276 5687 2368 5740 ρον
2398 5669 2545 5739 ἔχειν
2572 5664 2823 5726 πλοῦτον,
2848 5666 2942 5719 καὶ
2970 5664 3064 5719 τοῦ
3094 5664 3326 5717 πλούτου
3359 5666 3631 5735 ταμείαν,
3660 5666 3755 5719 καὶ
3799 5662 3863 5732 μὴ

598 5752 844 5809 ﬁduciam
898 5754 1192 5810 habeamus
1220 5766 1357 5811 etut
1405 5756 1550 5813 illum
1611 5759 1900 5817 habeamus
1963 5762 2155 5815 divitia:

2274 5762 2450 5829 λέγειν
2488 5762 2568 5812 ἔτι
2597 5760 2659 5811 τὰ
2702 5758 2880 5825 ἀγαθά
2919 5774 3039 5827 μου,
3078 5755 3233 5821 ἀλλὰ,
3268 5755 3333 5809 τὰ
3371 5756 3680 5823 ἀγαθέιτοῦ
3721 5752 3860 5810 Θεοῦ

594 5382 974 5452 cogitationem
1022 5398 1197 5447 suam,
1232 5384 1327 5438 sed
1360 5385 1434 5453 in
1466 5385 1583 5454 ipso
1650 5388 1997 5458 cogitationis
2055 5406 2171 5445 mo-

669 5934 711 5962 "
761 5935 900 5990 Paul.
948 5952 1172 6001 \\).\|lt,
1215 5937 1299 5991 i=2.

3363 6487 3408 6494 ‘—
3460 6488 3758 6498 ﬁ‘iﬂr—l‘
3800 6488 3824 6492 ἡ
3875 6487 3906 6494 .-
