4038 6552
232 508 336 569 859

910 522 917 528 '
952 501 1406 565 ENARRATIO
1448 503 1532 563 IN
1573 499 2088 563 EVANGELIUM
2130 499 2369 562 LUC/E.
2413 524 2484 535 —
2524 499 2686 560 CAP.
2722 497 2868 559 XII.

3467 493 3577 558 893

231 624 279 673 εί
310 619 367 672 δὲ
401 618 537 674 Θεοῦ
568 619 709 674 εἰσιν
739 616 946 687 ἀγαθὰ,
981 617 1059 689 μὴ
1107 617 1552 690 ἀποστερώμεθα
1585 617 1678 672 τὸν
1707 615 1842 670 Θεδν

1961 626 2171 673 nostras
2202 617 2281 690 (a)
2319 624 2374 673 et
2426 612 2746 670 divitiarum
2783 610 3251 680 dispensatorem.
3287 604 3399 662 Nec
3421 607 3578 661 dica-

229 712 339 765 τιῦν
371 712 594 782 ἀγαθῶν
619 709 789 768 αὐτοῦ
810 728 825 743 ο
860 710 1020 765 τοῦτο
1058 710 1180 764 ἐστι
1205 710 1267 764 τὸ
1292 711 1372 775 είς
1403 710 1538 764 Θεὺν
1562 711 1839 776 πλουτεῖν,

231 805 291 859 τὸ
321 804 722 859 πιστεύεινὸτι
747 803 843 857 ἐὰν
872 804 1055 857 πάντα
1091 801 1251 857 δώσω
1285 803 1378 856 καὶ
1410 801 1658 869 κενώσω,
1685 799 1843 854 οὐδέν

233 917 325 969 μοι
376 899 489 953 τῶν
538 899 858 967 ἀναγκαίων
925 895 1236 966 ἐπιλείψει⁹
1300 898 1527 965 ταμεῖον
1559 895 1688 967 γάρ
1750 912 1841 967 μοι

228 991 340 1044 τῶν
392 990 617 1059 ἀγαθῶν
661 994 810 1046 ἐστιν
857 990 886 1044 6
933 988 1098 1054 Θεός’
1149 988 1354 1058 ἀνοίγω
1429 988 1526 1042 καὶ
1581 990 1724 1060 αἴρω
1771 988 1842 1042 τὰ

227 1083 491 1156 χρειώδη.

305 1302 325 1334 ι
375 1279 509 1336 Eine
539 1284 595 1338 δὲ
629 1282 770 1356 πρὸς
821 1284 948 1346 τοὺς
982 1282 1236 1355 μαθητὰς
1289 1280 1458 1336 αὑτοῦ
1482 1297 1496 1312 ·
1550 1279 1651 1334 Διὰ
1682 1277 1843 1333 τοῦτο

224 1377 358 1444 ὑμῖν
391 1375 557 1442 λέγω,
600 1378 676 1446 μὴ
716 1379 1021 1448 μεριμνᾶτε
1057 1379 1124 1447 τῇ
1156 1374 1303 1445 ψυχῇ
1336 1374 1390 1426 τί
1422 1373 1660 1443 φάγητε,
1705 1369 1842 1441 μηδὲ

222 1471 305 1541 τῷ
339 1472 556 1541 σώματι
585 1470 740 1541 ὑμῶν
771 1471 826 1524 τί
853 1468 1174 1539 ἐνδύσησθε.
1218 1469 1283 1521 Ἠ
1315 1468 1425 1538 γὰρ
1460 1464 1610 1536 ψυχὴ
1635 1465 1842 1518 πλείων

225 1562 350 1614 ἐστὶ
385 1562 482 1630 τῆς
514 1562 745 1633 τροφῆς,
795 1566 888 1615 καὶ
926 1563 990 1614 τὸ
1026 1562 1188 1632 σῶμα
1225 1559 1319 1613 τοῦ
1358 1558 1661 1630 ἐνδύματος
1686 1573 1700 1588 °
1739 1574 1842 1612 xa-

222 1655 533 1726 τανοὴσατε
585 1655 712 1716 τοὺς
764 1655 1008 1725 κόρακας
1065 1654 1151 1706 ὃτι
1187 1652 1250 1706 οὐ
1307 1651 1652 1719 σπείρουσιν,
1715 1649 1840 1701 οὐδὲ

223 1745 562 1815 θερίζουσιν,
601 1740 682 1810 οἷς
714 1745 816 1800 οὐκ
851 1745 968 1800 ἔστι
998 1747 1246 1816 ταμεῖον,
1281 1743 1403 1797 οὐδὲ
1430 1742 1708 1813 ἀποθήκη,
1745 1741 1840 1794 καὶ

219 1842 249 1892 ὁ
281 1840 418 1904 θεὸς
444 1841 641 1910 τρέφει
668 1839 893 1904 αὐτούς.
922 1839 1080 1910 Πόσῳ
1120 1838 1325 1910 μᾶλλον
1355 1839 1518 1908 ὑμεῖς
1541 1835 1837 1906 διαφέρετε

218 1933 338 1986 τῶν
393 1933 696 2000 πετεινῶν;
746 1931 842 1996 Τίς
873 1933 931 1987 δὲ
971 1934 1028 2000 ἐξ
1064 1933 1221 2002 ὑμῶν
1269 1932 1554 2004 μεριμνῶν
1609 1931 1837 1985 δύναται

225 2025 558 2095 προσθεῖναι
590 2027 684 2079 ἐπὶ
733 2026 834 2096 τὴν
890 2025 1117 2097 ἡλικίαν
1156 2025 1324 2080 αὑτοῦ
1375 2028 1557 2096 πῆχυν
1606 2025 1740 2090 ἶνας
1776 2024 1840 2077 Εἰ

219 2120 320 2172 οὖν
369 2118 496 2172 οὔτε
543 2119 829 2190 ἐλάχιστον
879 2120 1136 2187 δύνασθε,
1188 2121 1242 2175 τί
1288 2123 1419 2192 περὶ
1468 2119 1581 2174 τῶν
1635 2118 1845 2173 λοιπῶν

226 2215 579 2284 μεριμνᾶτες
618 2234 637 2267 ›
676 2215 836 2268 Κατά
893 2215 1092 2287 μικρὸν
1129 2215 1226 2268 ἐπὶ
1265 2215 1335 2269 τὰ
1365 2213 1675 2285 τελεώτερα
1711 2227 1846 2283 προ-

223 2311 358 2376 άγει
396 2307 496 2378 τὴν
524 2307 881 2362 διδασκαλίαν
905 2311 933 2362 6
964 2308 1196 2380 Κύριος.
1233 2308 1378 2379 Ὀρα
1405 2307 1515 2378 γὰρ
1544 2307 1643 2376 τὴν
1665 2304 1842 2370 τάξιν.

236 2402 478 2469 ’.ἐδίδαξε
515 2402 889 2471 φυλάσσεσθαι
918 2401 1026 2456 ἀπὸ
1043 2403 1143 2473 τῆς
1177 2401 1520 2468 πλεονεξίας,
1545 2400 1642 2454 καὶ
1666 2417 1841 2471 προσ-

224 2495 401 2566 έῗληκε
431 2495 752 2566 παραϐολὴν
773 2536 788 2561 ,
824 2493 926 2566 τὴν
953 2495 1085 2566 περὶ
1135 2494 1232 2548 τοῦ
1269 2495 1555 2560 πλουσίου,
1589 2493 1680 2547 διὰ
1707 2493 1847 2548 ταύ-

221 2606 332 2656 της
372 2589 615 2653 δεικνὺς,
647 2590 730 2642 ὅτι
779 2589 974 2660 ἄφρων
1006 2591 1034 2643 6
1066 2587 1160 2642 τοῦ
1193 2588 1441 2652 πλείονος
1485 2587 1843 2658 ὀρεγόμενος.

223 2675 372 2733 [litat
405 2680 735 2751 προκόπτων
757 2679 1021 2751 τῷλόγῳ,
1051 2679 1173 2732 οὐδὲ
1212 2679 1346 2750 περὶ
1381 2678 1492 2732 τῶν
1523 2677 1843 2748 ἀναγκαίων

223 2767 382 2834 ἡμᾶς
435 2770 715 2840 μεριμνᾷν
748 2769 832 2840 ἐᾷ.
873 2769 1088 2839 Ὠσπερ
1121 2768 1216 2822 οὖν
1247 2769 1276 2822 6
1309 2769 1558 2832 διάϐολος
1582 2768 1692 2823 άπὸ
1735 2769 1846 2822 τῶν

224 2860 454 2930 μικρῶν
505 2863 811 2934 ἀρχόμενος
864 2863 1225 2936 περιπίπτειν
1264 2864 1417 2934 ἡμᾶς
1459 2866 1578 2928 τοῖς
1613 2863 1847 2936 μείζωσι

226 2957 380 3007 ποιεῖ
440 2954 546 3022 (διδ
596 2956 690 3009 καὶ
744 2956 1154 3028 μυρμηκολέων
1201 2956 1523 3029 ὠνόμασται
1567 2957 1720 3030 παρὰ
1769 2957 1848 3030 τῷ

239 3046 419 3113 Ἰὼΰ),
447 3046 625 3112 οὕτως
651 3050 714 3103 ὲκ
752 3049 848 3103 τοῦ
883 3049 1134 3104 ἐναντίου
1166 3054 1194 3106 ὁ
1225 3051 1432 3124 Κύριος
1464 3051 1719 3106 ἀναλύων
1747 3054 1849 3107 αὐ·

193 3140 327 3203 ,τοῦ
375 3140 446 3194 τὰ
517 3141 689 3212 ἔργα,
749 3145 1019 3216 πρότερον
1072 3145 1140 3200 τὰ
1193 3147 1410 3218 μεγάλα
1467 3149 1848 3220 ἁμαρτήματα

223 3232 454 3303 φεύγει,
509 3230 629 3288 εἶτα
665 3238 761 3290 καὶ
809 3237 912 3298 τὰς
966 3239 1145 3312 ἀρχὰς
1193 3242 1406 3296 τούτων
1461 3243 1841 3299 ὑποδείκνυσι.

1954 727 2096 781 mus,
2132 711 2276 768 bona
2311 708 2660 776 nostra,sed,
2686 707 2827 762 bona
2856 702 2950 758 Dei
2979 722 2991 758 :
3023 703 3070 758 si
3104 709 3288 757 autem
3320 699 3414 755 Dei
3444 710 3576 754 sunt

1948 803 2115 869 bona,
2164 819 2231 858 nc
2261 803 2542 874 privemus
2576 799 2744 854 Deum
2771 795 2932 851 bonis
2978 795 3117 850 suis.
3156 791 3273 855 Hoc
3301 801 3387 846 est
3409 789 3572 846 ditari

1951 895 2003 951 in
2067 895 2202 962 Deo,
2257 897 2484 950 credere
2518 893 2661 963 quod
2695 891 2862 964 372
2917 887 2964 944 si
3034 887 3222 968 omnia
3268 884 3471 940 dedero
3518 892 3576 938 et

1947 1004 2311 1053 evacuavero,
2339 988 2475 1043 nihil
2495 1004 2688 1042 eorum
2722 985 2926 1055 quibus
2955 981 3088 1036 milii
3121 995 3255 1050 opus
3284 977 3447 1032 fuerit
3480 982 3576 1032 dc-

1949 1082 2097 1138 ﬁeir-t
2129 1083 2222 1154 (ὑ).
2255 1080 2705 1150 Prorupttiarium
2741 1078 2889 1132 enim
2923 1075 3196 1131 bonorum
3242 1067 3385 1127 Deus
3432 1079 3519 1127 est
3553 1087 3569 1125 :

1949 1173 2191 1244 aperiam
2218 1182 2272 1228 et
2310 1172 2494 1228 tollam
2525 1170 2864 1226 necessaria.

2023 1297 2193 1351 Vens.
2235 1289 2429 1347 22-26.
2474 1307 2493 1342 ι
2535 1289 2792 1357 Dixitque
2826 1286 2893 1341 ad
2922 1283 3224 1354 discipulos
3253 1297 3380 1338 suos
3408 1301 3421 1336 :
3449 1280 3576 1337 ltleo

1947 1390 2071 1446 dico
2106 1387 2260 1442 vobis
2295 1404 2308 1440 :
2340 1381 2520 1438 Nolite
2558 1379 2783 1436 solliciti
2816 1394 2941 1435 esse
2989 1378 3186 1431 aniiute
3204 1375 3332 1445 quid
3375 1375 3573 1444 edatis,

1950 1496 2130 1552 neque
2195 1477 2413 1548 corpori
2486 1485 2678 1530 vestro
2747 1473 2877 1543 quid
2976 1471 3320 1535 induamini;
3391 1468 3576 1523 anima

1947 1573 2095 1629 enim
2130 1572 2250 1644 plus
2301 1581 2386 1625 est
2418 1566 2590 1639 quam
2629 1582 2782 1630 esca,
2809 1575 2865 1620 et
2904 1580 3106 1632 corpus
3134 1562 3254 1632 plus
3289 1576 3453 1632 quam
3487 1560 3576 1615 in-

1950 1668 2295 1722 dumentum.
2333 1662 2698 1719 Considerate
2734 1672 2931 1714 corvos
2955 1657 3082 1726 quia
3123 1673 3228 1711 non
3277 1657 3572 1719 seminaut,

1951 1775 2130 1829 neque
2191 1766 2425 1823 metunt,
2477 1757 2678 1826 quibus
2728 1768 2840 1808 non
2888 1761 2970 1807 est
3013 1752 3342 1822 penuarium
3398 1763 3578 1818 neque

1949 1855 2230 1919 horreum,
2281 1863 2338 1907 et
2383 1850 2531 1905 Deus
2568 1850 2742 1918 pascit
2803 1846 2950 1902 illos.
2997 1843 3217 1910 Quanto
3272 1842 3447 1912 magis
3479 1855 3578 1897 vos

1949 1946 2220 2017 praestatis
2261 1945 2576 2003 volucribus
2601 1943 2624 1996 ?
2655 1941 2790 2008 Quis
2817 1948 3001 1994 autem
3028 1945 3275 1993 vestrum
3297 1934 3573 1990 sollicitu-

1953 2041 2080 2095 dine
2131 2053 2229 2094 sua
2261 2045 2439 2107 potest
2471 2035 2714 2106 adjicere
2749 2033 2816 2087 ad
2841 2042 3109 2087 staturam
3139 2044 3297 2085 snam
3331 2030 3578 2082 cubitum

1953 2131 2173 2187 unum?
2220 2130 2276 2186 Si
2326 2145 2456 2200 ergo
2505 2144 2573 2183 ne
2603 2127 2655 2182 id
2705 2126 2954 2197 quidem,
2985 2122 3130 2193 quod
3165 2121 3452 2176 minimum
3472 2132 3578 2187 est,

1953 2225 2204 2296 potestis.
2232 2224 2361 2294 quid
2404 2223 2471 2278 de
2509 2223 2729 2276 caeteris
2766 2218 2986 2275 solliciti
3045 2216 3206 2272 estis?
3249 2235 3268 2268 ι
3298 2213 3578 2269 Paulatim

1953 2319 2008 2374 in
2065 2316 2390 2374 sublimiora
2445 2314 2704 2370 subducit
2749 2311 3062 2368 doctrinam
3122 2309 3408 2364 Dominus.
3443 2307 3583 2364 Vide

1952 2412 2102 2468 enim
2153 2409 2428 2465 ordinem.
2489 2407 2684 2462 Docuit
2708 2420 2904 2461 cavere
2937 2406 3006 2460 ab
3033 2404 3288 2471 avaritia,
3332 2412 3384 2460 et
3416 2416 3586 2473 appo-

1952 2505 2061 2560 suit
2092 2503 2410 2576 parabolam
2449 2502 2597 2558 illam
2640 2501 2706 2557 de
2731 2501 2922 2565 divite,
2953 2516 3054 2571 per
3085 2499 3230 2564 illam
3267 2508 3585 2555 monstrant

1954 2600 2098 2669 quod
2147 2599 2413 2669 insipiens
2457 2600 2528 2653 sit
2557 2597 2648 2665 qui
2688 2596 2842 2666 plura
2869 2596 3171 2652 desiderat.
3210 2593 3418 2648 Deimle
3453 2606 3584 2662 pro-

1955 2691 2145 2745 tieiens
2176 2704 2455 2755 sermone,
2505 2701 2684 2756 neque
2726 2688 2792 2741 de
2824 2683 3158 2740 necessariis
3186 2682 3456 2738 sollicitos
3485 2695 3585 2736 nos

1952 2798 2073 2838 esse
2121 2783 2272 2838 sinit.
2307 2780 2782 2850 Quemadmodum
2843 2778 3013 2849 igitur
3048 2777 3305 2833 diabolus
3338 2793 3367 2831 a
3401 2775 3587 2842 parvis

1953 2874 2171 2944 incipit,
2225 2882 2282 2928 ut
2341 2888 2440 2927 nos
2479 2873 2530 2926 in
2570 2873 2824 2943 graviora
2876 2870 3018 2926 mala
3106 2868 3269 2926 faciat
3321 2867 3584 2932 incidere,

1953 2970 2308 3039 quamobrem
2371 2976 2427 3024 et
2473 2966 2869 3038 niyrmicoleon
2921 2980 2953 3019 ε
3003 2963 3104 3020 Job
3155 2964 3468 3020 nominatur
3489 2962 3581 3017 “z

1953 3064 2028 3119 ita
2061 3078 2092 3118 e
2116 3061 2335 3117 diverso
2371 3060 2642 3116 Dominus
2701 3060 2928 3116 resolvit
2949 3058 3068 3128 ejus
3096 3073 3288 3130 opera.
3336 3057 3587 3113 Primum

1952 3159 2100 3213 enim
2153 3170 2348 3227 magna
2397 3166 2623 3226 peccata
2685 3155 2859 3224 fugat,
2894 3153 3096 3210 deinde
3123 3151 3290 3208 etiam
3316 3150 3587 3222 principia

1954 3265 2144 3305 eorum
2193 3248 2458 3305 ostendit.
2491 3247 2628 3303 Cum
2666 3248 2835 3320 igitur
2877 3248 3181 3302 iudicasset
3213 3255 3271 3299 ut
3309 3244 3378 3300 ab
3406 3243 3589 3300 avaric

228 3331 279 3382 Τ
289 3331 354 3400 ὴν
378 3327 474 3383 οὖν
508 3331 825 3401 πλεονεξίαν
877 3333 1169 3399 ὑποδείξας
1217 3338 1355 3406 ἡμῖν
1415 3336 1842 3406 φυλάττεσθαι,

1961 3343 2034 3397 tia
2096 3357 2446 3408 caveremus,
2497 3341 2646 3396 venit
2698 3349 2752 3396 et
2791 3339 2858 3394 ad
2888 3340 3064 3411 ipsam
3112 3337 3382 3404 radicem,
3413 3345 3473 3392 ut
3530 3343 3591 3392 ει

224 3423 458 3494 ἔρχεται
507 3426 601 3478 καὶ
634 3425 730 3479 ἐπὶ
775 3425 878 3496 τὴν
929 3425 1089 3498 ῥίζαν
1137 3428 1371 3501 ταύτης,
1433 3431 1524 3485 ἵνα
1561 3432 1659 3486 καὶ
1714 3433 1852 3488 ταύ-

222 3534 335 3585 την
387 3516 676 3591 ὑποτὲμῃ,
730 3519 878 3589 φημί⁸
924 3518 990 3592 δὴ
1059 3521 1161 3594 τὴν
1198 3523 1498 3595 μέριμναν,
1533 3526 1630 3579 καί
1685 3543 1852 3598 φησι⁹

227 3611 339 3664 Διά
373 3609 533 3664 τοῦτο
559 3610 704 3680 λέγω
756 3612 910 3683 ύμῖν,
943 3613 1154 3684 ἐπειδὴ,
1189 3615 1382 3686 φησὶν,
1418 3617 1611 3688 ἄφρων
1649 3618 1801 3672 ἐστὶν
1828 3621 1857 3672 6

231 3705 471 3758 πλείονα
500 3703 645 3774 ζωῆς
679 3705 857 3777 μέτρα
897 3706 1079 3776 ἑαυτῷ
1113 3708 1461 3779 διαγράφων,
1500 3711 1597 3762 καὶ
1620 3709 1852 3765 ἀπατώ-

233 3813 408 3868 μενος
452 3796 550 3848 τοῦ
601 3796 848 3860 πλείονος
903 3798 1156 3852 ἐντεῦθεν
1206 3798 1525 3871 ὀρέγεσθαι,
1573 3795 1685 3864 οἷος
1735 3796 1858 3874 ἦνό

229 3885 525 3950 πλούσιος,
554 3886 642 3940 διὰ
680 3885 839 3939 τοῦτο
885 3885 1031 3956 λέγω
1065 3887 1218 3957 ὑμῖν,
1267 3888 1342 3959 μὴ
1387 3887 1762 3960 μεριμνήσετε
1789 3893 1857 3963 τῇ

228 3982 392 4052 ψυχῇ
440 3980 599 4050 ὑμῶν
625 3980 677 4032 τί
713 3981 955 4050 φάγητε,
1014 3981 1114 4050 οὐχ
1156 3981 1233 4046 ὡς
1285 3983 1384 4052 τῆς
1431 3984 1629 4054 νοερᾶς
1676 3983 1860 4054 ψυχῆς

233 4076 561 4147 ἑσθιούσης,
614 4076 733 4130 ἀλλ’
780 4077 905 4130 ἐπεὶ
956 4076 1345 4150 δοκεῖήψυχὴ
1391 4077 1468 4150 μὴ
1529 4079 1708 4143 ἄλλως
1763 4080 1856 4132 ἀν-

229 4169 473 4242 έχεσθαι
504 4169 583 4240 τῷ
627 4171 845 4241 σώματι
899 4170 1270 4238 συνδεδέσθαι,
1299 4173 1348 4224 εί
1382 4171 1456 4242 μὴ
1503 4171 1863 4242 τρεφομένων

233 4267 429 4340 ἡμῶν·
449 4267 537 4321 διὰ
550 4267 708 4321 τοῦτο
723 4267 898 4332 οὕτως
920 4263 1097 4322 εἶπεν.
1122 4267 1332 4332 ’Ἄλλως
1349 4284 1430 4321 τε’
1453 4270 1515 4322 τὸ
1551 4269 1653 4339 μὲν
1693 4269 1861 4342 σῶμα

236 4361 346 4416 καὶ
380 4360 576 4430 νεκρὸν
623 4359 896 4425 ἐνδύεται,
925 4361 988 4415 οὐ
1020 4360 1286 4432 τρέφεται
1311 4360 1393 4414 δέ.
1443 4361 1601 4416 Ἐπεὶ
1646 4361 1742 4416 οὖν
1765 4362 1862 4417 τοῦ

238 4453 503 4525 ἐμψύχου
536 4452 596 4507 τὸ
625 4453 947 4524 τρέφεσθαι,
987 4455 1220 4519 εἰκότως
1257 4453 1493 4525 ἀνέθηκε
1524 4458 1591 4527 τῇ
1631 4454 1780 4527 ψυχῇ
1803 4455 1866 4510 τὸ

238 4545 574 4616 τρέφεσθαι.
616 4546 687 4598 Ἢ
720 4545 845 4616 οὐχι
899 4545 996 4600 καὶ
1029 4549 1062 4616 ἡ
1110 4546 1386 4619 θρεπτικὴ
1438 4547 1672 4618 δύναμις
1713 4547 1864 4618 ψυχὴ

241 4640 512 4709 ).ἐγεται;
554 4641 650 4710 Μὴ
712 4639 1098 4710 μεριμνήσητε
1133 4635 1228 4694 οὖν
1260 4640 1340 4710 τῷ
1375 4640 1662 4712 θρεπτικῷ
1703 4639 1865 4714 μέρει

1964 3437 2141 3508 ipsam
2204 3443 2472 3506 amputet,
2539 3433 2974 3490 sollicitudinem
3024 3435 3272 3504 inquam,
3310 3441 3365 3487 ει
3416 3430 3589 3488 dicit:

1960 3528 2196 3600 Propter
2238 3529 2343 3584 hoc
2370 3527 2496 3585 dico
2532 3529 2716 3593 vobis,
2751 3527 3013 3598 quoniam
3044 3526 3313 3595 insipiens
3349 3533 3456 3591 est,
3483 3524 3578 3596 qui

1961 3622 2115 3694 plura
2136 3637 2299 3692 quam
2339 3621 2464 3675 vitm
2523 3620 2828 3675 necessitas
2859 3622 3067 3689 exigat,
3106 3617 3362 3688 inquirit,
3389 3617 3591 3688 etplus

1947 3697 2019 3771 ‘iu
2057 3716 2160 3770 bac
2198 3715 2309 3769 vita
2344 3713 2575 3785 appetit,
2602 3714 2783 3784 qualis
2815 3712 3154 3778 eratdives;
3217 3711 3425 3766 idcirco
3465 3709 3591 3766 dico

1964 3807 2142 3873 vobis,
2172 3822 2240 3861 ne
2265 3805 2482 3861 solliciti
2518 3805 2640 3860 sitis
2662 3805 2860 3859 anima:
2873 3816 3072 3858 vesuae
3095 3801 3222 3873 quid
3248 3801 3586 3858 comedetis:

1968 3915 2075 3956 non
2107 3900 2252 3970 quod
2315 3898 2587 3955 inentales
2614 3896 2816 3952 animus
2851 3898 3170 3962 eomedant,
3208 3895 3302 3950 sed
3329 3894 3458 3964 quia
3495 3907 3592 3964 ap-

1966 4003 2122 4064 paret
2163 3995 2406 4047 animam
2456 4008 2564 4048 non
2618 3990 2841 4046 aliunde
2894 3991 3114 4058 corpori
3159 3986 3431 4057 colligari,
3486 3986 3590 4042 nisi

1967 4102 2070 4143 nos
2125 4086 2364 4141 alamur.
2429 4085 2728 4155 Propterea
2750 4085 2830 4139 sic
2855 4083 3010 4139 dicit.
3038 4081 3104 4137 Et
3162 4081 3346 4146 aliter,
3390 4093 3592 4150 corpus

1967 4182 2187 4251 quidem
2256 4190 2535 4234 mortuum
2613 4179 2879 4244 induitur,
2925 4193 3034 4232 non
3085 4176 3331 4246 pascitur
3381 4183 3588 4228 autem.

1969 4274 2208 4330 Proinde
2237 4275 2361 4344 quia
2386 4273 2757 4328 animatoruin
2799 4282 2883 4327 est
2913 4271 3085 4342 pasci,
3138 4270 3338 4324 merito
3384 4267 3596 4322 addidit

1969 4369 2168 4425 anima:
2203 4367 2372 4438 pasci.
2422 4367 2619 4421 Annon
2647 4375 2702 4424 et
2739 4365 2997 4421 nutritiva
3032 4365 3114 4418 vis
3141 4362 3324 4417 anima
3344 4359 3594 4416 dicitur?

1969 4458 2139 4532 lgitur
2172 4473 2240 4514 ne
2271 4458 2492 4514 solliciti
2527 4457 2652 4513 sitis
2693 4457 3015 4526 vegetativa:
3057 4455 3200 4526 parti
3259 4453 3457 4508 animae
3485 4467 3593 4508 non

1971 4552 2282 4620 rationalis,
2333 4551 2465 4621 quid
2517 4551 2846 4616 comedatis,
2900 4564 3080 4619 neque
3125 4547 3342 4619 corpori
3369 4560 3478 4618 quo
3513 4547 3598 4600 in-

1973 4646 2245 4701 duamini.
2300 4644 2510 4700 Deinde
2564 4643 2726 4699 aﬁ‘ert
2753 4643 3023 4699 rationem
3058 4659 3072 4695 :
3108 4640 3250 4696 Nam
3281 4639 3375 4711 qui
3419 4637 3597 4708 majus

239 4741 352 4810 τῆς
386 4737 585 4808 ἀλόγου
635 4736 841 4808 ψυχῆς,
881 4737 933 4791 τί
970 4737 1210 4809 φάγητε,
1257 4738 1396 4810 μηδὲ
1424 4738 1502 4809 τῷ
1532 4736 1773 4809 σώματι,
1811 4748 1852 4792 τι

1971 4737 2144 4801 dedit,
2201 4750 2396 4808 nempe
2434 4735 2700 4802 animam,
2756 4749 2938 4791 nonne
2973 4742 3029 4788 et
3063 4732 3248 4789 cibum
3274 4731 3466 4794 dabit?
3493 4731 3595 4797 Qui

243 4829 579 4900 ἐνδύσησθε.
614 4827 749 4883 Εἶτα
771 4829 1026 4900 ἐπιφέρει
1052 4830 1320 4900 λογισμόν
1345 4849 1359 4863 ·
1388 4833 1416 4885 6
1447 4833 1559 4904 γάρ
1581 4833 1644 4886 τὸ
1678 4832 1868 4904 μεῖζον

247 4924 404 4987 δοὺς,
455 4921 556 4993 τὴν
596 4921 802 4993 ψυχὴν,
833 4921 894 4975 ού
923 4919 1086 4975 δώσει
1138 4922 1236 4976 καὶ
1278 4923 1382 4993 τὴν
1431 4924 1680 4994 τροφὴν;
1715 4922 1775 4976 '0
1807 4925 1868 4978 τὸ

250 5018 423 5085 σῶμα
471 5015 618 5079 δοὺς,
670 5015 794 5085 οὐχὶ
847 5015 944 5068 καὶ
983 5014 1045 5068 τὸ
1074 5014 1283 5086 ἔνδυμα
1317 5016 1520 5081 δώσει;
1573 5013 1709 5072 Εἶτα
1759 5018 1869 5072 ἀπὸ

248 5109 717 5180 παραδείγματος
752 5107 862 5161 τῶν
912 5109 1190 5179 κοράκων,
1225 5109 1302 5173 ὡς
1327 5111 1393 5163 ἂν
1417 5109 1658 5183 ἐνθρέψῃ
1691 5111 1866 5182 ἡμᾶς,

245 5205 322 5259 τὰ
358 5202 587 5257 πετεινά
612 5205 694 5266 είς
727 5202 893 5274 μέσον
923 5201 1069 5270 ἄγει.
1114 5202 1378 5258 Ἠδύνατο
1407 5204 1510 5273 μὲν
1531 5205 1641 5276 γὰρ
1677 5206 1867 5274 ἁγίους

249 5297 551 5370 προφήτας
578 5297 953 5369 παραγαγεῖν,
975 5292 1088 5351 οἷον
1117 5295 1211 5351 τὸν
1247 5297 1436 5351 Ἠλίαν
1459 5299 1556 5352 καὶ
1579 5299 1672 5354 τὸν
1698 5301 1868 5354 Munii-

253 5396 384 5462 σῆν,
434 5389 573 5443 ἀλλὰ
614 5389 754 5460 πρὸς
802 5389 976 5444 πλείω
1019 5389 1300 5446 δυσωπίαν
1325 5391 1396 5445 τὰ
1425 5397 1646 5449 πετεινά
1685 5391 1864 5464 φέρει.

251 5483 398 5540 Εἶτα
429 5483 524 5537 καὶ
557 5483 748 5555 ἕτερον
769 5484 1034 5554 λογισμὸν
1066 5487 1344 5557 ἐπιφέρει.
1382 5487 1519 5539 Εἰπέ
1555 5506 1669 5558 μοι,
1693 5487 1746 5540 τί
1774 5505 1873 5558 με·

258 5576 476 5650 ριμνῶν
509 5577 848 5648 κερδαίνεις;
897 5578 1208 5649 Προστίθης
1239 5583 1305 5651 τῇ
1346 5581 1535 5654 ἡλικία
1563 5600 1657 5635 σου
1688 5583 1793 5637 κᾶν
1816 5582 1878 5636 τὺ

255 5671 587 5734 ἑλάγιστονς
627 5668 785 5736 Οὐχὶ,
826 5668 1028 5737 μᾶλλον
1068 5671 1168 5740 μὲν
1193 5671 1285 5724 οὖν
1316 5671 1572 5745 ὑφαιρεῖς
1603 5674 1713 5727 τῶν
1741 5691 1875 5746 σαρι-

331 5832 379 5863 an;
407 5826 512 5883 λοι)
550 5844 622 5892 ιγ,
649 5828 809 5894 juxta
845 5828 1008 5884 LXX.

336 5955 413 6019 (rt)
450 5953 547 6004 ΙὶεΙ.
588 5950 710 6006 Lttl.
744 5953 1051 6006 diniiiurttm
1085 5957 1294 6008 ri'llum.

336 6026 411 6086 tit}
446 6025 583 6080 Ibid.
625 6023 968 6079 ("t'at'ttat't'ro
1001 6042 1078 6079 mi'
1121 6037 1307 6095 totum,

1974 4830 2123 4886 dedit
2154 4843 2376 4898 corpus,
2412 4843 2600 4883 nonne
2633 4837 2688 4882 et
2726 4826 3108 4882 indumentum
3169 4824 3372 4881 dabit?
3400 4824 3597 4879 Postea

1972 4921 2138 4977 etiam
2188 4921 2256 4976 ab
2278 4919 2530 4990 exemplo
2558 4934 2849 4975 corvorum
2885 4919 3081 4990 probat
3101 4917 3244 4988 quod
3276 4932 3377 4973 nos
3410 4918 3593 4972 nutri-

1973 5028 2051 5078 et.
2086 5016 2332 5072 volatilia
2360 5015 2414 5070 in
2440 5015 2680 5072 medium
2712 5014 2974 5072 aﬂerens.
3007 5013 3438 5069 Potuerateuim
3471 5027 3599 5069 san-

1973 5121 2094 5164 ctos
2137 5107 2506 5180 proplietasin
2546 5107 2786 5162 medium
2828 5105 3047 5172 alTerre,
3077 5114 3264 5175 utpote
3291 5103 3465 5158 Eliam
3512 5101 3599 5158 vel

1975 5201 2189 5268 Mosen,
2252 5201 2348 5257 sed
2375 5203 2443 5257 ad
2502 5201 2768 5272 majorem
2824 5201 3086 5271 pudoretn
3129 5197 3368 5253 volatilia
3418 5195 3599 5250 aﬂert.

1973 5300 2182 5356 Deinde
2229 5309 2283 5354 et
2305 5298 2464 5354 aliam
2492 5299 2760 5352 rationem
2794 5297 3038 5352 adducit.
3074 5294 3198 5359 Die,
3233 5307 3439 5362 quaeso,
3472 5292 3602 5361 quid

1975 5394 2349 5453 sollicitudine
2399 5392 2678 5463 proﬁcis?
2744 5390 2940 5462 adjicis
2991 5398 3216 5444 staturae
3242 5395 3346 5442 tute
3383 5387 3466 5440 vel
3503 5387 3604 5440 tui-

1981 5491 2190 5544 nimum
2233 5488 2410 5559 quid?
2447 5485 2592 5552 Non,
2654 5488 2766 5541 imo
2811 5483 2999 5544 aufers
3047 5483 3232 5554 potius
3261 5479 3544 5550 quidpiam
3573 5493 3605 5534 ε

1979 5580 2316 5638 carnalibus.
2353 5576 2684 5635 Sollicitudo
2715 5576 2863 5632 enim
2891 5571 3174 5629 tabefacit.
3210 5570 3266 5626 Si
3301 5571 3468 5639 igitur
3505 5569 3605 5621 ad-

1977 5675 2151 5746 jicere
2185 5689 2290 5729 non
2317 5682 2474 5743 potes
2496 5669 2726 5744 idzquod
2761 5668 3072 5732 minimum,
3101 5664 3234 5737 quid
3277 5663 3342 5720 de
3377 5650 3607 5732 reliquis

1393 6046 1415 6082 ι’
1458 6029 1657 6098 uin/uid
1703 6045 1875 6083 mum
1925 6020 2632 6090 uaresnrittmmirantum
2662 6029 2758 6071 est.
