4038 6474
527 379 629 449 891

1454 382 2034 445 ΤΗΕΟΡΗΥῙΑΕΤΙ
2066 382 2481 447 BULGARLE
2514 386 2882 450 ARCHIEP.

3695 384 3800 449 8.12

522 494 786 551 sollicitus
813 508 874 550 es
901 495 924 549 l
957 493 1308 563 Perspicuum
1334 497 1507 561 enim,
1532 497 1673 568 quod
1704 496 1848 551 sicut
1872 496 2117 557 Deus.iu-

2226 500 2357 555 κῶν·
2379 500 2625 569 τηκεδὼν
2651 500 2762 571 γάρ
2787 500 2821 570 ἡ
2842 498 3109 570 μέριμνα.
3139 497 3201 553 El
3227 496 3411 552 τοίνυν
3431 497 3492 551 τδ
3520 492 3803 565 ιλάχιστον

524 595 859 643 crementum
883 586 994 653 dat,
1017 586 1088 642 ita
1119 597 1172 643 et
1190 588 1294 641 alia
1320 587 1490 643 dabit.

598 843 765 901 Vsus.
807 846 1000 903 27-51.
1046 866 1066 900 ι
1116 846 1473 904 Considerate
1500 848 1663 921 373
1695 848 1807 904 lilia
1844 850 2114 919 quomodo

532 946 783 994 crescunt
817 958 831 993 :
862 954 968 993 non
1017 940 1286 1002 laborant,
1316 953 1491 1009 neque
1538 950 1688 995 nent.
1743 940 1874 995 Dico
1929 949 2110 994 autem

524 1030 701 1094 vobis,
731 1045 829 1084 nec
868 1030 1123 1086 Solomon
1163 1033 1213 1085 in
1256 1032 1401 1086 omni
1440 1031 1609 1102 gloria
1645 1047 1741 1088 sua
1787 1031 2115 1087 vestiebatur

527 1120 668 1172 sicut
702 1134 865 1173 unum
906 1136 972 1175 ex
1002 1120 1137 1175 istis.
1169 1120 1225 1175 Si
1263 1130 1445 1176 autem
1496 1137 1719 1192 gramen
1752 1124 1895 1190 quod
1953 1123 2113 1177 hodie

527 1221 606 1264 est
645 1210 695 1265 in
726 1225 877 1280 agro,
924 1222 978 1266 et
1012 1227 1133 1267 cras
1170 1213 1223 1268 in
1258 1214 1529 1269 clibanum
1564 1214 1823 1278 mittitur,
1858 1215 1998 1269 Deus
2038 1216 2117 1269 sic

527 1302 688 1357 vestit
722 1320 737 1357 :
774 1311 978 1371 quanto
1035 1306 1205 1376 magis
1261 1320 1355 1361 vos
1392 1306 1607 1372 vestiet,
1637 1320 1671 1361 o
1718 1321 1905 1375 parum
1944 1305 2117 1359 (lden-

530 1393 653 1446 tcs?
694 1392 761 1447 Et
810 1408 905 1448 vos
954 1394 1120 1449 nolite
1168 1410 1414 1468 quaerere
1469 1396 1599 1465 quid
1664 1396 1811 1451 esuri
1854 1395 1993 1459 sitis,
2022 1404 2116 1449 aut

531 1483 661 1553 quid
685 1484 906 1539 bibituri
941 1503 957 1539 :
990 1495 1045 1540 et
1078 1486 1245 1541 nolite
1280 1487 1333 1541 iu
1361 1486 1591 1559 sublime
1628 1488 1761 1543 tolli.
1808 1484 1935 1543 Haec
1970 1488 2114 1542 enim

529 1575 713 1629 omnia
747 1582 939 1647 gentes
960 1579 1145 1633 mundi
1175 1589 1444 1649 quaerunt.
1496 1579 1658 1635 Pater
1713 1592 1894 1635 autem
1940 1589 2117 1635 vester

534 1668 638 1723 scit
671 1672 813 1739 quod
849 1670 968 1725 istis
1012 1670 1319 1743 indigeatis.
1361 1672 1503 1739 Quin
1536 1673 1717 1742 potius
1767 1673 1996 1743 quaerite
2028 1689 2115 1728 re-

2214 596 2275 649 οὐ
2301 594 2528 650 δύνασαι
2546 592 2869 667 πρωθῆναι,
2894 591 2947 644 τί
2963 592 3092 662 περὶ
3122 589 3231 643 τῶν
3256 588 3461 642 λοιπιῖιν
3492 588 3803 658 μεριμνᾷςς

2216 688 2489 758 Πρόδηλον
2507 690 2615 759 γάρ
2642 688 2746 752 ὅτι,
2777 685 2965 756 ὥσπερ
2989 684 3089 756 τὴν
3116 682 3347 753 αῦξησιν
3369 684 3396 736 6
3417 682 3549 745 Θεὸς
3568 680 3809 745 δίδωσιν,

2214 781 2360 835 οῦτω
2390 781 2481 835 καὶ
2508 777 2680 835 τᾶλλα
2704 779 2890 834 δώσει.

2294 894 2312 927 ι
2352 876 2743 945 Κατανοήσατε
2782 874 2851 927 τά
2887 872 3050 944 κρίνα
3085 872 3203 936 πῶς
3252 870 3495 936 αὐξάνει·
3521 868 3584 922 οὐ
3617 868 3802 935 κοπιᾷ,

2215 965 2336 1019 οὐδὲ
2365 965 2537 1035 νήθει.
2567 966 2725 1035 Λέγω
2750 965 2899 1035 ὑμῖν,
2932 965 3013 1018 δτι
3042 964 3163 1017 οὐδὲ
3193 962 3449 1032 Σολομῶν
3477 964 3537 1013 ὲν
3570 960 3722 1029 πάσῃ
3743 960 3810 1027 τῇ

2215 1053 2341 1127 δόξῃ
2364 1053 2531 1106 αὑτοῦ
2564 1052 2921 1124 περιεϐάλετο
2944 1054 3021 1117 ὠς
3050 1053 3108 1106 ιν
3140 1052 3365 1105 τούτων.
3397 1052 3458 1104 El
3480 1050 3535 1104 δδ
3560 1050 3653 1102 τὸν
3682 1049 3815 1118 16p-

2214 1159 2309 1195 τον
2336 1145 2393 1195 ἑν
2416 1141 2496 1213 τῷ
2523 1140 2676 1213 ἀγρῷ
2709 1144 2952 1213 σήμερον
2975 1142 3128 1208 ὄντα,
3166 1143 3258 1196 καὶ
3292 1140 3486 1212 αὔριον
3521 1142 3604 1203 εις
3624 1138 3816 1193 κλίϐα-

2216 1253 2307 1288 νον
2359 1235 2711 1306 βαλλόμενον,
2760 1238 2788 1289 6
2832 1235 2965 1297 Θεὸς
3017 1234 3190 1299 οὕτως
3228 1236 3593 1305 ἀμφιέννυσι,
3662 1233 3815 1302 πόσῳ

2219 1326 2423 1395 μᾶλλον
2462 1326 2630 1395 ὑμᾶς,
2669 1324 3039 1394 ὀλιγόπιστοις
3081 1327 3193 1380 Kal
3232 1326 3391 1396 ὑμεῖς
3422 1324 3499 1396 μὴ
3521 1326 3742 1396 ςητείτε
3764 1321 3816 1375 τί

2220 1418 2434 1488 φάγητε
2464 1416 2496 1488 ἢ
2529 1418 2624 1471 καὶ
2647 1417 2701 1469 τί
2725 1417 2911 1489 πίητε,
2937 1418 3033 1471 καὶ
3057 1418 3131 1490 μὴ
3166 1417 3591 1488 μετεωρίζεσθε.
3626 1416 3814 1469 Ταῦτα

2215 1512 2327 1581 γὰρ
2359 1515 2537 1564 πάντα
2582 1510 2655 1563 τά
2703 1510 2831 1581 ιθνη
2882 1510 2976 1564 τοῦ
3029 1511 3242 1580 κόσμου
3305 1509 3580 1577 ἐπιζητεῖ.
3625 1507 3814 1577 ’Υμῶν

2215 1603 2271 1657 δὲ
2296 1605 2324 1657 6
2353 1604 2541 1675 Πατὴρ
2566 1600 2732 1670 οῐδεν,
2767 1605 2850 1657 ὅτι
2872 1602 3105 1676 χρῄζετε
3142 1603 3380 1655 τούτων·
3413 1602 3556 1671 πλὴν
3600 1603 3814 1671 ζητεῖτε

2215 1698 2315 1771 τὴν
2360 1698 2647 1769 βασιλείαν
2679 1696 2774 1753 τοῦ
2809 1698 2970 1764 Θεοῦ,
3016 1698 3114 1752 καὶ
3149 1698 3324 1751 ταῦτα
3353 1700 3534 1749 πάντα
3582 1712 3817 1767 προσ-ιε-

530 1778 692 1831 gnum
728 1760 848 1826 Dei,
869 1772 924 1818 et
952 1766 1064 1819 haec
1091 1768 1272 1819 omnia
1301 1765 1625 1836 adlicientur
1655 1765 1833 1821 vobis.
1865 1784 1883 1817 ι
1920 1764 1983 1818 Et
2012 1765 2116 1820 hoc

2226 1760 2445 1861 θήσεται
2474 1790 2626 1859 ὑμῖν.
2676 1809 2695 1843 s
2726 1791 2837 1845 Καὶ
2858 1790 2921 1844 τὸ
2950 1760 3058 1843 τῶν
3093 1760 3658 1861 κρίνων,ὐπόδειγμα,
3680 1787 3817 1857 πρὸς

530 1851 771 1906 liliorum
822 1856 1129 1924 exemplum
1184 1857 1389 1925 posuit,
1422 1865 1483 1914 ut
1538 1872 1635 1911 nos
1687 1858 1860 1928 magis
1914 1856 2115 1927 pudore

2226 1851 2285 1937 τό
2309 1851 2568 1954 ἐντρίψαι
2595 1885 2744 1954 ἡμᾶς
2774 1884 2957 1936 πλεῖον
2985 1851 3183 1951 ἔθηκεν
3201 1898 3214 1911 ο
3237 1851 3422 1951 ειήγάρ
3441 1851 3621 1933 ταῦτα
3643 1851 3816 1942 οὕτως

527 1940 879 1999 suilunderet.
902 1942 956 1999 Si
987 1946 1131 1999 enim
1170 1946 1283 2001 haec
1312 1946 1391 2001 sic
1426 1947 1591 2003 vestit
1639 1946 1802 2013 Deus,
1831 1957 1891 2002 ut
1937 1962 2114 2016 neque

527 2032 779 2088 Salomon
815 2035 867 2090 in
900 2036 1150 2091 omnibus
1185 2037 1395 2093 deliciis
1435 2039 1548 2093 suis
1583 2038 1753 2106 possit
1803 2038 1882 2094 sic
1928 2038 2115 2094 vestiri

529 2136 588 2180 ut
620 2142 783 2180 unum
825 2140 893 2181 ex
936 2128 1079 2195 istis,
1106 2145 1335 2199 quorum
1371 2129 1513 2185 nulla
1546 2130 1763 2201 quidem
1802 2140 1884 2186 est
1932 2146 2118 2187 neces-

529 2219 664 2273 sitas
696 2217 1157 2287 pulchritudinis;
1188 2232 1397 2290 quanto
1441 2221 1616 2291 magis
1670 2234 1791 2287 nos,
1821 2221 2120 2275 honorabi-

532 2306 611 2361 les
648 2322 760 2377 pm
789 2309 1001 2363 ceteris
1039 2320 1339 2376 creaturas,
1371 2311 1598 2379 vestiet,
1651 2311 1959 2382 praesertim
1998 2326 2120 2365 cum

532 2402 830 2457 necessitas
858 2402 1103 2472 corporis
1136 2402 1510 2458 indumentum
1536 2404 1811 2472 postulet?
1834 2402 1973 2471 Quid
2020 2404 2122 2475 igi-

533 2502 641 2558 tur,
680 2491 826 2547 dicet
875 2495 1164 2564 quispiam,
1193 2494 1351 2564 iubes
1379 2508 1437 2550 ut
1468 2510 1574 2552 non
1618 2495 1865 2552 colamus
1907 2496 2116 2566 agros?

532 2582 648 2641 Non
672 2585 827 2655 dixit,
854 2586 929 2641 Ne
963 2587 1154 2643 colatis
1198 2603 1359 2657 agros
1390 2606 1402 2643 :
1434 2590 1555 2655 sed,
1589 2586 1669 2645 No
1726 2588 1943 2645 solliciti
1979 2588 2119 2645 sitis.

534 2677 747 2733 Ειειιίιιι
800 2678 907 2734 non
955 2680 1218 2748 prohibeo
1249 2696 1316 2735 ne
1349 2680 1585 2746 labores,
1612 2682 1704 2737 sed
1752 2698 1819 2737 ne
1859 2682 2122 2738 sollicitus

536 2769 631 2832 sis,
672 2770 1099 2824 interdicozboc
1127 2778 1232 2835 est,
1270 2785 1337 2824 ne
1386 2785 1535 2840 spem
1591 2785 1762 2839 ponas
1802 2772 1853 2824 in
1902 2780 1951 2825 te
1984 2772 2119 2840 ipso.

538 2863 629 2917 Sic
667 2864 757 2932 qui
786 2863 1015 2929 laborat,
1034 2872 1087 2918 et
1112 2878 1262 2933 spem
1289 2864 1451 2917 habet
1478 2863 1531 2918 in
1562 2863 1691 2927 Deo,
1720 2864 1768 2920 is
1812 2865 1944 2920 citra
1972 2865 2123 2919 solli-

536 2952 830 3007 citudinem
873 2952 1196 3019 vivit.‘Quod
1228 2955 1371 3008 enim
1402 2954 1821 3010 sollicitudinem
1855 2964 1911 3009 ιιι
1944 2972 1971 3009 a
2006 2957 2114 3012 Deo

536 3044 894 3097 abducentem
930 3054 1157 3108 resecet,
1182 3038 1527 3101 manifestum
1556 3054 1662 3101 est.
1685 3044 1921 3100 Proinde
1946 3046 2077 3100 dicit
2105 3062 2118 3098 :

543 3130 623 3187 Ne
675 3134 933 3202 quaeratis
970 3134 1101 3200 quid
1160 3134 1481 3197 cumedatis,
1509 3135 1594 3191 vel
1644 3136 1773 3204 quid
1824 3134 2047 3201 bibatis,
2070 3144 2125 3190 et

538 3187 706 3281 nolite‘
735 3227 786 3280 in
816 3187 1044 3281 sublime
1073 3187 1209 3282 tolli.
1234 3187 1949 3295 luattbl‘iinevtolii—prorsus
2156 3215 2194 3271 ε
2232 3187 2426 3258 Pwpr

542 3318 683 3371 aliud
710 3318 839 3372 dicit
869 3333 1027 3387 quam
1060 3319 1495 3383 distractionem,
1517 3330 1570 3373 et
1595 3320 1795 3374 mentis
1823 3320 2125 3376 instabile-

542 3410 868 3473 versionem,
896 3426 1037 3464 nunc
1063 3411 1181 3473 hoc,
1205 3426 1348 3465 nunc
1375 3410 1504 3465 illud
1533 3411 1823 3481 cogitantis
1848 3423 1902 3467 et
1928 3413 1994 3466 ab
2025 3413 2126 3466 ltoc

541 3499 596 3551 iu
658 3498 782 3553 illud
842 3499 1107 3564 salientis,
1148 3507 1202 3554 et
1256 3514 1473 3569 semper
1528 3500 1817 3556 sublimius
1869 3499 2124 3569 quiddam

543 3588 886 3657 imaginantis
917 3603 1119 3646 secum.
1167 3592 1360 3645 Annon
1397 3590 1563 3647 fuerit
1589 3591 1644 3647 in
1694 3589 1923 3647 sublime
1967 3590 2128 3645 tolli?

542 3680 691 3737 llanc
736 3682 895 3751 igitur
940 3683 1380 3747 sollicitudinem,
1434 3684 1537 3738 hoc
1571 3693 1653 3738 est
1682 3684 1754 3737 ita
1804 3685 1855 3738 in
1897 3683 2127 3738 sublime

544 3773 818 3842 tolli,quia
852 3788 880 3826 a
909 3772 1018 3828 Deo
1050 3774 1297 3845 abducit,
1327 3774 1584 3841 prohibet
1625 3773 1909 3839 Dominus,
1938 3772 2127 3828 dicens

542 3865 658 3921 huc
703 3865 883 3919 omnia
915 3877 1105 3934 gentes
1136 3866 1434 3937 inquirere.
1467 3865 1787 3922 Sollicitudo
1817 3865 1965 3921 enim
2017 3880 2122 3921 non

541 3957 671 4012 solis
700 3958 1025 4012 necessariis
1055 3967 1308 4012 contenta
1338 3966 1444 4022 est,
1507 3957 1623 4024 sed,
1653 3965 1712 4011 ut
1736 3957 1871 4020 dixi,
1909 3969 2125 4025 semper

540 4048 702 4105 altius
726 4058 780 4103 et
812 4046 985 4118 majus
1034 4049 1161 4116 quid
1216 4049 1469 4119 requirit,
1500 4057 1552 4103 et
1586 4060 1875 4119 propterea
1911 4047 2118 4103 dicitur

546 4140 919 4211 μετεωρισμὸς
953 4140 1116 4195 elatio
1149 4142 1200 4196 in
1236 4142 1487 4197 sublime.
1515 4141 1583 4198 Et
1617 4152 1674 4197 ut
1704 4142 1907 4212 aliquid
1940 4155 2124 4195 exem-

542 4234 617 4302 pli
678 4234 849 4302 gratia
900 4235 1111 4290 dicam:
1152 4250 1261 4289 non
1313 4235 1578 4289 habemus
1631 4249 1848 4304 panem,
1906 4231 2123 4288 solliciti

545 4340 734 4380 sumus
764 4326 907 4381 unde
940 4326 1233 4381 babeamus
1260 4343 1275 4381 :
1301 4335 1354 4381 et
1384 4340 1489 4381 non
1525 4326 1578 4380 in
1616 4330 1720 4380 hoc
1747 4325 2120 4388 subsistimus,

2219 1977 2582 2047 ἀμφιέννυσιν
2610 1977 2637 2028 6
2665 1977 2819 2041 Θεὸς,
2870 1976 2947 2040 ὡς
2998 1975 3133 2047 μηδὲ
3177 1973 3277 2043 τὴν
3321 1971 3418 2025 τοῦ
3463 1972 3816 2043 Σολομῶντος

2219 2071 2375 2136 δόξαν
2410 2074 2629 2144 ἰσχύσαι
2667 2070 3060 2141 περιϐαλέσθαι
3090 2068 3222 2122 ποτὶ
3246 2068 3322 2131 ὡς
3353 2067 3411 2120 ιν
3447 2066 3686 2128 τούτων,
3722 2068 3817 2119 καὶ

2222 2165 2399 2221 ταῦτα
2430 2164 2526 2219 τοῦ
2557 2163 2791 2229 κάλλους
2816 2162 2927 2217 τῶν
2968 2163 3175 2235 κρίνων
3211 2161 3286 2233 μὴ
3312 2160 3617 2229 ἀναγκαίου
3641 2158 3814 2222 ὄντος,

2225 2260 2380 2331 πόσῳ
2400 2258 2605 2331 μᾶλλον
2623 2260 2789 2329 ἡμᾶς,
2826 2258 2885 2311 τὸ
2912 2257 3095 2327 τίμιον
3117 2255 3369 2325 πλάσμα,
3398 2255 3499 2307 οὐκ
3526 2253 3813 2325 ἀμφιισει,

2225 2356 2318 2407 καὶ
2364 2355 2537 2417 ταῦτα
2583 2351 2888 2420 ἀναγκαίου
2922 2350 3075 2413 ὄντος
3125 2349 3205 2420 τῷ
3248 2348 3464 2417 σώματι
3515 2346 3681 2416 ἡμῶν
3724 2342 3815 2397 τοῦ

2224 2448 2557 2515 ἐνδύματος
2591 2445 2656 2499 τί
2681 2440 2775 2499 οὖν
2797 2485 2811 2509 ,
2846 2443 3001 2516 φησὶ,
3037 2442 3284 2506 κελεύεις
3333 2444 3483 2513 ἡμᾶς
3522 2439 3600 2511 μὴ
3641 2456 3815 2508 γεωρ-

2224 2544 2342 2609 γεῖν
2366 2557 2379 2601 ;
2410 2539 2524 2593 Οὐκ
2554 2534 2695 2592 εἴπεο
2718 2538 2809 2605 Μὴ
2839 2538 3161 2608 γεωργεῐτε,
3185 2534 3346 2599 ἀλλά,
3365 2533 3457 2604 Μὴ
3480 2533 3810 2603 μεριμνᾶτε.

2237 2630 2598 2706 Ἐργάζεσθαι
2643 2630 2743 2701 μιν
2774 2631 2882 2701 γάρ
2906 2631 2966 2683 οὐ
3000 2629 3217 2695 κωλύω,
3251 2630 3525 2699 μεριμνᾷν
3565 2628 3645 2690 δὲ,
3682 2628 3814 2699 ὅπερ

2226 2725 2341 2779 ἔστι
2378 2722 2477 2796 τὴν
2507 2723 2698 2776 ἐλπίδα
2730 2722 2876 2792 Ιχειν
2909 2724 2967 2775 ἑν
2992 2722 3230 2785 ἑαυτοῖς,
3260 2720 3421 2775 τοῦτο
3457 2719 3816 2791 ἀπαγορεύω.

2238 2818 2327 2882 Ὠς
2358 2819 2449 2885 ὅγε
2477 2815 2847 2887 ἐργαζόμενος
2869 2813 2987 2885 μιν,
3021 2812 3263 2878 ιλπίζων
3282 2813 3337 2867 δὲ
3362 2816 3441 2877 είς
3467 2812 3627 2871 Θεὸν.
3650 2812 3817 2874 οὕτως

2227 2912 2548 2982 ἀμερίμνως
2593 2909 2796 2978 διάγει.
2834 2909 2955 2961 Ὀτι
2984 2908 3094 2977 γάρ
3126 2907 3226 2979 τὴν
3287 2907 3571 2978 μέριμναν
3610 2905 3690 2971 ὡς
3721 2906 3820 2961 ἀπ’

2224 3004 2464 3071 άγουσαν
2490 3000 2626 3055 Θεοῦ
2658 3002 2941 3067 ικκόπτει,
2960 2999 3141 3071 δῆλον.
3176 3001 3315 3071 Φησὶ
3337 3000 3472 3071 γάρ’
3491 3000 3587 3072 Μὴ
3610 2999 3819 3071 ζητεῖτε

2223 3094 2277 3147 τί
2305 3094 2542 3165 φάγητε,
2571 3092 2679 3163 ἢτί
2702 3092 2885 3165 πίητε,
2923 3095 3014 3146 καὶ
3046 3091 3122 3166 μὴ
3150 3082 3577 3163 μετεωρίζεσθε.
3602 3092 3821 3146 Mentu-

2462 3185 2571 3255 γὰρ
2624 3186 2842 3249 πάντως
2893 3184 3049 3239 οὐδὲν
3089 3185 3221 3239 ἀλλο
3271 3185 3443 3255 λέγει,
3476 3184 3514 3256 ἢ
3541 3185 3639 3239 τὶν
3671 3201 3820 3256 περι-

2234 3280 2507 3349 σπασμδν,
2541 3280 2636 3333 καὶ
2664 3280 2759 3334 τοῦ
2793 3280 3055 3351 λογισμοῦ
3081 3281 3181 3353 τὴν
3218 3280 3459 3335 ἄστατον
3489 3280 3817 3351 περιφορὰν,

2231 3371 2420 3426 ἄλλοτε
2452 3371 2581 3425 ἄλλο
2607 3372 3039 3442 ὲνθυμουμένου,
3071 3371 3165 3425 καὶ⁵
3189 3370 3298 3427 ἀπὸ
3330 3370 3525 3425 τούτου
3544 3370 3823 3441 πηδῶντος

2231 3467 2317 3521 ἑπ⁹
2363 3469 2559 3531 ἐκεῖνο,
2612 3467 2703 3519 καὶ
2759 3466 2846 3520 ἀεὶ
2889 3466 2959 3519 τά
3006 3461 3320 3537 ὑψηλότερα
3370 3464 3821 3535 φανταζομένουο

2229 3560 2352 3631 οὐχὶ
2376 3561 2534 3614 τοῦτό
2562 3561 2712 3614 ἐστιν
2739 3562 2768 3617 6
2797 3561 3209 3631 μετεωρισμός;
3260 3559 3347 3623 Ὠς
3368 3554 3464 3613 οῦν
3496 3560 3824 3627 ἀπάγουσαν

2231 3656 2379 3725 ἡμᾶς
2435 3654 2529 3707 τοῦ
2582 3653 2721 3707 Θεοῦ
2769 3653 2871 3725 τὴν
2916 3652 3177 3716 τοιαύτην
3225 3652 3520 3724 μέριμναν,
3562 3652 3685 3723 ήτο⁹ι
3734 3651 3826 3704 τὸν

2234 3746 2614 3816 μετεωρισμὸν
2641 3784 2655 3809 ,
2715 3744 3053 3816 ἀπαγορεύει
3096 3745 3124 3797 6
3154 3743 3362 3815 Κύριος
3386 3783 3401 3807 ,
3465 3742 3642 3797 εἰπὼν
3664 3784 3679 3808 ,
3744 3743 3823 3795 ὅτι

2232 3838 2416 3891 Ταῦτα
2473 3838 2652 3891 πάντα
2682 3838 2749 3891 τὰ
2796 3838 2924 3908 ἔθνη
2957 3838 3227 3908 ἐπιζητεῖ.
3262 3838 3339 3890 Οὐ
3369 3837 3478 3908 γάρ
3526 3837 3692 3907 μέχρι
3717 3834 3825 3888 τῶν

2231 3932 2546 4001 ἀναγκαίων
2577 3934 2609 4003 ἡ
2641 3934 2883 4003 μέριμνα
2930 3933 3170 4000 ἵσταται,
3210 3931 3328 3986 ἀλλ’
3358 3932 3498 4003 ὅπερ
3536 3924 3715 3993 εἷπον,
3739 3930 3826 3983 ἀεὶ

2228 4027 2298 4079 τὰ
2344 4025 2657 4096 ὑψηλότερα
2692 4024 2880 4096 ζητεῖο
2910 4026 2991 4079 διδ
3019 4026 3111 4080 καὶ
3146 4023 3534 4096 μετεωρισμὺς
3580 4024 3823 4092 λέγεται.

2227 4112 2342 4172 οἷόν
2364 4118 2416 4171 τί
2450 4134 2624 4189 φημι·
2660 4118 2773 4173 Οὐκ
2808 4118 3005 4190 ἔχομεν
3043 4119 3227 4191 ἄρτον,
3267 4117 3629 4189 μεριμνῶμεν
3662 4118 3828 4171 πόθεν

2228 4212 2464 4282 ῑξωμεν,
2500 4213 2595 4266 καὶ
2640 4212 2741 4266 οὐκ
2774 4213 2902 4285 ἄχρι
2954 4212 3147 4267 τούτου
3196 4211 3492 4282 ίστάμεθα,
3544 4212 3684 4267 ἀλλὰ
3733 4212 3827 4265 καὶ

2227 4309 2413 4361 ὁποῖον
2442 4306 2609 4376 στέαρ
2643 4306 2851 4377 πυροῦ·
2888 4300 3009 4360 εἶτα
3043 4306 3138 4359 καὶ
3171 4301 3337 4370 οῐνον,
3374 4307 3473 4360 καὶ
3501 4304 3697 4361 τοῦτον
3735 4308 3828 4361 ἀν·

545 4420 724 4474 sedet
753 4426 811 4473 ut
841 4418 1050 4489 adipem
1084 4419 1366 4481 frumenti,
1394 4418 1590 4473 deinde
1624 4425 1678 4472 et
1712 4418 1921 4483 vinum,
1949 4418 2114 4487 idque

2230 4403 2484 4479 θοσμίαν,
2523 4400 2619 4455 καὶ
2651 4400 2785 4469 ὄψον
2831 4400 2971 4472 πρὸς
3007 4400 3242 4464 τούτοις.
3288 4400 3402 4454 Καὶ
3445 4400 3610 4454 τοῦτο
3658 4401 3825 4455 ἀττα-

2153 4460 2201 4521 D

542 4511 1058 4579 fragrantissimum,
1082 4521 1136 4566 et
1167 4512 1233 4566 ad
1274 4512 1390 4567 haec
1420 4526 1571 4566 assas
1596 4526 1817 4576 carnes,
1849 4520 1903 4566 et
1932 4512 1997 4566 ad
2028 4513 2121 4567 bas

2231 4496 2395 4566 τῆνος
2444 4496 2478 4565 ἢ
2532 4493 2815 4564 φασιανοῦ-
2887 4493 3051 4566 Ὁρᾷς
3100 4492 3201 4565 τὴν
3257 4492 3559 4563 μέριμναν,
3612 4495 3828 4548 καὶτὸν

545 4604 813 4671 sttagines
872 4612 925 4658 et
976 4605 1295 4674 pbasianos.
1357 4603 1521 4658 Vides
1571 4604 2019 4670 sollicitudinem,
2077 4611 2130 4659 et

547 4695 600 4749 in
638 4696 865 4749 sublime
903 4711 967 4750 ac
1014 4695 1241 4764 amplius
1276 4694 1643 4751 extollentiam
1672 4710 1831 4765 quam
1865 4696 1996 4752 dicit
2026 4714 2124 4764 με·

545 4786 881 4855 τεωρισμόντ
906 4785 1199 4855 Eapropter
1222 4786 1477 4840 Dominus
1504 4796 1745 4855 amputat
1768 4786 1881 4843 ιιωο
1897 4788 2077 4843 omnia
2107 4805 2123 4845 ε

548 4878 773 4951 gentiles
808 4880 952 4935 enim
984 4880 1097 4933 haec
1127 4888 1396 4949 quaerunt.
1426 4877 1655 4949 insuper
1691 4889 1744 4935 et
1775 4879 1937 4933 aliam
1969 4879 2126 4934 all‘ert

546 4973 813 5027 rationem
841 4990 853 5026 :
881 4972 1005 5041 quia
1042 4970 1202 5025 Pater
1230 4980 1415 5025 noster
1442 4971 1548 5027 scit
1594 4972 1718 5039 quia
1750 4971 1835 5025 bis
1864 4986 1997 5039 opus
2029 4970 2128 5024 ba-

550 5063 705 5131 betis,
736 5065 844 5121 imo
885 5081 989 5120 non
1043 5080 1201 5119 uuam
1260 5066 1547 5131 rationem,
1580 5067 1673 5120 sed
1722 5066 1945 5120 multas.
1970 5064 2131 5121 Pater

552 5166 656 5223 est,
685 5158 881 5226 inquit,
904 5170 956 5211 et
987 5160 1031 5212 si
1064 5158 1550 5227 Pater,quomodo
1580 5174 1683 5214 non
1720 5158 1907 5213 dabit?
1941 5156 2045 5213 Sed
2076 5166 2130 5211 et

456 5254 459 5257 '
551 5247 674 5310 scit,
707 5261 803 5300 nec
831 5248 972 5301 enim
1012 5246 1224 5313 ignorat
1253 5264 1265 5299 :
1300 5247 1391 5301 sed
1433 5262 1487 5304 et
1517 5266 1612 5304 vos
1637 5260 1773 5319 onus
1801 5250 2011 5303 habetis
2034 5249 2132 5320 (α),

552 5353 653 5392 nec
716 5339 857 5393 enim
920 5339 1186 5409 superﬂua
1242 5350 1389 5405 sunt,
1437 5342 1528 5396 sed
1585 5342 1739 5395 vobis
1796 5341 2128 5398 necessaria.

551 5428 719 5499 igitur
758 5446 877 5485 cum
914 5441 967 5486 et
994 5432 1111 5502 ipse
1140 5432 1209 5487 sit
1247 5432 1430 5501 Pater,
1460 5444 1514 5491 et
1550 5450 1641 5490 vos
1687 5450 1824 5503 opus
1863 5435 2131 5501 habeatis,

550 5529 607 5573 et
659 5522 793 5577 sciat
827 5524 937 5587 ille,
977 5527 1250 5596 quomodo
1287 5542 1392 5581 nou
1426 5528 1653 5583 daturus
1688 5530 1870 5585 esset?
1898 5530 2136 5597 Qumrite

550 5610 715 5681 igitur
748 5630 965 5683 regnum
1001 5616 1091 5671 Dei
1123 5625 1247 5670 ante
1285 5620 1485 5687 omnia,
1536 5620 1701 5692 374
1758 5630 1813 5675 et
1861 5629 2134 5691 tempora-

2235 4590 2653 4662 μετεωρισμόν;
2683 4588 2974 4643 Διάτοῦτο
2999 4590 3027 4641 6
3064 4588 3268 4659 Κύριος
3300 4589 3587 4653 παντελῶς
3621 4590 3826 4659 ταύτην

2225 4685 2552 4738 ἀποκόπτειο
2585 4685 2633 4737 oi
2666 4684 2871 4737 ἐθνικοὶ
2902 4683 3011 4754 γὰρ
3044 4681 3219 4736 ταῦτα
3256 4680 3536 4752 ζητοῦσιν.
3569 4680 3708 4738 Εἶτα
3735 4684 3828 4739 καὶ

2223 4780 2414 4850 ἕτερον
2441 4780 2633 4847 ἐπάγει
2664 4777 2947 4846 λογισμὸν,
2980 4777 3061 4829 ὅτι
3088 4776 3117 4829 6
3156 4775 3348 4847 Πατὴρ
3379 4774 3541 4845 ἡμῶν
3573 4772 3719 4831 οἶδεν
3746 4778 3827 4831 ὅτι

2227 4873 2485 4944 χρῄζετε,
2520 4871 2617 4925 καὶ
2662 4872 2761 4941 οὐχ
2810 4869 2907 4924 ινα
2944 4869 3229 4939 λογισμὸν,
3265 4868 3403 4922 ἀλλά
3449 4870 3547 4923 καὶ
3583 4870 3825 4936 πλείους.

2237 4966 2429 5038 Πατὴρ
2456 4967 2563 5037 γάρ
2599 4968 2735 5030 ἐστι,
2769 4964 2925 5034 φησι,
2951 4963 3045 5017 καὶ
3076 4964 3125 5016 εί
3150 4964 3365 5034 Πατὴρ,
3394 4963 3512 5028 πῶς
3543 4966 3606 5018 οὑ
3633 4964 3826 5030 δώσει,

2251 5063 2411 5117 ’Λλλά
2446 5068 2539 5117 καί
2572 5057 2704 5126 οἶδε,
2740 5060 2814 5131 μὴ
2862 5060 2971 5132 γὰρ
3005 5060 3213 5129 ἀγνοεῖ,
3251 5059 3390 5114 ἀλλά
3426 5063 3521 5115 καὶ
3571 5062 3824 5133 χρῄζετε,

2241 5156 2317 5225 μὴ
2349 5155 2456 5223 γὰρ
2504 5152 2738 5223 περιττά
2785 5152 2955 5215 ἐστιν,
3003 5149 3141 5203 ἀλλά
3192 5150 3453 5221 χρειώδη.
3503 5151 3566 5204 Ei
3608 5147 3705 5205 οὖν
3734 5152 3830 5206 καὶ

2233 5248 2449 5316 Πατὴρ,
2487 5247 2583 5299 καὶ
2621 5246 2779 5313 ὑμεῖς
2828 5244 3087 5316 χρῄζετε.
3123 5244 3219 5297 καὶ
3262 5239 3403 5297 οἶδεν
3446 5244 3681 5309 ἐκεῖνος,
3714 5245 3829 5309 πῶς

2232 5341 2293 5392 οὗ
2326 5341 2521 5405 δὼσει;
2550 5339 2772 5408 Ζητεῖτε
2804 5333 2897 5390 οῦν
2940 5337 3041 5406 τὴν
3073 5336 3356 5407 βασιλείαν
3400 5337 3499 5390 τοῦ
3530 5336 3673 5391 Θεοῦ
3700 5355 3834 5409 προ·

2232 5435 2577 5505 ηγουμένως,
2604 5435 2698 5487 καλ⁵
2727 5434 2828 5505 τὴν
2862 5432 2991 5504 περὶ
3020 5432 3091 5484 τά
3125 5430 3357 5501 βιωτικὰ
3382 5432 3665 5502 μέριμναν
3688 5435 3826 5487 ἀπο-

2235 5526 2563 5597 ποιήσασθε,
2598 5526 2673 5587 ὡς
2702 5525 3083 5578 ἐκκύπτουσαν
3128 5525 3277 5593 ἡμᾶς
3308 5522 3417 5576 ἀπὸ
3467 5522 3687 5577 τούτου.
3720 5523 3830 5576 Καὶ

2234 5620 2354 5673 τότε
2380 5619 2557 5673 ταῦτα
2587 5619 2767 5674 πάντα
2796 5616 3230 5689 προστεθήσεται
3262 5616 3414 5687 ὑμῖν,
3461 5616 3634 5689 Ὀράς
3657 5616 3829 5682 026v;

630 5797 706 5867 (α)
734 5797 868 5853 Edil.
900 5800 1020 5855 [λιιι.
1050 5802 1155 5859 Sed
1179 5814 1227 5858 et
1268 5808 1363 5859 scit
1404 5821 1420 5859 :
1454 5809 1712 5878 quomodo
1740 5809 1878 5861 enim
1910 5808 2178 5877 ignorare!
2204 5808 2347 5864 ?Sed
2379 5820 2427 5861 et
2453 5807 2591 5876 quod
2628 5825 2753 5876 0pm
2782 5808 3002 5863 habetis.
