4038 6558
193 474 297 544 8ιό

905 454 1357 523 ENARRATIO
1393 454 1473 517 IN
1513 451 2036 517 EVANGELIUM
2075 453 2314 518 LUC/Ii.
2341 478 2410 490 --
2433 452 2596 516 CAP.
2640 453 2786 515 XII.

3424 439 3469 511 ’8
3479 448 3542 514 Μ

189 593 239 646 si
264 587 452 660 ζητεῖς
481 585 552 641 τὰ
582 581 780 656 μικρὰ,
826 580 927 634 οὐκ
958 578 1193 650 ἀρεστὸν
1225 575 1375 647 αὐτῷ
1415 576 1614 638 ποιεῖς’
1658 590 1796 627 κατ-

1934 573 2047 629 ium
2096 571 2527 629 sollicitudinem
2565 569 2814 640 abjicite,
2857 583 2978 638 qua:
3033 566 3103 622 ab
3153 563 3247 619 illo
3294 561 3543 660 abducit,

190 679 472 749 αισχύνεις
509 676 621 746 γὰρ
647 674 707 727 τὸ
741 669 910 726 αὐτοῦ
945 667 1353 741 μεγαλόδωρον.
1393 666 1454 719 Εἰ
1485 663 1676 735 ζητεῖς
1731 664 1802 718 τὰ

195 772 432 846 μεγάλα,
484 767 674 824 ἐκεῖνά
716 783 776 819 τε
825 763 996 834 λήψῃ,
1046 762 1140 814 καὶ
1200 757 1342 830 πρός
1368 775 1432 827 γε
1481 754 1806 829 προσθήκην

189 867 331 936 ἔξεις
361 864 456 920 καὶ
477 863 547 917 τὰ
581 861 779 932 μικρά·
808 860 854 912 εί
883 857 993 928 γὰρ
1020 855 1123 909 ἴδοι
1151 871 1210 908 σε
1240 852 1648 924 ἀσχολούμενον
1672 851 1805 922 περὶ.

187 963 287 1035 τὴν
314 956 594 1031 βασιλείαν
643 952 833 1018 αὐτοῦ,
885 950 1191 1018 ἀναγκαῖον
1241 948 1489 1012 πάντως,
1521 947 1604 999 ὅτι
1659 962 1797 1016 προ⁹

190 1051 450 1124 νοήσεταί
481 1066 575 1103 σου
604 1049 662 1100 ὲν
693 1047 808 1109 τοῖς
837 1046 971 1106 σοῖς.
1007 1043 1079 1095 Ἦ
1113 1041 1237 1112 οὐχὶ
1265 1039 1362 1093 καὶ
1388 1041 1556 1110 ἡμεῖς
1589 1040 1648 1090 ὲν
1679 1039 1798 1100 ταῖς

187 1145 419 1208 οἰκείαις
443 1140 590 1198 οὕτω
622 1137 908 1208 ποιοῦμεν,
935 1132 1382 1206 μᾶλλονὲκείνων
1415 1131 1802 1202 φροντίζοντες

187 1238 299 1293 τῶν
330 1236 491 1298 ὅλους
522 1231 757 1294 ἑαυτοὺς
785 1227 1206 1282 ἐπιδεδωκότων
1236 1227 1303 1296 τῇ
1336 1223 1590 1295 ἡμετέρᾳ
1637 1222 1804 1293 θερα-

186 1328 340 1401 πείᾳ,
365 1325 689 1380 καὶτούτων
718 1319 1139 1391 προνοούμενοι,
1165 1317 1242 1380 ὡς
1270 1316 1346 1390 μὴ
1377 1315 1804 1388 προνοουμένων

185 1422 412 1488 αὐτῶν;
444 1420 507 1473 οὐ
542 1414 725 1486 πολλῷ
767 1413 862 1468 οὐν
902 1411 1107 1484 μᾶλλον
1141 1411 1169 1464 ό
1202 1409 1448 1482 Κύριος;
1509 1409 1803 1462 Ἐκκόπτει

183 1516 370 1570 τοίνυν
399 1514 501 1586 τὴν
539 1512 670 1582 περὶ
702 1508 814 1563 τῶν
881 1495 1162 1579 βιωτικῶν
1214 1504 1489 1576 μέριμναν
1515 1504 1544 1556 ό
1572 1502 1800 1576 Κύριος,

184 1612 272 1665 ἵνα
299 1609 467 1680 πείσῃ
503 1606 649 1678 ἡμᾶς
679 1604 873 1675 ζητεῖν
903 1602 1005 1668 τὴν
1063 1599 1346 1671 βασιλείαν
1384 1598 1554 1652 αὐτοῦ
1581 1614 1597 1628 ·
1640 1614 1805 1669 μεριο

187 1703 367 1776 μνῶσι
398 1702 507 1772 γὰρ
533 1697 694 1752 τοῦτο
736 1697 838 1751 οὐκ
888 1694 1125 1749 ἔνεστιν.
1164 1693 1258 1763 Μὴ
1284 1692 1479 1761 φοϐοῦ,
1509 1689 1570 1745 τὸ
1601 1688 1802 1763 μικρὸν

185 1799 463 1870 ποίμνιον,
491 1797 574 1849 ὅτι
615 1793 914 1866 εὐδόκησεν
940 1792 969 1845 ό
999 1789 1193 1862 Πατὴρ
1223 1788 1381 1861 ὐμῶν
1434 1786 1623 1842 δοῦναι
1669 1786 1800 1857 ὑμῖν

180 1895 282 1967 τὴν
315 1889 622 1964 βασιλείαν.

259 2092 279 2128 ι
317 2070 622 2142 Πωλήσατε
651 2069 720 2123 τὰ
768 2066 1091 2139 ὐπάρχοντα
1131 2066 1314 2136 ὐμῶν,
1359 2066 1455 2121 καὶ
1486 2066 1606 2119 δότε
1643 2064 1801 2136 ἐλεη-

187 2165 471 2240 μοσύνηνο
527 2163 798 2234 ποιήσατε
843 2162 1063 2225 ἑαυτοῖς
1117 2160 1383 2229 βαλάντια
1417 2163 1495 2232 μὴ
1529 2159 1802 2214 παλαιού-

182 2278 347 2334 μενα,
390 2257 668 2330 θησαυρὸν
697 2255 1059 2310 ἀνέκλειπτον
1091 2257 1150 2308 ὲν
1173 2257 1287 2319 τοῖς
1337 2257 1618 2328 οὐρανοῖς,
1664 2254 1804 2308 ὅπου

178 2356 434 2425 κλέπτης
492 2354 594 2408 οὐκ
645 2349 882 2421 ἐγγίζει,
933 2351 1057 2404 οὐδὲ
1111 2351 1213 2421 σὴς
1243 2349 1555 2422 διαφθείρει
1590 2366 1602 2379 ·
1666 2347 1805 2402 ὅπου

177 2448 295 2519 γάρ
334 2448 488 2500 ἐστιν
510 2447 538 2500 ό
562 2443 840 2515 θησαυρὸς
871 2443 1049 2515 ὑμῶν,
1076 2443 1195 2496 ἐκεῖ
1224 2443 1320 2496 xal.
1344 2443 1378 2513 ὴ
1411 2441 1618 2514 καρδία
1644 2439 1804 2511 ὑμῶν

177 2540 362 2595 ἔσται.
410 2559 430 2593 ι
464 2538 684 2610 Μικρὸν
717 2537 972 2606 ποίμνιον
1002 2534 1266 2605 ὀνομάζει
1313 2535 1442 2599 τοὺς
1499 2533 1653 2605 αύτῷ
1697 2550 1807 2604 μα-

181 2632 448 2704 θητεύειν
503 2631 764 2694 θέλοντας
804 2630 834 2682 ό
864 2629 1097 2701 Κύριος,
1127 2628 1160 2700 ἢ
1189 2629 1326 2682 διότι
1377 2631 1438 2682 ὲν
1486 2626 1564 2698 τῷ
1613 2627 1810 2699 κόσμῳ

177 2724 368 2795 τούτῳ
398 2724 448 2777 oi
478 2721 628 2792 ἅγιοι
663 2721 854 2793 μικροὶ
887 2721 985 2775 καὶ
1017 2720 1295 2791 ἐλάχιστοι
1321 2718 1411 2773 διὰ
1431 2719 1534 2790 τὴν
1559 2719 1811 2772 ἑκούσιον

175 2815 583 2888 ἀκτημοσύνην
633 2817 729 2869 καὶ
756 2816 899 2886 ἀχρη
912 2814 1252 2883 ματοσύνην,
1281 2812 1314 2884 ἢ
1339 2812 1431 2867 διὰ
1456 2812 1518 2866 τὸ
1541 2811 1811 2882 ἡττᾶσθαι

176 2910 282 2981 τῆς
343 2907 454 2962 τῶν
503 2908 756 2978 ἀγγέλων
809 2906 1054 2979 πληθύος
1108 2907 1430 2976 ἀμετρήτου
1484 2902 1676 2975 οὔσης,
1719 2904 1813 2957 καὶ

176 3005 573 3075 ἀσυγκρείτως
613 2999 1002 3072 ὑπερεχούσης
1046 3000 1121 3054 ’τά
1152 2997 1276 3053 καθ’
1331 2999 1512 3069 ἡμᾶς’
1565 2999 1652 3053 ὅτι
1700 2999 1812 3070 γάρ

177 3099 417 3162 πλείους
455 3099 507 3151 οί
550 3097 798 3166 ἄγγελοι,
857 3095 1018 3165 δῆλον
1070 3093 1135 3147 ὲκ
1185 3093 1290 3164 τῆς
1349 3092 1701 3166 παραϐολῆς,
1743 3093 1813 3164 ἢν

177 3188 349 3248 εἶπεν
405 3193 433 3245 ό
493 3190 740 3261 Κύριος⁵
775 3189 859 3242 ὅτι
909 3187 1094 3258 χαίρει
1125 3187 1152 3240 ό
1185 3187 1393 3257 ποιμὴν
1459 3188 1556 3240 ἐπὶ
1604 3186 1683 3258 τῷ
1732 3187 1813 3240 ἑνὶ

1831 1947 1874 2003 Β

1912 666 2356 737 adjicienturqne
2418 665 2576 722 vobis
2633 673 2766 718 tunc
2817 660 3026 717 omnia.
3077 655 3246 713 Vides
3298 656 3444 727 quod
3494 651 3543 708 si

1910 777 2077 833 parva
2110 762 2394 831 quaesieris
2417 776 2447 816 a
2484 760 2619 828 Deo,
2651 757 2788 814 nihil
2819 757 2896 812 illi
2931 765 3148 824 gratum
3183 752 3353 807 facias
3382 767 3396 804 :
3423 763 3546 804 mu-

1908 857 2248 913 nificentiam
2306 855 2456 912 enim
2490 854 2611 926 ejus
2644 855 3002 908 dehonestas.
3064 848 3163 905 Sin
3224 842 3549 909 qumsiveris

1911 967 2137 1024 magna,
2164 961 2221 1006 et
2257 950 2347 1006 illa
2380 949 2619 1019 accipies
2650 960 2706 1004 et
2739 963 2866 1002 cum
2922 945 3030 999 illis
3075 939 3330 1009 accipies
3379 938 3546 993 etiam

1907 1061 2097 1118 parva.
2125 1043 2266 1100 Nam
2310 1058 2435 1100 cum
2486 1054 2541 1099 te
2583 1041 2790 1097 viderit
2841 1045 3172 1108 occupatum
3211 1046 3382 1104 rt'guo
3421 1044 3544 1094 suo,

1907 1139 2068 1211 plane
2098 1136 2475 1195 necessarium
2521 1145 2581 1192 ut
2627 1146 2684 1191 et
2723 1136 2821 1190 tibi
2855 1135 2910 1190 in
2944 1135 3110 1189 rebus
3169 1129 3278 1184 tuis
3331 1125 3551 1198 prospi-

1910 1233 2044 1289 ciat.
2083 1233 2281 1288 Annon
2315 1241 2371 1288 et
2414 1248 2516 1289 nos
2589 1233 2641 1287 in
2677 1231 2843 1285 rebus
2882 1226 3123 1299 propriis
3161 1227 3245 1282 sic
3282 1223 3539 1290 iacimus,

1906 1339 1961 1386 et
1994 1329 2169 1400 magis
2202 1344 2392 1385 curam
2431 1327 2652 1383 illorum
2690 1325 2928 1396 agimus,
2956 1322 3050 1392 qtti
3089 1337 3151 1378 se
3182 1330 3327 1376 totos
3377 1317 3543 1374 nobis

1907 1422 2324 1492 manciparunt,
2354 1423 2533 1490 deque
2587 1419 2697 1474 illis
2751 1416 2970 1474 solliciti
3028 1429 3222 1470 sumus
3274 1423 3539 1482 tanquam

1907 1517 2121 1587 seipsos
2152 1515 2256 1587 ipsi
2303 1513 2622 1585 negligant?
2655 1521 2864 1583 quanto
2899 1509 3077 1580 magis
3126 1506 3178 1561 id
3214 1506 3325 1576 agit
3358 1503 3547 1562 Domi-

1911 1609 2057 1666 nus?
2081 1607 2376 1678 Propterea
2435 1605 2703 1661 Dominus
2735 1606 2981 1658 omnium
3033 1590 3418 1668 temporalium
3450 1612 3550 1652 cu-

1906 1715 2036 1757 ram‘
2063 1700 2341 1768 rejicit,ut
2374 1713 2691 1770 quaeramus
2736 1709 2969 1766 regnum
3017 1693 3156 1760 ejus,
3188 1690 3245 1746 id
3293 1691 3437 1762 quod
3482 1691 3550 1746 de

1907 1792 2304 1864 temporalibus
2346 1791 2564 1846 solliciti
2591 1806 2699 1845 non
2731 1789 2960 1844 faciunt.
2981 1784 3101 1839 Noli
3131 1782 3350 1849 timere,
3375 1783 3551 1853 pusil-

1904 1888 1991 1946 lus
2041 1904 2199 1960 grex,
2231 1888 2360 1959 quia
2404 1884 2795 1956 complacitum
2843 1892 2927 1938 est
2971 1879 3122 1935 Patri
3176 1887 3363 1937 vestro
3405 1878 3542 1933 dare

1912 1983 2067 2037 vobis
2096 1997 2348 2053 regnum.

1986 2075 2273 2137 Vsas.55,
2307 2073 2400 2130 δι.
2443 2092 2462 2126 ι
2513 2071 2749 2128 Vendite
2791 2087 2914 2142 qua)
2954 2068 3256 2142 possidetis
3305 2078 3361 2124 et
3407 2066 3535 2121 date

1915 2169 2350 2240 eleemosynam.
2381 2164 2578 2225 Parate
2615 2167 2772 2223 vobis
2812 2167 3071 2222 sacculos
3101 2164 3196 2234 qui
3231 2178 3340 2218 non
3391 2175 3548 2233 ycte-

1911 2272 2166 2327 rascunt,
2218 2263 2542 2318 thesaurum
2575 2278 2681 2318 non
2717 2261 3068 2317 deiicientem
3131 2257 3184 2312 in
3231 2255 3411 2321 caelis,
3438 2268 3549 2325 quo

1913 2357 2004 2414 fur
2035 2372 2140 2413 non
2171 2357 2413 2422 accedit,
2438 2344 2619 2428 neque
2653 2356 2798 2410 tinea
2849 2352 3178 2423 corrumpit.
3232 2347 3336 2406 Ubi
3393 2347 3544 2404 enim

1916 2455 2208 2509 thesaurus
2238 2461 2424 2506 vester
2446 2461 2554 2517 est,
2577 2451 2651 2507 ibi
2684 2459 2740 2505 et
2775 2464 2874 2504 cor
2907 2458 3153 2504 vestrum
3185 2445 3315 2500 erit.
3369 2461 3388 2496 ι
3428 2440 3537 2498 Do-

1915 2549 2099 2604 minus
2133 2548 2382 2602 nominat
2416 2545 2722 2617 discipulos
2746 2553 2800 2600 et
2851 2543 3165 2600 doctrinam
3217 2553 3376 2596 suam
3412 2552 3545 2592 sns-

1913 2642 2183 2710 cipientes
2262 2640 2520 2708 pusillum
2587 2653 2809 2711 gregem
2868 2654 2882 2692 :
2942 2635 3025 2691 vel
3084 2633 3232 2704 quod
3289 2629 3549 2703 perpauci

1917 2745 2057 2791 sunt
2088 2736 2263 2790 sancti
2298 2735 2351 2789 in
2385 2733 2588 2787 mundo
2617 2732 2710 2802 qui
2739 2740 2935 2802 sponte
2969 2735 3349 2799 paupertatem
3397 2722 3546 2778 illam

1915 2830 2122 2885 obeant
2150 2846 2166 2886 :
2197 2830 2279 2884 vel
2313 2829 2459 2898 quod
2493 2827 2539 2882 si
2571 2828 2638 2881 ad
2675 2825 2908 2899 angelos
2938 2824 3327 2886 conferantur,
3357 2833 3549 2874 nume-

1918 2938 1980 2978 ro
2018 2921 2528 2991 incomparabiliter
2555 2920 2851 2975 inferiores
2882 2921 3015 2984 sint,
3044 2917 3171 2986 quia
3207 2915 3382 2970 multo
3422 2911 3556 2983 plu-

1919 3033 2007 3073 res
2036 3026 2163 3074 sunt
2195 3017 2397 3087 angeli.
2425 3016 2493 3071 Et
2526 3014 2882 3070 manifestum
2922 3023 3008 3069 est
3041 3013 3146 3067 hoc
3194 3025 3260 3066 ex
3309 3009 3552 3080 parabo-

1918 3106 1964 3162 la
1988 3122 2152 3178 quam
2176 3105 2317 3161 dixit
2341 3106 2792 3174 Dominus,quod
2820 3105 3056 3175 gaudeat
3086 3111 3278 3173 pastor
3307 3100 3427 3169 plus
3459 3114 3553 3153 su-

1917 3218 2017 3272 per
2050 3217 2157 3256 una
2199 3216 2302 3256 ove
2332 3201 2556 3255 iuventa
2593 3215 2718 3268 quae
2755 3199 3024 3270 perierat,
3047 3213 3210 3266 quam
3249 3209 3416 3266 super
3447 3209 3548 3248 no-

179 3283 529 3357 πὶανηθέντι
576 3284 671 3336 καὶ
705 3279 1065 3350 εὐρεθέντι,ἢ
1102 3279 1198 3334 ἐπὶ
1221 3282 1332 3342 τοῖς
1357 3282 1813 3350 ἐννενηκονταεν-

1934 3297 2159 3367 uagiuta
2191 3311 2387 3351 novem
2420 3309 2540 3364 quae
2575 3309 2681 3348 non
2707 3302 3056 3348 erraverunt.
3087 3291 3208 3359 Quo
3246 3290 3367 3346 loco
3400 3304 3556 3343 mon-

177 3381 286 3433 νέα
329 3380 447 3441 τοῖς
492 3378 568 3448 μὴ
616 3375 1108 3454 πεπλανιημένοιςο
1147 3371 1321 3439 ἔδειξε
1371 3373 1483 3444 γὰρ
1534 3373 1811 3440 ἐντεῦθεν,

175 3478 264 3530 ὃτι
298 3475 497 3544 ῶσπερ
539 3469 601 3525 τδ
662 3470 721 3523 ἓν
756 3467 894 3540 πρὸς
943 3468 1013 3522 τὰ
1054 3468 1600 3537 ὲννενηκονταεννέα,
1658 3468 1804 3521 οὕτω

176 3571 349 3640 καὶὴ
383 3565 707 3638 ἀνθρωπίνη
765 3563 928 3634 φύσις
979 3561 1118 3635 πρὸς
1181 3562 1282 3630 τὴν
1335 3562 1663 3634 ἀγγελικὴν.
1723 3562 1816 3635 Μὴ

176 3662 388 3735 φοίοῦ,
417 3661 574 3732 φησὶ,
610 3653 655 3713 ὢ
692 3657 891 3730 μικρὸν
923 3655 1197 3726 ποίμνιον,
1239 3656 1362 3710 ἀντὶ
1401 3655 1519 3723 τοῦ,
1555 3657 1648 3728 Μὴ
1683 3658 1815 3710 ἀπι-

180 3759 440 3829 στήσῃς,
497 3755 582 3807 ὃτι
633 3749 1005 3824 προνοήσεταί
1057 3767 1152 3802 σου
1182 3749 1392 3814 όΘεδς,
1453 3749 1563 3803 κᾶν
1623 3751 1699 3818 μὴ
1750 3752 1815 3804 σύ

185 3851 507 3921 μεριμνᾷς.
553 3846 656 3900 Διὰ
683 3846 774 3914 τίς
820 3846 970 3899 Διότι
1016 3843 1314 3912 εὐδόκησεν
1343 3842 1585 3916 όΠατὴρ
1629 3843 1816 3898 δοῦναι

179 3949 325 4018 ὑμῖν
359 3946 460 4016 τὴν
512 3943 816 4015 βασιλείαν.
844 3941 1005 3996 Ἐπεὶ
1034 3939 1128 3994 οὐν
1156 3939 1255 4012 τὴν
1290 3938 1574 4010 βασιλείαν
1603 3939 1815 4003 δίδωσι,

175 4039 384 4107 πολλῷ
436 4039 639 4108 μᾶλλον
672 4037 743 4090 τὰ
775 4036 875 4105 τῆς
923 4035 1047 4105 γῆς.
1083 4034 1176 4103 Μὴ
1217 4032 1402 4087 τοίνυν
1451 4033 1700 4095 ἀπίστει,
1732 4034 1818 4085 ὅτι

176 4135 288 4187 ἐὰν
320 4129 720 4200 ἀκτημοσύνην
751 4128 1110 4197 ὲπιτηδεύσῃ,
1145 4128 1245 4196 οὐχ
1284 4127 1429 4193 ἔξεις
1454 4128 1544 4181 τὸν
1580 4144 1819 4198 προνοη-

177 4225 434 4296 σόμενόν
487 4240 607 4288 σου,
637 4221 775 4277 ἀλλά
819 4219 1074 4289 πώλησον
1121 4220 1191 4274 τὰ
1222 4221 1569 4293 ὑπάρχοντα,
1612 4222 1706 4274 καὶ
1731 4221 1819 4286 δὸς

174 4316 599 4390 ἐλεημοσύνην,
649 4316 743 4369 καλ⁸
792 4314 1028 4383 ποίησον
1086 4313 1368 4384 θησαυρὸν
1435 4313 1816 4368 ἀνέκλειπτον.

174 4411 330 4470 Εἶτα
375 4413 558 4463 πείθει
597 4410 749 4479 ἡμᾶς
777 4408 870 4462 καὶ
898 4406 1007 4463 ἀπὸ
1067 4403 1342 4476 ογισμῶν’
1373 4408 1819 4479 ἀναντιρῤήτων.

187 4504 486 4562 Ἐνταῦοα
523 4503 622 4574 μὲν
643 4503 777 4574 γὰρ,
805 4503 961 4574 φησι,
986 4519 1008 4552 c
1045 4519 1084 4570 ,ς
1112 4499 1450 4573 διαφθείρει,
1481 4503 1540 4554 ὲν
1562 4501 1822 4571 οὐρανοῖς

171 4604 236 4657 δὲ
264 4604 338 4657 οὐ
369 4600 553 4653 τοῦτο.
584 4599 701 4653 Οὐκ
742 4593 854 4668 ἆρα
904 4596 996 4651 οὐν
1033 4596 1258 4666 ἀνόητον
1288 4597 1350 4650 τὸ
1379 4597 1740 4669 θησαυρίζειν
1765 4599 1823 4650 ὲν

1921 3401 2129 3446 stratur
2157 3392 2303 3459 quod
2337 3389 2482 3444 sicut
2507 3403 2673 3442 unum
2707 3402 2767 3442 sc
2801 3387 2968 3441 habet
3003 3387 3070 3442 ad
3124 3383 3420 3456 nonaginta
3452 3397 3552 3438 no-

1921 3502 2068 3550 vem,
2113 3486 2188 3540 ita
2236 3486 2478 3539 humana
2519 3494 2712 3538 natura
2747 3483 2815 3536 ad
2858 3479 3298 3553 angelicant.Ne
3345 3479 3551 3533 timeas

1921 3579 2116 3647 igitur,
2144 3578 2299 3641 dicit,
2333 3593 2366 3632 o
2396 3577 2591 3647 pusille
2638 3592 2794 3647 grex,
2845 3577 2949 3631 hoc
2981 3587 3088 3644 est,
3120 3592 3187 3630 ne
3245 3576 3324 3632 sis
3377 3575 3557 3629 incre-

1922 3671 2280 3728 tlultts.Gcrit
2312 3671 2458 3726 enim
2497 3671 2574 3725 ttti
2607 3685 2799 3724 curam
2840 3686 2903 3724 ac
2938 3669 3337 3736 providentiam
3383 3669 3549 3733 Dens,

1921 3764 2090 3818 etiam
2141 3763 2184 3819 si
2227 3772 2279 3816 tu
2333 3762 2608 3818 sollicitus
2640 3776 2748 3814 non
2787 3759 2883 3815 sis.
2905 3761 3130 3826 Quare?
3164 3759 3312 3827 Quia
3350 3759 3554 3813 bonum

1922 3857 2098 3911 visum
2133 3867 2238 3920 est,
2264 3868 2320 3911 et
2346 3855 2527 3925 placet
2574 3855 2722 3910 Patri
2758 3867 2820 3911 ut
2846 3857 2936 3910 det
2969 3855 3126 3910 vobis
3178 3869 3427 3925 regnum.
3452 3852 3558 3919 Qui

1924 3948 2089 4017 igitur
2119 3946 2275 4001 vobis
2322 3962 2553 4016 regnum
2593 3947 2708 4009 dat,
2751 3947 2922 4002 multo
2960 3948 3137 4016 magis
3175 3956 3392 4000 terrena
3426 3959 3560 3999 con-

1925 4041 2103 4095 cedet.
2145 4037 2224 4092 Ne
2265 4039 2433 4107 igitur
2467 4037 2705 4109 difﬁdas,
2732 4040 2876 4109 quod
2915 4038 2960 4094 si
2996 4038 3311 4092 divitiarum
3347 4034 3560 4090 sollici-

1926 4133 2170 4186 tudinem
2203 4131 2499 4202 abjeceris,
2547 4147 2655 4187 non
2707 4131 2783 4187 sis
2837 4131 3131 4187 habiturus
3177 4130 3420 4200 aliquem
3454 4127 3550 4198 qui

1926 4226 2021 4280 tibi
2080 4225 2368 4295 provideat
2410 4245 2422 4280 :
2465 4225 2564 4280 sed
2614 4228 2794 4281 vende
2851 4240 2912 4281 ea
2968 4240 3092 4294 qua:
3154 4223 3350 4286 habes,
3393 4229 3449 4276 et
3484 4221 3553 4276 da

1925 4318 2353 4389 cleemosynam,
2378 4327 2431 4373 et
2467 4317 2553 4372 fac
2587 4318 2682 4373 tibi
2739 4319 3063 4373 thesaurum
3120 4313 3556 4370 iudeﬁcientem.

1927 4412 2008 4467 Ad
2045 4413 2161 4468 hate
2201 4413 2500 4481 persuadet
2541 4412 2705 4467 nobis
2739 4413 3053 4466 rationibus
3084 4410 3288 4480 quibus
3331 4417 3561 4465 contra-

1929 4506 2115 4562 dicere
2164 4521 2271 4559 non
2331 4520 2651 4575 possumus.
2680 4504 2736 4559 lu
2775 4506 2877 4560 hac
2910 4506 3058 4559 enim
3093 4506 3230 4569 vita,
3263 4503 3462 4572 inquit,
3487 4503 3559 4557 ti-

1927 4617 2030 4656 nea
2065 4601 2399 4671 corrumpit,
2429 4600 2483 4654 in
2543 4600 2699 4656 caelis
2755 4610 2940 4653 autem
2990 4614 3101 4653 non
3139 4599 3240 4652 sic.
3269 4595 3389 4650 Non
3425 4610 3560 4665 ergo

171 4700 375 4764 τόπῃ,
409 4695 467 4747 ὲν
493 4687 536 4760 ᾧ
560 4691 867 4762 διαφθορά;
897 4686 1029 4745 Εἶτα
1051 4691 1243 4762 ἐπειδὴ
1264 4691 1356 4745 τὸν
1388 4691 1592 4762 χρυσὸν
1621 4692 1683 4745 οὐ
1710 4693 1813 4746 δια·

1942 4693 2252 4762 insipientis
2282 4703 2433 4747 esset
2464 4694 2730 4764 colligere
2763 4693 3054 4747 thesauros
3091 4691 3145 4744 in
3181 4691 3305 4744 ἰοί-ο
3342 4689 3398 4743 in
3452 4702 3564 4757 quo

172 4787 421 4859 φθείρει
447 4787 568 4857 σὴς.
595 4781 718 4838 εἷπε
753 4787 846 4839 καὶ
871 4786 952 4850 τὸ,
986 4785 1168 4838 Ὅπου
1199 4785 1444 4855 κλέπτης
1468 4787 1568 4839 οὐκ
1591 4787 1826 4855 ἐγγίζει.

175 4883 298 4952 Et:
340 4878 451 4951 μὲν
499 4877 608 4948 γὰρ
650 4878 710 4930 οὐ
746 4877 1060 4947 διαφθείρει
1112 4876 1339 4946 χρυσὸν,
1392 4876 1530 4930 ἀλλά
1583 4877 1830 4943 κλέπτης

173 4974 357 5043 συλᾷ.
405 4965 540 5022 Εἶτα
570 4966 763 5038 ἐπειδὴ
788 4968 849 5020 οὐ
875 4966 1079 5030 πάντες
1106 4967 1460 5032 κλέπτονται,
1495 4969 1827 5040 προστίθησι

168 5067 276 5119 τὶν
326 5061 516 5134 μείζω
548 5062 727 5132 πάντη
751 5062 844 5114 καὶ
871 5060 1274 5133 ἀναντίρρητον
1306 5060 1593 5131 λογισμόν.
1633 5061 1813 5116 Ὅπου

170 5160 298 5230 γάρ
327 5159 490 5209 ἐστιν
523 5155 551 5207 ὁ
582 5154 859 5226 θησαυρὸς
889 5153 1066 5222 ὑμῶν,
1107 5154 1227 5205 ἐκεῖ
1251 5156 1346 5207 καὶ
1370 5157 1403 5222 ἡ
1430 5154 1632 5226 καρδία
1667 5155 1827 5225 ὑμῶν

172 5253 381 5305 ἔσται.
423 5247 609 5301 Ἔστω
637 5245 771 5318 γὰρ,
835 5245 1024 5316 φησιν,
1057 5246 1139 5299 ὅτι
1184 5244 1310 5298 οὐτε
1356 5246 1458 5316 σὴς
1490 5246 1825 5318 διαφθείρει,

171 5345 317 5400 οὗτε
356 5342 613 5412 κλέπτης
645 5339 882 5410 ἐγγίζει,
917 5341 1052 5393 αὐτὸ
1074 5338 1236 5392 τοῦτο
1269 5339 1332 5392 τὸ
1364 5339 1512 5410 ἔχειν
1539 5341 1640 5411 τὴν
1681 5358 1824 5412 καρ-

172 5437 312 5491 δὲαν
336 5431 791 5506 προσηλωμένην
807 5432 886 5502 τῷ
914 5433 1402 5505 κατορωρυγμένῳ
1425 5432 1712 5505 θηραυρῷ,
1735 5437 1830 5488 καὶ

170 5533 237 5585 τὶ
262 5531 431 5583 θεῖον
455 5527 648 5597 χρῆμα
668 5527 766 5597 τῆς
790 5526 973 5598 ψυχῆς
994 5530 1060 5598 τῇ
1077 5531 1147 5597 γῇ
1173 5526 1454 5596 ἐμϐαλεῖν.
1483 5527 1657 5598 πόσης
1678 5529 1833 5594 ἄξιον

171 5622 524 5696 τιμωρίας
557 5621 775 5674 Μᾶλλον
803 5621 861 5674 δὲ
885 5621 1005 5685 πῶς
1025 5622 1087 5674 οὐ
1124 5622 1366 5690 μεγίστη
1390 5622 1634 5692 τιμωρία
1655 5623 1735 5694 τῷ
1769 5641 1833 5692 γε

171 5717 322 5773 νοῦν
359 5712 554 5783 ἔχοντι
580 5730 594 5778 ;
621 5711 801 5764 Ὀπου
824 5714 852 5765 ό
876 5712 1156 5783 θησαυρός
1197 5729 1314 5778 σου,
1344 5716 1462 5765 ἐκεῖ
1487 5715 1583 5766 καὶ
1619 5716 1651 5785 ἡ
1686 5733 1826 5785 καρ-

172 5811 276 5864 δία
314 5822 451 5862 σου·
486 5809 535 5859 εί
563 5808 623 5858 ὲν
647 5808 714 5878 τῇ
741 5810 834 5879 γῇ,
864 5808 961 5861 καὶ
983 5806 1149 5878 αὐτη,
1179 5809 1228 5860 εἰ
1255 5810 1313 5861 ἐν
1341 5810 1419 5879 τῷ
1440 5809 1660 5880 οὐρανῴ
1682 5813 1829 5864 ἐκεῖ-

169 5921 300 5969 νος,
338 5902 467 5957 ἅνω
502 5900 599 5955 καὶ
630 5900 792 5973 αὐτη.
830 5901 926 5966 Τίς
949 5901 1042 5956 οὐν
1071 5903 1172 5956 οὐκ
1204 5902 1270 5956 ἂν
1321 5903 1497 5957 ἕλοιτο
1533 5900 1675 5959 εἶναι
1708 5905 1822 5960 ἄνω

1931 4789 2400 4858 corrumpuntur?
2453 4787 2650 4843 Postea
2708 4787 2835 4857 quia
2908 4802 3106 4841 aurum
3159 4801 3190 4839 a
3238 4786 3384 4839 tinea
3453 4798 3566 4839 non

1926 4881 2322 4949 corrumpitur,
2349 4880 2509 4946 dixit,
2567 4890 2624 4935 et
2669 4895 2778 4948 quo
2828 4878 2917 4933 fur
2971 4895 3078 4933 non
3130 4877 3364 4932 accedit.
3391 4873 3565 4932 Tiuea

1935 4975 2163 5043 quidem
2209 4989 2317 5028 non
2359 4973 2668 5043 corrumpit
2717 4988 2936 5038 aurum,
2964 4972 3060 5027 sed
3096 4973 3186 5024 fur
3217 4969 3428 5039 diripit.
3462 4967 3569 5022 De-

1930 5070 2099 5138 nique
2135 5069 2265 5138 quia
2315 5083 2422 5122 non
2457 5067 2639 5121 omnia
2679 5066 2824 5121 furtu
2878 5073 3136 5134 pereunt,
3164 5063 3353 5130 adjicit
3392 5063 3564 5116 ratio-

1929 5176 2054 5217 item
2113 5163 2404 5228 majorem,
2453 5169 2506 5214 ct
2557 5159 3000 5214 contradictione
3049 5156 3417 5226 superiorem.
3459 5151 3567 5210 Ubi

1927 5253 2074 5308 enim
2121 5263 2206 5307 est
2254 5253 2550 5307 thesaurus
2603 5262 2809 5312 vester,
2838 5249 3173 5320 inqttit,illic
3225 5256 3281 5303 et
3328 5262 3425 5303 cor
3472 5260 3570 5301 ve-

1931 5356 2105 5402 strum
2139 5347 2266 5402 erit.
2298 5345 2429 5399 Esto
2464 5346 2634 5410 enim,
2658 5345 3023 5415 inqttit,qttod
3053 5357 3230 5410 neque
3263 5345 3411 5395 tinea
3447 5356 3569 5393 cor-

1935 5450 2182 5510 rumpat,
2215 5455 2394 5508 nequc
2427 5439 2517 5494 fur
2543 5440 2775 5495 accedat
2807 5456 2820 5491 :
2864 5439 3006 5492 istuc
3043 5436 3223 5504 ipsum
3257 5447 3440 5488 tamen
3472 5433 3570 5486 ha-

1939 5535 2068 5589 bere
2094 5549 2188 5590 cor
2215 5534 2492 5588 addictum
2533 5536 2794 5589 thesauro
2827 5530 3066 5596 defosso,
3092 5542 3145 5586 et
3174 5531 3416 5584 animant
3445 5541 3568 5597 quae

1939 5630 2125 5683 divina
2163 5630 2444 5698 possessio
2485 5641 2590 5695 est,
2643 5628 2870 5696 injicere
2929 5639 3110 5691 terra,
3146 5624 3312 5696 375
3365 5638 3460 5690 per
3510 5637 3570 5676 se

1940 5733 2148 5794 qumtto
2191 5722 2464 5793 supplicio
2499 5722 2667 5776 fuerit
2710 5721 2985 5791 dignum?
3018 5721 3128 5774 imo
3153 5715 3427 5786 quomodo
3458 5729 3566 5768 non

1933 5830 2177 5880 summo,
2205 5814 2252 5867 si
2291 5815 2415 5884 quis
2448 5814 2898 5869 animadvertat?
2930 5813 3033 5869 Ubi
3076 5812 3221 5865 cnim
3275 5809 3572 5863 thesaurus

1934 5908 2390 5973 tuus,illicetcor
2417 5917 2566 5963 tuum
2599 5925 2610 5962 :
2639 5909 2683 5963 si
2710 5909 2762 5964 itt
2788 5919 2935 5963 terra
2962 5907 3070 5973 illc,
3092 5913 3148 5961 ct
3174 5907 3226 5959 itt
3255 5912 3399 5957 terra
3420 5899 3567 5956 hoc:
