4038 6494
569 435 679 499 895

1490 425 2074 490 THEOPHYLACTI
2109 422 2521 493 BULGARIE
2560 422 2917 485 ARCHIEP.

3744 425 3851 488 896

574 551 660 609 sin
721 556 899 605 autem
956 545 1010 600 in
1069 542 1209 611 ctelo
1244 541 1354 609 ille,
1396 555 1613 596 sursum
1652 550 1737 595 est
1765 548 1822 594 et
1860 538 1988 593 hoc.
2033 536 2165 603 Quis

2283 535 2361 588 cal.
2386 534 2462 605 μὴ
2500 533 2606 587 ὑπὸ
2628 533 2763 603 γῆνς
2792 533 3027 602 ἄγγελος
3069 516 3217 589 arva:
3253 536 3347 591 και
3372 535 3450 608 μὴ
3480 534 3738 603 ἀσπάλαξ
3762 529 3864 591 ύπδ

575 644 739 715 igitur
758 655 864 696 non
896 650 1270 699 sursumesse,
1286 645 1341 690 et
1363 650 1467 689 non
1486 632 1587 688 sub
1604 643 1769 698 terra,
1795 632 2015 685 mallet?
2033 632 2167 698 Quis

580 731 982 799 uondiligeret
1017 729 1196 798 potius
1226 741 1347 782 esse
1385 723 1817 795 angelus,quam
1856 722 1999 793 talpa
2027 734 2168 778 scm-

576 842 677 898 per
706 826 759 879 in
789 823 1160 879 subterraneis
1188 819 1408 893 latebris
1436 817 1648 888 agens?

643 910 810 966 Vens.
836 909 1026 966 35-60.
1056 927 1074 959 ι
1114 907 1235 962 Sim
1262 908 1428 962 lumbi
1469 908 1635 962 vestri
1676 906 1976 975 praecincti,
2002 917 2055 960 et
2083 908 2167 960 lu-

575 1019 755 1063 ccrnae
783 1017 1045 1066 accensae,
1070 1012 1123 1056 et
1144 1017 1237 1055 vos
1268 1001 1475 1056 similes
1500 1001 1810 1054 lioniinibns
1839 1010 2164 1069 exspectan-

576 1098 720 1152 tibus
754 1096 1031 1150 dominum
1064 1111 1219 1148 suum
1258 1097 1475 1162 quando
1507 1106 1825 1147 revertatur
1856 1110 1883 1146 ιι
1922 1092 2162 1161 nuptiis:

578 1200 633 1242 ιιι
666 1205 787 1243 cum
821 1189 1030 1243 venerit
1062 1199 1115 1241 et
1142 1186 1456 1257 pulsaverit,
1497 1185 1781 1240 confestim
1814 1184 2062 1253 aperiant
2090 1185 2161 1239 el.

575 1277 724 1333 Beati
768 1279 911 1333 servi
946 1278 1043 1341 illi,
1069 1293 1205 1346 quos
1239 1292 1359 1329 cum
1393 1275 1603 1329 venerit
1639 1275 1916 1339 dominus,
1944 1275 2167 1329 invene-

577 1370 649 1424 rit
695 1369 995 1441 vigilantes.
1021 1359 1191 1435 Ameu
1224 1367 1343 1420 dico
1394 1366 1545 1420 vobis
1577 1369 1717 1435 quod
1751 1367 2049 1435 praecinget
2079 1380 2159 1431 se,

576 1471 630 1514 et
670 1458 828 1513 faciet
857 1459 978 1513 illos
1022 1460 1387 1521 discumbere,
1415 1466 1471 1511 et
1501 1458 1773 1511 transiens
1824 1456 2159 1511 ministrabit

579 1552 705 1606 illis.
730 1551 796 1605 Et
830 1552 873 1605 si
923 1552 1132 1606 venerit
1184 1552 1237 1605 in
1295 1550 1532 1606 secunda
1584 1550 1867 1623 vigilia,et
1900 1549 1953 1603 in
2005 1549 2162 1604 tertia

577 1645 757 1711 vigilia
792 1645 1016 1709 venerit,
1044 1654 1203 1712 atque
1239 1645 1315 1698 ita
1351 1645 1641 1709 invenerit,
1688 1645 1828 1699 beati
1859 1653 1990 1698 sunt
2018 1643 2165 1698 servi

580 1737 671 1791 illi.
712 1736 821 1791 lloc
852 1747 1032 1791 autem
1064 1737 1279 1801 scitote,
1303 1738 1445 1806 quod
1473 1738 1517 1793 si
1551 1737 1747 1791 scisset
1773 1736 2165 1806 paterfamilias

579 1846 684 1900 qua
716 1830 844 1883 hora
872 1828 957 1883 fur
992 1840 1252 1884 venturus
1294 1828 1499 1893 fuisset,
1524 1830 1800 1899 vigilasset
1830 1830 2035 1898 utique,
2065 1844 2163 1884 nec

580 1935 771 1989 passm
822 1922 1011 1975 fuisset
1060 1921 1264 1989 perfodi
1311 1922 1529 1973 donnnn
1560 1935 1736 1974 suam.
1775 1919 1840 1973 Et
1870 1934 1968 1975 vos
2002 1918 2167 1989 igitur

582 2022 758 2066 estate
797 2012 990 2080 parati,
1018 2011 1143 2079 quia
1172 2026 1277 2080 qua
1315 2012 1443 2065 hora
1476 2026 1579 2065 non
1613 2010 1836 2079 putatis,
1861 2006 2035 2064 Filius
2067 2010 2167 2065 ho-

585 2103 745 2155 minis
762 2104 961 2158 veniet.
993 2121 1012 2155 ι
1037 2100 1299 2156 Dominus
1328 2113 1613 2170 postquam
1651 2101 1975 2169 discipulum
2006 2116 2164 2156 suum

582 2196 787 2260 absque
820 2194 1109 2266 superﬂuis
1149 2196 1275 2251 fecit
1326 2204 1381 2250 ct
1413 2196 1637 2251 nudavit
1679 2197 1747 2251 ab
1772 2196 1919 2250 omni
1960 2196 2167 2250 sollici-

586 2289 773 2342 tudine
804 2296 860 2341 et
890 2288 1186 2357 cupiditate
1220 2288 1619 2355 temporalium,
1648 2289 1785 2343 ctita
1809 2288 1968 2357 plane
1994 2288 2166 2343 levem

587 2380 843 2445 reddidit,
869 2396 1013 2435 nunc
1044 2389 1095 2435 et
1127 2380 1434 2435 ministrum
1472 2398 1628 2436 suum
1663 2381 1813 2437 facit.
1840 2382 1972 2436 Eum
2016 2382 2161 2436 enim

588 2470 676 2540 qui
714 2470 963 2526 minister
982 2486 1105 2526 esse
1123 2472 1375 2537 voluerit,
1406 2472 1577 2527 levem
1608 2482 1663 2528 et
1695 2474 2003 2542 expeditum
2042 2486 2167 2527 esse

586 2572 819 2633 oportet;
849 2565 965 2619 ideo
988 2565 1123 2619 dicit
1150 2583 1162 2619 :
1188 2565 1307 2618 Sint
1331 2566 1497 2620 lumbi
1532 2566 1697 2620 vestri
1726 2565 2029 2636 praecincti,
2064 2565 2167 2619 hoc

586 2665 688 2721 est,
728 2655 976 2711 omnibus
1019 2658 1194 2711 modis
1245 2659 1415 2727 parati
1445 2667 1618 2713 estote
1647 2659 1713 2711 ad
1746 2673 1909 2729 opera
1945 2658 2161 2713 Domini

592 2749 777 2803 vestri.
802 2748 867 2803 Et
896 2751 1129 2807 lucernze
1151 2753 1403 2807 ardentes
1432 2753 1486 2807 in
1520 2752 1771 2806 manibus
1804 2753 2021 2818 vestris,
2062 2754 2168 2808 hoc

593 2848 697 2903 cst,
744 2855 812 2893 ne
860 2841 914 2894 in
965 2843 1207 2898 tenebris
1258 2852 1311 2896 et
1377 2844 1582 2913 absque
1610 2843 1816 2913 judicio
1856 2846 2170 2907 versemini,

586 2929 687 2983 sed
734 2931 804 2983 sit
850 2931 1004 2986 vobis
1041 2932 1220 2986 lumen
1253 2932 1424 3000 verbi,
1458 2935 1601 3003 quod
1638 2935 1962 2989 monstrabit
2017 2936 2172 2989 vobis

591 3034 711 3090 qua:
754 3020 996 3075 facienda
1030 3032 1082 3076 et
1120 3038 1236 3091 qua:
1281 3039 1390 3077 non
1446 3023 1710 3080 facienda.
1757 3024 1848 3080 Est
1884 3024 2046 3096 igitur
2080 3008 2171 3080 hic

594 3113 827 3166 mundus
868 3128 995 3168 nox.
1020 3111 1189 3169 Porro
1218 3115 1479 3171 succincti
1514 3117 1711 3172 lumbis
1738 3127 1888 3183 sunt,
1912 3117 2004 3188 qui
2035 3117 2171 3172 acti-

2273 628 2376 699 γῆν
2410 627 2495 681 ἀεὶ
2527 628 2584 680 ὲν
2613 629 2725 691 τοῖς
2760 627 3036 698 ὀρύγμασι
3067 627 3430 699 διαιτώμενος

2348 924 2365 958 ι
2417 906 2702 958 Ἔστωσαν
2735 902 2896 973 ὑμῶν
2918 902 2983 957 al
2997 901 3199 968 ὀσφύες
3221 899 3673 971 περιεζωσμέναι
3706 904 3799 955 καὶ
3816 901 3866 955 οί

2269 995 2450 1066 λῦχνοι
2479 997 2782 1065 καιόμενοι,
2812 998 2903 1048 καὶ
2945 996 3103 1065 ὑμεῖς
3132 995 3307 1063 ὅμοιοι
3341 994 3657 1065 ἀνθρώποις
3688 1011 3856 1065 προσ-

2268 1089 2578 1160 δεχομένοις
2605 1089 2697 1141 τόν
2734 1087 2923 1157 κύριον
2945 1086 3155 1141 ἑαυτῶν
3187 1086 3315 1139 πότε
3346 1087 3609 1139 ἀναλύσει
3646 1088 3714 1140 ἐκ
3767 1086 3866 1139 τῶν

2275 1186 2491 1254 γάμων,
2548 1183 2635 1236 ἴνα
2672 1181 2918 1244 ἐλθόντος
2950 1181 3045 1236 καὶ
3094 1180 3453 1248 κρούσαντος,
3483 1178 3692 1241 εὐθέως
3722 1180 3863 1233 ἀνοίν

2272 1277 2437 1343 ξωσιν
2479 1277 2629 1347 αύτῷ
2651 1294 2665 1309 ο
2704 1277 2966 1348 μακάριοι
2996 1277 3047 1328 οί
3078 1274 3256 1328 δοῦλοι
3286 1276 3488 1328 ἐκεῖνοι
3518 1272 3615 1336 οὓς
3645 1272 3817 1326 ἐλθὼν
3840 1276 3867 1328 6

2269 1372 2457 1443 κύριος
2488 1371 2709 1440 εὑρήσει
2744 1367 3174 1440 γρηγοροῦντας.
3214 1368 3387 1436 ’Δμὴν
3414 1366 3558 1432 λέγω
3591 1366 3758 1435 ὑμῖν,
3787 1365 3864 1419 ὅτι

2269 1463 2661 1534 περιζώσεται,
2690 1463 2785 1515 καὶ
2834 1459 3120 1514 ἀνακλινεῖ
3152 1459 3374 1522 αὐτοὺς,
3424 1458 3520 1511 καὶ
3576 1458 3866 1528 παρελθὼν

2272 1558 2585 1626 διακονήσει
2638 1555 2844 1617 αὐτοῖς.
2879 1551 2990 1606 Καὶ
3021 1552 3117 1605 ἐὰν
3165 1550 3295 1622 ἔλθη
3325 1552 3382 1603 ὲν
3408 1553 3475 1619 τῇ
3508 1548 3747 1619 δευτέρᾳ
3773 1564 3868 1615 φυ-

2269 1649 2435 1719 λακῇ,
2469 1650 2562 1701 καὶ⁵
2600 1648 2659 1699 ὲν
2680 1650 2745 1717 τῇ
2780 1646 2938 1717 τρίτῃ
2974 1644 3218 1715 φυλακῇ,
3252 1643 3347 1695 καὶ
3373 1642 3509 1712 εὖρη
3527 1640 3735 1704 οὕτως,
3772 1659 3868 1711 μα-

2269 1740 2451 1809 κάριοί
2493 1741 2633 1791 εἰσιν
2661 1739 2709 1791 οί
2755 1737 2933 1791 δοῦλοι
2979 1739 3199 1789 ἐκεῖνοι.
3257 1734 3431 1787 Τοῦτο
3455 1734 3511 1787 δὲ
3539 1733 3877 1801 γινώσκετε,

2268 1834 2350 1885 δτι
2371 1834 2416 1885 εί
2441 1831 2557 1901 ᾔδει
2587 1833 2614 1884 6
2640 1830 3042 1899 οἰκοδεσπότης
3071 1827 3203 1899 ποίᾳ
3236 1827 3358 1897 ὥρᾳ
3384 1829 3411 1879 ὁ
3438 1826 3688 1897 κλέπτης
3716 1826 3869 1897 ἔρχε-

2269 1942 2383 1985 ται,
2412 1923 2786 1993 ἐγρηγόρησεν
2846 1921 2937 1986 ἂν,
2969 1922 3065 1975 καὶ
3092 1921 3193 1974 ούκ
3219 1921 3287 1974 ἂν
3317 1920 3501 1989 ἀφῆκε
3547 1920 3869 1990 διορυγῆνει

2270 2018 2363 2070 τὸν
2386 2012 2533 2070 οἶκον
2570 2015 2755 2071 αὐτοῦ.
2794 2015 2907 2069 Καὶ
2938 2016 3099 2083 ὑμεῖς
3127 2009 3223 2067 οὖν
3254 2014 3472 2081 γίνεσθε
3505 2013 3753 2082 ἔτοιμοι,
3791 2014 3871 2067 δτι

2270 2095 2303 2183 ᾗ
2335 2110 2457 2181 ὥρᾳ.
2486 2111 2545 2163 ού
2574 2110 2805 2175 δοκεῖτε,
2839 2110 2868 2162 6
2899 2108 3032 2172 Υἰός
3082 2106 3178 2160 τοῦ
3211 2105 3501 2177 ἀνθρώπου
3561 2108 3808 2176 ἔρχεται.
3848 2125 3867 2159 ι

2284 2202 2603 2273 ’Δπέριττον
2639 2200 2872 2267 ποιήσας
2917 2198 3010 2251 τὸν
3061 2198 3315 2269 μαθητὴν
3368 2197 3537 2252 αὑτοῦ
3579 2200 3606 2251 6
3642 2198 3868 2269 Κύριος.

2271 2294 2365 2347 καὶ
2397 2291 2696 2361 γυμνώσας
2732 2292 2897 2345 αὐτὸν
2935 2292 3116 2361 πάσης
3153 2290 3418 2361 βιωτικῆς
3469 2292 3751 2362 μερίμνης
3781 2290 3875 2345 καὶ

2276 2383 2681 2455 μετεωρισμοῦ,
2731 2383 2828 2437 καὶ
2859 2388 3064 2451 κοῦφον
3116 2382 3612 2453 ἀπεργασάμενος,
3648 2384 3751 2453 ήδη
3782 2382 3875 2437 καὶ

2272 2475 2554 2547 ὑπηρέτην
2578 2475 2740 2529 αὑτὸν
2761 2476 2923 2529 ποιεῖ.
2949 2477 3041 2527 Δεῖ
3060 2474 3167 2545 γὰρ
3186 2475 3279 2527 τὸν
3298 2476 3600 2545 ὑπηρετεῖν
3625 2474 3873 2539 θέλοντα,

2273 2566 2476 2633 κοῦφον
2501 2561 2641 2623 εἶναι
2674 2567 2769 2618 καὶ
2790 2564 3012 2634 εύθαλῆ,
3044 2565 3123 2618 διό
3154 2582 3320 2637 φησιν
3341 2581 3358 2598 ο
3395 2567 3694 2620 Ἔστωσαν
3723 2567 3875 2637 ὑμῶν

2269 2659 2326 2712 ai
2360 2656 2565 2726 ὀσφύες
2598 2656 3060 2727 περιεζωσμέναι,
3094 2657 3232 2727 ὅπερ
3266 2658 3715 2727 εστιν,”Ετοιμοι
3745 2659 3876 2712 πᾶν·

2270 2766 2395 2803 τοτε
2421 2747 2684 2815 φαίνεσθε
2721 2749 2858 2819 πρὸς
2876 2750 2943 2803 τὰ
2961 2748 3100 2819 ἔργα
3127 2748 3222 2804 τοῦ
3253 2750 3530 2803 Δεσπότου
3558 2749 3740 2820 ὑμῶν.
3769 2750 3876 2804 Καὶ

2271 2844 2320 2896 οί
2349 2841 2534 2912 λύχνοι
2588 2842 2899 2910 καιόμενον
2952 2841 3089 2910 ὅπερ
3141 2841 3281 2906 εστι,
3348 2842 3441 2912 Μὴ
3472 2843 3532 2893 ὲν
3569 2844 3758 2895 σκότει
3787 2847 3877 2895 καὶ

2278 2934 2504 3006 ἀκρισίᾳ
2536 2933 2777 3001 διάγετε,
2804 2932 2921 2986 ἀλλ’
2950 2932 3095 2986 ἔστω
3123 2933 3279 3004 ὑμῶν
3307 2934 3368 2987 τὸ
3400 2934 3496 2988 τοῦ
3533 2933 3701 3002 λόγου
3743 2936 3873 3004 φῶς,

2279 3032 2461 3081 πάντα
2520 3026 2874 3079 ὑποδεικνύον
2925 3025 2994 3079 τὰ
3042 3027 3293 3097 πρακτέα
3341 3028 3438 3081 καὶ
3480 3029 3557 3098 μὴ
3601 3030 3870 3100 πρακτέα.

2280 3120 2474 3174 Ἔστιν
2505 3117 2601 3173 οὖν
2653 3118 2749 3185 νὺξ
2774 3118 2801 3169 ὀ
2832 3118 3038 3187 κόσμος
3082 3113 3259 3181 οὗτος.
3319 3117 3656 3190 Ἐζωσμένοι
3695 3122 3752 3174 δὲ
3779 3121 3875 3182 τὰς

592 3218 714 3259 vam
747 3204 908 3259 vitam
928 3214 1094 3275 agunt
1124 3225 1137 3261 :
1165 3206 1429 3276 ejusmodi
1461 3208 1605 3263 enim
1640 3209 1919 3265 habitihus
1948 3220 2173 3265 utuntur

2283 3210 2509 3281 ὀσφύας,
2541 3211 2591 3263 oi
2626 3211 2725 3281 τὴν
2774 3209 3087 3281 πρακτικὴν
3122 3210 3422 3281 μετιόντες.
3476 3210 3738 3266 Τοιοῦτον
3771 3214 3876 3282 γάρ

594 3297 1071 3367 operarii,quibus
1116 3308 1171 3353 et
1218 3298 1534 3355 ardentibus
1589 3301 1833 3357 candelis
1890 3316 2025 3371 opus
2070 3311 2173 3358 est.

594 3385 743 3457 Opus
776 3387 919 3445 cnim
959 3388 1122 3444 habet
1155 3390 1269 3445 vita
1300 3391 1477 3446 activa
1506 3392 1670 3447 etiam
1698 3392 1882 3462 judicii
1916 3395 2076 3460 dono,
2119 3401 2179 3449 ut

596 3476 643 3531 is
678 3478 768 3547 qui
823 3480 1057 3533 activam
1096 3481 1261 3535 vitam
1315 3483 1445 3552 agit,
1472 3498 1575 3537 non
1633 3485 1806 3539 solum
1863 3485 1999 3539 sciat
2050 3485 2178 3554 quid

602 3578 849 3639 Oporteat
878 3570 1077 3639 facere,
1104 3574 1195 3627 sed
1220 3583 1272 3628 et
1304 3577 1595 3644 quomodo.
1616 3576 1763 3631 Multi
1796 3580 1939 3631 enim
1973 3578 2179 3633 bonum

597 3661 813 3731 quidem
870 3663 1139 3731 fecerunt,
1166 3666 1259 3719 sed
1318 3682 1423 3721 non
1472 3669 1629 3735 bene,
1664 3680 1719 3724 et
1777 3669 1911 3725 tales
1960 3672 2179 3742 quidem

600 3756 859 3810 succincti
897 3756 1116 3811 fuerunt
1150 3758 1367 3824 lumbis,
1390 3772 1443 3814 et
1468 3777 1630 3831 opera
1662 3763 1880 3832 quidem
1909 3764 2179 3832 fecerunt,

601 3848 694 3901 sed
726 3863 829 3901 non
863 3849 1000 3904 bene
1028 3865 1042 3903 :
1074 3865 1174 3905 nec
1218 3852 1521 3907 habuerunt
1562 3856 1817 3910 ardentes
1849 3857 2100 3911 lucernas
2129 3860 2180 3912 in

600 3939 875 4005 manibus,
900 3940 1003 3995 hoc
1035 3950 1137 4006 est,
1179 3959 1283 3997 non
1315 3944 1621 3999 habuerunt
1655 3960 1857 4003 rectum
1894 3951 2183 4021 judicium,

604 4032 697 4084 sed
720 4031 799 4084 vel
826 4031 876 4084 in
910 4031 1107 4085 fastum
1141 4034 1469 4101 inciderunt,
1492 4036 1574 4090 vel
1601 4036 1652 4089 in
1684 4036 1829 4093 aliud
1861 4044 2185 4111 arrogantia:

605 4123 978 4193 praecipitium.
1004 4125 1328 4182 Consideres
1348 4139 1527 4183 autem
1558 4139 1612 4185 et
1643 4132 1922 4203 hoc,quod
1946 4136 2182 4203 primum

605 4213 770 4270 lumbi
801 4217 970 4270 nostri
1008 4219 1267 4273 succincti
1301 4221 1430 4288 sint,
1453 4222 1645 4278 deinde
1670 4223 1907 4280 lucernae
1933 4228 2179 4283 ardeant.

606 4308 849 4364 Primum
908 4313 1051 4365 enim
1108 4316 1378 4383 operatio,
1429 4326 1484 4370 et
1532 4318 1726 4373 deinde
1778 4322 2184 4392 contemplatio,

609 4416 729 4469 qua:
761 4404 955 4457 mentis
984 4410 1070 4459 est
1099 4405 1411 4463 illustratio.
1437 4407 1683 4463 Lucerna
1712 4413 1857 4465 enim
1906 4423 1989 4467 est
2037 4429 2189 4469 mens

611 4503 821 4558 nostra,
857 4510 978 4563 quae
1004 4510 1125 4550 cum
1161 4496 1321 4553 habet
1364 4498 1547 4554 lumen
1605 4500 1698 4557 Dei
1751 4502 1801 4557 in
1855 4520 1913 4560 se
1953 4504 2186 4575 fulgens,

2279 3302 2339 3355 τι
2368 3302 2556 3373 σχῆμα
2585 3302 2695 3355 τῶν
2752 3302 3084 3373 δργατικῶν,
3113 3296 3196 3367 οἷς
3227 3303 3310 3357 δεῖ
3337 3304 3433 3358 καὶ
3468 3304 3597 3368 τοὺς
3653 3303 3878 3374 λύχνους

2280 3398 2562 3466 προσεῖναι
2596 3394 2941 3465 καιομένους.
2970 3396 3062 3447 Δεῖ
3091 3395 3198 3466 γὰρ
3222 3398 3291 3468 τῇ
3332 3398 3618 3467 πρακτικῇ
3658 3398 3881 3467 προσεῖ-

2282 3507 2371 3542 ναι
2403 3488 2499 3541 καὶ
2528 3487 2589 3540 τὸ
2620 3490 2718 3559 τῆς
2752 3486 3081 3557 διακρίσεως
3129 3488 3401 3559 χάρισμα,
3434 3489 3504 3542 ἶν’
3545 3489 3663 3559 ἔχοι
3707 3491 3883 3557 διατι-

2282 3579 2517 3632 νώσκειν
2548 3581 2576 3632 6
2605 3578 2931 3648 πρακτικὸς,
2962 3579 3023 3632 ού
3058 3579 3218 3649 μόνον
3245 3578 3299 3632 τί
3343 3581 3450 3651 χρὴ
3498 3584 3700 3646 ποιεῖν,
3747 3582 3882 3636 ἀλλὰ

2284 3675 2377 3727 καί
2415 3675 2475 3727 τὸ
2507 3675 2645 3738 πῶς.
2682 3672 2877 3726 Πολλοὶ
2905 3672 3006 3742 μὲν
3042 3670 3152 3741 γὰρ
3183 3671 3246 3724 τδ
3277 3672 3443 3726 καλὸν
3495 3673 3789 3742 ἐποίησαν,
3821 3674 3880 3726 ού

2283 3766 2465 3829 καλῶς
2513 3766 2589 3819 δέ’
2624 3767 2672 3818 οί
2718 3763 2949 3817 τοιοῦτοι
3000 3761 3094 3816 οὖν
3142 3762 3245 3826 τὰς
3306 3762 3407 3833 μὲν
3477 3764 3696 3832 ὀσφύας
3744 3760 3883 3834 ἦσαν

2285 3857 2757 3929 περιεζωσμένου
2819 3857 3091 3927 ἔπραττον
3142 3854 3272 3926 γάρ,
3336 3856 3464 3919 τοὺς
3531 3855 3592 3908 δὲ
3653 3854 3880 3927 λύχνους

2285 3951 2384 4004 οὐκ
2455 3944 2599 4019 εἶχον
2688 3950 3052 4020 καιομένους,
3131 3948 3420 4003 τουτέστιν
3452 3989 3469 4017 ,
3551 3951 3655 4003 οὐκ
3740 3947 3885 4021 εἶχον

2286 4042 2385 4114 τὴν
2416 4044 2480 4095 ὲκ
2526 4042 2619 4096 τοῦ
2654 4043 2809 4110 λόγου
2870 4042 3164 4113 διάκρισιν,
3212 4041 3331 4096 ἀλλ’
3362 4043 3396 4111 ἢ
3444 4044 3525 4103 εἰς
3572 4043 3746 4113 τύφον
3793 4046 3882 4096 ἰν-

2286 4136 2506 4200 έπεσον,
2539 4137 2570 4207 ἢ
2606 4138 2684 4199 είς
2732 4134 2894 4199 ἄλλον
2947 4134 3207 4198 ἀπονοίας
3263 4135 3535 4206 κρημνόν.
3563 4134 3802 4204 Νοήσεις
3831 4137 3883 4189 δὲ

2287 4229 2383 4283 καὶ
2413 4229 2592 4295 τούτο,
2628 4230 2707 4281 ὄτι
2739 4228 2953 4298 πρῶτον
2982 4230 3037 4282 ai
3067 4226 3267 4297 ὀσφύες
3311 4226 3471 4297 ἡμῶν
3508 4226 3883 4297 περι-ζώννυν-

2290 4338 2404 4387 ται,
2436 4316 2554 4372 εἶτα
2582 4321 2629 4373 οἱ
2663 4319 2846 4389 λύχνοι
2901 4320 3171 4373 καίονται.
3213 4318 3442 4389 Πρῶτον
3494 4318 3608 4391 γάρ
3660 4319 3879 4392 πρᾶξις,

2295 4407 2418 4465 εἶτα
2454 4410 2678 4483 Θεωρία,
2727 4412 2849 4480 ἥτις
2893 4411 3011 4463 ἐστὶ
3058 4410 3152 4463 τοῦ
3194 4409 3286 4464 νοῦ
3334 4410 3625 4481 ἔλλαμψις.
3681 4413 3883 4483 Λύχνος

2291 4502 2399 4573 γὰρ
2428 4505 2455 4555 ὁ
2484 4501 2608 4565 νοῦς
2658 4502 2835 4572 ἡμῶν,
2866 4501 2921 4565 ὃς
2964 4503 3094 4556 ὅταν
3142 4501 3240 4573 ἔχῃ
3269 4501 3331 4555 τὸ
3373 4501 3491 4571 φῶς
3533 4501 3631 4556 τοῦ
3664 4503 3801 4558 θεοῦ
3827 4507 3883 4558 ὲν

607 4592 721 4637 tum
760 4584 958 4640 dicitur
990 4588 1202 4643 ardere.
1234 4588 1435 4645 Demus
1476 4592 1641 4661 igitur
1676 4609 1922 4665 operam,
1969 4607 2029 4651 ut
2079 4600 2175 4653 vir-

2294 4596 2442 4668 αὑτῷ
2464 4595 2702 4667 λάμπον,
2732 4596 2855 4648 τότε
2890 4595 3107 4663 λέγεται
3158 4594 3414 4648 καίεσθαι
3437 4608 3452 4623 ⁸
3483 4596 3882 4665 οπουδάσωμεν

610 4683 723 4729 tute
747 4676 917 4733 simus
942 4679 1151 4747 praediti
1182 4682 1314 4735 duas
1352 4683 1613 4739 habentes
1636 4685 1885 4743 lucernas
1908 4690 2183 4756 ardentes,

609 4777 664 4821 et
716 4783 1025 4824 sermonem
1080 4772 1349 4828 internum
1375 4774 1427 4828 in
1459 4775 1837 4843 al'fectibus,ct
1864 4797 2023 4851 quem
2060 4798 2185 4852 pro-

612 4863 922 4916 nuntiamus
951 4880 965 4917 ι
993 4871 1047 4918 et
1074 4864 1345 4920 internum
1378 4867 1595 4938 quidem
1632 4877 1689 4923 ut
1732 4886 1829 4939 per
1859 4875 2037 4928 omnia
2071 4877 2187 4931 atii-

614 4966 753 5005 mam
792 4953 1023 5010 illustret
1054 4974 1069 5011 :
1102 4973 1224 5013 eum
1257 4969 1436 5015 autem
1472 4958 1632 5032 quem
1671 4964 2018 5032 proferimus,
2046 4976 2102 5021 ut
2130 4968 2183 5022 in

609 5044 774 5116 376
807 5045 983 5117 lingua
1015 5048 1274 5122 refulgent
1302 5051 1533 5108 lucidus.
1559 5055 1807 5110 lnternus
1842 5072 1942 5111 nos
1988 5057 2190 5113 illumi—

614 5148 726 5203 net,
778 5140 1060 5195 doctorum
1096 5153 1272 5198 autem
1319 5160 1516 5209 sermo,
1551 5158 1605 5203 et
1639 5149 1729 5217 qui
1790 5152 2189 5220 pronuntiatur,

617 5229 770 5285 alios.
799 5232 863 5287 Et
885 5250 980 5289 nos
1006 5236 1211 5291 similes
1235 5236 1401 5293 simus
1421 5240 1729 5296 hominibus
1748 5246 2192 5314 exspectantibus

616 5322 887 5381 dominum
926 5344 1080 5382 suum
1134 5330 1353 5399 quando
1402 5342 1708 5389 revertatur
1738 5352 1767 5390 a
1804 5338 2023 5406 nuptiis.
2054 5338 2190 5405 Quis

616 5424 795 5469 autem
826 5416 911 5472 hic
943 5418 1191 5475 dominus
1222 5421 1359 5476 alius
1388 5439 1549 5491 quam
1581 5425 1833 5485 Christus
1861 5427 2019 5484 Jesus
2050 5431 2072 5484 ’Ξ
2098 5432 2189 5501 qui

613 5506 905 5565 humanam
928 5513 1143 5582 quidem
1170 5518 1464 5587 assompsit
1490 5532 1761 5586 naturam,
1781 5533 1832 5576 et
1865 5524 2005 5579 sicut
2031 5539 2193 5595 spon-

613 5616 729 5658 sam
756 5601 1025 5672 copulavit
1051 5607 1172 5673 sibi,
1196 5618 1247 5663 ct
1276 5611 1495 5680 nuptias
1522 5612 1667 5678 fecit,
1695 5614 1745 5665 in
1772 5629 1991 5667 carnem
2024 5633 2186 5671 uuam

618 5694 665 5748 ei
697 5710 756 5750 se
790 5695 1130 5766 adiungendo
1163 5721 1175 5755 :
1210 5703 1316 5757 imo
1354 5720 1458 5758 non
1491 5721 1626 5759 unas
1664 5706 1792 5761 fecit
1841 5710 2076 5777 nuptias:
2098 5713 2191 5765 sed

622 5788 839 5846 multas.
865 5791 1115 5857 Quotidie
1141 5796 1278 5849 cnim
1324 5798 1521 5868 nuptia:
1561 5801 1691 5854 fiunt
1734 5802 1786 5854 in
1819 5802 1956 5857 ccelo
1980 5814 2193 5857 sancta-

623 5893 738 5934 rum
772 5883 1096 5951 animarum,
1142 5904 1270 5956 σιιιηδ
1302 5892 1346 5944 εἰ
1398 5894 1737 5948 comnicndat
1789 5893 2117 5961 l‘attlizs,vcl
2149 5897 2192 5951 si

2290 4687 2384 4741 οὖν
2417 4689 2620 4759 ἀρετὴν
2650 4689 2859 4751 ἀσκεῖν,
2893 4687 2982 4740 ἵνα
3005 4688 3130 4751 τοὺς
3159 4684 3254 4739 δύο
3280 4684 3513 4757 λύχνους
3540 4688 3707 4758 ἡμῶν
3738 4704 3882 4741 καίοι

2294 4782 2486 4852 μένους
2526 4781 2738 4851 ἔχωμεν
2765 4821 2779 4843 ,
2822 4780 2915 4833 τόν
2961 4797 3021 4833 τε
3060 4779 3367 4834 ἐνδιάθετον
3418 4780 3606 4848 λόγον,
3662 4783 3759 4834 καὶ
3795 4779 3881 4834 τὸν

2296 4874 2654 4946 προφορικόν,
2689 4872 2781 4927 τὸν
2813 4874 2912 4943 μὲν
2951 4871 3256 4926 ἐνδιάθετον
3293 4870 3383 4925 διὰ
3432 4871 3642 4935 παντὸς
3687 4872 3883 4941 ἀστρά-

2294 4982 2497 5019 πτοντα
2520 4966 2578 5017 ὲν
2606 4968 2673 5035 τῇ
2694 4964 2861 5035 ψυχῇ,
2895 4964 2987 5018 τὸν
3012 4963 3069 5017 δὲ
3100 4963 3437 5034 προερορικόν
3464 4965 3523 5017 ὲν
3553 4965 3620 5034 τῇ
3642 4963 3879 5033 γλώσσῃ.

2308 5058 2366 5113 '0
2402 5058 2501 5127 μὲν
2534 5056 2641 5128 γὰρ
2693 5057 2841 5110 ἔνδον
2878 5057 3027 5128 ἡμᾶς
3067 5056 3314 5122 φωτίζει,
3347 5058 3375 5109 6
3405 5054 3462 5110 δὲ
3503 5056 3882 5117 διδασκαλικὸς

2296 5150 2389 5201 καὶ
2416 5149 2749 5218 προφορικῖμς
2776 5148 2966 5217 λύχνος
2999 5148 3125 5212 τοὺς
3152 5146 3373 5211 ἄλλους.
3411 5146 3527 5200 Καὶ
3552 5150 3717 5218 ἡμεῖς
3741 5141 3883 5216 ὦμεν

2294 5241 2468 5311 ὅμοιοι
2500 5240 2812 5311 ἀνθρώποις
2838 5239 3295 5311 προσδεχομένοις
3318 5239 3410 5292 τὸν
3428 5240 3641 5312 Κύριον
3663 5240 3881 5301 ἑαυτῶν,

2300 5335 2431 5386 πότε
2467 5334 2724 5386 ἀναλύσει
2752 5336 2816 5386 ὲκ
2845 5333 2952 5385 τῶν
2981 5333 3179 5402 γάμων
3199 5349 3213 5363 ο
3236 5332 3318 5395 τίς
3342 5331 3397 5385 δὲ
3423 5326 3586 5396 οὗτος
3610 5334 3637 5385 ὀ
3663 5333 3882 5404 Κύριος,

2302 5426 2333 5497 ἢ
2366 5429 2391 5479 ὀ
2424 5425 2655 5495 Χριστὸς
2686 5428 2714 5478 ὀ
2754 5424 2992 5495 Ἰησοῦςς
3032 5427 3128 5488 Ὃς
3162 5424 3262 5496 τὴν
3312 5424 3676 5496 ἀνθρωπίνην
3734 5424 3884 5495 φύσιν

2300 5518 2589 5573 ἀναλαόὼν
2634 5518 2708 5582 ὡς
2766 5519 3008 5590 νύμφην,
3050 5519 3145 5571 καὶ
3177 5516 3386 5581 ὲνώσας
3459 5518 3670 5588 ἑαυτῷ,
3718 5519 3885 5589 γάμον

2298 5612 2553 5683 ἐποίησεν
2588 5614 2667 5675 είς
2700 5611 2877 5682 σάρκα
2912 5611 3040 5681 μίαν
3069 5612 3208 5681 αὐτῇ
3238 5593 3551 5680 κο).ληοεὶς’,
3589 5611 3793 5679 μᾶλλον
3812 5611 3888 5672 δὲ.

2294 5707 2393 5778 οὐχ
2424 5706 2516 5759 ἔνι
2552 5706 2727 5775 γάμον
2760 5706 3013 5770 ποιεῖται,
3041 5704 3175 5757 ἀλλὰ
3202 5702 3457 5767 πολλούς·
3495 5703 3629 5757 καθ’
3660 5706 3888 5774 ἑκάστην

2297 5801 2405 5869 γὰρ
2441 5801 2671 5879 ἡμέραν⁶
2703 5799 3039 5870 νυμφεύεται
3084 5800 3140 5851 ἐν
3175 5798 3393 5870 ούρανῷ
3428 5799 3530 5861 τὰς
3581 5800 3695 5854 τῶν
3724 5799 3888 5869 ἀγίιον

2300 5894 2494 5963 ww"
2529 5894 2593 5959 δέ
2637 5896 2952 5965 “finitiva
2998 5893 3143 5961 αιιτιξι

3203 5893 3439 5956 Παῦλος,
3472 5894 3503 5958 ἢ
3549 5896 3599 5947 -.ῖ
3632 5911 3715 5958 τις
3756 5908 3886 5946 κατι

3450 6485 3488 6491 ﬁ
3558 6486 3614 6494 ή-
3650 6486 3762 6494 ---
3808 6486 3854 6494 ἡ·
3890 6486 3895 6487 ν
