4038 6516
231 460 334 527 897

951 451 1404 516 ENARRATIO
1444 451 1527 512 IN
1557 448 1851 513 EVANGE

1959 445 2071 509 UM
2116 445 2362 508 LUC.‘E.
2391 468 2459 478 -
2497 444 2661 503 (ἈΡ.
2709 441 2846 502 ΧΠ.

3473 436 3580 502 833

235 572 473 638 Παῦλον,
528 568 837 642 παρθένους
879 566 1072 634 ἀγνάς.
1131 565 1384 619 ’Δναλύεί
1420 565 1479 618 δὲ
1525 566 1590 617 ἐκ
1635 562 1745 617 τῶν
1775 564 1847 624 ,ἐν

1959 561 2080 632 quis
2109 561 2307 616 similis
2341 557 2527 622 Paulo,
2571 559 2811 628 virgines
2875 563 3063 610 castas
3087 554 3156 610 ⁸⁸.
3209 552 3370 609 Redit
3398 563 3579 609 autem

231 668 489 739 οὐρανοῖς
526 665 745 734 γάμων,
774 662 918 731 τάχα
954 660 1055 731 μὲν
1086 659 1397 722 καθολικῶς
1427 661 1488 714 ὲν
1515 661 1580 730 τῇ
1611 657 1844 712 καθόλου

237 761 544 830 συντελείᾳ,
583 759 669 809 ὅτε
695 755 790 808 ἀπ’
821 752 1056 825 ούρανοῦ
1095 751 1381 806 ἐλεύσεται
1407 754 1466 805 ἐν
1496 755 1561 823 τῇ
1594 750 1724 824 δόξῃ
1749 751 1844 804 τοῦ

233 853 481 922 Πατρός.
515 849 667 916 Τάχα
698 848 753 899 δὲ
803 847 896 900 κα)⁸
930 844 1054 898 καθ’
1091 844 1335 914 ἑκάστην
1374 843 1524 915 ὥραν
1552 846 1609 894 ὲν
1638 846 1702 912 τῇ
1747 859 1848 912 με-

239 950 369 1018 ρικῇ
398 944 491 996 τοῦ
523 940 645 994 καθ’
674 941 774 994 ἕνα
821 938 1106 1009 συντελείᾳ
1138 939 1394 1008 ἀοράτως
1447 936 1542 990 καὶ
1572 935 1846 1006 ἀπροσδο-

234 1041 417 1110 κήτως
455 1037 828 1103 ἐφιστάμενος
851 1050 864 1063 ·
908 1049 1184 1102 μακαριος
1214 1031 1309 1084 οῦν
1335 1030 1566 1093 ἐκεῖνος,
1595 1030 1652 1081 ὃν
1681 1029 1847 1098 εὑρή-

235 1151 318 1186 σει
340 1129 782 1200 περιεζωσμένον
813 1124 911 1194 μὲν
927 1127 1025 1196 τὴν
1048 1125 1240 1193 ὀσφὺν,
1267 1119 1356 1176 οἷα
1379 1122 1444 1193 δὴ
1463 1122 1537 1192 τῷ
1557 1120 1848 1193 πρακτικῷ

238 1226 398 1296 μέρει
433 1224 532 1292 τῆς
567 1222 711 1274 κατά
741 1220 978 1290 Χριστὸν
1018 1216 1342 1286 φιλοσοφίας
1382 1214 1716 1283 Θεραπεύειν
1750 1213 1844 1266 τὸν

235 1320 374 1372 Θεὸν
409 1316 832 1387 ἑτοιμασθέντα,
876 1313 1076 1382 ἔχοντα
1115 1312 1171 1364 δὲ
1199 1311 1292 1362 τὸν
1328 1309 1520 1378 λύχνον
1555 1306 1650 1359 τοῦ
1685 1307 1846 1374 λόγου

233 1413 331 1465 καὶ
363 1413 462 1479 τῆς
493 1409 825 1477 διακρίσεως
865 1400 1181 1473 καιόμενον,
1216 1403 1309 1455 καὶ
1349 1403 1424 1472 μὴ
1462 1402 1625 1470 μόνον
1666 1401 1844 1470 πράτ-

232 1522 398 1558 τοντα
429 1504 486 1554 τὸ
523 1501 710 1566 καλὸν,
759 1497 907 1553 ἀλλά
932 1499 1030 1552 καὶ
1074 1496 1254 1559 καλῶς
1280 1513 1293 1527 ³
1325 1497 1390 1549 ού
1424 1496 1528 1566 μὴν
1583 1495 1721 1547 ἀλλά
1754 1494 1848 1546 καὶ

235 1598 335 1665 τὴν
376 1595 633 1665 θεωρίαν,
686 1587 796 1644 οἷόν
839 1610 921 1645 τιν
946 1609 980 1645 α
1005 1591 1199 1660 λύχνον
1246 1589 1581 1659 δεξάμενον·
1613 1589 1703 1640 διὰ
1740 1586 1848 1656 γὰρ

231 1688 328 1740 τοῦ
371 1687 470 1758 τὴν
500 1687 674 1755 ὀσφὺν
705 1684 1076 1753 περιεζῶσθαι
1117 1684 1464 1754 περιγίνεται
1531 1683 1663 1750 ἡμῖν
1698 1682 1792 1733 καὶ
1821 1680 1849 1732 6

233 1780 531 1848 καιόμενος
584 1779 777 1847 λύχνος
827 1779 928 1847 τῆς
982 1777 1241 1848 θεωρίας,
1302 1775 1504 1844 μᾶλλον
1554 1775 1610 1827 δὲ
1657 1774 1706 1826 οἱ
1753 1773 1849 1824 δύο

231 1872 442 1941 λύχνοι,
468 1873 494 1923 ὅ
513 1881 568 1922 τε
597 1870 900 1932 ἐνδιάθετος
957 1869 1049 1921 καὶ
1070 1870 1097 1919 6
1125 1868 1461 1936 προφορικός
1485 1883 1496 1896 ⁸
1519 1866 1597 1936 τῷ
1620 1867 1850 1934 τοιούτῳ

1958 672 2026 711 ex
2057 654 2374 710 caelestibus
2418 653 2647 722 nuptiis,
2696 647 2950 704 fortassis
2981 647 3033 701 in
3087 646 3384 702 universali
3439 661 3579 701 con-

1957 749 2326 805 summalione
2382 744 2591 808 mundi,
2652 742 2871 810 quando
2923 740 2990 793 de
3045 739 3202 795 caelis
3260 740 3444 792 veniet
3505 737 3563 792 in

1966 843 2136 915 gloria
2221 840 2423 895 Patris.
2482 836 2762 891 Fortassis
2828 843 3012 887 autem
3062 840 3120 886 et
3182 831 3236 886 in
3297 832 3568 885 uniuscu-

1953 937 2152 1006 jusque
2220 933 2439 1003 propria
2518 939 2694 984 morte
2751 929 3167 997 inexspectatus
3255 925 3575 979 adveniens.

1957 1028 2156 1082 Beatus
2206 1027 2372 1097 igitur
2399 1025 2487 1079 ille
2528 1039 2693 1086 quem
2732 1023 3001 1076 invenerit
3033 1020 3328 1074 succinctis
3357 1018 3576 1086 lumbis,

1960 1124 2061 1177 hoc
2107 1131 2212 1186 est,
2240 1135 2431 1174 Verum
2470 1117 2846 1176 Christianum
2883 1115 3267 1185 philosophum
3298 1121 3574 1182 agentem,

1957 1228 2015 1271 et
2072 1217 2139 1270 ad
2201 1214 2568 1270 ministerium
2626 1211 2720 1267 Dei
2777 1220 3247 1281 prteparatum,et
3285 1209 3578 1261 habentem

1957 1310 2240 1365 lucernam
2278 1308 2510 1363 rationis
2549 1315 2605 1360 et
2641 1306 2833 1376 judicii
2874 1305 3159 1358 ardentem
3192 1321 3205 1356 :
3243 1312 3302 1355 et
3341 1316 3446 1356 non
3481 1313 3571 1354 so—

1958 1403 2069 1458 lum
2116 1401 2406 1456 facientem
2441 1401 2588 1470 quod
2636 1402 2862 1462 bonum,
2911 1397 3008 1451 sed
3065 1399 3202 1449 bene
3236 1395 3400 1449 etiam
3434 1410 3449 1446 :
3481 1406 3574 1447 ac-

1959 1496 2368 1565 cipientemque
2404 1503 2458 1548 et
2485 1492 2965 1561 contemplationis
3019 1488 3322 1542 lucernam.
3358 1486 3578 1539 Haben-

1960 1592 2030 1644 do
2062 1589 2209 1643 enim
2269 1587 2485 1640 lumbos
2539 1587 2869 1655 prazcinctos
2902 1583 3006 1653 (a),
3033 1582 3192 1635 nobis
3242 1580 3463 1632 advenit
3495 1576 3578 1630 lu-

1961 1697 2125 1736 cerna
2174 1679 2660 1748 contemplationis
2695 1697 2708 1734 :
2742 1679 2854 1731 imo
2902 1676 3085 1744 potius
3144 1674 3384 1726 lucernae
3433 1671 3574 1734 duae,

1961 1791 2068 1829 una
2115 1789 2237 1842 qua:
2265 1783 2349 1827 est
2380 1773 2430 1825 in
2462 1773 2647 1834 corde,
2678 1777 2732 1823 et
2779 1769 2951 1823 altera
3006 1765 3296 1820 sermonis.
3325 1762 3584 1830 Ejusmoo

1962 1869 2017 1923 di
2065 1868 2303 1922 ministri
2351 1867 2515 1920 etiam
2566 1865 2831 1919 Dominus
2890 1860 3139 1915 minister
3185 1855 3576 1911 erit.Pra‘ecin-

233 1960 328 2016 οὖν
360 1963 658 2032 θεράποντι
710 1961 1030 2031 θεράπων’ὁ
1070 1959 1274 2028 Κύριος
1310 1959 1543 2027 γίνεται.
1597 1958 1846 2028 Περιζώο

1959 1971 2114 2036 getur
2167 1960 2339 2026 enim,
2392 1958 2592 2027 inquit,
2630 1968 2685 2011 et
2739 1955 3070 2010 recumbere
3123 1953 3246 2004 illus
3299 1950 3596 2026 facicl,etl

235 2072 394 2109 σεται
421 2056 554 2123 γὰρ,
580 2054 739 2124 φησι,
761 2055 853 2106 καὶ
875 2051 1158 2104 ἀνακλινεῖ
1178 2055 1402 2114 αὐτούς.
1428 2054 1538 2105 Καὶ
1557 2051 1847 2122 παρελθὼν

232 2150 548 2218 διακονήσει
606 2149 834 2210 αὐτοῖς’
901 2147 1312 2217 περιζώννυται
1375 2148 1472 2216 μὲν
1524 2143 1618 2198 οὖν
1653 2148 1679 2196 6
1715 2146 1846 2207 Θεὸς

233 2242 372 2295 καθὸ
397 2243 496 2312 οὐχ
527 2241 747 2294 ἃπασαν
789 2240 894 2311 τὴν
935 2241 1046 2293 τῶν
1077 2239 1302 2308 ἀγαθῶν
1357 2240 1513 2309 χύσιν
1558 2242 1693 2309 ἡμῖν
1723 2241 1848 2291 ἑπι-

233 2339 489 2406 χορηγεῖ,
546 2335 664 2387 ἀλλ’
702 2333 1028 2388 ἀναστέλλει
1080 2332 1286 2402 ταύτην
1315 2349 1328 2362 ’
1364 2333 1446 2395 τίς
1479 2333 1591 2402 γὰρ
1620 2332 1847 2386 δύναται

233 2425 491 2495 χωρῆσαι
527 2424 683 2487 Θεὸν,
712 2425 836 2486 ὅσος
869 2425 1023 2488 tati;
1052 2424 1158 2476 Καὶ
1181 2423 1338 2492 δῆλον
1364 2423 1427 2474 ὲκ
1450 2424 1556 2475 τῶν
1591 2424 1846 2494 Σεραφὶμ

235 2518 672 2587 καλυπτομένων
697 2517 787 2570 διὰ
817 2517 916 2586 τὴν
959 2516 1270 2586 ὑπερόολὴν
1314 2515 1410 2568 τοῦ
1450 2515 1596 2568 θείου
1635 2517 1845 2583 φωτόςο

233 2612 517 2665 ἀνακλίνει
565 2612 621 2663 δὲ
667 2613 794 2672 τοὺς
851 2612 1051 2674 καλοὺς
1092 2612 1314 2674 δούλους
1353 2626 1366 2640 ·
1412 2610 1568 2674 ὅλους
1615 2611 1726 2681 γὰρ
1780 2610 1848 2664 δι’

233 2706 378 2759 ὅλων
438 2705 744 2758 ἀναπαύει·
798 2705 874 2770 ὡς
926 2707 1090 2776 γάρό
1124 2705 1559 2775 ἀνακεκλιμένος
1614 2705 1736 2757 ὅλον
1777 2705 1839 2757 τὸ

237 2797 402 2868 σῶμα
437 2798 734 2859 ἀναπαύει,
770 2797 917 2850 οὕτω
955 2803 1050 2850 καὶ
1075 2799 1134 2850 ὲν
1158 2800 1224 2868 τῇ
1259 2797 1534 2868 μελλούσῃ
1567 2797 1849 2868 παρουσίᾳ

234 2892 352 2946 ὅλοι
382 2893 450 2944 δι’
484 2893 621 2945 ὅλων
653 2892 702 2944 οἱ
753 2892 899 2960 ἆγιοι
950 2892 1350 2948 ἀναπαύονται.
1426 2892 1698 2947 Ἐνταῦθα
1746 2893 1848 2962 μὲν

238 2982 356 3051 γὰρ
397 2981 474 3049 τῷ
506 2982 721 3051 σώματι
762 2981 949 3036 ἄνεσιν
1013 2983 1111 3053 οὑχ
1150 2983 1527 3052 εὑρίσκουσιν,
1578 2983 1762 3036 εκεῖσε
1790 2981 1847 3034 δὲ

238 3070 344 3122 σὺν
401 3073 524 3131 ταῖς
577 3072 778 3140 ψυχαῖς
813 3073 906 3123 καὶ
934 3071 1002 3122 τά
1035 3073 1392 3140 πνευματικὰ
1424 3071 1608 3125 αὐτῶν·
1654 3073 1757 3126 καὶ
1781 3072 1850 3125 τά

240 3157 364 3211 θεῖα
422 3157 654 3228 σώματα
706 3159 1020 3230 ἀφθαρσίαν
1081 3160 1610 3231 κληρονομήσαντα,
1667 3161 1850 3230 πάσης

238 3252 608 3315 ἀναπαύσεως
635 3253 1027 3316 ἀπολαύουσιν,
1058 3255 1149 3306 καὶ
1182 3254 1339 3307 ἔσται
1362 3258 1389 3308 6
1418 3255 1554 3318 Θεὸς
1574 3255 1645 3308 τὰ
1672 3257 1851 3310 πάντα

238 3349 298 3399 ἐν
319 3348 486 3398 πᾶσιν
520 3347 704 3408 αὐτοῖς
724 3363 738 3376 ο
762 3347 1004 3398 διακονεῖ
1030 3346 1084 3399 δὲ
1116 3348 1230 3410 τοῖς
1252 3347 1447 3412 ἀξίοις,
1479 3347 1851 3416 ἀμειϐόμενος

239 3439 443 3500 αὐτοὺς
475 3439 587 3499 τοῖς
611 3437 747 3499 ἴσοις
767 3454 779 3467 ·
813 3441 904 3491 καὶ
925 3437 1116 3508 ὥσπερ
1139 3439 1294 3491 αὐτοὶ
1321 3438 1472 3508 αύτῷ
1496 3439 1853 3510 διηκόνησαν,

239 3529 390 3584 οὕτω
421 3533 515 3582 καὶ
552 3526 714 3593 αὐτὸς
749 3531 932 3594 αὐτοῖς
957 3532 1254 3601 ὑπηρετῶν
1308 3535 1403 3584 καὶ
1444 3532 1644 3602 δαψιλῆ
1668 3533 1852 3596 αὐτοῖς

241 3627 508 3694 παρέχων
539 3625 845 3695 τράπεζαν,
896 3628 986 3689 καὶ
1019 3627 1118 3695 τὴν
1167 3627 1277 3678 τῶν
1327 3627 1723 3697 πνευματικῶν
1756 3644 1856 3698 χα-

241 3717 528 3788 ρισμάτων
558 3718 776 3788 τρυφὴν
809 3717 1194 3788 χαριζόμενος.
1219 3718 1472 3787 Φυλακὴν
1497 3719 1552 3771 δὲ
1581 3720 1852 3789 δευτέραν

239 3811 341 3862 καὶ
379 3809 571 3878 τρίτην
598 3813 823 3877 νοήσαις
853 3809 918 3862 ἂν
943 3812 1041 3872 τὰς
1073 3809 1371 3879 διαφόρους
1406 3809 1556 3882 ὥρας
1581 3813 1677 3880 τῆς
1707 3811 1854 3881 ζωῆς

235 3899 428 3968 ἡμῶν,
472 3897 600 3953 Οἷόν
636 3919 687 3954 τι
731 3903 906 3969 λέγωο
936 3905 1148 3973 Ὠσπερ
1174 3905 1201 3954 6
1225 3905 1525 3974 ἀγρυπνῶν
1551 3906 1608 3957 ὲν
1635 3907 1701 3975 τῇ
1733 3906 1856 3957 δευσ-

236 3992 382 4060 τὲρα
414 3993 508 4045 καὶ
531 3993 694 4066 τρίτῃ
723 3995 965 4065 φυλακῇ,
1000 3995 1148 4047 δοκεῖ
1193 3991 1658 4065 ἐγρηγορώτατος
1714 3989 1855 4049 εἶναι

243 4075 436 4151 (αὗται
471 4083 581 4153 γὰρ
613 4085 668 4134 αἱ
704 4076 846 4152 ὧραι
877 4085 977 4153 τῆς
1007 4084 1200 4147 νυκτὸς
1231 4085 1467 4154 μάλιστα
1504 4085 1674 4138 ὕπνου
1694 4102 1853 4156 -παρ-

237 4177 464 4229 εκτικαὶ
512 4179 626 4239 τοῖς
661 4177 976 4247 ἀνθρώποις
1022 4179 1114 4232 καὶ
1146 4177 1370 4248 πρώτου
1437 4177 1659 4250 ὕπνου),
1710 4177 1856 4231 οὕτω

237 4268 357 4321 νόει
407 4285 498 4339 μοι
542 4270 638 4323 καὶ
671 4271 732 4323 ὲν
782 4273 847 4341 τῇ
897 4270 1144 4342 διαφόρῳ
1191 4271 1530 4324 καταστάσει
1571 4272 1671 4342 τῆς
1707 4273 1856 4343 ζωῆς

236 4359 404 4429 ἡμῶν
461 4357 602 4412 εἶναι
653 4360 802 4430 ῶρας
851 4362 952 4424 τὰς
1003 4363 1314 4433 μακαρίους
1367 4364 1517 4434 ἡμᾶς
1568 4363 1852 4430 ποιούσας,

235 4451 342 4505 ἐὰν
382 4452 706 4521 εὑρεθῶμεν
758 4454 1187 4525 γρηγοροῦντες.
1227 4456 1490 4526 Ἦρπασέ
1522 4473 1604 4521 τις
1629 4449 1856 4529 τάχρή-

240 4542 398 4613 ματά
439 4559 567 4607 σου,
605 4542 909 4614 τεθνήκασί
967 4562 1048 4598 σοι
1099 4547 1324 4610 παῖδες,
1378 4548 1852 4621 ὲσυκοφαντήθηςο

1954 2053 2278 2125 praeteriens
2354 2051 2693 2105 ministrabit
2774 2049 2903 2102 illis.
2954 2046 3321 2125 Prtecingitur
3389 2046 3576 2110 itaque

1957 2149 2099 2203 Deus
2133 2146 2440 2201 secundum
2475 2145 2624 2214 quod
2660 2157 2767 2196 non
2800 2143 3046 2195 omnium
3100 2139 3374 2192 bonorum
3430 2132 3576 2188 ellu-

1955 2241 2165 2296 siouem
2201 2239 2360 2293 nubis
2391 2237 2729 2307 suppeditat,
2761 2235 2855 2288 sed
2905 2233 3053 2286 illam
3110 2228 3411 2297 restringit.
3441 2227 3578 2292 Quis

1946 2336 2099 2398 enim
2139 2341 2316 2403 potest
2343 2346 2536 2401 capere
2559 2337 2797 2398 quantus
2826 2327 2896 2381 sit
2928 2325 3110 2379 Deus?
3135 2334 3188 2376 et
3220 2320 3574 2375 manifestum

1954 2438 2038 2483 est
2069 2442 2136 2482 ex
2171 2425 2485 2492 Seraphim,
2512 2422 2605 2492 qui
2646 2436 2706 2475 se
2750 2420 3008 2487 obtegunt
3045 2424 3270 2484 propter
3303 2411 3580 2466 excellen-

1957 2523 2086 2576 tiam
2141 2520 2308 2574 diviui
2364 2517 2610 2570 luruiuis.
2657 2512 2834 2568 Porro
2877 2509 3200 2570 recumbere
3235 2506 3368 2560 facit
3405 2507 3586 2562 bonos

1954 2628 2145 2668 servos
2179 2631 2191 2666 :
2245 2622 2387 2663 totos
2419 2611 2568 2663 enim
2604 2622 2698 2678 per
2729 2606 2911 2660 omnia
2941 2604 3226 2673 quiescere
3268 2597 3579 2656 fa-eit.'i\‘atn

1958 2708 2106 2762 sicut
2155 2705 2249 2774 qui
2303 2702 2601 2767 recumbit,
2632 2708 2746 2755 toto
2798 2713 3030 2768 corpore
3083 2697 3318 2767 quiescit
3355 2712 3370 2749 :
3403 2695 3477 2747 ita
3523 2695 3580 2748 in

1955 2801 2196 2856 secundo
2256 2800 2492 2853 adventu
2552 2811 2750 2850 omnes
2795 2793 2971 2848 sancti
3025 2806 3122 2861 per
3189 2790 3376 2844 omnia
3417 2788 3580 2858 quie-

1957 2903 2134 2951 scent.
2179 2893 2391 2947 Etenim
2429 2891 2482 2946 in
2520 2891 2620 2944 hac
2649 2891 2759 2944 vita
2794 2887 3035 2957 quietem
3087 2883 3335 2953 corporis
3364 2897 3470 2936 non
3499 2879 3585 2934 in-

1956 2987 2204 3040 veniunt.
2235 2985 2379 3038 Alibi
2413 2993 2594 3037 autem
2651 2997 2773 3035 cum
2829 2981 3122 3035 animabus
3169 2975 3476 3047 spiritualia
3529 2984 3584 3028 et

1957 3079 2138 3133 divina
2170 3093 2360 3132 eorum
2390 3089 2625 3150 corpora
2652 3074 3124 3142 incorruptionem
3152 3069 3579 3132 lmreditab’unt,

1955 3175 2012 3219 et
2065 3166 2216 3219 omni
2272 3164 2458 3234 quiete
2517 3161 2794 3227 fruentur,
2824 3172 2878 3216 et
2926 3163 3033 3216 erit
3093 3160 3236 3215 Deus
3290 3159 3473 3214 omnia
3528 3160 3580 3212 in

1959 3258 2218 3310 omnibus
2253 3256 2362 3317 illis
2384 3256 2455 3309 ".
2476 3238 2753 3317 Ministrat
2786 3270 2915 3309 vero
2940 3255 3143 3324 dignis,
3173 3269 3273 3324 par
3301 3255 3382 3308 eis
3409 3252 3574 3307 retri-

1961 3350 2137 3404 buens
2174 3366 2187 3402 :
2218 3359 2274 3403 et
2315 3349 2463 3403 sicut
2520 3348 2620 3416 ipsi
2670 3348 2718 3402 ei
2773 3348 3260 3410 ministraverunt,
3288 3346 3362 3399 ita
3411 3346 3578 3400 etiam

1961 3443 2077 3511 ipse
2109 3441 2188 3496 eis
2232 3440 2476 3495 vicissim
2509 3440 2808 3504 ministrat,
2837 3452 2889 3494 et
2928 3440 3197 3510 dapsilem
3220 3439 3300 3494 eis
3329 3453 3577 3492 mensam

1961 3543 2206 3603 prazstat,
2249 3535 2519 3588 exhibens
2573 3533 2939 3603 Spiritualium
2995 3533 3265 3586 donorum
3318 3530 3580 3586 lautitias.

1962 3629 2035 3682 At
2092 3645 2188 3698 per
2256 3627 2556 3683 secundam
2611 3634 2667 3680 et.
2721 3626 2941 3679 tertiam
3004 3626 3244 3696 vigiliam
3302 3625 3573 3695 intelligas

1960 3723 2107 3775 varia
2150 3724 2274 3776 vita
2312 3733 2517 3776 nostra
2559 3731 2805 3788 tempora
2844 3737 2857 3774 :
2897 3731 2958 3773 ut
2990 3719 3228 3789 exempli
3270 3720 3442 3789 gratia
3477 3718 3582 3772 ali-

1961 3813 2092 3880 quid
2147 3812 2328 3867 dicam
2368 3830 2380 3866 :
2416 3811 2896 3878 Quemadmodum
2931 3813 3022 3880 qui
3063 3812 3115 3864 in
3151 3812 3448 3866 secundam
3482 3820 3577 3864 aut

1963 3904 2178 3957 tertiam
2233 3904 2470 3974 vigiliam
2507 3904 2718 3974 vigilat,
2765 3904 3218 3975 vigilantissimus
3256 3917 3380 3957 esse
3421 3903 3581 3962 vide,-

1962 3992 2205 4066 tur(istis
2232 3996 2377 4050 enim
2409 3997 2557 4049 horis
2589 3997 2839 4050 homines
2875 3997 3115 4049 maximo
3148 4007 3200 4048 et
3229 3997 3404 4065 primo
3431 4011 3582 4050 som-

1960 4102 2032 4141 no
2067 4091 2345 4158 tenentur)
2375 4090 2476 4152 sic,
2518 4090 2768 4150 obsecro.
2800 4092 2965 4142 etiam
3002 4089 3277 4159 intelligas
3313 4089 3364 4141 in
3392 4089 3577 4144 diver-

1960 4183 2036 4237 sis
2074 4183 2196 4236 vltze
2226 4192 2426 4236 nostra;
2457 4184 2696 4237 statibus
2728 4198 2852 4237 esse
2879 4183 3065 4247 horas,
3089 4199 3208 4252 qua:
3237 4179 3430 4245 beatos
3470 4198 3572 4238 nos

1961 4275 2185 4340 faciant,
2214 4275 2258 4328 si
2293 4273 2580 4345 vigilantes
2614 4276 2818 4328 inventi
2858 4275 3150 4328 fuerimus.
3198 4274 3402 4342 Rapuit
3452 4275 3578 4345 quis

1963 4368 2207 4422 divititas
2227 4376 2371 4433 tuas,
2401 4368 2599 4422 mortui
2620 4379 2750 4423 sunt
2778 4367 2944 4440 377
2977 4368 3071 4421 tibi
3095 4367 3213 4432 lilii,
3241 4367 3582 4423 calumniam

1959 4476 2158 4532 passos
2187 4475 2247 4516 es
2282 4479 2294 4512 :
2333 4461 2377 4516 si
2414 4462 2467 4514 in
2503 4462 2800 4516 iliusmodi
2842 4462 3180 4531 temporibus
3234 4477 3340 4514 non
3398 4461 3570 4517 fueris

1962 4555 2168 4624 lapsus,
2194 4554 2286 4610 sed
2316 4553 2546 4627 vigilans
2584 4555 2839 4610 inventus
2888 4570 2917 4608 a
2957 4555 3070 4610 Deo
3116 4563 3174 4610 et
3220 4553 3479 4620 Domino,
3521 4564 3580 4609 et

238 4636 344 4689 ἐὰν
375 4636 432 4686 ἐν
472 4635 586 4718 τοῖς
634 4635 903 4699 τοιούτοις
963 4641 1180 4710 καιροῖς
1225 4641 1286 4691 οὐ
1338 4643 1685 4712 καταπέσῃς,
1736 4642 1851 4695 ἀλλ’

1964 4645 2099 4700 nihil
2136 4645 2284 4700 aliud
2327 4656 2526 4716 praeter
2562 4647 2816 4699 mandata
2854 4642 3075 4703 Domini
3109 4645 3307 4700 feceris
3344 4663 3357 4699 :
3391 4646 3582 4715 utique

237 4707 570 4795 ὲγρηγορὼς
601 4725 847 4796 εὑρεθεὶς
881 4727 961 4796 τῷ
988 4707 1108 4798 Θεῷ
1132 4731 1228 4782 καὶ
1252 4732 1525 4806 Δεσπότῃ,
1559 4707 1656 4788 κᾶι
1685 4736 1853 4806 μηδὲν

237 4817 352 4886 ἔξω
383 4817 490 4871 τῶν
522 4818 692 4872 αὐτοῦ
729 4820 962 4874 ἐντολῶν
1016 4823 1378 4895 ἀναγκασθῇς
1421 4827 1651 4896 πρᾶξαι,
1683 4828 1855 4893 ὄντως

238 4912 596 4981 ἐγρηγορότα
628 4929 687 4964 σε
721 4907 882 4984 εὗρεν
913 4916 970 4967 ὲν
998 4915 1358 4986 δευτέρᾳκαὶ
1402 4918 1563 4990 τρίτῃ
1604 4920 1850 4991 φυλακῇ,

237 5007 553 5071 τουτέστιν,
591 5008 650 5060 ὲν
682 5008 860 5078 καιρῴ
886 5008 1067 5079 δεινῷ,
1096 5011 1192 5063 καὶ
1227 5010 1396 5064 ῦπνον
1424 5013 1732 5086 θανατώδη,
1761 5017 1858 5069 καὶ

239 5101 608 5155 κατάπτωσιν
641 5105 760 5165 ταῖς
791 5103 1023 5173 χαύναις
1058 5104 1260 5176 ψυχαῖς
1291 5107 1592 5177 παρέχοντι
1617 5123 1629 5136 ’
1653 5109 1736 5162 δεῖ
1763 5109 1857 5163 οὖν

238 5193 664 5263 ἐγρηγόρσεως·
696 5195 1052 5268 οἰκοδεσπότῃ
1089 5198 1199 5269 γὰρ
1228 5200 1514 5268 ἐοίκαμεν,
1550 5201 1608 5263 ὃς
1657 5205 1704 5254 εί
1755 5203 1856 5272 μὲν

240 5289 546 5357 ἀγρυπνεῖ,
574 5289 634 5340 ού
661 5287 886 5344 δύναται
924 5291 1081 5344 οὐδὲν
1112 5293 1258 5347 κατὰ
1288 5292 1398 5346 τῶν
1429 5293 1596 5347 αὐτοῦ
1638 5297 1864 5368 χρημά-

241 5396 357 5432 των
382 5382 409 5433 6
437 5381 700 5452 κλέπτηςο
729 5385 776 5436 εί
801 5384 858 5436 δὲ
888 5384 1142 5455 ὑπνώδης
1169 5387 1313 5454 ἐστὶ,
1338 5387 1517 5443 πάντα
1545 5389 1683 5460 ἄρας
1711 5392 1862 5464 οίχή-

245 5489 432 5527 σεται.
471 5473 729 5545 κλέπτην
761 5476 818 5528 δὲ
846 5478 1086 5532 ἐνταῦθα
1112 5479 1293 5532 νοοῦσι
1329 5479 1432 5548 μέν
1453 5488 1608 5546 ’τινες
1640 5485 1735 5536 καὶ
1768 5485 1862 5540 τὸν

242 5565 523 5632 διάὗολον,
566 5566 759 5639 ὥσπερ
791 5571 886 5624 καὶ
919 5567 1070 5625 οἷκον
1104 5572 1204 5644 τὴν
1234 5572 1434 5644 ψυχὴν,
1467 5576 1861 5650 οἰκοδεσπότην

240 5658 341 5712 τὸν
396 5659 723 5730 ἇνθρωπον’
770 5663 831 5716 οὐ
868 5664 975 5736 μὴν
1021 5665 1168 5719 ἔοικε
1230 5668 1551 5739 πρόσφορος
1610 5665 1751 5726 εἶναι
1792 5676 1860 5745 τῇ

323 5796 397 5832 ⁸⁸⁸
435 5798 480 5856 ll
514 5798 646 5856 Cor.
682 5817 763 5867 ιι,
799 5798 856 5856 2.
933 5801 979 5833 ⁵⁷
1009 5802 1179 5858 lCor.
1211 5818 1304 5868 xv,
1338 5803 1429 5858 9.8.

1967 4738 2277 4809 vigilantem
2312 4749 2362 4794 te
2399 4739 2453 4792 in
2502 4739 2740 4794 secunda
2773 4749 2827 4794 et
2863 4742 3029 4794 tertia
3060 4738 3246 4809 vigilia
3281 4737 3579 4804 invenerit,

1971 4830 2075 4886 hoc
2103 4841 2189 4886 est
2241 4832 2296 4886 in
2330 4831 2641 4902 periculoso
2670 4844 2726 4887 et
2770 4833 2922 4902 gravi
2956 4842 3224 4902 tempore,
3255 4834 3398 4902 quod
3436 4847 3586 4888 mor-

1963 4929 2210 5002 tiferum
2263 4943 2519 4984 somnum
2573 4939 2629 4983 et
2679 4943 2870 4986 casum
2947 4911 3232 4982 dissolutis
3294 4929 3583 4982 animabus

1960 5025 2189 5091 praebet.
2222 5019 2374 5090 Opus
2429 5022 2612 5091 itaque
2645 5022 2816 5076 fuerit
2853 5021 3160 5092 vigilantia.
3184 5019 3581 5075 Patrit’amilias

1961 5116 2108 5187 enim
2159 5114 2661 5186 assimilamur,qui
2700 5116 2743 5169 si
2779 5115 3272 5186 vigila.verit,nihil
3310 5131 3376 5169 ex
3409 5115 3576 5170 rebus

1963 5209 2082 5277 ejus
2131 5208 2351 5265 auferre
2385 5221 2643 5280 poterunt
2681 5211 2871 5278 fures;
2909 5210 2995 5266 sin
3039 5220 3221 5266 autem
3247 5207 3582 5265 somniculo-

1964 5319 2059 5358 sus
2093 5302 2276 5366 fuerit,
2318 5302 2518 5359 ablatis
2579 5305 2835 5360 omnibus
2869 5304 2955 5358 fur
2992 5306 3197 5359 evadit.
3239 5302 3346 5359 Per
3403 5303 3582 5358 furem

1961 5397 2188 5466 quidam
2227 5398 2330 5452 hoc
2364 5397 2481 5452 loco
2531 5398 2840 5467 intelligunt
2891 5397 3365 5463 diabolum,sicut
3393 5410 3444 5452 et
3485 5412 3582 5466 per

1963 5492 2185 5547 domum
2243 5492 2511 5556 animam,
2542 5500 2596 5544 et
2621 5490 3102 5560 patremfamilias,
3127 5490 3435 5556 hominem;
3485 5490 3581 5546 sed

1965 5599 2072 5636 non
2109 5593 2338 5653 apparet
2397 5581 2672 5652 expositio
2727 5582 2863 5636 satis
2913 5579 3331 5637 accommodata
3385 5579 3576 5635 textui.

1961 5674 2092 5731 Furi
2119 5676 2264 5731 enim
2291 5677 2391 5732 hoc
2417 5675 2539 5732 loco
2560 5673 2880 5733 Dominicus
2910 5676 3178 5733 adventus
3205 5681 3578 5744 comparatur,

324 5943 405 6020 ta)
443 5943 588 6001 Edit.
630 5944 752 6002 Lut.
785 5945 1006 6014 omittit,
1049 5944 1287 6002 liabcnda
1322 5950 1458 6003 enim
1485 5943 1688 6001 lumbos
1716 5946 2053 6015 pra'cinctos.
