4038 6478
532 448 639 511 899
1448 429 2029 494 THEOPHYLACTI
2073 421 2483 488 BULGARI/E
2523 417 2883 482 ARCHIEP.
3572 492 3601 499 _
3705 406 3808 472 9:0

532 577 597 618 eo
622 556 767 632 quod
799 562 1017 626 repente
1048 548 1417 621 etvinopinato
1446 547 1627 603 veniet
1656 565 1672 601 :
1705 546 1851 601 sicut
1881 554 1938 601 et
1982 559 2114 614 apo-

2249 539 2511 610 .κολουθίᾳ
2573 536 2718 608 αὕτη
2759 536 2792 607 ἡ
2841 531 3075 603 ἐκδοχή*
3131 529 3341 602 κλέπτῃ
3401 525 3510 597 γὰρ
3572 492 3810 580 ῐνταῦθα

534 623 796 712 “olorum
844 623 1060 719 quidam
1118 645 1293 701 dicit:
1324 641 1450 697 Dies
1500 640 1643 696 enim
1704 639 1921 695 Domini
1955 638 2117 711 quasi

2249 634 2634 708 ταριδάλλεται
2659 634 2693 701 ἡ
2728 627 3001 702 παρουσία
3033 625 3129 681 τοῦ
3160 625 3369 697 Κυρίου
3401 623 3491 678 διὰ
3518 623 3580 676 τὸ
3603 624 3815 693 ἀπροσο

536 745 624 802 ῐιιιν
657 746 707 800 in
740 715 981 799 nocte".
1002 739 1067 795 Et
1094 739 1194 795 hoc
1244 736 1361 794 loco
1394 735 1512 791 vide
1543 733 1818 805 quomodo
1851 733 2121 802 interpre-

2249 728 2476 799 ἱόκητον,
2507 724 2584 790 ὡς
2612 724 2703 778 καί
2748 740 2830 805 τις
2876 720 2986 775 τῶν
3037 718 3356 774 ἀποστόλων
3385 718 3559 786 λέγει’
3610 715 3677 769 Ἠ
3704 715 3815 786 γὰρ

539 848 684 895 tatur
728 836 987 891 Dominus
1021 834 1144 903 quis
1170 832 1244 888 sit
1296 830 1403 885 l'ur.
1430 827 1563 883 Nam
1593 827 1724 881 dicit
1753 845 1767 882 :
1795 824 1863 879 Et
1893 840 1988 879 vos
2014 823 2119 893 igi-

540 941 625 987 tur
656 928 893 999 vigilate,
917 926 1044 996 quia
1078 939 1181 994 qna
1216 923 1346 977 hora
1384 934 1491 975 non
1532 918 1759 989 putatis,
1806 916 1973 971 Filius
2018 916 2119 970 ho-

540 1022 699 1077 minis
735 1020 933 1074 veniet.
957 1016 1155 1071 Dicunt
1199 1014 1420 1084 quidam
1453 1010 1597 1081 quod
1634 1025 1731 1080 per
1764 1010 1990 1079 primam
2038 1007 2120 1061 vi-

539 1113 727 1184 giliam
770 1110 1133 1177 intelligantur
1166 1107 1220 1161 hi
1255 1104 1347 1176 qui
1378 1105 1499 1160 aliis
1525 1113 1652 1159 sunt
1684 1101 2053 1174 diligentiores
2099 1118 2117 1155 :

541 1219 636 1273 per
667 1201 953 1257 secundam
1005 1214 1158 1263 vero,
1186 1188 1277 1267 qui
1329 1197 1666 1266 aliquantum
1718 1200 2065 1264 prorecerunt
2100 1208 2116 1247 :

542 1310 638 1364 per
682 1294 896 1349 tertiam
934 1290 1242 1359 autem,qui
1292 1290 1455 1343 etiam
1494 1290 1597 1343 illis
1645 1298 1775 1343 snnt
1808 1285 2117 1340 inl‘ertores.

544 1389 611 1440 At
664 1386 753 1439 alii
807 1386 1047 1443 diversas
1098 1392 1285 1435 anates
1336 1390 1731 1449 exposuerunt,
1769 1389 1823 1433 et
1864 1377 2119 1447 primam,

544 1492 651 1548 qna
688 1475 1055 1529 adolescentes
1084 1487 1271 1527 sumus
1307 1489 1319 1525 :
1348 1474 1663 1536 secundam,
1689 1485 1794 1538 qua
1842 1468 1942 1521 viri
1981 1486 1995 1521 :
2024 1477 2125 1521 ter-

547 1574 695 1630 tiam.
718 1584 821 1638 qua
852 1583 1028 1621 senes.
1061 1565 1255 1619 Beatus
1289 1564 1453 1634 igitur
1505 1564 1759 1633 quisquis
1801 1574 2125 1632 quacunque

544 1672 702 1716 atate
741 1662 992 1715 inventus
1020 1659 1180 1712 fuerit
1216 1656 1463 1726 vigilans,
1497 1672 1595 1712 nec
1626 1659 1679 1710 in
1712 1654 1987 1727 operando
2024 1653 2124 1708 bo-

547 1771 672 1809 num
709 1754 1044 1825 negligenter
1073 1768 1129 1807 se
1159 1768 1377 1823 gerens.

620 2015 785 2069 Vens.
826 2014 1015 2069 41-44.
1059 2032 1077 2065 ι
1121 2012 1265 2067 Dixit
1298 2019 1478 2066 autem
1505 2012 1553 2065 ei
1582 2021 1774 2064 Petrus
1810 2028 1824 2064 :
1872 2006 2124 2071 Domine,

552 2112 616 2162 ad
645 2125 742 2162 nos
774 2109 905 2161 dicis
932 2108 1088 2160 istam
1132 2104 1470 2175 parabolam,
1501 2118 1568 2157 an
1607 2102 1770 2157 etiam
1808 2102 1872 2155 ad
1900 2099 2135 2154 omnes?

553 2203 639 2255 Ait
668 2212 845 2254 autem
872 2199 1169 2254 Dominus:
1210 2197 1469 2261 Quisnam
1502 2206 1589 2249 est
1640 2192 1815 2247 lldelis
1856 2194 2134 2261 dispansae

557 2304 639 2348 tor
684 2309 747 2347 ac
816 2295 1053 2361 prudens
1107 2306 1267 2361 quem
1298 2288 1599 2343 constituet
1652 2286 1903 2341 dominus
1968 2299 2135 2354 super

558 2382 881 2437 famulitium
906 2396 1086 2445 suum,
1124 2392 1184 2433 ιιι
1212 2379 1305 2432 det
1332 2379 1439 2431 illis
1467 2377 1521 2430 in
1551 2386 1794 2444 tempore
1822 2378 2130 2429 dimensum

555 2473 784 2528 cibum?
824 2472 1019 2527 Beatus
1043 2471 1132 2524 ille
1158 2485 1370 2534 servus,
1392 2486 1552 2539 quem
1581 2483 1703 2522 cum
1734 2468 1949 2521 venerit
1969 2466 2140 2520 domi-

557 2579 680 2627 nus,
721 2562 987 2616 invenerit
1008 2560 1081 2614 ita
1110 2560 1419 2615 facientem.
1456 2559 1597 2614 Vere
1617 2559 1740 2612 dico
1771 2557 1947 2616 vobis,
1994 2553 2135 2624 quod

557 2655 810 2709 omnibus
838 2670 957 2723 qua:
981 2654 1240 2724 possidet,
1280 2652 1537 2722 prmliciet
1566 2651 1736 2704 illum.
1777 2668 1795 2700 ι
1831 2648 2137 2716 interroga-

558 2747 637 2800 vit
697 2743 890 2799 Petrus
935 2760 1031 2799 cen
1089 2759 1276 2797 curam
1340 2743 1584 2797 Omnium
1642 2740 1877 2805 habens,
1930 2749 1985 2793 et
2039 2750 2138 2806 pro

562 2838 897 2890 auditoribus
920 2836 1205 2899 sollicitus,
1245 2845 1505 2904 tanquam
1563 2832 1796 2885 fratrum
1827 2838 2061 2891 amator,
2087 2835 2143 2882 et

564 2929 657 2979 cui
698 2926 807 2993 jam
843 2926 1153 2981 concredita
1208 2923 1471 2989 Ecclesia,
1508 2939 1634 2977 num
1668 2924 1734 2975 ad
1763 2936 1953 2977 omnes
1984 2934 2144 2990 para-

563 3018 741 3073 bolam
779 3019 943 3071 dicat.
976 3019 1232 3072 Dominus
1262 3031 1389 3071 vero
1414 3033 1518 3070 rton
1559 3016 1846 3070 manifeste
1870 3017 1935 3069 ad
1979 3015 2144 3068 inter-

566 3115 901 3183 rogationem
946 3114 1256 3180 respondet,
1314 3112 1405 3163 sed
1457 3107 1671 3162 occulto
1700 3107 1933 3175 quodam
1982 3105 2143 3159 modo

567 3208 767 3262 indicat
795 3208 935 3275 quod
990 3206 1129 3259 dicta
1179 3201 1431 3275 parabola
1475 3201 1782 3256 communis
1835 3200 1927 3263 sit,
1981 3208 2033 3254 et
2076 3198 2142 3251 ad

565 3315 753 3353 omnes
789 3300 1006 3368 quideru
1033 3298 1301 3367 pertineat
1359 3295 1569 3357 ﬁdeles,
1600 3305 1649 3349 et
1681 3294 1749 3348 ad
1794 3307 1889 3347 vos
1926 3300 2144 3362 aposto-

573 3391 675 3453 los,
702 3391 825 3442 etin
861 3391 1052 3456 primis
1078 3403 1171 3442 eos
1203 3388 1296 3457 qui
1336 3386 1417 3439 vel
1460 3386 1711 3441 doctrina
1769 3383 1851 3437 vel
1878 3383 2145 3454 dignitate

571 3495 826 3556 praesunt.
860 3480 1059 3535 Verum
1094 3481 1217 3533 audi
1249 3479 1497 3546 quisnam
1520 3474 1591 3529 sit
1620 3474 1795 3529 lidelis
1818 3488 1880 3527 ac
1914 3472 2148 3542 prudens

569 3579 929 3646 dispensator.
955 3571 1216 3625 Parabola
1243 3573 1386 3622 enim
1421 3568 1681 3638 praedicta
1714 3566 1921 3627 multis,
1952 3564 2148 3630 inquit,

572 3668 843 3735 congruit.
891 3664 1041 3717 Nunc
1092 3669 1273 3714 autem
1300 3660 1365 3714 de
1427 3660 1513 3713 his
1574 3658 1668 3728 qui
1725 3655 1967 3727 praefecti
2024 3664 2152 3708 sunt

572 3761 711 3824 aliis,
770 3760 1009 3828 inquiro,
1058 3755 1179 3826 quis
1216 3754 1524 3807 inveniatur
1580 3754 1687 3805 duo
1746 3752 1860 3805 haec
1910 3748 2148 3812 habens,

574 3857 733 3908 tidem
767 3853 890 3906 dico
947 3860 1002 3904 et
1032 3849 1411 3919 prudentiam;
1445 3860 1603 3899 rarus
1652 3846 1797 3899 enim
1845 3844 1931 3897 hic
1978 3854 2031 3894 et
2066 3843 2151 3894 in-

574 3964 734 4005 ventu
760 3946 1015 4001 dillicilis.
1048 3944 1181 3998 Nam
1208 3944 1348 3998 sicut
1402 3942 1456 3995 in
1494 3938 1992 4011 dispensationibus
2016 3937 2149 3990 divi~

578 4044 771 4097 tiarmn
810 4042 853 4094 si
880 4040 1000 4105 quis
1030 4037 1202 4091 lldelis
1232 4034 1397 4089 fuerit
1428 4034 1647 4088 domino
1688 4047 1809 4097 suo,
1839 4046 1943 4086 non
1975 4039 2155 4084 autem

579 4133 1122 4207 prudens,disperdit
1159 4146 1245 4185 res
1290 4128 1515 4192 domini,
1557 4126 1807 4181 nesciens
1838 4124 2007 4195 373
2034 4122 2158 4177 illas

582 4228 894 4296 dispensare
944 4224 1085 4278 sicut
1145 4222 1418 4286 convenit,
1477 4218 1572 4273 sed
1626 4232 1732 4271 non
1784 4218 1872 4270 dat
1933 4214 2153 4285 quando

584 4327 817 4387 Oportet,
845 4325 899 4369 et
925 4316 1181 4369 damnum
1232 4313 1365 4368 facit
1415 4312 1638 4366 domino
1684 4306 1859 4377 majus
1897 4325 1911 4362 :
1963 4309 2157 4362 iterum

586 4409 631 4461 si
661 4406 897 4474 prudens
926 4404 1051 4474 quis
1073 4402 1253 4467 luerit,
1300 4412 1356 4455 et
1383 4400 1671 4469 expendat,
1710 4393 1945 4451 inﬁdelis
1975 4405 2156 4449 autem

584 4500 673 4559 sit,
711 4494 798 4548 iur
827 4496 1013 4561 utique
1069 4492 1251 4558 fuerit,
1288 4500 1343 4545 et
1396 4500 1547 4543 tanto
1579 4490 1749 4559 magis
1785 4486 2016 4542 difﬁcilis
2051 4485 2157 4538 de-

2222 819 2401 891 ἡμέρα
2432 818 2637 889 Κυρίου
2669 818 2743 880 ὼς
2770 804 3013 884 κλέπτης
3045 814 3102 866 ἑν
3133 810 3311 865 νυκτί.
3355 808 3465 863 Καὶ
3497 805 3737 862 ινταὺθα
3758 806 3815 859 δὲ

2200 976 2201 979 η
2220 917 2249 970 6
2265 914 2468 984 Κύριος
2493 913 2570 966 ίδε
2592 910 2708 973 πῶς
2727 908 3021 980 ἑρμηνεὺει
3045 906 3198 977 ἡμῖν,
3225 905 3307 968 τίς
3336 904 3485 956 ἐστιν
3502 903 3531 955 6
3548 900 3814 969 κλέπτης·

2223 1008 2358 1077 φησὶ
2385 1006 2513 1075 γάρ·
2545 1003 2657 1056 Καὶ
2703 1002 2862 1071 ὑμεῖς
2888 993 2980 1053 οὖν
3023 998 3377 1067 γρηγορεῖτε,
3424 993 3509 1048 ὅτι
3533 986 3567 1066 ᾖ
3595 991 3719 1063 ὥρα
3749 990 3810 1043 οὑ

2221 1101 2451 1163 δοκεῖτε,
2483 1099 2512 1151 6
2534 1097 2661 1160 Υῑδς
2688 1094 2783 1149 τοῦ
2805 1091 3084 1163 ἀνθρὼτου
3117 1089 3364 1161 ἔρχεται.
3397 1088 3537 1141 Φασὶ
3562 1087 3620 1140 δέ
3650 1101 3818 1148 τινες,

2224 1194 2306 1247 δτι
2343 1191 2473 1263 περὶ
2503 1190 2601 1261 τὴν
2630 1187 2857 1261 πρώτην
2884 1184 3134 1255 φυλακὴν
3167 1177 3607 1251 ὲγρηγοροῦντες
3636 1174 3822 1229 νοοῦν-

2225 1303 2316 1338 ται
2343 1284 2392 1337 οί
2426 1282 2534 1335 τῶν
2562 1279 2737 1335 ἄλλων
2781 1276 3197 1347 ἐπιμελέστερον.
3222 1290 3236 1304 ·
3270 1273 3400 1343 περὶ
3429 1271 3485 1325 δὲ
3517 1272 3614 1337 τὴν
3639 1268 3823 1322 δευτέ-

2230 1391 2329 1444 ραν
2360 1373 2408 1425 οί
2441 1368 2841 1439 ὑποϐεϐηκότες
2867 1383 2881 1397 ⁸
2916 1368 3043 1435 περὶ
3071 1364 3127 1418 δὲ
3150 1363 3249 1433 τὴν
3279 1362 3490 1433 τρίτην,
3515 1361 3564 1413 oi
3591 1359 3672 1411 En
3694 1358 3822 1410 τού-

2224 1478 2332 1515 των
2371 1462 2591 1531 ἥττους.
2645 1458 2831 1513 Ἀλλοι
2870 1457 2927 1510 δὲ
2982 1456 3079 1519 τὰς
3112 1454 3407 1527 διαφόρους
3460 1453 3681 1522 ἡλικίας
3731 1449 3817 1514 ἑξ-

2225 1554 2530 1625 ηγήσαντο.
2564 1551 2795 1621 Πρώτην
2828 1550 2923 1621 μὲν
2947 1548 3070 1602 καθ’
3096 1546 3164 1618 ἢν
3195 1546 3305 1599 νέοι
3332 1546 3523 1613 ἐσμὲν,
3558 1543 3824 1613 δευτέραν

2225 1646 2305 1711 δὲ,
2341 1645 2461 1699 καθ’
2488 1644 2556 1713 ὴν
2603 1643 2818 1712 ἄνδρες,
2870 1643 3069 1713 τρίτην
3106 1640 3186 1703 δὲ,
3218 1636 3341 1691 καθ’
3378 1638 3444 1708 ὴν
3490 1632 3823 1704 πρεσϐῦται.

2242 1737 2531 1805 Μακάριος
2560 1731 2653 1788 οὖν
2680 1735 2830 1796 ὅστις
2855 1732 3055 1802 εὑρεθῇ
3080 1732 3138 1783 ἐν
3169 1726 3609 1799 ὁποιαδηποτοῦν
3636 1727 3825 1796 ἡλικία

2230 1826 2574 1897 ἐγρηγορὼς,
2608 1828 2706 1879 καὶ
2744 1825 2820 1895 μὴ
2853 1823 3071 1894 ἀμελῶς
3122 1821 3254 1892 περὶ
3287 1822 3386 1891 τὴν
3420 1819 3694 1891 ἐργασίαν
3732 1818 3824 1871 τοῦ

2158 1900 2205 1959 Β
2234 1916 2399 1971 καλοῦ
2431 1916 2802 1985 διακείμενος.

2314 2030 2331 2063 ι
2370 2008 2504 2064 Εἷπε
2562 2011 2618 2063 δὲ
2682 2008 2831 2079 αὑτῷ
2865 2010 2894 2061 6
2960 2009 3206 2079 Πέτροςο
3248 2006 3442 2076 Κύριε,
3498 2003 3639 2075 πρὸς

2236 2102 2332 2173 τὴν
2368 2101 2687 2172 παραϐολὴν
2719 2100 2925 2170 ταύτην
2960 2100 3163 2167 λέγεις,
3198 2098 3233 2169 ὴ
3266 2098 3361 2151 καὶ
3402 2096 3541 2166 πρὸς
3574 2096 3830 2159 πάντας;

2239 2192 2374 2249 Εἶπε
2404 2196 2460 2249 δὲ
2498 2198 2525 2247 6
2563 2194 2800 2264 Κύριος·
2834 2194 2930 2256 Τίς
2980 2188 3092 2263 ἆρά
3125 2194 3275 2243 ἔστιν
3314 2193 3340 2242 6
3373 2190 3566 2253 πιστὸς
3623 2187 3834 2241 οίκονόο

2240 2308 2358 2361 μσς,
2393 2290 2487 2342 καὶ
2528 2288 2814 2357 φρόνιμος,
2847 2285 2907 2338 δν
2932 2284 3268 2355 καταστήσει
3309 2282 3337 2335 ὀ
3384 2280 3577 2352 κύριος
3611 2282 3708 2333 ἐπὶ
3732 2278 3835 2348 τῆς

2240 2381 2538 2451 θεραπείας
2572 2379 2768 2439 αὑτοῦ,
2812 2375 2906 2431 τοῦ
2950 2376 3151 2430 διδόναι
3190 2378 3248 2426 ὲν
3288 2372 3464 2443 καιρῷ
3499 2370 3562 2424 τὸ
3614 2370 3836 2440 σιτομέ-

2239 2492 2388 2544 τριον
2412 2492 2424 2539 ;
2459 2473 2745 2542 Μακάριος
2766 2474 2791 2524 6
2819 2470 3006 2532 δοῦλος
3035 2471 3265 2531 ἐκεῖνος,
3293 2467 3352 2521 δν
3380 2466 3551 2519 ἐλθὼν
3575 2469 3603 2519 6
3641 2464 3835 2533 κύριος

3408 2558 3629 2624 ἀληθῶς
3694 2557 3836 2626 λέγω

2242 2661 2391 2729 ὑμῖν,
2424 2660 2506 2711 ὅτι
2537 2660 2629 2711 ἐπὶ
2652 2658 2787 2710 πᾶσι
2809 2659 2922 2718 τοῖς
2945 2655 3290 2725 ὑπάρχουσιν
3312 2651 3463 2722 αὑτῷ
3490 2653 3836 2719 καταστήσει

2242 2753 2423 2805 αὑτόν,
2454 2770 2472 2802 ι
2514 2749 2829 2820 Ἠρώτησεν
2852 2751 2880 2801 ὁ
2908 2749 3133 2817 Πέτρος,
3151 2742 3239 2799 οἷα
3266 2747 3485 2799 πάντων
3504 2744 3834 2815 φροντίζων,

2243 2846 2337 2897 καὶ
2364 2843 2504 2913 ὑπὶρ
2528 2841 2636 2893 τῶν
2674 2839 2985 2893 ἀκουόντων
3008 2837 3393 2905 διακαιόμενος
3456 2836 3532 2898 ὡς
3589 2834 3840 2903 φιλάδελ-

2240 2566 2431 2629 αὑτοῦ,
2492 2566 2715 2635 εὑρήσει
2782 2562 3044 2616 ποιοῦντα
3106 2560 3323 2624 οὕτως’

2245 2954 2363 3004 φος,
2396 2936 2490 2987 καὶ
2522 2934 2595 2996 ὡς
2620 2932 2719 3003 ἠδη
2742 2933 2842 3002 τὴν
2882 2930 3211 2999 Ἐκκλησίαν
3234 2928 3575 2989 πιστευθεὶς,
3621 2929 3671 2980 εί
3703 2926 3838 2996 πρὸς

2246 3029 2456 3088 πάντας
2497 3024 2594 3095 τὴν
2629 3021 2948 3093 παραϐολὴν
2999 3021 3206 3091 ταύτην
3234 3020 3423 3086 λέγει’
3457 3019 3485 3071 6
3534 3018 3592 3071 δὲ
3636 3016 3838 3086 Κύριος

2245 3117 2495 3188 φανερῶς
2564 3116 2664 3186 μὲν
2706 3114 2859 3167 οὑδὶν
2928 3111 3288 3182 ἀποκρίνεται
3347 3110 3499 3178 αὑτῷ
3552 3107 3695 3177 πρὸς
3743 3107 3837 3175 τὴν

2248 3213 2541 3282 ἐρώτησιν,
2577 3207 3076 3278 ἐπικεκρυμμένως
3120 3204 3177 3258 δὲ
3235 3204 3530 3266 δείκνυσιν,
3562 3203 3646 3255 ὅτι
3676 3203 3708 3271 ἡ
3747 3201 3838 3271 μὲν

2254 3303 2480 3373 ρηθεῖσα
2514 3299 2807 3371 παραϐολὴ
2830 3299 2984 3368 κοινὴ
3012 3293 3101 3367 ἦν,
3142 3299 3236 3349 καὶ
3257 3297 3337 3359 εις
3364 3296 3575 3357 πάντας
3604 3294 3839 3362 eoa-m-

2254 3411 2322 3447 σα
2347 3396 2443 3447 καί
2479 3394 2604 3454 τοῦς
2643 3390 2905 3461 τυχόντας
2962 3389 3213 3453 πιστοὺς,
3244 3389 3342 3458 τῆς
3396 3388 3453 3440 δὲ
3486 3388 3626 3456 πρδς
3671 3385 3835 3455 ὑμᾶς,

2254 3487 2411 3555 φησὶ,
2437 3483 2560 3545 τοὺς
2586 3484 2943 3545 ἀποστόλους,
2978 3482 3075 3535 καὶ
3107 3480 3295 3543 ἁπλῶς
3324 3482 3454 3544 τοὺς
3488 3478 3844 3540 διδασκαλίας

2253 3580 2285 3648 ὴ
2316 3576 2654 3646 προστασίας
2689 3574 3048 3640 ἀξιωθέντας,
3075 3574 3174 3643 ἤδη
3198 3575 3389 3628 ἀκουει
3419 3573 3518 3636 Τίς
3552 3574 3665 3641 ἄρα
3700 3572 3844 3625 ἐστὶν

2252 3671 2280 3721 6
2328 3670 2517 3730 πιστὸς
2576 3670 2669 3720 καὶ
2732 3666 2997 3736 φρόνιμος
3047 3666 3351 3735 οίκονόμος.
3416 3663 3481 3717 Ἥ
3546 3665 3648 3736 μὶν
3678 3664 3852 3736 προρο

2256 3760 2481 3833 ρηθείσα
2515 3759 2801 3829 παραϐολὴ
2848 3758 3087 3824 πολλοῖς,
3136 3761 3323 3829 φησιν,
3378 3759 3639 3830 ἁρμόζει,
3673 3758 3768 3812 νῦν
3793 3757 3849 3810 δὲ

2256 3850 2388 3921 περὶ
2441 3850 2548 3902 τῶν
2606 3850 2946 3920 προστασίας
3004 3849 3348 3914 ἀξιωθέντων
3414 3852 3573 3920 φησὶ,
3634 3851 3848 3919 λέγων·

2262 3944 2519 4015 Διαπορῶ
2557 3944 2639 4006 τίς
2676 3943 3039 4013 εὑρεθήσεται
3094 3942 3268 3996 ταῦτα
3325 3944 3487 4013 ἔχων,
3520 3945 3619 3995 κα)⁵
3670 3944 3853 3997 πίστιν

2260 4037 2359 4091 καὶ
2389 4037 2674 4106 φρόνησιν·
2729 4036 2955 4099 σπάνιος
3006 4036 3114 4104 γὰρ
3160 4032 3318 4101 οὗτος
3366 4037 3464 4089 καὶ
3503 4036 3852 4107 δυσεύρετος.

2260 4129 2452 4199 ὥσπερ
2479 4132 2587 4198 γὰρ
2621 4128 2713 4182 επὶ
2743 4129 2853 4181 τῶν
2881 4127 3268 4199 ’χρηματικῶν
3314 4129 3646 4197 οίκονομιῶν
3681 4130 3730 4181 εί
3759 4144 3853 4180 m-

2263 4222 2386 4285 στδς
2422 4223 2505 4291 είη
2558 4240 2640 4283 τις
2676 4220 2756 4291 τῷ
2802 4219 3041 4293 δεσπότῃ
3082 4219 3269 4285 αὑτοῦ,
3324 4220 3400 4289 μὴ
3454 4222 3726 4291 φρόνιμος
3772 4217 3851 4281 δι.

2262 4312 2563 4367 ἀπόλλυται
2601 4313 2669 4365 τὰ
2720 4314 3045 4378 δεσποτικὰ,
3101 4312 3179 4383 μὴ
3210 4312 3522 4381 δυναμένου
3577 4312 3856 4380 διοικῆσαι

2263 4406 2437 4458 ταῦτα
2462 4404 2538 4468 ὡς
2576 4405 2678 4471 δεῖ,
2712 4404 2826 4458 ἀλλ’
2854 4406 2984 4458 ὅταν
3011 4405 3173 4474 χρεία
3217 4402 3428 4469 δοῦναι,
3485 4402 3562 4474 μὴ
3590 4403 3854 4469 διδόντος,

2265 4498 2358 4551 καὶ
2390 4497 2654 4550 πλειόνων
2702 4495 2982 4549 ἀπώλειαν
3016 4494 3301 4558 ποιοῦντος
3327 4510 3340 4524 '
3376 4494 3563 4560 πάλιν,
3591 4496 3641 4548 εί
3672 4497 3858 4565 φρόκι-

583 4587 876 4657 prebensu,
905 4591 1111 4652 quanto
1138 4580 1459 4657 prudentior
1486 4597 1497 4632 :
1535 4579 1610 4633 ita
1638 4589 1692 4634 et
1720 4578 1774 4632 in
1802 4578 2000 4631 divinis
2023 4589 2144 4644 opus

2271 4608 2368 4661 μσς
2403 4591 2502 4660 μὲν
2538 4589 2648 4659 εἴη,
2680 4589 2775 4642 καὶ
2837 4590 3181 4659 ποριστικὸς,
3222 4587 3456 4651 ἄπιστος
3505 4588 3585 4652 δὲ,
3618 4588 3859 4660 κλέπτης

584 4690 667 4734 est
702 4679 803 4734 [ide
833 4692 898 4733 ac
920 4678 1228 4747 prudentia.
1263 4675 1388 4729 Scio
1437 4674 1580 4727 enim
1615 4672 1813 4725 multos
1833 4670 1929 4739 qui
1965 4670 2157 4723 viden-

590 4784 675 4827 tnr
701 4774 899 4825 virtute
940 4784 1003 4823 ac
1044 4770 1243 4837 pietate
1286 4781 1350 4821 ac
1414 4765 1521 4819 lide
1583 4764 1813 4833 praediti,
1874 4772 2159 4833 propterea

590 4865 733 4933 quod
757 4860 1124 4916 ecclesiastica
1145 4858 1443 4928 prudenter
1459 4856 1842 4911 administrare
1872 4861 2164 4923 nequeant,

590 4955 877 5010 damnosos
898 4965 1018 5005 esse
1052 4950 1325 5012 Ecclesiae,
1361 4958 1415 5002 et
1472 4963 1578 5003 non
1632 4952 1806 5000 solum
1853 4944 2164 5009 lacultates,

592 5043 686 5099 sed
739 5044 903 5097 etiam
965 5042 1176 5095 animas
1239 5040 1501 5111 perdere:
1557 5049 1618 5093 ut
1673 5037 2160 5108 exentpli‘gratia,

593 5136 833 5205 peccavit
862 5135 1384 5203 quispiampeccato
1420 5133 1562 5203 quod
1614 5132 1853 5185 animam
1891 5129 2114 5185 offendit
2147 5148 2158 5183 :

597 5232 699 5285 nisi
732 5231 967 5299 prudens
1000 5227 1071 5282 sit
1116 5227 1207 5295 qni
1245 5226 1517 5295 przesidet,
1581 5227 1675 5281 sed
1727 5235 1936 5281 tantum
1973 5224 2167 5277 babeat

597 5324 774 5387 Iidem,
836 5323 938 5375 hoc
990 5331 1071 5374 est
1120 5322 1369 5373 virtutem
1414 5321 1620 5389 absque
1674 5319 1902 5389 judicio,
1967 5317 2046 5372 vel
2104 5332 2171 5370 ex

596 5414 881 5468 innnodica
934 5412 1327 5479 increpatione,
1367 5414 1448 5467 vel
1492 5428 1558 5465 ex
1600 5412 1978 5481 intempestiva
2032 5409 2173 5464 illius

599 5510 1009 5563 mansuetudine
1052 5509 1418 5577 corrumpitur
1442 5509 1488 5562 is
1522 5508 1613 5577 qni
1639 5508 1818 5575 lapsus
1847 5516 1950 5572 est,
1983 5514 2036 5559 et
2067 5521 2171 5559 non

2268 4685 2334 4737 ἂν
2372 4682 2481 4752 είη,
2509 4684 2604 4735 καὶ
2631 4683 2776 4751 τόσῳ
2812 4680 3013 4751 μᾶλλον
3045 4681 3424 4751 δυσφώρατος,
3462 4682 3573 4750 ὅσῳ
3601 4682 3699 4735 καὶ
3726 4698 3857 4752 φρο-

2265 4775 2586 4843 νιμότατοςο
2615 4772 2759 4825 οὕτω
2780 4772 2845 4842 δὴ
2875 4772 2970 4824 καὶ
3002 4772 3092 4823 ὲπὶ
3124 4771 3233 4823 τῶν
3263 4770 3446 4838 θείων,
3481 4770 3565 4824 δεῖ
3600 4775 3659 4826 ὲν
3681 4772 3861 4841 ταυτῷ

2262 4864 2359 4916 καὶ
2393 4865 2631 4926 πίστεως
2658 4865 2753 4916 καὶ
2778 4866 3129 4933 φρονήσεως·
3179 4859 3296 4916 οἶδα
3333 4864 3445 4934 γὰρ
3476 4864 3593 4932 ἐγὼ
3633 4865 3860 4929 πολλοὺς

2266 4958 2593 5020 σπουδαίους
2620 4957 2717 5027 μὲν
2766 4956 3061 5019 δοκοῦντας
3102 4958 3237 5011 κατ’
3264 4959 3492 5030 ἀρετὴν,
3536 4959 3637 5012 καὶ
3679 4960 3861 5013 θεοσε-

2267 5049 2401 5113 ϐεῖς,
2447 5050 2540 5103 καὶ
2577 5050 2759 5102 πίστιν
2802 5050 3046 5119 ἔχοντας,
3106 5051 3161 5103 ὲν
3210 5049 3286 5118 τῷ
3336 5050 3409 5121 μὴ
3470 5050 3743 5104 δύνασθαι
3803 5051 3858 5104 δὲ

2272 5141 2553 5209 φρονίμως
2601 5138 2884 5193 διαθέσθαι
2931 5142 3001 5193 τὰ
3054 5141 3517 5213 ὲκκλησιαστικὰ,
3573 5144 3635 5197 οὑ
3701 5144 3861 5215 μόνον

2270 5234 2551 5303 χρήματα,
2575 5233 2712 5286 ἀλλὰ
2736 5234 2831 5286 καὶ
2856 5232 3035 5303 ψυχὰς
3066 5235 3456 5305 ζημιώσαντας
3478 5256 3492 5271 ι
3519 5232 3635 5291 οἷον
3669 5238 3859 5292 ἔπται-

2276 5325 2334 5376 σί
2357 5342 2441 5388 τις
2462 5328 2518 5377 ὲν
2548 5326 2766 5401 ψυχικῷ
2794 5328 3263 5397 προσπταίσματι,
3291 5328 3337 5380 εἰ
3372 5325 3448 5398 μὴ
3474 5330 3745 5399 φρόνιμος
3775 5329 3859 5395 εἴ]

2272 5419 2300 5469 ὁ
2333 5414 2638 5487 προεστὼς,
2693 5418 2827 5490 and:
2877 5417 3041 5489 μόνον
3108 5420 3294 5473 πίστιν
3358 5419 3523 5490 ιχων,
3585 5423 3864 5475 τουτέστιν

2273 5509 2471 5579 ἀρετὴν
2504 5508 2837 5581 ἀδιάκριτον,
2872 5512 2904 5582 ἢ
2932 5510 3264 5583 ἑξαμέτρου
3302 5513 3709 5582 ἐπιτιμήσεως,
3742 5512 3864 5583 ﬁt;

599 5610 844 5665 Satiatur,
880 5600 969 5654 sed
1011 5603 1331 5655 conteritur.
1390 5600 1648 5669 Quisquis
1709 5599 1873 5669 igitur
1916 5598 2089 5653 ﬁdelis
2122 5612 2144 5651 ε

2276 5604 2580 5674 πραότητος
2608 5604 2835 5673 ἀκαίρου
2860 5604 3187 5676 διαφθαρείη
3226 5606 3253 5657 6
3310 5606 3576 5672 πταίσας,
3629 5606 3728 5660 καὶ
3767 5606 3866 5660 οὑκ

600 5696 837 5761 prudens
869 5692 1123 5747 inventus
1156 5693 1340 5757 fuerit,
1368 5693 1732 5748 constituetur
1768 5693 1820 5747 irt
1865 5691 2174 5747 ministerio

670 5872 716 5905 ⁸⁸
743 5870 785 5927 ll
821 5869 969 5929 Petr.
1002 5889 1085 5940 Ill,
1118 5875 1204 5929 l0.

2283 5701 2590 5771 ἰαθήσεται,
2641 5700 2755 5754 ἀλλ’
2812 5700 3250 5773 ἐπιτριϐήσεται.
3286 5702 3483 5767 ὐστις
3533 5697 3634 5757 οὖν
3680 5701 3865 5766 rank
