4038 6574
219 519 319 580 905

219 626 344 687 πῶς
373 624 671 695 συνέχομαι
712 623 812 684 ἕως
835 617 896 674 οὗ
949 624 1173 692 τελεσθῇ
1207 642 1218 687 ;

213 720 303 768 καὶ
346 718 398 770 τὸ
425 718 711 786 κήρυγμα,
773 717 800 766 ό
848 716 1004 782 λόγος
1037 717 1146 787 γὰρ
1195 717 1307 785 πῦρ
1364 714 1670 767 κατεσθίων
1704 714 1811 764 πᾶν

214 809 416 873 ὑλῶδες
476 810 569 862 καὶ
623 809 965 877 συρφετῶδες
1003 809 1200 877 νόημα,
1255 810 1345 860 καί
1395 807 1458 858 τὰ
1502 802 1813 867 εἴδωλα

214 905 492 970 αφανίζων
520 903 708 965 ὁποίας
735 903 800 954 ἂν
828 902 958 970 ὕλης
990 898 1121 955 εἷεν.
1155 903 1376 954 Νοεῖται
1401 901 1456 951 δὲ
1479 900 1574 951 καὶ
1603 900 1629 950 ὁ
1651 897 1814 965 ζῆλος

211 1001 238 1051 ό
290 997 430 1064 ὑπὲρ
460 997 552 1048 τοῦ
596 997 765 1049 καλοῦ
803 998 860 1048 ἐν
913 999 1131 1067 ἑκάστῳ
1184 998 1340 1066 ἡμῶν
1393 996 1811 1065 ἀναπτόμενοςο

207 1091 351 1159 τάχα
373 1090 430 1143 δὲ
465 1091 561 1143 καί
597 1083 753 1150 οὗτος
779 1090 869 1143 διὰ
932 1091 1024 1144 τὸν
1080 1091 1238 1157 λόγον
1271 1089 1364 1143 τοῦ
1417 1088 1552 1141 Θεοῦ
1589 1087 1814 1158 γινόμε-

211 1201 324 1248 νος,
362 1184 465 1237 οὐκ
497 1185 724 1237 ἀπέοικε
757 1183 851 1237 τοῦ
919 1185 1192 1256 προτέρου
1219 1199 1230 1211 ⁸
1267 1183 1445 1251 τούτῳ
1471 1182 1536 1252 δὴ
1570 1179 1649 1251 τῷ
1681 1179 1813 1247 πυρὶ

208 1275 461 1344 βούλεται
515 1280 543 1329 ό
579 1275 785 1343 Κύριος
839 1277 1180 1331 ἀνάπτεσθαι
1233 1277 1332 1338 τὰς
1369 1274 1597 1345 καρδίας
1627 1271 1809 1341 ήμῶν’

206 1370 291 1420 δεῖ
323 1370 432 1436 γὰρ
462 1369 610 1440 ἡμᾶς
643 1368 806 1439 ζῆλον
840 1368 1108 1438 διάπυρον
1138 1368 1281 1436 ὑπὲρ
1302 1367 1396 1419 τοῦ
1427 1364 1594 1418 καλοῦ
1631 1365 1810 1434 ἔχειν’

205 1463 269 1515 τ’)
303 1462 501 1534 γὰρ,τί
524 1462 682 1527 θέλω,
703 1463 823 1515 ἀντὶ
847 1463 964 1527 τοῦ,
988 1463 1153 1515 πόσον
1177 1461 1338 1526 θέλω,
1363 1461 1411 1513 εἰ
1437 1459 1535 1531 ἤδη
1561 1456 1810 1528 ἀνήφθη;

219 1551 579 1606 Ἐπισπεύδει
653 1553 763 1624 γάρ
799 1551 900 1623 τὴν
933 1553 1132 1622 ἄναψιν
1201 1551 1396 1604 τούτου
1454 1549 1548 1604 τοῦ
1616 1547 1811 1622 πυρὸς,

209 1643 400 1708 καθὼς
435 1646 529 1698 καὶ
561 1646 590 1697 ό
638 1645 851 1709 Παῦλος
907 1645 1058 1712 λέγει
1089 1662 1103 1677 ο
1129 1645 1220 1716 Τῷ
1255 1644 1538 1713 πνεύματι
1566 1642 1808 1707 ζέοντες.

206 1740 323 1793 Καὶ
357 1740 555 1794 πάλιν⁶
594 1740 755 1810 Ζηλῶ
783 1741 894 1811 γὰρ
923 1741 1070 1810 ὑμᾶς
1097 1739 1235 1793 Θεοῦ
1279 1739 1452 1811 ζήλῳ.
1510 1737 1809 1805 Βάπτισμα

203 1833 264 1886 δὲ
317 1832 413 1886 τὸν
459 1832 694 1886 θάνατον
744 1832 942 1888 ἑαυτοῦ
983 1833 1156 1903 λέγει.
1216 1833 1437 1901 Ἐπειδὴ
1469 1833 1579 1901 γὰρ
1619 1829 1679 1883 τὺ
1701 1829 1815 1898 πῦρ

211 1927 380 1981 τοῦτο
433 1929 534 1981 οὑκ
582 1928 761 1989 ἄλλως
799 1928 1025 2000 ἔμελλεν
1087 1929 1419 1999 ἀναφθῆναι,
1457 1930 1506 1980 εἰ
1551 1928 1626 1998 μὴ
1674 1927 1814 1997 μετὰ

202 2021 301 2073 τὸν
337 2019 574 2075 θάνατον
607 2020 774 2075 αὑτοῦ
817 2039 829 2052 ·
869 2025 964 2076 καὶ
1019 2023 1130 2093 γὰρ
1179 2023 1369 2076 ἔκτοτε
1433 2022 1494 2075 τὸ
1551 2023 1816 2094 κήρυγμα

204 2113 308 2166 καὶ
343 2114 373 2166 ό
401 2111 564 2182 ζῆλος
585 2113 797 2184 ηὐξήθη
823 2132 837 2145 ·
881 2114 970 2166 διὰ
999 2113 1157 2168 τοῦτο
1196 2115 1392 2183 ἐπάγει
1435 2115 1529 2168 καὶ
1565 2116 1693 2186 περὶ
1719 2112 1814 2167 τοῦ

201 2205 472 2272 θανάτου,
509 2207 798 2278 ὀνομάζων
830 2207 996 2262 αὐτὸν
1047 2207 1359 2282 βάπτισμα.
1414 2207 1734 2277 Ἑπιθυμῶν
1760 2208 1816 2260 δὲ

199 2297 401 2352 τούτου
441 2298 668 2369 σφόδρα,
709 2301 842 2370 φησί
867 2317 879 2329 ·
909 2301 1019 2354 Καὶ
1049 2301 1168 2364 πῶς
1201 2302 1520 2371 συνέχομαι,
1546 2302 1668 2354 ἀντὶ
1694 2301 1813 2366 τοῦ,

197 2390 381 2444 πόσον
453 2390 726 2464 φροντίζω
799 2393 891 2445 καὶ
950 2392 1230 2464 θλίϐομαι,
1285 2393 1389 2456 ἓως
1443 2387 1505 2446 οὗ
1547 2392 1815 2462 τελεσθῇς

194 2482 362 2552 Διψῶ
395 2484 501 2555 γὰρ
537 2487 629 2539 τὸν
659 2487 798 2558 ὑπὲρ
828 2488 932 2557 τῆς
962 2487 1184 2540 πάντων
1212 2487 1489 2558 σωτηρίας
1545 2486 1800 2542 Θάνατον.

195 2577 329 2648 Πῦρ
361 2579 419 2632 δὲ
463 2576 596 2651 ἦλθε
639 2581 824 2650 βαλεῖν
875 2585 904 2635 ό
935 2580 1157 2652 Κύριος,
1198 2581 1260 2634 οὐ
1299 2583 1461 2650 μόνον
1507 2582 1600 2633 ἐπὶ
1630 2582 1817 2633 πᾶσαν

192 2673 310 2743 τὴν
338 2673 469 2741 γῆν,
500 2675 579 2736 εἰς
612 2674 677 2742 ἧν
711 2675 739 2726 ό
771 2673 933 2741 λόγος
962 2674 1057 2727 καὶ
1107 2675 1140 2742 ἡ
1180 2674 1364 2736 πίστις
1395 2672 1652 2742 ήπλὼθη,
1679 2672 1817 2730 ἀλλὰ

193 2767 302 2823 καὶ
337 2767 429 2817 ἐπὶ
451 2767 549 2836 τὴν
602 2767 839 2820 ἑκάστου
887 2766 1092 2837 ψυχὴν,
1125 2767 1230 2836 γῆν
1274 2766 1373 2835 μὲν
1423 2763 1589 2817 οὖσαν
1641 2767 1815 2817 ἀκαν-

195 2859 457 2929 Οηιρόρον
481 2861 576 2912 καὶ
599 2858 875 2930 ἄκαρπον,
905 2859 1012 2910 ὑπὸ
1042 2858 1098 2910 δὲ
1131 2857 1224 2911 τοῦ
1254 2858 1400 2912 θείου
1420 2858 1585 2925 λόγου
1617 2855 1810 2926 ὥσπερ

190 2954 391 3025 πυρὸς
429 2952 845 3024 διακαιομένην,
903 2951 998 3004 καὶ
1038 2949 1299 3021 δεκτικὴν
1355 2952 1655 3021 γινομένην
1703 2949 1814 3003 τῶν

186 3044 377 3099 Θείων
407 3045 770 3115 σπερμάτων,
792 3045 887 3098 καὶ
909 3042 1264 3114 καρποφοροῦ
1277 3061 1373 3096 σαν
1398 3041 1813 3113 πνευματικῶς.

184 3139 385 3192 Ὅταν
438 3138 550 3209 γὰρ
597 3137 802 3209 ἅψηταί
859 3155 1003 3201 τινος
1059 3137 1239 3208 ψυχῆς
1306 3138 1560 3210 ἀοράτως
1613 3139 1647 3207 ἡ
1694 3137 1816 3190 θεία

179 3234 398 3306 χάρις,
423 3231 571 3283 δοκεῖ
598 3230 898 3300 φλέγεσθαι
922 3229 1000 3298 τῷ
1031 3229 1168 3283 Θεοῦ
1205 3231 1380 3300 πόθῳ,
1425 3229 1502 3293 ὡς
1535 3231 1637 3283 οὐκ
1665 3230 1814 3284 ἔστιν

180 3327 406 3386 εἰπεῖν,
439 3321 629 3394 ὥσπερ
654 3323 846 3391 ἀμέλει
875 3323 969 3374 καὶ
1005 3323 1055 3374 οἰ
1085 3323 1216 3394 περὶ
1248 3323 1504 3376 Κλεόπαν
1527 3323 1608 3394 τῷ
1629 3324 1812 3377 τοιού-

173 3436 270 3489 τῳ
310 3418 455 3486 πυρὶ
484 3419 583 3486 τῆς
619 3414 714 3468 τοῦ
743 3417 879 3468 Θεοῦ
906 3415 1347 3485 ὑπορλεγόμενοι
1372 3416 1623 3486 ἀοράτως
1649 3418 1814 3488 χάρι-

173 3530 315 3576 τος,
369 3512 506 3582 Οὐχὶ
566 3513 599 3582 ἡ
649 3513 845 3582 καρδία
883 3514 1042 3583 ἡμῶν
1100 3512 1368 3582 καιομένη
1421 3506 1491 3581 ἦν
1545 3511 1605 3562 ὲν
1649 3511 1810 3580 ἡμίν;

170 3610 418 3677 ἔλεγον.
451 3608 598 3670 Εῐτις
638 3607 731 3661 οὖν
763 3608 931 3660 ἔπαθε
970 3609 1030 3661 τὸ
1061 3606 1304 3661 τοιοῦτον
1360 3605 1559 3668 πάθος,
1603 3605 1815 3658 εἴσεται

172 3701 252 3755 τὸ
326 3700 654 3769 λεγόμενον.
714 3701 991 3767 Πάσχουσι
1059 3699 1116 3751 δὲ
1162 3699 1352 3752 πολλοί
1392 3698 1490 3751 καὶ
1551 3697 1816 3759 πολλάκις

167 3793 743 3860 ἀναγινωσκομένων
803 3791 966 3844 θείων
1041 3791 1300 3861 Γραφῶν,
1350 3791 1381 3859 ἢ
1448 3789 1579 3859 βίων
1640 3790 1815 3857 ἁγίων

167 3883 498 3954 Πατέρων,
532 3883 564 3952 ἢ
602 3884 1019 3953 παραινούντων
1051 3883 1217 3937 τινῶν
1264 3885 1360 3936 καὶ
1417 3883 1810 3947 διδασκόντων,

151 3979 586 4047 διακαιόμενοι
622 3977 760 4048 πρὸς
800 3978 859 4029 τὸ
900 3977 1063 4030 καλὸν
1111 3977 1214 4041 τὰς
1258 3977 1460 4048 ψυχὰς,
1497 3976 1664 4030 7.1101
1713 3976 1812 4046 μὲν

153 4075 324 4144 ἄχρι
368 4071 584 4134 τέλους,
621 4072 669 4124 οἱ
697 4071 752 4123 δὲ
793 4072 1110 4140 παραυτίκα
1135 4070 1662 4140 ἀποψυχραίνονται.

251 4183 279 4217 α
332 4165 588 4224 Δοκεῖτε,
623 4164 704 4216 ὅτι
740 4163 964 4235 εἰρήνην
1003 4165 1394 4234 παρεγενόμην
1428 4163 1615 4216 δοῦναι
1651 4164 1709 4215 ὲν
1744 4164 1810 4233 τῇ

148 4256 291 4327 γῆς
341 4253 512 4322 Οὐχὶ,
546 4253 698 4322 λέγω
742 4253 891 4320 ὑμῖν,
925 4252 1099 4322 ἀλλ’ἢ
1137 4254 1505 4324 διαμερισμόν
1527 4269 1543 4285 ο
1596 4253 1810 4306 ἔσονται

141 4355 290 4420 γὰρ
329 4347 456 4400 ἀπὸ
483 4347 577 4398 τοῦ
604 4345 700 4399 νῦν
730 4347 894 4398 πέντε
927 4347 984 4398 ὲν
1009 4348 1146 4416 οῐκῳ
1175 4347 1257 4399 ὲν).
1283 4346 1807 4418 διαμεμερισμένοι,

141 4442 342 4511 τρεῖς
390 4437 486 4490 ἐπὶ
534 4439 679 4500 δυσὶ,
721 4439 814 4489 καὶ
844 4436 939 4490 δύο
977 4439 1070 4489 ἐπὶ
1114 4439 1295 4508 τρισὶν
1349 4439 1810 4510 διαμερισθήσον-

136 4553 287 4599 ται,
336 4531 536 4601 πατὴρ
570 4533 664 4584 ἐπὶ
686 4530 806 4600 υἱῷ,
841 4531 935 4584 καὶ
962 4529 1078 4594 υίὸς
1110 4531 1206 4584 ὲπί
1237 4532 1408 4602 πατρί
1431 4549 1444 4563 ·
1487 4535 1671 4602 μήτηρ
1717 4535 1810 4588 ἐπὶ

136 4625 466 4697 θυγατρὶ.
500 4624 596 4677 καὶ
629 4625 880 4694 θυγάτηρ
927 4626 1018 4677 ἐπὶ
1052 4625 1254 4696 μητρί’
1313 4625 1554 4696 πενθερὰ
1584 4627 1675 4678 ἐπὶ
1710 4626 1809 4697 τὴν

907 513 1352 576 ENARRATIO
1396 513 1476 573 IN
1519 505 2028 572 EVANGELIUM
2063 507 2302 568 LUC.'E.
2337 534 2402 541 --
2444 507 2604 565 CAP.
2649 506 2782 566 XII.

1267 645 1282 672 ι
1325 623 1442 689 Πῦρ
1483 623 1682 674 νοεῖται
1714 619 1812 686 μὲν

1923 616 2096 671 habeo
2144 617 2438 683 baptizari,
2485 627 2535 669 et
2599 615 2878 684 quomodo
2950 616 3303 686 constringor
3358 619 3534 675 donec

1840 3372 1888 3436 C

3413 507 3519 569 906

1925 711 2277 778 perﬁciatur?
2329 732 2343 759 ι
2406 710 2506 764 l‘er
2569 711 2751 780 igneo-2.-
2806 712 3026 777 quidem
3086 721 3133 762 ct
3211 712 3533 779 pratdicatio

1924 806 2267 874 intelligitur.
2324 803 2518 858 Sermo
2580 805 2723 856 enim
2769 803 2908 872 ignis
2952 813 3058 866 est,
3111 807 3203 872 qui
3255 810 3534 858 consumit

1922 914 2140 952 omnem
2183 897 2530 951 materialrm
2580 908 2632 949 ct
2688 896 3068 963 imperfectam
3116 901 3533 968 cotgitalioncm.

1922 1004 1974 1046 ct
2007 993 2302 1046 simulacra
2337 991 2520 1045 abolet
2570 990 2951 1060 cujuscunque
3001 991 3211 1046 fuerint
3268 995 3532 1049 materia.

1921 1084 2246 1153 lntelligitur
2274 1087 2440 1138 etiam
2470 1092 2522 1137 et
2560 1085 2711 1136 zelus
2745 1098 2842 1151 pro
2877 1085 3079 1140 virtute
3116 1087 3169 1140 in
3207 1103 3536 1158 unoquoque

1923 1189 2174 1232 nostrum
2223 1194 2538 1234 accensus:
2585 1180 2840 1236 l‘ortaSsis
2895 1190 3080 1235 autem
3130 1191 3185 1236 et
3235 1183 3284 1237 is
3309 1193 3393 1238 est
3445 1185 3536 1253 qui

1922 1283 2149 1341 propter
2183 1271 2411 1326 verbum
2443 1275 2534 1328 Dei
2570 1274 2651 1336 lit,
2698 1292 2806 1328 non
2837 1275 3125 1330 dissimilis
3167 1286 3350 1330 autem
3383 1288 3470 1332 est
3497 1294 3525 1329 a

1921 1364 2147 1434 priore:
2184 1364 2288 1419 hoc
2335 1364 2482 1418 enim
2537 1366 2663 1435 igne
2707 1366 2819 1419 vult
2875 1366 3020 1421 Deus
3081 1368 3309 1422 accendi
3369 1371 3534 1424 corda

1923 1467 2133 1511 nostra.
2178 1456 2703 1528 Debemusignitum
2745 1474 2844 1527 pro
2867 1458 3072 1513 virtute
3100 1461 3275 1514 zelum
3312 1462 3538 1518 habere.

1923 1549 2102 1614 Unde,
2138 1550 2267 1620 quid
2305 1550 2450 1611 volo,
2508 1549 2558 1602 id
2588 1559 2695 1614 est,
2730 1560 2998 1619 quantum
3049 1551 3193 1617 volo,
3232 1551 3276 1604 si
3300 1552 3414 1621 jam
3443 1569 3539 1607 ac-

1921 1658 2122 1699 census
2173 1642 2292 1696 est?
2332 1641 2501 1713 Urget
2543 1643 2692 1697 enim
2732 1653 2792 1696 ιιι
2848 1644 3188 1698 accendatur
3243 1645 3386 1715 ignis
3423 1645 3537 1705 ille.

1922 1737 2064 1792 sicut
2101 1747 2157 1793 et
2205 1737 2410 1792 Paulus
2446 1737 2583 1792 dicit
2639 1756 2650 1791 :
2696 1736 2906 1808 Spiritu
2950 1737 3255 1794 ferventes.
3311 1739 3378 1793 Et
3416 1756 3536 1795 rur~

1923 1844 2044 1884 sum
2083 1848 2095 1885 :
2126 1829 2380 1884 [Emulor
2407 1831 2558 1885 enim
2591 1845 2688 1885 vos
2716 1830 3069 1886 aemulatione
3106 1829 3222 1888 Dei.
3259 1832 3537 1903 Baptisma

1924 1934 2108 1977 autem
2135 1932 2370 1978 mortem
2406 1938 2559 1978 suam
2580 1924 2735 1978 dicit.
2775 1924 3048 1990 Quoniam
3088 1926 3237 1980 enim
3271 1927 3413 1998 ignis
3447 1926 3537 1982 ille

1925 2031 2032 2070 non
2083 2017 2246 2070 aliter
2301 2017 2689 2072 accendendus
2730 2028 2874 2082 erat,
2929 2032 3094 2087 quam
3147 2031 3268 2089 post
3303 2031 3536 2076 mortem

1923 2109 2081 2178 ejus:
2115 2124 2239 2162 nam
2273 2125 2338 2163 ex
2369 2124 2435 2163 eo
2457 2120 2702 2179 tempore
2724 2109 3041 2178 praedicatio
3081 2119 3137 2166 et
3164 2111 3316 2167 zelus
3350 2127 3545 2169 creve-

1925 2215 2070 2268 runt,
2108 2216 2395 2273 propterea
2432 2204 2620 2258 subdit
2655 2205 2821 2258 etiam
2857 2204 2922 2258 de
2953 2213 3152 2266 morte.
3193 2206 3528 2274 baptismum

1924 2297 2069 2350 illam
2106 2312 2332 2351 vocans.
2362 2296 2515 2352 llanc
2545 2303 2727 2350 autem
2760 2296 2919 2350 valde
2943 2296 3288 2361 desiderans,
3314 2297 3493 2369 inquit
3519 2316 3534 2351 :

1923 2390 1990 2445 Et
2037 2390 2318 2461 quomodo
2344 2391 2712 2461 constriugor,
2749 2392 2852 2445 hoc
2892 2401 2998 2452 est,
3055 2406 3219 2461 quam
3265 2392 3540 2448 sollicitus

1922 2501 2041 2540 smn
2082 2501 2147 2541 ac
2218 2500 2462 2556 premor,
2527 2487 2702 2540 donec
2754 2483 3122 2553 perficiatur?
3185 2483 3324 2540 Sitio
3387 2486 3538 2540 enim

1925 2590 2158 2633 mortem
2217 2594 2319 2650 pro
2346 2579 2596 2633 omnium
2631 2577 2832 2632 salute.
2865 2577 3046 2647 Ignem
3075 2578 3222 2632 venit
3267 2579 3542 2632 missurus

1924 2693 2028 2731 non
2063 2675 2239 2730 solum
2277 2677 2328 2728 in
2368 2689 2590 2728 omnem
2632 2683 2860 2738 terram,
2920 2673 2971 2725 i't
3006 2688 3171 2742 quam
3223 2673 3542 2741 praedicatio

1923 2783 1973 2825 ct
2004 2770 2140 2824 ﬁdes
2169 2768 2463 2839 explanata
2499 2777 2651 2830 sunt,
2687 2770 2780 2821 sed
2809 2765 3244 2835 uniuscujusque
3268 2767 3537 2824 animam.

1923 2876 2043 2932 qua:
2075 2871 2225 2916 terra
2281 2859 2503 2929 quidem
2560 2859 2782 2926 spinosa
2818 2867 2904 2914 est
2943 2869 2997 2913 et
3048 2860 3274 2923 sterilis,
3314 2875 3342 2911 a
3373 2861 3542 2914 verbo

1923 2966 2106 3010 autem
2142 2955 2238 3010 Dei
2268 2953 2428 3025 quasi
2457 2953 2582 3025 igne
2615 2967 2907 3016 succensa,
2946 2961 3002 3007 et
3037 2952 3349 3007 divinorum
3374 2954 3544 3008 semi-

1926 3067 2052 3105 num
2081 3065 2279 3120 capax,
2309 3058 2363 3102 et
2387 3046 2761 3118 spiritualium
2796 3044 3014 3114 irugum
3041 3045 3194 3099 ferax
3227 3045 3395 3100 facta.
3427 3047 3530 3101 Ubi

1921 3147 2068 3201 enim
2129 3145 2362 3212 alicujus
2416 3143 2615 3197 anima:
2668 3141 3022 3196 invisibiliter
3099 3142 3284 3196 divina
3363 3143 3540 3209 gratia

1921 3239 2239 3306 centigerit,
2265 3237 2482 3290 videtur
2512 3235 2791 3291 desiderio
2822 3234 2914 3289 Dei
2965 3250 3130 3305 supra
3173 3250 3338 3304 quam
3371 3236 3537 3307 381

1922 3330 2027 3384 dici
2057 3338 2224 3398 queat
2254 3328 2510 3398 ﬂagrare,
2544 3327 3011 3396 quemadmodum
3061 3338 3118 3382 et
3156 3327 3390 3398 CleOpas
3446 3330 3543 3383 lla-

1923 3421 2120 3492 grabat
2149 3421 2339 3475 divino
2359 3420 2484 3490 igne
2513 3434 2638 3475 cum
2659 3420 2907 3474 diceret:
2944 3417 3137 3474 Nonne
3165 3435 3262 3476 cor
3287 3432 3539 3476 nostrum

1922 3530 2220 3570 accensum
2266 3524 2382 3570 erat
2433 3514 2489 3570 in
2551 3513 2710 3569 nobis
2743 3513 2831 3568 “2
2867 3512 3132 3585 Quisquis
3184 3515 3354 3586 igitur
3400 3515 3544 3570 hanc

1922 3605 2278 3660 affectionem
2305 3613 2572 3676 expertus
2599 3614 2709 3668 est,
2753 3604 2859 3659 scit
2885 3605 3015 3674 quid
3051 3605 3324 3660 dicamus.
3361 3605 3542 3676 Expe—

1927 3703 2144 3752 riuntnr
2167 3709 2354 3753 autem
2406 3697 2564 3752 mudti
2589 3700 2756 3753 etiam
2794 3698 3020 3768 quando
3043 3697 3300 3768 leguntur
3333 3697 3538 3753 divinae

1921 3791 2247 3861 Scriptura,
2292 3791 2380 3847 vel
2404 3792 2532 3847 vita:
2612 3800 2934 3847 sanctorum
3015 3791 3262 3857 Patrum,
3323 3792 3406 3845 vel
3488 3797 3535 3847 si

1920 3890 2326 3941 admoneamur
2349 3884 2433 3940 vel
2465 3887 2791 3949 doceantur,
2824 3886 3104 3954 quomodo
3161 3885 3542 3940 accendantur

1920 3983 2120 4036 animm
2141 3983 2208 4033 ad
2238 3979 2552 4035 faciendum
2597 3981 2824 4035 bOnum.
2872 3977 2938 4032 Et
2965 3980 3056 4034 alii
3085 3981 3311 4050 quidem
3365 3995 3541 4051 usque

1919 4077 1986 4128 ad
2018 4075 2180 4129 tinem
2214 4072 2467 4142 ﬂagrant,
2500 4072 2592 4126 alii
2619 4088 2751 4127 vero
2781 4073 2968 4126 statim
3016 4072 3345 4143 frigescunt.

1990 4169 2155 4222 Vens.
2192 4165 2386 4220 51-53.
2417 4183 2434 4216 ι
2469 4163 2678 4219 Putatis
2707 4164 2850 4232 quod
2885 4178 3075 4233 pacem
3122 4165 3365 4218 venerim
3396 4162 3537 4218 mis-

1917 4276 2080 4314 surus
2127 4260 2178 4312 in
2224 4257 2474 4312 terram?
2509 4257 2652 4320 Non,
2687 4257 2811 4311 dico
2858 4257 3038 4321 vobis,
3081 4256 3194 4310 imo
3227 4259 3540 4326 separatio-

1917 4367 2067 4406 nem.
2101 4351 2272 4405 Erunt
2312 4351 2457 4404 enim
2515 4363 2581 4403 ex
2640 4348 2743 4403 hoc
2785 4348 3034 4418 quinque
3092 4347 3144 4401 in
3204 4349 3372 4403 domo
3427 4365 3538 4403 una

1917 4447 2101 4508 divisi,
2143 4455 2253 4499 tres
2284 4445 2550 4500 adversus
2591 4443 2753 4507 duos,
2791 4450 2846 4497 et
2877 4443 2984 4496 duo
3016 4454 3210 4497 contra
3244 4452 3359 4498 tres
3389 4442 3524 4499 divi-

1917 4541 2138 4602 dentur,
2186 4547 2344 4606 pater
2399 4536 2665 4589 adversus
2723 4534 2920 4600 ﬁlium,
2958 4545 3013 4588 et
3077 4534 3221 4590 ﬁlius
3275 4539 3538 4592 θάνοι-ους

1917 4645 2128 4704 patrem
2163 4646 2176 4691 :
2227 4638 2404 4684 mater
2446 4630 2717 4684 adversus
2755 4629 2946 4691 tiliam,
2982 4639 3037 4682 et
3097 4628 3209 4683 lilia
3265 4618 3537 4684 adversus

128 4726 428 4797 νύμφην
481 4719 678 4790 αὐτῆς,
707 4721 801 4772 καὶ
865 4721 1051 4790 νύμφη
1093 4720 1185 4772 ὲπί
1233 4719 1333 4790 τὴν
1394 4720 1670 4791 πενθεράν
1712 4722 1811 4775 αὺ-

1923 4737 2150 4781 matrem
2194 4739 2427 4780 :socrus
2463 4724 2729 4777 adversus
2785 4738 2981 4776 nurum
3043 4738 3226 4786 suam,
3271 4731 3323 4778 et
3366 4737 3538 4776 nurus

125 4821 293 4889 τῆς.
350 4833 378 4867 ι
428 4813 664 4881 Χριστὸς
708 4814 807 4881 μέν
858 4814 1006 4864 ἐστιν
1049 4816 1082 4884 ἡ
1145 4815 1336 4885 εἰρήνη
1397 4816 1578 4884 ἡμῶν,
1648 4815 1806 4886 πλὴν,

124 4915 284 4969 Οὐκ
353 4903 582 4978 ἦλθδν,
641 4907 807 4976 φησὶν
841 4947 854 4969 ,
895 4907 1120 4977 εἰρήνην
1173 4908 1379 4960 δοῦναι.
1436 4908 1602 4960 Ὅθεν
1671 4912 1807 4961 αἰνί-

124 5019 366 5076 γματι
443 5002 590 5052 ἔοικε
648 5000 1068 5069 τὸλεγόμενον.
1134 5002 1384 5069 Λέγομεν
1439 5001 1552 5068 οὖν,
1615 5003 1690 5066 ὡς
1744 5004 1805 5055 οὐ

115 5102 327 5155 πᾶσα
376 5093 583 5162 εἰρήνη
643 5092 848 5159 ἄψογος
887 5091 978 5144 καὶ
1018 5094 1179 5162 καλὴ,
1210 5093 1328 5145 ἀλλ’
1372 5093 1521 5145 ἔστιν
1570 5096 1806 5161 ἐπισφα-

109 5198 243 5267 λὴς
321 5187 639 5249 πολλάκις,
665 5189 761 5240 καὶ
807 5188 1000 5256 πόρρω
1056 5190 1156 5258 τῆς
1204 5187 1354 5249 θείας
1397 5190 1620 5257 ἀγάπης
1678 5189 1804 5258 βὰλ,

110 5291 340 5342 lauda
391 5299 407 5310 '
439 5276 551 5332 οἷον
577 5281 705 5334 ὃταν
738 5281 1136 5349 είρηνεύωμεν,
1175 5282 1267 5332 καὶ
1311 5283 1696 5350 συμφωνῶμεν
1718 5283 1810 5332 ἐπὶ

113 5375 502 5436 καταλύσει
534 5376 631 5442 τῆς
659 5373 919 5440 ἀληθείας
939 5391 951 5405 ·
981 5376 1187 5440 ταύτην
1214 5373 1306 5426 οὖν
1326 5375 1424 5443 τὴν
1453 5376 1676 5444 εἰρήνην
1709 5379 1809 5428 οὐκ

104 5473 288 5548 ἦλθε
348 5465 560 5520 δοῦναι
608 5467 864 5537 Χριστὸς,
911 5466 1224 5519 τουναντίον
1262 5467 1362 5536 μὲν
1413 5466 1508 5520 οὖν
1557 5468 1808 5536 βούλεται

107 5564 315 5632 ἡμᾶς
383 5554 762 5623 διαφέρεσθαι
796 5559 933 5624 πρὸς
967 5558 1234 5625 ἀλλήλους
1258 5560 1398 5627 ὑπὲρ
1428 5560 1524 5611 τοῦ
1562 5562 1750 5624 καλοῦ,
1783 5563 1809 5610 ὃ

96 5659 220 5712 καὶ
267 5656 353 5705 ἐν
407 5646 496 5714 τῷ
540 5645 772 5717 διωγμῷ
803 5649 1028 5715 γέγονεν
1055 5670 1068 5682 ο
1103 5655 1159 5701 ἐν
1196 5654 1276 5702 ἑνὶ
1304 5654 1413 5720 γὰρ
1449 5655 1582 5723 οἴκῳ
1617 5655 1799 5722 πατὴρ

89 5751 384 5816 Ἕλλην
457 5739 560 5809 υἱῷ
621 5743 796 5808 πιπτίῖ)
827 5744 1127 5812 διεφέρετο.
1173 5750 1263 5796 καὶ
1301 5747 1484 5815 μήτηρ
1544 5748 1799 5817 θυγατρὶ,

83 5847 218 5902 καὶ
272 5841 359 5893 τὸ
447 5832 710 5901 ἔμπαλιν.
765 5836 883 5896 Πῶς
929 5838 982 5886 δὲ
1037 5839 1209 5890 εεπιὶιν
1265 5840 1426 5890 πέντε
1462 5840 1517 5891 ἐν
1551 5842 1629 5892 ἐνὶ
1666 5843 1799 5911 οἴκῳ

189 6029 249 6059 eo
301 6022 476 6077 Litt“.
527 6032 674 6070 XXIV.
719 6017 803 6068 3'3.

524 6118 787 6172 l’.:t'rt'.<'»t..
845 6120 931 6174 titt
1016 6119 1278 6178 ιῖῗίϊίέί.

1925 4822 2188 4875 adversus
2213 4831 2432 4874 socrum
2475 4832 2654 4870 suam.
2706 4835 2723 4867 ι
2761 4814 3017 4872 Christus
3052 4816 3272 4885 quidem
3315 4825 3397 4872 est
3427 4831 3534 4887 pax

1924 4921 2135 4974 nostra,
2200 4912 2316 4969 sed,
2365 4908 2482 4964 Non
2513 4909 2662 4971 veni,
2723 4909 2921 4977 inquit,
2973 4908 3246 4963 missurus
3292 4923 3480 4978 pacem
3522 4927 3535 4960 :

1920 5006 2064 5059 unde
2097 5002 2444 5073 mnigmatice
2497 5003 2600 5056 hoc
2658 5000 2869 5054 dictum
2926 5012 3030 5055 est.
3065 5001 3312 5054 Dicimus
3367 5000 3537 5071 igitur

1919 5097 2059 5166 quod
2104 5111 2208 5150 non
2252 5095 2436 5149 omnis
2479 5110 2581 5164 pax
2629 5094 2902 5162 vituperio
2935 5103 3107 5155 caret,
3142 5102 3198 5148 et
3247 5094 3390 5147 bona
3423 5101 3532 5153 est,

1918 5192 2010 5245 sed
2063 5199 2146 5244 est
2186 5205 2330 5258 saepe
2374 5205 2476 5258 pax
2522 5188 2851 5258 periculosa.
2887 5197 2941 5241 et
3011 5188 3201 5257 procul
3269 5204 3296 5239 a
3350 5186 3530 5238 divina

1919 5284 2188 5333 rharitate
2231 5283 2503 5347 l‘l‘lell‘nS,
2538 5291 2726 5349 utpote
2774 5283 2994 5348 quando
3037 5296 3221 5349 pacein
3269 5281 3534 5333 habemus

1916 5383 1967 5425 et
2031 5375 2420 5442 conspirantus
2479 5375 2529 5425 in
2588 5375 3021 5426 deSIructionrm
3075 5373 3339 5425 ueritatis.
3384 5371 3533 5425 llaue

1915 5465 2059 5518 cnim
2110 5480 2298 5533 pacem
2338 5482 2443 5519 non
2475 5467 2617 5518 venit
2662 5466 2912 5520 Christus
2951 5479 3006 5518 ut
3060 5468 3234 5528 daret,
3271 5473 3362 5518 .ςοιί
3394 5482 3532 5518 con-

1919 5559 2148 5611 trarium
2203 5559 2317 5610 vult
2359 5579 2368 5610 :
2409 5574 2602 5628 nempe
2649 5569 2703 5610 ut
2738 5559 3104 5613 dissideatnus
3150 5571 3374 5628 propter
3429 5559 3528 5610 bo-

1919 5668 2069 5714 num,
2110 5653 2252 5719 quod
2293 5660 2347 5706 et
2392 5654 2441 5705 in
2496 5653 2879 5720 persecutione
2935 5651 3138 5704 factum
3177 5660 3281 5704 est.
3317 5651 3374 5703 In
3420 5667 3525 5704 una

1914 5747 2061 5798 enim
2094 5748 2254 5799 domo
2309 5754 2464 5812 pater
2512 5747 2732 5815 gentilis
2787 5762 2814 5797 a
2875 5744 2985 5798 lilio
3035 5743 3180 5798 ﬁdeli
3217 5743 3523 5800 diﬂerebat.

1916 5854 1966 5892 ιιι
2028 5851 2200 5891 mater
2250 5855 2276 5891 τι
2324 5838 2456 5904 ﬁlia,
2490 5850 2543 5891 cl
2607 5851 2820 5892 contra.
2866 5838 3153 5902 Quomodo
3211 5850 3394 5888 autem
3442 5837 3518 5884 cll-

3134 6124 3212 6181 νυ
