4038 6556
598 504 700 567 907

1493 493 2070 560 THEOPHYLACTI
2110 488 2528 552 BULGARMI
2567 488 2924 550 ARCIIlEP.

3762 481 3868 548 903

593 612 1071 683 eendo,Quluque
1132 613 1206 666 .in
1267 610 1431 667 domo
1485 628 1589 665 una
1653 610 1810 666 divisi
1888 617 2076 674 erunt,
2123 604 2165 657 in

2281 602 2814 672 διαμεμερισμένους
2880 598 3126 663 ἔσεσθαι,
3171 600 3228 652 ἐν
3279 600 3347 670 τῇ
3382 597 3765 671 ἀπαριθμήσει
3812 597 3874 664 ιε

588 705 1002 761 enumeratione
1049 719 1140 759 sex
1196 716 1460 772 personas
1516 703 1733 772 posuit?
1768 701 2014 756 Dicimus
2066 699 2168 767 igi-

590 805 678 849 tur
732 795 874 866 quod
936 809 1039 849 una
1079 808 1311 864 persona
1361 793 1443 850 bis
1479 803 1754 864 asstunpta
1799 803 1902 848 est.
1935 791 2071 846 Filia
2117 799 2173 846 et

591 901 757 940 nurus
812 885 1001 940 eadem
1046 895 1144 942 est
1187 899 1440 956 persona.
1499 882 1633 938 Filia
1665 885 1810 940 enim
1857 883 2079 947 dicitur,
2125 881 2170 936 si

589 978 655 1032 ad
704 987 932 1033 matrem
989 977 1260 1032 referatur
1296 993 1312 1031 :
1343 991 1510 1032 nurus
1551 991 1700 1042 vero,
1724 978 1769 1031 si
1802 977 1868 1030 ad
1925 991 2168 1032 socrum.

588 1073 722 1130 Tres
747 1076 911 1146 igitur
943 1074 1307 1139 eruntd'ivisi,
1345 1083 1500 1145 pater
1536 1084 1589 1130 et
1641 1084 1815 1128 mater
1861 1082 1917 1128 et
1955 1088 2168 1138 socrus,

586 1168 845 1223 adversus
902 1170 1058 1232 duos,
1097 1166 1266 1222 ﬁlium
1323 1177 1376 1223 et
1431 1166 1618 1223 filiam.
1653 1165 1789 1222 Filia
1853 1168 1997 1222 enim
2047 1181 2168 1222 cum

587 1275 692 1315 una
733 1275 960 1328 persona
992 1261 1082 1322 sit,
1110 1262 1248 1323 duas
1279 1260 1572 1336 relationes
1608 1260 1859 1328 suscipit,
1881 1269 1935 1314 et
1971 1273 2168 1314 secun-

583 1354 710 1406 dum
766 1353 870 1407 hoc
913 1352 1127 1407 videtur
1161 1351 1351 1421 duplex
1391 1333 1626 1418 persona
1677 1352 1834 1404 matri
1881 1360 1934 1406 et
1990 1366 2148 1405 socru

584 1440 798 1497 collata.
835 1440 1079 1515 intelligo
1123 1452 1300 1496 autem
1358 1441 1678 1511 simpliciter
1717 1456 1812 1510 per
1857 1451 2069 1512 patrem
2118 1457 2173 1497 et

583 1541 813 1588 matrem
873 1542 932 1589 et
994 1549 1231 1598 socrum,
1283 1544 1466 1589 vetera
1517 1535 1701 1588 omnia
1767 1551 1780 1587 :
1847 1549 1943 1602 per
1995 1533 2165 1588 ﬁlium

585 1633 766 1678 autem
794 1635 850 1677 et
896 1625 1082 1690 tiliam,
1109 1626 1292 1679 omnia
1340 1641 1497 1682 nova.
1536 1628 1725 1694 Itaque
1768 1626 2029 1682 Dominus
2058 1627 2171 1682 vult

581 1724 642 1770 tit
666 1729 762 1771 sua
787 1730 926 1769 nova
947 1727 1003 1769 et
1027 1715 1208 1770 divina
1242 1727 1508 1786 pracepta
1551 1728 1604 1772 et
1628 1717 1880 1788 dogmata
1929 1730 2170 1788 pugnent

580 1821 704 1863 cum
755 1806 997 1877 antiquis
1019 1807 1220 1862 nostris
1245 1807 1528 1862 sceleratis
1554 1810 1796 1862 moribus
1847 1819 1902 1864 et
1944 1811 2169 1878 dogma-

583 1898 674 1953 tis.
747 1896 989 1968 Intelligo
1078 1906 1259 1951 autem
1311 1899 1472 1952 etiam
1541 1899 1623 1952 sic
1667 1916 1680 1952 :
1735 1897 1899 1952 Pater
1951 1897 2168 1967 quidem

581 2003 757 2055 mens,
791 1988 939 2043 illius
985 2003 1112 2044 vero
1160 1990 1318 2043 ratio.
1351 1987 1554 2044 Divisio
1601 1991 1794 2044 horum
1833 1990 1892 2043 iit
1936 1990 1988 2043 in
2035 2005 2168 2044 una-

581 2094 797 2148 quaque
825 2078 1009 2145 domo,
1042 2065 1278 2134 hominis
1312 2079 1557 2146 inquam,
1593 2091 1647 2136 ut
1704 2081 2044 2136 manifestius
2078 2081 2164 2134 die

580 2184 726 2234 cam,
765 2168 1033 2223 illustrata
1082 2168 1181 2223 fuit
1234 2185 1385 2224 mens
1423 2171 1663 2242 Dionysii
1713 2172 2074 2241 Λτεοριιείιειι,
2113 2180 2166 2225 et

578 2263 1019 2333 pmdicationem
1079 2264 1315 2332 snsoepit
1351 2301 1365 2326 ,
1422 2263 1744 2332 repugnavit
1793 2272 1976 2319 autem
2049 2265 2169 2334 ejus

581 2354 771 2420 menti,
796 2369 916 2424 quae
976 2364 1086 2410 tam
1134 2353 1388 2410 alacriter
1433 2355 1592 2410 ﬁdem
1639 2357 1899 2426 suscepit,
1951 2359 2167 2427 gentilis

579 2446 737 2511 ratio,
768 2454 986 2500 tentans
1026 2445 1319 2501 ostendere
1375 2447 1678 2503 dialecticis
1731 2449 2046 2514 tendiculis,
2107 2459 2166 2504 ut

578 2537 700 2592 illas
754 2549 1100 2606 sequeretur.
1139 2537 1301 2593 Vides
1329 2539 1647 2595 divisionem
1679 2541 1850 2610 patris
1874 2553 1927 2595 et
1955 2540 2046 2594 lilii
2085 2544 2161 2597 in-

577 2640 660 2687 ter
701 2647 760 2686 se
786 2634 1209 2704 repugnantium
1254 2643 1474 2703 praptcr
1510 2633 1785 2689 Christum
1818 2647 1872 2689 et
1900 2637 2164 2704 praadiCa~

574 2724 1070 2780 tionemlﬂatrem
1125 2740 1340 2796 quoque
1388 2736 1444 2780 et
1501 2741 1715 2781 socrum
1743 2727 1961 2782 vocabis
2011 2743 2165 2783 men-

576 2825 708 2884 tem,
730 2818 895 2872 lilium
919 2832 1049 2874 vero
1079 2829 1134 2872 et
1167 2834 1359 2872 nurum
1395 2832 1614 2872 sensum
1649 2836 1661 2872 :
1730 2818 1895 2890 382
1935 2830 1986 2875 et
2022 2823 2165 2877 inter

574 2907 675 2962 ltas
708 2918 786 2962 est
817 2922 990 2978 pugna
1019 2918 1242 2979 propter
1273 2907 1578 2973 Christum,
1615 2910 1929 2979 insurgente
1982 2923 2163 2967 mente

572 3006 761 3052 contra
816 3013 1083 3055 sensum:
1121 3000 1335 3069 quando
1380 3015 1533 3055 mens
1571 3003 1762 3056 suadet
1826 3003 2159 3072 praeferenda

573 3100 680 3142 non
710 3085 854 3141 ﬂuxa
873 3087 1055 3152 ﬂuxis,
1101 3088 1506 3158 invisibiliaque
1532 3090 1865 3156 visibilibus,
1891 3093 2161 3163 habetque

572 3179 638 3232 ad
673 3179 774 3233 hoc
803 3179 1300 3236 demonstrationes
1326 3180 1529 3234 multas
1553 3181 1868 3250 adiutrices.
1901 3183 2160 3238 Commit-

572 3271 704 3324 titur
733 3281 911 3325 autent
942 3279 998 3326 et
1029 3271 1223 3326 bellum
1261 3286 1456 3326 sensus
1487 3282 1677 3327 contra
1711 3284 1971 3329 mentem.
2009 3275 2154 3330 Sen-
2182 3306 2226 3366 ο

569 3375 664 3415 sus
690 3361 834 3415 enim
871 3376 969 3431 per
1001 3363 1261 3417 miracula
1291 3372 1345 3417 et
1377 3363 1531 3433 signa
1588 3379 1708 3432 qua:
1743 3365 1996 3420 videntur
2030 3383 2155 3438 pcr-

569 3451 764 3505 ductus
797 3452 865 3506 ad
897 3451 1088 3516 ﬁdem,
1125 3467 1230 3506 non
1274 3453 1447 3507 credit
1480 3454 1678 3509 mentis
1707 3455 2161 3526 cogitationibus:

572 3557 745 3611 neque
775 3544 920 3597 enim
968 3545 1246 3612 gentilium
1276 3546 1770 3602 demonstrationes
1820 3550 1933 3602 vult
1981 3553 2160 3620 sequi,

571 3651 690 3701 qute
715 3636 1045 3704 compellunt
1074 3637 1181 3691 illis
1225 3642 1570 3694 attendentes
1599 3656 1703 3695 non
1760 3644 1982 3697 credere
2017 3647 2160 3714 quod

569 3727 711 3780 Deus
743 3727 916 3782 iactus
969 3729 1040 3782 sit
1089 3730 1270 3791 homo.
1315 3733 1396 3786 vel
1457 3733 1601 3801 quod
1662 3735 1812 3804 virgo
1865 3738 2156 3804 pepererit.

569 3818 885 3889 liujusmodi
916 3832 1040 3876 sunt
1068 3823 1351 3891 gentilium
1387 3825 1759 3892 deliramenta,
1802 3838 2011 3882 natura:
2044 3845 2160 3884 ser-

569 3911 790 3965 vientia.
823 3913 892 3964 At
929 3925 1125 3966 sensus
1151 3928 1246 3982 per
1275 3913 1536 3968 miracula
1562 3931 1680 3984 qua:
1717 3918 1989 3984 videntur,
2027 3934 2158 3987 pra:-

564 4004 797 4056 stantior
827 4003 973 4057 omni
1004 3991 1479 4059 demonstratione
1509 4017 1616 4070 est,
1654 4011 1720 4061 ad
1757 4007 1847 4064 Dei
1886 4013 2154 4080 cognitio-

2275 696 2542 766 trpde
2571 695 2781 747 τέθεικε
2813 711 2825 759 ;
2853 694 3102 765 Λέγομεν
3131 687 3230 758 οὖν
3261 694 3344 745 ὅτι
3383 691 3443 746 ἓν
3474 692 3873 762 πρόσωπονδὶς

2276 786 2511 859 ἐλήφθη.
2558 787 2624 840 Ἠ
2654 787 2902 857 θυγάτηρ
2932 787 3040 858 γάρ
3059 787 3156 840 καὶ
3185 787 3218 855 ἡ
3236 784 3428 857 νύμφη
3454 786 3517 838 τὸ
3545 785 3679 838 αὐτὸ
3703 785 3872 857 πρόσ-

2275 882 2426 939 ωπόν
2477 883 2648 946 ἐστιν,
2684 881 2761 944 ὡς
2809 880 2946 950 πρὸς
2992 880 3096 951 μιν
3141 875 3235 934 οὖν
3290 879 3390 951 τὴν
3447 879 3664 951 μητέρα
3705 895 3872 950 προσ-

2274 974 2711 1044 λαμϐανόμενον,
2747 973 2999 1043 Θυγάτηρ
3030 971 3348 1042 ὠνομάσθη,
3398 971 3476 1034 ὠς
3503 968 3571 1036 ,δὶ
3609 969 3745 1040 πρὸς
3775 970 3870 1041 τὴν

2274 1062 2579 1133 πενθερὰν,
2634 1062 2845 1132 νύμφη.
2897 1063 3059 1131 Τρεῖς
3114 1061 3209 1116 οῦν
3269 1062 3489 1124 ἔσονται
3549 1062 3873 1132 διαμεμερι-

2277 1155 2486 1224 σμένοι.
2519 1155 2550 1208 6
2579 1156 2785 1226 πατὴρ,
2833 1156 2986 1226 καὶὴ
3033 1155 3238 1226 μήτηρ,
3280 1155 3375 1208 καὶ
3407 1157 3438 1224 ἡ
3482 1155 3749 1226 πινθερά,
3779 1155 3867 1207 ἐπὶ

2273 1248 2414 1312 δυσὶ,
2448 1246 2697 1300 τουτέστι
2726 1247 2802 1318 τῷ
2847 1245 2950 1316 υίῷ
2995 1249 3094 1301 καὶ
3129 1249 3194 1317 τῆ
3229 1245 3480 1316 θυγατρί.
3525 1245 3590 1298 'H
3620 1246 3734 1314 γάρ
3778 1245 3842 1298 θυ

2275 1339 2475 1408 γάτηρ,
2509 1339 2584 1403 ὡς
2641 1339 2877 1410 ἔφαμεν,
2934 1338 2992 1391 ἒν
3029 1338 3321 1409 πρόσωπον
3367 1333 3525 1400 οὖσα.
3580 1339 3721 1391 καθὸ
3782 1337 3872 1390 δύο

2275 1431 2492 1500 σχέσεις
2508 1431 2852 1501 ἀναδέχεται,
2893 1432 3033 1484 κατά
3059 1429 3219 1484 τοῦτο
3247 1430 3396 1482 δοκεῖ
3420 1423 3562 1482 εἶναι
3587 1430 3687 1482 δύο
3708 1430 3874 1499 πράσα

2273 1541 2421 1586 ωπα,
2449 1525 2513 1594 τῇ
2558 1529 2727 1594 μητρὶ
2753 1524 3172 1596 προστεθημένη
3198 1526 3293 1578 καὶ
3336 1526 3404 1595 τῇ
3433 1524 3700 1594 πενθερᾷ.
3744 1524 3872 1578 Νόξι

2278 1616 2333 1669 δέ
2391 1633 2482 1685 μοι
2518 1617 2704 1680 ἁπλῶς
2741 1619 2955 1688 πατέρα
3011 1618 3106 1670 καὶ
3167 1618 3382 1688 μητέρα
3435 1619 3530 1671 καὶ
3593 1617 3870 1688 πενθερὰν

2282 1710 2461 1762 πάντα
2492 1709 2560 1762 τὰ
2605 1710 2836 1775 παλαιὰ,
2862 1711 2977 1763 υἱὸν
3007 1709 3067 1763 δὲ
3115 1710 3210 1763 καὶ
3255 1709 3558 1780 θυγατέρα,
3594 1709 3781 1762 πάντα
3805 1709 3873 1761 τά

2275 1798 2369 1850 νέα
2405 1814 2417 1826 ·
2450 1798 2479 1850 6
2501 1798 2682 1852 τοίνυν
2711 1799 2915 1868 Κύριος
2963 1803 3098 1855 πᾶσι
3146 1803 3258 1864 τοῖς
3287 1804 3524 1864 τεαλαοῖς
3555 1801 3726 1872 ἡμῶν
3779 1802 3872 1854 sul

2277 1890 2625 1960 ἁμαρτωλοῖς
2654 1892 2801 1944 ἔθεσι
2825 1893 2921 1945 καὶ
2942 1892 3180 1962 δόγμασι
3224 1892 3501 1962 μάχεσθαι
3531 1894 3599 1946 τά
3620 1895 3722 1946 νέα
3778 1893 3871 1944 καὶ

2275 1985 2395 2037 θεῖα
2439 1983 2606 2036 αὑτοῦ
2656 1984 2968 2054 ἐντάλματα
3008 1987 3100 2036 καὶ
3155 1985 3415 2054 δόγματα⁶
3433 1985 3715 2053 βούλεται.
3741 1985 3872 2038 Νδει

2271 2075 2327 2128 δὲ
2360 2079 2452 2128 καὶ
2498 2077 2704 2139 οὕτως’
2746 2077 2936 2147 Πατὴρ
2986 2077 3086 2147 μὲν
3114 2079 3143 2131 6
3191 2079 3333 2142 νοῦς,
3367 2079 3481 2141 υίὸς
3515 2078 3572 2131 δὲ
3616 2079 3645 2130 6
3687 2078 3868 2146 λόγος,

2275 2170 2539 2238 μερισμὸς
2573 2168 2668 2224 οὖν
2703 2171 2908 2225 τούτων
2929 2173 3151 2240 ἐγένετο
3177 2173 3236 2226 ἐν
3259 2172 3337 2244 τῷ
3358 2173 3437 2224 ἑνὶ
3472 2172 3634 2243 οἴκῳ,
3666 2173 3747 2242 τῷ
3780 2175 3870 2225 ἀι·-

2271 2259 2478 2330 θρώπῳ
2511 2262 2675 2330 φημὶ,
2707 2256 2819 2314 οἷον
2844 2263 2930 2316 ἵνα
2977 2264 3314 2332 σαφέστερον
3348 2264 3511 2325 εῖπω,
3553 2262 3870 2335 ἐνελάμφθη

2269 2353 2296 2403 6
2328 2349 2452 2412 νοῦς
2476 2352 2570 2404 τοῦ
2604 2354 2996 2421 Ἀρεοπαγίτου
3026 2353 3330 2417 Διονυσίου,
3360 2354 3457 2406 καὶ
3487 2352 3550 2405 τὸ
3599 2354 3869 2424 κήρυγμα

2270 2444 2492 2510 ἐδέξατο
2524 2463 2536 2476 ·
2565 2445 2859 2499 ἀνθίστατο
2912 2446 2971 2499 δὲ
3003 2445 3199 2499 τούτου
3226 2446 3305 2515 τῷ
3338 2444 3419 2498 νοῒ
3447 2443 3526 2512 τῷ
3565 2445 3866 2498 ἀναποδεί-

2269 2554 2413 2600 κτως
2458 2535 2742 2606 δεξαμένῳ
2771 2538 2869 2606 τὴν
2919 2539 3102 2591 πίστιν
3158 2540 3186 2592 6
3243 2539 3398 2605 λόγος
3432 2539 3461 2589 ὁ
3519 2536 3862 2606 Ἐ).ληνικδ·,

2265 2627 2645 2680 ἀποδεικνύειν
2687 2628 3056 2698 πειρώμενος,
3093 2631 3189 2683 καὶ
3231 2630 3610 2694 διαλεκτικαῖς
3656 2631 3869 2700 ὲφόδοτς

2263 2717 2582 2771 ἀκολουθεῖν
2607 2718 2956 2786 ἀναγκάζων.
3009 2720 3174 2790 Ὁρᾷς
3201 2721 3470 2790 μερισμὸν
3515 2722 3728 2789 πατρὸς
3778 2723 3870 2772 καὶ

2264 2810 2380 2864 υίοῦ
2412 2814 2740 2882 μαχομένων
2769 2812 3021 2883 ἀλλήλοις
3069 2813 3162 2866 διά
3193 2814 3430 2882 Χριστὸν
3459 2815 3555 2867 καὶ⁹
3597 2817 3656 2866 τὸ
3691 2815 3868 2886 κήρυο

2264 2919 2420 2970 γμας
2453 2904 2563 2956 Καὶ
2592 2905 2806 2974 μητέρα
2833 2903 2888 2956 δὲ
2918 2906 3011 2957 καὶ
3041 2904 3313 2974 πενθερὰν
3364 2904 3631 2967 καλέσαις
3668 2905 3739 2958 ἂν
3772 2905 3869 2973 τὴν

2263 2989 2526 3058 διάνοιαν,
2557 2992 2837 3062 θυγατέρα
2885 2994 2943 3047 δὲ
2993 2993 3090 3046 καὶ
3138 2993 3361 3065 νύμφην
3415 2995 3518 3065 τὴν
3577 2994 3865 3066 αἴσθησιν.

2265 3082 2375 3134 Καὶ
2421 3083 2650 3147 ταύταις
2713 3080 2808 3138 οῦν
2859 3085 3008 3155 μάχη
3079 3085 3295 3139 ἵσταται
3351 3085 3440 3139 διὰ
3490 3087 3759 3159 Χριστὸν,
3799 3089 3866 3157 τῇ

2264 3172 2364 3244 μὲν
2419 3174 2634 3246 διανοίᾳ
2686 3176 2827 3229 κατά
2884 3178 2984 3246 τῆς
3038 3177 3331 3248 αίθήσεως,
3371 3180 3501 3232 ὅταν
3560 3180 3597 3250 ἡ
3656 3179 3869 3232 διάνοια

2264 3267 2426 3340 πείθῃ
2490 3271 2768 3340 προτιμᾷν
2822 3270 2890 3323 τὰ
2937 3271 3012 3342 μὴ
3073 3270 3277 3342 ῥευστά
3329 3269 3441 3323 τῶν
3499 3273 3869 3342 ρευστῶν,τά

2267 3361 2478 3430 ἀόρατα
2520 3361 2628 3413 τῶν
2677 3362 2916 3432 ὁρατῶν,
2946 3363 3044 3414 καὶ
3096 3362 3198 3435 ἔχῃ
3238 3362 3376 3433 πρὸς
3435 3361 3601 3415 τοῦτο
3658 3364 3867 3427 πολλὰς

2265 3453 2571 3519 ἀποδείξεις
2613 3453 2932 3525 συνεργούς.
2969 3455 3128 3509 Ἔστι
3155 3455 3212 3508 δὲ
3236 3456 3324 3508 ὅτε
3371 3457 3467 3510 καὶ
3500 3459 3570 3528 τῇ
3610 3456 3869 3528 αίσθήσει

2266 3546 2408 3598 κατὰ
2457 3548 2555 3615 τῆς
2615 3546 2854 3610 διανοίας
2905 3546 3143 3617 πόλεμος
3204 3549 3698 3622 συγκροτεῖταιοὴ
3754 3552 3869 3619 γάρ

2264 3639 2520 3708 αἴσθησις
2569 3639 2660 3692 διά
2728 3640 2837 3692 τῶν
2889 3639 3189 3710 θαυμάτων
3246 3642 3340 3694 καὶ
3397 3639 3505 3693 τῶν
3562 3642 3870 3712 ὁρωμὲνιιν

2265 3731 2509 3800 σημείων
2562 3735 3054 3801 χειραγωγουμένη
3105 3733 3242 3802 πρὸς
3275 3734 3484 3799 πίστιν,
3509 3734 3573 3786 οὐ
3608 3733 3867 3787 πείθεται

2260 3825 2373 3885 τοῖς
2408 3823 2507 3892 τῆς
2557 3823 2798 3886 διανοίας
2844 3823 3149 3892 λογισμοῖς,
3187 3825 3307 3878 οὐδὲ
3343 3828 3466 3890 ταῖς
3512 3826 3864 3897 Ἑλληνικαῖς

2258 3917 2596 3983 ἀποδείξεσιν
2615 3916 2847 3971 ἕπεσθαι
2866 3917 3135 3987 βούλεται,
3159 3919 3710 3988 συναναγκαζούσαις
3735 3927 3821 3976 το.
3835 3942 3868 3986 ς

2258 4009 2630 4080 προσέχοντας
2659 4011 2854 4074 αὑταῖς
2884 4011 2960 4081 μὴ
2989 4011 3294 4075 πιστεύειν,
3322 4013 3403 4065 ὅτι
3435 4013 3573 4077 Θεδς
3627 4015 3868 4084 γέγονεν

566 4108 686 4147 nem
708 4097 1100 4150 mauuducens.
1129 4096 1241 4152 Non
1265 4100 1440 4153 omnis
1465 4100 1628 4167 igitur
1656 4117 1758 4172 pax
1786 4111 1838 4157 et
1863 4107 2151 4159 concordia

2269 4103 2628 4174 ἱνθρωπος,ἢ
2682 4103 2765 4156 ὅτι
2799 4105 3070 4174 παρθένος
3114 4104 3290 4157 ἔτεκε.
3328 4102 3573 4158 Τοιαῦτα
3626 4106 3741 4178 γὰρ
3791 4107 3853 4160 τε

564 4186 704 4238 bona
763 4194 869 4252 est,
899 4187 991 4241 sed
1038 4197 1122 4241 est
1161 4191 1378 4258 quando
1427 4201 1482 4243 et
1531 4206 1711 4262 pugna
1758 4203 1808 4247 et
1866 4194 2147 4250 dissidium

2269 4195 2364 4246 :th
2396 4195 2558 4263 φύσει
2605 4193 2973 4248 δουλεύοντων
3032 4196 3369 4268 Ἑλληνικῶν
3432 4197 3719 4268 λογισμῶν
3755 4201 3864 4271 λη-

561 4277 743 4331 divina
803 4279 1047 4346 quaedam
1111 4293 1197 4331 res
1261 4280 1492 4334 videtur.
1533 4280 1720 4336 Nullus
1769 4282 1930 4352 igitur
2003 4296 2146 4339 amet

2269 4289 2494 4357 >ήματα.
2544 4289 2606 4340 Ἡ
2655 4288 2841 4357 μέντοι
2903 4288 3159 4358 αῖσθησις
3220 4290 3309 4343 διὰ
3382 4292 3494 4346 τῶν
3553 4295 3865 4364 ὁρωμένων

565 4370 756 4433 malos,
777 4379 831 4423 ct
865 4372 1112 4438 quamvis
1143 4385 1296 4441 pater
1322 4383 1378 4427 et
1431 4387 1606 4429 mater
1644 4377 2004 4432 adversentur
2039 4379 2143 4449 legi

2269 4383 2546 4452 ἀυμάῖων
2607 4383 2871 4453 κρείττων
2922 4385 3105 4453 πάσης
3152 4385 3486 4452 ἀποδείξεώς
3525 4389 3648 4442 ἐστι
3711 4392 3864 4462 πρὸς

559 4458 787 4523 Christi,
821 4465 1226 4532 repugnandum
1282 4473 1364 4516 est
1414 4463 1494 4517 eis
1529 4465 1759 4533 perinde
1790 4482 1851 4521 ac
1899 4468 2144 4525 hostibus

2269 4475 2580 4542 ιεογνωσίαν
2627 4475 2967 4553 χειραγωγός
2995 4493 3008 4504 °
3047 4476 3107 4528 οὐ
3155 4479 3308 4530 πᾶσα
3359 4475 3452 4532 οὖν
3512 4483 3710 4554 εἰρήνη
3759 4458 3864 4538 καὶ

562 4552 830 4604 veritatis.
2249 4567 2541 4638 συμφωνία
2583 4564 2773 4631 καλὸν,
2803 4552 2940 4617 ἀλλ’
2979 4565 3130 4619 ἐστιν
3163 4569 3253 4621 ὅτε
3294 4570 3386 4622 καὶ
3423 4573 3578 4642 μάχη
3737 4577 3866 4628 διά·-

558 4663 747 4710 στασις
767 4647 909 4701 θεῖόν
934 4666 986 4701 τι
1030 4649 1218 4719 χρῆμα
1261 4650 1426 4704 δοκεῖ’
1456 4653 1648 4722 μηδεὶς
1697 4657 1876 4711 τοίνυν
1917 4663 2212 4731 φιλιαζέτω
2249 4673 2360 4732 τοῖς
2393 4666 2673 4738 πονηροῖς,
2701 4661 2835 4716 ἀλλᾶ
2863 4663 2965 4717 κάν
2997 4664 3202 4736 πατὴρ,
3247 4667 3350 4720 κᾶν
3385 4669 3576 4740 μήτηρ
3613 4671 3863 4726 ἐναντίοι

557 4742 916 4834 εὐρίσκωνται
956 4743 1034 4813 τῷ
1085 4745 1324 4815 Χριστοῦ
1379 4750 1553 4820 νόμῳ,
1581 4751 1921 4824 πολεμητέον
1953 4761 2139 4830 αὐτοῖς
2186 4771 2262 4831 ὼς
2315 4766 2413 4834 τῆς
2444 4761 2701 4831 ἀληθείας
2733 4761 2966 4832 ἐχθροῖς.

634 4833 791 4886 Vnus.
827 4834 1016 4889 ὅδε-59.
1065 4854 1083 4885 ι
1122 4837 1342 4892 Dicebat
1387 4851 1566 4893 autem
1601 4843 1666 4896 ad
1715 4851 1903 4913 turbas
1954 4870 1968 4904 :
2003 4854 2136 4910 Cum

2329 4875 2345 4909 t
2379 4856 2573 4924 Ἔλεγε
2612 4854 2669 4907 δὲ
2718 4855 2812 4908 καὶ
2835 4857 2948 4918 τοῖς
2990 4854 3191 4924 ὄχλοις,
3231 4857 3401 4911 Ὅταν
3433 4861 3585 4932 ἴδητε
3611 4867 3864 4936 νεφέλην

553 4926 800 4978 videritis
830 4928 1026 4981 nubent
1052 4930 1318 4983 orientem
1347 4933 1414 4985 ab
1457 4948 1678 4999 occasu,
1707 4943 1888 4992 statim
1925 4946 2133 5013 dicitis,

2269 4947 2646 5001 ινατέλλουσαν
2676 4947 2784 4998 ἀπὸ
2810 4944 3055 5015 δυσμῶν,
3089 4947 3294 5014 εὐθέως
3328 4951 3545 5021 λέγετε,
3581 4956 3667 5010 δτι
3688 4926 3858 5029 ⁷’θεί-

555 5017 727 5070 imber
767 5019 933 5084 venit,
963 5028 1018 5073 et
1065 5022 1136 5074 ita
1187 5021 1244 5074 lit
1282 5041 1297 5082 :
1333 5034 1386 5078 et
1423 5039 1543 5078 cum
1601 5039 1845 5084 austrum
1895 5033 2134 5108 ﬂantem,

2269 5041 2370 5112 ipe;
2414 5040 2656 5110 ἔρχεται,
2702 5039 2798 5092 καὶ
2854 5041 3066 5108 γίνεται
3125 5042 3332 5110 οὕτως’
3364 5017 3461 5102 καὶ
3511 5049 3646 5103 ὅταν
3693 5017 3860 5110 νότον

551 5109 734 5163 dicitis
777 5113 921 5178 quod
975 5122 1141 5166 tostus
1191 5115 1318 5179 erit,
1355 5126 1409 5168 et
1467 5117 1904 5191 Ιίι.11γνοειιίιειι,
1944 5130 2134 5186 laciem

2269 5132 2495 5192 πνέοντα,
2563 5132 2748 5200 λέγετε
2815 5133 2899 5184 ὅτι
2931 5134 3174 5188 Καύσων
3225 5137 3403 5207 ἔσται,
3459 5141 3556 5194 καὶ
3605 5143 3856 5211 γίνεται.

551 5201 674 5254 cmli
714 5212 766 5255 et
807 5213 964 5257 terra:
1017 5206 1192 5259 nostis
1239 5209 1489 5275 probare,
1521 5210 1620 5265 hoc
1683 5226 1864 5268 autem
1927 5229 2138 5292 tempus

2272 5223 2598 5294 Υποκριταὶ,
2637 5226 2698 5278 τὸ
2729 5226 3025 5297 πρόσωπον
3053 5228 3155 5298 τῆς
3198 5231 3302 5301 γῆς
3351 5234 3449 5285 καὶ
3476 5234 3574 5286 τοῦ
3606 5237 3858 5309 οὐρανοῦ

553 5295 642 5360 qui
687 5294 744 5345 lit
798 5302 856 5346 ut
893 5310 997 5349 non
1054 5297 1458 5364 probetiSYCur
1503 5314 1681 5358 autem
1722 5321 1788 5360 ex
1844 5311 2134 5382 vobisipsis

2273 5317 2416 5370 ἴδατε
2475 5319 2816 5384 δοκιμάζειν,
2852 5323 2945 5372 τὸν
2994 5322 3052 5374 δὲ
3108 5326 3302 5394 καιρὸν
3359 5327 3555 5380 τοῦτον
3605 5331 3730 5396 πῶς
3779 5333 3858 5386 οὔ

552 5399 656 5436 non
684 5383 937 5450 iudicatis
960 5389 1316 5455 quodjustum
1343 5392 1464 5445 est?
1495 5393 1629 5446 Cum
1665 5399 1808 5451 enim
1829 5403 1982 5457 vadis
2006 5420 2129 5458 cum

2270 5410 2562 5478 οκιμὰζετε
2595 5383 2699 5474 ξΤί
2745 5411 2801 5464 δὲ
2837 5414 2931 5464 καὶ
2976 5413 3070 5482 ἀφ’
3125 5383 3334 5470 ἐαύτῶν
3401 5420 3465 5472 οὑ
3505 5383 3729 5492 κρίνετε
3781 5383 3860 5480 τί

551 5475 862 5526 adversario
899 5486 988 5529 tuo
1021 5477 1086 5530 ad
1136 5481 1538 5549 magistratum,
1569 5485 1621 5537 in
1656 5489 1742 5540 via
1773 5489 1838 5543 da
1879 5507 2124 5561 operam,

2271 5475 2479 5568 fxaiov;
2533 5505 2626 5568 Ὠς
2658 5505 2767 5576 γὰρ
2803 5475 3038 5575 ὑπάγεις
3092 5510 3233 5578 μετά
3291 5511 3384 5564 τοῦ
3421 5475 3856 5575 ἀντίδίκου-

546 5577 606 5618 ut
651 5566 900 5621 libtrcris
936 5572 1000 5622 ab
1057 5570 1168 5634 illo,
1194 5589 1258 5626 ne
1312 5574 1449 5629 forte
1485 5582 1764 5646 portraltat
1797 5595 1845 5636 te
1894 5588 1957 5639 ad
1986 5588 2124 5656 judi-

546 5666 662 5682 ΛΛιιι
723 5664 772 5682 ιιι
808 5655 963 5682 ζ...Ι.....
1020 5661 1148 5682 ...μα
1180 5674 1192 5682 .
1231 5671 1276 5682 .-
1314 5677 1366 5682 -_,
1533 5668 1544 5678 ο
1646 5681 1653 5682 ,
2062 5678 2092 5682 ,μ

2269 5595 2317 5645 π’
2363 5595 2621 5665 ἄρχοντα,
2656 5566 2822 5666 ἐν’τῇ
2884 5600 2990 5672 ὀδῷ
3040 5566 3127 5664 δδς
3165 5605 3434 5673 ἐργασίαν
3480 5609 3856 5682 ἀπηλλάχθαι

544 5666 686 5717 cem,
723 5664 776 5707 et
800 5658 964 5724 judex
1019 5661 1198 5713 tradat
1231 5671 1281 5715 te
1307 5668 1569 5732 exactori,
1606 5681 1660 5722 et
1699 5683 1921 5727 exactor
1953 5678 2123 5746 conji-

546 5746 645 5776 nim
697 5755 747 5776 In
815 5749 863 5776 ξ..
919 5765 1189 5776 .......m-..-..
1257 5753 1378 5776 αι--
1436 5759 1526 5776 ,ρι-
1979 5769 1989 5776 .
2055 5773 2061 5776 .

2610 5658 2616 5661 .
2797 5658 2822 5666 .,
2961 5658 2972 5672 ,
3111 5658 3122 5664 -
3197 5658 3206 5673 ,
3243 5658 3254 5671 ,
3487 5658 3820 5682 ηυγ--..χω

2275 5688 2329 5736 π’
2361 5688 2549 5751 αὐτοῦ,
2587 5693 2659 5759 μή
2715 5709 2844 5744 ποτε
2871 5695 3159 5765 κατασύρῃ
3191 5713 3250 5748 σε
3289 5697 3428 5770 πρὸς
3482 5705 3581 5756 τὸν
3615 5710 3826 5776 κριτὴν

546 5749 651 5798 ciat
697 5755 748 5801 te
815 5749 864 5800 in
917 5765 1215 5807 carcerem.
1254 5753 1385 5808 Dico
1436 5759 1552 5825 tibi,
1587 5777 1691 5815 nou
1740 5767 1913 5820 CXllllS
1978 5769 2122 5835 inde,

547 5835 711 5860 .Ι,..,--
769 5839 1008 5860 --1.ξμαν»
1122 5845 1154 5860 ,ο
1365 5850 1373 5858 ο
1721 5857 1765 5860 ..

2539 5749 2544 5751 -
2587 5749 2596 5759 1
2648 5749 2658 5759 1
3094 5749 3103 5762 ι
3134 5749 3159 5765 οι
3332 5749 3356 5770 r
3408 5749 3424 5762 '
3493 5749 3574 5756 "'
3616 5749 3852 5776 'T"'I"

2271 5778 2325 5828 αἱ
2369 5779 2396 5828 ὁ
2444 5781 2637 5850 κριτὴς
2717 5798 2774 5832 σε
2841 5783 3072 5852 παραδῷ
3124 5785 3202 5855 τῷ
3261 5789 3548 5860 πράκτορι
3585 5832 3602 5857 ,
3654 5795 3751 5847 καὶ
3805 5799 3854 5850 6

545 5835 713 5892 donec
769 5839 1015 5894 ultimum
1087 5845 1248 5898 etiam
1305 5850 1569 5903 minutum
1641 5857 1851 5910 reddas.
1895 5878 1912 5908 ι
1967 5832 2124 5915 Post;

545 5943 700 5961 mmm
758 5931 823 5961 ιιι.
908 5935 1285 5961 .....η.ιῖ,...;,..Δ
1369 5945 1487 5961 ru-
1568 5947 1598 5961 ι,
1709 5949 1720 5959 .

2484 5832 2495 5850 ,
2595 5832 2634 5848 ..
3136 5832 3194 5855 ντ
3267 5832 3548 5860 “Ί⁷“’“”Τ’
3585 5832 3602 5857 9
3658 5832 3751 5847 ’ν’-δ
3805 5832 3852 5850 ’⁸

2269 5869 2500 5939 τράκτωρ
2548 5889 2604 5923 σε
2656 5872 2792 5942 βάλῃ
2840 5876 2920 5936 εἰς
2950 5877 3197 5946 φυλακήν
3231 5893 3244 5906 ·
3277 5878 3426 5946 λέγω
3479 5899 3590 5943 σοι.
3628 5887 3692 5940 οὐ
3753 5889 3852 5961 μὴ

544 5943 700 5995 quam
757 5931 824 5986 de
906 5935 1288 6004 prmdicatione
1350 5945 1598 5998 disseruit
1635 5989 1648 6013 ,
1707 5949 1996 6023 ignemque
2068 5970 2119 6011 et

2279 5923 2289 5935 .
2469 5923 2478 5939 .
2656 5923 2705 5941 .~
2768 5923 2791 5942 ,ι
2845 5923 2916 5936 νυ
3279 5923 3424 5946 ν--ο-
3481 5923 3590 5943 ’π’-ι
3628 5923 3692 5940 ν-
3753 5923 3850 5961 r-q

2269 5962 2452 6030 ξέλθης
2497 5966 2744 6029 ἐκεῖθεν,
2808 5967 2910 6030 ἕως
2965 5963 3025 6020 οὗ
3058 5959 3166 6022 ’καὶ
3218 5970 3306 6021 76'
3341 5974 3585 6044 ἔσχατον
3637 5981 3850 6036 λεπτὸν
