4048 6540
591 494 693 558 907

1487 485 2064 552 THEOPHYLACTI
2104 481 2522 544 BULGARL‘E
2561 480 2918 542 ARCIIIEP.

3757 474 3861 541 903

586 604 780 669 cendo,
813 602 1064 674 Quinque
1125 603 1200 657 .in
1261 601 1424 658 domo
1479 619 1583 657 una
1647 602 1804 657 divisi
1882 608 2069 665 erunt,
2117 595 2148 650 it

2274 593 2808 664 διαμεμερισμένους
2873 590 3120 655 ἔσεσθαι,
3165 592 3222 644 ἐν
3272 592 3340 662 τῇ
3375 589 3760 663 ἀπαριθμήσει
3806 590 3867 657 ιε

581 696 996 752 enumeratione
1042 709 1134 749 sex
1189 707 1453 762 personas
1510 695 1727 763 posuit?
1761 692 2007 748 Dicimus
2059 691 2162 759 igi-

584 775 869 856 tur‘quod
930 799 1032 840 una
1073 799 1305 855 persona
1354 785 1437 841 bis
1473 795 1748 856 assumpta
1793 794 1894 840 est.
1928 783 2064 838 Filia
2111 790 2166 838 et

584 891 750 931 nurus
805 875 994 931 eadem
1039 886 1138 933 'est
1181 890 1434 948 persona.
1492 873 1626 929 Filia
1658 877 1803 932 enim
1850 875 2072 940 dicitur,
2119 873 2163 929 si

582 968 648 1022 ad
697 977 925 1024 matrem
982 967 1254 1024 referatur
1289 985 1306 1022 :
1336 982 1504 1023 nurus
1544 982 1693 1034 vero,
1718 969 1762 1022 si
1795 968 1862 1022 ad
1919 983 2160 1023 socrum.

581 1063 716 1120 Tres
741 1066 904 1137 igitur
937 1065 1300 1130 eruntdivisi,
1338 1075 1494 1136 pater
1529 1075 1583 1121 et
1635 1075 1808 1120 mater
1855 1073 1911 1120 et
1948 1080 2162 1130 socrus,

579 1159 839 1214 adversus
895 1161 1051 1223 duos,
1091 1158 1260 1213 tilium
1317 1168 1370 1214 et
1424 1158 1611 1215 filiam.
1647 1157 1783 1213 Filia
1846 1160 1990 1214 enim
2040 1172 2161 1214 cum

579 1266 684 1305 una
727 1265 953 1319 persona
985 1252 1075 1312 sit.
1104 1253 1242 1306 duas
1273 1251 1566 1306 relationes
1601 1251 1852 1320 suscipit,
1874 1261 1929 1306 et
1964 1265 2160 1306 secun-

577 1345 702 1396 dum
759 1344 864 1398 hoc
905 1343 1120 1398 videtur
1153 1342 1345 1412 duplex
1385 1325 1620 1410 persona
1670 1343 1828 1396 matri
1874 1351 1928 1397 et
1983 1357 2141 1396 socru

577 1431 791 1488 collata.
828 1431 1072 1508 Intelligo
1117 1443 1294 1487 autem
1350 1433 1671 1502 simpliciter
1711 1447 1806 1502 per
1849 1443 2062 1503 patrem
2111 1449 2166 1488 et

576 1531 806 1579 matrem
867 1533 925 1581 et
987 1541 1224 1590 socrum,
1275 1535 1459 1581 vetera
1511 1526 1694 1581 Omnia
1759 1543 1773 1579 :
1840 1540 1936 1594 per
1988 1525 2158 1580 (illum

578 1624 759 1670 autem
788 1625 843 1668 et
889 1615 1075 1681 tiliam,
1102 1617 1284 1671 omnia
1333 1633 1491 1674 nova.
1528 1620 1718 1686 Itaque
1761 1618 2022 1675 Dominus
2050 1619 2163 1673 vult

574 1715 635 1761 ut
660 1721 756 1762 sua
779 1721 920 1760 nova
941 1717 996 1760 et
1021 1707 1201 1761 divina
1235 1713 1501 1778 praecepta
1544 1719 1597 1764 et
1621 1709 1873 1779 dogmata
1921 1722 2162 1780 pugnent

573 1812 697 1853 cum
748 1796 990 1867 antiquis
1012 1798 1213 1853 nostris
1239 1798 1520 1854 sceleratis
1547 1801 1788 1853 moribus
1839 1810 1895 1855 et
1936 1803 2162 1870 dogma-

575 1888 668 1944 tis.
741 1887 982 1959 lntellige
1071 1897 1252 1942 autem
1304 1889 1465 1942 etiam
1533 1890 1616 1944 sic
1660 1908 1674 1943 :
1727 1889 1891 1944 Pater
1943 1890 2160 1958 quidem

574 1994 751 2046 mens,
785 1978 932 2034 [llius
979 1993 1104 2034 vero
1152 1981 1311 2035 ratio.
1343 1978 1547 2035 Divisio
1593 1982 1786 2035 borum
1826 1981 1884 2035 tit
1929 1981 1980 2034 in
2027 1996 2161 2035 una-

574 2085 790 2138 quaque
819 2068 1003 2135 domo,
1035 2055 1272 2126 hominis
1305 2071 1550 2138 inquam,
1586 2083 1640 2127 ut
1697 2073 2037 2126 manifestius
2070 2073 2156 2126 di-

573 2174 719 2224 cam,
758 2158 1026 2213 illustrata
1075 2158 1174 2214 fuit
1227 2176 1378 2215 mens
1415 2162 1656 2232 Dionysii
1706 2163 2066 2232 AreOpagitte,
2105 2173 2158 2218 et

571 2253 1011 2324 praedicationem
1071 2254 1358 2322 suscepit,
1415 2255 1738 2324 repugnavit
1785 2263 1968 2310 autem
2041 2256 2161 2326 ejus

573 2344 764 2410 menti,
789 2360 909 2414 qua)
969 2355 1078 2400 tam
1127 2344 1381 2401 alacriter
1425 2347 1584 2401 tidem
1632 2349 1892 2416 suscepit,
1942 2350 2160 2418 gentilis

571 2437 730 2502 ratio,
761 2443 978 2491 tentans
1019 2436 1312 2492 ostendere
1368 2438 1670 2494 dialecticis
1724 2440 2038 2506 tendiculis,
2099 2451 2158 2494 ut

571 2527 692 2582 illas
747 2539 1092 2596 sequeretur.
1131 2527 1294 2583 Vides
1321 2529 1640 2586 divisionem
1672 2533 1842 2601 patris
1866 2544 1918 2586 et
1947 2531 2038 2586 ﬁlii
2077 2535 2153 2588 in-

569 2631 653 2677 ter
693 2637 752 2677 se
779 2625 1202 2694 repugnantium
1247 2633 1467 2693 prepter
1503 2624 1777 2680 Christum
1810 2638 1864 2680 et
1892 2628 2156 2696 prazdica-

567 2715 1062 2770 tionenﬂﬂatrem
1118 2731 1333 2786 quoque
1381 2726 1437 2771 et
1493 2731 1708 2772 socrum
1735 2717 1953 2773 vocabis
2003 2735 2156 2774 men-

569 2816 700 2874 tem,
723 2808 888 2862 tilium
911 2823 1042 2864 vero
1071 2819 1127 2862 et
1160 2824 1352 2863 nurum
1387 2823 1606 2863 sensum
1641 2827 1654 2862 :
1722 2808 1888 2880 382
1927 2821 1979 2866 et
2014 2814 2156 2868 inter

567 2897 668 2952 has
700 2908 778 2953 est
809 2913 983 2968 pugna
1013 2908 1234 2969 propter
1266 2898 1570 2964 Christum,
1607 2901 1922 2970 insurgeote
1974 2914 2154 2958 mente

565 2996 754 3043 contra
809 3003 1031 3045 sensum
1062 3006 1076 3040 :
1113 2990 1327 3058 quando
1373 3005 1525 3046 mens
1563 2994 1784 3047 suadet"
1818 2995 2151 3063 praeferenda

566 3090 672 3131 non
702 3074 848 3131 ﬂuxa
867 3077 1048 3142 ﬂuxis,
1093 3078 1498 3148 invisibiliaque
1524 3081 1857 3147 visibilibus,
1883 3084 2152 3154 habetque

566 3169 631 3222 ad
666 3169 768 3223 hoc
795 3169 1292 3227 demonstrationes
1318 3171 1521 3226 multas
1544 3171 1860 3240 adiutrices.
1893 3175 2152 3230 Commit-

2269 688 2536 758 πρόσωπα
2565 687 2775 739 τέθεικε
2806 703 2819 752 ;
2846 685 3096 756 Λέγομεν
3125 679 3223 751 οὖν
3254 685 3337 737 ὅτι
3376 683 3435 738 ἓν
3467 685 3866 755 πρόσωττονδὶς

2270 778 2504 850 ἐλήφθη.
2552 779 2617 832 Ἦ
2647 778 2895 849 θυγάτηρ
2925 779 3033 850 γὰρ
3052 779 3150 832 καὶ
3178 777 3420 849 ἡνύμφη
3447 778 3510 831 τὸ
3538 778 3673 831 αὐτὸ
3696 779 3865 850 πρόσο

2268 874 2420 932 ωπόν
2471 875 2642 938 ἔστιν,
2678 873 2754 936 ὡς
2802 873 2939 942 πρὸς
2985 872 3091 943 μιν
3134 867 3228 926 οὖν
3283 872 3384 943 τὴν
3440 872 3658 944 μητέρα
3698 888 3866 943 προσ-

2267 966 2704 1035 λαμϐανόμενον,
2740 965 2993 1035 θυγάτηρ
3023 963 3341 1034 ὠνομάσθη,
3391 964 3469 1027 ὡς
3496 962 3565 1030 ,δξ
3602 962 3738 1034 πρὸς
3768 963 3865 1034 τὴν

2268 1055 2572 1125 πενθεράν,
2628 1054 2838 1124 νύμφη.
2891 1055 3052 1124 Τρεῖς
3107 1053 3202 1109 οὖν
3262 1054 3482 1116 ἔσονται
3543 1055 3869 1126 διαμεμερι-

2270 1147 2479 1216 σμένοι.
2512 1146 2542 1199 δ
2573 1148 2778 1218 πατὴρ,
2827 1148 2921 1201 καὶ
2946 1149 2980 1218 η
3026 1147 3232 1218 μήτηρ,
3273 1148 3368 1201 καὶ
3399 1149 3431 1217 ἡ
3475 1147 3741 1218 πενθερὰ,
3771 1147 3863 1200 ἐπὶ

2267 1239 2408 1304 δυσὶ,
2441 1238 2690 1292 τουτέστι
2719 1239 2795 1310 τῷ
2841 1237 2944 1308 υἱῷ
2989 1241 3086 1293 καὶ
3122 1241 3186 1308 τῆ
3221 1237 3473 1308 θυγατρί.
3518 1237 3584 1290 Ἦ
3613 1239 3726 1307 γάρ
3770 1237 3835 1290 θυ

2267 1331 2469 1400 γάτηρ,
2502 1330 2578 1395 ὡς
2635 1331 2870 1402 ἔφαμεν,
2927 1330 2985 1383 ἓν
3022 1330 3314 1402 πρόσωπον
3361 1325 3519 1392 οὖσα,
3573 1331 3712 1383 καθὸ
3774 1329 3866 1382 δύο

2268 1422 2486 1492 σχίσεις
2501 1422 2845 1493 ἀναδέχεται,
2887 1424 3026 1476 κατά
3052 1421 3212 1476 τοῦτο
3241 1422 3389 1475 δοκεῖ
3412 1415 3555 1474 εἶναι
3579 1422 3678 1475 δύο
3699 1423 3867 1491 «poc-

2266 1533 2413 1578 ωπα,
2441 1517 2506 1586 τῇ
2551 1521 2720 1586 μητρὶ
2746 1515 3165 1588 προστεθημένη
3190 1518 3286 1569 καὶ
3329 1518 3397 1588 τῇ
3426 1517 3690 1587 πενθερᾷ.
3735 1516 3866 1571 Νόει

2271 1607 2326 1661 δέ
2384 1626 2475 1677 μοι
2511 1609 2698 1672 ἁπλῶς
2733 1611 2948 1680 πατέρα
3004 1610 3099 1663 καὶ
3159 1610 3375 1681 μητέρα
3428 1611 3523 1664 καὶ
3586 1609 3865 1680 πενθεράν

2275 1702 2454 1754 πάντα
2485 1701 2554 1754 τὰ
2597 1702 2828 1767 παλαιὰ,
2854 1703 2971 1755 υἰδν
3000 1702 3060 1756 δὲ
3107 1702 3202 1756 καὶ
3248 1701 3552 1773 θυγατέρα,
3587 1701 3771 1755 πάντα
3796 1701 3867 1754 τὰ

2267 1790 2362 1842 νέα
2397 1806 2410 1818 °
2443 1790 2472 1841 ὀ
2494 1790 2675 1844 τοίνυν
2704 1790 2908 1860 Κύριος
2955 1795 3090 1846 πᾶσι
3138 1795 3250 1856 τοῖς
3280 1796 3517 1857 παλαοῖς
3547 1794 3716 1865 ἡμῶν
3770 1795 3866 1846 καὶ

2270 1882 2617 1952 ἁμαρτωλοῖς
2647 1883 2794 1936 ἔθεσι
2818 1885 2914 1938 καὶ⁵
2935 1884 3173 1955 δόγμασι
3216 1885 3495 1955 μάχεσθαι
3525 1887 3591 1938 τά
3612 1887 3713 1938 νέα
3767 1885 3865 1937 καὶ

2267 1976 2388 2028 θεῖα
2431 1975 2599 2028 αὑτοῦ
2648 1977 2961 2046 ἐντάλματα
3000 1979 3092 2028 καὶ
3148 1977 3408 2046 δόγματα⁶
3426 1977 3705 2046 βούλεται.
3733 1977 3864 2031 Νόει

2263 2067 2320 2119 δὲ
2353 2071 2445 2120 καὶ
2491 2068 2696 2130 οὕτως’
2739 2068 2929 2139 Πατὴρ
2979 2069 3078 2139 μὲν
3107 2072 3135 2123 ὀ
3183 2071 3326 2135 νοῦς,
3361 2071 3474 2134 υἱὸς
3509 2071 3565 2124 δὲ
3607 2072 3636 2122 6
3676 2070 3859 2140 λόγος,

2267 2161 2532 2230 μερισμὸς
2566 2159 2661 2215 οῦν
2695 2163 2901 2216 τούτων
2922 2166 3144 2231 ἐγένετο
3170 2165 3228 2218 ὲν
3252 2165 3330 2236 τῷ
3351 2165 3430 2217 ἑνὶ
3464 2163 3624 2235 οἴκῳ,
3654 2165 3736 2234 τῷ
3769 2167 3862 2218 ἀν·-

2264 2251 2470 2322 θρώπῳ
2504 2253 2668 2322 φημὶ,
2699 2248 2812 2306 οἷον
2836 2254 2922 2307 ἵνα
2969 2255 3306 2325 σαφέστερον
3341 2257 3504 2317 εἴπω,
3544 2254 3862 2327 ἐνελάμφθη

2261 2343 2289 2394 ὁ
2320 2341 2444 2404 νοῦς
2469 2343 2562 2396 τοῦ
2596 2345 2988 2413 Ἀρεοπαγίτου
3018 2345 3322 2409 Διονυσίου,
3352 2346 3450 2399 καὶ
3480 2345 3541 2397 τὸ
3589 2346 3861 2416 κήρυγμα

2262 2435 2484 2502 ἐδέξατο
2516 2454 2529 2467 ·
2558 2437 2852 2490 ἀνθίστατο
2905 2438 2964 2490 δὲ
2995 2437 3191 2491 τούτου
3218 2438 3297 2507 τῷ
3331 2436 3412 2490 νοτ
3439 2435 3518 2505 τῷ
3557 2437 3856 2490 ἀναποδεί-

2261 2545 2404 2591 κτως
2451 2527 2734 2598 δεξαμένῳ
2763 2530 2862 2598 τὴν
2911 2530 3094 2583 πίστιν
3150 2532 3178 2584 ὀ
3234 2531 3390 2597 λόγος
3425 2531 3454 2582 ὁ
3509 2528 3853 2598 Ἑλληνικὸς,

2258 2619 2637 2672 ἀποδεικνύειν
2680 2619 3048 2690 πειρώμενος,
3087 2622 3181 2675 καὶ
3223 2621 3600 2686 διαλεκτικαῖς
3645 2623 3861 2692 ὲφόδοτς

2255 2709 2575 2763 ἀκολουθεῖν
2599 2711 2950 2778 ἀναγκάζων.
3001 2712 3165 2782 Ὁρᾷς
3192 2713 3462 2782 μερισμὸν
3507 2715 3716 2782 πατρὸς
3767 2715 3862 2766 καὶ

2255 2801 2372 2856 υίοῦ
2404 2805 2732 2874 μαχομένων
2761 2804 3012 2875 ἀλλήλοις
3062 2805 3153 2858 διά
3185 2807 3423 2874 Χριστὸν
3451 2808 3547 2859 καὶ
3586 2809 3646 2858 τὸ
3681 2807 3859 2878 κήρυ·

2256 2910 2412 2961 nia;
2445 2895 2556 2948 Καὶ
2583 2897 2798 2966 μητέρα
2825 2895 2881 2948 δὲ
2910 2897 3002 2949 καὶ
3033 2895 3305 2965 πενθερὰν
3356 2896 3621 2959 καλέσαις
3658 2897 3727 2950 ἂν
3761 2896 3860 2966 τὴν

2255 2981 2518 3050 διάνοιαν,
2549 2984 2829 3054 θυγατέρα
2877 2985 2935 3039 δὲ
2985 2985 3082 3038 καὶ
3129 2985 3352 3056 νύμφην
3407 2987 3509 3057 τὴν
3568 2986 3855 3056 αἴσθησιν.

2256 3074 2367 3126 Καὶ
2413 3075 2641 3139 ταύταις
2705 3072 2799 3130 οὖν
2851 3077 3000 3147 μάχη
3070 3077 3286 3132 ἵσταται
3343 3077 3433 3131 διὰ
3481 3079 3748 3151 Χριστὸν,
3787 3081 3857 3150 τῇ

2256 3163 2356 3234 μὲν
2411 3165 2626 3238 διανοίᾳ
2677 3168 2818 3220 κατὰ
2876 3169 2976 3238 τῆς
3030 3169 3322 3240 αίθήσεως,
3363 3172 3492 3224 ὃταν
3553 3172 3587 3242 η
3646 3170 3861 3226 διάνοια

565 3260 697 3314 titur
725 3271 903 3315 autem
934 3268 990 3316 et
1021 3261 1216 3316 bellum
1253 3277 1448 3317 sensus
1479 3273 1668 3317 contra
1703 3274 1963 3320 mentem.
2002 3266 2146 3321 Sen-

2256 3258 2418 3331 πείθῃ
2482 3262 2759 3332 προτιμᾷν
2814 3262 2882 3315 τὰ
2929 3263 3003 3333 μὴ
3064 3262 3269 3334 ῥευστὰ
3321 3261 3433 3315 τῶν
3491 3265 3859 3335 ρευστῶν,τὰ

562 3365 656 3405 sus
682 3350 826 3405 enim
863 3366 961 3421 per
993 3353 1253 3408 miracula
1283 3362 1337 3407 et
1369 3354 1523 3424 signa
1580 3370 1700 3423 qua:
1734 3355 1988 3410 videntur
2022 3374 2146 3429 per-

561 3441 756 3495 ductus
789 3441 857 3495 ad
889 3441 1080 3507 ﬁdem,
1116 3458 1222 3496 non
1265 3444 1439 3498 credit
1472 3445 1670 3500 mentis
1698 3446 2154 3518 cogitationibus:

564 3547 737 3601 neque
766 3534 912 3588 enim
959 3535 1237 3602 gentilium
1267 3536 1762 3593 demonstrationes
1811 3541 1925 3594 vult
1972 3545 2151 3611 sequi,

563 3640 682 3692 qua:
707 3626 1037 3696 compellunt
1065 3627 1172 3681 illis
1216 3633 1562 3685 attendentes
1591 3647 1695 3686 non
1752 3635 1974 3688 credere
2008 3639 2152 3706 quod

561 3716 702 3771 Deus
734 3717 907 3774 factus
961 3720 1032 3774 sit
1080 3721 1261 3780 homo,
1306 3723 1387 3778 vel
1449 3725 1593 3792 quod
1654 3726 1804 3795 virgo
1857 3730 2148 3796 pepererit.

559 3808 876 3879 llujusmodi
907 3823 1030 3866 sunt
1059 3814 1342 3882 gentilium
1379 3816 1750 3884 deliramenta,
1794 3829 2002 3873 natum
2036 3836 2152 3874 ser-

561 3901 781 3956 vientia.
814 3903 883 3955 At
920 3917 1116 3956 sensus
1142 3919 1237 3973 per
1267 3904 1527 3960 miracula
1553 3923 1673 3975 quae
1708 3909 1981 3975 videntur,
2020 3925 2149 3978 prae-

554 3995 788 4046 stantior
818 3994 964 4048 omni
995 3982 1470 4050 demonstratione
1501 4009 1608 4060 est,
1646 4002 1711 4052 ad
1749 3999 1838 4055 Dei
1877 4004 2146 4071 cognitio-

556 4098 677 4138 nem
698 4087 1091 4141 manuducens.
1119 4087 1233 4142 Non
1255 4091 1431 4144 omnis
1457 4092 1619 4158 igitur
1647 4108 1750 4162 pax
1777 4102 1830 4148 et
1855 4097 2142 4150 concordia

554 4176 694 4229 bona
753 4184 859 4242 est,
889 4178 982 4232 sed
1029 4188 1113 4232 est
1152 4182 1370 4248 quando
1418 4192 1473 4234 et
1522 4197 1701 4252 pugna
1750 4194 1800 4238 et
1857 4185 2138 4242 dissidium

551 4267 733 4321 divina
793 4270 1038 4336 quaedam
1102 4284 1188 4322 res
1253 4271 1483 4326 videtur.
1523 4270 1711 4327 Nullus
1760 4273 1922 4344 igitur
1995 4287 2137 4330 amet

555 4360 745 4424 malos,
767 4369 823 4414 et
855 4363 1103 4429 quamvis
1133 4376 1288 4432 pater
1313 4375 1368 4419 ct
1422 4378 1596 4421 mater
1635 4368 1995 4423 adversentur
2030 4371 2134 4440 legi

550 4448 777 4514 Christi,
811 4456 1218 4522 repugnandum
1273 4465 1354 4508 est
1405 4455 1484 4510 eis
1519 4456 1750 4525 perinde
1781 4473 1842 4512 ac
1889 4459 2134 4515 hostibus

552 4543 821 4595 veritatis.

548 4653 737 4701 στασις
757 4637 900 4693 θεῖόν
924 4657 977 4692 τι
1021 4641 1210 4710 χρῆμα
1251 4641 1416 4696 δοκεῖ·
1447 4645 1637 4714 μηδεὶς
1687 4647 1867 4702 τοίνυν
1907 4653 2202 4722 φιλιαζέτω

2259 3352 2469 3421 ἀόρατα
2511 3353 2620 3405 τῶν
2668 3354 2907 3424 δρατῶν,
2938 3356 3034 3406 καὶ
3087 3353 3189 3427 ἔχη
3229 3354 3366 3425 πρὸς
3427 3353 3590 3407 τοῦτο
3647 3356 3858 3419 πολλᾶς

2256 3444 2563 3511 ἀποδείξεις
2605 3445 2924 3516 συνεργούς.
2960 3447 3119 3501 Ἔστι
3146 3447 3202 3500 δὲ
3227 3447 3316 3500 ὅτε
3363 3449 3458 3502 καὶ
3491 3451 3560 3520 τῇ
3599 3447 3859 3520 αἰσθήσει

2258 3537 2399 3590 κατὰ
2447 3540 2546 3606 τῆς
2607 3537 2846 3602 διανοίας
2896 3537 3134 3608 πόλεμος
3195 3541 3618 3610 συγκροτεῖται·
3654 3543 3688 3613 η
3744 3544 3858 3612 γὰρ

2255 3631 2511 3700 αἴσθησις
2561 3631 2651 3684 διὰ
2719 3632 2828 3684 τῶν
2881 3631 3181 3702 θαυμάτων
3238 3634 3332 3686 καὶ
3387 3632 3497 3684 τῶν
3552 3633 3858 3704 ὁρωμένιιν

2256 3723 2500 3791 σημείων
2553 3727 3045 3793 χειραγωγουμένη
3096 3725 3233 3794 πρὸς
3265 3725 3475 3792 πίστιν,
3501 3726 3562 3778 ού
3601 3725 3855 3779 πείθεται

2251 3816 2364 3876 τοῖς
2400 3814 2498 3884 τῆς
2549 3815 2789 3878 διανοίας
2835 3814 3140 3884 λογισμοῖς,
3178 3817 3298 3870 οὐδὲ
3335 3820 3457 3881 ταῖς
3503 3818 3850 3890 Ἑλληνικαῖς

2249 3908 2587 3974 ἀποδείξεσιν
2607 3907 2838 3963 ἕπεσθαι
2857 3909 3126 3980 βούλεται,
3150 3911 3701 3979 συναναγκαζούσαις
3725 3919 3808 3968 toi
3824 3933 3853 3978 ς

2250 4001 2620 4072 προσέχοντας
2649 4003 2844 4065 αὐταῖς
2875 4002 2951 4072 μὴ
2980 4002 3286 4068 πιστεύειν,
3313 4005 3394 4056 ὅτι
3425 4005 3564 4069 Θεδς
3617 4007 3851 4076 γέγονεν

2245 4094 2618 4165 άνθρωπος,ἦ
2673 4094 2756 4147 ὅτι
2789 4096 3061 4165 παρθένος
3105 4094 3282 4149 ἔτεκε.
3319 4094 3563 4150 Τοιαῦτα
3616 4099 3730 4170 γὰρ
3777 4097 3839 4152 τί

2243 4187 2354 4237 τῶν
2387 4186 2549 4254 φύσει
2596 4185 2964 4240 δουλεύοντων
3023 4187 3360 4259 Ἑλληνικῶν
3423 4189 3710 4260 λογισμῶν
3742 4194 3846 4262 λη-

2242 4281 2485 4349 ρήματα.
2535 4281 2596 4332 Ἦ
2645 4280 2832 4349 μέντοι
2893 4279 3150 4350 αῑσθησις
3211 4282 3299 4336 διὰ
3373 4284 3486 4337 τῶν
3543 4288 3844 4357 ὁρωμένων

2238 4373 2536 4443 θαυμάτων
2597 4374 2862 4444 κρείττων
2913 4377 3096 4444 πάσης
3143 4377 3477 4445 ἀποδείξεώς
3515 4381 3636 4433 ἐστι
3702 4384 3842 4454 πρὸς

2238 4465 2570 4533 θεογνωσίαν
2618 4467 2958 4542 χειραγωγός
2986 4484 2999 4496 υ
3038 4468 3098 4519 ού
3147 4470 3298 4522 πᾶσα
3350 4467 3444 4524 οὖν
3502 4475 3700 4546 εἰρήνη
3746 4481 3844 4529 καὶ

2239 4557 2531 4630 συμφωνία
2573 4557 2764 4622 καλὸν,
2815 4556 2930 4609 ἀλλ’
2971 4557 3121 4610 ἔστιν
3155 4560 3243 4612 ὅτε
3285 4563 3378 4613 καὶ
3414 4564 3568 4634 μάχη
3600 4569 3696 4619 καὶ
3726 4569 3846 4620 διά-

2239 4663 2351 4722 τοῖς
2383 4657 2664 4728 πονηροῖς,
2691 4655 2825 4707 ἀλλὰ
2854 4654 2956 4708 κᾶν
2988 4656 3193 4727 πατὴρ,
3237 4659 3341 4712 κᾶν
3376 4660 3566 4731 μήτηρ
3602 4663 3845 4718 ἐναντίοι

547 4733 906 4802 εὐρίσκωνται
947 4734 1025 4805 τῷ
1076 4736 1315 4807 Χριστοῦ
1371 4741 1543 4810 νόμῳ,
1570 4743 1911 4814 πολεμητέον
1943 4753 2129 4821 αὐτοῖς
2177 4762 2252 4823 ὡς
2305 4757 2403 4824 τῆς
2435 4752 2691 4822 ἀληθείας
2723 4752 2957 4823 ἐχθροῖς.

625 4824 783 4878 Vens.
818 4825 1006 4881 ενι-59.
1057 4846 1074 4877 ι
1113 4829 1332 4884 Dicebat
1377 4842 1556 4884 autem
1591 4834 1657 4886 ad
1705 4842 1894 4904 turbas
1944 4862 1958 4896 :
1993 4845 2126 4901 Cum
2163 4859 2206 4914 ι)

544 4917 791 4970 videritis
820 4919 1017 4972 nubem
1043 4921 1307 4974 orientem
1336 4924 1404 4975 ah
1447 4938 1668 4989 occasu,
1697 4934 1878 4983 statim
1916 4937 2123 5005 dicitis,

545 5009 718 5062 imber
757 5010 924 5074 venit,
953 5019 1008 5064 et
1055 5012 1126 5065 ita
1177 5012 1234 5065 iit
1272 5031 1287 5072 :
1323 5025 1376 5068 et
1412 5029 1533 5069 cum
1590 5030 1834 5074 austrum
1885 5024 2124 5099 ﬂantem,

541 5101 724 5154 dicitis
767 5104 911 5170 quod
965 5112 1131 5157 astus
1180 5105 1308 5169 erit,
1345 5116 1399 5159 et
1456 5110 1535 5162 lit.
1564 5106 1895 5181 Hypocritm,
1935 5120 2124 5177 laeiem

541 5192 663 5245 caeli
703 5203 756 5246 et
797 5204 954 5248 terra:
1006 5195 1181 5249 nostis
1228 5200 1479 5266 probare,
1510 5201 1611 5255 hoc
1672 5215 1855 5258 autem
1918 5219 2127 5282 tempus

543 5286 632 5350 qui
676 5284 733 5336 tit
787 5294 846 5337 ut
882 5301 986 5340 non
1043 5287 1447 5355 probetis?Cur
1491 5304 1671 5348 autem
1713 5311 1778 5350 ex
1835 5302 2125 5372 vobisipsis

541 5389 646 5427 non
673 5374 926 5440 iudicatis
949 5380 1306 5446 quodjustum
1333 5383 1454 5435 est?
1484 5383 1619 5437 Cum
1655 5390 1798 5441 enim
1820 5393 1971 5447 vadis
1996 5410 2118 5450 cum

539 5465 851 5517 adversario
889 5477 978 5519 tuo
1011 5468 1076 5520 ad
1125 5471 1527 5540 magistratum,
1558 5475 1610 5528 in
1646 5479 1730 5531 via
1763 5479 1828 5533 da
1869 5497 2114 5552 operam,

535 5568 595 5610 ut
631 5554 729 5610 tibi
751 5560 890 5612 reris
926 5563 990 5613 ab
1047 5561 1157 5625 illo,
1183 5579 1247 5617 ne
1302 5564 1439 5619 lurte
1473 5572 1753 5636 pertrahat
1786 5586 1836 5626 te
1885 5579 1947 5630 ad
1976 5579 2114 5646 judi-

533 5658 676 5709 cem,
712 5656 766 5699 et
789 5647 953 5715 judex
1009 5651 1186 5703 tradat
1220 5662 1270 5705 te
1296 5659 1559 5722 exactori,
1596 5670 1650 5712 et
1689 5673 1910 5717 exactor
1943 5669 2114 5736 conji-

535 5737 641 5789 ciat
687 5746 737 5791 te
804 5741 853 5791 in
906 5757 1204 5797 carcerem.
1243 5743 1374 5798 Dico
1425 5749 1541 5814 tibi,
1577 5767 1681 5805 non
1730 5756 1902 5810 exiliis
1968 5759 2112 5825 inde,

534 5827 703 5882 donec
759 5830 1004 5884 ultimum
1075 5837 1236 5888 etiam
1295 5840 1558 5893 minutum
1631 5847 1841 5900 reddas.
1886 5868 1902 5898 ι
1958 5850 2114 5905 Post-

533 5934 691 5986 quam
746 5922 812 5976 de
895 5925 1278 5994 prmdicatiune
1340 5934 1589 5988 disseruit
1625 5978 1638 6002 ,
1697 5938 1986 6013 ignemque
2057 5960 2110 6001 et

2319 4865 2335 4900 ι
2369 4846 2562 4915 Ἔλεγε
2602 4845 2659 4898 δὲ
2707 4846 2938 4908 καὶτοῖς
2980 4845 3182 4916 ὄχλοις,
3221 4848 3392 4902 Ὀταν
3424 4853 3574 4923 ἴδητε
3598 4858 3848 4926 νεφέλην

2231 4937 2636 4992 ἀνατέλλουσαν
2666 4937 2775 4989 ἀπὸ
2800 4936 3046 5005 δυσμῶν,
3079 4939 3284 5005 εὐθέως
3318 4943 3534 5012 λέγετε,
3570 4947 3658 5002 ὅτι
3693 4953 3842 5021 Ὀμ-

2234 5031 2361 5103 ϐρος
2404 5031 2647 5102 ἔρχεται,
2692 5031 2787 5083 καὶ
2845 5032 3056 5100 γίνεται
3115 5034 3323 5101 οὕτως’
3355 5041 3450 5092 καὶ
3501 5041 3637 5094 ὅταν
3683 5047 3850 5100 νότον

2234 5123 2486 5183 πνέοντα,
2553 5123 2738 5190 λέγετε
2805 5125 2889 5176 ὅτι
2921 5126 3164 5180 Καύσων
3215 5129 3393 5199 ἔσται,
3449 5133 3545 5185 καὶ
3594 5135 3846 5202 γίνεται.

2242 5214 2589 5284 Ὑποκριται,
2627 5218 2688 5268 τὸ
2719 5217 3015 5287 πρόσωπον
3042 5219 3145 5289 τῆς
3189 5222 3292 5293 γῆς
3341 5225 3438 5277 καὶ
3463 5225 3562 5278 τοῦ
3594 5229 3850 5300 οὐρανοῦ

2229 5308 2406 5361 οἴδατε
2465 5310 2806 5375 δοκιμάζειν,
2843 5312 2934 5362 τὸν
2983 5313 3041 5364 δὲ
3097 5317 3293 5385 καιρὸν
3348 5318 3543 5371 τοῦτον
3595 5322 3717 5387 πῶς
3768 5325 3851 5379 οὓ

2227 5399 2552 5469 δοκιμάζετε
2585 5402 2688 5464 ;ἰ’ί
2735 5401 2791 5454 δὲ
2825 5405 2921 5454 καὶ
2965 5404 3060 5472 ἀφ’
3115 5407 3325 5461 ἑαυτῶν
3391 5412 3454 5462 οὐ
3495 5415 3716 5484 κρίνετε
3768 5419 3854 5473 τὸ

2226 5493 2469 5559 δίκαιον;
2523 5496 2616 5557 Ὠς
2647 5495 2756 5566 γὰρ
2792 5497 3026 5566 ὑπάγεις
3082 5501 3223 5570 μετὰ
3282 5502 3375 5556 τοῦ
3411 5507 3700 5566 ἀντιδίκου
3731 5527 3854 5568 σου

2222 5585 2307 5636 ἐπ’
2353 5585 2611 5654 ἄρχοντα,
2645 5591 2702 5640 ἐν
2745 5592 2811 5657 τῇ
2873 5591 2978 5662 ὁδῷ
3029 5593 3118 5655 δὸς
3154 5596 3422 5664 ἐργασίαν
3469 5601 3856 5673 ἀπηλλάχθαι

2224 5678 2318 5729 ἀπ’
2351 5678 2538 5742 αὑτοῦ,
2576 5683 2648 5750 μή
2705 5699 2833 5735 ποτε
2859 5686 3150 5756 κατασύρῃ
3181 5703 3241 5739 σε
3279 5689 3417 5762 πρὸς
3471 5695 3566 5746 τὸν
3603 5699 3851 5767 κριτὴν,

2221 5769 2314 5818 καὶ
2359 5769 2386 5818 ὁ
2433 5771 2627 5841 κριτὴς
2706 5789 2764 5823 σε
2831 5774 3062 5843 παραδῷ
3114 5776 3192 5846 τῷ
3251 5781 3533 5851 πράκτορι
3570 5823 3587 5847 ,
3640 5786 3736 5838 καὶ
3805 5791 3856 5843 ὁ

2222 5859 2489 5931 πράκτωρ
2538 5880 2594 5914 σε
2645 5863 2781 5933 βάλῃ
2829 5867 2909 5927 εἰς
2940 5867 3187 5938 φυλακήν
3221 5884 3234 5898 ·
3268 5870 3413 5938 λέγω
3467 5890 3574 5932 σοι.
3613 5879 3676 5930 οὐ
3740 5883 3854 5956 μὴ

2221 5952 2442 6020 ἐξέλθῃς
2486 5956 2696 6008 ἐκεῖθεν
2723 5999 2734 6020 ,
2797 5957 2899 6021 ἕως
2954 5954 3014 6012 οὗ
3048 5951 3156 6014 ’καὶ
3209 5962 3298 6014 ’ξδ’
3331 5966 3568 6036 ἔσχατον
3621 5951 3852 6030 λεπτδῦ

3170 6515 3199 6519 ἡ
3310 6519 3373 6527 Ἣ
3434 6523 3487 6531 η
3523 6521 3579 6533 νη
3611 6512 3924 6540 έεῃ-
4045 6333 4048 6540 l
