4048 6494
650 401 758 468 915

1556 395 2137 462 ΤΙΙΕΟΙἨὶίΑΟΤι
2186 394 2600 455 Βυιολιιιλε
2638 395 2991 454 ARCHIEP.

3797 392 3901 454 916

651 514 752 568 hoc
789 520 847 566 ut
903 513 1133 566 lrttctum
1177 512 1353 565 faciat.
1403 512 1456 565 Si
1511 511 1730 578 quidem
1783 507 2074 563 fecerimus
2109 504 2221 559 fru-

2330 501 2520 557 ϐαλεῖν
2564 506 2629 574 τῇ
2673 504 2821 572 ψυχῇ
2874 503 3007 572 πρὸς
3065 502 3124 552 τὸ
3175 501 3638 572 καρποςξορῆσαι·
3696 498 3793 553 ἐὰν
3829 503 3919 569 μὲν

649 618 798 660 ctum
838 625 853 660 :
892 607 974 659 sin
1015 607 1213 669 minus,
1245 622 1351 659 ..οη
1381 606 1520 658 ultra
1550 605 1807 672 relinquit
1845 617 1943 657 nos
1975 601 2029 656 in
2070 601 2225 656 vinea

648 713 785 763 sua,
826 699 920 753 sed
953 706 1171 751 exsecat
1201 711 1230 749 a
1269 696 1490 761 mundo,
1546 707 1601 748 ut
1641 710 1710 749 ne
1744 694 1948 747 frustra
1993 706 2226 759 occupe-

649 807 769 844 nms
804 791 1000 845 locum.
1036 791 1382 844 Peccatorem
1410 790 1551 844 enim
1584 789 1706 856 quis
1733 786 1922 841 videns
1951 785 2040 839 diu
2071 785 2224 840 dill'e-

652 893 877 946 ientem,
911 882 1218 943 olfenditur,
1278 893 1330 936 et
1382 881 1532 950 pejor
1570 883 1628 935 lit
1677 898 1690 937 :
1725 890 1780 934 et
1819 881 1897 934 sic
1954 879 2226 933 invenitur

648 981 904 1038 peccator
931 989 1104 1042 neque
1132 973 1246 1042 ipse
1277 971 1506 1024 fructmn
1541 971 1780 1035 faciens,
1807 980 1862 1026 et
1897 969 2061 1024 alium
2091 984 2226 1037 quo-

644 1082 749 1135 que
791 1066 1089 1134 impediens
1145 1082 1210 1116 ne
1245 1065 1412 1136 386
1461 1064 1696 1119 fructum
1755 1064 1938 1117 faciat.
1979 1064 2130 1129 Quod
2179 1062 2222 1114 si

643 1167 928 1211 exsecetur
957 1171 1018 1208 ex
1080 1159 1183 1209 hac
1225 1158 1356 1219 vita,
1413 1157 1658 1211 fortassis
1709 1157 1743 1209 ii
1796 1157 1884 1224 qui
1943 1164 2220 1209 exsectum

646 1250 900 1311 ridet-int,
926 1251 1026 1303 boc
1057 1251 1242 1303 animo
1273 1266 1455 1304 secum
1490 1249 1904 1317 perpendentes,
1936 1247 2223 1300 mutabun-

643 1353 729 1394 tur
759 1355 810 1394 et
846 1343 1078 1396 fructum
1112 1343 1330 1395 facient.
1367 1341 1564 1395 Tribus
1599 1351 1777 1394 autem
1815 1340 1972 1392 annis
2025 1338 2225 1392 dicitur

646 1435 1035 1500 paterfamilias
1085 1435 1265 1486 vruire
1335 1434 1401 1487 ad
1459 1434 1650 1496 ticum,
1704 1432 1950 1487 fortassis
2004 1439 2224 1500 propter

643 1542 752 1583 tres
783 1531 928 1596 leges
956 1544 1090 1598 quas
1131 1530 1287 1582 nobis
1319 1527 1462 1581 dedit
1498 1537 1549 1582 et
1599 1529 1795 1596 quibus
1826 1525 1892 1579 ad
1944 1540 2044 1579 nos
2076 1525 2222 1576 venit

646 1622 939 1683 Dominus,
989 1636 1107 1688 quzc
1157 1631 1282 1674 sunt
1340 1621 1632 1684 naturalis,
1686 1618 1907 1686 legalis,
1953 1627 2007 1671 et
2061 1616 2223 1686 spiri-

643 1715 822 1769 tualis.
855 1712 1145 1781 Oportebat
1177 1728 1308 1768 sane
1341 1728 1438 1766 uos
1465 1712 1694 1765 naturali
1721 1710 1838 1780 lege
1862 1706 2224 1762 commonitos

642 1810 875 1860 fructum
932 1807 1107 1860 lacere
1157 1825 1168 1859 :
1230 1822 1353 1859 nam
1414 1816 1604 1858 natura
1656 1805 1817 1858 ducet
1860 1803 1988 1870 quid
2043 1798 2222 1853 falcere

640 1908 890 1963 oporteat
928 1918 938 1949 :
971 1909 1024 1950 at
1055 1899 1178 1966 quia
1217 1899 1267 1952 in
1304 1899 1462 1952 nobis
1516 1896 1813 1950 naturalem
1859 1893 2064 1947 invenit
2094 1892 2218 1946 inu-

643 1991 814 2052 tilem,
844 1991 984 2043 dedit
1010 2002 1061 2044 et
1091 1990 1375 2044 Mnsaic-arn
1410 1989 1579 2058 legent
1609 1998 1816 2041 natura:
1847 1981 2174 2054 adiutricem
2203 2003 2216 2036 ι

642 2099 760 2150 qua:
809 2100 931 2135 cum
993 2094 1047 2136 et
1092 2085 1200 2150 ipsa
1254 2084 1468 2134 irvrnta
1514 2092 1595 2134 est
1642 2079 1955 2146 infrugil’era
2003 2087 2222 2145 propter

645 2185 882 2226 nostram
913 2175 1198 2234 desidiam,
1231 2177 1438 2229 addidit
1467 2186 1517 2228 et
1541 2173 1904 2242 spiritualcm.
1932 2171 2034 2226 Ubi
2059 2171 2221 2239 igitur

645 2280 756 2320 tres
794 2267 898 2319 illa:
931 2283 1034 2320 nou
1071 2268 1348 2321 meliorem
1398 2267 1733 2321 reddiderint
1767 2266 2070 2336 cujuspiam
2107 2266 2223 2318 aui-

649 2376 814 2423 mam,
853 2376 1024 2427 neque
1061 2361 1472 2427 longanimitate
1513 2371 1564 2414 et
1614 2361 1982 2414 misericordia
2036 2357 2126 2412 Dei
2167 2356 2223 2410 lit

643 2451 1002 2509 eiueudatior,
1038 2462 1162 2502 nunc
1192 2459 1373 2516 postea
1409 2465 1628 2504 monere
1658 2466 1761 2502 non
1792 2449 1929 2501 ultra
1970 2448 2169 2503 sinitur
2208 2467 2220 2501 :

650 2558 754 2594 non
801 2543 945 2594 enim
1001 2541 1142 2593 Deus
1173 2556 1316 2608 strpe
1351 2538 1922 2608 procrastinationibus
1955 2537 2218 2591 illuditur.

640 2634 776 2698 Quid
809 2642 986 2686 autem
1017 2635 1060 2687 si
1099 2649 1192 2701 per
1223 2644 1333 2687 tres
1390 2647 1559 2685 annos
1609 2643 1826 2686 :Ptatum
1864 2642 2034 2686 status
2067 2631 2224 2684 intel-

641 2704 809 2794 ligas?
843 2723 1172 2790 Pucritiam,
1232 2725 1330 2777 bne
1384 2733 1466 2778 est
1515 2723 1934 2778 adolescentiam
2003 2734 2128 2776 octo
2171 2732 2222 2775 et

647 2817 838 2866 decem
891 2829 1157 2867 annorum
1203 2833 1214 2864 :
1272 2815 1505 2876 virilem,
1546 2824 1600 2866 et
1649 2813 1862 2867 tertiam
1912 2829 2096 2866 eorum
2132 2813 2223 2882 qui

639 2907 750 2974 jam
783 2907 1052 2976 incipiunt
1097 2907 1213 2960 lleri
1248 2907 1434 2960 vetuli.
1480 2907 1708 2971 Quando
1756 2907 1921 2974 igitur
1966 2907 2018 2960 in
2064 2907 2225 2960 tertio

643 3014 806 3064 anno,
841 2998 943 3053 hoc
965 3011 1048 3052 est
1096 3011 1336 3060 senecta,
1364 3014 1468 3053 non
1494 2999 1688 3052 damus
1715 3000 1943 3064 fructus,
1969 3007 2020 3053 et
2049 2999 2225 3052 adhuc

644 3093 1013 3161 permittimur
1049 3093 1230 3147 vivere
1280 3103 1338 3144 ut
1395 3090 1714 3155 adjiciamus
1766 3103 1999 3155 stercus,
2058 3089 2221 3143 vilem

2250 1859 2297 1917 B

2328 596 2422 649 οὖν
2453 599 2768 667 ποιήσωμεν
2807 594 3038 663 καρπὸν,
3071 595 3119 646 εί
3141 593 3196 646 δὲ
3245 594 3415 663 μήγε,
3465 592 3653 648 οὐκέτι
3688 594 3909 662 ἀφίησιν

2333 693 2479 762 ἡμᾶς
2511 693 2570 744 ἐν
2612 690 2688 759 τῷ
2729 688 3014 759 ἀμπελῶνι
3045 687 3214 741 αὐτοῦ
3236 731 3249 752 ,
3301 687 3419 741 ἀλλ’
3450 689 3718 742 ἐκκόπτει
3768 688 3914 741 τοῦδε

2330 783 2424 835 τοῦ
2462 782 2694 852 κόσμου,
2725 783 2812 834 ἵνα
2841 780 2916 851 μὴ
2941 780 3309 850 καταργῶμεν
3337 781 3429 833 τὸν
3457 781 3628 834 τόπον
3647 798 3663 813 ο
3698 781 3793 833 τὸν
3815 781 3912 851 γάρ

2334 873 2660 942 ἁμαρτωλὸν
2694 872 3130 943 πολυχρονοῦντα
3164 873 3379 941 βλέπων
3426 889 3513 935 τις
3535 912 3550 935 ,
3581 871 3910 940 βλάπτεται,

2331 968 2424 1018 καὶ
2458 965 2658 1036 χείρων
2690 968 2900 1034 γίνεται
2922 985 2934 994 ·
2969 968 3064 1019 καὶ
3098 965 3275 1028 οὕτως
3326 966 3645 1036 εὑρίσκεται
3684 970 3712 1019 6
3744 968 3914 1037 ἀμαρ-

2330 1060 2497 1122 τωλδς
2545 1047 2686 1130 μήτε
2738 1061 2903 1124 αὐτὸς
2954 1061 3355 1131 καρποφορῶν,
3411 1060 3509 1112 καὶ
3545 1059 3698 1129 άλλῳ
3750 1062 3912 1128 timo-

2327 1154 2490 1218 δίζων
2518 1154 2808 1224 δυναμένῳ
2854 1157 3249 1225 καρποφορεῖν.
3300 1155 3359 1207 El
3406 1154 3465 1208 δὲ
3502 1156 3719 1223 ὲκκοπῇ
3768 1152 3911 1207 τοῦδε

2327 1245 2422 1298 τοῦ
2465 1245 2619 1316 βίου,
2672 1246 2815 1316 τάχα
2869 1248 2918 1298 οἱ
2975 1246 3286 1299 ἐκκοπέντα
3336 1246 3502 1298 αὐτὸν
3556 1245 3801 1307 ἰδόντες,
3846 1247 3913 1306 εἰς

2330 1338 2688 1407 συναίσθησιν
2735 1339 3047 1408 ἐρχόμενοι,
3088 1337 3524 1406 μεταϐαλοῦνται
3574 1338 3670 1390 καὶ
3720 1355 3913 1404 καρτο-

2327 1431 2651 1500 φορὴσουσι.
2703 1431 2842 1499 Τρία
2895 1429 2951 1482 δὲ
2985 1430 3078 1499 ἔτη
3132 1430 3353 1497 λέγεται
3401 1430 3667 1500 ἔρχεσθαι
3713 1431 3742 1482 6
3780 1430 3912 1482 οίκο-

2328 1521 2601 1590 δεσπότης
2627 1521 2720 1573 ἐπὶ
2750 1521 2848 1590 τὴν
2885 1522 3079 1590 συκῆν,
3111 1521 3254 1592 τάχα
3288 1522 3386 1592 μὲν
3417 1523 3513 1575 καὶ
3550 1521 3642 1574 διά
3684 1521 3748 1574 τδ
3780 1521 3912 1591 τρεῖς

2327 1607 2465 1666 εἶναι
2509 1614 2634 1677 τοὺς
2680 1613 3004 1682 δεδομένους
3053 1617 3185 1683 ἡμῖν
3221 1615 3440 1683 νόμους,
3496 1614 3565 1666 δι’
3596 1609 3676 1668 ὢν
3704 1614 3911 1684 ἔρχεται

2329 1703 2465 1770 πρὸς
2508 1701 2656 1772 ἡμᾶς
2689 1705 2719 1755 6
2765 1702 3006 1770 Ktipto.;'
3065 1703 3171 1754 εἰσὶ
3218 1702 3275 1754 δὲ
3311 1698 3477 1767 οὗτοι,
3524 1705 3553 1755 6
3601 1703 3911 1771 φυσικδς,ὀ

2326 1794 2582 1864 νομικὸς,
2639 1796 2732 1848 καὶ
2786 1797 2812 1846 6
2858 1796 3250 1864 πνευματικός.
3308 1795 3456 1848 Ἔδει
3519 1796 3623 1864 μὲν
3679 1796 3791 1863 γὰρ
3844 1794 3910 1860 τες.

2327 1883 2545 1954 φυσίκῷ
2579 1885 2728 1953 νόμῳ
2772 1885 3200 1954 παιδευομένους
3249 1887 3397 1954 ἡμᾶς
3444 1888 3844 1955 καρποφορεῖν
3881 1886 3908 1950 ἡ

2325 1977 2432 2044 γάρ
2465 1974 2624 2043 φύσις
2653 1976 2820 2045 αὐτὴν
2849 1976 3089 2029 διδάσκει
3123 1977 3183 2028 τὸ
3208 1977 3354 2029 δέον·
3395 1980 3517 2029 ἐπεὶ
3546 1977 3602 2028 δὲ
3645 1977 3914 2045 ἄχρηστον

2325 2059 2484 2133 εὗρεν
2529 2069 2586 2118 ἐν
2640 2070 2770 2136 ἡμῖν
2805 2068 2894 2120 τὸν
2947 2068 3200 2135 φυσικὸν,
3261 2069 3429 2120 ἔδωκε
3474 2070 3568 2120 τὸν
3622 2067 3915 2121 Metanibe

2328 2160 2521 2230 βοηθὸν
2554 2161 2648 2212 τοῦ
2693 2160 2927 2226 φυσικοῦ
2959 2163 3127 2230 νόμου
3153 2178 3166 2190 ·
3219 2161 3294 2222 ὡς
3323 2161 3379 2213 δὲ
3419 2161 3508 2212 καὶ
3543 2154 3704 2220 οὗτος
3746 2160 3911 2227 ἀχρή-

2327 2270 2446 2315 στος
2479 2253 2564 2304 διὰ
2596 2253 2692 2323 τὴν
2727 2252 3000 2324 ρᾳθυμίαν
3051 2253 3208 2321 ἡμῶν
3249 2253 3566 2322 εὑρίσκετο.
3618 2250 3808 2304 δίδωσι
3836 2252 3916 2303 τῖν

2332 2346 2698 2413 πνευματικόν
2748 2347 2876 2396 ὅταν
2901 2343 2992 2398 οἶν
3023 2348 3071 2397 οἱ
3102 2347 3249 2412 τρεῖς
3278 2341 3424 2396 οὗτοι
3455 2344 3532 2413 μὴ
3557 2343 3911 2412 βελτιὼσουσι

2326 2441 2425 2507 τήν
2448 2457 2588 2501 τινος
2621 2439 2818 2510 dri-1hr,
2850 2440 2982 2508 μηδὲ
3015 2439 3119 2492 ὑπὸ
3146 2439 3244 2508 τῆς
3275 2438 3634 2510 μακροξωῖας
3662 2441 3762 2492 καὶ
3797 2438 3913 2506 φιλ-

2327 2534 2642 2603 ανθρωπίας
2717 2534 3075 2602 βελτιωἿείη,
3150 2534 3269 2585 τότε
3328 2533 3392 2600 δὴ
3448 2534 3528 2594 είς
3589 2532 3656 2583 τὸ
3731 2532 3915 2600 μέλλον

2326 2625 2510 2680 οὐκέτι
2545 2627 2701 2679 ἐᾶται
2743 2643 2754 2656 ·
2788 2627 2847 2678 οὐ
2885 2627 2993 2694 γὰρ
3039 2625 3299 2687 πολλάκις
3344 2624 3693 2688 ἐξαπατᾶται
3733 2628 3766 2677 ὁ
3796 2624 3916 2686 Θεὸς

2327 2723 2444 2782 ταῖς
2475 2721 2901 2790 ὐπερημερίαις.
2941 2721 3169 2788 Μήποτε
3200 2720 3255 2772 δε
3293 2721 3386 2772 καὶ
3416 2719 3548 2790 τρῖα
3581 2721 3684 2788 ἔτη
3724 2721 3918 2789 νοήσῃς

2329 2813 2426 2875 τὰς
2467 2815 2614 2881 τρεῖς
2647 2814 3008 2876 καταστάσεις
3042 2814 3151 2864 τῶν
3186 2814 3445 2882 ἡλικιῶνς
3479 2812 3594 2883 Τὴν
3628 2815 3912 2880 παιδικὴν,

2329 2905 2449 2972 ἦτοι
2486 2902 2594 2956 τῶν
2627 2906 2954 2972 μειρακίων,
2992 2909 3114 2976 ἥτις
3145 2908 3274 2976 περὶ
3312 2907 3379 2959 τά
3414 2906 3805 2962 ὀκτωκαίδεκα
3832 2906 3917 2976 ἔτη

2329 2995 2640 3062 λογίζεται·
2685 2998 2787 3066 τὴν
2833 2998 3128 3068 ἀνδρικὴν,
3168 3002 3261 3051 καὶ
3294 2999 3393 3068 τὴν
3443 2999 3640 3069 τρίτην
3662 3000 3780 3053 τῶν
3825 3000 3915 3070 ήδη

2328 3088 2651 3157 ἀρξαμένων
2683 3091 3021 3143 πολιοῦσθαι.
3078 3091 3251 3143 Ὀταν
3296 3086 3389 3143 οὖν
3445 3093 3502 3143 ἐν
3524 3091 3605 3160 τῷ
3636 3093 3814 3162 γήρᾳ,
3851 3090 3920 3158 τῷ

647 3181 982 3251 ρωηίιειιιίσι
1019 3182 1186 3234 vitam
1218 3191 1439 3249 propter
1471 3180 1751 3234 Christum
1786 3181 2135 3249 accipientes,
2169 3188 2220 3231 et

2329 3181 2498 3249 τρίτῳ
2521 3179 2654 3242 ἔτει,
2685 3181 2746 3233 ού
2779 3181 2964 3252 δῶμεν
2994 3183 3266 3252 καρποὺς,
3301 3183 3395 3234 καὶ
3429 3182 3510 3236 ἔτι
3546 3183 3919 3254 συγχωρηθῶ-

645 3272 841 3327 deinde
866 3273 1031 3326 etiam
1063 3282 1189 3325 tunc
1225 3276 1536 3334 mentimur,
1571 3287 1677 3326 non
1723 3273 1861 3325 ultra
1896 3271 2050 3326 nobis
2095 3287 2218 3340 par-

642 3374 729 3418 cet
771 3362 1048 3426 Dominus,
1081 3365 1174 3418 sed
1203 3364 1434 3428 excidet,
1467 3375 1523 3417 ut
1570 3380 1637 3418 ne
1664 3363 1860 3418 frustra
1893 3379 2224 3433 occupemus

645 3465 871 3518 terram,
945 3464 996 3508 et
1065 3454 1200 3508 alios
1252 3453 1604 3509 offendamus.
1667 3455 1736 3510 Et
1789 3459 1900 3510 luce
1954 3457 2224 3524 expositio

642 3550 919 3619 proposito
955 3550 1120 3602 textui
1153 3563 1390 3603 consona
1433 3549 1561 3601 mihi
1598 3552 1826 3602 videtur.

715 3811 874 3864 Vens.
921 3808 1100 3862 10-17.
1152 3827 1169 3858 ι
1222 3808 1455 3862 Ducebat
1506 3820 1684 3862 autem
1735 3812 1783 3861 iu
1838 3826 1940 3863 una
1989 3825 2222 3879 synago-

641 3921 832 3972 garum
872 3899 1140 3956 Sabbatis'
1174 3923 1186 3959 :
1216 3913 1268 3956 et
1305 3918 1429 3956 erce
1453 3905 1645 3957 mulier
1693 3920 1813 3974 quae
1845 3904 2076 3959 habebat
2109 3905 2222 3973 spi-

642 3999 804 4050 ritum
826 3996 1159 4050 infirmitatis
1191 3998 1347 4050 annis
1372 3999 1558 4049 decent
1591 4008 1643 4049 et
1673 4007 1816 4060 octo,
1840 4007 2064 4066 eratque
2093 4013 2222 4050 eon-

641 4096 835 4150 tracta,
872 4101 973 4139 nec
1019 4087 1240 4138 omnino
1292 4096 1499 4153 poterat
1537 4087 1748 4156 erigere
1799 4097 1962 4155 caput
2016 4103 2221 4156 :qunttt

641 4197 762 4231 rum
799 4180 1006 4232 videret
1035 4178 1211 4240 Jesus,
1245 4182 1460 4231 vocavit
1490 4195 1607 4233 eam
1651 4183 1716 4233 ad
1759 4197 1838 4244 se,
1871 4192 1923 4233 et
1961 4182 2037 4234 ait
2092 4182 2164 4235 illi
2205 4200 2216 4234 :

646 4271 858 4330 Mulier.
893 4271 1120 4324 liberata
1155 4285 1214 4322 es
1242 4273 1308 4321 ab
1343 4271 1656 4325 infirmitate
1704 4283 1815 4325 tua.
1856 4273 1919 4325 Et
1965 4275 2220 4343 imposuit

644 4363 718 4415 illi
749 4378 966 4425 manus,
997 4371 1052 4416 et
1088 4360 1373 4415 confestim
1407 4374 1589 4416 erecta
1619 4373 1737 4424 est.
1790 4376 1845 4419 et
1882 4366 2221 4433 glorificabat

644 4459 832 4508 Deum.
889 4453 1243 4522 Respondens
1292 4467 1474 4507 autem
1512 4457 1769 4525 princeps
1803 4454 2105 4527 Synagogre
2139 4459 2223 4511 in—

2326 3290 2427 3342 μεν
2457 3273 2621 3341 ζῆσαι
2651 3275 2788 3344 πρὸς
2832 3276 2892 3327 τὺ
2928 3275 3250 3346 περιϐαλεῖν
3293 3276 3521 3347 κόπρια,
3577 3278 3679 3346 τὴν
3720 3278 3922 3346 ἄτιμον

2321 3366 2412 3419 διά
2447 3367 2682 3436 Χριστὸν
2727 3367 2871 3438 ζωὴν
2921 3369 3366 3442 ἐπανῃρημένοι,
3420 3365 3542 3422 εἶτα
3599 3371 3701 3423 καὶ
3753 3370 3922 3432 οὕτως

2323 3455 2662 3525 ψευσόμεθα.
2717 3458 2816 3509 οὐκ
2851 3457 2932 3510 ξτι
2970 3461 3220 3527 φείσεται
3261 3461 3420 3531 ἡμῶν
3458 3464 3486 3514 ὁ
3536 3462 3780 3531 Κύριος,
3816 3461 3921 3516 ἀλλ’

2323 3545 2579 3615 ἐκκόψει,
2617 3546 2702 3598 ἵνα
2754 3549 2830 3616 μὴ
2880 3551 3254 3622 καταργῶμεν
3294 3553 3390 3620 τὴν
3428 3555 3533 3621 γῆν
3586 3554 3686 3606 καὶ
3738 3555 3925 3615 ἄλλους

2325 3640 2671 3706 βλάπτοντες.
2719 3638 2866 3707 Α’ύτη
2922 3644 2951 3711 ἡ
2985 3643 3248 3712 ἐξήγησις
3281 3645 3430 3696 δοκεῖ
3456 3660 3548 3714 μοι
3577 3640 3725 3699 εἶναι
3759 3663 3927 3716 προσ-

2325 3731 2594 3802 φυεστέρα
2623 3732 2698 3800 τῷ
2731 3733 2918 3802 σκοπῷ
2947 3734 3022 3803 τῷ
3057 3738 3427 3806 προκειμένῳ.

2401 3844 2417 3871 ι
2461 3819 2569 3876 Ἤν
2608 3824 2662 3877 δὲ
2721 3825 2989 3879 δ·δάσκων
3035 3831 3092 3880 ἐν
3151 3831 3252 3898 μιᾷ
3305 3828 3415 3882 τῶν
3465 3833 3827 3900 συναγωγῶν
3879 3833 3930 3884 ὲν

2324 3917 2433 3976 τοῖς
2488 3917 2763 3969 Σάεόασιε
2819 3922 2915 3970 καὶ
2971 3921 3080 3974 ἰδοὺ
3129 3923 3265 3992 γυνὴ
3323 3918 3390 3991 ἦν
3455 3925 3676 3994 πνεῦμα
3737 3926 3933 3994 ἔχουσα

2327 4006 2612 4070 ἀσθενεέας
2648 4008 2740 4079 ἐτη
2773 4010 2905 4062 δέκα
2934 4016 3027 4065 καὶ
3053 4013 3222 4075 ὀκτὼ,
3265 4017 3372 4068 καὶ
3407 4011 3476 4085 ἦν
3506 4018 3930 4084 συγκύπτουσα.

2326 4099 2421 4152 καὶ
2463 4099 2538 4168 μὴ
2589 4099 2864 4172 δυναμένη
2900 4104 3180 4174 ἀνακύψαι
3227 4107 3307 4170 εἰς
3343 4108 3406 4160 τὸ
3456 4109 3782 4175 παντελὲς
3819 4110 3934 4163 ίδὼν

2322 4190 2378 4242 δὲ
2412 4191 2584 4261 αὐτὴν
2623 4193 2650 4244 6
2698 4194 2914 4263 Ἰησοῦς
2953 4199 3371 4269 προσεφώνησε,
3415 4203 3510 4254 καὶ
3555 4197 3727 4256 εἶπεν
3764 4204 3932 4272 αὐτῇο

2325 4282 2513 4347 Γύναι,
2552 4285 2887 4341 ἀπολέλυσαι
2915 4291 3010 4359 τῆς
3042 4291 3331 4357 ἀσθενείας
3360 4311 3454 4347 σου
3479 4311 3492 4325 ·
3530 4297 3629 4348 καλ⁵
3658 4297 3936 4365 ἐπέθηκεν

2324 4376 2460 4446 αὐτῇ
2503 4376 2600 4439 τὰς
2640 4382 2866 4448 χεῖρας,
2912 4384 3006 4435 καὶ
3037 4388 3389 4456 παραχρῆμα
3436 4389 3798 4461 ἀνωρθώθη,
3851 4396 3936 4444 καὶ

2325 4471 2538 4537 ἐδόξαζε
2586 4474 2677 4525 τὸν
2709 4474 2866 4528 Θεόν.
2907 4476 3261 4548 Ἀποκριθεὶς
3303 4480 3359 4533 δὲ
3400 4483 3428 4534 ὁ
3469 4483 3937 4554 ἀρχισυνάγωγος

639 4546 871 4614 dignaris
892 4546 1034 4612 quod
1060 4544 1300 4598 Sabbato
1319 4557 1560 4598 sanasset
1582 4543 1764 4609 Iesus,
1785 4548 2000 4600 dicebat
2027 4550 2215 4601 turbze:

2330 4565 2673 4629 ἀγανακτῶν,
2703 4568 2784 4618 ὅτι
2808 4568 2886 4638 τῷ
2924 4569 3190 4642 Σαϐϐάτῳ
3223 4572 3596 4644 ἐθεράπευσεν
3630 4580 3662 4630 6
3708 4579 3935 4649 Ἰησοῦς.

644 4641 748 4693 Sex
779 4639 894 4693 dies
921 4649 1044 4694 sunt
1076 4639 1127 4692 in
1157 4639 1352 4708 quibus
1377 4647 1591 4705 oportet
1619 4642 1832 4707 cperari
1871 4657 1883 4694 :
1915 4643 1966 4695 in
2001 4643 2067 4695 iis
2090 4657 2243 4710 ergo-

647 4733 824 4784 venite
855 4741 913 4782 ut
945 4732 1208 4785 sanemini
1228 4771 1242 4794 ,
1274 4741 1326 4784 et
1357 4746 1462 4784 non
1492 4732 1544 4785 in
1573 4731 1658 4784 die
1685 4733 1928 4789 Sabbati.
1975 4733 2220 4806 Respon-

642 4827 776 4878 deus
809 4834 989 4877 autem
1034 4825 1100 4878 ad
1141 4823 1288 4877 illum
1336 4823 1597 4879 Dominus
1646 4827 1783 4881 dixit
1821 4846 1834 4879 :
1892 4827 2218 4898 llypocrita,

643 4919 1016 4988 unusquisque
1047 4927 1284 4972 vestrum
1319 4915 1557 4972 Sabbato
1597 4935 1775 4975 nonne
1824 4924 1987 4974 solvit
2031 4925 2220 4977 bovem

642 5027 799 5064 suum
853 5019 949 5064 aut
999 5010 1212 5065 asinum
1259 5026 1291 5066 a
1325 5012 1576 5083 praesepi,
1628 5024 1681 5068 et
1731 5015 1881 5068 ducit
1928 5017 2224 5084 aquatum?

644 5103 795 5156 llanc
827 5113 1007 5156 autem
1039 5102 1202 5157 tiliam
1242 5104 1474 5159 Abrahae
1495 5144 1511 5169 ,
1537 5121 1697 5174 quam
1722 5106 1965 5178 alligavit
1990 5108 2222 5165 Satanas

641 5209 770 5250 ecce
809 5196 993 5250 decem
1041 5206 1094 5249 ct
1142 5204 1266 5251 octo
1319 5197 1513 5259 annis,
1557 5212 1663 5251 non
1713 5200 1958 5267 oportuit
2013 5199 2146 5253 solvi
2191 5215 2221 5253 a

644 5287 856 5342 vinculo
928 5287 1031 5342 isto
1078 5288 1166 5344 die
1217 5288 1477 5343 Sabbati?
1520 5288 1586 5342 Et
1636 5305 1758 5345 cum
1807 5292 1922 5347 haec
1979 5291 2218 5356 diceret,

638 5380 1034 5435 erubescebant
1061 5396 1249 5436 omnes
1302 5383 1599 5437 adversarii
1641 5383 1795 5452 ejus,
1837 5395 1891 5440 et
1917 5386 2095 5440 omnis
2126 5401 2222 5456 po-

642 5472 800 5541 pulus
830 5470 1100 5540 gaudebat
1126 5486 1289 5540 super
1321 5473 1594 5527 universis
1622 5489 1740 5542 quae
1759 5476 1994 5545 gloriose
2022 5477 2224 5533 fiebant

640 5566 707 5618 nl)
739 5579 830 5617 eo.
872 5583 892 5615 ι
935 5564 1148 5618 Morbus
1190 5565 1278 5620 ille
1318 5566 1531 5619 mulieri
1565 5567 1777 5623 diabolo
1827 5568 2096 5642 aliiigeute
2127 5589 2219 5628 ac-

639 5657 877 5719 ciderat,
912 5656 1052 5709 sicut
1087 5667 1140 5710 et
1174 5657 1430 5713 Dominus
1464 5657 1621 5724 dicit,
1651 5675 1812 5730 quam
1848 5664 2089 5734 alligavit
2119 5665 2204 5719 Sa.

643 5759 797 5802 tonas
827 5749 1012 5802 decem
1056 5759 1110 5803 et
1142 5761 1266 5804 octo
1314 5755 1491 5809 annis.
1540 5753 1672 5807 Nam
1705 5754 1952 5812 fortassis
1998 5772 2220 5827 propter

641 5851 861 5909 peccata
913 5842 1233 5897 derelictam
1269 5859 1295 5897 ιι
1331 5845 1438 5901 Deo
1474 5847 1678 5915 pttttit‘it
1732 5849 1980 5905 Satanas.
2023 5851 2216 5911 Omnia

2331 4657 2484 4724 ἔλεγε
2517 4658 2593 4724 τῷ
2635 4658 2808 4728 ὄχλῳ·
2861 4659 2960 4724 Ἓξ
2994 4663 3199 4733 ἡμέραι
3239 4667 3395 4729 εἰσιν,
3429 4668 3486 4719 ὲν
3519 4663 3608 4731 αἷς
3647 4672 3741 4724 δεῖ
3779 4678 3936 4743 εργὰ-

2332 4750 2540 4812 ζεσθαι·
2579 4751 2638 4803 ἐν
2673 4751 2905 4815 ταύταις
2936 4752 3030 4806 οὖν
3068 4755 3358 4825 ἐρχόμενοι
3395 4757 3813 4832 θεραπεύεσθε,
3857 4769 3934 4817 καῖ

2334 4844 2408 4912 μὴ
2437 4845 2503 4912 τῇ
2543 4843 2727 4915 ἡμέρᾳ
2780 4843 2875 4897 τοῦ
2927 4845 3232 4903 Σαϐϐάτου.
3271 4849 3580 4923 Ἀπεκρίθη
3619 4855 3685 4909 δὲ
3742 4859 3939 4927 αὑτιῖέό

2332 4937 2537 5006 Κύριος
2561 4976 2575 5000 ,
2613 4938 2706 4989 καὶ
2747 4932 2925 4990 εἶπενο
2973 4937 3308 5010 ’Υποκριτά,
3358 4943 3592 5008 ἕκαστος
3662 4949 3830 5020 ὑμῶν
3871 4948 3938 5017 τῷ

2331 5028 2598 5096 Σαὸὁάτῳ
2627 5028 2688 5081 ού
2722 5028 2841 5082 λύει
2889 5030 2982 5083 τὸν
3032 5031 3162 5102 βοῦν
3201 5033 3368 5088 αὑτοῦ
3392 5075 3408 5098 ,
3443 5036 3479 5109 ἢ
3530 5037 3631 5091 τὸν
3668 5041 3800 5096 ὄνον
3842 5044 3940 5096 ἀπὸ

2329 5121 2429 5189 τῆς
2487 5121 2721 5192 φάτνης,
2767 5127 2862 5176 καὶ
2911 5123 3224 5192 ἀπαγαγὼν
3280 5126 3534 5193 ποτίζεις
3593 5130 3838 5206 Ταύτην
3889 5134 3940 5186 δὲ

2331 5212 2610 5284 θυγατέρα
2651 5215 2906 5285 Ἀϐραὰμ
2936 5215 3126 5283 οὖσαν,
3161 5219 3227 5289 ῆν
3261 5218 3454 5290 ἔδησεν
3485 5221 3514 5274 6
3541 5221 3815 5291 Σατανᾶς
3839 5227 3937 5280 ἰδοὺ

2327 5305 2463 5359 δέκα
2493 5307 2592 5360 καὶ
2623 5306 2769 5360 ὀκτὼ
2792 5307 2910 5378 ἐτη,
2941 5309 3044 5363 οὐκ
3071 5309 3182 5365 ἔδει
3209 5311 3442 5382 λυθῆναι
3463 5315 3580 5370 ἀπὺ
3593 5318 3706 5372 τοῦ
3739 5318 3937 5390 δεσμοῦ

2329 5398 2520 5452 τούτου
2563 5401 2629 5470 τῇ
2659 5401 2845 5472 ἡμέρᾳ
2874 5402 2970 5455 τοῦ
2995 5403 3308 5472 Σαδδάτους
3339 5405 3449 5458 Καὶ
3471 5409 3663 5465 ταῦτα
3693 5413 3940 5482 λέγοντος

2328 5493 2526 5559 αὑτοῦ,
2563 5495 2972 5568 κατῃσχύνοντο
2999 5498 3202 5563 πάντες
3237 5500 3286 5552 οἱ
3326 5501 3728 5574 ἀντικείμενοι
3767 5509 3934 5578 αὐτῷ.

2330 5588 2423 5641 καὶ
2471 5589 2578 5652 πᾶς
2634 5589 2662 5642 6
2702 5588 2860 5659 ὄχλος
2905 5590 3130 5661 ἔχαιρεν
3171 5591 3265 5645 ἐπὶ
3321 5595 3459 5646 πᾶσι
3515 5597 3644 5663 τοῖς
3711 5601 3939 5669 ινςόξοις

2327 5680 2437 5742 τοῖς
2472 5680 2782 5750 γινομένοις
2822 5682 2913 5734 ὑπ’
2957 5682 3150 5738 αὑτοῦ.
3199 5703 3218 5736 ι
3267 5682 3359 5750 Ἐξ
3389 5686 3680 5759 ἐπηρείας
3703 5693 3938 5748 διαϐολι-

2329 5769 2434 5836 κῆς
2465 5769 2525 5822 τὸ
2549 5770 2723 5844 πάθος
2747 5770 2908 5824 τοῦτο
2936 5776 3002 5843 τῇ
3036 5777 3259 5840 γυναικὶ
3287 5777 3520 5849 συνέϐη,
3559 5783 3730 5838 καθά
3759 5785 3827 5856 δὴ
3857 5783 3938 5836 καὶ

2329 5865 2354 5914 ὁ
2399 5863 2601 5934 Κύριός
2632 5870 2825 5934 φησιν·
2863 5868 2926 5935 ἦν
2959 5867 3147 5935 ἴδησςν
3181 5869 3208 5920 ὁ
3242 5870 3487 5936 Σατανᾶς
3524 5871 3630 5945 ἔτη
3676 5877 3818 5932 δέκα
3855 5878 3934 5929 aui
4012 5877 4013 5946 ι
