4048 6522
212 441 316 509 917

925 437 1374 498 ENARRATIO
1414 438 1490 496 IN
1541 438 2050 502 EVANGELIUM
2090 439 2328 502 LUC.E.
2355 465 2428 479 -
2458 438 2620 499 CAl'.
2651 436 2828 498 XIII.

3439 430 3549 497 918

212 554 384 609 ὀκτώ.
461 553 624 612 Ἴσως
679 547 790 619 γὰρ
859 546 952 599 διὰ
1013 545 1339 616 πταίσματά
1397 565 1521 601 τινα
1579 549 1822 616 ἔγκατα..

1933 550 2080 605 enim
2111 552 2254 605 mala
2279 527 2537 605 humanis
2561 547 2890 616 corporibus
2917 544 3088 600 Salan
3113 543 3302 610 infert,
3328 547 3546 615 quando

211 646 530 715 λειφθείσαν
557 646 665 698 ὑπὸ
697 643 834 697 Θεοῦ
870 644 1200 714 ἐτιμωρεῖτο
1226 644 1254 695 6
1299 637 1567 707 Σατανᾶς.
1603 644 1819 715 Παραί-

213 761 332 806 τιος
361 743 472 814 γάρ
523 744 641 794 ἐστι
682 741 799 804 τοῖς
841 739 951 792 τῶν
985 736 1298 807 ἀνθρώπων
1347 736 1565 807 σώμασι
1598 740 1818 793 πάντων

213 837 324 890 τῶν
355 834 639 905 δυσχερῶν
667 876 681 897 ,
718 835 848 886 ὅταν
885 830 1094 886 ἄνωθεν
1139 831 1292 900 παρά
1338 831 1477 884 Θεοῦ
1525 843 1818 905 συγχωρη-

215 930 370 998 θείη·
410 928 534 980 ἐπεὶ
571 928 667 980 καὶ
707 926 766 988 ἐξ
815 924 995 995 ἀρχῆς
1022 924 1192 985 αὐτὸς
1220 925 1354 993 ἡμῖν
1394 923 1658 992 πρόξενος
1697 926 1823 992 ὲγε-

214 1022 362 1088 γόνει
433 1019 528 1072 τοῦ
599 1019 855 1070 ἐκπεσεῖν
925 1019 1024 1086 μὲν
1083 1016 1182 1086 τῆς
1216 1015 1578 1085 ἀφθαρσίαςν
1655 1013 1823 1091 ἐφῇ

215 1111 572 1180 ἐκτίσθημεν,
620 1110 830 1180 νοσερῷ
870 1109 927 1162 δὲ
977 1110 1191 1178 σώματι
1239 1109 1332 1166 καὶ
1359 1108 1552 1161 παθῶν
1586 1109 1822 1180 δεκτικῷ

217 1202 618 1272 προσδεθῑψαι·
653 1205 779 1266 τοὺς
813 1200 1178 1272 δερματίνους
1219 1202 1329 1270 γὰρ
1380 1202 1618 1270 χιτῶνας
1658 1201 1819 1255 τοῦτο

215 1295 448 1363 νοοῦμεν
496 1295 735 1357 πάντως.
778 1296 834 1347 '0
885 1295 1069 1364 μέντοι
1103 1294 1308 1362 Κύριος
1361 1294 1818 1368 θεοπρεπεστὰτῃ

217 1390 372 1457 φωνῇ
425 1388 522 1439 καὶ
577 1385 828 1451 ἐξουσίας
869 1386 1121 1458 γεμούσῃ
1168 1387 1268 1454 τῆς
1314 1387 1575 1453 γυναικὸς
1610 1387 1820 1456 ταύτης

213 1479 313 1547 τὴν
362 1479 518 1531 νόσον
569 1477 808 1529 ἐλαύνει.
857 1477 1166 1547 Ἐπιτίθησι
1224 1476 1281 1529 δὲ
1339 1478 1573 1540 καὶτὰς
1625 1481 1819 1548 χεῖρας

217 1571 358 1640 αὐτῇ
382 1612 395 1633 ,
431 1570 518 1622 ἵνα
557 1568 856 1637 μάθωμεν,
887 1571 970 1620 ὅτι
1011 1568 1110 1638 τὴν
1141 1567 1235 1619 τοῦ
1281 1568 1443 1633 λόγου
1480 1568 1713 1636 δύναμίν
1760 1587 1820 1622 τε

214 1662 309 1712 καὶ
344 1661 628 1730 ἐνέργειαν
667 1661 698 1727 ἡ
739 1657 870 1726 ἁγία
920 1660 1202 1730 πεφόρηκε
1235 1659 1372 1727 σάρξ
1399 1676 1413 1690 °
1458 1660 1564 1713 ίὸία
1601 1660 1713 1730 γὰρ
1751 1657 1820 1731 ἧν

212 1751 408 1816 αὐτοῦ,
441 1755 535 1805 καί
567 1753 665 1822 οὐχ
703 1753 893 1822 ἑτέρου
923 1753 1072 1815 τινος
1101 1752 1235 1822 παρ’
1261 1753 1426 1805 αὐτὸν
1459 1753 1613 1816 ὄντος
1645 1772 1816 1806 κατα-

218 1845 386 1912 μόνας
435 1846 530 1896 καὶ
596 1844 1024 1906 ίδιοῦποστάτως
1066 1845 1506 1914 κεχωρισμένου,
1561 1847 1704 1899 καθὰ
1753 1847 1816 1916 δη

211 1937 494 2005 Νεστορίῳ
522 1937 598 2005 τῷ
647 1936 902 1988 δυσσεϐεῖ
930 1937 1097 1989 δοκεῖ.
1157 1937 1221 1989 'II
1251 1938 1348 2007 μὲν
1396 1937 1488 1990 οῦν
1540 1938 1818 2006 ἀγαθὸτης

211 2028 309 2081 τοῦ
351 2028 556 2100 Κυρίου
599 2028 848 2097 τοιαύτη,
913 2034 1008 2082 καὶ
1062 2028 1209 2082 οῦτω
1249 2031 1309 2082 τὸ
1353 2031 1553 2084 οἰκεῖον
1593 2033 1822 2102 πλάσμα

218 2121 470 2192 ἠλέησεν.
537 2124 594 2172 '0
627 2123 684 2174 δὲ
733 2123 792 2188 ἐξ
842 2124 1017 2193 ἀρχῆς
1081 2123 1180 2191 τὴν
1236 2125 1474 2190 γυναῖκα
1534 2125 1822 2194 δεσμήσας

213 2205 483 2278 Σατανᾶς,
530 2215 829 2286 ἀχθόμενος
861 2220 928 2286 τῇ
957 2215 1168 2286 ταύτης
1199 2215 1375 2279 λύσει,
1406 2211 1494 2269 οἷα
1526 2216 1698 2268 θέλων
1727 2219 1821 2269 ἐπὶ

213 2309 379 2360 πλέον
415 2306 810 2376 κακουχεῖσθαι
839 2307 1033 2375 αὐτὴν,
1071 2308 1265 2376 δεσμεῖ
1295 2307 1385 2359 τὸν
1429 2308 1821 2377 ἀρχισυνάγω-

212 2416 310 2464 γον
357 2397 438 2466 τῷ
497 2397 700 2466 φθόνῳ,
745 2399 841 2450 καὶ
874 2398 960 2449 διᾶ
1006 2400 1100 2450 τοῦ
1148 2398 1418 2468 στόματος
1467 2398 1660 2450 τούτου
1719 2402 1819 2450 ὲπα

212 2493 445 2560 ηρεαζει
475 2491 552 2560 τῷ
578 2489 840 2560 θαύματι·
865 2491 1038 2553 οῦτως
1061 2491 1170 2561 ἄρα
1200 2490 1479 2560 πανταχοῦ
1498 2493 1608 2553 τοῖς
1634 2492 1818 2554 καλοῖς

213 2585 542 2638 ἐπιτίθεται.
595 2585 926 2651 Ἀγανακτεῖ
966 2584 1058 2639 οῦν
1092 2587 1173 2637 ὅτι
1212 2587 1268 2637 ἐν
1299 2586 1567 2655 Σαϐϐάτῳ
1598 2589 1629 2654 ἡ
1660 2587 1823 2654 Οεραο

213 2677 348 2729 πεία
397 2676 612 2744 γέγονε,
649 2679 708 2729 ὃν
748 2679 776 2728 6
805 2677 1012 2748 Κύριος
1069 2681 1419 2750 χαριεστάτῳ
1449 2681 1819 2750 ὑποδείγματι

213 2769 329 2821 τῶν
371 2769 588 2834 ἀλόγων
639 2768 796 2832 ζώων
857 2772 1104 2840 ἐλέγχει·
1161 2772 1289 2824 ὅθεν
1333 2774 1394 2824 οὔ
1455 2773 1626 2843 μόνος,
1658 2775 1825 2838 αὐτὸς

215 2867 330 2926 τοῖς
362 2863 632 2925 τοιούτοις
661 2864 867 2929 λόγοις,
908 2865 1047 2918 ἀλλὰ
1077 2865 1174 2917 καὶ
1210 2865 1419 2928 πάντες
1460 2867 1510 2918 οί
1545 2866 1698 2920 ἄλλοι
1727 2871 1824 2922 ἀν-

211 2958 520 3026 τικείμενοι
550 2956 628 3025 τῷ
674 2958 851 3026 Ἰησοῦ
881 2958 990 3010 ἀπὸ
1029 2957 1140 3010 τῶν
1181 2957 1356 3025 λόγων
1390 2960 1821 3030 κατῃσχύνοντο.

214 3051 354 3104 Δίαν
415 3051 524 3120 γὰρ
571 3045 639 3120 ἦν
689 3051 916 3118 ἀνόητον
980 3051 1042 3103 τὸ
1096 3051 1341 3104 κωλύειν
1410 3051 1824 3123 θεραπευθῆναι

212 3142 506 3210 ἄνθρωπον
541 3142 599 3193 ἐν
651 3141 940 3210 Σαϐϐάτῳ,
987 3142 1077 3194 διὰ
1114 3142 1215 3212 τὴν
1266 3143 1471 3213 ἀργίαν
1512 3142 1677 3212 δῆθεν
1723 3145 1824 3214 τὴν

212 3232 322 3285 ὑπὸ
366 3232 462 3284 τοῦ
507 3232 675 3300 νόμον
719 3231 796 3303 τῷ
839 3232 1105 3303 Σαϐϐάτῳ
1153 3233 1682 3302 προστεταγμένηνί
1757 3236 1822 3288 Ol
1854 3261 1891 3314 (ς

216 3325 321 3396 μὲν
349 3321 443 3380 οὖν
474 3326 842 3394 ἀντικείμενοι
871 3325 950 3396 τῷ
988 3325 1163 3396 Ἰησοῦ
1193 3327 1302 3378 ἀπὸ
1338 3326 1444 3379 τῶν
1475 3325 1654 3395 λόγων
1682 3344 1808 3381 κατ-

215 3419 551 3492 ῃσχύνοντο,
603 3421 654 3472 οἱ
711 3419 766 3471 δὲ
799 3419 946 3488 ὄχλοι
983 3419 1202 3490 ἔχαιρον
1234 3419 1327 3471 ἐπὶ
1358 3423 1472 3482 τοῖς
1504 3419 1712 3489 ἔργοις,
1745 3421 1821 3484 ὼς

217 3515 423 3566 ἐκεῖνοί
454 3530 517 3580 γε
548 3516 658 3572 τοῖς
703 3512 887 3580 ἔργοις
918 3512 1018 3564 οὐκ
1050 3511 1296 3581 ἔχαιρον,
1338 3512 1453 3564 ἀλλ’
1499 3515 1825 3584 ἐξετήκοντο

215 3605 768 3674 θαυματουργοῦντος
821 3604 914 3658 τοῦ
970 3606 1234 3676 Χριστοῦ.
1283 3608 1345 3658 Ut
1405 3606 1460 3659 δὲ
1515 3607 1610 3660 τοῦ
1661 3606 1821 3677 ὄχλου

214 3693 308 3751 οἶα
371 3698 747 3767 ὠφελούμενοι
801 3701 864 3750 ὲκ
892 3697 1003 3752 τῶν
1034 3699 1306 3767 σημείων,
1345 3699 1590 3769 ἔχαιρον,
1624 3702 1824 3753 ίάσεων

213 3792 609 3854 ἀπολαύοντες.
646 3791 834 3844 Ταῦτα
866 3793 922 3844 δέ
953 3811 1043 3862 μοι
1073 3793 1322 3861 ὶάμϐανε
1351 3795 1417 3847 τὰ
1444 3794 1703 3861 θαύματα
1731 3795 1824 3849 καὶ

214 3882 312 3933 ἐπὶ
343 3881 431 3932 τὸν
467 3881 618 3942 ἐντὸς
673 3881 994 3947 ἄνθρωπονο
1041 3882 1350 3948 συγκύπτει
1396 3887 1506 3951 γὰρ
1557 3890 1594 3953 r‘,
1640 3887 1818 3956 ψυχὴ,

215 3976 350 4028 ὅταν
396 3977 490 4026 ἐπὶ
534 3974 635 4036 τὰς
689 3975 891 4042 γηῖνας
947 3975 1117 4042 μόνας
1168 3975 1459 4044 φροντίδας
1517 3978 1667 4048 νεύῃ,
1730 3978 1825 4030 καὶ

219 4067 391 4139 μηδὲν
425 4066 674 4134 οὐράνιον
712 4067 742 4134 ἦ
801 4066 943 4118 θεῖον
988 4067 1368 4136 φαντὰζηται·
1418 4067 1499 4119 διὸ
1537 4071 1628 4119 καὶ
1679 4069 1824 4121 ὀκτὼ

215 4161 317 4214 καὶ
349 4159 483 4213 δέκα
504 4160 600 4223 ἐτη
635 4162 813 4211 νοσεῖν
843 4159 1082 4226 λέγεται.
1112 4161 1284 4213 Ὀταν
1314 4161 1423 4230 γάρ
1457 4179 1542 4222 τις
1568 4165 1697 4231 περὶ
1721 4163 1822 4232 τὴν

213 4258 453 4325 τήρησιν
493 4254 599 4306 τῶν
648 4253 880 4305 ἐντολιίν
927 4254 1020 4305 τοῦ
1051 4253 1198 4306 θείου
1222 4256 1435 4331 ργόμου,
1474 4256 1680 4319 αἵτινές
1716 4257 1823 4307 είσι

209 4348 374 4409 δέκα,
405 4348 497 4399 καὶ
527 4345 660 4415 περὶ
683 4347 784 4416 τὴν
814 4344 1008 4398 ἐλπίδα
1034 4345 1128 4398 τοῦ
1158 4347 1347 4414 ὀγδόου
1371 4349 1568 4410 αἰῶνος
1595 4349 1822 4419 ἀσθενῇ,

214 4440 352 4493 δέκα
386 4440 482 4491 καὶ
512 4437 661 4490 ὀκτὼ
695 4439 790 4509 ἐτη
821 4439 1162 4505 συγκύπτειν
1197 4440 1452 4509 λέγεται·
1498 4443 1527 4510 ἧ
1560 4443 1659 4513 οὐχ
1685 4444 1714 4496 6
1753 4445 1821 4514 τῇ

215 4535 291 4603 γῇ
329 4533 762 4602 προεκείμενος.
811 4532 905 4586 καὶ
947 4534 1286 4604 ἁμαρτάνων
1317 4535 1405 4588 ἀεὶ
1445 4536 1544 4598 τὰς
1578 4554 1635 4589 τε
1671 4537 1822 4589 toto-

1930 641 1980 695 ei
2032 656 2062 694 a
2108 642 2340 696 Domino
2383 640 2724 711 permittitur
2755 655 2775 696 :
2824 637 3273 708 quandoquidem
3305 637 3466 692 nobis
3493 649 3548 693 et

1932 733 2000 786 ab
2039 731 2200 787 initio
2228 743 2422 788 anetor
2473 733 2573 786 fuit
2617 731 2785 803 387
2835 741 2892 785 ut
2926 730 2996 786 ab
3049 730 3462 800 incorruptione
3493 731 3548 786 In

1929 840 2039 894 qua
2077 827 2284 881 conditi
2316 825 2544 890 fuimus,
2574 826 2982 888 excideremns,
3010 833 3066 878 et
3093 822 3312 877 infirmo
3341 823 3548 893 passio-

1930 934 2172 988 nninque
2196 918 2389 988 capaci
2431 920 2651 986 corpori
2705 918 2911 986 alligati
2939 933 3214 972 essemus.
3250 915 3365 973 Iloc
3397 918 3545 972 enim

1931 1027 2029 1079 per
2064 1011 2324 1082 pelliceas
2356 1013 2574 1066 tunicas
2601 1011 2980 1080 intelligimus.
3018 1011 3090 1064 At
3119 1009 3382 1065 Dominus
3408 1026 3543 1066 voce

1929 1104 2044 1158 Deo
2079 1102 2404 1172 dignissima
2449 1110 2833 1172 potestateqne
2865 1103 3026 1172 plena
3048 1140 3065 1166 ,
3101 1101 3357 1157 mulieris
3387 1103 3550 1157 istius

1929 1197 2178 1250 morbum
2213 1195 2387 1264 fugat.
2423 1196 2660 1263 lmponit
2688 1204 2871 1248 autem
2894 1195 2942 1247 ei
2970 1203 3026 1247 et
3055 1208 3254 1248 manus
3288 1202 3347 1247 ut
3371 1192 3548 1248 disca-

1930 1305 2052 1345 mus
2097 1291 2240 1356 quod
2277 1289 2370 1342 Dei
2411 1302 2722 1343 sermonem
2752 1286 3128 1355 virtutemque
3173 1293 3226 1339 et
3260 1284 3540 1347 Operatio-

1929 1398 2052 1435 uem
2087 1391 2276 1435 sancta
2313 1395 2443 1433 caro
2492 1379 2769 1433 habuerit.
2802 1378 2912 1431 Sua
2953 1379 3098 1431 enim
3134 1375 3356 1444 propria
3405 1385 3544 1438 erat,

1925 1484 1980 1527 et
2024 1488 2131 1526 non
2177 1473 2408 1526 alterius
2440 1469 2746 1542 cuiuspiam
2782 1470 2888 1524 sibi
2939 1469 3288 1528 assistentis.
3325 1477 3381 1521 et
3422 1481 3548 1535 pro-

1931 1569 2166 1637 prietate
2217 1581 2470 1636 persouze
2527 1564 2810 1635 separati,
2871 1565 3016 1618 sient
3064 1563 3234 1630 impio
3289 1559 3547 1615 Nestorio

1927 1661 2163 1714 videtur.
2201 1660 2370 1728 Igitur
2399 1669 2551 1713 tanta
2582 1658 2805 1725 quidem
2851 1654 3070 1708 Domini
3104 1655 3450 1724 benignitas,
3487 1661 3546 1704 ut

1927 1752 2148 1823 proprio
2199 1752 2463 1822 figmento
2520 1750 2842 1804 misericors
2892 1756 3062 1802 esset.
3122 1745 3359 1798 Satanas
3415 1758 3547 1798 vero

1925 1847 2017 1915 qui
2056 1847 2211 1916 prius
2257 1845 2549 1899 mulierem
2593 1843 2939 1910 alligaverat,
2983 1840 3160 1895 morbi
3212 1838 3546 1892 solutionem

1928 1939 2142 2003 dolens,
2185 1946 2240 1991 et
2287 1953 2409 1990 eam
2456 1936 2691 2004 amplius
2740 1934 2983 2001 affligere
3031 1933 3299 2001 cupiens,
3354 1930 3545 1999 alligat

1928 2030 2232 2100 principem
2268 2029 2572 2099 Synagoga:
2607 2028 2832 2091 invidia,
2861 2037 2911 2081 et
2946 2043 3042 2097 per
3065 2042 3128 2080 os
3149 2026 3274 2094 ejus
3302 2024 3543 2077 miracu-

1931 2126 2040 2178 lum
2077 2123 2493 2179 calumniatur:
2552 2137 2704 2175 more
2753 2121 2900 2174 enim
2961 2135 3065 2174 suo
3129 2117 3290 2171 bonis
3343 2115 3547 2184 ubique

1931 2217 2181 2286 imponit.
2217 2216 2539 2285 Indignatur
2569 2230 2701 2284 ergo
2727 2211 2873 2282 quod
2911 2212 2963 2263 in
2992 2211 3238 2265 Sabbato
3269 2220 3496 2263 sanatur
3533 2233 3543 2266 ε

1931 2326 2095 2381 quem
2152 2310 2417 2362 Dominus
2475 2304 2863 2376 pulcherrimis
2927 2302 3197 2370 exemplis
3257 2301 3546 2354 brutorum

1927 2402 2248 2457 animalium
2291 2400 2492 2470 arguit.
2557 2399 2712 2454 Unde
2750 2413 2855 2450 non
2910 2397 3028 2465 ipse
3078 2405 3290 2450 tantum
3350 2391 3549 2447 talibus

1928 2493 2300 2555 sermonibus,
2356 2492 2450 2546 sed
2499 2500 2557 2545 et
2605 2505 2800 2543 ouiues
2831 2490 2922 2542 alii
2973 2488 3063 2556 qui
3105 2487 3545 2540 adiersabantut

1927 2588 2083 2649 Jesu,
2124 2587 2622 2641 confundebantur.
2671 2581 2882 2652 Magnae
2915 2585 3062 2636 enim
3097 2580 3347 2635 stultitia;
3387 2583 3547 2641 erat,

1930 2682 2224 2752 prohibere
2292 2680 2572 2734 hominem
2642 2677 2832 2732 sanari
2891 2676 2946 2729 in
3013 2674 3259 2728 Sabbato
3322 2681 3549 2739 propter

1929 2777 2100 2831 otium
2133 2773 2279 2845 quod
2313 2773 2493 2842 aliqua
2527 2787 2591 2826 ex
2640 2780 2794 2840 parte
2848 2771 2902 2822 in
2938 2767 3183 2822 Sabbato
3215 2767 3299 2820 lex
3335 2778 3547 2835 praece-

1931 2879 2108 2939 perat.
2149 2867 2323 2936 Igitur
2354 2868 2447 2935 qui
2479 2866 2920 2920 adversabantur
2947 2862 3101 2925 .Iesu,
3137 2859 3553 2915 confundeban-

1931 2971 2042 3015 tur.
2073 2959 2273 3013 Turba:
2307 2970 2494 3013 autem
2530 2959 2846 3028 gaudebant
2881 2955 2934 3009 in
2968 2952 3267 3024 operibus,
3304 2952 3446 3006 sicut
3471 2949 3549 3003 illi

1929 3054 2191 3123 operibus
2229 3068 2334 3106 non
2382 3053 2730 3124 gaudebant,
2782 3050 2876 3102 sed
2904 3046 3279 3108 insaniebant,
3328 3043 3552 3098 Christo

1933 3147 2169 3202 faciente
2197 3146 2487 3214 miracula.
2526 3149 2592 3198 At
2620 3144 2796 3198 tner
2842 3157 2908 3196 ex
2939 3136 3221 3194 miraculis
3251 3136 3553 3191 utilitatem

1931 3239 2324 3310 percipientes.
2377 3229 2725 3306 gaudebunt,
2771 3234 3013 3288 maxime
3044 3231 3189 3302 quod
3249 3228 3554 3286 sanationi-

1931 3335 2032 3388 bns
2063 3334 2407 3387 fruerentur.
2450 3329 2734 3399 Intelligas
2787 3335 2996 3392 autem,
3033 3339 3171 3390 oro,
3224 3322 3551 3378 miraculum

1931 3425 2077 3480 istud
2116 3425 2281 3479 etiam
2320 3424 2386 3478 de
2419 3425 2639 3476 interno
2689 3420 2938 3475 homine.
2991 3419 3324 3474 Incurvatur
3366 3415 3550 3470 anima

1931 3520 2152 3589 quando
2185 3519 2251 3572 ad
2308 3528 2561 3572 terrenas
2612 3525 2825 3570 tantum
2877 3529 3041 3569 curas
3081 3512 3296 3580 vergit,
3324 3520 3381 3566 et
3413 3508 3550 3564 nihil

1933 3614 2164 3669 caeleste
2202 3613 2283 3667 vel
2309 3613 2554 3667 divinum
2589 3625 2778 3666 secum
2820 3609 3080 3679 concipit.
3113 3605 3326 3661 Idcirco
3360 3606 3551 3660 decem

1935 3718 1985 3762 et
2023 3717 2150 3761 octo
2181 3707 2344 3759 annis
2377 3715 2650 3774 mgrotare
2697 3703 2924 3757 dicitur.
2973 3700 3206 3767 Quando
3247 3699 3396 3754 enim
3427 3698 3553 3766 quis

1935 3801 1986 3852 in
2023 3795 2416 3851 observatione
2448 3795 2838 3848 mandatorum
2870 3792 3067 3847 divinae
3097 3789 3236 3859 legis
3270 3803 3394 3859 qua:
3425 3795 3555 3843 sunt

1931 3892 2145 3956 decem,
2186 3898 2241 3944 et
2277 3888 2330 3942 in
2384 3903 2483 3958 spe
2517 3887 2700 3942 octavi
2737 3887 2922 3942 δευουιί
2957 3885 3212 3939 infirmus
3243 3881 3435 3947 fuerit,
3461 3881 3555 3935 de—

1931 3997 2049 4037 cem
2082 3991 2136 4036 et
2177 3991 2303 4037 octo
2338 3983 2499 4036 annis
2529 3980 2730 4035 dicitur
2763 3979 3065 4034 incurvari.
3115 3979 3314 4032 Annon
3363 3977 3556 4031 incur-

1931 4086 2095 4128 vatnr
2143 4084 2199 4128 et
2231 4072 2585 4126 contrahitur
2633 4072 2725 4140 qui
2775 4071 3018 4126 terrenis
3056 4070 3314 4124 addictus
3364 4075 3557 4140 peccat

1933 4180 2175 4237 semper,
2223 4165 2480 4220 mandata
2531 4166 2831 4235 reprobat,
2875 4172 2931 4218 et
2987 4162 3232 4217 futurum
3289 4160 3553 4216 sarculum

1933 4275 2040 4314 non
2128 4260 2464 4329 exspectat?
2528 4257 2636 4313 Sed
2722 4257 2993 4322 Dominus
3065 4256 3120 4310 in
3195 4254 3441 4309 Sabbato
3499 4261 3556 4308 et

1936 4351 2224 4423 Synagoga
2295 4359 2456 4405 sanat
2535 4349 2697 4404 talem
2758 4349 3026 4403 animam.
3095 4345 3331 4414 Quando
3404 4345 3555 4400 enim

1928 4442 2053 4511 quis
2101 4443 2154 4496 in
2201 4441 2385 4512 scipso
2441 4440 2650 4512 colligit
2709 4437 3077 4494 confessionis
3131 4436 3544 4507 cogitationes:

1929 4533 2100 4590 anlas
2150 4535 2296 4590 enim
2345 4535 2622 4589 confessio
2655 4532 2879 4603 dicitur,
2930 4542 2986 4586 et
3040 4530 3344 4585 Sabbatum
3379 4537 3555 4593 tenet,

214 4627 322 4688 λας
348 4626 553 4690 ἀθετεῖ,
587 4629 679 4680 καὶ
710 4627 802 4679 τὸν
837 4625 1109 4695 μέλλοντα
1137 4628 1313 4681 αίῶνα
1337 4629 1398 4680 οῦ
1428 4628 1822 4699 προσδέχεται;

1937 4626 2039 4682 hoc
2074 4635 2180 4692 est,
2217 4627 2451 4681 feriatur
2491 4642 2521 4681 a
2567 4626 2726 4680 malis
2765 4642 2778 4678 :
2817 4633 2950 4679 tunc
2994 4638 3120 4679 eum
3155 4633 3322 4678 sanat
3368 4620 3553 4688 Iesus,

215 4718 369 4773 Ἀλλ’
398 4721 426 4771 6
461 4719 665 4789 Κύριος
694 4721 753 4772 ὲν
781 4722 1045 4791 Σαϐϐάτῳ
1069 4722 1163 4774 καὶ
1192 4721 1496 4791 Συναγωγῇ
1524 4721 1824 4794 θεραπεύει

213 4811 322 4880 τὴν
374 4809 631 4880 τοιαύτην
670 4809 873 4880 ψυχήν.
927 4812 1101 4889 Ὅταν
1133 4815 1244 4882 γὰρ
1295 4812 1584 4882 συναγάγῃ
1631 4830 1714 4875 τις
1769 4815 1827 4866 ὲν

215 4901 408 4971 ἑαυτῷ
440 4902 568 4965 τοὺς
602 4902 701 4970 τῆς
759 4903 1206 4973 ἑξομολογήσεως
1236 4905 1536 4973 λογισμούς
1558 4921 1571 4936 ο
1623 4906 1826 4970 Ἰούδας

213 4999 334 5064 γὰρ
389 4995 784 5065 ἐξομολόγησις
831 4997 1093 5065 λέγεται’
1153 4996 1250 5049 καὶ
1300 4997 1583 5052 Σάϐϐατον
1631 4999 1824 5069 σχοίη,

212 5088 502 5142 τουτέστιν
532 5088 733 5158 ἀργίαν
763 5089 872 5141 ἀπὸ
919 5087 1028 5140 τῶν
1082 5089 1297 5154 κακῶν,
1343 5089 1466 5142 τότε
1521 5088 1821 5159 θεραπεύει

213 5182 389 5234 αὑτὸν
417 5183 445 5234 6
492 5181 725 5252 Ἰησοῦς,
745 5184 806 5234 ού
843 5184 986 5253 λόγῳ
1017 5183 1166 5253 μόνῳ
1199 5182 1375 5253 λέγων
1412 5184 1563 5255 αύτῷ
1593 5184 1821 5238 Ἀπολέ-

1941 4735 2047 4774 non
2079 4733 2337 4774 sermone
2375 4727 2588 4774 tantum
2633 4719 2828 4774 dicens
2860 4718 2911 4772 ei
2945 4736 2957 4771 :
3006 4716 3296 4772 Liberatus
3341 4725 3461 4769 esto
3485 4715 3557 4768 ab

1939 4815 2263 4870 infirmitate
2313 4824 2404 4870 tua
2459 4831 2474 4869 :
2529 4827 2627 4871 seu
2681 4826 2737 4871 et
2789 4829 2984 4891 manus
3036 4816 3346 4883 imponens.
3403 4809 3558 4881 Opus

1938 4910 2085 4965 enim
2141 4919 2227 4966 est
2283 4909 2444 4964 nobis
2493 4917 2552 4963 ut
2594 4908 2663 4963 ad
2711 4909 3056 4979 operanduin
3113 4922 3281 4978 opera
3332 4904 3556 4959 virtutis

1937 5001 2310 5070 suscipiamus
2343 5009 2400 5055 et
2429 5000 2742 5056 divinarum
2776 5015 3039 5055 manuum
3077 4995 3550 5066 cooperationem,

1937 5105 1994 5149 et
2037 5110 2145 5149 non
2183 5093 2495 5164 per'solnm
2541 5095 2770 5149 verbum
2801 5100 2856 5146 et
2903 5092 3304 5148 instructiones
3342 5089 3552 5144 erudiri

1936 5187 2204 5250 contenti,
2247 5196 2506 5257 putemus
2549 5201 2648 5241 nos
2688 5184 2982 5242 sanitatem
3019 5193 3372 5239 consecutos.

214 5275 386 5328 λυσαι
416 5273 517 5342 τῆς
555 5273 846 5338 ἀσθενείας
880 5291 998 5337 σου,
1066 5275 1204 5329 ἀλλὰ
1278 5280 1372 5330 καὶ
1437 5277 1538 5342 τὰς
1590 5281 1781 5349 χεῖρας
1845 5277 2061 5342 ἐπιθείς
2128 5279 2211 5332 δεῖ
2279 5277 2390 5350 γὰρ
2445 5279 2595 5350 ἡμᾶς
2656 5277 2754 5331 καὶ
2807 5275 2906 5346 τὴν
2960 5275 3070 5329 τῶν
3127 5277 3290 5330 θείων
3349 5274 3555 5347 χειρῶν

219 5365 524 5434 συνεργίαν
554 5366 692 5436 πρὸς
745 5368 806 5419 τὸ
845 5367 1110 5438 πράττειν
1143 5368 1214 5422 τὰ
1257 5369 1356 5437 τῆς
1415 5369 1616 5440 ἀρετῆς
1664 5369 1801 5440 ἔργα
1847 5370 2129 5438 δέξασθαι,
2166 5371 2262 5426 καὶ
2337 5372 2416 5444 μὴ
2477 5372 2568 5426 διὰ
2631 5373 2804 5440 λόγου.
2839 5372 3004 5443 μόνου
3045 5371 3143 5425 καὶ
3183 5371 3553 5441 κατηχήσεως

214 5457 324 5527 τὴν
354 5457 656 5529 θεραπείαν
684 5457 869 5513 λαϐεῖν
899 5459 1192 5524 δοκοῦντας
1227 5462 1588 5532 ἁρκεσθῆναι.

303 5569 322 5602 ι
356 5551 551 5620 Ἔλεγε
581 5550 662 5616 δὲ,
690 5549 812 5605 Τίνι
837 5553 1004 5623 ὁμοία
1027 5553 1177 5606 ἐστὶν
1201 5554 1235 5624 ἡ
1265 5553 1515 5624 βασιλεία
1551 5554 1645 5609 τοῦ
1672 5555 1832 5623 Θεοῦ,

220 5642 324 5697 καὶ
352 5643 462 5696 τίνι
508 5643 767 5713 ὁμοιώσω
800 5644 1009 5715 αὑτήν;
1055 5644 1251 5716 ’,Ομοία
1295 5647 1415 5700 ἐστὶ
1457 5648 1646 5718 κόκκῳ
1683 5649 1838 5702 σινά-

221 5755 398 5804 πεως,
427 5736 487 5792 ὃν
518 5737 703 5792 λαϐὼν
730 5739 1021 5812 ἄνθρωπος
1056 5738 1252 5794 ἔϐαλεν
1285 5742 1366 5804 εἰς
1395 5740 1577 5810 κῆπον
1613 5740 1832 5808 ἑαυτοῦ,

221 5833 319 5885 καὶ
348 5831 592 5901 ηὔξησε,
629 5831 724 5884 καὶ
770 5832 989 5900 ἐγένετο
1037 5833 1118 5896 είς
1165 5832 1382 5903 δένδρον
1419 5835 1586 5905 μέγα,
1639 5836 1734 5888 καὶ
1767 5835 1836 5889 τὰ

227 5921 457 5977 πετεινὰ
485 5920 580 5976 τοῦ
609 5921 848 5992 οὐρανοῦ
898 5924 1328 5994 κατεσκήνωσαν
1367 5926 1422 5979 ἰν
1470 5927 1584 5988 τοῖς
1619 5923 1835 5991 κλάδοις

2010 5556 2180 5611 Vens.
2234 5551 2423 5610 I8-2‘2.
2486 5569 2504 5602 ι
2567 5549 2796 5606 Dicebat
2844 5563 3028 5620 ergo:
3086 5545 3188 5601 Cui
3236 5545 3417 5600 simile
3469 5553 3556 5599 est

1940 5660 2172 5715 regnum
2204 5642 2340 5698 Dei?
2375 5649 2432 5698 et
2466 5641 2556 5697 cui
2591 5641 2774 5697 simile
2799 5639 2998 5696 faciam
3033 5638 3208 5694 illud?
3237 5635 3429 5691 Simile
3468 5645 3554 5690 est

1939 5753 2110 5810 grano
2143 5738 2324 5807 sinapi
2363 5736 2510 5808 quod
2545 5745 2831 5805 acceptum
2868 5734 3035 5788 homo
3066 5732 3212 5788 misit
3245 5730 3298 5784 in
3330 5728 3549 5784 hortum

1939 5848 2122 5900 suum,
2161 5841 2218 5886 et
2259 5831 2460 5899 crevit,
2494 5841 2550 5885 et
2585 5831 2758 5886 evasit
2795 5829 2848 5883 in
2879 5832 3135 5884 arborem
3167 5839 3449 5895 magnam,
3497 5833 3553 5876 et

1942 5927 2196 5983 volucres
2220 5923 2392 5997 388
2427 5923 2551 5980 caeli
2594 5921 2984 5980 nidulabautnr
3016 5923 3069 5976 in
3102 5919 3268 5976 ramis
3307 5918 3449 5990 ejus.
3487 5917 3552 5970 Et
