4048 6506
302 427 410 488 923

1025 425 1473 485 ENARIMTIO
1509 424 1590 485 IN
1636 424 2141 486 EVANGELIUM
2179 425 2421 488 LUC/E.
2463 450 2535 463 --
2574 425 2739 486 CAP.
2779 424 2955 487 XIII.

3525 423 3634 487 926

318 543 451 598 Ἰδοὺ
482 541 609 611 γὰρ,
644 539 831 611 gemini,
877 535 1110 591 ὲπιτελῶ
1140 536 1336 602 ἰάσεις,
1372 538 1467 589 καὶ
1497 536 1758 605 δαιμόνια
1809 538 1902 588 ἐκ-

2013 537 2082 589 ad
2147 536 2481 590 credendum
2511 535 2618 591 sibi
2674 535 2940 590 alliceret.
3008 532 3182 589 Hodie
3225 547 3359 589 vero
3401 542 3456 588 et
3509 550 3637 590 eras

304 636 490 688 ϐάλλω
508 651 522 664 °
550 633 626 697 ὡς
652 635 762 702 γάρ
793 629 1142 700 προείρηται,
1166 629 1254 682 διὰ
1277 627 1438 682 τοῦτο
1469 629 1696 681 ἐδίωκον
1724 628 1910 691 αὑτὸν,

307 731 395 782 ἵνα
430 730 506 799 μὴ
540 731 607 798 τῇ
637 727 748 780 τῶν
801 722 1125 794 παραδόξων
1170 722 1432 784 ἐπιδείξει
1467 721 1754 792 χρώμενος
1815 739 1913 773 σα-

303 822 514 894 γηνεύῃ
541 820 770 882 πολλοὺς
801 819 882 880 είς
912 815 975 878 τὸ
1012 814 1290 870 πιστεύειν
1314 814 1482 883 αὐτῷ.
1521 815 1596 867 Τὸ
1618 814 1698 878 δὲ,
1741 817 1914 884 σήμε-

307 936 400 989 ρον
426 917 521 969 καὶ
548 913 759 984 αὔριον,
809 912 1064 974 πλείονας
1102 909 1322 979 ἡμέρας
1359 909 1534 978 δηλοῖ.
1564 909 1782 976 Ὠσπερ
1815 907 1912 960 οῦν

304 1014 399 1064 καὶ
446 1012 608 1079 ἡμεῖς
660 1005 940 1075 εἰώθαμεν
985 1007 1047 1058 ἐν
1081 1005 1147 1074 τῇ
1201 1002 1426 1072 συνήθει
1477 1003 1669 1072 ὁμιλίᾳ
1703 1001 1908 1069 λέγειν,

307 1106 560 1174 Σήμερον
611 1101 706 1154 καὶ
732 1099 926 1170 αὔριον
948 1099 1160 1166 γίνεται
1194 1096 1340 1162 τόδε,
1375 1096 1437 1149 ού
1463 1097 1685 1158 πάντως
1712 1095 1874 1148 τοσού
1891 1124 1910 1135 -

299 1215 379 1266 τῳ
407 1197 745 1264 διαστήματι
796 1194 857 1246 τὸ
887 1191 1049 1260 ἔργον
1080 1190 1512 1258 περικλείσντες,
1552 1188 1691 1242 ἀλλὰ
1725 1187 1786 1239 τὸ
1809 1204 1907 1241 τα-

301 1289 438 1358 χέως
471 1285 797 1356 γενήσεσθαι
817 1283 1109 1353 δηλοῦντες
1132 1302 1146 1314 ·
1179 1281 1355 1344 οὕτως
1380 1277 1475 1334 οὖν
1500 1281 1597 1334 καὶ
1625 1282 1653 1333 ὁ
1671 1279 1907 1350 Χριστὸς

299 1380 497 1445 είπὼν,
522 1382 605 1434 ὅτι
631 1380 830 1440 ’ἰάσεις
877 1376 1114 1430 ἐπιτελῶ
1137 1377 1404 1445 σήμερον,
1441 1375 1538 1428 καὶ
1567 1372 1782 1442 αῠριον,
1813 1374 1908 1425 xa‘t

298 1477 366 1545 τῇ
387 1473 547 1544 τρίτῃ
575 1473 756 1544 ἡμέρᾳ
792 1469 1108 1538 τελειοῦμαι
1137 1508 1152 1532 ,
1178 1468 1239 1520 ού
1272 1467 1490 1529 πάντως
1516 1466 1676 1518 τοῦτο
1704 1467 1904 1537 ἐδήλω-

303 1587 386 1634 σε,
432 1570 496 1622 τὸ
547 1569 606 1618 ὲν
642 1569 708 1635 τῇ
753 1565 914 1637 τρίτῃ
948 1564 1132 1634 ἡμέρᾳ
1167 1563 1486 1629 ἀναγκαίως
1518 1560 1902 1630 τελειωθῆναι,

299 1665 437 1718 ἀλλά
459 1662 522 1715 τὸ
549 1660 829 1728 συντόμως
851 1659 944 1710 τὸν
975 1657 1212 1708 θάνατον
1244 1654 1412 1707 αὑτοῦ
1448 1652 1778 1722 γενήσεσθαι
1805 1651 1901 1718 δη-

297 1754 399 1808 λοῖ.
432 1752 578 1822 Πολὴν
601 1750 683 1802 δεῖ
715 1767 780 1818 με
815 1749 1061 1817 σήμερον
1109 1744 1203 1796 καὶ
1241 1741 1456 1809 αῦριον,
1487 1739 1737 1794 τουτέστι
1780 1738 1904 1809 χρόο

297 1826 388 1898 νον
412 1846 555 1908 τινὰ,
595 1843 920 1914 προσμεῖναι
951 1837 1185 1892 ἐνταῦθα
1223 1832 1774 1904 θαυματουργοῦντά,
1808 1832 1904 1884 καὶ

298 1945 365 2013 τῇ
399 1941 633 2011 ἐχομένῃ
655 1934 984 2006 πορεύεσθαι
1016 1934 1096 1994 είς
1134 1929 1520 1998 Ἱερουσαλήμ³
1557 1928 1736 1979 ἐκεῖσε
1797 1923 1905 1993 γὰρ

299 2033 556 2102 victitem:
585 2028 807 2098 ἐμαυτῷ
837 2027 897 2080 τὸ
929 2025 1124 2087 πάθος.
1163 2023 1388 2091 Ἐπειδὴ
1418 2020 1528 2092 γὰρ
1558 2023 1758 2074 ἐκεῖνοι
1788 2018 1904 2070 ἐλεο

300 2143 395 2188 γον
422 2123 572 2191 αὐτῷ
597 2141 608 2152 ο
641 2118 891 2184 Ἔξελθε,
927 2119 1010 2171 ὅτι
1057 2115 1306 2186 Ἡρώδης
1331 2113 1518 2184 μέλλει
1550 2129 1610 2164 σε
1636 2111 1904 2178 φονεύειν,

295 2220 354 2269 ἐν
388 2219 454 2284 τῇ
492 2213 754 2282 Γαλιλαίᾳ
783 2211 839 2263 δὲ
885 2207 1061 2263 ταῦτα
1103 2209 1314 2275 ἔλεγον,
1345 2207 1563 2276 ἐκείνης
1589 2206 1698 2274 γάρ
1730 2202 1907 2270 Ἡρώ-

295 2307 391 2378 δης
419 2303 581 2378 ἦρχε,
636 2305 910 2356 δείκνυσιν
943 2304 1152 2364 αὐτοῖς,
1203 2303 1286 2354 ὅτι
1327 2302 1418 2354 καὶ
1468 2300 1643 2352 πολλά
1682 2298 1908 2368 βουλευ-

294 2401 480 2469 ομένῳ
520 2397 736 2469 Ἡρώδῃ
770 2398 874 2449 οὐκ
922 2397 1075 2447 ἕσται
1107 2393 1272 2447 αὐτὸν
1325 2393 1561 2446 ἀνελεῖν·
1594 2393 1656 2446 ού
1688 2395 1797 2464 γὰρ
1850 2397 1908 2447 ἐν

295 2491 580 2560 Γαλιλαίᾳ,
603 2490 718 2542 ἀλλ’
747 2490 806 2540 ἐν
836 2487 1199 2557 Ἰερουσαλὴμ
1227 2485 1568 2557 προώρισται
1605 2487 1754 2556 αύτῷ
1797 2505 1904 2540 πα-

295 2582 435 2634 θεῖν.
473 2581 590 2631 Ἵνα
620 2578 678 2631 δέ
717 2594 798 2629 σοι
834 2577 928 2630 καὶ
960 2577 1020 2628 τὸ
1057 2577 1224 2646 ῥητὸν
1275 2576 1368 2628 τοῦ
1425 2576 1766 2644 Εύαγγελίου
1809 2594 1909 2630 σα·

304 2675 574 2742 φέστερον
600 2670 874 2740 ἐκθῶμαι,
937 2670 1014 2740 μὴ
1045 2670 1248 2739 νοήσῃς
1293 2669 1377 2722 ὅτι
1412 2670 1493 2722 δεῖ
1529 2688 1598 2740 με
1665 2673 1896 2743 om;er

302 2767 400 2820 καὶ
428 2765 619 2836 αῠριον
671 2763 1029 2834 πορεύεσθαι,
1061 2761 1198 2815 ἀλλά
1252 2763 1413 2832 στῆθι
1445 2763 1573 2833 ἄχρι
1601 2762 1697 2816 τοῦ
1734 2767 1905 2834 σήμε-

301 2874 396 2926 ρον
439 2856 533 2908 καὶ
585 2853 776 2925 αὔριον
796 2871 810 2884 ·
844 2854 941 2907 καὶ
970 2853 1146 2915 οὕτως
1177 2853 1305 2904 είπέ
1337 2852 1420 2916 τὸ,
1451 2855 1516 2922 τῇ
1539 2851 1780 2922 ἐχομένῃ
1807 2869 1907 2904 πο-

294 2948 577 3015 ρεύεσθαι,
633 2943 746 3000 οἷον
780 2946 1043 3007 πολλάκις
1090 2943 1456 3015 ἀριθμοῦντες
1496 2944 1777 3014 εἰώθαμεν
1811 2944 1906 2996 λέ..

291 3059 439 3110 γειν,
488 3041 636 3109 Ἐγὼ
667 3041 927 3111 κυριακῇ
975 3038 1210 3111 δευτέρα
1263 3038 1356 3090 καὶ
1386 3037 1548 3108 τρίτῃ
1583 3036 1900 3108 ἐξέρχομαι,

290 3138 394 3206 οὐχ
423 3137 499 3198 ὡς
541 3134 751 3205 μέλλων
787 3134 883 3187 καὶ
913 3135 972 3185 ἐν
996 3135 1061 3202 τῇ
1089 3133 1371 3204 Κυριακῇ,
1406 3133 1502 3184 καὶ⁷
1535 3133 1591 3184 ἐν
1615 3133 1682 3201 τῇ
1717 3131 1901 3185 δευτέο

2020 630 2205 698 plures
2237 628 2353 684 dies
2380 628 2662 698 signiﬁcat
2691 646 2706 682 :
2737 627 3206 698 quemadmodum
3245 637 3297 683 et
3333 644 3433 684 nos
3476 629 3636 684 fami-

2018 723 2139 776 liari
2173 737 2427 778 sermone
2482 722 2867 776 consuevimus
2916 723 3099 776 dicere
3143 736 3159 774 :
3208 719 3381 774 llodie
3413 730 3468 775 et
3508 737 3636 776 cras

2019 818 2113 869 liet
2149 816 2252 869 hoc
2291 831 2306 868 :
2355 830 2464 869 non
2525 815 2753 868 omnino
2798 813 2940 868 intra
2997 822 3106 866 tam
3140 813 3307 866 breve
3373 813 3634 881 temporis

2018 907 2370 962 intervallum
2421 923 2536 961 rem
2573 907 3120 968 circumscribentes,
3155 906 3249 958 sed
3281 905 3472 959 statim
3507 904 3624 958 ﬁeri

2015 999 2415 1068 signiﬁcantes,
2451 1000 2523 1052 ita
2567 998 2731 1051 etiam
2766 997 3042 1059 Christus,
3089 996 3278 1051 dicens
3311 1014 3324 1050 :
3356 995 3632 1052 Sanitates

2015 1091 2241 1160 perticio
2267 1093 2431 1146 hodie
2463 1102 2517 1145 et
2541 1106 2689 1155 cras,
2721 1101 2775 1145 et
2801 1093 2964 1145 tertio
2994 1092 3083 1145 die
3107 1105 3460 1144 consnmmor
3483 1106 3498 1144 :
3525 1103 3630 1142 nan

2013 1185 2241 1239 omnino
2268 1183 2588 1254 signiﬁcare
2609 1184 2785 1238 voluit
2817 1184 2959 1253 quod
2997 1184 3160 1239 tertio
3190 1184 3281 1238 die
3309 1184 3632 1237 necessario

2014 1277 2085 1329 sit
2121 1277 2611 1338 consummandns,
2643 1277 2738 1329 sed
2769 1275 2917 1329 brevi
2948 1285 3177 1329 mortem
3205 1290 3360 1328 suam
3389 1272 3629 1328 futuram

2013 1368 2275 1421 declarat.
2312 1367 2705 1422 Verumtamen
2738 1375 2953 1436 oportet
2978 1381 3064 1421 me
3097 1367 3256 1421 hodie
3279 1376 3332 1420 et
3357 1381 3504 1430 cras,
3531 1366 3635 1420 hoc

2010 1473 2095 1516 cst
2157 1463 2340 1530 aliquo
2373 1472 2640 1530 tempore,
2698 1477 2923 1515 manere
2981 1462 3083 1515 hoc
3117 1460 3258 1526 loco,
3311 1469 3366 1514 et
3413 1461 3630 1528 operari

2012 1555 2292 1617 miracula,
2321 1565 2372 1608 et
2404 1554 2655 1623 sequenti
2700 1555 2751 1606 in
2799 1552 3099 1608 Jerusalem
3157 1553 3475 1622 proﬁcisci:
3524 1552 3634 1607 illic

2008 1649 2154 1702 enim
2203 1647 2337 1715 elegi
2385 1658 2639 1701 mortem.
2709 1646 2846 1712 Quia
2888 1647 3034 1701 enim
3076 1646 3150 1700 illi
3209 1646 3466 1701 dicebant
3521 1647 3570 1699 ei
3613 1659 3628 1696 :

2011 1741 2308 1812 Egredere,
2337 1741 2466 1811 quia
2506 1739 2752 1793 Herodes
2802 1750 2854 1793 te
2909 1740 3197 1795 occisurus
3239 1749 3345 1794 est.
3386 1738 3442 1792 In
3481 1738 3632 1794 Gali-

2011 1836 2108 1888 lma
2156 1847 2338 1888 autem
2384 1837 2502 1888 haec
2535 1833 2820 1900 dicebant,
2878 1833 2965 1888 cui
3032 1842 3262 1901 pra-erat
3305 1833 3557 1888 lterodes
3612 1850 3630 1889 :

2014 1938 2280 1984 monslrat
2349 1928 2472 1995 eis,
2567 1927 2781 1981 etiamsi
2859 1926 3152 1993 plurimum
3237 1927 3437 1994 vellet,
3523 1941 3631 1981 non

2012 2039 2169 2092 posse
2194 2024 2262 2078 ab
2295 2021 2387 2076 illo
2421 2025 2482 2077 s'e
2519 2021 2801 2076 interimi:
2838 2037 2942 2074 non
2979 2022 3125 2074 enim
3158 2019 3212 2073 in
3257 2019 3502 2084 Galilaea,
3537 2023 3633 2076 sed

2009 2115 2314 2169 Jerusalem
2386 2115 2713 2185 przclinitum
2783 2125 2904 2168 erat
2968 2112 3248 2167 Christum
3325 2128 3448 2168 esse
3498 2129 3630 2184 pas-

2013 2230 2233 2282 surum.
2281 2212 2349 2265 Et
2403 2221 2462 2266 ut
2527 2211 2621 2263 tibi
2673 2209 2950 2279 Evangelii
3002 2211 3209 2262 dictum
3283 2207 3632 2264 manifestius

2009 2316 2306 2368 exponam,
2345 2317 2467 2355 cum
2503 2299 2722 2370 legeris,
2766 2300 2926 2354 hodie
2973 2309 3028 2354 et
3057 2316 3202 2365 cras,
3235 2311 3497 2369 punctum
3547 2302 3630 2353 la-

2009 2395 2141 2455 cilo,
2178 2403 2232 2446 et
2276 2403 2404 2446 tunc
2445 2392 2558 2455 dic,
2596 2392 2848 2461 proximo
2889 2394 2978 2448 die
3011 2394 3282 2463 prolicisci
3309 2413 3321 2446 :
3352 2396 3634 2464 quomodo

2014 2499 2375 2541 numerantes
2418 2501 2563 2556 sa‘pe
2603 2489 2784 2543 dicere
2808 2488 3243 2544 consuevimus:
3291 2488 3404 2558 Ego
3447 2487 3634 2543 Domi-

2012 2582 2134 2634 nieo
2193 2585 2436 2635 secundo
2485 2590 2544 2635 et
2603 2581 2765 2636 tertio
2813 2581 2902 2634 die
2954 2581 3210 2651 egredior
3256 2598 3270 2634 :
3315 2596 3426 2635 non
3485 2583 3631 2651 quod

2013 2688 2342 2745 egreSSurus
2391 2675 2494 2729 sim
2551 2674 2836 2729 Dominico
2877 2683 2933 2729 et
2973 2675 3238 2739 secundo,
3292 2675 3390 2731 sed
3452 2677 3631 2730 solum

2015 2772 2148 2822 .luos
2187 2770 2307 2823 illus
2335 2770 2452 2822 dies
2480 2783 2901 2830 eunmeramus,
2937 2777 2994 2822 nt
3038 2769 3458 2824 manifestemus
3485 2769 3633 2824 diem

2011 2862 2255 2916 tertium.
2296 2860 2374 2913 Ita
2409 2874 2545 2914 sane
2604 2869 2659 2914 ct
2713 2859 2981 2915 Dominus
3023 2861 3126 2916 hoc
3153 2861 3274 2916 loco
3314 2862 3469 2932 prius
3499 2877 3636 2916 enu-

2010 2969 2251 3016 merans,
2287 2954 2499 3020 inquit:
2539 2952 2765 3020 Oportet
2815 2968 2899 3007 me
2957 2953 3119 3008 hodie
3152 2966 3208 3009 et
3245 2970 3398 3020 cras,
3437 2955 3636 3010 deinde

2011 3046 2169 3127 tertio
2194 3045 2464 3113 prolicisei
2502 3046 2554 3098 in
2590 3044 2892 3100 Jerusalem
2924 3064 2938 3101 :
2967 3046 3076 3101 illic
3105 3049 3252 3102 enim
3291 3049 3416 3104 linis
3457 3065 3635 3124 meus.

2009 3137 2167 3194 Sicut
2193 3149 2375 3193 autem
2428 3153 2592 3207 supra
2622 3139 2883 3206 diximus,
2915 3155 3020 3193 non
3053 3141 3194 3208 quod
3229 3144 3404 3197 tribus
3436 3143 3637 3200 diebus

294 3247 366 3300 ρξι
393 3227 651 3293 ἐξελθεῖν,
682 3226 798 3279 ἀλλ’
829 3224 1320 3296 ἀπαριθμούμενος
1355 3225 1518 3293 μόνον
1548 3224 1648 3286 ca;
1676 3224 1791 3287 δύο,
1812 3223 1901 3277 ἵνα

2015 3233 2182 3284 vitam
2234 3247 2390 3286 suam
2447 3232 2897 3298 circumscribat,
2965 3236 3059 3287 sed
3110 3235 3362 3304 pluribus
3410 3239 3634 3306 quidem

289 3321 523 3393 δηλώσω
553 3319 652 3390 τὴν
679 3321 896 3390 τρίτην.
932 3318 1122 3381 Οὕτως
1151 3314 1245 3370 οῦν
1271 3318 1410 3370 καὶὸ
1430 3316 1636 3386 Κύριος
1664 3314 1904 3368 ἐνταῦθα

289 3420 485 3487 ὥσπερ
517 3412 1011 3482 ἀπαριθμούμενός
1063 3428 1221 3482 φησι,
1268 3413 1361 3462 Δεῖ
1420 3427 1487 3480 με
1536 3411 1779 3479 σήμερον
1809 3409 1906 3462 καὶ

288 3509 510 3578 αῦριον,
544 3503 665 3560 εἶτα
697 3509 763 3577 τῇ
798 3507 962 3578 τρίτῃ
996 3503 1330 3574 πορεύεσθαι
1383 3506 1464 3566 εις
1512 3503 1900 3574 Ἰερουσαλήμ·

286 3605 473 3656 ἐκεῖσε
525 3602 632 3671 γάρ
697 3617 788 3670 μοι
838 3601 899 3652 τὸ
949 3599 1106 3662 τέλος
1141 3598 1479 3667 ἀφώρισται.
1536 3597 1810 3668 Καθάπερ
1845 3598 1902 3649 δὲ

285 3695 557 3762 ἀνωτέρω
588 3691 901 3760 ἑξείπομεν,
939 3690 1062 3759 οὐχὶ
1090 3688 1165 3752 ὡς
1211 3691 1268 3740 ἐν
1299 3690 1482 3758 τρισὶν
1530 3689 1770 3758 ἡμέραις
1802 3705 1904 3740 πε-

288 3787 550 3858 ρικλείων
570 3787 672 3856 τὴν
717 3785 913 3838 ἐαυτοῦ
959 3784 1106 3852 ζωὴν
1154 3783 1181 3834 ό
1240 3781 1467 3851 Κύριος,
1504 3780 1677 3832 ταῦτά
1711 3798 1899 3849 φησιν,

283 3879 428 3932 ἀλλά
452 3879 707 3941 πλείονας
756 3877 856 3946 μέν
889 3876 1125 3948 ἡμέρας,
1190 3874 1331 3944 πλὴν
1373 3874 1434 3926 ού
1482 3875 1626 3927 πάνυ
1687 3876 1902 3943 μακρόν

286 3989 412 4024 τινα
442 3971 634 4040 χρόνον
671 3967 1060 4039 ὑποσημαίνει⁸
1103 3965 1310 4019 ὡσανεὶ
1340 3965 1450 4035 γάρ
1507 3965 1734 4019 τοιαῦτά
1764 3983 1900 4035 φησι

287 4063 430 4128 πρὸς
462 4063 588 4123 τοὺς
621 4059 774 4129 αύτῷ
807 4057 1321 4128 διαςρθονουμένους⁸
1347 4059 1413 4110 Τί
1445 4057 1536 4109 τὸν
1573 4057 1708 4127 ἐμὸν
1743 4057 1902 4126 μελε-

282 4159 418 4209 τᾶτε
437 4155 702 4216 θάνατον;
740 4153 852 4204 ίδοὺ
882 4149 1003 4220 μετ’
1029 4149 1213 4217 ὀλίγον
1247 4150 1408 4202 τοῦτο
1454 4150 1691 4217 γίνεται.
1726 4151 1901 4202 Ὅταν

280 4251 343 4302 δὲ
371 4247 638 4316 ἀκούσῃς,
665 4247 748 4299 ὅτι
790 4247 894 4298 οὐκ
922 4245 1196 4314 ἐνδέχεται
1231 4244 1339 4308 ἔξω
1381 4243 1746 4312 Ἰερουσαλὴμ
1765 4245 1901 4296 ἀπο-

282 4340 475 4393 λέσθαι
532 4339 845 4408 προφήτην,
909 4337 985 4408 μὴ
1051 4336 1244 4407 νόμιζε
1299 4337 1420 4406 βίαν
1471 4337 1893 4406 ἀναγκαστικὴν

295 4433 579 4496 Ἰουδαίοις
605 4431 918 4500 ἐπάγεσθαι
947 4430 1029 4494 είς
1075 4429 1137 4482 τὸ
1165 4428 1389 4483 τοιαῦτα
1419 4429 1576 4501 δρᾷν,
1610 4431 1675 4482 ἐκ
1703 4430 1798 4482 τοῦ
1829 4431 1897 4483 τά

281 4527 513 4580 τοιαῦτα
548 4527 805 4595 γράφειν,
833 4523 968 4576 ἀλλὰ
1001 4525 1067 4593 τῇ
1101 4524 1374 4593 μιαιφόνῳ
1409 4523 1591 4576 αὐτῶν
1625 4524 1896 4595 προαιρέ-

2013 3327 2205 3380 diebus
2232 3369 2244 3388 ,
2312 3337 2694 3380 verumtamen
2748 3343 2853 3380 non
2892 3329 3049 3383 valde
3099 3329 3264 3400 longo
3296 3341 3544 3397 tempore
3574 3347 3638 3387 se

2013 3435 2330 3472 mansurum
2364 3417 2684 3486 signiﬁcat:
2731 3420 2889 3488 quasi
2941 3421 3056 3475 hate
3093 3423 3240 3476 dicat
3295 3425 3364 3478 ad
3391 3440 3488 3478 eos
3539 3427 3634 3496 qui

2010 3513 2112 3567 sibi
2149 3512 2506 3565 invidebant:
2579 3511 2722 3576 Quid
2768 3528 2944 3565 meam
2983 3515 3324 3570 meditemini
3363 3520 3638 3574 mortem?

2010 3620 2142 3659 ecce
2177 3605 2346 3673 paulo
2379 3613 2501 3672 post
2535 3603 2650 3672 ipsa
2681 3607 2932 3660 instabit.
2965 3606 3100 3659 Cum
3132 3623 3266 3663 vero
3292 3611 3451 3664 audis
3485 3615 3634 3682 quod

2013 3700 2130 3752 ﬁeri
2189 3716 2296 3753 non
2347 3701 2521 3768 possit
2551 3712 2709 3753 extra
2739 3700 2903 3770 392
2940 3701 3250 3756 Jerusalem
3287 3704 3467 3770 perire
3504 3721 3637 3773 pro-

2011 3791 2250 3858 phetam,
2314 3805 2381 3843 ne
2444 3799 2605 3856 putes
2654 3788 2874 3844 Judaeos
2933 3792 2981 3843 vi
3030 3793 3270 3860 quadam
3319 3810 3383 3849 ac
3448 3811 3640 3856 ncces.

2009 3885 2172 3938 sitate
2207 3884 2273 3936 ad
2317 3885 2421 3938 hoc
2445 3882 2756 3938 faciendum
2787 3885 3064 3954 compelli,
3100 3887 3195 3940 sed
3221 3886 3368 3943 scias
3400 3904 3638 3944 consen-

2012 3987 2170 4030 tanee
2188 3978 2252 4029 ad
2273 3977 2682 4048 sanguinariam
2705 3977 2923 4032 illorum
2950 3980 3289 4036 voluntatem
3318 3982 3464 4035 istud
3489 3980 3635 4038 diei:

2011 4076 2068 4117 ut
2099 4066 2143 4118 si
2174 4065 2298 4134 quis
2328 4065 2518 4118 videns
2549 4065 2993 4121 crudelissimum
3031 4070 3384 4140 maximeque
3416 4073 3639 4140 sangui-

2011 4155 2225 4206 narium
2263 4155 2531 4208 latronem
2570 4157 2691 4210 vias
2721 4157 3001 4221 obsidere,
3037 4159 3248 4213 diceret
3276 4163 3310 4228 λε
3346 4159 3490 4214 Fieri
3528 4177 3635 4216 non

2010 4255 2212 4313 potest,
2244 4246 2388 4298 viam
2423 4247 2563 4300 hanc
2590 4248 2642 4300 in
2675 4263 2779 4316 qua
2816 4249 2958 4302 latro
3004 4253 3467 4318 prmtereuntibus
3498 4253 3638 4307 insi-

2008 4340 2216 4405 diatur,
2249 4355 2278 4393 a
2321 4341 2591 4408 sanguine
2623 4357 2816 4409 puram
2852 4358 2999 4397 esse.
3061 4343 3305 4399 Omnino
3353 4347 3499 4398 enim
3533 4347 3640 4402 hoc

2008 4435 2129 4488 loco
2169 4433 2314 4501 quod
2368 4443 2806 4489 consentaneum
2864 4447 2945 4489 est
2998 4438 3063 4490 ad
3107 4453 3274 4509 Opera
3331 4439 3635 4507 latronmn,

2007 4525 2159 4578 dicit.
2194 4522 2286 4580 Sic
2314 4525 2478 4595 igitur
2501 4535 2556 4580 et
2579 4526 2630 4579 in
2666 4525 3069 4598 Hierosolyma,
3099 4549 3262 4597 quam
3296 4545 3638 4600 occuparunt

284 4635 371 4672 σει
401 4617 714 4678 ἀκολούθως
736 4614 995 4682 λέγεσθαι
1022 4615 1214 4666 τοῦτο·
1249 4612 1442 4686 ὥσπερ
1478 4614 1545 4669 ἂν
1590 4617 1640 4668 εί
1682 4614 1890 4686 λῃστὴν

2012 4619 2245 4671 latrones
2279 4617 2542 4672 Phariszei
2573 4629 2627 4674 et
2657 4619 2888 4688 Scriba»,
2925 4625 3042 4677 lieri
3082 4641 3190 4678 non
3222 4635 3407 4694 potest
3434 4627 3490 4680 in
3529 4629 3639 4683 alio

281 4711 428 4780 ὁρῶν
458 4709 896 4780 μιαιφονὼτατον
943 4706 1344 4760 δδοστατοῦντα
1375 4709 1585 4761 εῐποιέν
1619 4727 1704 4771 τις
1724 4748 1738 4773 ,
1772 4709 1889 4760 Οὐκ

283 4803 562 4873 ἐνδέχεται
589 4802 690 4872 τὴν
719 4801 838 4854 ὁδὸν
869 4803 1099 4872 ταύτην,
1134 4797 1245 4872 ἐνῆ
1269 4803 1296 4854 ό
1314 4801 1516 4871 λῃστὴς
1536 4801 1660 4863 τοὺς
1683 4802 1898 4854 ὁδεῦον·

282 4914 383 4958 τας
405 4896 699 4968 ἐνεδρεύει,
731 4894 981 4966 καθαρὰν
1009 4896 1263 4966 αἱμάτων
1297 4888 1441 4947 εἶναι
1463 4911 1477 4925 ·
1513 4894 1734 4958 πάντως
1784 4894 1894 4964 γάρ

2006 4708 2125 4764 loco
2179 4725 2342 4778 quam
2380 4711 2431 4764 in
2474 4709 2566 4765 illo
2612 4712 2664 4766 in
2697 4729 2806 4782 quo
2841 4726 2970 4770 sunt
2997 4717 3260 4783 latrones,
3290 4722 3474 4787 perire
3505 4735 3637 4790 pro-

2009 4807 2295 4874 phetarum
2327 4805 2618 4859 Dominum
2663 4823 2678 4860 :
2710 4810 2914 4862 assueti
2966 4811 3112 4864 enim
3141 4811 3423 4868 etTnndere
3452 4829 3641 4870 servo-

2015 4912 2136 4950 rum
2191 4898 2543 4966 sanguinem,
2578 4899 2748 4952 etiam
2783 4899 3075 4956 Dominum
3134 4905 3312 4974 ipsum
3357 4907 3639 4963 occident.

283 4993 398 5054 τοῖς
431 4991 618 5061 ἔργοις
646 4991 743 5046 τοῦ
774 4991 974 5064 λῃστοῦ
1007 4991 1068 5043 τὸ
1110 4990 1408 5044 ἀκόλουθόν
1445 5007 1631 5061 φησιν.
1693 4989 1884 5055 Οὕτως
1924 4987 2019 5047 οῦν
2085 4993 2189 5046 κάν
2243 4996 2311 5064 τῇ
2362 4993 2725 5064 Ἰερουσαλὴμ
2773 4995 2992 5068 λῃστῶν
3071 4998 3475 5069 ἐγκαθημένων
3527 5002 3640 5055 τῶν

281 5087 597 5160 Φαρισαίων
629 5090 722 5140 καὶ
755 5087 1160 5159 Γραμματέων,
1187 5088 1287 5140 οὐκ
1332 5086 1609 5157 ἐνεδέχετο
1664 5089 1722 5139 ἐν
1773 5089 1922 5160 ἄλλῳ
1963 5091 2170 5161 χωρίῳ,
2208 5089 2491 5160 ἢπάντως
2525 5092 2584 5143 ἐν
2610 5092 2690 5162 τῷ
2757 5091 2866 5144 τῶν
2914 5093 3152 5165 λῃστῶν,
3195 5097 3497 5150 ἀπολέσθαι
3544 5098 3638 5152 τὸν

283 5186 393 5239 τῶν
459 5181 759 5254 προφητῶν
794 5181 1075 5251 Δεσπότην
1100 5198 1114 5212 ο
1164 5179 1538 5243 ἐνεθισθέντες
1601 5180 1713 5251 γὰρ
1770 5185 1885 5246 τοῖς
1925 5184 2126 5254 αἵμασι
2162 5182 2272 5236 τῶν
2301 5182 2528 5245 δούλων,
2561 5185 2657 5236 καὶ
2701 5185 2794 5235 τὸν
2830 5184 3041 5256 Κύριον
3073 5187 3468 5246 ἀποκτενοῦσι.

361 5299 380 5331 ι
429 5278 813 5348 Ἰερουσαλὴμ.
849 5274 1236 5346 Ἰερουσαλὴμ,
1274 5276 1307 5343 ή
1334 5275 1740 5328 ἀποκτείνουσα
1771 5275 1901 5340 τοὺς

284 5372 597 5443 προφήτας,
624 5366 720 5422 καὶ
751 5367 1106 5422 λιθοὸολοῦσα
1136 5369 1261 5429 τοὺς
1278 5365 1734 5437 ἀπεσταλμένους
1758 5366 1897 5437 πρὸς

283 5467 482 5538 αὐτὴν,
511 5464 744 5528 ποσάκις
766 5461 1010 5533 ἠθέλησα
1039 5460 1366 5530 ἐπισυνάξαι
1394 5462 1464 5515 τά
1493 5461 1661 5514 τέκνα
1694 5477 1813 5527 σου,
1839 5460 1901 5514 ὃν

279 5562 488 5632 τρόπον
516 5558 667 5629 δρνις
691 5559 790 5628 τὴν
823 5559 1026 5628 ἑαυτῆς
1057 5557 1278 5636 νοσσιὰν
1319 5555 1426 5610 ὑπὸ
1452 5556 1552 5618 τὰς
1587 5555 1897 5624 πτέρυγας,

284 5655 380 5710 καὶ
427 5652 531 5706 οὐκ
553 5651 892 5721 ὴθελήσατες
943 5650 1074 5704 Ἰδοὺ
1101 5648 1322 5720 ἀφίεται
1357 5649 1489 5720 ὑμῖν
1518 5649 1546 5703 ὁ
1565 5643 1713 5712 οἰκος
1745 5648 1901 5715 ὑμῶν

285 5745 517 5815 ἔρημοςι
542 5743 599 5796 Ἀ
611 5744 722 5814 μὴν
751 5742 896 5810 λέγω
920 5743 1071 5812 ὑμῖν,
1097 5743 1159 5795 ού
1194 5742 1268 5812 μή
1305 5759 1373 5812 με
1397 5741 1545 5812 ίδητε
1578 5741 1705 5812 ήδη,
1733 5741 1898 5812 ἄχρις

285 5838 353 5891 ἂν
387 5836 619 5905 εἴπητε·
694 5835 1072 5906 Εὐλογημένος
1111 5837 1140 5888 ό
1211 5834 1509 5904 ἐρχόμενος
1555 5837 1614 5886 ἐν
1665 5834 1893 5903 ὀνόματι

285 5929 519 6001 Κυρίου.
560 5947 575 5975 ν
640 5928 730 5999 Τῷ
762 5927 1149 5998 διπλασιασμῷ
1181 5927 1272 5982 τοῦ
1323 5927 1591 5994 ὀνόματος
1646 5926 1890 5981 δείκνυσι

2084 5274 2248 5330 Vens.
2269 5275 2365 5340 54,
2387 5277 2479 5333 55.
2519 5297 2538 5330 ι
2575 5274 2905 5342 Jerusalem,
2929 5275 3261 5345 Jerusalem,
3285 5296 3409 5350 quae
3429 5282 3639 5340 occidis

2009 5373 2335 5441 prophetas,
2363 5379 2418 5425 et
2439 5372 2656 5441 lapidas
2687 5386 2782 5426 eos
2823 5372 2916 5442 qui
2955 5371 3255 5428 mittuntur
3289 5375 3357 5430 ad
3385 5386 3460 5442 te,
3490 5391 3633 5447 quo-

2011 5462 2113 5517 ties
2139 5463 2282 5518 volui
2317 5479 2658 5535 congregare
2691 5464 2833 5520 ﬁlios
2854 5475 2996 5533 tuos,
3023 5467 3487 5537 quemadmodum
3519 5469 3641 5525 avis

2008 5554 2200 5609 nidum
2252 5571 2415 5611 suum
2451 5555 2555 5611 sub
2590 5570 2824 5626 pennas,
2864 5565 2919 5610 et
2964 5559 3257 5615 noluistis?
3290 5560 3430 5614 Ecce
3472 5561 3640 5616 relin-

2012 5647 2202 5716 quitur
2230 5647 2386 5702 vobis
2409 5647 2604 5702 domns
2624 5659 2804 5703 vestra
2831 5649 3073 5704 deserta.
3102 5648 3238 5706 Dico
3265 5660 3448 5705 autem
3478 5652 3636 5709 vobis

2009 5741 2158 5811 quod
2191 5754 2301 5797 non
2331 5739 2586 5796 videbitis
2615 5755 2724 5807 me,
2772 5743 2952 5797 donec
2989 5745 3202 5798 venerit
3254 5753 3469 5814 tempus
3506 5760 3631 5800 cum

2007 5833 2246 5887 dicetis:
2285 5832 2616 5888 Benedictus
2644 5834 2737 5904 qui
2766 5835 2920 5889 venit
2957 5835 3010 5890 in
3061 5835 3285 5890 nomine
3321 5834 3560 5891 Domini.
3606 5855 3624 5888 ι

2011 5926 2394 5998 Duplicationc
2430 5927 2668 5983 nominis
2708 5929 2950 5984 ostcndit
2986 5943 3233 5986 amorem
3289 5945 3451 6002 quem
3496 5945 3627 6001 erga
