4048 6514
295 463 405 525 929

1091 451 1538 513 ENARRATIO
1581 452 1660 511 IN
1701 450 2209 512 EVANGELIUM
2252 452 2471 515 LUC.‘E
2501 479 2569 492 --
2600 454 2760 514 CAP.
2794 454 2951 517 XIV.

3510 452 3616 521 93d

294 570 604 643 Φαρισαῗων
626 569 653 622 6
684 566 908 637 Κύριος,
935 564 1085 631 ὅμως
1122 562 1282 615 εἰσίει
1313 564 1394 625 είς
1420 563 1547 624 τοὺς
1573 561 1758 624 οἴκους
1792 560 1889 612 αύ-

2005 561 2141 615 3nim
2168 561 2214 615 ei
2242 572 2361 615 erat
2397 566 2705 617 animarum
2741 561 2969 625 utilitas,
3000 568 3053 615 et
3094 567 3382 629 propterea
3411 558 3618 631 ingres-

294 665 404 718 τῶν
425 678 436 689 ’
475 658 742 728 ὡφελείας
774 658 884 724 γὰρ
912 651 1103 723 ψυχῶν
1133 651 1443 720 ἐφρόντιζε,
1482 649 1573 700 καί
1608 647 1699 700 διὰ
1733 645 1892 700 τοῦτο

293 756 586 826 εἰσήρχετο
611 770 624 783 ·
662 750 693 820 ἢ
726 749 831 818 γὰρ
885 748 949 798 ἐκ
996 746 1159 814 λόγου
1207 744 1302 796 καὶ
1349 740 1725 806 διδασκαλίας,
1760 739 1791 809 ἢ
1829 740 1892 792 ὲκ

294 846 540 919 σημείων
573 842 886 908 ἐπιδείξεως
914 838 1138 894 δυνατὸν
1176 833 1245 908 ἦν
1306 835 1506 899 αὐτοὺς
1536 831 1890 904 ὡφελεῖσθαι,

293 944 412 1009 εἴγε
434 937 748 1009 ἠϐούλοντο.
777 932 1149 1002 Παρελθόντος
1172 926 1266 984 οὖν
1298 931 1379 991 εἰς
1411 927 1577 998 μέσον
1606 925 1703 979 τοῦ
1722 925 1895 994 ὑδρω-

296 1032 481 1095 πικοῦ,
509 1030 537 1081 6
573 1028 774 1097 Κύριος
803 1025 862 1077 ού
891 1022 1049 1075 τοῦτο
1076 1020 1408 1089 ὲσκόπησεν,
1443 1018 1592 1076 ὅπως
1619 1014 1695 1085 μὴ
1726 1030 1895 1067 σκαν-

291 1125 484 1195 δαλίσῃ
515 1120 737 1181 αὐτοὺς,
771 1116 886 1170 ἀλλ’
910 1117 1059 1178 ὅπως
1092 1113 1435 1183 εὐεργετησῃ
1464 1108 1557 1162 τὸν
1594 1105 1895 1177 θεραπείας

290 1216 567 1284 δεόμενον.
620 1213 714 1264 Δεῖ
775 1209 885 1278 γὰρ
940 1208 1109 1277 ἡμᾶς,
1147 1203 1277 1258 ἔνθα
1310 1201 1553 1271 ὠφέλεια
1587 1198 1895 1253 ἁνακύπτει

292 1309 440 1380 μάλα
468 1305 662 1373 πολλὴ.
700 1302 775 1373 μὴ
808 1298 1120 1371 φροντίζειν
1150 1297 1260 1351 τῶν
1297 1295 1547 1368 ἀνοήτως
1601 1288 1895 1346 σκανδαλι-

289 1398 559 1465 ζοαένων.
604 1394 851 1466 Ἐλέγχει
879 1392 936 1447 δὲ
986 1391 1085 1462 τὴν
1133 1387 1451 1461 ἀφροσύνην
1479 1384 1591 1439 τῶν
1638 1380 1894 1452 εγκαλεῖν

293 1492 600 1564 μελλόντων
628 1488 799 1559 αὐτῷ,
840 1488 921 1541 διὸ
955 1486 1052 1539 καὶ
1096 1484 1301 1555 ἐρωτᾷ,
1336 1482 1398 1535 El
1429 1480 1611 1548 ἔξεστι
1640 1477 1719 1549 τῷ
1753 1474 1898 1530 Σαὸο

290 1584 444 1656 σάτῳ
506 1581 868 1653 θεραπεύειν,
923 1579 958 1651 ἢ
1008 1576 1106 1643 οῦς
1141 1572 1291 1647 Ἆρα
1323 1574 1433 1646 γὰρ
1487 1573 1549 1628 ού
1598 1569 1895 1644 προφανῶς

289 1678 575 1750 καταγελᾷ
603 1675 785 1731 αὐτῶν
815 1674 891 1738 ὡς
907 1673 1192 1744 ἀνοήτωνς
1230 1672 1348 1739 εῐγε
1376 1668 1470 1723 τοῦ
1498 1666 1635 1723 Θεοῦ
1661 1666 1723 1720 τὸ
1751 1663 1895 1719 Σάθ-

288 1770 459 1825 6ατον
505 1768 920 1839 εύλογήσαντος,
958 1764 1117 1820 αὐτοὶ
1175 1761 1480 1818 κωλύουσιν
1535 1757 1895 1828 ἀγαθοποιεῖν

288 1866 352 1919 ιν
390 1863 587 1934 τούτῳ,
612 1862 709 1915 καὶ
739 1856 989 1914 ποιοῦσιν
1020 1856 1156 1911 αὐτὸ
1188 1855 1410 1918 πάντως
1433 1852 1848 1921 επικατάρατον
1874 1864 1889 1914 ;

300 1958 369 2011 Ἦ
399 1956 509 2028 γὰρ
534 1954 719 2027 ἡμέρα
767 1953 802 2024 η
837 1950 1005 2023 μηδὶν
1032 1949 1197 2022 ἔργον
1234 1946 1444 2017 ἀγαθὸν
1498 1936 1890 2012 επιδεχομένη,

286 2051 394 2107 οὐκ
424 2046 791 2118 εὐλογημένη.
837 2043 977 2097 Ἀλλ’
1015 2036 1163 2097 οὗτοι
1217 2056 1283 2110 γε
1316 2038 1542 2108 γνόντες
1582 2036 1707 2090 ὅποι
1736 2034 1895 2105 φέρει

284 2145 354 2198 τὸ
382 2144 669 2216 ἐρώτημα,
703 2140 1015 2212 ἡσύχασανο
1045 2138 1170 2191 τότε
1199 2134 1264 2205 δὴ
1294 2135 1323 2187 6
1367 2132 1577 2203 Ἰησοῦς
1608 2130 1671 2183 τὸ
1692 2130 1895 2183 οίκείον

288 2238 458 2301 ποιεῖ,
491 2233 587 2289 καὶ
623 2232 712 2287 διὰ
744 2232 844 2303 τῆς
885 2231 1032 2301 ἁφῆς
1070 2230 1217 2283 ίᾶται
1267 2227 1360 2281 τὸν
1390 2225 1715 2297 ἄνθρωπον·
1774 2216 1894 2276 εἶτα

286 2331 388 2383 καὶ
416 2330 541 2391 τοὺς
565 2325 894 2399 Φαρισαίους
924 2323 1181 2393 ἐντρέπει
1229 2320 1318 2375 διὰ
1347 2317 1564 2385 τούτου,
1607 2315 1895 2389 μονονουχὶ

286 2421 519 2476 τοιαῦτα
546 2420 720 2488 λέγων
749 2420 929 2481 αὐτοῖς
955 2434 968 2447 ⁸
1004 2417 1067 2471 Εί
1098 2413 1415 2469 κεκώλυκεν
1453 2413 1482 2465 6
1524 2411 1689 2483 νόμος
1721 2411 1895 2464 ἐλεεῖν

286 2519 352 2569 εν
400 2514 687 2585 Σαϐϐάτῳ,
743 2511 817 2583 μὴ
858 2510 1163 2581 φροντίσῃς
1218 2507 1337 2562 υίοῦ
1384 2504 1793 2567 κινδυνεύοντος
1834 2505 1895 2557 ἐν

286 2602 594 2672 nassam;
626 2602 739 2655 Καὶ
760 2600 815 2653 τί
839 2600 985 2669 λέγω
998 2598 1117 2652 υίοῦ
1140 2615 1154 2665 ;
1176 2600 1311 2652 ὅπου
1340 2596 1463 2651 οὐδὲ
1490 2594 1618 2666 βοῦν
1648 2595 1892 2665 ἀϐοήθη-

284 2714 386 2750 τον
420 2695 771 2765 καταλείψεις
810 2696 859 2748 εί
896 2693 1281 2749 κινδυνεύοντα
1304 2692 1427 2763 θψει
1453 2709 1469 2760 ;
1510 2691 1637 2753 Πῶς
1666 2685 1761 2745 οὖν
1792 2690 1895 2743 οῦκ

284 2789 522 2859 ἀνόητον
547 2786 984 2857 παρατηρεῖσθαι
1008 2786 1111 2855 τὴν
1132 2783 1227 2838 τοῦ
1255 2782 1569 2855 ύδρωπικοῦ
1591 2781 1894 2854 θεραπείαν

286 2883 351 2935 ἰν
386 2879 688 2950 Σαδϋτῳς
757 2876 1099 2949 ’Υδρωπικός
1142 2879 1260 2930 ἔστι
1310 2876 1408 2930 καὶ
1446 2878 1556 2939 πᾶς
1581 2875 1769 2939 δςδιὰ
1797 2875 1892 2928 τοῦ

285 2974 583 3043 ἀνειμένου
616 2971 734 3043 βίου
778 2970 874 3024 καὶ
916 2970 1085 3042 ὑγροῦ
1121 2970 1265 3023 κατὰ
1294 2969 1473 3041 ψυχὴν
1518 2969 1755 3040 νοσήσας
1782 2968 1893 3021 δει-

284 3066 422 3130 νῶς,
452 3066 625 3119 δεῖται
659 3063 922 3135 Χριστοῦ,
953 3062 1149 3118 οὐκοῦν
1174 3064 1271 3117 καὶ
1302 3061 1806 3135 θεραπευθήσεται,
1842 3063 1891 3114 εί

286 3158 607 3229 ἔμπροσθεν
636 3157 876 3228 Χριστοῦ
908 3157 1154 3229 γένηται.
1210 3158 1270 3210 ’0
1291 3157 1400 3228 γὰρ
1421 3155 1738 3228 ἔμπροσθεν
1755 3153 1892 3208 Θεοῦ

287 3248 436 3306 εἶναι
459 3250 657 3304 ἐννοῶν
683 3251 792 3316 ἀεὶ,
824 3249 919 3303 καὶ
952 3249 1077 3321 παρ’
1126 3248 1295 3303 αὑτοῦ
1330 3250 1588 3320 δρᾶσθαι,
1625 3246 1893 3320 ἐλάχιστα

288 3345 705 3414 ἁμαρτήσεται.

373 3456 392 3489 ε
436 3436 632 3503 Ἔλεγε
665 3436 721 3489 δὲ
779 3435 915 3507 πρὸς
948 3437 1078 3499 τοὺς
1126 3434 1502 3505 κεκλημενους
1553 3431 1897 3505 παραδολὴν,

288 3528 513 3599 ἐπέχων
564 3528 674 3591 πῶς
738 3528 837 3591 τὰς
892 3528 1295 3598 πρωτοκλισίας
1338 3526 1687 3594 ἐξελέγοντο,
1720 3525 1900 3593 λέγων

292 3621 437 3692 πρὸς
464 3619 695 3683 αὐτούς’
730 3620 903 3673 Ὅταν
945 3619 1153 3689 κληθῇς
1194 3619 1301 3671 ὑπό
1323 3636 1467 3682 τινος
1492 3620 1571 3681 είς
1595 3619 1796 3689 γάμον,
1822 3618 1899 3689 μὴ

289 3709 635 3779 κατακλιθῇς
655 3710 735 3772 είς
762 3708 863 3780 τὴν
881 3708 1306 3780 πρωτοκλισίαν,
1328 3708 1537 3778 μήποτε
1552 3708 1901 3779 εντιμότερός

294 3819 397 3855 σου
498 3800 832 3871 κεκλημένος
866 3800 958 3851 ὑπ’
983 3798 1170 3864 αὑτοῦ,
1209 3798 1303 3851 καὶ
1338 3796 1513 3851 ἐλθὼν
1540 3800 1568 3851 6
1592 3800 1652 3851 σὲ
1676 3797 1773 3851 καὶ
1802 3797 1902 3850 αύ-

288 3896 389 3947 τὸν
438 3894 698 3956 καλέσας,
744 3893 862 3964 ἐρεῖ
896 3907 1001 3955 σοι,
1037 3894 1135 3955 Δὸς
1160 3890 1344 3962 τούτῳ
1388 3892 1590 3956 τόπον,
1647 3892 1745 3945 καὶ
1772 3892 1895 3946 τότε

289 3986 440 4057 ἄρξῃ
473 3986 593 4057 μετ’
620 3985 883 4056 αίσχύνης
904 3984 997 4037 τὸν
1014 3983 1241 4055 ἔσχατον
1262 3985 1428 4038 τόπον
1462 3983 1749 4057 κατέχειν·
1782 3985 1902 4040 ἀλλ’

290 4082 432 4135 ὅταν
477 4078 708 4151 κληθῇς,
766 4077 1057 4150 πορευθεὶς
1106 4078 1382 4134 ἀναπεσον
1424 4082 1505 4143 είς
1558 4079 1649 4134 τὸν
1673 4078 1903 4151 ἔσχατον

286 4172 484 4238 τόπον,
517 4172 603 4225 ἵνα
626 4172 755 4226 ὅταν
783 4170 914 4245 ιλθῃ
946 4172 975 4225 6
1009 4170 1296 4245 κεκληκώς
1332 4190 1414 4235 σε,
1447 4170 1579 4245 εἴπῃ
1606 4189 1719 4226 σοι·
1748 4173 1902 4238 Φίλε,

293 4266 683 4336 προσανάϐηθι
711 4265 1015 4334 ἀνώτερονο
1049 4266 1171 4318 τότε
1201 4265 1357 4320 ισται
1385 4283 1469 4319 σοι
1500 4265 1630 4333 δόξα
1666 4266 1902 4321 ὶνὼπιον

290 4362 408 4411 τῶν
447 4357 926 4428 συνανακειμένων
984 4374 1089 4423 σοι,
1151 4358 1235 4411 ὅτι
1276 4359 1384 4422 πᾶς
1432 4359 1460 4412 6
1504 4357 1659 4427 ὑψῶν
1708 4359 1902 4411 ἑαυτὸν

292 4450 797 4522 ταπεινωθήσεται,
818 4450 955 4503 καὶὸ
978 4468 1108 4503 ταπῖ
1125 4450 1249 4505 ινῶν
1273 4450 1467 4504 ἑαυτὸν
1489 4450 1861 4521 ὑψωθήσεται.
1876 4470 1896 4503 ε

308 4541 479 4616 Ὅρᾷς
510 4544 579 4596 τὰ
610 4543 802 4597 δεῖπνα
848 4541 944 4596 τοῦ
976 4543 1080 4614 Χρι
1110 4543 1216 4597 τοῦ
1252 4543 1383 4599 ποῖά
1428 4544 1555 4598 τινα
1604 4547 1765 4611 εἰσιν,
1819 4546 1902 4609 είς

2000 670 2093 708 sus
2120 664 2223 709 est.
2254 656 2564 709 Pomisseut
2597 655 2743 709 enim
2765 654 2850 708 vel
2880 669 2942 707 ex
2972 654 3220 707 doctrina
3255 662 3310 707 et
3334 668 3613 719 Sermone,

1998 748 2161 802 velex
2184 749 2501 803 ostensione
2531 746 2923 800 miraculorum
2957 748 3247 801 utilitatem
3274 748 3615 815 percepiss»,

1998 839 2042 895 si
2068 840 2287 909 quidem
2310 838 2634 894 voluissent.
2663 838 2836 892 Porro
2861 855 2986 893 cum
3022 839 3075 891 in
3098 836 3337 892 medium
3366 840 3613 893 venisset

1998 931 2355 1005 hydropicus,
2421 946 2528 985 non
2588 930 2693 983 hoc
2740 929 3108 984 consideravit
3162 928 3443 987 Dominus.
3480 946 3618 997 quo-

1998 1027 2161 1082 modo
2215 1041 2319 1079 non
2360 1024 2662 1080 offenderet
2698 1024 2868 1093 ipsos,
2914 1026 3009 1078 sed
3058 1025 3337 1092 quomodo
3388 1032 3613 1078 Sauaret

1998 1131 2123 1171 eum
2172 1118 2265 1186 qui
2313 1132 2445 1173 cura
2506 1132 2604 1171 sua
2665 1115 2965 1184 indigebat.
3011 1114 3239 1184 Oportet
3301 1117 3446 1170 enim
3513 1132 3614 1172 nos

2000 1212 2091 1268 ubi
2133 1228 2328 1283 magna
2392 1219 2707 1281 prospectat
2762 1210 3005 1273 utilitas,
3066 1226 3179 1265 non
3229 1225 3423 1266 curare
3476 1210 3616 1265 insi-

2000 1306 2215 1373 pientes
2274 1304 2368 1375 qui
2427 1303 2903 1359 scandalizantur.
2979 1301 3174 1373 Arguit
3224 1310 3406 1357 autem
3480 1303 3617 1357 iusi-

2001 1397 2267 1469 pientiam
2308 1412 2501 1452 eorum
2556 1396 2647 1466 qui
2703 1388 3090 1463 reprehensuri
3144 1404 3324 1460 erant,
3384 1394 3616 1465 ideoque

2000 1493 2337 1558 interrogat:
2366 1479 2598 1547 Licetne.
2627 1489 2872 1546 Sabbato
2914 1504 3113 1545 sanare
3143 1504 3210 1543 an
3241 1505 3350 1545 non
3369 1489 3392 1528 ν
3423 1487 3617 1543 Nonne

1999 1583 2291 1639 manifeste
2324 1584 2517 1638 irridet
2544 1598 2639 1639 eos
2665 1590 2722 1637 ut
2763 1581 3127 1652 insipientes?
3162 1580 3446 1650 Siquidem
3487 1597 3613 1636 cum

1997 1676 2145 1735 Deus
2176 1676 2477 1733 Sabbatum
2512 1676 2881 1741 benedixerit,
2917 1676 3017 1745 ipsi
3054 1673 3379 1730 benefacere
3422 1674 3616 1745 prohi-

2001 1770 2133 1826 bent
2170 1768 2227 1824 in
2250 1782 2335 1833 eo,
2369 1778 2422 1821 et
2455 1782 2553 1838 per
2588 1766 2690 1822 hoc
2721 1764 2931 1821 faciunt
2961 1766 3186 1820 omnino
3227 1763 3615 1819 maledictum?

2000 1860 2121 1916 Non
2154 1859 2303 1915 enim
2341 1858 2667 1914 benedictus
2685 1858 2908 1914 estdies
2947 1858 3001 1913 in
3036 1872 3145 1927 quo
3167 1856 3303 1912 nihil
3328 1854 3455 1911 boni
3495 1855 3614 1911 fieri

1999 1956 2195 2012 soleat.
2223 1954 2291 2008 At
2316 1967 2439 2009 eum
2470 1950 2525 2005 hi
2545 1952 2783 2007 scientes
2815 1965 2927 2019 quo
2957 1948 3209 2003 tenderet
3232 1947 3611 2015 interrogatio,

1999 2047 2294 2111 siluerunt,
2332 2054 2463 2099 tune
2487 2042 2647 2099 Jesus
2679 2042 2823 2113 quod
2854 2055 3017 2096 suum
3043 2046 3165 2095 erat
3200 2038 3358 2101 facit.
3393 2048 3449 2094 et
3476 2053 3616 2093 con-

2005 2144 2153 2191 tactu
2211 2143 2374 2191 sanat
2426 2133 2751 2188 hominem:
2819 2130 3017 2185 deinde
3067 2131 3233 2185 etiam
3302 2127 3615 2185 Pharisatos

1998 2229 2327 2285 erubescere
2372 2227 2523 2293 facit,
2560 2226 2719 2297 quasi
2777 2226 2905 2281 talia
2937 2225 3144 2279 diceret
3173 2224 3255 2279 eis
3286 2242 3298 2277 :
3339 2222 3395 2279 Si
3421 2222 3613 2295 prohi-

1998 2320 2208 2378 huisset
2242 2320 2327 2376 lex
2352 2318 2601 2377 misereri
2635 2318 2689 2375 lu
2719 2317 2984 2381 Sahbato,
3019 2332 3126 2373 non
3158 2331 3305 2372 curat
3337 2316 3435 2371 tibi
3465 2316 3605 2372 fuis-

1997 2426 2084 2474 set
2137 2415 2183 2472 si
2236 2416 2382 2470 ﬁlius
2422 2424 2548 2470 tuus
2598 2414 2941 2485 periclitatus
2980 2412 3176 2471 fuisset
3225 2409 3607 2470 iuSabbato?

2000 2509 2068 2566 Et
2087 2509 2221 2581 quid
2248 2510 2371 2564 dico
2407 2508 2595 2565 filius?
2625 2524 2803 2581 neque
2822 2510 3019 2565 bovem
3047 2510 3371 2580 reliquisses
3400 2512 3613 2578 absque

1995 2603 2293 2671 adjutorio,
2321 2604 2366 2659 si
2397 2604 2798 2674 periclitantem
2830 2604 3087 2658 vidisses.
3124 2604 3413 2671 Quomodo
3447 2603 3614 2673 igitur

1998 2715 2107 2754 non
2139 2697 2366 2754 stultqu
2399 2696 2563 2751 fuerit
2603 2698 2748 2769 quod
2779 2699 3092 2753 observatis
3137 2699 3479 2751 sanationem
3514 2698 3615 2767 hy-

1998 2789 2213 2862 dropici
2257 2792 2310 2845 in
2376 2791 2660 2846 Sabbato?
2690 2788 2859 2862 394
2890 2789 3234 2861 Hydropicus
3292 2798 3377 2843 est
3432 2788 3615 2843 omnis

1996 2900 2207 2957 qmper
2229 2884 2549 2939 dissolutam
2576 2885 2741 2938 vitam
2768 2896 2817 2939 et
2857 2884 3121 2938 lubricam
3154 2883 3335 2937 anima
3373 2897 3470 2938 sua
3489 2896 3613 2952 gra-

1996 2980 2141 3037 viter
2172 2987 2423 3051 tegrotat,
2461 2978 2553 3048 qui
2586 2988 2639 3032 et
2696 2978 2916 3033 Christo
2946 2978 3194 3047 indiget:
3234 2988 3288 3032 et
3330 2975 3617 3030 sanabitur

1996 3071 2179 3143 plane,
2209 3073 2252 3129 si
2290 3083 2417 3129 ante
2462 3072 2745 3127 Christum
2800 3071 2986 3126 fuerit.
3052 3070 3193 3123 Nam
3249 3070 3340 3139 qui
3393 3084 3455 3125 se
3485 3083 3615 3126 ante

1997 3164 2278 3221 Christum
2324 3182 2447 3222 esse
2496 3165 2836 3231 considerat,
2896 3165 3147 3236 cogitans
3199 3178 3421 3234 semper
3475 3178 3615 3233 quo-

1921 3280 1969 3343 ρ
2004 3260 2165 3315 modo
2204 3258 2274 3314 ab
2317 3261 2435 3330 ipso
2458 3258 2732 3326 videatur,
2764 3259 2992 3333 minime
3030 3257 3304 3328 peccabit.

2079 3441 2241 3499 Vens.
2296 3442 2450 3497 7-H.
2492 3457 2515 3495 ε
2551 3440 2779 3496 Dicebat
2811 3448 2992 3494 autem
3045 3439 3113 3493 ad
3160 3438 3417 3494 invitatos
3450 3454 3615 3510 para-

2002 3538 2206 3601 bolam,
2239 3536 2531 3590 intendens
2562 3535 2835 3604 quomodo
2860 3534 3070 3601 primos
3101 3532 3388 3586 accubitus
3442 3531 3614 3602 elige-

2002 3636 2144 3692 rent,
2169 3627 2359 3684 dicens
2386 3627 2453 3680 ad
2489 3625 2613 3681 illos
2639 3643 2652 3681 :
2683 3626 2818 3681 Cum
2847 3626 3111 3679 invitatus
3140 3624 3310 3678 fueris
3340 3625 3407 3677 ab
3432 3623 3615 3693 aliquo

2003 3724 2072 3779 ad
2120 3723 2360 3794 nuptias,
2428 3738 2496 3777 ne
2528 3722 2826 3775 accumbas
2862 3719 2915 3773 in
2942 3718 3122 3788 primo
3161 3719 3304 3783 loco,
3360 3731 3427 3771 uc
3470 3715 3615 3770 forte

2002 3817 2325 3873 honoratior
2363 3824 2415 3870 te
2460 3816 2529 3870 ab
2571 3814 2663 3869 illo
2716 3814 2789 3867 sit
2858 3813 3142 3873 invitatus.
3209 3822 3265 3865 et
3306 3811 3529 3866 veniens
3570 3813 3614 3867 is

2002 3907 2097 3979 qui
2128 3918 2179 3962 le
2208 3916 2265 3961 et
2294 3907 2442 3959 illum
2473 3908 2713 3970 vocavit,
2737 3903 2886 3959 dicat
2925 3904 3018 3959 tibi
3057 3924 3069 3959 :
3116 3904 3185 3958 Da
3222 3904 3351 3959 huic
3377 3902 3560 3957 loeutn
3596 3921 3612 3957 :

2003 4009 2059 4055 et
2094 4009 2224 4054 tunc
2274 3998 2508 4070 incipias
2545 4012 2671 4053 eum
2727 3999 2928 4052 rubore
2965 4006 3274 4051 extremum
3304 3996 3615 4051 locumte-

2004 4106 2137 4147 nere
2206 4110 2220 4145 :
2294 4092 2429 4162 quin
2475 4090 2659 4161 potius
2722 4104 2844 4145 cum
2898 4099 3123 4144 vocatus
3181 4087 3386 4155 fueris,
3437 4088 3614 4155 vade,

2005 4185 2272 4240 acctnube
2338 4185 2391 4237 in
2469 4184 2771 4240 novissimo
2839 4185 2999 4249 loco,
3087 4192 3145 4237 ut
3204 4198 3327 4239 cum
3400 4185 3617 4239 venerit

2004 4277 2178 4346 quite
2209 4278 2483 4343 invitavit,
2512 4276 2659 4331 dicat
2703 4277 2802 4332 tibi
2857 4278 3125 4343 :Amice,
3167 4278 3403 4333 ascende
3456 4290 3620 4346 supt-

2008 4369 2121 4423 rius
2161 4387 2174 4423 :
2240 4377 2375 4423 tunc
2423 4370 2532 4424 erit
2565 4369 2663 4425 tibi
2696 4369 2869 4440 gloria
2912 4384 3100 4424 coram
3148 4369 3309 4424 simul
3366 4369 3617 4424 disrum-

2006 4462 2303 4519 bentibus:
2341 4462 2467 4533 quia
2492 4464 2673 4519 omnis
2700 4465 2791 4533 qui
2844 4479 2903 4518 se
2926 4463 3164 4527 extollit,
3196 4462 3573 4519 humiliabilnr
3596 4503 3612 4528 ,

2006 4564 2063 4610 et
2095 4554 2188 4625 qui
2239 4569 2299 4610 se
2333 4554 2607 4618 humiliat.
2632 4555 2945 4611 extolletur.
2993 4574 3012 4609 ι
3054 4554 3419 4610 Videscmuas
3455 4554 3617 4609 Chri-

292 4637 571 4706 ὠφέλειαν
597 4635 789 4706 ψυχῶν
813 4674 829 4700 ,
864 4635 965 4689 οὐκ
1004 4637 1081 4699 είς
1113 4635 1277 4707 κόρον
1319 4636 1563 4707 γαστρὸς
1590 4639 1897 4708 καταστρε-

2006 4648 2075 4703 sti
2101 4646 2295 4717 quales
2342 4647 2477 4715 sint,
2526 4661 2724 4719 nempe
2756 4649 2811 4703 in
2849 4649 3144 4703 utilitatem
3177 4649 3399 4709 animat.
3429 4658 3481 4701 et
3510 4663 3616 4703 non

293 4743 505 4799 φοντας
539 4728 644 4781 Ἴδε
674 4729 804 4800 γὰρ,
840 4728 1027 4781 ἰάσατο
1063 4728 1155 4781 τὸν
1181 4728 1512 4797 ύδρωπικὸν,
1538 4729 1745 4794 ἐδίδαξε
1774 4730 1898 4794 τοὺς

293 4820 651 4891 Φαρισαίους,
699 4821 783 4875 ὅτι
841 4820 1006 4874 καλὸν
1038 4824 1100 4873 τὸ
1148 4822 1206 4874 ὲν
1240 4819 1507 4892 Σαϐϐάτῳ
1559 4822 1897 4890 εὐεργετεῖν.

306 4915 467 4968 Ἐπεὶ
516 4914 575 4967 δὶ
623 4908 766 4967 εῖδεν
818 4914 1018 4979 αὐτοὺς
1057 4916 1153 4968 καὶ
1195 4916 1323 4986 περὶ
1352 4916 1453 4985 τῆς
1490 4915 1901 4986 πρωτοκλισίας

297 5006 762 5077 θορυϐουμένους,
822 5008 969 5061 ίᾶται
1021 5010 1113 5061 καὶ
1165 5008 1327 5061 τοῦτο
1357 5006 1421 5061 τό
1453 5007 1627 5071 πάθος
1657 5008 1759 5060 ούκ
1792 5008 1902 5062 ἀπὸ

296 5100 546 5171 σμικρᾶς
573 5099 879 5169 ἀρχόμενον
935 5101 1287 5169 προφάσεως,
1344 5099 1461 5152 ἀλλ’
1510 5100 1619 5153 ἀπὸ
1659 5100 1903 5170 μεγάλης

297 5195 399 5247 καὶ
424 5193 877 5259 δυσδιαφεύκτου,
910 5194 1005 5261 τῆς
1025 5193 1332 5257 κενοδοξίας
1368 5194 1511 5265 φημί
1537 5211 1549 5225 ·
1580 5196 1675 5249 καὶ
1712 5196 1788 5266 μή
1817 5212 1903 5257 τις

295 5285 574 5354 νομιζέτω
603 5285 701 5354 τὴν
735 5286 863 5354 περὶ
905 5286 1095 5338 τούτου
1116 5286 1467 5341 διδασκαλίαν
1494 5290 1699 5359 μικρὰν
1736 5284 1902 5353 εἶναι,

299 5380 397 5433 καὶ
426 5379 655 5445 ἀναξίαν
676 5380 778 5448 τῆς
801 5378 895 5431 τοῦ
928 5379 1065 5433 Θεοῦ
1102 5381 1581 5452 μεγαλοπρεπείας
1610 5401 1621 5412 ⁸
1662 5383 1903 5453 μάλιστα

302 5474 407 5545 μὲν
453 5474 559 5541 γὰρ
604 5474 725 5525 οὐδὲ
770 5473 952 5543 ἰατρὸν
1003 5475 1390 5543 φιλάνθρωπον
1435 5478 1613 5541 εἴποις
1666 5477 1753 5542 ἂν,
1812 5478 1904 5531 τον

300 5565 587 5630 ’ποδάγραςΓ
630 5566 727 5635 μὲν
784 5568 968 5619 ίᾱσθαι
1020 5570 1513 5639 ἐπαγγελλόμενον,
1550 5580 1641 5623 καὶ
1670 5574 1768 5624 ὅσα
1798 5574 1904 5624 τῶν

298 5660 633 5727 νοσημάτων
694 5658 971 5727 ἀξιόλογα,
1030 5660 1297 5713 δακτύλου
1378 5664 1431 5716 δὲ
1496 5665 1811 5736 σύντριμμα
1870 5665 1901 5735 ἢ

297 5752 516 5813 ὀδόντος
532 5750 694 5818 ἄλγος
721 5753 795 5823 μὴ
824 5754 1112 5823 δεχόμενον
1140 5755 1485 5825 θεραπεύειν.
1527 5758 1763 5811 Ἔπειτα
1789 5758 1905 5821 πῶς

305 5845 597 5918 μικρὸνντὸ
626 5846 723 5915 τῆς
758 5848 1066 5914 κενοδοξίας
1121 5850 1316 5913 πάθος,
1360 5849 1387 5901 ὃ
1418 5849 1650 5919 ἠνώχλει
1684 5853 1905 5916 πάντως

300 5941 416 6001 τοῖς
445 5936 546 5999 τὰς
572 5940 978 6007 πρωτοκλισίας
1004 5940 1294 6011 insciam;
1333 5942 1530 6013 Ἐχρῆν
1563 5938 1678 6007 οὖν,
1737 5944 1906 6016 ὲχρῆν

2012 4744 2066 4797 in
2107 4744 2418 4799 satietatem
2452 4745 2659 4798 ventris
2690 4753 3003 4799 vertuntur.
3032 4741 3176 4798 Ecce
3206 4742 3351 4796 enim
3402 4743 3620 4796 sanavit

2011 4833 2368 4905 hydropicum
2401 4852 2415 4888 :
2450 4835 2633 4889 docuit
2664 4832 2976 4889 Pharismos
3002 4836 3145 4903 quod
3200 4834 3401 4888 bonum
3446 4833 3519 4888 sit
3562 4834 3616 4888 in

2012 4923 2253 4983 Sabbato
2280 4926 2624 4983 benefacere.
2667 4925 2735 4982 Et
2776 4934 2965 4997 postea
2996 4928 3187 4982 videns
3207 4941 3305 4983 eos
3346 4927 3412 4983 de
3443 4926 3619 4992 primo

2012 5021 2265 5076 accubitu
2288 5021 2639 5085 tumultuari,
2670 5029 2829 5077 sanat
2860 5031 2913 5076 et
2942 5022 3082 5075 hanc
3108 5019 3478 5085 allec-tionem,
3499 5034 3621 5090 qum

2014 5129 2119 5168 non
2144 5127 2373 5183 aparva,
2400 5114 2495 5168 sed
2521 5128 2715 5182 magna
2736 5124 2785 5167 et
2809 5116 2899 5168 vix
2917 5112 3193 5183 efl‘ugabili
3214 5128 3379 5167 causa
3408 5112 3619 5181 incipit,

2015 5206 2163 5261 inani
2205 5205 2425 5274 inquam
2465 5206 2661 5275 gloria.
2684 5205 2834 5260 lit-ne
2856 5206 2976 5272 quis
3004 5206 3282 5259 existimet
3307 5204 3408 5256 hoc
3424 5204 3621 5257 docere

2017 5298 2196 5351 minus
2226 5306 2276 5351 et
2312 5297 2591 5367 indignum
2611 5310 2731 5350 esse
2758 5293 3161 5364 magnificentia
3189 5294 3339 5347 verbi
3372 5292 3488 5355 Dei,
3513 5293 3622 5345 into

2014 5390 2255 5443 maxime
2296 5390 2457 5459 :quiu
2495 5389 2738 5442 medicus
2774 5387 2864 5457 qui
2907 5386 3197 5456 pollicetur
3230 5402 3430 5441 sanare
3456 5387 3624 5453 pods.

2015 5496 2192 5551 grant,
2224 5495 2523 5548 omnesque
2572 5481 2792 5533 lilDl'bOS
2839 5488 3143 5533 memoratu
3177 5478 3396 5547 dignos,
3448 5492 3623 5545 neque

2017 5573 2311 5641 digitorum
2377 5573 2713 5636 attritioncs,
2771 5571 2855 5625 vel
2900 5572 3084 5626 dentis
3126 5571 3369 5625 dolorem
3425 5584 3624 5623 sanare

2016 5669 2306 5724 detractat.
2367 5669 2573 5723 Deinde
2635 5670 2908 5739 quomodo
2962 5684 3165 5736 parvus
3224 5668 3403 5721 inanis
3439 5668 3622 5732 gluruc

2017 5762 2263 5825 morbus,
2310 5778 2420 5832 quo
2476 5764 2701 5816 omnino
2747 5764 3039 5816 turbantur
3074 5763 3166 5829 qui
3217 5762 3425 5829 primus
3464 5773 3624 5811 acru-

2016 5856 2157 5909 bitus
2175 5866 2425 5924 quaerunt
2444 5858 2465 5909 ’ἶ
2484 5855 2781 5923 Oportebat
2814 5856 2975 5925 igitur
3001 5856 3327 5910 humilitatis
3348 5855 3621 5905 tiOt'U'i‘t‘lll

2016 5958 2069 6000 et
2118 5950 2423 6019 principem
2474 5960 2528 6002 et
2559 5957 3065 6003 consummatorem
3123 5947 3402 5999 Christum
3437 5962 3623 6004 «tumes
