4048 6462
505 440 607 506 S31

1427 423 2014 490 THEOPHYLACTI
2055 415 2470 480 BULG.\R|.E
2507 418 2550 474 Α
2566 412 2711 473 RCH
2726 411 2866 472 [ΕΡ.

3667 393 3776 454 (ἐπὶ

498 567 682 611 ramos
712 550 885 605 inanis
935 547 1118 616 gloriae
1149 554 1452 615 amputare.
1501 543 1569 601 Et
1596 542 1700 597 hoc
1736 554 1955 610 quoque
1982 553 2076 593 ex-

2208 533 2276 586 ‘6v
2302 534 2399 603 τῆς
2429 527 2815 588 ταπεινώσεως
2861 517 3204 582 διδάσκαλον,
3234 516 3330 568 καὶ
3381 511 3650 581 ἀρχηγθιν,
3686 507 3777 557 καὶ

505 646 701 717 pende,
730 644 774 696 si
815 655 920 695 non
955 638 1153 694 fuisset
1183 645 1398 706 tempus
1421 648 1642 698 mensa,
1667 631 1806 687 etde
1831 631 1936 686 hoc
1974 630 2089 683 dis-

383 803 390 810 _
504 735 764 794 seruisset
794 731 1057 786 Dominus
1091 729 1285 784 relicto
1317 727 1385 784 de
1413 725 1538 780 aliis
1586 725 1752 780 rebus
1798 735 2077 782 sermone,

506 831 648 882 esset
673 823 811 877 forte
837 819 1260 891 {reprehensioni
1315 817 1510 872 locus:
1553 830 1698 869 nunc
1739 823 1918 868 autem
1963 810 2091 881 quia

510 920 638 974 hora
673 929 843 970 caena:
879 924 932 967 et
976 910 1296 966 ambitionis
1347 909 1571 964 morbus
1603 907 1833 961 miseros
1867 902 2094 958 turbans

508 1019 635 1062 ante
674 1005 862 1060 oculos
896 1001 1194 1057 Salvatoris
1222 1000 1567 1064 versabatur,
1602 1006 1811 1064 tempus
1837 1002 1955 1047 erat
1991 991 2093 1043 ad-

508 1098 846 1154 monitionis.
905 1092 1040 1148 Vide
1069 1092 1214 1146 enim
1241 1098 1298 1145 et
1326 1089 1485 1144 aliter
1537 1087 1813 1158 quomodo
1851 1098 1882 1137 a
1931 1083 2090 1151 culpa

508 1191 782 1246 hominem
823 1187 1041 1249 liberet,
1068 1194 1124 1239 et
1149 1183 1421 1253 quomodo
1460 1180 1636 1248 ipsum
1660 1175 1873 1230 civilem
1903 1173 2090 1227 faciat.

507 1280 723 1350 Quanta
762 1279 906 1334 enim
963 1277 1282 1332 confusione
1308 1275 1524 1345 plenus,
1561 1285 1682 1325 cum
1742 1265 2094 1332 requisiveris

508 1375 689 1428 locum
746 1383 796 1426 te
852 1370 1153 1438 indignum,
1191 1376 1247 1421 et
1299 1364 1495 1420 deinde
1540 1376 1662 1416 cum
1714 1356 2096 1426 supervenerit

510 1467 741 1537 dignior,
776 1467 820 1516 is
849 1465 938 1530 qui
973 1473 1022 1515 te
1043 1457 1461 1524 vocavit,~-dieat
1491 1472 1504 1510 :
1536 1452 1611 1507 Da
1641 1451 1766 1506 huic
1789 1451 1989 1511 locum,
2022 1448 2097 1502 id-

509 1575 615 1629 que
665 1558 842 1626 saepe?
874 1550 1367 1610 Desceudes’enim
1407 1559 1483 1615 tu,
1535 1547 1823 1601 illi‘autem
1856 1544 2093 1614 primum

512 1654 687 1707 lorum
726 1648 1093 1717 occupabunt.
1143 1645 1373 1710 Contra,
1419 1649 1625 1712 quanta
1672 1637 1835 1692 laude
1877 1637 2094 1706 dignus,

511 1745 728 1814 quando
777 1743 952 1811 prima
1009 1738 1142 1794 sella
1172 1732 1704 1808 dignusqtrincipio
1733 1731 1881 1788 sedet
1915 1731 1966 1782 in
1991 1729 2106 1807 hu-.

515 1836 629 1890 mili
656 1836 799 1899 loco,
833 1845 887 1887 et
933 1842 1120 1901 postea
1163 1844 1278 1900 pra:
1320 1829 1442 1883 aliis
1478 1828 1674 1883 sedere
1725 1821 2105 1894 conrperiturr

516 1929 766 1982 omnibus
824 1927 899 1979 illi
941 1925 1114 1994 primo
1159 1923 1280 1977 loco
1327 1919 1687 1976 cedentibus?
1737 1916 1873 1972 Num
1932 1917 2093 1985 igitur

515 2035 680 2090 parva
712 2019 805 2072 tibi
834 2018 1044 2072 videtur
1078 2015 1166 2070 illa
1194 2014 1492 2070 admonitio
1521 2011 1756 2074 Domini,
1779 2025 1898 2080 qua
1919 2003 2092 2064 maxi-

517 2127 657 2164 mam
699 2110 959 2163 virtutum
988 2105 1350 2162 humilitatem
1396 2105 1572 2167 docet,
1600 2113 1654 2157 et
1687 2104 1740 2156 in
1778 2101 2087 2155 audimrum

517 2205 798 2257 animabus
815 2204 1068 2266 collocat,
1103 2210 1160 2256 et
1188 2201 1253 2253 ad
1285 2201 1569 2254 honestam
1601 2199 1727 2252 vitae
1759 2197 2097 2252 observatio-

517 2311 638 2349 nem
661 2294 823 2366 395
855 2294 1042 2349 ducit?
1068 2293 1118 2347 id
1145 2293 1288 2363 quod
1311 2291 1514 2348 Christi
1546 2290 1774 2346 dilectus
1797 2289 2095 2359 discipulus

520 2389 716 2444 Paulus
750 2397 939 2459 postea
965 2387 1103 2442 dixit
1130 2405 1143 2440 :
1182 2405 1201 2439 t
1239 2383 1434 2441 Omnia
1467 2385 1692 2440 honeste
1714 2393 1769 2438 et
1790 2383 2089 2437 secundum

515 2482 792 2544 ordinem,
841 2480 1047 2548 inquit,
1083 2481 1231 2532 fiant.
1271 2497 1290 2530 ι
1315 2476 1434 2544 Quo
1464 2487 1622 2546 pacto
1656 2476 1939 2546 igiturhoc
1971 2473 2100 2528 fiet?

515 2572 702 2628 Nullus
730 2582 934 2642 quaerat
960 2573 1102 2641 quod
1133 2586 1291 2626 suum
1310 2578 1413 2633 est,
1440 2570 1534 2624 sed
1554 2569 1926 2638 unusquisque
1954 2567 2097 2636 quod

517 2664 761 2718 alterius.
799 2663 959 2717 Vides
1008 2662 1331 2732 discipulum
1386 2665 1576 2716 eadem
1606 2660 1772 2731 loqui,
1827 2673 1946 2727 qua-
1977 2674 2094 2711 ma-

516 2757 682 2825 gister
725 2756 872 2824 ejus?
943 2755 1086 2810 Istud
1141 2770 1272 2810 vero
1317 2773 1385 2808 ει
1453 2753 1646 2808 Omnis
1705 2753 1798 2822 qui
1855 2753 2092 2820 seipsum

515 2849 719 2903 exaltat
743 2847 1116 2902 humiliabitur
1137 2845 1204 2912 “,
1231 2866 1250 2900 ι
1307 2862 1415 2917 quo
1453 2857 1614 2917 pacto
1640 2845 1973 2916 intelligam?
2006 2825 2094 2897 Et-

518 2941 663 2994 enim
697 2941 850 2994 ntttlti
875 2940 929 2993 itt
972 2941 1081 3013 vita
1125 2941 1224 2993 hac
1245 2953 1305 2994 se
1334 2938 1659 3004 exaltantes,
1689 2939 1894 2992 honore
1913 2936 2101 2990 fruun-

516 3039 626 3086 tur.
655 3031 823 3102 lgitur
853 3031 955 3086 hoc
1007 3032 1225 3100 quidem
1263 3031 1536 3085 humiliari
1577 3041 1683 3096 est,
1718 3030 1938 3101 quando
1969 3033 2093 3101 quis
2127 3041 2134 3054 ί

515 3122 712 3180 fruitur
744 3140 939 3192 magno
973 3125 1180 3180 honore
1211 3125 1265 3179 in
1300 3123 1523 3186 mundo,
1556 3131 1668 3177 tum
1700 3124 1867 3178 miser
1896 3132 1950 3179 et
1985 3123 2091 3178 bu-

517 3216 662 3270 milis
703 3215 763 3268 lit
793 3217 935 3285 apud
969 3216 1157 3272 Deum.
1198 3215 1424 3286 Insuper
1451 3230 1556 3270 non
1599 3229 1772 3285 usque
1798 3215 1866 3269 ad
1913 3215 2100 3282 linem,
2129 3235 2173 3294 ο

519 3320 697 3376 neque
718 3307 861 3375 apud
892 3322 1085 3363 omnes
1117 3308 1169 3361 in
1205 3307 1298 3362 tali
1340 3309 1548 3362 honore
1572 3316 1677 3371 est,
1705 3307 1802 3362 sed
1843 3317 2102 3377 quantum

521 3411 551 3448 a
589 3396 917 3467 quibusdam
953 3399 1303 3459 observatur,
1333 3408 1544 3452 tantum
1570 3397 1639 3452 ab
1665 3397 1786 3451 aliis
1818 3397 2107 3461 irridetur,

523 3499 580 3542 et
610 3503 996 3559 nonnunquam
1035 3489 1101 3543 ab
1157 3489 1242 3543 his
1281 3505 1311 3543 a
1351 3490 1552 3558 quibus
1598 3473 1916 3543 honoratur.
1975 3487 2110 3543 Vera

520 3579 684 3650 igitur
715 3590 799 3634 est
843 3580 1137 3635 sententia.
1183 3579 1251 3636 Et
1294 3581 1472 3634 onmis
1510 3581 1763 3651 indignus
1812 3583 1954 3634 hanc
2008 3580 2110 3635 sibi

520 3671 909 3725 sublimitatem
953 3671 1259 3736 vindicans,
1285 3670 1681 3736 humiliabitur,
1705 3682 1760 3726 et
1779 3673 1918 3740 apud
1945 3673 2111 3727 Deum

522 3777 589 3831 qr
622 3761 764 3827 dem,
787 3763 1007 3830 quando
1041 3761 1286 3816 ultimum
1312 3760 1600 3831 judicium,
1626 3761 1678 3816 in
1702 3761 1812 3815 vita
1853 3775 1982 3815 vero
2011 3762 2112 3817 hac

522 3853 773 3906 maxime.
817 3853 1019 3906 Natura
1043 3852 1191 3907 enim
1224 3853 1403 3906 omnis
1447 3852 1610 3905 homo
1658 3852 1910 3920 indignus
1943 3851 2113 3906 subli-

523 3944 736 3997 mitate.
775 3944 976 3998 Nullus
1006 3944 1174 4013 igitur
1195 3941 1518 4008 extollatur,
1545 3952 1604 3996 ut
1635 3957 1704 3996 ne
1734 3953 1978 3997 extreme
2007 3945 2108 3998 ltu-

523 4036 783 4090 milictur.

601 4210 769 4267 Vens.
805 4211 984 4265 lS-ls.
1027 4230 1045 4263 ι
1082 4210 1307 4266 Dicebat
1332 4222 1513 4267 autem
1544 4223 1598 4268 et
1625 4214 1673 4269 ei
1696 4215 1787 4283 qui
1827 4230 1886 4270 se
1915 4215 2112 4270 invita-

525 4313 680 4357 verat
718 4303 892 4376 :‘Cum
922 4303 1055 4357 fucis
1077 4304 1367 4373 prandium
1393 4315 1485 4358 aut
1507 4317 1744 4366 omnem,
1778 4306 1886 4360 noli
1919 4321 2113 4361 vocare

525 4393 730 4448 amicos
767 4403 922 4460 tuos,
968 4411 1143 4463 neque
1192 4394 1393 4450 fratres
1425 4405 1584 4460 tuos,
1630 4412 1806 4466 neque
1852 4408 2112 4468 c0gnatos

531 4496 670 4550 tuos,
701 4501 880 4554 neque
906 4488 1112 4542 vicinos
1145 4489 1339 4542 divites
1363 4527 1378 4551 ,
1414 4491 1698 4558 nequando
1727 4500 1780 4544 et
1811 4491 1911 4558 ipsi
1953 4499 2004 4545 te
2027 4492 2104 4545 vi-

2191 602 2482 694 τελειωτήν
2514 619 2747 692 Χριστὸν
2775 617 2958 670 πάντα
2992 613 3189 666 κλάδον
3218 609 3319 678 τῆς
3350 605 3595 673 πονηρᾶς
3627 602 3779 694 ῥίζης

2192 716 2292 785 τῆς
2321 691 2628 776 κενοδοξίας
2661 708 2970 776 ἐκτέμνειν.
3004 704 3116 757 Καὶ
3145 700 3307 754 τοῦτο
3333 695 3391 749 δέ
3427 712 3518 765 μοι
3545 691 3777 785 προσλο-

2194 784 2349 879 γίζου
2374 825 2388 841 ·
2430 809 2478 860 εί
2506 806 2605 874 μὶν
2631 798 2727 856 οὖν
2761 801 2863 854 ούκ
2898 794 2968 868 ἦν
2997 794 3189 866 καιρὸς
3209 788 3513 863 τραπέζης,
3567 784 3780 879 καὶ-δι-

2196 876 2415 968 ελέγετο
2441 898 2569 968 περὶ
2598 894 2804 949 τούτων
2829 894 2856 946 6
2873 891 3100 961 Κύριος,
3119 887 3280 955 ἀφεὶς
3299 882 3426 945 τοὺς
3455 878 3590 949 περὶ
3610 876 3787 968 ἀλλων

2195 966 2408 1061 λόγους,
2441 966 2586 1060 εἶχεν
2620 987 2687 1041 ἀν
2718 985 2876 1050 λόγον
2904 984 2938 1052 ἡ
2976 979 3207 1051 μέμψις,
3243 975 3341 1028 νῦν
3370 973 3426 1026 δὲ
3451 970 3672 1025 δείπνου
3697 966 3787 1061 δν-

2194 1057 2306 1147 τος,
2330 1081 2426 1134 καὶ
2446 1057 2542 1132 τού
2569 1077 2667 1148 τῆς
2688 1071 3092 1144 φιλοπρωτειας
3116 1067 3324 1128 πάθους
3353 1064 3460 1133 πρὸ
3485 1057 3789 1148 ὀφθαλμῶν

2195 1175 2291 1230 τοῦ
2323 1174 2577 1243 Σωτῆρος
2611 1167 2956 1238 ἐνοχλοῦντος
2996 1165 3105 1224 τοῖς
3137 1161 3414 1220 ἐλεεινοῖς,
3453 1154 3651 1226 καιρὸν
3703 1147 3785 1204 εἷ-

2198 1286 2291 1338 χεν
2312 1268 2346 1338 ἡ
2375 1265 2716 1333 παραίνεσις.
2751 1259 2856 1312 Ἴδε
2886 1256 2996 1328 γὰρ
3034 1255 3131 1308 καὶ
3167 1251 3343 1312 ἄλλως
3397 1248 3563 1301 πόσου

2196 1337 2290 1414 τὸν
2319 1337 2605 1430 ἄνθρωπον
2653 1352 3013 1414 ἀπαλλάττει,
3065 1347 3160 1399 καὶ
3189 1345 3309 1406 πῶς
3354 1343 3586 1408 κόσμιον
3618 1337 3792 1430 αὑτὸν

2199 1453 2367 1504 ποιεῖ.
2398 1426 2578 1517 [idem
2626 1445 2738 1515 γὰρ
2767 1439 3033 1510 αἰσχύνης
3072 1437 3405 1505 ἀνάμεστον,
3423 1432 3556 1484 ὅταν
3579 1428 3675 1481 τὸν
3717 1426 3792 1495 μὴ

2199 1542 2483 1615 πρέποντά
2524 1557 2607 1593 σοι
2663 1538 2828 1590 τόπον
2869 1534 3192 1604 ζητήσαντι,
3239 1521 3360 1578 εἶτα
3411 1523 3661 1584 ἐλθόντος
3697 1517 3792 1572 τοῦ

2199 1636 2573 1706 ἐντιμοτέρου,
2619 1633 2648 1684 6
2683 1629 2921 1690 καλέσας
2956 1643 3015 1678 σε
3055 1625 3220 1693 εῐπῃ·
3266 1620 3366 1682 Δὸς
3394 1616 3574 1685 τούτῳ
3601 1615 3790 1672 τόπον,

2199 1732 2294 1782 καὶ
2321 1727 2480 1781 τοῦτο
2512 1724 2795 1784 πολλάκις,
2844 1720 2945 1772 καὶ
2979 1714 3282 1783 ύποδαίνῃς
3320 1711 3418 1779 μὲν
3448 1708 3636 1770 αὐτὸς,
3658 1707 3794 1758 £sz-

2200 1840 2278 1876 νοι
2311 1821 2367 1874 δὲ
2393 1817 2798 1888 προεδρεύωσις
2839 1813 3012 1865 [Idaeo
3048 1810 3104 1862 δὲ
3137 1806 3362 1860 ἐπαίνου
3404 1801 3554 1866 ἀξιον
3575 1803 3797 1852 tofum-—

2199 1916 2337 1976 τίον,
2365 1914 2494 1966 ὅταν
2522 1913 2549 1964 6
2572 1910 2671 1978 τῆς
2704 1904 2927 1978 πρώτης
2963 1901 3233 1970 καθέδρας
3280 1897 3451 1962 ἀξιος,
3482 1892 3696 1954 ὑποϐὰς
3739 1890 3797 1953 ἐξ

2205 2008 2405 2080 ἀρχῆς,
2446 2001 2565 2057 εἶτα
2611 1998 2957 2072 προεδρεύων
2993 1993 3216 2065 εὑρεθῇ,
3257 1991 3476 2045 πάντων
3505 1984 3796 2053 ἐξισταμέ-

2345 2096 2496 2168 αύτῷ
2538 2095 2647 2148 τῶν
2679 2090 2995 2162 πρωτείων;
3022 2083 3171 2157 ’Ᾱρα
3224 2082 3399 2153 μικρά
3441 2098 3524 2133 σοι
3580 2079 3732 2132 δοκεῖ
3762 2078 3798 2147 ἡ

2205 2191 2428 2257 τοιαύτη
2458 2185 2552 2239 τοῦ
2604 2183 2808 2250 Κυρίου
2848 2177 3192 2248 παραίνεσις,
3247 2174 3345 2241 τὴν
3379 2169 3650 2240 μεγίστην
3689 2168 3798 2218 τὼν

2207 2281 2440 2354 ἀρετῶν,
2469 2280 2566 2348 τὴν
2596 2273 2926 2329 ταπείνωσιν
2948 2265 3369 2335 ύπογράφουσα,
3414 2262 3510 2314 καὶ
3537 2262 3660 2322 ταῖς
3691 2258 3800 2312 τιῖρν

2206 2352 2575 2447 ἀκροωμένων
2609 2369 2811 2439 ψυχαῖς
2842 2359 3251 2432 ὲγκαθιστῶσα,
3284 2359 3380 2411 καὶ
3424 2355 3564 2423 πρὸς
3603 2353 3666 2447 τί»
3708 2352 3800 2404 εὖ·

2209 2441 2419 2540 σχημον
2447 2469 2656 2533 ἄγουσα
2677 2461 2838 2528 τότ-γε
2888 2455 3059 2523 αὐτῆς
3087 2454 3388 2516 ἀκούοντα;
3413 2451 3552 2517 ὅπερ
3591 2441 3688 2501 οὖν
3709 2447 3800 2497 καὶ

2205 2537 2494 2630 ὁνΧριστοῦ
2521 2553 2768 2626 μαθητὴς
2795 2548 3011 2616 Παῦλος
3031 2545 3258 2614 ὕστερον
3271 2539 3414 2602 εἷπε,
3445 2558 3465 2590 t
3501 2539 3692 2591 Πάντα
3712 2537 3800 2630 εύ-

2208 2624 2496 2721 σχητμόνως
2524 2624 2632 2700 καὶ
2663 2643 2806 2697 κατὰ
2837 2641 3014 2706 τάξιν,
3039 2637 3192 2708 φησὶ,
3219 2633 3474 2702 γινέσθω.
3499 2651 3518 2682 ι
3556 2631 3682 2692 uo;
3709 2624 3801 2681 οὖν

2209 2741 2370 2796 τοῦτο
2392 2739 2686 2808 γενήσεται
2710 2752 2724 2800 ;
2755 2733 2962 2803 Μηδεὶς
2988 2731 3051 2785 τὸ
3071 2727 3267 2783 ἑαυτοῦ
3295 2725 3553 2796 ζητείτω,
3582 2722 3724 2776 ἀλλά
3743 2721 3802 2774 τὸ

2208 2832 2302 2886 τοῦ
2330 2832 2521 2900 ἑτέρου
2553 2827 2806 2888 ἕκαστος.
2849 2823 3014 2895 Ὁρᾷς
3039 2821 3132 2875 τδν
3176 2819 3427 2891 μαθητὴν
3459 2815 3527 2870 τά
3561 2816 3702 2868 αὐτὰ
3725 2811 3801 2882 τῷ

2205 2924 2515 2982 δ.δασκάλω
2543 2919 2914 2989 φθεγγόμενον
2935 2935 2950 2984 ;
2975 2915 3051 2968 T6
3069 2915 3148 2978 δὲ,
3183 2933 3200 2966 ι
3233 2914 3346 2975 Πᾶς
3369 2914 3398 2964 6
3427 2911 3580 2980 ὑψῶν
3612 2909 3804 2964 ἑαυτὸν

2210 3014 2734 3085 ταπεινωθήσεται,»
2778 3010 2896 3072 πῶς
2920 3009 3220 3076 νοήσομεν;
3251 3003 3362 3058 Καὶ
3389 3004 3500 3073 γὰρ
3533 3001 3723 3055 πολλοὶ
3749 3001 3804 3052 ἐν

2208 3109 2290 3180 τῷ
2322 3108 2422 3180 βίῳ
2453 3107 2632 3176 τούτῳ
2663 3103 2927 3173 ύψοῦντες
2965 3101 3220 3162 ἑαυτοὺς,
3240 3098 3403 3168 τιμῆς
3429 3095 3800 3150 ἀπολαύουσι·

2206 3202 2364 3255 τοῦτο
2395 3201 2492 3270 μὲν
2523 3194 2617 3251 οὖν
2649 3197 2767 3250 ἐστι
2803 3195 2864 3248 τὸ
2908 3192 3297 3253 ταπεινοῦσθαι
3317 3233 3331 3254 ,
3368 3193 3498 3244 ὅταν
3553 3207 3640 3254 τις
3668 3193 3805 3244 ἀπο-

2216 3296 2355 3365 λαύῃ
2385 3293 2628 3353 πλείονος
2659 3291 2825 3360 τιμῆς
2855 3289 2914 3340 δν
2942 3285 3020 3357 τῷ
3048 3287 3240 3354 κόσμῳ
3269 3300 3283 3314 ·
3320 3284 3442 3337 τότε
3483 3284 3596 3354 γὰρ
3625 3283 3804 3346 ἄθλιος

2215 3389 2311 3440 καὶ
2343 3382 2601 3445 ταπεινὸς
2630 3381 2779 3451 παρὰ
2805 3377 2946 3448 Θεῷ.
2968 3378 3202 3430 Ἔπειτα
3218 3375 3278 3429 δὲ
3305 3378 3408 3428 οὐκ
3432 3375 3562 3445 ἀχρι
3592 3374 3804 3439 τέλους,

2215 3478 2338 3533 οὐδὲ
2375 3476 2527 3547 παρά
2579 3476 2748 3528 πᾶσιν
2787 3473 2818 3526 6
2855 3470 3098 3533 τοιοῦτος
3161 3470 3412 3540 τιμᾶται,
3464 3468 3582 3520 ἀλλ’
3611 3468 3671 3520 ὲν
3700 3468 3808 3536 δσῳ

2213 3570 2425 3632 τούτοις
2470 3569 2739 3637 τιμᾶται,
2772 3566 2970 3618 ἐκεῖνοι
3013 3562 3363 3634 διασύρουσιν
3412 3560 3601 3626 αὐτὸν,
3643 3560 3678 3632 ἢ
3717 3562 3807 3612 καὶ

2213 3664 2374 3718 αύτοὶ
2402 3664 2452 3716 οὶ
2483 3660 2774 3730 τιμῶντες.
2814 3656 3043 3727 ’Δληθὴς
3067 3655 3160 3710 οὖν
3185 3658 3217 3727 η
3252 3654 3355 3724 τῆς
3385 3654 3650 3723 ἀληθείας
3673 3653 3808 3707 ἀπὸ·

2213 3774 2397 3828 φασις.
2435 3755 2546 3806 Καὶ
2581 3753 2690 3814 πᾶς
2719 3753 2749 3803 6
2795 3749 3016 3814 ἀνάξιος
3071 3746 3242 3815 ὕψους
3266 3785 3281 3809 ,
3343 3745 3804 3816 σφετεριζόμενος

2214 3849 2399 3912 τοῦτο,
2427 3842 2923 3912 ταπεινωθήσεται,
2972 3843 3068 3894 καὶ
3125 3840 3279 3911 παρά
3309 3839 3388 3909 τῷ
3421 3839 3545 3909 Θεῷ
3572 3839 3698 3910 μὲν,
3719 3839 3807 3891 ὅτε

2213 3943 2248 4010 ὴ
2277 3938 2566 3992 τελευταία
2605 3935 2810 4006 κρίσις,
2841 3937 2950 3986 κάν
2997 3933 3075 4004 τῷ
3121 3933 3222 4002 βίῳ
3267 3932 3326 3984 δὲ
3365 3930 3544 4000 τούτῳ
3586 3933 3807 3984 πάντων

2218 4031 2480 4102 μάλισταο
2540 4028 2704 4096 φύσει
2749 4026 2805 4079 δὲ
2841 4027 2950 4090 πᾶς
2999 4025 3288 4096 ἄνθρωπος
3333 4021 3556 4089 ἀνάξιος
3615 4020 3806 4092 ὕψους.

2214 4123 2421 4196 Μηδεὶς
2449 4116 2544 4174 οὖν
2571 4117 2908 4188 ἐπαιρέσθω,
2945 4117 3034 4170 ἵνα
3072 4117 3150 4186 μὴ
3181 4115 3428 4184 ἐσχάτως
3461 4113 3804 4186 ταπεινωθῇ.

2290 4234 2310 4267 ι
2360 4214 2552 4281 Ἔλεγε
2576 4214 2632 4266 δὲ
2667 4210 2742 4280 τῷ
2766 4209 3058 4278 κεκληκότι
3087 4208 3274 4272 αὑτὸν,
3311 4209 3482 4260 Ὅταν
3509 4210 3673 4277 ποιῇς
3688 4209 3811 4278 ἀρι-

2213 4325 2338 4362 στον
2397 4308 2432 4377 ἢ
2479 4305 2695 4358 δεῖπνον
2722 4343 2737 4367 ,
2793 4303 2868 4373 μὴ
2906 4300 3076 4369 φώνει
3107 4301 3234 4361 τοὺς
3285 4299 3479 4367 φίλους
3515 4316 3637 4364 σου,
3673 4300 3808 4370 μηδὲ

2211 4400 2340 4460 τοὺς
2375 4393 2637 4461 ἀδελφούς
2677 4409 2771 4444 σου
2793 4429 2809 4452 ,
2844 4390 2980 4461 μηδὲ
3026 4390 3155 4451 τοὺς
3199 4390 3488 4455 συγγενεῖς
3522 4406 3643 4453 σου,
3673 4389 3810 4459 μηδὲ

2215 4490 2461 4556 γείτονας
2503 4485 2821 4548 πλουσίους,
2867 4484 3080 4552 μήποτε
3107 4481 3199 4532 καὶ
3231 4480 3386 4533 αύτοί
3415 4497 3477 4532 σε
3519 4481 3812 4534 ἀντικαλὲ-

528 4576 712 4630 cissim
752 4577 1002 4640 ituitettt,
1034 4591 1096 4632 ac
1131 4580 1458 4648 rependatur
1494 4579 1589 4633 tibi
1622 4577 1966 4636 beneﬁcium.
2000 4582 2103 4636 Ima

2221 4597 2376 4646 σωσι,
2410 4580 2506 4631 καὶ
2547 4575 2773 4646 γένηταί
2803 4591 2883 4628 σοι
2913 4570 3284 4640 ἀνταπόδομα,
3313 4570 3430 4623 ἀλλ’
3460 4571 3595 4624 ὅταν
3631 4575 3812 4642 "nunc

527 4683 648 4722 cum
681 4668 817 4724 facis
849 4669 1180 4734 convivium,
1209 4685 1340 4725 voca
1373 4685 1656 4741 pauperes,
1705 4673 1933 4737 debiles,
1962 4676 2113 4729 clau-

528 4759 652 4826 dos,
692 4775 890 4825 cmcos,
944 4772 1002 4814 et
1033 4761 1222 4817 beatus
1245 4763 1355 4816 eris
1394 4781 1407 4818 :
1440 4765 1568 4833 quia
1618 4779 1726 4818 non
1765 4775 1992 4833 possunt
2024 4781 2114 4820 re-

529 4851 761 4919 pendere
789 4852 884 4906 tibi
915 4870 931 4909 :
962 4853 1294 4921 rependet'ur
1321 4855 1466 4907 enim
1498 4857 1590 4908 tibi
1626 4857 1680 4909 itt
1712 4858 2118 4914 resurrectiooe

525 4941 821 5008 justorum.
861 4941 986 4998 llaec
1035 4958 1156 4997 cum
1189 4944 1430 5000 audisset
1461 4947 1676 5015 quidaut
1723 4949 1789 5002 de
1824 4948 1984 5001 simul
2027 4964 2116 5003 ac.

530 5035 931 5097 euinbentibus,
965 5034 1100 5087 dixit
1131 5035 1211 5088 illi
1243 5053 1255 5088 :
1291 5037 1491 5091 Beatus
1529 5038 1624 5106 qui
1668 5039 1905 5092 comedit
1955 5055 2116 5108 prau-

529 5127 674 5178 dium
709 5129 760 5178 in
800 5142 962 5196 regno
991 5127 1106 5180 Dei.
1141 5145 1159 5179 ι
1185 5127 1260 5182 Ex
1279 5130 1487 5184 duobus
1507 5130 1796 5198 generibus
1824 5133 2110 5186 constabat

531 5220 860 5284 convivium,
893 5235 958 5274 ex
988 5221 1214 5285 vocatis,
1245 5231 1300 5274 et
1329 5221 1412 5276 his
1434 5223 1524 5290 qui
1555 5222 1844 5276 vocabant.
1881 5224 2113 5280 Vocato-

535 5329 656 5366 rum
687 5329 858 5382 genus
892 5313 1097 5368 salubri
1122 5314 1494 5369 admonitione
1523 5316 1590 5368 ad
1625 5315 1983 5370 humilitatem
2031 5317 2114 5370 in-

2213 4673 2400 4744 δοχὴν,
2451 4671 2682 4726 κάλεσον
2716 4667 3003 4735 πτωχοὺς,
3043 4665 3364 4733 ἀναπήρους
3390 4703 3406 4726 ,
3437 4663 3652 4733 χωλοὺς
3672 4705 3689 4728 ,
3719 4682 3812 4718 τυ·

2214 4765 2399 4835 φλοὺς,
2453 4763 2549 4815 καὶ
2583 4760 2858 4831 μακάριος
2904 4758 3027 4828 ἔσῃ,
3063 4757 3146 4809 ὅτι
3180 4754 3280 4807 οὐκ
3308 4755 3525 4824 ἔχουσιν
3569 4760 3815 4811 ἀνταπο-

2211 4855 2394 4910 δοῦναί
2418 4870 2522 4908 σοι’
2556 4850 3055 4921 ἀνταποδοθήσεται
3084 4847 3194 4917 γάρ
3231 4861 3314 4898 σοι
3341 4845 3404 4898 ὲν
3421 4848 3488 4918 τῇ
3513 4847 3816 4903 ἀναστάσει

2212 4951 2321 5003 τῶν
2356 4948 2601 5001 δικαίων.
2663 4943 2929 5006 Ἀκούσας
2972 4941 3028 4994 δέ
3059 4957 3141 5002 τις
3176 4938 3288 4992 τῶν
3324 4943 3816 5011 συνανακειμένων

2214 5040 2368 5094 εἶπεν
2401 5039 2569 5108 αύτῷ·
2604 5036 2897 5106 Μακάριος
2928 5033 2987 5094 ὃς
3011 5035 3246 5101 φάγεται
3277 5029 3505 5100 ἄριστον
3539 5032 3604 5083 ἂν
3629 5035 3697 5104 τῇ
3726 5032 3817 5104 βει-

2215 5133 2388 5204 σιλεὶᾳ
2415 5131 2505 5184 τοῦ
2532 5129 2692 5183 Θεοῦ.
2728 5148 2745 5179 ι
2789 5127 2884 5179 Ἐκ
2913 5125 3060 5178 δυοῖν
3089 5124 3279 5192 μεροῖν
3315 5123 3689 5193 συγκειμένου
3719 5124 3815 5178 τοῦ

2213 5221 2453 5284 δείπνου,
2478 5220 2587 5272 τῶν
2638 5236 2699 5272 τε
2731 5216 3044 5272 καλούντων
3080 5215 3173 5268 καὶ
3209 5211 3320 5266 τῶν
3349 5213 3730 5286 καλουμένων,
3758 5218 3818 5271 τὸ

2220 5315 2319 5384 μὲν
2350 5313 2459 5367 τῶν
2493 5311 2845 5381 καλουμένων
2887 5309 3052 5381 μέρος
3102 5310 3242 5379 ἔφθη
3288 5309 3377 5365 διὰ
3418 5309 3814 5381 παραινέσεως

533 5400 796 5465 duxerat,
847 5413 899 5456 et
949 5402 1252 5456 conviviqu
1296 5405 1517 5457 minime
1572 5413 1952 5472 sumptuosum
2009 5407 2103 5462 illi:

2219 5411 2300 5472 είς
2333 5409 2430 5477 τὴν
2482 5407 2767 5477 σωτήριον.
2797 5402 3305 5474 ταπεινοφροσύνην
3360 5402 3815 5473 χειραγωγήσας,

536 5504 913 5563 proposuerat.
945 5493 1101 5549 Nunc
1138 5506 1189 5549 et
1224 5496 1278 5549 in
1309 5511 1431 5549 cum
1484 5497 1573 5566 qui
1617 5509 1921 5562 vocaverat,
1959 5498 2103 5553 vicis

2219 5504 2314 5555 καὶ
2337 5501 2469 5568 ὄψον
2490 5500 2676 5561 αὐτοῖς
2700 5497 3049 5567 ἁδαπάνητον
3071 5495 3338 5565 παραθεὶς
3361 5535 3377 5559 ,
3402 5493 3601 5547 λοιπὸν
3629 5493 3690 5548 δὲ
3726 5494 3819 5546 τὸν

534 5587 636 5640 sim
673 5585 1049 5642 liberalitatem
1078 5603 1231 5643 suam
1260 5601 1478 5644 exercet
1504 5607 1516 5642 :
1538 5599 1592 5644 et
1609 5591 1980 5645 admonitione
1997 5591 2103 5644 red-

2225 5592 2534 5646 καλέσαντα
2583 5589 3103 5660 ὰντιφιλοτιμεῖται,
3156 5587 3251 5639 καὶ
3296 5585 3387 5639 διὰ
3430 5586 3818 5658 παραινέσεως

536 5673 748 5739 invitat,
778 5675 1051 5732 abducens
1079 5691 1203 5732 eum
1246 5693 1313 5734 ne
1344 5677 1586 5734 convivia
1617 5680 1863 5736 instituat
1898 5683 2096 5736 human

2224 5687 2504 5757 ἁνθεστιᾷ,
2535 5686 2765 5754 ἀπάγων
2811 5683 2974 5737 αὐτὸν
3002 5681 3097 5736 τοῦ
3131 5681 3220 5736 διά
3248 5697 3371 5734 τινα
3410 5679 3581 5751 χάριν
3609 5681 3820 5754 ἀνθρω-

609 5856 653 5886 “
681 5856 808 5912 Luc.
846 5875 998 5924 xvm,
1039 5860 1122 5913 M.
