4048 6516
218 482 326 551 933

930 475 1384 541 ENARRATIO
1433 476 1511 536 IN
1555 473 2064 537 EVANGELIUM
2109 475 2329 537 Ι.υοςὲ
2387 500 2454 514 ·-
2490 474 2649 536 CAP.
2689 473 2844 537 XIV.

3434 474 3544 540 934

221 599 387 667 ειίνην
420 597 520 660 τὰς
559 594 836 657 ἑστιάσεις
868 591 1146 646 ποιεῖσθαι
1167 631 1183 655 ,
1234 592 1328 643 καὶ
1356 589 1458 660 τὴν
1509 588 1821 660 παραυτίκα

1936 588 2142 645 favoris
2175 589 2259 644 vel
2313 589 2778 645 remunerationis
2813 602 2939 643 mox
2983 585 3312 663 recipiendae
3341 591 3539 659 gratia.

221 689 570 762 ἀντιμισθίαν
599 684 942 756 ἐκδέχεσθαι.
996 684 1060 737 0i
1108 684 1220 753 γὰρ
1265 681 1602 752 μικρόψυχοι
1634 679 1823 749 φίλους

220 780 516 844 καλοῦντες
540 779 573 851 ἢ
598 777 888 846 συγγενεῖς
915 775 1004 829 διὰ
1035 771 1135 843 τὴν
1170 775 1229 827 ἐν
1264 771 1345 843 τῷ
1376 771 1626 842 παρευθὺ
1661 772 1826 843 χάριν

217 877 378 931 τοῦτο
421 871 666 936 ποιοῦσι,
697 869 802 924 κάν
849 869 928 942 μὴ
963 868 1194 939 τύχωσι,
1243 865 1723 937 δυσχεραίνουσιν.
1760 865 1824 918 Οί

218 970 276 1023 δὲ
325 963 699 1040 μεγαλόψυχοι
759 964 820 1018 τὸ
872 961 1072 1033 μέλλον
1114 957 1490 1028 ἀναμένοντες
1538 956 1692 1028 παρά
1725 956 1822 1008 τοῦ

218 1062 389 1122 ὅντως
425 1054 713 1119 πλουσίου,
753 1055 854 1118 τάς
895 1054 1136 1125 ἀμοιϐάς
1164 1055 1503 1126 ἐκδέχονται.
1539 1051 1729 1107 Ταῦτα
1766 1052 1824 1105 δὲ

216 1153 396 1220 λέγων
448 1152 477 1203 ὁ
531 1150 776 1220 Κύριος,
823 1148 885 1201 οὺ
939 1148 1042 1218 τῆς
1091 1149 1229 1219 πρὸς
1264 1149 1394 1214 τοὺς
1435 1147 1626 1218 φίλους
1654 1147 1823 1216 τιμῆς

218 1243 478 1311 ἀπείργει
503 1243 654 1313 ημᾶς
678 1281 695 1306 ,
730 1240 879 1295 ἀλλὰ,
900 1241 974 1311 μὴ
1025 1241 1370 1311 πιπράσκειν
1420 1243 1524 1308 τὴν
1557 1240 1820 1310 φιλοφρο-

219 1335 389 1404 σύνην
427 1331 696 1409 παιδεύει.
729 1331 998 1396 ’Δκούσας
1015 1333 1074 1387 δέ
1104 1351 1187 1396 τις
1215 1332 1413 1396 ταῦτα,
1433 1332 1529 1384 καὶ
1562 1332 1818 1401 νομίσας,

213 1428 295 1482 ὅτι
324 1431 353 1481 ὁ
385 1427 521 1490 Θεὸς
552 1416 1096 1496 ἀντιφιλοτιμήσέται
1121 1465 1143 1490 ,
1185 1426 1282 1479 καὶ
1328 1424 1680 1478 ἀνθεστιάσει
1716 1440 1823 1476 σω-

218 1522 480 1593 ματικαῖς
513 1518 822 1590 τραπέζαις
874 1519 1002 1582 τοὺς
1032 1513 1278 1581 δικαίους
1299 1556 1315 1581 ,
1347 1513 1502 1570 εἶπεν
1523 1532 1538 1549 ο
1581 1517 1665 1570 ὅτι
1695 1517 1822 1570 Μα-

214 1613 408 1681 κάριος
459 1611 610 1674 ὅστις
665 1609 902 1678 φάγεται
954 1609 1181 1682 ἄριστον
1212 1610 1271 1663 ὲν
1321 1611 1389 1681 τῇ
1425 1592 1680 1680 βασιλείᾳ
1723 1607 1820 1661 τοῦ

212 1702 375 1758 Θεοῦ.
427 1702 504 1757 Ού
550 1703 662 1771 γάρ
694 1696 764 1772 ἦν
808 1701 1204 1772 πνευματικὸς,
1237 1700 1326 1754 ῖνα
1367 1703 1538 1774 νοήσῃ
1573 1702 1644 1754 τά
1675 1699 1821 1772 ὑπὲρ

219 1795 503 1868 αἴσθησιν,
534 1794 651 1849 ἀλλ’
681 1795 764 1846 ἐτι
808 1793 1064 1864 ψυχικὸς,
1115 1793 1396 1848 τουτέστιν
1449 1793 1820 1864 ἀνθρωπίνοις

211 1889 497 1959 λογισμοῖς
535 1887 952 1958 διοικούμενος·
1011 1886 1258 1950 τοιοῦτος
1300 1889 1411 1958 γάρ
1452 1890 1481 1940 ὀ
1524 1888 1760 1958 ψυχικὸς
1789 1888 1820 1939 ὁ

213 1958 388 2053 μηδὲν
417 1979 556 2052 ὑπὲρ
584 1980 749 2050 φύσιν
772 1976 1071 2044 πιστεύων,
1097 1978 1238 2031 ἀλλά
1272 1979 1450 2032 πάντα
1474 1979 1622 2032 κατὰ
1650 1978 1818 2048 φύσιν
1852 1958 1894 2013 Β

209 2072 373 2128 νοῶν.
409 2073 572 2143 Τρεῖς
597 2073 710 2142 γάρ
743 2074 852 2124 εἱσι
883 2071 1277 2134 καταστάσεις,
1297 2071 1561 2142 σαρκικὴ,
1583 2070 1816 2142 ψυχικὴ,

210 2165 311 2219 καὶ
355 2165 728 2235 πνευματική.
784 2164 898 2216 Καὶ
947 2163 1192 2234 σαρκικὴ
1223 2163 1322 2231 μέν
1365 2165 1538 2226 ἐστιν,
1581 2165 1712 2218 ὅταν
1735 2182 1820 2228 τις

206 2256 440 2329 ἥδεσθαι
469 2255 756 2327 βούληται,
796 2256 891 2311 καὶ
913 2257 1129 2326 χαίρειν
1157 2256 1300 2327 μετὰ
1340 2255 1438 2308 τοῦ
1491 2255 1588 2308 καὶ
1621 2254 1820 2317 ἀλλους

208 2353 557 2415 κακοποιεῖν,
612 2344 724 2403 οἷόν
770 2351 892 2402 ἐστι
937 2348 1161 2403 πάντων
1207 2348 1269 2402 τὸ
1308 2347 1420 2401 τῶν
1473 2349 1819 2402 πλεονεκτῶν

207 2442 382 2512 φῦλον
402 2459 416 2472 ·
439 2442 649 2513 ψυχικὴ
665 2441 723 2495 δὲ
749 2443 1112 2508 κατάστασις,
1136 2445 1267 2496 ὅταν
1289 2459 1373 2506 τις
1396 2444 1535 2513 μήτε
1554 2441 1819 2512 βλάπτειν

209 2533 356 2604 μήτε
380 2531 720 2602 βλάπτεσθαι
746 2530 993 2602 βούλοιτο
1015 2548 1029 2562 ·
1063 2531 1225 2585 τοῦτο
1253 2531 1364 2601 γάρ
1389 2533 1450 2584 τὸ
1471 2532 1615 2586 κατά
1635 2532 1812 2602 ,φύσιν

206 2625 336 2694 ζῆν’
374 2624 498 2678 ἐπεὶ
528 2625 624 2678 καὶ
652 2626 686 2694 ἡ
722 2624 891 2693 φύσις
926 2624 1066 2694 αὑτὴ
1093 2624 1254 2677 τοῦτο
1287 2625 1422 2694 ἡμῖν
1465 2625 1771 2696 εἰσηγεῖται
1794 2640 1810 2654 ·

205 2716 565 2787 πνευματικὴ
602 2716 683 2782 δὲ,
719 2716 850 2769 ὅταν
901 2733 987 2780 τις
1039 2717 1136 2769 καὶ
1185 2714 1527 2786 βλάπτεσθαι
1571 2715 1819 2786 βούλοιτο

209 2809 307 2863 διὰ
344 2809 407 2862 τὸ
447 2807 614 2863 καλὸν
675 2807 775 2862 καὶ
828 2809 1244 2880 κακουχεῖσθαι.
1278 2809 1470 2862 Ἔστιν
1503 2808 1596 2863 οὖν
1647 2811 1681 2880 ἡ
1718 2811 1819 2880 μὲν

202 2900 415 2972 πρώτη
470 2901 628 2970 παρὰ
659 2899 846 2968 φύσιν,
882 2901 918 2971 ἠ
946 2901 1004 2956 δὲ
1051 2905 1197 2971 μίση
1244 2900 1393 2954 κατὰ
1437 2899 1626 2970 φύσιν,
1667 2903 1703 2971 ἡ
1759 2901 1819 2956 δὲ

200 2996 376 3068 τρίτη
407 2992 548 3065 ὑπὲρ
577 2991 766 3063 φύσιν.
798 2993 915 3058 Πᾶς
942 2988 1037 3047 οὖν
1064 2992 1388 3064 ἀνθρώπινα
1427 2994 1669 3065 φρονῶν,
1719 2994 1820 3048 καὶ

205 3087 388 3161 μηδὲν
418 3085 532 3141 τῶν
554 3087 697 3158 ὑπὲρ
735 3084 901 3156 φύσιν
942 3084 1254 3157 δυνάμενος
1304 3085 1526 3155 νοῆσαι,
1579 3085 1817 3158 ψυχικὸς

202 3183 461 3250 λέγεται,
485 3180 564 3245 ὡς
586 3179 735 3252 ψυχῇ
774 3179 872 3233 καὶ
912 3179 1189 3251 πνεύματι
1228 3177 1607 3249 διοικούμενος
1639 3196 1654 3210 ο
1686 3181 1819 3234 ὅταν

201 3275 266 3329 δέ
296 3291 386 3338 τις
417 3274 699 3344 πνεύματι
738 3273 968 3343 ἄγηται,
994 3274 1090 3327 καὶ
1117 3274 1306 3326 οὐκέτι
1338 3273 1408 3344 ζῇ
1439 3273 1628 3342 αὐτὸς,
1660 3272 1732 3348 ζῇ
1759 3274 1818 3330 δὲ

203 3371 268 3422 ιν
300 3366 458 3438 αὐτῷ
480 3365 742 3438 Χριστὸς,
782 3360 938 3430 οὗτός
984 3367 1132 3420 ἐστιν
1159 3368 1189 3420 ὁ
1221 3365 1627 3436 πνευματικὸς,
1659 3368 1690 3421 ὁ
1718 3367 1820 3438 τὴν

204 3461 381 3533 φύσιν
403 3458 756 3533 ὑπεραναϐάς
786 3475 800 3488 ·
840 3457 1076 3529 ψυχικὸς
1108 3458 1203 3512 οὖν
1255 3454 1325 3528 ἦν
1381 3462 1410 3512 ὁ
1452 3460 1685 3528 νομίσας
1736 3461 1822 3513 αι-

204 3555 422 3626 σθητάς
450 3553 675 3608 ἔσεσθαι
702 3552 803 3616 τὰς
845 3552 1084 3621 ἀμοιϐὰς
1115 3554 1229 3616 τοῖς
1269 3552 1476 3621 ἁγίοις,
1520 3544 1612 3604 οἷα
1648 3551 1823 3623 μηδὲν

200 3646 323 3703 τῶν
359 3646 504 3717 ὑπὲρ
533 3643 696 3712 φύσιν
720 3642 1027 3712 δινάμενος
1064 3643 1279 3713 νοῆσαι.

290 3758 310 3792 ι
355 3739 416 3793 '0
441 3738 499 3791 δὲ
519 3732 674 3790 εἶπεν
704 3733 878 3806 αὐτῷ,
902 3734 1228 3806 ’Ἄνθρωπός
1250 3753 1336 3798 τις
1360 3737 1590 3809 εποίησε
1607 3737 1826 3791 δεῖπνον

204 3832 385 3902 μέγα,
413 3830 507 3883 καὶ⁵
534 3827 759 3882 ἐκάλεσε
781 3827 1035 3894 πολλοὺς,
1064 3827 1159 3880 καὶ
1194 3828 1487 3882 ἀπέστειλε
1523 3830 1618 3883 τὸν
1635 3829 1824 3883 δοῦλον

200 3919 383 3976 αὐτοῦ
419 3921 487 3990 τῇ
515 3917 639 3989 ὥρα
661 3917 759 3970 τοῦ
783 3916 1030 3982 δείπνου,
1066 3918 1245 3969 εἰπεῖν
1277 3919 1391 3981 τοῖς
1426 3918 1822 3989 κεκλημένοιςο

203 4014 511 4087 Ἔρχεσθε,
541 4013 627 4066 ὅτι
661 4011 765 4084 ἠδη
793 4010 997 4082 ἕτοιμά
1035 4011 1153 4064 ἔστι
1191 4010 1396 4066 πάντα.
1440 4012 1554 4064 Καὶ
1583 4010 1824 4083 ἡρξαντο

197 4107 321 4162 ἀπὸ
377 4106 510 4176 μιᾶς
556 4103 951 4176 παραιτεῖσθαι
1004 4105 1233 4165 πάντες.
1286 4103 1347 4155 '0
1397 4102 1617 4173 πρῶτος
1665 4097 1825 4155 εἶπεν

198 4197 362 4269 αὐτῷ
383 4211 400 4227 ⁶
444 4195 644 4265 ’Δγρὸν
673 4194 927 4264 ἠγόρασα
952 4233 966 4259 ,
1015 4193 1109 4246 καὶ
1141 4191 1250 4263 ἔχω
1273 4193 1526 4262 ἀνάγκην
1561 4190 1821 4257 ἐξελθεῖν,

195 4291 305 4345 καὶ
341 4289 473 4342 ιὸεἰν
500 4288 899 4359 autemtth
930 4303 1011 4349 σε,
1042 4286 1134 4358 ἔχε
1164 4304 1231 4356 με
1259 4287 1683 4359 παρῃτημένον.
1713 4285 1824 4338 Καὶ

193 4385 399 4454 ἕτερος
449 4375 573 4434 εἷπε
604 4397 619 4411 ο
648 4381 831 4450 Ζεύγη
865 4378 1006 4450 βοῶν
1041 4379 1302 4450 ἠγόρασα
1336 4379 1500 4431 πέντε
1524 4415 1539 4441 ,
1579 4379 1674 4429 καὶ
1726 4393 1825 4429 πο-

198 4475 450 4548 ρεύομαι
491 4474 790 4545 δοκιμάσαι
818 4474 984 4539 αύτά,
1016 4473 1209 4543 ἐρωτῶ
1237 4489 1319 4538 σε,
1350 4471 1441 4543 ἔχε
1477 4489 1546 4543 με
1568 4487 1826 4544 παρῃτη-

197 4569 401 4642 μένον.
450 4568 563 4621 Καὶ
601 4567 794 4637 ἕτερος
838 4561 962 4620 εἷπε
991 4582 1004 4595 °
1068 4567 1312 4618 Γυναῖκα
1360 4566 1568 4635 ἔγημα,
1603 4566 1701 4618 καὶ
1731 4565 1826 4617 διὰ

1931 680 2033 749 Qui
2068 683 2268 752 pusillo
2329 693 2460 736 sunt
2516 683 2738 749 animo,
2773 679 2984 736 amicos
3020 681 3104 736 vel
3157 692 3421 751 cognatus
3469 684 3543 738 ob

1932 777 2220 846 prasentis
2253 777 2381 830 vitae
2414 774 2742 830 beneﬁcium
2771 786 2966 831 vocant
3004 792 3019 829 :
3051 778 3195 844 quod
3252 775 3298 830 si
3356 775 3542 830 minus

1929 876 2361 937 consequantur,
2406 868 2674 937 gravatim
2726 865 2930 920 ferunt.
2978 864 3083 932 Qui
3120 873 3303 921 autem
3355 867 3538 938 magni

1929 967 2062 1014 sunt
2088 959 2284 1022 animi,
2311 959 2559 1013 futurum
2592 958 2876 1027 praemium
2905 967 3315 1027 exspectantes,
3348 973 3376 1012 a
3409 972 3540 1013 vere

1929 1051 2099 1107 divite
2126 1052 2604 1107 remunerationes
2637 1052 2936 1120 accipiunt.
2971 1049 3105 1125 Hme
3129 1059 3310 1104 autem
3342 1051 3537 1106 dicens

1931 1143 2216 1212 Dominus,
2247 1158 2353 1198 non
2380 1159 2477 1198 nos
2501 1143 2570 1198 ab
2596 1143 2791 1198 amicis
2821 1153 2993 1207 arcet,
3029 1145 3124 1198 sed
3139 1142 3536 1213 benignitatem

1929 1253 2035 1292 non
2075 1250 2200 1291 esse
2230 1238 2569 1292 vendendam
2613 1238 2793 1294 docet.
2839 1237 3032 1307 Itaque
3077 1245 3369 1306 postquam
3420 1236 3540 1291 ha'c

1926 1330 2148 1398 quidam
2190 1331 2460 1395 audisset,
2487 1339 2544 1385 et
2588 1330 2820 1386 sentiret
2853 1332 3000 1399 quod
3048 1328 3195 1383 Deus
3233 1327 3538 1397 corporali-

1929 1425 2029 1478 bus
2046 1424 2253 1477 mensis
2271 1431 2655 1478 remuneraret
2672 1432 2729 1477 et
2749 1422 2898 1477 rcdin
2910 1421 3107 1476 vitaret
3128 1421 3332 1490 justas,
3360 1420 3535 1474 dixit:

1925 1513 2126 1569 Beatus
2156 1514 2248 1583 qui
2278 1515 2517 1570 comedit
2548 1529 2741 1584 panem
2778 1515 2831 1568 in
2879 1527 3051 1585 regno
3086 1512 3200 1568 Dei.
3237 1511 3353 1568 Non
3390 1512 3537 1566 enim

1924 1607 2226 1677 spiritualis
2250 1616 2392 1673 erat,
2419 1618 2476 1661 ut
2505 1607 2835 1677 int-lligeret
2856 1622 2917 1660 ca
2942 1621 3065 1671 qua:
3090 1589 3255 1677 supra
3272 1620 3492 1662 sensum
3519 1621 3532 1658 :

1897 1705 2019 1756 .sed
2052 1701 2306 1756 animalis
2342 1701 2524 1754 adhuc
2556 1711 2693 1768 erat,
2745 1702 2846 1755 hoc
2881 1711 2987 1766 εει,
3034 1702 3302 1753 humanas
3327 1700 3539 1769 cogita-

1927 1795 2105 1848 tiones
2143 1795 2478 1847 sectabatur.
2518 1793 2782 1846 Animalis
2818 1791 2966 1847 enim
2999 1800 3111 1852 est.
3143 1790 3239 1861 qui
3272 1791 3412 1856 nihil
3443 1806 3536 1846 su-

1926 1901 2022 1953 per
2047 1895 2295 1938 naturam
2326 1886 2522 1949 credit,
2553 1884 2646 1938 sed
2681 1885 2865 1937 omnia
2920 1885 3225 1939 sccnndum
3280 1893 3533 1936 naturam

1926 1976 2196 2046 intelligit.
2217 1975 2356 2029 Tres
2371 1975 2519 2029 enim
2542 1984 2669 2028 sunt
2693 1975 2936 2038 ordines,
2969 1974 3293 2038 carnalium,
3322 1973 3541 2026 anima-

1924 2067 2056 2122 lium
2090 2068 2258 2139 396
2279 2077 2335 2123 et
2359 2067 2752 2136 spiritualium.
2785 2065 3037 2122 Carnalis
3059 2066 3279 2134 quidem
3309 2074 3418 2132 est,
3443 2064 3536 2134 qni

1924 2162 2042 2216 vult
2070 2164 2241 2217 lactari
2274 2171 2328 2215 et
2356 2164 2595 2231 gaudere
2624 2176 2746 2215 cum
2786 2161 2907 2215 aliis
2942 2158 3283 2215 malefecetit
3307 2201 3322 2224 ,
3363 2168 3423 2213 ut
3454 2168 3541 2216 est

1928 2270 2092 2311 omne
2123 2269 2296 2326 genus
2327 2270 2640 2308 avarorum.
2675 2253 2968 2318 Animalis,
3003 2253 3095 2322 qui
3149 2268 3326 2323 neque
3365 2251 3538 2307 furari

1924 2363 2104 2419 neque
2127 2362 2330 2403 nocere
2361 2348 2497 2412 vult,
2529 2348 2629 2402 hoc
2662 2358 2748 2402 est
2774 2347 2922 2401 enim
2974 2346 3130 2416 juxta
3168 2353 3418 2400 naturam
3457 2346 3540 2400 vi-

1923 2454 2074 2502 vere.
2106 2442 2552 2512 quandoqnidem
2592 2445 2696 2494 hoc
2731 2439 2888 2494 nobis
2918 2450 3115 2494 natura
3151 2439 3369 2495 indidit.
3396 2438 3538 2508 'Spi-

1924 2534 2142 2590 ritualis
2173 2549 2336 2600 vero,
2381 2535 2476 2604 qui
2508 2545 2563 2588 et
2611 2533 2776 2604 aﬂligi
2818 2544 2872 2590 et
2922 2535 3182 2590 damnum
3242 2534 3386 2592 ferre
3419 2536 3539 2590 vult

1921 2636 2147 2696 propter
2179 2624 2461 2682 virtutem.
2495 2624 2591 2680 list
2625 2626 2792 2696 igitur
2816 2626 3026 2695 primus
3056 2635 3254 2696 praeter
3281 2625 3365 2680 vel
3397 2627 3536 2682 citra

1923 2729 2198 2782 naturam,
2223 2720 2500 2774 secundus
2524 2721 2680 2790 juxta
2715 2732 2993 2788 naturam,
3016 2722 3213 2775 tertius
3244 2735 3406 2790 supra
3435 2737 3536 2776 na-

1922 2819 2121 2866 turam.
2148 2811 2343 2869 Omnis
2366 2813 2532 2882 igitur
2558 2813 2653 2883 qui
2681 2815 2922 2867 humana
2954 2817 3119 2884 sapit.
3153 2822 3209 2866 et
3255 2829 3362 2866 non
3391 2815 3541 2868 valet

1922 2902 2229 2974 intelligere
2259 2919 2322 2959 ea
2351 2919 2475 2975 quae
2503 2919 2672 2974 supra
2709 2913 2987 2967 naturam,
3023 2905 3278 2960 animalis
3311 2904 3535 2972 dicitur,

1923 2997 1997 3051 uti
2028 2999 2120 3068 qni
2153 2999 2334 3053 anima
2361 3008 2416 3053 et
2446 2999 2643 3068 spiritu
2667 2999 3024 3069 gubernetur.
3062 2998 3296 3065 Quando
3341 3007 3531 3060 autem

1922 3088 2048 3157 quis
2075 3088 2274 3157 Spiritu
2305 3089 2510 3160 agitur,
2541 3099 2598 3144 et
2626 3105 2734 3143 non
2772 3089 2889 3158 jam
2922 3089 3057 3143 vivit
3089 3090 3229 3158 ipse,
3259 3087 3394 3143 vivit
3421 3103 3537 3143 au-

1924 3191 2034 3238 tem
2067 3181 2121 3236 in
2148 3198 2216 3240 eo
2247 3182 2503 3239 Christus
2533 3184 2602 3244 ⁶⁸.
2637 3182 2725 3237 hic
2764 3192 2851 3238 est
2885 3183 3192 3253 spiritualis
3213 3223 3229 3247 ,
3276 3191 3534 3238 naturam

1923 3288 2334 3345 supergressus.
2361 3274 2635 3329 Animalis
2667 3275 2836 3345 igitur
2860 3283 3060 3330 eratet
3093 3274 3205 3338 hic’,
3240 3275 3335 3344 qui
3377 3285 3540 3345 puta-

1925 3365 2019 3422 bat
2048 3365 2163 3421 fore
2179 3366 2475 3421 sensibiles
2489 3376 2808 3421 sanctorum
2839 3367 3256 3430 retributiones,
3274 3366 3537 3437 quoniam

1925 3457 2061 3513 nihil
2088 3471 2255 3529 super
2284 3469 2540 3512 naturam
2577 3467 2796 3529 poterat
2834 3458 3173 3530 intelligere.

1999 3739 2168 3794 Vens.
2201 3720 2458 3795 16-20.}
2494 3741 2567 3793 At
2613 3740 2731 3809 ipse
2763 3741 2904 3796 dixit
2933 3742 2984 3798 ei
3019 3760 3035 3798 :
3087 3742 3266 3800 Homo
3313 3746 3539 3817 quidam

1926 3841 2216 3904 paraverat
2260 3847 2475 3887 cmnam
2523 3849 2807 3904 magnam,
2831 3846 2888 3888 et
2922 3837 3140 3891 vocavit
3174 3839 3397 3904 multos.
3434 3843 3539 3897 nti-

1924 3927 2112 3996 sitque
2143 3940 2366 3979 servum
2401 3925 2556 3980 illum
2590 3942 2749 3980 suum
2776 3927 2910 3982 hora
2939 3941 3114 3984 coena:
3141 3939 3201 3985 ut
3223 3931 3435 3989 diceret
3466 3935 3542 3989 in-

1926 4016 2114 4070 vitatis
2147 4032 2162 4068 ι
2197 4014 2434 4081 Venite,
2483 4018 2614 4086 quia
2662 4016 2779 4086 jam
2826 4027 3016 4086 parata
3047 4030 3179 4076 sunt
3224 4023 3435 4079 omnia.
3473 4025 3542 4080 Et

1927 4117 2212 4177 ceperunt
2241 4108 2408 4162 simul
2454 4125 2647 4165 nnmcs
2676 4125 2971 4166 excusare.
3005 4111 3228 4170 Primus
3261 4115 3401 4170 dixit
3434 4119 3484 4172 ei
3519 4135 3534 4172 :

1931 4200 2122 4254 Villam
2159 4201 2297 4266 emi,
2352 4211 2408 4255 ct
2452 4217 2684 4256 necesse
2736 4215 2821 4258 est
2870 4204 3001 4258 mihi
3042 4210 3221 4269 exire,
3249 4219 3307 4262 et
3341 4209 3537 4265 videro

1927 4293 2074 4347 illam
2114 4315 2126 4349 :
2164 4308 2295 4363 rogo
2330 4305 2400 4358 te,
2432 4293 2570 4348 habe
2591 4309 2679 4349 me
2706 4307 3053 4352 excusatum.
3087 4299 3153 4353 Et
3176 4298 3317 4354 alter
3348 4300 3492 4357 dixit
3523 4319 3539 4356 :

1925 4385 2063 4456 Juga
2095 4386 2258 4440 boum
2293 4387 2399 4442 emi
2429 4387 2701 4457 quinque,
2725 4398 2777 4442 et
2807 4403 2873 4442 eo
2906 4390 2973 4444 ad
3017 4391 3363 4459 probandum
3399 4394 3487 4447 illa
3522 4409 3540 4452 :

1928 4495 2057 4548 rogo
2093 4489 2166 4544 te,
2195 4479 2335 4534 habe
2359 4495 2445 4535 me
2464 4491 2812 4536 excusatum.
2842 4480 2907 4536 Et
2929 4483 3067 4538 dixit
3090 4484 3234 4539 alius
3260 4503 3276 4540 :
3303 4484 3540 4543 Uxorem

1927 4574 2080 4640 duxi,
2110 4584 2166 4628 et
2191 4575 2312 4628 ideo
2340 4589 2447 4628 non
2481 4589 2703 4643 possum
2731 4577 2942 4632 venire.
2981 4596 3002 4630 ι
3037 4575 3177 4634 Cum
3219 4579 3460 4637 dixisset
3493 4583 3538 4636 is

190 4659 373 4718 τοῦτο
393 4661 454 4713 οὑ
483 4659 721 4730 δύναμαι
765 4658 963 4712 ἐλθεῖν.
1002 4676 1022 4711 ι
1055 4657 1164 4711 Τοῦ
1210 4657 1680 4728 συνανακειμένου
1736 4658 1818 4710 εί-

1928 4665 2020 4736 qui
2064 4664 2228 4720 simul
2275 4667 2653 4732 accubuerat,
2711 4667 2932 4722 beatum
2990 4683 3116 4723 eum
3169 4671 3263 4740 qui
3306 4673 3542 4727 comedit

193 4754 432 4818 πόντος,
472 4753 556 4806 ὅτι
588 4755 862 4823 μακάρνος
893 4753 952 4816 ὃς
983 4751 1224 4822 φάγεται
1259 4752 1486 4822 ἄριστον
1517 4753 1577 4804 ὲν
1619 4755 1686 4824 τῇ
1724 4749 1824 4822 βα-

193 4845 394 4916 σιλείᾳ
421 4842 522 4896 τοῦ
561 4842 723 4908 Θεοῦ,
753 4845 784 4895 ὁ
811 4843 1019 4914 Κύριος
1065 4844 1314 4899 διδάσκει
1350 4844 1516 4899 αὑτὸν
1547 4845 1820 4900 πλατύτε-

192 4961 326 5015 ρον,
359 4941 480 5004 πῶς
512 4940 593 4993 δεῖ
616 4943 758 4994 νοεῖν
781 4942 930 5013 ἡμᾶς
952 4943 1051 5006 τὰς
1084 4943 1179 4996 τοῦ
1208 4941 1346 4997 Θεοῦ
1377 4942 1674 5007 ἑστιάσεις.
1709 4944 1822 4996 Καὶ

188 5038 265 5108 δή
297 5033 780 5106 φησιπαραϐολὴν
808 5035 1046 5101 τοιάνδε,
1083 5035 1374 5107 ἄνθρωπον
1405 5037 1505 5108 μὲν
1535 5037 1822 5107 ὀνομάζων

188 5130 300 5183 τὸν
334 5127 731 5198 φιλάνθρωπον
781 5128 949 5182 αὑτοῦ
997 5130 1241 5200 Πατέρα.
1292 5130 1353 5182 '0
1384 5128 1494 5200 γὰρ
1522 5129 1658 5194 Θεὸς
1691 5132 1822 5183 ὅταν

193 5227 315 5294 μὲν
383 5222 486 5293 τὴν
539 5223 926 5295 τιμωρητικὴν
981 5221 1151 5277 αὑτοῦ
1208 5221 1442 5293 δύναμιν
1491 5223 1824 5291 αίνίττηται,

192 5316 371 5383 παρὰ
398 5319 463 5387 τῇ
501 5316 694 5387 Γραφῇ
754 5316 1001 5388 πάνθηρ,
1036 5317 1132 5370 καὶ
1165 5315 1432 5387 πάρδαλις
1454 5355 1468 5377 ,
1500 5318 1596 5368 καὶ
1625 5315 1828 5384 ἄρκτος

189 5407 545 5478 ὀνομάζεται
570 5424 585 5450 ν’
619 5409 751 5463 ὅταν
778 5409 835 5462 δὲ
877 5407 1299 5479 φιλανθρωπίαν
1336 5407 1464 5462 τινὰ
1490 5406 1828 5461 αἰνίττεσθαι

195 5501 393 5576 μέλλῃ
420 5539 437 5562 ,
491 5501 781 5572 ἄνθρωπος
833 5501 1139 5570 εἰσάγεται,
1192 5499 1384 5573 ὥσπερ
1426 5497 1522 5554 οὖν
1550 5503 1643 5553 καὶ
1684 5498 1779 5552 νῦν
1809 5516 1824 5530 ⁸

191 5591 410 5664 ἐπειδὴ
443 5592 574 5661 περὶ
622 5593 721 5663 τῆς
760 5593 1293 5664 φιλανθρωποτάτης
1333 5594 1650 5661 οἰκονομίας
1699 5592 1816 5645 δια-

189 5682 491 5756 λαμϐάνει
523 5685 557 5755 ὴ
595 5685 907 5757 παραϐολὴ,
936 5685 1004 5757 ἢν
1041 5685 1354 5755 ἐνήργησεν
1393 5686 1451 5736 ἐν
1489 5685 1644 5752 ἡμῖν,
1702 5699 1818 5735 κοι-

189 5779 421 5843 νωνοὺς
453 5779 605 5848 ἡμᾶς
635 5779 872 5850 ποιήσας
907 5779 1011 5849 τῆς
1060 5779 1266 5850 σαρκὸς
1297 5777 1395 5833 τοῦ
1443 5777 1576 5830 Tim?
1627 5775 1816 5841 αὑτοῦ,

279 5960 332 5992 ⁵⁸
373 5957 550 6015 Galat.
583 5972 646 6024 ιι,
682 5957 776 6012 20.

1926 4757 2215 4829 prandium
2253 4759 2305 4812 in
2337 4773 2507 4826 regno
2556 4758 2675 4824 Dei,
2714 4760 2976 4815 Dominus
3025 4761 3332 4818 doceteum
3375 4763 3541 4818 latius

1925 4849 2202 4920 quomodo
2236 4859 2487 4919 oporteat
2522 4863 2624 4904 nos
2652 4849 2962 4920 intelligere
2995 4852 3305 4907 convivium
3340 4852 3457 4916 Dei,
3487 4863 3542 4907 et

1927 4941 2246 5009 parabolam
2278 4942 2424 4995 hanc
2455 4941 2587 4996 dicit
2617 4959 2630 4996 :
2680 4941 2957 4996 hominem
2989 4943 3209 5013 quidem
3251 4944 3540 4999 nominans

1931 5032 2343 5087 misericordem
2376 5047 2538 5085 suum
2581 5041 2816 5102 patrem.
2850 5033 3083 5100 Quando
3108 5035 3256 5090 enim
3294 5034 3541 5090 vindica-

1933 5127 2103 5181 tivam
2139 5126 2232 5180 Dei
2271 5126 2535 5181 virtutem
2561 5127 2846 5196 Scriptura
2871 5128 3164 5198 signiﬁcat,
3189 5131 3538 5197 pantheram,

1929 5229 1985 5273 et
2005 5235 2220 5284 ursum,
2251 5230 2306 5275 et
2335 5219 2564 5289 pardum
2593 5234 2717 5273 emn
2752 5229 2908 5274 vocat
2933 5236 2948 5278 :
2989 5221 3210 5288 quando
3229 5230 3412 5276 autem
3433 5223 3540 5276 mi-

1927 5311 2228 5366 sericordia
2269 5311 2384 5365 vult
2417 5311 2707 5367 insinuare
2731 5352 2745 5376 ,
2781 5312 3058 5367 hominem
3103 5311 3313 5368 inducit
3348 5331 3362 5368 :
3397 5315 3541 5369 sicut

1929 5416 1984 5460 et
2008 5419 2152 5459 nunc
2185 5405 2764 5460 misericordissimam
2803 5404 2922 5472 ejus
2955 5405 3422 5474 dispensationem
3459 5408 3541 5459 in-

1931 5497 2184 5565 tclligens
2211 5538 2225 5563 ,
2261 5513 2426 5567 quam
2469 5507 2733 5568 operatur
2771 5497 2824 5549 in
2879 5497 3059 5562 nobis,
3096 5513 3204 5568 qua
3259 5513 3360 5555 nos
3408 5498 3542 5553 facit

1930 5592 2228 5660 participes
2259 5591 2442 5645 Carnis
2472 5590 2596 5644 Filii
2634 5590 2744 5653 sui,
2785 5591 3061 5646 hominem
3091 5607 3216 5645 eum
3265 5591 3534 5645 nominat.

1929 5689 2155 5739 (mnam
2187 5683 2332 5738 enim
2356 5699 2608 5754 magnam
2643 5687 2859 5740 vocavit
2880 5685 3338 5753 dispensationem
3371 5684 3534 5738 hanc.

1933 5775 2160 5830 Cumani
2190 5778 2438 5844 quidem,
2472 5793 2537 5833 eo
2560 5779 2707 5847 quod
2743 5779 2796 5834 in
2826 5778 3140 5834 novissimis
3170 5777 3532 5851 temporibus,
