4048 6460
525 407 634 472 935

1459 388 2037 454 TﬂEOI’HYLACTI
2085 381 2502 446 BIILGARIE
2541 384 2581 439 Λ
2595 376 2890 440 RCIIIEP.

3701 360 3803 424 936

524 528 578 576 et
627 514 783 586 quasi
815 511 877 563 ad
915 521 1189 577 vrspet‘am
1227 504 1405 559 δωριιῆ
1442 506 1581 555 venit
1616 502 1888 554 Dominus.
1931 499 2114 565 Magna

2243 494 2512 562 ἱνθρωττον
2547 489 2710 542 αὐτὶν
2734 487 2982 553 ὠνόμασε
3011 497 3022 509 ·
3060 481 3272 532 δεῖπνον
3313 477 3368 530 δὲ
3409 476 3552 544 μέγα
3583 475 3802 526 ἐκάλεσε

2567 583 2574 586 _
2770 579 2778 586 .
2957 574 2979 586 -
3014 575 3034 586 .
3236 572 3247 586 .
3339 570 3352 586 .
3469 569 3512 586 .-
3559 571 3570 586 ι
3647 567 3705 586 ι,
3758 568 3767 584 ρ

526 618 705 663 autem
742 618 891 658 cmna
925 603 1057 660 hinc.
1108 600 1360 667 quOniam
1414 610 1478 649 ex
1524 593 1774 646 confesso
1851 604 2104 657 magnum

527 701 814 756 estsalutis
834 703 1031 749 nostra:
1065 693 1407 762 mysterium.
1440 688 1502 742 Et
1531 687 1680 741 misit
1707 699 1921 738 servum
1961 684 2106 734 illum

529 808 680 845 suum
715 792 842 843 hora
875 801 1063 840 cumse.
1099 785 1229 849 Quis
1262 793 1338 838 est
1364 795 1552 836 servus
1591 776 1715 830 ille?
1737 775 1788 829 Is
1822 775 1910 843 qui
1939 774 2107 826 forma

529 886 668 939 servi
694 893 996 950 assumpta,
1035 878 1199 932 Filius
1236 878 1323 930 Dei
1367 878 1527 928 homo
1561 871 1735 924 factus
1769 877 1823 922 et
1856 877 1914 922 ut
1952 867 2111 920 homo

534 979 734 1029 missus
769 989 888 1028 esse
927 973 1138 1025 dicitur.
1179 969 1407 1021 Attende
1439 963 1708 1030 quomodo
1743 975 1845 1013 non
1891 957 2110 1016 dixerit,

529 1081 769 1128 servum,
804 1062 893 1117 sed
923 1077 1041 1115 cum
1074 1058 1326 1119 articulo,
1351 1071 1564 1109 servum
1589 1053 1735 1106 illum
1762 1063 1935 1101 suum.
1965 1047 2112 1098 illum

534 1157 749 1223 proprie
769 1154 922 1213 dixit,
943 1151 1031 1218 qui
1060 1150 1213 1217 juala
1251 1146 1479 1199 formam
1510 1145 1795 1195 humanam
1824 1138 1870 1190 ei
1896 1135 2114 1204 placuit,

534 1254 588 1299 et
621 1244 859 1300 servivit.
887 1239 1001 1295 Non
1031 1240 1176 1292 enim
1213 1248 1267 1290 ut
1300 1235 1464 1289 Filius
1482 1241 1535 1286 et
1562 1233 1700 1283 Deus
1723 1240 1927 1281 tantum
1957 1227 2116 1277 bene-

544 1337 774 1408 placitus
795 1345 876 1389 est
910 1331 1080 1394 Patri,
1111 1330 1204 1384 sed
1236 1338 1289 1380 et
1313 1329 1450 1380 sicut
1478 1325 1639 1378 homo
1662 1322 1777 1390 ipse
1821 1322 1968 1373 solus
2003 1321 2118 1372 siue

535 1438 778 1500 peccato,
812 1425 1062 1481 omnibus
1091 1418 1333 1492 paternis
1366 1415 1610 1470 consiliis
1640 1423 1695 1467 et
1727 1410 1996 1466 mandatis
2021 1411 2119 1463 mi-

537 1524 793 1579 nistravit
820 1531 870 1574 et
904 1517 1082 1587 paruit
1117 1535 1129 1570 :
1161 1525 1216 1568 et
1259 1511 1420 1583 397
1452 1507 1681 1578 implens
1715 1520 1931 1561 omnem
1960 1505 2122 1574 justi-

541 1614 695 1676 tiam,
721 1611 928 1666 servire
949 1609 1144 1662 dicitur
1174 1607 1280 1660 Deo
1305 1615 1359 1656 et
1388 1601 1533 1655 Patri
1566 1618 1579 1653 :
1603 1600 1724 1653 ideo
1753 1605 1807 1652 et
1832 1599 1949 1667 ipse
1973 1596 2121 1650 solus

538 1703 754 1774 proprie
779 1715 965 1756 servus
989 1699 1076 1752 Dei
1100 1696 1316 1750 dicitur.
1352 1692 1495 1747 Hora
1528 1702 1708 1746 autem
1732 1703 1901 1743 cauae
1923 1688 2121 1740 missus

537 1806 658 1861 est,
696 1794 797 1849 hoc
845 1798 930 1847 est
979 1789 1203 1844 dellnito
1245 1796 1299 1840 et
1348 1795 1654 1855 opportuno
1688 1792 1952 1850 tempore.
2001 1776 2119 1833 Non

538 1886 682 1942 enim
720 1884 863 1937 aliud
910 1893 1122 1952 tempus
1172 1879 1510 1934 commodius
1547 1873 1648 1930 fuit
1687 1873 1846 1928 saluti
1901 1881 2123 1936 nostra»,

541 1991 702 2045 quam
725 1990 831 2045 quo
861 1976 1121 2043 regnabat
1142 1969 1322 2024 Caesar
1351 1969 1652 2035 Augustus,
1683 1979 1806 2019 cum
1842 1963 1893 2016 in
1916 1975 2128 2016 summo

542 2078 688 2122 esset
715 2065 939 2126 malitia,
977 2078 1136 2132 quam
1175 2060 1382 2115 destrui
1431 2056 1740 2128 oportebat.
1785 2055 1937 2108 Sicut
1981 2052 2126 2106 enim

545 2158 740 2213 medici
771 2159 958 2211 sinunt
996 2156 1046 2208 in
1081 2153 1204 2208 saevi
1247 2152 1417 2205 morbi
1455 2148 1726 2204 ulceribus
1766 2146 1965 2200 malum
2014 2159 2130 2199 om-

548 2265 669 2305 nem
710 2250 992 2304 humorem
1025 2259 1338 2314 erumpere,
1371 2251 1426 2296 et
1451 2241 1646 2294 deinde
1682 2238 1919 2293 remedia
1965 2249 2123 2305 appo-

547 2351 717 2396 nunt:
743 2340 814 2394 ita
838 2345 891 2392 et
915 2344 1195 2406 peccatum
1225 2333 1511 2404 oportebat
1540 2345 1728 2386 omnes
1762 2345 1890 2384 suas
1925 2328 2134 2398 species

546 2435 826 2499 indicare,
883 2441 937 2484 et
987 2429 1187 2484 deinde
1240 2441 1494 2497 magnum
1553 2425 1825 2479 medicum
1860 2424 2135 2494 imponere

547 2527 862 2596 pharmaca.
902 2523 966 2577 Et
1000 2532 1286 2592 propterea
1323 2517 1658 2588 exspectavit
1689 2517 1937 2572 Christus
1964 2517 2134 2569 donec

550 2617 796 2673 diabolus
816 2614 1034 2669 malitiae
1055 2626 1362 2666 mensuram
1388 2611 1656 2679 impleret,
1691 2614 1741 2662 et
1764 2618 1889 2662 tunc
1917 2607 2132 2660 demum

553 2713 866 2765 incarnatus
890 2716 990 2771 est,
1027 2717 1078 2760 et
1107 2721 1269 2761 omne
1298 2718 1468 2773 genus
1502 2701 1721 2755 malitize
1748 2715 1844 2768 per
1890 2710 2136 2753 sanctam

553 2804 716 2857 vitam
747 2816 900 2856 suam
929 2802 1158 2854 sanavit.
1190 2798 1382 2852 Missus
1409 2806 1492 2850 est
1515 2795 1679 2864 igitur
1704 2795 1858 2854 liora,
1907 2793 2008 2846 hoc
2055 2801 2140 2846 est

555 2902 856 2962 opportuno
905 2897 957 2945 et
991 2887 1344 2944 accommodo
1382 2895 1624 2955 tempore
1651 2923 1667 2949 ,
1719 2884 1859 2938 sicut
1886 2892 1937 2936 et
1972 2881 2138 2934 David

556 2985 720 3039 dicit:
756 3001 776 3036 ι
814 2983 1112 3051 Accingere
1138 2980 1315 3049 gladio
1351 2990 1440 3031 tuo
1490 2992 1652 3045 super
1695 2975 1870 3032 fetnur
1916 2986 2065 3029 tuum
2095 2975 2158 3036 ⁸⁸,

554 3085 802 3144 potenter
833 3092 850 3124 ι
888 3073 1309 3141 tempestivitate
1341 3080 1453 3125 tua.
1483 3068 1718 3124 Omnino
1740 3068 1885 3123 enim
1907 3067 2139 3138 gladius,

2213 586 2309 654 τὴν
2330 583 2646 649 οἰκονομίαν
2684 579 2910 644 ταύτην.
2955 574 3167 625 δεῖπνον
3193 572 3313 640 id”,
3338 569 3529 636 ἐπειδὴ
3555 571 3613 618 ἐν
3644 567 3804 634 Ecl-1’-

2213 695 2320 738 τοις
2360 675 2590 742 καιροῖς,
2624 672 2712 721 7.1".
2749 666 2856 717 υτον
2887 665 2978 714 ἐπὶ
3004 663 3239 731 δυσμαῖς
3276 658 3368 713 τοῦ
3415 658 3614 721 αἰῶνος
3647 653 3804 726 ﬂatu

2216 772 2242 821 6
2299 767 2518 835 Κύριος.
2575 764 2763 828 Μέγας
2807 761 2860 809 6‘s
2903 760 2929 807 6
2967 758 3181 816 63im0;
3224 747 3399 816 οὗτος,
3468 752 3660 822 ἐπειδὴ
3715 754 3809 804 καὶ

2215 858 2664 928 ὁμολογουμένως
2709 855 2850 920 μέγα
2876 849 2933 900 τὸ
2964 849 3062 916 τῆς
3099 847 3378 914 σωτηρίας
3413 843 3570 914 ἡμῶν
3604 845 3808 911 μυστή-

2220 974 2333 1024 ριον
2358 971 2370 983 ·
2406 955 2499 1005 καὶ
2539 948 2827 1002 ἀπέστειλε
2887 946 2978 996 τὸν
3029 941 3221 994 δοῦλον
3264 937 3432 989 αὐτοῦ
3469 939 3535 1006 τῇ
3576 935 3698 1004 ὥρᾳ.
3720 933 3812 985 τοῦ

2217 1049 2453 1101 δείπνου.
2504 1043 2599 1106 Τίς
2647 1046 2793 1094 ἐστιν
2837 1033 2989 1098 οὗτος
3024 1036 3052 1086 6
3079 1033 3298 1095 60510;;
3334 1030 3391 1082 '0
3441 1031 3539 1098 τὴν
3600 1028 3814 1096 μορφὴν

2219 1141 2314 1193 τοῦ
2339 1138 2527 1192 δούλου
2556 1132 2841 1189 ἀναλαϐὼν
2868 1132 2895 1182 ὁ
2931 1129 3057 1190 Υἱὸς
3090 1125 3184 1178 τοῦ
3208 1123 3366 1185 Θεοῦ,
3406 1122 3695 1190 ἄνθρωπος
3735 1137 3816 1187 γε·

2221 1236 2467 1302 νόμενος,
2521 1229 2616 1281 καὶ
2647 1228 2719 1288 ὡς
2753 1223 3038 1294 ἄνθρωπος
3073 1217 3448 1286 ἀποσταλῆναι
3499 1214 3814 1281 λεγόμενος.

2223 1329 2466 1398 Πρόσχες
2496 1323 2552 1376 δὲ
2578 1321 2693 1384 πῶς
2713 1320 2814 1372 οὐκ
2843 1313 2985 1380 εἷπε,
3009 1312 3217 1376 δοῦλον,
3258 1310 3396 1363 ἀλλὰ
3430 1307 3568 1378 μετὰ
3593 1305 3688 1359 τοῦ
3720 1305 3817 1376 ἄρα

2222 1396 2501 1486 ορου,⁷τδν
2527 1411 2740 1473 δοῦλον,
2768 1408 2860 1460 τὸν
2890 1405 3123 1476 κυρίως,
3158 1403 3345 1471 φησϊν.
3386 1398 3537 1468 αὐτῷ
3574 1400 3718 1451 κατα
3763 1396 3821 1447 τὸ

2222 1485 2565 1576 ἀνθρώπινον
2625 1497 3072 1570 εὐαρεστήσαντα
3100 1493 3193 1545 καὶ
3227 1487 3285 1545 εὖ
3313 1489 3704 1543 δουλεύσαντα.
3741 1485 3815 1540 Οὐ

2227 1600 2389 1669 μόνον
2414 1597 2524 1668 γὰρ
2556 1593 2692 1648 καθὸ
2720 1591 2848 1654 Υίδς
2879 1588 2972 1642 καὶ
2998 1586 3134 1648 Θεὸς
3180 1583 3476 1652 εὐάρεστος
3513 1578 3594 1649 τῷ
3622 1579 3819 1648 Πατρὶ.

2221 1690 2359 1744 ἀλλὰ
2399 1688 2494 1742 καὶ
2528 1684 2666 1740 καθὸ
2701 1681 3008 1754 ἄνθρωπος,
3040 1677 3203 1739 αὐτὸς
3226 1676 3387 1746 μόνος
3416 1675 3824 1744 ἀναμαρτήτως

2227 1784 2432 1844 πάσαις
2466 1781 2588 1843 ταῖς
2620 1776 2716 1830 τοῦ
2751 1775 2962 1845 Πατρὺς
2999 1770 3218 1842 βουλαῖς
3283 1769 3378 1823 καὶ
3403 1768 3651 1830 ιντολαῖς
3683 1766 3822 1834 ὐπη-

2161 1856 2202 1910 Β
2231 1876 2488 1948 ρετήσας,
2525 1871 2622 1925 καὶ
2653 1869 2949 1939 πληρώσας
2986 1866 3169 1918 πᾶσαν
3199 1860 3578 1930 δικαιοσύνην,
3608 1857 3826 1912 δουλεῦ-

2233 1985 2321 2021 σαι
2353 1965 2571 2032 λέγεται
2598 1961 2678 2030 τῷ
2697 1959 2815 2029 Θεῷ
2845 1959 2941 2011 καὶ
2964 1956 3158 2024 “arpi,
3185 1953 3266 2008 διδ
3293 1955 3387 2006 καὶ
3408 1954 3614 2024 κυρίως
3637 1951 3824 2012 δοῦλος

2230 2058 2325 2112 τοῦ
2379 2055 2516 2111 Θεοῦ
2546 2052 2708 2116 αὐτὸς
2739 2053 2805 2106 ἂν
2845 2049 3060 2117 λέγοιτο
3102 2049 3288 2116 μόνος.
3335 2047 3414 2117 Τῇ
3455 2045 3577 2116 ὥρα
3626 2043 3687 2097 δὲ
3734 2042 3825 2096 τοῦ

2231 2151 2449 2204 δείπνου
2479 2144 2785 2212 ἀπεστάλη,
2818 2143 3122 2202 τουτέστιν,
3159 2141 3216 2192 ἐν
3272 2135 3352 2209 τῷ
3400 2137 3703 2207 ὡρισμένῳ
3736 2138 3827 2187 καί⁸

2235 2239 2536 2310 ἐπιτηδείῳ
2571 2235 2769 2307 καιρῷ.
2803 2235 2939 2288 Οὐδὲ
2955 2234 3059 2305 γάρ
3090 2231 3250 2295 ἄλλος
3278 2230 3467 2297 καιρὸς
3496 2225 3565 2300 ἦν
3594 2229 3694 2297 τῆς
3724 2244 3830 2278 σω-

2236 2331 2435 2401 τηρίας
2461 2328 2622 2399 ἡμῶν
2671 2324 3129 2394 ιπιτηδειὸτερος,
3164 2321 3198 2391 ἦ
3247 2322 3454 2384 ἐκεῖνος
3488 2320 3516 2371 6
3547 2318 3694 2371 κατὰ
3737 2315 3831 2386 τὴν

2239 2421 2332 2474 τοῦ
2372 2417 2690 2487 Αὐγούστου
2718 2417 2992 2482 Καίσαρος
3024 2410 3327 2482 βασιλείαν,
3362 2410 3450 2462 ὅτε
3489 2408 3833 2479 κορυφωθεί-

2242 2531 2342 2568 σαν
2367 2514 2465 2584 τὴν
2518 2495 2716 2564 κακίαν
2750 2508 2858 2561 ἔδει
2889 2503 3312 2575 καθαιρεθῆναι.
3350 2501 3569 2569 Ὥσπερ
3593 2501 3706 2569 γὰρ
3754 2498 3836 2549 νέ-

2243 2623 2392 2675 σημα
2417 2603 2670 2664 ὓπουλον,
2723 2601 2815 2653 καὶ
2853 2596 3128 2667 κακόηθες
3161 2594 3323 2647 ὲῶσιν
3351 2594 3400 2646 oi.
3441 2592 3623 2662 ίατροὶ
3658 2591 3836 2643 πάντα

2241 2697 2333 2750 τὸν
2373 2695 2609 2765 πονηρὸν
2643 2694 2818 2764 χυμὸν
2846 2690 3100 2762 ἐκρῆξαι,
3134 2682 3235 2740 εἷθ’
3270 2685 3445 2748 οὕτως
3479 2685 3581 2748 τὰς
3611 2700 3834 2753 φαρμα-

2244 2788 2395 2849 κείας
2419 2786 2742 2851 ἐπάγουσιν,
2775 2782 2951 2844 οὕτως
2974 2781 3069 2834 καὶ
3089 2779 3189 2850 τὴν
3217 2777 3498 2848 ἁμαρτίαν
3522 2776 3633 2828 ἔδει
3664 2776 3835 2828 πάντα

2245 2881 2314 2933 τὰ
2344 2880 2529 2931 οίκεῖα
2570 2878 2769 2946 ὲαυτῆς
2805 2875 2920 2942 εἴδη
2958 2871 3354 2935 ιπιδείξασθαι,
3390 2866 3510 2920 εἶτα
3542 2868 3635 2920 τὸν
3664 2867 3838 2936 μέγαν

2253 2972 2434 3044 ἰατρὸν
2457 2972 2729 3023 ἐπιθεῖναι
2763 2968 2823 3020 τὸ
2859 2968 3175 3037 φάρμακον.
3237 2963 3337 3016 Διά
3375 2961 3536 3014 τοῦτο
3570 2957 3637 3030 δὴ
3690 2976 3840 3028 περι-

2249 3067 2464 3136 έμεινεν
2490 3063 2518 3114 6
2543 3063 2748 3132 Κύριος
2766 3061 2826 3112 τὸ
2853 3061 3050 3129 μέτρον
3077 3060 3176 3126 τῆς
3209 3059 3408 3118 κακίας
3438 3052 3730 3124 πληρῶσαι
3754 3054 3844 3103 τον

554 3168 782 3219 verbum
816 3165 957 3219 Dei:
1003 3178 1098 3231 per
1144 3163 1318 3216 femur
1349 3171 1526 3214 autem
1570 3161 1826 3213 nativitas
1876 3160 1927 3213 in
1971 3173 2135 3214 carne

2247 3156 2516 3220 διάϐολον,
2553 3157 2649 3208 καὶ
2671 3152 2845 3215 οὕτως
2873 3149 3180 3222 σαρκωθεὶς
3213 3149 3322 3202 πᾶν
3353 3144 3493 3209 εἶδος
3523 3147 3728 3208 κακίας
3759 3143 3844 3196 διὰ

2310 3249 2320 3257 ι
2507 3247 2533 3257 ι»
2632 3247 2644 3257 ι
2704 3245 2716 3257 ι
2884 3245 2895 3257 ι
2976 3243 2998 3253 ⁸
3129 3243 3144 3256 π
3255 3241 3266 3257 ο
3387 3242 3398 3257 l
3417 3240 3440 3257 P
3478 3238 3494 3257 Ι
3521 3255 3539 3257 _
3567 3255 3602 3257 Δί
3623 3254 3636 3257 -
3720 3237 3768 3257 ’Δ
3790 3254 3822 3257 .-

555 3258 911 3329 signiﬁcatur,
935 3255 1330 3327 quaacontingit
1354 3255 1406 3308 in
1439 3253 1883 3324 tempestivitate,
1915 3255 2016 3306 hoc
2052 3260 2138 3306 est

558 3350 612 3406 In
643 3360 882 3418 tempore
925 3356 1253 3415 opportuno.
1297 3345 1489 3400 Missus
1541 3359 1671 3400 vero
1723 3351 1802 3397 est
1839 3352 1897 3396 ut
1932 3343 2139 3398 diceret

561 3439 818 3494 Invitatis.
855 3437 956 3505 Qui
1010 3445 1135 3492 suut
1185 3438 1239 3491 hi
1281 3437 1370 3506 qui
1425 3437 1597 3489 vocati
1652 3435 1814 3489 sunt?
1864 3433 2138 3488 Fortassis

558 3547 748 3587 omnes
779 3531 1048 3585 homines.
1082 3531 1282 3584 Omnes
1311 3530 1454 3582 enim
1498 3527 1709 3581 vocavit
1760 3527 1901 3580 Deus
1956 3527 2023 3579 ad
2054 3526 2136 3578 sui

561 3626 912 3695 agnitionem,
953 3624 1154 3692 partim
1195 3637 1287 3690 per
1321 3623 1627 3675 ordinatam
1675 3618 1966 3673 visibilium
2011 3632 2140 3672 con-

562 3719 925 3782 stitutiouem,
963 3717 1160 3785 partim
1197 3731 1290 3785 per
1319 3713 1614 3767 naturalem
1641 3711 1813 3783 legem
1844 3729 1856 3764 :
1895 3709 2142 3764 fortassis

562 3823 745 3870 autem
776 3811 946 3878 magis
987 3807 1203 3878 praprie
1260 3804 1548 3869 Israelitas,
1602 3805 1693 3874 qui
1728 3818 1822 3872 per
1863 3804 2030 3870 legem
2091 3810 2144 3856 et

569 3901 862 3973 prophetas
888 3899 1062 3953 vocati
1089 3897 1326 3952 luerunt.
1366 3895 1444 3948 Ad
1473 3895 1594 3948 illos
1637 3895 1802 3963 igitur
1833 3893 2028 3946 missus
2059 3903 2147 3947 est

567 3997 798 4065 primum
828 3993 1108 4056 Dominus,
1164 3990 1239 4043 uti
1301 3989 1367 4042 ad
1405 4003 1533 4043 oves
1565 3991 1756 4043 domus
1795 3986 1983 4042 Israel.
2029 3987 2148 4056 Ipse

565 4089 711 4142 enim
745 4087 959 4140 dicebat
988 4101 1002 4139 :
1040 4084 1253 4150 Venite,
1273 4084 1397 4154 quia
1430 4091 1614 4150 parata
1641 4081 1750 4150 jam
1782 4089 1907 4134 sunt
1941 4079 2144 4132 omnia.

572 4177 745 4246 Prope
769 4179 911 4233 enim
939 4192 1060 4232 esse
1096 4192 1320 4247 regnum
1362 4175 1453 4230 Dei
1495 4176 1562 4240 ⁸⁷,
1586 4173 1841 4228 omnibus
1872 4170 2148 4242 evangeli-

574 4271 733 4322 zabat
761 4267 1038 4334 Dominus,
1071 4278 1123 4323 et
1154 4268 1294 4322 intra
1317 4282 1432 4322 vos.
1454 4267 1531 4334 ,At
1558 4266 1932 4334 illicmperunt
1961 4262 2145 4326 simul,

573 4361 624 4414 id
653 4367 735 4414 est
775 4375 838 4414 ex
864 4363 1184 4429 composito,
1219 4371 1502 4414 excusare.
1531 4357 1735 4413 Omnes
1770 4357 1912 4412 enim
1945 4357 2148 4424 princi-

571 4467 666 4522 pes
704 4451 1009 4507 Judzeorum
1043 4452 1419 4506 detrectabant
1463 4449 1888 4506 Jesum.habere
1941 4464 2146 4520 regem,

2253 3249 2434 3318 πάσης
2472 3247 2571 3315 τῆς
2623 3245 2784 3312 ἁγίας
2840 3243 3003 3295 αὐτοῦ
3056 3241 3337 3302 πολιτείας
3383 3238 3686 3314 ὲξιάσατοη
3720 3237 3847 3290 Ἀττ.

2253 3340 2455 3407 εσταλη
2473 3325 2570 3390 οὖν’
2590 3338 2647 3388 ὲν
2670 3336 2812 3406 ὥρα,
2832 3334 3101 3398 τουτέστι,
3122 3333 3200 3397 τῷ
3227 3332 3414 3402 ὡραίῳ
3444 3331 3537 3384 καί
3556 3327 3847 3397 ἐπιτηδείῳ

2256 3435 2452 3505 καιρῷ,
2484 3431 2626 3486 καοὰ
2665 3431 2757 3483 καὶ
2781 3428 2944 3483 Δαυῒδ
2965 3427 3113 3496 λέγει
3151 3444 3165 3458 ο
3208 3424 3551 3496 «Περίζωσαι
3573 3421 3675 3492 τὴν
3711 3423 3846 3491 ῥομ-

2255 3527 2420 3596 φαίαν
2448 3541 2564 3590 σου,
2589 3524 2682 3576 ἐπὶ
2710 3521 2802 3574 τὸν
2839 3522 3015 3590 μηρόν
3038 3535 3161 3583 σου,
3183 3517 3378 3570 δυνατὲ
3406 3534 3425 3566 ι
3453 3517 3520 3585 τῇ
3551 3511 3852 3585 ὡραιότητί

2257 3636 2351 3672 σου
2372 3635 2384 3646 ’
2415 3618 2634 3678 πάντως
2659 3615 2764 3684 γὰρ
2797 3611 3043 3684 ῥομφαία
3081 3612 3180 3682 μὲν
3205 3611 3234 3663 6
3266 3610 3429 3676 λόγος
3454 3607 3550 3660 τοῦ
3569 3606 3734 3670 θεοῦ,
3761 3605 3851 3656 διὰ

2257 3712 2349 3763 του
2395 3708 2570 3780 μηροῦ
2597 3707 2655 3760 δὲ
2709 3708 2744 3775 ἡ
2795 3709 2853 3758 ἐν
2895 3705 3059 3774 σαρκὶ
3089 3703 3304 3770 γένεσις
3339 3700 3697 3771 σημαίνεται,
3731 3699 3854 3767 ἥτις

2267 3806 2336 3873 τῇ
2374 3801 2674 3872 ὡραιότητι
2723 3799 2961 3865 ἐγένετο,
2992 3795 3297 3852 τουτέστιν.
3343 3796 3402 3846 ὲν
3448 3792 3528 3862 τῷ
3558 3793 3857 3862 ἐπιτηδείῳ

2261 3902 2460 3964 καιρῷ.
2484 3892 2794 3962 Ἀπεστάλη
2819 3890 2876 3944 δὲ
2901 3891 3078 3942 εἰπεῖν
3114 3889 3227 3951 τοῖς
3261 3885 3647 3957 κεκλημένοις.
3698 3883 3858 3943 Τίνες

2261 3987 2317 4040 δέ
2346 3988 2482 4038 εἰσιν
2505 3979 2652 4038 οὗτοι
2682 3985 2732 4037 oi
2763 3982 3127 4053 κεκλημένοκ
3170 3980 3328 4050 Τάχα
3366 3979 3468 4048 μὲν
3510 3980 3609 4031 καὶ
3652 3978 3856 4038 πάντες

2260 4078 2539 4150 ἂνθρωποι
2601 4079 2806 4140 πάντας
2837 4075 2946 4145 γὰρ
2973 4072 3231 4127 ἐκάλεσεν
3256 4074 3284 4125 6
3324 4070 3453 4134 Θεὸς
3488 4071 3570 4132 είς
3598 4068 3698 4140 τὴν
3734 4068 3857 4122 ἐπί-

2259 4188 2458 4240 γνωσιν
2489 4169 2678 4234 αὐτοῦ,
2715 4167 2874 4220 τοῦτο
2909 4166 3009 4235 μιν
3037 4165 3125 4218 διὰ
3151 4166 3249 4234 τῆς
3291 4163 3399 4217 τῶν
3428 4162 3730 4232 ὁρωμένων
3761 4163 3853 4214 εὐ-

2260 4266 2473 4330 ταξίας,
2496 4263 2654 4317 τοῦτο
2679 4261 2734 4314 δὲ
2760 4260 2848 4314 διὰ
2867 4258 2962 4312 τοῦ
2995 4257 3232 4327 φυσικοῦ
3264 4257 3433 4327 νόμου
3454 4272 3468 4285 ο
3515 4255 3659 4326 τάχα
3693 4256 3750 4308 δὲ
3778 4259 3859 4308 οι-

2262 4359 2540 4427 κειότερον
2568 4357 2617 4407 ot
2673 4354 2730 4419 ἐξ
2769 4351 2984 4423 Ἰσραὴλ
3009 4392 3024 4416 ,
3067 4351 3114 4403 οἳ
3146 4349 3234 4403 διὰ
3287 4349 3381 4401 τοῦ
3412 4368 3438 4401 ν
3478 4367 3583 4418 μου
3619 4352 3714 4402 καὶ
3750 4349 3858 4401 τῶν

2264 4448 2563 4520 προφητῶν
2610 4445 2921 4515 ἐκλήθησαν
2957 4457 2971 4472 ·
3017 4445 3098 4502 εἰς
3148 4441 3368 4504 τούτους
3422 4439 3518 4492 οὖν
3577 4440 3861 4494 ἀπεστάλη

569 4555 624 4596 et
654 4556 863 4599 cauam
920 4556 1026 4596 non
1078 4549 1437 4596 meruerunt:
1474 4539 1610 4595 alius
1649 4540 1867 4610 quidem
1916 4547 2135 4610 propter

2250 4539 2677 4614 προηγουμένως
2741 4539 2770 4590 6
2821 4535 3049 4605 Κύριος,
3109 4534 3188 4596 είς
3257 4531 3324 4585 τὰ
3407 4531 3663 4600 πρόϐατα
3713 4532 3863 4584 οἴκου

571 4633 880 4690 divitiarum
923 4634 1299 4701 cupiditatem,
1337 4632 1475 4686 alius
1525 4642 1704 4687 autem
1741 4643 1960 4702 propter
1995 4633 2148 4687 volu-

573 4736 794 4796 ptatem.
829 4723 962 4778 Nam
1023 4725 1108 4778 ille
1155 4725 1374 4796 quidem
1417 4724 1601 4779 villam
1651 4734 1880 4791 emerat,
1921 4735 1975 4780 et
2015 4727 2153 4779 alius

569 4818 694 4888 iuga
722 4818 902 4882 boum,
931 4817 1020 4883 qui
1053 4819 1267 4886 signant
1296 4817 1606 4872 divitiarum
1637 4818 1882 4887 cupidos.
1916 4819 1985 4872 At
2015 4818 2154 4873 alius

575 4909 668 4978 qui
697 4924 915 4962 uxorem
951 4907 1199 4971 duxerat,
1243 4909 1625 4977 voluptuarius
1655 4922 1790 4964 erat.
1836 4911 2056 4980 Insuper
2100 4922 2154 4967 et

579 5003 624 5055 is
665 5001 840 5053 villam
876 5011 1256 5068 compararat,
1291 5007 1379 5071 qui
1433 5014 1651 5071 propter
1691 5005 2014 5058 mundanam
2063 5021 2158 5059 sa.

576 5091 832 5160 pientiam
888 5105 992 5143 non
1043 5092 1237 5160 aet-ipit
1288 5095 1624 5162 mysterium.
1683 5092 1816 5146 Villa
1874 5095 2014 5148 enim
2071 5107 2152 5149 est

580 5184 807 5238 mundus
842 5184 952 5248 hic,
995 5196 1047 5237 et
1081 5194 1272 5236 natura
1306 5187 1640 5252 simpliciter.
1676 5188 1775 5252 Qui
1824 5197 2000 5240 autem
2051 5203 2149 5240 na-

581 5283 753 5329 turain
777 5275 1048 5338 observat,
1072 5292 1171 5329 non
1207 5279 1506 5343 recipithoc
1530 5281 1666 5345 quod
1693 5297 1853 5349 super
1877 5292 2146 5334 naturam.

581 5365 745 5437 Igitur
770 5369 1065 5435 phariszcus
1095 5370 1183 5435 qui
1219 5368 1392 5422 villam
1429 5370 1561 5425 forte
1585 5384 2014 5442 comparaverat,
2053 5375 2154 5427 hoc

580 5469 686 5522 est,
728 5460 815 5526 qui
871 5471 1176 5524 respexerat
1226 5464 1290 5512 ad
1345 5473 1547 5516 natura:
1594 5465 1757 5532 leges,
1802 5483 1904 5518 nou
1964 5467 2153 5533 recipit

585 5552 843 5616 virginem
890 5564 1075 5616 parere
1117 5548 1307 5613 Deum,
1359 5555 1496 5619 quod
1548 5569 1707 5622 super
1739 5565 1985 5607 naturain
2023 5566 2148 5610 est:

584 5644 678 5696 sed
710 5649 763 5695 et
791 5655 978 5694 uiriues
1010 5642 1099 5712 qui
1148 5643 1197 5695 in
1240 5653 1463 5698 externa
1512 5647 1773 5714 sapientia
1830 5648 2153 5716 gloriantur,

654 5824 699 5856 "
728 5823 867 5878 Psal.
906 5840 1010 5889 xu,
1039 5825 1092 5879 4.
1171 5826 1212 5857 ⁸⁷
1251 5827 1442 5882 Matth.
1482 5842 1565 5892 ιιι,
1594 5828 1629 5880 2

2265 4633 2505 4706 Ἰσραήλ.
2545 4629 2714 4693 Αὐτὸς
2763 4628 2863 4698 μὲν
2903 4626 2996 4680 οὖν
3049 4625 3202 4692 ἔλεγε
3231 4640 3246 4658 ο
3291 4622 3563 4694 Ἔρχεσθε
3624 4623 3711 4676 ὅτι
3762 4621 3863 4692 ἠδη

2260 4728 2456 4795 ἕτοιμά
2489 4727 2605 4777 ἐστι
2636 4724 2833 4775 πάντα·
2868 4718 3038 4787 ἐγγὺς
3091 4719 3196 4791 γὰρ
3246 4712 3386 4770 εἶναι
3435 4717 3535 4788 τὴν
3573 4715 3864 4785 βασιλείαν

2261 4821 2373 4872 τῶν
2399 4815 2682 4887 οὐρανῶν,
2744 4812 2947 4866 ἅπασιν
2980 4809 3369 4881 εὐηγγελίζετο
3410 4811 3439 4861 6
3481 4808 3731 4877 Κύριος.
3771 4812 3865 4860 καὶ

2257 4911 2408 4974 ὲντδς
2441 4909 2618 4978 ὐμῶν.
2652 4908 2714 4960 Ol
2762 4906 2817 4959 δὲ
2850 4905 3086 4975 ἤρξαντο
3133 4905 3243 4957 ἀπὸ
3273 4903 3406 4973 μιᾶς
3448 4900 3861 4970 παραιτεῖσθαι,

2266 5002 2544 5054 τουτέστιν
2571 5038 2586 5062 ,
2618 4999 2691 5061 ὡς
2743 4995 2803 5062 ἐξ
2839 4997 2955 5060 ἑνὸς
2985 4996 3328 5065 συνθήματος
3353 5010 3368 5024 ⁶
3406 4994 3612 5057 πάντες
3665 4993 3778 5063 γὰρ
3816 4994 3864 5046 οί

2261 5096 2515 5164 ἄρχοντες
2558 5092 2666 5143 τῶν
2711 5089 2980 5143 Ἰουδαίων
3045 5087 3526 5157 παραιτησάμενοι
3572 5086 3723 5155 ἔχειν
3775 5088 3864 5138 τὸν

2276 5185 2482 5255 Ἰησοῦν
2522 5184 2784 5254 βασιλέα,
2835 5182 2956 5234 οὐδὲ
3000 5181 3094 5233 τοῦ
3154 5181 3373 5233 δείπνου
3429 5176 3754 5248 ἠξιώθησαν
3781 5193 3795 5206 ·
3838 5179 3866 5227 6

2266 5282 2363 5349 μὲν
2395 5279 2481 5331 διὰ
2513 5276 2921 5347 φιλοπλουτίαν,
2985 5275 3013 5326 6
3058 5274 3114 5326 δὲ
3154 5273 3244 5326 διὰ
3287 5269 3628 5341 φιληδονίαν.
3675 5269 3737 5322 ’0
3771 5268 3866 5339 μὲν

2261 5375 2367 5441 γὰρ
2407 5373 2493 5423 τὴν
2527 5373 2695 5439 ἀργὸν
2723 5369 3024 5437 ἀγοράσας,
3062 5369 3200 5418 καιὸ
3234 5367 3301 5417 τὰ
3335 5365 3511 5431 ζεύγη
3553 5362 3669 5414 τῶν
3705 5361 3862 5432 βοῶ-ι,

2262 5462 2603 5528 φιλόπλουτοι
2649 5460 2713 5512 ἂν
2751 5460 2994 5528 νοηθείεν
3021 5477 3032 5488 ·
3081 5461 3108 5509 6
3138 5458 3193 5510 δὲ
3226 5457 3323 5524 τὴν
3366 5456 3614 5520 γυναῖκα
3661 5454 3866 5523 γήμας,

2263 5557 2540 5625 φιλήδονος
2564 5571 2576 5582 ·
2615 5556 2662 5606 εἰ
2722 5553 2900 5622 βούλει
2957 5552 3015 5604 δέ
3051 5568 3163 5622 μοι,
3199 5549 3373 5616 ἀγρὸν
3404 5546 3682 5614 ἀγοράζει
3729 5549 3758 5601 6
3784 5546 3865 5599 δή

2262 5652 2362 5720 τὴν
2405 5651 2496 5703 τοῦ
2529 5652 2734 5708 κόσμου
2770 5650 2965 5718 σοφίαν
2992 5646 3067 5716 μὴ
3095 5644 3543 5715 παραδεχόμενος
3567 5641 3636 5693 τὸ
3673 5643 3868 5713 μυστὴ-

3492 6449 3541 6455 Ἡ
3618 6448 3805 6460 ἣθ---η
3844 6448 3889 6455 ἡ
