4048 6534
252 526 354 593 ιιι

952 522 1407 591 ENARRATIO
1450 528 1535 591 IN
1566 525 2080 593 EVANGELIUM
2125 527 2368 590 LUCJE.
2396 554 2463 564 -
2489 527 2649 589 CAP.
2689 525 2849 589 XIV.

3480 521 3593 590 942

247 643 448 706 αὐτοὺς
479 636 592 696 οἷον
615 640 696 695 δεῖ
716 641 808 696 τὸν
837 641 1090 714 μαθητὴν
1112 643 1282 699 αὑτοῦ
1313 638 1480 708 εῖναι,
1497 642 1860 713 ἀποφαίνεται

1977 655 2042 697 ac
2072 641 2238 697 veluti
2271 642 2535 698 informat
2560 653 2616 698 et
2649 641 2896 713 depingit
2931 654 3090 704 eum,
3134 654 3389 697 asserens
3422 656 3559 712 opor

248 738 383 810 περὶ
411 735 631 802 τούτου,
666 735 758 788 καὶ
794 728 907 788 οἷον
928 735 1186 790 διατυποί
1215 736 1402 803 αὐτὸν,
1451 735 1547 789 καὶ
1570 735 1866 806 ,ζωγραφεῖ

247 827 644 901 εἰσηγούμενος
693 827 807 880 δεῖν
839 829 1008 881 αὐτὸν
1046 830 1231 900 μισεῖν
1258 829 1321 882 οὐ
1361 827 1526 900 μόνον
1567 829 1699 893 τοὺς
1729 826 1864 891 ἔξω·

246 919 341 972 θεν
369 916 522 988 αὐτῷ
548 917 959 990 ᾠκειωμένους,
992 919 1133 974 ἀλλά
1161 920 1260 974 καλ⁸
1291 921 1394 990 τὴν
1434 919 1631 974 ἑαυτοῦ
1653 919 1859 991 ψυχήν.

251 1011 397 1083 Ὅρα
415 1011 474 1064 δὲ
503 1011 579 1083 μὴ
617 1013 1012 1086 συναρπασθῇς
1038 1013 1118 1085 τῷ
1155 1011 1309 1086 ρητῷ
1335 1012 1529 1078 ἁπλῶς
1557 1012 1734 1092 οὕτως
1765 1014 1863 1068 καὶ

247 1103 727 1175 ἀνεπιστημόνως.
789 1106 865 1160 Οὐ
901 1108 1014 1179 γάρ
1071 1105 1483 1178 ἀπανθρωπίαν
1534 1107 1782 1162 διδάσκει
1829 1109 1859 1162 δ

246 1196 666 1268 φιλάνθρωπος,
713 1198 834 1253 οὐδὲ
863 1200 1292 1272 διαχειρίζεσθαι
1320 1200 1555 1266 ἑαυτοὺς
1590 1200 1860 1267 νουθετεῖ,

248 1287 388 1341 ἀλλά
413 1290 508 1343 τόν
558 1306 623 1358 γε
648 1292 874 1362 γνήσιον
919 1294 1092 1346 αὑτοῦ
1137 1293 1395 1367 μαθητὴν
1424 1293 1682 1366 βούλεται
1733 1293 1861 1348 τότε

251 1383 431 1451 μισεῖν
461 1383 588 1445 τοὺς
603 1384 749 1436 κατά
776 1383 937 1452 γένος
967 1387 1230 1453 οἰκείους,
1260 1389 1347 1441 ὅτε
1370 1391 1510 1460 πρὸς
1543 1385 1862 1441 θεοσέσειαν

248 1472 402 1542 αὒτῷ
432 1473 778 1544 ἐμποδίζοιεν
813 1475 909 1528 καὶ
935 1475 1027 1529 διὰ
1049 1476 1052 1480 ’
1077 1478 1179 1547 τὴν
1215 1479 1363 1550 πρὸς
1414 1478 1619 1542 αὐτοὺς
1671 1477 1861 1550 σχέσιν

249 1564 515 1619 κωλύοιτο
539 1566 702 1628 αὐτὸς
732 1566 793 1621 τὸ
827 1552 994 1622 καλδν
1032 1570 1280 1640 μετιέναι
1300 1583 1315 1601 ⁵
1351 1572 1475 1624 ἐπεὶ
1499 1573 1548 1624 εί
1583 1571 1661 1642 μὴ
1687 1574 1863 1641 εμπο-

245 1660 468 1726 δίζοιεν,
501 1662 672 1734 τιμᾷν
707 1661 910 1732 μᾶλλον
936 1662 1069 1735 ἄχρι
1099 1665 1201 1736 τῆς
1225 1663 1548 1728 τελευταίας
1576 1662 1861 1733 ἀναπνοῆς

249 1754 517 1810 διδάσκει.
551 1756 665 1809 Καὶ
689 1754 810 1820 πῶς
843 1755 1124 1824 διδάσκεις
1157 1759 1258 1811 Διά
1292 1760 1395 1828 τῆς
1435 1758 1682 1829 μείζονος
1708 1757 1862 1811 διδα-

251 1845 502 1910 σκαλίας,
536 1847 701 1918 φημὶ,
743 1848 812 1902 δι’
855 1843 931 1903 ὧν
976 1849 1218 1922 ἔπραξεν
1265 1851 1432 1914 αὑτός
1457 1867 1473 1883 ⁸
1506 1850 1605 1905 καὶ
1638 1853 1750 1923 γάρ
1780 1850 1860 1922 τῷ

264 1939 482 2012 Ἰωσὴφ,
506 1941 686 1994 καίτοι
718 1942 838 1996 οὐδὲ
868 1945 1079 2016 κυρίως
1135 1945 1306 1998 αὐτοῦ
1343 1945 1514 2015 πατρὶ
1545 1944 1684 2010 δντι,
1717 1943 1858 2001 ἀλλὰ

251 2036 617 2107 νομιζομένῳ,
654 2032 723 2108 ἦν
791 2037 1284 2110 ὑποτασσόμενος,
1337 2040 1438 2094 καὶ
1480 2039 1579 2111 τῆς
1637 2039 1866 2111 Μητρὸς

251 2126 524 2198 τωιύτην
542 2129 781 2183 ἐποιεῖτο
797 2130 886 2184 ἀεὶ
919 2130 1018 2201 τὴν
1048 2130 1331 2200 πρόνοιαν,
1359 2128 1504 2184 ὥστε
1533 2129 1659 2184 οὑδὲ
1688 2147 1861 2184 σταυ-

254 2218 521 2290 ρούμενος
550 2221 796 2292 ἠμέλησε
818 2222 1049 2293 ταύτης,
1085 2222 1220 2278 ἀλλά
1277 2223 1572 2294 παρεδίδου
1603 2221 1682 2294 τῷ
1716 2224 1864 2292 ἠγα-

254 2314 490 2386 πημένῳ
544 2314 786 2386 μαθητῇ.
824 2316 951 2380 Πῶς
981 2316 1077 2371 οὖν
1115 2319 1144 2372 ό
1174 2315 1350 2371 ταῦτα
1387 2317 1610 2383 διδάξας
1639 2317 1728 2371 διὰ
1755 2317 1865 2371 τῶν

250 2409 457 2481 ἔργων,
489 2410 578 2463 ire
591 2429 658 2482 ρα
681 2411 768 2464 διὰ
799 2411 909 2466 τῶν
936 2411 1115 2480 λόγων
1165 2415 1447 2484 εἰσηγοῐτο
1473 2431 1488 2480 ς
1522 2413 1667 2468 Ἀλλ’
1725 2415 1866 2484 ὅπερ

250 2503 414 2574 ἔφην,
456 2508 638 2574 μισεῖν
665 2506 815 2576 ἡμᾶς
849 2507 979 2568 τοὺς
1014 2507 1196 2573 γονεῖς
1223 2506 1558 2570 ἐντέλλεται,
1609 2507 1700 2560 ὅτε
1729 2506 1865 2570 Θεὸς

249 2595 313 2648 τὸ
360 2595 833 2666 κινδυνευόμενον.
868 2594 1004 2649 Τότε
1042 2597 1154 2669 γὰρ
1207 2597 1270 2651 οὐ
1322 2599 1502 2666 γονεῖς
1549 2597 1865 2667 λογίζονται

250 2689 374 2742 οὐδὲ
405 2691 620 2755 οἰκεῖοι,
645 2690 783 2759 πρὸς
806 2689 908 2760 τὴν
931 2689 1198 2760 τοιαύτην
1229 2689 1502 2759 ὠφέλειαν
1552 2692 1684 2762 ἡμῖν
1708 2691 1864 2744 ἀντι-

249 2781 566 2844 πίπτοντες.
621 2780 936 2837 Κάντεῦθεν
964 2783 1022 2836 δὲ
1076 2782 1259 2854 δῆλον,
1298 2783 1327 2836 δ
1353 2783 1612 2853 λέγομεν,
1671 2786 1737 2838 ἐκ
1767 2783 1862 2838 τοῦ

248 2875 345 2926 καὶ
378 2874 478 2944 τὴν
503 2873 701 2928 ἑαυτοῦ
752 2874 931 2946 ψυχὴν
976 2875 1330 2930 ἐντέλλεσθαι
1383 2879 1564 2945 μισεῖν
1591 2892 1604 2906 ·
1643 2878 1864 2942 πάντως

248 2969 361 3035 γὰρ
394 2967 456 3019 ού
489 2966 649 3020 τοῦτο
677 2966 1054 3022 διακελεύεται
1083 2968 1145 3020 τὸ
1177 2970 1411 3033 ἑαυτοὺς
1442 2969 1858 3036 ἀποκτιννύναι,

245 3061 390 3113 ἀλλὰ
426 3061 486 3113 τὸ
508 3063 630 3124 ταῖς
652 3059 978 3131 ἐπιθυμίαις
999 3060 1098 3131 τῆς
1123 3060 1307 3131 ψυχῆς
1347 3063 1465 3125 ταῖς
1497 3060 1863 3133 χωριζούσαις

245 3154 401 3222 ἡμᾶς
435 3153 528 3205 τοῦ
561 3151 697 3206 Θεοῦ
729 3154 1172 3207 ἀποτάσσεσθαι·
1199 3153 1294 3205 καὶ
1316 3155 1364 3206 εί
1398 3156 1686 3225 πρόκειται
1719 3172 1863 3225 μαρ-

244 3245 460 3316 τύριον,
489 3245 565 3317 μὴ
583 3248 897 3316 φροντίζειν
923 3248 1024 3314 τῆς
1040 3247 1245 3320 ψυχῆς,
1269 3250 1433 3319 μόνον
1464 3249 1693 3319 κέρδους
1727 3266 1862 3318 προ-

1974 743 2091 789 tere
2132 746 2258 789 eum
2300 736 2430 789 odio
2467 735 2674 789 habere
2719 749 2827 790 non
2871 732 3050 789 solum
3087 747 3183 789 eos
3224 734 3319 806 qui
3360 742 3588 789 externa

1971 823 2355 880 familiaritate
2373 823 2550 892 juncti
2575 834 2722 890 sunt,
2745 824 2844 881 sed
2869 835 2924 880 et
2945 838 3102 879 suam
3127 824 3300 894 ipsius
3319 823 3587 881 animam.

1970 915 2110 974 Vide
2133 926 2319 972 autem
2360 933 2430 973 ne
2455 918 2642 973 littera
2674 910 2910 987 prorsus
2945 916 3202 987 imperite
3231 916 3310 988 (ιι)
3342 917 3590 988 abr'pia-

1969 1015 2068 1068 ris.
2099 1010 2217 1067 Non
2243 1014 2389 1067 enim
2427 1012 2895 1067 inhumanitatem
2921 1022 2979 1066 et
3011 1010 3395 1066 crudelitatem
3427 1011 3593 1066 docet

1985 1105 2327 1170 misericors,
2363 1118 2540 1176 neque
2564 1105 2776 1176 sibiipsi
2804 1105 2966 1160 docet
2990 1118 3211 1158 manum
3243 1102 3470 1167 inferre,
3494 1107 3590 1158 sed

1969 1201 2257 1272 proprium
2305 1215 2467 1256 suum
2509 1199 2841 1270 discipulum
2881 1197 3002 1254 vult
3043 1208 3176 1254 tunc
3211 1198 3340 1253 odio
3381 1198 3599 1252 habere

1966 1303 2236 1363 cognatos
2280 1307 2446 1359 suos,
2502 1292 2727 1363 quando
2773 1290 2842 1345 ad
2889 1291 3152 1362 pietatem
3199 1289 3252 1345 ei
3296 1289 3584 1344 obstaculo

1967 1396 2132 1450 sunt,
2177 1394 2230 1440 et
2266 1393 2494 1456 propter
2544 1385 3016 1440 necessitudinem
3055 1397 3086 1436 a
3120 1380 3282 1437 bouis
3326 1382 3590 1452 operibus

1966 1481 2334 1552 prohibetur:
2367 1478 2634 1551 quoniam
2665 1477 2772 1534 nisi
2810 1478 3177 1538 obsisterent.
3211 1475 3386 1545 magis
3411 1474 3590 1529 hono-

1970 1573 2177 1628 randos
2201 1572 2364 1626 docet
2391 1587 2566 1642 usque
2596 1572 2663 1626 ad
2695 1579 3007 1627 extremum
3037 1570 3313 1640 spiritum.
3351 1567 3420 1622 Et
3448 1583 3591 1638 quo-

1971 1666 2134 1722 modo
2177 1664 2387 1721 docet?
2445 1663 2552 1719 Per
2613 1662 2877 1732 majorem
2944 1662 3273 1726 doctrinam,
3339 1660 3593 1729 inquam,

1969 1774 2165 1826 nempe
2215 1771 2312 1830 per
2377 1772 2442 1812 ea
2507 1772 2630 1829 qua:
2681 1764 2942 1826 operatus
2989 1765 3108 1819 est;
3162 1755 3280 1825 ipse
3331 1754 3482 1809 enim
3535 1762 3592 1807 et

1965 1851 2209 1922 Ioseph,
2259 1854 2514 1923 quamvis
2555 1866 2666 1905 non
2714 1860 2859 1904 esset
2907 1849 3164 1920 proprius
3205 1860 3443 1916 parens,
3490 1846 3587 1902 sed

1973 1945 2362 2008 existimatus,
2396 1942 2661 1998 obediens
2702 1941 2848 1996 fuit:
2886 1950 2941 1996 et
2992 1940 3184 1994 Matris
3228 1952 3344 1992 sua:
3378 1944 3586 1990 tantam

1971 2050 2193 2106 semper
2225 2035 2333 2103 egit
2379 2048 2602 2099 curam,
2648 2043 2708 2087 ut
2754 2047 2934 2102 neque
2978 2047 3103 2086 cum
3145 2028 3589 2100 cruciﬁgeretur,

1969 2145 2092 2185 eam
2135 2127 2475 2198 negligeret,
2512 2126 2609 2182 sed
2650 2125 3060 2182 commendavit
3103 2123 3373 2194 discipulo
3421 2137 3584 2190 quem

1971 2223 2253 2292 diligebat.
2305 2222 2593 2290 Quomodo
2646 2221 2815 2291 igitur
2861 2219 2908 2274 is
2958 2217 3052 2287 qui
3106 2216 3225 2272 hate
3271 2232 3371 2287 per
3417 2229 3577 2285 oper;

1971 2316 2182 2383 docuit,
2209 2316 2314 2370 alia
2358 2317 2709 2372 sermonibus
2740 2311 3116 2369 asseveravit?
3142 2313 3236 2376 At,
3273 2311 3418 2366 sicut
3447 2308 3585 2376 dixi,

1971 2410 2218 2481 praecipit
2257 2424 2359 2464 nos
2395 2410 2523 2465 odio
2556 2408 2762 2463 habere
2788 2415 3069 2477 parentes,
3098 2403 3319 2475 quando
3352 2405 3406 2458 in
3437 2404 3584 2458 cultu

1972 2504 2066 2558 Dei
2091 2503 2396 2573 periculum
2436 2513 2542 2559 est.
2571 2502 2725 2557 Tunc
2750 2501 2898 2556 enim
2922 2514 3032 2554 non
3065 2506 3319 2570 parentes
3349 2511 3587 2552 censen-

1973 2610 2085 2663 tur,
2118 2616 2297 2670 neque
2329 2599 2649 2665 familiares,
2692 2598 2736 2652 si
2773 2597 2826 2651 in
2860 2598 2963 2651 hoc
2992 2595 3152 2650 nobis
3184 2594 3484 2649 obsistant.
3519 2589 3586 2644 Et

1971 2689 2099 2744 hinc
2141 2687 2492 2744 manifestum
2528 2688 2672 2757 quod
2705 2687 2960 2742 dicimus.
2997 2676 3136 2739 Nam
3171 2699 3300 2740 cum
3337 2691 3584 2738 nostram

1970 2785 2208 2837 animam
2233 2783 2364 2839 odio
2391 2783 2596 2839 habere
2629 2782 2901 2852 przecipit,
2924 2784 3151 2836 omnino
3177 2795 3284 2835 non
3312 2777 3587 2851 praecipit,

1969 2888 2029 2932 ut
2062 2879 2360 2948 nobisipsis
2400 2889 2634 2932 mortem
2670 2879 3109 2940 consciScamus,
3149 2877 3250 2932 sed
3283 2887 3340 2929 ut
3377 2890 3587 2929 renun-

1971 2973 2170 3027 liemus
2213 2973 2682 3043 concupiscentiis
2714 2972 2934 3035 animae,
2967 2985 3090 3042 qua:
3130 2986 3233 3025 nos
3271 2977 3531 3036 separant
3554 2979 3586 3023 ι

1968 3064 2114 3132 Deo;
2145 3067 2362 3121 etiamsi
2399 3064 2783 3135 perferendum
2815 3059 3161 3134 martyrium,
3205 3080 3312 3118 non
3344 3061 3586 3117 curanda

1967 3162 2192 3222 anima,
2251 3159 2512 3228 quoniam
2572 3168 2897 3227 perpetuum
2959 3156 3173 3212 lucrum
3235 3152 3585 3226 proponitur.

1971 3251 2086 3307 Iloc
2119 3252 2265 3307 enim
2301 3261 2387 3307 est
2418 3252 2566 3322 quod
2599 3267 2700 3306 nos
2725 3253 2907 3316 docet,
2944 3260 3000 3306 et
3028 3266 3135 3305 non
3172 3249 3500 3322 simpliciter
3527 3259 3588 3305 ut

245 3338 510 3408 κειμένου
543 3341 789 3394 αἰωνίου.
832 3341 956 3394 Ὀτι
980 3342 1036 3395 δὲ
1066 3341 1227 3395 τοῦτο
1268 3341 1536 3406 διδάσκει,
1570 3343 1666 3394 καὶ
1710 3342 1773 3394 ού
1799 3342 1860 3394 τὸ

1970 3349 2091 3424 quis
2125 3350 2365 3422 seipsmt.
2397 3348 2630 3407 occidat.
2676 3345 3039 3422 Ostenditque
3067 3348 3199 3407 illud
3237 3347 3437 3408 iterum
3466 3347 3586 3424 ipse

243 3428 443 3497 ἁπλῶς
492 3431 718 3500 ἑαυτοὺς
760 3433 1175 3502 ἀποκτιννύναι,
1221 3434 1464 3492 δείκνυσι
1505 3439 1668 3492 πάλιν
1695 3440 1860 3503 αὐτὸς

244 3525 310 3590 ἐξ
340 3519 412 3578 ὧν
443 3525 538 3578 τοῦ
579 3527 829 3582 διαϐόλου
866 3530 1222 3600 πειράζοντος
1247 3531 1433 3597 αὐτὸν,
1483 3529 1624 3584 ὥστε
1675 3530 1860 3601 βαλεῖν

244 3619 444 3672 ἑαυτὸν
471 3619 622 3673 κάτω
652 3620 761 3675 ἀπὸ
804 3622 899 3675 τοῦ
954 3623 1126 3695 ἱεροῦ,
1160 3623 1552 3695 ἀπεκρούσατο
1580 3625 1682 3694 τὴν
1738 3627 1862 3678 πεῖ-

249 3730 377 3782 ραν,
434 3716 530 3768 καὶ
562 3715 685 3769 οὐδὲ
728 3717 977 3770 ἐπεδίδου
1013 3717 1209 3771 ἑαυτὸν
1239 3719 1352 3780 τοῖς
1380 3717 1682 3782 Ἰουδαίοις,
1720 3717 1860 3771 ἀλλά

244 3810 349 3863 καὶ
415 3811 706 3884 ἀνεχώρει,
751 3814 848 3867 καὶ
893 3813 982 3868 διὰ
1046 3816 1217 3886 μέσου
1279 3815 1461 3868 αύτῶν
1492 3815 1860 3886 ἀνερχόμενος

242 3905 380 3970 τοὺς
415 3908 728 3975 φωνοῦντας
761 3906 827 3980 [Ῑ.
857 3907 1166 3981 φονῶντας]
1221 3908 1628 3980 ἀπεκρύπτετο.
1668 3909 1859 3972 Ὅστις

242 4002 346 4056 οὖν
405 4001 780 4072 βλαπτόμενος
837 4004 917 4066 εἰς
979 4002 1300 4057 θεοσέσειαν
1352 4003 1458 4056 ὑπό
1529 4020 1677 4065 τινος
1746 4003 1859 4056 τῶν

240 4095 494 4158 οἰκείων,
525 4096 744 4165 στέργει
777 4097 877 4166 τὴν
909 4097 1048 4167 πρὸς
1098 4097 1295 4159 αὐτοὺς
1341 4095 1550 4166 σχέσιν,
1596 4095 1692 4150 καὶ
1723 4114 1858 4168 προ-

243 4190 546 4260 τιμοτέραν
567 4189 772 4260 ταύτην
798 4189 1034 4242 ποιεῖται
1065 4189 1160 4259 τῆς
1186 4188 1324 4259 πρὸς
1368 4188 1463 4241 τὸν
1492 4187 1625 4242 Θεὸν
1659 4189 1859 4262 εὐαρε-

1971 3463 2068 3518 per
2096 3449 2200 3502 hoc
2222 3449 2394 3517 quod,
2419 3444 2635 3502 diabolo
2659 3448 2838 3517 ipsum
2870 3456 3118 3504 tentante
3152 3457 3209 3502 ut
3237 3463 3299 3505 se
3325 3448 3394 3504 de
3427 3464 3586 3503 sum-

1972 3541 2164 3595 mitate
2198 3539 2384 3609 templi
2412 3537 2697 3606 dejiceret,
2729 3540 3090 3594 tentationem
3114 3539 3315 3609 repulit
3341 3557 3357 3596 :
3388 3551 3445 3594 et
3475 3554 3583 3594 non

1969 3646 2031 3686 se
2062 3628 2268 3684 Judtels
2301 3628 2562 3692 tradidit,
2598 3628 2695 3682 sed
2728 3628 2981 3693 secessit,
3011 3637 3180 3696 atque
3209 3643 3307 3696 per
3342 3627 3582 3681 medium

1969 3738 2161 3779 eorum
2197 3721 2509 3786 transiens,
2551 3721 2622 3774 ab
2660 3717 2769 3774 illis
2799 3733 2860 3773 se
2899 3718 3216 3776 occultavit.
3249 3719 3422 3788 lgitur
3456 3720 3581 3774 cui-

1969 3830 2190 3884 Conque
2219 3816 2503 3870 domestici
2535 3823 2590 3870 et
2622 3813 2784 3868 amici
2822 3809 3046 3867 obstant
3084 3811 3138 3866 in
3171 3813 3374 3881 pietate
3394 3854 3412 3878 ,
3446 3821 3503 3866 et
3533 3813 3580 3867 is

1970 3908 2185 3964 illorum
2227 3904 2659 3963 familiaritatem
2694 3906 2824 3973 Deo,
2855 3906 2942 3960 cui
2976 3905 3192 3974 placere
3223 3906 3406 3973 debet,
3438 3923 3580 3976 prae-

1969 4003 2107 4069 fert,
2156 4001 2241 4058 vel
2292 4002 2460 4059 etiam
2512 4012 2738 4072 propter
2787 4015 3034 4056 amorem
3088 4000 3211 4055 vitae
3258 4001 3585 4058 itmninente

1971 4096 2238 4168 martyrio
2273 4093 2457 4151 deﬁcit
2489 4104 2544 4151 et
2572 4106 2759 4166 negat,
2795 4094 2888 4150 ille
2919 4110 3026 4151 non
3059 4103 3240 4165 potest
3264 4110 3390 4153 esse
3418 4097 3586 4154 disci-

1968 4189 2130 4262 pulus
2155 4187 2382 4245 Christi.

248 4283 525 4352 στήσεως,
573 4281 654 4334 ἔτι
685 4298 744 4334 τε
787 4280 884 4335 καὶ
916 4279 1004 4334 διά
1032 4280 1128 4334 τοῦ
1179 4278 1469 4350 φιλοζωεῖν
1501 4281 1764 4348 πολλάκις
1788 4285 1882 4339 καὶ
1938 4284 2245 4358 μαρτυρίου
2287 4285 2654 4356 προκειμένου
2704 4285 2785 4350 εἰς
2818 4282 3052 4358 ἄρνησιν
3081 4286 3579 4362 ὲκτραχηλίξεται,

244 4370 409 4438 οὗτος
449 4375 512 4426 ού
576 4374 801 4428 δύναται
847 4373 1088 4444 Χριστοῦ
1140 4369 1280 4427 εἶναι
1339 4376 1614 4446 μαθητής.

337 4488 356 4521 ι
393 4469 490 4533 Τίς
521 4468 630 4539 γὰρ
667 4466 728 4531 ἐξ
773 4465 928 4538 ὑμῶν
979 4465 1150 4518 θέλων
1204 4466 1417 4538 πύργον
1469 4468 1855 4540 οἰκοδομῆσαι,

2043 4467 2211 4527 Vens.
2242 4470 2430 4526 28-30.
2463 4487 2483 4522 ι
2520 4470 2654 4539 Quis
2681 4473 2826 4526 enim
2861 4486 2926 4526 ex
2957 4474 3134 4541 vobis,
3165 4474 3257 4545 qui
3291 4475 3421 4532 velit
3457 4487 3581 4533 tur-

242 4563 372 4633 οὐχὶ
403 4559 620 4632 πρῶτον
647 4556 877 4621 καθίσας
905 4557 1135 4627 ψηφίζει
1161 4557 1258 4629 τὴν
1281 4558 1554 4630 δαπάνην,
1580 4562 1628 4614 εί
1651 4561 1765 4632 ἔχει
1788 4563 1858 4615 τὰ

1969 4567 2069 4620 rim
2101 4565 2394 4630 mdiﬁcarc,
2423 4564 2551 4635 quin
2581 4565 2735 4635 prius
2763 4567 2964 4621 sedens
2987 4577 3267 4636 computet
3296 4581 3576 4640 sumptus,

244 4659 333 4719 ei;
359 4653 712 4725 ἀπαρτισμὸν
733 4693 745 4713 .
786 4653 871 4705 ἵνα
898 4655 1149 4723 μήπωτε,
1173 4652 1357 4716 θέντος
1384 4654 1553 4707 αὑτοῦ
1587 4652 1859 4726 θεμέλιον,

245 4749 453 4820 καὶμὴ
491 4750 771 4818 ἰσχύοντος
822 4747 1130 4808 ἐκτελέσαι,
1167 4746 1372 4810 πάντες
1427 4749 1477 4801 οῖ
1523 4747 1861 4820 θεωροῦντες

244 4844 527 4912 ἄρξωνται
562 4840 856 4910 ἐμπαίζειν
881 4840 1031 4910 αὐτῷ
1066 4840 1344 4909 λέγοντες,
1380 4841 1485 4907 ὅτι,
1508 4835 1681 4906 Οὗτος
1715 4845 1742 4896 ὀ
1767 4844 1862 4897 άν-

245 4940 476 5008 (ιρωπος
507 4935 714 5005 ἦρξατο
741 4934 1068 5004 οἰκοδομεῖν,
1125 4934 1221 4988 καὶ
1252 4935 1354 4990 οὐκ
1384 4935 1605 5006 ἴσχυσεν
1636 4937 1860 4989 ἐκτελέ-

246 5049 345 5085 σαι
373 5049 389 5097 ;
421 5050 440 5082 ι
469 5032 566 5082 Διά
591 5030 691 5097 τῆς
724 5027 819 5080 τοῦ
847 5027 1058 5098 πύργου
1092 5029 1408 5100 παραϐολῆς
1435 5029 1682 5084 διδάσκει
1711 5032 1862 5100 ἡμᾶς

242 5128 278 5180 ὁ
324 5122 528 5192 Κύριος
553 5121 700 5187 sua:
738 5120 1056 5173 ἀκολουθεῖν
1086 5121 1235 5190 αύτῷ
1268 5121 1583 5192 ἑλομένους,
1619 5124 1858 5192 φυλάξαι

240 5217 352 5285 τὴν
384 5215 555 5284 αὐτὴν
606 5216 954 5285 προαίρεσιν,
1000 5213 1097 5266 καὶ
1148 5217 1223 5284 μὴ
1256 5213 1510 5284 θεμέλιον
1553 5216 1654 5284 μὲν
1685 5233 1858 5269 κατα..

242 5305 512 5359 ϐαλέσθαι
535 5346 550 5368 ,
589 5305 710 5374 ἦτοι
755 5304 931 5375 ἀρχὴν
961 5303 1402 5375 ἀκολουθήσεως,
1435 5301 1555 5359 εἶτα
1589 5307 1742 5369 τέλος
1781 5307 1858 5378 μὴ

243 5396 542 5457 ἐπιθεῖναι,
575 5397 650 5459 ὡς
679 5396 757 5466 μὴ
786 5395 1007 5466 ἔχοντας
1038 5396 1319 5464 ἀρκοῦσαν
1343 5399 1444 5467 τὴν
1493 5400 1858 5470 παρασκευὴν

239 5489 348 5559 ’τῆς
380 5489 713 5560 προθυμίας.
743 5489 988 5543 Τοιοῦτοι
1009 5486 1151 5560 ἦσαν
1179 5493 1401 5554 ἐκεῖνοι,
1422 5493 1553 5562 περὶ
1573 5485 1648 5544 ὦν
1675 5487 1860 5546 Ἰωάν-

241 5600 351 5653 νης
383 5585 412 5636 ό
435 5585 832 5654 εύαγγελιστής
852 5583 979 5655 ἔφη’
1018 5583 1213 5636 Πολλοὶ
1242 5579 1336 5638 οὖν
1365 5587 1432 5638 ὲκ
1457 5585 1566 5637 τῶν
1591 5587 1854 5656 μαθητῶν

241 5677 420 5735 αὑτοῦ
447 5677 693 5748 ἀπῆλθον
726 5680 806 5741 είς
841 5679 909 5732 τὰ
941 5679 1143 5732 ὀπίσω.
1175 5679 1287 5732 Καὶ
1314 5680 1423 5742 πᾶς
1452 5678 1510 5732 δὲ
1557 5680 1848 5751 ἄνθρωπος

320 5861 370 5893 ⁶⁹
393 5859 561 5917 Joan.
588 5875 703 5923 xu,
738 5859 831 5914 32.

319 6019 399 6096 (α)
425 6019 528 6076 Ed.
561 6020 686 6076 ιω.
732 6035 834 6076 ιιοιι
869 6018 1056 6085 habet,
1083 6035 1303 6088 prorsus
1333 6019 1594 6091 imperite.

1963 4675 2033 4713 an
2065 4660 2265 4714 habeat
2291 4659 2491 4728 quibus
2515 4672 2653 4728 opus
2677 4670 2760 4712 est
2784 4659 2849 4712 ad
2878 4658 3314 4729 perliciendum?
3337 4679 3406 4718 ne
3427 4675 3580 4731 post-

1961 4766 2124 4822 quam
2150 4752 2397 4822 posuerit
2424 4749 2868 4819 fundamentum,
2895 4768 2994 4807 nec
3017 4755 3258 4822 potuerit
3284 4756 3576 4824 perficere,
3630 4777 3636 4788 ι

1960 4860 2154 4900 omnes
2207 4846 2300 4913 qui
2337 4845 2576 4900 viderint
2611 4845 2879 4916 incipiant
2916 4844 3145 4901 illudere
3175 4848 3249 4913 ei,
3289 4849 3573 4904 dicentes:

1964 4933 2063 4989 llic
2087 4936 2250 4989 homo
2272 4937 2440 5004 ccepit
2460 4934 2756 5002 atdilicare,
2785 4952 2886 4991 nec
2906 4939 3083 5005 potuit
3105 4954 3516 4996 consummare.
3549 4959 3569 4992 ι

1960 5024 2065 5080 Per
2098 5028 2417 5095 parabolam
2460 5029 2631 5083 turris
2663 5029 2826 5084 docet
2855 5045 2957 5085 nos
2999 5030 3262 5088 Dominus
3299 5044 3360 5087 ut
3391 5034 3444 5088 hi
3480 5032 3574 5104 qui

1959 5121 2128 5175 semel
2171 5121 2476 5191 delegerint
2511 5136 2636 5177 eum
2673 5124 2867 5192 sequi,
2901 5125 3044 5178 idem
3079 5129 3418 5197 propositum
3450 5144 3572 5183 ser-

1960 5222 2090 5266 vent
2118 5229 2130 5265 :
2168 5228 2269 5266 nec
2299 5212 2474 5266 solum
2502 5213 2712 5282 jaciant
2747 5213 3188 5281 fundamentum,
3224 5218 3326 5271 hoc
3356 5229 3461 5282 est.
3503 5234 3574 5273 ne

1960 5305 2226 5373 incipiant
2265 5315 2477 5359 tantum
2510 5306 2688 5374 sequi,
2721 5317 2777 5361 et
2809 5318 2996 5377 postea
3042 5308 3204 5362 finem
3247 5324 3355 5364 non
3396 5309 3574 5378 impo-

1959 5412 2089 5454 nant
2114 5442 2130 5467 ,
2167 5410 2225 5454 ut
2266 5400 2318 5453 hi
2344 5401 2434 5469 qui
2471 5417 2576 5455 non
2616 5401 2820 5456 habent
2858 5402 3217 5458 sufﬁcientem
3267 5405 3574 5459 alacritatis

1961 5495 2440 5563 praeparationem.
2473 5491 2635 5549 Tales
2667 5494 2889 5549 fuerunt
2924 5497 2975 5550 hi
3003 5498 3068 5550 de
3099 5496 3299 5566 quibus
3328 5513 3569 5568 evange-

1963 5587 2089 5642 l'tsta
2120 5586 2283 5659 401
2315 5585 2560 5643 Joannes
2591 5589 2720 5644 dicit
2753 5604 2772 5644 :
2804 5589 2953 5644 Multi
2989 5589 3154 5658 igitur
3182 5605 3249 5646 ex
3284 5590 3570 5658 tiiSt-ipnlis

1963 5684 2079 5742 eius
2113 5687 2366 5738 abierunt
2397 5692 2696 5739 retrorsum
2728 5684 2797 5738 ⁶⁹.
2834 5684 2898 5739 Et
2927 5683 3105 5739 omnis
3140 5685 3302 5740 homo
3336 5684 3431 5756 qui
3458 5685 3572 5740 vita
