4048 6512
216 400 327 467 949

902 408 1350 472 ENARBATIO
1385 408 1465 470 IN
1510 406 2015 470 EVANGELIUM
2050 413 2290 474 LUCE.
2329 440 2396 448 --
2432 412 2593 479 CAP.
2633 411 2754 475 XV.

3413 413 3521 479 950

214 520 459 587 γείτονες
488 520 537 574 οἱ
566 518 676 573 τῶν
704 521 1017 590 άγγελικῶν
1042 522 1330 593 δυνάμεων
1355 523 1509 594 χοροὶ
1544 522 1813 591 νοηϐεἶεν.

1925 522 2159 577 'irtutum
2192 522 2369 578 chori.
2408 520 2468 575 Et
2507 539 2602 593 per
2644 523 2934 577 mulierem
2980 522 3253 592 intelligas
3301 525 3521 595 sapien-

217 612 328 666 Kal
364 614 602 681 γυναῖκα
651 612 711 666 δὲ
750 613 1011 685 νοήσαις,
1048 614 1146 684 τὴν
1189 616 1404 686 σοφίαν,
1438 616 1534 669 καὶ
1579 615 1811 684 δύναμιν

217 706 309 760 τοῦ
344 706 482 761 Θεοῦ
528 708 622 761 καὶ
673 707 889 778 Πατρὸς
922 709 1017 762 τὸν
1056 709 1223 763 αὐτοῦ
1264 710 1413 773 Υίὸν,
1450 710 1509 772 6;
1555 707 1808 762 ἀπώλεσε

218 800 349 871 μίαν
386 800 638 871 δραχμὴν
697 802 763 855 ἐκ
814 802 924 856 τῶν
976 803 1244 871 λογικῶν,
1302 803 1398 857 καὶ
1450 803 1573 857 κατ’
1622 805 1811 858 εἰκόνα

214 890 385 946 αὐτοῦ
439 893 772 948 κτισθέντων
828 895 1147 964 κτισμάτων
1196 894 1289 948 τὸν
1339 896 1666 967 ἄνθρωπον,
1715 897 1810 950 καὶ

215 986 380 1041 ἅπτει
406 984 600 1057 λύχνον
619 1027 634 1051 ,
668 986 767 1057 τὴν
792 987 989 1040 ἑαυτοῦ
1028 988 1230 1059 σάρκα.
1268 989 1480 1058 Ὠσπερ
1516 990 1625 1060 γάρ
1655 990 1683 1043 6
1712 988 1809 1043 λύ-

211 1094 337 1148 χνος
392 1079 457 1130 ἐκ
510 1075 617 1145 γῆς
653 1074 731 1131 ὢν
764 1077 832 1131 τά
878 1079 1242 1148 ἐσκοτισμένα
1295 1079 1522 1148 φωτίζει
1577 1078 1665 1133 διὰ
1715 1079 1809 1133 τοῦ

206 1169 413 1237 φωτὸς,
442 1162 504 1225 οὐ
534 1169 773 1240 δέχεται,
802 1169 948 1224 οὕτω
972 1171 1068 1225 καὶ
1088 1173 1122 1242 ἡ
1151 1170 1290 1244 σὰρξ
1316 1171 1409 1224 τοῦ
1444 1170 1651 1241 Κυρίου
1680 1170 1810 1242 γήϊ-

209 1276 302 1323 νος
338 1256 514 1328 οὗσα,
564 1262 662 1316 καὶ
711 1263 875 1333 ὁμοία
897 1266 1053 1334 ἡμῖν,
1094 1262 1173 1333 τῷ
1203 1265 1346 1333 φωτὶ
1384 1265 1483 1334 τῆς
1521 1263 1807 1335 θεότητος,

205 1350 305 1423 ὑφ’
334 1347 403 1426 ἧς
431 1355 791 1427 προσελήφθη
812 1396 828 1419 ,
868 1356 1034 1427 ἔφανε
1056 1373 1070 1387 ο
1101 1357 1197 1411 καὶ
1230 1358 1338 1429 μὴν
1368 1358 1621 1429 ὲσαρώθη
1656 1358 1752 1411 καὶ
1782 1358 1811 1410 6

207 1442 393 1511 οἶκος,
443 1448 761 1512 τουτέστιν,
807 1447 953 1512 ἅπας
998 1451 1025 1502 6
1081 1451 1286 1520 κόσμος
1315 1450 1677 1521 ἀπεκαθάρθη
1712 1450 1811 1521 τῆς

210 1538 512 1609 ἁμαρτίας.
571 1540 812 1609 Χριστὸς
854 1541 964 1613 γάρ
1005 1535 1075 1613 ἦν
1114 1542 1145 1595 6
1189 1541 1364 1615 αἴρων
1398 1544 1499 1611 τὴν
1531 1543 1812 1615 ἁμαρτίαν

206 1631 306 1686 τοῦ
356 1633 585 1702 κόσμου.
645 1632 757 1686 Kal.
789 1632 854 1703 δὴ
888 1632 1089 1705 εὑρέθη
1120 1633 1154 1705 ἡ
1185 1635 1425 1705 δραχμὴ,
1480 1634 1514 1705 ἡ
1554 1633 1811 1708 βασιλικὴ

207 1724 397 1793 εἰκὼν,
434 1725 529 1779 καὶ
553 1744 620 1796 χα
632 1725 700 1797 ρὰ
721 1724 935 1793 γίνεται
964 1725 1116 1796 αύτῷ
1139 1743 1197 1777 τε
1215 1726 1294 1798 τῷ
1317 1728 1534 1799 εὑρόντι
1562 1727 1809 1798 Χριστῷ,

207 1819 307 1873 καὶ
344 1820 468 1883 ταῖς
502 1820 615 1874 ἄνω
646 1819 973 1890 δυνάμεσιν,
1009 1818 1067 1873 αἱ
1108 1818 1263 1887 φίλαι
1294 1819 1445 1885 αὐτῷ
1492 1820 1589 1874 καὶ
1632 1820 1812 1889 γείτο-

206 1910 303 1976 νές
352 1912 495 1965 εἰσι*
529 1912 683 1979 φίλαι
719 1911 818 1982 μὲν
854 1912 933 1975 ὡς
964 1910 1027 1966 τὸ
1057 1911 1277 1983 Θέλημα
1311 1912 1482 1966 αὐτοῦ
1535 1913 1810 1980 ποιοῦσαι,

207 2006 457 2074 γείτονες
500 2006 557 2059 δὲ
603 2005 681 2069 ὡς
711 2005 1021 2079 ἀσώματοι.
1074 2005 1235 2077 Ζητῶ
1280 2006 1337 2059 δὲ
1384 2007 1460 2079 μή
1494 2024 1628 2063 ποτε
1660 2009 1813 2077 φίλαι

212 2098 318 2168 μὲν
358 2098 525 2152 αὐτοῦ
563 2101 671 2152 εἰσι
705 2100 881 2154 πᾶσαι
918 2100 974 2152 αἱ
1004 2098 1119 2154 ἄνω
1155 2098 1438 2167 δυνάμεις,
1483 2099 1727 2167 γείτονες
1756 2101 1813 2155 δὲ

205 2190 267 2243 al
292 2189 707 2260 πλησιέστεραι,
734 2185 847 2245 οἷον
887 2190 1105 2261 Θρόνοι,
1133 2189 1475 2263 Χερουόεὶμ,
1499 2190 1811 2263 Σεραφείμ.

209 2283 358 2354 ὐρα
382 2282 493 2354 γάρ
519 2283 620 2355 τὴν
653 2283 823 2351 λέξιν.
859 2302 878 2337 t
918 2284 1030 2338 Kal
1069 2283 1336 2352 συγκαλεῖ
1375 2285 1477 2348 τάς
1511 2284 1674 2355 φίλας
1722 2285 1815 2339 καὶ

204 2372 310 2437 τὰς
338 2375 611 2443 γείτονας⁹
638 2394 657 2427 ι
682 2374 830 2429 ἔοικε
843 2375 953 2446 γάρ
985 2375 1079 2430 δύο
1107 2376 1233 2430 τινὰ
1266 2376 1410 2448 μέρη
1443 2377 1812 2448 παραδηλοῦν,

205 2470 258 2523 εί
291 2469 386 2522 καὶ
416 2470 842 2542 περιεργότερον
874 2471 1040 2537 δόξει.

288 2581 307 2614 ι
335 2561 470 2618 Εῐπε
500 2565 581 2618 δέ·
610 2564 929 2637 Ἄνθρωπός
941 2584 1025 2629 τις
1059 2563 1176 2638 εἶχε
1204 2565 1300 2620 δύο
1328 2566 1502 2632 υἱοὺς,
1533 2569 1626 2621 καὶ
1656 2562 1813 2620 εἶπεν

203 2659 233 2709 6
268 2655 537 2729 νεώτερος
563 2659 744 2712 αὐτῶν
767 2659 847 2730 τῷ
878 2660 1050 2733 πατρί
1072 2678 1088 2695 ο
1125 2661 1331 2732 Πάτερ,
1361 2661 1451 2726 δός
1484 2679 1576 2734 μοι
1606 2662 1665 2715 τὸ
1692 2663 1813 2715 ἐπι-

203 2747 407 2804 ϐάλλον
468 2752 634 2822 μέρος
671 2754 772 2824 τῆς
820 2754 1051 2820 οὐσίας·
1105 2756 1203 2810 καὶ
1240 2755 1441 2810 διεῖλεν
1495 2757 1682 2821 αὐτοῖς
1720 2756 1815 2810 τὸν

208 2842 350 2913 βίον.
377 2845 486 2899 Kal.
514 2846 635 2916 μετ’
656 2847 717 2901 οὐ
750 2846 953 2913 πολλάς
982 2847 1201 2921 ἡμέρας
1228 2849 1561 2919 συναγαγὼν
1592 2849 1815 2906 ἅπαντα

201 2936 234 2987 6
255 2934 529 3007 νεώτερος
562 2938 700 3005 υίὸς,
726 2938 1089 3012 ἀπεδήμησεν
1114 2943 1199 3005 είς
1227 2941 1416 3013 χώραν
1442 2942 1686 3013 μακρὰν,
1720 2944 1814 2996 καὶ

207 3028 331 3082 ἐκεῖ
382 3030 734 3104 διεσκόρπισε
783 3034 887 3103 τὴν
938 3034 1133 3089 οὐσίαν
1177 3034 1346 3090 αὐτοῦ
1396 3035 1508 3100 ζῶν
1542 3034 1810 3100 ἀσώτωςσ

203 3122 623 3195 δαπανήσαντος
648 3126 705 3179 δέ
730 3126 899 3180 αὐτοῦ
926 3128 1128 3193 πάντα,
1156 3129 1377 3198 ἐγένετο
1402 3129 1561 3199 λιμὸς
1592 3130 1813 3201 ίσχυρδς

207 3215 358 3271 κατὰ
395 3216 495 3287 τὴν
532 3216 720 3287 χώραν
768 3218 1008 3292 ἐκείνην,
1052 3220 1152 3274 καὶ
1192 3215 1355 3285 αὐτδς
1410 3220 1617 3294 ἢρξατο
1658 3223 1816 3277 ὑστε-
1844 3253 1892 3317 C

211 3309 461 3376 ρετσθαι,
502 3310 598 3363 καὶ
650 3314 943 3384 πορευθεὶς
984 3315 1254 3387 ἐκολλήθη
1296 3316 1379 3371 ἐνὶ
1423 3317 1535 3371 τῶν
1578 3316 1816 3372 πολιτῶν

206 3402 311 3473 τῆς
364 3402 548 3473 χώρας
590 3405 855 3477 ἐκείνης’
895 3410 992 3462 καὶ
1042 3408 1291 3481 ἐπεμψεν
1343 3410 1511 3465 αὐτὸν
1561 3412 1641 3476 είς
1690 3414 1818 3477 τοὺς

210 3493 422 3563 ἀγροὺς
462 3496 631 3550 αὐτοῦ
675 3498 893 3567 βόσκειν
934 3498 1181 3571 χοίρους,
1227 3502 1324 3555 καὶ
1354 3502 1622 3574 ἐπεθύμει
1660 3503 1819 3575 γεμίι

212 3604 310 3642 σαι
354 3588 457 3659 τὴν
489 3589 697 3644 κοιλίαν
736 3592 905 3646 αὐτοῦ
958 3597 1021 3647 ἐκ
1052 3593 1164 3647 τῶν
1202 3595 1479 3665 κερατίων
1521 3589 1598 3650 ὧν
1628 3596 1818 3668 ήσϐιον

206 3684 263 3736 οι
281 3684 480 3753 χοῖροι,
510 3683 607 3737 καὶ
623 3684 799 3749 οὐδεὶς
825 3686 998 3740 ἐδίδου
1028 3687 1199 3759 αὐτῷ.
1232 3708 1251 3741 ι
1285 3690 1399 3744 Καὶ
1419 3688 1561 3760 αὕτη
1586 3692 1618 3760 ἡ
1640 3704 1821 3762 παρα-

206 3775 348 3846 ϐολὴ
370 3776 531 3846 ὁμοία
557 3781 681 3841 ταῖς
714 3779 1119 3850 προλασούσαις
1142 3782 1295 3837 ἐστίν
1312 3801 1324 3815 υ
1350 3784 1563 3853 είσάγει
1590 3784 1700 3857 γὰρ
1723 3785 1819 3839 καὶ

208 3868 357 3942 αὕτη
374 3871 666 3942 ἄνθρωπον
698 3873 819 3943 μὶν,
852 3874 948 3927 τὸν
983 3874 1147 3942 Θεὸν,
1183 3876 1277 3929 τὸν
1307 3876 1479 3941 ὄντως
1508 3877 1820 3949 φιλάνθρω-

208 3984 337 4020 πον·
372 3967 522 4031 ’.θεοὺς
554 3967 674 4033 δύο,
706 3968 773 4022 τὰ
808 3967 903 4022 δύο
936 3970 1196 4040 τάγματα
1224 3971 1335 4025 τῶν
1376 3972 1709 4047 ἀνθρώπων,
1739 3974 1819 4027 δι-

207 4060 411 4125 καίους
453 4062 598 4135 φημὶ
637 4062 732 4115 καὶ
764 4063 1148 4134 ἁμαρτωλούς.
1189 4060 1326 4118 Eine
1352 4066 1409 4118 δὲ
1447 4067 1476 4118 6
1509 4066 1779 4136 νεώτερος
1802 4083 1817 4099 ⁸

210 4154 315 4218 Δός
349 4172 441 4224 μοι
472 4156 534 4209 τὸ
581 4156 878 4210 ἐπιϐάλλον
920 4155 1086 4228 μέρος
1120 4158 1220 4227 τῆς
1254 4158 1469 4221 οὐσίας.
1512 4158 1576 4212 Ἦ
1604 4159 1815 4213 δικαίου

210 4243 353 4316 σύνη
395 4244 495 4315 μὲν
530 4246 761 4317 άρχαῐον
808 4249 996 4319 κτῆμα
1029 4248 1130 4318 τῆς
1177 4250 1530 4321 ἀνθρωπίνης
1580 4250 1819 4319 φύσεως,

206 4337 291 4392 διὸ
346 4338 443 4391 καὶ
490 4340 519 4391 6
578 4339 950 4411 πρεσόύτερος
994 4341 1109 4404 υίὸς
1164 4341 1263 4393 οὐκ
1298 4343 1646 4415 άποσκιρτᾷ·
1682 4345 1715 4413 ὴ
1762 4344 1822 4397 δέ

208 4433 469 4503 ἁμαρτία
500 4433 857 4505 ύστερογενὲς
879 4434 1073 4499 κακὸν,
1109 4434 1190 4489 διὸ
1219 4438 1314 4490 καὶ
1335 4439 1362 4489 6
1393 4438 1661 4509 νεώτερος
1687 4440 1823 4491 ἀπο⁸

208 4525 442 4596 σκιρτᾷ,
474 4525 503 4577 6
531 4526 597 4595 τῇ
661 4526 912 4597 ἁμαρτίᾳ.
957 4512 1162 4597 δηλαδὴ
1204 4530 1270 4599 τῇ
1340 4527 1572 4599 ὕστερον
1632 4532 1821 4585 ἐπεισ-

1898 614 2027 668 tiant
2060 626 2114 670 et
2156 615 2411 670 virtutem
2460 615 2554 671 Dei
2590 624 2643 670 et
2684 614 2885 682 Patris,
2941 614 3130 672 Iesum
3176 615 3381 685 ipsum,
3422 619 3516 685 qui

1896 713 2135 783 perdidit
2179 729 2347 769 unam
2406 714 2756 780 drachmam,
2810 730 2878 769 ex
2930 712 3297 767 rationalibus
3341 722 3398 767 et
3452 714 3518 764 ad

1897 806 2189 879 imaginem
2217 808 2308 863 Dei
2327 807 2913 873 conditiscreaturam,
2942 807 3244 872 hominem,
3271 806 3523 878 inquam,

1896 908 1953 957 et
2010 901 2264 957 accendit
2314 901 2623 968 lucernam,
2681 917 2839 958 suam
2883 918 3133 958 carnem.
3168 901 3329 957 Sicut
3373 901 3523 956 enim

1898 994 2145 1062 lucerna,
2177 996 2436 1066 quamvis
2484 996 2558 1053 sit
2590 1012 2655 1051 ex
2683 1006 2848 1062 terra,
2903 996 3179 1051 illuminat
3230 996 3523 1051 tenebrosa

1912 1097 2012 1154 per
2048 1082 2227 1137 lucem
2265 1098 2432 1152 quam
2456 1083 2681 1153 recipit;
2716 1081 2791 1137 ita
2822 1090 2875 1135 et
2916 1094 3050 1135 caro
3089 1076 3306 1131 Domini
3341 1117 3356 1141 ,
3391 1074 3521 1129 licet

1914 1180 2132 1230 terrena
2174 1186 2341 1241 esset,
2381 1174 2693 1247 similisque
2748 1174 2928 1239 nobis,
2989 1172 3196 1227 lumine
3241 1168 3463 1225 deitatis
3494 1184 3523 1220 a

1914 1283 2019 1337 qua
2052 1278 2327 1339 assumpta
2363 1278 2469 1335 est,
2514 1269 2696 1325 lumen
2724 1266 2993 1325 exhibuit.
3018 1264 3161 1331 Quin
3195 1262 3363 1319 etiam
3396 1276 3524 1321 sco-

1915 1359 1998 1428 pis
2032 1361 2290 1414 mundata
2326 1369 2411 1415 est
2440 1362 2658 1425 domus,
2706 1363 2813 1417 hoc
2836 1366 2924 1414 est
2963 1354 3253 1411 universus
3289 1354 3526 1409 mundus

1914 1460 2241 1523 repurgatus
2274 1460 2357 1506 est
2412 1466 2441 1505 a
2499 1464 2747 1521 peccato.
2796 1450 3051 1507 Christus
3093 1446 3243 1502 enim
3298 1444 3528 1500 abstulit

1917 1553 2200 1614 peccatum
2240 1545 2449 1599 mundi.
2507 1544 2572 1597 Et
2621 1544 2781 1613 plane
2828 1544 3050 1597 inventa
3103 1549 3192 1595 est
3239 1539 3525 1600 drachma.

1916 1636 2065 1705 regia
2121 1635 2333 1693 scilicet
2380 1636 2563 1706 imago
2615 1645 2672 1692 et
2734 1635 2991 1706 gaudium
3037 1630 3142 1687 fuit
3189 1641 3246 1687 et
3304 1628 3528 1686 Christo

1917 1730 2191 1786 inventori
2220 1739 2275 1787 et
2316 1729 2570 1800 supernis
2618 1728 2933 1794 virtutibus,
2986 1740 3109 1798 quae
3174 1725 3367 1780 amicze
3410 1723 3529 1793 ejus

1917 1832 1974 1877 et
2018 1823 2210 1879 vicina
2232 1831 2406 1878 sunt:
2458 1820 2669 1877 Amica:
2727 1821 2973 1890 quidem,
3021 1819 3148 1889 quia
3186 1818 3527 1873 voluntatem

1923 1916 2045 1988 ejus
2086 1916 2333 1973 faciunt:
2366 1916 2561 1971 vicinae
2600 1930 2753 1981 vero,
2805 1914 2935 1987 quia
2980 1914 3336 1983 incorporea).
3388 1910 3530 1979 Quid

1922 2019 2107 2064 autem
2141 2010 2185 2064 si
2222 2007 2413 2064 atuica:
2437 2008 2551 2064 sint
2581 2022 2777 2064 omnes
2815 2022 3067 2079 superna:
3091 2004 3358 2069 Virtutes,
3389 2002 3531 2059 vici-

1924 2118 2005 2158 na:
2033 2111 2236 2170 autem,
2267 2117 2388 2172 quae
2429 2101 2714 2172 propiores
2753 2100 2826 2169 ei,
2879 2109 2937 2155 ut
2987 2097 3196 2155 Throni
3233 2105 3289 2153 et
3317 2096 3531 2152 Cheru-

1924 2194 2033 2249 bim
2056 2193 2079 2246 ἳ
2101 2192 2343 2250 Dicendo
2374 2194 2522 2249 enim
2560 2194 2770 2248 amicas
2802 2201 2859 2248 et
2892 2192 3123 2256 vicinas,
3168 2191 3277 2246 duo
3328 2203 3533 2262 genera

1926 2286 2319 2353 manifestavlt,
2348 2286 2604 2357 quamvis
2633 2286 2739 2342 hoc
2781 2285 3053 2341 curiosius
3082 2282 3353 2339 videatur.

1999 2565 2161 2622 Vsus.
2198 2568 2382 2626 ιι-ιθ.
2419 2587 2439 2622 ι
2467 2569 2555 2623 Ait
2594 2576 2777 2623 autem
2806 2584 2819 2622 :
2846 2565 3022 2621 Homo
3068 2564 3290 2636 quidam
3344 2561 3538 2620 habuit

1923 2658 2058 2713 duos
2108 2658 2269 2725 (illos,
2327 2670 2384 2715 et
2435 2661 2573 2715 dixit
2621 2658 3031 2714 adolescentior
3084 2657 3303 2712 illorum
3353 2656 3533 2727 patri:

1924 2750 2106 2817 Pater,
2141 2752 2211 2808 da
2245 2752 2377 2807 mihi
2425 2752 2733 2823 portionem
2787 2748 3110 2806 substantias
3155 2762 3278 2820 qua:
3324 2746 3393 2801 ad
3451 2762 3536 2801 me

1923 2846 2087 2902 redit.
2119 2847 2187 2901 Et
2211 2846 2396 2902 divisit
2426 2844 2532 2901 illis
2566 2844 2953 2900 substantiam.
2991 2845 3060 2899 At
3100 2853 3224 2915 post
3268 2843 3385 2897 dies
3430 2858 3535 2895 non

1924 2935 2125 2993 multos
2151 2953 2273 2993 eum
2305 2938 2492 2994 omnia
2520 2938 2911 3005 contraxisset,
2949 2936 3354 2993 adolescentior
3392 2935 3538 2991 Illius

1923 3044 2152 3102 peregre
2203 3030 2481 3102 prolectus
2511 3039 2596 3087 est
2645 3030 2699 3086 in
2751 3031 3029 3102 regionem
3064 3029 3439 3102 longinquam,
3483 3038 3539 3083 et

1926 3120 1998 3177 ibi
2027 3122 2315 3193 dissipavit
2363 3121 2730 3177 substantiam
2758 3135 2915 3176 suam
2945 3119 3183 3177 vivendo
3213 3118 3491 3176 luxuriose
3520 3134 3537 3172 :

1924 3223 1979 3268 et
2003 3224 2290 3285 postquam
2317 3217 2501 3271 omnia
2544 3215 3009 3287 consumpsisset,
3058 3212 3199 3269 facta
3243 3220 3329 3269 est
3365 3210 3541 3268 fames

1927 3308 2099 3362 valida
2133 3309 2184 3362 in
2219 3309 2441 3381 regione
2479 3309 2593 3374 illa,
2620 3318 2675 3363 et
2710 3309 2827 3378 ipse
2856 3310 3026 3378 εαιιιὶι
3064 3321 3247 3378 egere.
3279 3306 3345 3361 Et
3402 3322 3533 3375 pro-

1925 3400 2096 3458 fectus
2124 3412 2231 3468 est,
2264 3412 2320 3459 et
2370 3403 2603 3459 adhaesit
2633 3402 2725 3457 uni
2779 3401 2978 3457 civium
3037 3400 3278 3474 regionis
3334 3399 3481 3455 illius
3523 3415 3541 3454 :

1923 3506 2087 3564 atque
2114 3496 2160 3551 is
2218 3496 2369 3550 misit
2425 3496 2575 3551 illum
2630 3495 2685 3551 in
2744 3495 2930 3550 villam
2970 3510 3126 3551 sitam
3185 3504 3245 3550 ut
3292 3504 3542 3565 pasceret

1924 3604 2158 3660 porcos:
2188 3598 2244 3644 ct
2282 3590 2537 3661 cupiebat
2564 3589 2798 3660 implere
2842 3598 3091 3644 ventrem
3131 3603 3292 3643 suum
3335 3588 3402 3643 de
3424 3586 3541 3643 sili-

1921 3684 2049 3754 quis
2097 3683 2296 3754 quibus
2341 3682 2491 3752 porci
2544 3681 2934 3747 vescebantur,
2990 3696 3091 3737 nec
3126 3681 3417 3753 quisquam
3461 3678 3541 3734 illi

1923 3777 2108 3831 dabat.
2150 3796 2170 3827 ι
2208 3774 2273 3830 Et
2312 3775 2428 3829 haec
2454 3774 2711 3845 parabole
2768 3774 3035 3845 superiori
3074 3772 3273 3829 similis
3312 3781 3418 3827 est.
3447 3770 3543 3826 ln-

1924 3869 2235 3925 ducitenim
2276 3877 2331 3922 et
2362 3868 2478 3923 haec
2518 3867 2796 3923 hominem
2829 3868 3071 3937 quidem,
3133 3865 3303 3920 Deum
3344 3864 3540 3920 videli-

1925 3974 2037 4032 cet,
2082 3979 2207 4020 vere
2248 3964 2664 4019 misericordem
2702 3978 2718 4017 :
2762 3963 2903 4018 alios
2925 3973 3107 4017 autem
3140 3960 3298 4028 duos,
3343 3974 3541 4029 nempe

1924 4058 2145 4113 ordines
2196 4058 2478 4114 bomimun
2527 4057 2804 4129 jnstorum
2858 4056 2985 4111 dico
3048 4062 3104 4111 et
3150 4063 3533 4127 peccatorum.

1929 4152 2075 4205 Dixit
2111 4161 2293 4206 autem
2333 4150 2564 4222 junior:
2606 4149 2684 4206 Da
2751 4151 2886 4206 mihi
2941 4160 3152 4220 partem
3212 4152 3544 4207 substantia:

1926 4260 2047 4315 quae
2074 4245 2139 4299 ad
2172 4260 2258 4298 me
2288 4246 2545 4315 pertinet.
2577 4245 2719 4301 Olim
2758 4245 3015 4300 humanae
3079 4254 3291 4301 natura:
3321 4260 3545 4314 posses.

1926 4340 2009 4395 sio
2036 4347 2154 4393 erat
2181 4338 2432 4409 justitia;
2471 4338 2594 4393 ideo
2624 4348 2679 4394 et
2710 4339 2852 4394 Illius
2893 4338 3075 4393 senior
3095 4354 3201 4394 non
3234 4338 3542 4394 insolescit.

1930 4433 2216 4489 Peccatum
2261 4444 2447 4503 postea
2492 4442 2679 4488 natum
2719 4442 2827 4501 est,
2857 4432 3022 4506 505
3067 4433 3213 4488 unde
3243 4442 3297 4488 et
3353 4433 3545 4505 Iunior

1930 4530 2233 4594 insolescit.
2275 4529 2371 4600 qui
2404 4544 2526 4584 cum
2565 4538 2817 4602 peccato,
2857 4530 3000 4600 quod
3034 4541 3223 4599 postea
3258 4530 3542 4586 introduc-

206 4615 879 4687 azOsian‘auvaqueslc.
919 4619 1026 4671 Kal.
1072 4618 1249 4683 ἄλλως
1282 4619 1338 4673 δὲ
1389 4620 1657 4692 νεώτερος
1702 4623 1816 4688 υίὸς

1928 4630 2042 4676 tum
2078 4633 2185 4689 est,
2214 4622 2405 4677 crevit.
2444 4619 2542 4677 Vel
2590 4622 2748 4677 aliter
2773 4639 2787 4677 :
2812 4621 3003 4691 junior
3031 4622 3233 4676 dicitur
3257 4634 3543 4693 peccator,

205 4706 437 4774 λέγεται.
473 4708 500 4759 6
523 4707 871 4778 ἁμαρτωλὸς,
894 4708 983 4772 κὼς
1004 4712 1393 4781 νεωτεριστὴς,
1424 4711 1520 4764 καὶ
1570 4713 1816 4766 ἀποστά-

205 4816 335 4870 της,
377 4801 474 4853 καὶ
508 4800 749 4871 ἀντάρας
780 4800 860 4869 τῷ
892 4802 1150 4873 πατρικῷ
1226 4804 1518 4876 Θελήματι.
1559 4825 1576 4857 ι
1613 4807 1820 4880 Πάτερ,

206 4893 301 4956 δός
337 4908 439 4964 μοι
463 4894 520 4945 τὸ
550 4893 844 4949 ἐπιϐάλλον
872 4895 1042 4966 μέρος
1077 4897 1174 4966 τῆς
1201 4896 1415 4960 οὐσίας.
1457 4917 1473 4948 ι
1517 4898 1689 4952 Οὐσία
1726 4900 1823 4953 τοῦ

206 4985 515 5058 ἀνθρώπου
561 4990 623 5041 τὸ
668 4987 889 5055 λογικόν
940 4991 1113 5053 ἐστιν,
1162 4984 1207 5059 ᾧ
1258 4993 1569 5063 παρέπεται
1610 4996 1703 5048 καὶ
1763 4994 1827 5048 τὸ

208 5078 604 5147 αὐτεξούσιον,
662 5083 771 5135 πᾶν
804 5081 911 5154 γὰρ
942 5084 1163 5152 λογικὸν
1185 5085 1559 5152 αὐτεξούσιον.
1595 5088 1826 5142 Δίδωσιν

210 5172 311 5225 οὖν
348 5173 488 5245 ἡμῖν
518 5174 545 5225 6
581 5172 784 5245 Κύριος
824 5175 916 5229 τὸν
955 5176 1137 5245 λόγον,
1170 5177 1257 5230 ἴνα
1284 5178 1625 5251 χρησώμεθα
1692 5183 1826 5235 αὐτ⁴

212 5265 493 5331 εξουσίως
534 5266 711 5338 τούτῳ
742 5268 818 5331 ὡς
846 5269 1005 5340 οὐσία
1059 5270 1175 5323 ὄντι
1211 5272 1481 5343 ἡμετέρᾳ.
1542 5274 1739 5327 Δίδωσι
1770 5276 1828 5330 δὲ

212 5361 392 5414 πᾶσιν
423 5359 644 5429 ἐπίσης,
687 5361 893 5425 πάντες
926 5362 1036 5433 γὰρ
1099 5363 1300 5432 ἐπίσης
1345 5364 1581 5432 λογικοὶ,
1629 5367 1826 5438 ἐπίσης

210 5452 566 5519 αὐτεξούσιοι
592 5470 605 5484 ⁸
641 5454 760 5508 ἀλλ’
802 5457 853 5509 οἱ
911 5457 1011 5526 μὲν
1059 5458 1204 5511 κατὰ
1244 5458 1403 5529 λόγον
1438 5461 1702 5533 χρώμεθα
1758 5468 1824 5535 τῇ

212 5548 515 5617 φιλοτιμία
548 5548 744 5621 ταύτῃ,
787 5552 835 5603 οἱ
859 5550 916 5603 δὲ
946 5550 1041 5605 καὶ
1064 5552 1404 5623 ἁχρειοῦμεν
1437 5557 1497 5608 τὸ
1544 5556 1688 5611 Θεῖον
1726 5557 1828 5611 δῶ-

214 5659 335 5715 ρον.
374 5641 489 5695 Καὶ
522 5642 703 5697 πάντα
738 5643 793 5697 δὲ
828 5644 1039 5707 ἁπλῶς.
1079 5645 1180 5698 ὅσα
1218 5646 1453 5700 δέδωκεν
1501 5651 1632 5719 ἡμῖν
1661 5650 1689 5701 6
1724 5650 1829 5704 Κύ-

212 5750 366 5805 ριος,
396 5732 561 5786 οὐσία
586 5734 743 5802 ἡμῶν
762 5734 1085 5801 λογισοεῖεν,
1117 5730 1228 5788 οἷον
1250 5736 1395 5805 λέγω
1424 5739 1679 5806 οὐρανὸν,
1700 5742 1827 5809 γῆν,

212 5824 415 5889 ἁπλῶς
452 5823 552 5896 τὴν
585 5824 764 5880 κτίσιν
796 5829 998 5890 πᾶσαν,
1040 5828 1224 5897 νόμον,
1280 5833 1589 5901 προφήτας.
1633 5833 1773 5885 ’Λλ).’
1804 5837 1831 5886 ὁ

216 5919 325 5989 μὲν
363 5916 639 5991 νεώτερος
698 5921 811 5984 υἱὸς
846 5915 983 5973 εἴδω
1016 5923 1265 5996 οὑραιὸν,
1311 5925 1405 5978 7.1“.
1449 5925 1825 5996 Ξοκποὲηςςν,

1932 4729 2059 4783 quia
2090 4724 2321 4768 novator
2377 4728 2559 4767 rerum
2593 4712 2834 4767 insolens
2886 4721 2942 4767 et
2997 4723 3246 4783 apostata
3299 4732 3364 4772 ac
3408 4717 3543 4773 deli-

1932 4806 2133 4861 ciensa
2168 4815 2395 4875 paterna
2440 4805 2741 4859 voluntate.
2783 4824 2801 4855 σ
2857 4804 3039 4869 Pater,
3070 4806 3137 4859 da
3167 4806 3299 4861 mihi
3335 4817 3547 4877 partem

1934 4897 2255 4953 substantia:
2282 4912 2405 4967 qua:
2432 4898 2497 4950 ad
2525 4911 2611 4950 me
2649 4897 2907 4964 pertinet.
2932 4915 2951 4949 ι
2986 4896 3273 4952 Rationale
3306 4898 3372 4952 ad
3406 4899 3549 4967 quod

1936 4989 2287 5059 subsequitur
2318 4988 2553 5044 liberum
2578 4989 2891 5054 arbitrium,
2923 4990 3228 5045 substantia
3254 4999 3339 5048 est
3378 4991 3554 5045 homi-

1937 5085 2044 5140 nis.
2073 5082 2248 5139 Omne
2292 5094 2476 5139 autem
2519 5085 2816 5151 rationale,
2849 5085 3007 5139 liberi
3048 5084 3263 5140 arbitrii
3306 5094 3409 5140 est.
3454 5086 3557 5141 Dat

1938 5177 2104 5249 igitur
2150 5176 2307 5232 nobis
2359 5177 2623 5231 Douunus
2675 5176 2965 5237 rationem.
3021 5186 3079 5229 ut
3126 5190 3189 5229 ea
3233 5175 3405 5231 libere
3439 5184 3559 5230 uta.
3616 5197 3625 5210 -

1940 5287 2061 5324 mur
2086 5277 2347 5342 tanquam
2374 5279 2556 5324 nostra
2584 5270 2915 5325 substantia.
2948 5270 3053 5324 Dat
3085 5283 3268 5324 autent
3300 5271 3558 5327 omnibus

1937 5383 2000 5421 ex
2020 5381 2194 5435 atquo.
2211 5367 2415 5421 Omnes
2428 5366 2573 5419 enim
2593 5380 2655 5419 cx
2674 5379 2834 5432 sequo
2852 5364 3148 5419 rationales
3166 5372 3315 5427 sunt,
3335 5376 3383 5419 et
3398 5379 3558 5434 seque

1940 5459 2168 5512 lihcrum
2216 5459 2419 5511 habent
2469 5456 2782 5511 arbitrium.
2828 5456 2898 5509 At
2940 5454 3027 5509 alii
3073 5455 3293 5522 quidem
3349 5456 3559 5509 utimur

1943 5552 2042 5604 hac
2067 5551 2320 5604 libertate
2352 5552 2653 5604 secundum
2686 5546 2979 5609 rationem.
3011 5546 3101 5600 alii
3136 5554 3319 5601 autem
3350 5545 3554 5617 dilapi-

1942 5646 2136 5700 datuus
2173 5647 2373 5697 donum
2416 5642 2682 5697 divinum.
2724 5640 2789 5694 Et
2837 5640 3163 5709 simpliciter
3210 5640 3391 5694 Omnia
3434 5656 3556 5709 qua:

1941 5741 2093 5793 dedit
2128 5738 2284 5790 nobis
2310 5734 2591 5799 Dominus,
2620 5735 2922 5788 substantia
2958 5743 3145 5788 nostra
3174 5736 3387 5787 censeri
3426 5749 3554 5802 pos-

1942 5843 2067 5887 sunt
2111 5851 2125 5885 :
2155 5838 2209 5883 ut
2235 5830 2469 5895 exempli
2509 5828 2703 5898 gratia,
2734 5827 2931 5883 cmlum
2959 5836 3012 5881 et
3040 5837 3206 5889 terra,
3235 5836 3289 5882 et
3322 5826 3375 5879 in
3406 5840 3557 5879 sum-

1945 5945 2029 5980 ma
2064 5937 2329 5981 creaturzc
2358 5938 2569 5987 omnes,
2602 5921 2707 5985 lrx,
2735 5919 3027 5989 prophetae.
3057 5918 3218 5988 Atqui
3252 5918 3394 5973 Illius
3422 5926 3552 5973 natu
