4048 6456
546 362 656 428 955

1398 351 1987 417 THEOPHYLACTI
2035 345 2449 412 BULGARLE
2491 344 2848 405 ARCHIEP.

3725 334 3839 402 956

551 478 617 534 Et
673 478 870 537 iterum
912 492 925 527 :
964 490 982 524 ι
1018 470 1213 526 Levavi
1243 484 1437 523 manus
1465 481 1611 522 meas
1638 466 1704 519 ad
1739 460 1993 517 mandata
2021 467 2138 521 tua,

2265 445 2566 525 iaptupsF
2602 470 2621 504 ι
2670 452 2757 513 Ὠς
2790 449 3059 520 ἠγάπησα
3097 446 3191 500 τὸν
3239 446 3407 517 νόμον
3434 462 3554 509 σου,
3621 441 3835 517 Κύριεῐ

548 586 669 641 qua:
696 568 878 631 dilexi,
915 584 933 618 i
962 579 1091 629 non,
1125 578 1245 630 qua:
1275 562 1447 615 timui.
1482 560 1549 614 Et
1584 558 1778 612 itei'um
1817 570 1832 607 :
1864 570 1882 604 ι
1919 550 2141 606 Mirabi-

554 663 624 717 lia
674 656 976 713 testimonia
1033 665 1145 720 tua,
1186 665 1240 709 et
1266 653 1390 723 quia
1443 660 1570 709 sunt
1600 644 1862 701 mirabilia
1889 644 1989 716 (α),
2019 644 2143 700 ideo

552 760 787 809 scrutata
842 764 904 803 ea
962 756 1046 803 est
1104 745 1285 800 anima
1342 760 1482 798 mea.
1545 762 1564 794 ι
1624 740 1758 796 Cum
1826 738 1988 812 igitur
2020 736 2144 806 quis

554 842 715 897 fuerit
766 842 819 895 iu
866 840 1055 895 ordine
1086 839 1247 901 illius,
1280 845 1333 891 et
1384 835 1579 889 deinde
1612 842 1832 904 propter
1861 840 2142 902 peccatum

553 934 857 997 abdicatur,
900 931 1150 1001 videtque
1176 929 1310 984 alios
1335 926 1439 983 frui
1473 927 1670 1004 di‘inis
1699 926 1873 988 donis.
1909 932 1964 979 ct
2003 938 2147 978 como

554 1024 889 1080 municautes
947 1022 1145 1077 divinis
1190 1022 1461 1092 mysteriis
1492 1030 1546 1075 et
1606 1020 1791 1073 divino
1826 1034 1964 1088 pane
1992 1034 2005 1071 :
2038 1031 2143 1071 non

554 1114 699 1167 enim
752 1115 818 1166 de
879 1111 1013 1167 solis
1067 1110 1473 1166 catccbumenis
1504 1110 1725 1179 intelligi
1758 1116 1970 1178 oportet
2000 1106 2143 1175 quod

555 1206 623 1262 de
671 1204 1012 1260 merccnario
1062 1204 1282 1270 dicitur,
1337 1204 1429 1267 sed
1488 1212 1543 1255 et
1596 1201 1663 1255 de
1703 1200 1767 1256 iis
1796 1200 1885 1269 qui
1938 1200 2145 1254 suntin

559 1298 795 1354 Ecclesia
822 1296 1141 1367 simpliciter
1198 1312 1302 1350 non
1338 1297 1388 1350 in
1421 1294 1595 1363 primo
1625 1295 1818 1349 ordine
1843 1294 1917 1364 (ὁ)
1954 1312 1969 1360 ;
2015 1303 2149 1348 tunc

558 1390 651 1445 illa
731 1390 844 1444 haec
918 1388 1414 1443 commiserationis
1470 1390 1631 1441 verba
1684 1387 1785 1441 sibi
1818 1386 1915 1455 ipsi
1967 1386 2151 1441 dicere

557 1480 716 1535 debet
747 1497 760 1533 :
789 1477 923 1545 Quot
960 1480 1278 1533 mercennarii
1316 1479 1491 1533 Patris
1522 1478 1623 1531 mei
1676 1477 1949 1531 abundant
1973 1475 2147 1545 pane!

556 1589 657 1643 cgo
710 1583 887 1627 autem
937 1568 1077 1627 lame
1130 1586 1310 1640 pereo.
1340 1572 1447 1626 Sed
1475 1584 1701 1641 surgens
1727 1570 1795 1624 de
1831 1570 1982 1622 ruina
2019 1584 2147 1634 pec-

561 1665 690 1728 cati,
760 1664 850 1718 ibo
885 1664 951 1717 ad
994 1661 1210 1717 Patrem
1267 1677 1464 1724 meum,
1518 1671 1569 1715 et
1615 1662 1792 1715 dicam
1844 1663 1890 1715 ei
1922 1676 1936 1713 :
1970 1659 2151 1727 Pater,

2244 546 2375 615 δλην
2403 543 2503 616 τὴν
2534 543 2749 615 ἡμέραν
2807 540 3006 611 μελέτη
3058 556 3161 609 μου
3214 538 3330 592 ἐστί
3360 556 3373 570 ·
3424 557 3443 589 ι
3500 538 3598 591 καὶ
3648 538 3837 591 πάλιν·

2264 657 2282 691 ι
2310 634 2465 708 Ἦρα
2496 638 2596 699 τάς
2634 635 2823 707 χεῖράς
2866 651 2971 703 μου
3023 632 3161 704 πρὸς
3196 631 3294 695 τὰς
3349 631 3577 693 ἐντολάς
3610 647 3734 695 σου,
3774 629 3841 693 ἃς

2243 731 2528 802 ἠγάπησα,
2559 748 2576 780 i
2611 730 2711 797 οὐχ
2742 728 2806 789 ἃς
2832 725 3130 795 ἐφοϐήθην
3153 724 3249 777 καὶ
3275 723 3457 777 πάλιν·
3487 741 3506 774 ι
3532 721 3843 793 Θαυμαστὰ

2244 826 2313 878 τά
2366 822 2643 894 μαρτυρία
2676 840 2794 887 σου,
2828 823 2921 875 καὶ
2962 803 3139 874 διὰτὸ
3194 817 3336 875 εἶναι
3384 821 3709 890 θαυμαστὰ,
3756 818 3843 872 διὰ

2245 915 2405 969 τοῦτο
2440 914 2803 985 ὲξηρεύνησεν
2833 912 2969 967 αὐτὰ
2999 914 3031 984 ἡ
3060 914 3206 985 ψυχή
3244 930 3369 984 μου.
3406 914 3620 966 ι⁶οταν
3647 912 3744 965 οὖν
3787 915 3844 964 ὲν

2245 1010 2312 1078 τῇ
2343 1008 2497 1074 τάξει
2527 1004 2622 1059 τοῦ
2662 1004 2779 1059 υἱοῦ
2821 1003 2896 1057 ὢν
2947 1021 3055 1069 τις,
3102 999 3221 1057 εἶτα
3279 1004 3370 1057 δια
3409 1005 3513 1073 τὴν
3566 1003 3843 1073 ἁμαρτίαν

2257 1098 2700 1171 ἀποκηρυχθείη,
2751 1098 2844 1152 καὶ
2881 1098 3028 1169 ὁρῴη
3082 1096 3279 1161 ἄλλους
3313 1096 3699 1159 ἀπολαύοντας
3736 1097 3844 1149 τῶν

2250 1191 2414 1245 θείων
2459 1188 2842 1260 χαρισμάτων,
2901 1190 2997 1243 καὶ
3056 1186 3619 1250 κοινωνοῦντας-τῶν
3682 1187 3845 1241 θείων

2255 1282 2597 1353 μυστηρίων,
2652 1282 2747 1335 καὶ
2804 1280 2899 1333 τοῦ
2934 1281 3103 1351 άρτου
3160 1280 3254 1333 τοῦ
3310 1279 3497 1333 θείου·
3556 1279 3682 1333 οὐδὲ
3738 1282 3846 1350 γὰρ

2254 1376 2381 1445 περὶ
2406 1374 2516 1428 τῶν
2548 1374 2979 1444 κατηχουμένων
3014 1374 3183 1443 μόνον
3213 1372 3319 1444 χρὴ
3342 1375 3485 1427 νοεῖν
3510 1373 3587 1436 ὡς
3613 1372 3850 1443 μισθίων

2252 1467 2590 1537 λεγομένων,
2631 1466 2911 1536 ἀλλὰκαὶ
2943 1466 3053 1520 τῶν
3090 1470 3146 1521 ὲν
3178 1470 3246 1539 τῇ
3306 1466 3613 1538 Ἐκκλησία
3661 1467 3848 1529 ἁπλῶς

2256 1562 2331 1631 μὴ
2368 1561 2468 1630 τῆς
2521 1558 2751 1632 πρώτης
2791 1561 3000 1627 τάξεως
3045 1560 3247 1615 ὄντων’
3281 1560 3405 1613 τότε
3439 1559 3505 1629 δὴ
3554 1558 3735 1613 ταῦτα
3787 1560 3855 1612 τὰ

2262 1652 2458 1723 οἰκτρὰ
2493 1652 2701 1721 ὀφείλει
2732 1652 3008 1720 ἐπιλέγειν
3039 1651 3249 1723 ἑαυτιῖν
3309 1652 3471 1705 Πὸσοι
3512 1651 3726 1722 μίσθιοι
3759 1650 3852 1703 τοῦ

562 1754 779 1823 peccavi
806 1754 859 1807 itt
891 1753 1082 1807 cmluin
1116 1760 1169 1805 et
1194 1768 1379 1806 coram
1418 1762 1490 1804 te.
1545 1750 1976 1820 Derclinqueudo
2004 1753 2147 1805 enim

2265 1745 2471 1816 Πατρός
2500 1762 2603 1815 μου
2664 1743 3087 1812 περισσεύουσιν
3130 1744 3360 1813 άρτωνο
3425 1743 3539 1811 ἐγὼ
3596 1744 3656 1797 δὲ
3712 1743 3857 1815 λιμῷ

563 1845 823 1908 cmlestia,
856 1844 1072 1911 peccavi
1136 1842 1297 1909 inea,
1359 1842 1649 1912 pra-ferens
1674 1841 1805 1909 ipsis
1829 1841 2153 1910 voluptatem

2265 1813 2597 1906 ἀπόλλυμαι.
2652 1835 2792 1912 Ἀλλ’
2830 1836 3099 1899 ἀναστὰς,
3134 1835 3440 1899 τουτέστιν,
3471 1837 3539 1889 ὲκ
3571 1834 3671 1889 τοῦ
3705 1813 3857 1887 πτήὼ-

561 1935 1040 2004 contemptibilem,
1077 1943 1131 1989 et
1170 1934 1483 2004 prteeligens
1531 1934 1741 1986 cmlesti
1788 1932 1977 1999 patria:
2029 1947 2160 1985 mea:

562 2029 835 2100 regioitem
892 2027 1071 2082 famis.
1124 2025 1585 2094 Quemadmodum
1618 2025 1784 2091 enim,
1837 2035 1896 2079 ut
1926 2025 2155 2093 exempli

562 2124 735 2191 gratia
798 2122 1073 2187 dicamus,
1120 2122 1171 2175 in
1216 2136 1403 2173 aurum
1438 2134 1664 2190 peccnre
1703 2119 1918 2181 dicitur,
1954 2118 2043 2187 qui
2078 2103 2157 2170 illi

567 2212 843 2280 plumbum
897 2210 1166 2282 praefert:
1200 2209 1274 2264 ita
1334 2210 1387 2263 in
1455 2210 1650 2263 calum
1708 2219 1915 2278 peccat,
1958 2208 2046 2278 qui
2082 2207 2156 2262 illi

566 2312 786 2359 terrena
836 2304 1126 2373 praeponit.
1165 2302 1334 2357 Abest
1368 2312 1545 2355 autem
1591 2303 1812 2357 omnino
1868 2316 1896 2355 a
1928 2303 2008 2355 via
2039 2317 2160 2370 qua:

567 2394 670 2446 {ert
722 2394 773 2446 in
825 2394 1044 2448 ctelum.
1078 2392 1234 2447 Scias
1302 2394 1430 2446 item
1473 2394 1613 2461 quod
1641 2394 1855 2462 quando
1894 2393 2157 2460 peccavit,

565 2484 718 2553 quasi
763 2500 868 2537 noti
913 2498 1095 2538 coram
1147 2484 1253 2538 Deo
1301 2499 1534 2553 Opi‘t‘atlI
1600 2484 1884 2551 peccatit;
1942 2486 2159 2552 quanio

568 2588 747 2629 autem
810 2576 1122 2643 cnulitetur,
1186 2590 1368 2631 coram
1427 2574 1535 2628 Deo
1569 2592 1625 2629 se
1673 2591 1928 2644 percussu
1970 2576 2154 2630 sentit.

570 2669 739 2722 l’orro
791 2668 958 2739 ws
1003 2684 1229 2737 surgens
1284 2670 1427 2722 vadit
1464 2670 1527 2721 ad
1571 2668 1782 2722 Patrem
1829 2684 2007 2722 suum.
2041 2666 2158 2721 Non

569 2763 743 2817 solum
802 2766 946 2817 enim
995 2750 1411 2817 causultandum
1460 2773 1542 2817 est
1574 2764 1638 2817 de
1672 2764 1755 2816 liis
1791 2778 1910 2832 quae
1949 2762 2161 2832 placent

576 2854 705 2919 Deo,
765 2854 857 2905 sed
915 2862 971 2907 et
1017 2868 1178 2922 opus.
1204 2864 1285 2906 cst
1321 2853 1482 2907 laeto.
1513 2850 1665 2905 Nunc
1708 2852 2159 2921 quemadmodum

573 2943 748 2996 vidisti
788 2942 1051 2998 fervidam
1090 2944 1489 3011 paenitentiam,
1524 2942 1595 2995 ita
1638 2954 1693 2997 et
1722 2943 1952 2997 celerem
1980 2941 2161 2998 Patris

572 3033 995 3087 miseiicnrdiam
1030 3032 1171 3087 vide.
1213 3032 1393 3102 Neque
1446 3034 1591 3086 enim
1626 3032 1959 3102 exspectavit
1991 3034 2160 3088 donec

2263 1946 2433 1999 ματος
2465 1929 2564 2000 τῆς
2592 1910 2889 2000 ἁμαρτίας,
2943 1927 3289 1999 πορεύσομαι
3321 1929 3456 1999 πρὸς
3496 1929 3594 1983 τὸν
3632 1928 3858 2000 Πατέρα

2265 2038 2391 2091 μου,
2426 2022 2519 2074 καὶ
2555 2021 2667 2090 ἐρῶ
2700 2020 2852 2091 αύτῷ
2878 2037 2892 2049 ·
2926 2021 3134 2090 Πάτερ,
3167 2020 3419 2090 ἥμαρτον
3458 2020 3539 2082 είς
3572 2019 3666 2072 τὸν
3695 2020 3859 2087 ούραι

2261 2111 2371 2178 νὺν,
2404 2114 2496 2165 καὶ
2550 2112 2788 2166 ἐνώπιόν
2833 2128 2928 2165 σου
2962 2128 2975 2140 ·
3012 2109 3334 2166 καταλιπὼν
3368 2110 3478 2183 γὰρ
3503 2110 3573 2163 τά
3604 2110 3857 2181 οὐράνια,

2262 2206 2513 2275 ἥμαρτον
2545 2205 2625 2267 είς
2650 2202 2846 2269 ταῦτα,
2869 2206 3220 2276 προτιμήσας
3243 2203 3425 2257 αὐτῶν
3444 2203 3544 2273 τὴν
3571 2203 3845 2256 κατάπτυ

2264 2314 2387 2349 στον
2416 2295 2633 2367 ἡδονὴν,
2674 2300 2768 2349 καὶ
2798 2296 2897 2367 τῆς
2928 2297 3189 2368 πατρίδος
3224 2313 3329 2366 μου
3361 2296 3602 2366 ούρανοῦ
3637 2296 3744 2365 τὴν
3768 2295 3860 2350 τοῦ

2261 2389 2422 2459 λιμοῦ
2472 2388 2658 2462 χώραν
2708 2391 3038 2462 προκρίνας.
3100 2390 3319 2457 Ὠσπερ
3366 2389 3475 2459 γὰρ
3515 2389 3861 2457 ἁμαρτάνειν

2260 2482 2499 2551 λέγεται,
2538 2482 2670 2553 φέρε
2716 2485 2893 2535 είπείν
2926 2484 3016 2546 είς
3072 2484 3301 2553 χρυσὸν,
3346 2482 3374 2534 δ
3406 2480 3663 2550 μόλιϐδον
3692 2479 3860 2535 αὐτοῦ

2262 2572 2569 2643 προτιμῶν,
2623 2571 2797 2636 οὕτως
2834 2574 2915 2635 εἰς
2942 2572 3173 2642 οὐρανὸν
3204 2571 3543 2641 ἁμαρτάνει,
3601 2573 3631 2623 δ
3666 2570 3861 2623 τούτου

2261 2665 2611 2735 προτιμήσας
2671 2664 2738 2717 τὰ
2769 2664 2955 2734 γήϊνα.
2988 2664 3389 2735 Ἀποτυγχάνει
3450 2664 3562 2731 γὰρ
3642 2661 3865 2724 πάντως

2262 2756 2360 2825 τῆς
2392 2758 2471 2818 εἰς
2516 2755 2609 2809 τὸν
2648 2755 2879 2825 οὐρανὸν
2920 2756 3191 2827 φερούσης
3223 2754 3372 2809 ὁδοῦ.
3416 2753 3752 2824 Ἐπίστησον
3781 2752 3862 2819 δὲ,

2263 2848 2345 2901 ὅτι
2370 2888 2385 2913 ,
2417 2850 2547 2901 ὅταν
2586 2849 2686 2918 μὲν
2712 2848 3051 2919 ἡμάρτανεν,
3080 2850 3157 2911 ὡς
3192 2850 3269 2918 μὴ
3301 2847 3538 2902 ἐνώπιον
3568 2847 3667 2901 τοῦ
3722 2845 3859 2901 Θεοῦ

2267 2942 2527 3009 πράττων
2556 2940 2895 3010 ἡμάρτανεν,
2926 2940 3017 2993 δτε
3048 2939 3104 2992 δὲ
3144 2938 3580 3010 ἐξομολογεῑται.
3624 2939 3858 2993 ενὼπισν

2262 3032 2356 3084 τοῦ
2385 3032 2522 3085 Θεοῦ
2559 3032 2897 3103 ἡμαρτηκὼς
2946 3032 3285 3086 αἰσθάνεται.
3332 3032 3613 3095 ’Δναστάς
3645 3031 3705 3085 δὲ
3735 3027 3864 3102 ἦλθε

576 3124 715 3179 lilius
758 3126 962 3179 veniret
1010 3126 1075 3176 ad
1126 3139 1206 3187 se,
1252 3124 1343 3177 sed
1403 3124 1661 3193 praevenit
1693 3134 1746 3179 ct
1772 3124 2150 3191 amplexatur;

2265 3124 2396 3194 πρὸς
2436 3123 2527 3176 τὸν
2586 3122 2800 3192 πατέρα
2856 3121 3051 3185 αὑτοῦ,
3087 3123 3170 3175 δεῐ
3211 3123 3319 3192 γὰρ
3376 3122 3526 3191 ἡμᾶς
3585 3121 3663 3192 μὴ
3703 3121 3866 3190 μόνον

580 3228 735 3286 pater
792 3218 937 3270 enim
979 3224 1061 3270 est
1114 3216 1464 3286 benignitate,
1505 3217 1668 3271 etiam
1706 3216 1750 3271 si
1783 3224 1976 3270 natura
2018 3215 2161 3271 Deus

573 3316 672 3370 est,
736 3316 790 3363 et
844 3316 988 3360 totus
1048 3315 1216 3359 totum
1295 3306 1683 3376 amplectitur,
1754 3314 1813 3359 ut
1884 3306 2161 3375 undequa-

572 3414 679 3467 que
702 3399 876 3469 ipsum
902 3401 965 3452 ad
1005 3414 1063 3452 se
1089 3398 1442 3467 constringat,
1466 3398 1605 3451 sicut
1638 3396 1844 3453 dictum
1875 3408 1959 3453 est
1988 3416 2001 3451 :
2038 3418 2056 3450 ι
2101 3398 2168 3453 Ει

574 3490 742 3560 gloria
780 3488 871 3545 Dei
899 3490 1257 3545 circumdabit
1310 3499 1378 3543 te.
1423 3508 1441 3542 ι
1494 3488 1634 3545 Olim
1684 3491 1897 3559 quidem
1950 3492 2167 3560 quando

575 3581 860 3651 elongabat
904 3596 962 3635 se
1018 3580 1179 3647 illius,
1228 3592 1439 3652 tempus
1471 3592 1589 3638 erat
1614 3593 1668 3637 et
1693 3582 1841 3637 Patri
1876 3594 1928 3638 ut
1954 3586 2020 3639 ab
2053 3600 2167 3638 ain-

585 3671 745 3739 plexu
782 3686 841 3725 se
881 3675 1165 3741 elongarct
1196 3689 1210 3724 :
1246 3688 1389 3727 nunc
1429 3688 1557 3727 vero
1576 3690 1698 3727 cum
1735 3677 1870 3729 redit
1902 3685 1954 3730 et
1976 3691 2172 3746 appro-

581 3765 807 3835 pinquat
831 3778 927 3833 per
962 3765 1373 3819 conversionem
1402 3774 1454 3819 et
1484 3767 1807 3830 orationem,
1845 3776 2055 3836 tempus
2088 3778 2173 3821 est

580 3857 945 3926 amplexandi.
982 3856 1111 3910 Ruit
1167 3840 1329 3927 igitur
1371 3860 1427 3913 in
1463 3858 1659 3913 collum
1710 3859 1851 3928 ejus,
1881 3861 2174 3914 ostendens

582 3969 703 4007 eum
759 3953 848 4025 qui
899 3956 1027 4011 olim
1079 3954 1401 4019 desciverat,
1452 3968 1592 4007 nunc
1636 3953 1978 4007 obedientem
2052 3967 2173 4008 esse

586 4045 809 4099 factum.
871 4045 939 4099 Et
989 4046 1265 4101 osculatur
1311 4059 1457 4105 eum,
1504 4042 1995 4097 reconciliationem
2038 4042 2174 4096 indi-

584 4152 734 4198 cans,
766 4146 820 4189 et
871 4137 1023 4204 quasi
1046 4135 1375 4191 vestibulum
1430 4134 1697 4203 quoddam
1731 4148 1793 4187 os
1824 4132 2011 4202 polluti
2045 4148 2175 4187 sau-

584 4228 847 4293 ctillcaus,
905 4243 966 4282 ac
1006 4244 1103 4298 per
1163 4227 1268 4281 hoc
1327 4228 1391 4280 ad
1425 4228 1637 4280 interna
1687 4228 2171 4281 sanetiiicationetu

588 4322 907 4372 Emmitteus.

2278 3217 2567 3287 βούλεσθαι
2604 3217 2669 3269 τὰ
2703 3217 2832 3284 φίλα
2856 3215 2997 3286 Θεῷ,
3028 3215 3166 3268 ἀλλὰ
3196 3215 3291 3269 καὶ
3320 3214 3607 3286 πράττειν.
3653 3214 3870 3282 Ὠσπερ

2276 3309 2330 3360 δὲ
2362 3304 2498 3370 εἶδες
2528 3307 2741 3376 θερμὴν
2789 3310 2889 3378 τὴν
2929 3306 3243 3376 μετάνοιαν,
3291 3305 3465 3367 οὕτως
3510 3305 3606 3357 καὶ
3640 3304 3745 3374 τὴν
3779 3303 3871 3356 εύο

2281 3399 2617 3469 σπλαγχνίαν
2648 3400 2741 3452 τοῦ
2773 3400 2977 3468 πατρὸς
3016 3399 3140 3468 ὅρα.
3181 3397 3317 3450 Οὐδὲ
3345 3398 3455 3467 γὰρ
3485 3397 3748 3466 ἀνέμεινε
3782 3396 3873 3452 τὸν

2276 3495 2389 3547 υίὶν
2422 3494 2601 3547 ἐλθεῖν
2640 3494 2801 3563 ἄχρις
2828 3492 3019 3556 αὑτοῦ,
3058 3492 3195 3546 ἀλλὰ
3225 3491 3555 3561 προφθάνει,
3590 3491 3691 3543 καὶ
3722 3508 3875 3561 περι⁹

2278 3587 2589 3659 πλέκεταιη
2618 3586 2809 3657 Πατὴρ
2843 3587 2951 3655 γάρ
2988 3587 3055 3655 τῇ
3093 3585 3451 3655 χρηστότητι,
3489 3585 3538 3635 εί
3572 3584 3671 3636 καὶ
3715 3582 3875 3653 φύσει

2272 3678 2427 3742 Θεὸς,
2469 3679 2565 3731 καὶ
2585 3678 2705 3739 ὅλος
2736 3678 2856 3731 ὅλον
2905 3676 3258 3747 περιφύεται,
3294 3676 3381 3729 ἵνα
3416 3674 3694 3728 πάντοθεν
3717 3675 3877 3728 αὑτὸν

2276 3773 2412 3842 πρὸς
2429 3773 2620 3824 ἑαυτὸν
2634 3771 2929 3842 συσφξγξῃ,
2951 3770 3087 3823 καθὸ
3106 3770 3344 3839 εἴρηταιο
3379 3786 3398 3819 ι
3430 3768 3542 3821 Καὶ
3570 3771 3601 3838 ἡ
3626 3767 3762 3833 δόξα
3785 3768 3878 3823 τοῦ

2276 3861 2412 3915 Θεοῦ
2462 3862 2779 3931 περιστελεῐ
2812 3878 2895 3913 σε.
2928 3880 2945 3911 ι
2972 3861 3083 3915 Καὶ
3109 3860 3280 3914 πάλαι
3318 3860 3418 3927 μὲν
3443 3860 3531 3912 ὅτε
3566 3862 3882 3929 ἐμάκρυνεν

2283 3956 2475 4008 ἑαυτὸν
2500 3956 2529 4006 δ
2561 3954 2697 4018 υίὸς,
2733 3952 2925 4022 καιρὸς
2948 3949 3017 4022 ἦν
3048 3952 3143 4005 καὶ
3180 3950 3260 4022 τῷ
3295 3952 3466 4023 πατρὶ
3495 3950 3596 4004 τοῦ
3634 3969 3883 4023 μακρυνο

2281 4048 2439 4117 θῆναι
2470 4046 2577 4099 ἀπὸ
2606 4047 2706 4111 τῆς
2738 4045 3085 4116 περιλήψεως
3116 4059 3130 4074 °
3160 4045 3252 4097 ὅτε
3303 4044 3362 4099 δὲ
3399 4044 3600 4115 ἧγγισε
3661 4045 3753 4099 διὰ
3787 4046 3882 4113 τῆς

2284 4139 2599 4209 προσευχῆς
2632 4140 2732 4192 καὶ
2784 4140 2883 4207 τῆς
2913 4138 3274 4209 ἐπιστροφῆς,
3309 4136 3507 4208 καιρὸς
3532 4138 3761 4206 ἐγένετο
3792 4136 3881 4191 τοῦ

2285 4232 2625 4303 περιλαϐεῖν.
2673 4230 2995 4283 Ἐπιπίπτει
3030 4231 3212 4284 τοίνυν
3262 4231 3357 4285 ἐπὶ
3414 4230 3507 4283 τὸν
3574 4231 3880 4301 τράχηλον,

2284 4322 2376 4374 τὸν
2422 4320 2842 4376 ἀποστατοῦντα
2876 4319 3105 4390 πρώην,
3160 4319 3442 4391 πειθήνιον
3497 4318 3596 4373 νῦν
3629 4320 3885 4385 γενέσθαι

586 4411 1013 4481 ἐνδεικνύμενος.
1041 4414 1149 4466 Καὶ
1172 4413 1463 4482 καταφιλεῖ
1482 4412 1788 4483 αύτδν,τὴν
1816 4411 2165 4482 καταλλαγὴν
2204 4413 2485 4475 δεικνύων,
2523 4415 2619 4467 καὶ
2686 4408 2803 4466 old:
2836 4430 2888 4466 τι
2922 4413 3267 4483 προπύλαιον
3306 4414 3369 4466 τὸ
3417 4413 3601 4483 στόμα
3670 4413 3885 4485 πρῶτον

587 4504 680 4559 τοῦ
736 4506 1054 4575 μιανθέντος
1090 4507 1353 4574 ἁγιάζων,
1388 4502 1507 4561 εἶτα
1542 4508 1630 4561 δια
1682 4508 1871 4561 τούτου
1926 4510 2020 4561 καὶ
2067 4510 2161 4562 ἐπὶ
2201 4511 2268 4561 τά
2304 4510 2455 4564 ἔνδον
2487 4509 2578 4563 τὸν
2609 4509 2887 4577 άγιασμὸν
2921 4509 3267 4581 εἰσπέμπων.

662 4601 822 4657 Vens.
848 4602 1039 4655 22-2.5.
1066 4620 1084 4652 ι
1117 4602 1259 4655 Dixit
1283 4613 1459 4656 autem
1487 4612 1637 4672 pater
1668 4604 1734 4656 ad
1773 4618 1959 4657 servos
1988 4618 2115 4659 suos
2154 4623 2158 4655 :

2356 4622 2374 4655 ι
2417 4600 2549 4656 Είπε
2573 4604 2629 4657 δὲ
2656 4605 2683 4655 ὁ
2713 4602 2894 4675 πατὴρ
2916 4602 3052 4672 πρὸς
3078 4604 3205 4663 τοὺς
3244 4599 3466 4663 δούλους
3492 4602 3666 4656 αὑτοῦ
3708 4621 3720 4633 ⁶
3771 4606 3884 4671 Ἐξ-

593 4695 835 4750 Proferte
878 4696 1069 4750 Stolam
1136 4697 1384 4763 primam,
1442 4705 1497 4750 et
1548 4696 1754 4750 induite
1817 4696 1964 4750 illum
2004 4714 2017 4750 :
2055 4697 2158 4752 dati

2288 4695 2552 4762 ενέγκατε
2576 4696 2675 4764 τὴν
2692 4694 2887 4764 στολὴν
2900 4694 2999 4762 τὴν
3018 4692 3266 4764 πρώτην,
3290 4695 3383 4748 καὶ
3406 4694 3677 4749 meum:
3706 4699 3882 4761 αὑτὸν,

591 4788 848 4841 annulum
901 4788 952 4840 in
1018 4803 1233 4840 manum
1300 4788 1437 4857 ejus,
1485 4796 1539 4841 et
1589 4788 1955 4841 calceamenta
2007 4789 2057 4841 in
2088 4804 2158 4857 pe.

2289 4790 2381 4842 καὶ
2411 4788 2529 4840 δότε
2564 4786 2852 4840 δακτύλιον
2886 4786 2966 4849 εἰς
2994 4786 3095 4855 τὴν
3117 4788 3279 4856 χεῖρα
3327 4785 3521 4852 αὑτοῦ,
3563 4790 3660 4843 καὶ
3690 4790 3889 4861 ὑποδή-

594 4882 690 4935 des
723 4899 734 4933 :
766 4890 817 4934 et
873 4880 1123 4935 adducite
1172 4880 1394 4933 vitulum
1449 4879 1595 4933 illum
1638 4881 1963 4950 saginatum,
2017 4894 2158 4950 atqm

2292 4899 2439 4951 ματα
2483 4883 2564 4943 είς
2607 4882 2738 4943 τοὺς
2778 4880 2943 4943 πόδας
2974 4878 3163 4944 αὑτοῦ,
3220 4878 3318 4931 καὶ
3346 4878 3753 4946 ἐξενέγκαντες
3798 4883 3887 4936 τὸν

599 4981 853 5036 mactate,
882 4972 1218 5040 sumptisque
1246 4972 1423 5041 epulis
1449 4973 1692 5025 laetemur
1724 4988 1738 5025 :
1772 4970 1895 5039 quia
1919 4970 2007 5025 hic
2038 4971 2158 5025 liliu:

2296 4977 2496 5046 μόσχον
2524 4976 2615 5029 τὸν
2650 4976 2897 5029 σιτευτὸν
2929 4976 3157 5040 θύσατε,
3216 4975 3313 5029 καὶ
3337 4976 3613 5043 φαγόντες
3646 4980 3888 5047 εὐφραν-

600 5077 749 5117 meus
781 5071 1025 5121 mortuus
1052 5074 1188 5129 erat,
1214 5072 1266 5118 et
1297 5063 1527 5129 revixit;
1566 5064 1824 5133 perierat,
1859 5074 1912 5117 et
1940 5064 2158 5118 inventu

2290 5070 2495 5139 θῶμεν,
2536 5070 2617 5121 ὅτι
2644 5070 2672 5121 ὁ
2694 5069 2807 5131 υἱός
2833 5085 2934 5136 μου
2956 5060 3114 5131 οὗτος
3144 5067 3342 5136 νεκρὸς
3374 5062 3465 5136 ἦν,
3500 5069 3600 5121 καὶ
3624 5069 3883 5138 άνέζηστ,

601 5163 705 5209 est.
738 5156 805 5209 Et
853 5164 1133 5225 creperum
1190 5157 1379 5209 laetari.
1416 5175 1435 5207 ι
1476 5155 1577 5211 Per
1601 5170 1788 5210 servos
1832 5155 2069 5226 intelligo
2098 5172 2158 5211 ve

2295 5161 2387 5212 καὶ
2416 5157 2714 5221 ἀπολωλὼς
2756 5154 2844 5227 ἦν,
2874 5158 2967 5209 καὶ
2996 5157 3219 5227 εὑρέθη.
3253 5156 3365 5210 Καὶ
3390 5156 3636 5228 ήρξαντο
3666 5158 3894 5230 εὐφραί-

601 5246 820 5315 angelos
875 5248 1293 5301 ministratorios
1333 5248 1577 5315 spiritus,
1637 5248 1727 5317 qni
1786 5248 2074 5301 mittuntur
2138 5249 2150 5300 i

2295 5249 2507 5303 νεσθαι.
2588 5267 2605 5301 i
2661 5249 2896 5311 Δούλους
2944 5249 3143 5318 ἢτοὺς
3203 5246 3474 5315 ἀγγέλους
3544 5251 3801 5317 νοήσαις,
3832 5250 3894 5301 τὰ

522 5390 556 5426 δ
602 5337 961 5391 ministerium
1013 5350 1231 5407 propter
1283 5354 1375 5393 eos
1411 5338 1499 5407 qui
1530 5340 1700 5395 salute
1751 5342 1896 5411 digni
1932 5351 2077 5395 sunt.
2119 5341 2155 5394 ll

2296 5342 2649 5410 λειτουργικὰ
2695 5341 2985 5410 πνεύματα
3021 5339 3089 5393 τά
3120 5339 3454 5409 στελλόμενα
3497 5342 3581 5404 είς
3615 5342 3895 5395 διακονίαν

603 5430 745 5483 enim
803 5430 1041 5483 vestiunt
1090 5446 1119 5483 a
1153 5443 1373 5497 peccato
1408 5440 1763 5487 revertentem
1813 5434 1953 5487 stola
1998 5434 2158 5499 prima

2301 5436 2388 5488 δια
2418 5436 2542 5497 τοὺς
2580 5434 2856 5503 σωτηρίας
2887 5432 3094 5499 ἀξίους·
3139 5431 3236 5483 καὶ
3270 5432 3379 5498 γάρ
3409 5425 3564 5486 οὗτοι
3594 5434 3895 5499 στολίζουσι

605 5519 719 5574 sive
772 5522 970 5589 prisca,
1016 5536 1198 5589 quam,
1256 5524 1571 5592 priusquam
1607 5538 1976 5591 peccaremns,
2014 5536 2158 5592 gesla

2303 5528 2395 5579 τὸν
2417 5529 2482 5578 ἐκ
2523 5526 2722 5587 κακίας
2752 5524 3155 5592 ἐπιστρέφοντα
3180 5521 3279 5592 τὴν
3304 5523 3499 5593 στολὴν
3523 5522 3628 5592 τὴν
3653 5521 3896 5593 πρώτην,

604 5610 795 5667 bamus
823 5652 837 5677 ,
861 5613 1175 5667 indumento
1223 5616 1431 5669 scilicet
1463 5618 1887 5685 incorruptionis
1919 5636 1931 5671 :
1964 5618 2041 5671 vel
2077 5634 2158 5686 νγ(

2306 5619 2425 5689 ἢτοι
2452 5621 2551 5687 τὴν
2589 5618 2848 5688 ἀρχαίαν,
2874 5618 2941 5687 ἦν
2990 5616 3121 5688 πρὶν
3159 5616 3431 5687 ἁμαρτεῖν
3462 5616 3804 5687 ὲφοροῦμεν,
3843 5614 3899 5667 τὸ

676 5745 755 5819 (α)
788 5748 928 5819 Ειιίι.
961 5749 1082 5802 Litt.
1108 5751 1327 5812 omittit,
1349 5761 1395 5803 ει
1420 5752 1543 5819 quia
1572 5761 1691 5805 sunt
1722 5752 2010 5805 mirabilia.

2309 5750 2514 5805 Czctera
2561 5763 2683 5807 sunt
2717 5769 2879 5807 :sanc
2918 5751 3012 5805 illa
3059 5747 3383 5804 miserabilia
3435 5760 3649 5822 Oportet
3683 5754 3731 5808 ei
3778 5765 3897 5807 cna.

680 5816 757 5890 (ὁ)
787 5816 839 5872 lu
875 5819 969 5875 Ed.
1006 5819 1126 5875 Lul.
1159 5816 1496 5888 omittuntur,
1530 5841 1631 5877 non
1684 5824 1733 5875 in
1785 5823 1951 5891 primo
1996 5823 2199 5876 ordine.

2314 5838 2535 5876 morare.
