4048 6502
194 402 300 468 957

948 406 1094 466 ENA
1110 404 1399 467 RHATIO
1440 403 1523 465 IN
1549 402 2073 469 'EVANGELIUM
2110 406 2345 470 LUC.E.
2379 407 2624 482 -CAP.
2660 405 2786 467 XV.

3408 396 3516 461 958

188 516 394 587 ἔνδυμα
416 515 513 587 τῆς
550 514 888 588 ἀφθαρσίας,
919 518 953 587 ἢ
992 518 1095 586 τὴν
1148 520 1341 589 τιμίαν
1386 516 1487 587 τὴν
1521 515 1633 595 πρὸ
1674 514 1780 569 τῶν

1896 518 2030 571 tiosa
2080 532 2203 587 qua:
2236 517 2502 586 dignitate
2558 522 2783 585 pra-stat
2820 511 2944 569 aliis
3002 508 3287 572 omnibus,
3322 517 3383 563 ut
3414 511 3515 564 ba-

187 608 365 663 ωλων
399 608 613 667 πασῶν,
642 602 733 661 οἷά
762 609 915 661 ἐστιν
945 609 978 680 ἡ
1006 607 1099 662 τοῦ
1135 608 1539 679 βαπτίσματος.
1590 604 1791 677 Πρώτη

190 708 303 779 γάρ
335 722 429 776 μοι
459 703 600 775 αὕτη
632 703 999 773 περιτίθεται,
1040 706 1137 759 καὶ
1165 706 1297 775 παρ’
1328 706 1501 775 αὐτῆς
1526 704 1793 774 λαμδάνω

184 800 291 871 τὴν
333 799 437 868 τῆς
494 797 892 869 ἀσχημοσύνης
931 799 1290 869 περιστολήν.
1334 799 1402 853 Ἢ
1436 798 1617 852 τοίνυν
1664 799 1791 861 τοὺς

184 892 458 961 ἀγγέλους
479 892 707 962 νοήσαις
734 890 983 955 δούλους,
1024 892 1154 955 τοὺς
1204 894 1341 944 πᾶσι
1375 894 1488 955 τοῖς
1533 890 1625 960 ὑφ’
1657 892 1790 961 ἡμῖν

180 986 542 1056 τελουμένοις
576 985 1054 1055 διακονουμένους,
1107 986 1204 1038 καὶ⁵
1236 983 1307 1037 δι’
1342 978 1418 1038 ὧν
1447 984 1791 1055 ἁγιαζόμεθα

183 1080 371 1146 μέσων
406 1095 419 1108 ·
469 1080 502 1150 ἢ
546 1078 794 1141 καὶτοὺς
828 1078 1018 1148 ίερεῖς,
1048 1078 1177 1141 τοὺς
1212 1077 1306 1131 καὶ
1336 1077 1423 1130 διὰ
1470 1076 1789 1145 βαπτίσμα-

176 1190 295 1235 τος,
322 1172 420 1223 καὶ
444 1172 605 1239 λόγου
628 1168 1016 1224 διδασκαλικοῦ
1033 1169 1126 1223 τὸν
1149 1170 1550 1241 ἐπιστρέφοντα
1574 1169 1788 1223 ἐνδύον-

178 1284 302 1331 τας,
334 1268 430 1320 καὶ
468 1266 664 1336 στολὴν
710 1265 937 1337 πρώτην
974 1266 1379 1336 περιτιθέντας,
1414 1266 1506 1319 τὸν
1550 1265 1788 1337 Χριστὶν

178 1358 347 1410 αὐτόν
398 1357 537 1426 (ὅσοι
560 1357 671 1425 γὰρ
702 1357 1123 1425 ὲδαπτίσθημεν
1144 1358 1224 1420 είς
1257 1358 1520 1427 Χρκιτὸν.
1551 1359 1788 1429 Χριστὸν

177 1448 597 1519 ὲνεδυσὰμεθα).
622 1450 713 1502 καὶ
754 1448 1047 1504 δακτύλιον
1084 1448 1327 1503 διδόασιν
1356 1453 1437 1513 είς
1474 1449 1573 1520 τὴν
1599 1452 1785 1519 χεῖρα,

174 1542 279 1613 τὴν
336 1542 613 1611 σφραγῖδα
654 1540 749 1593 τοῦ
783 1540 1247 1611 Χριστιανισμοῦ,
1281 1542 1351 1612 ἣν
1371 1541 1459 1595 διὰ
1474 1542 1585 1594 τῶν
1608 1541 1787 1611 ἔργων

175 1636 416 1705 ἔχομεν’
468 1636 501 1704 ὴ
538 1635 638 1706 μὲν
679 1635 789 1705 γὰρ
820 1638 943 1705 χεὶρ
981 1636 1085 1705 τῆς
1130 1636 1388 1706 πράξεως
1432 1634 1725 1705 σύμόολον,
1758 1638 1787 1689 6

174 1729 231 1780 δὲ
271 1727 559 1791 δακτύλιος
598 1728 697 1798 τῆς
738 1728 1082 1797 σφραγίδος⁹
1134 1728 1163 1781 ὁ
1208 1727 1390 1781 τοίνυν
1436 1726 1783 1797 βαπτισθεὶς,

176 1822 275 1875 καὶ
299 1820 491 1885 ἁπλῶς
530 1823 558 1874 ό
597 1821 704 1875 ἀπὸ
736 1822 939 1885 κακίας
982 1821 1358 1891 ἐπιστρέφων,
1399 1821 1609 1890 ὀφείλει
1640 1822 1783 1891 ἔχειν

176 1913 272 1965 ἐπὶ
325 1914 425 1981 τῆς
459 1916 668 1984 χειρὸς,
722 1913 1027 1978 τουτέστιν,
1074 1915 1170 1968 ἐπὶ
1205 1914 1390 1983 πάσης
1458 1916 1781 1985 πρακτικῆς

172 2004 487 2074 δυνάμεως,
516 2005 819 2077 σφραγῖδα,
856 2004 949 2057 καὶ
968 2003 1260 2074 γνώρισμα
1294 2004 1652 2074 Χριστιανοῦ,
1694 2006 1781 2058 ἵνα

170 2094 454 2148 δεικνύναι
491 2093 618 2165 ἔχῃ,
670 2095 746 2155 ὼς
779 2096 901 2148 κατ’
933 2096 1119 2148 είκόνα
1150 2094 1246 2150 τοῦ
1294 2096 1582 2155 κτίσαντος
1618 2097 1783 2152 αὐτὸν

172 2186 562 2256 ἀνεκαινίσθη.
613 2187 683 2239 Ἣ
712 2186 811 2238 καὶ
840 2186 1021 2250 ἄλλως
1062 2187 1295 2253 νοήσαις
1340 2186 1432 2239 τὸν
1467 2186 1781 2251 δακτύλιον,

172 2275 479 2348 ἁρῤαδῶνα
506 2274 600 2329 τοῦ
632 2276 975 2346 Πνεύματος·
1008 2272 1123 2330 οἷον
1166 2276 1223 2330 τι
1256 2294 1420 2347 φημιο
1462 2278 1525 2332 Ὀ
1548 2278 1683 2343 Θεὸς
1712 2282 1782 2333 τὰ

176 2367 282 2446 μὲν
306 2366 627 2419 τελειότατα
651 2366 836 2433 ἀγαθὰ
864 2368 985 2420 τότε
1033 2367 1272 2431 δίδωσιν,
1301 2367 1390 2421 ὅτε
1414 2368 1623 2423 τούτων
1655 2387 1779 2422 και-

173 2459 293 2526 ρὸς,
341 2459 435 2511 καὶ
461 2457 558 2510 νῦν
580 2459 636 2510 δὲ
669 2458 1038 2529 πιστούμενος
1081 2460 1308 2529 δηλαδὴ,
1342 2463 1529 2516 ἐκεῖνα
1563 2463 1781 2517 δίδωσιν

167 2554 308 2621 ἡμῖν
332 2551 673 2622 χαρίσματα,
699 2546 812 2605 οἶόν
842 2570 997 2616 τινας
1036 2554 1371 2625 ἀρραϐῶνας
1417 2554 1525 2608 τῶν
1557 2556 1781 2627 μελλόνο

168 2660 305 2706 των,
342 2646 454 2707 τοῖς
499 2645 598 2713 μὲν
639 2645 1117 2716 θαυματουργίαν,
1172 2650 1286 2709 τοῖς
1311 2647 1367 2700 δὲ
1399 2648 1776 2713 διδασκαλίαν,

168 2738 289 2791 τοῖς
319 2735 379 2788 δὲ
408 2736 540 2787 ἄλλο
590 2753 667 2799 τι,
718 2736 814 2789 καὶ
865 2735 1041 2789 ταῦτα
1092 2736 1377 2807 δεχόμενοι
1420 2738 1533 2791 ἀπὸ
1572 2738 1778 2793 τούτων

172 2828 268 2881 ml
299 2828 370 2882 τὰ
405 2830 720 2898 τελειότερα
752 2828 989 2898 βεδαίως
1049 2828 1368 2900 ἐλπίζομεν.
1412 2832 1777 2903 ’Υποδὴματα

170 2921 254 2983 είς
282 2922 413 2985 τοὺς
445 2922 639 2983 πόδας,
676 2922 765 2974 ἴνα
800 2921 1177 2987 φυλάττωνται
1201 2923 1311 2975 ἀπὸ
1333 2923 1447 2976 τῶν
1470 2928 1775 2995 σκορπίων,

168 3012 285 3066 τῶν
322 3014 536 3084 μικρῶν
580 3014 783 3082 δηλαδὴ
822 3013 1131 3067 δοκούντων
1182 3016 1626 3087 ἁμαρτημάτων,
1682 3019 1779 3071 καὶ

168 3106 449 3177 κρυφίων,
485 3105 559 3168 ὡς
609 3106 713 3177 ἔφη
766 3106 957 3171 Δαυῖδ,
997 3107 1142 3177 πλὴν
1179 3108 1508 3162 θανατωδῶν
1538 3110 1633 3162 καὶ
1673 3111 1776 3163 αὒ-

166 3199 281 3252 τῶν
305 3216 320 3229 ο
356 3198 447 3253 ναὶ
479 3199 586 3269 μὴν
608 3199 701 3251 καὶ
730 3198 839 3251 ἀπὸ
861 3199 1041 3267 ὄφεων
1061 3201 1170 3252 τῶν
1193 3200 1487 3271 προφανῶς
1515 3201 1777 3271 βλάπτειν

166 3292 577 3361 νομιζομένων,
628 3292 775 3361 φημὶ
810 3292 1121 3362 ἁμαρτιῶν.
1168 3293 1279 3346 Καὶ
1323 3293 1497 3356 ἄλλως
1535 3295 1617 3360 δδτ,
1649 3296 1780 3348 ὑπο-

165 3385 399 3454 δήματα
432 3382 670 3436 δίδονται
705 3384 784 3453 τῷ
836 3381 1123 3449 ἀξιωθέντι
1160 3385 1262 3453 τῆς
1298 3385 1526 3456 πρώτης
1561 3386 1777 3455 στολῆς,

166 3475 466 3543 ποιοῦντες
491 3475 585 3528 τοῦ
626 3475 763 3529 Θεοῦ
814 3477 978 3530 αὐτὸν
1011 3477 1236 3546 ἕτοιμον
1266 3479 1348 3541 είς
1394 3478 1454 3531 τὸ
1490 3481 1781 3547 εὐαγγελί-

169 3571 394 3637 ζεσθαι,
429 3573 526 3624 καὶ
557 3571 790 3641 ὠφελεῖν
828 3571 1072 3642 ἑτέρους.
1104 3570 1280 3625 Τοῦτο
1313 3572 1424 3642 γὰρ
1453 3574 1481 3624 6
1519 3574 1781 3643 Χριστια-

168 3663 261 3727 νὸς
294 3663 396 3716 τοῦ
435 3663 665 3734 πλησίον
690 3666 722 3734 ἡ
751 3663 1015 3733 ὠφέλεια.
1052 3663 1273 3733 Μόσχος
1303 3664 1361 3718 δὲ
1397 3666 1643 3727 σιτευτὸς
1679 3666 1782 3720 οὐκ

167 3756 461 3822 ἀγνοεῖται
500 3758 581 3818 τίς
615 3758 785 3818 ἔστιν,
836 3743 869 3809 ό
916 3757 1202 3825 θυόμενος,
1257 3756 1351 3809 καὶ
1417 3756 1777 3827 ὲσθιόμενος·

168 3848 399 3911 πάντως
434 3851 542 3919 γὰρ
590 3850 618 3900 6
650 3846 858 3918 ἀληθὴς
891 3846 1020 3909 Υἱὸς
1055 3847 1151 3899 τοῦ
1190 3846 1352 3913 Θεοῦ,
1386 3846 1525 3899 καθὸ
1563 3846 1779 3919 ἀνθρω-

166 3955 299 4002 nec,
361 3939 456 3991 καὶ
508 3938 690 4007 σάρκα
750 3936 966 4005 εἴληφε,
1021 3937 1124 4005 τὴν
1177 3935 1376 4003 ἄλογον
1431 3935 1618 4004 φύσει.
1684 3936 1780 3988 καὶ

168 4029 461 4101 κτηνώδη.
498 4028 603 4081 κᾶν
656 4030 830 4097 αὐτὴν
869 4028 980 4080 τῶν
1032 4026 1255 4081 οἰκείων
1293 4027 1636 4097 αὐχημάτων
1676 4046 1781 4081 πεο

168 4124 462 4190 τλήρωκε.
497 4120 656 4174 Κατὰ
704 4120 867 4173 τοῦτο
903 4123 1105 4190 μόσχος
1142 4122 1369 4185 νοεῖται,
1412 4122 1779 4193 ἁπειρόζυγος

172 4214 275 4284 μὲν
317 4211 415 4264 τοῦ
454 4210 621 4278 νόμου
671 4210 772 4280 τῆς
808 4211 1113 4280 ἁμαρτίας
1156 4213 1400 4275 σιτευτὸς
1435 4212 1514 4275 δὲ,
1542 4212 1679 4264 καθὸ
1698 4216 1779 4275 εἰς

166 4305 340 4360 τοῦτο
361 4304 420 4357 τὸ
447 4303 753 4374 μυστήριον
777 4302 985 4375 ἀφώριί
1012 4320 1062 4355 :o
1084 4305 1190 4375 πρὸ
1212 4304 1524 4372 καταϐολῆς
1544 4304 1777 4373 κόσμου,

167 4397 282 4449 Καὶ
340 4394 775 4466 περιεργότερον
802 4392 860 4447 δὲ
894 4392 964 4447 ίσι
1002 4412 1026 4457 ς
1072 4393 1215 4458 δόξει
1262 4394 1326 4446 τὸ
1378 4394 1777 4465 ῥηθησόμενον,

161 4496 325 4562 ὅμως
358 4490 661 4561 ῥηθήσεται
683 4506 697 4519 ·
731 4490 815 4542 ὅτι
861 4490 890 4541 6
950 4517 959 4539 ι
992 4506 1139 4558 ρτος,
1184 4488 1243 4541 ὃν
1280 4486 1501 4558 κλῶμεν
1534 4487 1678 4540 κατά
1718 4487 1778 4539 τὸ

1899 608 2080 677 ptismi
2133 609 2425 680 dignitate.
2452 608 2634 662 Prima
2669 607 2816 663 enim
2854 620 2953 659 nos
2994 602 3085 658 illa
3121 600 3310 663 vestit,
3349 608 3405 653 et
3445 602 3514 651 ah

1896 714 1958 752 ea
2018 698 2286 753 sumimus
2348 697 2651 755 honestatis
2702 696 2983 750 vestitum.
3044 690 3139 747 Vel
3192 706 3289 764 per
3326 704 3518 745 servos

1897 790 2139 860 intellige
2190 791 2434 863 angelos,
2493 790 2584 859 qui
2618 788 2934 843 ministrant
2959 786 3216 841 omnibus
3243 799 3364 853 qua:
3390 797 3520 852 pro-

1898 891 1981 937 ter
2016 898 2115 936 nos
2170 882 2325 946 ﬁunt,
2356 892 2410 936 et
2455 882 2655 952 quibus
2680 880 3049 951 mediantibus
3081 877 3515 933 sanetiﬂcamur.

1898 971 1995 1029 Vel
2022 976 2190 1028 etiam
2242 974 2582 1037 sacerdotes,
2660 972 2752 1043 qui
2786 986 3083 1027 conversos
3170 983 3267 1038 per
3342 966 3519 1037 bapti-

1894 1082 2070 1120 smum
2101 1068 2183 1120 vel
2210 1069 2437 1121 verbum
2462 1067 2727 1121 doctrina:
2755 1065 3011 1128 induunt,
3082 1073 3137 1118 et
3161 1064 3391 1116 induunt
3419 1075 3517 1116 eos

1892 1158 2167 1214 Christum
2222 1159 2417 1216 stolam
2483 1160 2716 1230 primam
2771 1157 3108 1228 (quicunque
3167 1156 3312 1207 enim
3345 1153 3516 1220 bapti-

1892 1251 2000 1306 ZaIi
2058 1267 2247 1306 sumus
2281 1253 2333 1307 in
2366 1251 2675 1314 Christum,
2725 1251 2899 1305 induti
2936 1263 3130 1302 sturnus
3179 1244 3513 1312 Christum),

1891 1358 1945 1402 et
1972 1346 2231 1401 annulum
2292 1351 2382 1403 dat
2419 1348 2472 1403 in
2504 1363 2747 1411 manum,
2782 1347 3123 1417 signaculum
3183 1343 3516 1399 Christiani-

1893 1435 2021 1497 smi,
2052 1438 2196 1503 quod
2248 1452 2345 1506 per
2367 1453 2533 1507 Opera
2560 1438 2848 1493 habemus.
2886 1436 3025 1491 Nam
3065 1451 3262 1491 manus
3298 1435 3519 1505 symbo-

1896 1528 2012 1583 lum
2049 1532 2389 1596 operationis
2422 1540 2525 1596 est,
2578 1534 2815 1587 annulus
2848 1548 2977 1587 vero
3018 1530 3308 1596 signaculi.
3346 1530 3519 1600 Igitur

1895 1622 2222 1689 baptizatus,
2288 1633 2342 1677 et
2410 1624 2589 1680 omnis
2650 1626 2743 1694 qui
2795 1641 2823 1679 a
2856 1636 3085 1695 peccato
3141 1623 3505 1686 convertitur,

1891 1714 2055 1769 debet
2109 1714 2315 1770 habere
2372 1716 2425 1770 in
2474 1733 2657 1781 manu,
2702 1717 2807 1773 hoc
2833 1716 3247 1785 est,operatira
3280 1716 3508 1777 virtute,

1890 1806 2233 1876 signaculum
2264 1808 2562 1863 Christiani
2599 1826 2613 1864 :
2652 1819 2713 1864 ut
2760 1810 3143 1863 demonstrare
3174 1816 3333 1878 queat
3370 1806 3513 1874 quod

1894 1911 2179 1955 recreatus
2231 1902 2302 1956 sit
2332 1901 2399 1956 ad
2434 1903 2726 1972 imaginem
2751 1902 2871 1973 ejus
2904 1902 2996 1969 qui
3029 1916 3088 1956 se
3116 1900 3385 1955 condidit.
3418 1898 3515 1953 νει

1884 1991 2042 2045 aliter
2076 2012 2091 2045 :
2122 2008 2223 2063 per
2242 1993 2506 2047 annulum
2535 1994 2807 2064 intelliges
2840 1993 3204 2047 arrhabouem
3225 1991 3463 2063 Spiritus
3496 2008 3513 2047 :

1886 2095 1943 2137 ut
1977 2086 2211 2155 exempli
2261 2090 2437 2157 gratia
2492 2088 2624 2157 quid
2687 2088 2887 2152 dicam,
2925 2088 3066 2142 Deus
3110 2087 3512 2155 perfectissima

1885 2178 2025 2232 bona
2086 2190 2215 2233 tunc.
2274 2181 2389 2239 dat,
2449 2182 2671 2251 quando
2722 2196 2908 2235 eorum
2961 2191 3175 2250 tempus
3210 2179 3417 2234 fuerit:
3458 2187 3518 2233 et

1886 2286 2029 2326 nunc
2080 2272 2441 2328 uteredibilia
2500 2275 2630 2337 sint,
2665 2273 2756 2326 illa
2797 2274 2955 2327 nobis
3003 2274 3095 2327 dat
3142 2274 3508 2329 charismata.

1887 2375 1946 2418 ut
1978 2365 2346 2420 arrhabouem
2384 2365 2690 2420 futurorum
2724 2386 2739 2421 :
2766 2376 2820 2421 et
2843 2367 2963 2420 aliis
2995 2370 3195 2419 donum
3251 2366 3512 2432 operandi

1886 2460 2180 2522 miracula,
2212 2459 2338 2514 aliis
2371 2461 2623 2521 docendi,
2664 2461 2786 2515 aliis
2828 2475 2959 2515 vero
2989 2460 3135 2515 aliud
3164 2458 3516 2532 mquid-

1890 2552 2019 2606 dam
2062 2561 2313 2607 :eteum
2376 2551 2464 2607 illa
2525 2554 2879 2622 suscipimus,
2940 2553 3170 2608 llrmiter
3220 2562 3275 2607 et
3331 2553 3514 2620 perle-

1886 2646 2061 2697 ctiora
2120 2654 2499 2711 expectamus.
2556 2644 2620 2697 Et
2667 2644 2882 2699 calceos
2912 2645 2980 2698 ad
3009 2645 3197 2714 pedes,
3241 2651 3299 2697 ut
3329 2652 3517 2697 custo-

1883 2737 2107 2790 diantur
2139 2752 2168 2789 a
2224 2737 2477 2806 scorpiis,
2538 2740 2782 2807 peccatis
2827 2737 3043 2793 scilicet
3072 2753 3194 2807 quae
3249 2738 3508 2792 videnlur

1885 2844 2050 2899 parva
2086 2837 2139 2882 et
2170 2830 2409 2896 occulta,
2441 2831 2583 2885 sicut
2617 2830 2833 2886 diccbat
2864 2831 3057 2893 David,
3082 2840 3326 2883 attamen
3360 2846 3512 2885 mor-

1886 2923 2065 2978 til'eris
2100 2935 2154 2978 et
2198 2924 2333 2994 ipsis
2368 2941 2382 2978 :
2418 2934 2583 2993 atque
2610 2924 2777 2978 etiam
2831 2941 2859 2977 a
2893 2925 3268 2993 serpentibus,
3302 2924 3354 2977 id
3405 2934 3508 2983 est.

1884 3016 2124 3083 peccatis
2145 3032 2265 3085 quae
2301 3018 2588 3071 manifeste
2611 3031 2811 3071 nocere
2840 3027 3159 3071 Cen8entur.
3188 3014 3283 3072 Vel
3316 3016 3503 3072 aliter:

1884 3108 2252 3162 calceamenta
2278 3100 2489 3163 'dautur
2518 3109 2565 3164 ei
2593 3112 2685 3179 qui
2721 3111 2955 3180 primam
2994 3110 3194 3163 stolam
3224 3120 3513 3165 assecutus
3582 3170 3583 3173 η

1884 3213 1988 3263 est,
2023 3202 2256 3258 faciente
2302 3204 2409 3258 Deo
2440 3218 2564 3257 eum
2607 3215 2793 3272 aptum
2827 3212 2885 3255 ut
2930 3204 3218 3257 annuutiet
3259 3203 3515 3272 Evange-

1890 3295 2045 3359 Iiutn,
2101 3305 2266 3364 atque
2300 3296 2423 3349 aliis
2484 3294 2680 3362 prosit.
2742 3295 3042 3349 Christiani
3080 3296 3227 3350 enim
3258 3306 3341 3349 est
3383 3312 3500 3364 pro~

1866 3379 2051 3442 ’ἀι-διο
2120 3389 2393 3455 proximo.
2451 3385 2668 3441 Vitulus
2734 3389 3019 3457 saginatus
3075 3403 3180 3441 non
3225 3389 3511 3457 ignoratur

1888 3483 2013 3552 quis
2050 3482 2144 3547 sit,
2178 3483 2269 3552 qui
2325 3483 2646 3536 immolatur
2675 3491 2730 3535 et
2766 3482 3094 3536 comeditur.
3131 3482 3269 3534 Nam
3306 3491 3391 3535 cst
3418 3496 3512 3535 νοω

1890 3591 1980 3629 rus
2034 3574 2203 3630 Filius
2237 3574 2353 3638 Dei,
2390 3583 2441 3628 et
2486 3574 2555 3627 ita
2594 3574 2759 3628 homo
2786 3575 2880 3644 qui
2916 3591 3150 3629 carnem
3185 3575 3508 3642 assumpsit,

1889 3678 2077 3721 natura
2135 3666 2589 3729 irrationabilem,
2635 3676 2690 3719 et
2744 3666 2987 3733 brutam,
3036 3666 3295 3735 illamque
3326 3668 3510 3721 divino

1887 3760 2095 3813 honore
2125 3757 2372 3826 implevit
2416 3776 2427 3810 :
2461 3767 2515 3809 et
2542 3760 2870 3810 secundum'
2899 3756 3006 3810 hoc
3039 3756 3241 3810 vitulus
3284 3756 3509 3819 dicitur,

1887 3868 1995 3906 non
2046 3851 2190 3905 enim
2228 3859 2487 3917 expertus
2527 3846 2816 3917 estjugum
2834 3849 2965 3919 legis
3002 3850 3211 3917 peccati
3245 3863 3259 3912 ;
3289 3849 3511 3917 sagina.

1888 3954 1976 3998 tus
2008 3959 2163 4008 vero,
2194 3943 2496 3997 secundum
2532 3942 2678 4011 quod
2724 3941 2789 3994 ad
2848 3942 2951 3995 hoc
3008 3941 3328 4012 mysterium
3361 3942 3510 3994 ordi-

1888 4042 2049 4086 natus
2102 4044 2187 4087 est
2240 4042 2369 4087 ante
2423 4032 2871 4086 constitutionem
2905 4034 3117 4086 mundi.
3146 4032 3213 4085 Et
3252 4031 3509 4086 fortassis

1885 4126 2153 4181 curiosius
2197 4124 2470 4179 videbitur
2499 4125 2543 4179 si
2579 4124 2817 4189 dicatur,
2868 4126 3090 4179 dicetur
3132 4134 3336 4179 tamen.
3367 4126 3508 4191 Quia

1886 4217 2040 4285 panis
2066 4230 2229 4285 quem
2273 4215 2598 4285 frangimus,
2637 4216 2939 4269 secundum
2975 4216 3026 4269 id
3074 4217 3218 4285 quod
3256 4226 3506 4281 apparet,

1885 4323 1949 4361 ex
1993 4308 2176 4362 tritico
2204 4308 2487 4362 confectus
2519 4320 2621 4374 est,
2652 4310 2956 4378 saginatus,
3003 4317 3078 4374 et,
3118 4320 3177 4361 ut
3210 4308 3384 4363 Grmci
3422 4312 3511 4361 di-

1885 4416 2045 4468 cunt,
2105 4404 2375 4470 σιτευτὸς,
2406 4403 2682 4458 frumento
2713 4414 2902 4473 pastus
2950 4404 3213 4458 dicendus
3244 4415 3351 4459 est.
3404 4405 3507 4458 Sc-

1885 4499 2124 4551 cuudum
2160 4499 2263 4550 hoc
2299 4506 2483 4551 autem
2515 4498 2659 4565 quod
2689 4512 2784 4566 per
2817 4497 2968 4550 illmn
3002 4496 3325 4567 intelligitur
3358 4496 3504 4565 quod

162 4589 506 4658 φαινόμενον
548 4586 671 4655 μὲν,
719 4586 784 4639 ὲκ
820 4586 972 4639 σίτου
1022 4583 1317 4648 συνεστὼς,
1372 4583 1619 4646 σιτευτὸς
1671 4584 1776 4652 ρηη

1889 4601 2013 4640 caro
2062 4598 2162 4649 est,
2222 4584 2423 4639 vitulus
2478 4586 2657 4639 dictus
2682 4592 2789 4639 est.
2834 4584 3037 4653 Etipse
3070 4597 3152 4639 est
3190 4585 3415 4643 vitulus.
3450 4596 3508 4641 et

162 4682 333 4750 θείη·
378 4678 523 4732 κατὰ
569 4679 631 4731 τὸ
676 4677 971 4749 νοούμενον
1023 4677 1080 4730 δὲ
1124 4677 1264 4747 σὰρξ
1322 4674 1420 4740 ὢν,
1458 4676 1661 4747 μόσχος
1713 4676 1781 4728 ἂν

159 4774 414 4845 λεχθείη.
454 4773 564 4826 Καὶ
589 4774 616 4827 6
644 4772 808 4836 αὑτός
840 4772 959 4825 ἐστι
983 4770 1209 4841 μόσχος,
1234 4772 1335 4845 καὶ
1367 4771 1635 4833 σιτευτός,
1666 4772 1781 4833 Πᾶς

160 4844 262 4922 οὖν
297 4865 729 4937 βαπτιζόμενος,
776 4864 874 4917 καὶ
904 4864 1019 4928 υίὸς
1051 4863 1191 4917 Θεοῦ
1230 4844 1542 4933 γινόμενος,
1572 4863 1779 4932 μᾶλλον

159 4962 217 5013 δὲ
253 4956 807 5026 ἀποκαθιστάμενος,
840 4955 938 5008 καὶ
968 4954 1157 5017 ἁπλῶς
1176 4956 1284 5017 πᾶς
1310 4956 1338 5007 6
1362 4952 1477 5007 ἀπὸ
1498 4953 1778 5023 ἁμαρτίας

158 5050 636 5121 καθαριςόμενος,
696 5048 791 5101 τοῦ
856 5048 1063 5118 μόσχου
1121 5046 1315 5101 τούτου
1375 5046 1470 5101 τοῦ
1529 5046 1779 5099 σιτευτοῦ

160 5145 448 5207 κοινωνεῖ,
484 5143 577 5196 καὶ
609 5140 952 5210 εὐφροσύνης
991 5141 1165 5204 αἴτιος
1198 5140 1292 5193 καὶ
1335 5139 1412 5209 τῷ
1450 5139 1650 5208 Πατρὶ,
1686 5139 1781 5192 καὶ

157 5240 275 5301 τοῖς
307 5232 528 5298 δούλοις
555 5234 723 5287 αὑτοῦ
770 5232 1121 5297 καθίσταται,
1158 5232 1416 5302 ἀγγέλοις
1456 5233 1551 5285 καὶ
1593 5232 1777 5303 ἱερεῦ-

158 5349 252 5384 σιν
298 5331 384 5392 ὡς
431 5328 496 5380 ἐκ
526 5328 856 5398 νεκρώσεως
903 5326 1208 5398 ἁναςήσας,
1246 5326 1342 5379 καὶ
1392 5326 1454 5391 ἐξ
1495 5326 1777 5390 ἀπωλείας

156 5421 420 5493 εὑρεθείς
440 5435 458 5453 ο
493 5420 619 5473 ὅσον
660 5420 759 5488 μὲν
809 5420 921 5487 γὰρ
975 5403 1068 5471 ἐπὶ
1096 5421 1162 5487 τῇ
1190 5418 1292 5487 τῆς
1324 5418 1525 5481 κακίας
1549 5435 1775 5488 περιου-

158 5514 256 5584 σία
292 5514 498 5580 νεκρὸς
526 5507 617 5582 ἦν,
662 5511 1091 5580 ἀπεγνωσμένος
1126 5510 1333 5581 δηλαδή
1357 5527 1370 5541 ο
1423 5511 1549 5564 ὅσον
1586 5510 1644 5564 δὲ
1676 5509 1769 5564 ἐπὶ

149 5610 224 5677 τῇ
282 5604 617 5675 ἀνθρωπίνη
664 5602 827 5672 φύσει
884 5604 950 5673 τῇ
1004 5606 1254 5671 τρεπτῇ,
1297 5602 1390 5655 καὶ
1440 5604 1507 5654 ὲκ
1556 5602 1756 5666 κακίας

1895 4681 2199 4749 saginatus.
2237 4676 2428 4733 Omnis
2482 4676 2645 4745 igitur
2670 4678 2762 4747 qui
2794 4678 3125 4745 baptizatur,
3154 4686 3209 4729 et
3238 4677 3381 4730 lilius
3412 4675 3508 4731 Dei

1896 4770 2148 4833 ellicitur,
2202 4770 2313 4825 imo
2340 4770 2671 4834 restituitur,
2720 4782 2775 4824 et
2800 4771 2851 4823 in
2882 4784 3091 4823 summa
3129 4770 3309 4823 ontuis
3347 4770 3437 4839 qui
3476 4785 3510 4823 ο

1894 4873 2123 4932 peccato
2177 4871 2442 4933 purgatur
2484 4862 2758 4930 particeps
2825 4861 2885 4916 iit
2938 4862 3175 4930 saginati
3226 4861 3375 4917 illius
3408 4862 3506 4917 Vi-

1896 4956 2015 5021 tuli,
2044 4964 2100 5009 et
2135 4955 2336 5011 laetitiae
2374 4966 2567 5010 auctor
2598 4954 2656 5008 tit
2689 4952 2837 5008 Patri
2886 4967 2941 5008 et
2974 4956 3146 5009 servis
3170 4954 3309 5023 ejus,
3344 4969 3512 5025 ange-

1882 5049 1956 5102 lis
1980 5058 2036 5103 et
2085 5045 2490 5111 sacerdotibus,
2526 5056 2785 5115 tanquam
2837 5062 2904 5101 ex
2939 5056 3113 5099 morte
3166 5048 3507 5100 resurrexiso

1883 5152 1989 5205 set,
2023 5150 2077 5195 et
2108 5150 2229 5210 post
2250 5138 2613 5210 perditionem
2645 5138 2843 5194 fuisset
2875 5136 3303 5193 inventus.Natu
3325 5153 3507 5208 quan-

1884 5245 1997 5288 tum
2036 5233 2103 5287 ad
2141 5234 2364 5288 malitia
2393 5232 2783 5287 abundantiam
2825 5241 3071 5287 mortuus
3093 5242 3234 5296 erat,
3283 5244 3337 5286 et
3372 5235 3501 5288 des--

1880 5338 2134 5397 peratus:
2191 5335 2458 5396 quantum
2496 5341 2624 5380 vero
2652 5328 2719 5381 ad
2745 5326 3040 5380 lmmanam
3074 5336 3352 5389 naturam,
3381 5339 3503 5393 qua:

1880 5417 2150 5473 vertibilis
2202 5427 2286 5472 est
2336 5428 2389 5471 et
2432 5417 2929 5472 valetamahtiaad
2965 5417 3220 5469 virtutem
3265 5416 3497 5482 ingredi,

1882 5510 2125 5581 perditus
2154 5510 2378 5566 dicitur.
2417 5509 2666 5565 Perditus
2689 5510 2834 5563 enim
2864 5510 3049 5565 mitius
3084 5511 3311 5571 dicitur.
3335 5525 3504 5580 quam

1886 5612 2157 5656 IIIONUUS.

154 5700 447 5765 δυναμένη
477 5696 557 5757 είς
606 5694 807 5764 ἀρετὴν
870 5696 1225 5759 μεταπεσεῖν,
1249 5693 1549 5756 ἀπολωλὼς
1572 5693 1818 5762 λέγεταιο
1856 5695 1883 5747 ὁ
1916 5694 2027 5761 γὰρ
2063 5692 2363 5756 ἀπολωλὼς
2396 5694 2791 5765 μετριώτερον,
2824 5696 2857 5766 ἢ
2890 5696 2919 5749 6
2946 5696 3161 5766 νεκρός.

237 5814 255 5845 ι
302 5789 420 5843 Ἷίν
448 5789 505 5841 δὲ
539 5790 567 5839 ὁ
609 5790 720 5850 υἱός
767 5788 934 5841 αὑτοῦ
990 5788 1017 5839 6
1066 5787 1440 5858 πρεσϐύτερος
1492 5788 1549 5840 ἐν
1589 5787 1766 5857 ἀγρῷ,

207 5890 253 5936 τί,
281 5887 361 5947 ιῑις
393 5881 687 5950 ἓςλιχόιιε-,ις
715 5882 907 5946 ἧχι-(ιη
940 5884 1000 5947 τῇ
1028 5880 1196 5949 οἰκίᾳ,
1223 5880 1421 5946 ἤκουσε
1452 5881 1773 5950 συίιιξινινίσις

1959 5784 2118 5839 Vsus.
2179 5785 2377 5840 ﬂii-52.
2418 5808 2434 5837 ι
2470 5788 2605 5841 Erat
2654 5800 2836 5842 autem
2874 5789 3016 5841 [ilius
3071 5788 3194 5857 ejus
3226 5792 3415 5844 senior
3443 5794 3498 5849 in

1896 5896 2047 5949 agro,
2100 5889 2153 5933 et
2202 5896 2327 5934 eum
2382 5881 2588 5937 veniret.
2628 5891 2681 5939 ct
2736 5885 3228 5953 appropinquasset
3284 5888 3495 5947 donni,
