4048 6534
212 514 319 585 9.5

940 509 1391 577 ENARBATIO
1432 509 1513 573 ΙΝ
1558 507 2062 572 EVANGELIUM
2096 508 2312 573 LUCiﬂ
2358 511 2611 574 —CAP-
2640 510 2795 573 XVI.

3444 513 3550 581 966

204 625 671 699 ταχειριζόμενοι,
691 622 807 677 ἀλλ’
826 622 909 686 εἰς
936 621 1149 685 οἰκείας
1197 618 1481 681 σπατάλας
1506 619 1622 681 τοῖς
1651 614 1822 669 δοθεῖ-

1934 616 2252 673 Dominiest
2288 619 2432 674 dalis
2482 619 2558 675 Illi
2590 618 2642 673 in
2703 635 2835 675 usus
2868 635 3287 689 conservorum,
3324 639 3430 679 non
3494 629 3552 683 in

208 738 302 774 σιν
350 717 769 791 ἀποχρώμενοι,
825 714 1250 785 διαϐεϐλημένοι
1306 714 1475 783 ισμὲν
1525 709 1825 781 οἰκονόμοι.

204 812 383 880 Βούλη
392 829 470 881 μα
495 810 605 882 γὰρ
635 808 730 863 τοῦ
756 807 1032 862 Δεσπότου
1056 806 1173 859 ἐστὶ
1197 804 1437 877 χρᾶσθαι
1464 805 1574 863 τοῖς
1597 802 1830 855 δοθεῖσιν

205 906 288 967 εἰς
327 904 425 968 τὰς
458 904 569 958 τῶν
604 901 922 973 ὁμοδούλων
951 900 1165 972 χρείας,
1200 899 1301 951 οὐκ
1332 900 1413 961 εἰς
1442 897 1653 958 οἰκείας
1688 910 1824 964 τρυ-

212 997 345 1067 φάς’
400 996 820 1067 διασαλλόμενοι
875 994 933 1048 δὲ
988 994 1085 1047 καὶ
1139 992 1429 1062 μέλλοντες
1464 986 1825 1059 μεθίστασθαι

203 1094 304 1163 τῆς
333 1092 649 1163 οἰκονομίας
677 1092 789 1145 τῶν
840 1090 1167 1162 χρημάτων,
1202 1087 1325 1157 ἦτοι
1353 1083 1450 1139 τοῦ
1489 1083 1607 1155 βίου
1632 1084 1825 1137 τούτου

206 1183 608 1248 ἐκκόπτεσθαι,
672 1183 762 1237 ὅτε
821 1179 1027 1252 δηλαδὴ
1074 1179 1171 1233 καὶ⁸
1220 1178 1382 1244 λόγον
1424 1174 1675 1245 δώσομεν
1724 1174 1826 1244 τῆς

206 1276 527 1346 οἰκονομίας
573 1275 711 1344 μετὰ
736 1273 835 1345 τὴν
868 1271 1082 1337 ἐνθένδε
1116 1270 1475 1341 μετάστασιν,
1508 1267 1605 1320 ἐὰν
1634 1266 1827 1338 φρόνι-

208 1387 301 1440 μοι
342 1362 520 1440 ὦμεν,
554 1363 1008 1437 ὲπαισθανόμεθα
1037 1364 1137 1433 ὀψὲ
1166 1361 1302 1431 γοῦν
1341 1359 1439 1414 τοῦ
1466 1359 1705 1423 δέοντος,
1730 1358 1827 1411 καὶ

206 1461 478 1532 ποιοῦμεν
518 1462 653 1533 ημῖν
701 1460 917 1521 ἑαυτοῖς
954 1457 1145 1526 φίλους
1194 1457 1260 1508 ὲκ
1312 1453 1423 1507 τῶν
1465 1453 1565 1524 τῆς
1599 1451 1825 1515 ἀδικίας

208 1554 544 1627 χρημάτων·
585 1551 801 1613 ἀδικίας
832 1550 887 1604 δὲ
911 1550 1176 1621 χρήματα
1212 1549 1396 1601 ἐκεῖνα
1427 1544 1821 1617 ὀνομάζονται,

202 1648 311 1702 ὅσα
355 1650 382 1702 ὁ
426 1647 526 1717 μὲν
561 1646 769 1719 Κύριος
800 1644 1037 1699 δέδωκεν
1078 1640 1474 1696 ἀναλίσκεσθαι
1502 1640 1584 1702 εἰς
1630 1639 1824 1710 χρείας

202 1739 317 1794 τῶν
352 1738 623 1809 ἀδελφῶν,
658 1740 753 1792 καὶ
789 1734 1125 1807 ὁμοδούλων,
1171 1735 1340 1805 ἡμεῖς
1385 1732 1441 1786 δὲ
1473 1734 1689 1795 ἑαυτοῖς
1720 1747 1827 1784 πα-

205 1833 651 1903 ρακατέσχομεν.
714 1828 862 1882 Ἀλλ’
904 1827 1003 1897 ὀψὲ
1054 1825 1189 1894 γοῦν
1235 1823 1687 1896 συναισθώμεθα,
1723 1824 1820 1876 ποῖ

203 1922 517 1995 φερόμεθα,
554 1926 651 1976 καὶ
682 1922 763 1975 ὅτι
794 1923 852 1976 ὲν
886 1922 954 1991 τῇ
991 1920 1177 1990 ἡμέρᾳ
1210 1916 1398 1989 ἐκείνῃ
1426 1913 1551 1969 οὔτε
1584 1914 1821 1986 κάμνειν

1935 712 2185 780 proprias
2210 710 2484 765 delicias:
2533 727 2701 781 porro
2749 711 2843 782 qui
2890 724 3227 769 accusantur
3276 723 3333 772 et
3373 702 3549 774 desti-

1934 810 2210 857 tuuntura
2243 804 2656 873 dispensatione
2710 806 3052 873 divitiarum,
3082 809 3137 864 hi
3175 820 3304 865 sunt
3333 812 3426 881 qui
3476 828 3545 869 es

1933 894 2037 951 hac
2062 897 2170 950 vita
2193 898 2493 967 emigrant,
2542 898 2763 967 quando
2789 900 2999 956 scilicet
3026 913 3082 957 et
3115 904 3384 961 rationem
3451 907 3550 962 dac

1932 985 2111 1039 bimus
2138 986 2206 1041 de
2230 988 2665 1058 dispensatione,
2698 1006 2821 1046 cuni
2858 994 3102 1049 destituti
3154 995 3443 1055 fuerimus.
3488 999 3549 1055 Si

1932 1076 2117 1147 itaque
2148 1078 2447 1147 prudentes
2470 1095 2741 1147 essemus,
2765 1083 2850 1139 vel
2882 1086 3036 1141 tarde
3060 1088 3394 1146 sentiremus
3410 1093 3544 1164 quid

1933 1165 2085 1222 facto
2125 1183 2291 1239 opus,
2326 1180 2381 1223 et
2428 1170 2738 1227 iaceremus
2771 1174 2927 1230 nobis
2982 1178 3190 1232 amicos
3217 1193 3283 1233 ex
3337 1180 3547 1237 divitiis

1932 1263 2237 1333 iniustitiae.
2322 1265 2592 1321 Dicuntur
2655 1277 2838 1323 autem
2916 1270 3124 1327 divitia:
3213 1274 3548 1345 iniustitiae,

1930 1371 2071 1425 quas
2121 1357 2280 1413 nobis
2311 1356 2576 1414 Dominus
2622 1359 2680 1415 in
2750 1368 2881 1417 usus
2931 1361 3165 1419 fratrum
3230 1376 3281 1421 et
3312 1375 3556 1424 conser-'

1928 1466 2121 1504 vnrum
2160 1452 2516 1506 insumendas
2556 1452 2725 1520 dedit,
2782 1468 2883 1509 nos
2938 1466 3121 1511 autem
3180 1458 3338 1514 nobis
3364 1459 3538 1531 depo-

1928 1544 2063 1599 sitas
2130 1555 2398 1601 tenemus.
2452 1544 2651 1602 Verum
2712 1547 2795 1602 vcl
2844 1548 3001 1605 tarde
3075 1552 3383 1609 sentiamus
3437 1571 3545 1625 quo

1928 1637 2196 1706 feramur,
2231 1650 2280 1694 et
2307 1641 2451 1708 quod
2478 1656 2602 1695 cum
2631 1642 2749 1697 dies
2773 1642 2861 1697 illa
2882 1645 3118 1711 venerit,
3151 1661 3328 1715 neque
3384 1647 3543 1703 labo-

1928 1747 2051 1786 rare
2107 1733 2436 1803 poterimus.
2475 1733 2595 1789 Non
2630 1736 2777 1791 enim
2812 1747 2940 1793 tunc
2968 1739 3075 1793 erit
3101 1740 3362 1809 Operandi
3409 1750 3548 1796 tem-

1927 1842 2050 1897 pus,
2116 1843 2294 1898 neque
2320 1841 2447 1883 tunc
2480 1830 2772 1886 honestum
2835 1832 2942 1888 erit
2980 1835 3331 1890 mendicare:
3366 1836 3547 1890 stultae

1926 1924 2071 1976 enim
2107 1922 2344 1993 virgines
2370 1924 2767 1996 dicunturquaa
2820 1928 3129 1983 mendicant
3157 1946 3171 1984 :
3196 1930 3329 1998 quid
3378 1931 3545 2000 igitur

200 2016 488 2087 δυνάμεθα
514 2032 530 2048 ·
557 2014 825 2087 ἐργασίας
856 2014 966 2085 γὰρ
997 2011 1097 2063 οὐκ
1127 2009 1245 2062 ἐστι
1295 2008 1420 2062 τότε
1450 2008 1665 2078 καιρός·
1697 2005 1823 2059 οὕτε

1934 2014 2226 2084 reliquum,
2264 2030 2427 2085 quam
2463 2026 2521 2070 ut
2552 2016 2748 2073 harum
2775 2019 3091 2074 divitiarum
3118 2019 3317 2076 fratres
3373 1999 3543 2093 parti-

201 2112 459 2165 ὲπαιτεῖν
485 2108 799 2180 εὐπρεπές·
834 2105 1018 2177 μωραὶ
1048 2104 1159 2173 γὰρ
1194 2103 1253 2154 αἰ
1283 2099 1546 2173 παρθένοι
1580 2101 1636 2153 αἰ
1664 2102 1823 2153 ἐπαι-

202 2206 453 2275 τήσασαι
482 2201 872 2273 ὀνομάζονται.
902 2197 970 2250 Τί
1001 2196 1184 2250 τοίνυν
1230 2193 1458 2259 λοιπόνς
1498 2194 1573 2246 Τὸ
1605 2206 1823 2264 συμμε-

208 2297 407 2369 ριστὰς
433 2293 661 2365 ποιῆσαι
682 2294 792 2347 τῶν
816 2291 1120 2364 χρημάτων
1140 2288 1351 2343 τούτων
1373 2289 1503 2351 τοὺς
1530 2286 1818 2356 ἀδελφοὺς,

204 2389 280 2443 ἵν’
304 2390 436 2443 ὅταν
456 2387 772 2457 ικλίπωμεν
799 2383 1075 2448 ἐντεῦθεν,
1099 2382 1409 2445 τουτέστιν,
1437 2380 1547 2434 ἀπὸ
1580 2379 1676 2434 τοῦ
1704 2378 1822 2450 βίου

204 2484 403 2539 τούτου
435 2481 838 2553 ἀναχωρῶμεν,
878 2479 1144 2546 δέξωνται
1166 2477 1316 2549 ἡμᾶς
1361 2475 1410 2528 οί
1469 2475 1704 2544 πένητες
1743 2472 1825 2534 εἰς

201 2577 309 2639 τὰς
335 2573 589 2637 αἰωνίους
621 2572 849 2643 σκηνάς·
877 2573 989 2633 τοῖς
1014 2570 1124 2639 γὰρ
1145 2572 1203 2623 ὲν
1239 2566 1466 2640 Χριστῷ
1497 2566 1729 2635 πένησιν
1757 2565 1812 2616 αἱ

204 2668 433 2723 αἰώνιαι
468 2667 668 2737 σκηναὶ
685 2662 1193 2735 ἀπεκληρώθησαν,
1232 2661 1315 2725 εὶς
1348 2659 1416 2724 ἃς
1446 2658 1705 2712 δύνανται
1728 2657 1821 2709 δέ-

204 2760 412 2829 ξασθαι
422 2760 548 2822 τοὺς
563 2756 802 2811 ἐνταῦθα
817 2758 1000 2823 αὐτοῖς
1019 2755 1379 2825 φιλιάσαντας
1400 2752 1488 2806 διὰ
1507 2752 1608 2821 τῆς
1626 2751 1827 2815 δόσεως

205 2858 324 2910 τῶν
358 2830 685 2925 χρημάτων,
720 2850 759 2905 ἀ
795 2849 1115 2903 Δεσποτικά
1142 2847 1274 2901 ὄντα
1308 2850 1422 2911 τοῖς
1461 2847 1690 2916 πένησιν
1720 2844 1829 2898 ἔδει

205 2952 269 3017 ἐξ
300 2948 478 3020 ἀρχῆς
515 2944 759 3015 δοθῆναι.
795 2936 959 2997 Οὗτοι
989 2940 1099 3011 γὰρ
1130 2940 1182 2992 οί
1230 2938 1509 3011 χρεῶσται
1566 2938 1708 2991 κατὰ
1754 2938 1817 2990 τὸ

202 3042 529 3111 εἰρημένονο
552 3054 571 3089 t
608 3035 781 3106 Ὅλην
796 3034 896 3105 τὴν
912 3033 1128 3104 ἡμέραν
1157 3032 1317 3095 ἐλεεῖ,
1340 3031 1434 3085 καὶ
1461 3030 1697 3093 δανείζει
1714 3029 1831 3082 ὁδί-

203 3150 389 3196 καιος’
406 3151 423 3184 ι
449 3132 548 3186 καὶ
570 3129 754 3183 πάλιν
798 3145 816 3179 t
853 3128 915 3181 '0
940 3127 1107 3180 ἐλεῶν
1133 3125 1351 3195 πτωχὸν
1384 3124 1621 3187 δανείζει
1642 3123 1780 3193 Θεῴ.
1804 3142 1822 3175 ι

209 3227 365 3281 Ἔδει
423 3225 524 3295 μὲν
572 3219 667 3276 οὖν
720 3218 1154 3291 προηγουμένως
1197 3217 1377 3270 πάρτα
1433 3216 1656 3285 δοθῆναι
1710 3215 1825 3276 τοῖς

206 3317 405 3383 καλοῖς
434 3314 648 3375 τούτοις
679 3312 1111 3383 χρεωφειλέταις
1136 3311 1250 3372 τοῖς
1282 3305 1827 3361 ἑκατονταπλασίονα

206 3408 553 3466 ἀποδιδοῦσι.
601 3407 751 3475 Πλὴν
799 3405 922 3457 ἐπεὶ
970 3402 1250 3472 οἰκονόμοι
1289 3402 1391 3469 τῆς
1431 3400 1647 3462 ἀδικίας
1678 3399 1827 3468 εὑρι⁹

210 3503 491 3571 σκόμεθα,
544 3500 749 3563 ἀδίκως
794 3498 1278 3569 παρακατέχοντες
1311 3496 1347 3550 ἃ.
1400 3494 1582 3555 ἄλλοις
1616 3490 1829 3562 ἀφώρι-

207 3616 362 3663 σται,
393 3598 469 3668 μὴ
494 3597 671 3666 πάντη
708 3593 974 3666 μενητέον
1005 3592 1063 3644 ὲν
1107 3589 1282 3662 ταύτῃ
1328 3591 1395 3659 τῇ
1429 3586 1825 3657 ἀπανθρωπίᾳ,

207 3693 352 3746 ἀλλά
390 3689 716 3761 μεταδοτέον
760 3690 873 3751 τοῖς
903 3686 1156 3759 πένησιν,
1188 3685 1276 3737 ἵνα
1310 3684 1440 3753 παρ’
1471 3681 1652 3741 αὐτῶν
1686 3681 1824 3735 ύπο-

196 3784 498 3855 δεχθῶμεν
526 3784 606 3845 είς
629 3782 731 3844 τὰς
751 3780 1007 3843 αἰωνίους
1034 3777 1264 3847 σκηνάς.
1285 3776 1475 3839 Οὕτως
1504 3770 1597 3827 οὖν
1619 3774 1829 3842 ἐκλαμ-

202 3877 470 3939 ϐάνουσιν
498 3875 630 3945 ἡμῖν
647 3872 745 3943 τὴν
763 3870 1099 3942 παραόολὴν,
1117 3869 1267 3922 οὒδὲν
1302 3867 1581 3937 περιτ.δν,
1605 3866 1637 3936 ἢ
1674 3863 1829 3934 περί-

202 3966 457 4042 quemn
489 3965 998 4039 ὀνειροκριτκὶντῇ
1031 3962 1292 4031 ἐξηγήσει
1320 3961 1644 4031 ἀπαντήσει.
1674 3960 1835 4012 Δοκεῖ

202 4062 273 4120 δι
294 4060 587 4116 ἀλλόκοτόν
616 4077 670 4113 τι
702 4057 992 4129 σημαίνειν
1016 4057 1078 4109 τό
1103 4071 1117 4088 ο
1145 4054 1265 4109 Υἱοὶ
1288 4053 1383 4108 τοῦ
1412 4053 1608 4115 αἰῶνος
1635 4055 1827 4105 τούτου

206 4154 627 4228 φρονιμώτεροι
654 4154 786 4215 εἰσι,
816 4152 913 4205 καὶ
942 4154 1011 4204 τὰ
1037 4148 1190 4220 ἑξῆς.
1222 4148 1337 4202 Ούκ
1368 4148 1485 4200 ἐστι
1524 4146 1583 4199 δὲ
1613 4146 1828 4198 δυσπα-

209 4247 647 4324 ρακολούθητον,
697 4245 730 4317 ἢ
782 4244 1011 4309 ξενίζον.
1061 4241 1227 4305 Υίοὺς
1288 4242 1399 4312 γὰρ
1444 4239 1641 4303 αἰῶνός
1694 4255 1828 4309 φησι

206 4346 435 4409 τούτου,
493 4341 620 4403 τοὺς
671 4339 1096 4407 ἑπινοουμένους
1154 4338 1337 4390 πάντα
1387 4335 1457 4388 τὰ
1520 4336 1578 4387 ὲν
1630 4336 1698 4404 τῇ
1754 4336 1825 4405 γῇ

207 4440 406 4500 αὐτοῖς
446 4430 859 4487 λυσιτελοῦνταο
899 4431 1047 4493 υἱοὺς
1078 4430 1136 4482 δὲ
1181 4428 1385 4493 φωτὸς,
1428 4427 1828 4495 τοὺςυόφείλονσ

207 4547 318 4591 τας
348 4529 441 4581 τὶν
474 4523 849 4595 πνευματικὸν
892 4520 1125 4575 πλοῦτον
1177 4519 1663 4591 μεταχειρίζεσθαι
1711 4520 1828 4572 θεο-

212 4620 418 4693 φιλῶς.
459 4618 634 4671 Τοῦτο
670 4613 766 4671 οὖν
805 4616 978 4686 λέγει,
1021 4616 1105 4667 ὃτι
1132 4614 1198 4667 Ol
1236 4612 1516 4684 ἄνθρωποι
1550 4630 1577 4665 ο
1603 4612 1827 4683 κονόμοι

1929 2109 2081 2177 cipes
2110 2106 2404 2176 faciamus,
2435 2119 2494 2164 ut
2539 2112 2758 2180 quando
2806 2111 2935 2167 hinc
2995 2112 3384 2177 delc-serimus.
3438 2118 3541 2172 hoc

1928 2211 2013 2255 est
2071 2216 2140 2255 ex
2166 2201 2268 2256 hac
2285 2203 2394 2255 vita
2415 2204 2837 2268 excesserimus,
2866 2206 3142 2275 accipiant
3189 2222 3288 2261 nos
3328 2224 3535 2278 paupe-

1929 2306 2017 2346 res
2035 2290 2088 2346 in
2106 2303 2313 2348 aeterna
2344 2294 2698 2350 tabernacula
2725 2295 3000 2352 iEterna
3015 2299 3162 2353 enim
3189 2299 3543 2355 tabernacula

1924 2386 2267 2469 pauperibus
2291 2386 2345 2442 in
2377 2386 2603 2444 Christo
2639 2391 2940 2446 constituta
2976 2402 3126 2455 sunt,
3161 2393 3214 2448 in
3245 2409 3367 2462 qurc
3416 2410 3542 2465 pos-

1931 2478 2043 2533 sint
2080 2480 2325 2549 recipere
2357 2496 2454 2536 eos
2503 2482 2597 2552 qui
2640 2482 2729 2538 hic
2791 2483 2930 2555 ipsis
2988 2486 3166 2541 amice
3237 2490 3304 2542 de
3364 2490 3543 2552 bonis.

1929 2587 2053 2643 qum
2087 2582 2214 2625 sunt
2268 2573 2573 2640 Dominica,
2608 2574 2939 2645 largiuntur.
2998 2577 3339 2649 Pauperibus
3398 2582 3544 2637 enim

1930 2662 2167 2733 primum
2212 2665 2547 2721 debebamus
2578 2668 2710 2721 dare
2745 2686 2757 2723 :
2788 2683 2915 2723 nam
2952 2670 3025 2723 illi
3056 2670 3333 2726 debitores
3392 2683 3545 2735 sunt,

1932 2759 2229 2811 secundum
2268 2758 2373 2812 hoc
2403 2760 2549 2828 quod
2578 2760 2780 2815 dictum
2814 2770 2902 2817 est
2930 2780 2943 2814 :
2984 2782 3001 2814 ι
3036 2762 3172 2818 Tota
3203 2766 3291 2821 die
3322 2770 3550 2823 miserr-

1933 2858 2019 2903 tur
2034 2858 2087 2902 et
2104 2850 2609 2918 commodatjustus
2626 2852 2727 2918 "°;
2759 2873 2778 2904 ι
2819 2863 2873 2909 et
2900 2856 3156 2919 iterum,t
3183 2857 3286 2924 Qui
3318 2861 3551 2915 misere-

1934 2951 2019 2996 tur
2050 2943 2297 3013 pauperi,
2326 2943 2609 2998 feneratnr
2642 2944 2751 2999 Deo
2784 2946 2886 3001 ".t
2922 2947 3224 3018 Oportebat
3252 2951 3417 3022 igitur
3439 2953 3551 3022 pri-

1932 3050 2080 3088 mum
2115 3034 2246 3088 dare
2306 3034 2464 3089 bouis
2524 3035 2635 3091 illis
2703 3036 3070 3106 debitoribus,
3137 3040 3229 3109 qui
3291 3042 3547 3111 centupia

1936 3126 2195 3182 reddunt.
2235 3126 2435 3181 Verum
2472 3129 2597 3198 quia
2632 3127 3046 3199 tliSpensatores
3077 3133 3361 3200 injustitite
3390 3134 3552 3188 inve-

1942 3216 2147 3283 nimur,
2178 3216 2383 3287 injuste
2424 3218 2722 3274 retinentes
2751 3235 2871 3288 quae
2912 3221 3035 3277 aliis
3097 3224 3337 3293 seposita
3396 3234 3551 3291 sunt,

1934 3322 2045 3361 non
2077 3323 2299 3379 semper
2326 3312 2655 3365 manendum
2686 3314 2793 3367 erit
2822 3314 2878 3367 in
2920 3315 3023 3370 hac
3052 3315 3399 3383 inﬁdelitate,
3451 3324 3547 3374 sed

1935 3404 2456 3457 communicandum
2486 3406 2840 3475 pauperibus,
2863 3416 2921 3462 ut
2941 3409 3010 3463 ab
3032 3411 3164 3478 ipsis
3179 3412 3552 3480 suscipiantur

1937 3496 1990 3549 in
2022 3506 2229 3550 aeterna
2262 3497 2641 3552 tabernacula.
2678 3497 2771 3553 Sic
2806 3500 2973 3569 igitur
3008 3500 3168 3556 nobis
3219 3506 3551 3573 exponenti-

1940 3587 2043 3641 bus
2076 3587 2416 3657 parabolam,
2450 3588 2585 3642 nihil
2610 3591 2693 3644 vel
2724 3590 3087 3660 superﬂuum,
3122 3596 3205 3649 vel
3242 3597 3547 3662 curiosum,

1935 3681 2021 3735 vel
2055 3681 2486 3736 somniculosum
2523 3686 2841 3738 enarranda
2880 3697 3157 3743 occurret.
3195 3686 3425 3743 Videtur
3452 3705 3550 3741 au-

1936 3781 2042 3828 tem
2070 3782 2130 3827 et
2156 3772 2391 3828 alienum
2420 3774 2679 3842 quiddant
2753 3775 3087 3845 significare,
3137 3778 3368 3834 dicens:
3425 3775 3549 3835 Filii

1937 3866 2097 3936 hujus
2130 3867 2315 3921 sa-culi
2366 3867 2754 3937 prudentiores
2812 3881 2961 3936 sunt,
3016 3880 3127 3925 etc.
3179 3870 3299 3925 Non
3364 3885 3550 3929 autem

1934 3964 2076 4015 male
2108 3961 2369 4027 colueret,
2396 3960 2835 4031 nequealienum
2870 3974 2975 4018 cst.
3008 3963 3179 4019 Filios
3207 3967 3354 4020 enim
3378 3967 3544 4035 hujus

1933 4053 2117 4108 smculi
2164 4054 2294 4108 dicit
2325 4067 2421 4108 eos
2478 4056 2569 4124 qui
2638 4055 2862 4110 laudant
2894 4059 3077 4111 ouinia
3110 4073 3233 4127 qua:
3290 4058 3343 4112 in
3404 4070 3549 4115 terra

1936 4148 2149 4201 lucrosa
2176 4158 2346 4202 sunt:
2384 4148 2524 4203 ﬁlius
2553 4165 2685 4203 vero
2709 4150 2872 4212 lucis,
2898 4165 2996 4205 eos
3059 4153 3151 4221 qui
3195 4154 3394 4207 debent
3460 4155 3551 4224 pie

1934 4239 2250 4307 spirituales
2280 4241 2505 4294 divitias
2538 4242 2971 4299 cetnmunicare.
3006 4242 3120 4298 Hoc
3171 4245 3339 4314 igitur
3370 4246 3502 4301 dicit
3530 4264 3545 4301 :

1934 4333 2197 4388 Homines
2249 4333 2506 4389 humanis
2553 4334 3053 4406 dispensationibus
3115 4338 3382 4407 praefecti,
3423 4356 3549 4395 oni-

1935 4430 2094 4484 nibus
2164 4428 2339 4484 mod-is
2387 4444 2576 4483 curam
2638 4430 2844 4483 habent
2909 4438 2963 4485 et
3001 4432 3291 4501 provident
3323 4444 3381 4487 ut
3422 4449 3546 4489 cum

1931 4520 2177 4575 destituti
2220 4520 2425 4574 luerint
2456 4537 2485 4572 a
2517 4520 2948 4590 dispensationis
2985 4537 3237 4587 munere,
3295 4525 3547 4579 consola-

1934 4616 2137 4669 tionem
2198 4614 2481 4681 habeant;
2524 4614 2615 4683 qui
2652 4626 2834 4668 autem
2878 4616 2972 4669 filii
3016 4616 3153 4671 lucis
3198 4618 3549 4685 ordinantur,

214 4721 325 4791 μὲν
379 4714 741 4786 ἀνθρωπίνων
806 4712 1131 4783 διοικήσεων
1188 4710 1584 4779 καθιστάμενοι
1643 4709 1825 4762 πάντα

1938 4710 2039 4763 hoc
2068 4719 2175 4772 εει,
2216 4708 2416 4777 quibus
2458 4707 2773 4762 concredita
2814 4721 2899 4763 ρει
2935 4710 3239 4778 spiritualis
3287 4714 3553 4779 pecunia-

209 4812 424 4885 τρόπον
457 4806 972 4881 πραγματεύονται,
1014 4807 1164 4867 ὃπως
1196 4805 1335 4874 μετὰ
1382 4804 1444 4855 τὸ
1479 4803 1823 4873 μετασταθῆ-

210 4923 311 4961 ναι
346 4905 413 4957 ὲκ
444 4902 545 4972 τῆς
591 4900 930 4971 οἰκονομίας,
983 4898 1151 4968 ἔχωσι
1198 4896 1571 4968 παρηγορίανο
1615 4895 1719 4947 υἱοὶ
1770 4894 1826 4947 δὲ

212 4998 401 5069 ςωτδς
432 4994 781 5064 ταττόμενοι,
813 4996 1089 5056 τουτέστι,
1128 4988 1513 5059 πνευματικὴν
1557 4988 1827 5057 διοίκησιν

213 5090 533 5164 χρημάτων
564 5086 979 5155 πιστευόμενοι,
1026 5083 1181 5136 οὐδὲν
1212 5081 1559 5133 ἐπινοοῦνται
1590 5079 1726 5147 πρὸς
1767 5078 1827 5131 τὸ

213 5181 582 5255 ὠφεληθῆναι
616 5180 757 5251 μετὰ
779 5179 954 5232 ταῦτα
980 5196 994 5209 ·
1029 5177 1137 5230 υἱοὶ
1164 5173 1255 5227 οὖν
1286 5172 1383 5226 τοῦ
1413 5173 1607 5235 αἰῶνος
1632 5171 1824 5224 τούτου

213 5280 276 5345 οῖ,
298 5275 654 5343 ἀνθρωπίνας
696 5271 997 5342 διοικήσεις
1048 5268 1502 5335 πεπιστευμένοι,
1537 5265 1631 5316 καὶ
1668 5266 1724 5315 ὲν
1758 5269 1822 5334 τῇ

215 5370 392 5441 γενεᾷ
424 5369 493 5437 τῇ
526 5362 763 5431 ἑαυτῶν,
796 5362 1101 5426 τουτέστιν,
1132 5358 1296 5439 ὲν,τῷ
1327 5358 1429 5429 βίῳ
1460 5356 1657 5427 τούτῳ,
1696 5374 1831 5427 φρο-

217 5462 403 5530 νίμως
428 5461 497 5510 τὰ
531 5455 654 5509 καθ’
683 5454 912 5517 εαυτοὺς
939 5450 1295 5513 διοικοῦντες.
1330 5449 1452 5502 Υἱοὶ
1479 5449 1537 5501 δὲ
1580 5448 1755 5517 φωτὸς
1784 5450 1833 5501 οἱ

217 5552 494 5625 χρήματα
546 5549 831 5618 διαδόντες,
888 5546 1031 5599 ὥστε
1080 5545 1305 5598 διοικεῖν
1357 5544 1498 5596 αύτὰ
1544 5542 1833 5610 θεοφιλῶς.

221 5644 623 5716 Εύρισκόμεθα
644 5638 739 5696 οὖν
765 5642 824 5692 ὲν
851 5640 948 5711 μὲν
976 5641 1094 5693 ταῖς
1128 5636 1499 5708 ἀνθρωπίναις
1531 5636 1831 5706 διοικήσεσι

220 5738 516 5812 φρονίμως
560 5738 631 5789 τὰ
664 5726 877 5790 ἑαυτῶν
910 5733 1265 5798 διοικοῦντες,
1302 5731 1398 5785 καὶ
1440 5730 1832 5803 πραγματευό-

222 5854 408 5910 μενοι,
445 5834 553 5898 ἵνα,
592 5835 641 5886 εἰ
669 5834 765 5886 καὶ
798 5832 1125 5901 ἐκπέσωμέν
1181 5845 1312 5882 ποτε
1363 5829 1460 5899 τῆς
1493 5828 1829 5898 οίκοιομίας.

303 6022 347 6053 ἰ
369 6026 382 6043 ‘
416 6018 563 6075 l‘sal.
593 6033 776 6085 xxxvr,
802 6016 892 6072 26.
970 6017 1016 6050 ⁸⁸
1050 6016 1210 6073 Prov.
1250 6030 1364 6083 xix,
1408 6015 1490 6070 Π.

1941 4818 2058 4855 rum
2081 4802 2437 4871 dispensatio,
2460 4816 2565 4854 non
2585 4801 3125 4871 cogitautquomodo
3146 4813 3267 4873 post
3297 4804 3439 4860 hanc.
3467 4807 3521 4860 vi
3569 4830 3579 4837 -

1938 4906 2049 4950 tam
2074 4896 2422 4949 commodum
2445 4894 2770 4965 percipiant.
2798 4894 2923 4949 Filii
2942 4896 3129 4965 itaque
3148 4898 3328 4952 seculi
3365 4898 3547 4968 hujus,

1941 4990 1977 5043 ii
2019 4999 2149 5041 sunt
2188 4988 2387 5058 quibus
2418 4987 2673 5041 humana:
2712 4986 3153 5057 dispensationes
3222 4994 3550 5045 concreditae

1939 5093 2090 5144 sunt,
2126 5094 2181 5137 et
2216 5082 2270 5135 in
2324 5082 2681 5150 generatione
2716 5095 2841 5147 sua,
2898 5083 3004 5136 hoc
3060 5092 3164 5147 est,
3197 5083 3252 5137 in
3285 5084 3393 5137 vita
3426 5084 3556 5144 hac.

1940 5176 2237 5241 prudenter
2292 5191 2380 5229 res
2437 5173 2606 5246 414
2664 5189 2793 5229 suas
2856 5175 3225 5244 dispensant;
3282 5174 3378 5230 lilii
3421 5192 3559 5233 vero

1938 5269 2099 5334 lucis,
2160 5270 2251 5339 qui
2310 5273 2572 5336 pecunias
2629 5280 2956 5339 receperunt
3027 5281 3087 5324 ut
3144 5270 3266 5326 illas
3318 5273 3370 5326 in
3436 5275 3551 5342 pios

1939 5378 2070 5417 usus
2139 5365 2478 5433 diSpeuscnt.
2557 5364 2873 5418 lnvenimur
2956 5366 3142 5435 itaque
3199 5364 3252 5418 in
3301 5365 3557 5421 humanis

1937 5456 2440 5525 dispensationibus
2488 5472 2574 5510 res
2613 5468 2831 5512 tiostras
2890 5458 3188 5527 prudenter
3215 5457 3560 5525 dispensare,

1944 5557 1999 5601 ut
2049 5549 2214 5602 etiam
2278 5550 2323 5603 si
2378 5549 2863 5603 administratione
2917 5548 3308 5612 exciderimus,
3357 5548 3560 5601 haben-

1945 5657 2067 5695 mus
2106 5644 2379 5710 quoddam
2419 5642 2686 5710 refugium
2728 5642 2855 5695 vitae
2892 5660 2905 5696 :
2946 5642 2997 5695 in
3033 5641 3120 5694 his
3178 5650 3360 5693 autem
3391 5643 3560 5694 rebus

1946 5747 2065 5803 qua:
2115 5736 2314 5789 debent
2356 5739 2659 5790 secundum
2708 5734 2877 5789 Deum
2938 5735 3267 5804 dispensari,
3348 5732 3558 5786 nullam

1950 5827 2197 5880 videmur
2224 5842 2415 5897 gerere
2443 5843 2631 5883 curam
2676 5829 2954 5898 quomodo
3020 5828 3283 5883 rationem
3332 5824 3557 5895 dispen—
