4048 6520
610 428 706 496 971

1559 422 2140 484 THEOPHYLACTI
2185 417 2594 482 BULGARLE
2639 416 2996 478 ARCHIEP.

3762 404 3868 471 972

605 545 840 598 diturum
873 535 1186 593 infirmitate
1229 531 1554 603 postulante.
1602 531 1642 584 Δ
1675 545 1782 598 quo
1813 542 1991 584 autem
2044 541 2176 585 tem-

2286 529 2390 591 ἕως
2425 527 2672 581 Ἰωάννου
2714 521 2857 594 εἶχον
2883 525 2973 576 τὸν
3019 522 3232 590 καιρόν.
3273 518 3383 574 Καὶ
3413 515 3597 582 καλῶς
3629 515 3728 588 μὲν
3762 516 3868 570 ιδί-

607 648 738 704 pore
761 627 1128 698 Joannes,qui
1157 636 1375 696 pr0pter
1404 632 1774 694 paupertatem
1813 624 2036 675 materia
2073 623 2185 676 rere

607 723 851 787 carebat,
897 728 951 773 et
986 726 1204 788 propter
1238 714 1478 770 materire
1522 713 1836 769 tenuitatem
1887 713 2003 767 sine
2056 727 2185 782 pos.

607 813 939 870 sessionibus
967 819 1112 874 erat,
1144 809 1383 872 advenit,
1415 815 1468 861 et
1502 821 1726 876 regnum
1756 804 2018 861 caelorum
2053 819 2187 873 pra:-

605 905 828 971 dicavit,
909 919 1014 960 non
1069 901 1214 956 ultra
1299 899 1437 953 bona
1495 908 1710 953 terrena
1771 898 1895 952 huic
1954 897 2184 964 tempori

604 998 890 1061 debentur.
913 997 1006 1052 sed
1032 1007 1254 1064 regnum
1275 992 1536 1046 caelorum
1570 987 1920 1061 praedicatur.
1950 988 2183 1043 Proinde

603 1102 660 1147 et
690 1097 1059 1162 paupertatem
1086 1087 1138 1141 in
1170 1095 1316 1142 terra
1338 1084 1530 1139 debent
1553 1097 1774 1138 servare
1807 1081 1859 1136 hi
1890 1083 1982 1150 qui
2013 1080 2184 1134 ccelos

604 1183 937 1238 desiderant.
984 1180 1251 1247 Quoniam
1298 1177 1576 1248 prephetze
1623 1187 1676 1229 et
1715 1175 1801 1228 lex
1850 1174 2179 1229 mentionem

603 1289 710 1328 non
763 1271 1035 1327 faciebant
1073 1271 1223 1338 regni
1270 1268 1554 1332 caalorum,
1591 1266 1785 1321 merito
1835 1267 1974 1320 bona
2024 1276 2182 1320 terra:

605 1366 991 1436 promittebant
1042 1362 1568 1432 itnperfectioribus,
1621 1369 1674 1414 et
1716 1359 1848 1414 nih‘l
1900 1360 2052 1412 virile
2101 1359 2182 1412 rei

604 1473 858 1527 magnum
895 1454 1194 1524 intelligere
1234 1452 1562 1507 valentibus.
1597 1453 1772 1521 Atque
1819 1451 1890 1503 ita
1914 1489 1929 1514 ,
1966 1465 1997 1504 ο
2038 1448 2178 1502 Pha-

605 1549 782 1614 risaei,
817 1548 1011 1602 merito
1047 1553 1417 1620 paupertatem
1454 1544 1648 1609 doceo,
1685 1557 1750 1596 eo
1787 1541 1927 1609 quod
1983 1542 2180 1609 imper-

605 1638 740 1693 recta
769 1638 902 1708 legis
927 1645 1194 1706 praecepta
1213 1635 1326 1706 jam
1352 1648 1458 1689 non
1486 1633 1685 1688 habent
1710 1641 1941 1700 tempus.
1961 1629 2183 1698 Insuper

604 1743 672 1783 ne
706 1729 888 1782 dicant
920 1727 1123 1796 reiecta
1169 1723 1348 1780 omnia
1390 1736 1510 1793 quae
1560 1723 1614 1776 in
1661 1721 1778 1793 lege
1826 1732 1955 1777 sunt
2007 1721 2181 1786 dicta,

599 1817 756 1888 quasi
785 1832 918 1870 vana
947 1817 1057 1871 sint
1085 1824 1139 1869 et
1159 1815 1370 1869 inutilia
1404 1830 1416 1867 :
1448 1828 1552 1867 non
1583 1815 1688 1867 hoc
1710 1814 1862 1878 dicit,
1891 1812 1985 1866 sed
2011 1811 2182 1880 magis

605 1908 898 1977 implentur
951 1916 1006 1962 et
1055 1905 1433 1976 perficiuntur.
1489 1903 1838 1974 Qumcunque
1896 1905 2037 1958 enim
2096 1902 2182 1957 illa
2218 1896 2258 1951 Β

601 2001 962 2063 adumbravit,
989 2015 1050 2054 eu
1077 2000 1212 2054 dixit
1236 1999 1300 2052 de
1326 1997 1546 2054 Christo
1574 1997 1891 2068 figuraliter.
1922 1997 1983 2049 Et
2008 2012 2182 2065 quan-

604 2104 717 2146 tum
752 2091 818 2145 ad
870 2092 1016 2159 leges
1047 2088 1277 2152 attinet,
1322 2086 1486 2141 etiam
1524 2085 1654 2154 ipsa:
1685 2099 1833 2139 nunc
1868 2083 2180 2148 implentur,

599 2195 653 2242 et
677 2183 814 2240 nihil
846 2183 898 2237 iu
932 2182 1015 2237 his
1040 2194 1209 2250 usque
1240 2179 1304 2232 ad
1319 2177 1862 2247 extremuma-picem
1889 2173 2180 2228 intercidit.

600 2279 669 2335 Et
721 2290 842 2348 qua
887 2275 953 2330 de
1002 2273 1220 2328 Christo
1253 2271 1360 2326 illic
1405 2286 1499 2340 per
1545 2269 1791 2325 umbram
1839 2267 2181 2324 subindicata

597 2374 761 2432 situt,
808 2379 949 2419 nunc
989 2362 1337 2434 perficientur
1383 2361 1601 2416 clarius.
1643 2358 1704 2413 Et
1751 2359 2002 2414 mandata
2051 2358 2184 2426 legis

601 2468 722 2523 qua:
747 2462 871 2508 tunc
887 2453 1032 2516 data,
1056 2465 1152 2521 pro
1177 2449 1615 2521 imperfectorum
1638 2462 1800 2503 sensu
1819 2458 2184 2518 congruenter

601 2548 725 2602 data
742 2585 759 2614 ,
780 2559 924 2600 nunc
950 2545 1320 2600 sublimiorem
1342 2552 1397 2598 et
1425 2541 1802 2612 perfectiorem
1836 2557 2052 2598 sensum
2087 2542 2181 2596 ha~

599 2639 778 2700 bitura
805 2643 953 2693 sunt.
975 2635 1090 2691 Lex
1124 2637 1267 2690 enim
1301 2633 1618 2703 imperfecte
1639 2633 1972 2704 imperfectis
2004 2634 2178 2688 locuta

602 2740 684 2787 est
720 2749 734 2786 :
769 2731 912 2801 quod
940 2730 1067 2784 hinc
1110 2728 1452 2784 manifestum
1496 2738 1602 2783 est.
1641 2725 1777 2781 Nam
1807 2729 1871 2781 de
1911 2725 2181 2782 solutione

604 2821 911 2890 nuptiarum
939 2819 1091 2890 juxta
1122 2817 1379 2872 duritiem
1408 2816 1587 2872 cordis
1618 2814 1926 2870 Judarorum
1959 2828 2181 2886 respou-

602 2912 703 2976 dit,
745 2921 802 2966 ut
856 2925 976 2965 cum
1007 2910 1089 2963 vir
1119 2909 1243 2964 odio
1279 2907 1530 2964 habuerit
1564 2921 1808 2974 uxorem,
1856 2912 2180 2976 potestatem

603 3005 801 3060 habeat
837 3000 1144 3058 dimittendi
1173 3015 1294 3056 eam
1316 3045 1329 3067 ,
1369 3014 1437 3055 ne
1481 3000 1726 3055 deterius
1753 2999 1882 3070 quid
1923 2999 2038 3056 fiat.
2072 2998 2181 3055 Ho-

602 3098 816 3154 micida:
841 3097 982 3150 enim
1013 3103 1170 3151 erant
1202 3102 1254 3150 et
1280 3093 1638 3164 sanguinarii,
1665 3103 1720 3149 et
1748 3108 1924 3160 neque
1947 3093 2180 3164 propriis

603 3191 920 3262 parcebant,
948 3187 1383 3259 quandoquidem
1418 3197 1471 3242 et
1510 3187 1644 3242 ﬁlios
1692 3197 1746 3240 et
1794 3187 1931 3243 tilias
1979 3189 2179 3242 daemo-

604 3284 761 3338 nibus
808 3283 1195 3347 immolabant;
1248 3280 1343 3336 sed
1393 3279 1671 3332 humilitas
1717 3289 1769 3332 et
1838 3279 2178 3350 lmperfectio

606 3375 739 3444 legis
771 3373 892 3427 talis
919 3383 1056 3428 erat.
1090 3371 1326 3440 Tempus
1355 3371 1498 3426 enim
1530 3369 1794 3438 ejusmodi
1832 3369 2182 3440 legislationis

605 3478 734 3521 tunc
755 3475 892 3529 erat,
914 3479 1053 3520 nunc
1082 3473 1260 3518 autem
1290 3459 1394 3516 alia
1425 3461 1750 3532 perfectiore
1775 3462 2022 3517 doctrina
2046 3478 2183 3534 opus

601 3565 706 3613 est.
756 3555 967 3610 Idcirco
1001 3554 1165 3607 etiam
1201 3551 1326 3608 dico
1359 3551 1561 3625 :517
1599 3550 1788 3608 Omnis
1821 3554 1912 3623 qui
1959 3555 2185 3609 dimittit

605 3663 849 3712 uxorem,
911 3656 1139 3714 excepta
1197 3659 1358 3700 causa
1413 3645 1792 3700 fornicationis
1841 3645 2085 3712 scilicet,
2128 3656 2182 3700 et

609 3737 754 3792 ducit
787 3735 981 3799 aliam,
1027 3735 1355 3790 adulterium
1396 3735 1686 3790 committit
1711 3735 1780 3790 ⁸³.
1830 3735 1986 3792 Unde
2037 3737 2179 3791 haud

603 3828 832 3891 mirum,
870 3825 914 3879 si
950 3839 1074 3880 cum
1111 3824 1247 3878 nihil
1289 3823 1394 3878 tale
1423 3824 1491 3878 de
1525 3833 1838 3897 paupertate
1882 3826 1967 3882 lex
2003 3827 2181 3882 mani-

605 3922 741 3972 teste
789 3918 1068 3982 docuerit,
1115 3931 1214 3985 ego
1266 3918 1333 3970 de
1380 3927 1696 3986 paupertate
1744 3933 1848 3972 non
1896 3919 2181 3973 disseram.

606 4009 746 4064 hcce
793 4025 916 4063 cum
971 4009 1038 4063 de
1077 4008 1346 4063 solutione
1387 4009 1717 4062 matrimonii
1754 4009 1838 4062 lex
1877 4009 2186 4078 promiscue

606 4102 924 4172 praeceperit
964 4110 1182 4171 propter
1210 4103 1416 4156 caedem
1449 4099 1758 4157 Judaeorutn
1783 4143 1796 4166 ,
1829 4118 1927 4170 ego
1959 4105 2024 4158 ad
2054 4119 2183 4174 per-

603 4195 832 4250 fectiora
866 4208 1132 4249 exercens
1165 4195 1443 4250 auditores
1466 4239 1479 4261 ,
1515 4198 1799 4264 repudium
1841 4199 2046 4266 absque
2097 4212 2182 4251 ra-

604 4285 849 4341 tionabili
879 4301 1042 4340 causa
1076 4285 1367 4354 prohibeo,
1405 4300 1512 4339 non
1550 4288 1622 4339 illi
1652 4289 1924 4340 contraria
1958 4289 2178 4354 docens,

603 4379 697 4431 sed
745 4377 918 4443 magis
961 4376 1287 4430 voluntatem
1329 4375 1444 4444 ejus
1492 4378 1797 4444 perﬁciens.
1848 4376 1996 4432 Meus
2037 4378 2181 4434 enim

603 4467 737 4538 legis
771 4477 889 4522 erat
919 4481 986 4521 ne
1028 4468 1314 4521 homicidia
1351 4467 1542 4521 ﬁerent
1573 4469 1710 4522 inter
1744 4470 1914 4522 virum
1946 4479 2000 4528 et
2047 4485 2181 4524 uxo-

2291 621 2520 685 δασκον,
2572 619 2668 672 ﬁt:
2710 616 2902 686 καιρὸν
2951 613 3180 685 ἐχούσης
3229 611 3332 682 τῆς
3379 610 3715 682 νηπιότητος
3766 608 3872 662 τῶν

2289 713 2616 768 ἀκουόντων.
2663 707 2778 776 Ἀφ’
2811 703 2870 761 οὗ
2902 706 2958 759 δὲ
2982 707 3010 759 6
3052 705 3322 776 Ἰωάννης,
3353 705 3381 757 6
3403 702 3592 773 σχεδὸν
3622 701 3784 764 άΰλος
3806 700 3872 753 δι’

2291 802 2699 875 ἀκτημοσύνην,
2747 802 2840 853 καὶ
2877 799 3143 868 ἀκτήμων
3177 797 3266 850 διὰ
3293 797 3390 868 τὴν
3420 794 3620 866 μικροῦ
3657 792 3818 847 ἀῦλία
3852 830 3871 861 ,

2290 899 2626 967 ἐπεδήμησε,
2659 895 2752 948 καὶ
2784 891 3063 963 βασιλείαν
3089 889 3334 960 οὐρανῶν
3368 886 3661 958 ἐκήρυξεν,
3691 884 3875 937 οὐκέτι

2289 987 2476 1042 λοιπὸν
2503 986 2572 1038 τά
2604 984 2704 1053 τῆς
2739 984 2840 1053 γῆς
2868 980 3050 1050 ἀγαθά
3079 982 3271 1050 καιρὸν
3297 977 3534 1049 ἔχουσιν,
3563 975 3682 1030 ἀλλ’
3717 977 3750 1045 ὴ
3783 974 3876 1043 βας

2292 1081 2467 1135 σιλεία
2505 1079 2614 1132 τῶν
2662 1076 2908 1148 οὐρανῶν
2955 1073 3311 1145 κηρύττεται.
3355 1071 3450 1125 Διδ
3490 1072 3586 1125 καὶ
3627 1071 3876 1138 ἀκτημο-

2292 1174 2460 1242 σύνην
2495 1173 2552 1224 ιν
2580 1172 2650 1241 γῇ
2687 1168 2994 1237 ὀφείλουσιν
3028 1164 3370 1236 ἐπιτηδεύειν
3399 1163 3451 1216 oi
3492 1161 3604 1214 τῶν
3629 1157 3875 1230 οὐρανῶν

2290 1265 2588 1337 ἐφιέμενοι.
2637 1261 2791 1316 Ἐπεὶ
2840 1261 2956 1329 οἵγε
2999 1259 3277 1330 προφῆται
3334 1255 3429 1309 καὶ
3479 1256 3507 1307 6
3557 1253 3758 1323 νόμος,
3801 1250 3874 1318 μὴ

2293 1359 2628 1432 μνησθέντες
2662 1356 2942 1429 βασιλείας
2975 1353 3245 1426 οὐρανῶν,
3282 1351 3510 1414 εἰκότως
3541 1348 3611 1402 τὰ
3637 1347 3741 1416 τῆς
3778 1345 3876 1413 γῆς

2286 1453 2469 1521 ἀγαθά
2497 1449 2902 1522 ἐπηγγέλλοντο
2923 1449 3034 1509 τοῖς
3057 1446 3136 1499 ἐτι
3160 1444 3412 1499 ἀτελεστὲ
3425 1458 3556 1511 ροις.
3585 1439 3683 1492 καὶ
3713 1437 3876 1508 μηδὲν

2291 1546 2435 1616 μέγα
2456 1545 2551 1598 καὶ
2569 1542 2825 1614 ἀνδρικὸν
2850 1541 3049 1594 ἐννοεῖν
3068 1535 3416 1606 δυναμένοις.
3436 1533 3601 1584 Ὥστε
3627 1529 3873 1590 εἰκότως,

2289 1631 2332 1691 ὣ
2385 1635 2708 1706 Φαρισαῖοι,
2764 1629 3153 1703 ἀκτημοσύνην
3200 1627 3469 1689 διδάσκω,
3522 1617 3611 1675 οἷα
3656 1619 3723 1691 δὴ
3773 1620 3876 1671 τῶν

2291 1727 2500 1781 ἀτελῶν
2552 1723 2647 1778 τοῦ
2709 1723 2874 1792 νόμου
2924 1719 3367 1792 προσταγμάτων
3421 1715 3623 1784 μηκέτι
3687 1710 3876 1781 καιρὸν

2289 1819 2542 1889 ἑχόντων.
2576 1811 2711 1869 Εἶτα
2741 1815 2828 1868 ῐνα
2866 1812 2942 1884 μὴ
2971 1813 3201 1865 εῑπωσιν
3220 1851 3234 1873 ,
3271 1811 3352 1862 ὅτι
3382 1807 3572 1860 λοιπὸν
3606 1805 3786 1858 πάντα
3812 1802 3876 1854 τά

2286 1909 2380 1963 τοῦ
2413 1910 2576 1980 νόμου
2607 1907 2934 1974 ἑκϐἐόληται
2958 1904 3031 1967 ὡς
3064 1905 3295 1973 ματαίου
3327 1902 3420 1954 καὶ
3443 1900 3723 1960 διακένου,
3758 1896 3876 1966 οὐχί

2291 2018 2478 2073 φησιν,
2515 1998 2652 2054 ἀλλά
2681 1999 2884 2070 μᾶλλον
2913 1997 3008 2049 νῦν
3043 1993 3452 2065 ἀναπληροῦται
3481 1993 3575 2045 καὶ
3636 1987 3875 2042 τελειοῦ-

2286 2113 2399 2149 ται.
2447 2095 2590 2147 ’οσα
2645 2095 2755 2163 γὰρ
2812 2089 3261 2158 ὲσκιαγράφησεν
3318 2089 3526 2148 ἐκεῖνος
3580 2085 3695 2136 εἴτε
3750 2079 3878 2153 περὶ

2289 2186 2527 2258 Χριστοῦ
2556 2186 2730 2254 λέγων
2777 2181 3055 2245 τυπικῶς,
3091 2182 3201 2233 είτε
3244 2179 3373 2248 περὶ
3407 2175 3663 2238 ἐντολῶν,
3702 2168 3871 2226 ταῦτα

2287 2279 2380 2334 νῦν
2410 2276 2875 2348 ἀναπληροῦνται,
2910 2274 3004 2328 καὶ
3037 2273 3190 2326 οὐδὲν
3215 2271 3422 2325 τούτων
3455 2270 3584 2340 ἄχρι
3613 2266 3712 2320 καὶ
3748 2267 3876 2336 μιᾶς

2287 2370 2513 2441 κεραίας
2562 2368 2924 2422 διαπεσεῖται⁸
2968 2364 3036 2418 τά
3066 2380 3127 2416 τε
3167 2363 3275 2432 γάρ
3323 2361 3452 2431 περὶ
3483 2356 3726 2430 Χριστοῦ
3763 2357 3878 2407 ἐκεῖ

2288 2459 2568 2523 σκιοειδῶς
2618 2457 3043 2528 ύποδειχθέντα,
3097 2454 3193 2508 νῦν
3253 2452 3570 2524 φανώτερον
3620 2448 3874 2514 τελεσθή-

2285 2569 2492 2607 σονται.
2529 2550 2639 2604 Καὶ
2675 2550 2732 2603 αἱ
2764 2547 2978 2602 ἐντολαὶ
3003 2547 3097 2600 τοῦ
3144 2547 3332 2616 νόμου,
3377 2544 3432 2597 ai
3464 2553 3582 2596 τότε
3610 2540 3747 2611 πρὸ,
3778 2540 3874 2608 τὴν

2283 2646 2390 2700 τῶν
2439 2644 2649 2700 ἀτελῶν
2697 2641 2940 2695 διάνοιαν
2971 2639 3191 2702 οἰκείως
3233 2637 3332 2691 καὶ
3383 2633 3744 2704 καταλλὴλως
3787 2631 3874 2684 6;-

2283 2737 2482 2801 θεῖσαι,
2523 2736 2619 2789 νῦν
2659 2735 2720 2788 τὸ
2753 2731 3092 2805 ὑψηλότερον
3132 2733 3224 2786 καὶ
3259 2729 3598 2800 τελειότερον
3628 2726 3871 2791 ἕξουσιν·

2283 2830 2365 2883 ὅτι
2394 2829 2503 2899 γὰρ
2525 2830 2552 2882 6
2574 2827 2735 2896 νόμος
2758 2827 2894 2897 πρὸς
2914 2826 3128 2887 ἀτελεῖς
3152 2822 3360 2886 ἀτελῶς
3383 2821 3663 2888 διελέγετο
3679 2861 3692 2883 ,
3717 2817 3875 2889 δῆλον

2285 2917 2556 2972 ἐντεῦθεν.
2578 2917 2689 2970 Καὶ
2710 2916 2818 2987 γάρ
2840 2932 2907 2968 πε
2917 2915 2970 2986 pi.
2993 2915 3201 2976 λύσεως
3220 2913 3402 2983 γάμου
3427 2912 3566 2984 πρὸς
3587 2911 3688 2980 τὴν
3710 2910 3876 2979 σκλη-

2288 3008 2586 3081 ροκαρδίαν
2624 3008 2734 3062 τῶν
2781 3006 3050 3078 Ἐϐραίων
3097 3005 3466 3075 ἀπεκρίνατο,
3502 3001 3571 3055 ἵν’
3602 3005 3650 3056 εί
3689 3002 3874 3072 μισοίη

2283 3103 2311 3154 6
2345 3102 2485 3170 ἀνὴρ
2530 3100 2630 3170 τὴν
2663 3101 2930 3168 γυναῖκα,
2965 3098 3219 3164 ἕξουσίαν
3258 3097 3359 3168 Em
3393 3094 3652 3149 ἀπολύειν
3683 3093 3872 3163 αὐτὴν,

2287 3193 2372 3247 ἵνα
2397 3192 2472 3264 μὴ
2494 3192 2677 3264 χεῖρόν
2703 3209 2755 3245 τι
2783 3192 3032 3261 γένηται.
3055 3192 3240 3254 ⁴Ιιονεῖς
3276 3191 3386 3260 γάρ
3420 3189 3573 3252 ὄντες
3596 3188 3692 3243 καὶ
3717 3189 3875 3256 αἱμο-

2287 3288 2501 3357 χαρεῐς,
2524 3286 2643 3340 οὐδὲ
2665 3285 2774 3339 τῶν
2800 3285 3149 3339 οίκειοτάτων
3184 3280 3480 3353 ἐφείδοντο,
3512 3281 3589 3345 ὡς
3621 3280 3718 3336 καὶ
3747 3279 3872 3342 τοὺς

2287 3380 2436 3442 υίοὺς
2491 3379 2589 3432 καὶ
2639 3377 2738 3442 τὰς
2782 3376 3089 3448 Θυγατέρας
3165 3378 3281 3440 τοῖς
3325 3373 3629 3446 δαιμονίοις
3691 3373 3867 3427 θύειν·

2284 3470 2420 3524 ἀλλὰ
2451 3470 2511 3522 τὸ
2545 3470 2641 3539 μὲν
2666 3467 2966 3539 χθαμαλὸν,
3003 3469 3100 3521 καὶ
3142 3467 3334 3532 ἀτελὲς
3361 3466 3458 3522 τοῦ
3489 3466 3662 3535 νόμου
3697 3464 3872 3519 τοιοῦ-

2283 3574 2397 3615 τον·
2440 3560 2630 3632 καιρὸς
2676 3561 2784 3631 γὰρ
2821 3557 2891 3632 ἦν
2934 3561 3034 3632 τῆς
3062 3562 3321 3629 τοιαύτης
3351 3559 3680 3629 νομοθεσίας
3719 3558 3870 3618 τότε,

2286 3656 2404 3708 νυνὶ
2449 3654 2506 3706 δὲ
2551 3653 2719 3723 ἀλλης
2752 3650 3095 3724 τελειοτέρας
3123 3651 3478 3714 διδασκαλίας
3513 3650 3615 3704 δεῖ.
3659 3650 3752 3703 Διὸ
3786 3649 3874 3702 καί

2284 3763 2448 3816 φημι,
2481 3746 2589 3810 πᾶς
2620 3748 2647 3798 6
2684 3746 2938 3800 ἀπολύων
2974 3748 3074 3816 τὴν
3103 3746 3335 3814 γυναῖκα
3366 3743 3561 3809 αὑτοῦ,
3580 3743 3873 3815 -παρεκτὸς

2282 3839 2443 3910 λόγου
2475 3840 2730 3914 πορνείας
2753 3839 2979 3913 δηλαδὴ,
3010 3840 3107 3895 καὶ
3130 3839 3328 3911 γαμῶν
3353 3838 3572 3910 ἑτέραν,
3609 3837 3870 3909 μοιχεύειο

2284 3931 2426 3986 ὥστε
2459 3932 2614 3986 οὐδὲν
2650 3931 2985 4002 θαυμαστὸν,
3015 3934 3063 3985 εί
3094 3933 3187 3985 καὶ
3216 3933 3291 4003 μὴ
3324 3931 3458 4002 περὶ
3483 3931 3876 4000 ἀκτημοσύνης

2283 4022 2627 4094 διαλέγομαι,
2661 4023 2829 4092 μηδὲν
2859 4023 3002 4076 οὕτω
3035 4025 3223 4093 σαφῶς
3259 4025 3352 4077 τοῦ
3388 4024 3556 4093 νόμου
3591 4023 3874 4077 διδάσκον-

2283 4132 2375 4180 τος
2407 4115 2574 4187 (6-7).
2626 4115 2756 4168 Ἰδοὺ
2798 4115 2929 4185 γοῦν
2965 4118 3097 4186 περὶ
3127 4116 3228 4186 τῆς
3259 4115 3355 4169 τοῦ
3397 4118 3578 4186 γάμου
3610 4116 3819 4180 λύσεως
3847 4117 3877 4166 6

2284 4208 2448 4278 νόμος
2488 4207 2800 4278 ἀδιαφόρως
2832 4191 3087 4261 ἑκέλεῦσε
3109 4247 3124 4273 ,
3155 4207 3246 4261 διὰ
3273 4209 3373 4278 τὴν
3419 4208 3740 4278 μιαιφονίαν
3771 4207 3877 4261 τῶν

2297 4300 2590 4367 Ἰουδαίων,
2624 4299 2736 4368 ἐγὼ
2769 4299 2827 4353 δὲ
2863 4300 3002 4371 πρὸς
3033 4299 3093 4353 τὸ
3128 4300 3468 4372 τελειότερον
3509 4300 3878 4371 ἑγγυμνάζων

2282 4393 2410 4456 τοὺς
2433 4393 2757 4459 ἀκούοντας,
2787 4394 2889 4463 τὴν
2911 4393 3205 4462 ἀνεύλογον
3227 4392 3493 4448 ἀπόλυσιν
3521 4395 3876 4464 ἀπαγορεύω,

2283 4485 2382 4538 οὐκ
2431 4486 2653 4540 ἐναντία
2702 4485 2897 4556 ἐκείνῳ
2948 4486 3306 4558 διαγορεύων,
3361 4484 3502 4541 ἀλλά
3560 4487 3766 4555 μᾶλλον
3819 4485 3880 4538 τὸ

602 4576 747 4616 rem:
789 4562 890 4615 hoc
920 4571 974 4615 et
995 4574 1094 4631 ego
1133 4561 1373 4625 intendo,
1406 4576 1470 4616 eo
1501 4562 1641 4631 quod
1673 4564 1890 4616 doceam
1923 4562 2180 4634 conjngcs

2286 4574 2499 4627 ἐκείνου
2547 4574 2797 4647 βούλημα
2835 4577 3020 4632 ἱστῶν.
3057 4578 3148 4644 Τῷ
3179 4578 3289 4648 γὰρ
3329 4577 3480 4647 νόμῳ
3513 4575 3777 4646 βουλητὸν
3809 4569 3878 4645 ἦν

603 4664 843 4710 mutuam
877 4655 1021 4710 inter
1047 4670 1108 4709 se
1137 4669 1328 4709 curam
1360 4670 1546 4724 gerere
1566 4693 1580 4718 ,
1607 4664 1660 4710 et
1690 4670 1914 4724 parcere
1947 4657 2176 4710 alterum

603 4749 754 4800 alteri
793 4756 852 4800 ut
880 4745 1140 4801 membris
1175 4747 1408 4816 propriis
1443 4784 1458 4812 ,
1491 4746 1541 4799 id
1573 4749 1715 4816 quod
1746 4758 1799 4802 et
1828 4750 1912 4802 lex
1940 4748 2177 4803 volebat.

603 4842 674 4892 At
698 4837 953 4908 quoniam
986 4837 1285 4909 imperfecti
1309 4849 1462 4892 erant
1485 4841 1788 4906 auditores,
1820 4841 2064 4898 decrevit
2090 4843 2177 4897 illa

601 4931 834 5002 cuujugii
869 4930 1190 4986 solutionem
1211 4971 1225 4998 ,
1263 4942 1319 4985 ut
1353 4931 1434 4985 vel
1467 4933 1545 4987 sic
1571 4933 1672 4988 sibi
1707 4943 1950 4989 mutuum
1981 4951 2175 5006 parce-

602 5031 740 5086 rent,
774 5031 828 5076 et
857 5038 962 5076 nou
999 5023 1050 5075 in
1086 5038 1143 5078 se
1172 5024 1400 5078 invicem
1429 5025 1731 5080 insanirent
1763 5028 1845 5081 vir
1871 5037 1925 5082 et
1960 5030 2172 5084 mulier.

603 5113 804 5168 Statuit
843 5116 1006 5186 igitur
1041 5114 1288 5170 Christus
1323 5119 1504 5170 omnia
1537 5132 1657 5188 qua:
1687 5118 1754 5172 ad
1798 5120 1972 5188 legem
2007 5123 2177 5191 perti-

604 5218 763 5274 nent,
795 5219 850 5264 et
881 5210 953 5263 ita
997 5213 1130 5264 bene
1165 5211 1301 5265 dixit
1347 5212 1487 5282 quod
1535 5213 1864 5281 impossibile
1912 5216 1981 5271 sit
2013 5233 2175 5271 unum

678 5391 722 5419 "
747 5386 940 5443 Matth.
974 5405 1088 5455 χιχ,
1113 5388 1164 5444 9.

2287 4665 2347 4720 τὸ
2381 4666 2455 4735 μὴ
2487 4665 2734 4733 γίνεσθαι
2763 4667 2958 4735 φόνους
2997 4668 3202 4738 μεταξὺ
3246 4669 3442 4738 ἀνδρὸς
3466 4669 3563 4722 καὶ
3593 4668 3877 4737 γυναικός

2287 4755 2445 4811 τοῦτο
2475 4757 2631 4826 κάγὼ
2660 4757 2846 4823 τυπῶ,
2881 4758 2972 4812 διά
3007 4758 3104 4812 τοῦ
3136 4758 3418 4814 παιδεύειν
3447 4760 3570 4821 τοὺς
3608 4757 3879 4826 συζύγους

2286 4850 2531 4920 ἀλλήλων
2558 4851 2838 4922 κήδεσθαι,
2867 4853 2962 4906 καὶ
2987 4851 3290 4923 φείδεσθαι,
3318 4853 3393 4914 ὡς
3422 4851 3611 4923 μελῶν
3636 4853 3880 4919 οἰκείων,

2288 4942 2429 4996 ὥστε
2462 4945 2555 4997 καὶ
2593 4947 2622 4997 6
2652 4946 2814 5016 νόμος
2848 4947 2946 5016 μὲν
2983 4947 3145 5000 τοῦτο
3191 4947 3466 5001 ἐϐούλετο·
3514 4947 3639 5001 ἐπεὶ
3669 4945 3725 5000 δὲ
3752 4948 3879 5000 ἀτε-

2286 5035 2399 5098 λεῖς
2442 5031 2582 5109 ἦσαν
2623 5039 2671 5090 ci
2702 5039 3012 5103 ἀκούοντες,
3044 5039 3214 5112 ὥρισε
3243 5040 3344 5112 τὴν
3389 5039 3484 5094 τοῦ
3533 5039 3719 5110 γάμου
3752 5038 3880 5092 διά-

2286 5125 2462 5193 λυσιν,
2514 5127 2601 5181 ἵνα
2646 5129 2748 5183 κᾶν
2797 5128 2972 5195 οὕτως
3027 5131 3197 5202 φειδὼ
3242 5131 3454 5201 γένοιτο
3496 5131 3594 5185 καὶ
3645 5131 3719 5201 μὴ
3755 5147 3874 5185 κατ·

2288 5220 2535 5292 ἀλλήλων
2577 5222 2852 5295 μαίνοιντο
2881 5225 2909 5278 ὅ
2949 5242 3007 5280 τε
3049 5225 3188 5299 ἀνὴρ
3257 5225 3353 5279 καὶ
3395 5225 3432 5295 ἡ
3461 5225 3624 5297 γυνή’
3673 5227 3742 5281 τὰ
3780 5223 3872 5279 τοῑ

1571 5554 1664 5615 Ex
1698 5548 2042 5619 collatione
2077 5561 2264 5623 codd.
2298 5561 2524 5624 Venet.
2572 5566 2635 5625 S.
2670 5566 2892 5628 Marci.

675 5731 812 5800 (6-7)
844 5730 975 5784 Cod.
1017 5733 1106 5810 βε,
1141 5736 1320 5810 Μηδὲν
1345 5733 1487 5810 οὕτω
1520 5739 1705 5805 σαφῶς
1739 5740 1831 5792 τοῦ
1877 5740 2042 5810 νόμου
2083 5740 2164 5791 δι-

603 5801 913 5879 δάσκοντος,
972 5804 1133 5866 αὐτὸς
1163 5801 1339 5879 *περι
1374 5801 1761 5879 ἀκτημοσύνης
1823 5801 2165 5878 διαλέγόμαι.

605 5872 764 5926 ’Ᾰὸοὺ
797 5872 964 5943 γοῦν,
996 5891 1047 5928 κ.
1086 5891 1134 5928 τ.
1163 5875 1209 5930 λ,
1236 5872 1378 5932 (Sic
1401 5872 1678 5935 cutn'nihil
1717 5872 1860 5937 adeo
1891 5872 2175 5936 manifeste

2278 5740 2360 5796 lex
2415 5744 2683 5812 docuerit,
2722 5748 2836 5819 ipse
2884 5750 2950 5805 de
3005 5760 3320 5820 paupertate
3395 5753 3687 5812 disseram.
3747 5755 3878 5813 Ecce

2281 5828 2397 5868 cum
2428 5857 2442 5883 ,
2486 5836 2502 5867 ι
2539 5827 2644 5872 etc.

3416 6510 3939 6520 ἡὴ*·-ή--*---’-“
