4048 6548
179 485 281 551 973

868 471 1320 536 ENARRATIO
1361 470 1442 531 IN
1489 470 1627 529 EVA
1637 468 1800 529 NGE]

1911 467 1991 529 ῙΜ
2032 465 2264 529 LUC.‘E.
2294 487 2356 500 --
2383 465 2541 525 CAP.
2584 463 2737 525 XVI.

3382 459 3488 523 97f

182 595 348 666 νόμου
380 589 562 644 τοίνυν
601 587 776 642 πάντα
811 584 1043 655 ἔστησεν
1081 587 1109 638 ὀ
1138 584 1394 655 Χριστός
1426 583 1568 637 ὥστε
1597 581 1779 644 καλῶς

1911 580 2097 649 ιρῑρεηι
2144 579 2210 632 de
2249 579 2366 650 lege
2411 577 2629 632 cadere.
2664 571 2948 642 Quomodo
2978 572 3126 627 enim
3176 570 3486 639 decideret,

181 682 358 749 εἶπεν,
397 683 472 747 ὡς
505 678 770 735 ἀδύνατόν
799 694 987 748 φησιν,
1022 681 1212 729 πεσεῖν
1250 675 1379 746 μίαν
1419 674 1650 744 κεραίαν
1681 673 1776 726 τοῦ

179 780 372 849 νόμου’
410 775 529 838 πῶς
562 771 671 843 γὰρ
705 772 772 828 ἂν
820 771 967 840 πέσῃ
995 772 1023 824 ὁ
1059 769 1260 841 μᾶλλον
1307 768 1642 840 ὀρθούμενος
1672 766 1780 820 ὑπὸ

184 869 419 946 Χριστοῦ
439 887 452 936 ;

262 985 282 1021 ι
331 962 656 1034 Ἀνθρωπος
682 958 741 1012 δέ
769 975 852 1023 τις
878 953 948 1028 ἦν
982 953 1261 1018 πλούσιος,
1289 952 1382 1007 καὶ
1410 950 1784 1004 ἐνεδιδύσκετο

185 1055 476 1130 πορφύραν
508 1052 603 1107 καὶ
639 1051 860 1123 βύσσον,
923 1045 1354 1117 εὐφραινόμενος
1395 1041 1519 1098 καθ’
1566 1042 1784 1116 ἡμέραν

199 1146 496 1220 λαμπρῶς.
536 1144 758 1215 Πτωχὸς
803 1142 861 1196 δέ
901 1158 985 1204 τις
1029 1135 1098 1211 ἦν
1128 1138 1355 1209 ὀνόματι
1400 1136 1681 1206 Λάζαρος,
1724 1134 1783 1199 ὃς

187 1241 454 1309 ἐϐέϐλητο
503 1237 641 1310 πρὸς
668 1237 760 1289 τὸν
797 1233 1024 1287 πυλῶνα
1066 1233 1237 1286 αὐτοῦ
1288 1229 1636 1301 ἡλκωμένος,
1689 1233 1784 1281 καὶ⁸

185 1331 480 1403 ἐπιθυμῶν
506 1327 882 1400 χορτασθῆναι
914 1325 1024 1379 ἀπὸ
1054 1324 1164 1378 τῶν
1194 1322 1396 1394 ψιχίων
1423 1321 1535 1375 τῶν
1561 1321 1786 1374 πιπτόν-

184 1445 298 1480 των
328 1425 438 1478 άπὸ
468 1424 564 1492 τῆς
600 1419 883 1491 τραπέζης
924 1416 1018 1471 τοῦ
1069 1415 1348 1471 πλουσίου.
1406 1413 1570 1468 Ἀλλά
1609 1414 1703 1467 καὶ
1735 1413 1784 1464 οἰ

185 1519 355 1581 κύνες
386 1515 673 1587 ἐρχόμενοι
707 1512 997 1582 άπέλειχον
1035 1510 1102 1563 τά
1130 1509 1265 1579 ἐλκη
1297 1506 1488 1561 αὐτοῦ.
1539 1505 1788 1575 Ἐγένετο

186 1612 244 1664 δέ
271 1609 565 1663 ἀποθανεῖν
589 1605 682 1658 τὸν
711 1604 949 1674 πτωχὸν,
978 1601 1075 1657 καὶ
1099 1601 1467 1672 ἀπενεχθῆναι
1491 1600 1656 1654 αὑτὸν
1683 1599 1788 1652 ύπδ

188 1700 302 1753 τῶν
336 1698 585 1767 ἀγγέλων
609 1696 690 1759 είς
713 1694 806 1749 τὸν
835 1692 1039 1748 κόλπον
1071 1691 1166 1746 τοῦ
1202 1690 1480 1761 Ἀϐραάμ.
1521 1688 1786 1743 Ἀπέθανε

186 1794 244 1847 δὲ
303 1794 399 1846 καὶ
446 1793 474 1845 ό
523 1789 810 1856 πλούσιος,
860 1792 954 1843 καὶ
995 1787 1191 1857 ἐτάφη.
1239 1804 1255 1836 ι
1326 1784 1626 1838 Ἀκόλουθα
1676 1786 1789 1845 τοῖς

189 1885 615 1957 προειρημένοις
657 1883 850 1937 ταῦτα.
907 1881 1129 1950 Ἐπειδὴ
1176 1879 1287 1951 γὰρ
1319 1877 1609 1951 προλαϐὼν
1659 1877 1790 1950 περὶ

1892 672 2222 743 cumutnagis
2257 687 2285 725 a
2318 670 2541 727 Christo
2579 665 2988 739 corrigeretur?

1966 947 2134 1003 νεκς.
2172 945 2338 1005 19-22
2392 964 2410 999 ι
2446 944 2620 1000 Homo
2659 943 2883 1015 quidam
2916 953 3036 999 erat
3076 944 3254 1010 dives,
3283 946 3374 1017 qui
3407 948 3494 1001 in-

1894 1043 2163 1097 dnebatnr
2193 1054 2432 1109 purpura
2479 1049 2536 1092 et
2568 1039 2766 1110 bysso,
2809 1042 2863 1091 et
2889 1034 3212 1106 epulabatur
3249 1038 3497 1106 quotidie

1894 1135 2198 1204 splendide.
2252 1135 2383 1188 Erat
2431 1142 2618 1188 autem
2667 1131 2892 1202 quidam
2943 1129 3230 1186 mendicus
3275 1131 3494 1187 nomine

1896 1229 2169 1291 Lazarus,
2222 1228 2312 1296 qui
2357 1225 2576 1296 jarebat
2626 1225 2692 1277 ad
2739 1225 2964 1294 januam
3013 1222 3131 1291 ejus
3179 1223 3494 1290 ulcerosus,

1897 1321 2123 1391 cupiens
2157 1320 2394 1374 saturari
2430 1320 2494 1373 de
2546 1316 2706 1372 micis
2740 1332 2861 1386 qua:
2895 1317 3169 1372 cadebant
3211 1317 3278 1372 de
3309 1333 3495 1372 mensa

1904 1412 2110 1466 divitis.
2142 1411 2250 1464 Sed
2274 1422 2327 1464 et
2363 1425 2528 1464 canes
2559 1409 2885 1473 veniebant,
2921 1423 2984 1464 ac
3011 1408 3294 1478 liogebant
3315 1408 3496 1465 ulcera

1898 1505 2038 1576 ejus.
2067 1503 2283 1558 Accidit
2311 1513 2490 1558 autem
2525 1510 2584 1556 ut
2623 1513 2928 1557 moreretur
2957 1504 3259 1567 mendicus,
3301 1515 3356 1559 et
3390 1507 3500 1561 de-

1900 1605 2212 1668 portaretur
2259 1597 2326 1649 ab
2380 1594 2589 1664 angelis
2628 1594 2679 1648 in
2730 1595 2908 1649 sinum
2946 1595 3201 1651 Abrahae.
3257 1597 3502 1653 Mortuus

1901 1701 1982 1746 est
2001 1701 2179 1746 autem
2203 1699 2255 1744 ct
2283 1691 2455 1753 dives,
2486 1704 2548 1742 ac
2571 1696 2816 1758 sepultus
2838 1697 2943 1744 est.
2978 1707 2999 1741 ι
3027 1688 3174 1746 Bene
3191 1702 3503 1760 sequuntur

1903 1785 2019 1839 haec
2050 1783 2115 1836 ad
2149 1783 2454 1852 superiora.
2485 1782 2621 1848 Quia
2655 1783 2800 1836 enim
2834 1782 2985 1852 prius
3017 1782 3279 1838 docuerat
3309 1797 3365 1839 ut
3401 1800 3504 1840 nos

1904 1887 2052 1933 recte
2083 1877 2226 1930 circa
2254 1875 2476 1930 divitias
2511 1889 2864 1945 gereremus,
2899 1873 3097 1929 merito
3127 1876 3412 1946 conjungit
3447 1886 3504 1933 et

186 1977 286 2032 106
317 1978 410 2030 τὸν
439 1975 667 2030 πλοῦτον
692 1974 1031 2030 διατίθεσθαι
1065 1973 1252 2037 καλῶς
1279 1972 1540 2037 ἐδίδαξεν,
1563 1972 1791 2034 εἰκότως

1911 1973 2038 2025 banc
2063 1967 2376 2040 parabolam
2403 1968 2457 2022 in
2485 1967 2732 2022 eamdem
2759 1965 3024 2024 ferentem
3049 1971 3377 2025 sententiam
3409 1986 3506 2040 per

188 2070 556 2124 ἐπισυνάπτει
604 2071 699 2122 καὶ
730 2066 940 2138 ταύτην
972 2067 1072 2136 τὴν
1109 2066 1457 2138 παραῦολὴν,
1507 2066 1590 2129 είς
1634 2064 1797 2118 τοῦτο

1911 2065 2211 2134 exemplum
2253 2063 2460 2117 divitis.
2503 2059 2774 2117 Parabola
2807 2060 2952 2118 enim
2983 2072 3066 2117 est
3102 2063 3240 2130 haze,
3273 2071 3329 2119 et
3367 2078 3501 2126 non,

191 2161 332 2216 αὐτὸ
375 2160 650 2230 φέρουσαν
688 2159 776 2212 διά
822 2158 914 2211 τοῦ
953 2157 1096 2211 κατὰ
1129 2159 1220 2210 τὸν
1270 2157 1527 2211 πλούσιον
1583 2155 1798 2210 ὑποδεί-

1902 2166 1960 2211 υι
1995 2155 2212 2227 quidam
2255 2156 2459 2224 Opinati
2495 2166 2641 2221 sunt,
2671 2153 2927 2210 historia.
2961 2154 3216 2210 Nondum
3240 2155 3386 2210 enim
3414 2171 3505 2211 se-

201 2265 440 2320 γματος.
476 2248 768 2319 Παραεολὴ
798 2249 908 2319 γάρ
937 2248 1032 2300 καὶ
1060 2247 1240 2311 τοῦτο,
1267 2246 1384 2300 ἀλλ’
1412 2247 1511 2318 οὐχ
1539 2245 1614 2309 ῶς
1653 2262 1798 2307 τινες

1911 2262 2093 2319 parata
2117 2249 2460 2318 erantjustis
2495 2251 2660 2315 bona,
2691 2260 2747 2305 et
2769 2249 3151 2320 peccatoribus
3183 2251 3456 2305 contraria
3485 2267 3500 2304 :

191 2342 443 2409 ἀνοήτως
485 2337 550 2393 ἂν
592 2338 852 2406 οἰηθεῖεν,
906 2338 1142 2408 πρᾶγμά
1198 2340 1347 2392 ἐστιν
1394 2337 1498 2407 ἠδη
1547 2335 1794 2404 γεγονός.

195 2432 432 2485 Οὐδέπω
479 2431 587 2500 γὰρ
633 2430 757 2483 οὔτε
804 2432 917 2494 τοῖς
953 2429 1188 2494 δικαίοις
1222 2427 1332 2486 τῶν
1377 2427 1623 2496 ἀγαθῶν,
1673 2426 1796 2480 οὕτε

190 2526 312 2586 τοῖς
347 2523 698 2594 ἁμαρτωλοῖς
728 2523 838 2576 τῶν
867 2525 1136 2577 ἐναντίων
1166 2526 1199 2593 η
1229 2517 1646 2593 ἀποκλήρωσις,
1680 2522 1797 2575 ἀλλ’

191 2617 539 2686 ἐσχημάτισε
577 2616 669 2669 τὸν
703 2615 865 2684 λόγον
901 2615 928 2667 ό
961 2615 1171 2685 Κύριος
1195 2656 1208 2682 ,
1247 2616 1384 2687 πρὸς
1414 2615 1474 2667 τὸ
1504 2613 1798 2668 παιδεῦσαι

195 2710 333 2772 τοὺς
364 2707 757 2780 ἀνελεήμονας,
803 2703 893 2762 οῗα
925 2709 1112 2772 αὐτοῖς
1156 2709 1571 2768 άποκείσονται,
1605 2711 1701 2766 καὶ
1730 2701 1798 2760 αὖ

192 2799 413 2864 διδάξαι
468 2802 594 2863 τοὺς
655 2799 1145 2866 κακοπαθοῦντας,
1199 2796 1287 2853 οία
1350 2799 1798 2869 εύπαθήσουσιν,

194 2895 345 2964 ὑπὲρ
375 2887 452 2948 ῶν
485 2893 722 2948 ἐνταῦθα
764 2894 1122 2962 ὑπομένουσι.
1157 2894 1262 2947 Τὸν
1293 2894 1392 2964 μὲν
1420 2893 1515 2945 οὖν
1546 2891 1801 2946 πλούσιον

192 2986 506 3058 ἀνωνύμως
555 2988 612 3040 ἐν
652 2989 718 3058 τῇ
771 2987 1058 3060 παραϐολῇ
1115 2988 1462 3060 παρέλαϐεν,
1518 2980 1604 3042 οἷα
1667 2987 1801 3057 μηδὲ

193 3078 354 3144 ἄξιον
386 3079 535 3150 παρὰ
557 3079 676 3150 Θεῷ
703 3079 1095 3152 ὀνομάζεσθαι,
1129 3079 1274 3134 καθὰ
1293 3079 1388 3134 καὶ
1417 3079 1505 3133 διὰ
1533 3078 1627 3131 τοῦ
1663 3095 1798 3147 προ-

195 3173 379 3243 φήτου
417 3171 606 3242 φησὶν,
641 3173 704 3227 οὐ
755 3173 830 3245 μὴ
870 3173 1099 3246 μνησθῶ
1138 3173 1249 3227 τῶν
1296 3173 1584 3244 ὀνομάτων
1623 3170 1803 3224 αὐτῶν

192 3251 294 3318 διὰ
326 3261 554 3330 χειλέων
592 3280 716 3333 μου.
768 3264 876 3316 Τοῦ
912 3263 970 3318 δὲ
1007 3264 1242 3334 πένητος
1281 3264 1549 3333 ὀνομαστὶ
1591 3280 1802 3333 μνημοο

195 3352 388 3404 νεύει’
447 3351 558 3404 τῶν
595 3352 704 3422 γὰρ
737 3352 962 3407 δικαίων
1000 3355 1068 3407 τά
1113 3353 1356 3423 ὀνόματα
1400 3353 1495 3405 καὶ
1535 3355 1592 3405 ἐν
1635 3352 1803 3422 βίϐλῳ

195 3444 356 3514 ζωῆς
395 3444 837 3513 ἁπογράῑςονται·
870 3445 989 3500 ἐστι
1032 3446 1089 3498 δὲ
1119 3446 1302 3514 λόγος,
1336 3447 1412 3509 ῶς
1454 3447 1489 3516 ἡ
1533 3445 1802 3515 Ἐϐραίων

196 3536 510 3606 παράδοσις
535 3535 672 3608 ἔχει,
703 3538 952 3609 Λάζαρον
980 3535 1122 3592 εἷναί
1151 3556 1274 3591 τινα
1303 3540 1362 3592 ἐν
1402 3537 1802 3608 Ἱεροσολύμοις

196 3628 334 3683 κατ’
382 3629 562 3682 ἐκεῖνο
597 3629 791 3700 καιροῦ
838 3630 1078 3700 ἐσχάτην
1145 3630 1338 3683 πενίαν
1383 3629 1805 3700 κεκληρωμένον

197 3719 305 3774 καί
331 3717 670 3789 ἀρρωστίαν,
718 3712 782 3773 οὗ
818 3719 1195 3790 μνημονεῦσαι
1234 3719 1325 3773 τὸν
1355 3720 1562 3791 Κύριον
1592 3721 1671 3781 εἰς
1700 3738 1802 3773 πα-

195 3809 449 3883 ραϐολὴν
482 3810 644 3864 αὑτὸν
691 3810 951 3879 λαϐόντα,
1001 3811 1076 3875 ῶς
1104 3812 1327 3881 ἐμφανῆ
1360 3812 1456 3864 καὶ
1499 3811 1800 3882 γνώριμον.

209 3901 281 3958 Ὀ
315 3902 418 3973 μὲν
465 3897 559 3957 οὖν
590 3902 847 3968 πλούσιος
882 3903 1150 3958 πάντοθεν
1183 3905 1390 3974 εύροῶν
1419 3901 1508 3975 ἦν,
1561 3906 1656 3958 καὶ
1698 3905 1805 3973 γὰρ

195 3994 307 4049 καὶ⁸
341 3994 638 4065 πορφύραν
677 3995 776 4050 καὶ
820 3994 1020 4066 βύσσον
1055 3995 1362 4051 ἐνεδέδυτο’
1394 3998 1488 4051 καὶ
1527 3998 1588 4049 ού
1643 3996 1806 4066 μόνον

195 4081 394 4150 10610,
428 4086 566 4140 ἀλλὰ
603 4087 700 4140 καὶ
729 4087 831 4158 τὴν
875 4088 1049 4159 ἄλλην
1094 4089 1309 4159 τρυφὴν
1356 4088 1569 4160 ἐτρύφα
1601 4089 1804 4141 πᾶσαν.

195 4179 660 4249 Εὑφραινόμενος
692 4179 822 4252 γὰρ,
861 4181 1020 4250 φησὶ,
1071 4181 1168 4234 καὶ
1212 4183 1273 4233 ού
1324 4180 1422 4235 νῦν
1458 4181 1579 4251 μὲν,
1625 4180 1720 4233 νῦν
1752 4179 1807 4232 δὲ

193 4269 299 4329 οὒ.
328 4271 467 4324 ἀλλὰ
489 4272 835 4344 καθημέραν,
863 4274 955 4326 καὶ
975 4275 1036 4326 ού
1064 4275 1324 4345 μετρίως,
1351 4274 1486 4328 ἀλλὰ
1512 4273 1804 4343 λαμπρῶς,

194 4362 498 4418 τουτέστιν
563 4363 794 4428 ἀσώτως
833 4363 931 4418 καὶ
970 4365 1304 4428 πολυτελῶς.
1359 4367 1417 4420 Ὀ
1457 4367 1514 4420 δὲ
1556 4367 1808 4436 Λάζαρος

196 4455 312 4510 καὶ
350 4454 547 4525 πένης,
580 4457 676 4509 καὶ
709 4441 1034 4528 ἀρρωστῶν,
1066 4460 1162 4512 καὶ
1191 4460 1352 4513 τοῦτο
1384 4460 1598 4524 δεινῶς
1633 4461 1810 4528 ἡλκω-

198 4547 380 4618 μένος
417 4545 547 4618 γὰρ,
591 4549 778 4616 φησίν.
835 4549 992 4603 Ἐστι
1042 4551 1150 4621 γάρ
1209 4552 1551 4622 ἀρρωστεῖν,
1588 4551 1648 4604 ού
1705 4550 1812 4620 μὴν

195 4639 518 4711 ήλκῶσθαι.
565 4641 832 4694 Ἐνταῦθα
862 4642 918 4694 δὲ
949 4644 1200 4706 ἐπίτασις
1228 4644 1322 4697 τοῦ
1348 4645 1522 4698 κακοῦ
1547 4645 1642 4696 καὶ
1674 4643 1809 4714 πρὸς
1844 4665 1886 4719 D

192 4729 306 4785 τὸν
335 4728 563 4783 πυλῶνα
592 4730 756 4802 βεϐλη
768 4733 927 4801 μένος
947 4733 1044 4788 τοῦ
1073 4735 1354 4798 πλουσίου,
1380 4736 1542 4806 ἐτὲρα
1576 4736 1808 4806 βάσανος

192 4818 275 4890 τὸ
309 4817 448 4889 ὀρᾷν
474 4818 668 4885 ἄλλους
688 4821 1177 4893 ὑπερτρυφῶντας,
1211 4827 1376 4881 αὑτὸν
1405 4827 1460 4880 δέ
1492 4827 1809 4898 λιμώττειν.

211 4910 534 4982 Ἐπεθύμει
568 4913 678 4983 γὰρ
716 4918 1090 4987 χορτασθῆναι
1128 4920 1249 4990 ούχὶ
1292 4920 1603 4990 βρωμάτων
1646 4922 1812 4974 πολυ-

192 5001 414 5069 τελῶν,
464 5003 601 5058 ἀλλὰ
632 5007 726 5061 καὶ
771 5008 968 5079 ψιχίων
1005 5012 1208 5078 αὐτῶν,
1245 5015 1338 5067 καὶ
1385 5014 1612 5082 τούτων,
1646 5007 1721 5071 ὧν
1763 5015 1813 5066 el.

194 5095 386 5159 κύνες
440 5100 823 5169 χορτάζονται.
895 5104 1054 5158 Ἀλλὰ
1101 5105 1193 5158 καὶ
1241 5106 1446 5178 ἕρημος
1495 5107 1604 5161 τῶν
1653 5109 1814 5178 θερα-

194 5186 562 5240 πευσόντων·
600 5191 651 5242 οί
684 5193 793 5262 γάρ
822 5195 978 5257 κύνες
1011 5195 1218 5267 ἕλειχον
1252 5199 1318 5250 τά
1349 5198 1483 5269 ἕλκη
1515 5198 1703 5264 αὐτοῦ,
1729 5193 1814 5252 οἶα

194 5276 451 5349 μηδενὸς
478 5278 630 5344 δντος
660 5283 752 5336 106
788 5287 1225 5359 άποσοϐήσοντος
1259 5291 1504 5354 τούτους.
1542 5287 1690 5363 Ἀρα
1721 5289 1814 5345 οὖν

189 5371 269 5420 ὲν
314 5369 596 5435 τοσούτοις
633 5372 826 5438 δεινοῖς
873 5377 948 5430 ῶν
980 5382 1008 5431 ὀ
1053 5381 1304 5451 Λάζαρος
1347 5383 1810 5455 ἐϐλασφήμησεν;

190 5459 232 5529 ἦ
274 5459 593 5530 ἐλοιδόρησε
625 5464 723 5534 τὴν
757 5471 970 5539 τρυφὴν
995 5472 1089 5523 τοῦ
1117 5473 1414 5541 πλουσίους
1443 5476 1475 5546 ἢ
1510 5477 1611 5546 τὴν
1639 5478 1814 5530 ἁπαν-

186 5549 468 5619 Θρωπίαν
517 5555 878 5626 κατέκρινεν;
934 5563 966 5632 ἢ
1019 5563 1118 5635 τὴν
1173 5567 1432 5636 πρόνοιαν
1491 5568 1812 5639 ὲμέμψατος

183 5640 389 5696 Οὐδὲν
419 5643 630 5697 τούτων
662 5649 904 5720 ἐνόησεν,
940 5655 1078 5709 ἀλλὰ
1112 5658 1249 5725 μετὰ
1293 5659 1496 5729 πολλῆς
1534 5661 1633 5730 τῆς
1666 5661 1815 5729 φιλο-

187 5733 415 5802 σοφίας
452 5737 771 5808 ἐκαρτέρει.
809 5745 980 5799 Πόθεν
1017 5748 1210 5817 δῆλον;
1256 5752 1374 5820 Ἀφ’
1403 5751 1477 5807 ῶν
1514 5757 1562 5807 οἱ
1595 5755 1815 5822 ἄγγελοι

185 5824 383 5916 αὑτὸν
399 5826 752 5884 ἀποθανόντα
773 5835 1034 5907 ἐδέχοντο.
1059 5843 1174 5894 υύκ
1196 5843 1260 5895 ἂν
1285 5845 1414 5914 γάρ,
1441 5846 1487 5896 εξ
1508 5863 1678 5913 γογγυ
1690 5847 1816 5916 πτὴς

185 5915 279 5988 ἦν
338 5917 436 5970 καὶ
468 5920 816 5993 βλάσφημος,
848 5932 1116 6002 τοσαύτης
1143 5936 1308 6005 τιμῆς
1340 5938 1560 6009 ὴξιὼθη,
1600 5942 1690 5992 καὶ
1717 5941 1816 6011 τῆς

1829 3312 1873 3372 C

1901 2345 1997 2400 sed
2031 2344 2285 2416 figuravit
2309 2358 2618 2400 sermonem
2646 2343 2929 2410 Dominus,
2959 2354 3018 2398 ut
3037 2343 3507 2399 immisericordes

1904 2437 2101 2492 doceat
2145 2437 2324 2506 qualia
2357 2437 2438 2491 eis
2487 2446 2753 2492 eventura
2796 2437 2936 2501 sint,
2975 2444 3031 2491 et
3072 2437 3269 2492 iterum
3313 2437 3508 2492 doceat

1904 2543 1999 2585 eos
2029 2528 2120 2598 qui
2150 2527 2488 2597 affliguntur,
2523 2543 2687 2597 quam
2719 2527 2860 2583 bene
2890 2527 3128 2584 habituri
3161 2529 3272 2584 sint
3294 2545 3393 2599 pro
3426 2529 3510 2585 liis

1904 2636 2027 2689 qua:
2063 2620 2152 2675 hic
2184 2620 2480 2675 sustinent.
2517 2618 2750 2675 Divitem
2788 2618 2953 2690 igitur
2989 2621 3091 2675 hoc
3136 2621 3258 2676 loco
3299 2621 3510 2691 absque

1904 2712 2127 2766 nomine
2174 2712 2227 2765 in
2279 2710 2535 2780 parabola
2587 2711 2914 2780 assumpsit,
2962 2721 3151 2780 utpote
3191 2713 3282 2783 qui
3329 2727 3508 2784 neque

1905 2805 2100 2873 dignus
2132 2805 2203 2858 sit
2241 2805 2332 2872 qui
2365 2819 2395 2858 a
2442 2803 2551 2858 Deo
2577 2804 2889 2859 nominetur
2922 2844 2938 2872 ,
2975 2803 3121 2860 sicut
3155 2817 3208 2858 et
3254 2819 3349 2873 per
3379 2820 3511 2877 pro-

1907 2897 2124 2966 phetam
2156 2897 2288 2952 dicit
2318 2915 2330 2948 :
2362 2896 2478 2951 Non
2510 2911 2716 2951 memor
2743 2910 2838 2952 ero
2865 2897 3146 2952 nominum
3171 2897 3385 2952 illorum
3413 2913 3510 2968 per

1907 2989 2044 3044 labia
2077 3004 2219 3044 mea.
2254 2988 2465 3042 Nomen
2495 2998 2678 3044 autem
2716 2989 2974 3059 pauperis
3004 2999 3293 3044 memorat.
3326 2988 3513 3045 Justu-

1908 3097 2026 3136 rum
2059 3081 2203 3134 enim
2258 3081 2479 3137 nomina
2517 3081 2569 3135 in
2606 3079 2746 3136 libro
2793 3080 2919 3136 vita:
2953 3084 3160 3150 scripta
3192 3089 3340 3138 sunt.
3379 3083 3509 3136 Fert

1907 3175 2051 3228 enim
2087 3171 2440 3227 llebrazornm
2480 3172 2736 3238 traditio,
2778 3172 3046 3227 Lazarum
3092 3173 3380 3244 quemdam
3415 3191 3512 3243 per

1908 3265 2038 3320 illud
2063 3273 2276 3333 tempus
2298 3276 2541 3320 extrema
2563 3264 2745 3335 inepia
2774 3273 2828 3320 et
2854 3265 3174 3320 infirmitate
3200 3267 3505 3331 laborasse,

1909 3357 2064 3425 cnjus
2096 3357 2430 3409 mentionem
2463 3355 2653 3411 fecerit
2690 3355 2952 3410 Dominus
2985 3357 3037 3409 in
3071 3355 3332 3427 parabola
3369 3356 3471 3410 hac
3493 3398 3508 3422 ,

1910 3456 2097 3514 utpote
2127 3445 2241 3499 noti
2274 3455 2327 3500 et
2354 3445 2652 3501 manifesti.
2686 3445 2848 3500 Dives
2880 3445 3047 3514 igitur
3075 3446 3301 3500 omnino
3337 3447 3512 3501 disso.

1911 3541 2056 3596 Iulus
2091 3547 2238 3593 erat:
2267 3553 2391 3592 nam
2431 3553 2668 3608 purpura
2701 3547 2755 3593 et
2793 3538 2956 3607 bysso
2991 3539 3338 3604 induebatur,
3374 3557 3514 3609 prae.-

1912 3641 2058 3688 terea
2107 3632 2365 3686 omnibus
2418 3631 2539 3685 aliis
2587 3630 2796 3685 deliciis
2847 3630 3098 3686 vacabat.
3149 3630 3511 3701 Epulabatur,

1910 3723 2110 3792 inquit,
2145 3732 2197 3776 et
2227 3736 2333 3775 non
2366 3737 2510 3776 nunc
2543 3721 2796 3790 quidem,
2843 3730 3032 3791 postea
3063 3738 3196 3778 vero
3238 3741 3376 3785 non,
3419 3726 3511 3780 sz-d

1910 3812 2081 3885 (‘18
2114 3812 2358 3880 quotidie
2393 3830 2406 3866 :
2433 3820 2487 3866 ct
2519 3827 2625 3865 non
2655 3812 3028 3878 mediocriter,
3061 3816 3155 3869 sed
3193 3816 3510 3885 Splendide,

1915 3906 2016 3959 hoc
2069 3913 2153 3959 est
2217 3912 2536 3972 sumptuose
2581 3911 2636 3957 et
2687 3903 3060 3972 prodigaliter.
3110 3901 3353 3962 Lazarus
3385 3924 3516 3963 vero

1915 4011 2118 4067 pauper
2176 4005 2295 4050 erat
2337 4006 2391 4049 et
2426 3995 2677 4050 infirmus
2705 3996 2944 4065 graviter
2973 4014 2985 4050 :
3022 3997 3302 4054 ulcerosus
3333 4003 3512 4068 enim,

1915 4089 2110 4158 inquit,
2145 4099 2286 4142 erat.
2322 4087 2617 4158 [Egrotant
2649 4089 2773 4153 alii,
2809 4089 2902 4143 sed
2951 4091 3224 4146 ulceribus
3272 4072 3467 4150 carent
3498 4115 3511 4148 :

1915 4181 2003 4235 hic
2037 4189 2219 4235 autem
2269 4180 2521 4250 graviore
2564 4180 2707 4234 malo
2749 4179 3113 4251 aflligebatur,
3163 4194 3218 4238 ct
3251 4185 3317 4238 ad
3355 4189 3516 4240 vcsti-

1916 4273 2101 4326 bulum
2125 4271 2310 4326 divitis
2336 4271 2556 4340 jacebat
2587 4289 2600 4326 :
2626 4285 2758 4327 ecce
2787 4273 2927 4327 alius
2946 4273 3123 4340 dolor,
3155 4274 3346 4331 videre
3378 4278 3516 4332 alios

1916 4364 1968 4416 in
2000 4362 2232 4425 deliciis,
2272 4375 2331 4416 se
2362 4375 2490 4415 vero
2539 4360 2683 4414 fame
2726 4361 2922 4430 premi.
2976 4362 3334 4417 Desiderabat
3369 4369 3513 4419 enim

1917 4454 2129 4517 satiari,
2167 4468 2272 4508 non
2304 4453 2639 4521 sumptuosis
2676 4451 2934 4517 ferculis,
2957 4456 3050 4510 sed
3086 4457 3151 4510 de
3183 4457 3341 4512 micis
3375 4459 3514 4528 ejus.

1917 4554 1971 4598 et
2009 4543 2114 4598 illis
2144 4545 2344 4612 quibus
2378 4544 2724 4596 satiebantur
2746 4557 2934 4599 canes.
2973 4544 3202 4616 Insuper
3225 4547 3518 4602 destitutus

1919 4648 2038 4691 erat
2061 4635 2210 4689 omni
2237 4650 2392 4700 cura,
2425 4645 2479 4688 et
2505 4649 2668 4688 canes
2699 4633 2973 4702 lingeliant
2999 4637 3184 4691 ulcera
3219 4641 3356 4706 ejus,
3390 4654 3516 4694 cum

1917 4744 2077 4784 nemo
2117 4736 2263 4784 esset
2306 4727 2396 4796 qui
2446 4726 2641 4782 abillo
2685 4728 2818 4782 istos
2858 4729 3122 4797 abigeret.
3166 4730 3308 4784 Num
3351 4732 3519 4799 igitur

1916 4822 2160 4877 Lazarus
2198 4822 2251 4876 in
2302 4822 2465 4876 tantis
2506 4823 2662 4874 matis
2713 4821 3173 4892 blaspltemabat?
3219 4840 3348 4879 num
3385 4841 3520 4880 cou-

1917 4915 2262 4970 viciabatur?
2295 4931 2420 4968 num
2454 4912 2765 4969 incessabat
2798 4915 2984 4968 luxum
3018 4915 3241 4971 divitis?
3271 4934 3400 4972 num
3434 4918 3519 4972 iu-

1919 5008 2318 5062 linmanitatem
2353 5005 2794 5060 condemnabat?
2829 5022 2956 5059 num
2993 5008 3390 5075 providentiam
3419 5010 3514 5064 Dei

1920 5099 2386 5171 reprehendebat?
2441 5098 2586 5153 Nihil
2641 5101 2833 5154 horum
2875 5117 2889 5154 :
2934 5102 3027 5154 sed
3065 5100 3220 5155 fortis
3269 5113 3423 5168 erat,
3464 5113 3519 5157 et

1921 5207 2131 5263 magna:
2178 5191 2559 5261 philosopbim.
2611 5189 2764 5245 Unde
2795 5190 3192 5246 manifestum?
3228 5205 3516 5263 propterea

1918 5285 2060 5357 quod
2115 5285 2290 5355 angeli
2332 5285 2504 5354 ipsum
2532 5287 2831 5352 {rnortuum
2879 5285 3240 5353 susceperint.
3287 5285 3423 5340 Nam
3469 5290 3514 5342 si

1919 5382 2369 5434 obmurmurator
2418 5378 2616 5432 fuisset
2666 5387 2721 5433 et
2759 5377 3145 5448 blasphemus,
3197 5383 3515 5450 neutiquam

1921 5481 2128 5525 tantum
2168 5472 2429 5524 honorem
2471 5471 2666 5524 fuisset
2714 5480 3067 5532 consecutus,
3107 5481 3159 5525 et
3197 5473 3514 5540 angelorum

1921 5566 2181 5618 comitatu
2223 5565 2477 5632 stipatus.
2521 5563 2762 5617 Mortuus
2795 5571 2886 5616 est
2931 5573 3112 5616 autem
3154 5574 3209 5618 et
3245 5565 3418 5627 dives,
3453 5580 3517 5616 ac

1919 5658 2163 5725 sepultus
2211 5667 2317 5711 est.
2356 5657 2489 5711 Nam
2523 5655 2768 5726 profecto
2805 5657 2965 5709 etiam
3003 5672 3125 5710 cum
3160 5657 3386 5716 viveret.
3431 5671 3518 5709 se-

1920 5751 2228 5819 pultach
2270 5751 2388 5820 ejus
2437 5749 2654 5814 anima,
2712 5762 2934 5802 carnem
2991 5748 3143 5817 quasi
3202 5747 3515 5816 sepulcrum

1920 5844 2338 5900 circumferens.
2386 5843 2452 5898 Ει
2498 5845 2618 5898 ideo
2651 5860 2772 5897 cum
2810 5853 3137 5906 moreretur,
3178 5858 3284 5896 nou
3315 5843 3383 5895 ali
3426 5860 3520 5895 att-

1926 5938 2059 6004 gclis
2082 5948 2394 6008 assumptus
2427 5947 2542 6002 est,
2573 5939 2665 5993 sed
2694 5938 2744 5991 iu
2771 5935 3040 5990 infernum
3073 5938 3358 5992 deductus.
3385 5934 3520 5989 Nam
