  <div class='ocr_page' id='page_1' title='image "/cluster/home/n/w/nwhite01/storage/ocr_20150623/123/uva.x004884189/602.png"; bbox 0 0 4048 6492; ppageno 0'>
   <div class='ocr_carea' id='block_1_1' title="bbox 172 463 268 525">
    <p class='ocr_par' dir='ltr' id='par_1_1' title="bbox 172 463 268 525">
     <span class='ocr_line' id='line_1_1' title="bbox 172 463 268 525; baseline -0.031 0"><span class='ocrx_word' id='word_1_1' title='bbox 172 463 268 525; x_wconf 71' lang='lat'><strong>{’77</strong></span> 
     </span>
    </p>
   </div>
   <div class='ocr_carea' id='block_1_2' title="bbox 965 453 2852 526">
    <p class='ocr_par' dir='ltr' id='par_1_2' title="bbox 965 453 2852 526">
     <span class='ocr_line' id='line_1_2' title="bbox 965 453 2852 526; baseline -0.004 -5"><span class='ocrx_word' id='word_1_2' title='bbox 965 462 1417 526; x_wconf 68' lang='lat' dir='ltr'><strong>ENAltllATlO</strong></span> <span class='ocrx_word' id='word_1_3' title='bbox 1466 463 1545 522; x_wconf 75' lang='lat' dir='ltr'><strong>IN</strong></span> <span class='ocrx_word' id='word_1_4' title='bbox 1592 459 2100 523; x_wconf 71' lang='lat' dir='ltr'><strong>EVANGELIUM</strong></span> <span class='ocrx_word' id='word_1_5' title='bbox 2137 458 2374 522; x_wconf 70' lang='lat' dir='ltr'><strong>LUOE.</strong></span> <span class='ocrx_word' id='word_1_6' title='bbox 2402 485 2467 494; x_wconf 87' lang='grc'><strong>-</strong></span> <span class='ocrx_word' id='word_1_7' title='bbox 2499 457 2660 518; x_wconf 73' lang='lat' dir='ltr'><strong>CAP.</strong></span> <span class='ocrx_word' id='word_1_8' title='bbox 2700 453 2852 516; x_wconf 78' lang='lat' dir='ltr'><strong>XVI.</strong></span> 
     </span>
    </p>
   </div>
   <div class='ocr_carea' id='block_1_3' title="bbox 3364 449 3471 510">
    <p class='ocr_par' dir='ltr' id='par_1_3' title="bbox 3364 449 3471 510">
     <span class='ocr_line' id='line_1_3' title="bbox 3364 449 3471 510; baseline 0.019 -2"><span class='ocrx_word' id='word_1_9' title='bbox 3364 449 3471 510; x_wconf 72' lang='lat'><strong>978</strong></span> 
     </span>
    </p>
   </div>
   <div class='ocr_carea' id='block_1_4' title="bbox 171 560 1789 646">
    <p class='ocr_par' dir='ltr' id='par_1_4' title="bbox 171 571 1770 646">
     <span class='ocr_line' id='line_1_4' title="bbox 171 571 1770 646; baseline -0.004 -16"><span class='ocrx_word' id='word_1_10' title='bbox 171 579 262 630; x_wconf 76' lang='grc' dir='ltr'>ευο</span> <span class='ocrx_word' id='word_1_11' title='bbox 300 578 632 646; x_wconf 71' lang='grc' dir='ltr'><strong>εἰργάσαντο</strong></span> <span class='ocrx_word' id='word_1_12' title='bbox 662 575 864 646; x_wconf 80' lang='grc' dir='ltr'>ἀγαθά.</span> <span class='ocrx_word' id='word_1_13' title='bbox 899 575 1068 629; x_wconf 85' lang='grc' dir='ltr'><strong>Ὅθεν</strong></span> <span class='ocrx_word' id='word_1_14' title='bbox 1117 575 1213 630; x_wconf 73' lang='grc' dir='ltr'><strong>καὶ</strong></span> <span class='ocrx_word' id='word_1_15' title='bbox 1260 573 1424 636; x_wconf 80' lang='grc' dir='ltr'>αὐτὸς</span> <span class='ocrx_word' id='word_1_16' title='bbox 1478 571 1618 642; x_wconf 76' lang='grc' dir='ltr'>ἔχων</span> <span class='ocrx_word' id='word_1_17' title='bbox 1647 571 1770 624; x_wconf 80' lang='grc' dir='ltr'>τινά</span> 
     </span>
    </p>
   </div>
   <div class='ocr_carea' id='block_1_5' title="bbox 1900 560 3485 646">
    <p class='ocr_par' dir='ltr' id='par_1_5' title="bbox 1900 560 3485 627">
     <span class='ocr_line' id='line_1_5' title="bbox 1900 560 3485 627; baseline -0.008 -5"><span class='ocrx_word' id='word_1_18' title='bbox 1900 587 1974 627; x_wconf 81' lang='grc' dir='ltr'>·ιιε</span> <span class='ocrx_word' id='word_1_19' title='bbox 2008 569 2168 624; x_wconf 89' lang='lat' dir='ltr'><strong>mala.</strong></span> <span class='ocrx_word' id='word_1_20' title='bbox 2204 567 2480 624; x_wconf 77' lang='lat' dir='ltr'><strong>Fortassis</strong></span> <span class='ocrx_word' id='word_1_21' title='bbox 2511 565 2658 622; x_wconf 90' lang='lat' dir='ltr'><strong>enim</strong></span> <span class='ocrx_word' id='word_1_22' title='bbox 2690 573 2743 619; x_wconf 91' lang='lat' dir='ltr'><strong>cl</strong></span> <span class='ocrx_word' id='word_1_23' title='bbox 2776 563 2864 618; x_wconf 90' lang='lat' dir='ltr'><strong>ille</strong></span> <span class='ocrx_word' id='word_1_24' title='bbox 2892 575 3059 616; x_wconf 89' lang='lat' dir='ltr'><strong>unum</strong></span> <span class='ocrx_word' id='word_1_25' title='bbox 3092 561 3172 616; x_wconf 76' lang='lat' dir='ltr'><strong>vel</strong></span> <span class='ocrx_word' id='word_1_26' title='bbox 3203 560 3310 615; x_wconf 91' lang='lat' dir='ltr'><strong>duo</strong></span> <span class='ocrx_word' id='word_1_27' title='bbox 3345 560 3485 612; x_wconf 89' lang='lat' dir='ltr'><strong>tnala</strong></span> 
     </span>
    </p>
   </div>
   <div class='ocr_carea' id='block_1_6' title="bbox 171 663 1768 740">
    <p class='ocr_par' dir='ltr' id='par_1_6' title="bbox 171 663 1768 740">
     <span class='ocr_line' id='line_1_6' title="bbox 171 663 1768 740; baseline -0.004 -18"><span class='ocrx_word' id='word_1_28' title='bbox 171 670 349 737; x_wconf 81' lang='grc' dir='ltr'>ἀγαθά</span> <span class='ocrx_word' id='word_1_29' title='bbox 373 671 465 724; x_wconf 68' lang='grc' dir='ltr'><strong>διὰ</strong></span> <span class='ocrx_word' id='word_1_30' title='bbox 496 671 595 740; x_wconf 79' lang='grc' dir='ltr'>τῆς</span> <span class='ocrx_word' id='word_1_31' title='bbox 629 671 688 723; x_wconf 84' lang='grc' dir='ltr'>ὲν</span> <span class='ocrx_word' id='word_1_32' title='bbox 731 668 869 740; x_wconf 86' lang='grc' dir='ltr'>τῷδε</span> <span class='ocrx_word' id='word_1_33' title='bbox 897 668 975 738; x_wconf 79' lang='grc' dir='ltr'>τῷ</span> <span class='ocrx_word' id='word_1_34' title='bbox 1007 667 1108 736; x_wconf 82' lang='grc' dir='ltr'><strong>βίῳ</strong></span> <span class='ocrx_word' id='word_1_35' title='bbox 1138 664 1444 736; x_wconf 72' lang='grc' dir='ltr'><strong>εὐημερίας</strong></span> <span class='ocrx_word' id='word_1_36' title='bbox 1477 663 1576 736; x_wconf 82' lang='grc' dir='ltr'>τὴν</span> <span class='ocrx_word' id='word_1_37' title='bbox 1605 664 1768 734; x_wconf 86' lang='grc' dir='ltr'>ἀμοι-</span> 
     </span>
    </p>
   </div>
   <div class='ocr_carea' id='block_1_7' title="bbox 174 757 1771 832">
    <p class='ocr_par' dir='ltr' id='par_1_7' title="bbox 174 757 1771 832">
     <span class='ocr_line' id='line_1_7' title="bbox 174 757 1771 832; baseline -0.004 -19"><span class='ocrx_word' id='word_1_38' title='bbox 174 762 273 832; x_wconf 76' lang='grc' dir='ltr'><strong>ϐὴν</strong></span> <span class='ocrx_word' id='word_1_39' title='bbox 311 764 635 832; x_wconf 73' lang='grc' dir='ltr'>δεξάμενος,</span> <span class='ocrx_word' id='word_1_40' title='bbox 693 761 994 815; x_wconf 79' lang='grc' dir='ltr'>ἀπολαϐεῖν</span> <span class='ocrx_word' id='word_1_41' title='bbox 1043 757 1219 812; x_wconf 83' lang='grc' dir='ltr'>ταῦτα</span> <span class='ocrx_word' id='word_1_42' title='bbox 1267 758 1511 825; x_wconf 68' lang='grc' dir='ltr'>λέγεταν</span> <span class='ocrx_word' id='word_1_43' title='bbox 1567 757 1771 826; x_wconf 82' lang='grc' dir='ltr'>ὁμοίως</span> 
     </span>
    </p>
   </div>
   <div class='ocr_carea' id='block_1_8' title="bbox 171 841 1771 925">
    <p class='ocr_par' dir='ltr' id='par_1_8' title="bbox 171 841 1771 925">
     <span class='ocr_line' id='line_1_8' title="bbox 171 841 1771 925; baseline -0.003 -19"><span class='ocrx_word' id='word_1_44' title='bbox 171 855 223 907; x_wconf 82' lang='grc' dir='ltr'>δὲ</span> <span class='ocrx_word' id='word_1_45' title='bbox 261 855 353 907; x_wconf 81' lang='grc' dir='ltr'>καὶ</span> <span class='ocrx_word' id='word_1_46' title='bbox 381 857 410 906; x_wconf 99' lang='lat'><strong>6</strong></span> <span class='ocrx_word' id='word_1_47' title='bbox 441 855 694 925; x_wconf 77' lang='grc' dir='ltr'><strong>Λάζαρος</strong></span> <span class='ocrx_word' id='word_1_48' title='bbox 726 854 793 908; x_wconf 80' lang='grc' dir='ltr'><strong>τά</strong></span> <span class='ocrx_word' id='word_1_49' title='bbox 830 853 1001 909; x_wconf 83' lang='grc' dir='ltr'>κακά.</span> <span class='ocrx_word' id='word_1_50' title='bbox 1043 853 1205 916; x_wconf 87' lang='grc' dir='ltr'><strong>ΙἹσως</strong></span> <span class='ocrx_word' id='word_1_51' title='bbox 1238 851 1348 922; x_wconf 73' lang='grc' dir='ltr'><strong>γὰρ</strong></span> <span class='ocrx_word' id='word_1_52' title='bbox 1387 850 1485 903; x_wconf 74' lang='grc' dir='ltr'>καὶ</span> <span class='ocrx_word' id='word_1_53' title='bbox 1516 841 1673 911; x_wconf 70' lang='grc' dir='ltr'>οὗτος</span> <span class='ocrx_word' id='word_1_54' title='bbox 1714 849 1771 902; x_wconf 81' lang='grc' dir='ltr'>ἓν</span> 
     </span>
    </p>
   </div>
   <div class='ocr_carea' id='block_1_9' title="bbox 172 936 1772 1017">
    <p class='ocr_par' dir='ltr' id='par_1_9' title="bbox 172 936 1772 1017">
     <span class='ocr_line' id='line_1_9' title="bbox 172 936 1772 1017; baseline -0.004 -17"><span class='ocrx_word' id='word_1_55' title='bbox 172 949 200 1016; x_wconf 77' lang='grc' dir='ltr'>ἢ</span> <span class='ocrx_word' id='word_1_56' title='bbox 231 947 321 1000; x_wconf 82' lang='grc' dir='ltr'><strong>δύο</strong></span> <span class='ocrx_word' id='word_1_57' title='bbox 356 946 655 1017; x_wconf 73' lang='grc' dir='ltr'>εἰργάσατο</span> <span class='ocrx_word' id='word_1_58' title='bbox 687 949 856 1004; x_wconf 75' lang='grc' dir='ltr'>κακὰ.</span> <span class='ocrx_word' id='word_1_59' title='bbox 891 946 988 1000; x_wconf 74' lang='grc' dir='ltr'>καὶ</span> <span class='ocrx_word' id='word_1_60' title='bbox 1032 945 1123 998; x_wconf 75' lang='grc' dir='ltr'>διὰ</span> <span class='ocrx_word' id='word_1_61' title='bbox 1161 944 1263 1012; x_wconf 79' lang='grc' dir='ltr'><strong>τῆς</strong></span> <span class='ocrx_word' id='word_1_62' title='bbox 1314 943 1530 1015; x_wconf 81' lang='grc' dir='ltr'>ὀδύνης,</span> <span class='ocrx_word' id='word_1_63' title='bbox 1585 936 1654 1013; x_wconf 82' lang='grc' dir='ltr'>ἧς</span> <span class='ocrx_word' id='word_1_64' title='bbox 1685 943 1772 995; x_wconf 73' lang='grc' dir='ltr'><strong>ὲν-</strong></span> 
     </span>
    </p>
   </div>
   <div class='ocr_carea' id='block_1_10' title="bbox 170 1034 1771 1109">
    <p class='ocr_par' dir='ltr' id='par_1_10' title="bbox 170 1034 1771 1109">
     <span class='ocr_line' id='line_1_10' title="bbox 170 1034 1771 1109; baseline -0.001 -20"><span class='ocrx_word' id='word_1_65' title='bbox 170 1038 341 1092; x_wconf 84' lang='grc' dir='ltr'>ταῦθα</span> <span class='ocrx_word' id='word_1_66' title='bbox 373 1039 692 1109; x_wconf 80' lang='grc' dir='ltr'><strong>ὑπέμεινεν,</strong></span> <span class='ocrx_word' id='word_1_67' title='bbox 739 1038 983 1094; x_wconf 83' lang='grc' dir='ltr'>ἀπέλαϐε</span> <span class='ocrx_word' id='word_1_68' title='bbox 1033 1038 1133 1108; x_wconf 84' lang='grc' dir='ltr'>τὴν</span> <span class='ocrx_word' id='word_1_69' title='bbox 1184 1035 1341 1102; x_wconf 80' lang='grc' dir='ltr'>ἀξίαν</span> <span class='ocrx_word' id='word_1_70' title='bbox 1375 1035 1617 1106; x_wconf 78' lang='grc' dir='ltr'>ἀμοιϐὴν</span> <span class='ocrx_word' id='word_1_71' title='bbox 1650 1034 1771 1088; x_wconf 84' lang='grc' dir='ltr'>τού-</span> 
     </span>
    </p>
   </div>
   <div class='ocr_carea' id='block_1_11' title="bbox 169 1125 1774 1204">
    <p class='ocr_par' dir='ltr' id='par_1_11' title="bbox 169 1125 1774 1204">
     <span class='ocr_line' id='line_1_11' title="bbox 169 1125 1774 1204; baseline -0.001 -21"><span class='ocrx_word' id='word_1_72' title='bbox 169 1149 293 1185; x_wconf 87' lang='grc' dir='ltr'><strong>των.</strong></span> <span class='ocrx_word' id='word_1_73' title='bbox 321 1131 414 1185; x_wconf 61' lang='lat' dir='ltr'><strong>an</strong></span> <span class='ocrx_word' id='word_1_74' title='bbox 446 1134 846 1203; x_wconf 72' lang='grc' dir='ltr'>παρακαλεῖται</span> <span class='ocrx_word' id='word_1_75' title='bbox 877 1134 976 1204; x_wconf 83' lang='grc' dir='ltr'>μὲν</span> <span class='ocrx_word' id='word_1_76' title='bbox 1002 1125 1184 1197; x_wconf 73' lang='grc' dir='ltr'>οὗτος,</span> <span class='ocrx_word' id='word_1_77' title='bbox 1216 1131 1471 1186; x_wconf 78' lang='grc' dir='ltr'><strong>ὀδυνᾶσαι</strong></span> <span class='ocrx_word' id='word_1_78' title='bbox 1499 1129 1554 1184; x_wconf 78' lang='grc' dir='ltr'>δὲ</span> <span class='ocrx_word' id='word_1_79' title='bbox 1579 1128 1665 1183; x_wconf 88' lang='grc' dir='ltr'><strong>σύ.</strong></span> <span class='ocrx_word' id='word_1_80' title='bbox 1700 1129 1774 1183; x_wconf 83' lang='grc' dir='ltr'>Τὸ</span> 
     </span>
    </p>
   </div>
   <div class='ocr_carea' id='block_1_12' title="bbox 169 1222 1772 1297">
    <p class='ocr_par' dir='ltr' id='par_1_12' title="bbox 169 1222 1772 1297">
     <span class='ocr_line' id='line_1_12' title="bbox 169 1222 1772 1297; baseline 0.001 -22"><span class='ocrx_word' id='word_1_81' title='bbox 169 1224 223 1275; x_wconf 79' lang='grc' dir='ltr'>δὲ</span> <span class='ocrx_word' id='word_1_82' title='bbox 271 1224 464 1294; x_wconf 80' lang='grc' dir='ltr'>χάσμα</span> <span class='ocrx_word' id='word_1_83' title='bbox 506 1225 659 1293; x_wconf 82' lang='grc' dir='ltr'>δηλοῖ</span> <span class='ocrx_word' id='word_1_84' title='bbox 688 1225 787 1297; x_wconf 82' lang='grc' dir='ltr'>τὴν</span> <span class='ocrx_word' id='word_1_85' title='bbox 832 1226 943 1278; x_wconf 86' lang='grc' dir='ltr'><strong>τῶν</strong></span> <span class='ocrx_word' id='word_1_86' title='bbox 981 1225 1211 1279; x_wconf 74' lang='grc' dir='ltr'>δικαίων</span> <span class='ocrx_word' id='word_1_87' title='bbox 1248 1224 1384 1294; x_wconf 71' lang='grc' dir='ltr'>πρὸς</span> <span class='ocrx_word' id='word_1_88' title='bbox 1419 1223 1548 1287; x_wconf 77' lang='grc' dir='ltr'>τοὺς</span> <span class='ocrx_word' id='word_1_89' title='bbox 1582 1222 1772 1293; x_wconf 87' lang='grc' dir='ltr'>ἀμαρ-</span> 
     </span>
    </p>
   </div>
   <div class='ocr_carea' id='block_1_13' title="bbox 169 1303 1772 1386">
    <p class='ocr_par' dir='ltr' id='par_1_13' title="bbox 169 1303 1772 1386">
     <span class='ocr_line' id='line_1_13' title="bbox 169 1303 1772 1386; baseline -0.001 -20"><span class='ocrx_word' id='word_1_90' title='bbox 169 1315 369 1377; x_wconf 76' lang='grc' dir='ltr'>τωλοὺς</span> <span class='ocrx_word' id='word_1_91' title='bbox 397 1315 680 1370; x_wconf 83' lang='grc' dir='ltr'>διάστασιν</span> <span class='ocrx_word' id='word_1_92' title='bbox 740 1318 832 1372; x_wconf 71' lang='grc' dir='ltr'><strong>καὶ</strong></span> <span class='ocrx_word' id='word_1_93' title='bbox 863 1316 1154 1385; x_wconf 79' lang='grc' dir='ltr'>διαφοράν.</span> <span class='ocrx_word' id='word_1_94' title='bbox 1199 1315 1414 1386; x_wconf 82' lang='grc' dir='ltr'>Ὥσπερ</span> <span class='ocrx_word' id='word_1_95' title='bbox 1442 1314 1552 1386; x_wconf 82' lang='grc' dir='ltr'><strong>γάρ</strong></span> <span class='ocrx_word' id='word_1_96' title='bbox 1582 1303 1677 1368; x_wconf 66' lang='grc' dir='ltr'>καὶ</span> <span class='ocrx_word' id='word_1_97' title='bbox 1716 1313 1772 1365; x_wconf 76' lang='grc' dir='ltr'>αἱ</span> 
     </span>
    </p>
   </div>
   <div class='ocr_carea' id='block_1_14' title="bbox 169 1405 1774 1480">
    <p class='ocr_par' dir='ltr' id='par_1_14' title="bbox 169 1405 1774 1480">
     <span class='ocr_line' id='line_1_14' title="bbox 169 1405 1774 1480; baseline 0 -21"><span class='ocrx_word' id='word_1_98' title='bbox 169 1408 520 1477; x_wconf 78' lang='grc' dir='ltr'><strong>προαιρέσεις</strong></span> <span class='ocrx_word' id='word_1_99' title='bbox 577 1409 758 1464; x_wconf 84' lang='grc' dir='ltr'>αὐτῶν</span> <span class='ocrx_word' id='word_1_100' title='bbox 821 1410 1074 1479; x_wconf 77' lang='grc' dir='ltr'>διάφοροι</span> <span class='ocrx_word' id='word_1_101' title='bbox 1123 1405 1291 1480; x_wconf 75' lang='grc' dir='ltr'>ἦσαν,</span> <span class='ocrx_word' id='word_1_102' title='bbox 1347 1408 1492 1462; x_wconf 83' lang='grc' dir='ltr'>οὓτω</span> <span class='ocrx_word' id='word_1_103' title='bbox 1555 1407 1651 1461; x_wconf 72' lang='grc' dir='ltr'>καὶ</span> <span class='ocrx_word' id='word_1_104' title='bbox 1717 1406 1774 1461; x_wconf 76' lang='grc' dir='ltr'>αἱ</span> 
     </span>
    </p>
   </div>
   <div class='ocr_carea' id='block_1_15' title="bbox 173 1495 1778 1570">
    <p class='ocr_par' dir='ltr' id='par_1_15' title="bbox 173 1495 1778 1570">
     <span class='ocr_line' id='line_1_15' title="bbox 173 1495 1778 1570; baseline 0.004 -24"><span class='ocrx_word' id='word_1_105' title='bbox 173 1496 335 1562; x_wconf 78' lang='grc' dir='ltr'>μοναὶ</span> <span class='ocrx_word' id='word_1_106' title='bbox 382 1495 586 1568; x_wconf 82' lang='grc' dir='ltr'>πολλὴν</span> <span class='ocrx_word' id='word_1_107' title='bbox 615 1499 716 1569; x_wconf 79' lang='grc' dir='ltr'>τὴν</span> <span class='ocrx_word' id='word_1_108' title='bbox 766 1499 1078 1554; x_wconf 82' lang='grc' dir='ltr'>ἀπόστασιν</span> <span class='ocrx_word' id='word_1_109' title='bbox 1129 1498 1370 1570; x_wconf 76' lang='grc' dir='ltr'>ἔχουσιν,</span> <span class='ocrx_word' id='word_1_110' title='bbox 1428 1498 1664 1551; x_wconf 81' lang='grc' dir='ltr'><strong>ἑκάστου</strong></span> <span class='ocrx_word' id='word_1_111' title='bbox 1707 1497 1778 1552; x_wconf 78' lang='grc' dir='ltr'>τὰ</span> 
     </span>
    </p>
   </div>
   <div class='ocr_carea' id='block_1_16' title="bbox 172 1585 1776 1661">
    <p class='ocr_par' dir='ltr' id='par_1_16' title="bbox 172 1585 1776 1661">
     <span class='ocr_line' id='line_1_16' title="bbox 172 1585 1776 1661; baseline 0.004 -26"><span class='ocrx_word' id='word_1_112' title='bbox 172 1585 485 1656; x_wconf 75' lang='grc' dir='ltr'>κατάλληλα</span> <span class='ocrx_word' id='word_1_113' title='bbox 530 1590 596 1658; x_wconf 82' lang='grc' dir='ltr'>τῇ</span> <span class='ocrx_word' id='word_1_114' title='bbox 653 1589 976 1660; x_wconf 80' lang='grc' dir='ltr'>προαιρέσει</span> <span class='ocrx_word' id='word_1_115' title='bbox 1042 1591 1138 1644; x_wconf 77' lang='grc' dir='ltr'>καὶ</span> <span class='ocrx_word' id='word_1_116' title='bbox 1187 1591 1265 1661; x_wconf 84' lang='grc' dir='ltr'>τῷ</span> <span class='ocrx_word' id='word_1_117' title='bbox 1313 1590 1415 1660; x_wconf 75' lang='grc' dir='ltr'><strong>βίῳ</strong></span> <span class='ocrx_word' id='word_1_118' title='bbox 1450 1587 1776 1658; x_wconf 87' lang='grc' dir='ltr'>ἀπολαμϐά-</span> 
     </span>
    </p>
   </div>
   <div class='ocr_carea' id='block_1_17' title="bbox 170 1678 1775 1754">
    <p class='ocr_par' dir='ltr' id='par_1_17' title="bbox 170 1678 1775 1754">
     <span class='ocr_line' id='line_1_17' title="bbox 170 1678 1775 1754; baseline 0.005 -29"><span class='ocrx_word' id='word_1_119' title='bbox 170 1693 375 1740; x_wconf 86' lang='grc' dir='ltr'>νοντος.</span> <span class='ocrx_word' id='word_1_120' title='bbox 409 1678 723 1749; x_wconf 78' lang='grc' dir='ltr'>Σημεῐωσαι</span> <span class='ocrx_word' id='word_1_121' title='bbox 746 1681 802 1732; x_wconf 79' lang='grc' dir='ltr'>δὲ</span> <span class='ocrx_word' id='word_1_122' title='bbox 832 1681 1087 1734; x_wconf 74' lang='grc' dir='ltr'>ἐντεῦθεν</span> <span class='ocrx_word' id='word_1_123' title='bbox 1130 1681 1380 1754; x_wconf 73' lang='grc' dir='ltr'>πόρισμα</span> <span class='ocrx_word' id='word_1_124' title='bbox 1407 1699 1460 1734; x_wconf 87' lang='grc' dir='ltr'><strong>τι</strong></span> <span class='ocrx_word' id='word_1_125' title='bbox 1487 1680 1631 1736; x_wconf 82' lang='grc' dir='ltr'><strong>κατά</strong></span> <span class='ocrx_word' id='word_1_126' title='bbox 1664 1681 1775 1734; x_wconf 87' lang='grc' dir='ltr'><strong>τῶν</strong></span> 
     </span>
    </p>
   </div>
   <div class='ocr_carea' id='block_1_18' title="bbox 182 1768 1774 1848">
    <p class='ocr_par' dir='ltr' id='par_1_18' title="bbox 182 1768 1774 1848">
     <span class='ocr_line' id='line_1_18' title="bbox 182 1768 1774 1848; baseline 0.005 -28"><span class='ocrx_word' id='word_1_127' title='bbox 182 1768 605 1840; x_wconf 76' lang='grc' dir='ltr'>Ὠριγενιαστῶν</span> <span class='ocrx_word' id='word_1_128' title='bbox 635 1775 927 1843; x_wconf 83' lang='grc' dir='ltr'>λεγόντων,</span> <span class='ocrx_word' id='word_1_129' title='bbox 967 1776 1052 1830; x_wconf 84' lang='grc' dir='ltr'>ὃτι</span> <span class='ocrx_word' id='word_1_130' title='bbox 1083 1775 1235 1840; x_wconf 80' lang='grc' dir='ltr'>τέλος</span> <span class='ocrx_word' id='word_1_131' title='bbox 1271 1775 1506 1848; x_wconf 73' lang='grc' dir='ltr'>ἐχούσης</span> <span class='ocrx_word' id='word_1_132' title='bbox 1537 1776 1638 1846; x_wconf 81' lang='grc' dir='ltr'>τῆς</span> <span class='ocrx_word' id='word_1_133' title='bbox 1679 1793 1774 1829; x_wconf 84' lang='grc' dir='ltr'>κο-</span> 
     </span>
    </p>
   </div>
   <div class='ocr_carea' id='block_1_19' title="bbox 168 1861 1775 1940">
    <p class='ocr_par' dir='ltr' id='par_1_19' title="bbox 168 1861 1775 1940">
     <span class='ocr_line' id='line_1_19' title="bbox 168 1861 1775 1940; baseline 0.006 -28"><span class='ocrx_word' id='word_1_134' title='bbox 168 1861 384 1926; x_wconf 76' lang='grc' dir='ltr'>λάσεως</span> <span class='ocrx_word' id='word_1_135' title='bbox 414 1864 568 1919; x_wconf 86' lang='grc' dir='ltr'>ἔσται</span> <span class='ocrx_word' id='word_1_136' title='bbox 601 1867 816 1937; x_wconf 84' lang='grc' dir='ltr'>καιρὸς,</span> <span class='ocrx_word' id='word_1_137' title='bbox 841 1868 933 1922; x_wconf 86' lang='grc' dir='ltr'><strong>δτε</strong></span> <span class='ocrx_word' id='word_1_138' title='bbox 974 1869 1024 1921; x_wconf 80' lang='lat' dir='ltr'><strong>oi</strong></span> <span class='ocrx_word' id='word_1_139' title='bbox 1056 1870 1376 1940; x_wconf 77' lang='grc' dir='ltr'>ἁμαρτωλοὶ</span> <span class='ocrx_word' id='word_1_140' title='bbox 1405 1868 1775 1939; x_wconf 77' lang='grc' dir='ltr'>ἐνωθήσονται</span> 
     </span>
    </p>
   </div>
   <div class='ocr_carea' id='block_1_20' title="bbox 168 1943 1856 2033">
    <p class='ocr_par' dir='ltr' id='par_1_20' title="bbox 168 1943 1856 2033">
     <span class='ocr_line' id='line_1_20' title="bbox 168 1943 1856 2033; baseline 0.005 -26"><span class='ocrx_word' id='word_1_141' title='bbox 168 1959 277 2019; x_wconf 82' lang='grc' dir='ltr'>τοῖς</span> <span class='ocrx_word' id='word_1_142' title='bbox 311 1957 566 2024; x_wconf 79' lang='grc' dir='ltr'>δικαίοις,</span> <span class='ocrx_word' id='word_1_143' title='bbox 619 1962 715 2014; x_wconf 72' lang='grc' dir='ltr'><strong>καὶ</strong></span> <span class='ocrx_word' id='word_1_144' title='bbox 763 1961 842 2032; x_wconf 88' lang='grc' dir='ltr'>τῷ</span> <span class='ocrx_word' id='word_1_145' title='bbox 876 1961 1020 2033; x_wconf 84' lang='grc' dir='ltr'>Θεῷ,</span> <span class='ocrx_word' id='word_1_146' title='bbox 1063 1964 1160 2016; x_wconf 75' lang='grc' dir='ltr'><strong>καὶ</strong></span> <span class='ocrx_word' id='word_1_147' title='bbox 1202 1961 1376 2026; x_wconf 70' lang='grc' dir='ltr'>οὕτως</span> <span class='ocrx_word' id='word_1_148' title='bbox 1413 1963 1485 2017; x_wconf 83' lang='grc' dir='ltr'>τὰ</span> <span class='ocrx_word' id='word_1_149' title='bbox 1514 1963 1693 2018; x_wconf 84' lang='grc' dir='ltr'>πάντα</span> <span class='ocrx_word' id='word_1_150' title='bbox 1723 1963 1780 2016; x_wconf 76' lang='grc' dir='ltr'>ὲν</span> <span class='ocrx_word' id='word_1_151' title='bbox 1813 1943 1856 2003; x_wconf 71' lang='grc' dir='ltr'><strong>Β</strong></span> 
     </span>
    </p>
   </div>
   <div class='ocr_carea' id='block_1_21' title="bbox 169 2051 1778 2125">
    <p class='ocr_par' dir='ltr' id='par_1_21' title="bbox 169 2051 1778 2125">
     <span class='ocr_line' id='line_1_21' title="bbox 169 2051 1778 2125; baseline 0.004 -24"><span class='ocrx_word' id='word_1_152' title='bbox 169 2051 300 2102; x_wconf 77' lang='grc' dir='ltr'>πᾶσι</span> <span class='ocrx_word' id='word_1_153' title='bbox 362 2051 593 2122; x_wconf 80' lang='grc' dir='ltr'>γένηται</span> <span class='ocrx_word' id='word_1_154' title='bbox 651 2056 679 2108; x_wconf 90' lang='lat'><strong>6</strong></span> <span class='ocrx_word' id='word_1_155' title='bbox 738 2055 896 2119; x_wconf 88' lang='grc' dir='ltr'>Θεός.</span> <span class='ocrx_word' id='word_1_156' title='bbox 980 2055 1114 2109; x_wconf 81' lang='grc' dir='ltr'>Ἰδοὺ</span> <span class='ocrx_word' id='word_1_157' title='bbox 1181 2057 1292 2125; x_wconf 68' lang='grc' dir='ltr'><strong>γὰρ</strong></span> <span class='ocrx_word' id='word_1_158' title='bbox 1343 2054 1621 2125; x_wconf 82' lang='grc' dir='ltr'>ἀκούομεν</span> <span class='ocrx_word' id='word_1_159' title='bbox 1682 2053 1778 2110; x_wconf 80' lang='grc' dir='ltr'>τοῦ</span> 
     </span>
    </p>
   </div>
   <div class='ocr_carea' id='block_1_22' title="bbox 183 2141 1776 2218">
    <p class='ocr_par' dir='ltr' id='par_1_22' title="bbox 183 2141 1776 2218">
     <span class='ocr_line' id='line_1_22' title="bbox 183 2141 1776 2218; baseline 0.003 -23"><span class='ocrx_word' id='word_1_160' title='bbox 183 2141 440 2213; x_wconf 79' lang='grc' dir='ltr'>’Λϐραάμ</span> <span class='ocrx_word' id='word_1_161' title='bbox 490 2143 762 2212; x_wconf 77' lang='grc' dir='ltr'>λέγοντος,</span> <span class='ocrx_word' id='word_1_162' title='bbox 797 2147 948 2210; x_wconf 81' lang='grc' dir='ltr'>ὅπως</span> <span class='ocrx_word' id='word_1_163' title='bbox 991 2148 1040 2200; x_wconf 79' lang='grc' dir='ltr'><strong>οἱ</strong></span> <span class='ocrx_word' id='word_1_164' title='bbox 1094 2147 1414 2218; x_wconf 84' lang='grc' dir='ltr'>βουλόμενοι</span> <span class='ocrx_word' id='word_1_165' title='bbox 1449 2147 1604 2200; x_wconf 69' lang='grc' dir='ltr'>ἔνθεν</span> <span class='ocrx_word' id='word_1_166' title='bbox 1640 2147 1776 2218; x_wconf 81' lang='grc' dir='ltr'>πρὸς</span> 
     </span>
    </p>
   </div>
   <div class='ocr_carea' id='block_1_23' title="bbox 171 2236 1778 2312">
    <p class='ocr_par' dir='ltr' id='par_1_23' title="bbox 171 2236 1778 2312">
     <span class='ocr_line' id='line_1_23' title="bbox 171 2236 1778 2312; baseline 0.005 -24"><span class='ocrx_word' id='word_1_167' title='bbox 171 2236 338 2305; x_wconf 76' lang='grc' dir='ltr'>ὑμᾶς,</span> <span class='ocrx_word' id='word_1_168' title='bbox 379 2238 411 2308; x_wconf 73' lang='grc' dir='ltr'>ἢ</span> <span class='ocrx_word' id='word_1_169' title='bbox 451 2238 665 2292; x_wconf 80' lang='grc' dir='ltr'>ἐκεῖθεν</span> <span class='ocrx_word' id='word_1_170' title='bbox 697 2239 956 2311; x_wconf 82' lang='grc' dir='ltr'>διαϐῆναι</span> <span class='ocrx_word' id='word_1_171' title='bbox 989 2243 1128 2312; x_wconf 84' lang='grc' dir='ltr'>πρὸς</span> <span class='ocrx_word' id='word_1_172' title='bbox 1181 2243 1328 2312; x_wconf 78' lang='grc' dir='ltr'>ἡμᾶς</span> <span class='ocrx_word' id='word_1_173' title='bbox 1366 2242 1444 2312; x_wconf 79' lang='grc' dir='ltr'>μὴ</span> <span class='ocrx_word' id='word_1_174' title='bbox 1490 2241 1778 2296; x_wconf 76' lang='grc' dir='ltr'>δύνωνται.</span> 
     </span>
    </p>
   </div>
   <div class='ocr_carea' id='block_1_24' title="bbox 174 2327 1782 2406">
    <p class='ocr_par' dir='ltr' id='par_1_24' title="bbox 174 2327 1782 2406">
     <span class='ocr_line' id='line_1_24' title="bbox 174 2327 1782 2406; baseline 0.007 -28"><span class='ocrx_word' id='word_1_175' title='bbox 174 2327 390 2400; x_wconf 84' lang='grc' dir='ltr'>Ὠσπερ</span> <span class='ocrx_word' id='word_1_176' title='bbox 431 2327 527 2384; x_wconf 75' lang='grc' dir='ltr'>οὗν</span> <span class='ocrx_word' id='word_1_177' title='bbox 570 2331 836 2386; x_wconf 86' lang='grc' dir='ltr'>ἀδύνατον</span> <span class='ocrx_word' id='word_1_178' title='bbox 887 2336 954 2388; x_wconf 79' lang='grc' dir='ltr'>ὲκ</span> <span class='ocrx_word' id='word_1_179' title='bbox 1000 2334 1102 2404; x_wconf 85' lang='grc' dir='ltr'>τῆς</span> <span class='ocrx_word' id='word_1_180' title='bbox 1147 2334 1358 2406; x_wconf 78' lang='grc' dir='ltr'>λήξεως</span> <span class='ocrx_word' id='word_1_181' title='bbox 1407 2334 1518 2387; x_wconf 92' lang='grc' dir='ltr'><strong>τῶν</strong></span> <span class='ocrx_word' id='word_1_182' title='bbox 1555 2335 1782 2389; x_wconf 84' lang='grc' dir='ltr'>δικαίων</span> 
     </span>
    </p>
   </div>
   <div class='ocr_carea' id='block_1_25' title="bbox 173 2423 1780 2500">
    <p class='ocr_par' dir='ltr' id='par_1_25' title="bbox 173 2423 1780 2500">
     <span class='ocr_line' id='line_1_25' title="bbox 173 2423 1780 2500; baseline 0.007 -27"><span class='ocrx_word' id='word_1_183' title='bbox 173 2423 480 2494; x_wconf 73' lang='grc' dir='ltr'>μεταϐῆναι</span> <span class='ocrx_word' id='word_1_184' title='bbox 506 2442 628 2479; x_wconf 89' lang='grc' dir='ltr'>τινα</span> <span class='ocrx_word' id='word_1_185' title='bbox 656 2428 736 2490; x_wconf 79' lang='grc' dir='ltr'>εἰς</span> <span class='ocrx_word' id='word_1_186' title='bbox 759 2427 850 2480; x_wconf 75' lang='grc' dir='ltr'><strong>τὸν</strong></span> <span class='ocrx_word' id='word_1_187' title='bbox 879 2428 1044 2482; x_wconf 85' lang='grc' dir='ltr'>τόπον</span> <span class='ocrx_word' id='word_1_188' title='bbox 1065 2429 1174 2482; x_wconf 89' lang='grc' dir='ltr'><strong>τῶν</strong></span> <span class='ocrx_word' id='word_1_189' title='bbox 1208 2428 1578 2500; x_wconf 74' lang='grc' dir='ltr'>ἁμαρτωλῶν,</span> <span class='ocrx_word' id='word_1_190' title='bbox 1607 2428 1780 2492; x_wconf 79' lang='grc' dir='ltr'>οὕτως</span> 
     </span>
    </p>
   </div>
   <div class='ocr_carea' id='block_1_26' title="bbox 172 2512 1784 2592">
    <p class='ocr_par' dir='ltr' id='par_1_26' title="bbox 172 2512 1784 2592">
     <span class='ocr_line' id='line_1_26' title="bbox 172 2512 1784 2592; baseline 0.006 -26"><span class='ocrx_word' id='word_1_191' title='bbox 172 2512 461 2580; x_wconf 82' lang='grc' dir='ltr'>ἀδύνατον,</span> <span class='ocrx_word' id='word_1_192' title='bbox 501 2518 648 2586; x_wconf 78' lang='grc' dir='ltr'>ἡμᾶς</span> <span class='ocrx_word' id='word_1_193' title='bbox 678 2518 924 2572; x_wconf 80' lang='grc' dir='ltr'>διδάσκει</span> <span class='ocrx_word' id='word_1_194' title='bbox 970 2519 1249 2592; x_wconf 72' lang='grc' dir='ltr'>Ἀϐραὰμ,</span> <span class='ocrx_word' id='word_1_195' title='bbox 1281 2520 1344 2574; x_wconf 79' lang='grc' dir='ltr'><strong>τὸ</strong></span> <span class='ocrx_word' id='word_1_196' title='bbox 1377 2520 1685 2592; x_wconf 82' lang='grc' dir='ltr'>μεταϐῆναι</span> <span class='ocrx_word' id='word_1_197' title='bbox 1719 2522 1784 2575; x_wconf 82' lang='grc' dir='ltr'>ὲκ</span> 
     </span>
    </p>
   </div>
   <div class='ocr_carea' id='block_1_27' title="bbox 172 2606 1779 2679">
    <p class='ocr_par' dir='ltr' id='par_1_27' title="bbox 172 2606 1779 2679">
     <span class='ocr_line' id='line_1_27' title="bbox 172 2606 1779 2679; baseline 0.007 -21"><span class='ocrx_word' id='word_1_198' title='bbox 172 2606 264 2659; x_wconf 72' lang='grc' dir='ltr'>τοῦ</span> <span class='ocrx_word' id='word_1_199' title='bbox 291 2607 461 2661; x_wconf 85' lang='grc' dir='ltr'>τόπου</span> <span class='ocrx_word' id='word_1_200' title='bbox 490 2609 588 2679; x_wconf 78' lang='grc' dir='ltr'><strong>τῆς</strong></span> <span class='ocrx_word' id='word_1_201' title='bbox 625 2610 905 2676; x_wconf 81' lang='grc' dir='ltr'>κολάσεως</span> <span class='ocrx_word' id='word_1_202' title='bbox 948 2613 1028 2676; x_wconf 70' lang='grc' dir='ltr'><strong>εἰς</strong></span> <span class='ocrx_word' id='word_1_203' title='bbox 1064 2613 1157 2666; x_wconf 76' lang='grc' dir='ltr'>τὸν</span> <span class='ocrx_word' id='word_1_204' title='bbox 1184 2613 1351 2668; x_wconf 84' lang='grc' dir='ltr'>τόπον</span> <span class='ocrx_word' id='word_1_205' title='bbox 1385 2613 1496 2668; x_wconf 89' lang='grc' dir='ltr'><strong>τῶν</strong></span> <span class='ocrx_word' id='word_1_206' title='bbox 1533 2614 1779 2669; x_wconf 77' lang='grc' dir='ltr'>δικαίων.</span> 
     </span>
    </p>
   </div>
   <div class='ocr_carea' id='block_1_28' title="bbox 185 2696 1784 2781">
    <p class='ocr_par' dir='ltr' id='par_1_28' title="bbox 185 2696 1784 2781">
     <span class='ocr_line' id='line_1_28' title="bbox 185 2696 1784 2781; baseline 0.006 -31"><span class='ocrx_word' id='word_1_207' title='bbox 185 2696 446 2772; x_wconf 74' lang='grc' dir='ltr'>Ἀϐραὰμ</span> <span class='ocrx_word' id='word_1_208' title='bbox 497 2701 554 2754; x_wconf 85' lang='grc' dir='ltr'>δὲ</span> <span class='ocrx_word' id='word_1_209' title='bbox 601 2702 1058 2776; x_wconf 76' lang='grc' dir='ltr'>ἀξιοπιστότερος</span> <span class='ocrx_word' id='word_1_210' title='bbox 1106 2707 1279 2778; x_wconf 84' lang='grc' dir='ltr'>δήπου</span> <span class='ocrx_word' id='word_1_211' title='bbox 1346 2706 1680 2781; x_wconf 82' lang='grc' dir='ltr'>Ὠριγένους.</span> <span class='ocrx_word' id='word_1_212' title='bbox 1719 2707 1784 2761; x_wconf 75' lang='grc' dir='ltr'>Τί</span> 
     </span>
    </p>
   </div>
   <div class='ocr_carea' id='block_1_29' title="bbox 173 2790 1784 2872">
    <p class='ocr_par' dir='ltr' id='par_1_29' title="bbox 173 2790 1784 2872">
     <span class='ocr_line' id='line_1_29' title="bbox 173 2790 1784 2872; baseline 0.007 -28"><span class='ocrx_word' id='word_1_213' title='bbox 173 2790 230 2844; x_wconf 82' lang='grc' dir='ltr'>δὲ</span> <span class='ocrx_word' id='word_1_214' title='bbox 269 2797 297 2846; x_wconf 90' lang='lat'><strong>6</strong></span> <span class='ocrx_word' id='word_1_215' title='bbox 345 2793 520 2864; x_wconf 75' lang='grc' dir='ltr'>ᾀδηςς</span> <span class='ocrx_word' id='word_1_216' title='bbox 559 2795 623 2848; x_wconf 80' lang='lat' dir='ltr'><strong>0i</strong></span> <span class='ocrx_word' id='word_1_217' title='bbox 661 2797 762 2866; x_wconf 85' lang='grc' dir='ltr'>μὲν</span> <span class='ocrx_word' id='word_1_218' title='bbox 795 2798 960 2852; x_wconf 85' lang='grc' dir='ltr'>αὐτόν</span> <span class='ocrx_word' id='word_1_219' title='bbox 987 2816 1120 2868; x_wconf 89' lang='grc' dir='ltr'>φασι</span> <span class='ocrx_word' id='word_1_220' title='bbox 1151 2800 1331 2872; x_wconf 87' lang='grc' dir='ltr'>χῶρον</span> <span class='ocrx_word' id='word_1_221' title='bbox 1364 2801 1625 2865; x_wconf 75' lang='grc' dir='ltr'>ὑπόγειον</span> <span class='ocrx_word' id='word_1_222' title='bbox 1657 2819 1784 2855; x_wconf 86' lang='grc' dir='ltr'>σκο-</span> 
     </span>
    </p>
   </div>
   <div class='ocr_carea' id='block_1_30' title="bbox 174 2882 1784 2961">
    <p class='ocr_par' dir='ltr' id='par_1_30' title="bbox 174 2882 1784 2961">
     <span class='ocr_line' id='line_1_30' title="bbox 174 2882 1784 2961; baseline 0.009 -30"><span class='ocrx_word' id='word_1_223' title='bbox 174 2882 380 2946; x_wconf 82' lang='grc' dir='ltr'>τεινὸν,</span> <span class='ocrx_word' id='word_1_224' title='bbox 417 2885 468 2936; x_wconf 81' lang='lat' dir='ltr'><strong>oi</strong></span> <span class='ocrx_word' id='word_1_225' title='bbox 500 2885 558 2938; x_wconf 77' lang='grc' dir='ltr'>δὲ</span> <span class='ocrx_word' id='word_1_226' title='bbox 593 2888 692 2957; x_wconf 81' lang='grc' dir='ltr'>τὴν</span> <span class='ocrx_word' id='word_1_227' title='bbox 735 2888 845 2942; x_wconf 83' lang='grc' dir='ltr'><strong>ἀπὸ</strong></span> <span class='ocrx_word' id='word_1_228' title='bbox 874 2888 970 2942; x_wconf 80' lang='grc' dir='ltr'>τοῦ</span> <span class='ocrx_word' id='word_1_229' title='bbox 1022 2889 1304 2960; x_wconf 77' lang='grc' dir='ltr'>ἐμφανοῦς</span> <span class='ocrx_word' id='word_1_230' title='bbox 1338 2893 1419 2956; x_wconf 83' lang='grc' dir='ltr'><strong>εις</strong></span> <span class='ocrx_word' id='word_1_231' title='bbox 1469 2891 1528 2946; x_wconf 78' lang='grc' dir='ltr'>τὸ</span> <span class='ocrx_word' id='word_1_232' title='bbox 1577 2893 1784 2961; x_wconf 79' lang='grc' dir='ltr'>ἀφανὲς</span> 
     </span>
    </p>
   </div>
   <div class='ocr_carea' id='block_1_31' title="bbox 174 2976 1786 3057">
    <p class='ocr_par' dir='ltr' id='par_1_31' title="bbox 174 2976 1786 3057">
     <span class='ocr_line' id='line_1_31' title="bbox 174 2976 1786 3057; baseline 0.014 -30"><span class='ocrx_word' id='word_1_233' title='bbox 174 2976 271 3029; x_wconf 80' lang='grc' dir='ltr'>καὶ</span> <span class='ocrx_word' id='word_1_234' title='bbox 295 2977 475 3041; x_wconf 81' lang='grc' dir='ltr'>ἀειδὲς</span> <span class='ocrx_word' id='word_1_235' title='bbox 501 2980 838 3050; x_wconf 86' lang='grc' dir='ltr'>μετάστασιν</span> <span class='ocrx_word' id='word_1_236' title='bbox 859 2983 961 3054; x_wconf 85' lang='grc' dir='ltr'>τῆς</span> <span class='ocrx_word' id='word_1_237' title='bbox 984 2983 1164 3056; x_wconf 74' lang='grc' dir='ltr'>ψυχῆς</span> <span class='ocrx_word' id='word_1_238' title='bbox 1193 2986 1327 3057; x_wconf 76' lang='grc' dir='ltr'>ᾅδην</span> <span class='ocrx_word' id='word_1_239' title='bbox 1356 2985 1588 3056; x_wconf 75' lang='grc' dir='ltr'>ἔφασαν.</span> <span class='ocrx_word' id='word_1_240' title='bbox 1620 2987 1786 3056; x_wconf 81' lang='grc' dir='ltr'>Ἀχρι</span> 
     </span>
    </p>
   </div>
   <div class='ocr_carea' id='block_1_32' title="bbox 176 3069 1787 3149">
    <p class='ocr_par' dir='ltr' id='par_1_32' title="bbox 176 3069 1787 3149">
     <span class='ocr_line' id='line_1_32' title="bbox 176 3069 1787 3149; baseline 0.008 -28"><span class='ocrx_word' id='word_1_241' title='bbox 176 3069 279 3140; x_wconf 68' lang='grc' dir='ltr'><strong>μὲν</strong></span> <span class='ocrx_word' id='word_1_242' title='bbox 311 3071 422 3142; x_wconf 72' lang='grc' dir='ltr'><strong>γὰρ</strong></span> <span class='ocrx_word' id='word_1_243' title='bbox 455 3074 514 3126; x_wconf 86' lang='grc' dir='ltr'>ὲν</span> <span class='ocrx_word' id='word_1_244' title='bbox 550 3074 766 3144; x_wconf 79' lang='grc' dir='ltr'>σώματι</span> <span class='ocrx_word' id='word_1_245' title='bbox 793 3078 942 3132; x_wconf 76' lang='grc' dir='ltr'>ἐστιν</span> <span class='ocrx_word' id='word_1_246' title='bbox 979 3081 1010 3148; x_wconf 80' lang='grc' dir='ltr'>ἡ</span> <span class='ocrx_word' id='word_1_247' title='bbox 1056 3079 1229 3149; x_wconf 79' lang='grc' dir='ltr'>ψυχὴ,</span> <span class='ocrx_word' id='word_1_248' title='bbox 1263 3081 1519 3148; x_wconf 80' lang='grc' dir='ltr'>φαίνεται</span> <span class='ocrx_word' id='word_1_249' title='bbox 1553 3079 1644 3133; x_wconf 79' lang='grc' dir='ltr'>διὰ</span> <span class='ocrx_word' id='word_1_250' title='bbox 1678 3080 1787 3134; x_wconf 86' lang='grc' dir='ltr'><strong>τῶν</strong></span> 
     </span>
    </p>
   </div>
   <div class='ocr_carea' id='block_1_33' title="bbox 174 3167 1788 3245">
    <p class='ocr_par' dir='ltr' id='par_1_33' title="bbox 174 3167 1788 3245">
     <span class='ocr_line' id='line_1_33' title="bbox 174 3167 1788 3245; baseline 0.006 -27"><span class='ocrx_word' id='word_1_251' title='bbox 174 3167 399 3219; x_wconf 66' lang='grc' dir='ltr'>οἴκείων</span> <span class='ocrx_word' id='word_1_252' title='bbox 429 3170 744 3239; x_wconf 72' lang='grc' dir='ltr'>ἐνεργειῶν,</span> <span class='ocrx_word' id='word_1_253' title='bbox 795 3174 1116 3242; x_wconf 76' lang='grc' dir='ltr'>μεταστᾶσα</span> <span class='ocrx_word' id='word_1_254' title='bbox 1143 3173 1199 3225; x_wconf 78' lang='grc' dir='ltr'>δὲ</span> <span class='ocrx_word' id='word_1_255' title='bbox 1237 3173 1330 3227; x_wconf 83' lang='grc' dir='ltr'>τοῦ</span> <span class='ocrx_word' id='word_1_256' title='bbox 1383 3172 1640 3245; x_wconf 86' lang='grc' dir='ltr'>σώματος</span> <span class='ocrx_word' id='word_1_257' title='bbox 1672 3174 1788 3228; x_wconf 80' lang='grc' dir='ltr'>ἀειο</span> 
     </span>
    </p>
   </div>
   <div class='ocr_carea' id='block_1_34' title="bbox 173 3257 1784 3338">
    <p class='ocr_par' dir='ltr' id='par_1_34' title="bbox 173 3257 1784 3338">
     <span class='ocr_line' id='line_1_34' title="bbox 173 3257 1784 3338; baseline 0.004 -26"><span class='ocrx_word' id='word_1_258' title='bbox 173 3257 273 3330; x_wconf 75' lang='grc' dir='ltr'>δὴς</span> <span class='ocrx_word' id='word_1_259' title='bbox 328 3259 586 3327; x_wconf 79' lang='grc' dir='ltr'>γίνεται·</span> <span class='ocrx_word' id='word_1_260' title='bbox 623 3262 785 3315; x_wconf 82' lang='grc' dir='ltr'>τοῦτο</span> <span class='ocrx_word' id='word_1_261' title='bbox 834 3263 966 3332; x_wconf 80' lang='grc' dir='ltr'>γοῦν</span> <span class='ocrx_word' id='word_1_262' title='bbox 1027 3264 1239 3333; x_wconf 79' lang='grc' dir='ltr'>ἔφασαν</span> <span class='ocrx_word' id='word_1_263' title='bbox 1290 3261 1432 3321; x_wconf 79' lang='grc' dir='ltr'>εἶναι</span> <span class='ocrx_word' id='word_1_264' title='bbox 1481 3265 1574 3320; x_wconf 78' lang='grc' dir='ltr'><strong>τὸν</strong></span> <span class='ocrx_word' id='word_1_265' title='bbox 1628 3265 1784 3338; x_wconf 81' lang='grc' dir='ltr'>ᾅδην.</span> 
     </span>
    </p>
   </div>
   <div class='ocr_carea' id='block_1_35' title="bbox 177 3352 1791 3431">
    <p class='ocr_par' dir='ltr' id='par_1_35' title="bbox 177 3352 1791 3431">
     <span class='ocr_line' id='line_1_35' title="bbox 177 3352 1791 3431; baseline 0.007 -28"><span class='ocrx_word' id='word_1_266' title='bbox 177 3352 432 3414; x_wconf 75' lang='grc' dir='ltr'>Κόλπους</span> <span class='ocrx_word' id='word_1_267' title='bbox 481 3353 538 3406; x_wconf 82' lang='grc' dir='ltr'>δὲ</span> <span class='ocrx_word' id='word_1_268' title='bbox 600 3355 878 3428; x_wconf 72' lang='grc' dir='ltr'>Ἀϐραὰμ,</span> <span class='ocrx_word' id='word_1_269' title='bbox 939 3360 1039 3429; x_wconf 77' lang='grc' dir='ltr'>τὴν</span> <span class='ocrx_word' id='word_1_270' title='bbox 1087 3359 1354 3431; x_wconf 80' lang='grc' dir='ltr'>περιοχὴν</span> <span class='ocrx_word' id='word_1_271' title='bbox 1411 3360 1522 3416; x_wconf 85' lang='grc' dir='ltr'><strong>τῶν</strong></span> <span class='ocrx_word' id='word_1_272' title='bbox 1565 3360 1791 3430; x_wconf 78' lang='grc' dir='ltr'>ἀγαθῶν</span> 
     </span>
    </p>
   </div>
   <div class='ocr_carea' id='block_1_36' title="bbox 177 3445 1792 3527">
    <p class='ocr_par' dir='ltr' id='par_1_36' title="bbox 177 3445 1792 3527">
     <span class='ocr_line' id='line_1_36' title="bbox 177 3445 1792 3527; baseline 0.005 -29"><span class='ocrx_word' id='word_1_273' title='bbox 177 3445 288 3499; x_wconf 85' lang='grc' dir='ltr'><strong>τῶν</strong></span> <span class='ocrx_word' id='word_1_274' title='bbox 324 3447 712 3519; x_wconf 78' lang='grc' dir='ltr'>ἀποκειμένων</span> <span class='ocrx_word' id='word_1_275' title='bbox 761 3453 874 3516; x_wconf 82' lang='grc' dir='ltr'>τοῖς</span> <span class='ocrx_word' id='word_1_276' title='bbox 907 3452 1165 3519; x_wconf 79' lang='grc' dir='ltr'>δικαίοις,</span> <span class='ocrx_word' id='word_1_277' title='bbox 1217 3456 1328 3518; x_wconf 81' lang='grc' dir='ltr'>τοῖς</span> <span class='ocrx_word' id='word_1_278' title='bbox 1370 3454 1480 3508; x_wconf 77' lang='grc' dir='ltr'>ἀπὸ</span> <span class='ocrx_word' id='word_1_279' title='bbox 1511 3453 1681 3527; x_wconf 77' lang='grc' dir='ltr'>ζάλης</span> <span class='ocrx_word' id='word_1_280' title='bbox 1712 3456 1792 3519; x_wconf 74' lang='grc' dir='ltr'>εἰς</span> 
     </span>
    </p>
   </div>
   <div class='ocr_carea' id='block_1_37' title="bbox 176 3537 1794 3616">
    <p class='ocr_par' dir='ltr' id='par_1_37' title="bbox 176 3537 1794 3616">
     <span class='ocr_line' id='line_1_37' title="bbox 176 3537 1794 3616; baseline 0.01 -29"><span class='ocrx_word' id='word_1_281' title='bbox 176 3537 409 3606; x_wconf 83' lang='grc' dir='ltr'>λιμένας</span> <span class='ocrx_word' id='word_1_282' title='bbox 436 3545 847 3614; x_wconf 72' lang='grc' dir='ltr'>καταντήσασιν</span> <span class='ocrx_word' id='word_1_283' title='bbox 903 3545 1216 3616; x_wconf 73' lang='grc' dir='ltr'>οὐρανίους.</span> <span class='ocrx_word' id='word_1_284' title='bbox 1265 3547 1422 3600; x_wconf 70' lang='grc' dir='ltr'>Ἐπεὶ</span> <span class='ocrx_word' id='word_1_285' title='bbox 1456 3549 1552 3600; x_wconf 78' lang='grc' dir='ltr'>καὶ</span> <span class='ocrx_word' id='word_1_286' title='bbox 1601 3550 1660 3601; x_wconf 83' lang='grc' dir='ltr'>ὲν</span> <span class='ocrx_word' id='word_1_287' title='bbox 1693 3549 1794 3602; x_wconf 84' lang='grc' dir='ltr'>θα-</span> 
     </span>
    </p>
   </div>
   <div class='ocr_carea' id='block_1_38' title="bbox 99 3630 1795 3710">
    <p class='ocr_par' dir='ltr' id='par_1_38' title="bbox 99 3630 1795 3710">
     <span class='ocr_line' id='line_1_38' title="bbox 99 3630 1795 3710; baseline 0.007 -30"><span class='ocrx_word' id='word_1_288' title='bbox 99 3651 108 3662; x_wconf 70' lang='grc' dir='ltr'><strong>ι</strong></span> <span class='ocrx_word' id='word_1_289' title='bbox 179 3630 356 3703; x_wconf 82' lang='grc' dir='ltr'>λάσσῃ</span> <span class='ocrx_word' id='word_1_290' title='bbox 398 3635 634 3700; x_wconf 84' lang='grc' dir='ltr'>κόλπους</span> <span class='ocrx_word' id='word_1_291' title='bbox 686 3637 958 3708; x_wconf 78' lang='grc' dir='ltr'>εἰώθαμεν</span> <span class='ocrx_word' id='word_1_292' title='bbox 1010 3638 1201 3691; x_wconf 85' lang='grc' dir='ltr'>καλεῖν</span> <span class='ocrx_word' id='word_1_293' title='bbox 1252 3639 1380 3704; x_wconf 71' lang='grc' dir='ltr'>τοὺς</span> <span class='ocrx_word' id='word_1_294' title='bbox 1434 3639 1795 3710; x_wconf 79' lang='grc' dir='ltr'>λιμενοειδεῖς</span> 
     </span>
    </p>
   </div>
   <div class='ocr_carea' id='block_1_39' title="bbox 1875 655 3486 733">
    <p class='ocr_par' dir='ltr' id='par_1_39' title="bbox 1875 655 3486 733">
     <span class='ocr_line' id='line_1_39' title="bbox 1875 655 3486 733; baseline -0.009 -13"><span class='ocrx_word' id='word_1_295' title='bbox 1875 664 2263 728; x_wconf 71' lang='lat' dir='ltr'><strong>conmiserat,</strong></span> <span class='ocrx_word' id='word_1_296' title='bbox 2295 670 2349 717; x_wconf 88' lang='lat' dir='ltr'><strong>et</strong></span> <span class='ocrx_word' id='word_1_297' title='bbox 2388 669 2677 733; x_wconf 77' lang='lat' dir='ltr'><strong>propterea</strong></span> <span class='ocrx_word' id='word_1_298' title='bbox 2710 656 2955 712; x_wconf 81' lang='lat' dir='ltr'><strong>dolorem</strong></span> <span class='ocrx_word' id='word_1_299' title='bbox 2991 655 3141 709; x_wconf 92' lang='lat' dir='ltr'><strong>illum</strong></span> <span class='ocrx_word' id='word_1_300' title='bbox 3177 655 3486 712; x_wconf 84' lang='lat' dir='ltr'><strong>sustinens,</strong></span> 
     </span>
    </p>
   </div>
   <div class='ocr_carea' id='block_1_40' title="bbox 1876 749 3488 828">
    <p class='ocr_par' dir='ltr' id='par_1_40' title="bbox 1876 749 3488 828">
     <span class='ocr_line' id='line_1_40' title="bbox 1876 749 3488 828; baseline -0.007 -16"><span class='ocrx_word' id='word_1_301' title='bbox 1876 759 2095 828; x_wconf 76' lang='lat' dir='ltr'><strong>dignam</strong></span> <span class='ocrx_word' id='word_1_302' title='bbox 2141 756 2302 812; x_wconf 81' lang='lat' dir='ltr'><strong>factis</strong></span> <span class='ocrx_word' id='word_1_303' title='bbox 2338 754 2649 810; x_wconf 83' lang='lat' dir='ltr'><strong>mercedem</strong></span> <span class='ocrx_word' id='word_1_304' title='bbox 2703 751 2931 822; x_wconf 89' lang='lat' dir='ltr'><strong>recepit.</strong></span> <span class='ocrx_word' id='word_1_305' title='bbox 2977 749 3128 805; x_wconf 87' lang='lat' dir='ltr'>Unde</span> <span class='ocrx_word' id='word_1_306' title='bbox 3158 749 3488 803; x_wconf 55' lang='lat' dir='ltr'><strong>consolatiov</strong></span> 
     </span>
    </p>
   </div>
   <div class='ocr_carea' id='block_1_41' title="bbox 1879 846 3490 919">
    <p class='ocr_par' dir='ltr' id='par_1_41' title="bbox 1879 846 3490 919">
     <span class='ocr_line' id='line_1_41' title="bbox 1879 846 3490 919; baseline -0.006 -9"><span class='ocrx_word' id='word_1_307' title='bbox 1879 872 2000 911; x_wconf 92' lang='lat' dir='ltr'><strong>nem</strong></span> <span class='ocrx_word' id='word_1_308' title='bbox 2039 857 2203 911; x_wconf 92' lang='lat' dir='ltr'><strong>habet</strong></span> <span class='ocrx_word' id='word_1_309' title='bbox 2239 854 2351 919; x_wconf 89' lang='lat' dir='ltr'><strong>ille,</strong></span> <span class='ocrx_word' id='word_1_310' title='bbox 2406 864 2460 907; x_wconf 92' lang='lat' dir='ltr'><strong>tu</strong></span> <span class='ocrx_word' id='word_1_311' title='bbox 2499 867 2627 907; x_wconf 86' lang='lat' dir='ltr'><strong>vero</strong></span> <span class='ocrx_word' id='word_1_312' title='bbox 2663 851 2954 907; x_wconf 89' lang='lat' dir='ltr'><strong>cruciaris.</strong></span> <span class='ocrx_word' id='word_1_313' title='bbox 2995 847 3167 904; x_wconf 90' lang='lat' dir='ltr'><strong>Porro</strong></span> <span class='ocrx_word' id='word_1_314' title='bbox 3196 846 3383 902; x_wconf 89' lang='lat' dir='ltr'><strong>hiatus</strong></span> <span class='ocrx_word' id='word_1_315' title='bbox 3418 847 3490 901; x_wconf 90' lang='lat' dir='ltr'><strong>si--</strong></span> 
     </span>
    </p>
   </div>
   <div class='ocr_carea' id='block_1_42' title="bbox 1877 942 3489 1020">
    <p class='ocr_par' dir='ltr' id='par_1_42' title="bbox 1877 942 3489 1020">
     <span class='ocr_line' id='line_1_42' title="bbox 1877 942 3489 1020; baseline -0.006 -17"><span class='ocrx_word' id='word_1_316' title='bbox 1877 950 2100 1020; x_wconf 78' lang='lat' dir='ltr'><strong>gnificat</strong></span> <span class='ocrx_word' id='word_1_317' title='bbox 2132 946 2450 1002; x_wconf 84' lang='lat' dir='ltr'><strong>distantiam</strong></span> <span class='ocrx_word' id='word_1_318' title='bbox 2481 956 2536 1000; x_wconf 91' lang='lat' dir='ltr'><strong>et</strong></span> <span class='ocrx_word' id='word_1_319' title='bbox 2569 944 2936 1000; x_wconf 81' lang='lat' dir='ltr'><strong>ditTerentiam</strong></span> <span class='ocrx_word' id='word_1_320' title='bbox 2973 942 3248 1012; x_wconf 86' lang='lat' dir='ltr'><strong>justorum</strong></span> <span class='ocrx_word' id='word_1_321' title='bbox 3276 947 3331 994; x_wconf 91' lang='lat' dir='ltr'><strong>et</strong></span> <span class='ocrx_word' id='word_1_322' title='bbox 3360 955 3489 1006; x_wconf 87' lang='lat' dir='ltr'><strong>pce-</strong></span> 
     </span>
    </p>
   </div>
   <div class='ocr_carea' id='block_1_43' title="bbox 1878 1030 3492 1096">
    <p class='ocr_par' dir='ltr' id='par_1_43' title="bbox 1878 1030 3492 1096">
     <span class='ocr_line' id='line_1_43' title="bbox 1878 1030 3492 1096; baseline -0.006 -1"><span class='ocrx_word' id='word_1_323' title='bbox 1878 1050 2146 1096; x_wconf 87' lang='lat' dir='ltr'><strong>catorum.</strong></span> <span class='ocrx_word' id='word_1_324' title='bbox 2181 1039 2315 1095; x_wconf 83' lang='lat' dir='ltr'><strong>Nam</strong></span> <span class='ocrx_word' id='word_1_325' title='bbox 2351 1039 2494 1094; x_wconf 88' lang='lat' dir='ltr'><strong>sicut</strong></span> <span class='ocrx_word' id='word_1_326' title='bbox 2537 1039 2847 1092; x_wconf 87' lang='lat' dir='ltr'><strong>voluntates</strong></span> <span class='ocrx_word' id='word_1_327' title='bbox 2878 1049 3069 1090; x_wconf 91' lang='lat' dir='ltr'><strong>eorum</strong></span> <span class='ocrx_word' id='word_1_328' title='bbox 3113 1033 3340 1087; x_wconf 69' lang='lat' dir='ltr'><strong>diversae</strong></span> <span class='ocrx_word' id='word_1_329' title='bbox 3376 1030 3492 1086; x_wconf 80' lang='lat' dir='ltr'><strong>fue-</strong></span> 
     </span>
    </p>
   </div>
   <div class='ocr_carea' id='block_1_44' title="bbox 1878 1124 3491 1199">
    <p class='ocr_par' dir='ltr' id='par_1_44' title="bbox 1878 1124 3491 1199">
     <span class='ocr_line' id='line_1_44' title="bbox 1878 1124 3491 1199; baseline -0.007 -13"><span class='ocrx_word' id='word_1_330' title='bbox 1878 1141 2025 1199; x_wconf 89' lang='lat' dir='ltr'><strong>runt,</strong></span> <span class='ocrx_word' id='word_1_331' title='bbox 2079 1134 2151 1187; x_wconf 88' lang='lat' dir='ltr'><strong>ita</strong></span> <span class='ocrx_word' id='word_1_332' title='bbox 2203 1143 2258 1186; x_wconf 89' lang='lat' dir='ltr'><strong>et</strong></span> <span class='ocrx_word' id='word_1_333' title='bbox 2308 1132 2626 1186; x_wconf 85' lang='lat' dir='ltr'><strong>mansiones</strong></span> <span class='ocrx_word' id='word_1_334' title='bbox 2682 1134 2913 1182; x_wconf 92' lang='lat' dir='ltr'><strong>nmttum</strong></span> <span class='ocrx_word' id='word_1_335' title='bbox 2969 1127 3114 1180; x_wconf 90' lang='lat' dir='ltr'><strong>inter</strong></span> <span class='ocrx_word' id='word_1_336' title='bbox 3161 1139 3220 1179; x_wconf 91' lang='lat' dir='ltr'><strong>se</strong></span> <span class='ocrx_word' id='word_1_337' title='bbox 3263 1124 3491 1186; x_wconf 88' lang='lat' dir='ltr'><strong>distant,</strong></span> 
     </span>
    </p>
   </div>
   <div class='ocr_carea' id='block_1_45' title="bbox 1879 1217 3493 1294">
    <p class='ocr_par' dir='ltr' id='par_1_45' title="bbox 1879 1217 3493 1294">
     <span class='ocr_line' id='line_1_45' title="bbox 1879 1217 3493 1294; baseline -0.006 -16"><span class='ocrx_word' id='word_1_338' title='bbox 1879 1239 2212 1294; x_wconf 84' lang='lat' dir='ltr'><strong>unoquoque</strong></span> <span class='ocrx_word' id='word_1_339' title='bbox 2255 1224 2555 1293; x_wconf 83' lang='lat' dir='ltr'><strong>recipiente</strong></span> <span class='ocrx_word' id='word_1_340' title='bbox 2583 1237 2648 1277; x_wconf 90' lang='lat' dir='ltr'><strong>ea</strong></span> <span class='ocrx_word' id='word_1_341' title='bbox 2683 1237 2804 1291; x_wconf 70' lang='lat' dir='ltr'><strong>quae</strong></span> <span class='ocrx_word' id='word_1_342' title='bbox 2833 1219 2956 1272; x_wconf 67' lang='lat' dir='ltr'><strong>vita:</strong></span> <span class='ocrx_word' id='word_1_343' title='bbox 2983 1228 3036 1273; x_wconf 89' lang='lat' dir='ltr'><strong>et</strong></span> <span class='ocrx_word' id='word_1_344' title='bbox 3080 1217 3346 1271; x_wconf 71' lang='lat' dir='ltr'><strong>voluntati</strong></span> <span class='ocrx_word' id='word_1_345' title='bbox 3381 1232 3493 1272; x_wconf 81' lang='lat' dir='ltr'><strong>sua:</strong></span> 
     </span>
    </p>
   </div>
   <div class='ocr_carea' id='block_1_46' title="bbox 1877 1309 3495 1388">
    <p class='ocr_par' dir='ltr' id='par_1_46' title="bbox 1877 1309 3495 1388">
     <span class='ocr_line' id='line_1_46' title="bbox 1877 1309 3495 1388; baseline -0.006 -14"><span class='ocrx_word' id='word_1_346' title='bbox 1877 1328 2205 1388; x_wconf 78' lang='lat' dir='ltr'><strong>congruunt.</strong></span> <span class='ocrx_word' id='word_1_347' title='bbox 2241 1315 2482 1372; x_wconf 80' lang='lat' dir='ltr'><strong>Observa</strong></span> <span class='ocrx_word' id='word_1_348' title='bbox 2518 1326 2700 1370; x_wconf 88' lang='lat' dir='ltr'><strong>autem</strong></span> <span class='ocrx_word' id='word_1_349' title='bbox 2742 1313 2847 1369; x_wconf 88' lang='lat' dir='ltr'><strong>hoc</strong></span> <span class='ocrx_word' id='word_1_350' title='bbox 2873 1313 2994 1368; x_wconf 92' lang='lat' dir='ltr'><strong>loco</strong></span> <span class='ocrx_word' id='word_1_351' title='bbox 3023 1321 3212 1366; x_wconf 90' lang='lat' dir='ltr'><strong>contra</strong></span> <span class='ocrx_word' id='word_1_352' title='bbox 3242 1309 3495 1378; x_wconf 80' lang='lat' dir='ltr'><strong>Origeni-</strong></span> 
     </span>
    </p>
   </div>
   <div class='ocr_carea' id='block_1_47' title="bbox 1879 1403 3496 1481">
    <p class='ocr_par' dir='ltr' id='par_1_47' title="bbox 1879 1403 3496 1481">
     <span class='ocr_line' id='line_1_47' title="bbox 1879 1403 3496 1481; baseline -0.006 -14"><span class='ocrx_word' id='word_1_353' title='bbox 1879 1421 1992 1467; x_wconf 89' lang='lat' dir='ltr'><strong>stas</strong></span> <span class='ocrx_word' id='word_1_354' title='bbox 2024 1411 2272 1467; x_wconf 76' lang='lat' dir='ltr'><strong>dicentes</strong></span> <span class='ocrx_word' id='word_1_355' title='bbox 2303 1409 2448 1481; x_wconf 89' lang='lat' dir='ltr'><strong>quod</strong></span> <span class='ocrx_word' id='word_1_356' title='bbox 2486 1419 2703 1479; x_wconf 88' lang='lat' dir='ltr'><strong>tempus</strong></span> <span class='ocrx_word' id='word_1_357' title='bbox 2729 1407 2835 1461; x_wconf 88' lang='lat' dir='ltr'><strong>erit</strong></span> <span class='ocrx_word' id='word_1_358' title='bbox 2863 1421 2972 1476; x_wconf 88' lang='lat' dir='ltr'><strong>quo</strong></span> <span class='ocrx_word' id='word_1_359' title='bbox 3003 1405 3267 1459; x_wconf 83' lang='lat' dir='ltr'><strong>ﬁnientur</strong></span> <span class='ocrx_word' id='word_1_360' title='bbox 3295 1403 3496 1471; x_wconf 86' lang='lat' dir='ltr'><strong>impio-</strong></span> 
     </span>
    </p>
   </div>
   <div class='ocr_carea' id='block_1_48' title="bbox 1882 1497 3499 1577">
    <p class='ocr_par' dir='ltr' id='par_1_48' title="bbox 1882 1497 3499 1577">
     <span class='ocr_line' id='line_1_48' title="bbox 1882 1497 3499 1577; baseline -0.008 -16"><span class='ocrx_word' id='word_1_361' title='bbox 1882 1521 2003 1560; x_wconf 90' lang='lat' dir='ltr'><strong>rum</strong></span> <span class='ocrx_word' id='word_1_362' title='bbox 2036 1505 2326 1577; x_wconf 83' lang='lat' dir='ltr'><strong>supplicia,</strong></span> <span class='ocrx_word' id='word_1_363' title='bbox 2358 1511 2413 1558; x_wconf 87' lang='lat' dir='ltr'><strong>et</strong></span> <span class='ocrx_word' id='word_1_364' title='bbox 2439 1510 2761 1573; x_wconf 86' lang='lat' dir='ltr'><strong>peccatores</strong></span> <span class='ocrx_word' id='word_1_365' title='bbox 2793 1516 2915 1557; x_wconf 89' lang='lat' dir='ltr'><strong>cum</strong></span> <span class='ocrx_word' id='word_1_366' title='bbox 2957 1499 3124 1568; x_wconf 84' lang='lat' dir='ltr'><strong>justis</strong></span> <span class='ocrx_word' id='word_1_367' title='bbox 3162 1497 3499 1567; x_wconf 75' lang='lat' dir='ltr'><strong>coniungen-</strong></span> 
     </span>
    </p>
   </div>
   <div class='ocr_carea' id='block_1_49' title="bbox 1883 1588 3497 1663">
    <p class='ocr_par' dir='ltr' id='par_1_49' title="bbox 1883 1588 3497 1663">
     <span class='ocr_line' id='line_1_49' title="bbox 1883 1588 3497 1663; baseline -0.008 -10"><span class='ocrx_word' id='word_1_368' title='bbox 1883 1608 1992 1663; x_wconf 85' lang='lat' dir='ltr'><strong>tur,</strong></span> <span class='ocrx_word' id='word_1_369' title='bbox 2026 1608 2080 1652; x_wconf 90' lang='lat' dir='ltr'><strong>et</strong></span> <span class='ocrx_word' id='word_1_370' title='bbox 2104 1599 2186 1654; x_wconf 86' lang='lat' dir='ltr'><strong>sic</strong></span> <span class='ocrx_word' id='word_1_371' title='bbox 2217 1596 2403 1652; x_wconf 87' lang='lat' dir='ltr'><strong>omnia</strong></span> <span class='ocrx_word' id='word_1_372' title='bbox 2452 1597 2505 1649; x_wconf 91' lang='lat' dir='ltr'><strong>in</strong></span> <span class='ocrx_word' id='word_1_373' title='bbox 2543 1594 2798 1649; x_wconf 88' lang='lat' dir='ltr'><strong>omnibus</strong></span> <span class='ocrx_word' id='word_1_374' title='bbox 2826 1593 2932 1647; x_wconf 91' lang='lat' dir='ltr'><strong>erit</strong></span> <span class='ocrx_word' id='word_1_375' title='bbox 2966 1592 3130 1645; x_wconf 87' lang='lat' dir='ltr'><strong>Deus.</strong></span> <span class='ocrx_word' id='word_1_376' title='bbox 3170 1588 3309 1644; x_wconf 87' lang='lat' dir='ltr'><strong>Ecce</strong></span> <span class='ocrx_word' id='word_1_377' title='bbox 3350 1589 3497 1643; x_wconf 92' lang='lat' dir='ltr'><strong>enim</strong></span> 
     </span>
    </p>
   </div>
   <div class='ocr_carea' id='block_1_50' title="bbox 1882 1680 3499 1754">
    <p class='ocr_par' dir='ltr' id='par_1_50' title="bbox 1882 1680 3499 1754">
     <span class='ocr_line' id='line_1_50' title="bbox 1882 1680 3499 1754; baseline -0.007 -11"><span class='ocrx_word' id='word_1_378' title='bbox 1882 1691 2140 1746; x_wconf 52' lang='lat' dir='ltr'><strong>audlmus</strong></span> <span class='ocrx_word' id='word_1_379' title='bbox 2164 1688 2441 1743; x_wconf 87' lang='lat' dir='ltr'><strong>Ahrahatn</strong></span> <span class='ocrx_word' id='word_1_380' title='bbox 2473 1686 2742 1742; x_wconf 86' lang='lat' dir='ltr'><strong>dicentem</strong></span> <span class='ocrx_word' id='word_1_381' title='bbox 2775 1685 2919 1754; x_wconf 86' lang='lat' dir='ltr'><strong>quod</strong></span> <span class='ocrx_word' id='word_1_382' title='bbox 2955 1682 3006 1737; x_wconf 91' lang='lat' dir='ltr'><strong>hi</strong></span> <span class='ocrx_word' id='word_1_383' title='bbox 3036 1682 3126 1752; x_wconf 92' lang='lat' dir='ltr'><strong>qni</strong></span> <span class='ocrx_word' id='word_1_384' title='bbox 3155 1681 3343 1735; x_wconf 77' lang='lat' dir='ltr'><strong>volunt</strong></span> <span class='ocrx_word' id='word_1_385' title='bbox 3374 1680 3499 1732; x_wconf 91' lang='lat' dir='ltr'><strong>hinc</strong></span> 
     </span>
    </p>
   </div>
   <div class='ocr_carea' id='block_1_51' title="bbox 1883 1773 3503 1848">
    <p class='ocr_par' dir='ltr' id='par_1_51' title="bbox 1883 1773 3503 1848">
     <span class='ocr_line' id='line_1_51' title="bbox 1883 1773 3503 1848; baseline -0.007 -9"><span class='ocrx_word' id='word_1_386' title='bbox 1883 1787 1948 1840; x_wconf 89' lang='lat' dir='ltr'><strong>ad</strong></span> <span class='ocrx_word' id='word_1_387' title='bbox 1983 1800 2100 1848; x_wconf 87' lang='lat' dir='ltr'><strong>vos,</strong></span> <span class='ocrx_word' id='word_1_388' title='bbox 2123 1783 2206 1839; x_wconf 87' lang='lat' dir='ltr'><strong>vel</strong></span> <span class='ocrx_word' id='word_1_389' title='bbox 2238 1782 2386 1836; x_wconf 92' lang='lat' dir='ltr'><strong>illinc</strong></span> <span class='ocrx_word' id='word_1_390' title='bbox 2419 1782 2485 1835; x_wconf 92' lang='lat' dir='ltr'><strong>ad</strong></span> <span class='ocrx_word' id='word_1_391' title='bbox 2521 1795 2617 1835; x_wconf 89' lang='lat' dir='ltr'><strong>nos</strong></span> <span class='ocrx_word' id='word_1_392' title='bbox 2652 1780 2908 1842; x_wconf 86' lang='lat' dir='ltr'><strong>transire,</strong></span> <span class='ocrx_word' id='word_1_393' title='bbox 2947 1792 3053 1831; x_wconf 89' lang='lat' dir='ltr'><strong>non</strong></span> <span class='ocrx_word' id='word_1_394' title='bbox 3108 1776 3340 1846; x_wconf 81' lang='lat' dir='ltr'><strong>possint.</strong></span> <span class='ocrx_word' id='word_1_395' title='bbox 3379 1773 3503 1828; x_wconf 81' lang='lat' dir='ltr'><strong>Sic-</strong></span> 
     </span>
    </p>
   </div>
   <div class='ocr_carea' id='block_1_52' title="bbox 1885 1868 3501 1946">
    <p class='ocr_par' dir='ltr' id='par_1_52' title="bbox 1885 1868 3501 1946">
     <span class='ocr_line' id='line_1_52' title="bbox 1885 1868 3501 1946; baseline -0.007 -17"><span class='ocrx_word' id='word_1_396' title='bbox 1885 1883 1943 1929; x_wconf 90' lang='lat' dir='ltr'><strong>ut</strong></span> <span class='ocrx_word' id='word_1_397' title='bbox 1995 1877 2162 1946; x_wconf 79' lang='lat' dir='ltr'><strong>igitur</strong></span> <span class='ocrx_word' id='word_1_398' title='bbox 2228 1872 2570 1944; x_wconf 86' lang='lat' dir='ltr'><strong>impossibile</strong></span> <span class='ocrx_word' id='word_1_399' title='bbox 2619 1880 2710 1925; x_wconf 87' lang='lat' dir='ltr'><strong>est</strong></span> <span class='ocrx_word' id='word_1_400' title='bbox 2765 1886 2829 1925; x_wconf 83' lang='lat' dir='ltr'><strong>ex</strong></span> <span class='ocrx_word' id='word_1_401' title='bbox 2891 1869 3179 1924; x_wconf 86' lang='lat' dir='ltr'><strong>mansione</strong></span> <span class='ocrx_word' id='word_1_402' title='bbox 3224 1868 3501 1938; x_wconf 79' lang='lat' dir='ltr'><strong>jttstnrttm</strong></span> 
     </span>
    </p>
   </div>
   <div class='ocr_carea' id='block_1_53' title="bbox 1887 1959 3504 2039">
    <p class='ocr_par' dir='ltr' id='par_1_53' title="bbox 1887 1959 3504 2039">
     <span class='ocr_line' id='line_1_53' title="bbox 1887 1959 3504 2039; baseline -0.008 -17"><span class='ocrx_word' id='word_1_403' title='bbox 1887 1967 2201 2039; x_wconf 87' lang='lat' dir='ltr'><strong>quempiam</strong></span> <span class='ocrx_word' id='word_1_404' title='bbox 2240 1965 2480 2020; x_wconf 89' lang='lat' dir='ltr'><strong>transire</strong></span> <span class='ocrx_word' id='word_1_405' title='bbox 2522 1966 2574 2018; x_wconf 93' lang='lat' dir='ltr'><strong>in</strong></span> <span class='ocrx_word' id='word_1_406' title='bbox 2612 1964 2790 2019; x_wconf 91' lang='lat' dir='ltr'><strong>locum</strong></span> <span class='ocrx_word' id='word_1_407' title='bbox 2828 1970 3178 2032; x_wconf 87' lang='lat' dir='ltr'><strong>peccatorum</strong></span> <span class='ocrx_word' id='word_1_408' title='bbox 3218 2001 3233 2024; x_wconf 92' lang='lat'><strong>,</strong></span> <span class='ocrx_word' id='word_1_409' title='bbox 3277 1962 3350 2014; x_wconf 88' lang='lat' dir='ltr'><strong>ita</strong></span> <span class='ocrx_word' id='word_1_410' title='bbox 3403 1959 3504 2012; x_wconf 83' lang='lat' dir='ltr'><strong>im-</strong></span> 
     </span>
    </p>
   </div>
   <div class='ocr_carea' id='block_1_54' title="bbox 1885 2052 3506 2131">
    <p class='ocr_par' dir='ltr' id='par_1_54' title="bbox 1885 2052 3506 2131">
     <span class='ocr_line' id='line_1_54' title="bbox 1885 2052 3506 2131; baseline -0.008 -15"><span class='ocrx_word' id='word_1_411' title='bbox 1885 2059 2146 2131; x_wconf 74' lang='lat' dir='ltr'><strong>possibile</strong></span> <span class='ocrx_word' id='word_1_412' title='bbox 2167 2069 2269 2122; x_wconf 87' lang='lat' dir='ltr'><strong>est,</strong></span> <span class='ocrx_word' id='word_1_413' title='bbox 2307 2069 2366 2112; x_wconf 93' lang='lat' dir='ltr'><strong>ut</strong></span> <span class='ocrx_word' id='word_1_414' title='bbox 2391 2072 2490 2112; x_wconf 87' lang='lat' dir='ltr'><strong>nos</strong></span> <span class='ocrx_word' id='word_1_415' title='bbox 2510 2056 2675 2112; x_wconf 84' lang='lat' dir='ltr'><strong>docet</strong></span> <span class='ocrx_word' id='word_1_416' title='bbox 2708 2055 3011 2114; x_wconf 86' lang='lat' dir='ltr'><strong>Abraham,</strong></span> <span class='ocrx_word' id='word_1_417' title='bbox 3049 2053 3288 2107; x_wconf 82' lang='lat' dir='ltr'><strong>transire</strong></span> <span class='ocrx_word' id='word_1_418' title='bbox 3322 2071 3348 2103; x_wconf 89' lang='lat' dir='ltr'><strong>a</strong></span> <span class='ocrx_word' id='word_1_419' title='bbox 3383 2052 3506 2106; x_wconf 65' lang='lat' dir='ltr'><strong>loco</strong></span> 
     </span>
    </p>
   </div>
   <div class='ocr_carea' id='block_1_55' title="bbox 1886 2143 3506 2222">
    <p class='ocr_par' dir='ltr' id='par_1_55' title="bbox 1886 2143 3506 2222">
     <span class='ocr_line' id='line_1_55' title="bbox 1886 2143 3506 2222; baseline -0.006 -16"><span class='ocrx_word' id='word_1_420' title='bbox 1886 2165 2063 2222; x_wconf 70' lang='lat' dir='ltr'><strong>poena:</strong></span> <span class='ocrx_word' id='word_1_421' title='bbox 2096 2151 2148 2206; x_wconf 92' lang='lat' dir='ltr'><strong>in</strong></span> <span class='ocrx_word' id='word_1_422' title='bbox 2201 2150 2382 2206; x_wconf 91' lang='lat' dir='ltr'><strong>locum</strong></span> <span class='ocrx_word' id='word_1_423' title='bbox 2423 2147 2722 2218; x_wconf 74' lang='lat' dir='ltr'><strong>iustorum.</strong></span> <span class='ocrx_word' id='word_1_424' title='bbox 2775 2145 3053 2200; x_wconf 82' lang='lat' dir='ltr'><strong>Abraham</strong></span> <span class='ocrx_word' id='word_1_425' title='bbox 3104 2160 3238 2199; x_wconf 90' lang='lat' dir='ltr'><strong>sane</strong></span> <span class='ocrx_word' id='word_1_426' title='bbox 3283 2143 3386 2198; x_wconf 88' lang='lat' dir='ltr'><strong>lide</strong></span> <span class='ocrx_word' id='word_1_427' title='bbox 3425 2144 3506 2196; x_wconf 82' lang='lat' dir='ltr'><strong>di-</strong></span> 
     </span>
    </p>
   </div>
   <div class='ocr_carea' id='block_1_56' title="bbox 1889 2239 3509 2312">
    <p class='ocr_par' dir='ltr' id='par_1_56' title="bbox 1889 2239 3509 2312">
     <span class='ocr_line' id='line_1_56' title="bbox 1889 2239 3509 2312; baseline -0.004 -15"><span class='ocrx_word' id='word_1_428' title='bbox 1889 2247 2050 2310; x_wconf 70' lang='lat' dir='ltr'><strong>gnior</strong></span> <span class='ocrx_word' id='word_1_429' title='bbox 2110 2251 2218 2308; x_wconf 88' lang='lat' dir='ltr'><strong>est,</strong></span> <span class='ocrx_word' id='word_1_430' title='bbox 2277 2256 2441 2312; x_wconf 87' lang='lat' dir='ltr'><strong>quam</strong></span> <span class='ocrx_word' id='word_1_431' title='bbox 2484 2240 2768 2310; x_wconf 67' lang='lat' dir='ltr'><strong>Origo-nes.</strong></span> <span class='ocrx_word' id='word_1_432' title='bbox 2829 2239 2969 2304; x_wconf 88' lang='lat' dir='ltr'><strong>Quid</strong></span> <span class='ocrx_word' id='word_1_433' title='bbox 3033 2248 3218 2292; x_wconf 91' lang='lat' dir='ltr'><strong>autem</strong></span> <span class='ocrx_word' id='word_1_434' title='bbox 3279 2250 3361 2292; x_wconf 84' lang='lat' dir='ltr'><strong>est</strong></span> <span class='ocrx_word' id='word_1_435' title='bbox 3427 2239 3509 2290; x_wconf 83' lang='lat' dir='ltr'><strong>in-</strong></span> 
     </span>
    </p>
   </div>
   <div class='ocr_carea' id='block_1_57' title="bbox 1887 2332 3505 2403">
    <p class='ocr_par' dir='ltr' id='par_1_57' title="bbox 1887 2332 3505 2403">
     <span class='ocr_line' id='line_1_57' title="bbox 1887 2332 3505 2403; baseline -0.007 -12"><span class='ocrx_word' id='word_1_436' title='bbox 1887 2337 2114 2392; x_wconf 79' lang='lat' dir='ltr'><strong>fernus?</strong></span> <span class='ocrx_word' id='word_1_437' title='bbox 2158 2335 2391 2403; x_wconf 84' lang='lat' dir='ltr'><strong>Quidam</strong></span> <span class='ocrx_word' id='word_1_438' title='bbox 2445 2336 2640 2388; x_wconf 77' lang='lat' dir='ltr'><strong>dicunt</strong></span> <span class='ocrx_word' id='word_1_439' title='bbox 2684 2349 2803 2388; x_wconf 74' lang='lat' dir='ltr'><strong>esse</strong></span> <span class='ocrx_word' id='word_1_440' title='bbox 2858 2332 3034 2386; x_wconf 88' lang='lat' dir='ltr'><strong>locum</strong></span> <span class='ocrx_word' id='word_1_441' title='bbox 3081 2332 3505 2385; x_wconf 74' lang='lat' dir='ltr'><strong>subtm&#39;raneum</strong></span> 
     </span>
    </p>
   </div>
   <div class='ocr_carea' id='block_1_58' title="bbox 1890 2423 3506 2485">
    <p class='ocr_par' dir='ltr' id='par_1_58' title="bbox 1890 2423 3506 2485">
     <span class='ocr_line' id='line_1_58' title="bbox 1890 2423 3506 2485; baseline -0.005 0"><span class='ocrx_word' id='word_1_442' title='bbox 1890 2431 2268 2485; x_wconf 86' lang='lat' dir='ltr'><strong>tenebrosum.</strong></span> <span class='ocrx_word' id='word_1_443' title='bbox 2322 2427 2428 2483; x_wconf 85' lang='lat' dir='ltr'><strong>Alii</strong></span> <span class='ocrx_word' id='word_1_444' title='bbox 2491 2437 2672 2481; x_wconf 80' lang='lat' dir='ltr'><strong>autem</strong></span> <span class='ocrx_word' id='word_1_445' title='bbox 2729 2425 3022 2479; x_wconf 84' lang='lat' dir='ltr'><strong>transitum</strong></span> <span class='ocrx_word' id='word_1_446' title='bbox 3071 2425 3269 2478; x_wconf 75' lang='lat' dir='ltr'><strong>animm</strong></span> <span class='ocrx_word' id='word_1_447' title='bbox 3328 2440 3356 2476; x_wconf 92' lang='lat' dir='ltr'><strong>a</strong></span> <span class='ocrx_word' id='word_1_448' title='bbox 3425 2423 3506 2477; x_wconf 85' lang='lat' dir='ltr'><strong>lu-</strong></span> 
     </span>
    </p>
   </div>
   <div class='ocr_carea' id='block_1_59' title="bbox 1888 2517 3510 2598">
    <p class='ocr_par' dir='ltr' id='par_1_59' title="bbox 1888 2517 3510 2598">
     <span class='ocr_line' id='line_1_59' title="bbox 1888 2517 3510 2598; baseline -0.006 -20"><span class='ocrx_word' id='word_1_449' title='bbox 1888 2523 2015 2578; x_wconf 89' lang='lat' dir='ltr'><strong>cido</strong></span> <span class='ocrx_word' id='word_1_450' title='bbox 2091 2522 2146 2578; x_wconf 92' lang='lat' dir='ltr'><strong>in</strong></span> <span class='ocrx_word' id='word_1_451' title='bbox 2207 2524 2508 2598; x_wconf 89' lang='lat' dir='ltr'><strong>obscurum</strong></span> <span class='ocrx_word' id='word_1_452' title='bbox 2563 2530 2617 2576; x_wconf 90' lang='lat' dir='ltr'><strong>ct</strong></span> <span class='ocrx_word' id='word_1_453' title='bbox 2707 2519 3056 2574; x_wconf 83' lang='lat' dir='ltr'><strong>tenebrosum</strong></span> <span class='ocrx_word' id='word_1_454' title='bbox 3149 2518 3340 2572; x_wconf 87' lang='lat' dir='ltr'><strong>dicunt.</strong></span> <span class='ocrx_word' id='word_1_455' title='bbox 3428 2517 3510 2570; x_wconf 83' lang='lat' dir='ltr'><strong>in-</strong></span> 
     </span>
    </p>
   </div>
   <div class='ocr_carea' id='block_1_60' title="bbox 1889 2605 3511 2687">
    <p class='ocr_par' dir='ltr' id='par_1_60' title="bbox 1889 2605 3511 2687">
     <span class='ocr_line' id='line_1_60' title="bbox 1889 2605 3511 2687; baseline -0.007 -15"><span class='ocrx_word' id='word_1_456' title='bbox 1889 2617 2125 2672; x_wconf 82' lang='lat' dir='ltr'><strong>fernum.</strong></span> <span class='ocrx_word' id='word_1_457' title='bbox 2207 2605 2486 2683; x_wconf 55' lang='lat' dir='ltr'><strong>Quandiu&#39;</strong></span> <span class='ocrx_word' id='word_1_458' title='bbox 2533 2613 2701 2687; x_wconf 73' lang='grc'><strong>420</strong></span> <span class='ocrx_word' id='word_1_459' title='bbox 2775 2614 2921 2666; x_wconf 83' lang='lat' dir='ltr'><strong>enim</strong></span> <span class='ocrx_word' id='word_1_460' title='bbox 3003 2611 3054 2664; x_wconf 93' lang='lat' dir='ltr'><strong>in</strong></span> <span class='ocrx_word' id='word_1_461' title='bbox 3125 2625 3360 2680; x_wconf 88' lang='lat' dir='ltr'><strong>corpore</strong></span> <span class='ocrx_word' id='word_1_462' title='bbox 3427 2620 3511 2663; x_wconf 85' lang='lat' dir='ltr'><strong>est</strong></span> 
     </span>
    </p>
   </div>
   <div class='ocr_carea' id='block_1_61' title="bbox 1890 2703 3509 2778">
    <p class='ocr_par' dir='ltr' id='par_1_61' title="bbox 1890 2703 3509 2778">
     <span class='ocr_line' id='line_1_61' title="bbox 1890 2703 3509 2778; baseline -0.007 -15"><span class='ocrx_word' id='word_1_463' title='bbox 1890 2709 2097 2774; x_wconf 87' lang='lat' dir='ltr'><strong>anima,</strong></span> <span class='ocrx_word' id='word_1_464' title='bbox 2161 2718 2389 2778; x_wconf 87' lang='lat' dir='ltr'><strong>apparet</strong></span> <span class='ocrx_word' id='word_1_465' title='bbox 2442 2716 2665 2776; x_wconf 81' lang='lat' dir='ltr'><strong>propter</strong></span> <span class='ocrx_word' id='word_1_466' title='bbox 2696 2703 3050 2773; x_wconf 83' lang='lat' dir='ltr'><strong>operationes</strong></span> <span class='ocrx_word' id='word_1_467' title='bbox 3097 2716 3227 2756; x_wconf 89' lang='lat' dir='ltr'><strong>suas</strong></span> <span class='ocrx_word' id='word_1_468' title='bbox 3274 2718 3286 2754; x_wconf 92' lang='lat'><strong>:</strong></span> <span class='ocrx_word' id='word_1_469' title='bbox 3355 2706 3509 2769; x_wconf 78' lang='lat' dir='ltr'><strong>pnst-</strong></span> 
     </span>
    </p>
   </div>
   <div class='ocr_carea' id='block_1_62' title="bbox 1891 2792 3510 2872">
    <p class='ocr_par' dir='ltr' id='par_1_62' title="bbox 1891 2792 3510 2872">
     <span class='ocr_line' id='line_1_62' title="bbox 1891 2792 3510 2872; baseline -0.007 -17"><span class='ocrx_word' id='word_1_470' title='bbox 1891 2816 2055 2872; x_wconf 87' lang='lat' dir='ltr'><strong>quam</strong></span> <span class='ocrx_word' id='word_1_471' title='bbox 2094 2812 2277 2855; x_wconf 89' lang='lat' dir='ltr'><strong>autem</strong></span> <span class='ocrx_word' id='word_1_472' title='bbox 2310 2815 2338 2853; x_wconf 91' lang='lat' dir='ltr'><strong>a</strong></span> <span class='ocrx_word' id='word_1_473' title='bbox 2387 2812 2620 2865; x_wconf 90' lang='lat' dir='ltr'><strong>corpore</strong></span> <span class='ocrx_word' id='word_1_474' title='bbox 2653 2796 3034 2866; x_wconf 81' lang='lat' dir='ltr'><strong>emigraverit,</strong></span> <span class='ocrx_word' id='word_1_475' title='bbox 3082 2792 3377 2848; x_wconf 65' lang='lat' dir='ltr'><strong>invisibilis</strong></span> <span class='ocrx_word' id='word_1_476' title='bbox 3431 2794 3510 2844; x_wconf 88' lang='lat' dir='ltr'><strong>lit.</strong></span> 
     </span>
    </p>
   </div>
   <div class='ocr_carea' id='block_1_63' title="bbox 1893 2875 3509 2965">
    <p class='ocr_par' dir='ltr' id='par_1_63' title="bbox 1893 2875 3509 2965">
     <span class='ocr_line' id='line_1_63' title="bbox 1893 2875 3509 2965; baseline -0.007 -17"><span class='ocrx_word' id='word_1_477' title='bbox 1893 2894 2006 2950; x_wconf 88' lang='lat' dir='ltr'><strong>lloc</strong></span> <span class='ocrx_word' id='word_1_478' title='bbox 2049 2895 2218 2965; x_wconf 76' lang='lat' dir='ltr'><strong>igitur</strong></span> <span class='ocrx_word' id='word_1_479' title='bbox 2273 2893 2536 2948; x_wconf 77' lang='lat' dir='ltr'><strong>dixerunt</strong></span> <span class='ocrx_word' id='word_1_480' title='bbox 2586 2906 2712 2946; x_wconf 87' lang='lat' dir='ltr'><strong>esse</strong></span> <span class='ocrx_word' id='word_1_481' title='bbox 2767 2887 3068 2945; x_wconf 75' lang='lat' dir='ltr'><strong>infernum.</strong></span> <span class='ocrx_word' id='word_1_482' title='bbox 3124 2889 3290 2944; x_wconf 88' lang='lat' dir='ltr'><strong>Sinus</strong></span> <span class='ocrx_word' id='word_1_483' title='bbox 3327 2875 3509 2940; x_wconf 86' lang='lat' dir='ltr'><strong>autem</strong></span> 
     </span>
    </p>
   </div>
   <div class='ocr_carea' id='block_1_64' title="bbox 1890 2981 3513 3051">
    <p class='ocr_par' dir='ltr' id='par_1_64' title="bbox 1890 2981 3513 3051">
     <span class='ocr_line' id='line_1_64' title="bbox 1890 2981 3513 3051; baseline -0.006 -10"><span class='ocrx_word' id='word_1_484' title='bbox 1890 2986 2126 3042; x_wconf 68' lang='lat' dir='ltr'><strong>Abrahae</strong></span> <span class='ocrx_word' id='word_1_485' title='bbox 2157 2995 2352 3040; x_wconf 91' lang='lat' dir='ltr'><strong>vocant</strong></span> <span class='ocrx_word' id='word_1_486' title='bbox 2383 2983 2782 3040; x_wconf 86' lang='lat' dir='ltr'><strong>continentiam</strong></span> <span class='ocrx_word' id='word_1_487' title='bbox 2820 2985 3087 3037; x_wconf 88' lang='lat' dir='ltr'><strong>bonorum</strong></span> <span class='ocrx_word' id='word_1_488' title='bbox 3115 2995 3238 3051; x_wconf 61' lang='lat' dir='ltr'><strong>quae</strong></span> <span class='ocrx_word' id='word_1_489' title='bbox 3270 2981 3513 3049; x_wconf 57' lang='lat' dir='ltr'><strong>reposita</strong></span> 
     </span>
    </p>
   </div>
   <div class='ocr_carea' id='block_1_65' title="bbox 1893 3072 3513 3148">
    <p class='ocr_par' dir='ltr' id='par_1_65' title="bbox 1893 3072 3513 3148">
     <span class='ocr_line' id='line_1_65' title="bbox 1893 3072 3513 3148; baseline -0.006 -16"><span class='ocrx_word' id='word_1_490' title='bbox 1893 3086 2019 3132; x_wconf 89' lang='lat' dir='ltr'><strong>sunt</strong></span> <span class='ocrx_word' id='word_1_491' title='bbox 2061 3077 2247 3148; x_wconf 88' lang='lat' dir='ltr'><strong>justis,</strong></span> <span class='ocrx_word' id='word_1_492' title='bbox 2289 3075 2382 3147; x_wconf 89' lang='lat' dir='ltr'><strong>qui</strong></span> <span class='ocrx_word' id='word_1_493' title='bbox 2438 3091 2466 3130; x_wconf 92' lang='lat' dir='ltr'><strong>a</strong></span> <span class='ocrx_word' id='word_1_494' title='bbox 2515 3083 2841 3146; x_wconf 88' lang='lat' dir='ltr'><strong>tempestate</strong></span> <span class='ocrx_word' id='word_1_495' title='bbox 2890 3073 3054 3143; x_wconf 84' lang='lat' dir='ltr'><strong>hujus</strong></span> <span class='ocrx_word' id='word_1_496' title='bbox 3099 3073 3272 3127; x_wconf 87' lang='lat' dir='ltr'><strong>maris</strong></span> <span class='ocrx_word' id='word_1_497' title='bbox 3326 3072 3513 3142; x_wconf 76' lang='lat' dir='ltr'><strong>ingre-</strong></span> 
     </span>
    </p>
   </div>
   <div class='ocr_carea' id='block_1_66' title="bbox 1893 3167 3511 3241">
    <p class='ocr_par' dir='ltr' id='par_1_66' title="bbox 1893 3167 3511 3241">
     <span class='ocr_line' id='line_1_66' title="bbox 1893 3167 3511 3241; baseline -0.004 -15"><span class='ocrx_word' id='word_1_498' title='bbox 1893 3172 2124 3226; x_wconf 89' lang='lat' dir='ltr'><strong>diuntur</strong></span> <span class='ocrx_word' id='word_1_499' title='bbox 2163 3173 2216 3226; x_wconf 85' lang='lat' dir='ltr'><strong>in</strong></span> <span class='ocrx_word' id='word_1_500' title='bbox 2251 3179 2441 3241; x_wconf 86' lang='lat' dir='ltr'><strong>portus</strong></span> <span class='ocrx_word' id='word_1_501' title='bbox 2480 3169 2738 3225; x_wconf 72' lang='lat' dir='ltr'><strong>cwlcstes</strong></span> <span class='ocrx_word' id='word_1_502' title='bbox 2790 3185 2803 3223; x_wconf 90' lang='lat'><strong>:</strong></span> <span class='ocrx_word' id='word_1_503' title='bbox 2843 3169 3107 3237; x_wconf 89' lang='lat' dir='ltr'><strong>quoniam</strong></span> <span class='ocrx_word' id='word_1_504' title='bbox 3161 3176 3218 3221; x_wconf 87' lang='lat' dir='ltr'><strong>et</strong></span> <span class='ocrx_word' id='word_1_505' title='bbox 3267 3167 3320 3221; x_wconf 92' lang='lat' dir='ltr'><strong>in</strong></span> <span class='ocrx_word' id='word_1_506' title='bbox 3376 3183 3511 3219; x_wconf 82' lang='lat' dir='ltr'><strong>mat.</strong></span> 
     </span>
    </p>
   </div>
   <div class='ocr_carea' id='block_1_67' title="bbox 1896 3259 3519 3335">
    <p class='ocr_par' dir='ltr' id='par_1_67' title="bbox 1896 3259 3519 3335">
     <span class='ocr_line' id='line_1_67' title="bbox 1896 3259 3519 3335; baseline -0.006 -15"><span class='ocrx_word' id='word_1_507' title='bbox 1896 3265 2050 3320; x_wconf 86' lang='lat' dir='ltr'><strong>sinus</strong></span> <span class='ocrx_word' id='word_1_508' title='bbox 2083 3262 2423 3335; x_wconf 84' lang='lat' dir='ltr'><strong>appellamus</strong></span> <span class='ocrx_word' id='word_1_509' title='bbox 2455 3261 2572 3316; x_wconf 89' lang='lat' dir='ltr'><strong>loca</strong></span> <span class='ocrx_word' id='word_1_510' title='bbox 2627 3260 2896 3332; x_wconf 88' lang='lat' dir='ltr'><strong>portubus</strong></span> <span class='ocrx_word' id='word_1_511' title='bbox 2934 3267 2990 3314; x_wconf 89' lang='lat' dir='ltr'><strong>et</strong></span> <span class='ocrx_word' id='word_1_512' title='bbox 3027 3259 3198 3330; x_wconf 88' lang='lat' dir='ltr'><strong>quieti</strong></span> <span class='ocrx_word' id='word_1_513' title='bbox 3234 3270 3384 3328; x_wconf 91' lang='lat' dir='ltr'><strong>apta.</strong></span> <span class='ocrx_word' id='word_1_514' title='bbox 3423 3259 3519 3311; x_wconf 80' lang='lat' dir='ltr'><strong>At-</strong></span> 
     </span>
    </p>
   </div>
   <div class='ocr_carea' id='block_1_68' title="bbox 1905 3350 3516 3426">
    <p class='ocr_par' dir='ltr' id='par_1_68' title="bbox 1905 3350 3516 3426">
     <span class='ocr_line' id='line_1_68' title="bbox 1905 3350 3516 3426; baseline -0.004 -14"><span class='ocrx_word' id='word_1_515' title='bbox 1905 3356 2065 3413; x_wconf 88' lang='lat' dir='ltr'><strong>tende</strong></span> <span class='ocrx_word' id='word_1_516' title='bbox 2112 3355 2202 3411; x_wconf 82' lang='lat' dir='ltr'><strong>hic</strong></span> <span class='ocrx_word' id='word_1_517' title='bbox 2233 3358 2377 3426; x_wconf 90' lang='lat' dir='ltr'><strong>quod</strong></span> <span class='ocrx_word' id='word_1_518' title='bbox 2415 3355 2468 3409; x_wconf 91' lang='lat' dir='ltr'><strong>in</strong></span> <span class='ocrx_word' id='word_1_519' title='bbox 2502 3355 2589 3410; x_wconf 89' lang='lat' dir='ltr'><strong>die</strong></span> <span class='ocrx_word' id='word_1_520' title='bbox 2618 3353 2707 3409; x_wconf 88' lang='lat' dir='ltr'><strong>illo</strong></span> <span class='ocrx_word' id='word_1_521' title='bbox 2735 3353 2827 3424; x_wconf 89' lang='lat' dir='ltr'><strong>qui</strong></span> <span class='ocrx_word' id='word_1_522' title='bbox 2865 3352 3030 3414; x_wconf 85' lang='lat' dir='ltr'><strong>alium</strong></span> <span class='ocrx_word' id='word_1_523' title='bbox 3076 3350 3274 3421; x_wconf 84' lang='lat' dir='ltr'><strong>injuria</strong></span> <span class='ocrx_word' id='word_1_524' title='bbox 3311 3351 3516 3412; x_wconf 65' lang='lat' dir='ltr'><strong>affecit.</strong></span> 
     </span>
    </p>
   </div>
   <div class='ocr_carea' id='block_1_69' title="bbox 1905 3445 3520 3519">
    <p class='ocr_par' dir='ltr' id='par_1_69' title="bbox 1905 3445 3520 3519">
     <span class='ocr_line' id='line_1_69' title="bbox 1905 3445 3520 3519; baseline -0.001 -17"><span class='ocrx_word' id='word_1_525' title='bbox 1905 3449 2113 3505; x_wconf 78' lang='lat' dir='ltr'><strong>videbit</strong></span> <span class='ocrx_word' id='word_1_526' title='bbox 2157 3449 2358 3519; x_wconf 87' lang='lat' dir='ltr'><strong>injuria</strong></span> <span class='ocrx_word' id='word_1_527' title='bbox 2402 3448 2659 3504; x_wconf 66' lang='lat' dir='ltr'><strong>allectum</strong></span> <span class='ocrx_word' id='word_1_528' title='bbox 2700 3448 2756 3502; x_wconf 92' lang='lat' dir='ltr'><strong>in</strong></span> <span class='ocrx_word' id='word_1_529' title='bbox 2808 3447 2953 3513; x_wconf 88' lang='lat' dir='ltr'><strong>quali</strong></span> <span class='ocrx_word' id='word_1_530' title='bbox 2989 3445 3161 3516; x_wconf 78' lang='lat' dir='ltr'><strong>gloria</strong></span> <span class='ocrx_word' id='word_1_531' title='bbox 3210 3447 3307 3510; x_wconf 83' lang='lat' dir='ltr'><strong>sit,</strong></span> <span class='ocrx_word' id='word_1_532' title='bbox 3338 3456 3394 3500; x_wconf 93' lang='lat' dir='ltr'><strong>ct</strong></span> <span class='ocrx_word' id='word_1_533' title='bbox 3433 3446 3520 3500; x_wconf 84' lang='lat' dir='ltr'><strong>hic</strong></span> 
     </span>
    </p>
   </div>
   <div class='ocr_carea' id='block_1_70' title="bbox 1911 3539 3522 3612">
    <p class='ocr_par' dir='ltr' id='par_1_70' title="bbox 1911 3539 3522 3612">
     <span class='ocr_line' id='line_1_70' title="bbox 1911 3539 3522 3612; baseline -0.004 -14"><span class='ocrx_word' id='word_1_534' title='bbox 1911 3544 2108 3598; x_wconf 81' lang='lat' dir='ltr'><strong>iterum</strong></span> <span class='ocrx_word' id='word_1_535' title='bbox 2139 3541 2292 3596; x_wconf 90' lang='lat' dir='ltr'><strong>illum</strong></span> <span class='ocrx_word' id='word_1_536' title='bbox 2337 3543 2389 3596; x_wconf 92' lang='lat' dir='ltr'><strong>in</strong></span> <span class='ocrx_word' id='word_1_537' title='bbox 2433 3551 2638 3612; x_wconf 82' lang='lat' dir='ltr'><strong>quanta</strong></span> <span class='ocrx_word' id='word_1_538' title='bbox 2676 3539 3138 3596; x_wconf 89' lang='lat' dir='ltr'><strong>condemnatione</strong></span> <span class='ocrx_word' id='word_1_539' title='bbox 3189 3557 3202 3594; x_wconf 87' lang='lat'>:</span> <span class='ocrx_word' id='word_1_540' title='bbox 3240 3539 3386 3595; x_wconf 88' lang='lat' dir='ltr'><strong>sicut</strong></span> <span class='ocrx_word' id='word_1_541' title='bbox 3420 3539 3522 3593; x_wconf 85' lang='lat' dir='ltr'><strong>hoc</strong></span> 
     </span>
    </p>
   </div>
   <div class='ocr_carea' id='block_1_71' title="bbox 1911 3633 3200 3700">
    <p class='ocr_par' dir='ltr' id='par_1_71' title="bbox 1911 3633 3200 3700">
     <span class='ocr_line' id='line_1_71' title="bbox 1911 3633 3200 3700; baseline -0.004 -8"><span class='ocrx_word' id='word_1_542' title='bbox 1911 3641 2031 3695; x_wconf 89' lang='lat' dir='ltr'><strong>loco</strong></span> <span class='ocrx_word' id='word_1_543' title='bbox 2065 3639 2214 3696; x_wconf 85' lang='lat' dir='ltr'><strong>dives</strong></span> <span class='ocrx_word' id='word_1_544' title='bbox 2244 3636 2544 3700; x_wconf 85' lang='lat' dir='ltr'><strong>Lazarum,</strong></span> <span class='ocrx_word' id='word_1_545' title='bbox 2585 3647 2640 3690; x_wconf 90' lang='lat' dir='ltr'><strong>et</strong></span> <span class='ocrx_word' id='word_1_546' title='bbox 2672 3633 2918 3688; x_wconf 85' lang='lat' dir='ltr'><strong>Lazarus</strong></span> <span class='ocrx_word' id='word_1_547' title='bbox 2949 3633 3200 3689; x_wconf 88' lang='lat' dir='ltr'><strong>divitem.</strong></span> 
     </span>
    </p>
   </div>
   <div class='ocr_carea' id='block_1_72' title="bbox 181 3727 3524 3803">
    <p class='ocr_par' dir='ltr' id='par_1_72' title="bbox 181 3727 3524 3803">
     <span class='ocr_line' id='line_1_72' title="bbox 181 3727 3524 3803; baseline 0.001 -25"><span class='ocrx_word' id='word_1_548' title='bbox 181 3727 276 3780; x_wconf 76' lang='grc' dir='ltr'>καὶ</span> <span class='ocrx_word' id='word_1_549' title='bbox 305 3728 761 3800; x_wconf 79' lang='grc' dir='ltr'>άναπαυτηρίους</span> <span class='ocrx_word' id='word_1_550' title='bbox 791 3733 1014 3794; x_wconf 74' lang='grc' dir='ltr'>τύπους.</span> <span class='ocrx_word' id='word_1_551' title='bbox 1043 3733 1365 3803; x_wconf 84' lang='grc' dir='ltr'>Σημείωσαι</span> <span class='ocrx_word' id='word_1_552' title='bbox 1397 3733 1576 3788; x_wconf 77' lang='grc' dir='ltr'>δὲκαὶ</span> <span class='ocrx_word' id='word_1_553' title='bbox 1636 3733 1819 3801; x_wconf 78' lang='grc' dir='ltr'>τοῦτο,</span> <span class='ocrx_word' id='word_1_554' title='bbox 1861 3735 1946 3789; x_wconf 84' lang='grc' dir='ltr'>ὅτι</span> <span class='ocrx_word' id='word_1_555' title='bbox 1983 3735 2043 3787; x_wconf 80' lang='grc' dir='ltr'>ἐν</span> <span class='ocrx_word' id='word_1_556' title='bbox 2078 3735 2145 3802; x_wconf 80' lang='grc' dir='ltr'>τῇ</span> <span class='ocrx_word' id='word_1_557' title='bbox 2189 3732 2376 3803; x_wconf 80' lang='grc' dir='ltr'>ἡμέρα</span> <span class='ocrx_word' id='word_1_558' title='bbox 2417 3730 2606 3802; x_wconf 76' lang='grc' dir='ltr'>ἐκείνῃ</span> <span class='ocrx_word' id='word_1_559' title='bbox 2662 3729 2690 3781; x_wconf 85' lang='grc' dir='ltr'>ὁ</span> <span class='ocrx_word' id='word_1_560' title='bbox 2776 3728 2983 3782; x_wconf 82' lang='grc' dir='ltr'>ἀδικῶν</span> <span class='ocrx_word' id='word_1_561' title='bbox 3023 3727 3114 3780; x_wconf 78' lang='grc' dir='ltr'><strong>τὸν</strong></span> <span class='ocrx_word' id='word_1_562' title='bbox 3155 3727 3524 3798; x_wconf 74' lang='grc' dir='ltr'>ἀδικούμενον</span> 
     </span>
    </p>
   </div>
   <div class='ocr_carea' id='block_1_73' title="bbox 178 3819 3519 3900">
    <p class='ocr_par' dir='ltr' id='par_1_73' title="bbox 178 3819 3519 3900">
     <span class='ocr_line' id='line_1_73' title="bbox 178 3819 3519 3900; baseline 0.001 -27"><span class='ocrx_word' id='word_1_563' title='bbox 178 3819 394 3887; x_wconf 60' lang='grc' dir='ltr'>ὄψεται,</span> <span class='ocrx_word' id='word_1_564' title='bbox 430 3823 487 3875; x_wconf 83' lang='grc' dir='ltr'>ὲν</span> <span class='ocrx_word' id='word_1_565' title='bbox 522 3824 654 3895; x_wconf 80' lang='grc' dir='ltr'><strong>ποέᾳ</strong></span> <span class='ocrx_word' id='word_1_566' title='bbox 696 3825 825 3897; x_wconf 72' lang='grc' dir='ltr'>δόξῃ</span> <span class='ocrx_word' id='word_1_567' title='bbox 858 3827 1000 3893; x_wconf 73' lang='grc' dir='ltr'>ἐστὶ,</span> <span class='ocrx_word' id='word_1_568' title='bbox 1041 3829 1136 3880; x_wconf 73' lang='grc' dir='ltr'>καὶ</span> <span class='ocrx_word' id='word_1_569' title='bbox 1179 3821 1333 3892; x_wconf 72' lang='grc' dir='ltr'>οὗτος</span> <span class='ocrx_word' id='word_1_570' title='bbox 1365 3824 1433 3883; x_wconf 81' lang='grc' dir='ltr'><strong>αὖ</strong></span> <span class='ocrx_word' id='word_1_571' title='bbox 1488 3829 1699 3885; x_wconf 69' lang='grc' dir='ltr'>ἐκεῖνον</span> <span class='ocrx_word' id='word_1_572' title='bbox 1766 3831 1825 3884; x_wconf 72' lang='grc' dir='ltr'><strong>ἐν</strong></span> <span class='ocrx_word' id='word_1_573' title='bbox 1899 3830 2034 3900; x_wconf 73' lang='grc' dir='ltr'>ποίᾳ</span> <span class='ocrx_word' id='word_1_574' title='bbox 2085 3827 2441 3898; x_wconf 79' lang='grc' dir='ltr'>κατακρίσει,</span> <span class='ocrx_word' id='word_1_575' title='bbox 2495 3821 2687 3897; x_wconf 69' lang='grc' dir='ltr'>ὦᾶίπερ</span> <span class='ocrx_word' id='word_1_576' title='bbox 2741 3821 2980 3878; x_wconf 75' lang='grc' dir='ltr'>ἐνταῦθα</span> <span class='ocrx_word' id='word_1_577' title='bbox 3026 3825 3054 3875; x_wconf 92' lang='lat'><strong>6</strong></span> <span class='ocrx_word' id='word_1_578' title='bbox 3109 3823 3372 3886; x_wconf 73' lang='grc' dir='ltr'>πλούσιος</span> <span class='ocrx_word' id='word_1_579' title='bbox 3424 3825 3519 3877; x_wconf 78' lang='grc' dir='ltr'><strong>τὸν</strong></span> 
     </span>
    </p>
   </div>
   <div class='ocr_carea' id='block_1_74' title="bbox 183 3915 1405 3987">
    <p class='ocr_par' dir='ltr' id='par_1_74' title="bbox 183 3915 1405 3987">
     <span class='ocr_line' id='line_1_74' title="bbox 183 3915 1405 3987; baseline 0.01 -19"><span class='ocrx_word' id='word_1_580' title='bbox 183 3917 460 3987; x_wconf 59' lang='grc' dir='ltr'><strong>⁸Χιῖιζαρον,</strong></span> <span class='ocrx_word' id='word_1_581' title='bbox 494 3918 590 3971; x_wconf 73' lang='grc' dir='ltr'><strong>καὶ</strong></span> <span class='ocrx_word' id='word_1_582' title='bbox 615 3915 769 3984; x_wconf 73' lang='grc' dir='ltr'>οὗτος</span> <span class='ocrx_word' id='word_1_583' title='bbox 803 3923 969 3977; x_wconf 83' lang='grc' dir='ltr'>πάλιν</span> <span class='ocrx_word' id='word_1_584' title='bbox 1003 3923 1095 3977; x_wconf 81' lang='grc' dir='ltr'><strong>τὸν</strong></span> <span class='ocrx_word' id='word_1_585' title='bbox 1123 3924 1405 3980; x_wconf 83' lang='grc' dir='ltr'>πλούσιον.</span> 
     </span>
    </p>
   </div>
   <div class='ocr_carea' id='block_1_75' title="bbox 261 4008 1801 4094">
    <p class='ocr_par' dir='ltr' id='par_1_75' title="bbox 261 4008 1801 4094">
     <span class='ocr_line' id='line_1_75' title="bbox 261 4008 1801 4094; baseline 0.016 -32"><span class='ocrx_word' id='word_1_586' title='bbox 261 4029 280 4062; x_wconf 75' lang='grc' dir='ltr'><strong>ι</strong></span> <span class='ocrx_word' id='word_1_587' title='bbox 315 4008 487 4064; x_wconf 83' lang='grc' dir='ltr'>Ἐῐπε</span> <span class='ocrx_word' id='word_1_588' title='bbox 514 4011 570 4065; x_wconf 83' lang='grc' dir='ltr'><strong>δέ</strong></span> <span class='ocrx_word' id='word_1_589' title='bbox 600 4029 613 4042; x_wconf 86' lang='grc'>·</span> <span class='ocrx_word' id='word_1_590' title='bbox 655 4014 881 4084; x_wconf 85' lang='grc' dir='ltr'>Ἐρωτῶ</span> <span class='ocrx_word' id='word_1_591' title='bbox 913 4015 1012 4070; x_wconf 75' lang='grc' dir='ltr'><strong>οὖν</strong></span> <span class='ocrx_word' id='word_1_592' title='bbox 1064 4034 1148 4084; x_wconf 89' lang='grc' dir='ltr'><strong>σε,</strong></span> <span class='ocrx_word' id='word_1_593' title='bbox 1182 4020 1384 4090; x_wconf 84' lang='grc' dir='ltr'>πάτερ,</span> <span class='ocrx_word' id='word_1_594' title='bbox 1431 4021 1522 4076; x_wconf 86' lang='grc' dir='ltr'>ἵνα</span> <span class='ocrx_word' id='word_1_595' title='bbox 1575 4021 1801 4094; x_wconf 70' lang='grc' dir='ltr'>πέμψῃς</span> 
     </span>
    </p>
   </div>
   <div class='ocr_carea' id='block_1_76' title="bbox 179 4101 1799 4185">
    <p class='ocr_par' dir='ltr' id='par_1_76' title="bbox 179 4101 1799 4185">
     <span class='ocr_line' id='line_1_76' title="bbox 179 4101 1799 4185; baseline 0.008 -31"><span class='ocrx_word' id='word_1_596' title='bbox 179 4101 347 4156; x_wconf 80' lang='grc' dir='ltr'>αὑτὸν</span> <span class='ocrx_word' id='word_1_597' title='bbox 387 4103 468 4166; x_wconf 77' lang='grc' dir='ltr'>εἰς</span> <span class='ocrx_word' id='word_1_598' title='bbox 503 4102 594 4157; x_wconf 78' lang='grc' dir='ltr'><strong>τὸν</strong></span> <span class='ocrx_word' id='word_1_599' title='bbox 621 4103 772 4160; x_wconf 75' lang='grc' dir='ltr'>οἷκον</span> <span class='ocrx_word' id='word_1_600' title='bbox 797 4108 892 4160; x_wconf 77' lang='grc' dir='ltr'><strong>τοῦ</strong></span> <span class='ocrx_word' id='word_1_601' title='bbox 930 4111 1138 4182; x_wconf 88' lang='grc' dir='ltr'>πατρός</span> <span class='ocrx_word' id='word_1_602' title='bbox 1174 4127 1298 4181; x_wconf 77' lang='grc' dir='ltr'>μου’</span> <span class='ocrx_word' id='word_1_603' title='bbox 1335 4111 1447 4183; x_wconf 72' lang='grc' dir='ltr'><strong>ἔχω</strong></span> <span class='ocrx_word' id='word_1_604' title='bbox 1479 4113 1588 4185; x_wconf 83' lang='grc' dir='ltr'>γάρ</span> <span class='ocrx_word' id='word_1_605' title='bbox 1640 4114 1799 4167; x_wconf 82' lang='grc' dir='ltr'>πέντε</span> 
     </span>
    </p>
   </div>
   <div class='ocr_carea' id='block_1_77' title="bbox 182 4194 1799 4278">
    <p class='ocr_par' dir='ltr' id='par_1_77' title="bbox 182 4194 1799 4278">
     <span class='ocr_line' id='line_1_77' title="bbox 182 4194 1799 4278; baseline 0.007 -30"><span class='ocrx_word' id='word_1_606' title='bbox 182 4194 474 4264; x_wconf 72' lang='grc' dir='ltr'>ἀδελφοὺς,</span> <span class='ocrx_word' id='word_1_607' title='bbox 517 4197 665 4262; x_wconf 84' lang='grc' dir='ltr'>ὅπως</span> <span class='ocrx_word' id='word_1_608' title='bbox 696 4199 1149 4274; x_wconf 72' lang='grc' dir='ltr'>διαμαρτύρηται</span> <span class='ocrx_word' id='word_1_609' title='bbox 1184 4205 1390 4271; x_wconf 75' lang='grc' dir='ltr'>αὐτοῖς,</span> <span class='ocrx_word' id='word_1_610' title='bbox 1428 4206 1519 4260; x_wconf 83' lang='grc' dir='ltr'><strong>ἵνα</strong></span> <span class='ocrx_word' id='word_1_611' title='bbox 1571 4207 1650 4278; x_wconf 82' lang='grc' dir='ltr'>μὴ</span> <span class='ocrx_word' id='word_1_612' title='bbox 1704 4211 1799 4262; x_wconf 76' lang='grc' dir='ltr'>καὶ</span> 
     </span>
    </p>
   </div>
   <div class='ocr_carea' id='block_1_78' title="bbox 183 4285 1800 4369">
    <p class='ocr_par' dir='ltr' id='par_1_78' title="bbox 183 4285 1800 4369">
     <span class='ocr_line' id='line_1_78' title="bbox 183 4285 1800 4369; baseline 0.009 -31"><span class='ocrx_word' id='word_1_613' title='bbox 183 4285 344 4339; x_wconf 74' lang='grc' dir='ltr'>αὐτοὶ</span> <span class='ocrx_word' id='word_1_614' title='bbox 381 4285 614 4342; x_wconf 81' lang='grc' dir='ltr'>ἔλθωσιν</span> <span class='ocrx_word' id='word_1_615' title='bbox 674 4291 753 4354; x_wconf 84' lang='grc' dir='ltr'>εἰς</span> <span class='ocrx_word' id='word_1_616' title='bbox 798 4291 888 4347; x_wconf 78' lang='grc' dir='ltr'>τὸν</span> <span class='ocrx_word' id='word_1_617' title='bbox 931 4293 1098 4348; x_wconf 80' lang='grc' dir='ltr'>τόπον</span> <span class='ocrx_word' id='word_1_618' title='bbox 1144 4296 1337 4350; x_wconf 82' lang='grc' dir='ltr'>τοῦτον</span> <span class='ocrx_word' id='word_1_619' title='bbox 1389 4301 1488 4369; x_wconf 72' lang='grc' dir='ltr'><strong>τῆς</strong></span> <span class='ocrx_word' id='word_1_620' title='bbox 1537 4298 1800 4368; x_wconf 82' lang='grc' dir='ltr'>βασάνου.</span> 
     </span>
    </p>
   </div>
   <div class='ocr_carea' id='block_1_79' title="bbox 185 4380 1802 4466">
    <p class='ocr_par' dir='ltr' id='par_1_79' title="bbox 185 4380 1802 4466">
     <span class='ocr_line' id='line_1_79' title="bbox 185 4380 1802 4466; baseline 0.01 -35"><span class='ocrx_word' id='word_1_621' title='bbox 185 4380 350 4446; x_wconf 84' lang='grc' dir='ltr'>Λέγει</span> <span class='ocrx_word' id='word_1_622' title='bbox 381 4380 533 4452; x_wconf 79' lang='grc' dir='ltr'><strong>αὑτῷ</strong></span> <span class='ocrx_word' id='word_1_623' title='bbox 575 4382 846 4456; x_wconf 82' lang='grc' dir='ltr'>Ἀϐραάμ·</span> <span class='ocrx_word' id='word_1_624' title='bbox 881 4385 1109 4456; x_wconf 80' lang='grc' dir='ltr'>Ἔχουσι</span> <span class='ocrx_word' id='word_1_625' title='bbox 1145 4389 1351 4443; x_wconf 84' lang='grc' dir='ltr'>Μωσέα</span> <span class='ocrx_word' id='word_1_626' title='bbox 1388 4391 1634 4455; x_wconf 80' lang='grc' dir='ltr'>καὶτοὺς</span> <span class='ocrx_word' id='word_1_627' title='bbox 1666 4410 1802 4466; x_wconf 86' lang='grc' dir='ltr'>προ-</span> 
     </span>
    </p>
   </div>
   <div class='ocr_carea' id='block_1_80' title="bbox 184 4474 1797 4558">
    <p class='ocr_par' dir='ltr' id='par_1_80' title="bbox 184 4474 1797 4558">
     <span class='ocr_line' id='line_1_80' title="bbox 184 4474 1797 4558; baseline 0.012 -37"><span class='ocrx_word' id='word_1_628' title='bbox 184 4474 389 4540; x_wconf 76' lang='grc' dir='ltr'>φήτας,</span> <span class='ocrx_word' id='word_1_629' title='bbox 453 4474 847 4531; x_wconf 81' lang='grc' dir='ltr'>ἀκουσάτωσαν</span> <span class='ocrx_word' id='word_1_630' title='bbox 900 4479 1104 4538; x_wconf 76' lang='grc' dir='ltr'>αὐτῶν.</span> <span class='ocrx_word' id='word_1_631' title='bbox 1169 4481 1228 4535; x_wconf 87' lang='grc' dir='ltr'><strong>Ὀ</strong></span> <span class='ocrx_word' id='word_1_632' title='bbox 1281 4482 1336 4536; x_wconf 76' lang='grc' dir='ltr'>δὲ</span> <span class='ocrx_word' id='word_1_633' title='bbox 1389 4479 1565 4537; x_wconf 75' lang='grc' dir='ltr'>εἶπεν·</span> <span class='ocrx_word' id='word_1_634' title='bbox 1627 4488 1797 4558; x_wconf 71' lang='grc' dir='ltr'>Οὐχὶ,</span> 
     </span>
    </p>
   </div>
   <div class='ocr_carea' id='block_1_81' title="bbox 185 4566 1797 4653">
    <p class='ocr_par' dir='ltr' id='par_1_81' title="bbox 185 4566 1797 4653">
     <span class='ocr_line' id='line_1_81' title="bbox 185 4566 1797 4653; baseline 0.012 -37"><span class='ocrx_word' id='word_1_635' title='bbox 185 4566 367 4635; x_wconf 83' lang='grc' dir='ltr'>πάτερ</span> <span class='ocrx_word' id='word_1_636' title='bbox 437 4567 712 4641; x_wconf 84' lang='grc' dir='ltr'>Ἀϐραὰμ,</span> <span class='ocrx_word' id='word_1_637' title='bbox 762 4573 878 4626; x_wconf 84' lang='grc' dir='ltr'>ἀλλ’</span> <span class='ocrx_word' id='word_1_638' title='bbox 927 4575 1024 4626; x_wconf 80' lang='grc' dir='ltr'>ἐάν</span> <span class='ocrx_word' id='word_1_639' title='bbox 1071 4593 1155 4640; x_wconf 88' lang='grc' dir='ltr'><strong>τις</strong></span> <span class='ocrx_word' id='word_1_640' title='bbox 1202 4577 1266 4630; x_wconf 83' lang='grc' dir='ltr'>ὲκ</span> <span class='ocrx_word' id='word_1_641' title='bbox 1304 4579 1520 4649; x_wconf 88' lang='grc' dir='ltr'>νεκρῶν</span> <span class='ocrx_word' id='word_1_642' title='bbox 1553 4583 1797 4653; x_wconf 67' lang='grc' dir='ltr'>πορευθῇ</span> 
     </span>
    </p>
   </div>
   <div class='ocr_carea' id='block_1_82' title="bbox 1987 4013 3528 4085">
    <p class='ocr_par' dir='ltr' id='par_1_82' title="bbox 1987 4013 3528 4085">
     <span class='ocr_line' id='line_1_82' title="bbox 1987 4013 3528 4085; baseline -0.006 -11"><span class='ocrx_word' id='word_1_643' title='bbox 1987 4017 2150 4074; x_wconf 68' lang='lat' dir='ltr'><strong>Vens.</strong></span> <span class='ocrx_word' id='word_1_644' title='bbox 2189 4014 2385 4070; x_wconf 72' lang='lat'><strong>27-31.</strong></span> <span class='ocrx_word' id='word_1_645' title='bbox 2427 4034 2443 4066; x_wconf 82' lang='grc' dir='ltr'><strong>ι</strong></span> <span class='ocrx_word' id='word_1_646' title='bbox 2484 4015 2575 4069; x_wconf 78' lang='lat' dir='ltr'><strong>Ait</strong></span> <span class='ocrx_word' id='word_1_647' title='bbox 2611 4023 2793 4069; x_wconf 87' lang='lat' dir='ltr'><strong>autem</strong></span> <span class='ocrx_word' id='word_1_648' title='bbox 2831 4033 2844 4069; x_wconf 75' lang='grc' dir='ltr'>ε</span> <span class='ocrx_word' id='word_1_649' title='bbox 2881 4013 3032 4085; x_wconf 75' lang='lat' dir='ltr'><strong>Rogo</strong></span> <span class='ocrx_word' id='word_1_650' title='bbox 3066 4027 3197 4082; x_wconf 76' lang='lat' dir='ltr'><strong>ergo</strong></span> <span class='ocrx_word' id='word_1_651' title='bbox 3229 4020 3302 4076; x_wconf 80' lang='lat' dir='ltr'><strong>te,</strong></span> <span class='ocrx_word' id='word_1_652' title='bbox 3353 4021 3528 4082; x_wconf 88' lang='lat' dir='ltr'><strong>pater,</strong></span> 
     </span>
    </p>
   </div>
   <div class='ocr_carea' id='block_1_83' title="bbox 1911 4108 3528 4181">
    <p class='ocr_par' dir='ltr' id='par_1_83' title="bbox 1911 4108 3528 4181">
     <span class='ocr_line' id='line_1_83' title="bbox 1911 4108 3528 4181; baseline -0.007 -10"><span class='ocrx_word' id='word_1_653' title='bbox 1911 4122 1969 4171; x_wconf 80' lang='lat' dir='ltr'><strong>ut</strong></span> <span class='ocrx_word' id='word_1_654' title='bbox 2003 4115 2190 4169; x_wconf 85' lang='lat' dir='ltr'><strong>mittas</strong></span> <span class='ocrx_word' id='word_1_655' title='bbox 2241 4128 2366 4167; x_wconf 89' lang='lat' dir='ltr'><strong>eum</strong></span> <span class='ocrx_word' id='word_1_656' title='bbox 2399 4112 2451 4167; x_wconf 91' lang='lat' dir='ltr'><strong>in</strong></span> <span class='ocrx_word' id='word_1_657' title='bbox 2493 4112 2715 4167; x_wconf 92' lang='lat' dir='ltr'><strong>domum</strong></span> <span class='ocrx_word' id='word_1_658' title='bbox 2750 4111 2921 4181; x_wconf 86' lang='lat' dir='ltr'><strong>patris</strong></span> <span class='ocrx_word' id='word_1_659' title='bbox 2972 4110 3076 4165; x_wconf 88' lang='lat' dir='ltr'><strong>mei</strong></span> <span class='ocrx_word' id='word_1_660' title='bbox 3123 4129 3133 4163; x_wconf 95' lang='lat'>:</span> <span class='ocrx_word' id='word_1_661' title='bbox 3178 4108 3351 4163; x_wconf 82' lang='lat' dir='ltr'><strong>habeo</strong></span> <span class='ocrx_word' id='word_1_662' title='bbox 3383 4108 3528 4160; x_wconf 84' lang='lat' dir='ltr'><strong>enim</strong></span> 
     </span>
    </p>
   </div>
   <div class='ocr_carea' id='block_1_84' title="bbox 1911 4201 3531 4278">
    <p class='ocr_par' dir='ltr' id='par_1_84' title="bbox 1911 4201 3531 4278">
     <span class='ocr_line' id='line_1_84' title="bbox 1911 4201 3531 4278; baseline -0.006 -15"><span class='ocrx_word' id='word_1_663' title='bbox 1911 4211 2160 4278; x_wconf 71' lang='lat' dir='ltr'><strong>quinque</strong></span> <span class='ocrx_word' id='word_1_664' title='bbox 2191 4206 2392 4262; x_wconf 77' lang='lat' dir='ltr'><strong>fratres</strong></span> <span class='ocrx_word' id='word_1_665' title='bbox 2424 4224 2436 4259; x_wconf 90' lang='lat'><strong>:</strong></span> <span class='ocrx_word' id='word_1_666' title='bbox 2465 4214 2524 4260; x_wconf 89' lang='lat' dir='ltr'><strong>ut</strong></span> <span class='ocrx_word' id='word_1_667' title='bbox 2555 4214 2787 4260; x_wconf 82' lang='lat' dir='ltr'><strong>testetur</strong></span> <span class='ocrx_word' id='word_1_668' title='bbox 2823 4205 2955 4270; x_wconf 87' lang='lat' dir='ltr'><strong>illis,</strong></span> <span class='ocrx_word' id='word_1_669' title='bbox 2991 4220 3058 4258; x_wconf 81' lang='lat' dir='ltr'><strong>ne</strong></span> <span class='ocrx_word' id='word_1_670' title='bbox 3085 4213 3142 4258; x_wconf 91' lang='lat' dir='ltr'><strong>ct</strong></span> <span class='ocrx_word' id='word_1_671' title='bbox 3173 4202 3275 4273; x_wconf 68' lang='lat' dir='ltr'><strong>ipsi</strong></span> <span class='ocrx_word' id='word_1_672' title='bbox 3307 4201 3531 4257; x_wconf 87' lang='lat' dir='ltr'><strong>veniant</strong></span> 
     </span>
    </p>
   </div>
   <div class='ocr_carea' id='block_1_85' title="bbox 1913 4295 3532 4357">
    <p class='ocr_par' dir='ltr' id='par_1_85' title="bbox 1913 4295 3532 4357">
     <span class='ocr_line' id='line_1_85' title="bbox 1913 4295 3532 4357; baseline -0.005 -1"><span class='ocrx_word' id='word_1_673' title='bbox 1913 4303 1965 4356; x_wconf 89' lang='lat' dir='ltr'><strong>in</strong></span> <span class='ocrx_word' id='word_1_674' title='bbox 1993 4305 2138 4356; x_wconf 90' lang='lat' dir='ltr'><strong>hunc</strong></span> <span class='ocrx_word' id='word_1_675' title='bbox 2173 4300 2354 4357; x_wconf 88' lang='lat' dir='ltr'><strong>locqu</strong></span> <span class='ocrx_word' id='word_1_676' title='bbox 2387 4297 2684 4355; x_wconf 88' lang='lat' dir='ltr'><strong>cruciatus.</strong></span> <span class='ocrx_word' id='word_1_677' title='bbox 2725 4298 2815 4352; x_wconf 84' lang='lat' dir='ltr'><strong>Ait</strong></span> <span class='ocrx_word' id='word_1_678' title='bbox 2839 4297 2917 4351; x_wconf 86' lang='lat' dir='ltr'><strong>illi</strong></span> <span class='ocrx_word' id='word_1_679' title='bbox 2962 4297 3240 4351; x_wconf 83' lang='lat' dir='ltr'><strong>Abraham</strong></span> <span class='ocrx_word' id='word_1_680' title='bbox 3272 4313 3284 4349; x_wconf 93' lang='lat'>:</span> <span class='ocrx_word' id='word_1_681' title='bbox 3321 4295 3532 4350; x_wconf 90' lang='lat' dir='ltr'><strong>llabcnt</strong></span> 
     </span>
    </p>
   </div>
   <div class='ocr_carea' id='block_1_86' title="bbox 1913 4391 3529 4466">
    <p class='ocr_par' dir='ltr' id='par_1_86' title="bbox 1913 4391 3529 4466">
     <span class='ocr_line' id='line_1_86' title="bbox 1913 4391 3529 4466; baseline -0.005 -15"><span class='ocrx_word' id='word_1_682' title='bbox 1913 4397 2104 4453; x_wconf 82' lang='lat' dir='ltr'><strong>Mosen</strong></span> <span class='ocrx_word' id='word_1_683' title='bbox 2169 4412 2234 4452; x_wconf 92' lang='lat' dir='ltr'><strong>ac</strong></span> <span class='ocrx_word' id='word_1_684' title='bbox 2286 4396 2604 4466; x_wconf 87' lang='lat' dir='ltr'><strong>prophetas,</strong></span> <span class='ocrx_word' id='word_1_685' title='bbox 2638 4395 2864 4449; x_wconf 88' lang='lat' dir='ltr'><strong>audiant</strong></span> <span class='ocrx_word' id='word_1_686' title='bbox 2914 4393 3058 4449; x_wconf 91' lang='lat' dir='ltr'><strong>illos.</strong></span> <span class='ocrx_word' id='word_1_687' title='bbox 3113 4391 3301 4448; x_wconf 82' lang='lat' dir='ltr'><strong>Atille</strong></span> <span class='ocrx_word' id='word_1_688' title='bbox 3343 4393 3482 4447; x_wconf 72' lang='lat' dir='ltr'><strong>dixit</strong></span> <span class='ocrx_word' id='word_1_689' title='bbox 3519 4408 3529 4444; x_wconf 94' lang='lat'>:</span> 
     </span>
    </p>
   </div>
   <div class='ocr_carea' id='block_1_87' title="bbox 1910 4485 3528 4560">
    <p class='ocr_par' dir='ltr' id='par_1_87' title="bbox 1910 4485 3528 4560">
     <span class='ocr_line' id='line_1_87' title="bbox 1910 4485 3528 4560; baseline -0.006 -16"><span class='ocrx_word' id='word_1_690' title='bbox 1910 4490 2051 4554; x_wconf 84' lang='lat' dir='ltr'><strong>Non,</strong></span> <span class='ocrx_word' id='word_1_691' title='bbox 2079 4498 2238 4560; x_wconf 86' lang='lat' dir='ltr'><strong>pater</strong></span> <span class='ocrx_word' id='word_1_692' title='bbox 2269 4489 2574 4553; x_wconf 82' lang='lat' dir='ltr'><strong>Abraham,</strong></span> <span class='ocrx_word' id='word_1_693' title='bbox 2617 4487 2712 4543; x_wconf 87' lang='lat' dir='ltr'><strong>sed</strong></span> <span class='ocrx_word' id='word_1_694' title='bbox 2769 4487 2813 4542; x_wconf 89' lang='lat' dir='ltr'><strong>si</strong></span> <span class='ocrx_word' id='word_1_695' title='bbox 2853 4486 2978 4556; x_wconf 88' lang='lat' dir='ltr'><strong>quis</strong></span> <span class='ocrx_word' id='word_1_696' title='bbox 3019 4500 3084 4541; x_wconf 83' lang='lat' dir='ltr'><strong>ex</strong></span> <span class='ocrx_word' id='word_1_697' title='bbox 3125 4486 3360 4540; x_wconf 87' lang='lat' dir='ltr'><strong>mortuis</strong></span> <span class='ocrx_word' id='word_1_698' title='bbox 3409 4485 3528 4539; x_wconf 88' lang='lat' dir='ltr'><strong>ierit</strong></span> 
     </span>
    </p>
   </div>
   <div class='ocr_carea' id='block_1_88' title="bbox 1910 4578 3533 4654">
    <p class='ocr_par' dir='ltr' id='par_1_88' title="bbox 1910 4578 3533 4654">
     <span class='ocr_line' id='line_1_88' title="bbox 1910 4578 3533 4654; baseline -0.004 -16"><span class='ocrx_word' id='word_1_699' title='bbox 1910 4585 1976 4640; x_wconf 88' lang='lat' dir='ltr'><strong>ad</strong></span> <span class='ocrx_word' id='word_1_700' title='bbox 2026 4599 2145 4650; x_wconf 91' lang='lat' dir='ltr'><strong>eos,</strong></span> <span class='ocrx_word' id='word_1_701' title='bbox 2191 4583 2538 4654; x_wconf 88' lang='lat' dir='ltr'><strong>resipiscent.</strong></span> <span class='ocrx_word' id='word_1_702' title='bbox 2597 4582 2689 4635; x_wconf 84' lang='lat' dir='ltr'><strong>Ait</strong></span> <span class='ocrx_word' id='word_1_703' title='bbox 2721 4591 2905 4635; x_wconf 91' lang='lat' dir='ltr'><strong>autem</strong></span> <span class='ocrx_word' id='word_1_704' title='bbox 2949 4579 3025 4634; x_wconf 90' lang='lat' dir='ltr'><strong>illi</strong></span> <span class='ocrx_word' id='word_1_705' title='bbox 3081 4597 3094 4632; x_wconf 88' lang='lat'>:</span> <span class='ocrx_word' id='word_1_706' title='bbox 3149 4579 3205 4633; x_wconf 87' lang='lat' dir='ltr'><strong>Si</strong></span> <span class='ocrx_word' id='word_1_707' title='bbox 3253 4578 3437 4633; x_wconf 85' lang='lat' dir='ltr'><strong>Mosen</strong></span> <span class='ocrx_word' id='word_1_708' title='bbox 3480 4589 3533 4632; x_wconf 88' lang='lat' dir='ltr'><strong>et</strong></span> 
     </span>
    </p>
   </div>
   <div class='ocr_carea' id='block_1_89' title="bbox 187 4661 1789 4748">
    <p class='ocr_par' dir='ltr' id='par_1_89' title="bbox 187 4661 1789 4746">
     <span class='ocr_line' id='line_1_89' title="bbox 187 4661 1789 4746; baseline 0.002 -21"><span class='ocrx_word' id='word_1_709' title='bbox 187 4661 328 4729; x_wconf 74' lang='grc' dir='ltr'>πρὸς</span> <span class='ocrx_word' id='word_1_710' title='bbox 380 4661 601 4727; x_wconf 71' lang='grc' dir='ltr'>αὖτοὺς,</span> <span class='ocrx_word' id='word_1_711' title='bbox 672 4670 1126 4738; x_wconf 80' lang='grc' dir='ltr'>μετανοήσουσιν.</span> <span class='ocrx_word' id='word_1_712' title='bbox 1190 4667 1326 4724; x_wconf 67' lang='lat' dir='ltr'><strong>Eine</strong></span> <span class='ocrx_word' id='word_1_713' title='bbox 1384 4672 1441 4725; x_wconf 81' lang='grc' dir='ltr'>δὲ</span> <span class='ocrx_word' id='word_1_714' title='bbox 1501 4674 1673 4746; x_wconf 75' lang='grc' dir='ltr'>αὐτῷ·</span> <span class='ocrx_word' id='word_1_715' title='bbox 1730 4676 1789 4728; x_wconf 77' lang='grc' dir='ltr'><strong>ΕΞ</strong></span> 
     </span>
    </p>
   </div>
   <div class='ocr_carea' id='block_1_90' title="bbox 1900 4661 3533 4748">
    <p class='ocr_par' dir='ltr' id='par_1_90' title="bbox 1908 4673 3533 4748">
     <span class='ocr_line' id='line_1_90' title="bbox 1908 4673 3533 4748; baseline -0.002 -18"><span class='ocrx_word' id='word_1_716' title='bbox 1908 4679 2205 4748; x_wconf 86' lang='lat' dir='ltr'><strong>prophetas</strong></span> <span class='ocrx_word' id='word_1_717' title='bbox 2249 4692 2357 4731; x_wconf 89' lang='lat' dir='ltr'><strong>non</strong></span> <span class='ocrx_word' id='word_1_718' title='bbox 2397 4675 2648 4740; x_wconf 87' lang='lat' dir='ltr'><strong>audiunt,</strong></span> <span class='ocrx_word' id='word_1_719' title='bbox 2701 4690 2878 4743; x_wconf 88' lang='lat' dir='ltr'><strong>neque</strong></span> <span class='ocrx_word' id='word_1_720' title='bbox 2917 4674 2963 4728; x_wconf 84' lang='lat' dir='ltr'><strong>si</strong></span> <span class='ocrx_word' id='word_1_721' title='bbox 3015 4673 3142 4742; x_wconf 87' lang='lat' dir='ltr'><strong>quis</strong></span> <span class='ocrx_word' id='word_1_722' title='bbox 3183 4687 3250 4728; x_wconf 77' lang='lat' dir='ltr'><strong>ex</strong></span> <span class='ocrx_word' id='word_1_723' title='bbox 3294 4675 3533 4726; x_wconf 83' lang='lat' dir='ltr'><strong>mortuis</strong></span> 
     </span>
    </p>
   </div>
   <div class='ocr_carea' id='block_1_91' title="bbox 187 4754 1804 4833">
    <p class='ocr_par' dir='ltr' id='par_1_91' title="bbox 187 4754 1804 4833">
     <span class='ocr_line' id='line_1_91' title="bbox 187 4754 1804 4833; baseline 0.011 -28"><span class='ocrx_word' id='word_1_724' title='bbox 187 4754 441 4820; x_wconf 80' lang='grc' dir='ltr'>Μωσέως</span> <span class='ocrx_word' id='word_1_725' title='bbox 492 4759 587 4810; x_wconf 76' lang='grc' dir='ltr'><strong>καὶ</strong></span> <span class='ocrx_word' id='word_1_726' title='bbox 649 4760 762 4814; x_wconf 88' lang='grc' dir='ltr'><strong>τῶν</strong></span> <span class='ocrx_word' id='word_1_727' title='bbox 810 4763 1111 4832; x_wconf 75' lang='grc' dir='ltr'>προφητῶν</span> <span class='ocrx_word' id='word_1_728' title='bbox 1168 4766 1270 4818; x_wconf 77' lang='grc' dir='ltr'>οὐκ</span> <span class='ocrx_word' id='word_1_729' title='bbox 1322 4766 1640 4833; x_wconf 85' lang='grc' dir='ltr'>ἀκούουσιν,</span> <span class='ocrx_word' id='word_1_730' title='bbox 1681 4769 1804 4823; x_wconf 72' lang='grc' dir='ltr'>οὐδὲ</span> 
     </span>
    </p>
   </div>
   <div class='ocr_carea' id='block_1_92' title="bbox 189 4848 1805 4931">
    <p class='ocr_par' dir='ltr' id='par_1_92' title="bbox 189 4848 1805 4931">
     <span class='ocr_line' id='line_1_92' title="bbox 189 4848 1805 4931; baseline 0.011 -31"><span class='ocrx_word' id='word_1_731' title='bbox 189 4848 289 4902; x_wconf 83' lang='grc' dir='ltr'>ὲάν</span> <span class='ocrx_word' id='word_1_732' title='bbox 321 4866 408 4912; x_wconf 86' lang='grc' dir='ltr'><strong>τις</strong></span> <span class='ocrx_word' id='word_1_733' title='bbox 457 4852 522 4922; x_wconf 59' lang='grc' dir='ltr'>ἐκ</span> <span class='ocrx_word' id='word_1_734' title='bbox 555 4852 774 4922; x_wconf 84' lang='grc' dir='ltr'>νεκρῶν</span> <span class='ocrx_word' id='word_1_735' title='bbox 815 4855 1048 4928; x_wconf 78' lang='grc' dir='ltr'>ἀναστῇ,</span> <span class='ocrx_word' id='word_1_736' title='bbox 1095 4859 1511 4931; x_wconf 85' lang='grc' dir='ltr'>πεισθήσονται.</span> <span class='ocrx_word' id='word_1_737' title='bbox 1566 4879 1585 4914; x_wconf 72' lang='grc' dir='ltr'><strong>ι</strong></span> <span class='ocrx_word' id='word_1_738' title='bbox 1642 4863 1805 4917; x_wconf 82' lang='grc' dir='ltr'>Ἀπο-</span> 
     </span>
    </p>
   </div>
   <div class='ocr_carea' id='block_1_93' title="bbox 188 4941 1804 5027">
    <p class='ocr_par' dir='ltr' id='par_1_93' title="bbox 188 4941 1804 5027">
     <span class='ocr_line' id='line_1_93' title="bbox 188 4941 1804 5027; baseline 0.011 -35"><span class='ocrx_word' id='word_1_739' title='bbox 188 4941 380 5012; x_wconf 84' lang='grc' dir='ltr'>τυχὼν</span> <span class='ocrx_word' id='word_1_740' title='bbox 422 4943 531 4996; x_wconf 88' lang='grc' dir='ltr'><strong>τῶν</strong></span> <span class='ocrx_word' id='word_1_741' title='bbox 581 4945 704 4999; x_wconf 87' lang='grc' dir='ltr'>καθ’</span> <span class='ocrx_word' id='word_1_742' title='bbox 737 4947 928 5002; x_wconf 76' lang='grc' dir='ltr'>ἑαυτὸν</span> <span class='ocrx_word' id='word_1_743' title='bbox 971 4950 999 5002; x_wconf 83' lang='lat'><strong>6</strong></span> <span class='ocrx_word' id='word_1_744' title='bbox 1044 4951 1278 5016; x_wconf 74' lang='grc' dir='ltr'>ἐλεεινὸς</span> <span class='ocrx_word' id='word_1_745' title='bbox 1321 4953 1605 5018; x_wconf 86' lang='grc' dir='ltr'>πλούσιος,</span> <span class='ocrx_word' id='word_1_746' title='bbox 1659 4957 1804 5027; x_wconf 81' lang='grc' dir='ltr'>ὑπὲρ</span> 
     </span>
    </p>
   </div>
   <div class='ocr_carea' id='block_1_94' title="bbox 192 5037 1804 5122">
    <p class='ocr_par' dir='ltr' id='par_1_94' title="bbox 192 5037 1804 5122">
     <span class='ocr_line' id='line_1_94' title="bbox 192 5037 1804 5122; baseline 0.011 -35"><span class='ocrx_word' id='word_1_747' title='bbox 192 5037 406 5106; x_wconf 79' lang='grc' dir='ltr'>ἑτέρων</span> <span class='ocrx_word' id='word_1_748' title='bbox 450 5037 635 5109; x_wconf 84' lang='grc' dir='ltr'>τίθησι</span> <span class='ocrx_word' id='word_1_749' title='bbox 675 5040 776 5112; x_wconf 75' lang='grc' dir='ltr'>τὴν</span> <span class='ocrx_word' id='word_1_750' title='bbox 827 5042 1136 5115; x_wconf 80' lang='grc' dir='ltr'>ἱκετηρίαν.</span> <span class='ocrx_word' id='word_1_751' title='bbox 1191 5048 1338 5118; x_wconf 86' lang='grc' dir='ltr'>’Όρα</span> <span class='ocrx_word' id='word_1_752' title='bbox 1388 5049 1505 5112; x_wconf 85' lang='grc' dir='ltr'><strong>πῶς</strong></span> <span class='ocrx_word' id='word_1_753' title='bbox 1554 5050 1660 5104; x_wconf 77' lang='grc' dir='ltr'><strong>ὑπὸ</strong></span> <span class='ocrx_word' id='word_1_754' title='bbox 1707 5052 1804 5122; x_wconf 74' lang='grc' dir='ltr'><strong>τῆς</strong></span> 
     </span>
    </p>
   </div>
   <div class='ocr_carea' id='block_1_95' title="bbox 191 5131 1804 5214">
    <p class='ocr_par' dir='ltr' id='par_1_95' title="bbox 191 5131 1804 5214">
     <span class='ocr_line' id='line_1_95' title="bbox 191 5131 1804 5214; baseline 0.011 -34"><span class='ocrx_word' id='word_1_755' title='bbox 191 5131 474 5194; x_wconf 73' lang='grc' dir='ltr'>κολάσεως</span> <span class='ocrx_word' id='word_1_756' title='bbox 519 5131 598 5195; x_wconf 74' lang='grc' dir='ltr'>εἰς</span> <span class='ocrx_word' id='word_1_757' title='bbox 635 5135 992 5206; x_wconf 78' lang='grc' dir='ltr'>συναίσθησιν</span> <span class='ocrx_word' id='word_1_758' title='bbox 1039 5134 1196 5208; x_wconf 88' lang='grc' dir='ltr'>ἦλθε,</span> <span class='ocrx_word' id='word_1_759' title='bbox 1227 5141 1320 5192; x_wconf 75' lang='grc' dir='ltr'><strong>καὶ</strong></span> <span class='ocrx_word' id='word_1_760' title='bbox 1359 5143 1387 5194; x_wconf 88' lang='grc' dir='ltr'><strong>ό</strong></span> <span class='ocrx_word' id='word_1_761' title='bbox 1417 5140 1511 5194; x_wconf 81' lang='grc' dir='ltr'>τοῦ</span> <span class='ocrx_word' id='word_1_762' title='bbox 1545 5143 1804 5214; x_wconf 79' lang='grc' dir='ltr'>Λαζάρου</span> 
     </span>
    </p>
   </div>
   <div class='ocr_carea' id='block_1_96' title="bbox 191 5209 1807 5307">
    <p class='ocr_par' dir='ltr' id='par_1_96' title="bbox 191 5222 1807 5307">
     <span class='ocr_line' id='line_1_96' title="bbox 191 5222 1807 5307; baseline 0.011 -36"><span class='ocrx_word' id='word_1_763' title='bbox 191 5222 330 5291; x_wconf 75' lang='grc' dir='ltr'>πρὶν</span> <span class='ocrx_word' id='word_1_764' title='bbox 373 5225 742 5294; x_wconf 77' lang='grc' dir='ltr'>καταφρονῶν</span> <span class='ocrx_word' id='word_1_765' title='bbox 804 5229 864 5282; x_wconf 79' lang='grc' dir='ltr'><strong>ἐν</strong></span> <span class='ocrx_word' id='word_1_766' title='bbox 926 5230 1055 5282; x_wconf 75' lang='grc' dir='ltr'>ποσὶ</span> <span class='ocrx_word' id='word_1_767' title='bbox 1111 5234 1393 5302; x_wconf 85' lang='grc' dir='ltr'>κειμένου,</span> <span class='ocrx_word' id='word_1_768' title='bbox 1451 5233 1547 5287; x_wconf 80' lang='grc' dir='ltr'>νῦν</span> <span class='ocrx_word' id='word_1_769' title='bbox 1603 5234 1807 5307; x_wconf 81' lang='grc' dir='ltr'>ἐτέρων</span> 
     </span>
    </p>
   </div>
   <div class='ocr_carea' id='block_1_97' title="bbox 190 5317 1811 5400">
    <p class='ocr_par' dir='ltr' id='par_1_97' title="bbox 190 5317 1811 5400">
     <span class='ocr_line' id='line_1_97' title="bbox 190 5317 1811 5400; baseline 0.01 -32"><span class='ocrx_word' id='word_1_770' title='bbox 190 5317 448 5371; x_wconf 84' lang='grc' dir='ltr'>ἀπόντων</span> <span class='ocrx_word' id='word_1_771' title='bbox 476 5321 888 5389; x_wconf 72' lang='grc' dir='ltr'>φροντίζει,καὶ</span> <span class='ocrx_word' id='word_1_772' title='bbox 915 5327 1230 5394; x_wconf 85' lang='grc' dir='ltr'>παρακαλεῖ</span> <span class='ocrx_word' id='word_1_773' title='bbox 1251 5327 1571 5400; x_wconf 79' lang='grc' dir='ltr'>πεμφθῆναι</span> <span class='ocrx_word' id='word_1_774' title='bbox 1591 5329 1681 5383; x_wconf 81' lang='grc' dir='ltr'><strong>τὸν</strong></span> <span class='ocrx_word' id='word_1_775' title='bbox 1701 5331 1811 5384; x_wconf 84' lang='grc' dir='ltr'><strong>Λά-</strong></span> 
     </span>
    </p>
   </div>
   <div class='ocr_carea' id='block_1_98' title="bbox 194 5410 1804 5496">
    <p class='ocr_par' dir='ltr' id='par_1_98' title="bbox 194 5410 1804 5496">
     <span class='ocr_line' id='line_1_98' title="bbox 194 5410 1804 5496; baseline 0.01 -33"><span class='ocrx_word' id='word_1_776' title='bbox 194 5410 367 5482; x_wconf 80' lang='grc' dir='ltr'>ζαρον</span> <span class='ocrx_word' id='word_1_777' title='bbox 398 5415 462 5467; x_wconf 82' lang='grc' dir='ltr'>ἐκ</span> <span class='ocrx_word' id='word_1_778' title='bbox 489 5415 596 5468; x_wconf 89' lang='grc' dir='ltr'><strong>τῶν</strong></span> <span class='ocrx_word' id='word_1_779' title='bbox 615 5418 825 5488; x_wconf 88' lang='grc' dir='ltr'>νεκρῶν</span> <span class='ocrx_word' id='word_1_780' title='bbox 844 5420 923 5482; x_wconf 68' lang='grc' dir='ltr'>εἰς</span> <span class='ocrx_word' id='word_1_781' title='bbox 950 5421 1042 5474; x_wconf 74' lang='grc' dir='ltr'><strong>τὸν</strong></span> <span class='ocrx_word' id='word_1_782' title='bbox 1058 5417 1206 5475; x_wconf 77' lang='grc' dir='ltr'>οἷκον</span> <span class='ocrx_word' id='word_1_783' title='bbox 1235 5425 1330 5477; x_wconf 79' lang='grc' dir='ltr'>τοῦ</span> <span class='ocrx_word' id='word_1_784' title='bbox 1370 5426 1579 5496; x_wconf 75' lang='grc' dir='ltr'>πατρὸς</span> <span class='ocrx_word' id='word_1_785' title='bbox 1616 5425 1804 5479; x_wconf 77' lang='grc' dir='ltr'>αὑτοῦ.</span> 
     </span>
    </p>
   </div>
   <div class='ocr_carea' id='block_1_99' title="bbox 194 5505 1808 5590">
    <p class='ocr_par' dir='ltr' id='par_1_99' title="bbox 194 5505 1808 5590">
     <span class='ocr_line' id='line_1_99' title="bbox 194 5505 1808 5590; baseline 0.009 -32"><span class='ocrx_word' id='word_1_786' title='bbox 194 5505 314 5558; x_wconf 72' lang='grc' dir='ltr'>Καὶ</span> <span class='ocrx_word' id='word_1_787' title='bbox 349 5506 448 5577; x_wconf 82' lang='grc' dir='ltr'><strong>οὐχ</strong></span> <span class='ocrx_word' id='word_1_788' title='bbox 475 5508 665 5573; x_wconf 79' lang='grc' dir='ltr'>ἁπλῶς</span> <span class='ocrx_word' id='word_1_789' title='bbox 694 5510 794 5564; x_wconf 72' lang='grc' dir='ltr'>ἕνα</span> <span class='ocrx_word' id='word_1_790' title='bbox 826 5512 934 5564; x_wconf 86' lang='grc' dir='ltr'><strong>τῶν</strong></span> <span class='ocrx_word' id='word_1_791' title='bbox 960 5516 1200 5584; x_wconf 89' lang='grc' dir='ltr'>νεκρῶν,</span> <span class='ocrx_word' id='word_1_792' title='bbox 1228 5516 1366 5572; x_wconf 76' lang='grc' dir='ltr'>ἀλλὰ</span> <span class='ocrx_word' id='word_1_793' title='bbox 1410 5517 1503 5572; x_wconf 77' lang='grc' dir='ltr'><strong>τὸν</strong></span> <span class='ocrx_word' id='word_1_794' title='bbox 1535 5519 1808 5590; x_wconf 76' lang='grc' dir='ltr'>Λάζαρον,</span> 
     </span>
    </p>
   </div>
   <div class='ocr_carea' id='block_1_100' title="bbox 191 5599 1812 5683">
    <p class='ocr_par' dir='ltr' id='par_1_100' title="bbox 191 5599 1812 5683">
     <span class='ocr_line' id='line_1_100' title="bbox 191 5599 1812 5683; baseline 0.006 -30"><span class='ocrx_word' id='word_1_795' title='bbox 191 5599 350 5662; x_wconf 67' lang='grc' dir='ltr'>ὅπως</span> <span class='ocrx_word' id='word_1_796' title='bbox 402 5599 591 5653; x_wconf 84' lang='grc' dir='ltr'>ῑδωσιν</span> <span class='ocrx_word' id='word_1_797' title='bbox 631 5603 794 5656; x_wconf 73' lang='grc' dir='ltr'>αὐτὸν</span> <span class='ocrx_word' id='word_1_798' title='bbox 843 5607 1262 5673; x_wconf 79' lang='grc' dir='ltr'>στεφανωθέντα</span> <span class='ocrx_word' id='word_1_799' title='bbox 1307 5613 1396 5664; x_wconf 69' lang='grc' dir='ltr'>καὶ</span> <span class='ocrx_word' id='word_1_800' title='bbox 1445 5612 1503 5664; x_wconf 79' lang='grc' dir='ltr'>ὲν</span> <span class='ocrx_word' id='word_1_801' title='bbox 1535 5611 1664 5683; x_wconf 77' lang='grc' dir='ltr'>δόξῃ</span> <span class='ocrx_word' id='word_1_802' title='bbox 1718 5613 1812 5666; x_wconf 74' lang='grc' dir='ltr'><strong>καὶ</strong></span> 
     </span>
    </p>
   </div>
   <div class='ocr_carea' id='block_1_101' title="bbox 197 5689 1812 5774">
    <p class='ocr_par' dir='ltr' id='par_1_101' title="bbox 197 5689 1812 5774">
     <span class='ocr_line' id='line_1_101' title="bbox 197 5689 1812 5774; baseline 0.007 -32"><span class='ocrx_word' id='word_1_803' title='bbox 197 5689 672 5761; x_wconf 73' lang='grc' dir='ltr'>ὕγεὲα,οἱίδόντες</span> <span class='ocrx_word' id='word_1_804' title='bbox 711 5695 872 5748; x_wconf 84' lang='grc' dir='ltr'>αὑτὸν</span> <span class='ocrx_word' id='word_1_805' title='bbox 917 5700 975 5749; x_wconf 80' lang='grc' dir='ltr'><strong>ἐν</strong></span> <span class='ocrx_word' id='word_1_806' title='bbox 1010 5700 1316 5771; x_wconf 67' lang='grc' dir='ltr'>ἀρρωστία,</span> <span class='ocrx_word' id='word_1_807' title='bbox 1345 5702 1441 5754; x_wconf 70' lang='grc' dir='ltr'><strong>καὶ</strong></span> <span class='ocrx_word' id='word_1_808' title='bbox 1479 5703 1812 5774; x_wconf 43' lang='lat' dir='ltr'><strong>(inpiant/.0).</strong></span> 
     </span>
    </p>
   </div>
   <div class='ocr_carea' id='block_1_102' title="bbox 197 5787 1813 5859">
    <p class='ocr_par' dir='ltr' id='par_1_102' title="bbox 197 5787 1813 5859">
     <span class='ocr_line' id='line_1_102' title="bbox 197 5787 1813 5859; baseline 0.004 -20"><span class='ocrx_word' id='word_1_809' title='bbox 197 5789 246 5840; x_wconf 77' lang='lat' dir='ltr'><strong>oi</strong></span> <span class='ocrx_word' id='word_1_810' title='bbox 293 5787 582 5857; x_wconf 78' lang='grc' dir='ltr'>γενόμενοι</span> <span class='ocrx_word' id='word_1_811' title='bbox 616 5787 897 5858; x_wconf 79' lang='grc' dir='ltr'>μάρτυρες</span> <span class='ocrx_word' id='word_1_812' title='bbox 931 5790 1032 5859; x_wconf 66' lang='grc' dir='ltr'>τῆς</span> <span class='ocrx_word' id='word_1_813' title='bbox 1077 5793 1265 5854; x_wconf 78' lang='grc' dir='ltr'>πενίας</span> <span class='ocrx_word' id='word_1_814' title='bbox 1312 5793 1501 5858; x_wconf 73' lang='grc' dir='ltr'>αὐτού,</span> <span class='ocrx_word' id='word_1_815' title='bbox 1531 5795 1688 5848; x_wconf 71' lang='grc' dir='ltr'>αὐτοὶ</span> <span class='ocrx_word' id='word_1_816' title='bbox 1718 5796 1813 5847; x_wconf 67' lang='grc' dir='ltr'>καὶ</span> 
     </span>
    </p>
   </div>
   <div class='ocr_carea' id='block_1_103' title="bbox 197 5882 1812 5958">
    <p class='ocr_par' dir='ltr' id='par_1_103' title="bbox 197 5882 1812 5958">
     <span class='ocr_line' id='line_1_103' title="bbox 197 5882 1812 5958; baseline 0.004 -23"><span class='ocrx_word' id='word_1_817' title='bbox 197 5883 300 5950; x_wconf 60' lang='grc' dir='ltr'>τῆς</span> <span class='ocrx_word' id='word_1_818' title='bbox 359 5882 520 5952; x_wconf 70' lang='grc' dir='ltr'>δ-νίξης</span> <span class='ocrx_word' id='word_1_819' title='bbox 575 5887 842 5952; x_wconf 36' lang='lat' dir='ltr'><strong>Viuo/tat</strong></span> <span class='ocrx_word' id='word_1_820' title='bbox 894 5887 1104 5942; x_wconf 76' lang='grc' dir='ltr'>θεαταῖ.</span> <span class='ocrx_word' id='word_1_821' title='bbox 1157 5887 1428 5958; x_wconf 71' lang='grc' dir='ltr'>Πρόδηλον</span> <span class='ocrx_word' id='word_1_822' title='bbox 1478 5892 1586 5958; x_wconf 67' lang='grc' dir='ltr'><strong>γῖνςι</strong></span> <span class='ocrx_word' id='word_1_823' title='bbox 1627 5890 1702 5952; x_wconf 68' lang='grc' dir='ltr'>(τις</span> <span class='ocrx_word' id='word_1_824' title='bbox 1755 5892 1812 5941; x_wconf 69' lang='grc' dir='ltr'><strong>ἐν</strong></span> 
     </span>
    </p>
   </div>
   <div class='ocr_carea' id='block_1_104' title="bbox 206 5943 1811 6054">
    <p class='ocr_par' dir='ltr' id='par_1_104' title="bbox 206 5943 1811 6054">
     <span class='ocr_line' id='line_1_104' title="bbox 206 5943 1811 6054; baseline 0.006 -23"><span class='ocrx_word' id='word_1_825' title='bbox 206 5943 336 6048; x_wconf 71' lang='grc' dir='ltr'>δόξῃ</span> <span class='ocrx_word' id='word_1_826' title='bbox 389 5943 618 6047; x_wconf 50' lang='lat' dir='ltr'><strong>incliti)</strong></span> <span class='ocrx_word' id='word_1_827' title='bbox 670 5983 852 6045; x_wconf 69' lang='grc' dir='ltr'>αὐτοῖς</span> <span class='ocrx_word' id='word_1_828' title='bbox 903 5943 1269 6054; x_wconf 41' lang='grc' dir='ltr'>ἐπιφανῆναι,</span> <span class='ocrx_word' id='word_1_829' title='bbox 1319 5943 1437 6049; x_wconf 52' lang='lat' dir='ltr'><strong>the</strong></span> <span class='ocrx_word' id='word_1_830' title='bbox 1489 5943 1811 6050; x_wconf 45' lang='lat' dir='ltr'><strong>&#39;c&#39;tgtéﬂt&#39;ﬁov</strong></span> 
     </span>
    </p>
   </div>
   <div class='ocr_carea' id='block_1_105' title="bbox 1913 4766 3533 4836">
    <p class='ocr_par' dir='ltr' id='par_1_105' title="bbox 1913 4766 3533 4836">
     <span class='ocr_line' id='line_1_105' title="bbox 1913 4766 3533 4836; baseline -0.005 -10"><span class='ocrx_word' id='word_1_831' title='bbox 1913 4770 2222 4834; x_wconf 79' lang='lat' dir='ltr'><strong>resurrexit</strong></span> <span class='ocrx_word' id='word_1_832' title='bbox 2245 4769 2492 4824; x_wconf 88' lang='lat' dir='ltr'><strong>credent.</strong></span> <span class='ocrx_word' id='word_1_833' title='bbox 2530 4787 2547 4820; x_wconf 79' lang='grc' dir='ltr'><strong>ι</strong></span> <span class='ocrx_word' id='word_1_834' title='bbox 2586 4768 2662 4823; x_wconf 86' lang='lat' dir='ltr'><strong>De</strong></span> <span class='ocrx_word' id='word_1_835' title='bbox 2695 4769 2857 4822; x_wconf 81' lang='lat' dir='ltr'><strong>rebus</strong></span> <span class='ocrx_word' id='word_1_836' title='bbox 2885 4766 3002 4822; x_wconf 89' lang='lat' dir='ltr'><strong>suis</strong></span> <span class='ocrx_word' id='word_1_837' title='bbox 3036 4767 3341 4836; x_wconf 85' lang='lat' dir='ltr'><strong>desperans</strong></span> <span class='ocrx_word' id='word_1_838' title='bbox 3367 4766 3533 4820; x_wconf 89' lang='lat' dir='ltr'><strong>miscr</strong></span> 
     </span>
    </p>
   </div>
   <div class='ocr_carea' id='block_1_106' title="bbox 1917 4859 3533 4932">
    <p class='ocr_par' dir='ltr' id='par_1_106' title="bbox 1917 4859 3533 4932">
     <span class='ocr_line' id='line_1_106' title="bbox 1917 4859 3533 4932; baseline -0.002 -16"><span class='ocrx_word' id='word_1_839' title='bbox 1917 4864 2007 4919; x_wconf 83' lang='lat' dir='ltr'><strong>ille</strong></span> <span class='ocrx_word' id='word_1_840' title='bbox 2046 4864 2200 4919; x_wconf 90' lang='lat' dir='ltr'><strong>dives</strong></span> <span class='ocrx_word' id='word_1_841' title='bbox 2242 4878 2340 4932; x_wconf 90' lang='lat' dir='ltr'><strong>pro</strong></span> <span class='ocrx_word' id='word_1_842' title='bbox 2381 4861 2505 4916; x_wconf 91' lang='lat' dir='ltr'><strong>aliis</strong></span> <span class='ocrx_word' id='word_1_843' title='bbox 2536 4861 2836 4932; x_wconf 90' lang='lat' dir='ltr'><strong>supplicat.</strong></span> <span class='ocrx_word' id='word_1_844' title='bbox 2875 4860 3010 4915; x_wconf 80' lang='lat' dir='ltr'><strong>Vide</strong></span> <span class='ocrx_word' id='word_1_845' title='bbox 3043 4870 3226 4914; x_wconf 89' lang='lat' dir='ltr'><strong>autem</strong></span> <span class='ocrx_word' id='word_1_846' title='bbox 3259 4859 3533 4929; x_wconf 85' lang='lat' dir='ltr'><strong>quomodo</strong></span> 
     </span>
    </p>
   </div>
   <div class='ocr_carea' id='block_1_107' title="bbox 1917 4952 3534 5027">
    <p class='ocr_par' dir='ltr' id='par_1_107' title="bbox 1917 4952 3534 5027">
     <span class='ocr_line' id='line_1_107' title="bbox 1917 4952 3534 5027; baseline -0.004 -16"><span class='ocrx_word' id='word_1_847' title='bbox 1917 4958 1968 5011; x_wconf 92' lang='lat' dir='ltr'><strong>in</strong></span> <span class='ocrx_word' id='word_1_848' title='bbox 2024 4956 2310 5027; x_wconf 80' lang='lat' dir='ltr'><strong>suppliciis</strong></span> <span class='ocrx_word' id='word_1_849' title='bbox 2357 4971 2578 5011; x_wconf 86' lang='lat' dir='ltr'><strong>sensum</strong></span> <span class='ocrx_word' id='word_1_850' title='bbox 2615 4955 2808 5010; x_wconf 66' lang='lat' dir='ltr'><strong>alienae</strong></span> <span class='ocrx_word' id='word_1_851' title='bbox 2856 4952 3206 5008; x_wconf 79' lang='lat' dir='ltr'><strong>infelicitatis</strong></span> <span class='ocrx_word' id='word_1_852' title='bbox 3257 4953 3429 5022; x_wconf 89' lang='lat' dir='ltr'><strong>capit.</strong></span> <span class='ocrx_word' id='word_1_853' title='bbox 3470 4953 3534 5006; x_wconf 75' lang='lat' dir='ltr'><strong>l-Zt</strong></span> 
     </span>
    </p>
   </div>
   <div class='ocr_carea' id='block_1_108' title="bbox 1918 5044 3532 5118">
    <p class='ocr_par' dir='ltr' id='par_1_108' title="bbox 1918 5044 3532 5118">
     <span class='ocr_line' id='line_1_108' title="bbox 1918 5044 3532 5118; baseline -0.001 -18"><span class='ocrx_word' id='word_1_854' title='bbox 1918 5050 2072 5118; x_wconf 85' lang='lat' dir='ltr'><strong>prius</strong></span> <span class='ocrx_word' id='word_1_855' title='bbox 2118 5047 2392 5103; x_wconf 85' lang='lat' dir='ltr'><strong>Lazarum</strong></span> <span class='ocrx_word' id='word_1_856' title='bbox 2450 5047 2787 5116; x_wconf 82' lang='lat' dir='ltr'><strong>despiciebat</strong></span> <span class='ocrx_word' id='word_1_857' title='bbox 2841 5055 2971 5100; x_wconf 85' lang='lat' dir='ltr'><strong>ante</strong></span> <span class='ocrx_word' id='word_1_858' title='bbox 3021 5047 3188 5115; x_wconf 79' lang='lat' dir='ltr'><strong>pedes</strong></span> <span class='ocrx_word' id='word_1_859' title='bbox 3234 5044 3532 5114; x_wconf 76' lang='lat' dir='ltr'><strong>iacentem,</strong></span> 
     </span>
    </p>
   </div>
   <div class='ocr_carea' id='block_1_109' title="bbox 1919 5141 3536 5211">
    <p class='ocr_par' dir='ltr' id='par_1_109' title="bbox 1919 5141 3536 5211">
     <span class='ocr_line' id='line_1_109' title="bbox 1919 5141 3536 5211; baseline -0.004 -11"><span class='ocrx_word' id='word_1_860' title='bbox 1919 5162 2065 5200; x_wconf 91' lang='lat' dir='ltr'><strong>mmc</strong></span> <span class='ocrx_word' id='word_1_861' title='bbox 2099 5145 2332 5200; x_wconf 90' lang='lat' dir='ltr'><strong>aliorum</strong></span> <span class='ocrx_word' id='word_1_862' title='bbox 2371 5143 2680 5199; x_wconf 79' lang='lat' dir='ltr'><strong>absentium</strong></span> <span class='ocrx_word' id='word_1_863' title='bbox 2729 5157 2920 5197; x_wconf 91' lang='lat' dir='ltr'><strong>curam</strong></span> <span class='ocrx_word' id='word_1_864' title='bbox 2965 5141 3128 5211; x_wconf 82' lang='lat' dir='ltr'><strong>gerit,</strong></span> <span class='ocrx_word' id='word_1_865' title='bbox 3177 5150 3234 5196; x_wconf 89' lang='lat' dir='ltr'><strong>et</strong></span> <span class='ocrx_word' id='word_1_866' title='bbox 3281 5143 3536 5197; x_wconf 82' lang='lat' dir='ltr'><strong>obsecrat</strong></span> 
     </span>
    </p>
   </div>
   <div class='ocr_carea' id='block_1_110' title="bbox 1921 5235 3536 5306">
    <p class='ocr_par' dir='ltr' id='par_1_110' title="bbox 1921 5235 3536 5306">
     <span class='ocr_line' id='line_1_110' title="bbox 1921 5235 3536 5306; baseline -0.003 -12"><span class='ocrx_word' id='word_1_867' title='bbox 1921 5251 1977 5294; x_wconf 92' lang='lat' dir='ltr'><strong>ut</strong></span> <span class='ocrx_word' id='word_1_868' title='bbox 2018 5240 2258 5295; x_wconf 87' lang='lat' dir='ltr'><strong>Lazarus</strong></span> <span class='ocrx_word' id='word_1_869' title='bbox 2288 5253 2353 5294; x_wconf 83' lang='lat' dir='ltr'><strong>ex</strong></span> <span class='ocrx_word' id='word_1_870' title='bbox 2389 5238 2622 5292; x_wconf 91' lang='lat' dir='ltr'><strong>mortuis</strong></span> <span class='ocrx_word' id='word_1_871' title='bbox 2657 5237 2708 5290; x_wconf 92' lang='lat' dir='ltr'><strong>in</strong></span> <span class='ocrx_word' id='word_1_872' title='bbox 2759 5237 2982 5291; x_wconf 87' lang='lat' dir='ltr'><strong>domum</strong></span> <span class='ocrx_word' id='word_1_873' title='bbox 3019 5235 3193 5306; x_wconf 88' lang='lat' dir='ltr'><strong>patris</strong></span> <span class='ocrx_word' id='word_1_874' title='bbox 3230 5238 3314 5291; x_wconf 90' lang='lat' dir='ltr'><strong>sui</strong></span> <span class='ocrx_word' id='word_1_875' title='bbox 3355 5237 3536 5289; x_wconf 88' lang='lat' dir='ltr'><strong>mitta-</strong></span> 
     </span>
    </p>
   </div>
   <div class='ocr_carea' id='block_1_111' title="bbox 1921 5327 3536 5400">
    <p class='ocr_par' dir='ltr' id='par_1_111' title="bbox 1921 5327 3536 5400">
     <span class='ocr_line' id='line_1_111' title="bbox 1921 5327 3536 5400; baseline 0 -16"><span class='ocrx_word' id='word_1_876' title='bbox 1921 5343 2030 5387; x_wconf 90' lang='lat' dir='ltr'><strong>tur.</strong></span> <span class='ocrx_word' id='word_1_877' title='bbox 2076 5332 2140 5386; x_wconf 81' lang='grc' dir='ltr'><strong>ΙΞι</strong></span> <span class='ocrx_word' id='word_1_878' title='bbox 2175 5349 2282 5388; x_wconf 91' lang='lat' dir='ltr'><strong>non</strong></span> <span class='ocrx_word' id='word_1_879' title='bbox 2335 5331 2657 5400; x_wconf 88' lang='lat' dir='ltr'><strong>simpliciter</strong></span> <span class='ocrx_word' id='word_1_880' title='bbox 2703 5345 2768 5386; x_wconf 79' lang='lat' dir='ltr'><strong>ex</strong></span> <span class='ocrx_word' id='word_1_881' title='bbox 2809 5330 3042 5384; x_wconf 88' lang='lat' dir='ltr'><strong>mortuis</strong></span> <span class='ocrx_word' id='word_1_882' title='bbox 3093 5327 3390 5399; x_wconf 83' lang='lat' dir='ltr'><strong>quispiam,</strong></span> <span class='ocrx_word' id='word_1_883' title='bbox 3440 5329 3536 5384; x_wconf 87' lang='lat' dir='ltr'><strong>sed</strong></span> 
     </span>
    </p>
   </div>
   <div class='ocr_carea' id='block_1_112' title="bbox 1921 5421 3538 5491">
    <p class='ocr_par' dir='ltr' id='par_1_112' title="bbox 1921 5421 3538 5491">
     <span class='ocr_line' id='line_1_112' title="bbox 1921 5421 3538 5491; baseline -0.004 -13"><span class='ocrx_word' id='word_1_884' title='bbox 1921 5425 2184 5491; x_wconf 88' lang='lat' dir='ltr'><strong>Lazarus,</strong></span> <span class='ocrx_word' id='word_1_885' title='bbox 2236 5435 2293 5478; x_wconf 87' lang='lat' dir='ltr'><strong>ut</strong></span> <span class='ocrx_word' id='word_1_886' title='bbox 2347 5424 2568 5478; x_wconf 71' lang='lat' dir='ltr'><strong>videant</strong></span> <span class='ocrx_word' id='word_1_887' title='bbox 2611 5437 2735 5476; x_wconf 90' lang='lat' dir='ltr'><strong>cum</strong></span> <span class='ocrx_word' id='word_1_888' title='bbox 2792 5430 3116 5478; x_wconf 89' lang='lat' dir='ltr'><strong>coronatum</strong></span> <span class='ocrx_word' id='word_1_889' title='bbox 3155 5433 3209 5475; x_wconf 88' lang='lat' dir='ltr'><strong>et</strong></span> <span class='ocrx_word' id='word_1_890' title='bbox 3263 5421 3436 5489; x_wconf 82' lang='lat' dir='ltr'><strong>gloria</strong></span> <span class='ocrx_word' id='word_1_891' title='bbox 3485 5428 3538 5475; x_wconf 86' lang='lat' dir='ltr'><strong>et</strong></span> 
     </span>
    </p>
   </div>
   <div class='ocr_carea' id='block_1_113' title="bbox 1922 5513 3535 5585">
    <p class='ocr_par' dir='ltr' id='par_1_113' title="bbox 1922 5513 3535 5585">
     <span class='ocr_line' id='line_1_113' title="bbox 1922 5513 3535 5585; baseline -0.005 -13"><span class='ocrx_word' id='word_1_892' title='bbox 1922 5516 2326 5580; x_wconf 87' lang='lat' dir='ltr'><strong>incolumitate,</strong></span> <span class='ocrx_word' id='word_1_893' title='bbox 2378 5517 2471 5585; x_wconf 88' lang='lat' dir='ltr'><strong>qui</strong></span> <span class='ocrx_word' id='word_1_894' title='bbox 2527 5515 2776 5568; x_wconf 87' lang='lat' dir='ltr'><strong>viderant</strong></span> <span class='ocrx_word' id='word_1_895' title='bbox 2826 5522 2955 5569; x_wconf 90' lang='lat' dir='ltr'><strong>ante</strong></span> <span class='ocrx_word' id='word_1_896' title='bbox 2999 5513 3277 5568; x_wconf 89' lang='lat' dir='ltr'><strong>inlirmutn</strong></span> <span class='ocrx_word' id='word_1_897' title='bbox 3321 5524 3376 5568; x_wconf 90' lang='lat' dir='ltr'><strong>et</strong></span> <span class='ocrx_word' id='word_1_898' title='bbox 3403 5526 3535 5566; x_wconf 84' lang='lat' dir='ltr'><strong>con-</strong></span> 
     </span>
    </p>
   </div>
   <div class='ocr_carea' id='block_1_114' title="bbox 1925 5606 3536 5680">
    <p class='ocr_par' dir='ltr' id='par_1_114' title="bbox 1925 5606 3536 5680">
     <span class='ocr_line' id='line_1_114' title="bbox 1925 5606 3536 5680; baseline -0.001 -17"><span class='ocrx_word' id='word_1_899' title='bbox 1925 5620 2188 5680; x_wconf 82' lang='lat' dir='ltr'><strong>templum</strong></span> <span class='ocrx_word' id='word_1_900' title='bbox 2219 5628 2231 5663; x_wconf 92' lang='lat'>:</span> <span class='ocrx_word' id='word_1_901' title='bbox 2263 5620 2318 5664; x_wconf 90' lang='lat' dir='ltr'><strong>ct</strong></span> <span class='ocrx_word' id='word_1_902' title='bbox 2347 5611 2442 5679; x_wconf 93' lang='lat' dir='ltr'><strong>qui</strong></span> <span class='ocrx_word' id='word_1_903' title='bbox 2481 5618 2647 5664; x_wconf 89' lang='lat' dir='ltr'><strong>testes</strong></span> <span class='ocrx_word' id='word_1_904' title='bbox 2685 5606 2907 5662; x_wconf 82' lang='lat' dir='ltr'><strong>fuerunt</strong></span> <span class='ocrx_word' id='word_1_905' title='bbox 2951 5608 3296 5678; x_wconf 86' lang='lat' dir='ltr'><strong>paupertatis</strong></span> <span class='ocrx_word' id='word_1_906' title='bbox 3341 5606 3536 5675; x_wconf 85' lang='lat' dir='ltr'><strong>ipsius,</strong></span> 
     </span>
    </p>
   </div>
   <div class='ocr_carea' id='block_1_115' title="bbox 1925 5698 3534 5772">
    <p class='ocr_par' dir='ltr' id='par_1_115' title="bbox 1925 5698 3534 5772">
     <span class='ocr_line' id='line_1_115' title="bbox 1925 5698 3534 5772; baseline -0.003 -16"><span class='ocrx_word' id='word_1_907' title='bbox 1925 5703 2027 5772; x_wconf 89' lang='lat' dir='ltr'><strong>ipsi</strong></span> <span class='ocrx_word' id='word_1_908' title='bbox 2060 5703 2223 5758; x_wconf 91' lang='lat' dir='ltr'><strong>etiam</strong></span> <span class='ocrx_word' id='word_1_909' title='bbox 2251 5701 2438 5772; x_wconf 74' lang='lat' dir='ltr'><strong>gloria:</strong></span> <span class='ocrx_word' id='word_1_910' title='bbox 2459 5703 2591 5755; x_wconf 83' lang='lat' dir='ltr'><strong>(iant</strong></span> <span class='ocrx_word' id='word_1_911' title='bbox 2616 5709 2978 5770; x_wconf 86' lang='lat' dir='ltr'><strong>spectatores.</strong></span> <span class='ocrx_word' id='word_1_912' title='bbox 3016 5699 3363 5754; x_wconf 82' lang='lat' dir='ltr'><strong>Manifestum</strong></span> <span class='ocrx_word' id='word_1_913' title='bbox 3387 5698 3534 5752; x_wconf 91' lang='lat' dir='ltr'><strong>enim</strong></span> 
     </span>
    </p>
   </div>
   <div class='ocr_carea' id='block_1_116' title="bbox 1923 5792 3537 5866">
    <p class='ocr_par' dir='ltr' id='par_1_116' title="bbox 1923 5792 3537 5866">
     <span class='ocr_line' id='line_1_116' title="bbox 1923 5792 3537 5866; baseline -0.004 -16"><span class='ocrx_word' id='word_1_914' title='bbox 1923 5805 2030 5862; x_wconf 89' lang='lat' dir='ltr'><strong>cst,</strong></span> <span class='ocrx_word' id='word_1_915' title='bbox 2063 5796 2204 5866; x_wconf 85' lang='lat' dir='ltr'><strong>quod</strong></span> <span class='ocrx_word' id='word_1_916' title='bbox 2240 5796 2291 5849; x_wconf 91' lang='lat' dir='ltr'><strong>in</strong></span> <span class='ocrx_word' id='word_1_917' title='bbox 2323 5796 2491 5866; x_wconf 73' lang='lat' dir='ltr'><strong>gloria</strong></span> <span class='ocrx_word' id='word_1_918' title='bbox 2529 5795 2635 5848; x_wconf 91' lang='lat' dir='ltr'><strong>illis</strong></span> <span class='ocrx_word' id='word_1_919' title='bbox 2664 5805 2811 5850; x_wconf 86' lang='lat' dir='ltr'><strong>esset</strong></span> <span class='ocrx_word' id='word_1_920' title='bbox 2845 5793 3290 5864; x_wconf 67' lang='lat' dir='ltr'><strong>COIISpiClClltltlS,</strong></span> <span class='ocrx_word' id='word_1_921' title='bbox 3337 5793 3382 5846; x_wconf 93' lang='lat' dir='ltr'><strong>si</strong></span> <span class='ocrx_word' id='word_1_922' title='bbox 3413 5792 3537 5860; x_wconf 86' lang='lat' dir='ltr'><strong>qui-</strong></span> 
     </span>
    </p>
   </div>
   <div class='ocr_carea' id='block_1_117' title="bbox 1927 5883 3529 5957">
    <p class='ocr_par' dir='ltr' id='par_1_117' title="bbox 1927 5883 3529 5957">
     <span class='ocr_line' id='line_1_117' title="bbox 1927 5883 3529 5957; baseline -0.002 -19"><span class='ocrx_word' id='word_1_923' title='bbox 1927 5888 2046 5942; x_wconf 79' lang='lat' dir='ltr'><strong>tlcm</strong></span> <span class='ocrx_word' id='word_1_924' title='bbox 2079 5887 2256 5957; x_wconf 84' lang='lat' dir='ltr'><strong>ipsum</strong></span> <span class='ocrx_word' id='word_1_925' title='bbox 2293 5887 2395 5941; x_wconf 51' lang='lat' dir='ltr'><strong>title</strong></span> <span class='ocrx_word' id='word_1_926' title='bbox 2451 5888 2672 5956; x_wconf 57' lang='lat' dir='ltr'><strong>dignum</strong></span> <span class='ocrx_word' id='word_1_927' title='bbox 2712 5902 3016 5955; x_wconf 67' lang='lat' dir='ltr'><strong>mutetiqu</strong></span> <span class='ocrx_word' id='word_1_928' title='bbox 3049 5901 3174 5940; x_wconf 68' lang='lat' dir='ltr'><strong>esse</strong></span> <span class='ocrx_word' id='word_1_929' title='bbox 3221 5883 3529 5954; x_wconf 73' lang='lat' dir='ltr'><strong>oportebat.</strong></span> 
     </span>
    </p>
   </div>
   <div class='ocr_carea' id='block_1_118' title="bbox 1927 5978 3512 6058">
    <p class='ocr_par' dir='ltr' id='par_1_118' title="bbox 1927 5978 3512 6058">
     <span class='ocr_line' id='line_1_118' title="bbox 1927 5978 3512 6058; baseline -0.022 -6"><span class='ocrx_word' id='word_1_930' title='bbox 1927 5981 2064 6052; x_wconf 65' lang='lat' dir='ltr'><strong>Qﬂld</strong></span> <span class='ocrx_word' id='word_1_931' title='bbox 2124 5982 2288 6058; x_wconf 69' lang='lat' dir='ltr'><strong>igitur</strong></span> <span class='ocrx_word' id='word_1_932' title='bbox 2344 5978 2670 6046; x_wconf 73' lang='lat' dir='ltr'><strong>Abraham?</strong></span> <span class='ocrx_word' id='word_1_933' title='bbox 2739 5982 2954 6051; x_wconf 61' lang='lat' dir='ltr'><strong>Habent</strong></span> <span class='ocrx_word' id='word_1_934' title='bbox 2997 5980 3180 6042; x_wconf 67' lang='grc' dir='ltr'>Ἀωεη</span> <span class='ocrx_word' id='word_1_935' title='bbox 3256 5980 3371 6037; x_wconf 40' lang='lat' dir='ltr'><strong>Non</strong></span> <span class='ocrx_word' id='word_1_936' title='bbox 3446 5981 3512 6033; x_wconf 62' lang='grc' dir='ltr'>ξιτ.</span> 
     </span>
    </p>
   </div>
  </div>
