4048 6490
569 435 675 498 979

1499 433 2080 495 THEOPHYLACTI
2113 430 2520 496 BULGARIE
2552 427 2911 490 ARCHIEP.

3722 423 3827 486 980

571 547 766 618 inquit,
821 553 876 600 tu
925 543 1149 605 fratrum
1201 557 1387 599 curam
1425 545 1566 615 geris
1610 555 1667 596 ut
1711 544 1800 612 qui
1839 543 1959 600 illos
2009 544 2135 599 fecit

2249 543 2398 598 ιύτὸν
2427 543 2594 613 ἐχρῆν
2615 535 2752 594 εἱναι
2782 539 3024 611 κήρυκα.
3051 533 3116 589 Τί
3134 530 3229 590 οὖν
3249 535 3276 588 6
3293 533 3582 606 Ἀϐραάμ;
3610 531 3838 605 Ἔχουσι

569 637 732 692 Deus.
795 634 1113 692 Innumeros
1184 635 1329 691 enim
1406 633 1513 690 illis
1587 633 1827 705 praefecit
1887 637 2136 691 doctores

566 731 633 785 At
653 729 825 792 dives,
858 726 996 790 Non,
1035 727 1229 796 inquit,
1275 733 1446 795 pater.
1495 724 1631 780 Nam
1679 726 2135 796 quemadmodum

566 821 680 889 ipse
713 819 1026 888 Scripturas
1053 817 1278 874 audiens
1327 833 1431 873 non
1470 817 1798 883 crediderat,
1840 828 1896 872 et
1930 816 2138 873 fabulas

563 925 685 964 esse
735 918 954 979 putarat
995 923 1056 964 ea
1099 925 1217 978 qua
1267 909 1626 966 dicebantur:
1672 909 1923 966 similiter
1971 909 2134 965 etiam

567 998 759 1056 fratres
805 1015 933 1055 suos
965 1013 1023 1055 se
1068 1000 1266 1055 habere
1309 999 1614 1070 suspicatus
1652 1011 1754 1064 est,
1787 1009 1842 1054 et
1875 1014 1941 1053 ex
1972 997 2138 1066 seju-

564 1092 753 1146 dicans
783 1091 998 1146 dicebat
1037 1092 1179 1162 quod
1209 1107 1314 1149 non
1365 1094 1601 1148 audituri
1651 1094 1753 1148 sint
1806 1092 2137 1162 Scripturas,

563 1184 704 1238 sicut
733 1199 909 1254 nequc
937 1184 1091 1256 ipse;
1130 1187 1245 1251 sed,
1284 1186 1329 1240 si
1365 1185 1487 1255 quis
1520 1200 1585 1238 ex
1621 1184 1848 1239 mortuis
1893 1198 2136 1239 resurre-

567 1283 755 1329 cturus
785 1283 951 1343 esset,
976 1276 1235 1331 credituri
1286 1277 1394 1329 sint
1457 1274 1613 1330 Tales
1632 1275 1793 1330 etiam
1837 1289 1979 1330 nunc
2012 1282 2140 1328 sunt

569 1367 661 1434 qui
720 1366 944 1422 dicunt:
995 1367 1125 1434 Quis
1172 1368 1304 1422 vidit
1344 1383 1405 1423 ea
1451 1383 1570 1436 qua:
1617 1368 1668 1420 in
1724 1367 1973 1421 inferno?
2005 1365 2138 1434 Quis

569 1455 712 1511 venit
739 1457 906 1523 illinc,
935 1467 988 1510 et
1010 1456 1349 1510 annuntiavit
1373 1457 1560 1511 nobis?
1586 1456 1690 1511 Sed
1721 1457 1942 1510 audiant
1967 1457 2139 1510 Abra-

567 1548 714 1602 ham.
750 1545 1012 1615 Quoniam
1059 1549 1102 1604 si
1149 1548 1461 1618 Scripturas
1505 1563 1611 1602 non
1649 1548 1917 1610 audimus,
1965 1562 2140 1616 neque

565 1639 649 1695 bis
680 1641 770 1710 qui
801 1655 865 1696 ex
918 1639 1130 1696 inferno
1160 1640 1404 1704 veniunt,
1435 1640 1742 1695 credemus.
1788 1639 1850 1694 Et
1886 1640 1988 1694 hoc
2023 1655 2141 1694 ma-

566 1732 889 1787 nifestarunt
909 1731 1103 1799 Judaei,
1121 1735 1210 1803 qui
1234 1734 1353 1803 quia
1374 1731 1680 1803 Scripturas
1703 1747 1810 1788 non
1834 1734 2139 1798 audierunt,

574 1840 748 1894 neque
811 1840 932 1881 cum
984 1827 1409 1882 rcsurrexissent
1467 1828 1694 1891 mortui,
1741 1827 2137 1883 crediderunt:

573 1915 666 1970 sed
691 1925 746 1971 et
779 1915 1040 1971 Lazarum
1071 1919 1319 1974 occidero
1363 1927 1722 1983 tentaveruut,
1759 1930 1812 1974 et
1847 1932 1970 1974 cum
2001 1933 2142 1972 mor-
2178 1911 2216 1966 Β

568 2007 663 2086 ιιιῑ.
696 2005 848 2061 multi
896 2009 1323 2064 resurrexissent
1367 2010 1626 2065 cruciﬁxo
1668 2009 1817 2074 Jesu,
1856 2010 2025 2081 magis
2061 2022 2142 2064 ta-

567 2113 688 2151 men
718 2099 999 2153 saevientes
1049 2097 1218 2154 Judazi
1256 2101 1568 2156 invaserunt
1613 2103 1882 2171 apostolos
1917 2120 1930 2157 :
1981 2101 2139 2174 5.21

567 2191 691 2258 quia
761 2192 804 2247 si
850 2193 1064 2262 quidem
1124 2192 1253 2248 illud
1301 2194 1592 2264 profuisset
1640 2197 1794 2251 nobis
1846 2195 1910 2250 ad
1966 2196 2145 2260 ﬁdem,

567 2285 727 2337 etiam
781 2284 881 2338 hoc
916 2298 1057 2352 saepe
1087 2284 1305 2340 fecisset
1343 2283 1621 2341 Dominus.
1673 2285 1826 2342 Nunc
1867 2286 2000 2341 nihil
2040 2299 2144 2341 tam

569 2374 699 2429 utile
730 2382 902 2430 estut
956 2373 1361 2444 Scripturarum
1392 2375 1620 2446 diligens
1665 2378 1949 2433 scrutatio.
2002 2376 2146 2432 Mor-

570 2480 784 2522 tuorum
831 2469 1244 2523 suscitatioucm
1297 2467 1433 2524 false
1489 2480 1541 2522 et
1592 2480 1914 2539 apparenter
1967 2469 2146 2524 facere

565 2570 756 2630 posset
790 2561 951 2616 etiam
990 2560 1258 2626 diabolus,
1296 2572 1354 2615 ut
1382 2564 1604 2617 seducat
1634 2562 2025 2630 imprudentes,
2064 2575 2145 2615 se-

568 2656 784 2708 minans
816 2653 1092 2708 doctrinas
1117 2653 1180 2707 de
1209 2654 1420 2708 inferno
1449 2653 1636 2722 dignas
1665 2668 1760 2708 sua
1801 2653 1999 2707 malitia
2038 2671 2054 2706 :
2093 2661 2148 2705 at

567 2749 650 2804 eis
697 2749 790 2818 qui
824 2748 1137 2818 Scripturas
1189 2748 1355 2818 probe
1412 2756 1745 2810 scrutantur,
1793 2747 1929 2801 nihil
1976 2755 2150 2812 potest

570 2841 815 2896 illudere.
860 2841 970 2895 lllre
996 2841 1138 2896 enim
1169 2851 1294 2896 sunt
1334 2843 1556 2898 lucerna
1594 2856 1622 2896 ε
1691 2855 1892 2904 .umcn,
1930 2853 2036 2910 quo
2076 2838 2151 2892 lu-

570 2942 725 2988 cente
763 2933 850 2987 fur
874 2933 1299 3003 deprehenditur
1321 2945 1376 2989 et
1410 2935 1810 2990 manifestatur.
1846 2932 1954 2988 lllis
1985 2932 2149 3000 igitur

568 3025 922 3091 credendum,
957 3034 1012 3079 et
1039 3023 1107 3080 de
1143 3035 1480 3080 mortuorum
1520 3025 1881 3081 suscitatione
1918 3040 2036 3081 non.
2055 3037 2145 3078 cu~

571 3118 822 3171 randum.
859 3115 1050 3172 Posset
1081 3126 1262 3172 autem
1289 3117 1540 3185 parabola
1567 3117 1678 3172 haec
1707 3131 1800 3188 per
1833 3115 2142 3184 allegoriam

569 3210 785 3279 exponi.
823 3219 876 3265 et
923 3210 994 3264 ita
1046 3209 1336 3280 dici,quod
1388 3209 1746 3277 perdivitem
1797 3206 2025 3279 populus
2052 3204 2145 3261 Ju-

571 3305 803 3358 dteorum
838 3303 1193 3374 signiﬁcetur.
1241 3301 1399 3357 Dives
1429 3301 1572 3357 enim
1614 3300 1701 3356 ille
1748 3300 1850 3355 fuit
1881 3300 2033 3365 olim,
2069 3297 2148 3354 lo-

569 3396 875 3467 cupletatus
903 3395 1050 3452 omni
1091 3395 1398 3465 cognitione
1447 3403 1501 3449 et
1549 3393 1812 3464 sapientia
1855 3400 1909 3449 et
1938 3405 2149 3447 sermo-

569 3487 726 3544 uibus
753 3488 867 3553 Dei,
896 3486 987 3557 qui
1022 3500 1183 3556 super
1221 3500 1413 3541 aurum
1457 3493 1513 3541 et
1545 3483 1773 3554 lapidem
1825 3483 2145 3555 pretiosum,

573 3581 668 3637 sed
701 3591 753 3636 et
792 3594 1027 3652 purpura
1070 3589 1124 3634 et
1164 3578 1322 3648 bysso
1364 3578 1580 3633 indutus
1613 3586 1754 3643 erat,
1785 3592 2008 3646 regnum
2053 3577 2146 3630 ha-

573 3675 706 3728 bens
743 3682 799 3728 et
846 3671 1243 3733 sacerdotium,
1294 3679 1347 3724 et
1387 3669 1566 3740 regale
1617 3680 1736 3726 erat
1785 3668 2146 3725 sacerdotium

572 3764 703 3818 Deo.
731 3763 1013 3834 Signiﬁcat
1041 3770 1221 3817 autem
1255 3776 1488 3831 purpura
1516 3761 1730 3830 quidem
1758 3776 2001 3832 regnum,
2029 3761 2149 3830 bys-

572 3872 667 3914 aus
711 3869 841 3910 vero
893 3855 1273 3908 sacerdotium.
1335 3852 1467 3907 Nam
1511 3853 1713 3908 Levita:
1760 3855 1813 3906 in
1868 3853 2150 3908 sacriﬁciis

573 3947 808 4017 hyssinis
842 3929 1581 4001 vestimentist‘induebantur.
1615 3943 1942 4014 Epulahatur
1968 3953 2145 3998 autem

572 4040 812 4111 quotidie
847 4048 900 4094 et
932 4037 1143 4093 vivebat
1173 4036 1470 4106 splendide.
1504 4037 1758 4102 Quotidie
1786 4037 1926 4091 enim
1958 4035 2146 4092 oﬁ‘ere-

573 4133 703 4186 bant
750 4129 1076 4185 sacrificium
1124 4128 1452 4182 matutinum
1501 4136 1555 4183 et
1593 4130 1982 4197 vespertinum,
2031 4141 2148 4198 quae

570 4236 625 4280 et
671 4221 1070 4292 ἐνδελεχισμὸν,
1101 4221 1203 4275 hoc
1250 4228 1333 4275 est
1368 4219 1490 4291 iuge
1528 4221 1855 4277 sacriﬁcium
1903 4223 2148 4276 nomina-

574 4320 728 4373 bant.
765 4315 1005 4369 Lazarus
1036 4327 1165 4367 vero
1212 4312 1440 4382 populus
1483 4314 1759 4384 gentilium
1802 4313 1919 4380 fuit,
1951 4328 2150 4384 pauper

573 4406 754 4460 divina
779 4405 950 4476 gratia
985 4413 1039 4459 et
1074 4403 1357 4472 sapientia,
1389 4412 1440 4459 ct
1465 4413 1592 4460 ante
1622 4405 1766 4461 fores
1797 4405 2015 4474 jacens;
2042 4421 2146 4460 non

574 4499 716 4553 enim
740 4498 936 4552 licebat
962 4495 1252 4565 gentilibus
1278 4495 1483 4550 intrare
1518 4494 1570 4548 in
1601 4495 1818 4550 domum
1862 4515 1874 4549 :
1926 4494 2150 4566 pollutio

2247 631 2468 688 Μωσέα’
2501 631 2598 702 οὐχ
2639 629 2833 695 οὕτως,
2879 628 3036 698 φησὶ,
3087 627 3151 682 σὺ
3197 626 3337 698 κήδῃ
3383 625 3495 679 τῶν
3550 626 3820 694 ἀδελφῶν,

2247 727 2321 789 ὠς
2357 727 2385 780 6
2434 725 2661 795 ποιήσας
2698 721 2896 783 αὐτοὺς
2923 721 3089 784 Θεός·
3129 719 3358 790 μυρίους
3385 718 3494 787 γάρ
3533 717 3838 784 ἐπέστησεν

2247 820 2426 882 αὐτοῖς
2466 816 2841 877 διδασκάλους.
2906 814 2967 867 '0
3014 813 3072 866 δέ
3133 812 3406 875 πλούσιος,
3459 812 3619 882 Οὐχὶ,
3679 812 3835 882 φησι,

2247 915 2439 982 πάτερ.
2473 909 2630 963 Ἐπεὶ
2677 909 2786 980 γὰρ
2819 905 2979 970 αὐτὸς
3013 904 3123 959 τῶν
3188 903 3424 975 Γραφῶν
3456 902 3672 956 ἀκούων
3713 899 3842 970 ἡπί-

2249 1023 2386 1072 στει,
2417 1004 2511 1058 καὶ
2543 1001 2748 1072 μύθους
2789 995 2930 1053 εἶναι
2956 998 3022 1052 τά
3051 996 3324 1067 λεγόμενα
3361 995 3604 1066 ἐνόμιζε,
3637 994 3839 1064 ὁμοίως

2248 1099 2391 1170 ἔχειν
2422 1097 2513 1150 καὶ
2541 1095 2664 1158 τοὺς
2691 1093 2956 1162 ἀδελφοὺς
2992 1089 3366 1161 ὑπελάμϐανε,
3399 1090 3494 1142 καὶ
3519 1088 3612 1157 ἀφ’
3639 1085 3839 1139 ἐαυτοῦ

2248 1193 2446 1264 κρίνων
2473 1189 2650 1256 ἔλεγε,
2685 1189 2766 1241 ὅτι
2804 1187 2904 1240 οὑκ
2928 1185 3185 1239 ἀκούουσι
3215 1184 3323 1236 τῶν
3360 1181 3616 1254 Γραφῶν,
3647 1180 3841 1248 ὥσπερ

2246 1288 2337 1341 οὖν
2367 1286 2474 1340 οὐδ’
2518 1283 2703 1347 αύτδς,
2736 1281 2851 1336 ἀλλ’
2897 1281 2991 1335 ἐάν
3019 1296 3101 1342 τις
3131 1281 3196 1333 ἐκ
3238 1277 3449 1344 νεκρῶν
3492 1277 3710 1343 ἀναστῇ
3745 1289 3839 1325 πι-

2249 1378 2553 1432 στεύσουσι.
2581 1373 2825 1430 Τοιοῦτοι
2843 1373 2936 1426 καὶ
2952 1372 3047 1425 νῦν
3068 1371 3206 1423 εἱσιν
3229 1369 3279 1423 οἱ
3323 1368 3565 1435 λέγουσι·
3589 1367 3690 1429 Τίς
3732 1359 3839 1417 οἶδε

2247 1473 2313 1523 τά
2337 1472 2396 1523 ἐν
2421 1470 2549 1541 ᾅδου
2574 1486 2588 1534 ;
2622 1468 2705 1532 τίς
2726 1465 2895 1520 ἐλθὼν
2917 1461 3479 1533 ἐκεῖθενάπήγγειλεν
3500 1460 3667 1529 ὴμῖν;
3699 1455 3842 1510 Ἀλλ’

2248 1561 2633 1616 ἀκουσάτωσαν
2680 1556 2775 1612 τοῦ
2824 1555 3272 1626 Ἀϐραὰμ,ὄτιεί
3301 1553 3410 1606 τῶν
3449 1550 3685 1622 Γραιρῶν
3732 1548 3839 1600 ούκ

2247 1653 2539 1723 ἀκούομεν,
2561 1651 2682 1703 ούδέ
2708 1652 2819 1712 τοῖς
2847 1648 2905 1713 ἐξ
2930 1648 3058 1719 ᾅδου
3094 1647 3412 1717 ἐρχομένοις
3442 1641 3836 1709 πιστεύσομεν.

2250 1747 2358 1800 Καὶ
2382 1746 2543 1799 τοῦτο
2574 1744 2850 1814 ἐδήλωσαν
2877 1745 2923 1795 οἱ
2946 1742 3214 1803 Ἰουδαῖοι,
3240 1741 3289 1793 οἳ
3319 1739 3440 1792 ἐπεὶ
3464 1737 3572 1790 τῶν
3607 1735 3839 1804 Γραφῶν

2258 1840 2361 1894 οὐκ
2390 1838 2608 1909 ῆκουον,
2650 1835 2771 1888 ούδέ
2819 1836 3046 1906 νεκροὺς
3090 1833 3290 1895 ἰδόντες
3337 1830 3686 1891 ἀναστάντας
3719 1828 3844 1879 ἐπί-

2249 1949 2504 1999 στευσαν,
2540 1931 2676 1984 ἀλλὰ
2719 1930 2815 1983 καὶ
2858 1927 2948 1981 τὸν
2975 1927 3225 1997 Λάζαρον
3257 1924 3465 1979 ἀνελεῖν
3496 1921 3842 1992 ἐπεχείρουν,

2249 2022 2343 2075 καὶ
2367 2022 2423 2073 tv
2469 2018 2546 2090 τῷ
2576 2017 2795 2088 σταυρῷ
2821 2016 3033 2085 νεκρῶν
3061 2014 3271 2068 πολλῶν
3300 2013 3673 2075 ἀναστάντων,
3694 2013 3845 2080 ὅμως

2248 2115 2359 2176 τοῖς
2389 2110 2709 2172 ἀποστόλοις
2750 2107 3039 2177 ἐπεπήδων
3088 2105 3482 2175 φονικώτερον.
3529 2104 3691 2157 Ἐπεὶ
3719 2102 3837 2170 εῐγε

2248 2204 2449 2276 ὠφέλει
2481 2204 2624 2272 ἡμᾶς
2661 2203 2742 2265 εἱς
2775 2201 2978 2264 πὲστιν,
3008 2202 3101 2253 καὶ
3143 2199 3303 2252 τοῦτο
3334 2199 3506 2252 ἐποίει
3540 2199 3609 2251 ἂν
3644 2197 3845 2268 συχνά-

2247 2316 2333 2362 κις
2358 2299 2386 2350 6
2413 2297 2635 2367 Κύριος.
2665 2295 2779 2347 Νῦν
2809 2293 2866 2346 δὲ
2903 2293 3056 2346 οὐδὲν
3086 2292 3260 2354 οὓτως
3294 2290 3516 2358 ὠφελεῖ,
3553 2290 3630 2352 ὡς
3656 2291 3690 2360 ἡ
3729 2288 3836 2341 τῶν

2247 2385 2480 2458 Γραφῶν
2536 2382 2771 2454 ἀκριϐὴς
2804 2381 3023 2450 ἔρευνα.
3060 2380 3306 2449 Νεκροὺς
3340 2379 3398 2431 δέ
3427 2378 3678 2447 ἀνιστᾷν,
3719 2377 3838 2428 ἐσο-

2247 2479 2444 2549 φίσατο
2479 2476 2544 2530 ἂν
2575 2478 2601 2529 6
2639 2474 2886 2537 διάϐολος
2915 2472 3056 2526 κατά
3083 2470 3411 2540 φαντασίαν,
3445 2471 3541 2522 καὶ
3571 2467 3660 2520 διὰ
3687 2466 3842 2520 τοῦτο

2245 2569 2547 2640 ἐπλάνησεν
2577 2568 2644 2622 ἂν
2697 2569 2824 2630 τοὺς
2869 2567 3156 2635 ἀνοήτους,
3191 2567 3323 2635 περὶ
3367 2563 3476 2616 τῶν
3507 2563 3564 2614 ἐν
3594 2561 3726 2632 ᾅδου
3756 2557 3842 2612 86-

2246 2680 2431 2734 γματα
2466 2661 2594 2726 ἀξια
2637 2661 2737 2730 τῆς
2777 2659 2988 2722 οἱκείας
3027 2657 3232 2721 κακίας
3269 2655 3686 2724 κατασπείρων.
3721 2652 3840 2707 Τῶν

2245 2757 2302 2810 δέ
2330 2755 2562 2826 Γραφῶν
2588 2754 2758 2822 ύγιῶς
2787 2752 3201 2822 ἐρευνωμένων,
3234 2750 3388 2804 ούδέν
3417 2749 3632 2820 ἰσχύσει
3655 2745 3836 2800 τοιοῦ-

2247 2863 2338 2898 τον
2379 2843 2706 2913 σοφίσασθαι
2747 2860 2759 2874 ο
2812 2835 2975 2897 αὗται
3023 2843 3133 2913 γάρ
3174 2843 3280 2895 εἱσι
3324 2840 3517 2910 λύχνος
3563 2839 3660 2893 καὶ
3705 2838 3838 2906 φῶς,

2249 2937 2342 2991 καὶ
2371 2935 2562 2989 τούτου
2609 2933 2915 3002 φαίνοντος,
2964 2933 2993 2986 6
3033 2933 3282 3002 κλέπτης
3332 2932 3583 3001 φαίνεται
3619 2931 3718 2982 καὶ
3757 2929 3842 2982 εύ-

2251 3031 2520 3101 ρίσκεται.
2568 3026 2810 3089 Ταύταις
2862 3020 2955 3079 οὖν
3013 3023 3354 3084 πιστευτέον,
3420 3023 3516 3074 καὶ
3554 3022 3630 3092 μὴ
3679 3022 3842 3090 ζητηι

2245 3122 2366 3174 τέον
2389 3117 2599 3190 νεκρῶν
2629 3116 2976 3180 ἀναστάσεις.
3011 3116 3168 3168 Ἐστι
3203 3114 3261 3168 δέ
3289 3114 3384 3168 καὶ
3423 3112 3836 3183 τροπικὼτερον

2248 3215 2347 3283 τὴν
2425 3209 2744 3283 παραϐολὴν
2821 3210 3030 3278 ταύτην
3097 3207 3373 3273 ἐκλαϐεῖν,
3431 3205 3692 3273 λέγοντας
3753 3203 3844 3256 τὸν

2260 3304 2554 3376 Ἐϐραῐκὸν
2606 3304 2733 3356 λαὸν
2803 3299 3206 3372 ύποδηλοῦσθαι
3267 3298 3359 3353 διά
3407 3299 3502 3351 τοῦ
3559 3297 3837 3351 πλουσίου.

2252 3398 2510 3462 Πλούσιος
2542 3398 2650 3468 γὰρ
2684 3391 2751 3468 ῆν
2779 3389 2932 3460 οὗτος
2962 3395 3022 3448 τὸ
3052 3394 3303 3456 παλαιὸν,
3336 3392 3394 3445 tv
3423 3391 3573 3463 πάσῃ
3638 3389 3839 3458 γνώσει

2251 3493 2344 3547 καὶ
2377 3491 2541 3562 σοφίᾳ
2587 3486 2956 3551 πλουτισθεὶς,
2997 3486 3093 3540 καὶ
3154 3486 3266 3549 τοῖς
3313 3483 3518 3552 λογίοις
3565 3483 3660 3535 τοῦ
3708 3479 3842 3534 Θεοῦ

2248 3588 2360 3648 τοῖς
2389 3585 2531 3654 ὑπὲρ
2589 3581 2813 3653 χρυσίον
2890 3581 2987 3632 κα)⁸
3037 3578 3186 3632 λίθον
3232 3577 3418 3647 τίμιον
3458 3577 3660 3640 πολὺν,
3712 3575 3845 3628 ἀλλά

2250 3679 2344 3732 καὶ
2419 3675 2708 3746 πορφύραν
2776 3673 2870 3726 καὶ⁸
2935 3671 3133 3744 βύσσον
3195 3670 3499 3735 ἐνεδέδυτο,
3565 3668 3844 3740 βασιλείαν

2250 3771 2389 3838 ἔχων
2428 3768 2525 3822 καὶ
2578 3765 2900 3836 ἱερωσύνην,
2947 3765 3041 3817 καὶ⁵
3103 3762 3377 3834 βασίλειον
3417 3760 3493 3815 ὢν
3540 3761 3844 3831 ἱεράτευμα

2249 3862 2328 3928 τῷ
2381 3859 2518 3928 Θεῷ.
2564 3860 2870 3912 Αἰνὶττεται
2920 3857 2976 3910 δὲ
3023 3857 3057 3925 ἠ
3110 3855 3208 3925 μὲν
3250 3854 3511 3925 πορφύρα
3555 3853 3659 3923 τὴν
3696 3854 3847 3922 βασι-

2252 3953 2423 4014 λείαν,
2447 3953 2480 4021 ἡ
2513 3950 2569 4004 δέ
2601 3948 2798 4020 βύσσος
2847 3948 3173 4018 ἱερωσύνην.
3222 3949 3284 4001 Οἱ
3318 3948 3427 4018 γὰρ
3461 3948 3688 4000 Λευῖται
3723 3945 3847 4012 βυσα-

2254 4041 2418 4104 σίνοις
2467 4039 2708 4110 ἐχρῶντο
2757 4039 2815 4092 ἐν
2849 4039 2969 4101 ταῖς
3005 4036 3341 4107 ἱερουργίαις
3374 4037 3708 4105 ἐσθήμασιν.
3742 4034 3841 4086 E6-

2251 4132 2508 4204 φραίνετό
2543 4148 2600 4185 τε
2657 4131 2782 4185 καθ’
2833 4131 3046 4202 ἡμέραν
3074 4127 3346 4200 λαμπρῶς
3375 4143 3391 4160 ο
3429 4127 3554 4181 καθ’
3608 4127 3846 4194 ἑκάστην

2249 4225 2359 4296 γάρ
2398 4225 2609 4295 ἡμέραν
2652 4222 2845 4288 θυσίας
2881 4222 3150 4294 ἀνέφερον
3180 4220 3396 4290 πρωτας
3429 4221 3526 4273 καὶ
3577 4219 3842 4289 ἑσπέρας,

2248 4319 2314 4382 ἃς
2347 4317 2564 4372 καὶτοῦ
2603 4314 2984 4387 ἐνδελεχισμοῦ
3025 4313 3335 4384 ὠνόμαζον.
3370 4310 3626 4386 Λάζαρος
3669 4312 3726 4365 δὲ
3777 4308 3845 4383 ἦν

2249 4413 2277 4463 6
2305 4409 2364 4474 ἐξ
2393 4409 2563 4461 ἐθνῶν
2603 4408 2750 4470 λαὸς,
2807 4407 2976 4477 πένης
3010 4406 3170 4459 θείων
3199 4406 3440 4476 χαρίτων
3499 4405 3597 4458 καὶ
3628 4406 3844 4473 σοφίας.

2252 4501 2347 4554 καὶ
2380 4501 2487 4569 πρὸ
2533 4499 2640 4552 τῶν
2681 4497 2942 4552 πυλώνων
2989 4498 3262 4567 κείμενος⁶
3315 4499 3378 4552 οὐ
3413 4496 3525 4568 γὰρ
3576 4495 3706 4566 ἐξῆν
3733 4499 3844 4558 τοῖς

573 4589 716 4643 enim
744 4587 1048 4652 videbatur,
1084 4588 1226 4642 sicut
1260 4587 1311 4640 in
1340 4587 1490 4642 Actis
1521 4586 1884 4658 apostolorum
1915 4587 2145 4643 clamant

2254 4592 2486 4655 ἐθνικοῐς
2529 4594 2610 4656 εἰς
2641 4591 2733 4645 τὸν
2763 4586 2911 4643 οἶκον
2954 4591 3241 4644 είσελθεῖν”
3290 4591 3532 4660 μιασμὸς
3580 4590 3691 4659 γάρ
3728 4591 3842 4642 ἐδό-

573 4681 626 4735 ἰη
660 4673 886 4735 Paulum
917 4679 1058 4746 quod
1107 4679 1332 4746 gentiles
1363 4677 1736 4732 introduxerat
1768 4679 1819 4733 in
1872 4679 2148 4750 templum,

2257 4702 2361 4750 κει,
2392 4684 2467 4748 ὡς
2499 4685 2592 4737 καὶ
2624 4685 2683 4737 ἐν
2718 4685 2838 4746 ταῖς
2873 4683 3113 4753 Πράξεσι
3162 4682 3502 4736 καταϐοᾶται
3547 4685 3574 4736 6
3629 4683 3844 4746 Παῦλος

575 4781 630 4826 et
651 4782 991 4824 communem
1024 4766 1239 4823 fecisset
1259 4777 1506 4822 sanctum
1532 4769 1678 4823 illum
1708 4771 1906 4824 locum.
1931 4769 2145 4840 Insuper

2253 4778 2327 4839 ῶς
2357 4776 2601 4840 ἐθνικοὺς
2631 4774 2945 4844 εἰσαγαγὼν
2972 4777 3050 4834 είς
3080 4775 3170 4828 τὸν
3194 4775 3342 4840 ναὸν,
3375 4775 3470 4828 καὶ
3495 4774 3842 4838 κεκοινωκὼς

575 4872 632 4920 et
661 4862 932 4917 ulceribus
963 4871 1307 4929 peccatorum
1355 4861 1637 4918 fetentium
1687 4864 1874 4931 plenus
1906 4875 2024 4919 erat
2063 4865 2150 4921 ille

572 4955 824 5026 populus,
847 4963 900 5006 et
926 4952 1262 5021 impudentes
1288 4955 1756 5024 canes,.diaholos,
1773 4957 2022 5024 pascebat
2039 4957 2150 5012 suis

576 5047 869 5102 ulceribus.
907 5044 1180 5114 Voluptati
1214 5044 1357 5100 enim
1404 5045 1513 5100 illis
1560 5054 1687 5100 sunt
1733 5056 1914 5101 nostra
1948 5047 2145 5102 ulcera.

577 5139 933 5195 Desiderabat
979 5137 1108 5192 item
1157 5147 1211 5193 et
1251 5137 1417 5193 micas
1445 5139 1756 5194 decidentes
1795 5154 1821 5190 a
1855 5152 2036 5192 mensa
2067 5138 2148 5192 di-

575 5233 722 5287 vitis.
755 5231 989 5287 Omnino
1012 5232 1153 5286 enim
1183 5232 1400 5286 carebat
1429 5247 1584 5300 pane,
1621 5233 1709 5301 qui
1739 5231 2027 5286 conﬁrmat
2056 5245 2149 5286 cor

575 5325 807 5379 hominis
837 5342 849 5379 :
877 5333 929 5378 et
969 5324 1191 5377 minimo
1219 5321 1473 5391 tenuique
1502 5323 1626 5378 cibo
1655 5333 1709 5377 ct
1746 5323 1996 5378 rationali
2021 5337 2148 5391 ege-

578 5415 690 5480 hat,
721 5417 859 5470 sicut
899 5425 954 5471 et
984 5415 1285 5472 Chananaea
1333 5415 1523 5470 mulier
1561 5431 1680 5469 cum
1727 5416 1938 5471 ctlmica
1980 5427 2144 5483 esset,

577 5505 644 5558 de
677 5505 832 5560 micis
871 5507 1105 5561 saturari
1140 5505 1409 5575 cupiebat.
1461 5504 1598 5571 Quid
1633 5505 1861 5561 multis?
1907 5505 2146 5563 Mortuus

571 5604 660 5650 est
691 5594 988 5651 llehraicus
1019 5597 1248 5666 populus
1283 5595 1414 5663 Deo,
1446 5607 1501 5650 et
1541 5607 1748 5652 mortua
1778 5608 1905 5655 sunt
1933 5598 2144 5654 illorum

571 5697 718 5748 ossa,
767 5701 888 5756 qua:
932 5687 997 5741 ad
1047 5687 1245 5741 bonum
1289 5687 1594 5743 faciendum
1660 5707 1765 5746 non
1837 5699 2140 5746 moventur.

577 5775 817 5832 Mortuus
837 5786 921 5834 est
957 5789 1138 5834 autem
1161 5788 1215 5835 et
1243 5779 1485 5836 Lazarus
1522 5793 1742 5850 peccato
1764 5825 1778 5849 ,
1815 5785 2031 5855 gentilis
2058 5786 2140 5840 in-

576 5882 734 5938 quam
777 5872 1027 5942 populus.
1055 5872 1121 5928 Et
1147 5871 1315 5930 Judaei
1333 5874 1546 5946 quidem
1574 5875 1663 5945 qui
1691 5875 1744 5932 in
1769 5879 2003 5948 peccatis
2030 5878 2142 5935 suis

2250 4870 2342 4923 τὸν
2393 4869 2548 4936 ἀγιον
2604 4869 2768 4923 τόπον
2826 4868 3037 4924 τοῦτον.
3101 4867 3260 4921 Ἀλλά
3316 4870 3410 4921 καὶ
3461 4868 3680 4939 ῆλκωτο
3724 4871 3842 4931 ταῖς

2253 4960 2663 5031 προσωζούσαις
2705 4961 3029 5030 ἁμαρτίαις,
3063 4961 3160 5013 καὶ
3201 4960 3329 5024 τοὺς
3369 4960 3611 5023 ἀναιδεῖς
3648 4960 3836 5019 κύνας,

2251 5053 2376 5114 τοὺς
2413 5051 2696 5122 δαίμονας,
2726 5050 2926 5122 ἔτρεφε
2980 5053 3095 5114 τοῖς
3123 5050 3309 5104 ἕλκεσι
3358 5051 3594 5114 τούτοις.
3645 5051 3838 5119 Ἡδονὴ

2252 5145 2359 5216 γὰρ
2387 5147 2572 5209 αὐτοῖς
2605 5145 2673 5198 τά
2703 5143 2954 5216 ἡμέτερα
2985 5145 3141 5216 ἕλκη.
3192 5145 3492 5215 Ἐπεθύμει
3522 5145 3576 5198 δέ
3608 5145 3716 5199 τῶν
3753 5143 3840 5214 ψιο

2250 5237 2383 5308 χίων
2411 5238 2522 5292 τῶν
2567 5238 2878 5292 πιπτόντων
2917 5238 3022 5290 ἀπὺ
3066 5237 3166 5306 τῆς
3198 5238 3485 5309 τραπέζης
3525 5238 3626 5292 τοῦ
3673 5239 3839 5292 πλου-

2251 5333 2388 5385 σίου·
2421 5332 2648 5401 ἄμοιρος
2695 5329 2804 5401 γὰρ
2849 5325 2918 5402 ἦν
2964 5331 3286 5385 παντάπασι
3317 5331 3427 5384 τῶν
3474 5332 3574 5401 τὴν
3606 5331 3836 5402 καρδίαν

2251 5425 2613 5494 στηριζωτων
2661 5423 2862 5495 ἄρτων,
2905 5425 2998 5477 καὶ
3047 5426 3146 5494 τῆς
3187 5425 3544 5496 λεπτοτάτης,
3594 5428 3686 5480 καὶ
3747 5443 3836 5494 μι-

2246 5519 2406 5587 κρᾶς,
2438 5515 2534 5570 καὶ
2576 5516 2803 5585 λογικῆς
2831 5516 3038 5586 τροφῆς
3065 5516 3258 5578 ἐδεῖτο,
3293 5517 3484 5588 ῶσπερ
3513 5519 3609 5570 καὶ
3639 5518 3671 5586 ὴ
3718 5518 3831 5570 Χα-

2249 5607 2674 5677 ναναία,ἐθνικὴ
2722 5601 2879 5674 οὖσα,
2932 5607 3040 5660 ἀπὸ
3085 5605 3195 5659 τῶν
3227 5607 3427 5677 ψιχίων
3467 5609 3830 5678 διατραφῆναι

2247 5699 2417 5769 ζητεῖ.
2468 5697 2533 5751 Τί
2565 5696 2788 5763 τοίνυν;
2834 5696 3099 5749 Ἀπέθανε
3152 5697 3251 5768 μὲν
3296 5698 3325 5750 6
3366 5697 3656 5768 Ἐϐραῖκὺς
3703 5697 3830 5762 λαὸς

2246 5794 2324 5862 τῷ
2363 5790 2501 5861 Θεῷ,
2539 5792 2633 5846 καὶ
2663 5790 2836 5860 νεκρά
2863 5790 3087 5860 γέγονεν
3131 5791 3317 5843 αὐτῶν
3347 5791 3415 5845 τὰ
3457 5791 3614 5857 ὀστᾶ,
3669 5791 3832 5862 μηδε-

2252 5885 2380 5954 μίαν
2408 5884 2624 5955 κίνησιν
2657 5882 2793 5954 πρὸς
2819 5883 2876 5937 τὸ
2903 5882 3108 5952 ἀγαθὸν
3144 5882 3507 5954 ποιουμένων.
3567 5884 3830 5939 Ἀπέθανε
