4048 6530
209 477 308 543 981

961 475 1406 536 ENARRATIO
1452 468 1533 533 IN
1574 468 1810 532 EVANG

1920 465 2084 528 .IUM
2123 462 2362 525 LUC/E.
2409 481 2476 494 ·-
2495 453 2672 522 ἶΟΑΡ.
2692 517 2695 519 ,
2712 447 2900 512 XVII.

3388 434 3502 499 9&2

201 591 259 644 δὲ
294 590 394 642 καὶ
428 590 455 640 ό
486 583 737 655 Λάζαρος
775 587 838 656 τῇ
870 584 1140 656 ἁμαρτίᾳ,
1176 586 1204 636 ό
1243 581 1456 644 ὲθνικδς
1492 580 1644 647 λαὸς,
1701 577 1796 631 καὶ

1921 572 2107 629 nortui
2141 580 2294 634 sunt,
2325 569 2378 624 in
2409 566 2626 620 ﬂamma
2651 557 2867 616 invidia:
2887 557 3211 615 exuruntur,
3243 543 3508 608 zelantes,

201 683 250 734 oi
292 681 392 750 μὲν
425 680 674 733 Ἰουδαῖοι
728 679 786 729 ὲν
819 679 938 738 ταῖς
990 676 1294 745 ἁμαρτίαις
1350 674 1533 730 αὐτῶν
1581 670 1791 726 ἀποθαο

199 771 387 833 νόντες
423 772 481 823 ὲν
539 770 608 838 τῇ
641 767 798 836 φλογὶ
849 766 1248 822 κατακαίονται
1298 766 1390 819 τοῦ
1426 764 1645 834 φθόνου,
1698 762 1794 829 ζη-

198 862 442 928 λοῦντες,
505 860 580 923 ὥς
647 876 816 930 φησιν
870 861 898 912 ό
942 858 1288 922 Ἀπόστολος,
1337 858 1420 910 ὅτι
1474 857 1524 910 οἱ
1588 853 1796 908 ἐθνικοὶ

200 952 648 1025 προσεδέχθησαν
683 952 762 1014 είς
810 949 1140 1018 τὴν-πίστιν,
1172 951 1198 1002 ὁ
1225 950 1282 1002 δὲ
1329 949 1461 1019 πρὶν
1499 947 1669 1017 πένης
1699 944 1795 998 καὶ

198 1048 396 1117 ἄτιμος
454 1045 584 1107 λαὸς
632 1042 742 1097 τῶν
795 1041 966 1096 ὲθνῶν
1014 1043 1073 1094 ὲν
1132 1041 1354 1104 κόλποις
1401 1038 1658 1110 Ἀϐραὰμ
1697 1035 1793 1090 τοῦ

201 1137 412 1208 πατρὸς
452 1137 561 1190 τῶν
617 1135 787 1189 ἐθνῶν
838 1133 1018 1200 διάγει
1070 1132 1321 1196 είκότως.
1377 1132 1489 1184 Καὶ
1529 1129 1641 1202 γὰρ
1703 1131 1797 1183 καὶ

201 1227 482 1300 Ἀϐραὰμ,
522 1228 733 1292 ἐθνικὸς
759 1226 856 1295 ὢν,
895 1226 1187 1279 ἐπίστευσε
1220 1224 1300 1296 τῷ
1335 1223 1456 1295 Θεῷ
1490 1225 1582 1276 καὶ
1613 1221 1672 1287 ἐξ
1719 1221 1797 1274 εί-

198 1321 598 1391 δωλολατρείας
642 1321 724 1384 είς
778 1319 1114 1388 θεογνωσίαν
1185 1317 1444 1389 μετέστη.
1499 1317 1562 1370 Ol
1616 1314 1796 1368 τοίνυν

199 1416 453 1468 κοινωνοὶ
501 1413 604 1484 τῆς
655 1412 1002 1484 μεταθέσεως
1048 1410 1213 1465 αὑτοῦ
1255 1411 1349 1464 καὶ
1399 1409 1501 1479 τῆς
1535 1409 1794 1473 πίστεως,

199 1507 430 1570 εἰκότως
483 1508 577 1561 καὶ
630 1507 689 1561 ὲν
733 1507 845 1570 τοῖς
903 1506 1128 1567 κόλποις
1169 1502 1337 1560 αὐτοῦ
1400 1504 1794 1566 ἀναπαύονται,

197 1598 300 1662 τάς
346 1598 518 1663 αὑτὰς
565 1596 716 1668 αύτῷ
749 1597 954 1666 λήξεις,
989 1597 1084 1650 καὶ
1138 1595 1331 1666 μονὰς,
1389 1595 1484 1649 καὶ
1529 1595 1798 1666 ὑποδοχὰς

199 1686 312 1745 τῶν
337 1689 558 1759 ἀγαθῶν
587 1688 1026 1759 κληρωσάμενοι.
1063 1690 1169 1742 Καὶ
1192 1689 1454 1760 ἐπιθυμεῖ
1479 1690 1508 1742 ὀ
1541 1687 1799 1752 Ἰουδαῖος

199 1784 483 1852 σταγῶνος
525 1784 656 1854 μιᾶς
707 1783 816 1836 τῶν
853 1783 1006 1853 παρὰ
1037 1781 1117 1853 τῷ
1150 1783 1300 1853 νόμῳ
1332 1781 1580 1836 παλαιῶν
1612 1785 1800 1854 ῥαντι-

201 1875 382 1945 σμῶν,
431 1874 527 1928 καὶ
556 1874 892 1943 καθαρσίων,
928 1872 1004 1934 ὡς
1052 1873 1118 1926 ἂν
1162 1872 1539 1943 καταψυχθείη
1569 1872 1733 1926 αὑτοῦ
1766 1873 1799 1942 ὴ

201 1937 448 2033 γλῶσσα,
494 1965 588 2017 καὶ
628 1937 743 2033 ἔχοι
790 1964 851 2016 τὸ
897 1937 1718 2034 παρρησιάζεσθαινκαὶ’λέγειν
1748 1937 1800 2015 τί

1920 1959 2152 2024 noluisti,
2209 1971 2274 2010 ac
2323 1963 2519 2011 caetera
2577 1971 2591 2010 :

205 2057 346 2128 πρὸς
386 2057 557 2127 ἡμᾶς,
591 2056 666 2120 ὡς
695 2054 792 2108 τοῦ
818 2055 984 2124 νόμου
1015 2055 1392 2126 ἐνεργοῦντος,
1431 2055 1548 2111 ἀλλ’
1581 2056 1643 2109 ού
1669 2073 1804 2123 τυγο

201 2149 378 2220 lavet.
417 2149 476 2202 '0
502 2149 668 2219 νόμος
691 2149 800 2220 γὰρ
825 2149 930 2213 ἕως
970 2149 1244 2204 Ἰωάννου·
1271 2149 1366 2202 καὶ
1394 2148 1610 2215 θυσίαν,
1645 2151 1802 2219 φησὶ,

203 2244 299 2297 καλ⁸
333 2243 656 2312 προσφοράν
703 2244 804 2296 ούκ
858 2241 1155 2312 ἠθέλησας,
1204 2243 1299 2295 καὶ
1334 2244 1404 2297 τὰ
1438 2241 1588 2312 ἑξῆς.
1624 2243 1733 2296 Καὶ
1775 2244 1803 2294 ὁ

204 2333 407 2404 Δανιὴλ
437 2332 993 2404 ὲξολοθρευθήσεσθαι
1043 2333 1272 2404 χρίσμα,
1312 2333 1410 2386 καὶ
1463 2333 1806 2403 σφραγισθῆ-

201 2441 296 2478 ναι
352 2423 716 2496 προφητείαν,
759 2423 1027 2489 τουτέστι,
1064 2424 1344 2494 παυθῆναι
1413 2425 1510 2478 καὶ
1551 2425 1807 2493 συγκλει·

206 2517 402 2587 σθῆναι
435 2517 834 2588 προηγόρευσε.
863 2517 936 2570 Σὺ
967 2516 1023 2570 δὲ
1056 2517 1148 2569 καὶ
1180 2517 1392 2586 ἠθικῶς
1424 2518 1524 2588 τὴν
1555 2517 1804 2587 παραϐο-

204 2608 306 2680 λὴν
337 2608 676 2679 ὲκλάμὸανε,
710 2610 804 2662 καὶ
856 2608 930 2679 μὴ
959 2607 1212 2672 πλούσιος
1242 2609 1319 2662 ὢν
1348 2609 1406 2663 ὲν
1437 2611 1626 2675 κακοῖς
1661 2627 1807 2682 παρ-

201 2702 337 2772 ορᾷς
395 2701 487 2754 τὸν
534 2701 660 2755 νοῦν
706 2718 800 2754 σου
847 2699 1212 2772 λιμώττοντα,
1245 2701 1341 2755 καὶ⁸
1388 2702 1541 2756 κάτω
1571 2701 1812 2774 βεϐλημ-

206 2792 374 2862 μένον
411 2794 504 2846 τὸν
531 2791 645 2848 άνω
675 2791 941 2864 φέρεσθαι
972 2793 1543 2864 δεδημιουργημένον,
1579 2796 1668 2850 καὶ
1708 2796 1814 2866 πρὸ

200 2883 316 2938 τῶν
358 2883 624 2938 πυλώνων
669 2884 948 2954 κείμενον,
1008 2884 1125 2938 ἀλλ’
1163 2886 1428 2954 εἰσάγαγε
1459 2886 1624 2940 αὑτὸν
1681 2888 1812 2940 ἐτων

204 2976 304 3030 καὶ
343 2973 421 3047 μὴ
449 2973 556 3041 ἔξω
581 2974 741 3042 ἔστω,
795 2973 892 3029 καὶ
924 2976 1378 3048 περιπλανάσθω,
1417 2976 1555 3047 μηδὲ
1586 2978 1814 3042 κείσθω,

1902 676 1961 721 ιιι
2005 663 2139 720 dicit
2179 659 2496 733 Apostolus,
2529 652 2675 725 quod
2714 648 2948 722 gentiles
2993 640 3262 733 assumptl
3293 637 3406 733 sint
3440 637 3506 690 ad

1902 759 2059 813 iidem
2089 776 2102 812 :
2143 731 2243 826 qui
2267 759 2447 808 antem
2481 747 2633 819 prius
2659 757 2867 816 pauper
2896 745 3094 796 erat-et
3121 731 3388 837 ignobilis
3401 743 3507 835 po-

1899 1042 2068 1096 esset,
2114 1028 2354 1086 credidit
2401 1024 2534 1091 Deo,
2586 1031 2641 1077 et
2675 1034 2741 1076 ex
2792 1016 3060 1072 idolorum
3106 1012 3257 1069 cultu
3312 1009 3380 1064 ad
3414 1008 3508 1062 Dei

1900 1125 2236 1197 agnitionem
2294 1120 2536 1176 transiit.
2597 1112 2834 1170 Proinde
2895 1109 2988 1180 qui
3038 1105 3338 1197 participes
3387 1110 3514 1197 sunt

1906 1193 2288 1271 translationis
2333 1210 2454 1280 ejus
2488 1217 2543 1265 et
2578 1205 2727 1272 ﬁdei,
2771 1202 2898 1274 jure
2946 1209 3001 1257 et
3043 1201 3096 1254 in
3135 1196 3348 1254 sinibus
3394 1193 3514 1264 ejus

1901 1310 2214 1380 quiescunt,
2260 1306 2516 1363 eumdem
2595 1302 2758 1358 tinem
2807 1309 2862 1355 et
2907 1292 3277 1353 habitationes
3310 1300 3393 1380 et
3423 1303 3516 1343 sn-

1900 1379 2238 1472 sceptioncm
2269 1399 2538 1454 bonorum
2589 1391 2796 1450 sortiti.
2826 1389 2992 1462 422
3016 1387 3083 1441 Ει
3115 1384 3267 1454 cupit
3297 1379 3511 1435 Judae-

1903 1510 2021 1549 rum
2045 1493 2276 1564 populus
2303 1505 2465 1546 unam
2498 1496 2707 1559 guttam
2750 1485 2816 1538 de
2856 1479 3268 1552 aspersionibus
3297 1482 3350 1529 et
3382 1486 3513 1541 pur-

1902 1588 2218 1660 gationibus
2268 1583 2468 1655 priscis
2527 1578 2818 1650 legalibus,
2866 1583 2929 1629 ut
2996 1564 3516 1660 refrigeretureius

1903 1655 2114 1749 lingua,
2151 1687 2206 1733 et
2242 1676 2413 1748 possit
2463 1672 2805 1728 conﬁdenter
2857 1665 3008 1736 loqui
3051 1660 3209 1718 nobis
3243 1656 3389 1728 quod
3429 1655 3515 1708 lex
3600 1698 3610 1711 .

1904 1773 1974 1826 sit
2004 1771 2192 1824 ellicax
2225 1778 2279 1824 et
2306 1777 2598 1838 operetur;
2623 1764 2718 1821 sed
2742 1776 2851 1816 non
2883 1768 3003 1814 est:
3038 1756 3123 1810 lex
3159 1753 3306 1808 enim
3344 1762 3517 1818 usque

1903 1864 1971 1919 ad
2011 1861 2277 1918 Joannem
2314 1879 2327 1914 :
2358 1871 2412 1916 et
2447 1857 2813 1920 sacriﬁcium,
2857 1850 3058 1921 inquit,
3092 1856 3147 1902 et
3181 1843 3515 1900 oblationem

2651 1960 2706 2007 et
2761 1946 2976 2010 Daniel,
3047 1936 3522 1997 Exterminabitur

1904 2053 2115 2107 unctio.
2171 2049 2236 2104 Et
2277 2048 2482 2120 signari
2530 2047 2854 2116 prophetas,
2909 2042 3013 2096 hoc
3061 2046 3171 2100 εει,
3205 2041 3523 2089 cessaturos

1904 2161 2027 2201 esse
2057 2155 2112 2200 et
2141 2142 2557 2200 concludenilos
2591 2138 2866 2210 praedixit.
2915 2133 2995 2188 Tu
3027 2139 3212 2186 autem
3254 2135 3307 2182 et
3337 2138 3522 2179 mora-

1903 2241 2032 2295 liter
2059 2236 2378 2307 parabolam
2411 2247 2646 2302 expone,
2674 2238 2728 2285 et
2750 2243 2817 2284 ne
2845 2240 2968 2282 eum
2994 2223 3071 2279 sis
3097 2220 3271 2282 dives,
3297 2218 3350 2271 in
3379 2214 3523 2307 malo

1909 2304 2151 2385 mentem
2187 2338 2335 2383 tuam
2388 2324 2698 2378 famelicam
2745 2328 3071 2390 praetereas.
3127 2323 3304 2379 neque
3336 2304 3524 2374 despi-

1903 2423 2017 2480 cias
2052 2423 2106 2477 in
2126 2423 2353 2477 humum
2402 2419 2706 2489 proiectam
2739 2425 2815 2477 et,
2857 2427 2980 2467 eum
3010 2408 3158 2461 facta
3192 2404 3266 2458 sit
3314 2411 3372 2455 ut
3403 2414 3526 2454 sur-

1908 2533 2028 2574 sum
2060 2515 2268 2580 tendat,
2296 2523 2426 2568 ante
2479 2512 2626 2566 fores
2655 2509 2956 2579 iacentem,
2988 2501 3083 2556 sed
3121 2495 3376 2554 introduc
3403 2506 3525 2548 eam

1915 2613 2084 2675 intro,
2118 2619 2174 2666 et
2197 2623 2308 2664 non
2341 2616 2448 2661 stet
2478 2603 2632 2668 loris,
2659 2616 2759 2656 nec
2787 2606 3038 2668 vagetur,
3072 2606 3172 2646 nec
3195 2590 3398 2659 jaceat,
3431 2584 3528 2639 sed

1918 2711 2194 2774 operetur.
2240 2700 2306 2755 Et
2341 2699 2421 2755 sic
2475 2713 2535 2753 ea
2586 2709 2708 2766 qua:
2748 2690 2969 2752 mentis,
3025 2681 3265 2756 operari,
3310 2693 3366 2735 et
3418 2691 3528 2774 non

1920 2771 2092 2850 solum
2124 2794 2182 2849 in
2210 2807 2377 2849 carne
2410 2789 2652 2846 deliciari
2689 2783 2918 2857 poteris.
2955 2777 3140 2836 Facile
3173 2774 3334 2829 fuerit
3359 2771 3525 2828 etiam

1923 2889 2027 2943 alia
2059 2903 2180 2958 qua:
2210 2886 2266 2942 in
2295 2886 2399 2941 hac
2426 2881 2684 2956 parabola
2729 2886 2856 2934 sunt
2887 2872 2955 2928 ad
2987 2883 3200 2926 morum
3235 2863 3527 2920 utilitatem

1925 2994 2215 3052 exponere.

203 3069 324 3123 ἀλλ’
363 3067 680 3138 δνεργείτω.
716 3069 904 3134 Οὕτως
951 3070 1062 3140 γὰρ
1104 3071 1170 3126 ἄν
1200 3088 1283 3124 σοι
1315 3070 1535 3144 ὑπάρξῃ
1604 3073 1666 3126 τὸ
1701 3075 1845 3130 κατὰ
1881 3074 2007 3129 νοῦν
2038 3076 2308 3146 ἐνεργεῖν,
2359 3072 2454 3126 καὶ
2522 3069 2598 3140 μὴ
2648 3069 2807 3140 μόνον
2859 3064 3005 3121 κατὰ
3056 3061 3238 3132 σάρκα
3290 3061 3530 3130 τρυφᾷν.

206 3161 320 3215 Kat
380 3161 429 3214 τ’
480 3159 616 3216 ἄλλα
665 3159 725 3214 δὲ
769 3160 872 3230 τῆς
920 3161 1246 3233 παραϐολῆς
1298 3163 1483 3235 ῥᾴδιον
1520 3168 1600 3228 είς
1637 3165 1803 3237 ἠθους
1843 3166 2119 3236 ὠφέλειαν
2147 3162 2501 3220 ἐκλαθέσθαι.

832 3275 1089 3334 ΚΕΦΔΛ.
1127 3278 1227 3336 ῙΖ’.

208 3385 760 3468 Περίοσκαγδὰτιου.
778 3389 926 3468 Περὶ
957 3390 1063 3468 {of}
1096 3391 1344 3468 ᾀφεῖναι
1377 3394 1484 3468 τ-ὰς
1515 3395 1807 3468 ἁμαρτίας

288 3459 416 3536 τρῖς
439 3460 731 3539 ξὲησίιῑνο
771 3460 911 3539 ’ἱερλ
930 3459 1041 3539 Hic
1057 3459 1155 3539 ξιξ
1170 3465 1319 3539 ϐεεν
1345 3459 1649 3539 πιςὶεώςί
1665 3459 1807 3535 Περὶ

284 3526 406 3605 τῶν
450 3527 604 3605 δέκα
636 3526 898 3605 λεπρῶῦο.
933 3526 1072 3605 napi
1123 3526 1232 3587 τοῦ
1262 3534 1464 3602 Ἰησοῦ
1507 3526 1805 3605 ὲπὲρωτῇ-

285 3598 499 3666 θέντος
524 3599 668 3653 πότε
690 3601 925 3670 ἔρχεται
958 3598 1465 3688 ἠβασιλείαξτρῦ
1493 3598 1664 3662 Θεοῧ.

292 3731 312 3766 ι
353 3709 488 3768 Εῐπε
525 3715 584 3770 δι
634 3715 770 3787 πρὸς
814 3718 944 3782 τοὺς
996 3719 1272 3789 μαθητὰς,
1325 3722 1646 3778 ἀνένδεκτόν
1694 3727 1812 3780 ἐστι

209 3805 313 3862 τοῦ
354 3806 431 3877 μὴ
463 3806 638 3862 ὶλθεῐν
663 3809 731 3862 τά
762 3809 1060 3876 σκάνδαλα,
1086 3815 1211 3868 οὐαὶ
1250 3815 1306 3869 δὲ
1339 3815 1407 3869 δι’
1433 3812 1494 3870 οὗ
1529 3817 1807 3888 ἔρχονται·

212 3895 491 3951 λυσιτελεῖ
518 3898 669 3970 αὑτῷ
696 3901 745 3953 εί
797 3901 966 3970 μύλος
1005 3903 1185 3968 ὀνικὸς
1218 3907 1526 3977 περίκειται
1569 3911 1696 3980 περὶ
1725 3910 1814 3963 τὸν

213 3988 492 4060 τράχηλον
516 3989 706 4058 αὑτοῦ,
763 3994 857 4046 καὶ
888 3994 1147 4066 ἔρριπται
1179 4000 1259 4061 εἰς
1289 3999 1392 4070 τὴν
1433 4000 1732 4068 θάλασσαν,
1780 4004 1814 4073 ἢ

218 4083 310 4133 ἵνα
349 4082 685 4158 σκανδαλίσῃ
716 4085 812 4139 ἕνα
847 4086 957 4141 τῶν
992 4089 1207 4159 μικρῶν
1241 4091 1470 4146 τούτων.
1509 4094 1816 4164 Προσέχετε

218 4175 458 4239 ἐαυτιῖς.
507 4176 633 4229 Ἐὰν
663 4177 720 4229 δὲ
754 4178 979 4252 ἁμάρτῃ
1009 4181 1089 4242 είς
1125 4181 1183 4233 σὲ
1226 4184 1254 4234 ὁ
1285 4182 1514 4250 ἀδελφός
1551 4202 1666 4251 σου,
1700 4191 1818 4241 ὲπι-

219 4267 456 4336 τίμησον
499 4267 670 4338 αὐτῷ·
706 4269 802 4322 καὶ
832 4271 926 4323 ἐὰν
959 4275 1292 4344 μετανοήσῃ,
1329 4275 1466 4343 άφες
1517 4277 1689 4346 αὐτῷ,
1726 4280 1821 4332 καὶ

222 4361 322 4412 ἐὰν
384 4361 615 4425 ἑπτάκις
666 4363 764 4432 τῆς
816 4364 1030 4435 ἡμέρας
1091 4365 1404 4436 ἁμαρτήσει
1457 4371 1535 4432 εἰς
1588 4371 1668 4435 σὲ,
1726 4374 1821 4424 καὶ

220 4454 457 4519 ἑπτάκις
488 4454 802 4528 ἑπιστρέψῃ
832 4458 911 4520 είς
928 4457 1007 4522 σὲ,
1040 4457 1234 4527 λέγων,
1267 4460 1555 4527 Μετανοῶ,
1587 4464 1822 4533 ἀφήσεις

221 4543 400 4615 αὐτῷ.
438 4564 456 4597 ι
521 4544 742 4618 Ἐπειδὴ
774 4548 822 4600 οί
852 4548 1160 4619 Φαρισαῖοι,
1195 4551 1594 4623 φιλοχρήματοι
1644 4553 1820 4622 ὄντες,

219 4639 578 4709 διεγόγγυζον
629 4640 774 4694 κατὰ
834 4641 930 4695 τοῦ
977 4642 1188 4713 Κυρίου
1240 4644 1370 4714 περὶ
1429 4646 1823 4718 ἀκτημοσύνης

219 4731 502 4801 λέγοντος,
550 4730 674 4787 εἷπε
724 4733 824 4804 μὲν
864 4735 958 4787 καὶ
997 4736 1094 4805 τὴν
1123 4735 1219 4788 τοῦ
1254 4737 1512 4791 πλουσίου
1583 4739 1680 4792 καὶ
1728 4737 1823 4792 τοῦ

221 4822 478 4894 Λαζάρου
509 4823 854 4896 παραδολὴν,
885 4823 1148 4879 δεικνύων
1171 4826 1355 4880 αὐτοῖς
1385 4827 1474 4880 διὰ
1497 4827 1705 4900 ταύτης
1732 4828 1824 4884 οἵα

221 4913 423 4978 αὐτοὺς
455 4916 676 4980 κόλασις
710 4916 988 4984 ἐκδέξεται
1019 4917 1108 4971 διὰ
1157 4919 1219 4970 τὸ
1249 4919 1628 4988 φιλόπλουτον.
1657 4921 1824 4988 Λέγει

220 5005 282 5058 δὲ
317 5005 506 5059 λοιπὸν
537 5009 633 5060 καὶ
680 5007 818 5078 πρὸς
851 5009 979 5071 τοὺς
1019 5007 1270 5080 μαθητὰς
1321 5013 1416 5065 καὶ
1466 5014 1594 5082 περὶ
1643 5012 1826 5066 αὐτῶν

223 5096 339 5149 τῶν
374 5098 703 5168 Φαρισαίων,
743 5101 1218 5174 σκανδαλουργοὺς
1266 5105 1551 5174 ἐμφαίνων
1601 5107 1825 5174 αὐτοὺς,

228 5187 336 5241 καί(
377 5188 716 5258 ὲμποδιστὰς
745 5191 844 5260 τῆς
893 5192 1044 5257 θείας
1075 5194 1219 5259 ὁδοῦ,
1253 5197 1348 5248 καὶ
1378 5195 1466 5248 διά
1495 5196 1656 5248 τοῦτο
1699 5196 1824 5250 οὐαὶ

227 5279 418 5344 αὐτοῖς
443 5282 792 5352 ἁποκληρῶν.
828 5284 894 5336 Τί
917 5281 1012 5338 οὖν
1054 5302 1253 5354 φησιν,
1309 5286 1530 5356 ἴδωμεν.
1577 5286 1821 5340 Ἀνένδε-

227 5371 364 5426 κτόν
414 5373 533 5425 ἐστι
584 5372 660 5444 μὴ
713 5375 892 5429 ὲλθεῖν
919 5376 990 5430 τὰ
1044 5377 1340 5444 σκάνδαλα,
1382 5379 1508 5431 οὐαὶ
1557 5379 1612 5431 δὲ
1665 5379 1732 5431 δι’
1763 5373 1824 5432 οὗ

228 5464 477 5532 ἔρχεται,
528 5466 851 5531 τουτέστιν,
905 5468 1170 5522 ἀδύνατόν
1224 5470 1340 5522 ἐστι
1401 5470 1477 5540 μὴ
1527 5469 1705 5523 ἐλθεῖν
1756 5471 1826 5523 τὰ

229 5555 531 5618 υκάνδαλα,
578 5557 700 5627 ἦτοι
729 5558 798 5612 τὰ
828 5557 1131 5629 κωλύματα
1172 5563 1272 5630 τῆς
1315 5561 1530 5630 ἀγαθῆς
1561 5562 1653 5614 xxi
1703 5561 1826 5615 θεο-

230 5645 427 5717 φιλοῦς
458 5645 760 5712 πολιτείας.
823 5651 1065 5719 Ἀνάγκη
1091 5653 1199 5722 γὰρ
1227 5651 1315 5705 διὰ
1358 5653 1457 5721 τὴν
1484 5653 1688 5721 πολλὴν
1718 5654 1827 5706 τῶν

231 5739 543 5811 ἀνθρώπων
569 5742 833 5813 πονηρίαν
861 5743 1162 5814 κωλύματα
1203 5745 1375 5799 πολλὰ
1405 5747 1500 5799 τοῦ
1531 5744 1828 5816 κηρύγμα-

1842 3288 1891 3350 C

2494 3276 2726 3334 CAPUT
2765 3274 2933 3331 XVII.

1910 3399 1990 3453 De
2020 3398 2299 3451 scandala.
2336 3396 2492 3461 Quod
2517 3395 2834 3450 remittenda
2860 3395 2964 3448 sint
2996 3391 3255 3462 proximis
3284 3400 3523 3462 peccata.

1986 3467 2063 3522 De
2093 3467 2198 3534 ﬁde
2240 3469 2296 3520 in
2329 3466 2517 3520 Deum.
2558 3465 2634 3519 De
2665 3466 2841 3519 decem
2871 3465 3113 3530 leprosia.
3160 3463 3237 3515 De
3263 3461 3395 3534 Jeep
3428 3461 3534 3534 fin-

1988 3530 2274 3607 terrogato,
2305 3535 2661 3602 Quandonam
2695 3545 2969 3590 venturum
3002 3536 3067 3590 sit
3090 3548 3307 3604 regnum
3337 3530 3458 3586 Det".

1991 3726 2158 3781 Vens.
2210 3726 2327 3780 1-4.
2380 3743 2398 3777 ι
2454 3723 2604 3780 Dixit
2631 3735 2814 3778 autem
2859 3724 2926 3776 ad
2976 3719 3278 3789 discipulos
3322 3735 3335 3771 :
3385 3717 3530 3772 Fieii

1919 3831 2026 3872 non
2065 3827 2245 3886 potest
2289 3816 2421 3886 quin
2453 3815 2675 3871 veniant
2701 3814 3068 3880 oli‘endicula;
3105 3827 3186 3867 vae.
3220 3822 3403 3865 tamen
3455 3808 3533 3864 illi

1920 3924 2018 3979 per
2043 3923 2207 3978 quem
2240 3908 2485 3963 veniunt.
2521 3908 2758 3980 Expedit
2800 3907 2874 3961 illi
2921 3908 2965 3960 si
3003 3907 3143 3960 mola
3171 3905 3408 3959 asinaria
3435 3919 3532 3973 po-

1923 4011 2084 4055 natur
2114 4002 2258 4056 circa
2294 4001 2492 4056 collum
2519 4001 2660 4071 ejus,
2687 4011 2741 4054 et
2769 4005 3046 4071 prolectus
3073 3997 3237 4051 fuerit
3267 3997 3318 4050 in
3355 4011 3529 4060 mare,

1922 4094 2102 4162 potius
2143 4107 2305 4162 quam
2339 4103 2400 4148 ut
2429 4091 2762 4148 ofl‘endiculo
2791 4093 2865 4145 sit
2910 4092 2999 4144 uni
3032 4091 3100 4145 de
3137 4087 3348 4160 pusillis
3383 4088 3527 4144 istis.

1923 4184 2125 4252 Cavete
2156 4185 2326 4240 vobis.
2364 4182 2421 4239 Si
2462 4185 2772 4254 peccaverit
2825 4184 2880 4238 in
2928 4194 2978 4238 te
3024 4180 3194 4238 frater
3245 4191 3394 4246 tuus,
3449 4182 3534 4236 iii-

1925 4290 2088 4344 crepa
2130 4274 2279 4329 illum
2321 4292 2334 4326 :
2379 4284 2432 4329 et
2474 4274 2521 4330 si
2576 4274 2919 4343 pamituerit,
2973 4274 3192 4328 remitte
3230 4272 3328 4327 illi.
3374 4273 3442 4326 Et
3485 4274 3532 4328 si

1928 4366 2135 4435 septies
2163 4367 2218 4419 in
2247 4365 2335 4421 die
2370 4366 2681 4435 peccaverit
2711 4365 2765 4419 in
2799 4377 2870 4423 te.
2896 4376 2948 4419 et
2975 4366 3177 4433 septies
3203 4365 3257 4418 in
3289 4366 3375 4419 die
3405 4380 3536 4419 con-

1929 4471 2120 4512 versus
2157 4457 2321 4512 fuerit
2368 4460 2435 4512 ad
2475 4468 2547 4523 te,
2586 4459 2797 4524 dieens,
2847 4456 3082 4511 Pmnitet
3145 4473 3233 4512 tne
3265 4474 3278 4510 :
3317 4457 3539 4511 remitte

1931 4549 2082 4602 illi.)
2144 4549 2416 4616 Quoniam
2479 4548 2746 4604 Pbariszei
2803 4551 2958 4603 avari
3043 4551 3537 4604 obtnurmurabnnt

1856 4627 1901 4683 D
1931 4650 2119 4696 contra
2152 4642 2443 4697 Dominum
2480 4642 2545 4696 de
2581 4649 2904 4712 paupertate
2954 4642 3289 4723 loquentem,
3339 4641 3536 4712 quibus

1929 4743 1984 4790 et
2019 4735 2333 4804 parabolam
2366 4735 2502 4789 dixit
2540 4736 2605 4790 de
2647 4735 2814 4789 divite
2859 4743 2914 4791 et
2956 4733 3186 4801 Lazaro,
3237 4735 3536 4790 ostendens

1929 4828 2009 4883 eis
2060 4843 2158 4898 per
2201 4826 2376 4894 illam,
2428 4837 2632 4898 quanta
2670 4837 2894 4898 propter
2929 4841 3172 4881 amorem
3219 4825 3533 4880 divitiarum

1931 4918 2194 4987 supplicia
2225 4920 2441 4988 passuri
2486 4929 2614 4974 sunt
2645 4936 2658 4972 :
2691 4918 2823 4973 dicit
2857 4933 3004 4972 nunc
3034 4917 3100 4972 ad
3139 4917 3436 4986 discipulos
3470 4917 3536 4971 de

1933 5011 2123 5066 iisdem
2171 5010 2485 5077 Pharisaeis,
2529 5011 2891 5066 manifestans
2942 5025 3038 5067 eos
3091 5024 3216 5065 esse
3245 5009 3534 5064 seandalo-

1931 5117 2052 5158 rum
2085 5109 2360 5168 auctores,
2392 5112 2447 5158 et
2479 5103 2842 5174 impedientes
2875 5119 2905 5158 a
2935 5103 3019 5156 via
3045 5101 3164 5167 Dei,
3199 5110 3252 5155 et
3287 5111 3537 5172 propter-

1934 5211 1996 5252 ea
2025 5211 2104 5250 vae
2135 5195 2215 5250 eis
2250 5195 2621 5264 inlligendum.
2649 5195 2947 5250 Videamus
2995 5195 3160 5264 igitur
3186 5193 3314 5262 quid
3344 5194 3490 5248 dicat
3520 5213 3532 5247 :

1935 5285 2077 5342 Fieri
2122 5303 2228 5345 non
2273 5297 2453 5356 potest
2485 5299 2676 5343 utnon
2717 5289 2978 5343 eveniant
3019 5287 3300 5349 scandala,
3333 5287 3409 5356 (a)
3459 5304 3536 5341 va:

1931 5387 2113 5433 autem
2160 5380 2236 5432 illi
2295 5395 2390 5448 per
2425 5392 2586 5448 quem
2639 5379 2870 5435 veniunt
2919 5398 2930 5432 :
2987 5379 3199 5433 scilicet
3253 5377 3368 5431 ﬁeri
3429 5393 3534 5431 non

1932 5481 2107 5541 potest
2155 5481 2214 5526 ut
2263 5488 2367 5526 non
2422 5473 2646 5528 veniant
2684 5473 2963 5538 scandala,
3005 5474 3104 5528 hoc
3150 5482 3250 5534 est,
3303 5471 3533 5541 impedi-

1936 5575 2116 5618 menta
2168 5565 2321 5618 bona:
2373 5566 2590 5634 Deoque
2651 5567 2864 5635 placita:
2913 5568 3054 5620 vitae.
3104 5565 3341 5619 Necesse
3390 5565 3532 5619 enim

1935 5668 2152 5726 prepter
2186 5658 2409 5712 multam
2459 5660 2738 5713 hominum
2787 5659 3051 5712 malitiam
3087 5658 3253 5710 multa
3304 5659 3557 5725 impedi-‘

1940 5759 2121 5802 menta
2153 5750 2558 5817 praedicationis
2590 5761 2643 5805 et
2668 5752 2912 5805 veritatis
2947 5750 3195 5803 inveniri.
3234 5747 3321 5802 Va:
3354 5760 3535 5802 autem

307 5921 384 5993 (a)
406 5920 552 5978 Edil.
595 5920 720 5977 Lut.
756 5923 959 5993 omisit,
992 5940 1064 5980 t'w
1092 5935 1266 5979 autem
1304 5925 1381 5979 illi
1413 5943 1503 5995 per
1551 5945 1702 5996 quem
1751 5929 1960 5981 veniunt
1997 5947 2009 5983 .'
2046 5928 2243 5984 scilicet
2267 5929 2507 5998 ﬁeri-nun
2545 5943 2710 6000 potest
2771 5938 2956 5982 utnon
3003 5927 3211 5982 t'cniimt
3257 5927 3536 5985 scamlala.
