4048 6496
566 493 676 560 983

1490 493 2075 556 THEOPHYLACTI
2119 494 2531 556 BULGARLE
2572 492 2928 554 ARCHIEP.

3713 487 3814 550 98i

570 606 643 661 Illi
675 619 769 676 per
788 618 948 676 quem
987 606 1224 670 veniunt,
1247 605 1299 660 id
1321 615 1426 672 est,
1459 605 1536 661 illi
1563 606 1652 676 qui
1681 621 1744 661 ea
1777 605 1926 670 facil,
1953 605 2130 676 quales

2245 625 2335 672 τος
2393 607 2486 661 καὶ
2517 606 2615 676 τῆς
2646 605 2906 676 ἀληθείας
2927 601 3238 674 εὑρεθῆναι·
3274 598 3416 671 πλὴν
3445 599 3563 654 ἀλλ’
3596 599 3720 653 οὐαὶ
3744 603 3819 671 τῷ

565 704 696 754 sunt
715 694 1105 766 Pbarisai,!qui
1124 695 1403 753 edendum
1422 705 1476 752 et
1502 696 1786 762 prohibent
1800 695 2139 764 pra-dicatio-

565 801 711 842 nem.
754 785 924 858 (a)At
967 786 1212 856 plerique
1278 787 1658 842 addubitantes
1713 793 2136 856 quaerunt,num

566 891 787 932 necesse
823 876 913 939 sit,
954 878 1211 932 eveniant
1237 877 1513 944 scandala,
1545 893 1664 948 qum
1699 875 2138 946 prmdicationem

565 980 787 1034 prorsus
820 965 982 1038 5.23
1019 967 1336 1037 impediunt.
1371 966 1550 1034 Quare
1586 967 1750 1038 igitur
1781 967 2135 1033 condemnas,

565 1056 810 1124 Domine,
831 1069 886 1114 et
904 1061 1132 1115 miseros
1148 1059 1282 1115 dicis
1306 1075 1398 1115 eos
1427 1060 1785 1131 quiscandala
1816 1059 2019 1116 faciunt
2034 1062 2057 1114 1
2072 1076 2136 1116 ex

565 1150 891 1215 necessitate
919 1152 1062 1206 enim
1093 1150 1228 1207 tales
1253 1151 1382 1207 facti
1407 1162 1552 1207 sunt.
1579 1151 1752 1208 Omne
1783 1159 1962 1207 autem
1993 1152 2137 1222 quod

566 1240 958 1315 necessarium,
1001 1241 1104 1294 hoc
1133 1251 1188 1295 et
1216 1243 1369 1296 venia
1409 1241 1657 1312 dignum.
1704 1240 1811 1296 Sed
1835 1241 1957 1296 audi
1991 1241 2135 1311 quod

560 1332 860 1388 necessitas
899 1333 984 1387 illa
1028 1348 1093 1388 ex
1125 1335 1404 1390 voluntate
1455 1335 1619 1390 habet
1676 1333 1886 1389 initium
1921 1352 1935 1400 ;
1976 1344 2053 1400 et,
2080 1346 2137 1388 ut

567 1423 887 1492 explicatius
917 1425 1090 1480 dicam
1129 1466 1144 1490 ,
1208 1425 1472 1482 Dominus
1521 1427 1710 1482 videns
1747 1426 2007 1481 malitiam
2041 1427 2138 1482 ho-

561 1514 766 1569 minum
796 1517 887 1584 qui
919 1524 1043 1570 tunc
1077 1524 1232 1570 erant
1265 1533 1279 1569 :
1319 1517 1472 1587 proni
1510 1519 1653 1574 enim
1701 1527 1858 1573 erant
1891 1518 1943 1573 in
1975 1533 2136 1575 omne

559 1609 784 1674 malum,
810 1607 1054 1678 nihilque
1098 1607 1222 1664 boni
1255 1609 1522 1679 eligebant
1568 1626 1583 1664 :
1618 1610 1752 1666 dicit
1796 1611 1937 1682 quod
1962 1625 2134 1681 quan-

562 1707 676 1751 tum
711 1697 777 1751 ad
809 1699 1249 1767 consequentiam
1300 1713 1487 1755 eorum
1548 1715 1670 1770 qua:
1724 1699 1999 1765 videntur,
2034 1716 2135 1757 ne-

559 1800 711 1842 cesse
756 1787 826 1841 sit
866 1787 1051 1842 venire
1086 1787 1361 1844 scandala.
1411 1788 1612 1844 Malitia
1672 1790 1836 1860 igitur
1891 1791 1978 1844 cui
2016 1798 2133 1846 stu-

557 1878 688 1933 dent
740 1877 1007 1947 homines,
1059 1894 1127 1935 ex
1178 1880 1456 1936 voluntate
1483 1890 1584 1937 est.
1637 1880 1894 1952 Operatiu
1950 1892 2129 1939 autem

557 1968 1007 2026 oﬂendiculorum
1045 1973 1356 2027 necessario
1405 1973 1661 2028 malitiam
1707 1976 1999 2028 comitatur
2034 1993 2046 2027 :
2079 1984 2132 2028 et
2165 1963 2205 2018 Β

558 2061 630 2115 ita
663 2072 884 2130 propter
905 2064 1006 2118 hoc
1046 2072 1100 2118 et
1125 2065 1376 2132 puniendi
1425 2075 1551 2119 sunt
1586 2065 1966 2120 scandalorum
2001 2081 2122 2121 auc-

558 2164 725 2209 tores.
755 2153 820 2208 Et
851 2169 944 2225 age
976 2155 1216 2210 dicamus
1251 2157 1522 2227 exempla.
1568 2157 1772 2212 Videris
1823 2160 2128 2230 quempiam

524 2246 799 2302 'ntedicus
852 2249 1046 2303 malam
1095 2247 1309 2302 diaetam
1391 2265 1612 2305 servare
1665 2261 1719 2306 et
1768 2251 2127 2308 insatiabilem

559 2351 702 2403 esse,
724 2339 855 2395 dicit
882 2356 897 2393 :
934 2339 1310 2396 Necessarium
1336 2352 1416 2397 est
1463 2344 1612 2398 illum
1641 2354 1927 2414 aegrotare.
1991 2343 2127 2399 Num

559 2428 724 2498 igitur
776 2429 998 2486 morbus
1049 2432 1432 2488 necessarius?
1487 2433 1688 2499 Etiam,
1745 2445 2015 2504 quatenus
2065 2438 2129 2489 ad

560 2519 714 2574 make
743 2522 914 2577 diaeta:
942 2524 1404 2579 consecutionem.
1461 2524 1750 2593 Propterea
1788 2540 1866 2580 vae
1901 2527 1984 2582 bis
2039 2528 2129 2596 qui

560 2609 996 2679 praedicationem
1027 2613 1348 2681 impediunt,
1385 2628 1450 2668 eo
1475 2614 1617 2684 quod
1667 2616 1720 2668 in
1755 2624 1962 2670 tantam
2003 2631 2128 2685 per-

559 2711 819 2755 venerunt
859 2702 1143 2768 malitiam,
1186 2714 1245 2758 ut
1294 2704 1458 2758 etiam
1515 2706 1834 2762 necessario
1879 2707 2131 2762 eveniant

557 2791 832 2847 scandala.
869 2793 933 2847 Et
967 2795 1245 2862 expediret
1288 2796 1460 2866 magis
1496 2796 1704 2851 homini
1761 2797 2017 2853 scandala
2076 2807 2132 2852 et

559 2877 880 2936 offendicula
910 2882 1134 2938 facienti
1193 2884 1388 2939 molam
1423 2886 1716 2941 asinariam
1752 2887 1805 2941 in
1853 2887 1992 2942 collo
2013 2887 2134 2958 ejus

558 2970 812 3039 appendi,
845 2981 899 3024 rt
930 2972 1118 3042 projici
1157 2987 1280 3028 eum
1331 2975 1383 3028 in
1415 2989 1590 3041 mare,
1634 2990 1796 3046 quam
1850 2983 2012 3030 unum
2064 2992 2129 3032 ex

558 3060 770 3130 pusillis
797 3061 1046 3118 ﬁdelibus
1079 3065 1439 3120 scandalizari
1483 3075 1536 3122 et
1561 3069 1826 3124 subverti.
1855 3068 1981 3124 Ideo
2013 3084 2130 3124 mu-

559 3151 636 3204 nit
664 3151 959 3222 discipulos
988 3168 1138 3218 suos,
1173 3165 1226 3209 et
1253 3154 1420 3212 dicit:
1477 3155 1676 3212 Cavete
1732 3163 1907 3214 vobis.
1966 3159 2126 3227 Ecce,

556 3244 753 3314 inquit,
786 3245 1021 3316 praedico
1061 3248 1212 3303 vobis
1241 3249 1384 3319 quod
1428 3252 1644 3306 venient
1698 3253 1858 3319 mala,
1905 3254 2128 3308 inexcu-

2245 702 2311 756 δι’
2337 695 2399 757 οὗ
2429 699 2700 770 ἔρχονται,
2730 697 2810 769 τῷ
2834 696 3042 768 ἐργάτῃ
3062 694 3294 758 τούτων,
3324 687 3428 746 οἷοι
3456 694 3506 746 oi
3532 693 3817 764 Φαρισαῖοι

2246 791 2708 857 σκανδαλίζοντες,
2749 790 2845 844 καὶ
2893 788 3194 849 κωλύοντες
3226 785 3288 840 τὺ
3335 785 3626 861 κήρυγμα.
3659 787 3818 839 Ἀλλά

2245 885 2468 956 ζητοῦσι
2501 884 2686 938 πολλοὶ
2721 880 3149 957 ἑπαποροῦᾉντες,
3199 881 3248 932 τί
3289 879 3508 946 ἀνάγκη
3539 877 3714 931 ἐλθεῖν
3754 877 3820 930 τά

2245 978 2538 1041 σκάνδαλα,
2558 976 2648 1028 καὶ
2670 975 2931 1029 ἀδύνατον
2947 971 3024 1042 μὴ
3041 969 3436 1042 ἐμπώισθῆναι
3454 969 3517 1022 τὸ
3532 970 3819 1040 κηρυγμα,

2240 1071 2328 1124 διά
2359 1072 2410 1123 τί
2436 1069 2621 1122 λοιπὸν
2660 1065 3033 1136 κατακρίνεις,
3077 1057 3141 1116 ὣς
3169 1061 3365 1130 Κύριε,
3395 1061 3488 1116 καὶ
3514 1059 3822 1124 ταλανίζεις

2239 1163 2368 1227 τοὺς
2397 1161 2506 1215 τῶν
2535 1158 2849 1215 σκανδάλων
2881 1155 3117 1228 ἐργάτας
3143 1171 3157 1221 ;
3191 1154 3250 1218 ἐξ
3273 1153 3522 1222 ἀνάγκης
3563 1151 3674 1222 γάρ
3697 1150 3822 1218 ἐγέ-

2241 1273 2394 1310 νοντο
2457 1253 2710 1315 τοιοῦτοι,
2751 1251 2864 1305 πᾶν
2917 1249 2973 1303 δέ
3018 1244 3508 1313 τὸάναγκαστικὸν
3539 1242 3639 1296 καὶ
3695 1258 3824 1310 συγ-

2241 1348 2500 1416 γνωττόν.
2550 1344 2690 1398 Ἀλλ’
2730 1345 2893 1398 ἄκουε
2933 1343 3017 1397 ὅτι
3044 1341 3078 1412 ἡ
3109 1338 3338 1407 ἀνάγκη
3365 1335 3503 1406 αὕτη
3538 1339 3604 1389 ἐκ
3631 1350 3822 1404 προαιο

2243 1442 2449 1512 ρέσεως
2500 1438 2614 1510 ἔχει
2653 1436 2754 1505 τὴν
2788 1433 2984 1504 ἀρχὴν,
3041 1427 3156 1485 οἷόν
3216 1446 3270 1483 τι
3302 1427 3466 1496 λέγω,
3527 1428 3556 1480 ὀ
3617 1426 3822 1495 Κύριος

2237 1537 2380 1606 δρῶν
2428 1533 2527 1604 τὴν
2574 1528 2839 1601 πονηρίαν
2869 1525 2979 1580 τῶν
3005 1525 3126 1580 τότε
3157 1519 3489 1594 ἀνθρώπων,
3525 1518 3624 1573 καὶ
3670 1520 3818 1582 ὅπως

2237 1647 2516 1714 ἔγκεινται
2548 1645 2641 1696 ἐπὶ.
2675 1643 2736 1695 τὸ
2759 1639 3018 1710 πονηρὸν,
3062 1639 3159 1692 καὶ
3201 1635 3353 1691 οὐδὲν
3393 1631 3606 1700 ἀγαθὸν
3630 1646 3820 1698 προαι-

2241 1738 2485 1809 ροῦνται,
2528 1731 2706 1799 εἶπεν,
2763 1733 2845 1786 ὅτι
2904 1733 3026 1785 ὅσον
3055 1729 3165 1783 ἀπὸ
3209 1727 3310 1797 τῆς
3356 1722 3682 1782 ἀκολουθίας
3713 1719 3818 1772 τῶν

2235 1831 2528 1902 ὁρωμένων
2555 1827 2771 1896 ἀνάγκη
2805 1825 2952 1878 ἐστὶν
2982 1822 3157 1876 ἐλθεῖν
3177 1820 3245 1874 τὰ
3272 1816 3569 1872 σκάνδαλα.
3627 1813 3692 1866 Ἦ
3721 1811 3817 1881 μὲν

2236 1921 2328 1978 οὖν
2362 1921 2617 1992 πονηρία,
2658 1921 2724 1990 ην
2750 1913 3140 1985 ἐπετηδεύοντο
3188 1913 3236 1966 oi
3263 1909 3568 1981 ἄνθρωποι,
3593 1907 3658 1958 ἐκ
3686 1920 3817 1974 προς

2234 2013 2521 2084 αιρέσεως,
2557 2010 2671 2080 ἠδὲ
2701 2008 2806 2063 τῶν
2839 2005 3152 2060 σκανδάλων
3186 2001 3422 2073 ἐργασία
3461 2001 3527 2050 ἐκ
3569 1996 3672 2062 τῆς
3724 2009 3816 2084 πο·

2235 2082 2426 2173 νη-ρίας
2473 2098 2789 2167 ἀναγκαίως
2834 2093 3295 2164 ἐπηκολούθησεν,
3350 2087 3491 2140 ὥστε
3545 2086 3636 2139 διά
3663 2082 3817 2135 τοῦτο

2235 2197 2328 2248 καὶ
2353 2192 2630 2247 κολαστέοι
2681 2192 2730 2244 oi
2754 2189 2860 2242 τῶν
2891 2185 3203 2240 σκανδάλων
3233 2182 3486 2252 ἐργάται.
3534 2178 3648 2241 Ὦς,
3685 2174 3816 2243 φέρε

2235 2290 2410 2342 εἰπεῖν
2461 2287 2554 2340 ἐπὶ
2591 2281 3013 2352 ύποδείγματος,
3064 2276 3246 2346 [ατρὸς
3280 2273 3423 2344 ὀρῶν
3446 2288 3572 2324 τινα
3612 2265 3817 2338 μοχθη-

2239 2383 2346 2451 ρὼς
2390 2378 2766 2447 διαιτώμενον,
2809 2375 2902 2427 καὶ
2957 2370 3233 2440 ἀπληστίᾳ
3288 2369 3595 2436 χρώμενον,
3629 2359 3812 2412 είποισ

2249 2473 2571 2544 Ἀναγκαῖόν
2604 2472 2718 2524 ἐστι
2773 2468 2962 2522 τοῦτον
3001 2464 3250 2532 νοσῆσαι.
3292 2455 3423 2529 'Ap’
3461 2451 3558 2509 οὖν
3589 2456 3621 2525 ἡ
3666 2452 3816 2512 νόσος

2232 2568 2534 2637 ἀναγκαία;
2562 2564 2689 2629 Ναὶ,
2721 2563 2845 2616 ὅσον
2869 2559 2978 2614 ἀπὸ
3002 2561 3098 2629 τῆς
3124 2551 3444 2614 ἀκολουθίας
3473 2549 3573 2620 τῆς
3611 2548 3817 2618 μοχθη-

2235 2664 2335 2732 ρᾶς
2367 2659 2598 2728 διαίτης.
2663 2656 2762 2710 Διά
2819 2653 2980 2707 τοῦτο
3033 2649 3158 2704 οὐαὶ
3200 2650 3313 2708 τοῖς
3345 2644 3703 2732 ἐμποδίζουσι
3741 2640 3817 2712 τῷ

2234 2731 2575 2824 κηρύγματι,
2609 2749 2744 2801 διότι
2791 2747 2871 2808 είς
2899 2741 3159 2796 τοσοῦτον
3193 2739 3394 2799 κακίας
3425 2731 3623 2806 ἦλθον,
3677 2733 3817 2784 ὥστε

2232 2847 2476 2916 ἀνάγκην
2529 2842 2782 2913 γενέσθαι
2810 2838 2902 2892 τοῦ
2927 2836 3103 2890 ἐλθεῖν
3132 2833 3203 2887 τά
3238 2829 3533 2885 σκάνδαλα.
3567 2827 3681 2880 Καὶ
3710 2826 3815 2892 γὰρ

2237 2955 2510 3027 συμφέρει
2571 2953 2650 3023 τῷ
2701 2947 2976 3020 ἀνθρώπῳ
3013 2945 3090 3016 τῷ
3124 2941 3396 2996 σκάνδαλα
3437 2942 3534 2993 καὶ
3583 2936 3817 3007 ἐμπόδια

2236 3049 2480 3103 ποιοῦντι
2527 3045 2697 3115 μύλον
2753 3041 2933 3095 ὀνικὸν
2996 3035 3374 3109 περιτεθῆναι,
3411 3032 3508 3085 καὶ
3552 3029 3816 3100 βληθῆναι

2233 3144 2312 3205 είς
2348 3140 2448 3210 τὴν
2476 3137 2772 3199 θάλασσαν,
2810 3133 2842 3202 ἢ
2886 3131 2982 3184 ἕνα
3011 3129 3120 3183 τῶν
3161 3125 3374 3198 μικρῶν
3409 3121 3619 3176 πιστῶν
3647 3136 3814 3173 σκαν-

2229 3233 2440 3288 δαλίσαι
2476 3232 2570 3285 καὶ
2635 3225 2987 3299 περιτρέψαι.
3021 3221 3113 3276 Διὸ
3156 3217 3521 3289 ἀσφαλίζεται
3550 3215 3678 3276 τοὺς
3714 3230 3816 3282 μα·

555 3335 752 3392 sabiles
779 3339 930 3393 estis.
983 3337 1364 3395 Necessarium
1407 3344 1550 3397 enim
1606 3353 1665 3397 ut
1722 3346 1942 3400 veniant
2006 3346 2124 3411 illa,

2235 3327 2423 3399 θητάς,
2456 3324 2549 3379 καί
2611 3339 2775 3393 φησιο
2836 3317 3140 3391 Προσέχετε
3190 3314 3431 3411 ἑαυτοῖςἶ
3462 3309 3641 3411 .1600,-
3661 3307 3815 3411 ιρησὶ,

557 3439 662 3479 non
693 3440 913 3483 necesse
946 3437 1126 3483 autem
1161 3444 1256 3486 vos
1299 3431 1500 3501 perire,
1535 3433 1580 3488 si
1613 3436 1828 3503 quidem
1883 3437 2130 3492 munive-

551 3517 675 3573 ritis
696 3525 750 3573 et
781 3519 1124 3574 armaveritis
1156 3534 1273 3576 vos.
1315 3520 1698 3579 Necessarium
1729 3528 1874 3582 enim
1909 3538 1996 3584 est
2041 3543 2129 3582 ve.

555 3609 671 3663 nire
698 3608 904 3678 lupum,
930 3611 1024 3664 sed
1060 3610 1103 3665 si
1139 3610 1440 3682 vigilaverit
1467 3623 1678 3684 pastor,
1714 3631 1819 3672 non
1873 3632 2127 3673 necessa-

553 3702 694 3757 rium
723 3713 805 3758 est
838 3703 1014 3772 perire
1043 3718 1204 3773 oves,
1256 3705 1351 3762 sed
1387 3707 1547 3777 lupus
1582 3707 1783 3765 frustra
1827 3710 1983 3766 hians
2014 3713 2129 3767 abi-

557 3794 654 3850 bit.
689 3794 832 3849 Dixit
862 3795 1025 3865 igitur
1059 3797 1173 3852 haec
1195 3798 1261 3852 de
1293 3798 1378 3854 his
1413 3799 1504 3868 qui
1542 3798 1843 3868 oﬂ'endunt,
1877 3802 1980 3857 hoc
2021 3812 2126 3865 est.

553 3885 854 3954 impediunt
883 3894 938 3940 et
967 3898 1188 3943 nocent.
1217 3888 1482 3956 Quoniam
1515 3901 1696 3947 autem
1721 3892 1907 3948 multa:
1935 3893 2128 3949 horum

551 3973 868 4032 dill‘erentiae
923 3995 938 4032 :
994 3994 1117 4033 nam
1179 3979 1267 4034 alii
1324 3982 1544 4051 quidem
1617 3994 1747 4039 sunt
1785 3984 2128 4052 ineurabiles,

555 4067 743 4137 quales
773 4067 1082 4134 Pharisaei}
1118 4071 1207 4125 alii
1242 4087 1372 4128 vero
1393 4073 1686 4139 sanabiles,
1709 4075 1900 4145 quales
1931 4075 2130 4133 fratrea

559 4158 771 4214 Domini
825 4175 952 4231 erga
1008 4160 1293 4218 Dominum
1337 4165 1564 4235 ipsum:
1630 4181 1755 4221 nam
1801 4181 1976 4237 neque
2029 4169 2128 4238 ipsi

557 4251 850 4308 credebant
881 4253 934 4309 in
969 4268 1091 4310 eum
1121 4269 1134 4312 :
1166 4257 1292 4325 quia
1321 4256 1485 4327 igitur
1508 4257 1688 4313 multat
1723 4258 2128 4327 impedientium

558 4343 893 4411 diil'erentiae,
955 4347 1249 4402 verisimile
1318 4349 1481 4404 etiam
1528 4349 1792 4418 quosdam
1842 4349 1931 4420 qui
1987 4350 2127 4405 idem

555 4437 800 4503 credant,
831 4437 966 4493 tales
991 4453 1112 4493 esse
1140 4456 1155 4504 ;
1184 4446 1238 4492 et
1289 4452 1570 4509 propterea
1615 4441 1784 4494 dicit:
1840 4441 1898 4496 Si
1931 4455 2126 4512 pecca-

554 4531 693 4585 verit
719 4531 771 4585 ln
809 4540 860 4584 te
898 4529 1063 4583 frater
1086 4537 1231 4593 tuus,
1263 4545 1429 4598 argue
1459 4545 1579 4586 eum
1611 4539 1665 4585 tu
1697 4533 1864 4594 solus.
1901 4540 1954 4586 et
1981 4545 2129 4586 scor-

552 4638 711 4678 sum:
744 4631 799 4678 et
827 4622 1093 4691 siquidem
1139 4622 1374 4677 audierit
1419 4632 1491 4687 te,
1555 4623 1798 4677 lucratus
1844 4635 1905 4677 es
1939 4621 2123 4677 illum:

2233 3420 2482 3492 προλέγω
2511 3417 2663 3487 ὑμῖν.
2687 3417 2769 3468 ὅτι
2802 3413 2924 3484 ἥξει
2950 3410 3016 3464 τά
3035 3407 3204 3471 κακά,
3235 3402 3641 3471 ἀναπολόγητοί
3668 3402 3812 3454 ἐστε.

2246 3511 2484 3580 Ἀνάγκη
2514 3509 2614 3580 μέν
2646 3506 2751 3576 γάρ
2785 3506 2937 3575 ἥξειν
2963 3503 3167 3564 ἐκεῖνα,
3202 3499 3302 3552 οὐκ
3327 3496 3541 3566 ἀνάγκη
3571 3495 3627 3548 δέ
3672 3493 3818 3561 ὑμᾶς

2232 3601 2552 3664 ἀπολέσθαι,
2582 3599 2697 3666 είγε
2733 3592 3100 3665 ἀσφαλίζεσθε
3139 3589 3367 3652 ἑαυτοὺς
3409 3587 3510 3640 καὶ
3547 3583 3814 3638 καθοπλί-

2233 3697 2377 3761 Ceu.
2428 3691 2671 3760 Ἀνάγκη
2723 3688 2822 3759 μὲν
2880 3688 2989 3757 γὰρ
3016 3685 3108 3738 τὸν
3159 3683 3323 3735 λύκον
3353 3680 3547 3742 ἐλθεῖν,
3581 3675 3817 3732 ἀλλ’ἐάν

2229 3787 2536 3858 ἐγρήγορεν
2592 3784 2620 3835 ό
2657 3780 2882 3851 ποιμὴν,
2934 3780 3034 3832 οὐκ
3074 3776 3289 3845 ἀνάγκη
3348 3771 3718 3842 διαφθαρῆναι
3751 3767 3817 3822 τά

2233 3879 2504 3950 πρόϐατα,
2539 3875 2676 3932 ἀλλά
2701 3873 2795 3928 τὸν
2816 3872 2979 3926 λύκον
3020 3869 3198 3941 μάτην
3253 3866 3490 3937 χανόντα
3535 3864 3814 3918 ἀπελθεῖν.

2232 3968 2418 4024 Είπὼν
2446 3967 2538 4022 οὖν
2562 3966 2738 4021 ταῦτα
2761 3966 2889 4034 περὶ
2919 3964 3028 4016 τῶν
3047 3956 3513 4022 σκανδαλιζόντων
3562 3957 3659 4008 καὶ
3685 3955 3816 4024 βλαο

2233 4062 2511 4126 πτόντων,
2554 4058 2834 4112 τουτέστιν
2902 4052 3325 4124 ἐμποδιζόντων,
3381 4050 3572 4120 ἐπειδὴ
3624 4044 3820 4101 πολλαὶ

2231 4152 2487 4223 διαφοραί
2514 4152 2619 4204 είσι
2649 4149 2877 4202 τούτων·
2917 4148 2966 4200 οῖ
3010 4146 3110 4216 μέν
3140 4145 3248 4214 γάρ
3273 4144 3414 4196 εἰσιν
3447 4142 3684 4205 ἀνίατοι,
3706 4132 3817 4191 οἷον

2230 4250 2278 4300 oi
2318 4248 2620 4315 Φαρισαῖοι,
2652 4245 2700 4295 οῖ
2739 4241 2794 4295 δὲ
2820 4240 3048 4308 ἰάσιμοι,
3084 4235 3256 4290 οἷοιοί
3285 4234 3378 4289 τοῦ
3415 4233 3626 4304 Κυρίου
3656 4230 3819 4284 ἀδελ-

2232 4343 2322 4410 φοι
2356 4343 2493 4411 πρὸς
2549 4337 2712 4390 αὐτὸν
2765 4337 2858 4388 τὸν
2911 4331 3136 4404 Κύριον,
3179 4331 3302 4384 οὐδέ
3349 4329 3460 4398 γάρ
3509 4327 3668 4379 αὐτοὶ
3698 4323 3820 4376 ἐπί-

2235 4451 2422 4490 στευον
2449 4434 2530 4497 είς
2549 4429 2738 4486 αὐτόν·
2767 4428 2892 4483 ἐπεὶ
2917 4427 3012 4481 οὖν
3037 4427 3229 4480 πολλαὶ
3271 4423 3528 4494 διαφοραὶ
3573 4422 3687 4475 τῶν
3718 4424 3818 4489 ἐμ-

2234 4527 2579 4590 ποδιζόντων·
2617 4522 2766 4584 εἰκὸς
2820 4523 2929 4592 γάρ
2985 4515 3126 4573 εἷναί
3149 4535 3304 4581 τινας
3353 4519 3450 4571 καὶ
3479 4518 3820 4586 δμοπίστους

2232 4617 2504 4679 τοιούτους
2536 4632 2550 4646 ·
2585 4615 2671 4668 διά
2701 4613 2856 4668 τοῦτό
2879 4627 3066 4683 φησιν·
3111 4609 3238 4665 Ἐάν
3285 4611 3506 4682 ἁμάρτῃ
3562 4610 3644 4671 είς
3684 4607 3741 4660 σέ
3790 4609 3821 4662 ό

555 4719 638 4773 sin
668 4719 868 4783 minus,
913 4719 1098 4788 accipe
1121 4725 1299 4772 tecum
1337 4733 1505 4772 unum
1537 4717 1620 4773 vel
1655 4717 1813 4781 duos,
1863 4724 1970 4773 etc.
2010 4733 2130 4789 qua:

2235 4709 2463 4779 ἀδελφός
2503 4724 2621 4773 σου,
2653 4706 2981 4776 ἐπιτίμησον
3011 4703 3161 4774 αὐτῷ
3194 4702 3259 4755 σὺ
3295 4703 3454 4772 μόνος
3492 4700 3617 4754 κατ’
3655 4699 3819 4757 ἰδίαν,

553 4812 662 4868 late
691 4811 913 4881 exponit
963 4810 1300 4865 Mattliaeus:
1352 4810 1528 4864 Lucas
1578 4820 1759 4864 autem
1815 4818 1872 4864 ut
1907 4810 2047 4866 dicta
2098 4824 2128 4864 a

551 4903 810 4960 Matthreo
845 4901 1060 4958 silentio
1088 4901 1367 4970 praeteriit.
1404 4901 1588 4970 Itaque
1614 4903 1705 4972 qui
1763 4902 1995 4956 audierit
2041 4905 2127 4958 in-

550 4995 940 5065 erepationem,
979 4993 1137 5048 venia
1160 4993 1351 5061 dignus
1381 5000 1499 5057 est;
1533 4991 1626 5061 qui
1669 5001 1850 5048 autem
1889 5009 1994 5049 non
2026 5010 2122 5049 au-

549 5084 732 5150 dierit,
761 5086 831 5139 sit
863 5082 958 5137 tibi
989 5082 1135 5138 velut
1155 5081 1402 5138 ethnicus
1433 5092 1488 5139 et
1512 5083 1854 5154 publicanus,
1889 5084 1990 5139 hoc
2019 5097 2121 5152 est,

551 5176 618 5230 ab
673 5174 922 5230 omnibus
973 5183 1337 5244 contemptus,
1393 5184 1448 5229 et
1502 5176 1751 5245 indignus
1807 5186 1865 5230 ut
1904 5189 2125 5233 vocetur

551 5267 739 5320 frater.-
775 5264 964 5320 Postea
997 5267 1150 5335 quasi
1185 5267 1476 5337 interroget
1502 5268 1804 5337 quispiam:
1834 5267 1983 5335 Esto,
2014 5268 2128 5326 Do-

551 5354 717 5420 mine,
753 5354 868 5409 hzec
919 5357 1136 5424 quidem
1186 5357 1323 5412 bene
1360 5359 1565 5412 dixeris
1602 5376 1614 5412 :
1649 5359 1696 5414 si
1744 5368 1924 5414 autem
1982 5376 2123 5431 sape

552 5446 766 5501 veniam
794 5457 1119 5502 consecutus
1163 5447 1347 5513 fuerit,
1381 5459 1435 5504 et
1476 5450 1669 5504 iterum
1720 5459 1933 5518 noceat,
1992 5454 2121 5521 quid

553 5535 856 5593 faciendum
889 5537 971 5591 ei?
996 5537 1128 5593 dicit
1167 5557 1178 5592 :
1225 5537 1278 5592 Si
1316 5540 1589 5610 resipiscit
1641 5541 1859 5608 iterum,
1911 5544 2126 5598 remitte

549 5628 620 5683 ei.
657 5627 723 5683 Et
760 5633 953 5684 iterum
985 5647 998 5682 :
1036 5630 1092 5684 Si
1127 5632 1323 5699 septies
1348 5632 1400 5685 in
1434 5633 1522 5686 die
1581 5635 1886 5703 peccaverit
1911 5645 1964 5690 et
1990 5651 2121 5691 con-

553 5734 746 5775 versus
786 5720 970 5787 fuerit,
1005 5722 1219 5777 remitte
1247 5722 1316 5777 ei.
1364 5722 1573 5793 Septies
1602 5734 1781 5782 autem
1829 5729 1929 5784 hoc
1957 5727 2123 5800 424

2230 4805 2324 4858 καὶ
2347 4803 2414 4857 ἂν
2447 4801 2547 4873 μὲν
2577 4799 2785 4870 ἀκούσῃ
2827 4815 2941 4862 σου,
2975 4796 3276 4867 ἐκέρδησας
3306 4791 3470 4846 αὐτόν
3490 4807 3506 4822 ο
3551 4793 3601 4844 εί
3634 4792 3691 4845 δέ
3717 4791 3819 4861 μὴ,

2229 4894 2514 4966 παράλαϐε
2574 4891 2713 4960 μετὰ
2745 4889 2840 4943 σοῦ
2887 4890 2982 4941 Eva
3038 4888 3070 4958 ἢ
3103 4887 3218 4950 δύο,
3266 4885 3360 4939 καὶ
3384 4883 3512 4954 ἑξῆς
3537 4898 3552 4914 ⁶
3582 4885 3684 4936 ὅσα
3721 4883 3822 4951 μὲν

2227 4987 2476 5048 πλατέως
2504 4987 2531 5038 δ
2552 4983 2829 5045 Ματθαῖος
2856 4979 3093 5047 ἐξέθετο,
3117 4983 3144 5033 ό
3170 4979 3226 5032 δὲ
3274 4978 3490 5041 Λουκᾶς
3532 4975 3822 5046 παρεσιώ-

2231 5099 2407 5150 πησεν
2458 5080 2533 5143 ώς
2584 5077 2662 5148 τῷ
2696 5075 2964 5145 Ματθαίῳ
3023 5073 3277 5146 ρηθέντα.
3331 5072 3390 5126 '0
3423 5073 3524 5143 μέν
3574 5072 3822 5135 ἀκούσας

2232 5175 2343 5228 τῶν
2368 5173 2768 5242 ἐπιτιμήσεων,
2805 5168 3144 5238 συγγνώμης
3175 5168 3345 5232 ἄξιος,
3373 5167 3401 5219 δ
3430 5165 3488 5219 δέ
3541 5165 3620 5236 μὴ
3651 5165 3822 5219 ἀκού-

2234 5285 2355 5333 σας,
2381 5267 2521 5320 ἐστω
2558 5282 2638 5318 σοι
2669 5265 2741 5327 ὼς
2765 5264 2792 5314 ὁ
2820 5262 3033 5324 ἐθνικὸς
3059 5262 3154 5314 καὶ
3193 5263 3221 5314 ὁ
3242 5259 3482 5330 τελώνης
3509 5301 3524 5324 ,
3565 5260 3820 5312 τουτέστι

2237 5359 2546 5428 βδελυκτὸς,
2578 5358 2674 5411 καὶ
2725 5358 2825 5409 ούκ
2883 5355 3033 5421 ἀξιος
3059 5353 3339 5408 καλεῖσθαι
3397 5354 3647 5422 ἀδελφός.
3684 5347 3821 5405 Εἶτα

2231 5453 2425 5528 ὧσπερ
2465 5452 2708 5514 εἰπόντος
2733 5451 2876 5514 τινὸς
2895 5490 2910 5515 ,
2941 5451 3024 5503 ὃτι
3056 5448 3258 5512 Ἔστω,
3287 5447 3485 5516 Κύριε,
3514 5446 3690 5500 ταῦτα
3719 5445 3822 5514 μὲν

2235 5544 2416 5608 καλῶς
2448 5545 2662 5610 διεῖλες,
2694 5545 2788 5596 ἐάν
2812 5544 2869 5595 δὲ
2908 5541 3166 5604 πολλάκις
3197 5539 3530 5611 συγγνώμης
3564 5540 3820 5605 ἀξιωθεὶς

2234 5636 2392 5690 πάλιν
2425 5636 2656 5707 βλάπτῃ,
2709 5635 2759 5687 τί
2790 5637 3040 5706 ποιητέον
3067 5631 3257 5702 αύτῷ;
3300 5633 3463 5702 φησίν
3486 5646 3499 5660 ·
3540 5634 3603 5686 El
3651 5649 3792 5702 μετα

2233 5731 2342 5781 νοεῖ
2370 5729 2553 5794 πάλιν,
2578 5728 2713 5796 aee;
2733 5725 2903 5796 αύτῷ.
2938 5727 3045 5780 Καὶ
3073 5724 3236 5779 πάλιν
3255 5742 3270 5756 ο
3314 5724 3434 5780 Κᾶν
3463 5724 3696 5789 ἑπτάκις
3720 5723 3821 5795 τῆς

625 5842 702 5924 (ξι)
743 5841 872 5899 “em
918 5845 1119 5924 omittit
1153 5864 1167 5900 :
1196 5848 1266 5924 At
1313 5847 1544 5919 plerique
1591 5850 1961 5909 addubitantes
1997 5864 2262 5924 quarum,
2305 5871 2426 5910 num
2507 5869 2707 5911 nrressr
2748 5855 2812 5908 sit
2839 5853 3072 5908 eveniant
3099 5847 3373 5916 scandala,
3444 5866 3563 5920 qua:
3621 5850 3821 5919 μνη-(Νι

553 5915 807 5970 rationem
833 5931 1047 5985 prorsus
1077 5918 1383 5986 impediunt.
