  <div class='ocr_page' id='page_1' title='image "/cluster/home/n/w/nwhite01/storage/ocr_20150623/123/uva.x004884189/606.png"; bbox 0 0 4048 6492; ppageno 0'>
   <div class='ocr_carea' id='block_1_1' title="bbox 221 512 332 578">
    <p class='ocr_par' dir='ltr' id='par_1_1' title="bbox 221 512 332 578">
     <span class='ocr_line' id='line_1_1' title="bbox 221 512 332 578; baseline 0 -1"><span class='ocrx_word' id='word_1_1' title='bbox 221 512 332 578; x_wconf 79' lang='lat'><strong>985</strong></span> 
     </span>
    </p>
   </div>
   <div class='ocr_carea' id='block_1_2' title="bbox 1016 504 2946 571">
    <p class='ocr_par' dir='ltr' id='par_1_2' title="bbox 1016 504 2946 571">
     <span class='ocr_line' id='line_1_2' title="bbox 1016 504 2946 571; baseline -0.001 -2"><span class='ocrx_word' id='word_1_2' title='bbox 1016 508 1466 571; x_wconf 75' lang='lat' dir='ltr'><strong>ENARRATIO</strong></span> <span class='ocrx_word' id='word_1_3' title='bbox 1500 509 1579 570; x_wconf 85' lang='lat' dir='ltr'><strong>1N</strong></span> <span class='ocrx_word' id='word_1_4' title='bbox 1613 504 2125 570; x_wconf 81' lang='lat' dir='ltr'><strong>EVANGELIUM</strong></span> <span class='ocrx_word' id='word_1_5' title='bbox 2177 509 2418 571; x_wconf 57' lang='grc' dir='ltr'><strong>[ΗΕΒ.</strong></span> <span class='ocrx_word' id='word_1_6' title='bbox 2455 531 2524 544; x_wconf 87' lang='grc'><strong><em>--</em></strong></span> <span class='ocrx_word' id='word_1_7' title='bbox 2562 507 2724 569; x_wconf 82' lang='lat' dir='ltr'><strong>CAP.</strong></span> <span class='ocrx_word' id='word_1_8' title='bbox 2752 505 2946 569; x_wconf 80' lang='lat' dir='ltr'><strong>XVII.</strong></span> 
     </span>
    </p>
   </div>
   <div class='ocr_carea' id='block_1_3' title="bbox 3439 500 3568 567">
    <p class='ocr_par' dir='ltr' id='par_1_3' title="bbox 3439 500 3568 567">
     <span class='ocr_line' id='line_1_3' title="bbox 3439 500 3568 567; baseline -0.023 -1"><span class='ocrx_word' id='word_1_9' title='bbox 3439 500 3568 567; x_wconf 76' lang='lat'><strong>986~</strong></span> 
     </span>
    </p>
   </div>
   <div class='ocr_carea' id='block_1_4' title="bbox 221 617 1821 697">
    <p class='ocr_par' dir='ltr' id='par_1_4' title="bbox 221 622 1821 697">
     <span class='ocr_line' id='line_1_4' title="bbox 221 622 1821 697; baseline 0 -21"><span class='ocrx_word' id='word_1_10' title='bbox 221 623 440 697; x_wconf 67' lang='grc' dir='ltr'>ἡμέρας</span> <span class='ocrx_word' id='word_1_11' title='bbox 471 623 801 696; x_wconf 75' lang='grc' dir='ltr'>ἐπιστρέψῃ,</span> <span class='ocrx_word' id='word_1_12' title='bbox 841 623 978 692; x_wconf 76' lang='grc' dir='ltr'>ἄφες</span> <span class='ocrx_word' id='word_1_13' title='bbox 1033 622 1206 693; x_wconf 79' lang='grc' dir='ltr'>αὐτῷ.</span> <span class='ocrx_word' id='word_1_14' title='bbox 1244 624 1320 678; x_wconf 81' lang='grc' dir='ltr'>Τὸ</span> <span class='ocrx_word' id='word_1_15' title='bbox 1366 625 1423 678; x_wconf 76' lang='grc' dir='ltr'>δὲ</span> <span class='ocrx_word' id='word_1_16' title='bbox 1466 625 1702 686; x_wconf 79' lang='grc' dir='ltr'><strong>ἑπτάκις</strong></span> <span class='ocrx_word' id='word_1_17' title='bbox 1741 624 1821 676; x_wconf 77' lang='grc' dir='ltr'><strong>ὲν-</strong></span> 
     </span>
    </p>
   </div>
   <div class='ocr_carea' id='block_1_5' title="bbox 1930 617 3539 697">
    <p class='ocr_par' dir='ltr' id='par_1_5' title="bbox 1935 617 3539 693">
     <span class='ocr_line' id='line_1_5' title="bbox 1935 617 3539 693; baseline 0.001 -17"><span class='ocrx_word' id='word_1_18' title='bbox 1935 622 2059 679; x_wconf 87' lang='lat' dir='ltr'><strong>loco</strong></span> <span class='ocrx_word' id='word_1_19' title='bbox 2095 639 2195 693; x_wconf 90' lang='lat' dir='ltr'><strong>pro</strong></span> <span class='ocrx_word' id='word_1_20' title='bbox 2226 623 2433 693; x_wconf 69' lang='lat' dir='ltr'><strong>saepius</strong></span> <span class='ocrx_word' id='word_1_21' title='bbox 2466 623 2706 692; x_wconf 89' lang='lat' dir='ltr'><strong>positum</strong></span> <span class='ocrx_word' id='word_1_22' title='bbox 2737 630 2821 678; x_wconf 90' lang='lat' dir='ltr'><strong>est</strong></span> <span class='ocrx_word' id='word_1_23' title='bbox 2849 639 2864 688; x_wconf 92' lang='lat'><strong>;</strong></span> <span class='ocrx_word' id='word_1_24' title='bbox 2889 620 3035 679; x_wconf 93' lang='lat' dir='ltr'><strong>sicut</strong></span> <span class='ocrx_word' id='word_1_25' title='bbox 3056 627 3110 676; x_wconf 88' lang='lat' dir='ltr'><strong>et</strong></span> <span class='ocrx_word' id='word_1_26' title='bbox 3143 634 3266 675; x_wconf 90' lang='lat' dir='ltr'><strong>eum</strong></span> <span class='ocrx_word' id='word_1_27' title='bbox 3300 617 3539 677; x_wconf 83' lang='lat' dir='ltr'><strong>dicitur:</strong></span> 
     </span>
    </p>
   </div>
   <div class='ocr_carea' id='block_1_6' title="bbox 222 709 1826 787">
    <p class='ocr_par' dir='ltr' id='par_1_6' title="bbox 222 709 1826 787">
     <span class='ocr_line' id='line_1_6' title="bbox 222 709 1826 787; baseline -0.004 -16"><span class='ocrx_word' id='word_1_28' title='bbox 222 717 400 772; x_wconf 78' lang='grc' dir='ltr'>ταῦθα</span> <span class='ocrx_word' id='word_1_29' title='bbox 429 717 554 771; x_wconf 78' lang='grc' dir='ltr'>ἀντὶ</span> <span class='ocrx_word' id='word_1_30' title='bbox 592 715 710 782; x_wconf 83' lang='grc' dir='ltr'>τοῦ,</span> <span class='ocrx_word' id='word_1_31' title='bbox 748 709 1010 780; x_wconf 79' lang='grc' dir='ltr'><strong>πολλάκις</strong></span> <span class='ocrx_word' id='word_1_32' title='bbox 1068 718 1268 781; x_wconf 83' lang='grc' dir='ltr'>κεῖται,</span> <span class='ocrx_word' id='word_1_33' title='bbox 1331 715 1528 787; x_wconf 82' lang='grc' dir='ltr'>ὥσπερ</span> <span class='ocrx_word' id='word_1_34' title='bbox 1594 716 1691 768; x_wconf 60' lang='grc' dir='ltr'><strong>καὶ¹</strong></span> <span class='ocrx_word' id='word_1_35' title='bbox 1741 713 1826 775; x_wconf 80' lang='grc' dir='ltr'>τὸ,</span> 
     </span>
    </p>
   </div>
   <div class='ocr_carea' id='block_1_7' title="bbox 225 807 1831 878">
    <p class='ocr_par' dir='ltr' id='par_1_7' title="bbox 225 807 1831 878">
     <span class='ocr_line' id='line_1_7' title="bbox 225 807 1831 878; baseline -0.003 -15"><span class='ocrx_word' id='word_1_36' title='bbox 225 810 354 863; x_wconf 83' lang='grc' dir='ltr'>Ὀτι</span> <span class='ocrx_word' id='word_1_37' title='bbox 389 812 577 878; x_wconf 76' lang='grc' dir='ltr'>στεῖρα</span> <span class='ocrx_word' id='word_1_38' title='bbox 609 808 794 862; x_wconf 76' lang='grc' dir='ltr'>ἔτεκεν</span> <span class='ocrx_word' id='word_1_39' title='bbox 820 807 979 861; x_wconf 80' lang='grc' dir='ltr'>ἑπτά.</span> <span class='ocrx_word' id='word_1_40' title='bbox 1020 807 1247 872; x_wconf 84' lang='grc' dir='ltr'>Ὀσάκις</span> <span class='ocrx_word' id='word_1_41' title='bbox 1277 807 1371 862; x_wconf 75' lang='grc' dir='ltr'>οὖν</span> <span class='ocrx_word' id='word_1_42' title='bbox 1403 809 1675 878; x_wconf 82' lang='grc' dir='ltr'><strong>μετανοεῖ,</strong></span> <span class='ocrx_word' id='word_1_43' title='bbox 1707 823 1831 859; x_wconf 80' lang='grc' dir='ltr'>τοσο</span> 
     </span>
    </p>
   </div>
   <div class='ocr_carea' id='block_1_8' title="bbox 227 886 1825 970">
    <p class='ocr_par' dir='ltr' id='par_1_8' title="bbox 227 886 1825 970">
     <span class='ocr_line' id='line_1_8' title="bbox 227 886 1825 970; baseline 0.001 -21"><span class='ocrx_word' id='word_1_44' title='bbox 227 897 466 960; x_wconf 78' lang='grc' dir='ltr'>αυτάκις</span> <span class='ocrx_word' id='word_1_45' title='bbox 511 897 663 968; x_wconf 84' lang='grc' dir='ltr'><strong>αύτῷ</strong></span> <span class='ocrx_word' id='word_1_46' title='bbox 720 898 941 964; x_wconf 77' lang='grc' dir='ltr'><strong>ἀφιέναι</strong></span> <span class='ocrx_word' id='word_1_47' title='bbox 974 899 1076 952; x_wconf 85' lang='grc' dir='ltr'>δεῖ.</span> <span class='ocrx_word' id='word_1_48' title='bbox 1111 899 1204 970; x_wconf 79' lang='grc' dir='ltr'><strong>Μὴ</strong></span> <span class='ocrx_word' id='word_1_49' title='bbox 1237 899 1345 970; x_wconf 82' lang='grc' dir='ltr'><strong>γὰρ</strong></span> <span class='ocrx_word' id='word_1_50' title='bbox 1385 886 1448 970; x_wconf 83' lang='grc' dir='ltr'>δὴ</span> <span class='ocrx_word' id='word_1_51' title='bbox 1508 899 1699 970; x_wconf 78' lang='grc' dir='ltr'>νόμιζε</span> <span class='ocrx_word' id='word_1_52' title='bbox 1740 899 1825 951; x_wconf 84' lang='grc' dir='ltr'>ὅτι</span> 
     </span>
    </p>
   </div>
   <div class='ocr_carea' id='block_1_9' title="bbox 225 988 1828 1061">
    <p class='ocr_par' dir='ltr' id='par_1_9' title="bbox 225 988 1828 1061">
     <span class='ocr_line' id='line_1_9' title="bbox 225 988 1828 1061; baseline 0.001 -21"><span class='ocrx_word' id='word_1_53' title='bbox 225 989 468 1059; x_wconf 80' lang='grc' dir='ltr'>ἀριθμὸν</span> <span class='ocrx_word' id='word_1_54' title='bbox 498 988 718 1059; x_wconf 77' lang='grc' dir='ltr'><strong>τίθησιν</strong></span> <span class='ocrx_word' id='word_1_55' title='bbox 756 992 783 1042; x_wconf 99' lang='lat'><strong>6</strong></span> <span class='ocrx_word' id='word_1_56' title='bbox 828 989 1034 1061; x_wconf 83' lang='grc' dir='ltr'>Κύριος</span> <span class='ocrx_word' id='word_1_57' title='bbox 1067 989 1166 1060; x_wconf 85' lang='grc' dir='ltr'>τῆς</span> <span class='ocrx_word' id='word_1_58' title='bbox 1227 991 1658 1061; x_wconf 79' lang='grc' dir='ltr'>συγχωρήσεως,</span> <span class='ocrx_word' id='word_1_59' title='bbox 1712 988 1828 1041; x_wconf 83' lang='grc' dir='ltr'>ἀλλ’</span> 
     </span>
    </p>
   </div>
   <div class='ocr_carea' id='block_1_10' title="bbox 220 1074 1831 1152">
    <p class='ocr_par' dir='ltr' id='par_1_10' title="bbox 220 1074 1831 1152">
     <span class='ocr_line' id='line_1_10' title="bbox 220 1074 1831 1152; baseline -0.001 -17"><span class='ocrx_word' id='word_1_60' title='bbox 220 1083 366 1152; x_wconf 84' lang='grc' dir='ltr'>ὅπερ</span> <span class='ocrx_word' id='word_1_61' title='bbox 390 1074 563 1146; x_wconf 78' lang='grc' dir='ltr'>εἷπον,</span> <span class='ocrx_word' id='word_1_62' title='bbox 593 1081 652 1134; x_wconf 81' lang='grc' dir='ltr'><strong>τὸ</strong></span> <span class='ocrx_word' id='word_1_63' title='bbox 677 1082 927 1145; x_wconf 77' lang='grc' dir='ltr'>ἑπτάκις,</span> <span class='ocrx_word' id='word_1_64' title='bbox 955 1081 1076 1135; x_wconf 74' lang='grc' dir='ltr'>ἀντὶ</span> <span class='ocrx_word' id='word_1_65' title='bbox 1101 1082 1216 1145; x_wconf 83' lang='grc' dir='ltr'>τοῦ,</span> <span class='ocrx_word' id='word_1_66' title='bbox 1251 1081 1538 1146; x_wconf 83' lang='grc' dir='ltr'><strong>πολλάκις,</strong></span> <span class='ocrx_word' id='word_1_67' title='bbox 1570 1081 1666 1134; x_wconf 68' lang='grc' dir='ltr'>καὶ</span> <span class='ocrx_word' id='word_1_68' title='bbox 1695 1084 1831 1136; x_wconf 85' lang='grc' dir='ltr'>ἀνα·</span> 
     </span>
    </p>
   </div>
   <div class='ocr_carea' id='block_1_11' title="bbox 225 1171 1829 1243">
    <p class='ocr_par' dir='ltr' id='par_1_11' title="bbox 225 1171 1829 1243">
     <span class='ocr_line' id='line_1_11' title="bbox 225 1171 1829 1243; baseline 0 -19"><span class='ocrx_word' id='word_1_69' title='bbox 225 1171 473 1243; x_wconf 84' lang='grc' dir='ltr'>ρίθμητα</span> <span class='ocrx_word' id='word_1_70' title='bbox 514 1173 647 1238; x_wconf 87' lang='grc' dir='ltr'>νόει,</span> <span class='ocrx_word' id='word_1_71' title='bbox 679 1175 872 1243; x_wconf 84' lang='grc' dir='ltr'>ὥσπερ</span> <span class='ocrx_word' id='word_1_72' title='bbox 903 1174 998 1226; x_wconf 75' lang='grc' dir='ltr'>καὶ</span> <span class='ocrx_word' id='word_1_73' title='bbox 1038 1173 1097 1225; x_wconf 82' lang='grc' dir='ltr'>ἐν</span> <span class='ocrx_word' id='word_1_74' title='bbox 1137 1175 1202 1243; x_wconf 76' lang='grc' dir='ltr'>τῇ</span> <span class='ocrx_word' id='word_1_75' title='bbox 1237 1173 1460 1243; x_wconf 78' lang='grc' dir='ltr'><strong>συνήθει</strong></span> <span class='ocrx_word' id='word_1_76' title='bbox 1515 1172 1706 1243; x_wconf 77' lang='grc' dir='ltr'>ὁμιλία</span> <span class='ocrx_word' id='word_1_77' title='bbox 1738 1172 1829 1225; x_wconf 80' lang='grc' dir='ltr'>λέ-</span> 
     </span>
    </p>
   </div>
   <div class='ocr_carea' id='block_1_12' title="bbox 225 1264 1832 1336">
    <p class='ocr_par' dir='ltr' id='par_1_12' title="bbox 225 1264 1832 1336">
     <span class='ocr_line' id='line_1_12' title="bbox 225 1264 1832 1336; baseline 0 -20"><span class='ocrx_word' id='word_1_78' title='bbox 225 1280 424 1333; x_wconf 83' lang='grc' dir='ltr'>γομεν,</span> <span class='ocrx_word' id='word_1_79' title='bbox 467 1265 792 1335; x_wconf 84' lang='grc' dir='ltr'>μυρίανδρος</span> <span class='ocrx_word' id='word_1_80' title='bbox 818 1266 996 1334; x_wconf 84' lang='grc' dir='ltr'>πόλις,</span> <span class='ocrx_word' id='word_1_81' title='bbox 1027 1267 1125 1336; x_wconf 83' lang='grc' dir='ltr'><strong>οὐχ</strong></span> <span class='ocrx_word' id='word_1_82' title='bbox 1155 1267 1238 1319; x_wconf 80' lang='grc' dir='ltr'>ὅτι</span> <span class='ocrx_word' id='word_1_83' title='bbox 1269 1266 1498 1335; x_wconf 84' lang='grc' dir='ltr'>μυρίους</span> <span class='ocrx_word' id='word_1_84' title='bbox 1530 1264 1666 1335; x_wconf 73' lang='grc' dir='ltr'>ἔχει,</span> <span class='ocrx_word' id='word_1_85' title='bbox 1701 1265 1832 1328; x_wconf 71' lang='grc' dir='ltr'>ἴσως</span> 
     </span>
    </p>
   </div>
   <div class='ocr_carea' id='block_1_13' title="bbox 221 1355 1830 1429">
    <p class='ocr_par' dir='ltr' id='par_1_13' title="bbox 221 1355 1830 1429">
     <span class='ocr_line' id='line_1_13' title="bbox 221 1355 1830 1429; baseline -0.002 -19"><span class='ocrx_word' id='word_1_86' title='bbox 221 1355 337 1426; x_wconf 82' lang='grc' dir='ltr'>γὰρ</span> <span class='ocrx_word' id='word_1_87' title='bbox 372 1359 467 1410; x_wconf 75' lang='grc' dir='ltr'>καὶ</span> <span class='ocrx_word' id='word_1_88' title='bbox 495 1357 738 1420; x_wconf 82' lang='grc' dir='ltr'>πλείους,</span> <span class='ocrx_word' id='word_1_89' title='bbox 768 1356 885 1411; x_wconf 83' lang='grc' dir='ltr'>ἀλλ’</span> <span class='ocrx_word' id='word_1_90' title='bbox 914 1359 1035 1411; x_wconf 76' lang='grc' dir='ltr'>ἀντὶ</span> <span class='ocrx_word' id='word_1_91' title='bbox 1062 1358 1180 1422; x_wconf 80' lang='grc' dir='ltr'>τοῦ,</span> <span class='ocrx_word' id='word_1_92' title='bbox 1224 1358 1586 1429; x_wconf 84' lang='grc' dir='ltr'>πολύανδρος,</span> <span class='ocrx_word' id='word_1_93' title='bbox 1632 1358 1830 1421; x_wconf 83' lang='grc' dir='ltr'>εἰπεῖν,</span> 
     </span>
    </p>
   </div>
   <div class='ocr_carea' id='block_1_14' title="bbox 227 1448 1833 1519">
    <p class='ocr_par' dir='ltr' id='par_1_14' title="bbox 227 1448 1833 1519">
     <span class='ocr_line' id='line_1_14' title="bbox 227 1448 1833 1519; baseline 0 -18"><span class='ocrx_word' id='word_1_94' title='bbox 227 1448 582 1519; x_wconf 83' lang='grc' dir='ltr'>μυρίανδρος,</span> <span class='ocrx_word' id='word_1_95' title='bbox 605 1448 808 1519; x_wconf 82' lang='grc' dir='ltr'>φαμέν.</span> <span class='ocrx_word' id='word_1_96' title='bbox 843 1449 967 1503; x_wconf 85' lang='grc' dir='ltr'>Ὀτι</span> <span class='ocrx_word' id='word_1_97' title='bbox 1011 1449 1068 1503; x_wconf 79' lang='grc' dir='ltr'>δὲ</span> <span class='ocrx_word' id='word_1_98' title='bbox 1110 1449 1272 1504; x_wconf 82' lang='grc' dir='ltr'>τοῦτο</span> <span class='ocrx_word' id='word_1_99' title='bbox 1318 1449 1488 1517; x_wconf 82' lang='grc' dir='ltr'><strong>λέγει,</strong></span> <span class='ocrx_word' id='word_1_100' title='bbox 1525 1449 1683 1518; x_wconf 79' lang='grc' dir='ltr'>δῆλον</span> <span class='ocrx_word' id='word_1_101' title='bbox 1725 1449 1833 1502; x_wconf 80' lang='grc' dir='ltr'>ἀπὸ</span> 
     </span>
    </p>
   </div>
   <div class='ocr_carea' id='block_1_15' title="bbox 222 1535 1828 1614">
    <p class='ocr_par' dir='ltr' id='par_1_15' title="bbox 222 1535 1828 1614">
     <span class='ocr_line' id='line_1_15' title="bbox 222 1535 1828 1614; baseline 0.002 -23"><span class='ocrx_word' id='word_1_102' title='bbox 222 1540 325 1592; x_wconf 79' lang='grc' dir='ltr'>τοῦ</span> <span class='ocrx_word' id='word_1_103' title='bbox 355 1540 662 1595; x_wconf 85' lang='grc' dir='ltr'>Ματθαίου.</span> <span class='ocrx_word' id='word_1_104' title='bbox 708 1542 859 1595; x_wconf 85' lang='grc' dir='ltr'>Ἐκεῖ</span> <span class='ocrx_word' id='word_1_105' title='bbox 882 1543 992 1614; x_wconf 69' lang='grc' dir='ltr'><strong>γὰρ</strong></span> <span class='ocrx_word' id='word_1_106' title='bbox 1025 1542 1104 1614; x_wconf 84' lang='grc' dir='ltr'>τῷ</span> <span class='ocrx_word' id='word_1_107' title='bbox 1140 1542 1334 1614; x_wconf 74' lang='grc' dir='ltr'>Πέτρῳ</span> <span class='ocrx_word' id='word_1_108' title='bbox 1379 1541 1588 1594; x_wconf 79' lang='grc' dir='ltr'><strong>εἰπόντι</strong></span> <span class='ocrx_word' id='word_1_109' title='bbox 1613 1557 1628 1570; x_wconf 69' lang='grc' dir='ltr'><strong><em>ο</em></strong></span> <span class='ocrx_word' id='word_1_110' title='bbox 1657 1535 1828 1612; x_wconf 75' lang='lat' dir='ltr'><strong>&#39;Apa,</strong></span> 
     </span>
    </p>
   </div>
   <div class='ocr_carea' id='block_1_16' title="bbox 226 1629 1832 1705">
    <p class='ocr_par' dir='ltr' id='par_1_16' title="bbox 226 1629 1832 1705">
     <span class='ocr_line' id='line_1_16' title="bbox 226 1629 1832 1705; baseline 0.001 -21"><span class='ocrx_word' id='word_1_111' title='bbox 226 1632 426 1701; x_wconf 83' lang='grc' dir='ltr'>Κύριε,</span> <span class='ocrx_word' id='word_1_112' title='bbox 488 1634 591 1696; x_wconf 71' lang='grc' dir='ltr'>ἕως</span> <span class='ocrx_word' id='word_1_113' title='bbox 651 1633 882 1698; x_wconf 78' lang='grc' dir='ltr'><strong>ἑπτάκις</strong></span> <span class='ocrx_word' id='word_1_114' title='bbox 943 1635 1290 1705; x_wconf 84' lang='grc' dir='ltr'><strong>συγχωρήσω</strong></span> <span class='ocrx_word' id='word_1_115' title='bbox 1344 1634 1529 1704; x_wconf 85' lang='grc' dir='ltr'>αὑτῷ;</span> <span class='ocrx_word' id='word_1_116' title='bbox 1585 1629 1754 1686; x_wconf 75' lang='grc' dir='ltr'>Εἶπεν</span> <span class='ocrx_word' id='word_1_117' title='bbox 1803 1634 1832 1686; x_wconf 93' lang='lat'><strong>6</strong></span> 
     </span>
    </p>
   </div>
   <div class='ocr_carea' id='block_1_17' title="bbox 229 1725 1830 1798">
    <p class='ocr_par' dir='ltr' id='par_1_17' title="bbox 229 1725 1830 1798">
     <span class='ocr_line' id='line_1_17' title="bbox 229 1725 1830 1798; baseline 0.001 -22"><span class='ocrx_word' id='word_1_118' title='bbox 229 1725 438 1796; x_wconf 79' lang='grc' dir='ltr'>Κύριος</span> <span class='ocrx_word' id='word_1_119' title='bbox 461 1743 474 1756; x_wconf 72' lang='grc'><strong><em>⁸</em></strong></span> <span class='ocrx_word' id='word_1_120' title='bbox 503 1727 662 1798; x_wconf 71' lang='grc' dir='ltr'>Οὐχὶ,</span> <span class='ocrx_word' id='word_1_121' title='bbox 691 1727 806 1780; x_wconf 86' lang='grc' dir='ltr'>ἀλλ’</span> <span class='ocrx_word' id='word_1_122' title='bbox 835 1728 1302 1798; x_wconf 79' lang='grc' dir='ltr'>έὸδομηκοντάκις</span> <span class='ocrx_word' id='word_1_123' title='bbox 1327 1727 1489 1794; x_wconf 70' lang='grc' dir='ltr'>ἑπτὰ,</span> <span class='ocrx_word' id='word_1_124' title='bbox 1519 1727 1607 1781; x_wconf 80' lang='grc' dir='ltr'>διὰ</span> <span class='ocrx_word' id='word_1_125' title='bbox 1636 1726 1830 1779; x_wconf 80' lang='grc' dir='ltr'>τούτου</span> 
     </span>
    </p>
   </div>
   <div class='ocr_carea' id='block_1_18' title="bbox 222 1817 1056 1888">
    <p class='ocr_par' dir='ltr' id='par_1_18' title="bbox 222 1817 1056 1888">
     <span class='ocr_line' id='line_1_18' title="bbox 222 1817 1056 1888; baseline 0.005 -19"><span class='ocrx_word' id='word_1_126' title='bbox 222 1818 288 1870; x_wconf 81' lang='grc' dir='ltr'>τὸ</span> <span class='ocrx_word' id='word_1_127' title='bbox 344 1817 716 1888; x_wconf 63' lang='grc' dir='ltr'>ἀειαρίθμητον</span> <span class='ocrx_word' id='word_1_128' title='bbox 751 1819 1056 1887; x_wconf 84' lang='grc' dir='ltr'>ὑποδηλῶν.</span> 
     </span>
    </p>
   </div>
   <div class='ocr_carea' id='block_1_19' title="bbox 309 1908 1828 1983">
    <p class='ocr_par' dir='ltr' id='par_1_19' title="bbox 309 1908 1828 1983">
     <span class='ocr_line' id='line_1_19' title="bbox 309 1908 1828 1983; baseline 0.001 -22"><span class='ocrx_word' id='word_1_129' title='bbox 309 1929 327 1960; x_wconf 84' lang='grc' dir='ltr'><strong>ι</strong></span> <span class='ocrx_word' id='word_1_130' title='bbox 357 1910 472 1962; x_wconf 70' lang='grc' dir='ltr'><strong>Καὶ</strong></span> <span class='ocrx_word' id='word_1_131' title='bbox 540 1908 696 1965; x_wconf 73' lang='grc' dir='ltr'>εἷπον</span> <span class='ocrx_word' id='word_1_132' title='bbox 752 1913 800 1965; x_wconf 92' lang='grc' dir='ltr'><strong>οί</strong></span> <span class='ocrx_word' id='word_1_133' title='bbox 871 1911 1161 1966; x_wconf 80' lang='grc' dir='ltr'>ἀπόστολοι</span> <span class='ocrx_word' id='word_1_134' title='bbox 1190 1911 1267 1983; x_wconf 80' lang='grc' dir='ltr'>τῷ</span> <span class='ocrx_word' id='word_1_135' title='bbox 1297 1911 1542 1983; x_wconf 79' lang='grc' dir='ltr'>Κυρίῳ,’</span> <span class='ocrx_word' id='word_1_136' title='bbox 1586 1911 1828 1981; x_wconf 81' lang='grc' dir='ltr'>Πρόσθες</span> 
     </span>
    </p>
   </div>
   <div class='ocr_carea' id='block_1_20' title="bbox 222 1997 1830 2074">
    <p class='ocr_par' dir='ltr' id='par_1_20' title="bbox 222 1997 1830 2074">
     <span class='ocr_line' id='line_1_20' title="bbox 222 1997 1830 2074; baseline 0.002 -23"><span class='ocrx_word' id='word_1_137' title='bbox 222 2001 362 2068; x_wconf 79' lang='grc' dir='ltr'>ἡμῖν</span> <span class='ocrx_word' id='word_1_138' title='bbox 414 2001 618 2054; x_wconf 85' lang='grc' dir='ltr'>πίστιν.</span> <span class='ocrx_word' id='word_1_139' title='bbox 673 1997 809 2055; x_wconf 55' lang='lat' dir='ltr'><strong>Eine</strong></span> <span class='ocrx_word' id='word_1_140' title='bbox 843 2004 899 2056; x_wconf 78' lang='grc' dir='ltr'>δὲ</span> <span class='ocrx_word' id='word_1_141' title='bbox 963 2005 990 2057; x_wconf 92' lang='lat'><strong>6</strong></span> <span class='ocrx_word' id='word_1_142' title='bbox 1045 2004 1284 2074; x_wconf 75' lang='lat' dir='ltr'><strong>Ku9£0;°</strong></span> <span class='ocrx_word' id='word_1_143' title='bbox 1314 2005 1375 2056; x_wconf 87' lang='grc' dir='ltr'>Εί</span> <span class='ocrx_word' id='word_1_144' title='bbox 1424 2003 1599 2072; x_wconf 78' lang='grc' dir='ltr'>εἴχετε</span> <span class='ocrx_word' id='word_1_145' title='bbox 1648 2003 1830 2058; x_wconf 79' lang='grc' dir='ltr'>πίστιν</span> 
     </span>
    </p>
   </div>
   <div class='ocr_carea' id='block_1_21' title="bbox 221 2090 1829 2165">
    <p class='ocr_par' dir='ltr' id='par_1_21' title="bbox 221 2090 1829 2165">
     <span class='ocr_line' id='line_1_21' title="bbox 221 2090 1829 2165; baseline 0.001 -21"><span class='ocrx_word' id='word_1_146' title='bbox 221 2090 302 2154; x_wconf 84' lang='grc' dir='ltr'>ὡς</span> <span class='ocrx_word' id='word_1_147' title='bbox 360 2093 562 2146; x_wconf 81' lang='grc' dir='ltr'>κόκκον</span> <span class='ocrx_word' id='word_1_148' title='bbox 644 2094 957 2161; x_wconf 78' lang='grc' dir='ltr'>σῖνάπεως,</span> <span class='ocrx_word' id='word_1_149' title='bbox 1007 2096 1225 2164; x_wconf 79' lang='grc' dir='ltr'><strong>ἐλέγετε</strong></span> <span class='ocrx_word' id='word_1_150' title='bbox 1288 2095 1354 2152; x_wconf 77' lang='grc' dir='ltr'>ἂν</span> <span class='ocrx_word' id='word_1_151' title='bbox 1406 2096 1472 2165; x_wconf 84' lang='grc' dir='ltr'>τῇ</span> <span class='ocrx_word' id='word_1_152' title='bbox 1542 2093 1829 2165; x_wconf 78' lang='grc' dir='ltr'><strong>συκαμίνῳ</strong></span> 
     </span>
    </p>
   </div>
   <div class='ocr_carea' id='block_1_22' title="bbox 195 2189 1830 2263">
    <p class='ocr_par' dir='ltr' id='par_1_22' title="bbox 195 2189 1830 2263">
     <span class='ocr_line' id='line_1_22' title="bbox 195 2189 1830 2263; baseline 0.003 -23"><span class='ocrx_word' id='word_1_153' title='bbox 195 2189 439 2262; x_wconf 21' lang='grc' dir='ltr'>-ταύτῃο</span> <span class='ocrx_word' id='word_1_154' title='bbox 504 2191 911 2262; x_wconf 78' lang='grc' dir='ltr'><strong>Ἐκριζώθητι,</strong></span> <span class='ocrx_word' id='word_1_155' title='bbox 967 2193 1064 2245; x_wconf 76' lang='grc' dir='ltr'>καὶ</span> <span class='ocrx_word' id='word_1_156' title='bbox 1131 2193 1428 2263; x_wconf 80' lang='grc' dir='ltr'>φυτεύθητι</span> <span class='ocrx_word' id='word_1_157' title='bbox 1494 2194 1551 2244; x_wconf 85' lang='grc' dir='ltr'>ὲν</span> <span class='ocrx_word' id='word_1_158' title='bbox 1611 2193 1676 2262; x_wconf 81' lang='grc' dir='ltr'><strong>τῇ</strong></span> <span class='ocrx_word' id='word_1_159' title='bbox 1733 2191 1830 2245; x_wconf 82' lang='grc' dir='ltr'>θα-</span> 
     </span>
    </p>
   </div>
   <div class='ocr_carea' id='block_1_23' title="bbox 219 2281 1827 2356">
    <p class='ocr_par' dir='ltr' id='par_1_23' title="bbox 219 2281 1827 2356">
     <span class='ocr_line' id='line_1_23' title="bbox 219 2281 1827 2356; baseline 0.001 -21"><span class='ocrx_word' id='word_1_160' title='bbox 219 2281 422 2353; x_wconf 81' lang='grc' dir='ltr'>λάσσῃ,</span> <span class='ocrx_word' id='word_1_161' title='bbox 477 2285 573 2337; x_wconf 79' lang='grc' dir='ltr'>καὶ</span> <span class='ocrx_word' id='word_1_162' title='bbox 638 2286 956 2356; x_wconf 82' lang='grc' dir='ltr'>ὑπήκουσεν</span> <span class='ocrx_word' id='word_1_163' title='bbox 1006 2285 1070 2338; x_wconf 80' lang='grc' dir='ltr'>ἂν</span> <span class='ocrx_word' id='word_1_164' title='bbox 1131 2287 1281 2355; x_wconf 86' lang='grc' dir='ltr'>ὑμῖν.</span> <span class='ocrx_word' id='word_1_165' title='bbox 1348 2284 1444 2348; x_wconf 93' lang='grc' dir='ltr'>Τίς</span> <span class='ocrx_word' id='word_1_166' title='bbox 1495 2285 1550 2336; x_wconf 76' lang='grc' dir='ltr'>δὲ</span> <span class='ocrx_word' id='word_1_167' title='bbox 1579 2284 1637 2353; x_wconf 62' lang='grc' dir='ltr'>ἐξ</span> <span class='ocrx_word' id='word_1_168' title='bbox 1671 2284 1827 2354; x_wconf 83' lang='grc' dir='ltr'>ὑμῶν</span> 
     </span>
    </p>
   </div>
   <div class='ocr_carea' id='block_1_24' title="bbox 216 2373 1826 2450">
    <p class='ocr_par' dir='ltr' id='par_1_24' title="bbox 216 2373 1826 2450">
     <span class='ocr_line' id='line_1_24' title="bbox 216 2373 1826 2450; baseline 0.001 -24"><span class='ocrx_word' id='word_1_169' title='bbox 216 2373 407 2427; x_wconf 82' lang='grc' dir='ltr'>δοῦλον</span> <span class='ocrx_word' id='word_1_170' title='bbox 440 2376 580 2445; x_wconf 81' lang='grc' dir='ltr'>έχων</span> <span class='ocrx_word' id='word_1_171' title='bbox 637 2378 1046 2450; x_wconf 82' lang='grc' dir='ltr'>ἀροτριῶνταῆ</span> <span class='ocrx_word' id='word_1_172' title='bbox 1099 2377 1485 2447; x_wconf 74' lang='grc' dir='ltr'>ποιμαίνοντα,</span> <span class='ocrx_word' id='word_1_173' title='bbox 1541 2376 1602 2438; x_wconf 82' lang='grc' dir='ltr'>ὃς</span> <span class='ocrx_word' id='word_1_174' title='bbox 1647 2375 1826 2429; x_wconf 76' lang='grc' dir='ltr'>εἰσελ-</span> 
     </span>
    </p>
   </div>
   <div class='ocr_carea' id='block_1_25' title="bbox 221 2468 1827 2540">
    <p class='ocr_par' dir='ltr' id='par_1_25' title="bbox 221 2468 1827 2540">
     <span class='ocr_line' id='line_1_25' title="bbox 221 2468 1827 2540; baseline -0.001 -18"><span class='ocrx_word' id='word_1_175' title='bbox 221 2468 372 2522; x_wconf 85' lang='grc' dir='ltr'>θόντι</span> <span class='ocrx_word' id='word_1_176' title='bbox 407 2469 560 2538; x_wconf 83' lang='grc' dir='ltr'><strong>αύτῷ</strong></span> <span class='ocrx_word' id='word_1_177' title='bbox 611 2471 674 2523; x_wconf 77' lang='grc' dir='ltr'>ἐκ</span> <span class='ocrx_word' id='word_1_178' title='bbox 724 2470 815 2523; x_wconf 80' lang='grc' dir='ltr'>τοῦ</span> <span class='ocrx_word' id='word_1_179' title='bbox 849 2470 1024 2538; x_wconf 81' lang='grc' dir='ltr'>ἀγροῦ</span> <span class='ocrx_word' id='word_1_180' title='bbox 1058 2473 1176 2540; x_wconf 78' lang='grc' dir='ltr'>ἐρεῖ</span> <span class='ocrx_word' id='word_1_181' title='bbox 1218 2487 1233 2501; x_wconf 89' lang='grc'><strong>·</strong></span> <span class='ocrx_word' id='word_1_182' title='bbox 1268 2470 1488 2532; x_wconf 80' lang='grc' dir='ltr'>Εὐθέως</span> <span class='ocrx_word' id='word_1_183' title='bbox 1538 2468 1827 2538; x_wconf 87' lang='grc' dir='ltr'>παρελθὼν</span> 
     </span>
    </p>
   </div>
   <div class='ocr_carea' id='block_1_26' title="bbox 219 2557 1826 2630">
    <p class='ocr_par' dir='ltr' id='par_1_26' title="bbox 219 2557 1826 2630">
     <span class='ocr_line' id='line_1_26' title="bbox 219 2557 1826 2630; baseline -0.001 -18"><span class='ocrx_word' id='word_1_184' title='bbox 219 2557 518 2623; x_wconf 65' lang='grc' dir='ltr'>ἀνάπεσαι,</span> <span class='ocrx_word' id='word_1_185' title='bbox 575 2560 689 2614; x_wconf 85' lang='grc' dir='ltr'>ἀλλ’</span> <span class='ocrx_word' id='word_1_186' title='bbox 731 2561 855 2629; x_wconf 79' lang='grc' dir='ltr'>οὐχὶ</span> <span class='ocrx_word' id='word_1_187' title='bbox 885 2563 1003 2630; x_wconf 85' lang='grc' dir='ltr'>ὲρεῖ</span> <span class='ocrx_word' id='word_1_188' title='bbox 1029 2559 1178 2630; x_wconf 83' lang='grc' dir='ltr'><strong>αύτῷ</strong></span> <span class='ocrx_word' id='word_1_189' title='bbox 1213 2577 1226 2590; x_wconf 89' lang='grc'>·</span> <span class='ocrx_word' id='word_1_190' title='bbox 1276 2559 1603 2628; x_wconf 73' lang='grc' dir='ltr'>Ἑτοίμασον</span> <span class='ocrx_word' id='word_1_191' title='bbox 1632 2559 1684 2610; x_wconf 88' lang='grc' dir='ltr'><strong>τί</strong></span> <span class='ocrx_word' id='word_1_192' title='bbox 1715 2557 1826 2611; x_wconf 82' lang='grc' dir='ltr'>δει-</span> 
     </span>
    </p>
   </div>
   <div class='ocr_carea' id='block_1_27' title="bbox 221 2651 1828 2724">
    <p class='ocr_par' dir='ltr' id='par_1_27' title="bbox 221 2651 1828 2724">
     <span class='ocr_line' id='line_1_27' title="bbox 221 2651 1828 2724; baseline 0.003 -22"><span class='ocrx_word' id='word_1_193' title='bbox 221 2651 440 2721; x_wconf 83' lang='grc' dir='ltr'>πνήσω,</span> <span class='ocrx_word' id='word_1_194' title='bbox 471 2653 566 2704; x_wconf 76' lang='grc' dir='ltr'>καὶ</span> <span class='ocrx_word' id='word_1_195' title='bbox 605 2652 1057 2723; x_wconf 74' lang='grc' dir='ltr'>περιζωσάμενος</span> <span class='ocrx_word' id='word_1_196' title='bbox 1100 2653 1343 2707; x_wconf 84' lang='grc' dir='ltr'>διακόνει</span> <span class='ocrx_word' id='word_1_197' title='bbox 1380 2673 1492 2724; x_wconf 90' lang='grc' dir='ltr'>μοι,</span> <span class='ocrx_word' id='word_1_198' title='bbox 1529 2655 1634 2718; x_wconf 77' lang='grc' dir='ltr'>ἕως</span> <span class='ocrx_word' id='word_1_199' title='bbox 1666 2654 1828 2723; x_wconf 81' lang='grc' dir='ltr'>φάγω</span> 
     </span>
    </p>
   </div>
   <div class='ocr_carea' id='block_1_28' title="bbox 228 2743 1823 2814">
    <p class='ocr_par' dir='ltr' id='par_1_28' title="bbox 228 2743 1823 2814">
     <span class='ocr_line' id='line_1_28' title="bbox 228 2743 1823 2814; baseline 0.001 -18"><span class='ocrx_word' id='word_1_200' title='bbox 228 2743 323 2796; x_wconf 82' lang='grc' dir='ltr'>καὶ</span> <span class='ocrx_word' id='word_1_201' title='bbox 366 2743 497 2805; x_wconf 88' lang='grc' dir='ltr'>πίω,</span> <span class='ocrx_word' id='word_1_202' title='bbox 532 2744 629 2797; x_wconf 77' lang='grc' dir='ltr'>καὶ</span> <span class='ocrx_word' id='word_1_203' title='bbox 663 2744 801 2813; x_wconf 86' lang='grc' dir='ltr'><strong>μετά</strong></span> <span class='ocrx_word' id='word_1_204' title='bbox 830 2743 1005 2798; x_wconf 73' lang='grc' dir='ltr'>ταῦτα</span> <span class='ocrx_word' id='word_1_205' title='bbox 1068 2747 1308 2814; x_wconf 76' lang='grc' dir='ltr'><strong>φάγεσαι</strong></span> <span class='ocrx_word' id='word_1_206' title='bbox 1352 2747 1444 2799; x_wconf 75' lang='grc' dir='ltr'>καὶ</span> <span class='ocrx_word' id='word_1_207' title='bbox 1504 2747 1690 2799; x_wconf 87' lang='grc' dir='ltr'>πίεσαι</span> <span class='ocrx_word' id='word_1_208' title='bbox 1724 2746 1823 2811; x_wconf 88' lang='grc' dir='ltr'>σύ;</span> 
     </span>
    </p>
   </div>
   <div class='ocr_carea' id='block_1_29' title="bbox 229 2833 1824 2908">
    <p class='ocr_par' dir='ltr' id='par_1_29' title="bbox 229 2833 1824 2908">
     <span class='ocr_line' id='line_1_29' title="bbox 229 2833 1824 2908; baseline 0.001 -19"><span class='ocrx_word' id='word_1_209' title='bbox 229 2833 328 2904; x_wconf 77' lang='grc' dir='ltr'><strong>Μὴ</strong></span> <span class='ocrx_word' id='word_1_210' title='bbox 360 2836 524 2905; x_wconf 75' lang='grc' dir='ltr'>γάοιν</span> <span class='ocrx_word' id='word_1_211' title='bbox 562 2835 779 2906; x_wconf 74' lang='grc' dir='ltr'>ἔχειτῷ</span> <span class='ocrx_word' id='word_1_212' title='bbox 806 2837 980 2907; x_wconf 82' lang='grc' dir='ltr'>δούλῳ</span> <span class='ocrx_word' id='word_1_213' title='bbox 1012 2839 1226 2908; x_wconf 76' lang='grc' dir='ltr'>ἐκείνῳ,</span> <span class='ocrx_word' id='word_1_214' title='bbox 1259 2840 1340 2892; x_wconf 88' lang='grc' dir='ltr'>ὃτι</span> <span class='ocrx_word' id='word_1_215' title='bbox 1362 2840 1588 2908; x_wconf 71' lang='grc' dir='ltr'>εποίησε</span> <span class='ocrx_word' id='word_1_216' title='bbox 1613 2841 1680 2892; x_wconf 77' lang='grc' dir='ltr'><strong>τὰ</strong></span> <span class='ocrx_word' id='word_1_217' title='bbox 1710 2839 1824 2892; x_wconf 77' lang='grc' dir='ltr'>δια-</span> 
     </span>
    </p>
   </div>
   <div class='ocr_carea' id='block_1_30' title="bbox 216 2927 1822 3000">
    <p class='ocr_par' dir='ltr' id='par_1_30' title="bbox 216 2927 1822 3000">
     <span class='ocr_line' id='line_1_30' title="bbox 216 2927 1822 3000; baseline 0.001 -18"><span class='ocrx_word' id='word_1_218' title='bbox 216 2927 492 2998; x_wconf 81' lang='grc' dir='ltr'><strong>ταχθέντα</strong></span> <span class='ocrx_word' id='word_1_219' title='bbox 532 2929 710 3000; x_wconf 75' lang='grc' dir='ltr'>αύτῷ;</span> <span class='ocrx_word' id='word_1_220' title='bbox 776 2929 850 2982; x_wconf 84' lang='grc' dir='ltr'><strong>Ού</strong></span> <span class='ocrx_word' id='word_1_221' title='bbox 884 2929 1049 2983; x_wconf 85' lang='grc' dir='ltr'>δοκῶ.</span> <span class='ocrx_word' id='word_1_222' title='bbox 1101 2929 1261 2984; x_wconf 75' lang='grc' dir='ltr'>Οὕτω</span> <span class='ocrx_word' id='word_1_223' title='bbox 1327 2931 1423 2983; x_wconf 76' lang='grc' dir='ltr'>καὶ</span> <span class='ocrx_word' id='word_1_224' title='bbox 1465 2932 1649 3000; x_wconf 82' lang='grc' dir='ltr'>ὑμεῖς,</span> <span class='ocrx_word' id='word_1_225' title='bbox 1691 2931 1822 2983; x_wconf 82' lang='grc' dir='ltr'>ὅταν</span> 
     </span>
    </p>
   </div>
   <div class='ocr_carea' id='block_1_31' title="bbox 219 3018 1823 3090">
    <p class='ocr_par' dir='ltr' id='par_1_31' title="bbox 219 3018 1823 3090">
     <span class='ocr_line' id='line_1_31' title="bbox 219 3018 1823 3090; baseline 0.002 -19"><span class='ocrx_word' id='word_1_226' title='bbox 219 3021 494 3089; x_wconf 81' lang='grc' dir='ltr'>ποιήσητε</span> <span class='ocrx_word' id='word_1_227' title='bbox 527 3022 708 3073; x_wconf 77' lang='grc' dir='ltr'>πάντα</span> <span class='ocrx_word' id='word_1_228' title='bbox 748 3018 817 3072; x_wconf 81' lang='grc' dir='ltr'><strong>τά</strong></span> <span class='ocrx_word' id='word_1_229' title='bbox 851 3020 1214 3090; x_wconf 78' lang='grc' dir='ltr'>διαταχθέντα</span> <span class='ocrx_word' id='word_1_230' title='bbox 1271 3022 1420 3089; x_wconf 84' lang='grc' dir='ltr'>ὑμῖν,</span> <span class='ocrx_word' id='word_1_231' title='bbox 1452 3021 1643 3090; x_wconf 82' lang='grc' dir='ltr'>λέγετε</span> <span class='ocrx_word' id='word_1_232' title='bbox 1669 3062 1683 3084; x_wconf 89' lang='grc'>,</span> <span class='ocrx_word' id='word_1_233' title='bbox 1740 3023 1823 3074; x_wconf 84' lang='grc' dir='ltr'>ὅτι</span> 
     </span>
    </p>
   </div>
   <div class='ocr_carea' id='block_1_32' title="bbox 231 3110 1826 3183">
    <p class='ocr_par' dir='ltr' id='par_1_32' title="bbox 231 3110 1826 3183">
     <span class='ocr_line' id='line_1_32' title="bbox 231 3110 1826 3183; baseline -0.001 -19"><span class='ocrx_word' id='word_1_234' title='bbox 231 3112 468 3180; x_wconf 79' lang='grc' dir='ltr'>Ἀχρεῖοι</span> <span class='ocrx_word' id='word_1_235' title='bbox 496 3110 651 3164; x_wconf 85' lang='grc' dir='ltr'>δοῦλο</span> <span class='ocrx_word' id='word_1_236' title='bbox 717 3113 906 3180; x_wconf 70' lang='grc' dir='ltr'>ἐσμεν,</span> <span class='ocrx_word' id='word_1_237' title='bbox 939 3111 966 3163; x_wconf 83' lang='grc' dir='ltr'><strong>ὃ</strong></span> <span class='ocrx_word' id='word_1_238' title='bbox 993 3111 1297 3182; x_wconf 71' lang='grc' dir='ltr'>ὠφείλομεν</span> <span class='ocrx_word' id='word_1_239' title='bbox 1317 3115 1566 3182; x_wconf 77' lang='grc' dir='ltr'>ποιῆσαι,</span> <span class='ocrx_word' id='word_1_240' title='bbox 1595 3113 1826 3183; x_wconf 80' lang='grc' dir='ltr'>πεποιή-</span> 
     </span>
    </p>
   </div>
   <div class='ocr_carea' id='block_1_33' title="bbox 220 3203 1821 3275">
    <p class='ocr_par' dir='ltr' id='par_1_33' title="bbox 220 3203 1821 3275">
     <span class='ocr_line' id='line_1_33' title="bbox 220 3203 1821 3275; baseline -0.001 -19"><span class='ocrx_word' id='word_1_241' title='bbox 220 3218 424 3271; x_wconf 75' lang='grc' dir='ltr'>καμεν.</span> <span class='ocrx_word' id='word_1_242' title='bbox 485 3221 504 3254; x_wconf 81' lang='grc'><strong>›</strong></span> <span class='ocrx_word' id='word_1_243' title='bbox 562 3205 626 3256; x_wconf 79' lang='lat' dir='ltr'><strong>Oi</strong></span> <span class='ocrx_word' id='word_1_244' title='bbox 667 3203 959 3256; x_wconf 85' lang='grc' dir='ltr'>ἀπόστολοι</span> <span class='ocrx_word' id='word_1_245' title='bbox 996 3205 1284 3256; x_wconf 74' lang='grc' dir='ltr'>ἐπίστευον</span> <span class='ocrx_word' id='word_1_246' title='bbox 1342 3204 1443 3274; x_wconf 79' lang='grc' dir='ltr'>μὲν</span> <span class='ocrx_word' id='word_1_247' title='bbox 1494 3203 1571 3273; x_wconf 79' lang='grc' dir='ltr'><strong>τῷ</strong></span> <span class='ocrx_word' id='word_1_248' title='bbox 1606 3205 1821 3275; x_wconf 82' lang='grc' dir='ltr'>Κυρίῳ,</span> 
     </span>
    </p>
   </div>
   <div class='ocr_carea' id='block_1_34' title="bbox 1937 713 3536 786">
    <p class='ocr_par' dir='ltr' id='par_1_34' title="bbox 1937 713 3536 786">
     <span class='ocr_line' id='line_1_34' title="bbox 1937 713 3536 786; baseline -0.002 -15"><span class='ocrx_word' id='word_1_249' title='bbox 1937 715 2154 772; x_wconf 87' lang='lat' dir='ltr'><strong>Sterilis</strong></span> <span class='ocrx_word' id='word_1_250' title='bbox 2183 716 2395 786; x_wconf 90' lang='lat' dir='ltr'><strong>peperit</strong></span> <span class='ocrx_word' id='word_1_251' title='bbox 2430 727 2664 785; x_wconf 85' lang='lat' dir='ltr'><strong>septem.</strong></span> <span class='ocrx_word' id='word_1_252' title='bbox 2701 714 2927 781; x_wconf 80' lang='lat' dir='ltr'><strong>QuOties</strong></span> <span class='ocrx_word' id='word_1_253' title='bbox 2961 713 3126 784; x_wconf 77' lang='lat' dir='ltr'><strong>igitur</strong></span> <span class='ocrx_word' id='word_1_254' title='bbox 3154 713 3536 782; x_wconf 65' lang='lat' dir='ltr'><strong>paenitentiam</strong></span> 
     </span>
    </p>
   </div>
   <div class='ocr_carea' id='block_1_35' title="bbox 1936 804 3534 880">
    <p class='ocr_par' dir='ltr' id='par_1_35' title="bbox 1936 804 3534 880">
     <span class='ocr_line' id='line_1_35' title="bbox 1936 804 3534 880; baseline -0.002 -18"><span class='ocrx_word' id='word_1_255' title='bbox 1936 809 2067 880; x_wconf 84' lang='lat' dir='ltr'><strong>agit,</strong></span> <span class='ocrx_word' id='word_1_256' title='bbox 2101 810 2262 863; x_wconf 89' lang='lat' dir='ltr'><strong>toties</strong></span> <span class='ocrx_word' id='word_1_257' title='bbox 2321 809 2602 864; x_wconf 75' lang='lat' dir='ltr'><strong>remittere</strong></span> <span class='ocrx_word' id='word_1_258' title='bbox 2649 816 2888 877; x_wconf 83' lang='lat' dir='ltr'><strong>Oportet.</strong></span> <span class='ocrx_word' id='word_1_259' title='bbox 2942 804 3062 861; x_wconf 84' lang='lat' dir='ltr'><strong>Non</strong></span> <span class='ocrx_word' id='word_1_260' title='bbox 3117 806 3266 860; x_wconf 89' lang='lat' dir='ltr'><strong>enim</strong></span> <span class='ocrx_word' id='word_1_261' title='bbox 3321 805 3534 876; x_wconf 78' lang='lat' dir='ltr'><strong>cogites</strong></span> 
     </span>
    </p>
   </div>
   <div class='ocr_carea' id='block_1_36' title="bbox 1934 896 3540 973">
    <p class='ocr_par' dir='ltr' id='par_1_36' title="bbox 1934 896 3540 973">
     <span class='ocr_line' id='line_1_36' title="bbox 1934 896 3540 973; baseline -0.006 -15"><span class='ocrx_word' id='word_1_262' title='bbox 1934 904 2076 973; x_wconf 81' lang='lat' dir='ltr'><strong>quod</strong></span> <span class='ocrx_word' id='word_1_263' title='bbox 2121 901 2383 957; x_wconf 89' lang='lat' dir='ltr'><strong>Dominus</strong></span> <span class='ocrx_word' id='word_1_264' title='bbox 2419 908 2585 971; x_wconf 90' lang='lat' dir='ltr'><strong>ponat</strong></span> <span class='ocrx_word' id='word_1_265' title='bbox 2634 915 2922 955; x_wconf 88' lang='lat' dir='ltr'><strong>numerum</strong></span> <span class='ocrx_word' id='word_1_266' title='bbox 2988 896 3333 953; x_wconf 82' lang='lat' dir='ltr'><strong>remissionis</strong></span> <span class='ocrx_word' id='word_1_267' title='bbox 3377 934 3392 956; x_wconf 85' lang='lat'><strong>.</strong></span> <span class='ocrx_word' id='word_1_268' title='bbox 3444 896 3540 950; x_wconf 83' lang='lat' dir='ltr'><strong>sed</strong></span> 
     </span>
    </p>
   </div>
   <div class='ocr_carea' id='block_1_37' title="bbox 1937 991 3542 1064">
    <p class='ocr_par' dir='ltr' id='par_1_37' title="bbox 1937 991 3542 1064">
     <span class='ocr_line' id='line_1_37' title="bbox 1937 991 3542 1064; baseline -0.004 -16"><span class='ocrx_word' id='word_1_269' title='bbox 1937 1009 2031 1064; x_wconf 85' lang='lat' dir='ltr'><strong>per</strong></span> <span class='ocrx_word' id='word_1_270' title='bbox 2063 995 2266 1063; x_wconf 89' lang='lat' dir='ltr'><strong>septies</strong></span> <span class='ocrx_word' id='word_1_271' title='bbox 2287 993 2528 1063; x_wconf 86' lang='lat' dir='ltr'><strong>intellige</strong></span> <span class='ocrx_word' id='word_1_272' title='bbox 2563 992 2787 1061; x_wconf 69' lang='lat' dir='ltr'><strong>saepius,</strong></span> <span class='ocrx_word' id='word_1_273' title='bbox 2815 1002 2869 1046; x_wconf 91' lang='lat' dir='ltr'><strong>et</strong></span> <span class='ocrx_word' id='word_1_274' title='bbox 2901 991 3019 1045; x_wconf 86' lang='lat' dir='ltr'><strong>sine</strong></span> <span class='ocrx_word' id='word_1_275' title='bbox 3036 1005 3268 1044; x_wconf 89' lang='lat' dir='ltr'><strong>numero</strong></span> <span class='ocrx_word' id='word_1_276' title='bbox 3304 1007 3317 1042; x_wconf 92' lang='lat'><strong>:</strong></span> <span class='ocrx_word' id='word_1_277' title='bbox 3346 1003 3542 1058; x_wconf 82' lang='lat' dir='ltr'><strong>quem-</strong></span> 
     </span>
    </p>
   </div>
   <div class='ocr_carea' id='block_1_38' title="bbox 1935 1082 3542 1152">
    <p class='ocr_par' dir='ltr' id='par_1_38' title="bbox 1935 1082 3542 1152">
     <span class='ocr_line' id='line_1_38' title="bbox 1935 1082 3542 1152; baseline -0.005 -10"><span class='ocrx_word' id='word_1_278' title='bbox 1935 1088 2235 1142; x_wconf 81' lang='lat' dir='ltr'><strong>admodum</strong></span> <span class='ocrx_word' id='word_1_279' title='bbox 2273 1096 2327 1142; x_wconf 91' lang='lat' dir='ltr'><strong>et</strong></span> <span class='ocrx_word' id='word_1_280' title='bbox 2389 1089 2442 1140; x_wconf 88' lang='lat' dir='ltr'><strong>in</strong></span> <span class='ocrx_word' id='word_1_281' title='bbox 2486 1085 2745 1139; x_wconf 84' lang='lat' dir='ltr'><strong>familiari</strong></span> <span class='ocrx_word' id='word_1_282' title='bbox 2800 1084 3073 1152; x_wconf 76' lang='lat' dir='ltr'><strong>colloquio</strong></span> <span class='ocrx_word' id='word_1_283' title='bbox 3134 1082 3375 1137; x_wconf 91' lang='lat' dir='ltr'><strong>dicimus</strong></span> <span class='ocrx_word' id='word_1_284' title='bbox 3444 1096 3542 1135; x_wconf 91' lang='lat' dir='ltr'><strong>ur-</strong></span> 
     </span>
    </p>
   </div>
   <div class='ocr_carea' id='block_1_39' title="bbox 1937 1173 3530 1245">
    <p class='ocr_par' dir='ltr' id='par_1_39' title="bbox 1937 1173 3530 1245">
     <span class='ocr_line' id='line_1_39' title="bbox 1937 1173 3530 1245; baseline -0.008 -7"><span class='ocrx_word' id='word_1_285' title='bbox 1937 1185 2056 1238; x_wconf 90' lang='lat' dir='ltr'><strong>bem</strong></span> <span class='ocrx_word' id='word_1_286' title='bbox 2091 1182 2278 1237; x_wconf 89' lang='lat' dir='ltr'><strong>decem</strong></span> <span class='ocrx_word' id='word_1_287' title='bbox 2317 1179 2570 1244; x_wconf 85' lang='lat' dir='ltr'><strong>millium,</strong></span> <span class='ocrx_word' id='word_1_288' title='bbox 2602 1194 2710 1232; x_wconf 91' lang='lat' dir='ltr'><strong>non</strong></span> <span class='ocrx_word' id='word_1_289' title='bbox 2743 1176 2888 1245; x_wconf 84' lang='lat' dir='ltr'><strong>quod</strong></span> <span class='ocrx_word' id='word_1_290' title='bbox 2926 1175 3115 1230; x_wconf 87' lang='lat' dir='ltr'><strong>decem</strong></span> <span class='ocrx_word' id='word_1_291' title='bbox 3140 1173 3311 1227; x_wconf 86' lang='lat' dir='ltr'><strong>millia</strong></span> <span class='ocrx_word' id='word_1_292' title='bbox 3342 1181 3400 1228; x_wconf 87' lang='lat' dir='ltr'><strong>et</strong></span> <span class='ocrx_word' id='word_1_293' title='bbox 3425 1186 3530 1226; x_wconf 95' lang='lat' dir='ltr'><strong>non</strong></span> 
     </span>
    </p>
   </div>
   <div class='ocr_carea' id='block_1_40' title="bbox 1936 1264 3539 1346">
    <p class='ocr_par' dir='ltr' id='par_1_40' title="bbox 1936 1264 3539 1346">
     <span class='ocr_line' id='line_1_40' title="bbox 1936 1264 3539 1346; baseline -0.006 -17"><span class='ocrx_word' id='word_1_294' title='bbox 1936 1275 2122 1346; x_wconf 81' lang='lat' dir='ltr'><strong>plures</strong></span> <span class='ocrx_word' id='word_1_295' title='bbox 2161 1274 2309 1328; x_wconf 85' lang='lat' dir='ltr'><strong>viros</strong></span> <span class='ocrx_word' id='word_1_296' title='bbox 2339 1273 2540 1328; x_wconf 83' lang='lat' dir='ltr'><strong>habeat</strong></span> <span class='ocrx_word' id='word_1_297' title='bbox 2577 1289 2592 1327; x_wconf 89' lang='lat'>:</span> <span class='ocrx_word' id='word_1_298' title='bbox 2648 1285 2772 1325; x_wconf 90' lang='lat' dir='ltr'><strong>nam</strong></span> <span class='ocrx_word' id='word_1_299' title='bbox 2804 1268 3055 1323; x_wconf 87' lang='lat' dir='ltr'><strong>fortassis</strong></span> <span class='ocrx_word' id='word_1_300' title='bbox 3092 1267 3274 1337; x_wconf 89' lang='lat' dir='ltr'><strong>plures</strong></span> <span class='ocrx_word' id='word_1_301' title='bbox 3327 1264 3492 1318; x_wconf 83' lang='lat' dir='ltr'><strong>habet</strong></span> <span class='ocrx_word' id='word_1_302' title='bbox 3525 1283 3539 1320; x_wconf 86' lang='lat'><strong>:</strong></span> 
     </span>
    </p>
   </div>
   <div class='ocr_carea' id='block_1_41' title="bbox 1937 1356 3544 1424">
    <p class='ocr_par' dir='ltr' id='par_1_41' title="bbox 1937 1356 3544 1424">
     <span class='ocr_line' id='line_1_41' title="bbox 1937 1356 3544 1424; baseline -0.007 0"><span class='ocrx_word' id='word_1_303' title='bbox 1937 1368 2032 1424; x_wconf 91' lang='lat' dir='ltr'><strong>sed</strong></span> <span class='ocrx_word' id='word_1_304' title='bbox 2059 1368 2198 1423; x_wconf 88' lang='lat' dir='ltr'><strong>idem</strong></span> <span class='ocrx_word' id='word_1_305' title='bbox 2233 1365 2416 1420; x_wconf 79' lang='lat' dir='ltr'><strong>dicere</strong></span> <span class='ocrx_word' id='word_1_306' title='bbox 2479 1363 2732 1419; x_wconf 85' lang='lat' dir='ltr'><strong>volumus</strong></span> <span class='ocrx_word' id='word_1_307' title='bbox 2774 1376 2838 1416; x_wconf 86' lang='lat' dir='ltr'><strong>ac</strong></span> <span class='ocrx_word' id='word_1_308' title='bbox 2879 1361 2923 1416; x_wconf 90' lang='lat' dir='ltr'><strong>si</strong></span> <span class='ocrx_word' id='word_1_309' title='bbox 2981 1359 3289 1415; x_wconf 80' lang='lat' dir='ltr'><strong>diceremus</strong></span> <span class='ocrx_word' id='word_1_310' title='bbox 3341 1356 3544 1412; x_wconf 90' lang='lat' dir='ltr'><strong>multo-</strong></span> 
     </span>
    </p>
   </div>
   <div class='ocr_carea' id='block_1_42' title="bbox 1938 1451 3544 1526">
    <p class='ocr_par' dir='ltr' id='par_1_42' title="bbox 1938 1451 3544 1526">
     <span class='ocr_line' id='line_1_42' title="bbox 1938 1451 3544 1526; baseline -0.006 -13"><span class='ocrx_word' id='word_1_311' title='bbox 1938 1475 2057 1513; x_wconf 89' lang='lat' dir='ltr'><strong>rum</strong></span> <span class='ocrx_word' id='word_1_312' title='bbox 2089 1458 2355 1512; x_wconf 91' lang='lat' dir='ltr'><strong>virorum.</strong></span> <span class='ocrx_word' id='word_1_313' title='bbox 2388 1455 2456 1510; x_wconf 88' lang='lat' dir='ltr'><strong>Et</strong></span> <span class='ocrx_word' id='word_1_314' title='bbox 2505 1457 2648 1526; x_wconf 89' lang='lat' dir='ltr'><strong>quod</strong></span> <span class='ocrx_word' id='word_1_315' title='bbox 2694 1455 2798 1508; x_wconf 89' lang='lat' dir='ltr'><strong>hoc</strong></span> <span class='ocrx_word' id='word_1_316' title='bbox 2846 1453 2996 1507; x_wconf 87' lang='lat' dir='ltr'><strong>dicat</strong></span> <span class='ocrx_word' id='word_1_317' title='bbox 3063 1451 3418 1505; x_wconf 83' lang='lat' dir='ltr'><strong>manifestum</strong></span> <span class='ocrx_word' id='word_1_318' title='bbox 3460 1459 3544 1504; x_wconf 90' lang='lat' dir='ltr'><strong>est</strong></span> 
     </span>
    </p>
   </div>
   <div class='ocr_carea' id='block_1_43' title="bbox 1937 1541 3540 1606">
    <p class='ocr_par' dir='ltr' id='par_1_43' title="bbox 1937 1541 3540 1606">
     <span class='ocr_line' id='line_1_43' title="bbox 1937 1541 3540 1606; baseline -0.007 -1"><span class='ocrx_word' id='word_1_319' title='bbox 1937 1567 2003 1606; x_wconf 85' lang='lat' dir='ltr'><strong>ex</strong></span> <span class='ocrx_word' id='word_1_320' title='bbox 2029 1551 2302 1605; x_wconf 68' lang='lat' dir='ltr'><strong>Matthaeo.</strong></span> <span class='ocrx_word' id='word_1_321' title='bbox 2335 1549 2455 1605; x_wconf 74' lang='lat' dir='ltr'><strong>illic</strong></span> <span class='ocrx_word' id='word_1_322' title='bbox 2485 1547 2640 1603; x_wconf 84' lang='lat' dir='ltr'><strong>enim</strong></span> <span class='ocrx_word' id='word_1_323' title='bbox 2671 1562 2796 1603; x_wconf 92' lang='lat' dir='ltr'><strong>cum</strong></span> <span class='ocrx_word' id='word_1_324' title='bbox 2834 1545 3065 1600; x_wconf 76' lang='lat' dir='ltr'><strong>dixisset</strong></span> <span class='ocrx_word' id='word_1_325' title='bbox 3109 1544 3340 1598; x_wconf 88' lang='lat' dir='ltr'><strong>Petrus:</strong></span> <span class='ocrx_word' id='word_1_326' title='bbox 3388 1541 3540 1595; x_wconf 80' lang='lat' dir='ltr'><strong>Nun-</strong></span> 
     </span>
    </p>
   </div>
   <div class='ocr_carea' id='block_1_44' title="bbox 1937 1633 3535 1714">
    <p class='ocr_par' dir='ltr' id='par_1_44' title="bbox 1937 1633 3535 1714">
     <span class='ocr_line' id='line_1_44' title="bbox 1937 1633 3535 1714; baseline -0.006 -19"><span class='ocrx_word' id='word_1_327' title='bbox 1937 1643 2088 1714; x_wconf 91' lang='lat' dir='ltr'><strong>quid,</strong></span> <span class='ocrx_word' id='word_1_328' title='bbox 2139 1640 2390 1706; x_wconf 88' lang='lat' dir='ltr'><strong>Domine,</strong></span> <span class='ocrx_word' id='word_1_329' title='bbox 2432 1654 2606 1709; x_wconf 82' lang='lat' dir='ltr'><strong>usque</strong></span> <span class='ocrx_word' id='word_1_330' title='bbox 2654 1639 2859 1708; x_wconf 89' lang='lat' dir='ltr'><strong>septies</strong></span> <span class='ocrx_word' id='word_1_331' title='bbox 2907 1636 3185 1691; x_wconf 84' lang='lat' dir='ltr'><strong>remittam</strong></span> <span class='ocrx_word' id='word_1_332' title='bbox 3220 1635 3269 1688; x_wconf 90' lang='lat' dir='ltr'><strong>ei</strong></span> <span class='ocrx_word' id='word_1_333' title='bbox 3295 1635 3375 1688; x_wconf 70' lang='lat' dir='ltr'><strong>&quot;Y</strong></span> <span class='ocrx_word' id='word_1_334' title='bbox 3425 1633 3535 1686; x_wconf 87' lang='lat' dir='ltr'><strong>Do-</strong></span> 
     </span>
    </p>
   </div>
   <div class='ocr_carea' id='block_1_45' title="bbox 1937 1728 3545 1799">
    <p class='ocr_par' dir='ltr' id='par_1_45' title="bbox 1937 1728 3545 1799">
     <span class='ocr_line' id='line_1_45' title="bbox 1937 1728 3545 1799; baseline -0.007 -10"><span class='ocrx_word' id='word_1_335' title='bbox 1937 1735 2119 1789; x_wconf 87' lang='lat' dir='ltr'><strong>minus</strong></span> <span class='ocrx_word' id='word_1_336' title='bbox 2151 1733 2328 1788; x_wconf 86' lang='lat' dir='ltr'><strong>dixit:</strong></span> <span class='ocrx_word' id='word_1_337' title='bbox 2364 1731 2506 1796; x_wconf 81' lang='lat' dir='ltr'><strong>Non,</strong></span> <span class='ocrx_word' id='word_1_338' title='bbox 2571 1731 2664 1786; x_wconf 89' lang='lat' dir='ltr'><strong>sed</strong></span> <span class='ocrx_word' id='word_1_339' title='bbox 2697 1729 3006 1799; x_wconf 80' lang='lat' dir='ltr'><strong>septuagies</strong></span> <span class='ocrx_word' id='word_1_340' title='bbox 3062 1728 3285 1796; x_wconf 83' lang='lat' dir='ltr'><strong>septies,</strong></span> <span class='ocrx_word' id='word_1_341' title='bbox 3338 1736 3392 1781; x_wconf 86' lang='lat' dir='ltr'><strong>et</strong></span> <span class='ocrx_word' id='word_1_342' title='bbox 3447 1741 3545 1794; x_wconf 88' lang='lat' dir='ltr'><strong>per</strong></span> 
     </span>
    </p>
   </div>
   <div class='ocr_carea' id='block_1_46' title="bbox 1937 1823 2801 1892">
    <p class='ocr_par' dir='ltr' id='par_1_46' title="bbox 1937 1823 2801 1892">
     <span class='ocr_line' id='line_1_46' title="bbox 1937 1823 2801 1892; baseline -0.008 -10"><span class='ocrx_word' id='word_1_343' title='bbox 1937 1827 2039 1882; x_wconf 91' lang='lat' dir='ltr'><strong>hoc</strong></span> <span class='ocrx_word' id='word_1_344' title='bbox 2075 1823 2493 1879; x_wconf 80' lang='lat' dir='ltr'><strong>innumerabilia</strong></span> <span class='ocrx_word' id='word_1_345' title='bbox 2531 1823 2801 1892; x_wconf 79' lang='lat' dir='ltr'><strong>designat.</strong></span> 
     </span>
    </p>
   </div>
   <div class='ocr_carea' id='block_1_47' title="bbox 2009 1908 3532 1980">
    <p class='ocr_par' dir='ltr' id='par_1_47' title="bbox 2009 1908 3532 1980">
     <span class='ocr_line' id='line_1_47' title="bbox 2009 1908 3532 1980; baseline -0.006 -8"><span class='ocrx_word' id='word_1_346' title='bbox 2009 1917 2172 1972; x_wconf 74' lang='lat' dir='ltr'><strong>Vens.</strong></span> <span class='ocrx_word' id='word_1_347' title='bbox 2231 1917 2389 1971; x_wconf 86' lang='lat' dir='ltr'><strong>5-l0.</strong></span> <span class='ocrx_word' id='word_1_348' title='bbox 2435 1935 2454 1969; x_wconf 82' lang='grc' dir='ltr'><strong>ι</strong></span> <span class='ocrx_word' id='word_1_349' title='bbox 2519 1916 2588 1970; x_wconf 85' lang='lat' dir='ltr'><strong>Et</strong></span> <span class='ocrx_word' id='word_1_350' title='bbox 2637 1915 2896 1968; x_wconf 83' lang='lat' dir='ltr'><strong>dixerunt</strong></span> <span class='ocrx_word' id='word_1_351' title='bbox 2957 1910 3190 1980; x_wconf 67' lang='lat' dir='ltr'><strong>apo-noli</strong></span> <span class='ocrx_word' id='word_1_352' title='bbox 3245 1908 3532 1964; x_wconf 87' lang='lat' dir='ltr'><strong>Domino:</strong></span> 
     </span>
    </p>
   </div>
   <div class='ocr_carea' id='block_1_48' title="bbox 1934 2002 3542 2083">
    <p class='ocr_par' dir='ltr' id='par_1_48' title="bbox 1934 2002 3542 2083">
     <span class='ocr_line' id='line_1_48' title="bbox 1934 2002 3542 2083; baseline -0.007 -17"><span class='ocrx_word' id='word_1_353' title='bbox 1934 2011 2160 2083; x_wconf 86' lang='lat' dir='ltr'><strong>Adauge</strong></span> <span class='ocrx_word' id='word_1_354' title='bbox 2188 2010 2344 2065; x_wconf 87' lang='lat' dir='ltr'><strong>nobis</strong></span> <span class='ocrx_word' id='word_1_355' title='bbox 2372 2008 2553 2063; x_wconf 89' lang='lat' dir='ltr'><strong>fidem.</strong></span> <span class='ocrx_word' id='word_1_356' title='bbox 2591 2008 2739 2062; x_wconf 80' lang='lat' dir='ltr'><strong>Dixit</strong></span> <span class='ocrx_word' id='word_1_357' title='bbox 2775 2017 2958 2060; x_wconf 88' lang='lat' dir='ltr'><strong>autem</strong></span> <span class='ocrx_word' id='word_1_358' title='bbox 2986 2004 3248 2059; x_wconf 86' lang='lat' dir='ltr'><strong>Dominus</strong></span> <span class='ocrx_word' id='word_1_359' title='bbox 3279 2015 3292 2054; x_wconf 86' lang='lat'><strong>:</strong></span> <span class='ocrx_word' id='word_1_360' title='bbox 3333 2002 3390 2057; x_wconf 90' lang='lat' dir='ltr'><strong>Si</strong></span> <span class='ocrx_word' id='word_1_361' title='bbox 3442 2002 3542 2056; x_wconf 86' lang='lat' dir='ltr'><strong>ha-</strong></span> 
     </span>
    </p>
   </div>
   <div class='ocr_carea' id='block_1_49' title="bbox 1936 2084 3544 2169">
    <p class='ocr_par' dir='ltr' id='par_1_49' title="bbox 1936 2084 3544 2169">
     <span class='ocr_line' id='line_1_49' title="bbox 1936 2084 3544 2169; baseline -0.007 -10"><span class='ocrx_word' id='word_1_362' title='bbox 1936 2105 2139 2160; x_wconf 83' lang='lat' dir='ltr'><strong>beretis</strong></span> <span class='ocrx_word' id='word_1_363' title='bbox 2174 2105 2332 2158; x_wconf 75' lang='lat' dir='ltr'><strong>ﬁdem</strong></span> <span class='ocrx_word' id='word_1_364' title='bbox 2366 2103 2508 2157; x_wconf 89' lang='lat' dir='ltr'><strong>sicut</strong></span> <span class='ocrx_word' id='word_1_365' title='bbox 2561 2084 2790 2169; x_wconf 78' lang='lat' dir='ltr'><strong>granum</strong></span> <span class='ocrx_word' id='word_1_366' title='bbox 2819 2099 3048 2168; x_wconf 80' lang='lat' dir='ltr'><strong>sinapis,</strong></span> <span class='ocrx_word' id='word_1_367' title='bbox 3086 2095 3368 2150; x_wconf 80' lang='lat' dir='ltr'><strong>dixissetis</strong></span> <span class='ocrx_word' id='word_1_368' title='bbox 3419 2095 3544 2148; x_wconf 82' lang='lat' dir='ltr'><strong>huic</strong></span> 
     </span>
    </p>
   </div>
   <div class='ocr_carea' id='block_1_50' title="bbox 1933 2188 3525 2268">
    <p class='ocr_par' dir='ltr' id='par_1_50' title="bbox 1933 2188 3525 2268">
     <span class='ocr_line' id='line_1_50' title="bbox 1933 2188 3525 2268; baseline -0.008 -16"><span class='ocrx_word' id='word_1_369' title='bbox 1933 2198 2114 2253; x_wconf 85' lang='lat' dir='ltr'><strong>arbori</strong></span> <span class='ocrx_word' id='word_1_370' title='bbox 2178 2196 2496 2268; x_wconf 89' lang='lat' dir='ltr'><strong>sycamino,</strong></span> <span class='ocrx_word' id='word_1_371' title='bbox 2552 2192 2848 2246; x_wconf 83' lang='lat' dir='ltr'><strong>Eradicare</strong></span> <span class='ocrx_word' id='word_1_372' title='bbox 2898 2201 2952 2245; x_wconf 90' lang='lat' dir='ltr'><strong>et</strong></span> <span class='ocrx_word' id='word_1_373' title='bbox 3004 2189 3408 2259; x_wconf 85' lang='lat' dir='ltr'><strong>transplantare</strong></span> <span class='ocrx_word' id='word_1_374' title='bbox 3473 2188 3525 2240; x_wconf 92' lang='lat' dir='ltr'><strong>iu</strong></span> 
     </span>
    </p>
   </div>
   <div class='ocr_carea' id='block_1_51' title="bbox 1934 2279 3539 2352">
    <p class='ocr_par' dir='ltr' id='par_1_51' title="bbox 1934 2279 3539 2352">
     <span class='ocr_line' id='line_1_51' title="bbox 1934 2279 3539 2352; baseline -0.007 -10"><span class='ocrx_word' id='word_1_375' title='bbox 1934 2303 2084 2342; x_wconf 80' lang='lat' dir='ltr'><strong>mare</strong></span> <span class='ocrx_word' id='word_1_376' title='bbox 2111 2326 2125 2352; x_wconf 89' lang='lat'><strong>,</strong></span> <span class='ocrx_word' id='word_1_377' title='bbox 2155 2293 2208 2342; x_wconf 89' lang='lat' dir='ltr'><strong>et</strong></span> <span class='ocrx_word' id='word_1_378' title='bbox 2234 2285 2511 2340; x_wconf 84' lang='lat' dir='ltr'><strong>obedisset</strong></span> <span class='ocrx_word' id='word_1_379' title='bbox 2543 2285 2719 2340; x_wconf 89' lang='lat' dir='ltr'><strong>vobis.</strong></span> <span class='ocrx_word' id='word_1_380' title='bbox 2753 2283 2888 2349; x_wconf 84' lang='lat' dir='ltr'><strong>Quis</strong></span> <span class='ocrx_word' id='word_1_381' title='bbox 2917 2290 3098 2335; x_wconf 88' lang='lat' dir='ltr'><strong>autem</strong></span> <span class='ocrx_word' id='word_1_382' title='bbox 3130 2291 3376 2334; x_wconf 87' lang='lat' dir='ltr'><strong>vestrum</strong></span> <span class='ocrx_word' id='word_1_383' title='bbox 3439 2279 3539 2332; x_wconf 58' lang='lat' dir='ltr'><strong>hac</strong></span> 
     </span>
    </p>
   </div>
   <div class='ocr_carea' id='block_1_52' title="bbox 1933 2370 3542 2442">
    <p class='ocr_par' dir='ltr' id='par_1_52' title="bbox 1933 2370 3542 2442">
     <span class='ocr_line' id='line_1_52' title="bbox 1933 2370 3542 2442; baseline -0.006 -10"><span class='ocrx_word' id='word_1_384' title='bbox 1933 2379 2065 2434; x_wconf 87' lang='lat' dir='ltr'><strong>beus</strong></span> <span class='ocrx_word' id='word_1_385' title='bbox 2099 2394 2316 2434; x_wconf 89' lang='lat' dir='ltr'><strong>servum</strong></span> <span class='ocrx_word' id='word_1_386' title='bbox 2349 2385 2596 2431; x_wconf 90' lang='lat' dir='ltr'><strong>arantem</strong></span> <span class='ocrx_word' id='word_1_387' title='bbox 2634 2386 2727 2429; x_wconf 86' lang='lat' dir='ltr'><strong>aut</strong></span> <span class='ocrx_word' id='word_1_388' title='bbox 2774 2381 3117 2442; x_wconf 82' lang='lat' dir='ltr'><strong>pascentem,</strong></span> <span class='ocrx_word' id='word_1_389' title='bbox 3147 2370 3237 2438; x_wconf 90' lang='lat' dir='ltr'><strong>qui</strong></span> <span class='ocrx_word' id='word_1_390' title='bbox 3293 2383 3542 2440; x_wconf 79' lang='lat' dir='ltr'><strong>regresso</strong></span> 
     </span>
    </p>
   </div>
   <div class='ocr_carea' id='block_1_53' title="bbox 1933 2465 3538 2542">
    <p class='ocr_par' dir='ltr' id='par_1_53' title="bbox 1933 2465 3538 2542">
     <span class='ocr_line' id='line_1_53' title="bbox 1933 2465 3538 2542; baseline -0.007 -16"><span class='ocrx_word' id='word_1_391' title='bbox 1933 2471 2003 2526; x_wconf 87' lang='lat' dir='ltr'><strong>ab</strong></span> <span class='ocrx_word' id='word_1_392' title='bbox 2035 2487 2167 2542; x_wconf 90' lang='lat' dir='ltr'><strong>agro</strong></span> <span class='ocrx_word' id='word_1_393' title='bbox 2201 2472 2385 2524; x_wconf 85' lang='lat' dir='ltr'><strong>dicat:</strong></span> <span class='ocrx_word' id='word_1_394' title='bbox 2429 2468 2623 2523; x_wconf 88' lang='lat' dir='ltr'><strong>Statim</strong></span> <span class='ocrx_word' id='word_1_395' title='bbox 2663 2467 2833 2521; x_wconf 90' lang='lat' dir='ltr'><strong>transi</strong></span> <span class='ocrx_word' id='word_1_396' title='bbox 2863 2476 2918 2523; x_wconf 90' lang='lat' dir='ltr'><strong>et</strong></span> <span class='ocrx_word' id='word_1_397' title='bbox 2973 2465 3236 2519; x_wconf 79' lang='lat' dir='ltr'><strong>accumbe</strong></span> <span class='ocrx_word' id='word_1_398' title='bbox 3271 2481 3284 2528; x_wconf 90' lang='lat'><strong>;</strong></span> <span class='ocrx_word' id='word_1_399' title='bbox 3321 2478 3385 2517; x_wconf 91' lang='lat' dir='ltr'><strong>ac</strong></span> <span class='ocrx_word' id='word_1_400' title='bbox 3431 2477 3538 2515; x_wconf 88' lang='lat' dir='ltr'><strong>non</strong></span> 
     </span>
    </p>
   </div>
   <div class='ocr_carea' id='block_1_54' title="bbox 1931 2556 3540 2635">
    <p class='ocr_par' dir='ltr' id='par_1_54' title="bbox 1931 2556 3540 2635">
     <span class='ocr_line' id='line_1_54' title="bbox 1931 2556 3540 2635; baseline -0.008 -16"><span class='ocrx_word' id='word_1_401' title='bbox 1931 2564 2114 2635; x_wconf 88' lang='lat' dir='ltr'><strong>potius</strong></span> <span class='ocrx_word' id='word_1_402' title='bbox 2146 2563 2280 2617; x_wconf 88' lang='lat' dir='ltr'><strong>dicit</strong></span> <span class='ocrx_word' id='word_1_403' title='bbox 2305 2563 2378 2617; x_wconf 91' lang='lat' dir='ltr'><strong>illi</strong></span> <span class='ocrx_word' id='word_1_404' title='bbox 2421 2579 2434 2616; x_wconf 89' lang='lat'>:</span> <span class='ocrx_word' id='word_1_405' title='bbox 2463 2561 2601 2616; x_wconf 84' lang='lat' dir='ltr'><strong>Para</strong></span> <span class='ocrx_word' id='word_1_406' title='bbox 2637 2562 2780 2631; x_wconf 84' lang='lat' dir='ltr'><strong>quod</strong></span> <span class='ocrx_word' id='word_1_407' title='bbox 2806 2574 3042 2624; x_wconf 70' lang='lat' dir='ltr'><strong>omnem,</strong></span> <span class='ocrx_word' id='word_1_408' title='bbox 3073 2568 3129 2612; x_wconf 92' lang='lat' dir='ltr'><strong>et</strong></span> <span class='ocrx_word' id='word_1_409' title='bbox 3167 2556 3438 2628; x_wconf 71' lang='lat' dir='ltr'><strong>prmeinge</strong></span> <span class='ocrx_word' id='word_1_410' title='bbox 3467 2563 3540 2618; x_wconf 83' lang='lat' dir='ltr'><strong>te,</strong></span> 
     </span>
    </p>
   </div>
   <div class='ocr_carea' id='block_1_55' title="bbox 1932 2648 3543 2723">
    <p class='ocr_par' dir='ltr' id='par_1_55' title="bbox 1932 2648 3543 2723">
     <span class='ocr_line' id='line_1_55' title="bbox 1932 2648 3543 2723; baseline -0.006 -13"><span class='ocrx_word' id='word_1_411' title='bbox 1932 2671 1997 2710; x_wconf 91' lang='lat' dir='ltr'><strong>ac</strong></span> <span class='ocrx_word' id='word_1_412' title='bbox 2036 2656 2284 2710; x_wconf 85' lang='lat' dir='ltr'><strong>ministra</strong></span> <span class='ocrx_word' id='word_1_413' title='bbox 2313 2655 2445 2709; x_wconf 89' lang='lat' dir='ltr'><strong>mihi</strong></span> <span class='ocrx_word' id='word_1_414' title='bbox 2476 2655 2650 2708; x_wconf 91' lang='lat' dir='ltr'><strong>donec</strong></span> <span class='ocrx_word' id='word_1_415' title='bbox 2681 2654 2848 2707; x_wconf 87' lang='lat' dir='ltr'><strong>edcro</strong></span> <span class='ocrx_word' id='word_1_416' title='bbox 2869 2661 2924 2705; x_wconf 89' lang='lat' dir='ltr'><strong>et</strong></span> <span class='ocrx_word' id='word_1_417' title='bbox 2951 2650 3158 2723; x_wconf 82' lang='lat' dir='ltr'><strong>hibero,</strong></span> <span class='ocrx_word' id='word_1_418' title='bbox 3189 2658 3244 2704; x_wconf 92' lang='lat' dir='ltr'><strong>et</strong></span> <span class='ocrx_word' id='word_1_419' title='bbox 3272 2659 3393 2717; x_wconf 81' lang='lat' dir='ltr'><strong>post</strong></span> <span class='ocrx_word' id='word_1_420' title='bbox 3426 2648 3543 2701; x_wconf 66' lang='lat' dir='ltr'><strong>haec</strong></span> 
     </span>
    </p>
   </div>
   <div class='ocr_carea' id='block_1_56' title="bbox 1932 2737 3540 2815">
    <p class='ocr_par' dir='ltr' id='par_1_56' title="bbox 1932 2737 3540 2815">
     <span class='ocr_line' id='line_1_56' title="bbox 1932 2737 3540 2815; baseline -0.009 -10"><span class='ocrx_word' id='word_1_421' title='bbox 1932 2750 2079 2805; x_wconf 89' lang='lat' dir='ltr'><strong>edito</strong></span> <span class='ocrx_word' id='word_1_422' title='bbox 2121 2761 2168 2804; x_wconf 86' lang='lat' dir='ltr'><strong>et</strong></span> <span class='ocrx_word' id='word_1_423' title='bbox 2192 2747 2368 2803; x_wconf 86' lang='lat' dir='ltr'><strong>bibito</strong></span> <span class='ocrx_word' id='word_1_424' title='bbox 2400 2749 2496 2802; x_wconf 89' lang='lat' dir='ltr'><strong>tu?</strong></span> <span class='ocrx_word' id='word_1_425' title='bbox 2533 2746 2670 2801; x_wconf 81' lang='lat' dir='ltr'><strong>Num</strong></span> <span class='ocrx_word' id='word_1_426' title='bbox 2705 2746 2943 2815; x_wconf 77' lang='lat' dir='ltr'><strong>gratiam</strong></span> <span class='ocrx_word' id='word_1_427' title='bbox 3003 2743 3168 2798; x_wconf 84' lang='lat' dir='ltr'><strong>habet</strong></span> <span class='ocrx_word' id='word_1_428' title='bbox 3226 2757 3386 2796; x_wconf 89' lang='lat' dir='ltr'><strong>servo</strong></span> <span class='ocrx_word' id='word_1_429' title='bbox 3440 2737 3540 2801; x_wconf 89' lang='lat' dir='ltr'><strong>illi,</strong></span> 
     </span>
    </p>
   </div>
   <div class='ocr_carea' id='block_1_57' title="bbox 1931 2831 3544 2912">
    <p class='ocr_par' dir='ltr' id='par_1_57' title="bbox 1931 2831 3544 2912">
     <span class='ocr_line' id='line_1_57' title="bbox 1931 2831 3544 2912; baseline -0.007 -18"><span class='ocrx_word' id='word_1_430' title='bbox 1931 2843 2061 2912; x_wconf 87' lang='lat' dir='ltr'><strong>quia</strong></span> <span class='ocrx_word' id='word_1_431' title='bbox 2096 2841 2225 2897; x_wconf 86' lang='lat' dir='ltr'><strong>fecit</strong></span> <span class='ocrx_word' id='word_1_432' title='bbox 2259 2841 2669 2910; x_wconf 74' lang='lat' dir='ltr'><strong>quzeiniperata</strong></span> <span class='ocrx_word' id='word_1_433' title='bbox 2709 2839 2963 2895; x_wconf 84' lang='lat' dir='ltr'><strong>fuerant?</strong></span> <span class='ocrx_word' id='word_1_434' title='bbox 3001 2837 3116 2891; x_wconf 83' lang='lat' dir='ltr'><strong>Non</strong></span> <span class='ocrx_word' id='word_1_435' title='bbox 3149 2846 3301 2907; x_wconf 88' lang='lat' dir='ltr'><strong>puto.</strong></span> <span class='ocrx_word' id='word_1_436' title='bbox 3357 2831 3450 2886; x_wconf 91' lang='lat' dir='ltr'><strong>Sic</strong></span> <span class='ocrx_word' id='word_1_437' title='bbox 3488 2840 3544 2884; x_wconf 90' lang='lat' dir='ltr'><strong>et</strong></span> 
     </span>
    </p>
   </div>
   <div class='ocr_carea' id='block_1_58' title="bbox 1933 2923 3542 3001">
    <p class='ocr_par' dir='ltr' id='par_1_58' title="bbox 1933 2923 3542 3001">
     <span class='ocr_line' id='line_1_58' title="bbox 1933 2923 3542 3001; baseline -0.007 -14"><span class='ocrx_word' id='word_1_438' title='bbox 1933 2950 2028 2988; x_wconf 76' lang='lat' dir='ltr'><strong>vos</strong></span> <span class='ocrx_word' id='word_1_439' title='bbox 2057 2949 2181 2988; x_wconf 90' lang='lat' dir='ltr'><strong>cum</strong></span> <span class='ocrx_word' id='word_1_440' title='bbox 2234 2932 2474 2987; x_wconf 79' lang='lat' dir='ltr'><strong>feceritis</strong></span> <span class='ocrx_word' id='word_1_441' title='bbox 2523 2933 2706 2986; x_wconf 89' lang='lat' dir='ltr'><strong>omnia</strong></span> <span class='ocrx_word' id='word_1_442' title='bbox 2742 2948 2861 3000; x_wconf 72' lang='lat' dir='ltr'><strong>qua:</strong></span> <span class='ocrx_word' id='word_1_443' title='bbox 2896 2941 3166 3001; x_wconf 65' lang='lat' dir='ltr'><strong>prmcepta</strong></span> <span class='ocrx_word' id='word_1_444' title='bbox 3199 2937 3329 3001; x_wconf 86' lang='lat' dir='ltr'><strong>sunt</strong></span> <span class='ocrx_word' id='word_1_445' title='bbox 3365 2923 3542 2987; x_wconf 89' lang='lat' dir='ltr'><strong>vobis,</strong></span> 
     </span>
    </p>
   </div>
   <div class='ocr_carea' id='block_1_59' title="bbox 1930 3017 3545 3095">
    <p class='ocr_par' dir='ltr' id='par_1_59' title="bbox 1930 3017 3545 3095">
     <span class='ocr_line' id='line_1_59' title="bbox 1930 3017 3545 3095; baseline -0.009 -13"><span class='ocrx_word' id='word_1_446' title='bbox 1930 3024 2094 3082; x_wconf 77' lang='lat' dir='ltr'><strong>dicite</strong></span> <span class='ocrx_word' id='word_1_447' title='bbox 2129 3043 2142 3080; x_wconf 90' lang='lat'>:</span> <span class='ocrx_word' id='word_1_448' title='bbox 2175 3024 2331 3080; x_wconf 84' lang='lat' dir='ltr'><strong>Servi</strong></span> <span class='ocrx_word' id='word_1_449' title='bbox 2375 3025 2593 3080; x_wconf 87' lang='lat' dir='ltr'><strong>inutiles</strong></span> <span class='ocrx_word' id='word_1_450' title='bbox 2647 3041 2840 3080; x_wconf 90' lang='lat' dir='ltr'><strong>sumus</strong></span> <span class='ocrx_word' id='word_1_451' title='bbox 2872 3039 2885 3078; x_wconf 88' lang='lat'><strong>:</strong></span> <span class='ocrx_word' id='word_1_452' title='bbox 2920 3024 3066 3095; x_wconf 84' lang='lat' dir='ltr'><strong>quod</strong></span> <span class='ocrx_word' id='word_1_453' title='bbox 3122 3020 3416 3076; x_wconf 89' lang='lat' dir='ltr'><strong>debuimus</strong></span> <span class='ocrx_word' id='word_1_454' title='bbox 3472 3017 3545 3069; x_wconf 89' lang='lat' dir='ltr'><strong>fa-</strong></span> 
     </span>
    </p>
   </div>
   <div class='ocr_carea' id='block_1_60' title="bbox 1929 3111 3530 3185">
    <p class='ocr_par' dir='ltr' id='par_1_60' title="bbox 1929 3111 3530 3185">
     <span class='ocr_line' id='line_1_60' title="bbox 1929 3111 3530 3185; baseline -0.007 -10"><span class='ocrx_word' id='word_1_455' title='bbox 1929 3135 2073 3183; x_wconf 80' lang='lat' dir='ltr'><strong>cere,</strong></span> <span class='ocrx_word' id='word_1_456' title='bbox 2100 3119 2352 3174; x_wconf 84' lang='lat' dir='ltr'><strong>fecimus.</strong></span> <span class='ocrx_word' id='word_1_457' title='bbox 2386 3137 2403 3170; x_wconf 74' lang='grc' dir='ltr'><strong>ι</strong></span> <span class='ocrx_word' id='word_1_458' title='bbox 2427 3117 2986 3185; x_wconf 75' lang='lat' dir='ltr'><strong>Apestolicredebant</strong></span> <span class='ocrx_word' id='word_1_459' title='bbox 3014 3115 3236 3184; x_wconf 83' lang='lat' dir='ltr'><strong>quidem</strong></span> <span class='ocrx_word' id='word_1_460' title='bbox 3260 3111 3494 3164; x_wconf 77' lang='lat' dir='ltr'><strong>Domino</strong></span> <span class='ocrx_word' id='word_1_461' title='bbox 3517 3149 3530 3172; x_wconf 97' lang='lat'><strong>,</strong></span> 
     </span>
    </p>
   </div>
   <div class='ocr_carea' id='block_1_61' title="bbox 1931 3202 3541 3266">
    <p class='ocr_par' dir='ltr' id='par_1_61' title="bbox 1931 3202 3541 3266">
     <span class='ocr_line' id='line_1_61' title="bbox 1931 3202 3541 3266; baseline -0.005 -2"><span class='ocrx_word' id='word_1_462' title='bbox 1931 3228 2122 3266; x_wconf 89' lang='lat' dir='ltr'><strong>verum</strong></span> <span class='ocrx_word' id='word_1_463' title='bbox 2161 3224 2338 3266; x_wconf 87' lang='lat' dir='ltr'><strong>tamen</strong></span> <span class='ocrx_word' id='word_1_464' title='bbox 2369 3226 2490 3264; x_wconf 89' lang='lat' dir='ltr'><strong>cmn</strong></span> <span class='ocrx_word' id='word_1_465' title='bbox 2516 3210 2789 3264; x_wconf 87' lang='lat' dir='ltr'><strong>venissent</strong></span> <span class='ocrx_word' id='word_1_466' title='bbox 2814 3210 2866 3262; x_wconf 89' lang='lat' dir='ltr'><strong>in</strong></span> <span class='ocrx_word' id='word_1_467' title='bbox 2888 3206 3283 3262; x_wconf 78' lang='lat' dir='ltr'><strong>conscientiam</strong></span> <span class='ocrx_word' id='word_1_468' title='bbox 3306 3202 3541 3256; x_wconf 87' lang='lat' dir='ltr'><strong>infirmi-</strong></span> 
     </span>
    </p>
   </div>
   <div class='ocr_carea' id='block_1_62' title="bbox 220 3294 1821 3379">
    <p class='ocr_par' dir='ltr' id='par_1_62' title="bbox 220 3294 1816 3366">
     <span class='ocr_line' id='line_1_62' title="bbox 220 3294 1816 3366; baseline -0.001 -17"><span class='ocrx_word' id='word_1_469' title='bbox 220 3295 366 3366; x_wconf 80' lang='grc' dir='ltr'>πλὴν</span> <span class='ocrx_word' id='word_1_470' title='bbox 389 3296 469 3360; x_wconf 84' lang='grc' dir='ltr'><strong>είς</strong></span> <span class='ocrx_word' id='word_1_471' title='bbox 494 3296 848 3366; x_wconf 79' lang='grc' dir='ltr'>συναίσθησιν</span> <span class='ocrx_word' id='word_1_472' title='bbox 871 3298 968 3366; x_wconf 86' lang='grc' dir='ltr'>τῆς</span> <span class='ocrx_word' id='word_1_473' title='bbox 1002 3296 1290 3358; x_wconf 82' lang='grc' dir='ltr'>ἀσθενείας</span> <span class='ocrx_word' id='word_1_474' title='bbox 1330 3297 1512 3349; x_wconf 78' lang='grc' dir='ltr'>αὐτῶν</span> <span class='ocrx_word' id='word_1_475' title='bbox 1549 3294 1763 3348; x_wconf 74' lang='grc' dir='ltr'>ἐλθόντε</span> <span class='ocrx_word' id='word_1_476' title='bbox 1777 3312 1816 3362; x_wconf 79' lang='grc' dir='ltr'><strong>ς,</strong></span> 
     </span>
    </p>
   </div>
   <div class='ocr_carea' id='block_1_63' title="bbox 1930 3294 3541 3379">
    <p class='ocr_par' dir='ltr' id='par_1_63' title="bbox 1935 3296 3541 3368">
     <span class='ocr_line' id='line_1_63' title="bbox 1935 3296 3541 3368; baseline -0.006 -10"><span class='ocrx_word' id='word_1_477' title='bbox 1935 3304 2062 3358; x_wconf 87' lang='lat' dir='ltr'><strong>tatis</strong></span> <span class='ocrx_word' id='word_1_478' title='bbox 2091 3319 2224 3368; x_wconf 57' lang='lat' dir='ltr'><strong>suae,</strong></span> <span class='ocrx_word' id='word_1_479' title='bbox 2280 3312 2337 3357; x_wconf 88' lang='lat' dir='ltr'><strong>et</strong></span> <span class='ocrx_word' id='word_1_480' title='bbox 2365 3301 2712 3358; x_wconf 81' lang='lat' dir='ltr'><strong>audivissent</strong></span> <span class='ocrx_word' id='word_1_481' title='bbox 2748 3301 3036 3356; x_wconf 88' lang='lat' dir='ltr'><strong>Dominum</strong></span> <span class='ocrx_word' id='word_1_482' title='bbox 3076 3301 3139 3352; x_wconf 83' lang='lat' dir='ltr'><strong>do</strong></span> <span class='ocrx_word' id='word_1_483' title='bbox 3171 3297 3387 3368; x_wconf 45' lang='lat' dir='ltr'><strong>magiis</strong></span> <span class='ocrx_word' id='word_1_484' title='bbox 3414 3296 3541 3364; x_wconf 76' lang='lat' dir='ltr'><strong>qui-</strong></span> 
     </span>
    </p>
   </div>
   <div class='ocr_carea' id='block_1_64' title="bbox 216 3386 1820 3464">
    <p class='ocr_par' dir='ltr' id='par_1_64' title="bbox 216 3386 1820 3464">
     <span class='ocr_line' id='line_1_64' title="bbox 216 3386 1820 3464; baseline -0.001 -22"><span class='ocrx_word' id='word_1_485' title='bbox 216 3389 313 3442; x_wconf 76' lang='grc' dir='ltr'>καὶ</span> <span class='ocrx_word' id='word_1_486' title='bbox 369 3388 706 3451; x_wconf 84' lang='grc' dir='ltr'>ἀκούσαντες</span> <span class='ocrx_word' id='word_1_487' title='bbox 765 3386 861 3441; x_wconf 78' lang='grc' dir='ltr'>τοῦ</span> <span class='ocrx_word' id='word_1_488' title='bbox 906 3387 1114 3464; x_wconf 69' lang='grc' dir='ltr'>Κυρίου</span> <span class='ocrx_word' id='word_1_489' title='bbox 1160 3389 1290 3458; x_wconf 67' lang='grc' dir='ltr'>περὶ</span> <span class='ocrx_word' id='word_1_490' title='bbox 1353 3388 1608 3458; x_wconf 82' lang='grc' dir='ltr'>μεγάλων</span> <span class='ocrx_word' id='word_1_491' title='bbox 1655 3388 1820 3441; x_wconf 85' lang='grc' dir='ltr'>τινών</span> 
     </span>
    </p>
   </div>
   <div class='ocr_carea' id='block_1_65' title="bbox 216 3481 1820 3552">
    <p class='ocr_par' dir='ltr' id='par_1_65' title="bbox 216 3481 1820 3552">
     <span class='ocr_line' id='line_1_65' title="bbox 216 3481 1820 3552; baseline -0.001 -18"><span class='ocrx_word' id='word_1_492' title='bbox 216 3482 466 3544; x_wconf 69' lang='grc' dir='ltr'>εἰπόντος</span> <span class='ocrx_word' id='word_1_493' title='bbox 496 3482 703 3548; x_wconf 78' lang='grc' dir='ltr'>αὐτοῖς,</span> <span class='ocrx_word' id='word_1_494' title='bbox 747 3482 843 3534; x_wconf 71' lang='grc' dir='ltr'>καὶ</span> <span class='ocrx_word' id='word_1_495' title='bbox 875 3481 1125 3552; x_wconf 83' lang='grc' dir='ltr'>περίτοῦ</span> <span class='ocrx_word' id='word_1_496' title='bbox 1165 3482 1416 3535; x_wconf 84' lang='grc' dir='ltr'>κινδύνου</span> <span class='ocrx_word' id='word_1_497' title='bbox 1444 3482 1539 3535; x_wconf 78' lang='grc' dir='ltr'>τοῦ</span> <span class='ocrx_word' id='word_1_498' title='bbox 1569 3482 1676 3536; x_wconf 79' lang='grc' dir='ltr'>ἀπὸ</span> <span class='ocrx_word' id='word_1_499' title='bbox 1711 3481 1820 3534; x_wconf 83' lang='grc' dir='ltr'>τῶν</span> 
     </span>
    </p>
   </div>
   <div class='ocr_carea' id='block_1_66' title="bbox 220 3572 1819 3645">
    <p class='ocr_par' dir='ltr' id='par_1_66' title="bbox 220 3572 1819 3645">
     <span class='ocr_line' id='line_1_66' title="bbox 220 3572 1819 3645; baseline -0.001 -17"><span class='ocrx_word' id='word_1_500' title='bbox 220 3574 563 3638; x_wconf 81' lang='grc' dir='ltr'>σκανδάλων,</span> <span class='ocrx_word' id='word_1_501' title='bbox 601 3573 816 3626; x_wconf 79' lang='grc' dir='ltr'>δέονται</span> <span class='ocrx_word' id='word_1_502' title='bbox 866 3573 943 3634; x_wconf 83' lang='grc' dir='ltr'>ὡς</span> <span class='ocrx_word' id='word_1_503' title='bbox 982 3572 1050 3627; x_wconf 79' lang='grc' dir='ltr'>ἂν</span> <span class='ocrx_word' id='word_1_504' title='bbox 1097 3573 1372 3645; x_wconf 82' lang='grc' dir='ltr'>πλεονάσῃ</span> <span class='ocrx_word' id='word_1_505' title='bbox 1412 3575 1596 3637; x_wconf 73' lang='grc' dir='ltr'>αὐτοῖς</span> <span class='ocrx_word' id='word_1_506' title='bbox 1651 3575 1683 3642; x_wconf 79' lang='grc' dir='ltr'>ἡ</span> <span class='ocrx_word' id='word_1_507' title='bbox 1719 3574 1819 3644; x_wconf 76' lang='grc' dir='ltr'>τῆς</span> 
     </span>
    </p>
   </div>
   <div class='ocr_carea' id='block_1_67' title="bbox 215 3659 1819 3736">
    <p class='ocr_par' dir='ltr' id='par_1_67' title="bbox 215 3659 1819 3736">
     <span class='ocr_line' id='line_1_67' title="bbox 215 3659 1819 3736; baseline -0.002 -16"><span class='ocrx_word' id='word_1_508' title='bbox 215 3667 459 3728; x_wconf 81' lang='grc' dir='ltr'>πίστεως</span> <span class='ocrx_word' id='word_1_509' title='bbox 486 3665 740 3735; x_wconf 87' lang='grc' dir='ltr'>δύναμις,</span> <span class='ocrx_word' id='word_1_510' title='bbox 773 3665 824 3719; x_wconf 87' lang='grc' dir='ltr'><strong>δι</strong></span> <span class='ocrx_word' id='word_1_511' title='bbox 881 3659 949 3736; x_wconf 87' lang='grc' dir='ltr'>ἦς</span> <span class='ocrx_word' id='word_1_512' title='bbox 993 3664 1317 3734; x_wconf 77' lang='grc' dir='ltr'>δυνήσονται</span> <span class='ocrx_word' id='word_1_513' title='bbox 1366 3665 1560 3729; x_wconf 81' lang='grc' dir='ltr'>ταῦτα,</span> <span class='ocrx_word' id='word_1_514' title='bbox 1606 3667 1639 3718; x_wconf 76' lang='grc' dir='ltr'>ἃ</span> <span class='ocrx_word' id='word_1_515' title='bbox 1675 3660 1819 3730; x_wconf 77' lang='grc' dir='ltr'>εἶπε,</span> 
     </span>
    </p>
   </div>
   <div class='ocr_carea' id='block_1_68' title="bbox 215 3757 1822 3829">
    <p class='ocr_par' dir='ltr' id='par_1_68' title="bbox 215 3757 1822 3829">
     <span class='ocr_line' id='line_1_68' title="bbox 215 3757 1822 3829; baseline -0.001 -18"><span class='ocrx_word' id='word_1_516' title='bbox 215 3758 591 3829; x_wconf 81' lang='grc' dir='ltr'>κατορθῶσαι,</span> <span class='ocrx_word' id='word_1_517' title='bbox 647 3758 716 3811; x_wconf 79' lang='grc' dir='ltr'><strong>τὰ</strong></span> <span class='ocrx_word' id='word_1_518' title='bbox 789 3758 922 3829; x_wconf 68' lang='grc' dir='ltr'>περὶ</span> <span class='ocrx_word' id='word_1_519' title='bbox 975 3757 1371 3828; x_wconf 82' lang='grc' dir='ltr'>ἀκτημοσύνης</span> <span class='ocrx_word' id='word_1_520' title='bbox 1429 3759 1594 3827; x_wconf 81' lang='grc' dir='ltr'>φημί.</span> <span class='ocrx_word' id='word_1_521' title='bbox 1655 3759 1822 3812; x_wconf 77' lang='grc' dir='ltr'>Οὐδὲν</span> 
     </span>
    </p>
   </div>
   <div class='ocr_carea' id='block_1_69' title="bbox 214 3849 1824 3920">
    <p class='ocr_par' dir='ltr' id='par_1_69' title="bbox 214 3849 1824 3920">
     <span class='ocr_line' id='line_1_69' title="bbox 214 3849 1824 3920; baseline 0.001 -17"><span class='ocrx_word' id='word_1_522' title='bbox 214 3851 324 3920; x_wconf 73' lang='grc' dir='ltr'><strong>γάρ</strong></span> <span class='ocrx_word' id='word_1_523' title='bbox 392 3849 538 3901; x_wconf 77' lang='grc' dir='ltr'>οὕτω</span> <span class='ocrx_word' id='word_1_524' title='bbox 585 3849 846 3919; x_wconf 83' lang='grc' dir='ltr'>κατορθοῖ</span> <span class='ocrx_word' id='word_1_525' title='bbox 884 3849 1298 3920; x_wconf 89' lang='grc' dir='ltr'>ἀκτημοσύνην,</span> <span class='ocrx_word' id='word_1_526' title='bbox 1329 3852 1404 3914; x_wconf 84' lang='grc' dir='ltr'>ὡς</span> <span class='ocrx_word' id='word_1_527' title='bbox 1437 3851 1497 3903; x_wconf 82' lang='grc' dir='ltr'>τὸ</span> <span class='ocrx_word' id='word_1_528' title='bbox 1532 3850 1824 3905; x_wconf 79' lang='grc' dir='ltr'>πιστεῦσαι</span> 
     </span>
    </p>
   </div>
   <div class='ocr_carea' id='block_1_70' title="bbox 215 3941 1822 4015">
    <p class='ocr_par' dir='ltr' id='par_1_70' title="bbox 215 3941 1822 4015">
     <span class='ocr_line' id='line_1_70' title="bbox 215 3941 1822 4015; baseline -0.001 -18"><span class='ocrx_word' id='word_1_529' title='bbox 215 3945 309 3997; x_wconf 74' lang='grc' dir='ltr'>καὶ</span> <span class='ocrx_word' id='word_1_530' title='bbox 348 3942 624 4015; x_wconf 74' lang='grc' dir='ltr'>θαρρῆσαι</span> <span class='ocrx_word' id='word_1_531' title='bbox 671 3943 793 4012; x_wconf 87' lang='grc' dir='ltr'><strong>Θεῷ</strong></span> <span class='ocrx_word' id='word_1_532' title='bbox 839 3957 853 3972; x_wconf 84' lang='grc'><strong><em>⁸</em></strong></span> <span class='ocrx_word' id='word_1_533' title='bbox 894 3941 1085 4012; x_wconf 82' lang='grc' dir='ltr'>ὥσπερ</span> <span class='ocrx_word' id='word_1_534' title='bbox 1118 3942 1274 3995; x_wconf 75' lang='grc' dir='ltr'>οὐδὲν</span> <span class='ocrx_word' id='word_1_535' title='bbox 1323 3941 1469 3995; x_wconf 77' lang='grc' dir='ltr'>οὕτω</span> <span class='ocrx_word' id='word_1_536' title='bbox 1527 3945 1672 3996; x_wconf 87' lang='grc' dir='ltr'>ποιεῖ</span> <span class='ocrx_word' id='word_1_537' title='bbox 1724 3944 1822 4013; x_wconf 86' lang='grc' dir='ltr'>θη-</span> 
     </span>
    </p>
   </div>
   <div class='ocr_carea' id='block_1_71' title="bbox 214 4033 1820 4106">
    <p class='ocr_par' dir='ltr' id='par_1_71' title="bbox 214 4033 1820 4106">
     <span class='ocr_line' id='line_1_71' title="bbox 214 4033 1820 4106; baseline -0.001 -15"><span class='ocrx_word' id='word_1_538' title='bbox 214 4037 520 4106; x_wconf 80' lang='grc' dir='ltr'>σαυρίζειν,</span> <span class='ocrx_word' id='word_1_539' title='bbox 554 4039 631 4099; x_wconf 84' lang='grc' dir='ltr'>ῶς</span> <span class='ocrx_word' id='word_1_540' title='bbox 659 4034 721 4087; x_wconf 84' lang='grc' dir='ltr'>τὸ</span> <span class='ocrx_word' id='word_1_541' title='bbox 748 4033 825 4103; x_wconf 82' lang='grc' dir='ltr'>μὴ</span> <span class='ocrx_word' id='word_1_542' title='bbox 855 4035 1160 4098; x_wconf 85' lang='grc' dir='ltr'>πιστεύειν,</span> <span class='ocrx_word' id='word_1_543' title='bbox 1196 4035 1280 4088; x_wconf 83' lang='grc' dir='ltr'>ὅτι</span> <span class='ocrx_word' id='word_1_544' title='bbox 1340 4035 1516 4104; x_wconf 81' lang='grc' dir='ltr'>μέγας</span> <span class='ocrx_word' id='word_1_545' title='bbox 1556 4037 1761 4106; x_wconf 86' lang='grc' dir='ltr'>ταμίας</span> <span class='ocrx_word' id='word_1_546' title='bbox 1793 4039 1820 4090; x_wconf 87' lang='lat'><strong>6</strong></span> 
     </span>
    </p>
   </div>
   <div class='ocr_carea' id='block_1_72' title="bbox 211 4127 1820 4199">
    <p class='ocr_par' dir='ltr' id='par_1_72' title="bbox 211 4127 1820 4199">
     <span class='ocr_line' id='line_1_72' title="bbox 211 4127 1820 4199; baseline -0.001 -18"><span class='ocrx_word' id='word_1_547' title='bbox 211 4128 368 4195; x_wconf 74' lang='grc' dir='ltr'>Θεὸς,</span> <span class='ocrx_word' id='word_1_548' title='bbox 406 4130 502 4181; x_wconf 60' lang='grc' dir='ltr'><strong>καὶ⁸</strong></span> <span class='ocrx_word' id='word_1_549' title='bbox 527 4130 760 4198; x_wconf 87' lang='grc' dir='ltr'>ταμεῖον</span> <span class='ocrx_word' id='word_1_550' title='bbox 797 4128 1076 4182; x_wconf 86' lang='grc' dir='ltr'>ἀκένωτον</span> <span class='ocrx_word' id='word_1_551' title='bbox 1113 4127 1445 4199; x_wconf 75' lang='grc' dir='ltr'>ἡάγαθότης</span> <span class='ocrx_word' id='word_1_552' title='bbox 1477 4129 1664 4182; x_wconf 77' lang='grc' dir='ltr'>αὐτοῦ.</span> <span class='ocrx_word' id='word_1_553' title='bbox 1696 4129 1820 4182; x_wconf 83' lang='grc' dir='ltr'><strong>Ἔτι</strong></span> 
     </span>
    </p>
   </div>
   <div class='ocr_carea' id='block_1_73' title="bbox 210 4221 1819 4291">
    <p class='ocr_par' dir='ltr' id='par_1_73' title="bbox 210 4221 1819 4291">
     <span class='ocr_line' id='line_1_73' title="bbox 210 4221 1819 4291; baseline 0.001 -16"><span class='ocrx_word' id='word_1_554' title='bbox 210 4241 272 4276; x_wconf 81' lang='grc' dir='ltr'><strong>τε</strong></span> <span class='ocrx_word' id='word_1_555' title='bbox 309 4225 405 4275; x_wconf 74' lang='grc' dir='ltr'>καὶ</span> <span class='ocrx_word' id='word_1_556' title='bbox 445 4223 582 4291; x_wconf 84' lang='grc' dir='ltr'>πρὸς</span> <span class='ocrx_word' id='word_1_557' title='bbox 616 4222 686 4275; x_wconf 77' lang='grc' dir='ltr'><strong>τα</strong></span> <span class='ocrx_word' id='word_1_558' title='bbox 727 4222 1006 4276; x_wconf 85' lang='grc' dir='ltr'>σκάνδαλα</span> <span class='ocrx_word' id='word_1_559' title='bbox 1054 4221 1143 4275; x_wconf 85' lang='grc' dir='ltr'>διὰ</span> <span class='ocrx_word' id='word_1_560' title='bbox 1179 4222 1284 4291; x_wconf 84' lang='grc' dir='ltr'>τῆς</span> <span class='ocrx_word' id='word_1_561' title='bbox 1317 4223 1558 4286; x_wconf 86' lang='grc' dir='ltr'>πίστεως</span> <span class='ocrx_word' id='word_1_562' title='bbox 1605 4223 1819 4286; x_wconf 75' lang='grc' dir='ltr'>ἕξουσιν</span> 
     </span>
    </p>
   </div>
   <div class='ocr_carea' id='block_1_74' title="bbox 211 4314 1815 4387">
    <p class='ocr_par' dir='ltr' id='par_1_74' title="bbox 211 4314 1815 4387">
     <span class='ocr_line' id='line_1_74' title="bbox 211 4314 1815 4387; baseline -0.001 -19"><span class='ocrx_word' id='word_1_563' title='bbox 211 4315 558 4382; x_wconf 84' lang='grc' dir='ltr'>ἀντιστῆναι,</span> <span class='ocrx_word' id='word_1_564' title='bbox 594 4315 676 4368; x_wconf 84' lang='grc' dir='ltr'>διὸ</span> <span class='ocrx_word' id='word_1_565' title='bbox 708 4314 1148 4387; x_wconf 83' lang='grc' dir='ltr'>προσερχόμενοί</span> <span class='ocrx_word' id='word_1_566' title='bbox 1185 4332 1359 4384; x_wconf 81' lang='grc' dir='ltr'>φασι·</span> <span class='ocrx_word' id='word_1_567' title='bbox 1397 4316 1641 4385; x_wconf 83' lang='grc' dir='ltr'>Πρόσθες</span> <span class='ocrx_word' id='word_1_568' title='bbox 1679 4316 1815 4384; x_wconf 76' lang='grc' dir='ltr'>ἡμῖν</span> 
     </span>
    </p>
   </div>
   <div class='ocr_carea' id='block_1_75' title="bbox 212 4407 1817 4479">
    <p class='ocr_par' dir='ltr' id='par_1_75' title="bbox 212 4407 1817 4479">
     <span class='ocr_line' id='line_1_75' title="bbox 212 4407 1817 4479; baseline 0 -17"><span class='ocrx_word' id='word_1_569' title='bbox 212 4410 423 4473; x_wconf 88' lang='grc' dir='ltr'>πίστιν,</span> <span class='ocrx_word' id='word_1_570' title='bbox 475 4409 851 4477; x_wconf 87' lang='grc' dir='ltr'>τελειοτέρους</span> <span class='ocrx_word' id='word_1_571' title='bbox 898 4407 1180 4472; x_wconf 82' lang='grc' dir='ltr'>ἀνάδειξον</span> <span class='ocrx_word' id='word_1_572' title='bbox 1222 4411 1371 4478; x_wconf 78' lang='grc' dir='ltr'>ἡμᾶς</span> <span class='ocrx_word' id='word_1_573' title='bbox 1419 4411 1478 4461; x_wconf 81' lang='grc' dir='ltr'>ὲν</span> <span class='ocrx_word' id='word_1_574' title='bbox 1513 4412 1577 4479; x_wconf 80' lang='grc' dir='ltr'><strong>τῇ</strong></span> <span class='ocrx_word' id='word_1_575' title='bbox 1635 4411 1817 4462; x_wconf 78' lang='grc' dir='ltr'>πίστει</span> 
     </span>
    </p>
   </div>
   <div class='ocr_carea' id='block_1_76' title="bbox 208 4501 1809 4573">
    <p class='ocr_par' dir='ltr' id='par_1_76' title="bbox 208 4501 1809 4573">
     <span class='ocr_line' id='line_1_76' title="bbox 208 4501 1809 4573; baseline 0 -16"><span class='ocrx_word' id='word_1_576' title='bbox 208 4502 307 4557; x_wconf 75' lang='grc' dir='ltr'>καὶ</span> <span class='ocrx_word' id='word_1_577' title='bbox 364 4501 769 4572; x_wconf 76' lang='grc' dir='ltr'>βεϐαιοτέρους.</span> <span class='ocrx_word' id='word_1_578' title='bbox 817 4503 875 4556; x_wconf 82' lang='grc' dir='ltr'><strong>Ὀ</strong></span> <span class='ocrx_word' id='word_1_579' title='bbox 908 4503 965 4556; x_wconf 79' lang='grc' dir='ltr'>δὲ</span> <span class='ocrx_word' id='word_1_580' title='bbox 1019 4503 1228 4573; x_wconf 83' lang='grc' dir='ltr'>Κύριος</span> <span class='ocrx_word' id='word_1_581' title='bbox 1287 4502 1552 4556; x_wconf 86' lang='grc' dir='ltr'>δεικνύων</span> <span class='ocrx_word' id='word_1_582' title='bbox 1599 4504 1809 4568; x_wconf 81' lang='grc' dir='ltr'>αὐτοῖς,</span> 
     </span>
    </p>
   </div>
   <div class='ocr_carea' id='block_1_77' title="bbox 207 4593 1812 4666">
    <p class='ocr_par' dir='ltr' id='par_1_77' title="bbox 207 4593 1812 4666">
     <span class='ocr_line' id='line_1_77' title="bbox 207 4593 1812 4666; baseline -0.001 -17"><span class='ocrx_word' id='word_1_583' title='bbox 207 4595 293 4649; x_wconf 81' lang='grc' dir='ltr'>ὅτι</span> <span class='ocrx_word' id='word_1_584' title='bbox 325 4595 505 4658; x_wconf 84' lang='grc' dir='ltr'>καλῶς</span> <span class='ocrx_word' id='word_1_585' title='bbox 539 4595 775 4656; x_wconf 83' lang='grc' dir='ltr'>αἰτοῦσι,</span> <span class='ocrx_word' id='word_1_586' title='bbox 822 4596 918 4647; x_wconf 69' lang='grc' dir='ltr'>καὶ</span> <span class='ocrx_word' id='word_1_587' title='bbox 963 4595 1046 4647; x_wconf 83' lang='grc' dir='ltr'>ὅτι</span> <span class='ocrx_word' id='word_1_588' title='bbox 1085 4593 1292 4664; x_wconf 79' lang='grc' dir='ltr'>ταύτην</span> <span class='ocrx_word' id='word_1_589' title='bbox 1339 4594 1438 4664; x_wconf 79' lang='grc' dir='ltr'>τὴν</span> <span class='ocrx_word' id='word_1_590' title='bbox 1467 4593 1699 4666; x_wconf 86' lang='grc' dir='ltr'>γνώμην</span> <span class='ocrx_word' id='word_1_591' title='bbox 1729 4595 1812 4648; x_wconf 78' lang='grc' dir='ltr'><strong>δεῖ</strong></span> 
     </span>
    </p>
   </div>
   <div class='ocr_carea' id='block_1_78' title="bbox 207 4687 1818 4758">
    <p class='ocr_par' dir='ltr' id='par_1_78' title="bbox 207 4687 1818 4758">
     <span class='ocr_line' id='line_1_78' title="bbox 207 4687 1818 4758; baseline 0.001 -16"><span class='ocrx_word' id='word_1_592' title='bbox 207 4688 410 4750; x_wconf 70' lang='grc' dir='ltr'>αὐτοὺς</span> <span class='ocrx_word' id='word_1_593' title='bbox 450 4687 596 4757; x_wconf 72' lang='grc' dir='ltr'>ἔχειν</span> <span class='ocrx_word' id='word_1_594' title='bbox 639 4687 866 4757; x_wconf 76' lang='grc' dir='ltr'>βεϐαίαν</span> <span class='ocrx_word' id='word_1_595' title='bbox 908 4687 1169 4758; x_wconf 72' lang='grc' dir='ltr'>περὶτῆς</span> <span class='ocrx_word' id='word_1_596' title='bbox 1207 4690 1450 4751; x_wconf 84' lang='grc' dir='ltr'>πίστεως</span> <span class='ocrx_word' id='word_1_597' title='bbox 1489 4687 1564 4751; x_wconf 84' lang='grc' dir='ltr'><strong>ὡς</strong></span> <span class='ocrx_word' id='word_1_598' title='bbox 1602 4689 1818 4758; x_wconf 82' lang='grc' dir='ltr'>μεγάλα</span> 
     </span>
    </p>
   </div>
   <div class='ocr_carea' id='block_1_79' title="bbox 207 4779 1817 4850">
    <p class='ocr_par' dir='ltr' id='par_1_79' title="bbox 207 4779 1817 4850">
     <span class='ocr_line' id='line_1_79' title="bbox 207 4779 1817 4850; baseline 0.001 -18"><span class='ocrx_word' id='word_1_599' title='bbox 207 4780 560 4850; x_wconf 85' lang='grc' dir='ltr'>δυναμένης,</span> <span class='ocrx_word' id='word_1_600' title='bbox 595 4780 782 4848; x_wconf 68' lang='grc' dir='ltr'>φησιν,</span> <span class='ocrx_word' id='word_1_601' title='bbox 812 4781 915 4846; x_wconf 82' lang='grc' dir='ltr'>ὅτι,</span> <span class='ocrx_word' id='word_1_602' title='bbox 947 4779 1010 4833; x_wconf 75' lang='lat' dir='ltr'><strong>Ei</strong></span> <span class='ocrx_word' id='word_1_603' title='bbox 1046 4780 1223 4850; x_wconf 70' lang='grc' dir='ltr'>εἴχετε</span> <span class='ocrx_word' id='word_1_604' title='bbox 1249 4782 1453 4846; x_wconf 86' lang='grc' dir='ltr'>πίστιν,</span> <span class='ocrx_word' id='word_1_605' title='bbox 1483 4782 1579 4834; x_wconf 78' lang='grc' dir='ltr'>καὶ</span> <span class='ocrx_word' id='word_1_606' title='bbox 1611 4782 1817 4850; x_wconf 85' lang='grc' dir='ltr'>ταύτην</span> 
     </span>
    </p>
   </div>
   <div class='ocr_carea' id='block_1_80' title="bbox 209 4871 1817 4944">
    <p class='ocr_par' dir='ltr' id='par_1_80' title="bbox 209 4871 1817 4944">
     <span class='ocr_line' id='line_1_80' title="bbox 209 4871 1817 4944; baseline 0.002 -21"><span class='ocrx_word' id='word_1_607' title='bbox 209 4873 276 4924; x_wconf 76' lang='grc' dir='ltr'>ἂν</span> <span class='ocrx_word' id='word_1_608' title='bbox 317 4873 417 4941; x_wconf 80' lang='grc' dir='ltr'>τὴν</span> <span class='ocrx_word' id='word_1_609' title='bbox 468 4872 771 4940; x_wconf 85' lang='grc' dir='ltr'>συκάμινον</span> <span class='ocrx_word' id='word_1_610' title='bbox 808 4871 1230 4942; x_wconf 70' lang='grc' dir='ltr'>μετεφυτεύετε.</span> <span class='ocrx_word' id='word_1_611' title='bbox 1280 4872 1384 4925; x_wconf 92' lang='grc' dir='ltr'>Δύο</span> <span class='ocrx_word' id='word_1_612' title='bbox 1420 4872 1476 4925; x_wconf 86' lang='grc' dir='ltr'>δὲ</span> <span class='ocrx_word' id='word_1_613' title='bbox 1533 4875 1591 4925; x_wconf 84' lang='grc' dir='ltr'>ὲν</span> <span class='ocrx_word' id='word_1_614' title='bbox 1625 4873 1817 4944; x_wconf 75' lang='grc' dir='ltr'><strong>ταύτῷ</strong></span> 
     </span>
    </p>
   </div>
   <div class='ocr_carea' id='block_1_81' title="bbox 205 4964 1816 5037">
    <p class='ocr_par' dir='ltr' id='par_1_81' title="bbox 205 4964 1816 5037">
     <span class='ocr_line' id='line_1_81' title="bbox 205 4964 1816 5037; baseline 0.002 -22"><span class='ocrx_word' id='word_1_615' title='bbox 205 4966 276 5018; x_wconf 70' lang='grc' dir='ltr'>τὰ</span> <span class='ocrx_word' id='word_1_616' title='bbox 309 4964 548 5034; x_wconf 85' lang='grc' dir='ltr'>μεγάλα,</span> <span class='ocrx_word' id='word_1_617' title='bbox 579 4966 639 5017; x_wconf 89' lang='grc' dir='ltr'><strong>τό</strong></span> <span class='ocrx_word' id='word_1_618' title='bbox 663 4981 721 5016; x_wconf 89' lang='grc' dir='ltr'><strong>τε</strong></span> <span class='ocrx_word' id='word_1_619' title='bbox 759 4964 1199 5035; x_wconf 76' lang='grc' dir='ltr'>μετακινηθῆναι</span> <span class='ocrx_word' id='word_1_620' title='bbox 1229 4965 1291 5017; x_wconf 79' lang='grc' dir='ltr'>τὸ</span> <span class='ocrx_word' id='word_1_621' title='bbox 1335 4968 1480 5018; x_wconf 75' lang='grc' dir='ltr'>κατὰ</span> <span class='ocrx_word' id='word_1_622' title='bbox 1513 4966 1617 5035; x_wconf 81' lang='grc' dir='ltr'>γῆς</span> <span class='ocrx_word' id='word_1_623' title='bbox 1661 4967 1816 5037; x_wconf 77' lang='grc' dir='ltr'><strong>ὲρῤι-</strong></span> 
     </span>
    </p>
   </div>
   <div class='ocr_carea' id='block_1_82' title="bbox 207 5054 1808 5128">
    <p class='ocr_par' dir='ltr' id='par_1_82' title="bbox 207 5054 1808 5128">
     <span class='ocr_line' id='line_1_82' title="bbox 207 5054 1808 5128; baseline 0.002 -20"><span class='ocrx_word' id='word_1_624' title='bbox 207 5054 481 5124; x_wconf 82' lang='grc' dir='ltr'>ζωμένον,</span> <span class='ocrx_word' id='word_1_625' title='bbox 520 5055 614 5108; x_wconf 69' lang='grc' dir='ltr'>καὶ</span> <span class='ocrx_word' id='word_1_626' title='bbox 666 5055 727 5107; x_wconf 84' lang='grc' dir='ltr'>τὸ</span> <span class='ocrx_word' id='word_1_627' title='bbox 777 5057 836 5108; x_wconf 80' lang='grc' dir='ltr'>ἐν</span> <span class='ocrx_word' id='word_1_628' title='bbox 883 5058 950 5126; x_wconf 84' lang='grc' dir='ltr'>τῇ</span> <span class='ocrx_word' id='word_1_629' title='bbox 1007 5055 1254 5125; x_wconf 75' lang='grc' dir='ltr'>θαλάσσῃ</span> <span class='ocrx_word' id='word_1_630' title='bbox 1307 5057 1808 5128; x_wconf 70' lang='grc' dir='ltr'>μεταφυτευθῆναι*</span> 
     </span>
    </p>
   </div>
   <div class='ocr_carea' id='block_1_83' title="bbox 208 5147 1809 5219">
    <p class='ocr_par' dir='ltr' id='par_1_83' title="bbox 208 5147 1809 5219">
     <span class='ocr_line' id='line_1_83' title="bbox 208 5147 1809 5219; baseline 0.002 -19"><span class='ocrx_word' id='word_1_631' title='bbox 208 5150 267 5200; x_wconf 74' lang='grc' dir='ltr'>ἑν</span> <span class='ocrx_word' id='word_1_632' title='bbox 300 5147 454 5200; x_wconf 79' lang='grc' dir='ltr'>ὕδατι</span> <span class='ocrx_word' id='word_1_633' title='bbox 482 5149 591 5216; x_wconf 80' lang='grc' dir='ltr'><strong>γάρ</strong></span> <span class='ocrx_word' id='word_1_634' title='bbox 623 5148 673 5200; x_wconf 83' lang='grc' dir='ltr'><strong>τί</strong></span> <span class='ocrx_word' id='word_1_635' title='bbox 707 5147 774 5201; x_wconf 80' lang='grc' dir='ltr'>ἂν</span> <span class='ocrx_word' id='word_1_636' title='bbox 799 5148 1134 5217; x_wconf 73' lang='grc' dir='ltr'>φυτευθείη;</span> <span class='ocrx_word' id='word_1_637' title='bbox 1167 5149 1337 5219; x_wconf 79' lang='grc' dir='ltr'>Δῆλον</span> <span class='ocrx_word' id='word_1_638' title='bbox 1383 5150 1439 5203; x_wconf 82' lang='grc' dir='ltr'>δὲ</span> <span class='ocrx_word' id='word_1_639' title='bbox 1475 5151 1556 5203; x_wconf 77' lang='grc' dir='ltr'>ὅτι</span> <span class='ocrx_word' id='word_1_640' title='bbox 1598 5151 1686 5203; x_wconf 78' lang='grc' dir='ltr'><strong>διά</strong></span> <span class='ocrx_word' id='word_1_641' title='bbox 1716 5150 1809 5205; x_wconf 80' lang='grc' dir='ltr'><strong>τοῦ</strong></span> 
     </span>
    </p>
   </div>
   <div class='ocr_carea' id='block_1_84' title="bbox 207 5240 1806 5312">
    <p class='ocr_par' dir='ltr' id='par_1_84' title="bbox 207 5240 1806 5312">
     <span class='ocr_line' id='line_1_84' title="bbox 207 5240 1806 5312; baseline 0.002 -18"><span class='ocrx_word' id='word_1_642' title='bbox 207 5240 384 5294; x_wconf 76' lang='grc' dir='ltr'>ταῦτα</span> <span class='ocrx_word' id='word_1_643' title='bbox 433 5241 608 5293; x_wconf 79' lang='grc' dir='ltr'>εἰπεῖν</span> <span class='ocrx_word' id='word_1_644' title='bbox 633 5257 647 5270; x_wconf 77' lang='grc' dir='ltr'><strong><em>ο</em></strong></span> <span class='ocrx_word' id='word_1_645' title='bbox 684 5241 785 5312; x_wconf 82' lang='grc' dir='ltr'>τὴν</span> <span class='ocrx_word' id='word_1_646' title='bbox 827 5241 930 5310; x_wconf 82' lang='grc' dir='ltr'>τῆς</span> <span class='ocrx_word' id='word_1_647' title='bbox 981 5240 1220 5304; x_wconf 85' lang='grc' dir='ltr'>πίστεως</span> <span class='ocrx_word' id='word_1_648' title='bbox 1271 5241 1515 5296; x_wconf 83' lang='grc' dir='ltr'>δείκνυσι</span> <span class='ocrx_word' id='word_1_649' title='bbox 1555 5242 1806 5312; x_wconf 85' lang='grc' dir='ltr'>δύναμιν,</span> 
     </span>
    </p>
   </div>
   <div class='ocr_carea' id='block_1_85' title="bbox 206 5333 1811 5406">
    <p class='ocr_par' dir='ltr' id='par_1_85' title="bbox 206 5333 1811 5406">
     <span class='ocr_line' id='line_1_85' title="bbox 206 5333 1811 5406; baseline 0.001 -18"><span class='ocrx_word' id='word_1_650' title='bbox 206 5335 362 5405; x_wconf 79' lang='grc' dir='ltr'>Τάχα</span> <span class='ocrx_word' id='word_1_651' title='bbox 385 5335 431 5388; x_wconf 79' lang='grc' dir='ltr'>δ’</span> <span class='ocrx_word' id='word_1_652' title='bbox 463 5335 528 5388; x_wconf 79' lang='grc' dir='ltr'>ἄν</span> <span class='ocrx_word' id='word_1_653' title='bbox 549 5352 632 5398; x_wconf 88' lang='grc' dir='ltr'><strong>τις</strong></span> <span class='ocrx_word' id='word_1_654' title='bbox 655 5335 979 5406; x_wconf 84' lang='grc' dir='ltr'>άλληγορῶν</span> <span class='ocrx_word' id='word_1_655' title='bbox 1007 5336 1108 5404; x_wconf 81' lang='grc' dir='ltr'>τὴν</span> <span class='ocrx_word' id='word_1_656' title='bbox 1131 5337 1456 5405; x_wconf 84' lang='grc' dir='ltr'>συκάμινον,</span> <span class='ocrx_word' id='word_1_657' title='bbox 1487 5336 1630 5388; x_wconf 81' lang='grc' dir='ltr'>εἴποι</span> <span class='ocrx_word' id='word_1_658' title='bbox 1669 5333 1811 5391; x_wconf 74' lang='grc' dir='ltr'>εἶναι</span> 
     </span>
    </p>
   </div>
   <div class='ocr_carea' id='block_1_86' title="bbox 205 5426 1812 5500">
    <p class='ocr_par' dir='ltr' id='par_1_86' title="bbox 205 5426 1812 5500">
     <span class='ocr_line' id='line_1_86' title="bbox 205 5426 1812 5500; baseline 0.002 -21"><span class='ocrx_word' id='word_1_659' title='bbox 205 5426 299 5480; x_wconf 73' lang='grc' dir='ltr'><strong>ἰον</strong></span> <span class='ocrx_word' id='word_1_660' title='bbox 336 5427 605 5494; x_wconf 73' lang='grc' dir='ltr'>διάϐολον,</span> <span class='ocrx_word' id='word_1_661' title='bbox 651 5427 728 5490; x_wconf 85' lang='grc' dir='ltr'>ὠς</span> <span class='ocrx_word' id='word_1_662' title='bbox 763 5428 858 5481; x_wconf 76' lang='grc' dir='ltr'>τοῦ</span> <span class='ocrx_word' id='word_1_663' title='bbox 927 5428 1150 5482; x_wconf 89' lang='grc' dir='ltr'>αἰωνίου</span> <span class='ocrx_word' id='word_1_664' title='bbox 1203 5429 1489 5500; x_wconf 79' lang='grc' dir='ltr'>σκώληκος</span> <span class='ocrx_word' id='word_1_665' title='bbox 1549 5430 1812 5498; x_wconf 76' lang='grc' dir='ltr'>πρόξενον</span> 
     </span>
    </p>
   </div>
   <div class='ocr_carea' id='block_1_87' title="bbox 208 5521 1810 5593">
    <p class='ocr_par' dir='ltr' id='par_1_87' title="bbox 208 5521 1810 5593">
     <span class='ocr_line' id='line_1_87' title="bbox 208 5521 1810 5593; baseline 0.003 -22"><span class='ocrx_word' id='word_1_666' title='bbox 208 5521 364 5590; x_wconf 79' lang='grc' dir='ltr'>ἡμῖν,</span> <span class='ocrx_word' id='word_1_667' title='bbox 397 5523 494 5572; x_wconf 74' lang='grc' dir='ltr'>καὶ</span> <span class='ocrx_word' id='word_1_668' title='bbox 535 5522 739 5591; x_wconf 76' lang='grc' dir='ltr'>τροφέα</span> <span class='ocrx_word' id='word_1_669' title='bbox 775 5522 1063 5593; x_wconf 72' lang='grc' dir='ltr'>γινόμενον</span> <span class='ocrx_word' id='word_1_670' title='bbox 1087 5521 1176 5574; x_wconf 78' lang='grc' dir='ltr'><strong>διὰ</strong></span> <span class='ocrx_word' id='word_1_671' title='bbox 1217 5522 1327 5576; x_wconf 84' lang='grc' dir='ltr'><strong>τῶν</strong></span> <span class='ocrx_word' id='word_1_672' title='bbox 1363 5523 1420 5590; x_wconf 75' lang='grc' dir='ltr'>ἐξ</span> <span class='ocrx_word' id='word_1_673' title='bbox 1457 5523 1627 5576; x_wconf 78' lang='grc' dir='ltr'>αὑτοῦ</span> <span class='ocrx_word' id='word_1_674' title='bbox 1679 5542 1810 5592; x_wconf 77' lang='grc' dir='ltr'>φυο-</span> 
     </span>
    </p>
   </div>
   <div class='ocr_carea' id='block_1_88' title="bbox 206 5610 1807 5684">
    <p class='ocr_par' dir='ltr' id='par_1_88' title="bbox 206 5610 1807 5684">
     <span class='ocr_line' id='line_1_88' title="bbox 206 5610 1807 5684; baseline 0.002 -19"><span class='ocrx_word' id='word_1_675' title='bbox 206 5613 386 5683; x_wconf 87' lang='grc' dir='ltr'>μένων</span> <span class='ocrx_word' id='word_1_676' title='bbox 419 5610 720 5682; x_wconf 86' lang='grc' dir='ltr'>λογισμῶν,</span> <span class='ocrx_word' id='word_1_677' title='bbox 752 5613 854 5681; x_wconf 80' lang='grc' dir='ltr'>τῆς</span> <span class='ocrx_word' id='word_1_678' title='bbox 885 5613 992 5684; x_wconf 76' lang='grc' dir='ltr'><strong>γὰρ</strong></span> <span class='ocrx_word' id='word_1_679' title='bbox 1019 5616 1327 5684; x_wconf 84' lang='grc' dir='ltr'>συκαμίνου</span> <span class='ocrx_word' id='word_1_680' title='bbox 1352 5617 1418 5667; x_wconf 68' lang='grc' dir='ltr'>τὰ</span> <span class='ocrx_word' id='word_1_681' title='bbox 1452 5616 1626 5684; x_wconf 76' lang='grc' dir='ltr'>φύλλα</span> <span class='ocrx_word' id='word_1_682' title='bbox 1661 5617 1807 5668; x_wconf 85' lang='grc' dir='ltr'>σκώ-</span> 
     </span>
    </p>
   </div>
   <div class='ocr_carea' id='block_1_89' title="bbox 201 5701 1804 5778">
    <p class='ocr_par' dir='ltr' id='par_1_89' title="bbox 201 5701 1804 5778">
     <span class='ocr_line' id='line_1_89' title="bbox 201 5701 1804 5778; baseline 0.004 -21"><span class='ocrx_word' id='word_1_683' title='bbox 201 5704 377 5775; x_wconf 88' lang='grc' dir='ltr'>ληκας</span> <span class='ocrx_word' id='word_1_684' title='bbox 405 5702 694 5774; x_wconf 74' lang='grc' dir='ltr'>τρέφουσι,</span> <span class='ocrx_word' id='word_1_685' title='bbox 721 5703 794 5755; x_wconf 75' lang='grc' dir='ltr'>δι’</span> <span class='ocrx_word' id='word_1_686' title='bbox 827 5701 901 5758; x_wconf 79' lang='grc' dir='ltr'>ὧν</span> <span class='ocrx_word' id='word_1_687' title='bbox 934 5705 1001 5757; x_wconf 78' lang='grc' dir='ltr'><strong>τὰ</strong></span> <span class='ocrx_word' id='word_1_688' title='bbox 1034 5706 1238 5777; x_wconf 78' lang='grc' dir='ltr'>σηρικὰ</span> <span class='ocrx_word' id='word_1_689' title='bbox 1289 5708 1507 5778; x_wconf 83' lang='grc' dir='ltr'>νήματα</span> <span class='ocrx_word' id='word_1_690' title='bbox 1535 5709 1804 5776; x_wconf 83' lang='grc' dir='ltr'>γίνονται.</span> 
     </span>
    </p>
   </div>
   <div class='ocr_carea' id='block_1_90' title="bbox 204 5795 1803 5877">
    <p class='ocr_par' dir='ltr' id='par_1_90' title="bbox 204 5795 1803 5877">
     <span class='ocr_line' id='line_1_90' title="bbox 204 5795 1803 5877; baseline 0.006 -25"><span class='ocrx_word' id='word_1_691' title='bbox 204 5799 426 5868; x_wconf 83' lang='grc' dir='ltr'>Ταύτην</span> <span class='ocrx_word' id='word_1_692' title='bbox 455 5795 552 5850; x_wconf 71' lang='grc' dir='ltr'>οὖν</span> <span class='ocrx_word' id='word_1_693' title='bbox 585 5798 683 5868; x_wconf 75' lang='grc' dir='ltr'>τὴν</span> <span class='ocrx_word' id='word_1_694' title='bbox 735 5804 1037 5870; x_wconf 81' lang='grc' dir='ltr'>συκάμινον</span> <span class='ocrx_word' id='word_1_695' title='bbox 1079 5803 1111 5857; x_wconf 58' lang='lat'><strong>1&quot;</strong></span> <span class='ocrx_word' id='word_1_696' title='bbox 1161 5801 1345 5868; x_wconf 79' lang='grc' dir='ltr'>πίστις</span> <span class='ocrx_word' id='word_1_697' title='bbox 1388 5804 1616 5860; x_wconf 85' lang='grc' dir='ltr'>δύναται</span> <span class='ocrx_word' id='word_1_698' title='bbox 1646 5808 1803 5877; x_wconf 80' lang='grc' dir='ltr'>ἐκρι-</span> 
     </span>
    </p>
   </div>
   <div class='ocr_carea' id='block_1_91' title="bbox 273 5981 993 6049">
    <p class='ocr_par' dir='ltr' id='par_1_91' title="bbox 273 5981 993 6049">
     <span class='ocr_line' id='line_1_91' title="bbox 273 5981 993 6049; baseline -0.021 -8"><span class='ocrx_word' id='word_1_699' title='bbox 273 5983 316 6015; x_wconf 65' lang='lat'><strong>“</strong></span> <span class='ocrx_word' id='word_1_700' title='bbox 351 5981 551 6039; x_wconf 69' lang='lat' dir='ltr'><strong>Matth.</strong></span> <span class='ocrx_word' id='word_1_701' title='bbox 586 5999 740 6049; x_wconf 59' lang='lat' dir='ltr'><strong>sint.</strong></span> <span class='ocrx_word' id='word_1_702' title='bbox 789 5985 870 6043; x_wconf 72' lang='grc'><strong>21,</strong></span> <span class='ocrx_word' id='word_1_703' title='bbox 906 5989 993 6040; x_wconf 50' lang='grc' dir='ltr'>ῖς,</span> 
     </span>
    </p>
   </div>
   <div class='ocr_carea' id='block_1_92' title="bbox 1931 3390 3540 3462">
    <p class='ocr_par' dir='ltr' id='par_1_92' title="bbox 1931 3390 3540 3462">
     <span class='ocr_line' id='line_1_92' title="bbox 1931 3390 3540 3462; baseline -0.007 -9"><span class='ocrx_word' id='word_1_704' title='bbox 1931 3396 2158 3453; x_wconf 90' lang='lat' dir='ltr'><strong>busdam</strong></span> <span class='ocrx_word' id='word_1_705' title='bbox 2216 3396 2319 3450; x_wconf 87' lang='lat' dir='ltr'><strong>sibi</strong></span> <span class='ocrx_word' id='word_1_706' title='bbox 2347 3395 2620 3449; x_wconf 89' lang='lat' dir='ltr'><strong>dicentem</strong></span> <span class='ocrx_word' id='word_1_707' title='bbox 2647 3403 2700 3448; x_wconf 88' lang='lat' dir='ltr'><strong>et</strong></span> <span class='ocrx_word' id='word_1_708' title='bbox 2729 3396 2794 3448; x_wconf 92' lang='lat' dir='ltr'><strong>de</strong></span> <span class='ocrx_word' id='word_1_709' title='bbox 2818 3393 3061 3462; x_wconf 87' lang='lat' dir='ltr'><strong>periculo</strong></span> <span class='ocrx_word' id='word_1_710' title='bbox 3084 3392 3151 3444; x_wconf 88' lang='lat' dir='ltr'><strong>ab</strong></span> <span class='ocrx_word' id='word_1_711' title='bbox 3173 3390 3540 3454; x_wconf 75' lang='lat' dir='ltr'><strong>offendit-alis,</strong></span> 
     </span>
    </p>
   </div>
   <div class='ocr_carea' id='block_1_93' title="bbox 1929 3486 3532 3561">
    <p class='ocr_par' dir='ltr' id='par_1_93' title="bbox 1929 3486 3532 3561">
     <span class='ocr_line' id='line_1_93' title="bbox 1929 3486 3532 3561; baseline -0.005 -18"><span class='ocrx_word' id='word_1_712' title='bbox 1929 3497 2222 3561; x_wconf 86' lang='lat' dir='ltr'><strong>precantur</strong></span> <span class='ocrx_word' id='word_1_713' title='bbox 2263 3498 2319 3544; x_wconf 91' lang='lat' dir='ltr'><strong>ut</strong></span> <span class='ocrx_word' id='word_1_714' title='bbox 2362 3498 2631 3558; x_wconf 88' lang='lat' dir='ltr'><strong>augeatur</strong></span> <span class='ocrx_word' id='word_1_715' title='bbox 2658 3487 2711 3540; x_wconf 90' lang='lat' dir='ltr'><strong>in</strong></span> <span class='ocrx_word' id='word_1_716' title='bbox 2744 3487 2822 3542; x_wconf 89' lang='lat' dir='ltr'><strong>eis</strong></span> <span class='ocrx_word' id='word_1_717' title='bbox 2855 3486 2976 3540; x_wconf 80' lang='lat' dir='ltr'><strong>fidei</strong></span> <span class='ocrx_word' id='word_1_718' title='bbox 3017 3486 3211 3546; x_wconf 86' lang='lat' dir='ltr'><strong>virtus,</strong></span> <span class='ocrx_word' id='word_1_719' title='bbox 3248 3499 3532 3554; x_wconf 86' lang='lat' dir='ltr'><strong>perquam</strong></span> 
     </span>
    </p>
   </div>
   <div class='ocr_carea' id='block_1_94' title="bbox 1927 3575 3534 3654">
    <p class='ocr_par' dir='ltr' id='par_1_94' title="bbox 1927 3575 3534 3654">
     <span class='ocr_line' id='line_1_94' title="bbox 1927 3575 3534 3654; baseline -0.006 -16"><span class='ocrx_word' id='word_1_720' title='bbox 1927 3583 2139 3654; x_wconf 88' lang='lat' dir='ltr'><strong>possint</strong></span> <span class='ocrx_word' id='word_1_721' title='bbox 2183 3581 2297 3635; x_wconf 65' lang='lat' dir='ltr'><strong>[me</strong></span> <span class='ocrx_word' id='word_1_722' title='bbox 2349 3596 2468 3650; x_wconf 74' lang='lat' dir='ltr'><strong>qua:</strong></span> <span class='ocrx_word' id='word_1_723' title='bbox 2522 3579 2655 3634; x_wconf 90' lang='lat' dir='ltr'><strong>dicit</strong></span> <span class='ocrx_word' id='word_1_724' title='bbox 2705 3580 2914 3649; x_wconf 88' lang='lat' dir='ltr'><strong>perlici,</strong></span> <span class='ocrx_word' id='word_1_725' title='bbox 2952 3581 3017 3632; x_wconf 90' lang='lat' dir='ltr'><strong>de</strong></span> <span class='ocrx_word' id='word_1_726' title='bbox 3066 3586 3388 3648; x_wconf 85' lang='lat' dir='ltr'><strong>paupertate</strong></span> <span class='ocrx_word' id='word_1_727' title='bbox 3453 3575 3534 3628; x_wconf 90' lang='lat' dir='ltr'><strong>vi-</strong></span> 
     </span>
    </p>
   </div>
   <div class='ocr_carea' id='block_1_95' title="bbox 1932 3667 3535 3737">
    <p class='ocr_par' dir='ltr' id='par_1_95' title="bbox 1932 3667 3535 3737">
     <span class='ocr_line' id='line_1_95' title="bbox 1932 3667 3535 3737; baseline -0.007 -8"><span class='ocrx_word' id='word_1_728' title='bbox 1932 3674 2149 3729; x_wconf 81' lang='lat' dir='ltr'><strong>delicet.</strong></span> <span class='ocrx_word' id='word_1_729' title='bbox 2203 3669 2352 3726; x_wconf 88' lang='lat' dir='ltr'><strong>Nihil</strong></span> <span class='ocrx_word' id='word_1_730' title='bbox 2393 3671 2537 3725; x_wconf 90' lang='lat' dir='ltr'><strong>enim</strong></span> <span class='ocrx_word' id='word_1_731' title='bbox 2593 3670 2729 3724; x_wconf 89' lang='lat' dir='ltr'><strong>adeo</strong></span> <span class='ocrx_word' id='word_1_732' title='bbox 2762 3669 2828 3723; x_wconf 89' lang='lat' dir='ltr'><strong>ad</strong></span> <span class='ocrx_word' id='word_1_733' title='bbox 2869 3679 3248 3737; x_wconf 78' lang='lat' dir='ltr'><strong>pauperlatem</strong></span> <span class='ocrx_word' id='word_1_734' title='bbox 3298 3667 3365 3721; x_wconf 89' lang='lat' dir='ltr'><strong>de</strong></span> <span class='ocrx_word' id='word_1_735' title='bbox 3429 3684 3535 3736; x_wconf 87' lang='lat' dir='ltr'><strong>qua</strong></span> 
     </span>
    </p>
   </div>
   <div class='ocr_carea' id='block_1_96' title="bbox 1927 3735 3538 3838">
    <p class='ocr_par' dir='ltr' id='par_1_96' title="bbox 1927 3735 3538 3838">
     <span class='ocr_line' id='line_1_96' title="bbox 1927 3735 3538 3838; baseline -0.006 -16"><span class='ocrx_word' id='word_1_736' title='bbox 1927 3768 2190 3838; x_wconf 87' lang='lat' dir='ltr'><strong>loquitur,</strong></span> <span class='ocrx_word' id='word_1_737' title='bbox 2237 3766 2628 3834; x_wconf 75' lang='lat' dir='ltr'><strong>perficiendzun</strong></span> <span class='ocrx_word' id='word_1_738' title='bbox 2669 3764 2950 3828; x_wconf 80' lang='lat' dir='ltr'><strong>conducit,</strong></span> <span class='ocrx_word' id='word_1_739' title='bbox 3009 3735 3171 3829; x_wconf 66' lang='lat' dir='ltr'><strong>alqtie</strong></span> <span class='ocrx_word' id='word_1_740' title='bbox 3204 3763 3430 3816; x_wconf 74' lang='lat' dir='ltr'><strong>Credere</strong></span> <span class='ocrx_word' id='word_1_741' title='bbox 3481 3772 3538 3813; x_wconf 88' lang='lat' dir='ltr'><strong>et</strong></span> 
     </span>
    </p>
   </div>
   <div class='ocr_carea' id='block_1_97' title="bbox 1937 3847 3538 3927">
    <p class='ocr_par' dir='ltr' id='par_1_97' title="bbox 1937 3847 3538 3927">
     <span class='ocr_line' id='line_1_97' title="bbox 1937 3847 3538 3927; baseline -0.004 -13"><span class='ocrx_word' id='word_1_742' title='bbox 1937 3858 2215 3915; x_wconf 82' lang='lat' dir='ltr'><strong>conlidere</strong></span> <span class='ocrx_word' id='word_1_743' title='bbox 2242 3856 2394 3913; x_wconf 86' lang='lat' dir='ltr'><strong>Deo:</strong></span> <span class='ocrx_word' id='word_1_744' title='bbox 2431 3857 2892 3927; x_wconf 82' lang='lat' dir='ltr'><strong>quemadmodum</strong></span> <span class='ocrx_word' id='word_1_745' title='bbox 2952 3855 3086 3910; x_wconf 85' lang='lat' dir='ltr'><strong>nihil</strong></span> <span class='ocrx_word' id='word_1_746' title='bbox 3125 3847 3196 3906; x_wconf 85' lang='lat' dir='ltr'><strong>ita</strong></span> <span class='ocrx_word' id='word_1_747' title='bbox 3244 3853 3377 3908; x_wconf 87' lang='lat' dir='ltr'><strong>facit</strong></span> <span class='ocrx_word' id='word_1_748' title='bbox 3422 3855 3538 3908; x_wconf 84' lang='lat' dir='ltr'><strong>the-</strong></span> 
     </span>
    </p>
   </div>
   <div class='ocr_carea' id='block_1_98' title="bbox 1926 3944 3537 4017">
    <p class='ocr_par' dir='ltr' id='par_1_98' title="bbox 1926 3944 3537 4017">
     <span class='ocr_line' id='line_1_98' title="bbox 1926 3944 3537 4017; baseline -0.006 -11"><span class='ocrx_word' id='word_1_749' title='bbox 1926 3964 2121 4006; x_wconf 88' lang='lat' dir='ltr'><strong>sauros</strong></span> <span class='ocrx_word' id='word_1_750' title='bbox 2152 3962 2442 4017; x_wconf 81' lang='lat' dir='ltr'><strong>reponere,</strong></span> <span class='ocrx_word' id='word_1_751' title='bbox 2480 3958 2538 4001; x_wconf 89' lang='lat' dir='ltr'><strong>ut</strong></span> <span class='ocrx_word' id='word_1_752' title='bbox 2601 3962 2708 4002; x_wconf 91' lang='lat' dir='ltr'><strong>non</strong></span> <span class='ocrx_word' id='word_1_753' title='bbox 2743 3946 2974 4000; x_wconf 89' lang='lat' dir='ltr'><strong>credere</strong></span> <span class='ocrx_word' id='word_1_754' title='bbox 3009 3947 3151 4016; x_wconf 91' lang='lat' dir='ltr'><strong>quod</strong></span> <span class='ocrx_word' id='word_1_755' title='bbox 3206 3960 3435 4014; x_wconf 87' lang='lat' dir='ltr'><strong>magnus</strong></span> <span class='ocrx_word' id='word_1_756' title='bbox 3466 3944 3537 3996; x_wconf 86' lang='lat' dir='ltr'><strong>sit</strong></span> 
     </span>
    </p>
   </div>
   <div class='ocr_carea' id='block_1_99' title="bbox 1928 4034 3530 4106">
    <p class='ocr_par' dir='ltr' id='par_1_99' title="bbox 1928 4034 3530 4106">
     <span class='ocr_line' id='line_1_99' title="bbox 1928 4034 3530 4106; baseline -0.006 -11"><span class='ocrx_word' id='word_1_757' title='bbox 1928 4041 2302 4096; x_wconf 85' lang='lat' dir='ltr'><strong>thesaurarins</strong></span> <span class='ocrx_word' id='word_1_758' title='bbox 2336 4040 2500 4105; x_wconf 89' lang='lat' dir='ltr'><strong>Deus,</strong></span> <span class='ocrx_word' id='word_1_759' title='bbox 2558 4046 2613 4092; x_wconf 86' lang='lat' dir='ltr'><strong>et</strong></span> <span class='ocrx_word' id='word_1_760' title='bbox 2673 4038 3062 4093; x_wconf 71' lang='lat' dir='ltr'><strong>inexhaustum</strong></span> <span class='ocrx_word' id='word_1_761' title='bbox 3091 4034 3530 4106; x_wconf 82' lang='lat' dir='ltr'><strong>promptuarium</strong></span> 
     </span>
    </p>
   </div>
   <div class='ocr_carea' id='block_1_100' title="bbox 1927 4128 3532 4202">
    <p class='ocr_par' dir='ltr' id='par_1_100' title="bbox 1927 4128 3532 4202">
     <span class='ocr_line' id='line_1_100' title="bbox 1927 4128 3532 4202; baseline -0.004 -16"><span class='ocrx_word' id='word_1_762' title='bbox 1927 4133 2142 4187; x_wconf 90' lang='lat' dir='ltr'><strong>bonitas</strong></span> <span class='ocrx_word' id='word_1_763' title='bbox 2164 4134 2305 4202; x_wconf 88' lang='lat' dir='ltr'><strong>ejus.</strong></span> <span class='ocrx_word' id='word_1_764' title='bbox 2352 4130 2580 4201; x_wconf 87' lang='lat' dir='ltr'><strong>insuper</strong></span> <span class='ocrx_word' id='word_1_765' title='bbox 2611 4142 2671 4185; x_wconf 91' lang='lat' dir='ltr'><strong>ut</strong></span> <span class='ocrx_word' id='word_1_766' title='bbox 2736 4140 2789 4185; x_wconf 89' lang='lat' dir='ltr'><strong>et</strong></span> <span class='ocrx_word' id='word_1_767' title='bbox 2831 4129 3172 4184; x_wconf 78' lang='lat' dir='ltr'><strong>oliendiculis</strong></span> <span class='ocrx_word' id='word_1_768' title='bbox 3234 4145 3332 4200; x_wconf 90' lang='lat' dir='ltr'><strong>per</strong></span> <span class='ocrx_word' id='word_1_769' title='bbox 3373 4128 3532 4181; x_wconf 77' lang='lat' dir='ltr'><strong>fidem</strong></span> 
     </span>
    </p>
   </div>
   <div class='ocr_carea' id='block_1_101' title="bbox 1925 4221 3535 4294">
    <p class='ocr_par' dir='ltr' id='par_1_101' title="bbox 1925 4221 3535 4294">
     <span class='ocr_line' id='line_1_101' title="bbox 1925 4221 3535 4294; baseline -0.004 -16"><span class='ocrx_word' id='word_1_770' title='bbox 1925 4223 2194 4279; x_wconf 86' lang='lat' dir='ltr'><strong>obsistere</strong></span> <span class='ocrx_word' id='word_1_771' title='bbox 2235 4223 2471 4294; x_wconf 89' lang='lat' dir='ltr'><strong>possint,</strong></span> <span class='ocrx_word' id='word_1_772' title='bbox 2536 4222 2659 4278; x_wconf 86' lang='lat' dir='ltr'><strong>ideo</strong></span> <span class='ocrx_word' id='word_1_773' title='bbox 2710 4223 3039 4276; x_wconf 83' lang='lat' dir='ltr'><strong>accedentes</strong></span> <span class='ocrx_word' id='word_1_774' title='bbox 3084 4222 3274 4276; x_wconf 87' lang='lat' dir='ltr'><strong>dicunt</strong></span> <span class='ocrx_word' id='word_1_775' title='bbox 3321 4239 3334 4274; x_wconf 91' lang='lat'><strong>:</strong></span> <span class='ocrx_word' id='word_1_776' title='bbox 3384 4221 3535 4290; x_wconf 81' lang='lat' dir='ltr'><strong>Auge</strong></span> 
     </span>
    </p>
   </div>
   <div class='ocr_carea' id='block_1_102' title="bbox 1925 4313 3533 4385">
    <p class='ocr_par' dir='ltr' id='par_1_102' title="bbox 1925 4313 3533 4385">
     <span class='ocr_line' id='line_1_102' title="bbox 1925 4313 3533 4385; baseline -0.004 -15"><span class='ocrx_word' id='word_1_777' title='bbox 1925 4316 2084 4370; x_wconf 90' lang='lat' dir='ltr'><strong>nobis</strong></span> <span class='ocrx_word' id='word_1_778' title='bbox 2119 4317 2302 4382; x_wconf 85' lang='lat' dir='ltr'><strong>fidem,</strong></span> <span class='ocrx_word' id='word_1_779' title='bbox 2357 4314 2443 4371; x_wconf 85' lang='lat' dir='ltr'><strong>fac</strong></span> <span class='ocrx_word' id='word_1_780' title='bbox 2489 4331 2591 4372; x_wconf 90' lang='lat' dir='ltr'><strong>nos</strong></span> <span class='ocrx_word' id='word_1_781' title='bbox 2632 4318 2988 4385; x_wconf 86' lang='lat' dir='ltr'><strong>perfectiores</strong></span> <span class='ocrx_word' id='word_1_782' title='bbox 3036 4325 3091 4370; x_wconf 78' lang='lat' dir='ltr'><strong>et</strong></span> <span class='ocrx_word' id='word_1_783' title='bbox 3149 4314 3425 4368; x_wconf 88' lang='lat' dir='ltr'><strong>firmiores</strong></span> <span class='ocrx_word' id='word_1_784' title='bbox 3480 4313 3533 4364; x_wconf 93' lang='lat' dir='ltr'><strong>in</strong></span> 
     </span>
    </p>
   </div>
   <div class='ocr_carea' id='block_1_103' title="bbox 1926 4406 3523 4476">
    <p class='ocr_par' dir='ltr' id='par_1_103' title="bbox 1926 4406 3523 4476">
     <span class='ocr_line' id='line_1_103' title="bbox 1926 4406 3523 4476; baseline -0.003 -14"><span class='ocrx_word' id='word_1_785' title='bbox 1926 4409 2050 4465; x_wconf 87' lang='lat' dir='ltr'><strong>fide.</strong></span> <span class='ocrx_word' id='word_1_786' title='bbox 2090 4409 2353 4465; x_wconf 88' lang='lat' dir='ltr'><strong>Dominus</strong></span> <span class='ocrx_word' id='word_1_787' title='bbox 2388 4421 2570 4465; x_wconf 90' lang='lat' dir='ltr'><strong>autem</strong></span> <span class='ocrx_word' id='word_1_788' title='bbox 2625 4411 2925 4464; x_wconf 89' lang='lat' dir='ltr'><strong>ostendens</strong></span> <span class='ocrx_word' id='word_1_789' title='bbox 2968 4408 3047 4462; x_wconf 90' lang='lat' dir='ltr'><strong>eis</strong></span> <span class='ocrx_word' id='word_1_790' title='bbox 3080 4407 3222 4476; x_wconf 89' lang='lat' dir='ltr'><strong>quod</strong></span> <span class='ocrx_word' id='word_1_791' title='bbox 3258 4406 3400 4460; x_wconf 86' lang='lat' dir='ltr'><strong>bene</strong></span> <span class='ocrx_word' id='word_1_792' title='bbox 3425 4418 3523 4472; x_wconf 88' lang='lat' dir='ltr'><strong>pe-</strong></span> 
     </span>
    </p>
   </div>
   <div class='ocr_carea' id='block_1_104' title="bbox 1928 4501 3534 4573">
    <p class='ocr_par' dir='ltr' id='par_1_104' title="bbox 1928 4501 3534 4573">
     <span class='ocr_line' id='line_1_104' title="bbox 1928 4501 3534 4573; baseline -0.005 -15"><span class='ocrx_word' id='word_1_793' title='bbox 1928 4512 2063 4568; x_wconf 85' lang='lat' dir='ltr'><strong>tant,</strong></span> <span class='ocrx_word' id='word_1_794' title='bbox 2103 4511 2159 4557; x_wconf 94' lang='lat' dir='ltr'><strong>et</strong></span> <span class='ocrx_word' id='word_1_795' title='bbox 2189 4504 2335 4573; x_wconf 89' lang='lat' dir='ltr'><strong>quod</strong></span> <span class='ocrx_word' id='word_1_796' title='bbox 2365 4504 2506 4557; x_wconf 87' lang='lat' dir='ltr'><strong>hanc</strong></span> <span class='ocrx_word' id='word_1_797' title='bbox 2536 4512 2773 4557; x_wconf 87' lang='lat' dir='ltr'><strong>mentem</strong></span> <span class='ocrx_word' id='word_1_798' title='bbox 2803 4501 3032 4555; x_wconf 83' lang='lat' dir='ltr'><strong>firmiter</strong></span> <span class='ocrx_word' id='word_1_799' title='bbox 3062 4502 3264 4555; x_wconf 86' lang='lat' dir='ltr'><strong>habere</strong></span> <span class='ocrx_word' id='word_1_800' title='bbox 3296 4501 3534 4553; x_wconf 82' lang='lat' dir='ltr'><strong>debeant</strong></span> 
     </span>
    </p>
   </div>
   <div class='ocr_carea' id='block_1_105' title="bbox 1923 4593 3530 4660">
    <p class='ocr_par' dir='ltr' id='par_1_105' title="bbox 1923 4593 3530 4660">
     <span class='ocr_line' id='line_1_105' title="bbox 1923 4593 3530 4660; baseline -0.004 -9"><span class='ocrx_word' id='word_1_801' title='bbox 1923 4598 1989 4651; x_wconf 89' lang='lat' dir='ltr'><strong>de</strong></span> <span class='ocrx_word' id='word_1_802' title='bbox 2010 4597 2113 4652; x_wconf 89' lang='lat' dir='ltr'><strong>fide</strong></span> <span class='ocrx_word' id='word_1_803' title='bbox 2146 4606 2202 4650; x_wconf 95' lang='lat' dir='ltr'><strong>ut</strong></span> <span class='ocrx_word' id='word_1_804' title='bbox 2240 4597 2467 4650; x_wconf 88' lang='lat' dir='ltr'><strong>multum</strong></span> <span class='ocrx_word' id='word_1_805' title='bbox 2492 4595 2725 4660; x_wconf 88' lang='lat' dir='ltr'><strong>efIicaei,</strong></span> <span class='ocrx_word' id='word_1_806' title='bbox 2747 4595 2877 4650; x_wconf 87' lang='lat' dir='ltr'><strong>dicit</strong></span> <span class='ocrx_word' id='word_1_807' title='bbox 2905 4614 2917 4649; x_wconf 89' lang='lat'><strong>:</strong></span> <span class='ocrx_word' id='word_1_808' title='bbox 2949 4595 3004 4650; x_wconf 91' lang='lat' dir='ltr'><strong>Si</strong></span> <span class='ocrx_word' id='word_1_809' title='bbox 3036 4595 3314 4648; x_wconf 85' lang='lat' dir='ltr'><strong>haberetis</strong></span> <span class='ocrx_word' id='word_1_810' title='bbox 3345 4593 3530 4655; x_wconf 87' lang='lat' dir='ltr'><strong>fidem,</strong></span> 
     </span>
    </p>
   </div>
   <div class='ocr_carea' id='block_1_106' title="bbox 1927 4685 3527 4760">
    <p class='ocr_par' dir='ltr' id='par_1_106' title="bbox 1927 4685 3527 4760">
     <span class='ocr_line' id='line_1_106' title="bbox 1927 4685 3527 4760; baseline -0.004 -17"><span class='ocrx_word' id='word_1_811' title='bbox 1927 4692 2085 4743; x_wconf 87' lang='lat' dir='ltr'><strong>istam</strong></span> <span class='ocrx_word' id='word_1_812' title='bbox 2123 4689 2470 4760; x_wconf 83' lang='lat' dir='ltr'><strong>sycamiuum</strong></span> <span class='ocrx_word' id='word_1_813' title='bbox 2517 4688 3058 4759; x_wconf 89' lang='lat' dir='ltr'><strong>transplantassetis.</strong></span> <span class='ocrx_word' id='word_1_814' title='bbox 3100 4687 3215 4741; x_wconf 94' lang='lat' dir='ltr'><strong>Duo</strong></span> <span class='ocrx_word' id='word_1_815' title='bbox 3258 4693 3440 4739; x_wconf 89' lang='lat' dir='ltr'><strong>autem</strong></span> <span class='ocrx_word' id='word_1_816' title='bbox 3473 4685 3527 4738; x_wconf 91' lang='lat' dir='ltr'><strong>in</strong></span> 
     </span>
    </p>
   </div>
   <div class='ocr_carea' id='block_1_107' title="bbox 1923 4765 3538 4852">
    <p class='ocr_par' dir='ltr' id='par_1_107' title="bbox 1923 4765 3538 4852">
     <span class='ocr_line' id='line_1_107' title="bbox 1923 4765 3538 4852; baseline -0.003 -15"><span class='ocrx_word' id='word_1_817' title='bbox 1923 4783 2027 4838; x_wconf 92' lang='lat' dir='ltr'><strong>hoc</strong></span> <span class='ocrx_word' id='word_1_818' title='bbox 2061 4797 2256 4852; x_wconf 86' lang='lat' dir='ltr'><strong>magna</strong></span> <span class='ocrx_word' id='word_1_819' title='bbox 2310 4790 2459 4844; x_wconf 81' lang='lat' dir='ltr'><strong>sunt,</strong></span> <span class='ocrx_word' id='word_1_820' title='bbox 2495 4796 2696 4850; x_wconf 86' lang='lat' dir='ltr'><strong>nempe</strong></span> <span class='ocrx_word' id='word_1_821' title='bbox 2745 4783 2801 4835; x_wconf 89' lang='lat' dir='ltr'><strong>in</strong></span> <span class='ocrx_word' id='word_1_822' title='bbox 2862 4783 3027 4836; x_wconf 88' lang='lat' dir='ltr'><strong>alium</strong></span> <span class='ocrx_word' id='word_1_823' title='bbox 3083 4780 3262 4834; x_wconf 82' lang='lat' dir='ltr'><strong>locum</strong></span> <span class='ocrx_word' id='word_1_824' title='bbox 3321 4765 3538 4833; x_wconf 79' lang='lat' dir='ltr'><strong>moveri</strong></span> 
     </span>
    </p>
   </div>
   <div class='ocr_carea' id='block_1_108' title="bbox 1922 4874 3528 4945">
    <p class='ocr_par' dir='ltr' id='par_1_108' title="bbox 1922 4874 3528 4945">
     <span class='ocr_line' id='line_1_108' title="bbox 1922 4874 3528 4945; baseline -0.004 -14"><span class='ocrx_word' id='word_1_825' title='bbox 1922 4877 2226 4931; x_wconf 82' lang='lat' dir='ltr'><strong>radicatam</strong></span> <span class='ocrx_word' id='word_1_826' title='bbox 2280 4876 2333 4929; x_wconf 90' lang='lat' dir='ltr'><strong>in</strong></span> <span class='ocrx_word' id='word_1_827' title='bbox 2365 4885 2535 4942; x_wconf 88' lang='lat' dir='ltr'><strong>terra,</strong></span> <span class='ocrx_word' id='word_1_828' title='bbox 2572 4887 2628 4930; x_wconf 92' lang='lat' dir='ltr'><strong>et</strong></span> <span class='ocrx_word' id='word_1_829' title='bbox 2677 4875 2913 4945; x_wconf 88' lang='lat' dir='ltr'><strong>plantari</strong></span> <span class='ocrx_word' id='word_1_830' title='bbox 2967 4875 3020 4929; x_wconf 92' lang='lat' dir='ltr'><strong>in</strong></span> <span class='ocrx_word' id='word_1_831' title='bbox 3076 4874 3236 4929; x_wconf 87' lang='lat' dir='ltr'><strong>mari.</strong></span> <span class='ocrx_word' id='word_1_832' title='bbox 3278 4874 3334 4927; x_wconf 94' lang='lat' dir='ltr'><strong>In</strong></span> <span class='ocrx_word' id='word_1_833' title='bbox 3389 4889 3528 4944; x_wconf 82' lang='lat' dir='ltr'><strong>aqua</strong></span> 
     </span>
    </p>
   </div>
   <div class='ocr_carea' id='block_1_109' title="bbox 1920 4965 3516 5036">
    <p class='ocr_par' dir='ltr' id='par_1_109' title="bbox 1920 4965 3516 5036">
     <span class='ocr_line' id='line_1_109' title="bbox 1920 4965 3516 5036; baseline -0.004 -13"><span class='ocrx_word' id='word_1_834' title='bbox 1920 4967 2067 5023; x_wconf 87' lang='lat' dir='ltr'><strong>enim</strong></span> <span class='ocrx_word' id='word_1_835' title='bbox 2103 4967 2361 5036; x_wconf 77' lang='lat' dir='ltr'><strong>quidnam</strong></span> <span class='ocrx_word' id='word_1_836' title='bbox 2392 4965 2710 5036; x_wconf 86' lang='lat' dir='ltr'><strong>plantatur?</strong></span> <span class='ocrx_word' id='word_1_837' title='bbox 2740 4965 3087 5022; x_wconf 84' lang='lat' dir='ltr'><strong>Manifestum</strong></span> <span class='ocrx_word' id='word_1_838' title='bbox 3127 4976 3313 5020; x_wconf 84' lang='lat' dir='ltr'><strong>autem</strong></span> <span class='ocrx_word' id='word_1_839' title='bbox 3349 4965 3516 5033; x_wconf 86' lang='lat' dir='ltr'><strong>quod,</strong></span> 
     </span>
    </p>
   </div>
   <div class='ocr_carea' id='block_1_110' title="bbox 1925 5059 3529 5131">
    <p class='ocr_par' dir='ltr' id='par_1_110' title="bbox 1925 5059 3529 5131">
     <span class='ocr_line' id='line_1_110' title="bbox 1925 5059 3529 5131; baseline -0.005 -13"><span class='ocrx_word' id='word_1_840' title='bbox 1925 5066 2052 5118; x_wconf 91' lang='lat' dir='ltr'><strong>dum</strong></span> <span class='ocrx_word' id='word_1_841' title='bbox 2090 5066 2204 5118; x_wconf 65' lang='lat' dir='ltr'><strong>haec</strong></span> <span class='ocrx_word' id='word_1_842' title='bbox 2245 5062 2400 5131; x_wconf 92' lang='lat' dir='ltr'><strong>dicit,</strong></span> <span class='ocrx_word' id='word_1_843' title='bbox 2455 5064 2578 5118; x_wconf 87' lang='lat' dir='ltr'><strong>fidei</strong></span> <span class='ocrx_word' id='word_1_844' title='bbox 2613 5073 2885 5118; x_wconf 88' lang='lat' dir='ltr'><strong>monstrat</strong></span> <span class='ocrx_word' id='word_1_845' title='bbox 2935 5063 3217 5117; x_wconf 88' lang='lat' dir='ltr'><strong>virtutem.</strong></span> <span class='ocrx_word' id='word_1_846' title='bbox 3252 5059 3529 5117; x_wconf 72' lang='lat' dir='ltr'><strong>Fovtassis</strong></span> 
     </span>
    </p>
   </div>
   <div class='ocr_carea' id='block_1_111' title="bbox 1924 5155 3527 5227">
    <p class='ocr_par' dir='ltr' id='par_1_111' title="bbox 1924 5155 3527 5227">
     <span class='ocr_line' id='line_1_111' title="bbox 1924 5155 3527 5227; baseline -0.002 -19"><span class='ocrx_word' id='word_1_847' title='bbox 1924 5167 2106 5209; x_wconf 90' lang='lat' dir='ltr'><strong>autem</strong></span> <span class='ocrx_word' id='word_1_848' title='bbox 2140 5171 2236 5225; x_wconf 89' lang='lat' dir='ltr'><strong>per</strong></span> <span class='ocrx_word' id='word_1_849' title='bbox 2268 5155 2583 5226; x_wconf 89' lang='lat' dir='ltr'><strong>allegoriam</strong></span> <span class='ocrx_word' id='word_1_850' title='bbox 2620 5158 2743 5227; x_wconf 89' lang='lat' dir='ltr'><strong>quis</strong></span> <span class='ocrx_word' id='word_1_851' title='bbox 2778 5158 3124 5227; x_wconf 82' lang='lat' dir='ltr'><strong>sycaminum</strong></span> <span class='ocrx_word' id='word_1_852' title='bbox 3155 5157 3357 5210; x_wconf 80' lang='lat' dir='ltr'><strong>dixerit</strong></span> <span class='ocrx_word' id='word_1_853' title='bbox 3403 5167 3527 5206; x_wconf 80' lang='lat' dir='ltr'><strong>esse</strong></span> 
     </span>
    </p>
   </div>
   <div class='ocr_carea' id='block_1_112' title="bbox 1921 5242 3526 5317">
    <p class='ocr_par' dir='ltr' id='par_1_112' title="bbox 1921 5242 3526 5317">
     <span class='ocr_line' id='line_1_112' title="bbox 1921 5242 3526 5317; baseline -0.006 -13"><span class='ocrx_word' id='word_1_854' title='bbox 1921 5249 2222 5312; x_wconf 88' lang='lat' dir='ltr'><strong>diabolum,</strong></span> <span class='ocrx_word' id='word_1_855' title='bbox 2265 5249 2408 5317; x_wconf 87' lang='lat' dir='ltr'><strong>quod</strong></span> <span class='ocrx_word' id='word_1_856' title='bbox 2445 5248 2605 5303; x_wconf 84' lang='lat' dir='ltr'><strong>nobis</strong></span> <span class='ocrx_word' id='word_1_857' title='bbox 2654 5259 2845 5302; x_wconf 83' lang='lat' dir='ltr'><strong>auctor</strong></span> <span class='ocrx_word' id='word_1_858' title='bbox 2865 5258 2922 5302; x_wconf 91' lang='lat' dir='ltr'><strong>et</strong></span> <span class='ocrx_word' id='word_1_859' title='bbox 2946 5247 3198 5301; x_wconf 85' lang='lat' dir='ltr'><strong>alunmus</strong></span> <span class='ocrx_word' id='word_1_860' title='bbox 3225 5248 3294 5299; x_wconf 89' lang='lat' dir='ltr'><strong>sit</strong></span> <span class='ocrx_word' id='word_1_861' title='bbox 3324 5242 3526 5297; x_wconf 87' lang='lat' dir='ltr'><strong>vermis</strong></span> 
     </span>
    </p>
   </div>
   <div class='ocr_carea' id='block_1_113' title="bbox 1922 5332 3546 5410">
    <p class='ocr_par' dir='ltr' id='par_1_113' title="bbox 1922 5332 3546 5410">
     <span class='ocr_line' id='line_1_113' title="bbox 1922 5332 3546 5410; baseline -0.007 -14"><span class='ocrx_word' id='word_1_862' title='bbox 1922 5341 2136 5405; x_wconf 66' lang='lat' dir='ltr'><strong>aeterni,</strong></span> <span class='ocrx_word' id='word_1_863' title='bbox 2174 5348 2398 5409; x_wconf 89' lang='lat' dir='ltr'><strong>propter</strong></span> <span class='ocrx_word' id='word_1_864' title='bbox 2429 5341 2790 5409; x_wconf 75' lang='lat' dir='ltr'><strong>cogitationes</strong></span> <span class='ocrx_word' id='word_1_865' title='bbox 2815 5355 2955 5410; x_wconf 82' lang='lat' dir='ltr'><strong>quas</strong></span> <span class='ocrx_word' id='word_1_866' title='bbox 2987 5340 3075 5394; x_wconf 89' lang='lat' dir='ltr'><strong>ille</strong></span> <span class='ocrx_word' id='word_1_867' title='bbox 3098 5344 3342 5406; x_wconf 66' lang='lat' dir='ltr'><strong>generat.</strong></span> <span class='ocrx_word' id='word_1_868' title='bbox 3374 5332 3546 5387; x_wconf 81' lang='lat' dir='ltr'><strong>Folia&#39;</strong></span> 
     </span>
    </p>
   </div>
   <div class='ocr_carea' id='block_1_114' title="bbox 1922 5426 3514 5501">
    <p class='ocr_par' dir='ltr' id='par_1_114' title="bbox 1922 5426 3514 5501">
     <span class='ocr_line' id='line_1_114' title="bbox 1922 5426 3514 5501; baseline -0.006 -15"><span class='ocrx_word' id='word_1_869' title='bbox 1922 5434 2069 5486; x_wconf 88' lang='lat' dir='ltr'><strong>enim</strong></span> <span class='ocrx_word' id='word_1_870' title='bbox 2103 5432 2372 5501; x_wconf 84' lang='lat' dir='ltr'><strong>sycamini</strong></span> <span class='ocrx_word' id='word_1_871' title='bbox 2412 5446 2623 5486; x_wconf 84' lang='lat' dir='ltr'><strong>vermes</strong></span> <span class='ocrx_word' id='word_1_872' title='bbox 2650 5444 2905 5501; x_wconf 81' lang='lat' dir='ltr'><strong>pascunt,</strong></span> <span class='ocrx_word' id='word_1_873' title='bbox 2958 5433 3100 5484; x_wconf 87' lang='lat' dir='ltr'><strong>unde</strong></span> <span class='ocrx_word' id='word_1_874' title='bbox 3136 5433 3269 5482; x_wconf 88' lang='lat' dir='ltr'><strong>linnt</strong></span> <span class='ocrx_word' id='word_1_875' title='bbox 3317 5426 3514 5479; x_wconf 83' lang='lat' dir='ltr'><strong>serica.</strong></span> 
     </span>
    </p>
   </div>
   <div class='ocr_carea' id='block_1_115' title="bbox 1921 5519 3521 5596">
    <p class='ocr_par' dir='ltr' id='par_1_115' title="bbox 1921 5519 3521 5596">
     <span class='ocr_line' id='line_1_115' title="bbox 1921 5519 3521 5596; baseline -0.006 -18"><span class='ocrx_word' id='word_1_876' title='bbox 1921 5525 2072 5580; x_wconf 77' lang='lat' dir='ltr'><strong>fialic</strong></span> <span class='ocrx_word' id='word_1_877' title='bbox 2104 5527 2267 5594; x_wconf 85' lang='lat' dir='ltr'><strong>igitur</strong></span> <span class='ocrx_word' id='word_1_878' title='bbox 2304 5528 2646 5596; x_wconf 89' lang='lat' dir='ltr'><strong>sycamiuum</strong></span> <span class='ocrx_word' id='word_1_879' title='bbox 2675 5528 2808 5582; x_wconf 85' lang='lat' dir='ltr'><strong>fides</strong></span> <span class='ocrx_word' id='word_1_880' title='bbox 2849 5526 3130 5582; x_wconf 88' lang='lat' dir='ltr'><strong>eradicare</strong></span> <span class='ocrx_word' id='word_1_881' title='bbox 3174 5520 3339 5594; x_wconf 68' lang='grc'><strong>425</strong></span> <span class='ocrx_word' id='word_1_882' title='bbox 3378 5519 3521 5571; x_wconf 65' lang='lat' dir='ltr'><strong>valet</strong></span> 
     </span>
    </p>
   </div>
   <div class='ocr_carea' id='block_1_116' title="bbox 1917 5615 3518 5689">
    <p class='ocr_par' dir='ltr' id='par_1_116' title="bbox 1917 5615 3518 5689">
     <span class='ocr_line' id='line_1_116' title="bbox 1917 5615 3518 5689; baseline -0.006 -18"><span class='ocrx_word' id='word_1_883' title='bbox 1917 5634 1980 5671; x_wconf 85' lang='lat' dir='ltr'><strong>ex</strong></span> <span class='ocrx_word' id='word_1_884' title='bbox 2013 5617 2181 5673; x_wconf 88' lang='lat' dir='ltr'><strong>corde</strong></span> <span class='ocrx_word' id='word_1_885' title='bbox 2237 5620 2496 5683; x_wconf 88' lang='lat' dir='ltr'><strong>humano,</strong></span> <span class='ocrx_word' id='word_1_886' title='bbox 2531 5629 2584 5674; x_wconf 90' lang='lat' dir='ltr'><strong>et</strong></span> <span class='ocrx_word' id='word_1_887' title='bbox 2616 5620 2668 5672; x_wconf 91' lang='lat' dir='ltr'><strong>in</strong></span> <span class='ocrx_word' id='word_1_888' title='bbox 2727 5635 2876 5673; x_wconf 90' lang='lat' dir='ltr'><strong>mare</strong></span> <span class='ocrx_word' id='word_1_889' title='bbox 2919 5619 3208 5689; x_wconf 68' lang='lat' dir='ltr'><strong>projicrre,</strong></span> <span class='ocrx_word' id='word_1_890' title='bbox 3252 5615 3351 5666; x_wconf 89' lang='lat' dir='ltr'><strong>hoc</strong></span> <span class='ocrx_word' id='word_1_891' title='bbox 3413 5621 3518 5672; x_wconf 88' lang='lat' dir='ltr'><strong>est,</strong></span> 
     </span>
    </p>
   </div>
   <div class='ocr_carea' id='block_1_117' title="bbox 1915 5706 3515 5784">
    <p class='ocr_par' dir='ltr' id='par_1_117' title="bbox 1915 5706 3515 5784">
     <span class='ocr_line' id='line_1_117' title="bbox 1915 5706 3515 5784; baseline -0.01 -13"><span class='ocrx_word' id='word_1_892' title='bbox 1915 5712 1967 5765; x_wconf 81' lang='lat' dir='ltr'><strong>in</strong></span> <span class='ocrx_word' id='word_1_893' title='bbox 2014 5711 2270 5783; x_wconf 51' lang='lat' dir='ltr'><strong>abyssum</strong></span> <span class='ocrx_word' id='word_1_894' title='bbox 2299 5714 2548 5783; x_wconf 86' lang='lat' dir='ltr'><strong>perdere.</strong></span> <span class='ocrx_word' id='word_1_895' title='bbox 2586 5715 2649 5768; x_wconf 86' lang='lat' dir='ltr'><strong>Et</strong></span> <span class='ocrx_word' id='word_1_896' title='bbox 2673 5715 2801 5784; x_wconf 90' lang='lat' dir='ltr'><strong>quia</strong></span> <span class='ocrx_word' id='word_1_897' title='bbox 2829 5716 2944 5768; x_wconf 74' lang='lat' dir='ltr'><strong>luec</strong></span> <span class='ocrx_word' id='word_1_898' title='bbox 2972 5713 3102 5766; x_wconf 67' lang='lat' dir='ltr'><strong>dicit</strong></span> <span class='ocrx_word' id='word_1_899' title='bbox 3137 5710 3203 5764; x_wconf 85' lang='lat' dir='ltr'><strong>de</strong></span> <span class='ocrx_word' id='word_1_900' title='bbox 3234 5710 3354 5764; x_wconf 68' lang='lat' dir='ltr'><strong>fide.</strong></span> <span class='ocrx_word' id='word_1_901' title='bbox 3387 5706 3515 5758; x_wconf 85' lang='lat' dir='ltr'><strong>sub-</strong></span> 
     </span>
    </p>
   </div>
   <div class='ocr_carea' id='block_1_118' title="bbox 1911 5794 3516 5877">
    <p class='ocr_par' dir='ltr' id='par_1_118' title="bbox 1911 5794 3516 5877">
     <span class='ocr_line' id='line_1_118' title="bbox 1911 5794 3516 5877; baseline -0.004 -21"><span class='ocrx_word' id='word_1_902' title='bbox 1911 5802 1991 5857; x_wconf 87' lang='lat' dir='ltr'><strong>dit</strong></span> <span class='ocrx_word' id='word_1_903' title='bbox 2015 5799 2328 5859; x_wconf 76' lang='lat' dir='ltr'><strong>doctrinam</strong></span> <span class='ocrx_word' id='word_1_904' title='bbox 2356 5804 2516 5861; x_wconf 88' lang='lat' dir='ltr'><strong>aliam</strong></span> <span class='ocrx_word' id='word_1_905' title='bbox 2545 5805 3123 5877; x_wconf 68' lang='lat' dir='ltr'><strong>magisnccessariam.</strong></span> <span class='ocrx_word' id='word_1_906' title='bbox 3153 5801 3339 5870; x_wconf 81' lang='lat' dir='ltr'><strong>Qualis</strong></span> <span class='ocrx_word' id='word_1_907' title='bbox 3359 5794 3516 5853; x_wconf 70' lang='lat' dir='ltr'><strong>haec?</strong></span> 
     </span>
    </p>
   </div>
  </div>
