4048 6460
542 421 648 485 9δῖ

1440 417 2021 484 'IllEOPIlYLACTl
2057 421 2469 480 BULGARl/E
2505 420 2858 482 ARCHIEP.

3695 417 3795 482 988

549 536 662 592 Non
693 535 1114 610 superbiendum
1144 547 1264 590 esse
1291 534 1345 587 in
1376 534 1531 588 bouis
1553 533 1825 605 operibus.
1852 533 2119 600 Quoniam

2241 536 2398 600 ζῶσαι
2429 538 2534 589 ἀπὸ
2560 537 2788 606 καρδίας
2818 535 3191 607 ἀνθρωπίνης,
3221 535 3313 588 καὶ
3345 535 3428 598 είς
3465 533 3566 606 τὴν
3598 533 3798 588 θάλαση

545 630 690 683 enim
724 629 855 683 ﬁdes
892 626 1054 681 multa
1080 626 1327 694 corrigit,
1359 635 1410 680 et
1447 625 1571 680 facit
1611 624 1836 695 implere
1859 628 2112 681 mandata

545 719 772 786 eumqui
810 717 950 771 illam
987 716 1172 783 habet,
1205 731 1325 772 cum
1349 731 1412 770 eo
1442 719 1585 784 quod
1625 715 1853 770 adornat
1882 717 2114 770 miracu-

2223 645 2321 680 σαν
2361 627 2562 698 βαλεῖν,
2610 625 2914 691 τουτέστιν,
2958 629 3038 691 είς
3094 626 3195 698 τὴν
3222 627 3460 682 ἀσυσσον
3493 625 3790 680 ἀπολύσαι.

2232 717 2385 770 Ἐπεὶ
2409 717 2466 771 δὲ
2493 718 2665 771 ταῦτα
2694 713 2814 770 εἶπε
2845 717 2974 786 περὶ
3003 716 3105 786 τῆς
3132 715 3391 780 πίστεως,
3423 715 3680 786 ἐπιφέρει
3703 715 3796 767 καὶ

545 809 717 862 lorum
749 809 1023 876 operibus.
1055 806 1248 863 Verum
1271 809 1395 875 quia
1429 807 1719 862 verisimile
1739 808 2112 863 estbominem

2241 812 2661 883 ιναγκαιοτάτην
2709 812 2903 882 ἑτέραν
2938 810 3315 874 διδασκαλίαν,
3348 811 3510 863 ποίαν
3563 807 3796 876 ταύτην;

544 916 605 951 ex
645 899 726 952 his
758 899 808 951 in
841 901 1143 967 superbiam
1177 901 1434 966 incidere,
1472 899 1643 953 munit
1693 900 1966 970 apostolos
1999 901 2068 953 ita
2093 937 2110 964 ,

547 1001 595 1040 ut
633 1007 737 1041 non
776 991 1104 1044 extollantur
1145 991 1197 1046 in
1233 993 1390 1046 bonis
1436 994 1711 1061 operibus,
1757 990 2117 1061 pulcherrimo

545 1082 810 1149 exemplo.
862 1081 992 1146 Quis
1039 1083 1182 1135 enim
1215 1094 1477 1149 vestrum,
1511 1083 1701 1152 inquit,
1755 1098 1970 1137 servum
2018 1081 2118 1134 ba-

546 1173 702 1234 bens,
744 1183 794 1226 et
822 1183 1035 1227 caetera.
1077 1175 1408 1229 Monstratur
1431 1178 1575 1229 enim
1627 1190 1723 1244 per
1759 1175 1901 1228 banc
1957 1187 2115 1242 para-

548 1265 719 1317 bolam
750 1267 892 1334 quod
925 1281 1028 1318 non
1077 1276 1287 1335 oportet
1330 1266 1511 1320 extolli
1571 1267 1624 1320 in
1675 1267 1815 1320 bono
1854 1265 2108 1335 quopiam

548 1371 732 1423 Opere,
762 1355 867 1409 imo
901 1373 1075 1426 neque
1127 1359 1178 1411 in
1207 1359 1447 1412 omnium
1498 1359 1876 1412 mandatorum
1928 1356 2118 1425 imple-

553 1452 718 1502 tione.
747 1451 914 1503 Servo
943 1451 1085 1502 enim
1106 1453 1401 1505 necessitas
1432 1452 1694 1506 incumbit
1714 1462 1769 1504 ut
1793 1450 1949 1504 faciat
1973 1464 2125 1503 inan-

551 1545 672 1594 data
706 1542 931 1604 domini,
961 1557 1134 1610 neque
1180 1552 1237 1597 ut
1285 1545 1481 1596 bonum
1517 1559 1652 1612 opus
1714 1543 1814 1597 sibi
1853 1542 1980 1596 illud
2032 1555 2122 1594 as-

549 1631 759 1684 cribere
787 1632 962 1685 debet.
1001 1632 1206 1702 Quippe
1238 1635 1280 1687 si
1309 1649 1412 1686 non
1441 1635 1774 1702 operabitur,
1822 1633 2014 1701 dignus
2043 1639 2124 1685 est

552 1721 734 1776 multis
768 1723 939 1792 plagis
970 1744 980 1776 :
1023 1740 1144 1778 cum
1188 1734 1365 1778 autem
1398 1737 1656 1794 operatus
1687 1725 1870 1790 fuerit,
1899 1733 2120 1779 conten-

553 1825 639 1868 tus
668 1817 736 1868 sit
764 1821 902 1885 quod
954 1820 1139 1885 plagas
1181 1819 1452 1888 effugerit.
1507 1819 1739 1872 Proinde
1774 1834 1880 1872 non
1913 1825 2125 1887 oportet

551 1908 618 1960 de
657 1909 755 1960 hoc
781 1909 1009 1974 pretium
1047 1910 1124 1962 vel
1188 1911 1449 1963 honorem
1503 1912 1814 1964 necessario
1859 1922 2123 1978 qumrere.
2159 1902 2200 1957 Β

551 1998 916 2052 Liberalitatis
980 2001 1121 2053 enim
1185 2002 1387 2055 domini
1447 2001 1608 2055 fuerit
1643 2001 1773 2055 dare
1843 2001 1965 2070 ipsi,
2020 2003 2126 2054 imo

552 2090 733 2159 largiri
767 2092 1062 2158 quidpiam.
1102 2091 1268 2159 Igitur
1297 2101 1350 2146 et
1383 2092 1472 2158 qui
1518 2093 1684 2146 servit
1737 2090 1870 2154 Deo,
1911 2093 2124 2146 etiamsi

551 2183 803 2236 mandata
870 2184 1138 2249 perliciat,
1178 2200 1285 2236 non
1350 2183 1506 2237 debet
1551 2183 1767 2237 extolli-
1810 2181 1955 2236 Niltil
1983 2184 2124 2236 enim

552 2291 802 2344 magnum
843 2275 990 2338 fecit,
1021 2277 1112 2329 sed
1157 2292 1234 2328 va:
1282 2278 1386 2328 erit
1419 2278 1466 2328 ei
1526 2276 1627 2328 nisi
1680 2276 1918 2340 fecerit;
1982 2275 2128 2327 sicut

551 2365 841 2431 ApoStolus
867 2366 996 2419 dicit
1025 2384 1036 2418 :
1077 2385 1094 2416 ι
1133 2365 1222 2418 Vae
1249 2367 1379 2418 mibi
1401 2367 1500 2420 nisi
1525 2367 1969 2434 evangelizavero
1992 2367 2056 2417 “.
2108 2383 2125 2415 ι

553 2453 784 2508 Proinde
810 2457 855 2509 si
883 2459 1018 2510 dona
1057 2457 1218 2510 fuerit
1248 2467 1553 2518 assecutus.
1587 2473 1691 2510 non
1723 2458 1884 2510 debet
1923 2457 1974 2510 in
2023 2455 2131 2509 illis

2222 904 2335 972 Τὴν
2367 905 2492 972 περὶ
2525 905 2619 957 τοῦ
2659 905 2734 974 μὴ
2758 905 2871 957 δεῖν
2913 903 3343 974 μεγαλοφρονεῖν
3392 903 3489 955 ἐπὶ
3517 900 3800 972 κατορθώ-

2227 1013 2358 1066 μασι
2387 1013 2399 1025 °
2442 996 2627 1065 ἐπειδὴ
2657 996 2820 1066 γάρὴ
2852 995 3037 1057 πίστις
3061 994 3233 1047 πολλά
3263 994 3538 1064 κατορθοῖ,
3571 996 3666 1048 καὶ
3696 992 3804 1045 τῶν

2226 1089 2453 1141 ἐντολῶν
2482 1089 2774 1158 πληρωτὴν
2799 1090 2943 1140 ποιεῖ
2965 1087 3056 1140 τὸν
3087 1085 3292 1157 ταύτην
3325 1085 3517 1153 ἔχοντα
3543 1084 3683 1153 μετά
3711 1082 3802 1137 τοῦ

2227 1184 2321 1234 καὶ
2350 1181 2819 1251 θαυματουργίαις
2849 1181 3225 1248 κατακοσμεῖν
3263 1178 3447 1240 αὐτὸν,
3489 1179 3552 1229 ἐκ
3601 1176 3807 1228 τούτων

2228 1275 2284 1327 δὲ
2321 1274 2464 1336 είκὸς
2490 1273 2580 1326 τὸν
2611 1273 2898 1342 ἄνθρωπον
2924 1273 3002 1335 είς
3032 1269 3519 1340 μεγαλοφροσύνην
3554 1270 3808 1320 ἐκπεσεῖν

2230 1365 2508 1427 πολλάκις,
2545 1362 2909 1430 ἀσφαλίζεται
2952 1363 3078 1424 τοὺς
3135 1360 3495 1425 ἀποστόλους,
3543 1359 3686 1411 ῶστε
3735 1357 3810 1426 μὴ

2231 1456 2557 1526 ἐπαίρεσθαι
2591 1457 2681 1509 ἐπὶ
2709 1453 3127 1525 κατορθώμασι,
3175 1452 3240 1505 δι’
3266 1451 3670 1519 ὑποδείγματος
3717 1465 3811 1518 χα-

2236 1549 2536 1618 ριεστάτου.
2567 1549 2664 1611 Τίς
2692 1547 2824 1616 γάρ,
2870 1547 3055 1616 φησὶν,
3108 1545 3262 1614 ὑμῶν
3295 1543 3483 1596 δοῦλον
3520 1543 3683 1611 ἔχων,
3722 1541 3813 1592 καὶ

2231 1642 2296 1692 τὰ
2341 1639 2489 1708 ἑξῆς.
2539 1639 2906 1691 Ἐνδείκνυται
2957 1638 3067 1707 γὰρ
3100 1638 3188 1691 διά
3228 1637 3434 1703 ταύτης
3477 1634 3578 1702 τῆς
3638 1649 3815 1701 παρα·

2233 1732 2416 1797 ϐολῆς,
2459 1732 2540 1784 ὅτι
2574 1731 2634 1783 ού
2665 1731 2745 1783 δεῖ
2777 1729 3100 1798 ἐπαίρεσθαι
3144 1729 3234 1781 ἐπί
3262 1745 3369 1780 τινι
3398 1724 3811 1794 κατορθώματι,

2239 1823 2438 1894 μᾶλλον
2471 1821 2524 1874 δὲ
2554 1820 2675 1874 οὐδὲ
2709 1821 2799 1873 ἐπὶ
2833 1823 2900 1891 τῇ
2960 1821 3150 1872 πασῶν
3174 1819 3284 1872 τῶν
3332 1816 3565 1869 ἐντολῶν
3615 1814 3815 1880 ἐκπλη-

2232 1914 2420 1984 ρώσει.
2455 1913 2636 1979 Δούλῳ
2663 1912 2770 1980 γάρ
2799 1911 3010 1980 ἀνάγκη
3039 1910 3337 1968 ἐπίκειται,
3364 1907 3425 1958 τὸ
3444 1903 3692 1973 πληροῦν
3719 1903 3812 1964 τὰς

2231 2005 2450 2067 ἐντολὰς
2481 2003 2574 2056 τοῦ
2607 2004 2836 2073 Κυρίου,
2863 2003 2922 2056 οὐ
2955 2002 3060 2071 μὴν
3098 2002 3174 2064 ὡς
3204 1998 3540 2068 κατόρθωμα
3579 1996 3816 2066 ἐπιγράο

2231 2100 2426 2167 φεσθαι
2463 2097 2642 2167 ἐαυτῷ
2664 2095 2823 2149 τοῦτο
2847 2095 3074 2163 ὀφείλει.
3126 2096 3187 2146 ΕΙ
3223 2095 3332 2163 γάρ
3375 2093 3448 2162 μὴ
3485 2089 3813 2159 ἐργάσηται,

2231 2189 2458 2259 πληγῶν
2491 2189 2773 2253 ἀξιωτέος,
2801 2190 2922 2240 ἐπεὶ
2957 2188 3013 2240 δὲ
3046 2187 3366 2256 εἰργάσατο,
3406 2183 3688 2254 ἀρκείσθω
3739 2181 3819 2232 δτι

2231 2285 2331 2346 τὰς
2381 2283 2596 2351 πληγὰς
2646 2281 2930 2349 ἐξέφυγεν,
2986 2281 3046 2331 ού
3087 2280 3192 2348 μὴν
3251 2277 3458 2345 ὀφείλει
3516 2278 3610 2328 ἐπὶ
3646 2275 3819 2343 τούτῳ

2231 2370 2399 2438 τιμὴν
2439 2370 2620 2436 ζητεῖν
2674 2369 3009 2436 ἀναγκαίως.
3061 2368 3172 2434 Τῆς
3206 2367 3312 2436 γὰρ
3383 2365 3478 2418 τοῦ
3554 2365 3818 2416 δεσπότου

2237 2462 2549 2531 φιλοτιμίας
2581 2462 2698 2512 ἐστὶ
2723 2461 2782 2512 τὸ
2815 2461 2995 2513 δοῦναι
3039 2460 3210 2527 αὐτῷ,
3253 2458 3453 2527 μᾶλλον
3493 2457 3547 2509 δέ
3585 2458 3819 2527 χαρίσα-

553 2549 852 2616 Superbire,
890 2560 942 2600 et
978 2552 1042 2602 de
1085 2550 1163 2601 eis
1189 2549 1494 2615 sejactare.
1531 2547 1797 2602 Beneﬁcia
1829 2549 1972 2602 enim
2005 2554 2134 2601 sunt

2241 2550 2360 2602 σθαί
2401 2567 2472 2602 τι.
2500 2548 2712 2600 Οὐκοῦν
2737 2550 2830 2602 καὶ
2862 2549 2938 2617 τῷ
2975 2547 3093 2615 Θεῷ
3124 2546 3412 2608 δουλεύων,
3450 2547 3561 2597 εῐτε
3595 2547 3696 2607 τὰς
3731 2545 3816 2595 Ev-

555 2657 648 2709 per
679 2641 1110 2694 misericordiam
1161 2641 1252 2695 Dei
1283 2642 1354 2694 illi
1391 2656 1670 2706 concessa,
1725 2656 1832 2694 non
1865 2642 2006 2709 quod
2042 2641 2134 2693 de-

2241 2642 2395 2702 τολάς
2451 2640 2732 2710 κατορθοῖ,
2793 2641 2894 2693 οὒκ
2953 2641 3163 2708 ὀφείλει
3238 2636 3590 2708 ἐπαίρεσθαι.
3653 2637 3822 2690 Οὐδὲν

555 2736 674 2787 beat
708 2737 755 2787 ei
785 2735 984 2803 aliquid
1022 2735 1310 2788 Dominus:
1341 2734 1448 2787 imo
1506 2747 1694 2787 servus
1730 2732 1891 2786 debet
1918 2733 2134 2786 domino

2241 2732 2346 2800 γὰρ
2381 2732 2523 2800 μέγα
2584 2731 2842 2798 ἐποίησεν
2875 2748 2890 2762 ⁸
2934 2731 3052 2784 ἀλλ’
3109 2730 3232 2782 οὐαὶ
3289 2725 3357 2798 ἦν
3419 2728 3593 2796 αὐτῷ,
3647 2727 3697 2780 εί
3747 2725 3820 2796 μὴ

559 2841 657 2878 suo
684 2838 739 2878 ut
765 2826 1120 2880 faciatomuia
1159 2826 1276 2893 ejus
1320 2826 1594 2878 mandata.
1629 2822 1685 2877 Si
1719 2835 1898 2876 autem
1927 2831 1980 2875 et
2013 2837 2133 2876 cum

2241 2825 2512 2892 ἐποίησεν,
2547 2824 2620 2884 ὡς
2651 2826 2678 2875 6
2721 2823 3046 2884 ’Δπόστολός
3092 2839 3281 2891 φησιν,
3325 2839 3342 2872 ι
3383 2820 3518 2874 Ούαί
3555 2836 3668 2888 μοι,
3728 2819 3820 2871 ἐὰν

560 2917 739 2969 omnia
768 2917 1014 2968 mandata
1066 2916 1378 2978 fecerimus,
1414 2929 1665 2982 magnum
1702 2913 1959 2980 quiddam
2008 2923 2136 2967 tunc

2244 2917 2316 2984 μὴ
2343 2914 2805 2984 εὐαγγελίζωμαι.
2837 2934 2854 2966 ι
2895 2914 3024 2967 Οὓτ’
3048 2909 3113 2966 αὖ
3140 2915 3186 2965 εί
3215 2912 3577 2982 χαρισμάτων
3609 2912 3819 2981 ἔτυχεν,

559 3007 879 3060 sentirenon
916 3007 1195 3070 debemus,
1229 3007 1378 3074 quid,
1422 3019 1546 3058 cum
1583 3004 1879 3056 maximam
1912 3014 2121 3072 partem

2241 3006 2444 3074 ὀφείλει
2481 3005 2572 3055 ἐπὶ
2609 3003 2819 3064 τούτοις
2858 3002 3306 3072 μεγαλοφρονεῖν·
3357 3002 3682 3072 χαρίσματα
3716 3004 3822 3071 γάρ

561 3098 930 3150 mandatorum
953 3097 1041 3150 Dei
1061 3113 1166 3150 non
1187 3096 1520 3164 perlicimus,
1539 3094 1770 3162 amplius
1784 3091 2136 3147 extollimur?

2243 3094 2350 3145 είσι
2383 3092 2470 3144 διά
2513 3092 2661 3145 έλεον
2697 3091 2834 3145 Θεοῦ
2871 3091 3205 3162 χαρισθέντα
3278 3091 3452 3162 αὐτῷ,
3512 3092 3639 3163 οὐχὶ
3691 3092 3824 3144 διότι

564 3189 794 3243 Adverte
824 3201 1005 3242 autem
1036 3191 1176 3258 quod
1209 3189 1260 3242 in
1290 3189 1432 3242 dicta
1475 3187 1729 3256 parabola
1761 3185 1995 3256 primum
2039 3200 2137 3255 po-

561 3283 667 3337 suit
700 3292 967 3345 arantem,
996 3290 1049 3334 et
1070 3279 1306 3333 subdidit
1331 3289 1514 3348 postea
1541 3286 1872 3347 pascentem.
1896 3275 2139 3328 Primum

558 3374 704 3428 enim
730 3382 945 3443 Oportet
993 3387 1112 3427 esse
1149 3381 1443 3437 aratorem,
1491 3369 1684 3424 deinde
1722 3377 1775 3422 et
1809 3365 2140 3436 pastoralem

562 3481 745 3518 curam
769 3479 1065 3518 assumere.
1093 3461 1226 3514 Nam
1267 3462 1355 3531 qui
1389 3475 1608 3514 carnem
1650 3473 1803 3512 suam
1845 3459 1982 3511 bene
2021 3470 2144 3509 ara-

564 3557 878 3624 veritquztsi
931 3564 1132 3610 terram
1193 3553 1510 3623 quamdam,
1562 3552 1758 3620 dignus
1817 3551 1924 3605 erit
1970 3549 2139 3604 etiam

570 3649 799 3702 aliorum
835 3658 1016 3718 pastor
1059 3647 1194 3702 ﬁeri.
1225 3645 1326 3713 Qui
1370 3646 1513 3699 enim
1556 3659 1665 3698 sua:
1721 3642 1906 3698 domui
1963 3643 2142 3698 nescit

565 3755 796 3807 praeesse
832 3751 888 3793 ut
914 3748 1146 3807 oportet,
1170 3739 1443 3807 quomodo
1464 3737 1720 3791 Ecclesia!
1741 3751 1928 3790 curam
1957 3735 2140 3806 geret?

561 3833 669 3883 Ara
699 3831 860 3900 igitur
879 3829 1028 3898 prius
1064 3829 1315 3896 teipsum,
1340 3837 1393 3880 et
1420 3837 1542 3881 tunc
1565 3840 1760 3894 pasces
1785 3826 1918 3877 alios
1949 3864 1963 3887 ,
1999 3825 2140 3877 sicut

576 3932 629 3975 et
671 3921 933 3975 Jeremias
969 3921 1097 3974 dicit
1132 3939 1142 3972 :
1185 3920 1391 3974 Novate
1458 3920 1609 3972 vobis
1658 3917 1895 3982 novalia,
1948 3915 2142 3970 deinde

564 4011 780 4066 subdit:
816 4011 1124 4066 lllumiuate
1158 4025 1248 4064 ι’οδ
1279 4011 1477 4062 lumine
1500 4009 1738 4064 scientiae
1761 4026 1773 4061 :
1795 4007 1936 4077 quod
1962 4011 2141 4077 p‘asto-

559 4118 681 4158 rum
716 4104 1042 4173 pnecipuum
1077 4117 1272 4155 munus
1303 4102 1483 4155 fuerit.

2244 3179 2537 3252 ἐχρεὼστει
2571 3181 2720 3251 αύτῷ
2750 3184 2778 3235 6
2821 3182 3108 3250 δισπότης.
3158 3182 3377 3236 Μᾶλλον
3419 3181 3529 3254 γάρ
3567 3186 3595 3236 6
3645 3182 3827 3247 δοῦλος

2245 3277 2512 3344 χρεωστεῖ
2541 3272 2616 3343 τῷ
2648 3275 2884 3343 δεσπότῃ
2917 3273 3106 3340 αὑτοῦ,
3166 3274 3227 3326 τὸ
3267 3277 3443 3328 ποιεῖν
3493 3275 3678 3338 πάσας
3733 3275 3830 3337 τὰς

2247 3365 2468 3427 ἐντολὰς
2500 3363 2686 3417 αὑτοῦ.
2721 3365 2784 3417 ΕΞ
2830 3364 2886 3417 δὲ
2923 3363 3016 3418 καὶ
3057 3365 3184 3418 ὅταν
3226 3365 3406 3428 πάσας
3455 3365 3555 3429 τὰς
3610 3368 3636 3418 ἐ
3660 3366 3830 3428 ὀλὰς

2247 3457 2591 3527 ποιήσωμεν,
2633 3455 2752 3509 οὐδὲ
2786 3457 2906 3509 τότε
2933 3456 3223 3525 ὀφείλομεν
3253 3456 3465 3512 οἴεσθαί
3495 3475 3547 3510 τι
3582 3459 3750 3528 μέγα,
3776 3457 3828 3512 τί

2244 3549 2538 3619 γενόμεθα,
2572 3549 2704 3601 ὅταν
2736 3549 2873 3619 μηδὲ
2902 3549 2961 3602 τὸ
2987 3549 3282 3602 πολλοστὸν
3311 3549 3480 3619 μέρος
3538 3549 3652 3605 τῶν
3688 3551 3833 3604 ἐντο-

2246 3640 2356 3693 λῶν
2378 3639 2471 3692 τοῦ
2511 3639 2647 3693 Θεοῦ
2681 3640 3078 3710 κατορθοῦντες
3107 3640 3190 3694 ἐτι
3240 3641 3622 3712 ἐπαιρόμεθα;
3687 3641 3834 3696 Ἐπί-

2249 3744 2448 3796 στησον
2473 3727 2528 3779 δὲ
2581 3728 2638 3779 ὲν
2672 3725 2748 3796 τῷ
2784 3725 2886 3794 τῆς
2926 3726 3248 3799 παραϐολῆς
3278 3729 3449 3799 ῥητῷ,
3499 3729 3584 3783 ὅτι
3617 3731 3832 3800 πρῶτον

2249 3819 2401 3884 ιταξε
2443 3819 2526 3880 τὸ,
2585 3816 2949 3888 ἀροτριῶντα,
2993 3816 3114 3872 sita
3169 3821 3419 3890 ἐπήγαγε
3459 3822 3542 3885 τὸ,
3604 3821 3830 3892 ποιμαί-

2251 3928 2431 3964 νοντα.
2465 3910 2688 3980 Πρῶτον
2722 3912 2821 3979 μὲν
2850 3912 2960 3981 γὰρ
2984 3912 3064 3965 δεῖ
3099 3914 3303 3983 ἀρότην
3335 3910 3478 3968 εἶναί
3526 3933 3674 3979 τινα,
3717 3911 3832 3967 εἶτα

2252 4003 2346 4054 καὶ
2383 4000 2748 4070 ποιμαντικὴν
2776 4000 3211 4072 ἐγχειρισθῆναι.
3256 4005 3316 4057 Ὀ
3347 4005 3457 4077 γὰρ
3487 4006 3587 4075 τὴν
3639 4005 3831 4061 ἐαυτοῦ

2257 4094 2436 4162 σάρκα
2466 4091 2644 4153 καλῶς
2675 4092 3018 4164 ἁροτριώσας
3047 4088 3157 4147 οἷόν
3195 4111 3318 4149 τινα
3347 4097 3472 4166 γῆν,
3500 4092 3660 4160 οὗτος
3689 4097 3833 4162 ἀξιός

563 4199 679 4250 ἐστι
711 4198 803 4250 κα)⁸
838 4198 1043 4268 ποιμὴν
1075 4198 1277 4267 ἐτέρων
1307 4196 1581 4264 γενέσθαι.
1620 4198 1715 4259 Ὃς
1738 4194 1846 4264 γὰρ
1876 4192 1970 4247 τοῦ
2039 4192 2169 4246 ίδίου
2210 4194 2361 4245 οῖκου
2391 4191 2490 4243 οὐκ
2551 4185 2714 4254 οἶδεν,
2750 4191 2824 4253 ὡς
2853 4190 2953 4256 δεῖ,
2988 4192 3312 4263 προστῆναι,
3346 4193 3464 4256 πῶς
3505 4193 3834 4266 Ἐκκλησίας

564 4290 988 4359 ἐπιμελήσεται;
1024 4290 1255 4357 Ἀροσον
1285 4285 1378 4342 οῦν
1420 4289 1684 4358 πρότερον
1730 4289 1977 4352 σεαυτὸν,
2034 4286 2126 4337 καὶ
2166 4285 2285 4336 τότε
2322 4285 2605 4351 ποιμανεῖς
2647 4283 2889 4353 ἐτέρους,
2960 4283 3104 4336 καθά
3166 4285 3260 4336 καὶ
3319 4285 3593 4356 Ἱερεμίας
3654 4286 3825 4356 φησί’

565 4380 822 4434 Νεὼσατε
855 4381 1063 4442 ἑαυτοῖς
1094 4377 1370 4449 νεώματα,
1401 4375 1520 4432 εἶτα
1594 4381 1689 4432 τόο
1718 4379 1995 4434 Φωτίσατε
2047 4378 2257 4438 ἑαυτοῖς
2293 4374 2407 4438 φῶς
2471 4375 2750 4440 ννιιῖισεως,
2796 4375 2825 4428 ὃ
2883 4375 3033 4446 δηλοῖ
3056 4377 3154 4447 τῆς
3186 4379 3558 4449 ποιμαντικῆς
3611 4381 3674 4433 τὸ
3736 4395 3833 4432 κυε-

567 4477 834 4549 ριὼτατον
872 4477 1058 4545 μέρος.

636 4570 795 4624 Vsns.
834 4571 1017 4623 lt-l9.
1061 4587 1079 4620 ι
1129 4567 1193 4623 Ει
1217 4568 1418 4623 factum
1441 4577 1526 4624 est
1555 4569 1680 4624 dum
1733 4570 1837 4624 iret
1876 4569 2137 4624 llieroso-
2179 4569 2224 4625 D

565 4660 787 4729 lymatu.
824 4670 876 4714 et
909 4661 1019 4727 ipse
1061 4659 1326 4711 transibat
1354 4673 1448 4726 per
1483 4659 1712 4712 mediam
1739 4658 2044 4712 Samariam
2088 4664 2142 4708 et

565 4750 861 4801 Gaiiiil’alll.
905 4747 1113 4800 Etcum
1141 4749 1511 4815 ingrederetur
1531 4751 1814 4816 quamdam
1839 4750 2140 4811 civitatem,

567 4848 927 4892 occurrerunt
950 4839 997 4891 ei
1032 4839 1213 4892 decem
1241 4839 1338 4892 viri
1368 4840 1592 4908 leprosi,
1613 4841 1702 4907 qui
1735 4848 1999 4893 steterunt
2028 4852 2144 4906 pro-

566 4931 673 4993 cnl,
734 4921 1046 4998 intentaque
1100 4946 1230 4985 voce
1267 4933 1523 4986 dixerunt
1569 4947 1581 4982 :
1633 4930 1758 4984 Jesu
1820 4942 2139 5002 praeceptor,

569 5021 830 5073 miserere
856 5021 1048 5073 nostri.
1089 5021 1232 5085 Quos
1266 5032 1320 5072 ut
1352 5023 1502 5088 vidit,
1539 5021 1676 5075 dixit
1719 5022 1823 5076 illis
1858 5037 1872 5075 :
1911 5023 2007 5086 Ite,
2055 5038 2144 5076 os-

570 5112 770 5165 tendite
806 5125 901 5164 vos
955 5112 1352 5166 sacerdotibus.
1412 5113 1473 5167 Et
1520 5112 1723 5167 factum
1772 5122 1853 5167 est
1905 5121 1961 5165 nt
2007 5115 2147 5167 inter

570 5203 807 5255 eundum
834 5204 1075 5258 mundati
1114 5206 1240 5259 sint.
1273 5204 1422 5258 Unus
1458 5216 1632 5261 autem
1671 5222 1735 5260 ex
1780 5207 1885 5260 illis
1927 5216 1981 5259 ιιι
2013 5206 2148 5258 vidit

574 5297 716 5364 quod
753 5302 1042 5352 mundatus
1073 5309 1242 5362 esset,
1273 5314 1553 5370 regressus
1581 5309 1683 5364 est,
1713 5317 1837 5353 cum
1884 5315 2012 5352 voce
2036 5315 2149 5352 ma-

571 5403 672 5455 gna
706 5388 1014 5456 gloriﬁcans
1049 5391 1236 5455 Deum,
1286 5402 1339 5444 et
1389 5394 1619 5462 procidit
1652 5395 1704 5446 in
1738 5392 1904 5464 526
1957 5392 2149 5446 faciem

572 5475 641 5528 ad
670 5478 834 5545 pedes
864 5478 1000 5546 ejus,
1031 5483 1230 5548 gratias
1260 5497 1423 5552 agens
1462 5484 1511 5538 ei
1551 5503 1564 5538 :
1599 5495 1651 5538 et
1684 5485 1771 5538 hic
1804 5495 1919 5537 erat
1946 5484 2138 5537 Sama-

571 5570 801 5624 ritanns.
835 5570 1184 5639 Respondens
1223 5586 1402 5630 autem
1441 5574 1598 5632 Iesus
1629 5576 1798 5632 dicit:
1835 5575 2026 5630 Nonne
2053 5576 2148 5629 de-

572 5678 687 5716 cem
715 5665 956 5718 tnuudati
990 5677 1112 5717 sunt
1140 5666 1160 5717 ?
1201 5682 1388 5723 novem
1416 5677 1592 5726 autem
1629 5668 1704 5724 illi
1730 5669 1857 5725 ubi?
1886 5666 2002 5724 Non
2023 5678 2148 5722 sunt

649 5837 736 5890 ³Ἰ
777 5841 879 5896 ('or
915 5858 988 5908 ιι,
1035 5843 1114 5896 Ni.

2337 4577 2353 4609 ι
2388 4561 2496 4612 Καὶ
2525 4560 2742 4628 ἐγένετο
2772 4562 2829 4612 ἐν
2857 4559 2935 4629 τῷ
2961 4560 3291 4629 πορεύεσθαι
3322 4559 3486 4613 αὐτὸν
3514 4560 3593 4622 είς
3639 4560 3838 4632 Ἰερουο

2251 4650 2454 4720 σαλὴμ,
2483 4649 2576 4702 καὶ
2611 4650 2771 4712 αὐτὸς
2797 4649 3052 4719 διήρχετο
3076 4649 3164 4701 διὰ
3195 4649 3362 4718 μέσου
3388 4649 3706 4718 Σαμαρείας
3745 4652 3837 4704 καὶ

2252 4743 2561 4806 Γαλιλαίας.
2605 4743 2716 4796 Καὶ
2755 4742 3144 4812 εἰσερχομένου
3177 4742 3341 4794 αὑτοῦ
3373 4743 3452 4806 εῐς
3482 4759 3608 4795 τινα
3659 4743 3836 4807 πόλιν,

2250 4837 2580 4906 ἀπήντησαν
2626 4834 2774 4904 αύτῷ
2823 4835 2955 4887 δέκα
2997 4834 3190 4902 λεπροὶ
3236 4835 3450 4904 ἀνδρες,
3483 4836 3544 4894 ⁴οἳ
3601 4836 3839 4903 ἔστησαν

2250 4928 2559 4999 πόρρωθεν,
2597 4928 2691 4980 καὶ
2717 4927 2870 4980 αὐτοὶ
2897 4923 3038 4998 ἦραν
3071 4927 3278 4995 φωνὴν,
3306 4928 3562 4995 λέγοντες
3596 4945 3611 4959 ο
3664 4926 3837 4998 Ἰησοῦ

2252 5022 2538 5086 ἐπιστάτα,
2566 5021 2790 5088 ἐλέησον
2824 5022 2992 5090 ἡμᾶς.
3018 5021 3128 5074 Καὶ
3163 5020 3288 5074 ἰδὼν
3312 5017 3466 5075 εἶπεν
3495 5022 3707 5085 αὐτοῖς’
3737 5024 3841 5075 Πο-

2252 5112 2540 5182 ρευθέντες
2580 5113 2888 5178 ἐπιδείξατε
2916 5114 3148 5178 ἑαυτοὺς
3176 5117 3289 5176 τοῖς
3323 5115 3548 5183 ἱερεῦσι.
3586 5116 3698 5170 Καὶ
3719 5115 3844 5183 ἐγέ-

2249 5221 2369 5256 νετο
2395 5205 2450 5256 ὲν
2497 5206 2574 5276 τῷ
2617 5205 2850 5271 ὑπάγειν
2879 5207 3097 5271 αὐτοὺς,
3131 5205 3601 5277 ἐκαθαρίσθησαν.
3638 5201 3730 5271 Εἷς
3780 5209 3840 5263 5s

2252 5295 2309 5359 ἐξ
2343 5298 2520 5350 αὐτῶν
2575 5297 2699 5350 ἰδὼν
2747 5299 2826 5350 ὅτι
2882 5299 3029 5368 ίάθη,
3073 5299 3407 5368 ὑπέστρεψε,
3453 5301 3592 5369 μετά
3653 5299 3840 5369 φωνῆς

2260 5392 2503 5461 μεγάλης
2527 5390 2763 5455 δοξάζων
2791 5393 2883 5445 τὸν
2917 5393 3070 5456 Θεὸν,
3107 5394 3202 5445 καὶ
3230 5393 3428 5444 ἔπεσεν
3489 5393 3587 5446 ἐπὶ
3624 5396 3841 5464 πρόσω-

2254 5499 2356 5534 πον
2384 5486 2531 5553 παρὰ
2560 5486 2685 5546 τοὺς
2715 5486 2879 5548 πόδας
2910 5487 3100 5547 αὑτοῦ,
3128 5486 3470 5557 εὐχαριστῶν
3531 5485 3704 5556 αὐτῷ·
3744 5485 3840 5538 καὶ

2251 5576 2411 5637 αὐτὸς
2477 5573 2545 5644 ἦν
2602 5577 2976 5647 Σαμαρείτης.
3045 5576 3394 5648 Ἀποκριθεὶς
3441 5577 3498 5630 δὲ
3558 5580 3586 5632 6
3631 5573 3840 5648 Ἰησοῦς

2254 5665 2406 5722 εἶπεν
2437 5684 2448 5697 ·
2475 5668 2618 5739 Οὐχὶ
2634 5672 2682 5722 oi
2712 5670 2840 5724 δέκα
2861 5670 3301 5743 ἐκαθαρίσθησαν
3321 5687 3337 5740 ς
3358 5670 3482 5726 οίδὲ
3509 5671 3668 5726 ὲννέα
3699 5667 3836 5736 troia;
