4048 6516
226 470 336 536 980

924 470 1368 531 ENARRATIO
1410 469 1489 528 ΙΝ
1536 467 2047 531 EVANGELIUM
2077 469 2317 532 LUC/E.
2345 491 2411 505 -
2437 468 2601 529 CAP.
2635 467 2824 529 XVII.

3437 465 3547 530 990

230 584 348 652 Οὑχ
382 579 688 652 εὑρέθησαν
707 579 1150 649 ὑποστρέψαντες
1178 579 1361 632 δοῦναι
1394 579 1553 644 δόξαν
1582 576 1663 650 τῷ
1685 577 1829 648 θεῷ,

1942 580 2141 647 reperti
2173 579 2264 650 qui
2295 579 2555 634 redierim
2588 585 2646 631 ut
2674 579 2869 632 darent
2899 573 3129 646 gloriam
3155 571 3292 640 Deo,
3325 573 3426 630 nisi
3458 577 3546 633 hic

226 676 278 728 εἱ
313 675 388 745 μὴ
423 675 451 726 ὁ
478 670 770 740 ἀλλογενὴς
799 663 976 734 οὗτος.
1009 671 1119 724 Καὶ
1135 664 1290 725 εἶπεν
1324 669 1477 740 αὑτῷ
1511 687 1525 702 ο
1562 670 1834 734 Ἀναστὰς

229 765 489 837 πορεύου,
519 765 552 834 ἡ
581 763 766 826 πίστις
813 778 908 814 σου
949 761 1159 816 σέσωκέ
1191 779 1274 815 σε.
1336 781 1354 812 ι
1407 760 1726 814 Κάντεῦθεν
1761 761 1828 816 ἀν

234 877 322 921 τις
346 856 617 926 ἐπιγνοίη,
657 857 730 918 ὼς
773 854 928 909 οὑδέν
955 855 1242 925 ἐμποδίζει
1272 855 1381 908 τινὶ
1427 855 1566 925 πρὸς
1608 855 1670 909 τὸ
1697 857 1828 909 εὑα-

232 953 456 1024 ρεστεῖν
510 948 651 1018 Θεῷ,
690 948 796 1002 κᾶν
837 949 1250 1014 ἐπικαταράτου
1282 947 1475 1015 γένους
1524 948 1635 1018 ετη,
1673 949 1833 1018 μόνον

234 1047 286 1099 εἱ
319 1042 653 1115 προαίρεσιν
688 1042 901 1112 ἀγαθὴν
929 1041 1067 1111 ἔχοι.
1109 1041 1242 1096 ἰδοὺ
1272 1041 1381 1113 γὰρ
1435 1043 1567 1096 δέκα
1602 1043 1701 1111 μὲν
1740 1042 1831 1095 λεο

234 1135 370 1208 προὶ
414 1136 760 1205 συνήντησαν
797 1133 878 1203 τῷ
920 1133 1098 1202 Ἰησοῦ
1154 1135 1413 1203 μέλλοντι
1460 1133 1726 1187 εἰσελθεῖν
1752 1135 1831 1197 είς

227 1244 356 1280 τινα
389 1225 566 1279 πόλιν.
617 1226 965 1294 Ἀπήντησαν
993 1223 1051 1277 δὲ
1081 1222 1188 1289 ἐξω
1215 1223 1313 1291 τῆς
1347 1222 1579 1285 πόλεως.
1619 1221 1694 1274 Οὑ
1721 1221 1833 1291 γὰρ

226 1319 361 1387 ἐξῆν
413 1317 597 1379 αὐτοῖς
630 1316 967 1385 ἀκαθάρτοις
1000 1313 1381 1384 νομιζομένοις
1421 1312 1554 1365 εἴσω
1603 1311 1703 1380 τῆς
1735 1311 1834 1364 πό-

225 1407 368 1472 λεως
391 1409 626 1476 διάγεινο
650 1406 938 1478 πόρρωθεν
967 1406 1023 1459 δέ
1051 1405 1300 1469 στάντες,
1331 1398 1419 1457 οἷα
1447 1401 1832 1473 αἰσχυνόμενοι

229 1503 335 1571 τὴν
369 1499 638 1554 δοκοῦσαν
664 1497 844 1551 αὐτῶν
881 1497 1254 1568 ἀκαθαρσίαν,
1287 1497 1382 1550 καὶ
1417 1495 1491 1565 μὴ
1521 1493 1832 1565 τολμῶντες

226 1595 479 1662 ἐγγῖσαιο
509 1590 761 1663 ἐνόμιζον
788 1592 898 1660 γάρ
949 1594 1045 1645 καὶ
1074 1593 1165 1643 τὸν
1213 1587 1426 1657 Ἰησοῦν
1463 1587 1828 1658 βδελυχθῆναι

225 1684 297 1738 ἂν
336 1684 562 1746 αὑτοὺς,
587 1682 777 1753 ὥσπερ
802 1683 896 1735 καὶ
925 1684 973 1736 οἱ
1001 1683 1180 1734 λοιποὶ
1215 1681 1456 1733 ἐποίουν·
1481 1679 1700 1748 αἴρουσι
1730 1680 1831 1751 τὴν

227 1775 440 1844 φωνὴν,
477 1779 572 1827 καὶ
610 1775 943 1828 ἱκετεύουσι.
982 1773 1073 1844 Τῷ
1129 1773 1227 1843 μὲν
1257 1773 1407 1842 τόπῳ
1441 1772 1634 1844 πόρρω
1670 1773 1832 1841 ἕστη-

227 1883 352 1926 σαν,
380 1867 445 1934 τῇ
484 1865 538 1918 δὲ
575 1865 755 1936 ἱκεσίᾳ
785 1867 954 1932 ἐγγὺς
985 1865 1258 1932 ἐγένοντο.
1320 1863 1521 1931 Ἐγγὺς
1571 1862 1682 1934 γὰρ
1733 1864 1830 1914 καὶ

1937 672 2266 743 alienigena.
2305 669 2370 725 Et
2394 672 2468 725 ait
2495 669 2603 730 illi:
2634 669 2830 739 Sarge,
2870 667 3026 732 vade,
3064 667 3197 721 lldes
3232 674 3322 721 tua
3353 678 3404 722 te
3425 681 3544 721 ser-

1937 763 2105 816 vavit.
2151 780 2168 812 ι
2217 763 2281 816 Et
2318 762 2445 816 hinc
2479 761 2691 815 discere
2715 759 2839 828 quis
2875 767 3071 827 potest,
3100 759 3243 827 quod
3280 757 3409 810 nihil
3435 758 3550 810 cui-

1935 868 2102 924 quam
2134 856 2291 909 obest
2327 855 2393 908 ad
2426 854 2526 908 hoc
2567 862 2625 907 ut
2660 852 2770 906 Deo
2816 837 3060 922 placeat:
3091 851 3310 904 etiamsi
3369 849 3541 903 male-

1936 945 2067 998 dicti
2095 946 2311 1012 generis
2361 945 2452 1008 sit,
2511 943 2669 996 modo
2710 943 2909 998 bonam
2947 941 3284 994 voluntatem
3323 940 3542 994 habeat.

1935 1039 2076 1093 Ecce
2106 1039 2253 1093 enim
2293 1038 2479 1092 decem
2514 1037 2709 1106 Ieprosi
2748 1045 3111 1089 occurrerunt
3155 1031 3284 1086 Jesu
3319 1033 3371 1083 in
3411 1032 3545 1084 civi-

1937 1138 2103 1185 tatem
2140 1131 2432 1199 quamdam
2485 1129 2803 1197 ingressnro
2861 1143 2875 1180 :
2933 1133 3296 1179 occurrerunt
3359 1133 3541 1176 autem

1935 1232 2091 1282 extra
2128 1222 2431 1276 civitatem.
2469 1221 2583 1274 Non
2611 1221 2754 1274 enim
2789 1218 2989 1271 licebat
3018 1220 3097 1272 eis
3131 1218 3220 1286 ιειιὶ
3260 1215 3534 1269 habeban-

1938 1324 2026 1370 tttr
2059 1314 2352 1378 immundi,
2388 1315 2441 1368 itt
2497 1313 2808 1367 civitatibus
2862 1312 3090 1364 versari.
3129 1308 3326 1363 Procul
3381 1309 3546 1376 igitur

1935 1409 2174 1471 Stabant,
2239 1417 2427 1476 utpote
2486 1414 2699 1474 proptet
2770 1401 3173 1456 immunditiam
3210 1416 3332 1470 quze
3377 1401 3428 1452 iu
3465 1401 3546 1454 eis

1935 1504 2230 1570 apparebat
2285 1502 2706 1554 erubescentes:
2746 1507 2799 1550 et
2830 1511 3008 1563 neque
3045 1495 3317 1547 audebant
3352 1508 3547 1561 appro-

1937 1597 2110 1665 piare,
2141 1604 2396 1665 putantes
2427 1593 2571 1660 quod
2609 1589 3008 1646 abominabiles
3049 1589 3095 1641 ei
3129 1597 3336 1648 essent,
3398 1587 3546 1639 sicut

1935 1696 1989 1742 et
2013 1687 2155 1741 aliis.
2196 1684 2474 1739 Extollunt
2508 1684 2678 1752 igitur
2705 1695 2892 1734 vocem
2946 1695 3100 1733 suam
3135 1689 3186 1732 et
3219 1686 3376 1730 orant
3429 1694 3442 1728 :
3489 1686 3548 1729 et

1939 1779 2062 1834 loco
2098 1778 2318 1848 quidem
2365 1776 2555 1844 procul
2609 1783 2795 1836 stant,
2837 1771 3087 1824 oratione
3123 1780 3302 1822 autem
3346 1783 3546 1836 appro-

1937 1874 2111 1941 piant.
2147 1869 2321 1939 Prope
2352 1870 2500 1922 enim
2540 1875 2624 1921 est
2681 1864 2942 1919 Dominus
2974 1860 3232 1916 omnibus
3283 1861 3548 1914 invocan-

229 1961 371 2010 πᾶσι
401 1960 514 2019 τοῖς
566 1957 1025 2025 ἐπικαλουμένοις
1086 1955 1250 2008 αὑτὸν
1300 1956 1358 2008 ἐν
1412 1954 1664 2025 ἀληθεία.
1721 1953 1832 2006 Καὶ

1942 1965 2087 2018 tibus
2125 1977 2247 2017 eum
2288 1962 2338 2014 in
2395 1959 2704 2013 veritate“.
2740 1956 2804 2008 Et
2854 1969 2962 2007 non
3021 1953 3348 2022 simpliciter
3387 1961 3547 2004 orant

225 2053 329 2122 οὑχ
355 2052 429 2112 ὡς
463 2051 648 2113 άπλῶς
683 2050 972 2119 ἄνθρωπον
1006 2048 1364 2114 ἱκετεύουσιν,
1404 2048 1518 2100 ἀλλ’
1569 2047 1642 2110 ὼς
1689 2047 1830 2115 ὑπὲρ

227 2143 538 2213 ἄνθρωπον.
585 2145 922 2212 Ἐπιστάτην
969 2143 1077 2211 γὰρ
1128 2142 1292 2192 αὑτὸν
1350 2140 1734 2210 ὀνομάζουσιν,
1803 2139 1830 2191 ὃ

228 2238 372 2300 ἐστι,
421 2235 662 2305 ¹Κύριον,
702 2235 1002 2304 κηδεμόνα,
1037 2234 1256 2303 ἔφορον,
1291 2236 1431 2304 ὅπερ
1483 2233 1651 2302 ἐγγύς
1713 2234 1830 2284 ἐστι

232 2325 325 2378 τοῦ
358 2313 489 2378 Θεὸν
521 2327 769 2394 νομίζειν
799 2327 983 2379 αὐτόν.
1027 2325 1086 2377 Ὀ
1140 2325 1197 2377 δὲ
1253 2326 1581 2394 προστάττει
1641 2325 1830 2386 αὑτοῖς

230 2419 501 2482 ἐπιδεῖξαι.
529 2419 758 2481 ἑαυτοὺς
791 2419 903 2480 τοῖς
935 2415 1203 2485 ἱερεῦσιν·
1234 2418 1282 2469 οἱ
1311 2417 1418 2486 γὰρ
1456 2419 1622 2486 ἱερεῖς
1660 2416 1835 2468 ἐδοκί-

235 2510 410 2578 μαζον
450 2511 580 2571 τοὺς
603 2509 905 2572 τοιούτους,
941 2509 1034 2561 καὶ
1072 2509 1203 2579 παρ’
1236 2509 1462 2562 ἐκείνων
1491 2509 1592 2578 τὴν
1638 2508 1822 2577 ψῆφον

233 2601 507 2670 ἐδέχοντο,
552 2602 664 2652 εῐτε
695 2599 924 2668 καθαροὶ
965 2599 1064 2668 τῆς
1105 2599 1316 2668 λέπρας
1372 2593 1505 2661 εἷεν,
1561 2597 1672 2649 εἴτε
1729 2597 1830 2666 μή.

235 2687 400 2761 Εἶχον
461 2691 573 2761 γάρ
634 2692 840 2759 σημεῖα
888 2691 938 2742 οἱ
1000 2691 1168 2761 ἱερεῖς
1207 2691 1274 2744 δι’
1333 2685 1408 2744 ὧν
1468 2689 1566 2759 τὴν
1611 2689 1834 2740 ἀνίατον

236 2785 448 2854 ὶέπραν
478 2783 942 2854 ἐχαρακτήριζον.
989 2783 1155 2836 Ἀλλά
1188 2783 1284 2836 καὶ
1321 2783 1441 2852 μεθ’
1473 2783 1500 2834 ὃ
1545 2781 1833 2852 ἐλεπρωθη

231 2895 339 2942 τις,
366 2873 485 2929 εἶτα
519 2877 733 2945 ὑγιείας
765 2876 979 2947 ἔτυχεν,
1030 2877 1078 2930 οἱ
1131 2877 1298 2948 ἱερεῖς
1357 2875 1702 2947 ἐδοκίμαζον,
1740 2876 1836 2928 καὶ

230 2970 408 3040 δῶρον
437 2969 813 3040 προσεφέρετο
861 2968 922 3020 τὸ
953 2969 1011 3020 ἐν
1057 2967 1136 3038 τῷ
1171 2968 1321 3038 νόμῳ
1347 2966 1662 3037 διαταχθέν.
1715 2967 1834 3018 Ἑν⁹

231 3062 418 3116 ταῦοα
446 3062 502 3115 δὲ
543 3060 995 3131 ὁμολογουμένως
1040 3060 1260 3130 λεπρῶν
1295 3061 1466 3112 ὗντων
1517 3059 1748 3124 τούτων,
1783 3057 1837 3111 τί

231 3154 342 3207 εδει
371 3155 573 3216 αὑτοὺς
601 3151 994 3222 ὑποδειχθῆναι
1015 3155 1129 3215 τοῖς
1154 3152 1412 3223 ἱερεῦσιν,
1447 3154 1494 3204 εἱ
1521 3153 1596 3224 μὴ
1619 3154 1838 3213 πάντως

237 3246 470 3316 ἔμελλον
501 3245 947 3316 καθαρισοῆναι;
1002 3245 1075 3298 Τὸ
1126 3247 1238 3314 γὰρ
1278 3244 1588 3314 προστάξαι
1650 3246 1836 3308 αὑτοῖς
1865 3283 1908 3341 C

233 3341 502 3394 ἀπελθεῖν
535 3339 673 3409 πρὸς
704 3340 832 3401 τοὺς
874 3339 1062 3408 ἱερεῖς,
1099 3338 1254 3390 οὐδὲν
1285 3336 1413 3392 ἄλλο
1462 3338 1770 3407 ἐνέφαινεν,
1802 3336 1834 3406 ἦ

228 3435 317 3487 ὅτι
344 3431 579 3501 καθαροὶ
606 3432 845 3494 ἔσονται,
885 3430 968 3482 διὸ
996 3429 1088 3483 καί
1118 3447 1306 3500 φησιν,
1354 3430 1435 3483 ὅτι
1465 3431 1523 3483 ἐν
1583 3429 1660 3500 τῷ
1691 3429 1837 3483 ὑπά-

234 3542 360 3594 γειν
399 3524 873 3594 ἐκαθαρίσθησαν.
915 3505 1060 3576 Ἀλλ’
1091 3524 1194 3592 ὅρα
1231 3523 1369 3592 ὅπερ
1413 3523 1469 3576 ἐν
1493 3523 1634 3593 ἀρχῇ
1686 3521 1838 3574 εἷπο-

233 3635 358 3687 μεν,
387 3618 466 3670 ὅτι
488 3616 619 3670 δέκα
649 3616 839 3681 ὄντων,
865 3616 1034 3684 οἱμὲν
1059 3614 1243 3681 ἐννέα,
1282 3614 1463 3667 καίτοι
1500 3615 1837 3684 Ἰσραηλῖται

227 3710 411 3771 ὄντες,
446 3709 734 3778 ἀχάριστοι
763 3707 1066 3779 ἐφάνησαν,
1103 3710 1131 3760 ὁ
1173 3707 1230 3760 δέ
1262 3707 1612 3778 Σαμαρείτης
1632 3748 1645 3772 ,
1677 3707 1837 3760 ἀλλο-

229 3801 398 3869 γενὴς
453 3798 550 3863 ὢν,
589 3800 900 3869 ὑπέστρεψε
968 3801 1062 3852 καὶ
1111 3797 1209 3870 τὴν
1250 3799 1348 3868 τῆς
1405 3798 1837 3868 εὐγνωμοσύνης

233 3892 425 3963 φωνὴν
455 3893 629 3960 ἠφίει.
670 3893 950 3962 Ἀσσύριοι
979 3892 1090 3962 γὰρ
1118 3894 1168 3945 οἱ
1211 3893 1576 3962 Σαμαρεῖται,
1603 3893 1690 3945 ἵνα
1729 3911 1835 3962 μη-

230 3986 347 4048 δεὶς
386 3984 604 4047 ἐθνικὸς
635 3983 1016 4055 ἁπογινὼσκῃ,
1081 3987 1177 4038 καὶ
1226 3986 1314 4061 ἵνα
1353 3985 1545 4055 μηδεὶς
1578 3985 1644 4039 ἐκ
1698 4004 1835 4055 προ-

230 4075 414 4147 γόνων
450 4075 624 4155 άγίυλν
648 4077 723 4128 ὢν
765 4076 1040 4146 καυχῷτο.
1067 4076 1377 4130 Δὶνίττεται
1427 4078 1486 4130 δὲ
1538 4078 1602 4131 τὸ
1647 4076 1837 4147 θαῦμα

229 4169 396 4224 τοῦτο
421 4168 514 4222 καὶ
544 4169 642 4240 τὴν
668 4170 857 4240 κοινὴν
885 4169 1028 4222 κατὰ
1073 4170 1280 4232 παντὸς
1334 4168 1431 4223 τοῦ
1479 4169 1834 4241 ἀνθρωπίνου

231 4263 432 4331 γένους
459 4262 767 4330 γενομένην
808 4261 1110 4331 σωτηρίαν,
1162 4262 1298 4316 δέκα
1332 4263 1431 4331 μὲν
1470 4263 1585 4332 γὰρ
1621 4264 1834 4333 λεπροὶ,

231 4356 266 4424 ὴ
299 4352 574 4422 παντελὴς
608 4353 717 4404 τῶν
767 4351 1080 4425 ἀνθρώπων
1139 4354 1300 4422 φύσις
1363 4353 1715 4424 λεπρωοεῖσα
1767 4360 1835 4427 τῇ

231 4445 424 4514 κακίᾳ,
461 4445 554 4496 καὶ
585 4443 685 4515 τὴν
730 4444 831 4515 τῆς
862 4445 1139 4516 ἁμαρτίας
1182 4447 1574 4519 ἀσχημοσύνην
1607 4449 1838 4518 περιφέ-

236 4556 430 4611 ρουσα,
478 4540 572 4592 καὶ
620 4539 725 4606 ἔξω
758 4541 855 4609 τῆς
886 4541 997 4593 τῶν
1054 4541 1304 4610 οὐρανῶν
1351 4541 1560 4605 πόλεως
1603 4542 1690 4595 διὰ
1739 4541 1837 4612 τὴν

1937 2068 1994 2111 ιιι
2035 2056 2333 2119 hominem,
2380 2054 2473 2107 sed
2509 2062 2565 2106 ut
2592 2065 2714 2104 eum
2750 2049 2842 2117 qni
2873 2062 3036 2114 supra
3071 2046 3369 2101 hominem.
3402 2046 3548 2099 Prae-

1936 2163 2211 2222 ccptorem
2249 2150 2394 2204 enim
2435 2163 2557 2202 eum
2591 2145 2899 2208 nominant,
2940 2143 3043 2195 hoc
3075 2150 3178 2206 est,
3219 2141 3535 2198 Dominum,

1936 2254 2273 2302 curatorem,
2323 2239 2658 2310 provisoretn
2702 2255 2714 2290 :
2759 2236 2808 2288 id
2849 2235 2994 2300 quod
3035 2245 3118 2288 est
3150 2245 3343 2303 putare
3392 2233 3543 2285 illum

1936 2350 2107 2406 prope
2148 2335 2340 2388 Deum.
2376 2333 2564 2386 Atille
2597 2332 2844 2401 praecipit
2907 2330 2987 2384 eis
3029 2340 3081 2381 ut
3137 2327 3428 2381 ostendant
3488 2340 3548 2377 se

1938 2426 2336 2483 sacerdotibus.
2366 2425 2499 2477 Nam
2553 2426 2876 2479 sacerdotes
2908 2422 3218 2493 probabant
3276 2419 3434 2484 tales,
3493 2424 3546 2470 ct

1939 2521 2006 2574 ab
2044 2520 2148 2573 illis
2189 2520 2520 2574 sententiam
2555 2517 2905 2584 accipiebant
2941 2533 3008 2569 an
3072 2514 3255 2568 mundi
3305 2521 3486 2566 essent
3518 2526 3546 2562 a

1940 2613 2088 2681 lepra
2124 2612 2206 2666 vel
2234 2627 2360 2665 non.
2390 2609 2684 2665 Habebattt
2709 2610 2854 2663 enim
2892 2610 3209 2662 sacerdotes
3253 2607 3405 2674 signa
3447 2619 3542 2672 per

1940 2719 2062 2774 qua:
2129 2703 2491 2758 insanabilem
2556 2702 2764 2771 lepraut
2821 2700 3250 2770 investigaliant.
3315 2695 3426 2751 Sed
3496 2702 3552 2747 et

1940 2798 2158 2864 quando
2194 2797 2338 2864 lepra
2373 2796 2496 2864 quis
2536 2796 2790 2859 infectus,
2841 2803 3031 2865 postea
3072 2791 3366 2845 sanitatem
3399 2803 3552 2841 assc~

1942 2899 2104 2945 cutus
2135 2897 2275 2949 erat,
2317 2902 2441 2941 eum
2501 2887 2814 2940 sacerdotes
2858 2882 3186 2952 probabant,
3245 2892 3300 2935 et
3344 2881 3548 2932 donum

1939 2978 2274 3032 oﬂercbatur
2327 2978 2378 3030 in
2426 2979 2540 3046 lege
2610 2987 2962 3046 praeceptum.
3027 2973 3141 3028 lloc
3192 2984 3373 3026 autem
3435 2972 3552 3024 loco

1941 3088 2064 3127 cum
2092 3088 2157 3126 ex
2193 3071 2448 3126 confesso
2475 3080 2659 3125 essent
2697 3070 2917 3136 leprosi,
2968 3068 3097 3138 quid
3135 3082 3270 3135 opus
3327 3073 3446 3118 erat
3494 3078 3554 3117 se

1941 3166 2230 3221 ostendere
2259 3163 2665 3226 sacerdotibus,
2698 3163 2800 3214 nisi
2832 3162 3056 3214 otnniuo
3106 3159 3341 3212 fuiss‘cnt
3394 3171 3556 3210 mutt-

1941 3257 2146 3313 dandi?
2177 3257 2312 3312 Nam
2341 3258 2484 3326 quod
2521 3255 2872 3326 praecipiebat
2903 3253 2983 3307 eis
3010 3261 3066 3305 ut
3093 3250 3412 3305 sacerdotes
3430 3248 3550 3301 adi-

1943 3363 2086 3414 rent,
2123 3352 2259 3406 nihil
2291 3350 2436 3405 aliud
2477 3350 2776 3414 indicabat,
2818 3363 2982 3418 quam
3032 3345 3174 3415 quod
3236 3343 3420 3398 mundi
3468 3342 3551 3394 {u-

1945 3446 2052 3499 turi
2103 3454 2327 3502 essent:
2377 3445 2581 3497 idcirco
2633 3453 2685 3496 et
2739 3440 3053 3510 dicitquod
3105 3441 3252 3494 inter
3311 3435 3549 3493 euudmn

1944 3538 2192 3593 muudati
2223 3536 2467 3592 luerunt.
2502 3536 2569 3589 At
2604 3534 2728 3590 vide
2762 3534 2887 3600 hoc,
2937 3541 2995 3587 ut
3050 3532 3104 3586 in
3142 3529 3419 3599 principio
3469 3530 3552 3579 di—

1944 3629 2148 3689 ximus,
2187 3628 2329 3697 quod
2379 3642 2502 3680 cum
2568 3625 2755 3679 decem
2817 3633 3023 3689 essent,
3075 3638 3270 3677 novem
3327 3622 3550 3692 quidem

1941 3723 2190 3792 quamvis
2239 3719 2500 3774 Israelita:
2548 3717 2751 3786 ingrati
2791 3725 3162 3786 apparuerunt
3198 3734 3211 3770 :
3278 3726 3330 3769 at
3363 3715 3557 3767 Sama-

1943 3814 2155 3868 ritanus
2184 3827 2308 3867 cum
2340 3822 2487 3866 esset
2514 3811 2731 3879 generis
2764 3810 3013 3872 alterius,
3069 3824 3322 3863 reversus
3351 3819 3457 3871 cst,
3499 3819 3547 3861 ct

1944 3919 2134 3958 vocem
2174 3903 2527 3973 gratitudinis
2557 3904 2758 3957 emisit.
2812 3902 3025 3973 Assyrii
3060 3902 3206 3956 enim
3239 3909 3399 3955 erant
3448 3901 3552 3954 Sa-

1944 3995 2236 4050 maritani:
2272 4006 2329 4050 ut
2358 3995 2536 4048 nullus
2569 3995 2788 4063 gentilis
2832 3997 3104 4064 desperet,
3144 4004 3200 4049 et
3254 3995 3434 4048 nullus
3488 3996 3554 4049 de

1943 4087 2148 4141 sanctis
2173 4086 2493 4155 parentibus
2515 4084 2800 4154 glorietur.
2833 4085 3076 4139 lnsiunat
3095 4085 3198 4139 hoc
3225 4085 3552 4138 miraculum

1943 4179 2106 4233 etiam
2168 4194 2515 4233 communem
2576 4178 2740 4232 totius
2786 4178 3012 4232 humani
3053 4179 3270 4247 generis
3322 4177 3553 4231 salutem

1945 4272 2083 4326 fieri.
2132 4271 2330 4326 Decem
2372 4272 2518 4326 enim
2559 4271 2759 4341 leprosi
2834 4286 2996 4326 omne
3041 4287 3214 4342 genus
3264 4271 3549 4324 hominum

1942 4365 2163 4434 signant
2212 4363 2362 4433 lepra
2407 4363 2631 4417 malitiae
2696 4362 2982 4426 infectum,
3038 4377 3102 4416 ac
3152 4362 3545 4430 turpitudinem

1952 4458 2161 4525 peccati
2199 4454 2622 4519 circumferens,
2647 4465 2700 4508 et
2724 4465 2878 4508 extra
2923 4455 3072 4522 regni
3103 4454 3367 4506 cmlorum
3426 4454 3562 4506 civi—

1951 4557 2119 4603 tatem
2147 4557 2372 4617 propter
2401 4546 2806 4601 immunditiam
2839 4547 3218 4606 constitutum,
3257 4546 3558 4616 proculque

231 4634 586 4703 ἀκαθαρσίαν
606 4633 894 4702 διάγουσα,
919 4635 1012 4687 καὶ
1049 4635 1340 4707 πόρρωθεν
1365 4637 1631 4708 ἱσταμένη
1653 4637 1787 4690 Θεοῦ
1814 4653 1826 4666 ο

1948 4659 1977 4698 a
2018 4644 2128 4697 Deo
2157 4651 2334 4697 stans.
2373 4640 2435 4693 Et
2467 4641 2609 4694 istuc
2661 4642 2837 4707 ipsum
2879 4641 3066 4707 procul
3128 4648 3298 4702 stare,
3351 4639 3560 4707 suppli-

237 4728 374 4780 αὐτὸ
392 4727 552 4780 τοῦτο
574 4727 633 4780 τὸ
655 4726 941 4800 πόρρωθεν
960 4728 1234 4795 ἵστασθαι,
1260 4731 1550 4801 ἱκετηρίαν
1574 4729 1718 4800 εἶχε.
1747 4732 1840 4803 Τῷ

237 4822 348 4891 γὰρ
373 4821 764 4892 φιλανθρώπῳ,
791 4820 887 4874 καὶ
920 4821 1128 4875 θέλοντι
1177 4824 1389 4887 πάντας
1461 4824 1702 4895 σωθῆναι
1743 4827 1839 4878 καὶ

238 4913 633 4980 άγαθύνεσθαι,
659 4915 894 4985 μεγίστη
922 4916 1199 4986 πρόφασις
1227 4918 1306 4976 είς
1335 4917 1486 4969 ἔλεον
1522 4918 1582 4970 τὸ
1619 4919 1826 4988 μηδένα

236 5005 371 5075 δρᾷν
393 5005 692 5074 μετέχοντα
711 5006 808 5075 τῆς
855 5008 1195 5076 ἀγαθότητος
1227 5007 1416 5070 αὑτοῦ,
1442 5009 1510 5061 δι’
1551 5012 1684 5064 αὑτὸ
1726 5011 1836 5082 γάρ

239 5096 397 5149 τοῦτο
423 5097 838 5166 ἑπικάμπτεται
872 5099 1009 5169 πρὸς
1035 5101 1095 5152 τὸ
1121 5099 1464 5169 θεραπεῦσαι
1492 5103 1619 5166 τοὺς
1659 5104 1835 5168 οὕτως

255 5187 458 5251 ἀθλίως
499 5188 743 5258 1ἔχοντας.
784 5190 892 5243 Καὶ
932 5191 1116 5260 μέντοι
1158 5195 1253 5244 καὶ
1287 5195 1624 5264 ἐθεράπευσε
1663 5199 1845 5250 πᾶσαν

243 5277 344 5348 τὴν
375 5279 757 5349 λεπρωθεῖσαν
788 5280 973 5349 φύσιν,
1008 5283 1146 5354 ὑπὲρ
1182 5287 1384 5350 παντὸς
1428 5287 1720 5357 ἀνθρώπου
1755 5291 1852 5344 καὶ

242 5374 555 5446 σαρκωθείς
580 5391 596 5406 ο
636 5376 730 5429 καὶ
786 5375 1022 5430 θανάτου
1053 5380 1419 5449 γευσάμενος.
1483 5383 1622 5436 Ἀλλ’
1660 5386 1705 5434 οἱ
1753 5383 1851 5452 μὲν

259 5468 507 5522 Ἰουδαῖοι
534 5508 548 5529 ,
585 5469 677 5522 καί
716 5486 799 5522 τοι
851 5467 976 5523 ὅσον
1010 5470 1069 5523 τὸ
1102 5473 1195 5523 ἐπὶ
1245 5473 1321 5544 τῷ
1370 5476 1581 5544 Κυρίῳ,
1616 5476 1851 5546 καθαρι-

243 5560 469 5623 σθέντες
507 5562 617 5616 τῶν
647 5564 867 5618 οἱκείων
907 5567 1006 5633 τῆς
1041 5565 1357 5638 λεπρώδους
1399 5569 1680 5638 ἁμαρτίας
1712 5571 1851 5621 ἀκα-

243 5652 510 5724 θαρσιῶν,
534 5653 853 5726 ἀγνώμονες
871 5659 1244 5728 ἀνεφάνησαν,
1268 5663 1359 5715 καὶ
1381 5663 1480 5732 οὑχ
1501 5660 1850 5730 ὑπέστρεψαν

313 5794 361 5827 ⁸⁸
400 5792 542 5848 Psal.
583 5809 761 5860 σχειν,
790 5797 878 5853 18.

1949 4737 2108 4792 candi
2149 4737 2385 4805 speciem
2414 4735 2598 4788 habet.
2651 4732 2992 4787 Misericordi
3044 4731 3189 4784 enim
3249 4738 3303 4782 et
3359 4731 3558 4782 \‘olcnli

1949 4829 2206 4885 omnibus
2248 4828 2479 4880 salutem
2529 4825 2726 4880 aﬂ'crre
2754 4823 2829 4894 (ο)
2864 4839 2923 4876 :tc
2973 4822 3316 4884 benefacere,
3366 4837 3557 4889 magna

1948 4922 2166 4978 occasio
2187 4931 2268 4974 est
2293 4921 2358 4974 ad
2381 4919 2770 4978 miserendum,
2792 4917 2998 4968 nullum
3027 4917 3210 4968 videre
3234 4915 3553 4983 participem

1941 5031 2051 5070 soze
2074 5013 2334 5068 bonitatis
2355 5029 2368 5078 ;
2393 5009 2888 5080 propterhocenim
2914 5007 3194 5060 inclinavit
3211 5024 3292 5064 se.
3314 5017 3552 5058 utsana-

1945 5114 2026 5160 ret
2081 5105 2245 5177 427
2291 5119 2384 5158 eos
2445 5102 2534 5171 qui
2581 5110 2687 5152 tam
2749 5100 2887 5152 male
2946 5099 3238 5151 habebant.
3293 5098 3557 5161 Quamvis

1957 5201 2121 5256 etiam
2173 5212 2390 5252 omnem
2445 5202 2697 5248 naturam
2755 5192 3028 5245 sanaverit
3062 5191 3208 5258 lepra
3278 5188 3557 5250 infectam,

1953 5309 2052 5363 pro
2106 5290 2361 5345 omnibus
2416 5299 2465 5340 et
2520 5289 2832 5341 incarnatus
2860 5293 2914 5338 et
2971 5292 3218 5337 mortuus
3266 5301 3280 5338 :
3320 5293 3560 5335 attamen

1952 5384 2148 5448 Judari,
2189 5383 2441 5454 quamvis
2475 5398 2504 5434 a
2545 5380 2773 5433 Domino
2809 5379 3048 5431 tnuudati
3085 5378 3311 5430 fuissent
3342 5379 3408 5428 ab
3458 5377 3560 5427 im-

1953 5480 2237 5534 munditiis
2287 5479 2485 5547 leprosi
2531 5475 2761 5546 peccati,
2805 5473 2999 5544 ingrati
3046 5472 3259 5525 luerunt
3291 5511 3304 5530 ,
3338 5480 3393 5524 et
3453 5482 3562 5520 non

1954 5573 2159 5625 reversi
2204 5582 2331 5626 sunt
2369 5587 2397 5625 a
2433 5571 2516 5624 via
2543 5566 2796 5621 vanitatis
2830 5581 2987 5629 sum,‘
3021 5566 3094 5619 ita
3132 5572 3188 5616 ut
3215 5564 3408 5617 darent
3439 5560 3562 5628 gla-

1954 5666 2090 5719 riam
2119 5666 2166 5720 ci
2193 5667 2282 5737 qui
2315 5665 2498 5722 salvos
2531 5677 2625 5720 eos
2682 5661 2886 5716 fecerat
2915 5697 2929 5724 ,
2970 5659 3075 5714 hoc
3124 5668 3226 5724 est,
3275 5664 3333 5711 ut
3368 5653 3561 5709 crede-

317 5935 396 6004 (a)
433 5932 535 5990 Ed.
562 5930 686 5988 Lul.
723 5947 828 5990 non
878 5933 1072 6003 habet,
1139 5934 1377 5989 omnibus
1443 5935 1666 5991 salutem
1712 5933 1942 6003 adj‘crrc.
