4048 6490
526 481 627 549 991

1404 472 1982 540 THEOPIIYLACTI
2029 467 2437 531 BULGARME
2490 465 2843 529 ARCHIEP.

3685 447 3789 508 99?.

524 596 645 645 rent
666 589 737 652 ei,
765 588 927 660 quod,
962 602 1082 643 cum
1120 587 1261 642 Deus
1278 596 1445 653 esset,
1478 592 1773 639 extremam
1798 580 2101 651 passionem

2218 574 2317 628 ine
2354 576 2451 645 τῆς
2491 574 2611 627 ὁδοῦ
2642 574 2822 627 αὐτῶν
2865 570 2965 641 τῆς
3017 566 3409 641 ματαιότητος,
3437 562 3579 660 ὥστ-ε
3616 558 3791 660 δοῦναι

524 680 726 735 tulerit.
788 678 910 733 Haec
937 678 1080 732 enim
1138 686 1221 733 est
1256 677 1423 746 gloria
1460 674 1571 737 Del,
1614 687 1741 728 caro
1767 681 1819 727 et
1848 685 2002 725 crux.
2039 665 2101 722 Hi

526 770 694 841 igitur
740 770 1078 824 iucarnatum
1124 778 1177 823 et
1214 766 1522 823 cruciﬁxum
1571 764 1855 819 Dominum
1920 761 2107 831 gloria:

527 878 632 916 non
662 870 789 915 sunt
835 860 1092 915 confessi.
1142 860 1365 913 Alienus
1409 867 1610 919 autem,
1665 852 1892 922 populus
1928 852 2105 923 genti.

525 954 675 1014 lium,
710 953 927 1021 agnovit
966 951 1209 1019 eumqui
1254 949 1635 1010 mundaverat,
1681 956 1735 1001 et
1786 942 2108 1015 gloriﬁcavit

524 1057 645 1098 eum
686 1041 955 1097 credendo
990 1041 1127 1109 quod
1172 1050 1281 1094 tam
1332 1040 1644 1093 misericors
1693 1047 1748 1092 et
1780 1047 1886 1090 tant
1918 1045 2107 1105 potens

524 1134 595 1188 sit
642 1134 919 1198 Dominus,
962 1142 1020 1185 ut
1048 1142 1102 1184 et
1140 1141 1359 1201 propter
1382 1147 1479 1187 nos
1516 1130 1775 1185 vilissima
1820 1127 2019 1189 tulerit,
2054 1126 2105 1179 id

532 1226 674 1293 quod
715 1234 794 1279 est
821 1224 1233 1287 misericordiae,
1265 1232 1317 1278 et
1346 1238 1467 1278 cum
1496 1222 1793 1291 pertulerit,
1828 1219 1957 1273 nihil
1985 1220 2108 1271 inde

532 1315 861 1370 incommodi
882 1316 935 1370 in
966 1330 1119 1371 suam
1148 1327 1396 1370 naturam
1425 1314 1714 1383 acceperit,
1745 1314 1796 1367 id
1835 1310 1976 1379 quod
2010 1325 2106 1379 po-

529 1405 714 1461 tentiae
740 1417 844 1461 cst.

598 1582 761 1639 Vsus.
793 1584 986 1639 20-25.
1029 1604 1047 1638 t
1088 1585 1454 1652 Interrogatus
1500 1592 1678 1637 autem
1736 1594 1764 1633 a
1819 1578 2109 1633 Pitarismis

527 1677 743 1741 quando
778 1684 1061 1729 venturum
1103 1687 1245 1731 esset
1276 1690 1503 1745 regnum
1539 1674 1654 1737 Dei,
1690 1675 1969 1739 respondit
2029 1671 2111 1725 eis

524 1778 577 1820 et
608 1768 742 1822 dixit
775 1787 787 1822 :
822 1770 942 1823 Non
974 1774 1118 1823 venit
1154 1784 1373 1840 regnum
1407 1768 1501 1822 Dei
1533 1783 1654 1823 cum
1688 1767 2107 1820 observatione:

528 1874 701 1927 neque
737 1860 935 1923 dicent,
973 1859 1107 1915 Ecce
1135 1862 1239 1926 hic,
1276 1871 1389 1925 aut,
1443 1862 1581 1915 Ecce
1615 1859 1741 1914 illir.
1778 1859 1916 1913 Ecce
1963 1858 2103 1912 enim

2208 666 2365 733 δόξαν
2405 666 2483 737 τῷ
2515 666 2635 737 Θεῷ
2663 666 2739 737 τῷ
2770 664 3025 728 σώσαντι,
3062 660 3345 722 τουτέστι,
3374 652 3665 709 πιστεῦσαι
3698 650 3795 703 αύ-

2207 761 2305 832 τῷ,
2341 761 2422 814 ὅτι
2449 760 2579 821 Θεὸς
2603 759 2678 812 ὢν
2700 801 2712 821 ,
2743 759 3001 829 ἠνέσχετο
3030 754 3096 808 τά
3138 753 3342 822 ἔσχατα
3373 746 3589 801 παθεῖν.
3626 741 3795 832 Τοῦτο

2209 830 2317 925 γάρ
2345 852 2470 917 δόξα
2499 851 2660 915 Θεοῦ,
2698 853 2730 919 ἡ
2767 849 2905 919 σὰρξ
2928 849 3021 901 καί
3041 847 3070 899 ό
3096 841 3347 914 σταυρός.
3384 834 3546 894 οῦτοι
3578 836 3678 906 μιν
3702 830 3793 885 οῦν

2206 950 2298 1002 τὸν
2347 946 2707 1018 σαρκωθέντα
2737 946 2834 997 καὶ.
2870 938 3249 1009 σταυρωθέντα
3284 933 3489 1003 Κύριον
3512 931 3613 998 τῆς

2207 1039 2305 1109 ούχ
2344 1036 2721 1107 ὡμολόγησαν.
2767 1033 2825 1086 '0
2858 1032 2913 1085 δὲ
2962 1026 3257 1095 ἀλλογενὴς
3301 1024 3429 1085 λαὸς
3472 1020 3582 1073 τῶν
3627 1017 3796 1109 ἐθνῶν

2208 1108 2424 1195 ἐπέγνω
2451 1126 2542 1180 τὸν
2574 1123 2975 1196 καθαρίσαντα,
3003 1122 3099 1174 καὶ
3142 1116 3396 1181 ἐδόξασεν
3422 1113 3591 1166 αὐτόν
3632 1111 3691 1163 tv
3726 1108 3798 1178 τῷ

2211 1219 2528 1285 πιστεῦσαι,
2553 1219 2633 1271 ὅτι
2652 1216 2906 1271 τοσοῦτον
2925 1207 3307 1284 φιλάνθρωπός
3327 1208 3476 1259 ἔστιν
3496 1204 3524 1256 ὁ
3546 1200 3680 1263 Θεδς
3709 1200 3800 1253 καί

2208 1312 2452 1373 δυνατδς.
2484 1310 2625 1364 ὥστε
2656 1309 2748 1361 καὶ
2787 1305 3107 1376 ἀτιμώτατα
3134 1302 3199 1355 δι’
3235 1300 3386 1369 ἡμᾶς
3412 1292 3797 1358 ἀναδέξασθαι,

2210 1405 2346 1475 ὅπερ
2368 1404 2484 1456 ιστί
2502 1400 2935 1472 φιλανθρωπίας,
2963 1400 3057 1451 καὶ
3080 1393 3480 1462 ἀναδεξάμενος
3507 1386 3677 1457 μηδὲν
3698 1402 3800 1437 πα-

2214 1496 2553 1567 ραδλαδῆναι
2572 1495 2651 1557 εἰς
2665 1493 2764 1564 τὴν
2780 1491 2989 1546 οἰκείαν
3004 1490 3187 1561 φύσιν.
3204 1488 3343 1554 ὅπερ
3360 1482 3481 1536 lati.
3497 1479 3797 1547 δυνάμεως.

2291 1604 2309 1636 ι
2358 1583 2760 1655 Ἐπερωτηθείς
2787 1582 2843 1635 δὲ
2872 1580 2977 1633 ὑπὸ
3004 1580 3109 1631 τῶν
3146 1572 3479 1646 Φαρισαίων,
3514 1570 3647 1621 ποτε
3710 1567 3798 1635 ἐρ-

2210 1694 2366 1748 χεται
2412 1679 2446 1747 ἠ
2508 1675 2756 1745 βασιλεία
2812 1673 2903 1726 τοῦ
2951 1666 3110 1734 Θεοῦ,
3160 1666 3435 1735 ἀπεκρίθη
3489 1663 3677 1723 αὐτοῖς
3709 1661 3801 1712 καὶ

2210 1764 2384 1822 εἷπενο
2414 1767 2530 1820 Οὐκ
2564 1765 2783 1835 ἔρχεται
2813 1766 2844 1832 ἠ
2873 1760 3123 1833 βασιλεία
3159 1758 3251 1811 τοῦ
3283 1754 3418 1809 Θεοῦ
3460 1752 3597 1822 μετά
3631 1764 3801 1817 παρα-

2209 1861 2512 1931 τηρήσεως,
2544 1857 2662 1910 οὐδὲ
2680 1855 2918 1926 ἐροῦσιν,
2946 1854 3076 1907 Ἰδοὺ
3106 1845 3228 1911 ὧδε.
3253 1851 3310 1919 ἢ,
3347 1848 3479 1901 Ἰδοὺ
3502 1846 3637 1899 ἐκεῖ.
3673 1842 3797 1895 Ἰδιὺ

528 1960 749 2013 regnum
809 1947 901 2001 Dei
958 1950 1095 2001 intra
1149 1965 1242 2003 vos
1289 1961 1392 2004 est.
1454 1950 1518 2003 Et
1548 1952 1625 2002 ait
1654 1950 1719 2002 ad
1766 1949 2103 2016 discipulos:

2218 1918 2382 2023 γάιριή
2416 1918 2661 2019 βασιλεία
2701 1918 2793 2001 ¹τοῦ
2822 1918 2957 2000 Θεοῦ
3000 1945 3147 2003 ἐντὸς
3184 1918 3338 2012 ὑμῶν
3373 1941 3545 1993 ἔστιν.
3582 1931 3717 1990 Eine
3746 1934 3800 1987 δὲ

529 2037 757 2093 νοιιιίοηι.
815 2040 929 2092 dies
996 2042 1216 2109 quando
1269 2043 1646 2097 desiderabitis
1704 2042 1884 2095 videre
1937 2058 2104 2095 unum

526 2126 734 2179 dierum
779 2126 899 2181 Filii
951 2128 1208 2191 hominis,
1257 2144 1355 2184 nec
1386 2130 1665 2192 \‘itirbilis;
1718 2138 1771 2183 et
1796 2132 1978 2184 dicent
2010 2146 2105 2185 vo-

529 2217 612 2270 bis
646 2235 659 2269 :
694 2217 831 2271 Ecce
867 2219 974 2281 hic,
1007 2229 1098 2272 aut
1127 2220 1263 2273 Ecce
1292 2220 1420 2273 illic.
1455 2220 1632 2274 Nolite
1666 2222 1765 2284 ire,
1811 2237 1986 2290 neque
2016 2239 2103 2278 se.

525 2310 767 2364 etemini.
806 2309 936 2363 Nam
979 2312 1116 2365 sicut
1146 2310 1324 2381 fulgur
1348 2326 1645 2367 coruscans
1682 2328 1712 2365 e
1743 2317 1963 2384 regione
1990 2330 2109 2384 qua:

529 2402 627 2453 8th
654 2402 791 2456 caelo
814 2411 918 2465 est,
956 2402 1009 2455 in
1036 2402 1260 2456 alteram
1301 2420 1421 2471 qua:
1448 2409 1548 2459 sub
1580 2406 1718 2459 cmlo
1747 2416 1850 2469 est,
1897 2406 2063 2476 fulget
2093 2427 2106 2462 :

530 2488 604 2541 ita
632 2491 733 2542 erit
770 2488 935 2543 Filius
962 2492 1196 2545 hominis
1226 2491 1278 2545 in
1310 2493 1397 2547 die
1426 2508 1542 2548 suo.
1573 2494 1677 2549 Sed
1715 2497 1865 2564 prius
1899 2508 2112 2565 Oportet

532 2578 683 2632 illum
729 2582 895 2634 multa
936 2584 1069 2651 pati,
1097 2592 1150 2636 et
1182 2584 1458 2657 reprobari
1504 2601 1530 2636 a
1565 2587 1781 2640 natione
1830 2588 1948 2642 bar.
1991 2606 2008 2639 ι
2053 2590 2105 2642 In

536 2671 723 2723 multis
753 2674 969 2741 quidem
1000 2675 1260 2729 doctrinae
1288 2691 1399 2730 suae
1430 2662 1564 2731 locis
1601 2677 1862 2734 Dominus
1888 2695 2105 2749 regnum

532 2760 623 2813 Dei
663 2763 928 2817 nominat.
956 2762 1213 2819 Pharisaei
1269 2775 1447 2821 autem
1494 2769 1606 2821 haec
1650 2770 1951 2831 audientes,
1984 2771 2111 2823 irri-

532 2852 729 2906 debant
762 2869 882 2908 eum
919 2874 931 2909 :
967 2868 1017 2909 et
1046 2867 1328 2925 prepterea
1370 2858 1435 2911 de
1478 2859 1579 2912 hoc
1608 2860 1988 2929 interrogaturi
2020 2878 2109 2917 ac-

535 2945 737 2999 cedunt
766 2948 829 2999 ad
860 2963 1007 3013 eum,
1048 2961 1301 3018 rogantes
1349 2952 1565 3019 quando
1586 2961 1870 3005 venturum
1905 2954 1997 3017 sit,
2036 2955 2110 3009 ir-

532 3038 771 3091 ridentes
799 3054 919 3092 eum
959 3050 1015 3093 ut
1057 3042 1325 3107 insanum,
1356 3046 1419 3097 de
1459 3044 1673 3098 insolita
1708 3054 1761 3099 et
1801 3046 2107 3103 admirabili

536 3143 592 3183 re
621 3131 1026 3197 praedicantem.
1068 3131 1257 3187 Nullus
1296 3148 1360 3185 ex
1400 3133 1717 3189 doetoribus
1745 3145 1800 3188 et
1829 3140 2109 3207 prophetis

535 3218 624 3283 qui
658 3220 1027 3288 superioribus
1076 3222 1290 3276 saeculis
1335 3221 1573 3290 luerunt,
1624 3227 1744 3296 ejus
1779 3230 2104 3284 mentionem

536 3306 685 3362 fecit.
724 3309 816 3364 Vel
864 3311 1117 3369 fortassis
1147 3314 1199 3366 in
1245 3322 1422 3369 mente
1469 3317 1731 3373 habentes
1782 3320 1922 3387 quod
1955 3322 2111 3389 paulo

534 3411 653 3472 post
688 3405 921 3457 occisuri
968 3418 1151 3460 essent
1198 3423 1345 3471 eum,
1380 3409 1646 3464 accedunt
1675 3426 1770 3478 per
1804 3413 2110 3468 irrisiouem

536 3494 826 3563 rogantes,
854 3507 908 3550 et
944 3500 1097 3566 quasi
1148 3514 1244 3567 per
1276 3501 1504 3555 ironiam
1546 3503 1792 3558 dicentes
1823 3522 1837 3558 :
1882 3505 1959 3559 'l'u
1991 3508 2112 3576 qui—

535 3586 654 3641 dem
693 3587 759 3642 de
809 3605 975 3658 regno
1030 3591 1164 3644 facis
1197 3608 1499 3658 sermones,
1533 3595 1752 3666 quando
1797 3608 1975 3652 autem
2011 3600 2116 3652 eiit

538 3693 760 3746 regnum
806 3679 933 3733 illud
982 3683 1171 3736 tuum?
1200 3684 1278 3737 Tu
1317 3687 1460 3739 enim
1512 3701 1634 3741 cras
1685 3702 1713 3739 a
1760 3689 1917 3743 nobis
1964 3691 2115 3743 occi-

542 3771 748 3824 dendus
773 3788 851 3833 es,
880 3782 933 3826 et
966 3763 1106 3828 ferés
1132 3790 1369 3839 erucem,
1401 3788 1453 3831 et
1489 3779 1843 3847 ignominiosa
1868 3797 2111 3852 quaq'vc.

538 3864 676 3927 Quid
712 3864 873 3931 igitur
899 3865 1188 3920 Christus?
1216 3867 1330 3921 Non
1358 3869 1509 3936 juxta
1540 3872 1758 3926 stultam
1788 3876 2113 3929 sententiam

537 3966 592 4009 et
627 3957 988 4027 insipientiam
1020 3961 1299 4026 respondit
1333 3964 1714 4033 insipientibus
1743 4006 1757 4030 ,
1791 3969 1883 4022 sed
1916 3969 2118 4024 relictis

538 4048 673 4117 ipsis
700 4060 755 4102 ut
788 4061 967 4103 errent
999 4053 1053 4104 in
1087 4054 1306 4109 nomine
1342 4057 1516 4124 regni,
1549 4067 1602 4110 et
1632 4074 1734 4111 non
1775 4060 2116 4115 manifestata

539 4142 617 4194 eis
666 4158 769 4196 re:
805 4158 977 4209 neque
1015 4146 1159 4197 enim
1211 4149 1569 4215 accepissent,
1629 4151 1673 4203 si
1726 4152 1805 4205 eis
1859 4152 1925 4207 de
1956 4169 2119 4223 regno

542 4232 907 4299 disseruisset,
934 4237 1077 4303 quod
1110 4251 1213 4289 non
1244 4237 1309 4291 sit
1338 4240 1669 4294 mundanum
1702 4256 1925 4311 regnum
1959 4245 2116 4310 illud,

541 4324 633 4375 sed
676 4326 795 4391 plus
834 4341 997 4391 quam
1047 4329 1398 4384 mundanum.
1435 4330 1542 4384 Illis
1576 4332 1742 4400 igitur
1786 4335 1985 4390 relictis
2015 4352 2114 4391 ceu

545 4413 630 4465 liis
686 4415 775 4481 qui
812 4414 1016 4485 indigni
1052 4428 1233 4473 essent
1284 4430 1340 4470 ut
1390 4420 1660 4485 audirent,
1692 4437 1757 4476 eo
1803 4427 1943 4493 quod
1978 4426 2122 4482 ultro

540 4502 991 4559 olisurdoscerent
1023 4547 1038 4569 ,
1091 4508 1155 4560 de
1193 4517 1434 4577 tempore
1480 4513 1630 4581 regni
1694 4513 1929 4582 disserit,
1970 4518 2111 4586 quod

2212 2046 2347 2116 προς
2369 2043 2495 2106 τοὺς
2538 2040 2809 2112 μαθητάς·
2848 2038 3189 2092 Ἐλεύσονται
3223 2034 3454 2105 ἡμέραι,
3487 2032 3577 2084 ὅτε
3613 2028 3798 2081 ἐπιθυ-

2221 2139 2422 2207 μήσετε
2476 2135 2602 2205 μίαν
2644 2134 2753 2185 τῶν
2790 2131 3016 2201 ἡμερῶν
3062 2128 3156 2182 τοῦ
3191 2127 3323 2181 Υἰοῦ
3358 2125 3452 2179 τοῦ
3510 2120 3797 2191 ἀνθρώπου

2218 2232 2366 2296 ἰδεῖν,
2397 2228 2492 2281 καὶ
2520 2228 2620 2279 οὐκ
2650 2224 2872 2293 ὕφεσθε,
2902 2223 2990 2277 καί
3016 2222 3230 2294 ἐροῦσιν
3258 2222 3406 2289 ὑμῖν·
3445 2218 3577 2271 Ἰδοὺ
3596 2209 3718 2277 ὧδε,
3745 2214 3799 2281 ἦ.

2227 2323 2355 2377 Ἰδοὺ
2386 2322 2522 2374 ἐκεῖ.
2559 2320 2649 2383 Μὴ
2672 2315 2963 2386 ἀπέλθητε,
2983 2314 3117 2385 μηδὲ
3137 2310 3384 2380 διώξητε.
3412 2307 3743 2379 Ὦσπεργὰρ
3769 2306 3802 2377 ἡ

2215 2413 2471 2484 ἀστραπὴ
2499 2413 2531 2482 ἡ
2564 2409 2951 2478 ἀστράπτουσα
2981 2408 3041 2457 ὲκ
3067 2404 3165 2472 τῆς
3201 2404 3291 2455 ὑπ’
3313 2400 3563 2472 οὐρανὸν,
3600 2400 3679 2459 εἰς
3707 2398 3799 2467 τὴν

2217 2507 2308 2560 ὑπ’
2340 2502 2567 2574 ούρανῦν
2598 2500 2802 2568 λάμπει
2826 2540 2840 2562 ,
2876 2497 3048 2559 οὕτως
3075 2496 3227 2548 ἕσται
3253 2495 3347 2546 καί
3374 2495 3402 2545 ό
3436 2491 3563 2552 Υίδς
3592 2488 3687 2541 τοῦ
3712 2488 3802 2540 ἀν-

2213 2595 2432 2668 θρώπου
2457 2597 2512 2645 ὲν
2531 2594 2594 2663 τῇ
2620 2590 2803 2659 ἡμέρᾳ
2828 2586 3017 2640 αὐτοῦ·
3044 2584 3257 2656 πρῶτον
3283 2582 3435 2635 δὲδέῖ
3453 2580 3614 2633 αὑτὸν
3637 2576 3797 2631 πολλὰ

2215 2688 2429 2749 παθεῖν,
2462 2685 2555 2737 καὶ
2606 2679 3109 2748 ἀποδοκιμασθῆναι
3152 2675 3261 2728 ἀπὸ
3306 2672 3405 2741 τῆς
3442 2671 3637 2739 γενεᾶς
3672 2670 3802 2722 ταύο

2212 2796 2332 2849 της.
2371 2796 2388 2828 ι
2426 2775 2704 2844 Πολλαχοῦ
2739 2773 2837 2843 μὲν
2886 2769 2996 2823 τῶν
3041 2764 3399 2820 διδασκαλιῶν
3429 2760 3598 2815 αὑτοῦ
3630 2764 3658 2813 δ
3688 2760 3805 2812 Κύ-

2218 2886 2333 2941 ριος
2372 2867 2648 2937 ἐμέμνητο
2678 2864 2778 2932 τῆς
2814 2858 3091 2934 βασιλείας
3117 2856 3211 2911 τοῦ
3255 2854 3417 2910 Θεοῦ.
3453 2854 3517 2905 Ol
3549 2852 3606 2905 δὲ
3642 2852 3807 2919 Φαρι-

2223 2963 2390 3025 σαῖοι,
2432 2958 2606 3011 ταῦτα
2640 2958 2951 3018 ἀκούοντες,
2988 2947 3445 3019 κατειρωνεύοντο
3484 2942 3682 3005 αὑτοῦ,
3713 2944 3807 2997 καὶ

2213 3056 2301 3108 διὰ
2334 3053 2490 3106 τοῦτο
2538 3053 2665 3120 περὶ
2698 3048 2902 3120 ταύτης
2951 3046 3246 3116 προσίεσαν
3299 3038 3619 3112 ἐρωτῶντες
3662 3037 3804 3128 γὸτι

2214 3146 2453 3215 Ιρχεται,
2492 3142 2850 3211 διαγελῶντες
2901 3139 3064 3193 αὐτὸν
3094 3137 3171 3199 ὡς
3221 3134 3488 3188 ἀλλόκοτα
3526 3134 3623 3183 καὶ
3676 3131 3806 3199 περὶ

2213 3238 2514 3308 ἀσυνήθους
2546 3236 2639 3296 καὶ
2674 3235 2827 3301 ξένου
2862 3234 3188 3301 πράγματος
3216 3225 3579 3299 κηρύττοντα.
3615 3221 3806 3283 Οὐδεὶς

2215 3331 2321 3399 γὰρ
2371 3330 2478 3383 τῶν
2511 3326 2957 3399 προγενεστέρων
2991 3321 3324 3376 διδασκάλων
3384 3318 3479 3371 καὶ
3515 3315 3805 3384 προῖητῶν

2215 3420 2417 3490 ταύτης
2455 3416 2799 3487 ἐπεμνήσθη.
2852 3416 2922 3468 Ἦ
2952 3414 3089 3483 τάχα
3140 3412 3235 3465 καὶ
3266 3409 3407 3462 κατά
3440 3406 3566 3459 νοῦν
3593 3406 3807 3476 ἔχοντες

2214 3512 2297 3564 ὃτι
2327 3513 2451 3563 ὅσον
2498 3509 2784 3579 μέλλουσιν
2825 3506 2989 3559 αὐτὸν
3025 3504 3361 3566 ἀποκτεῖναι,
3399 3498 3693 3570 προσίασιν
3732 3496 3805 3556 ὡς

2218 3605 2275 3655 ἐν
2308 3600 2677 3673 μυκτηρισμῷ
2702 3600 2795 3653 καὶ
2824 3596 3078 3668 εἰρωνεία
3109 3593 3448 3665 ἐρωτῶντες,
3480 3590 3577 3644 καὶ
3606 3586 3810 3642 ὡσανεὶ

2215 3692 2441 3747 τοιαῦτα
2501 3694 2831 3761 φάσκοντεςο
2884 3690 2955 3741 Σὺ
3006 3689 3103 3758 μὶν
3133 3687 3260 3755 περί
3311 3682 3590 3755 βασιλείας
3636 3682 3807 3743 ποιεῖς

2214 3783 2341 3842 τοὺς
2380 3782 2591 3850 λόγους,
2631 3782 2761 3833 πότε
2796 3780 2853 3833 δὲ
2885 3778 3093 3848 [stati]
3127 3775 3371 3848 βασιλεία
3399 3790 3493 3827 σου
3519 3772 3697 3843 αὖτης
3738 3771 3806 3823 ΣΞ)

2215 3873 2322 3941 γὰρ
2352 3870 2541 3943 αὔριον
2566 3871 2653 3940 ὑφ’
2687 3869 2844 3939 ἡμῶν
2866 3865 3233 3921 θανατοῦσθαι
3260 3864 3502 3934 μέλλεις,
3528 3862 3629 3915 κιιί¹
3656 3868 3810 3913 σταυ·

2222 3964 2310 4034 ρός
2349 3979 2408 4015 σε
2448 3962 2851 4033 παραλήψεται,
2882 3964 2977 4013 καὶ
3009 3962 3107 4011 ὃσα
3136 3956 3234 4025 τῆς
3264 3954 3513 4025 ἀτιμίας.
3551 3952 3617 4005 Τί
3660 3948 3753 4004 οὖν
3783 3950 3811 4000 ό

2220 4056 2492 4125 Χριστός;
2524 4056 2597 4119 ος»
2630 4052 2773 4107 κατὰ
2815 4052 2913 4123 τὴν
2947 4050 3173 4118 ἀνόητον
3239 4047 3420 4101 αὐτῶν
3454 4044 3681 4114 γνώμην
3720 4040 3813 4094 καὶ

2225 4147 2539 4217 ἀφροσύνην
2565 4149 2918 4213 ἀποκρίνεται
2946 4147 3059 4205 τοῖς
3088 4142 3341 4212 ἄφροσιν,
3372 4139 3488 4192 ἀλλ’
3523 4138 3683 4207 ἀφεὶς
3716 4134 3811 4187 αύ-

2223 4240 2351 4300 τοῦς
2382 4238 2687 4292 πλανᾶσθαι
2732 4238 2859 4307 περὶ
2898 4237 2997 4304 τὴν
3029 4234 3353 4303 ὁμωνυμίαν
3378 4232 3478 4301 τῆς
3512 4228 3808 4299 βασιλείας,

2220 4332 2314 4384 καὶ
2368 4329 2442 4401 μὴ
2482 4327 2837 4397 ἀποκαλύψας
2870 4327 3073 4389 αὐτοῖς·
3121 4325 3240 4378 οὐδὲ
3281 4323 3389 4392 γὰρ
3422 4320 3675 4385 ἐδέξαντο
3710 4318 3809 4377 ἀν,

2224 4423 2353 4489 περὶ
2407 4424 2567 4483 ποίας
2620 4420 2894 4489 βασιλείας
2938 4417 3269 4484 διαλέγεται.
3327 4417 3421 4467 καὶ
3474 4416 3556 4466 ὅτι
3590 4413 3690 4481 οὐχ
3740 4412 3813 4471 ὡς

2224 4506 2334 4564 οἷόν
2362 4529 2421 4565 τε
2448 4511 2741 4579 έγκόσμιός
2781 4512 2931 4563 ἐστιν
2960 4509 3097 4579 αῦτη
3134 4510 3165 4578 ἡ
3202 4506 3470 4578 βασιλεία,
3502 4505 3621 4558 ἀλλ’
3645 4506 3811 4574 ὑπερ-

542 4597 785 4668 ignotum
851 4600 918 4653 sit
953 4610 1004 4652 et
1036 4601 1445 4655 inobservabile.
1476 4602 1589 4657 Non
1619 4606 1760 4659 cnim
1794 4608 1953 4662 habet
1983 4626 2113 4677 prre-

2224 4604 2473 4673 κόσμιος.
2506 4601 2690 4655 Ταῦτα
2728 4601 2820 4655 οῦν
2851 4602 3031 4669 ἀφεὶς,
3071 4601 3149 4663 ὼς
3181 4599 3257 4670 μὴ
3300 4598 3466 4663 ἀξίων
3496 4599 3669 4651 ὄντων
3696 4596 3811 4648 τούυ

544 4686 749 4741 finitum
781 4698 1013 4759 tempus,
1051 4692 1141 4746 sed
1182 4706 1397 4761 semper
1449 4693 1646 4748 volenti
1696 4696 1849 4750 adest
1885 4698 1977 4753 Dei
2031 4716 2121 4755 re-

544 4795 729 4849 gnum.
762 4780 997 4836 Omnino
1022 4785 1162 4837 enim
1199 4800 1423 4851 regnum
1457 4787 1671 4853 quidem
1703 4787 1793 4843 Dei
1816 4799 1920 4858 est,
1950 4807 2117 4864 ange-

545 4868 715 4924 lorum
747 4886 897 4925 more
932 4873 1132 4926 vivere.
1175 4873 1341 4945 528
1397 4875 1549 4933 Tunc
1589 4879 1734 4933 enim
1768 4897 1893 4938 vere
1919 4885 2121 4941 dicitur

545 4976 775 5029 regnare
804 4961 963 5027 Deus,
990 4964 1206 5030 quando
1234 4965 1365 5018 nihil
1394 4969 1723 5023 mundanum
1756 4971 1807 5025 in
1837 4976 2123 5030 animabus

543 5052 745 5106 nostris
791 5066 1059 5119 versatur,
1104 5056 1199 5110 sed
1232 5059 1455 5113 omnino
1502 5059 1660 5116 aliter
1705 5064 1905 5120 vivitur
1960 5084 2121 5135 quam

546 5145 777 5197 mundus
810 5146 971 5200 solet.
1009 5147 1157 5201 lianc
1213 5157 1394 5203 autem
1436 5152 1600 5205 vitam
1634 5155 1774 5210 intra
1808 5172 1905 5212 nos
1955 5160 2123 5216 babe-

548 5250 686 5301 tnus,
711 5237 813 5287 hoc
845 5246 947 5299 est,
977 5240 1191 5305 quando
1232 5240 1583 5297 voluerimus.
1630 5244 1748 5301 Non
1780 5250 1924 5303 enim
1969 5250 2125 5322 longo

546 5334 788 5395 tempore
856 5344 1027 5397 neque
1088 5331 1241 5399 longa
1292 5335 1725 5403 peregrinatione
1793 5355 1926 5407 Opus
1962 5383 1977 5405 ,
2034 5345 2125 5398 sed

544 5432 711 5483 prope
756 5435 851 5473 nos
895 5430 977 5472 est
1020 5429 1073 5475 et
1128 5423 1281 5486 lldes,
1327 5434 1381 5478 et
1424 5436 1541 5493 post
1591 5430 1746 5483 {idem
1782 5431 1963 5487 divina
1996 5436 2122 5490 vita.

551 5508 735 5562 l<thuc
784 5511 957 5579 ipsum
991 5517 1151 5565 etiam
1193 5513 1487 5580 Apostolus
1536 5519 1799 5576 dicebat:
1849 5523 2023 5595 Prope
2076 5537 2127 5583 te

551 5601 771 5654 verbum
826 5614 908 5655 est
960 5606 1011 5658 in
1055 5622 1148 5661 ore
1202 5615 1297 5661 tuo
1356 5621 1407 5662 et
1445 5612 1495 5664 in
1539 5614 1703 5668 corde
1750 5623 1862 5679 tuo,
1899 5620 2001 5675 hoc
2046 5632 2128 5674 est

551 5693 773 5745 verbum
820 5694 967 5748 ﬁzlci.
1014 5696 1250 5754 Credere
1297 5702 1461 5767 enim,
1512 5716 1565 5757 et
1618 5709 1912 5763 secundum
1966 5711 2125 5767 ﬁdem

546 5782 843 5851 ambulare,
870 5785 1008 5841 sicut
1035 5791 1254 5859 dignum
1281 5800 1366 5845 est
1392 5797 1690 5861 vocatione,
1722 5798 1864 5853 intra
1898 5819 1995 5859 nos
2018 5815 2124 5859 est.

548 5869 735 5941 Itaque
764 5874 1020 5934 Pbarismi
1075 5879 1369 5936 irridebanl
1414 5883 1693 5941 Dominum
1750 5899 2002 5960 tanquam
2060 5893 2122 5948 de

2225 4714 2331 4748 των
2361 4695 2579 4749 ἀκούειν
2604 4690 2694 4749 ’διὰ
2721 4695 2781 4746 τὸ
2805 4694 3187 4763 ὲθελοκωφείν,
3215 4692 3346 4763 περὶ
3368 4691 3462 4743 τοῦ
3492 4688 3690 4760 καιροῦ
3716 4688 3814 4758 τῆς

2227 4790 2502 4859 βασιλείας
2534 4789 2869 4857 διαλέγεται,
2906 4787 2981 4851 ὡς
3020 4785 3299 4854 ἄγνωστός
3350 4786 3467 4838 ἐστι
3514 4782 3611 4835 καὶ
3678 4784 3816 4835 ἀπα-

2229 4886 2557 4957 ρατήρητος.
2589 4885 2661 4937 Οὐ
2702 4884 2812 4953 γὰρ
2852 4884 2963 4953 ἔχει
2993 4882 3183 4952 καιρὸν
3217 4881 3550 4953 ὡρισμένον,
3575 4879 3695 4932 ἀλλ’
3730 4879 3821 4931 ἀεὶ

2224 4976 2302 5047 τῷ
2327 4976 2633 5047 βουλομένῳ
2657 4977 2919 5046 πάρεστιν
2942 4976 2975 5043 ἡ
3011 4972 3260 5044 βασιλεία
3285 4972 3379 5026 τοῦ
3405 4970 3561 5024 Θεοῦ.
3592 4970 3818 5029 Πάντως

2226 5069 2335 5138 γὰρ
2359 5066 2606 5137 βασιλεία
2650 5066 2749 5137 μὲν
2780 5065 2876 5119 τοῦ
2908 5066 3043 5118 Θεοῦ
3097 5067 3252 5118 ἐστιν
3290 5065 3324 5133 ἡ
3355 5062 3628 5132 ἁγγελικὴ
3650 5062 3821 5116 κατάο

2229 5174 2419 5220 στασις
2467 5159 2559 5210 καὶ
2583 5158 2854 5227 διαγωγή.
2879 5155 3011 5214 Τότε
3038 5156 3145 5226 γὰρ
3169 5155 3233 5225 δὴ
3264 5155 3484 5222 λέγεται
3509 5154 3822 5224 βασιλεύειν

2225 5250 2304 5320 τῷ
2339 5251 2453 5302 δντι
2490 5250 2642 5313 Θεὸς,
2679 5251 2809 5303 ὅταν
2858 5249 3023 5320 μηδὲν
3054 5249 3320 5319 κοσμικὸν
3351 5250 3408 5300 ὲν
3443 5251 3565 5311 ταῖς
3620 5248 3823 5319 ψυχαῖς

2227 5343 2260 5409 ἡ
2274 5340 2388 5408 μῶν
2413 5340 2787 5409 πολιτεύηται,
2808 5341 2943 5394 ἀλλὰ
2966 5341 3035 5394 τὰ
3054 5342 3232 5397 πάντα
3254 5334 3406 5410 ὦμεν
3428 5342 3819 5413 ύπερκοσμίως

2228 5432 2528 5500 διάγοντες.
2579 5432 2795 5503 Ταύτην
2838 5434 2897 5487 δὲ
2966 5433 3064 5504 τὴν
3123 5434 3402 5504 διαγωγὴν
3461 5433 3613 5495 ὲντὸς
3660 5432 3824 5503 ἡμῶν

2229 5524 2447 5594 ἔχομεν,
2482 5525 2780 5591 τουτέστιν,
2813 5526 2942 5579 ὅταν
2976 5525 3347 5595 βουληθῶμεν.
3374 5527 3449 5579 Ut)
3482 5524 3681 5596 καιροῦ
3712 5524 3825 5595 γὰρ

2235 5614 2471 5684 μακροῦ,
2520 5615 2642 5667 οὐδὲ
2689 5616 3001 5686 ἀποδημίας
3054 5616 3236 5685 χρεία,
3291 5616 3406 5669 ἀλλ’
3448 5617 3617 5683 ἐγγὺς
3666 5614 3824 5684 ἡμῶν

2233 5707 2347 5758 ἐστι
2393 5707 2487 5759 καὶ
2525 5709 2557 5777 ἡ
2607 5708 2808 5771 πίστις,
2847 5711 2939 5760 καὶ
2973 5711 3005 5777 ἡ
3067 5710 3201 5778 μετὰ
3237 5708 3297 5760 τὺ
3336 5708 3635 5761 πιστεῦσαι
3684 5705 3828 5758 κατά

2232 5799 2363 5853 Θεὸν
2393 5801 2661 5873 διαγωγή.
2691 5802 2869 5855 Ταυτὸ
2889 5803 2944 5855 δὲ
2974 5801 3130 5855 τοῦτο
3156 5804 3247 5855 καὶ
3276 5804 3303 5854 ὁ
3347 5802 3671 5863 ’Δπόστολος
3692 5799 3824 5866 ἔφη,

2237 5893 2404 5961 ἐγγύς
2436 5910 2529 5947 σου
2566 5895 2624 5948 τζ
2651 5893 2803 5965 ῥῆμά.
2843 5896 2990 5950 ἐστιν
3022 5897 3078 5949 ἓν
3109 5893 3184 5966 τῷ
3222 5894 3449 5967 στ-ἓίιατί
3488 5912 3608 5957 σου.
3641 5893 3736 5949 καὶ
3764 5892 3828 5945 ἐν
