4048 6478
317 369 427 433 993

1012 365 1465 426 EN’ABRATIO
1498 363 1577 426 ΙΝ
1626 363 2129 425 EVANGELIL'M
2173 364 2412 424 LUCIE.
2439 385 2504 398 -ο
2537 362 2702 428 CAP.
2731 363 2919 425 XVII.

3544 367 3652 434 995,

303 487 372 555 τῇ
406 482 610 552 καρδίᾳ
640 497 755 546 σου,
787 479 1057 542 τουτέστι,
1096 478 1158 531 τὸ
1197 479 1348 548 ῥῆμα
1377 480 1475 549 τῆς
1504 479 1764 541 πίστεως,
1811 478 1914 532 ΚαΊ

2033 491 2203 547 regno
2241 477 2656 547 praedicantem,
2701 476 2770 532 de
2819 491 2928 546 quo
2977 476 3159 532 nullus
3218 477 3641 548 prazdicaverat.

303 576 366 630 τὸ
417 575 714 628 πιστεῦσαι
757 571 886 640 γὰρ,
939 571 1034 622 καὶ
1095 570 1156 622 τδ
1210 572 1348 640 μετὰ
1379 572 1480 642 τὴν
1531 571 1717 624 πίστιν
1753 569 1923 634 ἀξίως

305 667 690 740 περιπατῆσαι
754 663 856 732 τῆς
900 663 1169 734 κλήσεως,
1225 664 1374 728 ἐντὸς
1407 663 1568 734 ἡμῶν
1624 666 1796 717 ἐστιν.
1859 663 1922 715 0i.

308 764 410 834 μὲν
445 759 540 816 οῦν
568 760 854 829 Φαρισαῖοι
903 756 1251 828 διεχλεύαζω
1289 759 1381 810 τδν
1418 757 1649 828 Κύριον,
1679 757 1755 820 ὡς
1791 755 1923 827 περὶ

306 861 411 929 τῆς
445 852 724 925 βασιλείας
753 850 1124 920 κηρύττοντα,
1154 851 1282 921 περὶ
1316 845 1386 921 ἦς
1411 850 1590 913 οὐδεὶς
1624 849 1916 920 ἐκήρυξεν.

317 951 376 1002 '0
405 948 462 1001 δὲ
516 945 722 1014 Κύριος
767 944 982 1004 δεικνὺς
1015 942 1114 1009 (8),
1148 941 1229 992 ὅτι
1263 939 1521 1009 ἀγνοοῦσι
1571 943 1833 1009 πρᾶγμα,
1894 938 1921 990 ὃ

303 1041 454 1102 ἐντὸς
485 1038 666 1092 αὐτῶν
691 1039 828 1098 ἐστι,
855 1037 948 1088 καί
972 1036 1323 1106 βουλομένοις
1348 1035 1508 1086 τοῦτο
1527 1033 1714 1085 λαϐεῖν
1742 1033 1916 1102 πολλὴ

305 1134 333 1199 ἡ
367 1131 609 1185 εὐκολία.
644 1129 760 1182 Νῦν
787 1128 895 1200 γὰρ
921 1128 1073 1190 ὄντος
1098 1126 1232 1196 ἐμοῦ
1272 1126 1437 1197 μέσον
1473 1125 1650 1194 ὑμῶν,
1677 1125 1917 1180 δύνασθε

300 1228 524 1285 παντως
555 1225 654 1293 τὴν
704 1221 984 1292 βασιλείαν
1031 1220 1124 1272 τοῦ
1178 1220 1314 1272 Θεοῦ
1357 1219 1637 1285 δέξασθαι,
1697 1216 1922 1271 πιστεύ-

301 1332 501 1378 σαντες
525 1317 605 1376 ei;
639 1313 760 1383 ἐμὲ,
803 1314 898 1365 καὶ
930 1313 1072 1365 κατὰ
1102 1311 1205 1373 τὰς
1235 1311 1376 1382 ἐμὰς
1405 1310 1632 1372 ἐντολὰς
1669 1311 1769 1381 ζῇν
1803 1308 1920 1364 ἐλό-

303 1425 480 1478 μενοι,
519 1408 645 1469 Τοῖς
665 1406 719 1458 δὲ
753 1404 1031 1474 μαθηταῖς
1074 1403 1244 1458 αὐτοῦ
1276 1399 1454 1468 εἶπεν,
1503 1422 1521 1455 ι
1570 1397 1917 1456 Ἐλεύσονται

298 1501 533 1572 ἡμέραι,
567 1489 588 1550 ἱ
624 1501 718 1551 καὶ
748 1499 818 1551 τὰ
847 1498 1010 1568 ὲξῆςο
1048 1499 1320 1560 τουτέστι,
1368 1499 1462 1550 καὶ
1508 1496 1640 1567 ὑμῖν
1686 1498 1718 1565 ἡ
1763 1495 1917 1566 βασι-

298 1594 417 1646 λεία
465 1593 559 1645 τοῦ
611 1591 748 1644 Θεοῦ
800 1591 1087 1660 πάρεστιν,
1142 1591 1201 1642 ἐν
1251 1590 1364 1660 ὅσῳ
1417 1590 1538 1657 εἰμὶ
1573 1588 1696 1658 μεθ’
1734 1587 1915 1658 ὑμῶν.

300 1687 541 1757 Πάρεστι
574 1686 630 1739 δὲ
679 1684 820 1754 αῦτη
872 1686 1023 1754 ὑμῖν,
1060 1683 1121 1736 ού
1167 1684 1330 1752 μόνον
1382 1683 1519 1735 καθὸ
1552 1681 1917 1736 ἐπιστεύσατέ

303 1796 395 1849 μοι
449 1777 544 1830 καὶ
597 1776 1008 1847 ἠκολουθήσατε
1053 1813 1068 1837 ,
1125 1774 1260 1828 ἀλλὰ
1311 1776 1406 1827 καὶ
1469 1774 1607 1828 καθὸ
1659 1775 1718 1827 ὲν
1767 1774 1917 1845 πάσῃ

2028 568 2099 622 At
2132 569 2248 638 ipse
2272 568 2516 623 ostendit
2541 569 2686 637 quod
2721 569 2975 638 ignorent
3005 584 3117 623 rem
3143 585 3267 639 quae
3295 571 3435 625 intra
3463 589 3523 627 se
3555 576 3649 640 sit,

2028 672 2082 717 et
2105 678 2227 732 qua:
2246 663 2404 717 valde
2435 663 2637 726 facilis,
2673 662 2716 716 si
2745 663 2834 732 qui
2865 678 3063 732 capere
3093 664 3280 719 velint.
3310 664 3470 720 Nunt:
3502 671 3651 723 enim

2027 774 2152 814 cum
2178 758 2281 813 sim
2317 758 2533 813 medius
2560 757 2704 813 inter
2755 773 2872 822 vos,
2909 760 3145 827 potestis
3169 761 3396 815 omnino
3423 779 3650 834 regnum

2031 851 2126 906 Dei
2163 864 2386 920 capere,
2428 851 2473 905 si
2510 851 2737 906 creditis
2771 854 2822 904 in
2874 867 2980 918 me,
3012 863 3066 906 et
3114 854 3281 908 vultis
3305 854 3460 920 juxta
3493 833 3652 911 inan-
3707 833 3715 848 ⁷

2030 945 2159 998 data
2205 960 2321 997 mea
2355 944 2556 998 vivere.
2590 942 2888 1012 Discipulis
2914 959 3042 997 vero
3067 946 3183 998 suis
3233 947 3373 1000 dixit
3407 965 3420 1002 :
3476 967 3494 1000 ι
3544 947 3653 1004 Ve-

2026 1033 2180 1086 nient
2202 1034 2387 1098 dies,»
2415 1042 2549 1097 etc.,
2584 1035 2688 1088 hoc
2711 1044 2812 1099 est,
2838 1043 2892 1088 et
2916 1034 3069 1088 vobis
3099 1051 3329 1102 regnum
3353 1036 3444 1090 Dei
3475 1045 3652 1106 adest,

2028 1135 2302 1192 quatenus
2333 1139 2455 1178 sum
2490 1125 2795 1180 vobiscmn.
2846 1126 3016 1180 Adest
3055 1138 3241 1182 autem
3288 1130 3420 1184 illud
3472 1134 3648 1198 vobis,

2028 1233 2134 1270 non
2187 1219 2365 1271 solum
2419 1219 2566 1286 quod
2611 1219 2930 1272 credidistis
2957 1229 3011 1273 et
3044 1222 3221 1275 secuti
3246 1225 3381 1276 estis
3410 1241 3517 1289 me,
3558 1228 3650 1279 sed

2024 1310 2150 1377 quia
2185 1323 2331 1363 nunc
2383 1309 2433 1362 in
2472 1324 2666 1378 magna
2704 1311 3004 1366 securitate
3038 1314 3222 1367 vivitis
3251 1312 3458 1385 absque
3502 1318 3656 1371 solli-

2024 1401 2296 1466 citudine,
2338 1417 2429 1456 me
2455 1418 2646 1456 curam
2689 1406 2856 1458 vestri
2885 1417 3132 1474 gerente.
3184 1406 3413 1462 Venient
3462 1420 3647 1464 autem

2023 1497 2166 1559 dies,
2198 1513 2322 1551 cum
2355 1513 2455 1567 ego
2486 1498 2736 1561 abluero,
2773 1508 2824 1553 et
2856 1503 3143 1556 trudeniini
3179 1504 3458 1571 periculis.
3493 1517 3550 1561 et
3577 1509 3643 1561 ad

2021 1604 2180 1658 rcges
2204 1597 2258 1643 et
2282 1588 2548 1659 praesides
2572 1592 2895 1646 trahemini:
2924 1603 3051 1647 tunc
3071 1595 3462 1652 desiderabitis
3487 1615 3650 1654 secu—

2025 1699 2139 1737 ram
2174 1683 2322 1736 illam
2354 1692 2407 1738 ct
2435 1684 2812 1738 sollicitudine
2834 1696 3114 1742 carentem
3149 1683 3336 1754 vitain,
3367 1706 3532 1760 quam
3565 1709 3651 1748 uie

2024 1786 2297 1846 pnescnte
2333 1777 2533 1847 agitis,
2581 1776 2726 1831 sicut
2771 1793 2999 1848 regnum
3039 1781 3157 1834 Dei.
3215 1782 3283 1837 Et
3324 1801 3466 1853 saepe
3501 1785 3651 1841 desi-

300 1843 633 1940 αφροντισίςι
667 1843 884 1936 διάγετε
924 1867 1041 1933 νῦν,
1092 1865 1230 1937 ἐμοῦ
1272 1866 1428 1937 ὑμῶν
1461 1866 1762 1937 κηδομένου
1817 1843 1913 1917 καῖ

2026 1869 2296 1924 derabitis
2330 1870 2413 1922 vel
2443 1886 2609 1924 unum
2644 1886 2710 1924 ex
2752 1871 2947 1927 diebus
2981 1877 3118 1928 meis
3151 1873 3377 1939 habere,
3409 1877 3513 1932 boe
3545 1890 3650 1942 esr,

296 1963 728 2032 προνοουμένου.
790 1961 1139 2015 Ἐλεύσονται
1174 1960 1230 2013 δὲ
1276 1961 1483 2032 ἡμέραι
1532 1962 1644 2026 ὅτε,
1679 1960 1912 2024 ἀπόντος

297 2058 456 2129 ἐμοῦ,
504 2059 772 2122 κινδύνοις
820 2056 1295 2131 παραδοθήσεσθε,
1336 2058 1430 2110 καὶ
1494 2057 1587 2109 ἐπὶ
1636 2056 1911 2127 ἡγεμόνας

298 2157 391 2205 διαὶ
427 2153 668 2223 βασιλεῖς
709 2152 971 2222 ἀγόμενοι
998 2153 1090 2204 τὸν
1123 2151 1219 2204 νῦν
1249 2150 1537 2204 ἀκίνδυνον
1592 2151 1784 2222 καιρὸν
1820 2150 1914 2202 καὶ

300 2247 396 2315 τὴν
436 2246 822 2316 ἁφροντισίαν,
879 2247 946 2315 ἥν
991 2243 1128 2315 ἐμοῦ
1169 2243 1420 2306 συνόντος
1453 2233 1584 2330 ὐμςν
1621 2242 1795 2312 ἔχετε,
1837 2242 1912 2304 ὡς

296 2339 578 2409 βασιλείαν
604 2337 741 2391 Θεοῦ
775 2337 1068 2407 ποθήσετε.
1101 2339 1208 2390 Καὶ
1236 2335 1503 2398 πολλάκις
1533 2335 1910 2407 ἐπιθυμήσετε

295 2431 406 2484 τῶν
451 2433 603 2502 ἐμῶν
633 2430 861 2502 ἡμερῶν
899 2431 1025 2500 μιᾶς
1061 2430 1360 2498 ἐπιτυχεῖν,
1393 2427 1674 2487 τουτέστι,
1705 2427 1912 2498 ταύτης

302 2527 396 2594 τῆς
419 2524 540 2593 μετ’
558 2524 694 2594 ἐμοῦ
716 2522 1120 2591 συνδιαγωγῆς,
1142 2522 1218 2584 ὡς
1241 2521 1706 2590 ἁκινδυνωτὲρας.
1725 2521 1783 2572 Ei
1800 2519 1911 2590 γὰρ

296 2619 391 2668 καὶ
417 2616 515 2668 σὺν
537 2615 687 2685 αὐτῷ
724 2615 878 2678 ὅντες
901 2655 917 2680 ,
942 2615 1002 2667 ού
1043 2617 1221 2683 πάντη
1252 2614 1453 2666 ἄπονον
1500 2613 1596 2664 καὶ
1625 2611 1911 2663 ἀκίνδυνον

297 2705 429 2779 ἦγον
469 2709 606 2779 βίον,
656 2707 795 2761 ἀλλὰ
846 2706 1103 2775 φεύγοντι
1149 2702 1564 2774 σομφεύγοντες
1614 2702 1911 2756 ἐκακοπά-

295 2802 446 2865 θουν,
483 2803 576 2852 καὶ
628 2798 1030 2869 λοιδορουμένῳ
1066 2795 1562 2866 συνελοιδοροῦντο,
1598 2795 1736 2847 ἀλλὰ
1774 2795 1910 2864 πρός

303 2897 422 2956 τοὺς
459 2893 754 2963 μέλλοντας
789 2890 1070 2954 κινδύνους
1103 2890 1516 2959 συγκρινόμενα
1541 2891 1610 2941 τὰ
1641 2887 1911 2958 πρότερον

292 2988 480 3051 αὐτοῖς
549 2985 1049 3056 ὲπισυμϐαίνοντα,
1102 2984 1164 3036 τὸ
1220 2982 1502 3036 ἀκίνδυνον
1579 2980 1715 3032 πολὺ
1763 2979 1902 3050 ἔχειν

292 3081 654 3148 φανήσονται.
687 3077 873 3150 (am
924 3077 958 3146 ἡ
1014 3073 1264 3143 βασιλεία
1313 3071 1408 3124 τοῦ
1463 3071 1600 3123 Θεοῦ
1634 3071 1909 3123 καὶκατὰ

2022 1976 2086 2015 ex
2112 1975 2306 2015 secura
2345 1961 2432 2014 illa
2459 1977 2620 2031 quam
2651 1978 2864 2017 mecum
2896 1965 3056 2030 agitis
3076 1968 3213 2020 vita.
3246 1967 3512 2033 Quamvis
3546 1987 3648 2024 au-

2022 2064 2130 2108 tem
2159 2064 2214 2108 et
2237 2068 2346 2123 quo
2378 2062 2628 2123 tempore
2653 2070 2776 2108 cum
2804 2057 2924 2125 ipso
2942 2067 3122 2123 erant,
3149 2074 3254 2112 non
3276 2061 3504 2114 Omnino
3527 2063 3648 2116 sine

2019 2146 2207 2201 labore
2247 2155 2303 2200 et
2334 2147 2590 2216 periculis
2630 2147 2799 2201 vitam
2838 2150 3098 2217 agebant,
3126 2151 3220 2204 sed
3247 2167 3371 2205 cum
3404 2155 3649 2224 fugiente

2021 2239 2294 2310 fugientes
2332 2238 2740 2308 amigebantur,
2781 2257 3019 2309 cumque
3049 2258 3116 2297 eo
3151 2245 3402 2297 convicia
3458 2247 3649 2299 audie-

2021 2334 2152 2386 bant
2183 2351 2195 2386 :
2243 2341 2428 2386 tamen
2463 2333 2510 2386 si
2558 2348 2682 2402 quae
2715 2343 2844 2386 tunc
2873 2333 3146 2401 ferebant,
3182 2349 3648 2404 compararentur

2017 2442 2142 2482 eum
2172 2428 2257 2482 bis
2288 2443 2408 2497 qua:
2434 2438 2622 2497 postea
2655 2428 2816 2481 laturi
2848 2440 3027 2492 erant,
3061 2429 3390 2484 viderentur
3422 2447 3650 2501 prorsus

2018 2536 2212 2576 secura
2261 2534 2320 2576 et
2367 2525 2578 2590 absque
2643 2521 2924 2588 periculis.
2971 2522 3152 2591 Atque
3187 2525 3516 2591 ita'regnum
3550 2522 3648 2577 Dei

2021 2613 2188 2666 etiam
2233 2612 2336 2667 hoc
2375 2615 2537 2667 modo
2579 2613 2721 2667 intra
2754 2615 3031 2683 apostolos
3066 2626 3206 2681 erat,
3245 2618 3347 2670 hoc
3392 2629 3500 2683 est,
3540 2617 3645 2670 mi-

2018 2707 2168 2761 nime
2202 2707 2538 2762 laboriosum
2582 2716 2635 2760 et
2672 2708 3039 2776 periculosum
3071 2724 3322 2778 regnum.
3376 2709 3504 2764 Post
3553 2725 3641 2764 re-

2019 2799 2428 2853 surrectiOuem
2472 2800 2617 2855 enim
2682 2800 2825 2854 sicut
2876 2802 3102 2869 captivi,
3160 2811 3215 2852 et
3247 2803 3338 2871 qui
3387 2817 3650 2870 persecu-

2017 2892 2224 2946 tionem
2293 2894 2600 2961 patiuutur,
2654 2892 3034 2948 obambulant.
3095 2892 3268 2948 Porro
3322 2896 3408 2949 bis
3463 2895 3645 2951 verbis

2015 2987 2390 3057 apostolorum
2438 2989 2605 3042 corda
2641 2988 2708 3042 ad
2751 2987 3014 3043 ferendos
3047 2989 3269 3044 labores
3319 2999 3373 3043 et
3405 3001 3560 3059 parat
3590 3000 3646 3046 et

2020 3079 2239 3134 roborat
2277 3087 2331 3133 ct
2377 3080 2622 3148 praedicit
2662 3081 2742 3134 eis
2774 3095 2843 3133 ne
2883 3081 3252 3148 decipiantur.
3297 3080 3433 3134 Nam
3467 3083 3510 3135 si
3553 3082 3646 3151 qui

292 3170 487 3224 τοῦτόν
512 3188 573 3238 γε
601 3171 694 3222 τὸν
735 3170 938 3240 τρόπον
971 3167 1121 3232 ἐντὸς
1151 3165 1262 3218 τῶν
1294 3163 1610 3218 ἀποστόλων
1642 3158 1730 3232 ἦν,
1763 3162 1906 3215 κατὰ

2022 3173 2283 3235 dixerint,
2322 3172 2522 3239 inquit,
2561 3171 2700 3225 Ecce
2733 3173 2855 3235 hie,
2894 3174 2978 3225 vel
3019 3172 3165 3226 Ecce
3195 3173 3328 3240 illic,
3361 3189 3430 3228 ne
3470 3185 3649 3229 secte-

291 3263 358 3317 τδ
422 3263 709 3316 ἀκίνδυνον
767 3260 861 3315 καὶ
921 3259 1121 3314 ἄπονόν
1174 3267 1340 3329 φημι.
1387 3255 1625 3309 Ἐπείτοι
1670 3271 1733 3322 γε
1775 3255 1915 3324 μετὰ

289 3358 395 3428 τὴν
432 3357 731 3409 ἀνάστασιν
766 3354 842 3416 ὡς
889 3353 1229 3422 αἰχμάλωτοι
1283 3349 1377 3402 καὶ
1449 3347 1776 3414 διωκόμενοι
1816 3362 1912 3397 πε-

296 3451 552 3524 ριῄεσαν.
587 3450 1006 3511 Κατασκευαξει
1038 3447 1094 3498 δὲ
1127 3445 1216 3498 διὰ
1238 3443 1447 3497 τούτων
1476 3442 1584 3494 τῶν
1614 3441 1792 3505 λόγων
1816 3441 1914 3503 τὰς

291 3545 406 3598 τῶν
436 3542 750 3597 ἀποστόλων
778 3543 1008 3613 καρδίας
1036 3538 1375 3610 φερεπόνους
1407 3537 1500 3590 καὶ
1550 3535 1912 3606 καρτερικὰς,

293 3639 393 3694 καὶ
447 3639 711 3709 προλέγει
762 3637 968 3700 αὐτοῖς,
1024 3635 1115 3688 ἵνα
1153 3633 1227 3702 μὴ
1261 3630 1632 3701 πλανηθῶσιν.
1674 3630 1772 3680 "Av
1805 3627 1914 3698 γὰρ

293 3735 521 3797 εἴπωσι,
553 3734 740 3802 φησιν,
784 3730 912 3783 Ἰδυὺ
940 3723 1063 3788 ὦδε,
1101 3727 1134 3796 ἢ
1183 3725 1315 3778 Ἰδοὺ
1348 3727 1484 3789 ἐκεῖ,
1537 3725 1611 3794 μὴ
1659 3719 1910 3788 διώξητε.

295 3825 508 3894 Μῃδεὶς
547 3826 676 3892 γὰρ,
723 3823 910 3891 φησὶν,
950 3819 1093 3887 ὐμᾷς
1131 3816 1400 3879 πείσειεν,
1427 3817 1507 3867 ὄτι
1539 3809 1704 3884 ἦλθον
1741 3807 1845 3865 ὦδε
1875 3811 1908 3881 ἢ

299 3920 422 3970 ἐκεῖ
457 3933 469 3946 ·
515 3919 576 3969 οὐ
637 3916 746 3982 γὰρ
791 3915 942 3983 τόπῳ
1001 3909 1528 3982 περικλεισθήσεται
1575 3909 1607 3978 ή
1677 3903 1912 3974 δευτέρα

303 4030 410 4082 μου
440 4010 721 4081 παρουσία
747 4010 779 4079 ἡ
811 4007 1196 4077 λαμπροτέρα,
1245 4004 1336 4056 καὶ
1370 4001 1708 4070 ἐνδοξοτέρα.
1772 3998 1912 4050 Ἀλλ’

296 4105 493 4173 ὥσπερ
534 4101 794 4172 ἀστραπὴ
841 4101 900 4152 ού
946 4098 1234 4162 λανθάνει,
1281 4096 1395 4148 ἀλλ’
1444 4095 1540 4148 ἀπ’
1593 4094 1765 4164 ἄκρου
1813 4093 1912 4162 τῆς

296 4200 405 4268 γῆς
456 4200 549 4250 ἐπὶ
613 4197 840 4264 θάτερον
893 4194 1063 4262 ἄκρον
1129 4193 1339 4260 φαίνει,
1391 4188 1538 4242 οὕτω
1569 4189 1663 4241 καὶ
1717 4189 1750 4257 ἡ
1802 4187 1910 4256 ὲμὴ

298 4291 581 4359 παρουσία
638 4288 868 4358 λαμπρὰ
910 4288 1006 4339 καὶ
1068 4285 1336 4356 ιτιφανὴς
1397 4283 1582 4346 ἔσται,
1653 4282 1748 4334 καὶ
1816 4280 1905 4332 οὐ·

298 4387 428 4439 δέν]
483 4383 952 4452 ἀποκρυϐήσετχι.
1011 4380 1058 4431 Μ
1164 4377 1258 4430 οὖν
1291 4376 1607 4444 πλανηθῆτε
1652 4373 1756 4426 ὑπὸ
1793 4371 1910 4424 ντῶν

301 4477 729 4548 ψευδοχρίστων.
783 4476 856 4526 Uti
896 4475 1005 4542 γαρ
1041 4487 1230 4540 ωσπερ
1285 4470 1552 4540 πρότερον
1604 4468 1663 4518 ὲν
1734 4468 1910 4535 φάτνῃ

2024 3265 2179 3318 mini.
2214 3262 2429 3328 Nullus,
2480 3264 2677 3330 inquit,
2713 3263 2866 3317 vobis
2902 3268 3252 3332 persuadent,
3300 3266 3444 3334 quod
3478 3282 3645 3320 vene-

2023 3359 2124 3412 rim
2181 3359 2287 3411 huc
2340 3358 2423 3410 vel
2464 3356 2617 3409 illuc.
2655 3354 2772 3407 Non
2809 3356 2956 3408 enim
3000 3357 3119 3411 loco
3156 3358 3648 3414 circuinscribetur

2020 3449 2298 3503 secundus
2331 3447 2419 3502 ille
2461 3463 2616 3501 mens
2653 3448 2947 3508 adventus,
2979 3449 3071 3516 qui
3117 3450 3411 3516 gleriosior
3449 3461 3504 3504 et
3533 3454 3647 3505 cla-

2025 3543 2153 3593 rior.
2190 3538 2390 3592 Verum
2421 3539 2565 3591 sicut
2598 3538 2780 3607 fulgur
2805 3554 2912 3592 non
2944 3540 3100 3605 latet,
3132 3542 3225 3594 sed
3254 3543 3322 3595 ab
3351 3559 3459 3596 una
3488 3559 3644 3598 sum-

2021 3631 2211 3685 mitate
2248 3638 2408 3684 terra:
2450 3646 2623 3699 usque
2661 3632 2727 3682 ad
2769 3630 2932 3682 aliam
2989 3635 3352 3699 conspicuum
3383 3647 3468 3690 cst
3506 3656 3522 3691 :
3567 3641 3641 3691 ita

2017 3733 2071 3777 et
2105 3737 2259 3775 meus
2295 3721 2568 3775 adventus
2619 3722 2803 3774 clarus
2844 3721 2949 3776 erit
2985 3734 3038 3776 et
3075 3723 3330 3788 illustris,
3365 3729 3643 3795 nullisque

2020 3813 2261 3883 ignotus.
2322 3811 2401 3866 Ne
2442 3813 2607 3880 igitur
2670 3813 3027 3882 dccipiamini
3086 3829 3114 3867 a
3171 3813 3638 3876 Pseudochristis.

2019 3906 2133 3963 Non
2167 3909 2313 3962 enim
2351 3907 2494 3961 sicut
2535 3908 2686 3976 prius
2724 3907 2777 3960 in
2814 3911 3084 3977 prmsepio
3119 3919 3174 3962 ct
3208 3909 3516 3966 bumilitatc
3547 3930 3644 3980 per

2021 4002 2247 4072 triginta
2285 4015 2459 4054 annos
2504 3999 2759 4068 apparui,
2798 3998 2868 4052 ita
2909 4011 2963 4053 et
3002 4007 3152 4061 tunc.
3190 4002 3284 4054 sed
3330 4018 3454 4055 cum
3487 4005 3639 4058 omni

2018 4095 2190 4163 gloria
2219 4093 2552 4162 stipantibus
2581 4107 2666 4145 me
2714 4093 2925 4161 angelis
2959 4133 2973 4155 ,
3007 4102 3063 4146 et
3098 4093 3148 4146 in
3201 4107 3500 4149 momento.
3532 4095 3643 4150 Po-

2018 4200 2134 4243 stea
2176 4187 2305 4255 quia
2349 4187 2564 4240 dixerat
2589 4185 2670 4239 eis
2701 4195 2966 4238 eventura
3003 4186 3161 4238 valde
3191 4203 3404 4254 aspera,
3442 4205 3641 4244 (ξυνδο-

2019 4279 2161 4332 latur
2184 4277 2351 4350 429
2370 4293 2462 4331 eos
2484 4288 2538 4333 et
2566 4280 2913 4342 exhortatur,
2945 4292 3022 4343 et,
3066 4291 3122 4333 ut
3151 4295 3415 4349 generose
3440 4281 3639 4350 ferant,

2017 4372 2268 4440 exemplo
2331 4386 2432 4423 suo
2485 4370 2862 4424 conuucndat.
2916 4367 3034 4423 Non
3082 4373 3229 4424 enim
3267 4375 3635 4441 admiremini,

2019 4464 2218 4532 inquit,
2254 4463 2300 4517 si
2352 4464 2636 4517 evenerint
2687 4462 2840 4516 vobis
2875 4472 2983 4516 tam
3026 4466 3282 4533 molesta,
3315 4483 3435 4536 quae
3486 4469 3640 4524 vobis

303 4575 399 4624 καὶ
436 4569 683 4640 πτωχείᾳ
732 4569 821 4621 διὰ
873 4569 1172 4638 τριάκοντα
1206 4563 1344 4616 ἐτῶν
1384 4562 1614 4630 ἐφάνην,
1643 4558 1786 4612 οὕτω
1817 4560 1912 4611 καὶ

2022 4558 2354 4613 desiderium
2394 4555 2629 4609 afferent
2661 4554 2898 4620 dierum,
2958 4558 3159 4625 quibus
3211 4573 3311 4629 ego
3352 4560 3636 4617 vobiscum

307 4665 452 4726 τότε,
495 4665 632 4716 ἀλλὰ
665 4664 842 4716 πάντα
877 4663 932 4711 ἐν
959 4659 1109 4729 δόξῃ,
1161 4656 1612 4727 δορυφορούντων
1641 4651 1913 4719 ἀγγέλων,

309 4760 399 4810 καὶ
448 4758 508 4808 ὲν
541 4758 699 4825 ῥιπῇ.
755 4749 890 4806 Εἶτα
928 4751 1117 4819 ἐπειδὴ
1171 4749 1355 4810 αὐτοῖς
1405 4747 1615 4817 φοϐερὰ
1652 4747 1917 4814 προεῖπεν

306 4852 651 4919 ἀπαντήσειν
674 4891 688 4914 ,
717 4845 1215 4918 παραμυθούμενος
1268 4841 1492 4906 αὐτοὺς,
1528 4841 1621 4892 καὶ
1657 4857 1916 4907 παρακα-

308 4944 419 4998 λῶν
448 4944 714 5016 γενναίως
777 4945 990 5012 φέρειν,
1033 4940 1112 5008 τῷ
1147 4937 1269 4991 καθ’
1312 4936 1506 4990 ἑαυτὸν
1555 4934 1918 5003 ὑποδείγματι

310 5039 471 5092 τοῦτο
500 5035 741 5107 συνιστᾷ.
775 5035 865 5105 Μὴ
893 5035 1004 5104 γὰρ
1033 5033 1375 5104 θαυμάσητε,
1409 5031 1598 5100 φησιν,
1630 5029 1676 5080 εἰ
1706 5027 1918 5097 συμϐῇ-ε

313 5150 466 5186 σεται
503 5133 632 5201 ὑμῖν
662 5127 895 5182 τοιαῦτα
922 5129 1158 5179 ἐπίπονα
1193 5121 1280 5179 οἷα
1311 5123 1608 5192 ἐπιθυμίαν
1632 5122 1760 5191 ὑμῖν
1784 5121 1922 5189 ἀγαέ

312 5225 430 5291 γεῖν
459 5221 559 5291 τῆς
603 5219 719 5289 μετ’
769 5217 906 5288 ἐμοῦ
954 5217 1160 5286 ταύτης
1208 5217 1306 5285 τῆς
1360 5215 1478 5266 νυνὶ
1514 5211 1918 5279 συνδιαγωγῆς.

315 5315 490 5374 Αὐτὸς
525 5317 634 5383 γὰρ
671 5309 780 5377 ὲγὼ
807 5314 834 5362 ό
865 5310 1075 5378 μέλλων
1107 5309 1180 5370 ὡς
1208 5306 1467 5376 ἀστραπὴ
1497 5305 1756 5374 φανῆναι,
1791 5303 1922 5368 πρό-

2019 4667 2160 4705 sum.
2208 4649 2341 4703 Nam
2377 4658 2430 4703 et
2464 4663 2565 4715 ego
2604 4648 2716 4716 ipse
2751 4648 2844 4716 qui
2890 4659 3155 4706 venturus
3205 4666 3326 4706 sum
3357 4653 3497 4707 sicut
3537 4655 3639 4708 ful-

2020 4758 2139 4815 gur,
2183 4743 2333 4811 prius
2388 4755 2650 4810 passurus
2707 4739 2875 4794 multa
2951 4743 3440 4814 reprobandtisquc
3492 4761 3636 4813 sum,

2020 4846 2071 4889 et
2108 4835 2182 4888 ita
2217 4834 2270 4887 in
2305 4833 2478 4903 gloria
2515 4832 2620 4886 ista
2649 4833 2886 4886 veniam.
2921 4835 3099 4904 Atque
3137 4837 3209 4889 ita
3249 4838 3350 4892 hoc
3379 4839 3535 4893 vobis
3568 4843 3640 4896 sit

2020 4928 2394 4985 cxstimulatio
2424 4927 2488 4979 ad
2518 4927 2792 4995 patientia:
2828 4927 3109 4990 virtutem,
3141 4939 3194 4983 et
3225 4930 3291 4983 ad
3321 4930 3534 4986 fortiter
3559 4931 3642 4988 fe-

2025 5025 2253 5079 rendum
2292 5021 2504 5075 alacres
2547 5035 2644 5075 vos
2679 5019 2867 5086 faciat,
2901 5022 3026 5074 dum
3069 5022 3119 5075 in
3154 5037 3240 5076 me
3276 5025 3551 5093 respicitis
3586 5036 3640 5079 et

2025 5114 2261 5185 speratis
2293 5131 2304 5166 :
2339 5112 2464 5182 quia
2500 5121 2554 5166 et
2587 5112 2741 5166 vobis
2773 5113 3031 5166 Obveniet
3061 5113 3233 5183 gloria
3269 5130 3333 5169 ex
3356 5116 3639 5186 periculis,

2027 5207 2154 5261 dum
2205 5205 2454 5276 patimini
2503 5212 2558 5258 et
2612 5203 3026 5272 reprobamiui,
3081 5208 3542 5275 quemadmodum
3587 5220 3643 5271 et

2029 5301 2185 5355 mibi.

315 5425 475 5478 τερον
526 5406 707 5477 μέλλω
785 5406 978 5457 παθεῖν
1038 5403 1230 5465 πολλὰ,
1281 5404 1377 5455 καὶ
1453 5397 1989 5469 ἀποδοκιμασθῆναι,
2034 5394 2129 5446 καὶ
2175 5392 2350 5455 οῦτως
2400 5392 2458 5446 ὲν
2515 5392 2584 5462 ιτῇ
2631 5389 2760 5460 δόξῃ
2817 5387 2990 5459 ταύτῃ
3045 5389 3242 5446 ἐλθεῖν.
3280 5391 3444 5444 Ὥστε
3486 5394 3640 5446 τοῦτο

1274 5542 1355 5598 Ex
1395 5537 1746 5598 collatione
1788 5536 1974 5597 codd.
2017 5537 2251 5595 Venet.
2295 5533 2359 5594 S.
2397 5529 2622 5593 Marci.

392 5671 467 5738 (8)
496 5667 634 5724 Cod.
669 5667 760 5726 9.6,
810 5667 939 5736 Περὶ
967 5661 1032 5736 ἧς
1080 5663 1253 5738 οὐδεὶς
1306 5663 1599 5738 ἐκήρυξεν.
1653 5661 1709 5713 Ὀ
1739 5661 1794 5713 δὲ
1825 5662 1920 5738 ἁν-

316 5733 607 5813 τιστρέιτςει
642 5739 827 5813 αὐτοῖς
869 5733 959 5790 τὸν
992 5733 1336 5800 κατάγελων
1363 5775 1375 5798 ,
1416 5735 1734 5813 δεικτὶλςικ.
1780 5750 1829 5813 τ.

322 5833 344 5868 ί
384 5805 458 5867 De
492 5805 604 5881 quo
638 5808 816 5862 nullus
844 5809 1252 5881 prmdicaverat.
1293 5809 1358 5858 At
1405 5808 1518 5871 ipse
1551 5808 1600 5856 in
1621 5805 1753 5881 illos
1793 5805 1921 5856 irri-

315 5875 532 5940 sioncni
578 5875 875 5944 convertit,
922 5879 1237 5943 ostendens,
1300 5897 1314 5925 ›
1368 5887 1474 5932 ctc.
1516 5906 1582 5914 —
1621 5875 1772 5930 L‘ndc
1816 5891 1921 5930 nor.

2028 5661 2170 5714 male
2202 5659 2436 5713 habebat
2463 5660 2593 5713 edit.
2621 5658 2743 5713 Lut.
2767 5661 2885 5712 illos
2912 5661 2964 5711 in
2985 5661 3152 5714 risum
3197 5660 3453 5713 converti!
3481 5672 3500 5711 :
3524 5673 3642 5727 qua:

2028 5732 2191 5784 verba
2228 5732 2447 5783 sustulit
2484 5743 2764 5785 correcwr
2792 5729 3032 5786 Venetus
3063 5734 3333 5798 quodnon
3361 5736 3640 5781 exstarent

2030 5803 2083 5882 in
2120 5810 2271 5928 textu
2323 5800 2514 5857 Graeco
2553 5844 2567 5870 ,
2593 5804 2685 5873 qui
2719 5805 2904 5874 potius
2937 5819 3034 5873 per
3067 5801 3482 5857 hunc-codicem
3515 5815 3638 5854 co:-

2031 5890 2182 5928 rttzcn
2229 5889 2290 5928 us
2322 5883 2422 5928 est.

2031 5887 2290 5944 rtgcnuus
2322 5887 2422 5928 ρει.
