4048 6466
557 373 666 439 995

1416 369 1966 432 THEOPHYLACT
1974 370 1997 430 Ι
2047 369 2460 432 BULGARI/E
2498 374 2857 437 ARCHIEP.

3733 371 3837 435 996

559 486 686 557 ὑμῖν
719 482 862 536 ἐστω
907 482 986 546 είς
1039 478 1384 553 παράκλησιν
1435 479 1550 553 τὴν.
1592 479 1728 550 πρὸς
1775 479 1999 551 ἀρετὴν,
2042 480 2138 534 καὶ
2163 481 2641 550 προθυμοποιείτω
2689 484 2836 552 ὑμᾶς
2887 484 2966 545 είς
3030 483 3092 536 τδ
3137 484 3450 554 καρτερετν.
3483 483 3546 537 τ’)
3625 485 3837 554 ἀφορᾷν

556 577 758 649 δηλαδὴ
791 575 925 648 πρὸς
970 575 1090 646 ips,
1122 573 1215 626 καὶ
1251 572 1515 637 ἐλπίζειν,
1547 573 1632 626 δτι
1665 574 1760 628 καὶ
1801 573 1930 644 ὑμῖν
1959 575 1992 644 ἡ
2023 572 2152 638 δόξα
2188 575 2251 628 ἐκ
2283 574 2376 628 τοῦ
2418 575 2695 640 κινδύνους
2729 575 2928 630 παθεῖν
2991 576 3084 630 καὶ
3113 576 3622 646 ἀποδοκιμασθῆναι
3685 592 3841 647 περι-

563 674 867 742 γενήσεται,
900 669 1087 738 ὥσπερ
1115 667 1206 720 οὖν
1239 668 1331 720 καὶ
1361 669 1504 738 ἐμοί.

631 769 792 824 Vsus.
819 767 1007 821 16-50.
1048 783 1066 818 ι
1103 765 1164 819 Et
1193 767 1337 821 sicut
1363 764 1562 819 accidit
1592 765 1644 818 in
1678 765 1870 819 diebus
1901 763 2032 830 Noe,
2067 765 2140 820 ita

2327 787 2346 819 ι
2388 765 2498 818 Καὶ
2543 760 2727 825 καθὼς
2774 761 2992 830 ἐγένετο
3033 761 3090 812 ἐν
3119 762 3242 822 ταῖς
3287 759 3524 829 ἡμέραις
3561 755 3658 811 τοῦ
3690 755 3835 820 Νῶε,

559 863 665 916 erit
716 870 768 914 et
829 861 1016 914 diehus
1048 858 1166 913 Filii
1233 859 1487 914 hominis.
1543 857 1810 925 Edebant,
1868 859 2146 925 bibebam,

560 965 756 1007 uxores
781 951 1074 1016 ducebant,
1109 960 1162 1004 et
1192 949 1458 1004 dabantur
1483 959 1706 1017 nuptum
1733 950 1798 1001 ad
1829 964 1950 1004 eum
1977 964 2147 1018 usque

559 1043 728 1106 diem,
759 1057 866 1110 quo
902 1040 1016 1095 Noe
1075 1042 1126 1095 in
1173 1056 1356 1096 arcam
1401 1041 1626 1095 intravit
1665 1052 1762 1096 :et
1812 1042 1957 1095 venit
2008 1041 2148 1094 dilu-

564 1137 732 1198 vium,
778 1145 833 1189 et
871 1135 1108 1204 perdidit
1141 1149 1348 1190 omnes.
1388 1133 1762 1189 Consimiliter
1798 1136 1959 1191 etiam
2004 1135 2147 1190 sicut

561 1230 758 1282 accidit
788 1229 842 1281 in
879 1227 1065 1281 diebus
1097 1225 1215 1281 Lot.
1251 1225 1515 1290 Edebant,
1545 1226 1822 1291 bibebant,
1869 1231 2140 1291 emebant,

565 1320 893 1383 vendebant,
945 1319 1280 1388 plantabant,
1317 1316 1659 1370 aedificabant
1696 1337 1708 1372 :
1741 1327 1995 1372 ueterum
2037 1334 2145 1387 quo

559 1411 644 1466 die
675 1411 806 1465 exiit
834 1409 934 1463 Lot
967 1424 998 1463 e
1043 1409 1297 1463 Sodomis
1353 1409 1485 1476 pluit
1520 1408 1628 1477 igni
1681 1419 1736 1462 et
1782 1411 2040 1479 sulphure
2079 1412 2144 1464 de

559 1504 714 1566 male,
755 1513 807 1556 et
852 1517 1040 1556 omnes
1095 1501 1349 1571 perdidit.
1392 1499 1697 1555 Secundum
1732 1502 1845 1556 haec
1877 1501 1982 1555 erit
2027 1501 2144 1556 dics

559 1610 665 1663 quo
710 1592 880 1648 Filius
938 1593 1172 1648 hominis
1210 1593 1555 1648 r6\'eltll)lllll'.
1604 1610 1621 1641 ι
1672 1593 1736 1646 Et
1783 1608 1875 1661 per
1911 1596 2021 1647 haec
2061 1608 2146 1647 re-

559 1692 837 1757 pentinum
875 1698 927 1742 et
959 1689 1389 1756 inexspectatum
1437 1703 1594 1742 suum
1629 1688 1916 1741 adventum
1965 1696 2145 1742 osten-

561 1783 660 1833 dit.
694 1777 826 1832 Nam
857 1777 995 1832 sicut
1029 1779 1366 1848 temporibus
1414 1776 1525 1831 Noe
1561 1789 1782 1848 repente
1813 1779 1961 1831 venit
2011 1779 2147 1831 dilu—

558 1872 728 1935 vium,
763 1881 819 1925 et
856 1871 1077 1924 abstulit
1108 1885 1302 1925 omnes
1335 1912 1349 1934 ,
1383 1871 1454 1924 ita
1489 1871 1594 1925 erit
1624 1882 1677 1925 et
1703 1871 1964 1926 adventus
2005 1869 2141 1938 ejus.

558 1964 870 2016 insinuatur
911 1970 1087 2015 autem
1146 1977 1241 2031 per
1275 1961 1521 2031 exempla
1564 1962 1679 2016 haec
1726 1964 1911 2016 diluvii
1957 1973 2010 2017 et
2043 1963 2144 2016 So-

560 2055 806 2110 domitici
860 2055 1113 2119 incendii,
1148 2055 1317 2123 quod,
1349 2071 1469 2109 cum
1508 2056 1721 2110 venerit
1753 2057 2142 2121 Antichristus,

2249 859 2418 920 οὕτως
2458 856 2610 909 ἔσται
2661 854 2751 907 καὶ
2785 853 2842 906 ἐν
2871 854 2992 913 ταῖς
3025 852 3263 922 ἡμέραις
3306 849 3400 902 τοῦ
3433 849 3563 902 Υίοῦ
3612 847 3707 901 τοῦ
3739 851 3834 902 ἀν-

2250 951 2468 1020 θρώπου
2492 964 2505 977 ο
2538 947 2724 1016 ἤσθιον
2764 945 2858 997 καὶ
2907 942 3111 1005 ἔπινον,
3148 941 3390 1010 ἐγάμουν
3454 943 3547 993 καὶ
3585 938 3840 1008 ἐξεγαμί·

2249 1042 2425 1106 ζοντο,
2459 1039 2589 1108 ἀχρι
2623 1032 2689 1109 ἧς
2721 1035 2936 1107 ἡμέρας
2989 1033 3208 1104 εἰσῆλθε
3253 1031 3377 1087 Νῶε
3418 1034 3498 1095 εἰς
3527 1033 3627 1102 τὴν
3673 1031 3840 1085 κιϐω-

2248 1135 2365 1199 τὸν,
2397 1133 2492 1185 καὶ
2522 1126 2685 1201 ἦλθεν
2714 1132 2740 1182 6
2771 1126 3179 1196 κατακλυσμὸς,
3219 1125 3313 1178 καὶ
3347 1123 3631 1178 ἀπώλεσεν
3662 1122 3835 1177 ἀπα-θ-

2247 1244 2366 1289 τας.
2409 1223 2640 1293 Ὁμοίως
2669 1221 2764 1275 καὶ
2795 1220 2870 1283 ὡς
2906 1219 3125 1288 ἐγένετο
3156 1220 3214 1271 ἐν
3266 1219 3387 1281 ταῖς
3419 1218 3659 1288 ἡμέραις
3689 1215 3836 1279 Λὼτ,

2248 1319 2458 1388 ἢσθιον,
2503 1315 2709 1377 ἔπινον,
2739 1313 3033 1383 ἡγόραζον.
3070 1309 3334 1374 ἐπώλουν,
3373 1311 3662 1378 ἐφύτευον,
3697 1308 3838 1379 ᾠκο-

2247 1407 2464 1476 δόμουν,
2583 1405 2638 1458 δέ
2669 1403 2854 1474 ἡμέρα
2899 1401 3091 1469 ἐξῆλθε
3125 1398 3250 1453 Λὼτ
3288 1400 3397 1454 ἀπὸ
3442 1398 3716 1466 Σοδόμων,
3745 1397 3840 1448 καὶ

2250 1495 2434 1564 ἔϐρεξε
2468 1493 2579 1564 πῦρ
2645 1494 2740 1546 καὶ
2791 1491 2931 1544 θεῖον
2979 1490 3076 1544 ἀπ’
3116 1489 3370 1560 οὐρανοῦ,
3419 1490 3513 1541 καὶ
3555 1487 3836 1541 ἀπώλεσεν

2249 1589 2514 1649 ἅπαντας.
2549 1585 2706 1639 Κατά
2729 1585 2902 1637 ταῦτα
2941 1584 3092 1636 ἐσται
3123 1577 3156 1656 ᾖ
3191 1583 3376 1653 ἡμέρᾳ
3403 1583 3430 1634 6
3460 1581 3591 1644 Υίδς
3621 1579 3718 1633 τοῦ
3749 1581 3832 1632 ἀν-

2251 1679 2467 1748 θρώπου
2508 1677 2971 1730 ἀποκαλύπτεται.
3010 1695 3027 1728 ο
3062 1677 3172 1730 Καὶ
3203 1675 3291 1728 δ;ἀ
3318 1674 3526 1727 τούτων
3556 1674 3618 1726 τὸ
3659 1671 3836 1741 txichi-

2248 1771 2359 1822 διον
2431 1769 2526 1822 καὶ
2577 1769 2990 1840 ἀπροσδόκητον
3041 1769 3138 1837 τῆς
3192 1767 3358 1821 αὐτοῦ
3407 1767 3713 1837 παρουσίας
3753 1768 3834 1817 ὲν-

2248 1862 2540 1915 δείκνυται.
2572 1862 2784 1931 Ὠσπερ
2810 1862 2918 1929 γὰρ
2954 1861 3049 1911 ἐπὶ
3081 1858 3174 1913 τοῦ
3218 1859 3341 1913 Νῶε
3373 1859 3637 1928 ἐξαίφνης
3679 1855 3838 1928 ἦλθεν

2248 1958 2275 2008 6
2307 1955 2716 2024 κατακλυσμὸς,
2757 1955 2852 2007 καὶ
2880 1949 3016 2025 ἦρεν
3047 1957 3316 2018 ἅπαντας,
3356 1953 3530 2016 οὕτως
3563 1955 3719 2007 ἔσται
3743 1955 3838 2006 καὶ

2247 2049 2280 2116 ἡ
2335 2047 2606 2116 παρουσία
2667 2045 2854 2098 αὐτοῦ.
2896 2045 3201 2098 Λίνίττεται
3245 2044 3301 2097 δὲ
3340 2043 3430 2096 διὰ
3490 2043 3599 2096 τῶν
3629 2044 3842 2097 ὑποδει-

560 2145 763 2199 ilhcita:
800 2144 1102 2213 voluptates
1138 2145 1188 2196 in
1230 2144 1539 2199 hominibus
1589 2146 1916 2210 increscent,
1952 2157 2003 2200 et
2034 2147 2143 2200 dis-

2251 2137 2474 2207 γμάτων
2504 2135 2736 2202 τούτων,
2763 2134 2858 2188 τοῦ
2908 2153 2964 2188 τε
2996 2135 3107 2187 τῶν
3156 2133 3298 2187 κατά
3330 2135 3420 2187 τὸν
3452 2135 3840 2205 κατακλυσμὸν

559 2236 718 2290 soluti
773 2246 954 2301 erunt,
988 2235 1195 2290 deliciis
1239 2248 1492 2291 vacantes
1531 2256 1544 2292 :
1581 2237 1630 2292 id
1666 2240 1806 2307 quod
1837 2248 1891 2292 et
1918 2240 2149 2307 Aposto-

559 2327 642 2382 lus
695 2326 858 2391 dixit,
905 2329 1046 2396 quod
1084 2328 1136 2380 in
1181 2332 1439 2385 extremis
1477 2331 1807 2401 temporibus
1843 2339 2004 2385 erunt
2040 2331 2143 2386 bo-

564 2418 741 2469 mines
800 2417 1160 2485 voluptatum,
1211 2419 1385 2486 magis
1435 2433 1596 2488 quam
1642 2418 1735 2472 Dei
1790 2420 2144 2474 amatores".

558 2510 624 2564 Et
659 2509 856 2563 merito
906 2511 955 2562 in
1004 2524 1170 2578 regno
1204 2511 1508 2576 deceptoris
1539 2511 1803 2566 florebunt
1835 2512 1994 2566 mala.
2031 2511 2147 2566 Erit

560 2601 701 2654 enim
749 2600 839 2654 ille
877 2603 1077 2668 peccati
1121 2612 1173 2653 et
1226 2601 1446 2655 malitiae
1478 2603 1654 2656 omnis
1707 2605 1916 2656 sentina
1957 2621 1968 2657 :
2005 2605 2144 2657 unde

559 2709 719 2762 quam
770 2692 930 2745 aliam
970 2694 1209 2761 {.olitiam
1259 2703 1310 2748 et
1355 2697 1516 2747 vitam
1552 2695 1769 2748 iuvehet
1820 2695 2143 2749 miserandae

562 2795 687 2839 tunc
716 2785 997 2838 hominum
1027 2785 1388 2851 generationi,
1425 2801 1584 2855 quam
1617 2788 1838 2841 omnino
1867 2803 1986 2841 eam
2026 2803 2144 2856 qua:

561 2876 635 2930 illi
695 2877 953 2945 propria?
987 2893 1050 2930 ex
1089 2878 1300 2944 impuro
1348 2877 1491 2931 enim
1549 2879 1678 2948 quid
1731 2879 2147 2948 puriﬁcabitur?

558 2971 732 3023 Erunt
768 2981 894 3023 tunc
929 2970 1177 3024 hominrs
1210 2971 1260 3022 in
1289 2972 1544 3025 omnibus
1577 2972 1808 3038 deliciis,
1835 2973 1976 3026 sicut
2009 2983 2147 3027 tern-

559 3061 782 3130 poribus
813 3060 944 3126 Noe,
975 3071 1025 3116 et
1057 3062 1188 3115 nihil
1215 3078 1377 3132 grave
1413 3061 1779 3117 formidahuut
1807 3082 1820 3117 :
1850 3066 1942 3118 sed
1968 3079 2142 3134 neque

560 3154 782 3206 credent
821 3155 863 3208 si
895 3153 1020 3224 quis
1055 3154 1159 3208 illis
1191 3155 1258 3208 de
1289 3155 1609 3222 quihusdam
1645 3157 1888 3210 adversis
1921 3168 2143 3210 eventu-

562 3246 636 3299 ris
682 3245 847 3308 dicet,
900 3248 1041 3300 sicut
1095 3255 1147 3298 et
1203 3244 1254 3297 hi
1287 3245 1378 3312 qui
1433 3246 1769 3315 temporibus
1817 3245 1930 3299 Noe
1960 3255 2015 3300 et
2045 3245 2146 3300 Lot

562 3335 799 3387 fuerunt.

2251 2230 2574 2302 ἀνθρώπων.
2610 2233 2706 2282 καὶ
2748 2228 2844 2283 τοῦ
2889 2229 3000 2282 τῶν
3034 2229 3368 2299 Σοδομιτῶν,
3407 2231 3489 2282 ὅτι
3520 2227 3617 2281 τοῦ
3665 2231 3842 2281 ’Δντι-

2250 2325 2471 2394 χρίστου
2514 2321 2784 2384 ἐλθόντος,
2821 2321 2888 2373 τά
2919 2320 3029 2373 τῶν
3058 2321 3278 2375 ἀτόπων
3317 2320 3522 2391 ἡδονῶν
3553 2321 3842 2390 ἐπιθήσον-

2249 2434 2337 2470 ται
2360 2418 2470 2479 τοῖς
2498 2414 2828 2484 ἀνθρώποις,
2856 2414 2950 2467 καὶ
2973 2415 3162 2482 λάγνοι
3188 2415 3424 2479 ἔσονται,
3459 2414 3556 2468 καὶ
3581 2413 3842 2483 ἀθέσμοις

2245 2509 2462 2580 ἡδοναῖς
2489 2508 2870 2572 ἐκδεδωκότες,
2891 2509 3026 2578 ὅπερ
3057 2507 3120 2577 δὴ
3151 2509 3246 2560 καὶ
3269 2510 3297 2561 6
3322 2508 3651 2570 ’Δπόστολος
3664 2503 3840 2569 εἶπεν,

2247 2605 2328 2658 ὅτι
2370 2604 2426 2655 ἐν
2477 2603 2599 2664 ταῖς
2646 2601 2902 2671 ἐσχάταις
2942 2599 3182 2669 ἡμέραις
3216 2599 3430 2653 ἔσονται
3464 2601 3514 2652 ol
3564 2599 3842 2670 ἄνθρωποι

2246 2695 2520 2764 φιλήδονοι
2573 2693 2798 2764 μᾶλλον,
2852 2692 2884 2762 ἢ
2922 2691 3192 2762 φιλόθεον
3231 2693 3326 2744 καὶ
3368 2692 3596 2754 είκότως
3619 2692 3716 2743 ἐπὶ
3747 2691 3842 2760 τῆς

2248 2787 2526 2857 βασιλείας
2566 2784 2656 2838 τοῦ
2685 2783 2888 2838 πλάνου
2925 2782 3148 2853 ἀνθήσει
3179 2783 3248 2835 τά
3283 2783 3450 2836 κακά’
3485 2783 3586 2853 τῆς
3616 2783 3728 2853 γὰρ
3751 2799 3842 2836 πο·

2247 2880 2442 2951 νηρίας
2476 2877 2572 2931 καὶ
2621 2877 2800 2945 πάσης
2826 2875 3102 2946 ἁμαρτίας
3135 2875 3481 2943 καταγώγιον
3507 2874 3584 2928 ὢν
3610 2877 3840 2940 ἐκεῖνος,

2247 2973 2299 3025 τί
2334 2973 2462 3024 ἀλλο
2491 2969 2950 3042 ἐμπολιτεύεσθαι
2973 2972 3218 3037 ποιήσειε
3247 2971 3312 3038 τῇ
3347 2969 3554 3039 ἐλεεινῇ
3587 2969 3701 3020 τῶν
3723 2968 3840 3020 τότε

2251 3060 2555 3132 ἀνθρώπων
2606 3062 2789 3131 γενεᾷ,
2849 3061 2880 3130 ἦ
2928 3061 3147 3123 πάντως
3190 3060 3258 3112 τά
3323 3061 3499 3113 οίκεῐα
3545 3059 3731 3130 αὺτῷς
3784 3058 3842 3124 ἐξ

2252 3155 2565 3225 ἀκαθάρτου
2636 3157 2744 3224 γὰρ
2796 3153 2848 3207 τί
2888 3154 3388 3225 καθαρισθὴσεται;
3445 3155 3706 3208 Ἔσονται
3750 3151 3841 3205 οὖν

2252 3246 2555 3315 τηνικαῦτα
2593 3247 2642 3298 οί
2675 3245 2954 3316 ἂνθρωποι
2992 3247 3048 3298 ἐν
3081 3245 3230 3317 πάσῃ
3271 3247 3476 3316 τρυφῇ,
3529 3243 3722 3313 ὥσπερ
3751 3245 3840 3297 ἐπὶ

2255 3336 2349 3388 τοῦ
2385 3337 2530 3400 Νῶε,
2573 3337 2666 3389 καί⁵
2694 3337 2845 3390 οὐδὲν
2891 3337 3154 3408 δυσχερὲς
3190 3339 3526 3400 ἐλπίσουσιν,
3562 3338 3702 3391 ἀλλά
3751 3340 3841 3392 καὶ

559 3431 970 3498 ἀπιστήσουσιν,
998 3428 1091 3481 ἐάν
1117 3444 1200 3489 τις
1222 3428 1406 3490 αὐτοῖς
1434 3427 1560 3498 περί
1600 3444 1761 3481 τινων
1786 3427 2223 3500 συμϐησομένων
2254 3428 2535 3499 δυσχερῶν
2594 3429 2749 3500 λέγῃ,
2781 3430 2970 3502 ὥσπερ
3005 3433 3100 3482 καὶ
3134 3433 3181 3483 οἱ
3212 3430 3308 3483 ἐπὶ
3350 3430 3446 3483 τοῦ
3516 3429 3642 3482 Νῶε
3670 3473 3684 3497 ,
3749 3431 3840 3485 καὶ

560 3521 609 3571 οἱ
637 3522 724 3572 ἐπὶ
757 3520 851 3571 τοῦ
876 3519 1020 3572 Λώτ.

635 3612 800 3665 Vens.
839 3611 1032 3664 31-35.
1073 3621 1090 3661 ι
1132 3611 1186 3665 In
1217 3611 1308 3665 illo
1341 3612 1426 3666 die
1460 3611 1548 3680 qui
1585 3610 1748 3666 fuerit
1783 3613 1833 3665 in
1865 3621 2041 3677 tecto,
2093 3621 2146 3667 et

2327 3630 2347 3664 ι
2395 3611 2482 3665 Ἐν
2511 3610 2696 3681 ἐκείνῃ
2720 3613 2784 3681 τῇ
2819 3611 3003 3682 ἡμέρᾳ
3033 3610 3089 3675 ὃς
3127 3612 3282 3666 ἔσται
3316 3613 3408 3666 ἐπὶ
3439 3611 3532 3668 τοῦ
3569 3613 3838 3685 δώματος,

560 3720 686 3757 vasa
724 3703 842 3771 ejus
905 3704 957 3756 in
1031 3706 1212 3767 domo,
1269 3721 1334 3756 ne
1382 3705 1672 3758 descendat
1725 3705 1790 3758 ad
1855 3705 2149 3758 tollendum

564 3801 653 3854 illa
686 3818 698 3851 :
730 3810 783 3852 et
814 3801 904 3868 qui
938 3801 991 3852 in
1027 3815 1178 3868 agro,
1208 3800 1456 3854 similiter
1485 3816 1594 3854 non
1629 3801 1811 3854 redeat
1839 3802 1903 3854 ad
1937 3801 2148 3855 relicta.

563 3891 830 3945 Memores
887 3901 1059 3945 estote
1108 3893 1295 3944 uxoris
1351 3889 1475 3945 Lot.
1513 3890 1836 3962 Quicunque
1877 3893 2153 3961 qnmsierit

564 3983 799 4034 animam
838 3997 992 4034 suam
1027 3996 1266 4044 servare,
1307 3982 1492 4050 perdet
1523 3982 1664 4034 illam
1710 4001 1721 4034 :
1758 3991 1812 4036 et
1841 3982 2150 4051 quicunque

565 4074 866 4143 perdiderit
923 4073 1090 4135 illam,
1150 4074 1312 4126 vitam
1373 4074 1446 4125 illi
1484 4073 1717 4141 parabit.
1762 4089 1780 4123 ι
1814 4071 1869 4124 In
1917 4072 2007 4126 illa
2065 4073 2151 4126 die

563 4167 824 4218 adventus
869 4164 1212 4225 Antichristi,
1274 4165 1320 4216 is
1364 4164 1452 4230 qui
1507 4163 1668 4216 fuerit
1722 4177 1885 4230 super
1919 4170 2146 4226 tectum,

566 4255 665 4307 hoc
720 4267 801 4309 est
848 4257 900 4309 in
935 4258 1161 4309 summis
1189 4255 1496 4319 virtutibus,
1535 4270 1601 4307 ne
1633 4255 1944 4318 descendat,
1971 4268 2149 4322 neque

564 4347 632 4400 ab
665 4348 770 4402 illis
823 4349 1056 4402 desistat
1107 4348 1405 4416 cujuspiam
1465 4349 1780 4413 temporalis
1836 4350 1911 4401 rei
1949 4350 2141 4416 gratia.

567 4440 756 4495 Omnia
791 4441 934 4493 enim
972 4439 1284 4509 temporalia
1329 4441 1444 4493 hmc
1489 4455 1616 4494 vasa
1656 4441 1911 4495 dicuntur
1946 4420 2149 4494 homini

564 4533 922 4594 conferentia,
976 4531 1062 4584 alii
1112 4532 1325 4600 quidem
1369 4532 1434 4584 ad
1468 4532 1744 4595 virtutem,
1793 4532 1880 4585 alii
1922 4548 2049 4585 vero
2081 4533 2148 4586 ad

567 4625 850 4676 malitiam.
917 4624 1079 4690 Igitur
1113 4625 1204 4692 qui
1250 4624 1300 4676 in
1334 4624 1562 4677 smnmis
1599 4633 1682 4677 est
1733 4624 2046 4689 virtutibus,
2080 4639 2148 4680 ne

563 4711 727 4782 530
771 4713 1064 4765 descendat
1110 4721 1326 4780 propter
1359 4712 1657 4780 temporale
1701 4713 1938 4781 aliquod,
1967 4726 2020 4766 et
2052 4729 2148 4768 ex-

565 4802 708 4847 cidat
738 4811 764 4847 a
813 4810 910 4848 suo
961 4794 1176 4862 fastigio
1207 4836 1222 4859 ,
1259 4794 1352 4848 sed
1402 4797 1620 4849 resistat
1671 4797 1908 4859 malitiaz,
1945 4807 2000 4851 et
2040 4813 2143 4851 non

568 4886 952 4940 deumlceatur.
986 4886 1049 4939 Et
1084 4889 1126 4940 is
1153 4887 1243 4956 qui
1282 4889 1332 4941 in
1360 4903 1513 4956 agro,
1543 4887 1793 4942 similiter
1821 4907 1923 4943 non
1964 4907 2142 4946 rever.

569 4985 711 5028 tatur
737 4975 800 5029 ad
829 4992 889 5028 ea
919 4991 1036 5044 qua:
1063 4987 1184 5046 post
1219 4994 1294 5032 se;
1333 4978 1462 5031 Nam
1495 4994 1640 5044 eum,
1671 4979 1762 5049 qui
1796 4981 1848 5034 in
1882 4998 2010 5050 agro
2038 4994 2140 5047 est,
2178 4957 2220 5011 ο

568 5068 666 5121 hoc
699 5076 781 5121 est
825 5072 1045 5132 nmndo,
1082 5081 1134 5124 et
1164 5082 1420 5138 operatur
1480 5074 1760 5136 virtutem,
1796 5089 1897 5128 non
1931 5085 2147 5143 oportet

567 5159 760 5212 reverti
806 5157 872 5213 ad
900 5175 960 5212 ea
988 5176 1105 5228 quae
1139 5174 1254 5228 post
1291 5178 1368 5228 se,
1398 5165 1490 5217 sed
1544 5164 1720 5233 urgeri
1754 5166 1819 5217 ad
1854 5167 2142 5221 anteriora.

567 5243 696 5297 Nam
753 5247 892 5300 sicut
949 5249 1057 5303 alio
1112 5250 1228 5304 loco
1280 5253 1454 5304 dicit:
1491 5271 1508 5303 t
1547 5251 1734 5307 Nullus
1781 5255 1872 5323 qui
1929 5271 2145 5310 martum

569 5351 715 5388 suam
742 5338 806 5389 ad
842 5350 1078 5394 aratrum
1108 5343 1292 5405 mittit,
1320 5354 1371 5397 et
1398 5359 1692 5400 conversus
1715 5358 1798 5401 est
1822 5361 2140 5414 retrorsum,

569 5427 786 5482 idoneus
817 5439 898 5484 est
943 5434 1006 5485 ad
1065 5449 1288 5504 regnum
1315 5435 1574 5491 cmlorum
1609 5438 1698 5504 ";
1742 5458 1758 5490 ι
1803 5440 1957 5495 all'ert
2018 5441 2144 5495 item

564 5526 864 5595 exemplum
901 5531 1136 5585 mulieris
1168 5532 1286 5593 Lot.
1313 5550 1454 5602 quce,
1485 5552 1605 5590 cmn
1637 5553 1896 5593 conversa
1937 5546 2019 5596 est
2058 5555 2145 5595 re-

569 5619 748 5682 tro,in
783 5629 1014 5675 statuam
1064 5625 1193 5681 salis
1236 5628 1420 5698 riguit,
1477 5630 1577 5685 hoc
1633 5641 1735 5698 est,
1786 5649 1889 5690 non
1929 5636 2062 5692 exiit
2115 5653 2142 5690 a

641 5795 685 5827 “
723 5796 760 5850 Il
786 5797 925 5857 Tim.
952 5815 1032 5865 tu,
1059 5803 1110 5857 ι.
1188 5805 1231 5836 ⁸⁷
1310 5807 1436 5864 Luc.
1473 5827 1546 5874 is,
1576 5812 1662 5866 (5-2.

2251 3704 2346 3758 καὶ
2376 3703 2441 3756 τά
2468 3702 2642 3773 σκεύη
2672 3703 2836 3755 αὑτοῦ
2877 3704 2935 3755 ἐν
2965 3706 3029 3774 τῇ
3061 3704 3230 3775 οίκία,
3271 3705 3345 3776 μὴ
3386 3707 3685 3761 καταϐάτω
3716 3704 3839 3778 ἆραι

2253 3796 2414 3849 αὑτά.
2451 3796 2558 3849 Καὶ
2591 3796 2619 3847 6
2659 3797 2714 3846 ἐν
2739 3794 2816 3865 τῷ
2846 3796 3000 3866 ἀγρῷ
3058 3798 3282 3866 ὁμοίως,
3341 3799 3418 3868 μὴ
3459 3801 3840 3870 ἐπιστρεψάτω

2254 3893 2334 3953 είς
2365 3891 2432 3942 τὰ
2465 3890 2666 3944 ὀπίσω.
2711 3889 3098 3959 Μνημονεύετε
3137 3894 3236 3960 τῆς
3265 3894 3526 3961 γυναικὸς
3569 3894 3714 3949 Λώτ.
3750 3898 3841 3960 ’ος

2254 3981 2350 4034 ἐὰν
2377 3982 2588 4052 ζητήσῃ
2616 3981 2711 4050 τὴν
2735 3981 2912 4051 ψυχὴν
2943 3981 3109 4035 αὑτοῦ
3141 3984 3334 4050 σῶσαι,
3362 3985 3621 4040 ἀπολέσει
3653 3990 3838 4059 αὐτὴν,

2254 4075 2348 4127 καὶ
2379 4073 2438 4136 ὃς
2464 4071 2529 4126 ἀν
2560 4073 2800 4144 ἀπολέσῃ
2832 4074 3024 4142 αὐτὴν,
3075 4075 3403 4145 ζωογονήσει
3447 4079 3644 4150 αὐτήν.
3697 4099 3714 4132 ›
3758 4080 3842 4134 Ἐν

2253 4165 2438 4238 ἐκείνῃ
2478 4167 2544 4235 τῇ
2577 4165 2759 4236 ἡμέρα
2803 4167 2901 4235 τῆς
2930 4167 3024 4219 τοῦ
3073 4167 3444 4238 ’Λντιχρίστου
3483 4172 3786 4241 παρουσίας
3815 4174 3840 4224 ὀ

2253 4259 2328 4312 ὢν
2357 4260 2450 4312 ἐπὶ
2476 4260 2570 4312 τοῦ
2597 4259 2870 4330 δώματος,
2896 4260 3142 4314 τουτέστι
3188 4264 3280 4315 τοῦ
3311 4262 3478 4332 ὕψους
3500 4265 3598 4335 τῆς
3623 4267 3839 4334 ἀρετῆς,

2259 4351 2334 4421 μὴ
2380 4350 2695 4415 καταϐάτω,
2747 4351 2880 4422 μηδέ
2908 4353 3165 4424 ὐςρεθὴτω
3212 4355 3322 4407 ἀπὸ
3363 4355 3571 4425 ταύτης
3610 4358 3698 4410 διά
3727 4374 3840 4410 τινα

2256 4443 2532 4510 πρόφασιν
2575 4442 2857 4512 βιωτικὴν.
2905 4445 3090 4499 Πάντα
3117 4445 3227 4517 γάρ
3260 4447 3328 4499 τὰ
3373 4446 3630 4516 βιωτικά,
3676 4449 3837 4519 σκεύη

2256 4537 2507 4605 λέγονται
2558 4533 2698 4591 εἴναι
2726 4539 2804 4608 τῷ
2853 4540 3148 4612 ἀνθρώπῳ,
3183 4542 3330 4614 ἀλλῳ
3363 4543 3464 4612 μὲν
3505 4544 3587 4608 είς
3620 4547 3837 4617 ἀρετὴν,

2255 4631 2399 4701 ἄλλῳ
2428 4631 2484 4682 δὲ
2541 4633 2617 4694 είς
2654 4632 2854 4685 κακίαν
2881 4634 3321 4704 συμϐαλλόμενα,
3363 4637 3453 4704 Μὴ
3479 4637 3663 4690 τοίνυν
3697 4641 3725 4692 6
3753 4639 3837 4690 ἐπὶ

2253 4721 2346 4774 τοῦ
2385 4721 2551 4791 ὕψους
2580 4722 2680 4793 τῆς
2722 4723 2925 4795 ἀρετῆς
2964 4726 3275 4795 ἱστάμενος,
3326 4727 3627 4781 καταϐάτω
3659 4729 3746 4782 διά
3792 4745 3839 4780 τι

2255 4812 2534 4883 βιωτικὸν,
2594 4817 2689 4868 καὶ
2737 4817 3062 4872 ἀποπεσέτω
3124 4817 3219 4872 τοῦ
3261 4820 3466 4872 οἰκείου
3498 4820 3690 4890 ὕψους,
3731 4821 3837 4876 ἀλλ’

2253 4905 2498 4974 ἐνστήτω
2544 4905 2682 4972 πρὸς
2731 4906 2830 4976 τὴν
2886 4909 3110 4970 κακίαν,
3152 4909 3245 4962 καὶ
3287 4911 3362 4980 μὴ
3427 4912 3835 4984 μαλακισθὴτω.

2253 4995 2364 5048 Καὶ
2399 4994 2428 5044 ό
2477 4998 2533 5047 ἐν
2574 4996 2652 5066 τῷ
2698 4997 2853 5068 ἀγρῷ
2897 5001 3099 5070 ὁμοίως
3155 5002 3230 5072 μὴ
3257 5005 3646 5074 ἐπιστρεψάτω
3675 5009 3752 5070 είς
3777 5006 3837 5060 τά

2253 5086 2452 5138 ὀπίσω⁶
2479 5088 2569 5140 τὸν
2605 5089 2712 5158 γάρ
2730 5090 2787 5142 ὲν
2813 5090 2889 5160 τῷ
2925 5091 3102 5162 ἀγρῷ,
3133 5093 3210 5162 τῷ
3244 5096 3433 5165 κόσμῳ
3465 5097 3665 5167 τούτῳ,
3687 5100 3836 5166 ἐργαο

2266 5179 2487 5246 ἐσμενον
2518 5179 2613 5248 τὴν
2643 5181 2842 5252 ἀρετὴν
2872 5184 2932 5234 οὐ
2961 5184 3042 5236 δεῖ
3065 5186 3418 5256 ἐπιστρέφειν
3443 5189 3526 5249 είς
3559 5190 3628 5242 τά
3649 5190 3834 5250 ὀπίσω,

2261 5271 2394 5323 ἀολά
2424 5274 2535 5336 τοῖς
2566 5272 2879 5343 ἔμπροσθεν
2915 5276 3351 5333 ἐπεκτείνεσθαι.
3388 5281 3605 5352 Ὠσπερ
3635 5284 3728 5336 καὶ
3755 5281 3836 5335 ἁλ-

2255 5363 2427 5434 λα,οὓ
2485 5383 2685 5434 φησιν·
2725 5385 2744 5418 ι
2787 5369 2974 5433 Οὐδεὶς
3013 5371 3287 5425 ἐπιϐαλὼν
3325 5375 3425 5444 τὴν
3473 5378 3632 5446 χεῖρα
3683 5373 3834 5429 αὑτοῦ

2254 5454 2337 5507 ἐπ’
2394 5455 2650 5527 ἄροτρον,
2698 5462 2791 5512 καὶ
2847 5465 3110 5532 στραφεὶς
3156 5468 3236 5528 είς
3283 5467 3352 5518 τά
3391 5467 3588 5532 ὀπίσω,
3629 5467 3836 5529 εῦθετὸς

2256 5550 2402 5602 ἐστιν
2435 5552 2514 5613 είς
2553 5551 2652 5622 τὴν
2708 5552 2988 5621 βασιλείαν
3033 5556 3141 5610 τῶν
3182 5559 3448 5629 οὐρανῶν.
3496 5579 3514 5612 ι
3567 5562 3835 5631 Ἐπιφέρει

2253 5639 2309 5692 δὲ
2348 5641 2654 5715 ὑπόδειγμα
2694 5646 2792 5716 τὴν
2835 5651 3068 5715 γυναῖκα
3125 5649 3218 5703 τοῦ
3266 5650 3413 5718 Λὼτ,
3467 5655 3501 5725 ἡ
3546 5655 3834 5725 στοαφεῐσα
