4048 6516
238 426 348 493 991

957 413 1407 480 ENARRATIO
1437 413 1522 475 IN
1562 410 2076 476 EVANGELIUM
2100 409 2347 472 LUCIE.
2378 435 2449 446 —
2475 408 2639 473 CAP.
2670 408 2870 473 XVII.

3459 413 3569 479 998

232 539 438 600 ὀπίσω,
469 533 551 597 είς
604 531 811 603 στήλην
855 527 984 592 ἀλδς
1033 527 1242 597 ιπάγη,
1290 525 1562 592 τουτέστι,
1604 522 1680 594 μὴ
1714 522 1843 589 ἐξελε

1963 517 2194 591 malitia,
2255 522 2351 579 sed
2410 522 2611 578 mansit
2673 515 2726 578 iu
2774 521 3059 593 salsugine
3084 535 3202 588 sua,
3259 531 3370 579 tota
3426 525 3569 584 facta

235 631 414 686 θοῦσα
453 629 552 697 τῆς
587 625 816 688 κακίας,
851 620 1180 693 ιναπέμεινε
1223 621 1288 689 τῇ
1339 619 1546 687 ταύτης
1577 616 1844 688 ἀλμυρία,

1954 613 2120 679 mala,
2153 629 2220 670 ac
2253 613 2471 670 celebre
2507 614 2714 670 faciens
2754 623 2808 669 et
2843 615 2999 684 quasi
3064 615 3336 673 columna:
3369 617 3568 676 inscri-

231 725 333 794 ὃλη
367 722 515 792 κακὴ
546 717 840 789 γενομένη,
874 716 970 770 καὶ
1003 712 1400 783 στηλιτεύουσα
1430 709 1529 778 τήν
1555 710 1752 780 ἧτταν,
1779 707 1843 778 ἢν

1953 709 2089 762 bens
2142 707 2345 761 malum
2379 708 2523 776 quod
2562 721 2719 776 passa
2753 716 2836 761 est
2874 726 2887 762 :
2920 708 3198 763 obstinata
3229 711 3376 765 enim
3409 727 3568 768 man-

233 817 434 880 ἔπαθε,
472 814 713 881 παγετσα
763 810 858 862 καὶ
900 805 1313 876 ὲναπομείνασα
1357 805 1422 874 τῇ
1472 803 1664 872 κακίᾳ.
1709 797 1847 854 Εἶτα

233 911 494 979 ἐπιφέρει
509 905 578 958 τὰ
605 901 880 957 ἀκόλουθα
897 901 1008 962 τοῖς
1039 899 1151 954 ἀνω
1175 897 1511 966 εἰρημένοις,
1553 895 1652 956 ’⁸ος
1685 891 1847 964 ζητή-

236 1021 326 1056 σει
353 1002 453 1070 τὴν
477 997 659 1068 ψυχὴν
685 993 851 1049 αὑτοῦ
880 994 1076 1055 σῶσαι,
1103 989 1362 1043 ἀπολέσει
1385 988 1579 1058 αὑτήν.
1599 987 1692 1057 Μὴ
1713 988 1844 1058 γάρ,

235 1093 398 1165 φησὶ,
437 1087 802 1145 σπουδασάτω
852 1103 937 1148 τις
969 1086 1030 1138 ὲν
1059 1084 1137 1153 τῷ
1165 1081 1262 1136 τοῦ
1304 1081 1683 1151 ’Λντιχρίστου
1715 1081 1845 1134 διω-

233 1186 366 1258 γμῷ
410 1179 877 1254 περιποιήσασθαι
926 1178 1029 1247 τὴν
1079 1173 1275 1230 ἑαυτοῦ
1324 1173 1506 1244 ψυχήν
1534 1191 1546 1204 ·
1585 1172 1843 1226 ἀπολέσει

232 1279 346 1350 γὰρ
382 1277 574 1346 αὑτήν.
614 1277 712 1336 Ὃς
751 1272 797 1325 δ’
855 1271 923 1324 ἂν
977 1270 1172 1322 ἑαυτὸν
1225 1268 1462 1336 σφαγαῖς
1517 1265 1613 1319 καὶ
1653 1265 1844 1328 ἁπλῶς

232 1369 511 1431 κινδύνοις
558 1366 721 1436 ἐκδῷ,
776 1363 1112 1433 σωθήσεται,
1157 1361 1232 1431 μὴ
1269 1358 1605 1413 ύποκύπτων
1645 1357 1724 1425 τῷ
1753 1373 1843 1409 τυ-

234 1462 422 1534 ράννῳ
467 1459 554 1513 διά
582 1458 643 1510 τὸ
673 1455 958 1525 φιλόζωον.
993 1453 1206 1524 Ὠσπερ
1239 1446 1335 1504 οὖν
1365 1450 1626 1517 ἀνωτέρω
1663 1443 1840 1511 εἶπεν,

232 1556 321 1609 ὅτι
356 1556 384 1607 6
415 1554 506 1606 ἐπὶ
549 1550 642 1604 τοῦ
691 1549 859 1618 ὕψους
889 1547 992 1615 τῆς
1019 1545 1245 1614 ἀρετῆς,
1277 1544 1353 1614 μὴ
1393 1543 1482 1595 διὰ
1512 1542 1580 1594 τά
1609 1540 1841 1611 βιωτικά

237 1645 548 1717 πράγματα
577 1640 874 1710 καταόήτω
911 1634 1351 1709 μαλακιζόμενος
1381 1633 1542 1704 τυχὸν
1581 1632 1671 1685 διά
1705 1633 1841 1703 κτή-

238 1757 389 1811 ματα
432 1739 524 1791 καὶ
569 1737 851 1806 χρήματα,
897 1733 992 1786 καὶ
1043 1731 1130 1784 διά
1163 1727 1340 1783 ταῦτα
1397 1729 1692 1797 ὑφιέμενος
1739 1727 1839 1796 τῆς

235 1831 568 1892 ἑνστάσεως,
617 1825 760 1878 οὕτω
792 1825 889 1878 καὶ
924 1822 1021 1874 νῦν
1057 1821 1160 1892 ὁδῷ
1197 1819 1405 1892 προϊών
1438 1836 1596 1890 φησι,
1636 1819 1732 1871 καὶ
1786 1817 1840 1869 τί

1952 801 2025 855 sit
2052 802 2103 855 in
2134 800 2348 855 malitia
2376 815 2495 855 sua.
2534 800 2739 855 Deinde
2778 800 2940 855 aliert
2976 817 3037 856 ea
3076 817 3198 871 quae
3244 804 3311 856 ad
3368 821 3565 876 supra-

1950 893 2092 948 dicta
2119 907 2464 965 sequuntur:
2492 893 2818 964 Quicunque
2839 897 3120 965 quaesierit
3147 899 3389 953 animam
3410 917 3564 956 suam

1949 981 2187 1046 salvare,
2227 983 2418 1050 perdet
2448 997 2591 1037 eam.
2629 983 2749 1040 Non
2781 995 2988 1052 quaerat
3017 985 3240 1055 aliquis,
3273 988 3470 1057 inquit,
3510 992 3562 1046 itt

1946 1075 2272 1130 Antichriin
2328 1078 2717 1145 persecutione
2783 1080 3021 1132 animam
3059 1063 3242 1135 suam
3307 1081 3565 1138 salvere:

1946 1170 2140 1239 perdet
2170 1169 2317 1224 enim
2370 1185 2515 1224 eam.
2559 1171 2630 1224 At
2682 1172 2772 1240 qui
2812 1188 2872 1227 se
2918 1173 3181 1228 occisioni
3219 1184 3274 1230 et
3308 1178 3568 1246 periculis

1948 1246 2288 1331 exposuerit,
2340 1263 2666 1318 salvabitur.
2706 1263 2784 1318 Nc
2838 1265 3004 1334 igitur
3053 1280 3112 1320 se
3169 1268 3420 1322 ltumiliet
3480 1279 3568 1342 ty-

1949 1369 2124 1408 ranno
2174 1366 2398 1424 propter
2448 1355 2574 1409 vitae
2627 1370 2896 1409 amorem.
2954 1356 3168 1428 Quippe
3221 1360 3362 1414 sicut
3398 1377 3564 1430 supra

1947 1445 2106 1512 dixit,
2142 1444 2244 1511 Qui
2277 1456 2360 1500 est
2390 1445 2444 1498 in
2497 1444 2718 1515 fastigio
2763 1447 3003 1511 virtutis,
3040 1458 3262 1519 propter
3312 1464 3400 1504 res
3429 1461 3566 1504 tem-

1949 1536 2165 1604 poralcs
2221 1552 2288 1591 ne
2345 1539 2692 1600 descendat,
2739 1539 2945 1592 divitiis
3010 1548 3062 1592 ct
3127 1541 3568 1608 possessionibus

1945 1629 2228 1694 delinitus,
2263 1637 2318 1684 et
2368 1640 2656 1698 propterea
2691 1633 2848 1684 cedat
2882 1631 3141 1700 periculis
3181 1651 3193 1686 :
3229 1636 3306 1688 sie
3333 1643 3390 1688 et
3419 1651 3564 1690 nunc

1946 1720 2177 1776 ulterius
2241 1722 2600 1791 progrediens
2660 1721 2826 1785 dicit,
2879 1721 3022 1783 dico,
3093 1737 3198 1776 non
3265 1725 3568 1778 descendas

1947 1825 2171 1883 prepter
2212 1829 2362 1878 vasa,
2423 1830 2600 1885 neque
2629 1825 2853 1884 propter
2892 1824 3117 1869 externa
3154 1815 3416 1870 virtutem
3474 1818 3568 1871 de-

233 1923 385 1992 λέγω
411 1923 493 1975 ὅτι
526 1919 601 1991 μὴ
629 1917 916 1988 καταϐήσῃ
948 1915 1037 1969 διὰ
1067 1914 1238 1985 σκεύη
1261 1932 1274 1978 ;
1315 1911 1451 1983 μηδὲ
1473 1911 1559 1966 διά
1584 1911 1651 1964 τὰ
1679 1911 1840 1974 ἐκτὸς

1949 1926 2104 1964 seras
2134 1952 2147 1977 ,
2183 1927 2360 1980 neque
2403 1922 2623 1981 propter
2660 1912 2855 1966 animm.
2884 1913 3094 1968 lucrum
3127 1930 3360 1980 annuas,
3393 1925 3451 1969 ut
3483 1917 3569 1969 itt-

237 2018 461 2089 προήσῃ
502 2016 603 2084 τὴν
646 2013 870 2082 ἀρετὴν,
914 2010 1049 2080 μηδὲ
1093 2008 1161 2061 δι’
1190 2006 1363 2078 αὐτὴν
1403 2005 1501 2077 τήν
1531 2005 1631 2074 τῆς
1662 2005 1842 2075 ψυχῆς

237 2105 595 2178 περιποίησιν
619 2103 748 2175 δέξῃ
771 2099 1136 2167 ὐποκλιθῆναι
1167 2097 1246 2167 τῷ
1270 2096 1456 2165 πλάνῳ
1479 2096 1574 2148 καὶ
1611 2094 1839 2165 διώκτῃ.

236 2197 430 2252 Ταῦτα
481 2196 537 2248 δὲ
568 2198 596 2248 6
626 2192 903 2256 ῐιῖατθαῖος
952 2191 1134 2244 πάντα
1184 2189 1273 2242 διὰ
1321 2188 1416 2258 τὴν
1449 2187 1560 2240 τῶν
1605 2189 1840 2257 Ἱεροσοο

235 2291 430 2361 λύμων
479 2288 683 2342 ἅλωσιν
726 2285 987 2356 λεχθῆναι
1033 2282 1110 2353 τῷ
1145 2283 1335 2353 Κυρίῳ
1368 2283 1556 2353 φησὶν,
1605 2283 1840 2334 αίνιττο-

240 2386 391 2455 μένῳ
409 2381 506 2451 τήν
529 2381 636 2433 τῶν
661 2378 875 2449 ἐχθρῶν
901 2379 1168 2441 ἐπίθεσιν,
1197 2377 1292 2428 καὶ
1315 2375 1398 2427 ὅτι
1425 2371 1847 2444 ἀμεταστρεπτὶ

237 2476 469 2546 φεύγειν
513 2473 596 2525 δεῖ
633 2473 761 2534 τοὺς
805 2471 1113 2542 Ῥωμαίους
1148 2468 1428 2531 ἐπιόντας,
1465 2467 1561 2519 καὶ
1612 2468 1751 2535 μήτε
1790 2468 1847 2517 ὲν

237 2570 316 2640 τῷ
346 2568 557 2636 δώματι
582 2565 765 2632 ὄντας,
796 2565 1148 2619 καταϐαίνειν
1199 2565 1278 2623 είς
1321 2561 1420 2631 τὴν
1449 2560 1630 2613 οίκίαν
1660 2559 1750 2612 διά
1795 2577 1848 2613 τι

239 2661 522 2732 χρειῶδες,
559 2659 675 2712 ἀλλ’
706 2659 871 2722 εὐθὺς
903 2657 1130 2727 φεύγειν
1157 2673 1171 2688 ·
1227 2657 1289 2709 οὐ
1340 2654 1449 2726 γάρ
1501 2656 1620 2707 ἐστι
1653 2652 1846 2724 καιρὸς

239 2752 466 2822 σχολῆς,
513 2749 657 2803 ὥστε
690 2749 1147 2813 συσκευάζεσθαι,
1186 2746 1326 2819 μήτε
1375 2749 1433 2799 ἐν
1470 2746 1626 2816 ἀγρῷ
1659 2744 1842 2809 ὄντας,

241 2845 574 2914 στρέφεσθαι
608 2844 688 2906 είς
717 2842 816 2912 τὴν
848 2842 1029 2895 οἰκίαν
1055 2856 1068 2871 ·
1103 2840 1317 2893 καὶτὸν
1371 2839 1430 2892 ὲν
1459 2841 1524 2910 τῇ
1558 2838 1708 2909 οἰκίᾳ
1734 2838 1844 2909 γάρ

237 2935 376 2989 δντα
431 2933 654 3004 φεύγειν
703 2934 805 2988 δεῖ.
847 2934 1017 2987 Οὐδὲν
1050 2933 1106 2985 δὲ
1156 2931 1475 3003 θαυμαστὸν
1521 2930 1619 2984 καὶ
1684 2934 1742 2984 ὲν
1776 2931 1842 3001 τῇ

239 3025 449 3080 ἁλώσει
478 3026 588 3079 τῶν
631 3023 1026 3098 Ἱεροσολύμων
1052 3023 1228 3076 ταῦτα
1260 3022 1565 3092 γεγονέναι,
1593 3022 1689 3075 καὶ
1715 3021 1846 3091 μέλ-

239 3119 360 3174 λειν
389 3115 545 3184 αὖθις
595 3118 929 3190 γενήσεσθαι
981 3118 1041 3171 ὲν
1080 3119 1148 3188 τῇ
1184 3116 1460 3189 παρουσίᾳ
1507 3113 1604 3168 τοῦ
1670 3115 1847 3169 Ἀντι-

1952 2003 2176 2057 cliueris
2208 2005 2494 2074 impostori
2519 2015 2574 2059 et
2613 2007 2979 2076 persecutori.
3023 2005 3149 2061 Haec
3172 2007 3392 2075 quidem
3424 2009 3568 2062 Mal.-

1952 2096 2126 2150 tbaaus
2174 2105 2398 2164 propter
2432 2096 2944 2168 Hierosolymorum
2996 2099 3374 2167 captivitatem
3420 2101 3564 2155 dicta

1948 2203 2074 2244 esse
2120 2205 2148 2242 a
2177 2189 2411 2245 Domino
2460 2199 2650 2244 narrat
2683 2191 2994 2247 insinuante
3037 2192 3276 2246 hostium
3330 2193 3460 2257 vim,
3511 2204 3566 2249 et

1949 2282 2094 2351 quod
2135 2279 2539 2352 Romanos‘qui
2597 2283 2840 2338 invasuri
2879 2295 3029 2349 sunt,
3069 2285 3257 2354 lugere
3287 2296 3562 2354 oporteat,

1949 2374 2026 2429 ita
2061 2388 2118 2429 ut
2148 2391 2218 2430 ne
2259 2377 2590 2444 respiciatur
2628 2393 2642 2430 :
2681 2392 2860 2447 neque
2889 2379 2978 2445 qui
3030 2378 3085 2432 in
3126 2387 3268 2432 tecto
3303 2378 3435 2445 sint,
3466 2379 3566 2435 de-

1948 2467 2211 2524 scendant
2259 2467 2312 2521 in
2348 2468 2571 2522 domum
2617 2468 2849 2537 alicujus
2881 2469 2957 2522 rei
2988 2468 3311 2536 temporalis
3357 2470 3559 2537 gratia,

1947 2559 2043 2615 sed
2079 2558 2264 2613 statim
2299 2559 2556 2629 fugiant;
2596 2574 2700 2614 nou
2748 2561 2856 2615 erit
2902 2560 3049 2626 enim
3083 2572 3296 2629 tempus
3339 2563 3458 2623 etii,
3491 2561 3564 2616 ita

1948 2659 2007 2704 ut
2038 2665 2164 2704 vasa
2214 2651 2476 2719 colligere
2498 2651 2707 2706 liccat:
2745 2667 2922 2722 neque
2953 2655 3043 2722 qui
3077 2653 3128 2706 in
3172 2668 3303 2722 agro
3333 2663 3440 2720 est,
3471 2670 3565 2709 re-

1947 2752 2193 2800 vertatur
2223 2745 2276 2799 in
2309 2745 2530 2800 domum
2559 2761 2738 2812 suam,
2767 2748 2864 2801 sed
2892 2760 3015 2800 eum
3045 2748 3136 2816 qui
3175 2746 3227 2800 in
3262 2747 3423 2801 domo
3472 2758 3555 2802 est

1949 2834 2139 2908 lugere
2184 2838 2486 2909 Oportet“.
2546 2839 2691 2894 Nihil
2728 2839 2876 2894 enim
2912 2841 3115 2894 mirum
3159 2841 3211 2893 in
3251 2839 3563 2913 Hierosoly-

1950 2945 2165 2985 morqu
2203 2933 2523 3001 captivitate
2571 2933 2675 2986 hoc
2722 2932 2928 2986 factum
2961 2945 3109 2998 esse,
3143 2933 3452 3002 iterumque
3485 2932 3554 2985 fu.

1954 3030 2135 3076 turum
2171 3024 2224 3076 in
2256 3024 2494 3079 adventu
2529 3024 2882 3089 Antichristi,
2912 3024 3022 3078 imo
3050 3027 3116 3078 ad
3150 3026 3323 3094 ipsum
3353 3035 3569 3094 tempus

1951 3117 2447 3171 consummationis
2482 3114 2666 3171 futura
2702 3128 2788 3172 est
2823 3117 3110 3172 tribulatio
3143 3118 3491 3188 gravissima.

240 3212 504 3285 χρίστου’
543 3214 745 3283 μᾶλλον
796 3211 855 3265 δὲ
887 3210 1024 3282 πρὸς
1062 3209 1214 3280 αὐτῷ
1247 3208 1327 3280 τῷ
1363 3209 1544 3282 καιρῷ
1588 3209 1693 3279 τῆς
1763 3205 2101 3274 συντελείας,
2172 3208 2408 3279 θλίψεως
2460 3209 2558 3264 καὶ
2583 3210 2706 3264 τότε
2742 3209 3051 3281 μελλούσης
3095 3211 3351 3279 γίνεσθαι
3413 3211 3554 3280 ἀφο-

243 3309 438 3378 ρήτου.

319 3418 342 3451 ι
384 3397 545 3466 Λέγω
589 3396 741 3467 ὑμῖν,
772 3395 858 3449 δτι
903 3397 963 3449 ὲν
987 3394 1167 3469 ταύτῃ
1197 3397 1264 3467 τῇ
1292 3396 1452 3451 νυκτὶ
1485 3393 1702 3450 ἔσονται
1751 3397 1843 3451 δύο

2025 3396 2195 3452 Vsus.
2243 3394 2437 3451 54-37.
2479 3413 2498 3448 t
2545 3395 2678 3450 Dico
2721 3394 2904 3462 vobis,
2964 3396 3016 3450 itt
3073 3395 3159 3450 illa
3196 3406 3352 3452 nocte
3402 3407 3568 3454 erunt

241 3494 337 3547 ιπὶ
363 3492 553 3561 κλίνης
589 3493 743 3558 μιᾶς,
763 3491 792 3543 6
815 3485 898 3553 εἷς
929 3488 1450 3561 παραληφθήσεται,
1473 3488 1571 3543 καὶ
1595 3492 1623 3542 6
1654 3489 1740 3544 Et:
1749 3507 1844 3561 ρος

240 3584 604 3656 ἀφεθήσεται.
645 3582 750 3636 Δύο
797 3582 1010 3636 ἔσονται
1045 3580 1346 3654 ἀλήθουσαι
1392 3582 1488 3635 ἐπὶ
1533 3582 1594 3636 τὸ
1626 3583 1839 3654 αύτὸ,ή

245 3676 350 3746 μία
383 3672 899 3743 παραληφθήσεται,
937 3672 1031 3724 καὶ
1063 3672 1098 3742 ή
1133 3671 1298 3742 ἑτέρα
1332 3671 1692 3742 ἀφεθήσεται.
1732 3673 1843 3726 Καὶ

242 3765 640 3836 ἀποκριθέντες
693 3764 942 3832 λέγουσιν
990 3763 1174 3835 αύτῷ·
1226 3763 1362 3827 Ποῦ,
1404 3764 1612 3835 Κύριε;
1671 3764 1729 3817 '0
1785 3763 1842 3816 δὲ

242 3856 401 3914 εἶπεν
437 3857 618 3919 αὐτοῖς
651 3872 666 3886 ⁸
703 3855 880 3914 Ὅπου
919 3855 982 3909 τὸ
1018 3855 1240 3923 πτῶμα,
1296 3857 1414 3908 ἐκεῖ
1465 3857 1559 3910 καὶ
1588 3858 1637 3908 οἱ
1689 3856 1842 3909 ἀετοὶ

243 3949 704 4019 συναχθήσονται.
740 3964 758 3997 ι
795 3945 908 3999 Καὶ
935 3945 1188 3999 ἐντεῦθεν
1221 3946 1282 3997 τὸ
1308 3945 1716 4016 ἀπροσδόκητον
1747 3948 1843 3999 καὶ

242 4042 510 4112 αἰφνίδιον
541 4041 641 4110 τῆς
675 4039 844 4094 αὐτοῦ
875 4039 1181 4110 παρουσίας
1227 4037 1598 4109 μανθάνομενο
1642 4040 1703 4092 τὸ
1733 4042 1842 4110 γάρ

243 4137 444 4200 εἰπεῖν,
479 4134 561 4187 ὅτι
587 4133 682 4186 δύο
710 4132 924 4186 ἔσονται
953 4133 1045 4184 ἐπὶ
1079 4131 1266 4203 κλίνης
1307 4135 1461 4202 μιᾶς,
1497 4133 1842 4202 ἀμεριμνίαν

244 4226 506 4297 ἑμφαίνει
525 4240 538 4254 ⁶
567 4225 664 4278 καὶ
690 4224 752 4276 τὸ
777 4221 1000 4294 ἀλήθειν
1031 4223 1088 4276 δὲ
1127 4227 1220 4276 καὶ
1246 4224 1401 4276 τοῦτο
1433 4225 1843 4294 ἀπροσδόκητον

246 4317 469 4370 ἔσεσθαι
514 4316 614 4386 τὴν
648 4314 954 4385 παρουσίαν
989 4314 1271 4385 ύποδηλοί.
1305 4316 1415 4369 Καὶ
1448 4315 1578 4369 ἀλλο
1612 4315 1668 4369 δὲ
1701 4332 1843 4386 μαν-

245 4413 504 4480 θάνομεν,
545 4410 627 4462 ὅτι
657 4409 713 4461 ὲν
746 4410 906 4461 νυκτὶ
953 4410 986 4478 ή
1019 4409 1294 4478 παρουσία
1328 4409 1504 4474 ἔσται,
1543 4409 1706 4480 φησὶν
1748 4408 1841 4462 οὖν

244 4505 332 4557 ὅτι
369 4503 464 4556 καὶ
493 4505 556 4555 ἐκ
587 4500 694 4554 τῶν
737 4499 1012 4554 πλουσίων
1057 4501 1165 4552 τῶν
1214 4502 1308 4553 ἐπὶ
1344 4501 1529 4572 κλίνης
1566 4503 1844 4555 ἀναπαυο-

250 4596 450 4667 μένων,
473 4596 522 4647 οἱ
559 4595 661 4664 μὲν
688 4592 1050 4662 σωθήσονται,
1077 4594 1127 4645 οι
1150 4592 1208 4645 δὲ
1229 4591 1315 4647 οὔ.
1357 4593 1509 4647 Ἐπεὶ
1536 4593 1646 4664 γὰρ
1662 4589 1840 4659 εἶπεν,

244 4690 330 4742 ὅτι
361 4689 635 4750 δυσκόλως
661 4689 708 4741 οἱ
739 4685 983 4740 πλούσιοι
1009 4684 1293 4750 σώζονται.
1319 4688 1572 4740 Δείκνυσι
1601 4686 1718 4748 νῦν,
1759 4687 1842 4740 ὃτι

1952 3492 2059 3545 duo
2094 3493 2145 3545 in
2180 3493 2326 3545 lecto
2369 3506 2501 3556 uno,
2551 3505 2692 3544 unus
2728 3498 3065 3555 assumetur,
3118 3501 3174 3544 et
3223 3491 3362 3545 alter
3402 3492 3568 3546 relin.

1950 3594 2172 3653 quetur.
2199 3583 2328 3636 Dua:
2368 3591 2532 3637 erunt
2564 3583 2832 3636 molentes
2861 3583 3048 3647 simul,
3081 3597 3189 3637 una
3214 3596 3563 3650 assumetur,

1951 3688 2006 3732 et
2038 3678 2209 3732 altera
2245 3675 2608 3745 relinquetur.
2662 3674 2728 3728 Et
2769 3675 3169 3744 respondentes
3204 3675 3391 3730 dicunt
3438 3676 3514 3730 illi
3547 3696 3561 3731 :

1955 3768 2079 3833 Ubi,
2135 3768 2363 3822 Domine
2404 3767 2564 3834 iQui
2616 3767 2755 3820 dixit
2796 3767 2954 3821 illis:
3017 3766 3341 3837 Ubicunque
3399 3769 3567 3824 fuerit

1951 3864 2207 3924 cadaver,
2258 3860 2384 3914 illuc
2416 3861 2900 3929 congregabuntur
2930 3867 2985 3911 et
3015 3861 3232 3926 aquilae.
3283 3877 3301 3910 ι
3337 3860 3413 3913 Ex
3457 3861 3565 3916 hoc

1950 3957 2116 4010 etiam
2149 3954 2267 4007 loco
2299 3950 2647 4022 repentinum
2673 3959 2728 4004 et
2752 3947 3094 4018 inepinatum
3118 3947 3236 4015 ejus
3263 3950 3563 4005 adventum

1951 4049 2237 4104 discimus.
2273 4045 2440 4106 Duos,
2473 4044 2618 4098 enim
2671 4057 2795 4098 esse
2827 4043 2881 4096 in
2921 4041 3065 4096 lecto
3100 4057 3232 4107 uno,
3287 4043 3565 4111 significa

1950 4138 2338 4196 sollicitudinis
2370 4137 2699 4199 carentiam,
2719 4144 2776 4187 et
2799 4133 3006 4189 molere
3033 4149 3276 4202 quoque,
3306 4135 3564 4203 inexspe-

1951 4241 2155 4287 ctatum
2209 4229 2485 4298 signiﬁcat
2547 4228 2868 4280 adventum.
2939 4224 3213 4280 Discimus
3276 4235 3330 4280 et
3406 4228 3559 4281 aliud

1951 4325 2232 4395 quiddam,
2266 4322 2412 4392 quod
2446 4321 2497 4374 in
2532 4331 2690 4374 nocte
2726 4321 2995 4373 adventus
3024 4319 3152 4373 erit.
3191 4317 3335 4372 Dicit
3370 4318 3558 4388 igitur,

1950 4419 2093 4488 quod
2122 4433 2187 4470 ex
2214 4415 2474 4471 divitibus
2497 4414 2589 4484 qui
2616 4413 2669 4466 in
2705 4413 2847 4467 lecto
2879 4412 3186 4481 quiescent,
3213 4412 3301 4465 alii
3336 4414 3557 4483 quidem

1950 4512 2330 4575 salvabuntur,
2363 4508 2452 4562 alii
2503 4517 2686 4562 autem
2723 4522 2854 4562 non.
2888 4505 3022 4559 Nam
3050 4505 3212 4578 531
3257 4509 3384 4574 quia
3421 4509 3559 4562 dixit

1951 4602 2096 4672 quod
2146 4600 2362 4655 dillicile
2389 4600 2584 4652 divites
2617 4598 2919 4660 salvantur,
2945 4599 3186 4650 ostendit
3225 4613 3367 4649 nunc
3411 4597 3557 4666 quod

1953 4710 2130 4763 neque
2161 4694 2214 4747 lti
2243 4699 2497 4759 pereunt,
2542 4705 2718 4760 neque
2741 4704 3009 4758 pauperes
3036 4703 3228 4742 omnes
3252 4687 3551 4742 salvantur.

249 4784 376 4837 οὔτε
411 4779 555 4838 οὗτοι
611 4784 967 4848 ἀπόλλυνται,
1006 4781 1132 4835 οὔτε
1172 4785 1222 4836 οί
1275 4784 1508 4853 πένητες
1551 4783 1840 4853 σώζονται,

1953 4785 2060 4843 Sed
2115 4795 2171 4841 et
2217 4801 2285 4839 ex
2336 4785 2597 4838 divitibus
2633 4799 2773 4836 unus
2805 4783 3106 4836 assumitur
3156 4781 3210 4835 in
3263 4797 3554 4836 occursum

248 4873 389 4929 ἀλλά
437 4877 532 4927 καὶ
578 4877 643 4928 ὲκ
687 4874 798 4929 τῶν
847 4875 1121 4929 πλουσίων
1150 4876 1178 4927 6
1212 4877 1312 4945 μὲν
1345 4877 1844 4948 παραλαμὸάνεται

248 4971 332 5030 είς
359 4967 672 5038 ἀπάντησιν
703 4965 798 5022 τοῦ
843 4968 1056 5038 Κυρίου
1093 4969 1501 5040 ἁρπαζόμενος,
1534 4971 1610 5034 ὡς
1644 4971 1848 5040 κοῦφος

245 5058 326 5130 τῷ
367 5059 640 5129 πνεύματι
694 5061 791 5114 καὶ
823 5061 1094 5133 οὐράνιος,
1149 5063 1176 5115 6
1203 5064 1260 5114 δὲ
1301 5064 1520 5131 ἀφίεται
1582 5063 1734 5117 κάτω
1772 5065 1849 5128 ὼς

248 5154 600 5222 κατάκριτος.
642 5154 755 5208 Καὶ
805 5154 870 5206 ὲκ
908 5153 1016 5206 τῶν
1055 5156 1308 5224 πενήτων
1350 5157 1576 5226 ὁμοίως,
1629 5156 1725 5220 οὓς
1759 5158 1849 5211 διὰ

248 5250 309 5299 τὸ
340 5244 563 5316 άλήθειν
597 5245 898 5315 ἐσήμανεν,
946 5247 976 5299 6
1015 5245 1114 5315 μὲν
1146 5246 1472 5316 σωθήσεται,
1507 5249 1535 5301 6
1561 5247 1618 5301 δὲ
1653 5247 1735 5302 οὗ.
1771 5249 1847 5302 Ού

247 5339 358 5408 γάρ
385 5337 591 5399 πάντες
625 5337 856 5408 πένητες
880 5337 1113 5391 δίκαιοι·
1155 5342 1221 5393 ἐκ
1253 5340 1461 5394 τούτων
1504 5341 1611 5413 γὰρ
1641 5343 1691 5394 οἱ
1721 5341 1847 5395 κλέ-

247 5447 404 5494 πται,
439 5429 537 5481 καὶ
589 5428 1028 5500 βαλαντιοτόμοι,
1084 5430 1172 5484 διά
1225 5432 1319 5485 τοῦ
1351 5432 1576 5504 ἀλήθειν
1617 5430 1711 5486 οὖν
1755 5435 1848 5487 τὸν

246 5523 510 5579 ἐπίπονον
557 5523 672 5594 βίον
723 5523 832 5576 τῶν
864 5525 1116 5596 πενήτων
1161 5525 1453 5592 ἐδήλωσεν.
1497 5527 1849 5598 Ἐρωτησάν-

244 5635 354 5671 των
387 5615 444 5668 δὲ
487 5615 599 5668 τῶν
633 5615 926 5686 μαθητῶνο
970 5617 1102 5680 Ποῦ,
1151 5617 1346 5687 Κύριε,
1387 5619 1848 5691 παραληφθήσον-

245 5727 336 5764 ut
368 5704 550 5777 οὗτος
604 5709 732 5780 ἔφη,
769 5709 947 5764 Ὅπου
978 5715 1038 5764 τὺ
1073 5711 1297 5782 πτῶμα,
1332 5714 1451 5767 ἐκεῖ
1481 5716 1574 5769 καὶ⁴
1600 5716 1647 5769 οἱ
1674 5716 1848 5783 ἀετοὶ,

313 5893 362 5926 ⁸⁸
408 5889 599 5947 Matth.
655 5906 810 5957 utv,
851 5889 1070 5960 17,18.

1950 4880 2161 4936 Domini
2203 4888 2410 4948 raptus,
2449 4877 2602 4946 quasi
2653 4876 2785 4930 levis
2847 4875 3043 4944 spiritu
3087 4885 3142 4928 et
3181 4875 3466 4941 caelestis,
3502 4885 3557 4930 et

1949 4977 2090 5032 alius
2137 4974 2468 5043 relinquitur
2504 4971 2642 5025 infra
2681 4980 2739 5023 ut
2767 4970 3185 5025 condemnatus.
3219 4964 3284 5019 Et
3314 4980 3383 5024 ex
3415 4977 3554 5039 pau-

1946 5069 2170 5140 peribus
2219 5066 2497 5128 similiter,
2545 5079 2682 5133 quos
2733 5078 2830 5132 per
2880 5060 3147 5116 molentes
3196 5059 3549 5130 significavit,

1950 5161 2207 5232 quoniam
2248 5175 2343 5228 per
2400 5158 2690 5228 pistrinum
2743 5153 3074 5209 laboriosam
3124 5168 3421 5220 pauperum
3477 5168 3552 5205 vt-

1948 5266 2056 5311 tam
2085 5255 2348 5319 insinuat,
2383 5268 2522 5305 unus
2559 5250 2780 5317 quidem
2815 5247 3134 5309 salvabitur,
3185 5244 3324 5298 alius
3370 5255 3554 5299 autem

1948 5364 2079 5404 non.
2124 5345 2242 5401 Non
2272 5359 2461 5401 omnes
2497 5357 2764 5413 pauperes
2791 5341 2947 5409 justi.
2981 5339 3111 5392 Nam
3141 5353 3207 5393 ex
3246 5339 3353 5392 illis
3405 5339 3552 5393 fures

1951 5449 2003 5496 et
2037 5439 2437 5507 marsupiorum
2494 5437 2779 5489 incisores.
2837 5432 2973 5488 Cum
3023 5441 3206 5487 autem
3270 5439 3555 5500 rogassent

1960 5529 2211 5598 discipuli
2247 5547 2258 5581 :
2293 5529 2434 5595 Quo,
2475 5526 2726 5588 Domine,
2786 5535 3137 5578 assumentur
3188 5523 3306 5576 illi?
3365 5525 3553 5581 dixit:

1950 5622 2053 5677 Ubi
2101 5623 2352 5689 cadaver,
2412 5621 2521 5675 illic
2563 5631 2619 5674 et
2650 5619 2847 5689 aquilae
2885 5635 2898 5670 :
2935 5618 3039 5672 hoc
3089 5626 3194 5683 est,
3245 5617 3334 5671 ubi
3382 5615 3553 5672 Filius

1952 5714 2215 5781 hominis,
2245 5713 2356 5771 illic
2385 5726 2439 5772 et
2471 5713 2644 5772 sancti
2671 5713 2789 5784 ejus
2829 5710 2974 5768 leves
3027 5720 3082 5768 et
3111 5711 3169 5768 in
3193 5710 3424 5767 sublime
3459 5724 3553 5764 vo-
