4048 6506
576 371 681 434 999

1465 353 2047 417 THEOPHYLACTI
2089 344 2501 413 BULGARIE
2534 337 2898 402 ARCHIEP.

3693 321 3824 385 1000

574 480 791 536 iantes:
841 476 980 531 sicut
1022 471 1331 544 peccatores
1365 483 1579 540 graves,
1633 467 1723 535 qui
1775 475 1829 518 et
1866 465 2004 518 infra
2063 479 2147 517 re-

2269 457 2552 519 ιούτέστιν,
2587 455 2723 506 ὅπου
2754 449 2784 500 ὀ
2831 444 2959 507 Tib;
3010 442 3104 496 τοῦ
3140 438 3458 512 ἀνθρώπου,
3492 437 3609 490 ἐκεῖ
3648 435 3843 488 πάντες

574 570 910 639 iinquentur.
969 562 1100 618 Nam
1157 563 1301 616 sicut
1353 561 1566 629 jacente
1628 556 1914 617 cadavere,
1971 569 2160 609 omnes

577 662 873 716 carnivora:
906 657 1143 711 volucres
1184 653 1435 708 advolant
1470 669 1482 705 :
1520 652 1590 704 ita
1629 659 1678 703 et
1715 649 1801 702 ubi
1837 647 2004 701 Filius
2055 647 2156 700 ho-

579 753 741 806 minis
773 758 987 819 propter
1014 762 1111 801 nos
1141 755 1413 809 mortuus,
1456 753 1509 797 et
1539 742 1589 794 in
1623 754 1806 794 casum
1839 740 2065 808 positus,
2095 738 2160 791 de

581 844 717 898 coelo
754 843 1086 911 apparuerit,
1142 852 1331 892 omnes
1365 834 1539 889 sancti
1573 835 2070 901 congregabuntur,
2105 840 2159 884 et

581 935 682 1001 ipsi
715 931 910 999 angeli.
955 931 1090 985 Cum
1126 927 1230 981 illis
1277 927 1456 978 veniet
1483 924 1535 977 in
1568 922 1736 991 gloria
1770 922 1969 986 Patris,
2019 929 2076 974 et
2104 919 2157 971 in

580 1027 863 1095 splendore
892 1021 1154 1076 intlicibili
1187 1037 1200 1072 :
1226 1018 1344 1072 licet
1377 1017 1520 1071 enim
1546 1028 1759 1082 tempus
1783 1013 1913 1065 illud
1945 1023 2149 1066 nocten.

581 1119 806 1177 vocarit,
859 1129 922 1167 eo
973 1113 1113 1182 quod
1176 1109 1520 1178 repentinum
1556 1118 1608 1160 et
1667 1106 2029 1174 inopinatum,
2076 1103 2158 1156 vel

579 1211 700 1277 quia
735 1207 970 1260 tenebris
1008 1202 1351 1256 involventur
1393 1208 1726 1267 peccatores,
1761 1197 1896 1248 dixit
1930 1213 1942 1248 ε
1987 1193 2159 1248 Justis

582 1303 667 1352 lux
697 1301 929 1360 orietur,
954 1297 1062 1349 imo
1084 1304 1138 1347 et
1172 1295 1268 1362 ipsi
1295 1292 1575 1360 fulgebunt
1604 1291 1742 1342 sicut
1771 1287 1870 1342 sol.

2259 553 2308 605 οί
2355 551 2503 616 ἆγιοι
2529 548 2576 598 oi
2602 543 2794 610 κοῦφοι
2844 539 2938 592 καὶ
2964 535 3267 606 ὐψιπετεῖς,
3295 533 3370 595 ῶς
3393 531 3509 600 οἶγε
3536 527 3847 600 ἁμαρτωλοὶ

2260 644 2467 714 βαρεῖς,
2503 639 2582 691 διὸ
2607 635 2701 688 καὶ
2736 634 2887 687 κάτω
2921 630 3195 698 ἀφίενται.
3229 626 3441 694 Ὠσπερ
3472 622 3565 674 καὶ
3595 621 3844 691 σώματος

2257 711 2453 802 νεκροῦ
2501 727 2789 796 κειμένου.
2826 728 3026 783 πάντες
3064 721 3112 772 oi
3150 716 3480 786 σαρκοϐόροι
3528 714 3710 783 δρνεις
3761 711 3844 763 ἐπ’

2257 799 2388 877 attito
2420 821 2702 890 φέρονται,
2731 814 2874 868 οὕτω
2902 813 2994 866 καὶ
3028 809 3124 862 τοῦ
3156 807 3287 861 Υίοῦ
3315 805 3407 858 τοῦ
3435 803 3726 873 ἀνθρώπου
3754 799 3846 853 τοῦ

2258 915 2324 968 δι’
2359 915 2506 982 ἡμᾶς
2540 908 2928 979 νεκρωθέντος,
2961 903 3055 956 καὶ
3085 901 3164 962 είς
3198 898 3406 951 πτῶσιν
3443 894 3715 957 τεθέντος,
3749 890 3844 944 ἀπ’

2259 1006 2508 1075 οὐρανῶν
2558 1003 2842 1073 φανέντος,
2898 999 3098 1058 πάντες
3129 997 3175 1047 ol
3208 993 3354 1060 ᾰγιοι
3391 988 3844 1058 συναχθήσονται,

2261 1102 2356 1152 καὶ
2405 1099 2561 1152 αὐτοὶ
2608 1097 2657 1148 oi
2704 1093 2926 1162 ἄγγελοι
2959 1107 2973 1121 ο
3015 1088 3130 1158 μετ’
3163 1085 3343 1140 αὐτῶν
3399 1083 3509 1150 γὰρ
3549 1080 3668 1151 1ῦίξξει
3697 1081 3753 1131 ἐν
3784 1079 3846 1145 τῇ

2263 1193 2392 1262 δόξῃ
2425 1191 2515 1244 τοῦ
2545 1188 2777 1257 Πατρδς,
2806 1189 2901 1237 καὶ
2944 1187 3002 1236 ἐν
3031 1181 3260 1252 ἀρρήτῳ
3305 1176 3486 1248 αἴγλῃ.
3524 1175 3586 1227 El
3620 1173 3727 1242 γὰρ
3758 1170 3849 1223 καὶ

2258 1285 2431 1338 νύκτα
2447 1283 2698 1350 ὠνόμασε
2714 1279 2805 1330 τὸν
2840 1275 3028 1344 καιρδν
3049 1275 3279 1334 ἐκεῖνον,
3300 1269 3436 1322 ἀλλὰ
3458 1267 3544 1319 διὰ.
3566 1265 3849 1333 τδλὰπροσ-

579 1396 826 1461 δόκητον.
872 1356 964 1444 καὶ
991 1391 1076 1443 διὰ
1104 1391 1162 1442 τὸ
1190 1356 1304 1450 τοῖς
1329 1356 1674 1456 ἁμαρτωλοῖς
1708 1383 1899 1453 μέλλον
1929 1379 2323 1451 προσγενέσθαι
2359 1379 2551 1440 σκότος
2573 1419 2586 1443 ,
2615 1375 2773 1428 τοῦτο
2813 1373 3000 1443 εἴρηκε
3020 1386 3033 1400 ·
3106 1369 3220 1430 τοῖς
3284 1365 3391 1436 γὰρ
3455 1361 3688 1421 δικαίοις
3740 1356 3850 1429 φῶς

581 1487 859 1556 ἁνατελεϊε,
895 1485 1095 1556 μᾶλλον
1138 1483 1194 1535 δὲ
1230 1483 1319 1533 καὶ
1375 1480 1531 1532 αὐτοὶ
1583 1475 1955 1546 ἐκλάμψουσιν
2001 1473 2073 1536 ὡς
2128 1473 2156 1524 ὁ
2193 1470 2366 1543 ἥλιος.

1139 1612 1366 1670 CAPUT
1407 1611 1594 1666 XVIII.

583 1734 733 1801 Quod
773 1732 986 1785 assidue
1020 1729 1299 1801 orandum.
1339 1726 1410 1779 De
1441 1726 1638 1801 injuste
1664 1725 1864 1794 judice.
1901 1723 1974 1777 De
2011 1721 2158 1775 Pha-

2859 1596 3111 1652 ΚΕΦΛΛ.
3152 1595 3264 1647 ιῐιν.

2269 1719 2405 1787 Περὶ
2435 1718 2540 1773 τοῦ
2569 1716 2654 1771 ἀεὶ
2687 1706 3327 1787 προσεψχεσθαιηηερι
3362 1702 3714 1787 ,τοῦρκριτοΐ
3730 1701 3848 1787 ,τῆς

654 1809 802 1856 rimo
829 1815 870 1856 et
896 1802 1200 1867 publicano.
1234 1774 1577 1867 Depuerullis
1602 1774 1822 1864 qu’orum
1853 1805 1926 1848 est
1949 1810 2162 1863 regnum

2337 1774 2762 1867 iteratae-1185*
2790 1783 2898 1867 ιοῦ
2921 1774 3382 1867 asperserint
3401 1774 3849 1867 τεέάίθῖςξῌίεξξ

653 1875 768 1928 Det.
808 1875 878 1925 De
897 1865 1272 1938 interpellante
1301 1865 1590 1922 Christum.
1626 1867 1700 1920 De
1736 1869 1956 1932 leprosa.

657 2119 818 2172 Vsus.
852 2117 963 2171 1-8.
1010 2134 1027 2166 ι
1064 2114 1289 2170 Dicebat
1321 2123 1498 2170 autem
1528 2122 1581 2168 et
1613 2113 1922 2184 parabolam
1953 2113 2018 2166 ad
2045 2112 2164 2168 illos

586 2211 690 2263 huc
720 2216 1078 2275 spectantem,
1115 2205 1254 2274 quod
1289 2215 1568 2274 oporteret
1600 2218 1812 2272 semper
1847 2215 2004 2256 orare
2064 2215 2165 2255 nec

585 2302 888 2367 tlefatigari,
946 2298 1172 2351 dicens:
1211 2295 1377 2351 Judex
1427 2298 1645 2365 quidam
1681 2305 1798 2349 erat
1842 2295 1892 2348 in
1927 2295 2160 2361 quadam

584 2394 823 2453 civitate,
866 2390 956 2456 qui
1013 2389 1177 2441 Deum
1209 2403 1314 2440 non
1347 2387 1595 2448 timebat,
1641 2399 1736 2438 nec
1769 2385 2040 2438 hominem
2081 2399 2165 2438 re-

583 2482 896 2537 verebatur.
926 2478 1095 2532 Vidua
1121 2489 1296 2533 autem
1324 2479 1568 2546 quaedam
1593 2486 1709 2530 erat
1737 2477 1787 2529 in
1811 2477 2027 2530 civitate
2055 2476 2165 2541 illa,

586 2584 641 2626 et
670 2572 917 2626 veniebat
948 2571 1012 2623 ad
1047 2586 1166 2624 eum
1211 2570 1396 2622 dicens
1427 2583 1440 2620 :
1469 2566 1694 2622 Vindicat
1737 2580 1821 2620 me
1865 2566 1932 2618 de
1975 2565 2168 2619 adver-

585 2665 727 2719 sario
762 2679 900 2717 meo.
953 2661 1015 2716 Et
1049 2661 1263 2714 nolebat
1311 2660 1642 2728 aliquandiu.
1678 2657 1806 2712 Post
1842 2659 1955 2712 haec
1983 2670 2165 2713 autem

585 2758 723 2813 dixit
767 2758 908 2810 intra
961 2769 1064 2809 se:
1101 2757 1422 2821 Quanquam
1473 2753 1638 2806 Deum
1677 2767 1781 2806 non
1832 2752 2018 2816 timeo,
2070 2767 2169 2806 nec

586 2847 856 2902 hominem
909 2857 1178 2908 revereor,
1239 2852 1419 2896 tamen
1472 2843 1596 2910 quia
1651 2844 1879 2897 molesta
1912 2851 1997 2897 est
2041 2844 2170 2897 mihi

587 2939 699 2993 bzcc
734 2939 913 2998 vidua,
950 2919 1236 2989 vindicabo
1270 2935 1443 2998 illam,
1478 2949 1545 2989 ne
1579 2935 1790 2988 tandem
1816 2935 2042 2989 veniens
2073 2950 2170 2988 su-

585 3030 736 3100 giliet
786 3045 892 3082 me.
926 3028 1013 3081 Ait
1043 3039 1223 3082 autem
1258 3027 1520 3081 Dominus
1554 3044 1567 3079 :
1612 3028 1808 3081 Audite
1846 3027 1972 3093 quid
2002 3026 2168 3094 judex

588 3122 807 3190 iniquus
835 3121 999 3174 dicat.
1033 3119 1170 3174 Deus
1199 3125 1376 3171 autem
1405 3130 1511 3171 non
1545 3117 1707 3172 l'aciet
1737 3117 2025 3174 vindictam
2054 3117 2166 3172 ele-

585 3223 798 3267 ctorum
822 3226 1040 3266 suorum
1067 3211 1413 3265 clamantium
1447 3210 1512 3262 ad
1541 3224 1601 3264 se
1627 3211 1711 3264 die
1735 3224 1794 3264 ac
1819 3219 1976 3264 nocte
2001 3210 2166 3262 etiam

588 3323 709 3362 cum
733 3307 942 3374 patiens
969 3304 1131 3359 luerit
1151 3320 1314 3373 super
1342 3305 1485 3358 illis?
1511 3305 1639 3359 Dico
1669 3305 1820 3376 vobis
1847 3303 1991 3374 quod
2013 3304 2171 3358 faciet

588 3398 878 3452 vindictam
905 3398 1117 3450 illorum
1148 3397 1274 3449 cito.
1311 3393 1707 3448 Verumtamen
1739 3393 1906 3449 Filius
1937 3394 2172 3448 hominis

588 3503 711 3544 cum
743 3487 970 3553 venerit,
1024 3503 1090 3540 an
1145 3495 1459 3556 reperturus
1504 3495 1586 3539 est
1616 3484 1773 3539 iidem
1811 3486 1862 3538 in
1905 3485 2086 3538 terra?
2138 3502 2155 3535 ι

589 3582 882 3651 Postquam
933 3581 1261 3634 mentionem
1313 3580 1440 3632 fecit
1484 3576 1834 3632 aliiictionum
1871 3588 1924 3631 et
1954 3577 2167 3646 pericu—

593 3678 791 3738 lorum,
846 3690 987 3728 nunc
1044 3673 1226 3728 subdit
1275 3670 1546 3740 quomodo
1599 3671 1652 3725 in
1713 3671 1821 3724 illis
1876 3670 2165 3724 salvemur.

590 3770 864 3821 Curantur
906 3767 1048 3818 enim
1095 3764 1340 3818 oratione
1389 3772 1772 3831 perseverante
1803 3771 1858 3815 et
1907 3763 2166 3816 sollicita.

593 3860 723 3913 Nam
764 3864 992 3909 ventura
1040 3839 1167 3908 sunt
1213 3855 1326 3906 hinc
1369 3856 1573 3906 omnia.
1607 3851 1874 3906 Cancrum
1911 3867 2165 3922 magnum

594 3952 854 4006 auxilium
888 3951 938 4002 in
978 3947 1062 4000 his
1095 3947 1198 3998 fert
1231 3945 1492 4012 precatio.
1525 3944 1684 3997 modo
1711 3957 2074 4012 perseverans
2101 3942 2174 3996 sit

592 4052 646 4098 et
675 4044 953 4098 continua.
982 4039 1205 4106 Oportet
1233 4037 1377 4090 enim
1405 4050 1501 4088 nos
1528 4036 1874 4088 considerare
1901 4035 2173 4104 quomodo

594 4136 776 4203 injusti
827 4132 1023 4202 judicis
1062 4129 1414 4199 pertinaciam
1454 4125 1614 4196 432
1668 4126 1928 4179 sedulitas
1995 4126 2170 4182 vidua

596 4223 838 4291 fregerit.
891 4219 949 4272 Si
1022 4219 1163 4272 enim
1219 4217 1364 4268 illum
1404 4218 1549 4268 onini
1606 4215 1809 4269 malitia
1881 4214 2168 4286 repletum,

596 4329 771 4382 neque
801 4315 967 4366 Deum
1018 4324 1193 4373 neque
1223 4307 1470 4360 homines
1519 4317 1878 4368 reverentem,
1913 4322 2168 4376 perseve-

601 4410 770 4458 rantis
809 4401 983 4456 oratio
1035 4398 1283 4453 demulsit
1316 4415 1328 4450 :
1371 4406 1573 4466 quanto
1609 4399 1781 4466 magis
1823 4413 1920 4452 nos
1953 4397 2168 4453 Patrem

2339 1842 2458 1913 τῶν
2487 1842 2759 1920 adiam},
2795 1855 2880 1906 ὅτι
2910 1842 3112 1920 αὐξῶν
3137 1850 3308 1920 ἐστιν
3351 1847 3388 1914 ἡ
3427 1843 3722 1920 ,ϐασιλεία
3752 1842 3851 1920 τοῦ

2340 1930 2508 1984 Θεοῦ.
2561 1927 2697 1994 Περὶ
2745 1914 2851 1977 τοῦ
2888 1919 3386 1990 ἐπερωτήσαντος
3435 1917 3545 1969 τὸν
3583 1914 3848 1982 Ἰησοῦν.

2339 2000 2478 2068 Περὶ
2511 1999 2614 2052 τοῦ
2647 1994 2898 2062 λεπροῦ.

2342 2133 2360 2165 ι
2398 2113 2590 2180 Ἔλεγε
2620 2112 2675 2163 δέ
2706 2105 3025 2179 παραϐολὴν
3056 2105 3245 2169 αὐτοῖς
3273 2103 3409 2174 πρὸς
3436 2101 3498 2154 τὸ
3525 2102 3637 2156 δεῖν
3661 2099 3854 2162 αὐτοὺς

2266 2209 2498 2261 πάντοτε
2565 2201 2987 2274 προσεύχεσθαι,
3051 2200 3146 2252 καλ⁵
3198 2199 3274 2268 μὴ
3313 2199 3596 2260 ἐκκακείν,
3651 2193 3850 2262 λέγων·

2269 2302 2464 2372 κριτής
2487 2315 2570 2360 τις
2597 2293 2665 2367 ἣν
2702 2295 2759 2348 ἐν
2784 2312 2892 2347 τινι
2916 2293 3068 2346 πόλει
3101 2291 3193 2345 τδν
3223 2289 3356 2344 Θεὸν
3395 2290 3470 2359 μὴ
3499 2287 3852 2355 φοϐούμενος,

2267 2397 2359 2448 καὶ
2408 2392 2696 2461 ἄνθρωπον
2755 2389 2830 2458 μὴ
2861 2384 3280 2455 ἐντρεπόμενος.
3325 2383 3484 2453 Χήρα
3511 2380 3567 2432 δέ
3594 2374 3678 2442 τις
3703 2375 3771 2450 ἦν
3801 2379 3852 2431 ἐν

2268 2486 2450 2554 ἐκείνῃ
2501 2485 2567 2551 τῇ
2616 2481 2790 2540 πόλει,
2842 2478 2936 2532 καὶ
2971 2479 3169 2547 ήρχετο
3207 2475 3344 2544 πρὸς
3393 2471 3557 2527 αὑτὸν
3607 2472 3848 2538 λέγουσα,

2279 2576 2596 2646 Ἐκδίκησόν
2617 2591 2682 2644 με
2713 2572 2822 2626 ἀπὸ
2855 2570 2948 2623 τοῦ
2978 2569 3250 2622 ἀντιδίκου
3291 2583 3416 2632 μου.
3453 2565 3566 2618 Καὶ
3597 2565 3699 2616 οὐκ
3731 2563 3848 2633 ἠθέ-

2265 2671 2428 2742 λησεν
2459 2671 2550 2722 ἐπί
2578 2667 2787 2738 χρόνον.
2818 2665 2970 2718 Μετὰ
2983 2663 3040 2716 δέ
3070 2661 3242 2714 ταῦτα
3277 2656 3432 2713 εἶπεν
3461 2661 3519 2712 ἐν
3551 2657 3755 2725 ἐαυτῷ·
3797 2655 3850 2708 El

2270 2763 2365 2816 mi.
2391 2764 2480 2815 τὸν
2505 2760 2638 2813 Θεὸν
2662 2760 2722 2812 οὐ
2755 2755 3054 2827 φοϐοῦμαι,
3088 2753 3182 2807 καὶ
3214 2752 3514 2822 ἄνθρωπον
3533 2751 3636 2803 οὐκ
3673 2748 3851 2819 ἐντρέέ

2273 2871 2466 2926 πομαι,
2488 2854 2576 2906 διά
2595 2869 2659 2920 γε
2688 2851 2748 2902 τδ
2773 2848 3032 2918 παρέχειν
3063 2863 3152 2916 μοι
3179 2845 3379 2906 κόπους
3405 2842 3506 2914 τὴν
3533 2843 3711 2912 χήραν
3734 2839 3852 2893 uti-

2269 2962 2390 3015 την,
2452 2944 2722 3014 ἐκδικήσω
2765 2939 2956 3009 αὐτὴν,
3016 2937 3101 2990 ἵνα
3135 2935 3211 3006 μὴ
3259 2936 3338 2998 είς
3395 2933 3554 2996 τέλος
3590 2933 3848 3002 ἐρχομένη

2273 3036 2544 3106 ὐποπιέζῃ
2577 3051 2662 3104 με.
2689 3028 2826 3086 Εἴπε
2847 3032 2901 3084 δέ
2929 3031 2957 3082 ὁ
2982 3029 3205 3099 Κύριος·
3233 3027 3529 3081 Ἀκούσατε
3561 3025 3854 3096 τίὸκριτὴς

2222 3170 2235 3191 ,
2270 3129 2369 3197 τῆς
2405 3127 2618 3187 ἀδικίας
2650 3124 2800 3191 λέγει
2822 3139 2834 3153 ·
2863 3124 2890 3174 ὁ
2928 3122 2984 3175 δέ
3022 3119 3155 3182 Θεὸς
3182 3118 3242 3172 οὐ
3284 3117 3357 3188 μὴ
3393 3121 3600 3187 ποιήσῃ
3635 3116 3738 3185 τὴν
3767 3116 3853 3167 ιχ-

2271 3222 2484 3290 δίκησιν
2513 3218 2621 3271 τῶν
2653 3215 2926 3270 ἐκλεκτῶν
2973 3211 3139 3266 αὑτοῦ
3173 3210 3282 3264 τῶν
3315 3208 3566 3280 βοώντων
3597 3209 3736 3278 πρὸς
3766 3221 3854 3261 αυ-

2272 3313 2361 3366 τὸν
2391 3309 2723 3381 ἡμέραςκαὶ
2747 3307 2965 3369 νυκτὸς,
2999 3304 3091 3358 καὶ
3117 3301 3494 3374 μακροθυμῶν
3526 3299 3616 3353 ἐπ’
3645 3299 3852 3361 αντοῖςς

2271 3404 2414 3469 λέγω
2441 3402 2591 3471 ὑμῖν,
2621 3401 2703 3452 ὅτι
2724 3399 2938 3470 ποιήσει
2967 3397 3068 3464 τὴν
3094 3395 3374 3465 ἐκδίκησιν
3399 3393 3579 3446 αὐτῶν
3604 3394 3664 3445 ἐν
3689 3393 3852 3460 τάχει.

2274 3496 2421 3564 Πλὴν
2449 3497 2476 3546 ὁ
2513 3494 2639 3555 Υίδς
2668 3493 2762 3544 τοῦ
2805 3487 3098 3561 ἀνθρώπου
3154 3485 3326 3538 ἐλθὼν
3359 3479 3471 3554 ἆρα
3503 3484 3732 3554 εὑρήσει
3768 3482 3856 3551 τὴν

2271 3587 2452 3640 πίστιν
2483 3587 2574 3639 ἐπὶ
2600 3586 2694 3654 τῆς
2725 3585 2868 3653 γῆςς
2912 3601 2930 3634 ι
2972 3581 3189 3650 Ἐπειδὴ
3220 3579 3452 3648 θλίψεων
3475 3579 3854 3648 ἐμνημόνευσε

2273 3681 2367 3732 καὶ
2403 3677 2684 3742 κινδύνων,
2728 3677 2979 3745 ἐπιφέρει
3029 3675 3122 3727 καὶ
3151 3674 3248 3742 τὴν
3295 3671 3596 3744 θεραπείαν
3635 3671 3853 3732 τούτων,

2270 3773 2304 3840 ἡ
2337 3770 2393 3823 δέ
2418 3773 2566 3822 ἐστιν
2627 3771 2659 3838 ἡ
2711 3767 3009 3839 προσευχὴ,
3059 3767 3152 3818 καὶ
3196 3765 3294 3833 οὐχ
3339 3763 3527 3825 ἁπλῶς
3565 3762 3853 3833 προσευχὴ,

2273 3860 2387 3915 ἀλλ’
2425 3860 2680 3929 ἐπίμονος
2747 3860 2841 3913 καὶ
2908 3857 3392 3928 μεμεριμνημένη.
3444 3855 3721 3910 Μέλλουσι
3768 3856 3857 3923 μὲν

2274 3951 2403 4022 γὰρ,
2439 3951 2595 4020 φησι,
2627 3947 2801 4002 ταῦτα
2833 3949 3013 4000 πάντα
3052 3951 3164 4010 τοῖς
3193 3949 3314 4000 τότε
3348 3947 3700 4016 συμϐαινειν,
3732 3945 3858 3999 ἀλλὰ

2275 4043 2450 4113 μέγας
2486 4040 2677 4110 βοηθὸς
2710 4040 2847 4110 πρὸς
2879 4038 3052 4092 ταῦτα
3083 4041 3115 4108 ἠ
3150 4036 3449 4107 προσευχὴ,
3487 4039 3554 4107 ῆν
3587 4039 3859 4106 ἐπιμόνως

2276 4135 2370 4187 καί
2396 4130 2634 4201 συνεχῶς
2666 4132 2935 4184 ποιεῖσθαι
2956 4132 3037 4184 δεῖ
3075 4132 3222 4201 ἡμᾶς
3257 4129 3592 4192 ἐννοοῦντας,
3632 4129 3748 4192 πῶς
3777 4130 3861 4181 τὸν

2275 4225 2470 4295 κριτὴν
2519 4224 2617 4292 τῆς
2660 4224 2944 4292 ἀδικίαςὴ
2987 4224 3083 4291 τῆς
3129 4223 3304 4292 χήρας
3339 4221 3670 4292 προσεδρεία
3703 4238 3860 4274 κατε-

2273 4316 2614 4384 δυσώπησεν.
2653 4317 2711 4368 Εί
2741 4316 2846 4385 γὰρ
2874 4315 3064 4367 τοῦτον
3089 4313 3181 4367 τὸν
3213 4314 3394 4382 πάσης
3425 4314 3626 4374 κακίας
3659 4314 3862 4384 1:57:11;-

2279 4411 2542 4479 ρωμὲνον,
2575 4410 2668 4462 καὶ
2699 4409 2835 4478 πρὸς
2870 4408 3003 4460 Θεὸν
3061 4408 3156 4459 καὶ
3191 4406 3330 4476 πρὸς
3379 4406 3705 4476 ἀνθρώπους
3760 4408 3860 4460 ἁπ-

599 4495 986 4553 misericordite
1027 4491 1191 4544 Deum
1238 4490 1302 4543 ad
1338 4490 1740 4544 miserationem
1795 4491 2166 4557 movebimus,

2289 4501 2721 4570 αναιδεσάμενον
2774 4498 3104 4570 ήκαρτερία
3137 4498 3401 4569 ἐμάλαξε,
3458 4501 3612 4570 πόσῳ
3671 4500 3860 4569 μᾶλλον

599 4589 811 4644 etiamsi
869 4592 1150 4639 cunctetur
1198 4580 1482 4634 nonnihil?
1536 4578 1667 4634 Vide
1717 4590 1897 4634 autem
1955 4583 2174 4650 majoris

601 4682 817 4734 malitiae
872 4677 1131 4730 indicium
1181 4688 1320 4734 esse.
1385 4688 1554 4740 neque
1615 4673 1861 4727 homines
1916 4676 2172 4730 revereri.

602 4773 768 4826 Deum
803 4771 943 4822 enim
980 4765 1130 4819 multi
1167 4779 1270 4816 non
1301 4766 1510 4826 timent,
1540 4773 1776 4818 attamen
1811 4766 2056 4820 homines
2091 4783 2173 4822 re-

601 4872 878 4922 verentur,
912 4861 1030 4911 ideo
1065 4867 1117 4909 et
1149 4857 1326 4909 minus
1356 4866 1580 4923 peccant
1615 4870 1630 4908 :
1667 4857 1882 4924 quando
1913 4868 2086 4911 autem
2121 4870 2173 4912 et

601 4953 741 5023 apud
802 4952 1048 5004 homines
1090 4949 1211 5017 quis
1264 4949 1545 5016 impudens
1602 4948 1785 5012 fuerit,
1843 4959 1969 5003 tunc
2001 4954 2174 5006 omnis

601 5047 816 5100 malitiae
866 5051 1048 5096 vertex
1092 5040 1322 5094 iidetur.
1373 5041 1574 5094 Idcirco
1604 5050 1656 5093 et
1690 5041 1944 5096 Dominus
1990 5055 2173 5112 postea

603 5139 802 5206 posuit,
839 5150 1008 5200 neque
1043 5134 1310 5185 hominem
1344 5146 1617 5196 reverens,
1647 5136 1800 5202 quasi
1835 5135 1935 5189 hoc
1967 5138 2172 5204 dicens,

598 5230 766 5282 Jtnlex
802 5237 916 5280 erat
971 5226 1136 5278 Deum
1195 5241 1298 5276 non
1335 5226 1550 5288 timens,
1604 5237 1656 5278 et
1700 5227 1826 5294 quid
1872 5228 1995 5280 dico
2029 5231 2171 5300 quod

601 5323 765 5375 Deunt
813 5336 915 5372 non
975 5318 1251 5370 timuerit?
1294 5317 1469 5384 majus
1517 5320 1732 5372 malitia:
1786 5321 2040 5374 indicium
2077 5325 2172 5375 ha-

600 5411 885 5478 buit,quia
929 5424 1101 5475 neque
1141 5409 1411 5460 hominem
1463 5411 1828 5462 revcrebutur.
1860 5410 2026 5463 Porro
2061 5412 2173 5466 haec

602 5505 849 5574 pi'tl‘aitﬂl'd
882 5518 979 5555 nos
1009 5505 1178 5562 decet,
1209 5503 1348 5569 quod
1377 5517 1517 5570 saepe
1546 5502 1774 5557 dicimus
1806 5506 1948 5559 inter
1974 5505 2174 5559 exhor-

602 5599 837 5658 tundunt,
903 5611 968 5648 ne
1020 5595 1372 5661 delatigentur
1433 5598 1483 5647 in
1537 5597 1803 5663 precibus.
1843 5599 1981 5652 Sane
2033 5600 2174 5653 sicut

600 5691 720 5743 alibi
755 5689 881 5741 dicit
915 5707 927 5739 :
963 5688 1094 5751 Quis
1129 5702 1362 5741 vestrum
1417 5690 1648 5742 anticmu
1693 5689 1918 5754 hahens,
1949 5701 2002 5745 et
2049 5708 2170 5746 cum

601 5779 804 5836 venerit
845 5790 896 5833 et
943 5779 1237 5848 pulsaverit
1285 5789 1468 5848 nocte,
1508 5782 1658 5836 illum
1722 5783 2023 5851 rejocturus
2056 5785 2172 5840 est?

2280 4596 2438 4664 ἡμεῖς
2468 4593 2556 4646 τὸν
2596 4593 2807 4662 πατέρα
2835 4591 2928 4645 τοῦ
2963 4592 3146 4654 ἐλέους
3169 4592 3302 4644 Θεὸν
3325 4592 3425 4661 οὐχ
3455 4591 3760 4662 ἐλκύσομεν
3789 4593 3861 4650 είς

2278 4681 2480 4748 οἶκτον,
2509 4685 2612 4736 κᾶν
2647 4682 2976 4753 μακροθυμῇ
3011 4682 3147 4753 πρὸς
3197 4682 3260 4734 τὸ
3292 4682 3503 4751 παρόν;
3539 4683 3683 4754 Ὅρα
3705 4685 3760 4736 δὲ.
3786 4685 3861 4736 ὅτι

2276 4777 2337 4828 τὸ
2387 4776 2522 4844 μηδέ
2577 4774 2899 4843 ἀνθρώπους
2953 4771 3309 4844 αίοχύνεσθαι
3366 4773 3613 4846 χείρονος
3669 4774 3859 4836 κακίας

2277 4868 2497 4935 δεῖγμαο
2528 4867 2618 4918 τὸν
2651 4867 2749 4933 μὲν
2781 4865 2887 4932 γὰρ
2923 4865 3057 4918 Θεὸν
3081 4864 3265 4918 πολλοὶ
3293 4865 3354 4917 ού
3378 4865 3699 4933 φοϐοῦνται,
3733 4865 3858 4936 πλὴν

2278 4957 2392 5008 ἀλλ’
2423 4956 2746 5026 ἀνθρώπους
2793 4957 3164 5024 αἰσχύνονται,
3190 4956 3272 5009 διὸ
3298 4960 3390 5010 καὶ
3414 4953 3580 5028 ἦττον
3621 4958 3863 5029 ἁμαρτά-

2278 5067 2476 5104 νουσιν.
2515 5051 2682 5102 Ὅταν
2714 5050 2771 5102 δὲ
2804 5052 2897 5103 καὶ
2947 5049 3444 5120 πρὸςηάνθρώπους
3488 5051 3862 5121 ἀπαναισχυν-

2276 5145 2458 5214 τήσειέ
2489 5162 2594 5211 τις,
2640 5145 2874 5198 ἐνταῦθα
2921 5145 3023 5214 ήδη
3058 5146 3154 5214 τῆς
3194 5146 3392 5207 κακίας
3421 5147 3454 5213 ή
3506 5149 3746 5215 κορυφή.
3775 5145 3861 5197 Διὸ

2277 5238 2372 5285 καὶ
2402 5235 2428 5285 ὁ
2466 5233 2669 5302 Κύριος
2720 5234 2947 5303 ὕστερον
2977 5235 3188 5287 τέθεικε
3221 5236 3303 5298 τὸ,
3338 5235 3632 5304 ἄνθρωπον
3662 5237 3740 5304 μὴ
3774 5236 3848 5287 ἐν·

2275 5328 2631 5395 τρεπόμενος,
2681 5327 2883 5379 ὡσανεὶ
2935 5327 3093 5379 τοῦτο
3141 5327 3352 5394 λέγων·
3389 5329 3514 5378 “Uti
3555 5328 3746 5398 κριτὴς
3791 5322 3858 5397 ἦν

2275 5420 2366 5471 τὸν
2399 5419 2533 5470 Θεὸν
2568 5418 2642 5488 μὴ
2679 5418 3031 5487 φοϐούμενος,
3065 5420 3158 5471 καὶ
3185 5420 3238 5470 τί
3276 5419 3420 5484 λέγω
3447 5419 3632 5482 τοῦτο,
3665 5421 3747 5472 ὅτι
3771 5420 3859 5470 τον

2276 5512 2405 5564 Θεὸν
2437 5515 2535 5565 ούκ
2590 5514 2871 5580 ἐφοϐεῖτο;
2923 5513 2980 5564 τὸ
3021 5512 3203 5581 μεῖζον
3235 5509 3350 5582 εἶχε
3390 5513 3594 5582 δεῖγμα
3626 5513 3727 5581 τῆς
3764 5530 3860 5564 κα-

2272 5604 2419 5665 κίας,
2456 5605 2536 5657 ὅτι
2563 5605 2687 5656 οὐδὲ
2714 5605 3000 5674 ἄνθρωπον
3029 5603 3312 5675 ᾐσχύνετο.
3349 5605 3540 5657 Ταῦτα
3573 5604 3671 5674 μὲν
3710 5603 3800 5657 οὖν
3830 5605 3860 5672 ἡ

2277 5694 2561 5765 παραϐολὴ
2590 5697 2736 5764 ἡμᾶς
2774 5695 3036 5758 διδάσκει,
3059 5696 3132 5757 ώς
3167 5695 3431 5758 πολλάκις
3463 5697 3716 5764 εἴπομεν,
3742 5711 3858 5747 νου-

2277 5786 2507 5841 θετοῦσα
2544 5790 2618 5857 μὴ
2651 5791 2906 5843 ἐκκακεῐν
2932 5789 2988 5842 ἐν
3018 5790 3135 5852 ταῖς
3164 5791 3519 5859 προσευχαῖς,
3555 5788 3742 5863 ῶσπερ
3768 5785 3853 5843 οὖν
