4048 6508
641 482 778 549 1003

629 708 689 748 se
719 691 1060 747 conlidebaut
1089 688 1232 754 quoi
1261 696 1460 739 .csscnt
1504 684 1656 753 justi,
1693 694 1745 736 et
1778 685 2207 753 aspernabantur

631 795 855 839 caeteros
877 822 892 846 ,
943 780 1256 848 parabolam
1289 780 1447 833 istam
1483 796 1495 832 :
1527 779 1638 832 Duo
1670 775 1918 830 homines
1947 776 2205 831 ascende-

631 880 761 932 bant
801 877 850 928 in
884 873 1137 944 templum
1175 886 1230 926 ut
1265 881 1610 940 precarentur
1645 887 1657 924 ι
1693 885 1832 924 unus
1882 869 2207 933 Pharisazus,

630 980 680 1020 ct
717 967 854 1020 alter
886 965 1220 1036 publicanus.
1271 961 1576 1017 Pliariszeus
1627 974 1780 1016 stans
1812 963 1923 1016 lucc
1967 964 2105 1030 apud
2153 975 2211 1013 se

631 1061 820 1111 orabat
851 1075 863 1110 :
899 1056 1060 1117 Deus,
1092 1053 1294 1126 gratias
1328 1069 1428 1121 ago
1458 1053 1549 1106 tibi
1580 1054 1722 1122 quod
1762 1069 1866 1106 non
1913 1069 2032 1105 sum
2067 1052 2209 1106 sicut

626 1151 809 1206 caueri
858 1147 1123 1210 homines,
1162 1154 1430 1214 raptores,
1491 1145 1698 1214 itijusti,
1757 1144 2013 1206 adulteri,
2062 1144 2211 1198 velut

627 1240 787 1292 etiam
828 1239 912 1290 hic
961 1236 1318 1307 publicanus;
1351 1234 1537 1304 jejuno
1567 1235 1645 1287 bis
1678 1235 1727 1286 in
1776 1233 2036 1297 Sabbato,
2064 1233 2208 1288 deci-

634 1347 750 1385 mas
786 1333 852 1384 do
881 1331 1121 1385 omnium
1170 1343 1288 1398 qua
1323 1328 1591 1396 possideo.
1635 1326 1698 1379 Et
1734 1327 2050 1394 publicanus
2080 1341 2206 1394 pro-

631 1421 716 1474 cul
749 1430 917 1485 stans,
971 1433 1068 1473 nec
1098 1418 1282 1472 oculos
1317 1417 1527 1470 volebat
1575 1418 1640 1471 ad
1691 1417 1885 1470 malum
1924 1416 2204 1483 attollere,

631 1512 725 1565 sed
758 1511 1015 1564 tundebat
1048 1518 1237 1577 pectus
1263 1524 1443 1572 suum,
1478 1507 1662 1561 dicens
1693 1524 1708 1560 :
1744 1507 1905 1569 Deus,
1941 1507 2206 1575 propitius

630 1614 746 1656 esto
780 1603 905 1656 mihi
949 1602 1242 1670 peccaturi.
1278 1600 1404 1653 Dico
1423 1599 1591 1662 vobis,
1622 1599 1900 1653 ἁρεειιιάίι
1935 1600 2019 1651 hic
2049 1599 2210 1664 justi-

631 1696 820 1748 ilratus
850 1695 899 1745 in
938 1694 1157 1745 domum
1183 1705 1359 1752 suam,
1392 1690 1561 1760 magis
1590 1703 1751 1759 quam
1778 1689 1865 1743 ille
1892 1706 1905 1742 :
1943 1690 2067 1758 quia
2094 1706 2210 1744 om-

631 1788 714 1840 nis
762 1786 852 1852 qui
886 1801 944 1839 se
982 1782 1215 1846 extollit,
1255 1781 1649 1846 humiliabitur,
1704 1791 1759 1835 et
1804 1783 1983 1835 omnis
2017 1783 2107 1850 qui
2151 1797 2210 1836 se

633 1878 903 1938 .‘iuxuiliat,
936 1876 1244 1930 extolletur.
1299 1891 1318 1925 ι
1373 1871 1486 1926 Non
1521 1883 1698 1927 cessat
1744 1872 2006 1927 Dominus
2043 1874 2205 1941 pluri-

1516 477 2098 539 TilEtf)l‘llY[..-\CTI
2153 477 2562 538 BULGAHIE
2599 477 2957 538 ARCHIEP.

707 596 870 651 Vens.
903 595 1050 650 9-H.
1097 613 1113 645 ι
1156 591 1299 647 Dixit
1327 603 1504 645 autem
1541 602 1593 647 ct
1625 592 1688 643 ad
1731 594 1989 661 quosdam
2035 594 2124 662 qui
2160 594 2209 645 in
2243 596 2285 652 Α

3774 478 3906 543 1004

2394 611 2409 641 ι
2451 588 2583 644 Eine
2617 591 2670 643 δὲ
2694 591 2785 644 καὶ
2815 590 2949 658 πρὸς
2979 605 3128 654 τινας
3153 588 3279 651 τοὺς
3317 586 3652 651 πεποιθότας
3681 586 3906 656 ἐφ’ἐαυ-

2314 688 2424 748 τοῖς
2448 726 2459 748 ,
2497 685 2578 736 ὅτι
2638 684 2744 735 είσὶ
2807 683 3026 746 δίκαιοι,
3060 683 3153 734 καὶ
3185 679 3602 744 ἐξουθενοῦντας
3631 680 3762 744 τοὺς
3799 679 3906 734 λοι-

2314 781 2466 843 ποὺς,
2497 778 2594 847 τὴν
2623 775 2939 846 παραϐολὴν
2970 776 3174 843 ταύτην
3195 791 3208 800 ·
3239 773 3556 843 ’Δνθρωποι
3589 771 3684 826 δύο
3711 771 3908 842 ἀνέϐη-

2316 889 2412 925 σαν
2447 874 2523 933 εἰς
2578 873 2638 922 τὸ
2704 868 2847 938 ίερὸν
2886 865 3326 936 προσεύξασθαι·
3369 868 3396 915 6
3459 858 3542 926 εἷς
3588 866 3904 935 Φαρισαῖος,

2315 966 2407 1018 καὶ
2446 965 2472 1015 6
2509 963 2692 1029 ἔτερος
2739 958 3000 1028 τελώνης.
3052 960 3113 1012 '0
3149 960 3472 1028 Φαρισαῖος,
3508 956 3730 1019 σταθεὶς
3772 955 3905 1026 πρὸς

2316 1058 2529 1120 ἑαυτὸν,
2555 1055 2729 1108 ταῦτα
2764 1053 3108 1123 προσηύχετο
3132 1068 3144 1080 ·
3188 1051 3246 1102 'O
3285 1051 3438 1114 Θεὸς,
3477 1049 3794 1120 εὐχαριστῶ
3829 1066 3906 1102 σοι

2313 1151 2395 1202 ὅτι
2423 1150 2520 1201 οὐκ
2553 1148 2666 1216 είμλ⁵
2698 1146 2888 1216 ὥσπερ
2916 1147 2963 1198 οί
2999 1146 3179 1197 λοιποὶ
3209 1143 3319 1196 τῶν
3359 1141 3690 1212 ἀνθρώπων,
3724 1143 3907 1211 ἅρπαο

2315 1258 2428 1309 γες,
2466 1241 2665 1302 ἄδικοι,
2715 1239 2916 1307 μοιχοὶ,
2965 1236 2997 1306 ἢ
3030 1237 3123 1288 καὶ
3153 1235 3227 1295 ὡς
3272 1227 3428 1296 οὗτος
3458 1235 3483 1285 ὁ
3510 1233 3759 1302 τελώνης
3818 1249 3911 1301 νη-

2316 1334 2489 1384 δτεύω
2513 1331 2590 1393 δὶς
2621 1330 2714 1383 τοῦ
2759 1329 3058 1391 Σαεϐἀτου,
3089 1327 3409 1380 ἀποδεκατῶ
3435 1327 3615 1380 πάντα
3651 1327 3755 1379 ὅσα
3779 1325 3913 1378 κτῶ-

2316 1441 2433 1491 μαι.
2462 1423 2568 1475 Καὶ
2589 1425 2614 1474 6
2647 1423 2895 1492 τελώνης,
2924 1422 3198 1491 μακρόθεν
3231 1419 3422 1483 ἐστὼς.
3445 1421 3546 1472 οὐκ
3575 1419 3773 1490 ἢθελεν
3792 1417 3911 1471 οὐδὲ

2313 1516 2438 1576 τοὺς
2462 1513 2770 1581 ὀφθαλμοὺς
2798 1518 2877 1575 εἰς
2902 1512 2996 1564 τὸν
3021 1511 3248 1579 οὐρανὸν
3277 1513 3501 1580 ἐπᾶραι,
3532 1509 3649 1561 ἀλλ’
3681 1508 3914 1561 ἔτυπτεν

2315 1601 2391 1662 εἰς
2420 1601 2478 1650 τὸ
2518 1600 2710 1668 στῆθος
2746 1600 2932 1664 αὑτοῦ,
2966 1599 3172 1667 λέγων·
3229 1599 3286 1651 Ὀ
3338 1598 3469 1660 Θεὸς
3523 1597 3778 1666 ἱλάσθητί
3824 1615 3912 1664 μοι

2316 1693 2392 1761 τῷ
2426 1693 2756 1763 ἁμαρτωλῷ.
2791 1693 2952 1760 Λέγω
3008 1693 3160 1761 ὑμῖν,
3200 1691 3404 1762 κατέϐη
3438 1685 3596 1752 οὗτος
3631 1691 3912 1743 δεδικαιω-

2319 1785 2476 1852 μένος
2502 1785 2579 1845 είς
2619 1781 2709 1834 τὸν
2736 1777 2884 1834 οἷκον
2904 1782 3096 1842 αὐτοῦ,
3131 1783 3164 1854 ἢ
3198 1786 3424 1846 ἐκεῖνος,
3453 1783 3534 1835 ὅτι
3568 1783 3675 1844 πᾶς
3708 1784 3735 1834 ὁ
3765 1782 3912 1849 ὑψῶν

2315 1875 2528 1938 ἑαυτὸν,
2560 1873 3052 1944 ταπεινωθήσεται,
3087 1877 3112 1926 6
3131 1874 3186 1926 δὲ
3217 1874 3492 1925 ταπεινῶν
3519 1874 3741 1936 ἑαυτὸν,
3769 1873 3913 1942 ὑψω-

634 1974 731 2025 bus
783 1969 1118 2039 argumentis
1163 1980 1454 2035 repurgare
1503 1966 1772 2036 superbiae
1827 1966 2034 2019 vitium.
2083 1965 2208 2018 Plus

2317 1966 2560 2036 θήσεται.
2605 1986 2623 2019 ι
2676 1968 2750 2020 Ού
2788 1967 3016 2019 παύεται
3059 1968 3087 2019 6
3129 1967 3333 2036 Κύριος
3365 1967 3426 2019 τὸ
3482 1968 3582 2032 τῆς
3617 1967 3912 2034 ὑπερηφαο

630 2063 773 2116 enim
808 2061 930 2115 aliis
963 2060 1108 2113 vitiis
1136 2069 1367 2112 mentem
1392 2061 1686 2112 humanam
1721 2059 1920 2120 turbat,
1958 2067 2203 2127 propter-

632 2171 693 2208 ω
729 2169 871 2222 sa-pe
900 2166 952 2206 et
985 2153 1206 2206 multum
1239 2151 1304 2204 de
1341 2154 1440 2204 hac
1470 2150 1654 2204 docet.
1718 2149 1959 2219 Denique
1992 2160 2043 2203 et
2068 2164 2209 2202 nunc

636 2248 871 2314 pejorem
928 2245 1044 2313 ejus
1103 2245 1338 2312 speciem
1395 2250 1603 2311 purgat.
1671 2240 1833 2294 Multa
1887 2241 2028 2294 enim
2085 2248 2210 2293 sunt

639 2336 912 2402 ululantia:
936 2333 1198 2403 germina.
1232 2332 1428 2401 Opinio
1451 2330 1516 2384 de
1542 2345 1601 2384 se
1628 2347 1844 2400 magna,
1875 2331 2206 2400 arrogantia,

633 2437 686 2482 et
721 2429 898 2481 inanis
932 2427 1116 2495 gloria:
1150 2425 1414 2494 cupiditas
1447 2427 1513 2478 ab
1550 2426 1648 2478 hac
1700 2423 1983 2493 pullulant.
2024 2424 2211 2476 l’erni—

633 2520 832 2572 eiusior
864 2531 1041 2570 autem
1085 2518 1340 2570 omnibus
1371 2516 1493 2569 aliis
1529 2526 1609 2569 est
1642 2517 1915 2583 superbia,
1967 2530 2086 2584 qua:
2117 2514 2210 2568 Dei

633 2621 714 2664 est
750 2620 1109 2678 contemptus.
1144 2606 1276 2662 Cum
1313 2609 1454 2662 enim
1485 2607 1606 2676 quis
1647 2622 1749 2661 non
1789 2608 1919 2672 Deo,
1973 2610 2066 2660 sed
2108 2607 2207 2660 sibi

633 2717 728 2755 sua
763 2703 899 2756 bona
937 2716 1098 2769 opera
1134 2702 1342 2765 tribuit,
1395 2700 1522 2769 quid
1579 2700 1679 2753 hoc
1719 2698 1863 2752 aliud
1918 2715 2076 2767 quant
2113 2715 2208 2752 ue-

634 2811 761 2864 gare
793 2793 956 2848 Deum
987 2803 1090 2857 est,
1125 2803 1178 2847 et
1208 2794 1256 2848 ei
1303 2793 1615 2847 adversari?
1663 2791 1776 2845 lloe
1807 2793 1970 2859 igitur
2001 2792 2206 2855 vitium,

636 2887 722 2940 cui
757 2886 1018 2939 Dominus
1073 2886 1145 2937 ita
1179 2886 1522 2946 adversatur,
1569 2891 1625 2935 ut
1672 2882 1922 2935 inimicus
1968 2883 2210 2950 inimico,

631 2983 738 3035 hac
763 2981 1016 3049 parabola
1047 2978 1304 3033 medicari
1335 2976 1600 3031 Dominus
1628 2975 1957 3030 declaratur.
1985 2973 2215 3041 Propter

637 3078 736 3127 hoc
765 3074 908 3127 enim
943 3072 1088 3140 quod
1120 3069 1406 3124 conﬁdunt
1457 3068 1511 3121 in
1541 3069 1758 3136 seipsis,
1797 3076 1852 3120 et
1899 3082 2006 3121 non
2045 3075 2212 3119 totum

638 3170 743 3222 Deo
792 3166 1063 3230 tribuunt,
1097 3166 1191 3218 sed
1233 3164 1368 3217 alios
1398 3177 1492 3231 per
1539 3162 1639 3216 hoc
1684 3160 2044 3223 exinaniant,
2101 3160 2213 3212 haec

635 3258 764 3312 dicit
801 3275 812 3311 :
840 3270 892 3310 et
923 3257 1160 3311 ostendit
1188 3254 1329 3323 quod
1369 3255 1599 3322 justitia,
1627 3254 1875 3323 quamvis
1905 3253 2101 3321 alioqui
2144 3252 2212 3304 sit

635 3349 931 3413 mirabilis,
976 3361 1028 3402 et
1061 3349 1332 3402 hominem
1390 3347 1498 3400 Deo
1546 3347 1854 3414 proximum
1899 3346 2212 3404 constituat,

633 3458 756 3497 eum
787 3440 1096 3512 superbiam
1131 3440 1454 3501 admiserit,
1502 3439 1778 3492 hominem
1823 3439 1874 3491 in
1925 3439 2101 3491 locum
2133 3438 2215 3489 itt-

636 3538 818 3591 limum
856 3534 1086 3601 rejieiat,
1134 3543 1186 3587 et
1229 3535 1528 3587 daemonem
1585 3531 1798 3598 reddat,
1848 3533 1938 3599 qui
1984 3530 2092 3596 jam
2159 3544 2216 3582 se

635 3629 898 3697 :equalem
937 3627 1046 3681 Deo
1092 3625 1314 3680 fecerat.
1371 3623 1577 3678 Similia
1634 3624 1817 3694 itaque
1874 3633 2000 3676 sunt
2053 3624 2214 3677 verba

635 3721 893 3775 Pharisaei
927 3721 994 3773 ab
1027 3720 1203 3784 initio,
1236 3723 1375 3788 grati
1407 3717 1642 3771 hominis
1678 3717 2043 3772 sermonibus.
2081 3716 2219 3769 Gra-

637 3815 737 3867 tias
763 3815 904 3865 enim
932 3812 1104 3866 habeo
1135 3810 1251 3873 tibi,
1282 3811 1476 3878 inquit,
1508 3809 1646 3862 Deus
1675 3825 1688 3873 ;
1713 3819 1768 3860 at
1793 3817 1986 3862 catera
2016 3819 2215 3874 quanta

641 3906 835 3957 referta
877 3913 999 3956 sunt
1030 3901 1369 3970 arrogantia!
1409 3897 1574 3968 434,
1606 3897 1719 3952 Non
1750 3899 1895 3951 enim
1929 3898 2081 3959 dixit,
2118 3895 2217 3948 Fe-

639 3996 760 4047 eisti
790 4008 875 4048 me
923 3979 1197 4046 abstinere
1231 3993 1296 4043 ab
1349 3991 1608 4055 injustitia
1636 4029 1650 4054 ,
1679 3999 1733 4040 et
1763 4003 1791 4039 a
1823 3989 2007 4055 rapina
2059 4002 2072 4037 :
2123 3986 2216 4039 sed

638 4085 942 4154 quomodo?
980 4083 1094 4137 Non
1128 4099 1267 4136 sunt.
1307 4083 1528 4151 Sibiipsi
1552 4081 1800 4133 attribuit
1833 4083 2027 4132 bottum
2059 4093 2215 4146 opus,

639 4192 686 4231 ,τι
724 4193 822 4233 suo
878 4177 1080 4230 robori.
1118 4177 1187 4228 At
1221 4175 1355 4229 alius
1381 4175 1626 4242 judicare
1670 4172 1945 4241 quomodo
1986 4183 2068 4224 est
2118 4170 2216 4224 bo-

642 4274 799 4326 minis
827 4273 1050 4328 scientia
1080 4272 1223 4340 quod
1260 4287 1288 4324 a
1323 4271 1433 4326 Deo
1474 4271 1673 4325 habeat
1705 4284 1825 4339 qua:
1861 4267 2059 4322 habet?
2091 4265 2216 4320 Om-

642 4368 767 4421 nino
795 4366 936 4420 enim
974 4365 1020 4419 si
1053 4363 1375 4418 credidisset
1428 4364 1570 4432 quod
1604 4375 1698 4430 per
1729 4362 1958 4431 gratiam
1993 4360 2217 4414 haberet

644 4459 814 4511 aliena
859 4460 1017 4518 bona,
1056 4470 1159 4510 non
1203 4455 1618 4523 contempsisset
1662 4453 1818 4513 alios,
1867 4451 2218 4505 considerans

642 4551 782 4616 quod
832 4550 995 4602 etiam
1047 4549 1159 4616 ipse
1199 4561 1352 4615 :eque
1397 4545 1569 4598 nudus
1616 4555 1781 4607 esset,
1839 4554 2099 4612 quantum
2151 4543 2217 4594 ad

2309 2058 2425 2121 νίας
2469 2058 2636 2122 πάθος
2671 2058 3016 2128 ἐκκαθαίρων
3066 2059 3155 2111 διὰ
3187 2058 3471 2111 πλειόνων.
3539 2058 3769 2127 Ἐπειδὴ
3802 2059 3912 2127 γὰρ

2312 2152 2473 2204 πλέον
2522 2153 2628 2205 τῶν
2677 2152 2852 2206 ἄλλων
2889 2152 3076 2204 παθῶν
3110 2153 3319 2221 ἐνοχλεῖ
3357 2155 3476 2211 ταῖς
3535 2151 3913 2221 ἀνθρωπίναις

2311 2243 2683 2312 γνὼμαις,δια
2717 2243 2877 2296 τούτο
2909 2241 3178 2312 πολλαχοῦ
3201 2243 3293 2294 καὶ
3323 2241 3592 2303 πολλάκις
3631 2259 3696 2294 πε
3706 2243 3761 2310 pi.
3788 2241 3912 2295 τού-

2309 2354 2402 2388 του
2431 2336 2691 2388 διδάσκει.
2722 2335 2939 2404 Ἀμέλει
2977 2336 3070 2388 καὶ
3106 2334 3199 2387 νῦν
3230 2335 3290 2386 τὸ
3325 2336 3507 2404 χεῖρον
3535 2328 3677 2397 εἶδος
3707 2334 3911 2403 ταύτης

2312 2430 2650 2500 ἐκκαθαίρει.
2691 2429 2864 2481 Πολλὰ
2920 2429 3027 2500 γὰρ
3087 2429 3154 2482 τα
3189 2429 3287 2497 τῆς
3325 2428 3620 2498 φιλαυτίας
3672 2428 3911 2498 βλαστή-

2313 2539 2477 2591 ματα.
2510 2523 2618 2574 Καὶ
2649 2522 2753 2591 γὰρ
2784 2523 2875 2573 καὶ
2903 2523 3099 2589 οίησις,
3134 2522 3227 2573 καλ⁵
3257 2520 3564 2584 ἁλαξωνεία
3589 2562 3605 2584 ,
3634 2520 3732 2572 καὶ
3759 2535 3911 2570 κενο-

2309 2615 2458 2680 δοξία
2491 2615 2555 2667 ἐκ
2585 2613 2784 2684 ταύτης
2822 2612 3067 2682 φύονται.
3117 2611 3546 2683 Ὀλεθριώτερον
3592 2612 3650 2663 δὲ
3688 2613 3908 2665 πάντων

2311 2707 2737 2776 ἡύπερηφανία,
2774 2707 3124 2776 ὑπερηφανία
3171 2705 3226 2758 δέ
3256 2708 3404 2758 ἐστιν
3451 2704 3714 2772 ἀθέτησις
3748 2703 3907 2756 Θευῦ.

2312 2800 2484 2852 Ὅταν
2510 2801 2615 2869 γάρ
2650 2815 2732 2861 τις
2763 2799 2821 2850 ού
2855 2798 2931 2867 τῷ
2963 2797 3103 2866 Θεῷ,
3143 2797 3258 2849 ἀλλ’
3295 2796 3476 2864 ἐαυτῷ
3527 2796 3912 2863 ἐπιγράφηται

2310 2892 2378 2945 τὰ
2417 2892 2838 2962 κατορθώματι,
2867 2892 2918 2942 τί
2954 2891 3102 2956 ἄλλο,
3135 2891 3167 2959 ἦ
3199 2890 3432 2959 ἄρνησις
3480 2885 3622 2940 Θεοῦ
3670 2889 3789 2940 ἐστι
3817 2887 3911 2937 καὶ

2312 2985 2582 3039 ἀντιθεϊα.
2613 2984 2785 3037 Τοῦτο
2815 2982 2908 3037 οὖν
2943 2983 3002 3036 τὸ
3037 2982 3209 3044 πάθος
3262 2982 3322 3034 τὸ
3351 2980 3621 3042 ἀντίθεον,
3745 2983 3771 3033 ὁ
3802 2979 3912 3031 Κύ-

2315 3096 2428 3146 ριος
2471 3079 2871 3138 ἀντιτάσσεται,
2899 3076 2972 3138 ὡς
3003 3075 3198 3146 ἐχθρὸς
3235 3073 3437 3144 ἐχθρῷ,
3469 3073 3560 3127 διὰ
3585 3073 3686 3142 τῆς
3724 3088 3908 3141 παρα-

2315 3165 2478 3234 ύολῆς
2531 3169 2733 3238 ταύτης
2767 3171 2794 3220 ὀ
2833 3169 3038 3236 Κύριος
3095 3165 3427 3236 θεραπεύειν
3476 3164 3908 3233 ἐπαγγέλλεται.

2318 3257 2414 3307 Διὰ
2436 3259 2541 3327 γὰρ
2569 3259 2693 3320 τοὺς
2731 3259 3057 3321 πεποιθότας
3089 3257 3174 3326 ἐφ’
3211 3259 3448 3320 ἑαυτοῖς,
3490 3257 3586 3309 καὶ⁵
3615 3257 3692 3326 μὴ
3717 3255 3777 3307 τὸ
3802 3256 3911 3308 πᾶν

2270 3349 2281 3362 ¹
2316 3346 2434 3413 θεῷ
2461 3345 2864 3416 λογιζομένους.
2895 3347 3034 3400 ἀλλὰ
3067 3347 3155 3400 διὰ
3204 3346 3363 3404 τοῦτο
3416 3347 3509 3399 καὶ
3552 3348 3683 3408 τοὺς
3715 3345 3911 3407 ἄλλους

2317 3438 2946 3504 ἐξουθενοῦντας,ταύτά
2967 3455 3125 3510 φησι,
3162 3442 3256 3493 καὶ
3301 3438 3599 3505 δείκνυσιν,
3648 3441 3733 3492 ὃτι
3768 3440 3803 3509 ἡ
3839 3439 3905 3491 διε

2320 3532 2582 3600 καιοσύνη
2605 3530 2779 3584 τᾶλλα
2815 3532 3106 3602 θαυμαστή
3135 3547 3220 3593 τις
3245 3526 3400 3595 οὖσα,
3434 3532 3532 3584 καὶ
3567 3531 3802 3602 πλησίον
3820 3530 3910 3583 τοῦ

2317 3623 2449 3675 θεοῦ
2481 3623 2570 3675 τὸν
2605 3623 2894 3693 ἄνθρωπον
2926 3624 3151 3688 ίστῶσα,
3201 3625 3330 3676 ὅταν
3380 3624 3482 3692 τὴν
3526 3623 3918 3694 ὑπερηφανίαν

2318 3711 2718 3781 προσλὰϐηται,
2750 3715 2827 3774 εἰς
2862 3713 2932 3765 τὰ
2957 3713 3248 3766 κατώτατα
3287 3713 3376 3766 τὸν
3409 3713 3705 3784 ἄνθρωπον
3743 3716 3906 3785 απορι

2320 3805 2524 3876 ῥίπτει,
2565 3807 2656 3858 καὶ
2687 3806 2762 3868 ὡς
2801 3806 3032 3875 δαίμονα
3059 3811 3203 3859 ποιεῖ
3237 3806 3329 3859 τὸν
3368 3808 3506 3870 τέως
3534 3811 3750 3861 ἰσόθεον
3783 3826 3915 3879 χρη-

2321 3900 2639 3969 ματίζοντα.
2675 3899 2857 3952 Ἐοικε
2891 3900 2991 3969 μὲν
3017 3897 3110 3955 οὖν
3137 3902 3201 3953 τὰ
3240 3901 3462 3969 ῥήματα
3488 3900 3582 3954 τοῦ
3612 3903 3917 3971 Φαριταίοι.

2321 3992 2379 4056 ἐξ
2417 3994 2587 4063 ἀρχῆς
2618 3994 2715 4061 μὲν
2745 3995 3087 4063 εὐγνώμονος
3116 3993 3406 4062 ἀνθρώπου
3439 3994 3644 4061 λόγοις.
3679 3996 3924 4067 Εὐχαρι-

2322 4091 2429 4143 στῶ
2465 4108 2544 4143 σοι
2575 4091 2703 4161 γὰρ,
2733 4091 2918 4162 φησὶν,
2941 4093 2968 4143 6
2999 4091 3154 4154 Θεὸς,
3179 4093 3245 4145 τὰ
3265 4091 3319 4144 δὲ
3352 4092 3551 4160 ἐφεξῆς
3576 4095 3762 4163 πάσης
3787 4097 3926 4146 ἁπο-

2321 4183 2466 4245 νοίας
2482 4183 2912 4252 πεπληρωμένα.
2939 4183 3014 4236 Ού
3037 4186 3145 4252 γὰρ
3173 4181 3353 4250 εἷπεν,
3388 4184 3471 4236 ὅτι
3518 4185 3826 4256 Ἑποίησάς
3854 4202 3922 4255 με

2322 4276 2550 4345 ἀπέχειν
2583 4275 2688 4327 ἀπὸ
2718 4276 2954 4340 ἀδικίας,
2987 4275 3096 4328 ἀπὸ
3125 4276 3404 4346 ἁρπαγῆς
3448 4276 3590 4329 ἀλλὰ
3619 4278 3779 4343 πῶςς
3808 4279 3926 4331 Οὐκ

2321 4366 2456 4435 είμί.
2514 4365 2723 4436 Ἐαυτῷ
2758 4367 3008 4436 προσῆψε
3039 4367 3099 4419 τὸ
3126 4367 3481 4439 κατόρθωμα,
3516 4370 3613 4422 καὶ
3641 4373 3711 4439 τῇ
3744 4370 3929 4438 οἰκείᾳ

2325 4458 2489 4528 ίσχύῖ.
2525 4460 2597 4510 Τὸ
2630 4459 2682 4510 δὲ
2715 4459 2808 4512 καὶ
2833 4461 2957 4520 τοὺς
2977 4459 3167 4522 ἄλλους
3202 4461 3577 4529 κατακρίνειν,
3615 4463 3782 4515 τοῦτο
3804 4464 3927 4528 πιῖδς

2323 4553 2469 4603 ἐστιν
2504 4550 2793 4621 ἀνθρώπου
2820 4550 3043 4617 εἰδότος,
3077 4551 3151 4613 ὡς
3184 4553 3338 4624 παρὰ
3364 4553 3500 4606 Θεοῦ
3528 4553 3671 4623 ἔχει,
3700 4554 3735 4607 ἃ
3767 4557 3880 4625 ἔχει
3911 4575 3926 4621 ;

641 4660 791 4694 suam
825 4641 1078 4694 virtutem
1133 4641 1416 4692 attinebat.
1451 4639 1633 4692 Gratis
1677 4639 1822 4692 enim
1875 4637 2096 4691 indutus
2138 4645 2215 4690 est

2329 4646 2550 4706 Πάντως
2577 4646 2685 4713 γὰρ
2708 4647 2754 4696 εί
2782 4645 3127 4707 ἐπίστευσεν,
3166 4648 3246 4699 ὅτι
3277 4647 3462 4716 χάριτι
3499 4647 3616 4717 ἔχει
3661 4650 3734 4701 τα
3765 4650 3931 4702 ἀλλος

641 4745 862 4801 propter
898 4731 1330 4786 misericordiam
1371 4748 1381 4783 :
1416 4743 1699 4800 propterea
1738 4733 2002 4798 superbus
2031 4727 2222 4784 Phari-

640 4843 780 4880 scus
801 4867 814 4890 ,
859 4837 1115 4894 tauquam
1160 4824 1394 4894 prepria:
1423 4823 1695 4875 ascribcus
1725 4829 1976 4891 petentia.-
2007 4840 2066 4876 ea
2100 4838 2219 4891 quae

646 4925 782 4969 ticta
817 4925 969 4980 sunt,
1007 4915 1132 4971 inde
1172 4932 1236 4970 eo
1272 4931 1592 4986 progressus
1624 4925 1734 4974 est.
1775 4925 1831 4967 ut
1873 4925 1926 4968 et
1957 4917 2093 4969 alios
2134 4916 2220 4985 ju-

643 5011 804 5064 dicet.
837 5008 1085 5064 Ostendit
1136 5021 1315 5064 autem
1357 5011 1616 5064 Dominus
1646 5019 1699 5065 et
1747 5025 1842 5078 per
1892 5010 2218 5073 stationem,

643 5105 950 5172 superbiam
1001 5104 1148 5173 ejus,
1195 5116 1248 5159 et
1304 5104 1628 5159 humilitatis
1677 5103 1937 5170 inOpiam.
1994 5100 2222 5154 llutnilis

643 5201 780 5249 enim
815 5197 914 5249 viri
937 5207 1020 5250 est
1066 5208 1119 5250 et
1147 5210 1393 5265 aSpectus
1453 5197 1782 5257 humiliatus,
1818 5197 1902 5248 hic
1931 5209 2108 5247 autem
2169 5206 2223 5246 et

653 5289 834 5342 llabitu
855 5301 907 5344 et
938 5301 1089 5359 gestu
1115 5291 1378 5357 superbus
1407 5291 1736 5359 agnosmtur.
1766 5290 2021 5354 Quamvis
2041 5297 2221 5340 autem

645 5391 697 5432 et
733 5365 797 5434 de
827 5383 1108 5446 publicano
1138 5381 1338 5433 dictum
1366 5382 1434 5433 sit
1466 5381 1603 5448 quod
1629 5382 1860 5442 steterit,
1888 5378 2064 5431 tamen
2104 5380 2236 5431 vide‘

642 5485 694 5525 et
735 5487 854 5541 qua:
897 5485 1219 5540 sequuntur,
1270 5474 1411 5542 quod
1459 5490 1630 5542 neque
1680 5475 1864 5527 oeulos
1933 5476 1983 5525 in
2026 5472 2219 5525 ewlum

647 5567 879 5620 voluerit
910 5567 1168 5620 extolli-re
1191 5611 1203 5632 ,
1241 5568 1382 5620 unde
1413 5572 1574 5621 Statio
1611 5566 1725 5634 ejus
1770 5573 2048 5620 incurvata
2083 5579 2219 5620 erat.

643 5661 791 5712 ittius
823 5669 1002 5712 autetu
1034 5669 1088 5714 et
1113 5662 1252 5715 oeuli
1286 5663 1337 5713 in
1365 5662 1559 5715 coelum
1590 5661 2012 5724 extollebantur,
2049 5671 2103 5714 et
2131 5677 2222 5715 cor

644 5751 802 5805 simul
835 5753 1222 5806 extollebatur.
1253 5754 1385 5809 Vide
1412 5765 1591 5808 autem
1626 5766 1677 5810 et
1725 5757 1776 5809 in
1813 5757 2055 5810 oratione
2083 5755 2223 5809 l’tta-

647 5849 784 5900 riswi
812 5847 1078 5914 ordinem,
1118 5849 1246 5916 quid
1281 5849 1478 5902 iudicet
1511 5849 1665 5902 nobis
1700 5866 1712 5902 :
1749 5850 1978 5918 primum
2005 5850 2220 5919 quidem

645 5939 782 5991 dixit
821 5955 881 5992 ea
916 5956 1032 6006 quae
1081 5958 1184 5996 non
1215 5948 1372 5992 erant
1409 5958 1421 5990 :
1455 5953 1505 5992 ct
1543 5952 1669 5995 tunc
1715 5943 2051 5995 enumeravit
2104 5956 2223 6010 quae

2324 4756 2451 4808 τρια
2480 4739 2682 4805 ἀγαθὰ,
2707 4739 2806 4790 οὐκ
2839 4738 2904 4791 ἂν
2930 4739 3056 4801 τοὺς
3089 4739 3284 4802 ἄλλους
3305 4739 3603 4803 ἐξουθένει,
3625 4739 3727 4808 λογ
3755 4741 3933 4810 ξομε-

2324 4849 2410 4893 νος
2443 4833 2524 4883 ὅτι
2574 4832 2667 4883 καὶ
2708 4832 2871 4893 αὐτὸς
2923 4831 3120 4899 ἐπίσης
3152 4832 3358 4902 γυμνρς
3383 4833 3535 4884 ἐστιν
3561 4832 3692 4885 ὅσον
3722 4836 3822 4887 ἐπὶ
3858 4837 3931 4906 τῇ

2323 4924 2502 4994 οἰκείᾳ
2534 4923 2784 4991 δυνάμει,
2836 4923 3046 4995 δωρεὰν
3086 4922 3142 4975 δὲ
3196 4922 3448 4992 ἐνεδύθη,
3480 4923 3572 4977 διὰ
3602 4924 3782 4979 ἔλεον.
3829 4931 3935 4978 Δια

2326 5016 2482 5067 τοῦτο
2515 5017 2863 5085 ὑπερήφανος
2897 5019 2923 5068 ὁ
2953 5016 3268 5084 Φαρισαῖος,
3291 5015 3364 5078 ὡς
3397 5016 3580 5087 οίκεία
3615 5017 3769 5086 ἰσχύί
3801 5021 3936 5072 ἐπι-

2325 5107 2551 5176 γράφων
2582 5109 2649 5159 τὰ
2685 5108 3026 5176 εἰργασμένα
3047 5124 3058 5136 ·
3095 5107 3391 5160 κάντεῦθεν
3427 5109 3654 5178 ὑπήχθη
3681 5113 3782 5162 καὶ
3803 5114 3936 5174 τοὺς

2325 5201 2520 5261 ἄλλους
2580 5200 2955 5269 κατακρίνειν.
3021 5200 3485 5270 Ἐπισημαίνεται
3534 5202 3592 5254 δὲ
3633 5204 3663 5255 6
3716 5205 3935 5278 Κύριος

2326 5294 2421 5343 καὶ
2455 5292 2544 5343 δια
2574 5292 2691 5355 τοῦ,
2725 5292 2970 5356 Σταθεὶς,
2999 5293 3058 5344 τὺ
3110 5291 3422 5363 ὑψηλόφρον
3453 5293 3623 5346 αὐτοῦ
3660 5295 3762 5348 καὶ
3790 5299 3932 5348 ἀτα-

2327 5385 2527 5438 πείνωτ
2545 5397 2614 5436 ινο
2643 5384 2734 5435 τοῦ
2775 5385 2874 5452 μὲν
2909 5385 3020 5455 γὰρ
3043 5386 3465 5454 ταπεινόφρονος
3499 5388 3599 5438 καὶ
3625 5388 3690 5440 τὸ
3713 5389 3934 5459 ὁρώμε-

2327 5495 2416 5527 νον
2449 5475 2724 5540 ταπεινὸν,
2757 5470 2911 5538 οὗτος
2941 5476 2996 5528 δὲ
3029 5478 3124 5529 καὶ
3171 5477 3248 5545 τῷ
3294 5478 3539 5547 σχήματι
3578 5479 3934 5552 σοόαρότητα

2330 5569 2702 5622 ἐπεδείκνυτο.
2740 5570 2801 5620 El
2830 5570 2885 5621 δὲ
2917 5571 3011 5622 καὶ
3059 5571 3186 5639 περὶ
3219 5568 3312 5622 τοῦ
3349 5571 3585 5623 τελώνου
3617 5574 3840 5644 εἴρηται
3871 5579 3934 5627 τὸ

2326 5661 2540 5725 ἑστὼς,
2568 5660 2682 5712 ἀλλ’
2705 5662 2804 5730 ὅρα
2827 5661 2997 5713 καὶτὸ
3019 5661 3215 5731 ἐφεξῆς
3249 5701 3262 5725 ,
3292 5663 3374 5714 ὅτι
3401 5662 3524 5715 οὐδὲ
3550 5665 3685 5729 τοὺς
3711 5667 3922 5734 ὀφθαλ-

2331 5757 2463 5826 μοὺς
2499 5759 2690 5827 ἤθελεν
2719 5761 2798 5819 εἰς
2831 5760 2923 5810 τὸν
2961 5758 3187 5824 οὐρανὸν
3217 5759 3447 5827 ἐπᾶραι,
3485 5757 3635 5811 ὥστε
3667 5761 3702 5829 ἡ
3738 5761 3934 5825 στάσις

2328 5848 2478 5916 αύτῴ
2516 5851 2893 5917 συγκεκυιρυῖα
3055 5849 3296 5900 Ἑκείνου
3321 5838 3378 5900 δὲ
3415 5851 3513 5901 καὶ
3563 5851 3616 5902 οἱ
3653 5851 3936 5920 ὀφθαλμοὶ

2332 5942 2410 6003 είς
2439 5942 2529 5994 τὸν
2553 5943 2610 5994 οὐ
2624 5940 3067 6012 emovit-.ngsz
3093 5980 3107 6004 ,
3133 5944 3225 5994 καὶ
3254 5943 3318 6011 τῇ
3341 5941 3545 6012 καρδία
3569 5942 3934 6012 συνεκινοῦντο.
