4048 6548
121 561 245 626 1035

789 556 888 618 EN
895 552 1237 616 ARRATIO
1275 550 1359 612 ΙΝ
1399 543 1716 613 EVANGE.

1824 538 1910 603 ΞΜ
1946 544 2184 609 ΙιῐῙΟᾹΞ.
2228 569 2299 582 -·
2332 544 2493 605 CAP.
2548 542 2773 609 XVHI.

3295 542 3435 612 1006

114 677 248 746 Ὅρα
276 672 332 726 δὲ
364 671 477 726 κάν
503 672 569 741 τῇ
602 668 693 723 τοῦ
718 669 1018 740 Φαρισαίου
1045 668 1179 739 εὐχῇ
1202 665 1355 733 τάξιν
1384 662 1715 719 ὕποδεικνυ-

1824 669 2003 713 erant.
2043 659 2190 716 Dixit
2225 660 2370 715 enim
2412 675 2426 713 :
2463 657 2580 714 Non
2609 674 2732 714 sum
2760 656 2905 716 sicut
2936 656 3095 713 multi
3123 656 3433 727 hominum,

118 769 277 838 μένην
321 767 485 836 ἡμῖν.
552 764 826 834 Πρότερον
858 762 965 833 γὰρ
998 756 1155 815 εἶπεν
1198 758 1235 814 ἃ
1292 760 1393 812 οὐκ
1434 757 1578 821 ἔστι,
1617 754 1715 809 καὶ

1819 750 1906 805 illa
1937 763 1991 806 et
2021 752 2107 809 illa
2133 794 2148 817 ,
2183 752 2383 808 deinde
2434 753 2692 823 apposuit
2720 766 2841 823 quae
2895 752 3119 809 virtutis
3157 766 3347 820 erant,
3383 766 3443 812 ut

112 860 225 913 τότε
277 855 577 921 κατέλεξεν
609 855 643 909 ἂ
689 854 859 908 ἐστιν.
922 852 1108 908 Εἰπὼν
1145 850 1275 922 γάρ,
1306 850 1431 905 Ὅτι
1459 850 1560 903 οὐκ
1597 848 1716 916 εἰμὶ

1824 844 2067 913 iejunare
2097 847 2181 901 llis
2214 846 2267 901 in
2304 845 2571 910 Sabbato,
2605 853 2662 900 et
2694 843 2941 900 decimas
2980 844 3114 901 dare
3157 844 3227 900 de
3261 847 3443 901 muni-

112 948 248 1011 ὡςοξ
298 948 488 1001 πολλοὶ
528 947 641 1000 τῶν
692 945 1001 1017 ἀνθρώπων
1046 945 1173 999 τάδε
1208 944 1305 998 καὶ
1362 942 1513 1009 τάδε,
1541 958 1713 1011 προσο

112 1042 269 1109 έθηκε
299 1041 399 1094 καὶ
421 1040 493 1095 τά
517 1041 615 1111 τῆς
641 1040 872 1112 ἀρετῆς,
903 1041 965 1094 τὸ
995 1039 1287 1112 νηστεύειν
1323 1037 1406 1101 δὶς
1449 1036 1544 1090 τοῦ
1574 1036 1716 1089 Σαϐ-

113 1134 293 1196 ϐάτου,
328 1133 428 1187 καὶ
456 1133 520 1187 τὸ
541 1132 919 1188 ἀποδεκατοῦν
949 1134 1054 1187 ὅσα
1094 1134 1316 1187 κτᾶται.
1357 1132 1452 1184 Δεῖ
1490 1129 1600 1201 γὰρ
1636 1130 1713 1202 μὴ

111 1226 381 1281 ἰκκλίνειν
415 1228 577 1297 μόνον
610 1226 720 1280 ἀπὸ
751 1224 951 1286 κακοῦ,
980 1225 1117 1279 ἀλλά
1152 1226 1247 1278 καὶ
1276 1226 1454 1279 ποιεῖν
1483 1212 1715 1292 ἀγαθόν,

110 1321 213 1375 Καὶ
251 1322 527 1393 πρότερον
568 1322 650 1375 δεῖ
681 1320 1024 1391 ἀποσχέσθαι
1051 1321 1149 1391 τῆς
1181 1319 1414 1383 κακίας,
1452 1320 1548 1373 καὶ
1588 1318 1713 1371 τότε

106 1418 168 1485 τῇ
198 1414 373 1488 ἀρετῇ
402 1414 781 1486 ἐπιχειρῆσαι,
809 1413 1002 1486 ῶσπερ
1032 1410 1125 1468 οὖν
1158 1414 1255 1467 καὶ
1300 1412 1485 1483 πηγῆς
1518 1410 1713 1481 βορϐο-

112 1508 383 1579 ρωθείσης
417 1507 562 1579 ὕδωρ
598 1507 817 1579 μέλλων
854 1507 1251 1577 ἀπαρύσασθαι
1278 1506 1543 1579 καθαρὸν,
1582 1506 1716 1579 πρό-

103 1616 258 1670 τερον
292 1583 611 1672 ὲκκάθαρον
662 1601 756 1655 τὸν
815 1600 1107 1673 βόρϐορον,
1140 1602 1238 1655 καὶ
1286 1601 1411 1654 τότε
1445 1602 1630 1674 ἀρύσῃ
1656 1601 1717 1655 τὸ

108 1694 373 1766 καθαρόν.
405 1693 517 1749 Καὶ
549 1694 710 1749 τοῦτο
748 1695 806 1750 δὲ
837 1695 1239 1765 ἐπισκόπησον,
1262 1693 1379 1759 πῶς
1408 1694 1508 1747 οὐκ
1536 1690 1715 1762 εἶπεν,

106 1787 187 1839 ὅτι
220 1789 326 1841 οὐκ
368 1788 488 1858 εἰμὶ
509 1787 587 1850 ὼς
622 1789 670 1840 οἱ
710 1786 922 1850 πολλοὶ,
957 1786 1168 1858 ἅρπαξ,
1215 1786 1428 1857 μοιχὸς,
1462 1785 1585 1841 οὐδὲ
1606 1787 1717 1858 γὰρ

105 1881 437 1948 κατεδέξατο
471 1883 605 1953 ἄχρι
629 1882 725 1935 κα¹ι
750 1882 819 1953 pl)
830 1898 1000 1952 ματος
1028 1880 1188 1951 ψιλοῦ
1232 1881 1405 1952 ϐνομα
1426 1879 1717 1951 διαϐεϐληο

106 1971 268 2042 μένον
334 1973 416 2043 τῷ
474 1974 670 2028 ἑαυτοῦ
726 1974 1011 2046 προσώπῳ
1063 1973 1374 2045 μοναδικῶς
1408 1974 1713 2044 προσάψαι,

104 2063 241 2117 ἀλλά
286 2065 681 2135 πληθυντικῶς
732 2068 848 2131 τοῖς
900 2065 1113 2131 λοιποῖς
1176 2065 1493 2138 ἀνθρώποις
1538 2063 1717 2118 ταῦτα

106 2158 505 2229 προσέρριψεν.
537 2159 724 2213 Εἰπὼν
773 2160 830 2213 δὲ
882 2160 1005 2214 Ὅτι
1038 2161 1140 2213 οὐκ
1173 2162 1291 2231 εἰμὶ
1324 2158 1399 2222 ὼς
1437 2160 1484 2211 οί
1514 2160 1713 2225 λοιποὶ,

104 2249 384 2324 ἀντέθηκε
444 2251 625 2323 τούτῳ
666 2252 745 2317 τὸ,
807 2252 1077 2325 Νηστεύω
1128 2252 1212 2316 δὶς
1262 2252 1358 2307 τοῦ
1407 2253 1713 2317 Σαϐϐάτου,

102 2342 381 2409 τουτέστι,
437 2343 694 2418 δεύτερον
718 2346 819 2418 τῆς
871 2345 1192 2418 ἑϐδομάδος.
1231 2347 1514 2403 Σάϐϐατον
1543 2348 1653 2419 γὰρ
1682 2348 1714 2418 ἡ

103 2434 351 2506 ἑϐδομὰς
394 2436 633 2506 ἐλέγετο,
660 2438 767 2491 ἀπθι
800 2438 900 2510 τῆς
924 2435 1256 2503 τελευταίας
1281 2440 1377 2493 καὶ
1405 2437 1718 2493 άναπαυσί-

60 2578 63 2581 _
99 2543 206 2595 μου
235 2530 458 2598 ἡμέρας
483 2530 888 2601 ὀνομαζομένη.
922 2530 1142 2585 Σαϐϐὰτ
1169 2532 1278 2602 γὰρ
1308 2532 1341 2602 ἡ
1373 2532 1714 2597 ἀνάπαυσις,

96 2622 192 2671 καὶ
231 2622 497 2677 Σάϐϐατα
524 2624 582 2677 δὲ
621 2625 723 2696 τὴν
756 2624 1033 2695 ἑϐδομάδα
1080 2624 1272 2693 ἔλεγον
1304 2625 1715 2697 πληθυντικῶς.

100 2711 271 2766 Ὅθεν
306 2717 405 2768 καὶ
444 2717 575 2786 μίαν
620 2717 921 2772 Σαϐϐάτων
956 2719 1057 2787 τὴν
1084 2719 1314 2791 πρώτην
1358 2720 1577 2792 ἡμέραν
1616 2724 1719 2787 τῆς

94 2803 406 2876 ἑϐδομάδος
457 2808 556 2879 τὴν
606 2810 739 2881 παρ’
771 2811 906 2882 ἡμῖν
961 2813 1254 2885 Κυριακὴν
1277 2814 1531 2868 ἐκάλουν
1564 2816 1719 2886 παρὰ

94 2895 209 2966 γὰρ
252 2898 539 2969 Ἑϐραίοις
570 2901 631 2953 τὸ
671 2903 801 2970 μίαν
830 2903 1030 2957 ταυτὸν
1060 2906 1322 2975 σημαίνει
1355 2906 1432 2977 τῷ
1467 2905 1714 2979 πρώτην.

98 2988 306 3055 Ὀντος
336 2994 433 3045 καὶ
463 2993 655 3065 ἑτέρου
681 2994 845 3063 λόγου
878 2996 1206 3068 βαθυτέρων
1232 3000 1371 3069 πρὸς
1403 2999 1502 3069 μὲν
1529 2998 1623 3054 οὖν
1657 3001 1720 3054 τὸ

90 3084 196 3151 τῆς
225 3085 484 3154 μοιχείας
517 3086 687 3149 πάθος
717 3088 818 3159 τὴν
864 3090 1121 3160 νηστείαν
1162 3091 1717 3165 ἀντηλαζωνεύσατο,

91 3178 191 3228 καὶ
217 3176 339 3244 γὰρ
380 3179 490 3232 ἀπὸ
512 3180 726 3251 τρυφῆς
760 3182 792 3252 ὴ
819 3181 1071 3251 λαγνεία,
1118 3184 1283 3249 αὐτὸς
1332 3186 1434 3255 μὲν
1464 3186 1525 3239 τὸ
1554 3186 1720 3258 σῶμα

89 3265 183 3318 διὰ
220 3260 491 3337 νηστείας
520 3270 727 3340 ἄγχων,
763 3272 901 3326 πολὺ
933 3275 1130 3345 ἀπεῖχε
1161 3258 1271 3330 τῶν
1314 3277 1577 3333 τοιούτων
1606 3297 1717 3334 πα-

1821 938 1920 991 bus
1951 953 2073 1008 qua:
2135 938 2473 1008 possidebat.
2514 936 2745 1009 Oportet
2777 938 2926 992 enim
2974 953 3085 993 non
3119 938 3296 995 solum
3341 940 3441 996 de-

1819 1029 2028 1085 clinare
2051 1046 2083 1085 a
2110 1029 2275 1096 malo,
2308 1031 2403 1086 sed
2427 1039 2483 1086 et
2514 1029 2701 1085 facere
2724 1029 2958 1086 bonum.
2996 1028 3061 1085 Et
3093 1031 3247 1103 prius
3275 1046 3441 1103 opor-

1821 1126 1897 1172 tet
1923 1118 2194 1174 absistere
2227 1135 2256 1173 a
2289 1119 2435 1176 malo
2460 1160 2476 1186 ,
2523 1128 2581 1175 et
2630 1130 2820 1189 postea
2853 1118 3120 1176 virtutem
3166 1122 3389 1196 aggredi
3422 1140 3438 1179 :

1817 1210 2282 1280 quemadmodum
2335 1223 2391 1267 et
2448 1214 2503 1267 in
2555 1210 2710 1268 l‘ont'e
2746 1210 2951 1281 lutoso,
3004 1222 3063 1266 ut
3104 1227 3248 1283 aqua
3302 1229 3441 1286 pura

1820 1301 2044 1369 deﬂuat,
2090 1304 2242 1375 prius
2293 1304 2468 1359 lutum
2503 1306 2944 1377 expurgandum,
2984 1317 3041 1360 ut
3071 1304 3301 1363 haurias
3335 1322 3442 1377 pu-

1821 1411 1936 1450 ram
1966 1412 2188 1465 aquam.
2221 1398 2524 1454 Considera
2558 1408 2743 1454 autem
2776 1407 2832 1454 et
2861 1398 2987 1465 ilOC,
3020 1400 3299 1469 quomodo
3330 1416 3443 1458 non

1822 1491 2151 1562 arripuerit-
2186 1507 2416 1562 parvum
2455 1492 2724 1559 verbum,
2781 1501 2841 1548 ut
2893 1492 3161 1564 singulari
3219 1495 3443 1551 nomine

1821 1585 2032 1639 diceret
2067 1624 2082 1651 ,
2119 1584 2215 1640 sed
2247 1572 2441 1656 plurali
2481 1600 2714 1642 numero
2744 1585 2799 1640 in
2843 1586 3045 1643 multos
3085 1586 3201 1643 bace
3232 1602 3445 1658 expue-

1823 1676 1893 1729 rit
1920 1718 1933 1741 ,
1964 1676 2199 1733 dicendo
2227 1695 2243 1738 :
2271 1676 2425 1744 Quod
2461 1692 2567 1741 non
2598 1693 2718 1733 sum
2753 1677 2895 1734 sicut
2928 1680 3136 1735 caueri.
3168 1680 3306 1737 Cum
3348 1696 3448 1737 au-

1824 1778 1931 1823 tem
1965 1769 2232 1841 dixisset,
2268 1769 2387 1826 Non
2429 1786 2549 1826 sum
2599 1771 2747 1827 sicut
2791 1772 3013 1839 caeteri,
3058 1774 3354 1843 apposuit,
3388 1785 3447 1831 et

1824 1863 2005 1917 dixit:
2039 1860 2239 1933 Jejuno
2266 1862 2352 1920 bis
2402 1864 2457 1919 in
2508 1862 2774 1930 sabbato,
2816 1864 2918 1921 hoc
2972 1874 3081 1932 est,
3116 1866 3203 1923 bis
3246 1868 3300 1923 in
3342 1867 3444 1924 lte-

1822 1955 2114 2013 bdomade.
2139 1957 2439 2013 Sabbatum
2468 1960 2615 2013 enim
2648 1958 2950 2015 hebdomas
2977 1970 3082 2025 est,
3102 1975 3225 2030 quae
3247 1978 3281 2017 a
3313 1976 3446 2018 con-

1826 2049 2194 2104 summatione
2226 2059 2277 2103 et
2308 2049 2496 2119 quieto
2528 2048 2620 2105 die
2659 2049 2998 2105 nominatur.
3033 2050 3241 2107 Sabbat
3270 2053 3443 2118 enim,

1825 2143 2021 2212 quies;
2056 2143 2189 2211 quin
2216 2149 2272 2197 et
2304 2141 2549 2198 Sabbata
2593 2142 2996 2199 ltebdomadem
3032 2145 3295 2201 dicebant
3325 2146 3447 2216 plu-

1826 2237 1925 2290 rali
1958 2252 2209 2291 numero.
2250 2236 2412 2293 Unde
2446 2246 2503 2293 et
2554 2253 2719 2291 unam
2751 2235 3149 2305 Sabbatorum,
3206 2240 3443 2310 primam

1824 2330 1967 2385 diem
1998 2330 2380 2396 hebdomadas,
2420 2346 2543 2401 quae
2576 2330 2720 2402 apud
2752 2347 2856 2387 nos
2882 2341 2969 2387 est
2998 2331 3311 2397 Dominica,
3342 2348 3443 2389 ro-

1822 2424 2055 2491 cabant;
2090 2426 2230 2495 apud
2266 2427 2531 2482 llebrmos
2559 2414 2706 2482 enim
2742 2441 2913 2481 unum
2937 2436 2993 2482 et
3026 2427 3268 2498 primum
3297 2428 3441 2484 idem

1824 2518 2025 2589 signat.
2061 2517 2158 2574 Est
2189 2529 2245 2574 et
2291 2520 2432 2576 alius
2472 2520 2801 2591 profundior
2832 2535 3055 2589 sermo;
3094 2537 3220 2576 nam
3250 2531 3443 2578 contra

1824 2612 2157 2668 adulterium
2196 2613 2542 2684 gloriabatur
2579 2615 2645 2670 de
2670 2613 2886 2685 jejunio
2921 2627 2937 2670 :
2978 2630 3005 2669 a
3039 2615 3254 2672 deliciis
3295 2617 3443 2672 enim

1823 2707 2149 2775 petulantia.
2200 2708 2319 2777 Ipse
2376 2707 2542 2777 igitur
2606 2724 2815 2779 corpus
2893 2718 3123 2780 propter
3172 2710 3445 2779 jejunium

1824 2815 2209 2872 compescens,
2246 2817 2274 2855 a
2328 2801 2514 2856 multis
2546 2801 2821 2872 ejusmodi
2861 2800 3251 2859 affectionibus
3305 2804 3448 2860 liber

1824 2903 1961 2951 erat.
2000 2893 2331 2965 Jejunabant
2360 2905 2546 2949 autem
2577 2894 2843 2950 Pharisaei
2872 2899 3113 2952 secunda
3145 2906 3199 2951 et
3226 2898 3445 2966 quinta.

1824 2989 2031 3045 Contra
2070 2991 2316 3059 rapinam
2346 3001 2401 3046 et
2428 2988 2755 3057 injustitiam
2795 2989 3115 3060 proferebat
3164 2992 3443 3047 dationem

1825 3084 2169 3139 decimarum
2220 3084 2467 3138 omnium
2508 3099 2631 3153 quae
2666 3084 3009 3153 possidebat.
3045 3083 3311 3149 Tantum,
3360 3085 3449 3139 in-

1825 3177 1966 3247 quit,
2000 3178 2319 3233 contrarius
2347 3193 2467 3232 sum
2512 3179 2718 3249 rapina:
2760 3188 2815 3234 et
2850 3175 3154 3249 injustitim,
3186 3187 3243 3233 ut
3279 3179 3447 3234 etiam

1825 3285 1947 3339 qua:
1990 3286 2108 3325 mea
2142 3279 2291 3337 sunt,
2331 3272 2663 3341 expendunt.
2722 3270 3069 3326 Decimarum
3105 3272 3251 3327 enim
3296 3272 3451 3327 datio

86 3358 231 3413 θῶν.
285 3362 616 3432 Ἐνήστευον
646 3364 693 3416 δ’
728 3364 841 3436 ἄρα
878 3368 929 3419 οί
964 3369 1253 3439 Φαρισαῖοι
1292 3372 1579 3444 δευτέραν,
1624 3374 1716 3428 καὶ

1830 3364 2049 3419 videtur
2099 3366 2428 3435 quibusdam
2472 3366 2802 3437 simpliciter
2850 3366 3016 3439 435
3063 3378 3118 3423 et
3169 3368 3342 3423 semel
3382 3370 3451 3423 de

90 3454 556 3527 πέμπτην.Πρὸς
586 3457 642 3511 δὲ
665 3459 751 3528 τὸ,
784 3461 1070 3531 ’Λρπιγες
1094 3465 1189 3517 καὶ
1221 3464 1421 3531 ἄδικοι,
1454 3466 1716 3534 ἀντέταξε

1829 3458 1946 3529 lege
1978 3458 2269 3529 praedicari
2307 3476 2320 3513 :
2355 3458 2440 3514 Itis
2475 3470 2658 3515 autem
2698 3462 2790 3529 qui
2819 3460 3150 3531 profundius
3194 3472 3451 3518 scrutati-

80 3545 171 3610 τὸ,
220 3547 584 3604 Ἀποδεκατῶ
608 3552 709 3606 ὅσα
758 3554 1021 3624 κτῶμαι·
1056 3558 1312 3611 τοσοῦτον
1360 3559 1490 3630 γὰρ,
1527 3560 1717 3630 φησὶν,

84 3639 466 3712 ὲναντιοῦμαι
523 3647 589 3715 τῇ
643 3646 896 3719 ἁρπαγῇ,
951 3650 1048 3703 καὶ
1080 3650 1290 3721 ἀδικίᾳ,
1347 3649 1489 3704 ὥστε
1529 3655 1624 3706 καὶ
1650 3654 1720 3707 τά

80 3730 355 3803 ἐμαυτοῦ
413 3737 779 3809 προσδίδωμι.
850 3741 915 3794 Ἠ
971 3742 1028 3795 δὲ
1083 3744 1390 3809 δεκάτωσις
1416 3745 1568 3798 δοκεῖ
1616 3747 1719 3818 μέν

80 3841 245 3879 τισιν
267 3826 460 3892 άπλῶς
483 3830 578 3883 καὶ
600 3830 751 3897 anas.
778 3835 931 3902 παρά
952 3835 1047 3889 τοῦ
1075 3836 1245 3908 νόμου
1268 3838 1716 3909 διαγορεύεσθαι,

81 3919 214 3981 τοῖς
246 3918 311 3971 δὲ
347 3918 561 3988 βαθέως
608 3923 908 3995 ἐρευνῶσιν
941 3928 1129 3993 αὑτὸν,
1198 3929 1517 4001 εὑρίσκεται
1569 3936 1720 4005 τρεῖς

82 4006 448 4074 δεκατώσεις
474 4014 891 4085 εἰσηγούμενος,
926 4020 1020 4072 καὶ
1045 4018 1208 4075 τοῦτο
1238 4024 1301 4075 ὲκ
1326 4024 1420 4078 τοῦ
1454 4026 1719 4095 Δευτερο-

79 4102 299 4172 νομίου
336 4106 564 4178 μαθήσῃ
593 4108 863 4180 ἀκριϐῶς,
889 4114 1192 4187 ἐπιστήσας
1224 4118 1317 4173 τὸν
1346 4120 1492 4176 νοῦν.
1530 4122 1720 4177 Ταῦτα

86 4198 202 4264 μὲν
244 4196 347 4250 οὖν
378 4199 406 4250 ὁ
442 4200 761 4271 Φαρισαῖος
793 4207 821 4256 6
874 4206 931 4258 δὲ
964 4208 1208 4282 τελώνης
1238 4214 1421 4267 πάντα
1458 4215 1527 4268 τὰ
1565 4218 1721 4270 ὲναν-

76 4292 205 4347 τία.
240 4293 550 4364 Μακρόθεν
576 4297 687 4367 γὰρ
711 4297 901 4353 ἵστατο
936 4304 1031 4356 καὶ
1058 4290 1323 4375 σχήματι,
1346 4308 1443 4362 καὶ
1484 4310 1716 4380 ῥήματι,

75 4388 185 4439 καὶ
228 4387 537 4452 κατανύξει
570 4391 801 4461 καρδίας
833 4394 1098 4465 πάμπολυ
1122 4399 1347 4470 ἀπέχων
1374 4402 1561 4469 αὐτοῦ,
1624 4407 1720 4459 καὶ

70 4482 142 4533 οὐ
175 4481 345 4551 μόνῳ
366 4481 448 4551 τῷ
474 4483 691 4553 τοπικῷ
719 4486 1053 4558 διαστήματι
1079 4506 1091 4518 ’
1133 4492 1260 4557 τούς
1292 4512 1351 4547 τε
1381 4495 1488 4567 γὰρ
1516 4497 1721 4567 ὀφθαλ-

75 4576 237 4642 μους
278 4572 463 4644 ᾐδεῖτο
483 4574 564 4638 εἰς
596 4576 685 4630 τὸν
725 4578 958 4649 οὐρανὸν
988 4578 1147 4653 ἆραι,
1179 4585 1439 4653 ἀναξίους
1486 4591 1587 4660 τῆς
1610 4591 1719 4646 τῶν

71 4668 206 4723 ἄνω
272 4668 408 4731 Θέας
460 4668 665 4740 κρίνων
728 4674 855 4737 τοὺς
886 4676 955 4729 τὰ
982 4675 1083 4746 τῆς
1125 4678 1229 4747 τῆς
1262 4681 1448 4749 ἀγαθὰ
1472 4680 1716 4753 βλέπειν,

1831 3561 1937 3617 tur,
1973 3560 2275 3607 occurrunt
2321 3562 2437 3608 tres
2474 3554 2812 3608 decimarum
2850 3554 3143 3620 «lationes,
3190 3571 3330 3627 quas
3368 3557 3451 3609 in-

1829 3645 2069 3702 troducit
2107 3645 2159 3699 id
2206 3646 2351 3716 quod
2385 3662 2451 3702 ex
2502 3646 2935 3702 Deuteronomio
2967 3650 3171 3713 disces,
3224 3649 3270 3704 si
3324 3650 3453 3703 dili—

1825 3749 2018 3811 genter
2067 3739 2356 3795 intuearis.
2406 3740 2472 3795 Et
2534 3741 2651 3796 haec
2702 3741 2926 3811 quidem
2985 3738 3324 3798 Pharisazus.
3376 3744 3448 3798 At

1826 3831 2154 3901 publicanus
2178 3834 2416 3889 diversa.
2454 3832 2643 3903 Longe
2666 3836 2814 3889 enim
2854 3834 3057 3900 stabat,
3091 3846 3146 3889 et
3179 3838 3447 3907 gestibus,

1825 3932 1880 3977 ct
1928 3939 2207 3990 sermone,
2252 3938 2307 3981 et
2368 3926 2796 3996 eompunctione
2837 3927 3023 3983 cordis
3064 3928 3309 3984 distabat
3380 3935 3449 3983 an

1826 4016 1941 4081 illo,
1978 4032 2085 4071 non
2138 4026 2350 4073 tantum
2394 4019 2547 4086 loco;
2602 4021 2899 4076 verebatur
2946 4020 3094 4075 enim
3144 4023 3335 4080 oculos
3392 4025 3449 4079 in

1825 4108 2027 4163 caelum
2095 4109 2376 4177 attollere,
2429 4112 2684 4182 indignos
2750 4113 3011 4183 judicans
3067 4114 3161 4184 qui
3220 4132 3443 4172 sursum

1827 4213 2182 4273 spectarent,
2217 4206 2309 4275 qui
2348 4204 2638 4261 voluerant
2682 4205 2873 4262 videre
2922 4208 3068 4262 bona
3111 4215 3355 4272 terrena,
3393 4217 3448 4261 et

1827 4298 1932 4352 illis
1958 4297 2098 4360 Irui.
2136 4299 2201 4352 Et
2252 4299 2532 4369 percussit
2572 4305 2764 4367 peetus
2808 4314 2997 4365 suum,
3026 4315 3124 4356 cor
3157 4302 3445 4367 Videlicet,

1826 4400 2053 4459 prepter
2097 4388 2268 4444 malas
2297 4391 2689 4457 cegitationes,
2722 4398 2777 4445 et
2826 4400 2889 4444 ut
2916 4390 3123 4446 excitet
3166 4408 3256 4461 qui
3280 4393 3311 4446 d
3346 4410 3393 4447 υΔ
3427 4423 3446 4432 υ

1823 4481 2148 4547 dormierat,
2173 4479 2306 4537 nihil
2335 4481 2476 4536 aliud
2496 4482 2737 4546 dicebat,
2756 4496 2918 4553 quam
2949 4498 2963 4535 :
2992 4482 3159 4545 Dens,
3180 4485 3448 4555 pl’Opilitts

1825 4580 1945 4625 esto
1990 4571 2123 4624 tnilti
2169 4576 2471 4641 peccaturi.
2512 4572 2749 4641 Propter
2783 4574 2899 4629 haec
2932 4576 3118 4630 omnia
3154 4576 3450 4631 descendit

1821 4661 2156 4731 jnstilicatus
2189 4664 2240 4717 in
2293 4666 2513 4720 domum
2547 4681 2731 4732 suam,
2768 4666 2943 4736 magis
2992 4666 3155 4737 q'uam
3192 4670 3302 4725 ille.
3341 4670 3450 4725 lm-

68 4763 187 4817 καὶ
223 4758 585 4835 καρποῦσθαι
612 4763 974 4835 θελήσαντας.
1003 4769 1097 4833 Είς
1125 4787 1184 4824 τε
1209 4771 1269 4825 τὸ
1303 4773 1716 4845 στῆθοςὲαυτοῦ

1833 4757 2065 4813 mundus
2092 4758 2236 4813 enim
2263 4760 2402 4829 apud
2431 4760 2721 4814 Dominum
2748 4762 2933 4816 omnis
2957 4762 3230 4832 superbus
3255 4767 3445 4827 cordo,

68 4852 364 4917 ἔτυπτεν,
402 4853 502 4924 τὴν
526 4853 755 4923 καρδίαν
781 4857 946 4909 οἱονεὶ
984 4857 1248 4931 πλήσσων
1294 4864 1436 4935 ὑπὲρ
1474 4866 1583 4919 τῶν
1614 4884 1716 4921 πο·-

65 4946 289 5018 νηρῶν
320 4946 732 5018 βουλευμάτων,
766 4952 861 5005 καὶ
893 4955 972 5017 είς
1004 4955 1259 5027 αἴσθησιν
1308 4957 1597 5032 διεγείρων
1629 4956 1719 5016 οἷα

66 5039 505 5117 καθεύδουσαν,
523 5041 616 5095 καὶ
646 5042 799 5096 οὐδὲν
830 5044 961 5099 ἄλλο
997 5045 1209 5115 ἔλεγεν,
1232 5049 1288 5117 ἢ,
1330 5050 1391 5103 Ὀ
1421 5050 1573 5119 Θεὸς,
1603 5053 1717 5107 ἱλά-

67 5133 270 5204 σθητί
314 5151 407 5205 μοι
459 5133 538 5205 τῷ
566 5137 901 5209 ἀμαρδωλῷ.
968 5140 1079 5193 Καὶ
1110 5143 1200 5196 διὰ
1224 5144 1429 5197 τούτων
1456 5146 1717 5201 ἁπάντων

62 5225 320 5295 κατέϐη
379 5224 825 5299 δεδικαιωμένος,
935 5234 1165 5299 ἐκεῖνος,
1202 5237 1325 5290 ἀντὶ
1368 5236 1487 5305 τοῦ,
1518 5238 1649 5311 παρ’
1689 5240 1717 5292 ὃ

1828 4861 1883 4906 et
1912 4849 2177 4907 Dominus
2233 4856 2489 4922 superbis
2520 4854 2752 4919 resistit,
2808 4856 3108 4911 humilibus
3140 4867 3322 4911 autem
3357 4860 3449 4913 dat

1828 4945 2062 5014 gratiam
2083 4946 2151 5000 9‘.
2187 4944 2390 5000 Verum
2418 4947 2787 5001 admirabitur
2814 4948 2957 5017 quis,
2992 4949 3271 5019 quomodo
3300 4949 3445 5005 Plia-

1828 5039 2042 5105 risaeus,
2070 5055 2195 5094 cum
2221 5054 2394 5108 pauca
2425 5040 2591 5095 verba
2625 5050 2948 5109 arroganter
2977 5044 3442 5113 pronuntiaverit.

1826 5134 2261 5199 condemnetur;
2286 5130 2390 5187 Job
2415 5144 2596 5187 autem
2624 5128 2745 5187 cuin
2776 5134 2947 5188 multa
2980 5134 3044 5191 de
3069 5150 3129 5191 se
3154 5138 3446 5208 magniﬁce

1828 5226 1994 5291 dicat,
2054 5228 2388 5283 coronetur?
2440 5227 2594 5295 Quod
2642 5226 2954 5283 Pltarismus
3015 5229 3237 5298 quidem
3292 5231 3445 5285 nullo

61 5320 319 5382 ἐκεῖνος
339 5332 354 5347 ⁸
371 5317 711 5392 ’Δκάθαρτος
733 5323 844 5395 γὰρ
865 5326 1017 5397 παρά
1048 5329 1241 5399 Κυρίῳ
1266 5332 1375 5392 πᾶς
1403 5331 1716 5405 ὑψηλοκάρ-

1825 5329 2056 5389 cogente
2110 5330 2220 5375 stat
2273 5322 2403 5377 talia
2459 5337 2705 5393 nugans,
2756 5332 2814 5376 et
2874 5321 3013 5377 alios
3062 5322 3446 5379 condemnatis

62 5413 239 5476 ὄιος,
267 5411 366 5464 καὶ
397 5410 601 5481 Κύριος
623 5414 1001 5485 ὑπερηφάνοις
1023 5422 1716 5490 ἀντιτάσσεται,ταπεινοίς

1824 5413 1972 5467 nullo
2009 5429 2107 5468 usu
2142 5422 2371 5484 urgente
2422 5433 2434 5469 :
2474 5413 2576 5469 Job
2631 5430 2760 5470 vero
2818 5416 3198 5485 prementibus
3226 5418 3440 5482 amicis,

56 5507 132 5559 δὲ
172 5504 378 5558 δίδωσι
402 5505 584 5574 χάριν.
632 5507 796 5562 Ἀλλά
820 5509 1155 5582 θαυμάσειεν
1188 5515 1253 5570 ἄν
1280 5533 1385 5580 τις,
1418 5517 1537 5582 πῶς
1560 5522 1588 5573 6
1621 5519 1716 5590 μὲν

1824 5519 1878 5564 et
1906 5508 2126 5578 gravius
2158 5508 2605 5565 incumbentibus
2632 5525 2799 5579 quam
2837 5510 3130 5565 calamitas
3178 5512 3318 5582 ipsa.
3350 5513 3435 5567 di—

60 5600 409 5669 Φοιρισαῖος
436 5597 597 5667 ὀλίγα
621 5602 842 5671 ῥήματα
877 5604 1365 5678 μεγαλοφροσύνης
1391 5611 1716 5682 προϊέμενος

1824 5602 2185 5671 cantibusque
2231 5602 2379 5673 quod
2429 5612 2657 5673 prepter
2709 5614 2935 5673 peccata
2975 5604 3064 5658 illa
3100 5606 3173 5659 sit
3205 5621 3439 5676 passus,

56 5690 532 5763 κατακρίνεται,
568 5695 596 5747 6
624 5694 681 5748 δὲ
727 5694 850 5749 Ὶὼϐ
884 5696 1185 5769 πάμπολλα
1230 5701 1716 5775 μεγαλορρημονή-

1824 5696 2138 5765 compulsus
2168 5706 2250 5749 est
2282 5710 2614 5750 enumerare
2645 5711 2743 5751 sua
2777 5712 2969 5767 opera,
3017 5697 3183 5770 idque
3214 5706 3441 5769 preptcr

60 5805 195 5851 σας
242 5787 651 5855 στεφανοῦταις
693 5791 818 5846 Ὀτι
847 5810 929 5846 τοι
954 5795 982 5846 6
1014 5795 1113 5864 μὲν
1154 5795 1453 5866 Φαρισαῖος
1500 5800 1716 5865 οὒδενὸς

1830 5791 2060 5860 gloriam
2093 5789 2227 5856 Dei,
2280 5806 2352 5847 ne
2384 5791 2596 5846 scilicet
2633 5790 2887 5847 homines
2916 5799 2958 5847 ἀ
2994 5803 3147 5849 recto
3179 5794 3439 5849 virtutum

56 5878 525 5948 ἀναγκάζοντος
556 5882 744 5938 ἵστατο
786 5887 1014 5942 τοιαῦτα
1047 5886 1390 5959 ματαιάζων,
1420 5892 1514 5946 καὶ
1543 5909 1715 5946 κατα-

1830 5909 1993 5949 cursu
2028 5891 2368 5947 exciderent.
2400 5884 2534 5942 Nam
2568 5886 2611 5942 si
2640 5901 2965 5958 persuasum
3000 5889 3318 5942 habuissent
3347 5887 3445 5940 lto-

146 6068 207 6099 "-
259 6064 461 6121 lPetr.
502 6081 555 6131 ν,
587 6065 639 6121 5.
