4048 6502
660 342 790 407 lOll

1511 352 2093 415 THEOPHYLACTI
2138 351 2554 421 BULGARLE
2596 364 2955 431 ARCHIEP.

3801 377 3930 448 101?.

652 460 816 513 rtiaiu
851 473 911 513 ea
945 460 997 513 iu
1032 459 1231 530 quibus
1266 476 1373 517 non
1432 463 1606 529 multi,
1656 477 1826 533 neque
1869 464 2068 534 saepius
2105 482 2117 518 :
2164 463 2231 517 ttti

2345 470 2574 541 ἔνδοθεν,
2620 477 2682 531 τὸ
2724 482 2995 548 φονεύειν,
3049 484 3234 559 ἐπειδὴ
3272 487 3416 558 μέγα
3462 487 3659 561 θηρίον
3690 491 3720 546 ὅ
3752 492 3933 565 θυμός·

654 561 737 601 est
786 549 1116 605 adulterium
1166 538 1531 617 committere,
1560 556 1683 622 quia
1716 555 1855 625 ignis
1891 555 2159 611 naturalis
2188 566 2245 611 et

658 648 938 714 internus’;
969 647 1240 715 occidere,
1274 650 1400 719 quia
1429 654 1571 705 mala
1601 652 1770 706 bestia
1801 662 1886 706 est
1910 652 2011 707 ira.
2042 652 2237 708 Furari

653 750 835 793 autem
879 739 1053 796 levius
1085 751 1190 809 est,
1242 752 1298 799 et
1328 745 1379 798 in
1418 744 1615 799 falsum
1657 745 2027 801 testimonium
2063 746 2242 802 rarius

654 832 894 887 Dmidere
924 834 1210 907 contingit.
1244 836 1370 893 Ideo
1402 848 1457 894 et
1500 838 1587 893 illa
1624 840 1841 909 quidem
1873 840 2027 910 prius
2068 840 2243 895 corri-

650 935 871 993 guntur,
901 942 966 983 eo
1000 931 1144 999 quod
1177 930 1334 987 facile
1363 931 1416 986 in
1462 931 1547 987 illa
1587 932 1955 1003 prolabuntur.
1991 932 2240 1003 quamvis

649 1015 852 1083 alioqui
904 1020 1157 1085 graviora
1190 1019 1317 1072 sint.
1360 1017 1485 1074 Haec
1527 1030 1729 1083 autem,
1767 1021 1968 1075 l‘urtum
2000 1021 2143 1089 dico,
2184 1031 2240 1076 et

650 1106 845 1161 falsum
893 1109 1294 1173 testimonium,
1342 1113 1581 1166 secundo
1634 1114 1749 1168 loco
1801 1114 1971 1182 ponit,
2014 1124 2071 1168 ut
2117 1130 2239 1185 qua:

650 1200 830 1253 rarius
860 1201 1193 1271 contingant,
1227 1210 1280 1256 et
1305 1204 1503 1259 leviora
1538 1205 1668 1259 sint.
1697 1203 1866 1259 Porro
1901 1206 1951 1258 ia
1987 1216 2237 1275 parentes

650 1308 897 1360 chCare,
930 1294 1177 1362 quamvis
1207 1294 1274 1351 sit
1304 1296 1507 1365 grande
1525 1308 1827 1367 peccaturo,
1859 1307 2235 1354 verumtamen

650 1386 825 1437 rarius
870 1385 1155 1453 contingit.
1196 1384 1312 1443 Non
1349 1388 1491 1441 enim
1540 1387 1699 1441 facile
1735 1388 2007 1443 invenitur
2034 1388 2124 1459 qui
2162 1388 2235 1443 ita

647 1475 967 1531 bestialibus
1000 1477 1243 1533 moribus
1272 1479 1364 1544 sit,
1398 1490 1454 1531 ut
1490 1478 1541 1534 in
1571 1489 1823 1549 parentes
1847 1481 2232 1547 debacchetur,

646 1567 804 1635 pauci
836 1568 980 1621 enim
1011 1579 1158 1635 sunt,
1192 1585 1424 1641 raroque
1454 1572 1511 1624 lit
1540 1588 1554 1625 :
1585 1581 1636 1627 et
1679 1572 1799 1627 ideo
1828 1574 2104 1642 posterius
2138 1588 2235 1643 po-

646 1661 749 1715 uit.
786 1659 1077 1731 Postquam
1115 1672 1295 1718 autem
1326 1663 1644 1719 adolescens
1665 1681 1723 1720 se
1749 1666 1928 1719 omnia
1967 1666 2081 1719 lucc
2119 1680 2234 1719 ser-

646 1768 803 1807 vasse
830 1754 967 1809 dixit
994 1770 1022 1808 a
1050 1756 1357 1821 iuventute,
1389 1759 1718 1828 prmscripsit
1743 1759 1791 1812 ei
1820 1759 2076 1813 Dominus
2100 1772 2233 1827 pau—

644 1854 933 1909 pertatem,
958 1856 1118 1915 caput
1137 1850 1377 1906 omnium
1399 1849 1677 1902 virtutum.
1704 1847 1833 1902 Vide
1855 1859 2034 1903 autem
2061 1847 2230 1917 legem
2266 1837 2307 1893 Β

644 1935 953 1991 Christiana
994 1938 1099 1991 vita
1131 1938 1347 2006 dignam
1390 1956 1402 1991 :
1440 1937 1629 1993 Omnia
1679 1954 2033 2006 quaecumque
2066 1937 2233 1992 habes

644 2028 841 2092 vende,
876 2030 1085 2099 inquit;
1126 2047 1247 2086 nam
1279 2033 1321 2087 si
1352 2033 1479 2100 quid
1510 2033 1815 2101 reliqueris,
1855 2031 1999 2085 illius
2040 2045 2232 2085 servus

641 2135 722 2175 es.
766 2119 830 2174 Et
860 2122 1129 2177 dlslribue
1168 2140 1271 2178 non
1311 2124 1569 2178 divitibus
1607 2124 1872 2192 cognatis,
1908 2123 2000 2176 sed
2038 2135 2236 2190 paupe-

641 2212 812 2267 Iibus.
848 2212 1023 2269 llabet
1056 2227 1238 2271 autem
1274 2226 1327 2272 et
1357 2216 1717 2271 distriltucndi
1749 2216 1974 2270 verbum
2006 2216 2235 2285 empha-

639 2306 744 2358 sim
794 2307 1108 2375 quamdam,
1154 2316 1211 2362 ttt
1260 2323 1380 2362 cum
1418 2308 1832 2374 dijtttlicatione,
1876 2314 1930 2363 et
1978 2324 2081 2363 non
2113 2309 2235 2377 ﬂor-

642 2396 780 2451 tuito
805 2396 1189 2470 dispergantur
1216 2400 1378 2454 bona.
1407 2398 1577 2472 438
1602 2399 1867 2466 Quoniam
1897 2409 2076 2455 autem
2108 2416 2231 2454 cum

600 2494 962 2561 'paupcrtate
1012 2501 1067 2545 et
1118 2492 1255 2548 alias
1318 2494 1520 2549 habere
1578 2496 1805 2550 virtutes
1860 2493 2229 2549 Christianum

638 2591 874 2649 oportet,
910 2592 1200 2651 prepterea
1234 2584 1404 2640 dicit:
1438 2583 1505 2639 Et
1536 2586 1678 2651 veni,
1712 2600 1945 2655 sequere
1972 2600 2095 2639 me:
2128 2584 2232 2641 hoc

638 2688 743 2742 est,
782 2689 837 2735 et
881 2679 935 2734 in
988 2681 1241 2737 omnibus
1274 2681 1395 2736 aliis
1434 2692 1552 2736 esto
1602 2681 1902 2751 discipulus
1951 2696 2123 2746 meus,
2177 2689 2230 2736 et

640 2784 861 2841 semper
918 2786 1172 2839 sequere,
1227 2787 1331 2827 non
1394 2773 1555 2828 hodie
1606 2773 1849 2841 quidem,
1891 2788 2013 2828 cras
2048 2783 2229 2828 autem

638 2872 771 2911 non.
808 2856 878 2913 Ut
914 2867 1095 2913 autem
1121 2875 1287 2915 avaro
1309 2860 1561 2929 promisit
1585 2860 1863 2915 caelestem
1890 2861 2226 2928 thesaurum,

635 2950 731 3004 sed
767 2965 871 3003 non
898 2951 1131 3005 attendit
1153 2950 1243 3005 ille
1270 2970 1283 3007 :
1311 2966 1502 3006 servus
1524 2952 1666 3007 enim
1686 2963 1803 3007 erat
1826 2954 2176 3023 pecuniarum
2210 2970 2225 3007 :

634 3041 761 3098 ideo
783 3054 837 3097 et
867 3052 923 3098 nt
946 3044 1175 3106 audivit.
1210 3045 1343 3100 abiit
1369 3045 1563 3111 tristis,
1590 3061 1655 3101 eo
1684 3047 1829 3118 quod
1864 3049 2226 3117 possessionis

634 3133 873 3203 privatio
905 3144 1052 3190 esset
1081 3136 1129 3191 ei
1163 3136 1331 3201 dicta,
1367 3146 1589 3208 propter
1620 3154 1780 3207 quam
1816 3140 1932 3208 ipse
1962 3150 2221 3195 aeterna-ti

634 3224 801 3279 vitam
832 3224 1132 3293 desiderat,
1174 3242 1281 3296 quo
1326 3229 1495 3297 possit
1530 3239 1792 3300 perpetuo
1834 3230 2042 3284 divitiis
2090 3230 2219 3287 frui.
2251 3209 2297 3271 ο

625 3319 908 3397 (lictorum
952 3331 1007 3377 et
1054 3322 1272 3379 tristitia
1308 3325 1488 3392 arguit
1526 3340 1649 3381 eum
1685 3326 2005 3381 benevolum
2032 3335 2086 3381 et
2120 3343 2227 3383 non

633 3415 932 3483 malignum
959 3414 1145 3472 fuisse.
1170 3416 1359 3474 Nullus
1382 3418 1527 3473 enim
1552 3418 1953 3475 Pharisaeorum
1989 3437 2223 3491 unquam

631 3507 809 3564 tristis
859 3508 1013 3572 abiit,
1070 3510 1165 3565 sed
1216 3522 1577 3581 exasperatus
1631 3513 1835 3582 potius.
1880 3511 1996 3568 Non
2038 3513 2226 3584 ignoro

634 3608 814 3655 autem
842 3590 984 3670 quod
1014 3617 1268 3673 magnum
1302 3603 1567 3660 luminare
1593 3606 1775 3660 mundi
1804 3606 2227 3678 Cltrysostomus

634 3694 1040 3750 adolescentem
1074 3696 1223 3751 hunc
1251 3713 1379 3753 vere
1409 3709 1663 3753 aeternam
1692 3700 1854 3753 vitam
1886 3701 2225 3756 desiderasse

632 3787 857 3853 putarit,
890 3797 945 3842 et
992 3790 1136 3857 quod
1182 3789 1329 3844 illam
1368 3792 1585 3860 quidem
1633 3794 1917 3857 amaverit,
1952 3792 2227 3849 laborasse

633 3890 813 3932 autent
847 3880 1149 3935 diliiciliore
1186 3866 1378 3937 morbo
1409 3884 1653 3937 avaritia!
1686 3901 1699 3937 :
1738 3883 2087 3939 nihilominus
2121 3900 2223 3941 non

633 3981 781 4026 caret
816 3975 988 4042 gratia
1023 3976 1167 4043 quod
1199 3991 1342 4052 nunc
1376 3976 1645 4045 adjectum
1670 3988 1771 4043 est,
1795 3977 1937 4047 quod
1972 3989 2223 4049 tanquam

633 4078 829 4119 avarus
867 4066 1031 4119 vitam
1068 4077 1329 4122 teternam
1364 4069 1772 4125 desideraverit.

708 4157 873 4211 Vens.
911 4159 1107 4213 26-30.
1142 4178 1159 4210 ι
1196 4159 1396 4215 Videns
1424 4172 1603 4215 autem
1633 4160 1791 4218 Jesus
1816 4164 1964 4218 illum
1992 4180 2225 4221 maerore

634 4246 909 4316 allectum,
942 4250 1309 4317 dixitzQuam
1346 4252 1561 4306 dillicile
1586 4253 1677 4323 qtti
1715 4256 1971 4323 pecunias
2002 4257 2220 4323 habent,

633 4339 685 4392 itt
730 4356 957 4411 regnum
1000 4342 1090 4397 Dei
1128 4343 1442 4398 intrabuntl
1472 4344 1708 4400 Facilius
1757 4357 1838 4401 est
1874 4346 2015 4400 enim
2045 4363 2220 4404 came-

632 4434 741 4487 lum
779 4450 873 4500 per
926 4434 1169 4489 foramen
1217 4451 1347 4491 acus
1396 4440 1651 4504 transire,
1687 4456 1846 4509 quam
1880 4442 2099 4496 divitem
2142 4444 2223 4496 in-

2346 570 2420 625 T6
2443 572 2497 626 6i:
2536 574 2792 629 κλέπτειν
2834 578 3219 653 ἐλαφρότερον,
3270 584 3364 637 ιιαλ⁵
3393 588 3457 657 τῇ
3492 570 3938 663 ψευδομαρτυρία

2347 667 2637 731 σπανιάκις
2676 670 3028 739 περιπίπτειν
3052 674 3189 729 ἔστι.
3217 676 3309 730 Διὸ
3330 680 3516 733 ἰκείνα
3548 681 3651 751 μὲν
3678 685 3935 756 πρότερον

2343 757 2675 829 διορθοῦται,
2702 758 2790 816 οἶα
2820 765 2971 819 εὐκῶ
2985 785 3059 830 ως
3086 770 3118 838 ἡ
3130 768 3247 837 μῶν
3279 772 3361 834 είς
3386 773 3573 826 ἐκεῖνα
3601 776 3933 831 ὀλισθαινὸν-

2342 869 2475 915 των,
2508 856 2603 908 καὶ
2636 854 2812 920 ἄλλως
2852 857 3128 931 βαρύτερα
3156 861 3304 917 ὄντα.
3345 864 3531 919 Ταῦτα
3572 867 3795 939 δὲ,.τὴν
3821 872 3935 923 xko-

2344 950 2456 1019 πήν
2482 967 2648 1020 φημι,
2677 952 2770 1005 καὶ
2786 952 2885 1021 τὴν
2920 952 3424 1026 ψευδομαρτυρίαν,
3448 958 3683 1031 δεύτερα
3703 960 3932 1033 τίθησιν,

2342 1042 2420 1107 ὡς
2450 1044 2542 1097 καὶ
2576 1046 2872 1109 σπανιάκις
2899 1048 3219 1113 ἀπατῶντα,
3245 1052 3340 1103 καὶ
3383 1052 3757 1125 ἐλαφρότερα.
3786 1057 3933 1111 Ἐπεὶ

2342 1136 2397 1190 δὲ
2419 1137 2479 1191 τὸ
2501 1139 2582 1200 εἰς
2614 1141 2792 1207 γονεῖς
2817 1140 3177 1211 ἁμαρτάνειν,
3202 1146 3249 1197 εί
3271 1144 3367 1197 καὶ
3390 1145 3533 1214 μέγα
3567 1148 3724 1202 ἐστὶν
3754 1149 3931 1220 ἁμαρ-

2340 1245 2513 1299 τημα.
2538 1230 2654 1284 ἀλλ’
2683 1230 2776 1283 οὖν
2802 1230 2877 1295 ὡς
2908 1233 2982 1303 μὴ
3018 1236 3283 1305 συχνάκις
3313 1239 3615 1308 συμϐαῖνον
3637 1256 3651 1268 ⁸
3679 1241 3803 1293 οὐδὲ
3834 1243 3930 1314 γὰρ

2340 1320 2602 1375 τοσοῦτον
2634 1322 2922 1393 θηριώδεις
2948 1325 3190 1390 εὐκόλως
3235 1328 3585 1398 εὑρίσκονται
3624 1331 3677 1384 οἰ
3731 1332 3930 1397 πολλοὶ,

2338 1413 2413 1477 ὡς
2447 1418 2527 1479 εἰς
2569 1420 2746 1484 γονεῖς
2790 1422 3091 1490 παροινεῖν,
3144 1420 3260 1475 ἀλλ’
3309 1423 3582 1493 ὀλιγάκις,
3617 1427 3719 1481 καὶ
3745 1426 3927 1496 ὀλίγοι·

2341 1506 2571 1581 ὕστερον
2603 1511 2811 1566 τούτων
2852 1515 3125 1569 τέθεικεν.
3176 1516 3267 1579 Ὦς
3294 1517 3352 1571 δὲ
3402 1520 3430 1572 6
3471 1519 3765 1585 νεανίσκος
3817 1520 3929 1576 εἶπε

2337 1600 2512 1656 ταῦτα
2548 1604 2728 1659 πάντα
2762 1606 3103 1676 φυλάξασθαι
3134 1611 3199 1663 ὲκ
3232 1612 3509 1683 νεότητος,
3548 1614 3612 1667 τὺ
3637 1616 3930 1684 κεφάλαιον

2338 1696 2558 1750 πάντων
2593 1698 2692 1768 τὴν
2715 1700 3102 1771 ἁκτημοσύνην
3126 1706 3153 1757 6
3178 1703 3386 1775 Κύριος
3414 1705 3563 1777 αὐτῷ
3594 1707 3928 1766 ὑποτίθεται.

2340 1790 2482 1860 Ὅρα
2534 1792 2591 1846 δὲ
2644 1795 2844 1862 νόμους
2895 1797 3296 1868 Χριστιανικῆς
3348 1799 3627 1865 πολιτείας
3673 1801 3753 1871 τῷ
3798 1802 3926 1863 θντι,

2342 1883 2525 1937 Πάντα
2567 1886 2667 1938 ὅσα
2698 1885 2844 1957 ἔχεις
2878 1886 3152 1959 πώλησον,
3172 1892 3366 1959 φησίν·
3402 1894 3450 1945 εί
3486 1892 3597 1963 γάρ
3637 1910 3696 1945 τι
3734 1895 3925 1947 ὲναπο·

2344 1976 2523 2047 μείνῃ,
2561 1978 2774 2031 ἐκείνου
2804 1979 2989 2044 δοῦλος
3037 1976 3085 2034 εἶ
3115 1999 3129 2012 ·
3178 1982 3276 2035 καὶ⁵
3315 1983 3515 2049 διάδος,
3547 1984 3611 2037 οὐ
3643 1986 3927 2053 συγγενέσι

2340 2067 2638 2133 πλουσίοις,
2666 2070 2804 2124 ἀλλὰ
2834 2075 3089 2142 πτωχοῖς.
3122 2072 3290 2143 οἶμαι
3315 2074 3372 2128 δὲ
3400 2076 3481 2129 ὄτι
3515 2076 3699 2130 καὶτὸ
3723 2078 3926 2143 Διάδος,

2340 2161 2579 2231 ἔμφασιν
2610 2163 2720 2232 ἔχει
2772 2164 2869 2217 τοῦ
2912 2167 3050 2234 μετά
3092 2168 3351 2237 κρίσεως,
3398 2169 3491 2223 καὶ
3532 2168 3608 2241 μὴ
3642 2170 3721 2234 ὡς
3752 2172 3926 2241 traxe,

2341 2256 2432 2307 τὸν
2467 2256 2577 2309 τῶν
2618 2257 2920 2327 χρημάτων
2949 2262 3296 2330 σκορπισμὺν
3342 2263 3643 2317 ποιεῖσθαι.
3688 2265 3846 2319 Ἐπεὶ
3874 2266 3927 2318 δὲ

2341 2350 2437 2402 οὐν
2466 2352 2529 2419 τῇ
2562 2350 2921 2423 ἀκτηςιοσύνῃ
2952 2352 3035 2406 δεῖ
3060 2355 3283 2425 καὶτὴν
3313 2355 3481 2425 ἄλλην
3502 2356 3710 2427 ἀρετὴν
3751 2359 3928 2410 πᾶσαν

2339 2444 2622 2512 προσεῖναι
2651 2444 2728 2515 τῷ
2752 2446 3051 2519 ἀνθρώπῳ,
3089 2448 3181 2502 διὰ
3223 2448 3385 2504 τοῦτο
3425 2446 3550 2505 εἰπε
3580 2470 3593 2483 ·
3632 2452 3745 2506 Καὶ
3774 2452 3928 2522 δεῦρο

2336 2536 2622 2590 ἀκολούθει
2671 2556 2783 2608 μοι,
2834 2543 3235 2605 τουτέστι,Κσὶ
3288 2545 3348 2599 ἑν
3396 2548 3531 2601 πᾶσι
3588 2546 3924 2611 τοῖς.ᾶλλοις

2337 2626 2444 2681 ι’σθι
2492 2630 2741 2702 μαθητὴς
2783 2634 2937 2703 ἐμὸς,
2976 2636 3071 2689 καὶ
3103 2637 3189 2690 ἀεὶ
3233 2636 3539 2703 ἀκολούθει,
3571 2638 3648 2710 μὴ
3688 2641 3925 2711 σήμερον

2336 2724 2458 2795 μὲν,
2492 2724 2682 2795 αὐριον
2711 2727 2756 2779 δ’
2785 2728 2868 2781 οὐ.
2912 2730 3000 2791 '0;
3034 2730 3091 2783 δί
3122 2730 3519 2802 φιλοχρημάτῳ
3556 2732 3922 2802 ἐπηγγείλατο

2335 2818 2425 2870 τὸν
2456 2820 2513 2871 ἰν
2546 2818 2799 2888 οὐρανοῖς
2843 2821 3139 2893 θησαυρὸν,
3170 2823 3286 2877 ἀλλ’
3325 2824 3388 2878 οὐ
3421 2826 3731 2896 προσέσχεν
3769 2828 3798 2879 6
3824 2824 3921 2897 ἂρ-

2332 2925 2465 2978 χων,
2498 2908 2683 2974 δοῦλος
2712 2911 2822 2983 γὰρ
2847 2909 2915 2984 ἦν
2938 2916 3049 2967 τῶν
3087 2917 3408 2987 χρημάτων,
3438 2917 3520 2980 διδ
3557 2919 3656 2972 καὶ
3684 2918 3923 2982 ἀκούσας

2332 3001 2601 3072 ἐλυπήθη,
2627 3004 2708 3057 ὅτι
2737 3006 2994 3076 στέρησιν
3019 3008 3170 3079 αὐτῷ
3193 3008 3293 3079 τῆς
3315 3009 3569 3081 κτήσεως
3594 3012 3921 3082 εἰσηγεῖται,

2330 3092 2466 3145 ὅπου
2494 3111 2557 3163 γε
2584 3096 2750 3158 αὐτὸς
2786 3098 2880 3151 καὶ
2916 3100 3015 3169 τῆς
3054 3101 3276 3154 αἰωνίου
3311 3102 3458 3174 ζωῆς
3490 3103 3580 3156 διὰ
3610 3105 3772 3158 τοῦτο
3804 3106 3921 3159 επις

2330 3180 2512 3254 θυμεῖ,
2557 3186 2633 3249 ὡς
2670 3188 2736 3241 ἂν
2770 3191 2861 3242 ἐπὶ
2894 3190 3029 3244 πολὺ
3053 3194 3116 3262 τῇ
3150 3192 3262 3247 τῶν
3295 3195 3601 3266 χρημάτων
3634 3198 3924 3269 περιουσίᾳ

2333 3278 2426 3329 καὶ
2472 3278 2708 3342 αίωνίως
2748 3282 2991 3353 ὲμϐιοίη.
3048 3284 3157 3338 Καὶ
3208 3287 3269 3339 τὸ
3320 3278 3633 3359 λυπηθῆναι
3668 3290 3727 3344 δὲ
3766 3291 3923 3345 αὐτὸν

2331 3367 2675 3437 εὐγνώμονα,
2704 3372 2820 3425 ἀλλ’
2849 3376 2911 3427 οὐ
2942 3377 3251 3449 πανοῦργον
3275 3381 3555 3451 ὐποδηλοῖ.
3582 3384 3777 3448 Οὐδεὶς
3796 3383 3922 3451 γοῦν

2329 3461 2440 3514 τῶν
2453 3463 2767 3533 Φαρισαίων
2790 3467 3037 3540 ἐλυπήθη
3060 3473 3214 3534 ποτὲ,
3233 3474 3369 3529 ἀλλὰ
3392 3475 3595 3546 μᾶλλον
3615 3479 3918 3550 ἡγρίαινον.

2330 3554 2448 3607 Οὐκ
2478 3553 2662 3621 ἀγνοῶ
2694 3555 2771 3619 δὲ,
2806 3558 2885 3611 ὅτι
2918 3561 2946 3612 6
2979 3562 3154 3629 μέγας
3185 3564 3283 3633 τῆς
3323 3567 3659 3637 οἰκουμένης
3698 3568 3919 3639 φωστὴρ

2328 3646 2355 3696 6
2378 3648 2612 3719 χρυσοῦς
2644 3650 2743 3722 τὴν
2776 3652 3023 3720 γλῶτταν
3054 3656 3152 3725 τῆς
3180 3657 3352 3721 ὅντως
3374 3661 3601 3714 αἰωνίου
3628 3661 3774 3733 ζωῆς
3804 3666 3921 3716 ἑπι-

2329 3743 2522 3814 θυμεῖν
2550 3745 2643 3800 τὸν
2672 3745 2954 3802 νεανίσκον
2991 3750 3179 3805 τοῦτον
3212 3752 3451 3819 ἐδέξατο,
3500 3757 3598 3809 καὶ
3645 3757 3778 3828 ὲρᾷν
3822 3758 3920 3827 μὲν

2328 3838 2519 3908 αὐτῆς,
2553 3839 2879 3910 κατέχεσθαι
2905 3842 2959 3895 δὲ
2992 3843 3153 3897 πάθει
3183 3845 3390 3914 μείζονι
3424 3852 3491 3919 τῇ
3534 3849 3867 3922 φιλαργυρίᾳ

2331 3932 2469 4001 πλὴν
2491 3930 2593 3983 οὐκ
2617 3931 2785 4002 ἄχαρι
2816 3935 2908 3987 καὶ
2926 3935 2953 3987 6
2977 3936 3069 3989 νῦν
3097 3940 3427 4011 προσετέθη,
3449 3942 3535 3995 ὅτι
3566 3944 3642 4006 ὡς
3667 3945 3922 4015 φιλοχρή-

2334 4044 2500 4090 ματος
2533 4027 2797 4097 ἐπεθύμει
2827 4028 2973 4099 ζωῆς
3006 4032 3255 4086 αἰωνίου.

2406 4184 2421 4214 ι
2475 4164 2618 4217 Ἰδὼν
2648 4165 2703 4218 δὲ
2745 4165 2908 4219 αὐτὸν
2936 4169 2963 4220 6
3011 4168 3219 4238 Ἰησοῦς
3261 4170 3569 4241 περίλυπον
3610 4176 3920 4244 γενόμενον,

2327 4252 2475 4307 εἷπε·
2503 4256 2624 4319 Πῶς
2657 4258 2929 4320 δυσκόλως
2952 4260 3002 4311 οἰ
3024 4261 3092 4313 τὰ
3121 4262 3383 4333 χρήματα
3411 4264 3656 4335 ἔχοντες,
3690 4268 3924 4321 εἰσελεύ-

2330 4365 2510 4400 σονται
2532 4349 2605 4409 εἰς
2640 4348 2739 4420 τὴν
2766 4348 3047 4419 βασιλείαν
3070 4352 3165 4405 τοῦ
3197 4354 3356 4409 Θεοῦί
3389 4356 3796 4431 Εὐκοπώτερον
3819 4362 3923 4431 γάρ

2327 4442 2444 4493 ἑστι
2504 4442 2751 4512 κάμηλον
2803 4443 2891 4497 διὰ
2935 4448 3245 4515 τρυμαλιᾶς
3298 4450 3527 4520 ῥαφίδος
3582 4454 3838 4519 διελθεῖν,
3889 4456 3922 4528 ἢ

633 4537 781 4580 trare
832 4526 884 4579 in
942 4542 1161 4593 regnum
1213 4530 1326 4583 Dei.
1370 4530 1429 4583 Et
1467 4531 1722 4587 dixertmt
1764 4535 1855 4605 qui
1888 4536 2171 4589 audierant
2209 4555 2219 4590 :

2334 4533 2587 4586 πλούσιον
2615 4536 2697 4597 είς
2745 4536 2842 4605 τὴν
2886 4536 3169 4606 βασιλείαν
3203 4540 3299 4593 τοῦ
3341 4542 3479 4596 Θεοῦ
3507 4545 3797 4603 εἰσελθεῖν.
3833 4545 3923 4602 Ei-

634 4611 695 4669 Εἰ
736 4620 857 4684 quis
893 4628 1071 4688 potest
1110 4619 1293 4675 Salvus
1346 4622 1507 4676 ﬁeri?
1547 4624 1613 4677 At
1665 4626 1753 4681 ille
1788 4628 1863 4681 ait
1900 4648 1911 4682 :
1959 4627 2090 4695 Qute
2125 4631 2225 4684 im-

638 4707 917 4771 possibilia
956 4719 1083 4762 sunt
1118 4710 1256 4778 apud
1292 4712 1566 4777 homines,
1610 4718 1881 4784 possibilia
1918 4730 2043 4774 sunt
2084 4724 2221 4791 apud

632 4798 827 4857 Deum.
876 4802 969 4857 Ait
1022 4814 1200 4859 autem
1258 4808 1455 4863 Petrus
1500 4827 1515 4865 :
1553 4809 1694 4866 Ecce
1756 4829 1852 4867 nos
1913 4816 2225 4884 reliquimus

632 4895 836 4950 omnia.
882 4896 985 4963 Qui
1027 4898 1165 4953 dixit
1201 4901 1325 4955 eis:
1364 4904 1531 4957 Amen
1570 4904 1691 4960 dico
1737 4907 1910 4968 vobis,
1955 4924 2110 4963 nemo
2141 4920 2225 4965 est

637 4989 726 5057 qui
760 4991 977 5060 reliquit
1017 4992 1264 5059 domum,
1310 5006 1406 5049 aut
1442 5010 1716 5064 parentes,
1746 5010 1840 5054 aut
1887 5001 2101 5065 fratres,
2134 5014 2227 5059 aut

637 5094 887 5147 uxorem,
920 5092 1014 5135 aut
1054 5083 1256 5139 liberos
1290 5097 1509 5155 propter
1555 5104 1778 5159 regnum
1836 5093 1949 5157 Dei,
1978 5096 2065 5163 qui
2118 5111 2223 5151 non

639 5183 961 5241 recepturus
995 5176 1067 5230 sit
1127 5179 1295 5232 multo
1324 5178 1475 5249 plura
1529 5180 1581 5234 in
1632 5183 1731 5237 lioc
1782 5196 2046 5255 tempore,
2086 5188 2221 5243 etin

636 5273 867 5321 venturo
916 5268 1113 5323 saeculo
1157 5272 1319 5325 vitam
1350 5282 1635 5329 aeternam.
1672 5296 1689 5329 ι
1730 5278 2022 5349 Postquam
2072 5282 2225 5340 dives

635 5357 845 5412 audivit
892 5356 1229 5426 abjiciendas
1262 5362 1503 5431 divitias,
1551 5383 1781 5425 mmrore
1828 5372 2055 5427 allectus
2084 5386 2168 5428 est
2207 5392 2220 5428 :

635 5450 780 5505 unde
820 5449 950 5505 dicit
983 5451 1247 5509 Dominus
1284 5457 1587 5514 admirabili
1620 5461 1786 5531 figura
1812 5466 2085 5533 quomodo
2117 5468 2222 5521 dil-

641 5541 778 5596 licile
815 5544 886 5597 sit
916 5544 1180 5602 habentes
1214 5553 1472 5616 pecunias
1507 5553 1558 5606 in
1592 5569 1816 5623 regnum
1846 5560 2105 5613 caelorum
2141 5561 2222 5614 in-

638 5635 810 5692 gredi.
848 5634 965 5691 Non
1008 5640 1137 5694 dicit
1174 5643 1320 5711 quod
1370 5645 1707 5711 impossibile
1745 5650 1813 5702 sit
1855 5665 1948 5704 eos
1990 5652 2221 5722 ingredi,

639 5728 729 5779 sed
764 5728 999 5784 diliicile.
1030 5731 1146 5788 Non
1186 5736 1331 5787 enim
1362 5736 1690 5805 impossibile
1728 5751 1806 5795 est
1838 5743 2034 5798 salvari
2062 5746 2218 5801 tales.

638 5818 899 5881 l’ossibile
934 5826 1078 5883 enim
1116 5827 1423 5899 expendere
1454 5832 1757 5901 pecuniam,
1792 5843 1842 5890 cl
1871 5851 2101 5907 superna
2132 5856 2220 5896 as-

2330 4640 2432 4675 πον
2473 4624 2529 4676 δὲ
2560 4626 2607 4677 οἰ
2640 4626 2994 4689 ἀκούσαντες·
3034 4629 3143 4681 Καὶ
3170 4633 3253 4694 τῖς
3286 4631 3515 4688 δύναται
3546 4637 3830 4708 σωθῆναις
3861 4638 3923 4692 Ὃ

2328 4716 2382 4768 δὲ
2426 4712 2568 4769 εἷπε·
2617 4720 2697 4769 Τὰ
2732 4719 2972 4771 ἀδύνατα.
3004 4724 3155 4790 παρὰ
3200 4724 3539 4794 ἀνθρώποις,
3574 4729 3781 4786 δυνατά
3812 4734 3923 4785 ἐστι

2328 4809 2479 4879 παρὰ
2506 4811 2583 4881 τῷ
2613 4811 2751 4881 Θεῷ.
2792 4808 2923 4866 Eine
2956 4815 3009 4867 δὲ
3038 4818 3066 4868 6
3088 4817 3294 4887 Πέτρος
3314 4836 3325 4849 ·
3373 4820 3523 4875 Ἰδοὺ.
3551 4825 3723 4901 iugi;
3754 4826 3924 4895 ἄφτή-

2330 4918 2508 4970 καμεν
2544 4904 2747 4959 πάντα.
2794 4908 2851 4957 '0
2880 4906 2935 4958 δὲ
2974 4904 3131 4961 εἶπεν
3158 4911 3339 4982 αὐτῷ·
3385 4913 3561 4986 Ἀμὴν
3597 4916 3745 4985 λέγω
3774 4919 3922 4988 ὑμῖν,

2328 4995 2409 5047 ὅτι
2443 4996 2616 5059 οὐδεὶς
2660 5004 2821 5065 λττιν,
2854 4998 2911 5062 6;
2940 5002 3152 5071 ἀφῆκεν
3182 5004 3381 5071 οἰκίαν,
3412 5007 3734 5080 ἢγονεῖς,ῆ
3768 5011 3922 5065 ἁδελσ

2330 5090 2482 5155 φούς,
2517 5091 2547 5161 ἢ
2582 5110 2644 5160 γυ
2702 5094 2836 5157 ιῖκα,
2870 5094 2900 5164 ἢ
2935 5094 3101 5149 τέκνα
3133 5096 3321 5151 ἕνεκεν
3362 5100 3463 5170 τῆς
3500 5100 3782 5172 βασιλείας
3832 5105 3921 5159 τοῦ

2327 5182 2483 5249 Θεοῦ,
2509 5183 2567 5247 ὃς
2594 5186 2654 5237 οὐ
2683 5185 2759 5255 μὴ
2788 5187 3041 5261 ἀπολάϐῃ
3072 5189 3519 5246 πολλαπλασίονα
3554 5196 3615 5249 ὲν
3642 5196 3721 5267 τῷ
3750 5197 3921 5267 καιρῷ

2326 5278 2521 5349 τούτῳ,
2558 5284 2650 5335 καὶ
2689 5285 2743 5333 ὲν
2773 5283 2849 5354 τῷ
2871 5284 3027 5338 αἰῶνι
3057 5285 3120 5355 τᾷ
3148 5288 3431 5359 ἐρχομένῳ
3466 5289 3617 5361 ζωὴν
3646 5290 3916 5346 αἰώνιον.»

2340 5372 2557 5443 Ἐπειδὴ
2606 5377 2631 5427 6
2663 5377 2923 5440 πλούσιος
2965 5380 3208 5444 ἀκούσας
3256 5381 3355 5452 τὴν
3406 5385 3521 5438 τῶν
3568 5386 3923 5457 ὑπαρχόντων

2324 5465 2631 5530 ἀπόκτησιν
2680 5470 2947 5541 ἐλυπήθη,
3007 5474 3174 5542 φησιν
3216 5476 3245 5527 6
3299 5474 3507 5545 Κύριος
3558 5477 3917 5550 θαυμαστικῷ

2323 5563 2401 5632 τῷ
2438 5566 2701 5633 σχήματι,
2738 5566 2859 5626 Πῶς
2887 5566 3161 5631 δυσκόλως
3200 5570 3250 5621 οἰ
3281 5570 3349 5624 τὰ
3386 5574 3655 5644 χρήματα
3682 5576 3916 5645 ἔχοντες,

2326 5658 2723 5711 εἰσελεύσονται
2760 5661 2839 5720 τῖς
2868 5662 2967 5728 τὴν
2996 5660 3278 5730 βασιλείαν
3305 5667 3395 5717 τοῦ
3420 5666 3559 5720 θεοῦ
3589 5669 3602 5722 l
3628 5668 3729 5723 οὐκ
3764 5664 3918 5722 εἶπεν

2324 5750 2401 5801 ὅτι
2442 5750 2719 5814 ἀδυνάτως
2766 5752 2981 5819 ἔχουσιν
3022 5753 3309 5822 εἰσελθεῖν,
3340 5757 3481 5811 ἀλλὰ
3520 5759 3818 5824 δυσκόλως.
3838 5758 3916 5815 ει

2327 5841 2432 5914 γὰρ
2459 5844 2720 5900 ἀδύνατον
2758 5846 2999 5918 σωθῆναι
3044 5848 3168 5914 τοὺς
3200 5850 3501 5919 τοιούτους.
3550 5852 3787 5910 Δυνατὸν
3810 5852 3914 5924 γὰρ

3534 6494 3878 6502 ήήἠή-
3983 6493 4028 6502 ’-“-ι
