4048 6502
178 389 316 456 1013

852 391 1300 453 ENARRATIO
1341 390 1423 451 IN
1468 373 1978 451 EVANGELIUM
2020 386 2352 450 LUC£.-
2383 387 2546 449 CAP.
2581 386 2804 450 XVIII;

3354 382 3502 453 1016

173 507 244 559 τὰ
276 505 544 575 χρήματα
572 499 933 575 προεμένους,
964 503 1250 572 ἐπιτύχεϊν
1283 501 1394 554 τῶν
1420 501 1554 555 ἄνω.
1576 499 1782 554 Δύσκο-

1893 499 2070 569 sequi.
2128 498 2194 552 Et
2245 496 2462 554 difficile
2502 497 2721 566 quidem
2790 499 2910 553 hoc.
2968 498 3302 556 Tenaciores
3352 503 3496 558 enim

174 599 268 654 λον
301 599 483 671 μέντοι
518 597 678 650 τοῦτο
713 612 728 627 ο
763 595 876 661 ἰξοῦ
934 597 1043 668 γὰρ
1079 593 1527 665 κολλητικώτερα
1550 595 1615 650 τὰ
1649 594 1784 664 χρή-

147 683 331 762 ’ματα
366 690 463 744 καὶ
485 689 763 752 δυσκόλως
798 689 1118 742 ἀποσπᾶται
1151 689 1179 741 6
1213 685 1427 751 τούτοις
1469 687 1780 757 συσχεθεὶς.

175 779 553 856 Παρακατιὼν
582 781 641 834 δὲ
677 781 775 834 καὶ
817 781 896 842 ὡς
929 779 1193 834 ἀδύνατον
1240 779 1373 832 αὐτὸ
1419 779 1622 851 τίθησι,
1649 780 1786 850 φησὶ
1837 819 1840 822 ι

174 871 727 946 γάρ,Εύκοπώτερόν
765 873 882 926 ἐστι
921 872 1169 943 κάμηλον
1207 871 1295 925 διὰ
1335 871 1646 942 τρυμαλιᾶς
1683 873 1783 943 ρα-

175 970 330 1039 φίδος
364 967 651 1033 εἰσελθεῖν,
684 967 716 1038 ἦ
766 966 1021 1020 πλούσιον
1065 965 1308 1037 σωθῆναι
1337 983 1349 994 ·
1377 965 1643 1020 ἀδύνατον
1676 965 1785 1036 γὰρ

173 1063 399 1125 πάντως
429 1061 679 1133 κάμηλον
706 1060 794 1115 διά
825 1063 1188 1132 τρυπήματος
1225 1059 1467 1130 βελονίου
1510 1059 1782 1130 χωρῆσαι,

169 1160 289 1212 εῐτε
316 1157 378 1210 τὸ
411 1154 550 1221 ζῶον
576 1155 708 1208 αὐτὸ
733 1154 952 1225 νοήσεις
983 1152 1254 1222 κάμηλον,
1280 1151 1392 1204 εἴτε
1422 1148 1636 1220 σχοῖνόν
1661 1165 1786 1202 τινα

170 1249 444 1321 ναυτικὴν
491 1252 747 1320 παχεῖαν.
787 1248 851 1300 El
900 1242 993 1300 οὖν
1043 1245 1292 1316 κάμηλον
1332 1243 1651 1317 χωρηθῆναι
1695 1241 1786 1296 διὰ

167 1343 542 1413 τρυπήματος
578 1340 820 1412 βελονίου
866 1339 1270 1407 εὐκοπώτερον,
1316 1339 1349 1410 ἢ
1387 1337 1644 1393 πλούσιον
1676 1355 1784 1391 σω-

169 1434 372 1505 θῆναι,
425 1435 690 1489 ἀδύνατον
734 1433 790 1488 δὲ
839 1428 1003 1486 τοῦτο
1037 1473 1050 1495 ,
1111 1432 1512 1502 ἀδυνατότερον
1569 1430 1678 1500 ἄρα
1724 1429 1785 1482 τὸ

170 1529 422 1598 σωθῆναι
490 1527 770 1582 πλούσιον.
823 1527 890 1580 Τί
943 1522 1040 1579 οὖν
1088 1525 1238 1580 ἔστιν
1298 1527 1505 1595 είπεῖνξ;
1561 1525 1785 1597 Πρῶτον

172 1621 302 1691 μὲν,
340 1621 424 1674 ὅτι
467 1620 686 1690 ἀληθῶς
742 1618 920 1682 οὕτως
971 1618 1086 1689 ἔχει
1118 1635 1132 1651 ⁶
1173 1618 1434 1672 πλούσιον
1491 1619 1602 1690 γὰρ
1655 1619 1784 1672 ὄντα

168 1713 439 1767 ἀδύνατον
482 1712 745 1784 σωθῆναι.
805 1712 898 1784 Μὴ
947 1712 1058 1784 γάρ
1115 1729 1204 1783 μοι
1245 1713 1408 1785 εἴπῃς
1449 1714 1533 1765 ὅτι
1576 1713 1604 1766 6
1637 1712 1786 1765 δεῖνα

169 1807 432 1869 πλούσιος
477 1807 575 1874 ὢν,
621 1806 793 1861 ὲδίδου
845 1805 915 1859 τὰ
968 1805 1266 1875 προσόντα,
1300 1807 1395 1859 καὶ
1449 1806 1631 1876 ὲσώθη
1675 1820 1688 1834 ·
1718 1805 1778 1858 οὐ

169 1902 286 1971 γὰρ
338 1899 596 1964 πλούσιος
658 1900 875 1964 ἐσώθη,
941 1897 1059 1952 ἀλλ’
1101 1898 1134 1969 ἢ
1179 1899 1448 1968 ἀκτήμων
1505 1897 1778 1967 γεγονὼς,

171 1997 206 2065 ἢ
240 1992 382 2057 τέως
398 1994 684 2060 οἰκονόμος
710 1992 785 2045 ὣν
808 1991 1012 2062 ἐσώθη,
1037 1992 1134 2045 καὶ
1157 1993 1280 2062 οὐχὶ
1306 1990 1588 2054 πλούσιος.
1616 1991 1782 2045 Ἀλλο

169 2086 285 2157 γὰρ
317 2087 603 2156 οἰκονόμος
644 2088 738 2139 καὶ
766 2085 894 2140 ἄλλο
930 2085 1189 2149 πλούσιος
1214 2103 1226 2115 ’
1257 2085 1512 2149 πλούσιος
1552 2085 1650 2156 μὲν
1674 2085 1782 2154 γάρ

170 2181 350 2244 ἐστιν,
378 2180 406 2232 6
438 2179 616 2248 ἐαυτῷ
645 2179 832 2250 τηρῶν
865 2179 956 2232 τὸν
985 2178 1239 2242 πλοῦτον,
1277 2179 1560 2248 οἰκονόμος
1588 2178 1643 2231 δὲ
1667 2181 1693 2232 6
1714 2179 1780 2232 δι’

141 2271 401 2340 .ἑτέρους
466 2270 656 2324 τοῦτον
705 2271 1094 2341 ὲγχειρισθείς.
1161 2272 1324 2324 Ὥστε
1386 2273 1482 2328 καὶ
1538 2273 1585 2324 εί
1627 2265 1782 2335 οὗτος

171 2360 381 2430 ἐσώθη,
407 2361 468 2414 οὐ
491 2360 750 2424 πλούσιος
772 2361 977 2432 ἐσώθη,
1005 2361 1121 2415 ἀλλ’
1149 2361 1207 2432 ἢ,
1230 2362 1306 2425 ώς
1337 2361 1573 2432 ἔφημεν,
1602 2363 1782 2416 πάντα

170 2455 634 2526 ἀποκτησάμενος
663 2453 700 2508 ἃ
729 2450 900 2525 εἶχεν,
928 2455 962 2526 ἢ
992 2453 1068 2519 ὡς
1101 2456 1390 2526 οἰκονόμος
1425 2455 1610 2520 καλῶς
1641 2457 1782 2510 αὐτὰ

167 2548 570 2619 διατιθέμενος.
604 2548 836 2602 Ἔπειτα
863 2549 960 2602 καὶ¹
988 2547 1147 2602 τοῦτο
1184 2548 1403 2614 σκόπει,
1443 2549 1525 2602 ὅτι
1558 2549 1650 2603 τὸν
1683 2550 1781 2620 μὲν

169 2641 435 2696 πλούσιον
485 2641 754 2696 ἀδύνατον
813 2641 1098 2712 σωθῆναι,
1158 2642 1249 2696 τὸν
1297 2642 1354 2696 δὲ
1408 2643 1478 2696 τὰ
1521 2644 1783 2713 χρήματα

169 2735 372 2807 ἔχοντα
395 2734 684 2796 δύσκολον,
722 2735 797 2798 ὼς
825 2735 893 2789 ἂν
924 2738 972 2787 εἰ
1009 2733 1222 2803 ἔλεγεν,
1275 2734 1333 2789 '0
1372 2735 1474 2805 μὲν
1511 2735 1781 2806 ἐχόμενος

167 2830 281 2884 ὑπὸ
311 2830 424 2884 τῶν
456 2830 783 2901 χρημάτων,
814 2831 909 2884 καὶ
953 2828 1225 2883 δουλεύων
1279 2831 1486 2893 αὐτοῖς,
1518 2831 1615 2884 καὶ
1639 2848 1780 2900 κρα-

165 2925 439 2996 τούμενος
459 2927 518 2978 ού
550 2924 878 2995 σωθήσεται.
911 2927 938 2977 ό
963 2923 1020 2976 δὲ
1051 2922 1192 2993 ἔχων
1217 2924 1286 2977 τὰ
1308 2925 1591 2996 χρήματα,
1621 2942 1779 2978 τουτ-

167 3017 291 3070 έστι
315 3055 332 3078 ,
385 3015 578 3085 κύριος
602 3015 785 3070 αὐτῶν
813 3015 914 3082 ὢν,
947 3016 1043 3068 καὶ
1074 3016 1236 3080 αὐτὸς
1284 3016 1424 3086 ἔχων
1455 3015 1651 3080 ταῦτα,
1679 3017 1782 3071 οὐκ

167 3111 439 3181 ἐχόμενος
459 3109 517 3163 δὲ
545 3109 638 3162 ὑπ’
671 3107 875 3172 αὐτῶν,
905 3107 1185 3171 δυσκόλως
1221 3108 1528 3179 σωθήσεται
1559 3109 1649 3164 διὰ
1681 3109 1781 3180 τὴν

1810 1853 1858 1912 Β

1892 593 2043 648 visco
2081 593 2368 647 adhaerent
2397 592 2663 661 pecunias,
2694 601 2749 646 et
2785 589 3002 646 difﬁcile
3034 593 3379 648 abstrahitur
3407 597 3498 663 qui

1891 701 1922 740 a
1962 684 2159 739 talibus
2189 693 2276 740 est
2309 683 2766 754 comprehensus.
2787 681 2907 738 Non
2943 685 3112 738 multo
3136 695 3317 739 autem
3354 698 3496 754 post,

1891 779 2114 849 subjicit
2136 779 2415 849 quomodo
2440 778 2783 850 impossibile
2811 779 2884 833 sit
2911 794 2925 831 :
2952 776 3088 833 dicit
3109 779 3258 833 enim
3287 777 3502 835 facilius

1889 889 2012 929 esse
2049 873 2320 929 camelum
2357 889 2452 944 per
2484 872 2732 928 foramen
2769 887 2902 928 acus
2940 873 3168 937 intrare,
3211 886 3373 943 quam
3419 877 3501 926 di-

1889 968 2056 1022 vitem
2091 965 2316 1021 salvari.
2352 964 2694 1034 impossibile
2751 965 2898 1021 enim
2939 973 3024 1019 est
3070 963 3300 1020 omnino
3350 968 3496 1034 quod

1890 1059 2161 1114 camelum
2207 1059 2390 1129 capiat
2433 1057 2680 1112 foramen
2718 1069 2860 1113 acus
2889 1075 2902 1111 :
2936 1057 3050 1111 sive
3087 1071 3183 1126 per
3228 1056 3499 1113 camelutn

1889 1151 2098 1206 animal
2131 1150 2423 1222 intelligas,
2453 1151 2568 1206 sive
2599 1149 2784 1206 funem
2817 1152 3098 1207 nauticum
3128 1164 3399 1205 crassum.
3444 1150 3502 1205 Si

1891 1243 2059 1316 igitur
2101 1244 2316 1300 facilius
2347 1247 2616 1300 catnelum
2656 1258 2752 1313 per
2783 1243 3032 1300 foramen
3064 1259 3199 1301 acus
3235 1245 3498 1303 transire.

1890 1354 2054 1410 quam
2093 1341 2292 1394 salvari
2322 1339 2548 1394 divitem
2581 1376 2596 1402 ,
2633 1337 2972 1407 impossibile
3012 1346 3195 1392 autem
3231 1339 3357 1406 hoc,
3395 1340 3499 1394 im-

1889 1432 2206 1503 possibilius
2230 1432 2398 1503 igitur
2436 1429 2634 1486 salvari
2669 1430 2913 1484 divitem.
2936 1428 3077 1496 Quid
3118 1429 3288 1500 igitur
3317 1431 3505 1486 dicen-

1890 1526 2018 1580 dum
2037 1525 2060 1578 ?
2082 1524 2326 1579 Primum
2359 1523 2602 1593 quidem,
2635 1523 2780 1592 quod
2808 1537 2934 1577 vere
2957 1523 3035 1576 sic
3054 1507 3253 1588 habet,
3292 1523 3500 1594 impos-

1889 1618 2050 1673 sibile
2074 1618 2272 1673 salvari
2302 1633 2427 1673 eum
2448 1617 2538 1685 qui
2566 1617 2722 1671 dives
2747 1623 2853 1669 est.
2874 1612 2987 1669 Nec
3010 1614 3155 1670 enim
3190 1615 3325 1681 mihi
3350 1617 3500 1673 dicas

1889 1715 2035 1783 quod
2069 1714 2311 1770 salvatus
2355 1713 2426 1767 sit
2474 1713 2628 1767 dives
2671 1713 2943 1784 quispiam
2984 1712 3073 1781 qui
3104 1725 3201 1766 sua
3239 1710 3451 1767 dederit
3486 1732 3500 1768 :

1893 1821 2000 1860 non
2025 1807 2169 1860 enim
2205 1807 2357 1861 dives
2388 1807 2630 1860 salvatus
2663 1816 2766 1873 est,
2786 1808 2877 1861 sed
2902 1806 3027 1876 quia
3053 1821 3259 1877 pauper
3293 1805 3496 1869 factus.

1887 1898 2055 1971 439
2089 1899 2170 1954 vel
2221 1901 2573 1968 dispensator
2624 1901 2871 1957 existens
2928 1912 3183 1958 servatus
3223 1912 3330 1966 est,
3390 1919 3497 1957 non

1887 1993 2062 2047 dives.
2109 1993 2269 2047 Aliud
2303 1995 2450 2046 enim
2484 2001 2566 2046 est
2597 1992 2973 2063 dispensator,
3005 1993 3151 2048 aliud
3196 1995 3372 2051 dives.
3399 1984 3498 2051 'Di-

1885 2099 1981 2140 ves
2006 2085 2152 2140 enim
2181 2095 2287 2150 est,
2316 2088 2407 2155 qui
2434 2087 2535 2142 sibi
2577 2097 2825 2140 reservat
2848 2087 3070 2143 divitias
3106 2105 3118 2141 :
3153 2089 3501 2156 dispensator

1885 2195 2038 2241 vero.
2072 2180 2158 2235 cui
2189 2180 2520 2234 concreditae
2553 2190 2682 2234 sunt
2709 2190 2930 2250 propter
2954 2181 3110 2236 alios.
3141 2183 3206 2236 Et
3236 2184 3307 2237 ita
3335 2185 3498 2238 etiam

1885 2274 1975 2329 hic
2011 2276 2057 2329 si
2103 2273 2342 2330 salvatus
2388 2282 2493 2341 est,
2532 2291 2640 2329 non
2678 2276 2829 2330 dives
2878 2275 3126 2332 salvatus
3157 2284 3262 2341 est,
3294 2276 3411 2340 sed,
3443 2289 3501 2331 ut

1889 2367 2149 2433 diximus,
2185 2367 2268 2422 vel
2300 2367 2427 2437 quia
2465 2367 2725 2422 omnibus
2766 2368 3121 2422 renuntiavit
3139 2383 3260 2437 qua:
3286 2367 3498 2433 habuit,

1886 2463 1973 2517 vel
2016 2461 2144 2531 quia
2187 2461 2264 2516 uti
2293 2459 2642 2531 dispensator
2681 2462 2818 2515 bene
2855 2459 2976 2515 illas
3010 2461 3314 2517 distribuit.
3343 2461 3501 2517 Insu-

1886 2570 1984 2625 per
2010 2566 2060 2610 et
2090 2555 2194 2612 hoc
2243 2555 2645 2622 animadverte,
2687 2556 2832 2623 quod
2869 2555 2919 2609 di
2944 2555 3095 2610 ritem
3136 2555 3358 2626 quidem
3395 2555 3500 2610 im-

1886 2648 2148 2718 possibile
2191 2657 2275 2702 est
2331 2647 2534 2703 salvari
2571 2663 2584 2713 ;
2647 2647 3143 2716 pecunias,autem
3182 2647 3499 2714 habentem,

1887 2738 2143 2805 diﬂlcile;
2176 2737 2333 2808 quasi
2390 2739 2642 2794 diceret:
2675 2736 2781 2805 Qui
2831 2739 3070 2794 habetur
3114 2748 3174 2794 et
3225 2748 3500 2795 tenetuna

1886 2832 2160 2902 pecuniis,
2204 2846 2269 2886 ac
2306 2831 2478 2886 servit
2523 2831 2627 2897 eis,
2675 2846 2784 2886 non
2827 2832 3140 2887 salvabitnr
3173 2850 3186 2887 :
3224 2831 3318 2902 qui
3371 2845 3502 2887 vero

1884 2925 2149 2996 pecunias
2199 2921 2386 2988 habet,
2423 2921 2529 2977 hoc
2575 2931 2680 2986 est,
2730 2923 2986 2979 dominus
3044 2922 3260 2978 illarum
3315 2933 3419 2988 est,
3450 2933 3506 2979 et

1886 3018 2001 3088 ipse
2033 3019 2194 3075 habet
2242 3033 2360 3084 eas,
2396 3025 2450 3074 et
2481 3033 2589 3073 non
2623 3017 2862 3072 habetur
2887 3018 2956 3074 ab
2986 3017 3069 3074 eis
3091 3059 3106 3084 ,
3145 3015 3363 3074 diflicile
3389 3017 3501 3074 sal-

1885 3112 2104 3166 vabitur
2131 3122 2354 3182 propter
2389 3112 2685 3166 humanam
2721 3111 3133 3166 infirmitatem-
3161 3111 3505 3182 lmpossibile

164 3203 526 3275 ἀνθρωπίνην
551 3201 859 3257 ἀσθένειαν.
907 3201 1203 3254 Ἀδύνατον
1237 3203 1349 3273 γὰρ
1387 3203 1462 3272 μὴ
1485 3204 1782 3275 παραχρή-

1889 3204 2033 3259 εηίιη
2069 3215 2154 3260 εει
2186 3220 2290 3260 non
2327 3205 2476 3260 abuti
2514 3206 2596 3261 his
2619 3222 2741 3276 quae
2772 3206 3058 3262 habemus.
3091 3205 3307 3275 Quippe
3335 3221 3504 3274 quan-

167 3301 374 3352 σασθαι
410 3290 493 3360 οἷς
521 3296 743 3367 ἔχομεν·
779 3295 884 3360 ἕως
916 3295 1025 3366 γὰρ
1058 3295 1260 3366 ἔχομεν
1292 3299 1578 3369 χρήματα,
1613 3315 1783 3351 σπου-

163 3392 328 3455 δάζιι
352 3393 380 3444 6
403 3387 650 3451 διάἦολος
693 3387 1084 3454 ὑποσκελίζειν
1118 3391 1290 3460 ἡμᾶς,
1324 3392 1406 3453 είς
1436 3391 1494 3442 τὸ
1519 3391 1672 3462 παρὰ
1694 3391 1785 3445 τὸν

167 3483 410 3549 κανόνα,
452 3484 548 3534 καὶ
595 3481 687 3535 τὸν
737 3481 904 3551 νόμον
953 3482 1052 3551 τῆς
1101 3482 1415 3551 οἰκονομίας
1467 3483 1785 3552 χρήσασθαί

164 3577 322 3630 ἔστιν
347 3575 458 3636 ὅτε,
492 3572 588 3627 καὶ
618 3572 880 3627 δύσκολον
906 3575 1172 3642 ἐκφυγεῖν
1205 3573 1305 3638 τὰς
1332 3574 1572 3643 παγίδας
1595 3576 1782 3630 αὑτοῦ.

163 3668 274 3723 Διά
298 3666 463 3721 τοῦτο
513 3666 681 3720 καλὸν
716 3668 749 3736 ἠ
781 3667 1143 3738 ἀχρημοσύνη
1177 3669 1273 3721 καὶ
1321 3668 1511 3738 σχεδὸν
1547 3671 1783 3741 ἀπείρα-

166 3777 326 3814 στον.
353 3754 526 3813 Εἶπον
549 3760 626 3825 δὲ,
661 3762 850 3830 φησὶν,
884 3761 932 3813 οί
952 3758 1292 3823 ἀκούσαντες
1312 3777 1325 3789 ·
1353 3761 1447 3824 Τίς
1483 3762 1594 3825 ἄρα
1624 3763 1787 3817 δύνα-

162 3871 259 3908 ται
285 3853 568 3923 σωθῆναι;
612 3850 673 3906 Ὀ
702 3852 756 3906 δὲ
779 3849 932 3906 εἴπεο
965 3871 984 3904 ι
1011 3852 1093 3905 Τὰ
1113 3851 1354 3905 ἀδύνατα
1389 3855 1544 3925 παρὰ
1569 3855 1786 3926 ἀνθρώ-

163 3965 323 4011 ποις,
375 3947 580 4000 δυνατά
633 3948 785 4016 παρὰ
830 3945 910 4018 τῷ
935 3945 1075 4016 Θεῷ.
1120 3964 1136 3997 ι
1175 3946 1338 4017 Παρά
1366 3946 1474 4017 μὲν
1521 3948 1634 4020 γὰρ
1669 3951 1786 4012 τοῖς

164 4038 531 4112 ἀνθρωπίνην
568 4039 794 4109 γνώμην
825 4039 1063 4109 ἔχουσιν,
1096 4038 1217 4107 ἦτοι
1252 4039 1405 4092 κάτω
1438 4041 1782 4110 συρομένοις,

165 4136 266 4188 καὶ
302 4131 640 4202 ἐπιθυμοῦσι
667 4116 774 4185 τῶν
801 4132 1031 4201 γηΐνων,
1062 4131 1329 4186 ἀδύνατόν
1363 4134 1482 4185 ἔστι
1517 4133 1784 4204 σωθῆναι,

163 4228 246 4292 ὡς
275 4228 522 4297 εἴρηται,
573 4226 729 4296 παρά
754 4225 812 4279 δὲ
843 4225 963 4296 Θεῷ
997 4227 1248 4289 δυνατὸν,
1303 4227 1611 4294 τουτέστιν,
1655 4232 1786 4284 ὅταν

163 4339 253 4384 τις
302 4318 618 4390 σύμσουλον
647 4319 745 4391 ἔχῃ
776 4319 869 4371 τὸν
899 4319 1055 4384 Θεὸν,
1093 4319 1188 4373 καλ⁴
1216 4319 1286 4372 τὰ
1306 4319 1658 4390 δικαιώματα
1683 4321 1781 4377 τοῦ

162 4411 339 4476 Θεοῦ,
383 4411 480 4463 καὶ
509 4412 609 4474 τὰς
653 4411 784 4480 περὶ
822 4411 1219 4482 ἀχρημοσύνης
1265 4410 1489 4476 ἐντολὰς
1518 4414 1782 4470 διδασκά-

162 4506 299 4569 λους
330 4504 494 4575 λάϐῃ,
530 4504 624 4556 καὶ
651 4505 753 4574 τὴν
785 4503 914 4574 παρ’
951 4504 1162 4558 ἐκείνου
1206 4506 1524 4561 ὲπικαλοῖτο
1551 4509 1780 4562 ἐπικουσ

1889 3297 1979 3351 diu
2032 3297 2292 3367 pecunias
2334 3296 2627 3362 habemus.
2685 3298 2912 3352 molitur
2954 3296 3209 3354 diabolus
3240 3312 3340 3353 nos
3368 3313 3502 3369 sup-

1891 3388 2164 3457 plantare,
2207 3402 2276 3442 ne
2318 3388 2505 3458 regula
2571 3389 3003 3458 dispensationis
3053 3398 3204 3444 recte
3260 3397 3480 3443 utamur

1889 3491 1941 3534 et
1966 3480 2184 3536 diﬂicile
2213 3488 2298 3535 est
2325 3479 2564 3548 effugere
2587 3479 2707 3550 ejus
2727 3481 2955 3551 laqueos
2987 3500 3001 3549 ;
3036 3491 3324 3552 propterea
3359 3483 3499 3536 bona

1889 3584 1972 3628 est
1996 3581 2309 3642 paupertas,
2335 3582 2389 3628 et
2418 3573 2574 3641 quasi
2601 3573 2903 3629 tentatione
2924 3574 3200 3643 superior.
3236 3572 3388 3628 Dixe.
3406 3583 3503 3629 unt

1890 3679 2097 3733 autem,
2133 3664 2333 3734 inquit,
2369 3666 2422 3721 hi
2451 3665 2542 3736 qui
2576 3666 2913 3721 audierant:
2950 3667 3086 3734 Quis
3141 3668 3307 3737 igitur
3345 3681 3502 3739 pote-

1889 3761 1961 3815 rit
1997 3758 2233 3814 salvari?
2270 3761 2341 3813 At
2372 3759 2459 3814 ille
2489 3758 2627 3814 dixit
2660 3776 2676 3812 :
2714 3778 2732 3810 ι
2767 3759 2897 3826 Quae
2944 3761 3300 3829 impossibilia
3357 3766 3500 3833 apud

1891 3851 2142 3905 homines
2194 3858 2344 3916 sunt,
2401 3851 2681 3919 possibilia
2735 3860 2860 3906 sunt
2915 3853 3056 3920 apud
3112 3853 3305 3908 Deum.
3346 3874 3362 3907 ι
3398 3856 3500 3922 Qui

1890 3941 2035 3994 enim
2081 3939 2285 3996 habent
2334 3951 2573 3996 mentem
2622 3941 2918 3995 humanam
2970 3958 3091 4014 qua:
3123 3945 3191 3998 ad
3240 3945 3503 4002 inferiora

1890 4036 2086 4103 vergit,
2120 4041 2176 4088 et
2239 4042 2456 4087 terrena
2509 4032 2807 4098 desiderat,
2865 4034 3068 4089 salvari
3107 4051 3213 4090 non
3248 4050 3499 4106 possunt,

1888 4129 2031 4183 sicut
2083 4128 2287 4183 dictum
2337 4137 2440 4183 est.
2500 4127 2609 4181 Deo
2665 4137 2850 4182 autem
2904 4129 3184 4198 possibile.
3240 4130 3344 4185 hoc
3395 4145 3503 4196 est,

1888 4220 2108 4292 quando
2142 4220 2264 4290 quis
2297 4219 2678 4276 consiliarium
2717 4218 2880 4279 habet
2915 4219 3108 4286 Deum,
3144 4231 3198 4276 et
3232 4221 3504 4290 jttsliﬁcn-

1891 4313 2070 4368 tiones
2105 4311 2220 4379 Dei,
2253 4319 2308 4366 et
2355 4311 2615 4367 mandata
2672 4309 2917 4382 Magistri
2950 4312 3016 4367 de
3052 4324 3375 4383 paupertate
3411 4330 3506 4370 su-

1891 4407 2073 4477 scipit,
2105 4415 2159 4462 et
2184 4405 2328 4461 illius
2363 4407 2584 4461 invocat
2609 4405 2912 4472 auxilium;
2949 4406 3211 4474 possibile
3241 4409 3389 4462 enim
3423 4421 3512 4464 cst

1890 4505 2017 4557 hoc.
2068 4498 2330 4555 Nostrum
2383 4503 2470 4554 est
2513 4499 2660 4554 enim
2714 4497 2851 4553 velle
2888 4498 3119 4565 bonum,
3171 4499 3267 4555 Dei
3319 4510 3500 4556 autem

164 4598 320 4669 ρίαν,
376 4595 604 4649 δυνατὸν
656 4596 810 4649 ἔσται
864 4594 1046 4651 τοῦτο’
1087 4597 1249 4668 ἡμῶν
1282 4598 1380 4669 μὲν
1412 4599 1522 4670 γάρ
1568 4601 1686 4654 ἐστι
1720 4603 1782 4654 τὸ

1891 4595 2178 4665 perficere.
2233 4593 2301 4648 Et
2341 4591 2505 4649 aliter
2551 4612 2564 4648 :
2616 4593 2659 4648 si
2711 4593 2933 4662 quidem
2992 4595 3504 4650 transcenderimus

161 4691 405 4761 θελῆσαι
453 4689 514 4742 τὸ
567 4689 776 4758 ἀγαθὸν
806 4733 821 4757 ,
865 4690 1000 4744 Θεοῦ
1050 4691 1106 4744 δὲ
1179 4693 1238 4744 τὸ
1299 4692 1608 4748 τελειῶσαι.
1670 4697 1780 4750 Καὶ

159 4785 350 4846 ἄλλως
411 4781 467 4836 δὲ
502 4784 664 4853 εἴπερ
705 4784 1154 4855 ὐπερανασάντες
1193 4786 1376 4840 πᾶσαν
1418 4786 1772 4858 ἀνθρωπίνην

157 4878 256 4929 ἐπὶ
281 4874 367 4944 τῷ
411 4873 628 4945 πλούτῳ
652 4875 1018 4946 μικροψυχίαν
1042 4917 1054 4937 ,
1082 4876 1385 4947 θελήσομεν
1410 4879 1600 4948 φίλους
1641 4884 1777 4953 ἡμῖν

157 4968 376 5030 αὐτοὺς
393 4968 616 5038 ποιῆσαι
650 4969 714 5021 ὲκ
743 4969 838 5021 τοῦ
870 4971 1118 5040 μαμωνᾶ
1140 4972 1238 5041 τῆς
1265 4971 1500 5037 ἀδικίας,
1535 4975 1780 5046 σωθησό-

159 5062 334 5134 μεθα,
377 5061 472 5114 ὑπ’
501 5062 686 5116 αὐτῶν
717 5064 797 5127 εἰς
822 5063 922 5126 τὰς
949 5063 1206 5127 αίωνίους
1240 5066 1450 5136 σκηνὰς
1482 5085 1780 5141 παραπεμ-

160 5155 429 5224 πόμενοι.
469 5152 691 5208 Βέλτιον
743 5155 844 5225 μὲν
875 5155 986 5228 γὰρ
1015 5155 1110 5210 ὲάν
1144 5156 1326 5210 πάντα
1366 5160 1692 5230 προώμεθα,
1730 5164 1779 5215 εί

155 5245 212 5298 δὲ
257 5244 338 5315 μὴ
375 5243 576 5310 πάντα,
615 5247 1002 5317 συμμεριστάς
1030 5246 1163 5313 γοῦν
1195 5247 1422 5316 ποιῆσαι
1455 5250 1582 5314 τοὺς
1611 5251 1780 5321 πένη-

157 5355 283 5403 τας,
322 5337 428 5391 καὶ
455 5336 632 5401 οὕτως
662 5338 724 5391 τὸ
758 5339 1025 5393 ἀδύνατον
1064 5339 1295 5393 δυνατὸν
1339 5340 1573 5409 γίνεται.
1622 5343 1781 5397 Ἀδύ-

158 5447 329 5485 νατον
382 5429 488 5496 μὲν
533 5430 644 5501 γὰρ
686 5430 779 5484 τὸν
829 5430 904 5502 μὴ
941 5432 1121 5485 πάντα
1176 5431 1486 5503 προέμενον
1512 5433 1774 5503 σωθῆναι,

158 5526 307 5595 πλὴν
342 5522 437 5575 διὰ
477 5523 894 5594 φιλανθρωπίαν
924 5524 1060 5578 Θεοῦ
1085 5525 1298 5594 γίνεται
1322 5527 1414 5580 καὶ
1441 5523 1502 5580 τὺ
1527 5530 1778 5598 μερικῶς

159 5614 506 5688 μεταδοῦναι
558 5617 638 5678 είς
673 5617 944 5685 ώφέλειαν
997 5620 1286 5686 ἀνάλογον.
1349 5619 1494 5690 Πρὸς
1542 5621 1720 5674 ταῦτα
1749 5623 1777 5674 6

155 5712 379 5779 Πέτρος
430 5708 648 5778 ἐρωτᾷ·
684 5708 819 5762 Ἰδοὺ
867 5711 1029 5778 ἡμεῖς
1085 5710 1382 5780 ἀφήκαμεν
1433 5711 1611 5765 πάντα
1639 5726 1652 5741 °
1688 5713 1782 5766 xui.

155 5801 350 5875 ἐρωτᾷ
382 5801 484 5872 οὐχ
531 5800 675 5872 ὑπὲρ
735 5802 932 5857 ἑαυτοῦ
996 5803 1182 5874 μόνον,
1233 5803 1370 5859 ἀλλά
1417 5806 1554 5876 πρὸς
1598 5821 1780 5877 παρα-

159 5895 375 5967 μυθίαν
450 5892 677 5950 πάντων
731 5895 841 5952 τῶν
906 5896 1180 5969 πενήτων.
1240 5897 1357 5950 Ἵνα
1412 5899 1519 5968 γὰρ
1597 5899 1672 5971 μὴ
1728 5901 1777 5954 οί

1892 4689 2191 4744 humanam
2222 4688 2370 4743 illam
2395 4686 2774 4742 infirmitatem
2799 4686 3054 4752 divitum,
3086 4696 3139 4743 et
3168 4688 3504 4745 voluerimus

1891 4782 2051 4838 nobis
2076 4782 2261 4854 facere
2291 4781 2503 4836 amicos
2539 4794 2603 4836 ex
2636 4795 2948 4836 mammona
2988 4781 3293 4849 iniustitiae,
3326 4784 3504 4838 salva-

1889 4880 2075 4934 bimur
2107 4891 2205 4946 per
2227 4890 2344 4940 eas,
2369 4883 2423 4929 et
2453 4875 2784 4945 recipiemur
2814 4876 2867 4930 in
2889 4886 3093 4931 aeterna
3123 4875 3500 4933 tabernacula.

1891 4972 2027 5026 Nam
2068 4971 2263 5026 melius
2303 4969 2524 5040 quidem
2580 4967 2745 5023 fuerit
2794 4970 3074 5026 dimittere
3122 4971 3308 5026 omnia
3343 4989 3356 5036 ;
3388 4973 3497 5026 hoc.

1891 5072 2074 5118 autem
2108 5062 2152 5116 si
2190 5061 2396 5126 minus,
2436 5060 2632 5115 saltem
2668 5063 2850 5118 facere
2880 5064 3178 5132 partiarios
3206 5078 3502 5133 pauperes,

1891 5167 1946 5212 et
1975 5158 2053 5212 sic
2080 5155 2422 5226 impossibile
2451 5157 2544 5211 fiet
2578 5157 2862 5225 possibile.
2900 5158 3245 5227 lmpossibile
3283 5161 3502 5228 quidem

1892 5259 2042 5304 esset
2075 5263 2182 5302 non
2231 5249 2489 5303 omnibus
2536 5249 2782 5304 dimissis
2815 5250 3048 5316 salvari,
3083 5267 3274 5306 verum
3322 5264 3501 5308 tamen

1891 5353 1947 5397 et
1978 5348 2061 5396 est
2092 5353 2316 5410 propter
2348 5338 2787 5396 misericordiam
2818 5343 2938 5409 Dei,
2975 5343 3019 5398 si
3056 5355 3240 5413 partes
3289 5345 3506 5400 dederi-

1892 5449 2011 5488 mus
2050 5435 2101 5488 in
2132 5448 2289 5488 usum
2324 5446 2646 5502 congruum.
2676 5433 2760 5489 Ad
2791 5436 2906 5490 haec
2930 5435 3126 5491 Petrus
3160 5437 3460 5510 interrogat
3487 5455 3501 5492 :

1893 5527 2032 5582 Ecce
2069 5541 2167 5582 nos
2197 5525 2520 5596 reliquimus
2565 5529 2772 5584 omnia.
2820 5529 3125 5602 lntcrrogat
3176 5543 3360 5589 autem
3395 5549 3498 5588 non

1891 5635 1990 5691 pro
2023 5635 2082 5674 se
2117 5620 2256 5684 solo,
2301 5621 2396 5675 sed
2427 5620 2496 5674 ad
2524 5621 2980 5690 {consolationem
3012 5625 3256 5680 omnium
3300 5641 3501 5698 paupe-

1893 5731 2035 5769 rum.
2070 5715 2139 5772 Ut
2167 5714 2311 5771 enim
2345 5730 2449 5769 non
2482 5714 2582 5770 soli
2616 5715 2814 5770 divites
2848 5715 3048 5771 bonam
3076 5732 3227 5788 spem
3266 5719 3504 5775 habeant

1891 5823 1950 5865 se
1992 5809 2160 5863 multa
2209 5818 2625 5876 consecuturos,
2680 5809 2775 5879 qui
2834 5809 3066 5865 multum
3123 5810 3496 5880 reliquerint,
3608 5816 3615 5826 '

1892 5915 2163 5973 pauperes
2187 5911 2366 5958 autem
2402 5916 2625 5971 parvam
2660 5915 2814 5970 spem
2850 5899 3112 5970 habeant,
3150 5902 3294 5971 quod
3328 5919 3498 5973 pmm
