4048 6506
252 399 393 460 1017

941 397 1394 468 ENARmrto‘
1440 412 1518 474 1N
1560 413 2068 478 EVANGELIUM
2112 403 2641 480 ωολΕῗῖ-ἰι-ιι).
2682 418 2902 479 xvm.

3414 413 3561 481 1018

247 514 827 587 ἀναμιμνησκόμενοι,
876 515 958 570 ὅτι
991 516 1167 571 ταῦτα
1203 513 1365 590 ἦσαν,
1398 520 1433 574 ἃ
1465 521 1603 585 τέως
1655 523 1856 592 προλέ-

1970 530 2310 584 manifcstum
2345 545 2410 582 ex
2445 530 2659 593 multis,
2687 537 2741 584 et
2773 529 3012 582 maxime
3039 543 3105 582 rx
3137 527 3222 583 his
3251 542 3373 598 quae
3395 529 3562 586 JOan-

244 626 441 678 γοντος
472 609 568 663 τοῦ
597 609 804 676 Κυρίου
835 613 895 662 ού
931 609 1208 664 συνίεσαν·
1245 613 1338 666 καὶ
1369 614 1529 666 τοῦτο
1553 614 1713 682 δῆλον
1740 615 1847 666 ἀπὸ

248 703 484 762 πηλλῶν,
521 702 616 754 καὶ
650 702 887 771 μάλιστα
912 702 1011 771 ¹ἀφ’
1040 697 1114 756 ὧν
1159 703 1417 767 Ἰωάννης
1454 706 1636 773 λέγει·
1661 706 1851 758 Ταῦτα

249 793 308 846 δὲ
334 794 436 846 οὐκ
463 793 712 866 ἔγνωσαν
736 795 784 846 οἱ
814 794 1060 864 μαθηταὶ
1094 795 1286 860 αὑτοῦ,
1333 796 1562 866 ὕστερον
1583 799 1637 850 δὲ
1683 799 1852 866 ἐμνή-

251 886 484 954 σθησαν,
527 888 608 939 ὃτι
643 887 816 940 ταῦτα
845 883 912 959 ἧν
945 891 1314 959 γεγραμμένα
1361 891 1446 943 ἐπ’
1477 891 1647 962 αύτῷ.
1695 893 1803 944 Καὶ
1825 893 1852 944 6

257 977 619 1050 Παράκλητος
649 979 704 1032 δὲ
737 981 1058 1050 ἀναμνήσας
1087 983 1286 1045 αὐτοὺς
1324 983 1503 1036 πάντα
1533 983 1850 1048 ἀξιοπιστο-

245 1072 418 1141 τέραν
453 1071 552 1142 τὴν
591 1075 719 1136 περὶ
753 1073 994 1145 Χριστοῦ
1031 1077 1342 1146 μτρτυρίαν
1386 1077 1571 1139 αὐτοῖς
1623 1075 1854 1144 ἐγκατέ-

252 1164 408 1235 θηκε.
448 1165 582 1236 Περὶ
609 1165 667 1218 δέ
696 1165 790 1218 τοῦ
821 1165 937 1228 πῶς
961 1169 1264 1238 τριήμερος
1290 1169 1324 1239 ἡ
1353 1170 1522 1240 ταφὴ.
1561 1170 1765 1234 ἱκανῶς
1796 1173 1854 1224 ἐν

247 1261 363 1321 τοῖς
393 1259 576 1322 ἄλλοις
607 1258 1041 1326 Εύαγγελεσταίς
1074 1261 1315 1331 εῐρηται.

331 1373 351 1406 ι
404 1353 653 1421 Ἐγένετο
685 1353 738 1405 δὲ
791 1355 846 1405 ἐν
883 1353 960 1424 τῷ
996 1353 1237 1421 ἐγγίζειν
1284 1355 1448 1408 αὑτὸν
1493 1357 1572 1420 είς
1623 1356 1852 1428 Ἰεριχὼ,

246 1447 450 1516 τυφλός
481 1464 564 1509 τις
589 1447 827 1515 ἐκάθητο
846 1445 997 1517 παρὰ
1018 1447 1118 1516 τὴν
1141 1447 1260 1500 ὁδὸν
1285 1449 1621 1518 προσαιτῶν.
1667 1449 1856 1502 Ἀκού-

251 1555 354 1601 σας
385 1537 441 1590 δὲ
488 1537 648 1607 ὄχλου
688 1537 1180 1608 διαπορευομένου,
1227 1540 1559 1593 ἐπυνθάνετο
1588 1541 1639 1594 τί
1665 1540 1729 1594 ἂν
1769 1541 1853 1611 εἴη

245 1631 428 1684 τοῦτο.
471 1630 846 1700 Ἀπήγγειλαν
876 1629 932 1682 δὲ
959 1631 1107 1698 αὑτῷ
1130 1633 1212 1685 ὅτι
1249 1631 1456 1702 Ἰησοῦς
1478 1635 1505 1686 6
1531 1634 1857 1704 Ναζωραῖος

249 1722 616 1792 παρέρχεται.
661 1722 771 1775 Καὶ
809 1723 1003 1793 ἐϐόησε
1049 1723 1263 1792 λέγων’
1305 1725 1503 1794 Ἰησοῦ,
1544 1727 1638 1780 Υίὲ
1670 1726 1857 1792 Δαυῖδ,

1954 637 2054 676 nes
2095 622 2229 676 dicit
2268 639 2280 673 :
2321 621 2448 676 Haec
2501 629 2684 675 autem
2740 636 2849 675 nun
2898 631 3274 692 cognoverunt
3309 622 3560 687 discipuli

1954 716 2071 786 cjns
2102 715 2147 760 οδ
2173 734 2186 782 ;
2223 713 2412 785 βοειοό
2439 727 2619 769 autem
2656 729 2934 770 memores
2959 713 3090 768 facti
3121 723 3248 770 sunt
3280 715 3423 784 quod
3449 715 3564 771 haec

1955 807 2022 861 de
2054 805 2169 873 ipso
2215 815 2400 860 essent
2438 807 2667 876 scripta.
2702 805 2772 860 Et
2822 803 3061 872 Spiritus
3095 805 3408 875 paracletus
3438 820 3566 875 sug-

1955 901 2124 970 gessit
2151 899 2230 954 eis
2263 899 2426 971 M1
2465 899 2673 964 omnia,
2699 897 3069 952 certissimum
3103 896 3472 951 testimonium
3499 897 3567 950 de

1956 989 2178 1044 Christo
2223 991 2278 1045 in
2328 991 2437 1045 illis
2475 990 2748 1061 ponendo.
2802 989 2878 1043 De
2912 1003 3012 1061 eo,
3066 985 3343 1057 quomodo
3384 985 3567 1041 triduo

1957 1081 2125 1136 fuerit
2158 1082 2211 1137 in
2261 1059 2538 1154 sepulcro,
2574 1082 2714 1139 satis
2763 1059 2971 1136 dictu’nt
3003 1088 3089 1136 est
3119 1079 3172 1135 itt
3202 1078 3568 1150 Evangelistis

2033 1358 2198 1412 Vens.
2238 1356 2436 1413 55-63.
2473 1375 2491 1408 ι
2528 1355 2747 1410 Accidit
2778 1362 2961 1409 autem
3003 1368 3127 1409 cum
3156 1351 3567 1422 apprOpinqua-

1963 1464 2043 1507 ret
2074 1451 2316 1517 Iericho,
2347 1466 2523 1508 caicus
2553 1451 2774 1517 quidam
2799 1447 3027 1503 sedebat
3054 1447 3212 1518 juxta
3241 1446 3384 1500 viam
3418 1460 3568 1499 nien—

1962 1546 2174 1610 dicans,
2198 1555 2396 1599 etcum
2431 1543 2645 1598 audiret
2675 1543 2890 1596 turbam
2922 1547 3367 1610 prasterettntem.
3397 1539 3572 1592 inter-

1965 1639 2190 1709 rogabat
2235 1637 2362 1707 quid
2403 1634 2507 1691 hoc
2560 1643 2726 1690 esset.
2772 1634 3050 1689 Dixerunt
3100 1642 3281 1691 autem
3328 1633 3376 1687 ei
3426 1631 3573 1701 quod

1961 1730 2121 1785 Jcsus
2155 1729 2470 1784 Nazarenus
2505 1729 2784 1789 transit-et.
2811 1737 2864 1780 et
2890 1725 3146 1781 clamavit
3182 1727 3409 1781 dicens:
3443 1723 3572 1779 Jesu

248 1814 479 1884 ἐλέησόν
530 1831 620 1884 με.
669 1815 780 1867 Καὶ
813 1816 862 1868 οἱ
902 1815 1241 1885 προάγοντες
1277 1820 1559 1889 ἐπετὶμων
1588 1819 1737 1888 αύτῷ
1770 1819 1859 1872 ἵνα

1970 1822 2066 1877 Fili
2088 1821 2276 1884 David,
2312 1821 2574 1874 miserere
2607 1820 2735 1873 mei.
2770 1817 2836 1871 Et
2864 1819 2953 1888 qui
2986 1817 3251 1888 praeibam
3276 1856 3290 1882 ,
3325 1814 3575 1883 increpa-

250 1907 528 1978 σιωπήσῃ,
551 1907 712 1970 αὐτὸς
738 1907 794 1960 δέ
820 1907 999 1979 πολλῷ
1030 1910 1231 1980 μᾶλλον
1252 1885 1486 1978 ἔκραζεν
1505 1928 1518 1942 ·
1545 1912 1642 1965 re
1666 1885 1852 1980 Δαυῖδ,

1970 1913 2098 1966 bant
2127 1927 2248 1964 eum
2280 1919 2339 1964 ιιι
2370 1917 2598 1966 taceret.
2633 1909 2758 1980 lpse
2790 1925 2919 1964 vero
2953 1908 3128 1963 multo
3161 1907 3334 1977 ntagis
3367 1906 3577 1959 clama-

247 2001 474 2070 ἐλέησόν
515 2018 602 2072 με.
641 2001 872 2066 Σταθεὶς
916 2003 971 2054 δὲ
1013 2005 1041 2057 6
1089 2003 1300 2074 Ἰησοῦς
1327 2047 1340 2071 ,
1374 2006 1662 2061 ἐκέλευσεν
1692 2009 1855 2063 αὐτὸν

253 2091 492 2162 ἀχθῆναι
520 2093 656 2162 πρὸς
685 2093 870 2146 αὐτόν.
919 2094 1276 2163 Ἐγγίσαντος
1308 2097 1363 2150 δὲ
1396 2099 1562 2151 αὑτοῦ
1585 2140 1597 2159 ,
1632 2099 1857 2169 ἐπηρώ-

246 2201 419 2251 τησεν
441 2183 606 2237 αὑτὸν
627 2185 801 2253 λέγων
823 2203 834 2217 ο
851 2187 917 2239 Τί
937 2205 1020 2239 σοι
1047 2187 1225 2253 θέλεις
1250 2193 1462 2259 ποιήσω
1483 2209 1498 2256 ;
1531 2191 1591 2245 '0
1615 2191 1672 2245 δὲ
1697 2189 1815 2244 εἷπε
1839 2209 1852 2222 ο

249 2277 450 2350 Κύριε,
471 2277 558 2331 ἵνα
577 2277 884 2348 ἀναϐλέψω.
915 2279 972 2332 Ὀ
994 2279 1049 2332 δέ
1081 2280 1287 2350 Ἰησοῦς
1311 2276 1467 2334 εἶπεν
1485 2281 1633 2353 αύτῷ
1650 2300 1663 2314 ο
1698 2282 1857 2336 Ἀνά-

249 2369 468 2440 ϐλεψον,
487 2372 522 2440 ὴ
548 2370 730 2431 πίστις
751 2385 847 2422 σου
877 2371 1086 2424 σέσωκέ
1132 2389 1213 2426 σε.
1239 2373 1348 2425 Καὶ
1385 2372 1730 2445 παραχρῆμα
1763 2376 1858 2427 άν-

249 2464 470 2534 ιϐλεψε,
509 2465 603 2517 καὶ
623 2464 993 2535 ἠκολούθησεν
1024 2467 1172 2537 αύτῷ
1199 2509 1212 2532 ,
1254 2466 1494 2532 δοξάζων
1525 2468 1616 2521 τὸν
1648 2468 1803 2523 Θεόν.
1831 2489 1849 2520 ι

252 2557 364 2609 Καὶ
407 2558 517 2619 πᾶς
548 2557 575 2608 6
626 2556 754 2620 λαὸς
789 2557 950 2623 ίδὼν,
998 2554 1149 2612 αῖνον
1190 2558 1359 2612 ἔδωκε
1403 2560 1480 2630 τῷ
1515 2559 1658 2630 Θεῷ.
1701 2560 1856 2614 Ὀόοῦ

249 2650 532 2720 πάρεργον
563 2649 591 2701 6
623 2650 828 2720 Κύριος
858 2652 917 2703 τὸ
950 2652 1042 2704 ἐπί
1073 2653 1149 2723 τῷ
1186 2653 1374 2724 τυφλῷ
1405 2653 1591 2724 θαῦμα
1622 2655 1858 2724 ἐργάξε-

246 2755 376 2806 cat,
407 2743 495 2795 ῖνα
531 2742 666 2812 μηδὲ
705 2743 736 2812 ὴ
771 2743 1005 2813 πάροδος
1031 2744 1199 2798 αὑτοῦ
1233 2746 1561 2818 ἀλυσιτελὴς,
1606 2750 1689 2818 εἴη
1726 2750 1860 2820 ἡμῖν

246 2831 606 2894 διδασκαλία,
641 2835 738 2885 καὶ
766 2837 880 2897 τοῖς
913 2834 1006 2886 τοῦ
1039 2836 1280 2903 Χριστοῦ
1321 2837 1593 2906 μαθηταῖς
1615 2881 1627 2899 ,
1658 2839 1744 2892 ἶνα
1772 2839 1860 2892 διά

248 2925 497 2988 πάντων,
523 2925 620 2978 καὶ
637 2927 889 2990 πάντοτε,
915 2929 1010 2981 καῖ
1045 2929 1324 3001 πανταχοῦ
1352 2932 1657 2999 ἐπωφελεῖς
1683 2925 1858 3003 ῶμεν,

251 3017 352 3070 καὶ
379 3019 547 3088 μηδὲν
579 3019 730 3087 ἡμῶν
764 3021 936 3090 άργὸν
1066 3021 1124 3074 '0
1151 3023 1331 3076 τοίνυν
1356 3024 1558 3091 τυφλὸς
1588 3024 1751 3077 αὐτὸν
1782 3020 1862 3076 εἷ-

250 3129 344 3165 ναι
373 3111 466 3165 τὸν
515 3112 872 3182 ἐλπιζόμενον
907 3113 1146 3184 Χριστὸν
1193 3116 1526 3180 πιστεύσας,
1564 3118 1712 3181 εἰκὸς
1751 3119 1861 3189 γάρ

1967 2005 2225 2062 batzFili
2263 2003 2457 2071 David,
2506 2005 2770 2059 miserere
2821 2004 2950 2058 ntei.
2998 2002 3162 2058 Stans
3194 2011 3377 2056 autem
3414 1996 3577 2053 Jesus

1961 2100 2126 2169 jussit
2170 2097 2321 2152 illum
2353 2096 2548 2151 adduci
2580 2097 2648 2150 ad
2683 2110 2761 2150 se.
2805 2094 3024 2150 Etcum
3059 2092 3576 2162 appropinquasset:

1968 2192 2320 2261 interrogavit
2369 2190 2558 2254 illum,
2596 2189 2786 2244 dicens
2828 2205 2841 2242 :
2876 2187 3024 2254 Quid
3075 2186 3173 2241 tibi
3208 2185 3291 2241 vis
3333 2183 3578 2238 faciam?

1966 2288 2033 2342 At
2077 2285 2168 2341 ille
2199 2287 2375 2340 dixit:
2411 2283 2660 2352 Domine,
2700 2294 2757 2338 ut
2786 2283 2965 2338 visum
3003 2281 3291 2352 recipiam.
3320 2279 3386 2335 Et
3415 2277 3578 2335 Jesus

1969 2379 2182 2434 dixitei
2218 2397 2230 2432 :
2263 2378 2514 2448 Recipite
2539 2378 2738 2442 visum,
2769 2376 2904 2431 ﬁdes
2937 2385 3028 2429 tua
3063 2385 3116 2428 te
3147 2373 3359 2427 salvum
3397 2369 3579 2425 reddi-

1969 2473 2068 2527 dit.
2093 2473 2159 2526 Et
2182 2471 2470 2526 confestim
2497 2471 2669 2524 visum
2697 2468 2925 2538 recepit,
2949 2482 3012 2522 ac
3035 2467 3369 2537 sequebatur
3400 2464 3575 2528 illum,

1969 2566 2279 2638 glorificans
2330 2565 2518 2619 Deum.
2567 2563 2632 2616 Et
2681 2561 2861 2616 omnis
2901 2561 3077 2630 plebs,
3112 2569 3170 2614 ut
3207 2559 3375 2624 vidit,
3428 2556 3581 2611 dedit

1971 2658 2183 2712 Iaudem
2213 2657 2344 2711 Deo.
2388 2675 2405 2708 ι
2448 2656 2712 2710 Dominus
2751 2653 3078 2709 miraculum
3114 2653 3216 2708 hoc
3243 2650 3374 2707 caeci
3399 2650 3580 2705 obiter

1970 2751 2022 2806 in
2069 2750 2153 2803 via
2190 2759 2446 2820 operatus
2470 2759 2576 2815 est,
2610 2758 2668 2801 ut
2693 2756 2748 2802 et
2778 2747 3046 2802 transitus
3075 2747 3196 2816 eius
3231 2744 3389 2800 nobis
3429 2743 3579 2798 utilis

1969 2854 2115 2898 esset
2141 2842 2416 2905 doctrina,
2451 2856 2511 2894 ac
2546 2839 2831 2910 discipulis
2864 2838 3104 2904 Christi;
3147 2845 3210 2892 ut
3253 2849 3476 2905 semper
3525 2842 3581 2889 et

1971 2938 2171 3006 ubique
2217 2944 2271 2990 et
2325 2934 2466 3003 apud
2513 2948 2705 2988 omnes
2746 2932 2910 2987 utiles
2951 2932 3123 2986 simus
3150 2972 3164 2997 ,
3207 2939 3262 2984 et
3298 2943 3578 2999 nunquam

1972 3030 2173 3099 ignavi.
2205 3028 2394 3084 Caecus
2425 3027 2590 3095 igitur
2621 3025 2853 3079 credens
2880 3039 3003 3078 eum
3034 3038 3158 3077 esse
3185 3021 3464 3077 Chrismm
3488 3018 3583 3089 qui

1975 3117 2801 3190 t-XSpcctahatur,-—-\'erisitnile
2840 3116 2984 3170 enim
3019 3113 3121 3169 fuit
3153 3113 3353 3183 ipsum,
3396 3119 3584 3179 utpote

247 3201 321 3277 ἦν
353 3205 537 3271 αὐτὸν,
572 3208 667 3259 ἇτε
701 3206 766 3276 δὴ
791 3210 902 3271 τοῖς
946 3209 1260 3268 Ἰουδαϊκοῖς
1289 3209 1754 3281 ἐντεθραμμένον,
1785 3213 1858 3284 μὴ

1977 3215 2295 3270 innutritum
2323 3210 2591 3275 Judaicis,
2621 3225 2726 3266 non
2763 3211 3047 3279 ignorasse
3079 3205 3357 3260 Christum
3391 3219 3459 3258 ex
3494 3217 3585 3258 se.

2032 3308 2042 3318 α
2147 3304 2182 3319 n
2259 3305 2271 3315 ο
2300 3306 2309 3319 ι
2459 3317 2513 3319 η,
2540 3317 2580 3319 μ-
2619 3314 2804 3319 ,______-
2843 3296 3030 3319 -IA‘.-.
3080 3294 3180 3319 [2‘1]:
3207 3294 3374 3319 I‘\..-.:.I
3417 3293 3552 3319 ...ζειΑ

249 3301 472 3360 ἀγνοεῖν
519 3301 601 3353 ὅτι
647 3301 713 3353 ἐκ
756 3301 1077 3371 σπέρματος
1125 3302 1292 3356 Δαυῒδ
1335 3306 1363 3358 6
1395 3305 1669 3375 Χριστὸς.
1705 3308 1858 3375 ςωνῇ

254 3394 477 3467 μεγάλῃ
505 3394 623 3464 βοᾷ,
658 3394 752 3446 Υἱὲ
785 3393 984 3458 Δαυῖδ,
1014 3395 1238 3465 ἐλέησόν
1298 3414 1365 3465 με
1398 3413 1412 3427 ’
1452 3399 1547 3451 καὶ
1573 3398 1652 3467 τῷ
1687 3399 1863 3450 είπεῖν

256 3486 611 3555 ϐὲ,“Ελέησόν
642 3505 729 3557 με,
749 3486 1002 3557 ἐμφαίνει
1023 3490 1104 3541 ὅτι
1125 3489 1406 3559 θειοτέραν
1431 3490 1552 3544 τινὰ
1582 3486 1696 3561 εἶχε
1734 3490 1865 3560 περὶ

249 3578 424 3636 αὑτοῦ
456 3580 689 3646 ἔννοιαν,
715 3581 811 3633 καὶ
849 3580 908 3633 ού
938 3579 1090 3648 ψιλὸν
1123 3579 1411 3651 ἄνθρωπον
1443 3583 1684 3653 ἐνόμιζε.
1721 3582 1865 3636 Θαύ-

255 3692 435 3746 μισον
463 3675 521 3727 δέ
556 3692 644 3744 μοι
673 3676 768 3728 καὶ
799 3674 898 3745 τὴν
929 3674 1182 3728 ἔνστασιν
1217 3676 1386 3730 αὐτοῦ
1418 3676 1520 3747 τῆς
1543 3678 1864 3746 ὁμολογίας,

253 3767 378 3830 πῶς
409 3768 585 3820 καίτοι
621 3766 834 3821 πολλῶν
877 3767 1259 3838 ἐπιτιμώντων
1290 3767 1441 3837 αὐτῷ
1463 3810 1475 3830 ,
1516 3769 1616 3821 οὐκ
1662 3768 1822 3837 ἐσίγα
1849 3811 1863 3836 ,

252 3859 400 3915 ἀλλὰ
440 3861 834 3930 περισσότερον
865 3858 1093 3931 ἐκραζε,
1125 3860 1402 3930 θερμότης
1438 3863 1548 3930 γάρ
1581 3857 1651 3932 ἦν
1681 3861 1742 3914 τὸ
1777 3860 1867 3915 ἐν-

262 3953 423 4007 δοθεν
462 3955 649 4006 κινοῦν
680 3954 865 4006 αὐτόν.
901 3954 992 4006 Διὸ
1025 3954 1118 4006 καὶ
1153 3955 1180 4005 6
1222 3952 1429 4021 Ἰησοῦς
1473 3955 1867 4023 προσκαλεῖται

259 4045 430 4099 αὑτὸν
468 4045 544 4109 ὡς
591 4045 668 4114 τῷ
711 4044 826 4098 ὄντι
874 4044 1024 4110 ἄξιον
1059 4047 1276 4115 ἐγγίσαι
1316 4046 1488 4117 αὐτῷ,
1528 4050 1783 4121 ἐπερωτᾷ
1811 4050 1868 4102 δέ

253 4137 428 4191 αὐτὸν
448 4179 463 4203 ,
498 4137 564 4190 Τί
589 4155 671 4190 σοι
705 4136 880 4200 θέλεις
911 4139 1160 4208 ποιήσω;
1197 4139 1295 4210 οὐχ
1326 4139 1400 4203 ὡς
1464 4141 1677 4207 ἀγνοῶν
1698 4184 1712 4206 ,
1753 4141 1866 4193 ἀλλ’

257 4228 416 4290 ὅπως
476 4228 549 4297 μὴ
591 4227 718 4300 δόξῃ
764 4233 877 4291 τοῖς
928 4227 1234 4296 παροῦσιν,
1282 4231 1362 4282 ὅτι
1403 4229 1538 4283 ἄλλα
1588 4231 1870 4293 αἰτοῦντος

253 4321 498 4380 ἐκείνου.
530 4321 665 4375 ἄλλα
692 4322 856 4384 αὐτὸς
884 4320 1092 4386 δίδωσι,
1131 4323 1224 4374 καὶ
1257 4323 1331 4386 ὡς
1357 4325 1568 4388 ἐκεῖνος
1599 4325 1699 4394 μὲν
1728 4325 1873 4376 αἰτεῖ

254 4415 546 4485 χρήματα,
576 4413 738 4478 αὐτὸς
760 4413 817 4466 δὲ
842 4409 931 4468 οἷα
966 4415 1362 4487 φιλενδείκτης,
1388 4417 1702 4486 τυφλότητα
1723 4416 1871 4482 ἐξιᾶ-

250 4517 375 4556 ταιο
397 4505 528 4565 ἴσως
545 4504 655 4574 γὰρ
683 4504 906 4558 τοιαῦτα
922 4506 950 4557 6
973 4504 1167 4573 φθόνος
1191 4509 1399 4577 ἀνόητα
1424 4508 1868 4578 ἐσυκοφάντησεν

252 4599 350 4653 ἄν.
391 4597 483 4650 Διὸ
511 4598 816 4668 ἐρωτήσας,
844 4599 1036 4669 ἐπειδὴ
1059 4594 1219 4670 εὗρεν
1252 4600 1417 4654 αὐτὸν
1438 4600 1532 4654 τοῦ
1562 4601 1868 4670 ἀναϐλέψαι

252 4691 667 4762 ἐπιθυμοῦντα,
695 4691 856 4745 τοῦτο
881 4692 1118 4748 δίδωσιν.
1149 4694 1292 4764 Ὅρα
1313 4693 1370 4747 δὲ
1393 4695 1456 4747 τὸ
1481 4696 1865 4766 ἀκόμπαστον·

263 4785 341 4839 ἰι
394 4785 580 4849 πίστις
624 4803 718 4839 σου
742 4828 756 4852 ,
790 4788 948 4858 φησι,
985 4787 1196 4840 σέσωκέ
1233 4805 1326 4854 σε,
1366 4788 1697 4853 ἐπίστευσας
1735 4789 1868 4859 γὰρ,

249 4881 345 4935 ὅτι
367 4881 398 4932 6
417 4879 829 4950 κηρυττόμενος
853 4881 968 4943 υἱός
992 4883 1108 4952 είμι
1133 4878 1341 4945 ἐκεῖνος
1366 4882 1461 4936 τοῦ
1486 4882 1650 4936 Δαυῒδ
1678 4884 1706 4935 6
1733 4884 1870 4955 Χρι-

255 4974 416 5038 στὸς,
435 4973 530 5026 καὶ
563 4971 837 5042 τοσαύτην
863 4975 1218 5028 ἐπεδείκνυσο
1245 4976 1344 5045 τὴν
1366 4975 1700 5047 θερμότητα,
1727 4976 1870 5030 ὥστε

258 5063 406 5135 μηδὲ
439 5063 846 5136 ἐπιτιμώμενος
875 5068 1056 5138 σιγᾷν.
1085 5067 1454 5137 Μανθάγομεν
1475 5068 1533 5122 δέ
1560 5070 1626 5123 ἐκ
1651 5068 1867 5134 τούτου,

251 5158 346 5210 ὅτι
367 5155 499 5210 ὅταν
530 5155 667 5225 μετὰ
696 5156 932 5221 πίστεως
960 5159 1228 5228 αἰτῶμεν,
1260 5160 1362 5212 οὐκ
1386 5159 1521 5213 ἄλλα
1552 5161 1656 5231 μὲν
1688 5161 1873 5216 αἰτοῦ-

257 5265 391 5318 μεν,
413 5247 552 5301 ἄλλα
573 5248 629 5301 δέ
645 5247 883 5310 δίδωσιν,
907 5250 1023 5304 ἀλλ’
1055 5255 1238 5305 ἐκεῖνα
1267 5252 1408 5312 αὑτά
1435 5267 1449 5283 ⁸
1476 5251 1620 5306 ὥστε
1645 5253 1869 5307 ἐπειδάν

253 5341 404 5397 ἄλλα
434 5340 744 5407 αἰτοῦντες,
766 5343 900 5396 άλλα
941 5335 1327 5415 λαμϐάνομεν,
1374 5345 1642 5416 πρόδηλον
1676 5346 1759 5400 ὅτι
1808 5347 1869 5401 ού

253 5433 448 5498 καλῶς
473 5435 595 5488 ούδέ
622 5436 829 5501 πιστῶς
853 5437 1006 5490 αἰτοῦ
1017 5455 1139 5508 μεν·
1171 5457 1188 5489 ι
1213 5440 1422 5491 Αἰτεῖτε
1449 5439 1520 5507 γά
1530 5457 1581 5509 ρ,
1600 5441 1755 5508 φησὶ,
1777 5441 1872 5494 καὶ

251 5527 326 5582 οὐ
355 5525 692 5597 λαμϐάνετε,
711 5530 848 5583 διότι
869 5531 1052 5594 κακῶς
1075 5533 1301 5589 αἰτεῖτε.
1336 5551 1353 5583 ι
1385 5533 1530 5605 ’Ὀρα
1554 5535 1610 5587 δὲ
1643 5536 1737 5587 καὶ
1767 5535 1868 5607 τὴν

253 5619 546 5686 ἐξουσίαν’
585 5622 931 5694 Ἀνάϐλεψον.
956 5624 1052 5688 Τίς
1083 5625 1190 5695 γὰρ
1215 5625 1323 5678 τῶν
1355 5627 1656 5699 προφητῶν
1694 5627 1868 5692 οὕτως

252 5710 677 5782 ἐθεράπευσεν,
723 5715 783 5767 ἐν
814 5714 1052 5788 τοσαύτῃ
1088 5716 1234 5786 φημὶ
1273 5717 1523 5790 ἐξουσίᾳ;
1558 5717 1722 5774 Ὅθεν
1769 5719 1868 5773 καὶ

342 5895 383 5926 ⁸³
435 5891 597 5950 «ιοριι.
636 5909 734 5961 xtt,
773 5893 853 5950 l0.
958 5897 1028 5930 W
1057 5895 1174 5954 Jac.
1215 5913 1286 5963 tv,
1319 5898 1374 5953 3.

1974 3308 2118 3360 mine
2145 3304 2336 3367 David,
2362 3333 2423 3343 --
2454 3317 2589 3355 voce
2615 3314 2812 3370 magna
2837 3296 3062 3364 clamat,
3080 3294 3181 3349 Fili
3207 3294 3398 3359 David,
3417 3293 3584 3348 mise-

1973 3415 2092 3454 rere
2117 3398 2243 3453 mei.
2276 3395 2339 3449 Et
2361 3395 2615 3460 dicendo,
2636 3392 2891 3448 Miserere
2915 3389 3046 3455 mei,
3069 3387 3308 3443 declarat
3335 3385 3480 3454 quod
3497 3384 3584 3441 di-

1972 3490 2239 3544 viniuretn
2271 3487 2566 3557 quamdam
2584 3486 2650 3539 de
2673 3483 2765 3537 illo
2791 3481 3122 3536 sententiam
3152 3480 3374 3542 habeat,
3400 3486 3455 3532 et
3477 3491 3584 3532 non

1972 3581 2247 3637 hominem
2295 3594 2490 3649 purum
2523 3585 2767 3632 censeat.
2799 3574 3092 3628 Admirare
3128 3582 3338 3637 autem,
3377 3583 3585 3638 quasso,

1972 3673 2242 3741 quomodo
2266 3668 2669 3724 confessionem
2703 3682 2856 3720 suam
2893 3663 3217 3733 multiplicet
3242 3701 3257 3726 ,
3284 3659 3584 3732 quomodo,

1972 3765 2224 3834 quamvis
2265 3764 2416 3817 tnttlti
2458 3761 2814 3828 increparent
2859 3773 3021 3820 eum.
3060 3771 3169 3811 non
3207 3755 3458 3817 tacebat,
3493 3752 3587 3807 sed

1972 3859 2205 3927 amplius
2235 3855 2528 3911 clamabat.
2567 3853 2772 3909 Fervor
2806 3850 3030 3922 quidam
3099 3847 3429 3929 intrinsecus
3487 3844 3588 3899 sti-

1973 3953 2224 4008 mulabat
2263 3965 2388 4003 eum
2435 3965 2449 4002 :
2487 3947 2696 4001 ideirco
2725 3956 2781 4000 et
2815 3942 2973 3999 Jesus
3007 3940 3174 4010 jussit
3201 3938 3352 3994 illum
3392 3936 3588 3991 adduci

1975 4048 2042 4100 ad
2081 4059 2161 4109 se,
2198 4042 2343 4112 quod
2400 4042 2652 4110 profecto
2680 4038 2879 4108 dignus
2924 4044 3074 4091 esset
3111 4032 3202 4104 qui
3238 4029 3590 4101 appropiaret

1975 4140 2046 4194 ei.
2082 4136 2392 4204 lnterrogat
2422 4140 2606 4186 autem
2638 4130 2788 4190 illum
2818 4126 2993 4194 :Qnid
3026 4125 3108 4179 vis
3142 4135 3200 4177 ut
3227 4122 3323 4177 tibi
3351 4117 3590 4173 faciam?

1976 4245 2082 4284 non
2111 4237 2169 4282 ttt
2200 4229 2481 4297 ignorans,
2512 4223 2609 4278 sed
2640 4237 2706 4277 ne
2737 4222 2828 4275 ille
2861 4216 3226 4290 praesentibus
3267 4212 3370 4267 alia
3401 4222 3591 4282 petere

1975 4325 2248 4388 videatur,
2276 4323 2389 4390 ipse
2417 4319 2522 4373 alia
2558 4321 2721 4372 dare:
2753 4328 2807 4370 et
2830 4316 2957 4368 dtttn
2990 4313 3081 4366 ille
3111 4310 3248 4381 petit
3271 4305 3587 4378 pecuniam;

1977 4421 2091 4488 ipse
2115 4429 2173 4472 ut
2204 4425 2533 4477 ostentator,
2567 4414 2870 4468 caecitatem
2897 4415 3139 4464 sanaret.
3169 4403 3304 4458 Nam
3336 4400 3590 4456 fortassis

1974 4513 2300 4582 insipienter
2340 4508 2472 4563 talia
2525 4507 2731 4574 lingere
2782 4511 2969 4575 posset
3009 4499 3238 4555 invidia.
3293 4497 3590 4566 PrOpterea

1903 4621 2100 4695 Deum
2149 4605 2546 4671 interrogasset
2598 4610 2655 4654 et
2703 4597 3066 4667 comperisset
3113 4608 3238 4647 eum
3284 4588 3584 4660 recipiendi

1974 4700 2126 4753 visus
2163 4695 2320 4750 valde
2352 4695 2634 4764 cupidum,
2681 4691 2775 4745 dat
2829 4689 2976 4759 quod
3030 4687 3187 4756 petit.
3228 4684 3365 4739 Vide
3407 4691 3589 4736 autem

1975 4807 2139 4861 quam
2189 4790 2404 4844 alienus
2435 4788 2508 4841 sit
2539 4786 2608 4840 ab
2642 4783 2978 4856 arrogantia.
3020 4779 3183 4835 Fides
3222 4786 3342 4844 tua,
3388 4774 3587 4846 inquit,

1970 4886 2183 4940 salvum
2233 4895 2287 4938 te
2328 4879 2483 4947 fecit,
2518 4878 2796 4933 credidisti
2837 4878 2985 4931 enim
3018 4875 3164 4945 quod
3196 4887 3297 4944 ego
3335 4886 3456 4926 sum
3487 4868 3579 4924 ille

1975 4975 2117 5031 [ilius
2154 4974 2342 5041 David,
2377 4973 2469 5043 qui
2494 4971 2808 5026 celebratur
2836 4968 3116 5035 Christus,
3150 4973 3204 5020 et
3235 4972 3445 5019 tantum
3481 4974 3592 5031 pre

1977 5077 2029 5126 te
2073 5069 2242 5124 tulisti
2296 5069 2606 5132 fervorem,
2647 5074 2709 5118 ut
2757 5062 3010 5138 quamvis
3054 5061 3448 5129 increpavere,
3484 5068 3589 5108 non

1974 5162 2217 5218 silueris.
2257 5159 2543 5215 Discamus
2569 5169 2750 5212 autem
2776 5170 2842 5210 ex
2872 5156 2995 5219 hoc,
3033 5150 3181 5222 quod
3213 5152 3436 5221 quando
3467 5161 3591 5201 cum

1979 5254 2082 5309 fide
2114 5253 2350 5324 petimus
2373 5293 2388 5318 ,
2425 5267 2534 5306 non
2575 5249 2681 5304 alia
2709 5251 2931 5320 quidem
2962 5262 3061 5301 nos
3109 5243 3346 5315 petimus
3368 5283 3384 5309 ,
3407 5251 3464 5296 et
3488 5239 3589 5294 alia

1976 5349 2092 5417 ipse
2112 5351 2226 5411 dat,
2244 5349 2336 5402 sed
2355 5348 2440 5402 illa
2462 5347 2599 5415 ipsa.
2619 5345 2794 5414 Atque
2813 5345 2883 5397 ita
2911 5343 3124 5410 quoties
3140 5339 3247 5393 alia
3261 5337 3519 5405 petimus,
3538 5342 3595 5388 et

1976 5443 2082 5497 alia
2103 5443 2425 5512 accipimus,
2449 5440 2800 5496 manifestum
2820 5438 2964 5509 quod
2983 5451 3087 5491 non
3103 5435 3240 5489 bene
3258 5445 3438 5500 neque
3458 5429 3591 5482 [ide-

1977 5536 2103 5591 liter
2130 5537 2391 5605 petimus.
2426 5555 2445 5587 ι
2471 5535 2663 5590 Petitis
2689 5535 2856 5598 enim,
2878 5531 3078 5602 inquit,
3101 5539 3156 5584 et
3178 5542 3286 5584 non
3317 5522 3589 5594 accipitis,

1975 5646 2040 5685 eu
2058 5630 2200 5699 quod
2227 5630 2365 5684 male
2383 5629 2689 5698 petatis.”
2703 5649 2721 5681 ι
2749 5627 2881 5682 Vide
2906 5627 3144 5696 iusupeF
3159 5627 3588 5695 etpotestatetn:

1973 5720 2182 5792 Ret'ipe
2197 5720 2395 5788 visum,
2411 5722 2608 5792 inquit.
2628 5721 2689 5777 Et
2708 5722 2831 5792 quis
2850 5719 3241 5794 prophetarum
3257 5719 3326 5772 ita
3343 5713 3593 5776 sanavit,
