4048 6512
575 446 718 512 1015

1446 443 2022 505 TIIEOPHYIACTI
2061 441 2467 504 BCLGARL-E
2509 441 2863 501 AliClliEl‘.

3694 434 3833 504 1016

575 559 917 631 reliquerint,
966 566 1021 614 et
1057 567 1344 629 promeret:
1386 573 1582 627 parvas
1639 557 2027 612 retrilmtiones
2063 559 2150 612 hu-

2267 555 2510 609 πλούσιοι
2556 555 2707 624 μόνοι
2744 550 3020 614 εὐέλπιδες
3050 544 3201 612 ὦσιν,
3239 549 3316 612 ὡς
3351 546 3562 601 πολλῶν
3593 549 3849 620 τευξόμεε

577 655 742 710 hituri
801 655 942 718 sint,
992 652 1293 720 interrogat
1331 651 1523 705 Petrus
1561 660 1615 703 et
1665 650 1852 710 audit.
1909 653 2052 717 quod
2101 653 2151 704 in

574 749 676 802 hoc
715 753 769 800 et
817 745 868 798 in
916 753 1148 800 venturo
1209 741 1409 798 sarculo
1478 742 1865 796 retributiones
1932 741 2150 795 habitu-

573 851 664 892 rus
720 837 790 890 sit
845 834 1025 890 omnis
1066 835 1158 905 qui
1211 843 1433 905 propter
1498 833 1664 886 Deum
1723 833 2154 902 qualescumque

568 927 942 994 possessiones
1010 925 1323 994 reliquerit',
1375 925 1538 978 etiam
1590 925 1634 978 si
1698 941 1874 993 νυνι-ιε
1927 923 2150 978 fuerint.

570 1016 689 1072 Non
739 1019 884 1072 enim
954 1017 1055 1072 hoc
1101 1017 1450 1080 consideres,
1491 1016 1630 1084 quod
1666 1031 1850 1085 pauca:
1914 1014 2150 1078 fuerint,

567 1111 662 1164 sed
715 1110 856 1180 quod
935 1124 1101 1178 parra
1154 1111 1268 1164 haec
1332 1109 1534 1164 homini
1591 1117 1736 1162 totus
1799 1109 1972 1161 victus
2041 1109 2154 1162 tne-

571 1203 698 1257 rint.
739 1202 800 1256 Et
826 1201 965 1256 εἰιιιι
993 1213 1046 1255 ιιι
1079 1202 1260 1256 multis
1286 1209 1338 1256 et
1381 1200 1590 1270 magnis
1611 1240 1625 1262 .
1656 1199 1726 1253 ita
1761 1199 1850 1253 ille
1882 1199 2068 1268 paucis
2099 1208 2155 1252 et

569 1292 749 1361 part-is
783 1293 946 1348 vitam
981 1293 1148 1365 ΜΟ
1197 1309 1346 1347 suam
1381 1306 1438 1346 se
1471 1291 1744 1345 sustinere
1773 1305 1930 1361 posse
1963 1305 2152 1359 spera-

569 1385 678 1438 bat.
709 1383 780 1438 Ut
813 1399 879 1438 ne
907 1384 1080 1438 dicam
1117 1385 1264 1447 quod
1311 1385 1404 1453 qui
1445 1399 1615 1453 pauca
1647 1383 1829 1445 habet,
1863 1383 2050 1452 majori
2085 1382 2151 1436 ad

567 1475 656 1529 illa
731 1485 978 1530 teneatur
1046 1474 1329 1530 aﬂ‘ectione
1375 1494 1387 1529 :
1432 1477 1594 1544 idque
1671 1476 2022 1530 manifestum
2075 1490 2148 1530 ex

568 1566 831 1632 patribus,
864 1567 953 1636 qui
989 1568 1207 1635 quando
1242 1569 1418 1621 éunum
1481 1568 1684 1621 habent
1723 1582 1945 1636 puerum
1973 1606 1988 1631 ,
2039 1583 2154 1619 ma-

562 1658 735 1728 jorem
793 1675 918 1730 erga
958 1659 1105 1713 illum
1149 1657 1490 1714 aﬂ‘ectiOuem
1545 1668 1759 1728 gerunt,
1810 1675 1972 1727 quam
2023 1672 2152 1728 erga

568 1751 867 1818 plurimos:
903 1753 970 1804 ita
1023 1761 1076 1806 et
1122 1767 1324 1820 pauper
1395 1767 1555 1804 unam
1613 1753 1830 1804 domum
1887 1759 1939 1805 et
1987 1765 2151 1804 unum

567 1857 752 1910 agrum
788 1842 1082 1909 impensius
1120 1842 1318 1911 diligit,
1366 1857 1527 1906 quam
1562 1852 1616 1895 tu
1648 1844 1867 1895 multos.
1919 1841 2074 1908 Quod
2107 1841 2150 1896 si

2263 667 2373 710 νοι,
2425 643 2512 701 οἷα
2555 646 2766 702 πολλῶν
2796 646 3329 715 ,καταφρονήσαντες
3355 681 3369 704 ,
3411 645 3458 695 οἱ
3506 641 3563 694 δὲ
3619 642 3850 712 πένητες

2261 740 2693 795 δυσελπισθῶσιν
2716 733 2802 791 οἶα
2834 738 3030 805 ὀλίγων
3066 737 3425 797 ἀποστάντες.
3457 737 3549 788 καὶ
3579 734 3669 788 8ιά
3699 735 3851 788 τοῦτο

2263 833 2454 900 ὀλίγας
2498 832 2734 900 ἀμοιϐὰς
2769 829 3199 902 προσδογῶντες,
3252 827 3432 898 ἐρωτᾷ
3461 830 3488 880 ό
3522 827 3732 898 Πέτρος
3764 829 3853 879 καῖ⁵

2263 925 2476 986 ἀκούει,
2508 925 2592 978 δτι
2638 924 2734 976 καὶ
2768 924 2824 973 ἐν
2852 922 2928 992 τῷ
2954 920 3047 973 νῦν
3081 921 3237 973 αἰῶνι
3267 921 3362 972 καὶ
3409 921 3466 971 ἐν
3488 920 3567 988 τῷ
3603 918 3851 989 μέλλοντι

2262 1017 2362 1080 τὰς
2398 1016 2633 1087 ἀμοιϐὰς
2658 1015 2792 1080 ἕξει,
2831 1015 2938 1078 πᾶς
2965 1016 2992 1067 ὁ
3017 1013 3196 1066 ὁτιοῦν
3227 1011 3312 1065 διὰ
3343 1012 3476 1064 Θεὸν
3502 1013 3854 1080 καταφρονή-

2265 1125 2361 1170 σας
2390 1107 2500 1160 τῶν
2528 1107 2904 1176 ὑπαρχόντων,
2936 1105 3041 1157 κᾶν
3075 1103 3248 1174 μικρά
3277 1098 3405 1156 εἷεν.
3440 1104 3530 1160 Μὴ
3565 1101 3677 1171 γὰρ
3700 1101 3856 1154 τοῦτο

2267 1199 2549 1268 σκοπήσῃς
2578 1199 2660 1251 ὅτι
2699 1198 2893 1267 μικρά,
2926 1195 3042 1249 ἀλλ’
3081 1197 3164 1250 ὅτι
3197 1195 3312 1265 βίος
3345 1197 3463 1257 ὅλος
3491 1191 3634 1264 ἦσαν
3670 1195 3854 1246 ἐκεῖνα

2264 1289 2333 1342 τά
2368 1290 2543 1360 μικρά
2576 1291 2654 1362 τῷ
2698 1289 2992 1360 ἀνθρώπῳ,
3031 1289 3124 1342 καὶ
3171 1288 3360 1358 ὥσπερ
3392 1289 3458 1341 σὺ
3483 1291 3597 1350 τοῖς
3637 1287 3856 1348 πολλοῖς

2263 1381 2358 1431 καὶ
2394 1381 2670 1449 μεγάλοις,
2696 1379 2870 1442 οὕτως
2894 1383 3098 1442 ἐκεῖνος
3131 1383 3243 1443 τοῖς
3283 1380 3483 1447 ὀλίγοις
3508 1380 3607 1434 καὶ
3636 1382 3855 1450 μικροῖς

2263 1471 2535 1541 ἐμϐιῶσαι
2573 1472 2896 1543 προσεδόκα,
2922 1473 3008 1526 ἵνα
3041 1474 3116 1545 μὴ
3144 1473 3311 1539 λέγω,
3337 1475 3417 1527 ὅτι
3446 1473 3473 1525 ό
3504 1473 3668 1540 ὀλίγα
3692 1473 3850 1541 ἔχων,

2264 1562 2488 1616 πλείονα
2515 1567 2698 1634 σχέσιν
2729 1564 2841 1635 ἔχει
2872 1565 3005 1635 πρὸς
3039 1565 3212 1618 ταῦτα
3247 1583 3259 1594 ’
3293 1566 3388 1617 καὶ
3412 1564 3575 1633 δῆλον
3605 1565 3720 1616 ἀπὸ
3748 1565 3855 1616 τῶν

2269 1655 2539 1724 πατέρων,
2579 1657 2629 1708 οἶ
2655 1657 2784 1708 ὅταν
2812 1657 2907 1709 ἕνα
2954 1658 3122 1712 παῖδα
3150 1658 3340 1727 ἔχωσι,
3382 1657 3550 1709 πλείω
3585 1659 3688 1725 τὴν
3728 1659 3854 1726 σχέ-

2263 1766 2347 1800 στν
2383 1748 2782 1803 ἐπιδείκνυνται
2807 1750 2943 1821 πρὸς
2963 1751 3230 1821 τοῦτον,ἢ
3264 1751 3396 1821 πρὸς
3422 1751 3668 1812 πλείους.
3698 1750 3854 1802 Οὕτω

2265 1841 2357 1894 καὶ
2388 1843 2415 1894 ὁ
2454 1841 2623 1911 πένης
2651 1843 2788 1914 πρὸς
2814 1843 2913 1913 τὴν
2955 1845 3083 1912 μίαν
3108 1845 3307 1908 οίκίαν,
3346 1845 3438 1896 καὶ
3467 1844 3606 1915 πρὸς
3635 1845 3724 1896 τὸν
3761 1842 3854 1895 ἕνα

568 1948 693 1996 ιιοιι,
742 1943 886 1986 certe
920 1932 1001 1987 vel
1035 1937 1220 1988 eadem
1264 1935 1510 2004 utrisque
1548 1945 1630 1988 est
1665 1934 1900 1996 aﬂectiu,
1930 1944 1982 1989 et
2022 1949 2144 2002 pro-

2258 1934 2422 2001 ἀγρον
2456 1933 2806 2004 -δριμύτερον
2862 1933 3151 1997 διάκειται,
3186 1935 3216 2004 ἦ
3248 1937 3310 1989 σὺ
3344 1937 3478 2005 πρὸς
3532 1937 3666 1998 τοὺς
3717 1937 3850 1988 πολ-

565 2036 747 2092 pterea
791 2026 929 2079 idem
965 2037 1019 2079 ct
1048 2038 1412 2095 contemptus.
1451 2025 1548 2080 llic
1580 2043 1713 2082 sane
1737 2039 1787 2079 et
1816 2027 1915 2080 hoc
1950 2026 2150 2082 smcuio

566 2120 823 2185 prmsenti
865 2119 1188 2180 multiplices
1239 2119 1516 2188 accipiunt
1569 2119 1975 2180 retributiones,
2014 2120 2156 2173 sicut

567 2211 794 2275 apostoli
830 2210 925 2264 illi.
963 2210 1256 2280 Tngnriola
1293 2212 1510 2280 quidem
1561 2211 1898 2280 reliquerant
1933 2209 2005 2265 illi
2033 2226 2154 2265 om-

564 2317 684 2365 nes,
712 2312 765 2354 et
806 2319 949 2357 nunc
1000 2304 1198 2358 habent
1245 2303 1642 2373 fulgentissima
1698 2302 1933 2372 templa,
1983 2313 2037 2355 et
2069 2315 2157 2356 res

565 2391 884 2456 familiares,
909 2402 958 2446 et
986 2407 1166 2462 agros,
1197 2405 1251 2447 et
1281 2408 1478 2447 uxores
1516 2392 1732 2456 multas,
1759 2407 1882 2463 quas
1913 2390 2018 2445 illis
2048 2389 2152 2446 fero

564 2498 691 2537 tore
725 2482 847 2538 ﬁdei
880 2483 1177 2551 adhterent,
1209 2485 1417 2555 aliaque
1440 2487 1616 2540 omnia
1639 2503 1652 2550 ;
1679 2486 1729 2539 in
1761 2485 1942 2540 futuro
1967 2495 2147 2538 autem

561 2573 780 2636 swculo.
813 2590 921 2629 non
967 2590 1128 2648 agros
1181 2577 1314 2632 tales
1369 2578 1700 2647 multiplices
1743 2589 1795 2631 et
1837 2576 2148 2646 corporales

565 2666 973 2733 retributiones,
1009 2669 1103 2724 sed
1141 2670 1303 2724 vitam
1333 2680 1619 2725 aeternam.

2255 2023 2402 2086 λούς.
2435 2023 2496 2076 Et
2542 2024 2598 2078 δὲ
2651 2026 2746 2094 μὴ,
2795 2024 2910 2078 ἀλλ’
2956 2022 3078 2079 ἴσον
3131 2026 3261 2095 γοῦν
3294 2028 3632 2098 ἀμφοτέροις
3667 2028 3730 2080 τὺ
3755 2028 3853 2096 τῆς

2265 2115 2525 2185 σχέσεωςι
2563 2115 2651 2169 διὰ
2687 2115 2844 2169 τοῦτο
2872 2118 2964 2170 καὶ
2996 2117 3056 2171 τὸ
3087 2119 3187 2186 τῆς
3216 2121 3690 2190 περιφρονήσεως.
3725 2119 3852 2170 Ἕν-

2256 2206 2346 2260 θεν
2378 2225 2456 2260 τοι
2492 2208 2586 2260 καὶ
2617 2210 2676 2261 ἐν
2700 2207 2778 2278 τῷ
2806 2209 2901 2261 νῦν
2921 2210 3079 2262 αἰῶνι
3105 2211 3475 2272 πολυπλασίας
3507 2211 3850 2280 λαμϐάνουσι

2255 2297 2352 2360 τὰς
2391 2297 2652 2367 ἀμοιϐὰς,
2684 2299 2760 2361 ὡς
2790 2299 2839 2351 οι
2867 2299 3156 2353 ἀπόστολοι
3192 2301 3346 2353 αὐτοὶ
3377 2295 3549 2355 οὗτοι.
3590 2301 3851 2370 Καλύϐης

2258 2389 2366 2459 γὰρ
2415 2390 2935 2460 καταφρονήσαντες
2977 2392 3231 2457 ἕκαστος,
3281 2391 3374 2443 νῦν
3425 2391 3851 2461 λαμπροτάτους

2258 2482 2422 2544 ναοὺς
2447 2481 2634 2551 Ιχουσι
2670 2484 2764 2536 καὶ
2798 2483 3025 2554 ἀγροὺς,
3053 2485 3146 2537 καὶ
3183 2483 3503 2554 προσόδους,
3542 2487 3638 2537 καί
3665 2488 3850 2551 γυναῖο

2258 2590 2357 2636 κας
2381 2573 2584 2635 πολλὰς
2599 2575 2700 2638 τάς
2725 2577 2791 2646 τῇ
2819 2576 2955 2645 πρὸς
2979 2578 3173 2631 αὐτοὺς
3197 2575 3518 2647 θερμότητι,
3545 2577 3642 2628 καὶ
3668 2577 3849 2628 πίστει

2258 2666 2670 2738 συνδεδεμένας,
2705 2670 2798 2722 καὶ
2830 2667 3000 2723 τᾶλλα
3054 2671 3234 2724 πάντα
3289 2669 3476 2732 ἀπλῶς
3501 2687 3516 2700 ο
3557 2672 3656 2723 καὶ
3683 2673 3741 2722 ἐν
3774 2671 3849 2738 τῷ

567 2762 816 2833 μέλλοντι
848 2763 905 2817 δὲ
939 2763 1097 2818 αίῶνι
1131 2766 1231 2818 οὐκ
1281 2765 1487 2836 ἀγροὺς
1537 2764 1815 2828 τοιούτους
1871 2761 2296 2827 πολυπλασίους,
2323 2763 2419 2817 καὶ
2474 2764 2796 2835 σωματικὰς
2823 2764 3122 2829 ἀντιδόσεις
3183 2765 3444 2830 λάϐωσιν,
3511 2765 3653 2820 ἀλ.λᾶ
3707 2767 3847 2836 ζωὴν

562 2875 594 2909 α
607 2853 800 2911 ἰώνιον.

639 2950 795 3003 Vens.
829 2949 1015 3005 δίοὸό.
1053 2969 1072 3002 ι
1102 2953 1409 3022 Assumpsit
1438 2964 1618 3009 autem
1652 2953 1812 3010 Jesus
1841 2953 2149 3018 duodecim,

561 3051 616 3093 et
661 3042 734 3096 ait
789 3041 937 3096 illis:
977 3042 1114 3098 Ecce
1171 3047 1515 3101 ascendimus
1582 3045 2012 3120 Hierosolymam
2039 3088 2054 3113 ,
2097 3057 2150 3102 et

564 3134 1089 3189 eonsummabuntur
1119 3138 1301 3192 omnia
1337 3154 1456 3209 qua:
1488 3139 1686 3208 scripta
1718 3150 1846 3195 sunt
1893 3156 1988 3211 per
2017 3156 2142 3211 pro-

2333 2965 2352 2999 ε
2392 2946 2740 3017 Παραλαϐὼν
2771 2947 2829 3003 δὲ
2862 2949 2989 3014 τοὺς
3013 2949 3242 3015 δώδεκα,
3285 2945 3407 3003 εἷπε
3441 2950 3582 3018 πρὸς
3615 2947 3844 3012 αὐτούς’

2268 3039 2400 3094 Ἰδοὺ
2434 3041 2804 3112 ἀναϐαίνομεν
2825 3045 2904 3105 εις
2938 3043 3310 3113 Ἰεροσόλυμα,
3337 3045 3428 3096 καὶ
3454 3043 3843 3114 τελεσθήσεται

2254 3131 2438 3184 πάντα
2467 3131 2537 3184 τὰ
2577 3133 2944 3204 γεγραμμένα
2975 3134 3063 3186 διὰ
3110 3133 3220 3186 τῶν
3274 3135 3579 3205 προφητῶν
3624 3135 3704 3204 τῷ
3733 3135 3844 3202 Υῑῷ

563 3226 757 3294 phetas
787 3225 853 3280 de
884 3225 1022 3282 Filio
1073 3227 1330 3283 hominis.
1388 3227 1656 3285 Tradetur
1683 3232 1825 3286 enim
1869 3232 2140 3303 gentibus,

2258 3222 2347 3276 τοῦ
2380 3223 2694 3293 ἀνθρώπου.
2733 3216 3182 3296 Παραδοθήσεται
3217 3227 3328 3298 γὰρ
3362 3229 3479 3288 τοῖς
3509 3229 3714 3292 ἔθνεσι,
3750 3233 3842 3282 καῖ

563 3327 618 3371 et
644 3316 915 3384 illudetur,
947 3327 997 3374 et
1034 3321 1375 3377 contumeliis
1400 3321 1681 3389 afﬁcietur,
1718 3333 1772 3377 et
1795 3333 2144 3393 couspuetur,

563 3419 613 3461 et
644 3417 931 3481 postquam
985 3410 1394 3482 ﬂagellaverint,
1447 3415 1690 3470 occident
1730 3431 1875 3479 eum,
1907 3426 1959 3471 et
1988 3416 2146 3472 tertia

563 3504 651 3557 die
685 3514 950 3573 resurget.
981 3504 1044 3559 Et
1076 3505 1174 3574 ipsi
1221 3505 1356 3560 nihil
1399 3508 1590 3562 horum
1647 3507 2046 3562 intellexerunt.
2082 3508 2147 3562 Et

565 3618 577 3639 ο
603 3603 678 3647 rat
708 3595 928 3650 verbum
958 3596 1100 3652 istud
1125 3597 1502 3653 absconditum
1537 3599 1604 3654 ab
1628 3601 1725 3666 eis,
1758 3617 1856 3655 nec
1878 3599 2146 3669 intelligev

565 3687 698 3739 lunt
729 3703 848 3756 quae
880 3688 1220 3744 dicebautur.
1258 3708 1275 3742 ι
1305 3689 1555 3747 Pra-diclt
1583 3692 1659 3746 eis
1687 3692 1992 3762 passionem
2017 3707 2146 3761 pro-

565 3789 684 3841 pter
717 3775 822 3831 duo
847 3776 934 3830 illa
965 3795 977 3830 ε
1023 3793 1211 3844 unum,
1247 3791 1304 3834 ut
1331 3782 1605 3845 ostendat,
1644 3783 1786 3851 quod
1814 3797 1919 3837 non
1949 3782 2148 3836 invitus

566 3879 740 3934 neque
771 3875 829 3920 ut
851 3881 1018 3935 purus
1050 3869 1465 3925 homomortem
1495 3872 1750 3940 ignorans
1773 3871 2145 3940 cruciﬁgatur,

559 3959 658 4014 sed
694 3965 749 4013 et
794 3961 1109 4027 prmtideat,
1161 3971 1217 4016 et
1251 3964 1554 4017 voluntarie
1595 3965 1829 4031 patiatur
1874 3979 1886 4014 :
1924 3979 2047 4018 nam
2102 3966 2145 4018 si

567 4050 824 4104 noluisset
851 4053 979 4121 pati.
1013 4054 1305 4109 devitasset
1326 4057 1509 4123 utique
1533 4071 1651 4124 qua:
1674 4057 2009 4125 praesciebat.
2042 4057 2148 4110 Eo-

568 4159 685 4196 rum
723 4144 866 4199 enim
899 4145 988 4214 qui
1011 4161 1114 4199 non
1139 4157 1266 4201 sunt
1286 4148 1519 4216 praescii,
1539 4159 1616 4202 εει
1645 4149 1764 4217 capi
1789 4151 2146 4217 ;secundum,

567 4246 624 4288 ut
651 4236 954 4292 doceateos
982 4238 1173 4293 leviter
1205 4239 1350 4294 ferre
1382 4255 1501 4309 qua:
1529 4250 1814 4308 eventura,
1845 4253 2028 4313 utpote
2057 4245 2146 4314 qui

567 4336 728 4381 antea
767 4328 1094 4394 audiverint,
1134 4340 1186 4383 et
1219 4346 1324 4385 non
1369 4344 1590 4401 repente
1620 4333 1674 4386 in
1707 4333 1796 4388 illa
1833 4335 2143 4391 inciderint.

565 4419 701 4472 Cum
754 4433 932 4475 autem
989 4421 1316 4491 perficienda
1377 4427 1620 4480 erantin
1673 4435 1724 4482 te
1769 4443 1888 4497 qua:
1935 4427 2076 4483 dicta
2120 4445 2148 4482 a

569 4512 871 4581 prophetis,
905 4523 1001 4568 cur
1043 4517 1319 4580 ascendis,
1353 4533 1384 4572 ο
1414 4518 1681 4574 Domine?
1731 4520 1960 4591 Pmpter
2009 4523 2149 4576 istud

2254 3314 2722 3386 ἐμπαιχθήσεται,
2761 3317 2853 3368 καὶ
2885 3317 3300 3387 ὑϐρισθήσεται,
3332 3315 3428 3371 καὶ
3460 3319 3845 3390 ἐμπτυσθήσεο

2251 3423 2362 3469 ται,
2397 3406 2491 3460 καὶ
2522 3405 2967 3474 μαστιγώσαντες
2998 3407 3619 3474 ἀποκτενοῦσιναὺτόν,
3653 3412 3748 3464 καὶ
3778 3415 3841 3481 τῇ

2250 3499 2409 3571 τρίτη
2448 3502 2635 3572 ἡμέρα
2667 3503 3061 3572 ἀναστήσεται.
3100 3504 3209 3556 Καὶ
3244 3505 3399 3559 αὐτοὶ
3445 3505 3606 3559 οὐδὲν
3640 3506 3843 3558 τούτων

2254 3592 2521 3662 συνῆκαν,
2579 3596 2672 3647 καὶ
2718 3590 2787 3666 ἦν
2816 3595 2878 3648 τὸ
2910 3595 3062 3665 ρἧα
3097 3599 3254 3650 τοῦτο
3304 3598 3700 3668 κεκρυμμένον
3746 3601 3826 3650 ἀπ

2249 3689 2452 3753 αὐτῶν,
2487 3691 2580 3742 καὶ
2620 3693 2719 3743 οὐκ
2756 3691 3056 3757 ἐγίνωσκον
3089 3695 3156 3746 τά
3187 3693 3477 3765 λεγόμενα.
3518 3715 3536 3747 ι
3577 3694 3842 3765 Προλέγει

2250 3782 2438 3845 αὐτοῖς
2462 3784 2529 3836 τά
2561 3783 2652 3836 τοῦ
2685 3783 2912 3846 πάθους,
2953 3785 3039 3838 ἵνα
3061 3784 3156 3840 δύο
3191 3787 3364 3842 ταῦτα
3398 3789 3750 3862 κατορθώσῃ·
3785 3791 3843 3842 ἐν

2256 3873 2355 3941 μὲν
2381 3875 2439 3925 τὸ
2463 3870 2655 3938 δεῖξαι,
2692 3874 2774 3926 ὅτι
2801 3875 2900 3927 οὐκ
2929 3876 3078 3928 ἄκων
3112 3878 3232 3930 οὐδὲ
3262 3877 3336 3940 ὡς
3361 3879 3519 3949 ψιλὸς
3553 3881 3844 3952 ἄνθρωπος

2251 3963 2465 4030 ἀγνοῶν
2487 3965 2578 4016 τὸν
2619 3963 2849 4018 θάνατον
2878 3967 3236 4036 σταυροῦται,
3271 3968 3408 4024 ἀλλά
3449 3973 3546 4023 καὶ
3579 3972 3843 4043 προῄδει,

2253 4056 2348 4109 καὶ
2379 4056 2519 4109 ἑκὼν
2564 4057 2764 4127 πάσχει
2791 4074 2804 4087 ο
2841 4061 2890 4111 εί
2922 4057 3031 4129 γάρ
3062 4058 3315 4114 ἐϐούλετο
3349 4063 3423 4132 μὴ
3456 4064 3678 4130 παθεῖν,
3732 4065 3846 4128 ἐξέι

2254 4149 2436 4202 κλινεν
2467 4149 2534 4204 ἂν
2555 4189 2570 4212 ,
2613 4144 2700 4204 οἷα
2730 4149 2793 4222 δή
2823 4152 3091 4222 προειδώς
3117 4171 3131 4184 ·
3172 4154 3280 4207 τῶν
3319 4155 3430 4227 γὰρ
3465 4157 3541 4228 μὴ
3574 4175 3846 4228 προγινω-

2255 4242 2495 4295 σκόντων
2529 4243 2648 4296 ἐστὶ
2691 4244 2752 4297 τὸ
2780 4243 3102 4298 ἁλίσκεσθαι
3136 4261 3148 4274 ·
3186 4247 3440 4318 δεύτερον
3479 4248 3538 4302 δὲ
3571 4254 3633 4302 τὸ
3667 4253 3846 4302 πεῖσαι

2254 4335 2453 4400 αὐτοὺς
2482 4335 2718 4401 εὐκόλως
2761 4336 2954 4408 φέρειν
2981 4337 3048 4392 τά
3084 4339 3501 4410 συμϐησόμενα,
3534 4341 3634 4394 ἅτε
3682 4359 3846 4412 προα-

2258 4429 2547 4494 κηκοότας,
2581 4429 2674 4481 καὶ
2710 4428 2784 4499 μὴ
2819 4431 2882 4482 ἐκ
2926 4430 3020 4482 τοῦ
3051 4431 3319 4499 αἰφνιδίου
3374 4432 3561 4496 αὐτοῖς
3604 4451 3848 4503 προσπε-

2259 4521 2441 4573 σόντα.
2471 4521 2662 4574 Καίτοι
2687 4525 2735 4575 εί
2767 4521 2951 4589 μέλλοι
2978 4521 3416 4592 τελεσθῆναιέπὶ
3450 4527 3558 4583 σοὶ,
3581 4519 3628 4578 ὧ
3655 4527 3843 4596 Κύριε,

569 4609 770 4673 ipsum,
809 4619 866 4662 ut
895 4609 1123 4664 salutem
1152 4625 1364 4680 opercr.
1399 4609 1465 4666 Et
1497 4612 1568 4666 ita
1602 4613 1943 4669 voluntarius
1978 4616 2146 4673 vadit.

2261 4613 2328 4665 τὰ
2361 4611 2527 4666 πάλαι
2577 4612 2682 4667 ὑπὸ
2732 4613 2842 4666 τῶν
2877 4615 3177 4686 προφητῶν
3226 4615 3511 4684 λεχθέντα,
3541 4618 3692 4672 διατί
3724 4623 3849 4672 ἀνα-

573 4700 637 4750 1·;ι
686 4698 802 4768 ipse
855 4700 1068 4768 quidem
1130 4705 1277 4766 lucc,
1324 4705 1570 4772 discipuli
1629 4717 1810 4762 autem
1861 4719 1986 4763 tunc
2031 4709 2153 4779 qui-

569 4790 690 4842 dem
745 4791 877 4845 nihil
932 4789 1329 4850 intelleXerunt.
1393 4795 1522 4852 Erat
1567 4800 1711 4853 enim
1770 4801 1994 4856 verbum
2051 4804 2151 4858 hoc

570 4882 950 4938 absconditum
1001 4886 1070 4942 ab
1118 4888 1230 4953 eis,
1266 4899 1320 4944 et
1347 4891 1579 4946 maxime
1631 4889 1872 4947 omnium
1927 4897 2149 4950 verbum

569 4977 673 5030 hoc
760 4979 1181 5034 resurrectionis
1252 4982 1475 5037 onniuo
1564 4998 1669 5037 non
1757 4986 2148 5055 aguOSCebztnt.

569 5065 636 5119 Et
685 5067 788 5121 alia
840 5083 1053 5139 quoque
1107 5086 1213 5125 non
1267 5074 1670 5142 agnoscebant,
1711 5086 1770 5130 ut
1827 5078 1966 5130 tradi
2019 5093 2154 5146 gen-

573 5159 736 5215 tibus.
786 5161 1019 5217 Maxime
1057 5175 1235 5219 autem
1285 5169 1507 5223 verbum
1550 5171 1965 5226 resurreCIiouis
2001 5172 2154 5240 igno-

573 5250 804 5318 rabant,
855 5257 999 5324 quod
1056 5273 1162 5310 non
1224 5271 1344 5313 erat
1397 5262 1449 5315 in
1509 5277 1630 5316 usu.
1681 5263 1745 5318 Et
1803 5279 1911 5318 non
1964 5280 2156 5321 omnes

571 5342 739 5398 διιόιεὶ
771 5346 1070 5404 credebant
1119 5353 1594 5419 resurrectionem,
1634 5354 1903 5422 inprimis
1946 5355 2156 5410 Saddu-

569 5439 688 5491 (τοι.
729 5438 834 5493 Sed
883 5439 1109 5507 dixeris,
1156 5441 1220 5495 Et
1265 5444 1307 5497 si
1357 5445 1491 5498 nihil
1540 5447 1923 5516 agnoscebant,
1983 5465 2156 5518 quare

571 5545 701 5597 ergo
756 5531 835 5585 eis
875 5531 989 5588 haec
1036 5535 1320 5605 praedicit?
1349 5554 1467 5602 quae
1510 5541 1652 5594 enim
1704 5542 1908 5597 utilitas
1959 5543 2056 5595 illi.
2092 5545 2153 5597 nd

570 5623 996 5678 consolationem
1034 5637 1277 5696 tempore
1311 5631 1523 5696 crucis,
1553 5631 1596 5685 si
1629 5648 1733 5688 non
1785 5634 2154 5704 intelligebant

572 5730 633 5766 va
669 5729 788 5783 quae
833 5715 1193 5773 dicebantur?
1228 5720 1378 5786 Quod
1412 5738 1515 5777 non
1553 5740 1740 5792 parum
1784 5728 1931 5780 utilia
1967 5740 2155 5797 postea

579 5807 756 5859 I'ntura
786 5819 992 5872 essent,
1042 5811 1166 5865 dum
1211 5815 1630 5870 remi-darentur
1655 5819 1798 5886 quod
1846 5818 1947 5872 ista
1975 5831 2156 5874 essent

580 5911 699 5965 qua
732 5907 857 5956 tunc
914 5903 1240 5972 prtediccute
1292 5905 1521 5962 Domino
1577 5925 1680 5965 non
1748 5910 2154 5974 intellexerunt.

2258 4705 2498 4771 ϐαίνεις;
2553 4707 2632 4757 Δι’
2681 4705 2813 4758 αὐτὸ
2868 4706 2966 4774 μὲν
3030 4706 3124 4760 οὖν
3180 4707 3379 4772 τοῦτο,
3432 4709 3524 4762 ἵνα
3575 4714 3847 4782 σωτηρίαν

2256 4798 2606 4868 ἐργάσωμαι.
2651 4797 2817 4850 ’Ὥστε
2841 4797 2982 4850 ἐκὼν
3005 4797 3251 4869 ἔρχεται.
3289 4799 3433 4853 Ἀλλ’
3459 4801 3488 4854 ό
3517 4801 3624 4871 μὲν
3655 4803 3846 4857 ταῦτα·

2256 4892 2305 4943 oi
2338 4890 2394 4942 δὲ
2432 4889 2673 4960 μαθηταὶ
2705 4890 2824 4943 τότε
2866 4890 2965 4960 μὲν
3004 4893 3262 4946 συνίεσαν
3288 4893 3447 4948 οὐδὲν
3492 4909 3509 4927 ⁶
3543 4891 3615 4968 ἦν
3655 4899 3768 4967 γὰρ
3794 4898 3847 4950 τὸ

2260 4984 2413 5051 ῥῆμα
2446 4983 2603 5045 τοῧτη
2642 4985 3216 5056 παρακεκαλυμμένον
3245 4988 3342 5041 ἀπ’
3371 4987 3578 5052 αὐτῶν,
3618 4991 3847 5060 μάλιστα

2260 5074 2478 5126 πάντων
2516 5075 2575 5128 τὸ
2619 5075 2773 5145 ῥῆμα
2822 5079 2920 5146 τῆς
2968 5079 3355 5143 ἀνσστάσεως’
3388 5081 3483 5134 καὶ
3523 5077 3702 5136 τᾶλλα
3755 5083 3848 5154 μὲν

2259 5167 2368 5236 γὰρ
2397 5167 2497 5220 οὐκ
2528 5169 2923 5235 ἐπεγίνωσκον,
2957 5164 3070 5223 o'ov
3102 5171 3166 5224 τὸ
3207 5172 3695 5243 παραδοθήσεσθαι
3746 5178 3846 5238 τοῖς

2258 5259 2456 5324 ἔθνεσι,
2502 5261 2738 5330 μάλιστα
2774 5262 2828 5315 δὲ
2855 5263 2915 5315 τὸ
2941 5262 3040 5334 τῆς
3069 5265 3422 5328 ἀναστάσεως
3451 5269 3554 5322 οὐκ
3589 5271 3845 5340 ἐπεγίνω-

2261 5368 2389 5404 σκον
2419 5354 2557 5416 ὅλως
2589 5371 2602 5384 ο
2637 5354 2758 5407 οὐδὲ
2787 5355 2894 5425 γὰρ
2923 5351 2989 5426 ἦν
3023 5358 3082 5408 ἐν
3113 5360 3456 5428 καταχρήσει
3509 5362 3696 5428 τοῦτο,
3733 5365 3846 5418 οὔτε

2262 5447 2459 5509 πάντες
2492 5446 2784 5500 ἐπίστευον
2813 5449 2862 5500 oi
2906 5448 3308 5513 Ἰουδαΐζοντες,
3349 5453 3470 5507 οὐδὲ
3508 5454 3614 5525 τὴν
3669 5457 3846 5517 ἀπλῶς

2261 5543 2580 5604 ἀνάστασιν,
2630 5540 2724 5593 καὶ
2759 5540 2919 5610 δῆλον
2963 5541 3073 5595 ἀπὸ
3111 5541 3220 5594 τῶν
3246 5541 3646 5601 Σαδδουκαὲων.
3691 5546 3840 5606 Ἀλλῖ

2259 5627 2432 5698 εἴποις
2469 5635 2559 5701 ἂν,
2588 5634 2651 5688 El
2677 5635 2769 5687 καὶ
2803 5633 2876 5705 μὴ
2901 5635 3293 5702 ἐπεγίνωσκον,
3327 5635 3380 5688 τί
3407 5636 3598 5692 λοιπὸν
3627 5639 3836 5712 κροῦλε·

2259 5744 2354 5794 γεν
2378 5727 2559 5790 αὐτοῖς
2585 5727 2756 5782 ταῦτα
2783 5745 2796 5792 ;
2828 5728 2893 5782 Τί
2922 5729 3034 5797 γὰρ
3062 5729 3124 5781 τὸ
3147 5727 3344 5797 ὄφελος
3369 5731 3558 5794 αὐτοῖς
3595 5733 3732 5806 πρὸς
3751 5732 3838 5803 τὴν

2258 5822 2314 5872 ἐν
2347 5821 2425 5890 τῷ
2455 5821 2637 5892 καιρῷ
2681 5821 2775 5874 τοῦ
2815 5822 3052 5892 σταυροῦ
3092 5822 3472 5893 παράκλησιν,
3507 5827 3586 5897 μὴ
3626 5829 3838 5881 συνιεῖσι

2270 5915 2317 5967 ςῦ
2347 5915 2640 5985 λεγόμενον
2664 5933 2676 5984 ;
2703 5917 2779 5970 Οὐ
2816 5917 2987 5989 μικρὰ
3009 5915 3320 5986 ὠφελοῦντο
3351 5920 3432 5983 εἰς
3457 5927 3520 5973 το
3557 5921 3838 5992 μετέπειτα
