4048 6506
244 397 384 459 ΙΟΠ

935 394 1389 466 ΕΝΑῐιιιΑΤιο
1435 410 1512 470 IN
1554 411 2062 476 EVANGELIUM
2105 401 2635 477 LUC.E."—“—‘c.-\P.
2676 416 2895 477 xvm.

3407 409 3556 478 1018

241 512 821 585 ἀναμιμνησκόμενοι,
871 513 953 568 ὅτι
985 515 1162 569 ταῦτα
1197 512 1359 588 ἦσαν,
1392 517 1428 572 ἃ
1459 519 1596 582 τέως
1649 521 1850 590 προλέ-

1966 527 2304 581 manifestum
2339 543 2404 580 cx
2440 527 2653 590 multis,
2681 535 2735 581 et
2767 526 3005 579 maxime
3033 540 3098 579 rx
3131 524 3215 580 his
3245 539 3367 595 quae
3388 526 3556 583 luan-

239 624 435 675 γοντος
465 607 562 661 τοῦ
592 607 798 674 Κυρίου
829 611 889 661 οὐ
925 607 1202 662 συνίεσανο
1240 612 1333 663 καὶ
1363 611 1523 663 τοῦτο
1547 612 1706 680 δῆλον
1734 613 1842 664 ἀπὸ

242 701 479 761 πολλῶν,
516 701 611 752 καὶ
645 700 881 769 μάλιστα
912 700 1005 769 ἀφ’
1035 695 1110 754 ὧν
1154 701 1412 765 Ἰωάννης
1449 704 1596 771 λέγει
1618 722 1630 734 θ
1655 704 1845 756 Ταῦτα

244 791 302 844 δὲ
329 793 431 844 οὐκ
458 791 707 869 ἔγνωσαν
731 793 779 843 οἱ
808 792 1054 861 μαθηταὶ
1088 793 1281 858 αὑτοῦ,
1329 793 1556 863 ὕστερον
1578 797 1631 848 δὲ
1677 797 1846 864 ἐμνή-

247 884 479 954 σθησαν,
521 886 603 937 ὅτι
638 885 811 938 ταῦτα
839 881 907 957 ἦν
941 888 1309 956 γεγραμμένα
1356 889 1441 940 ἐπ’
1472 888 1641 959 αὐτῷ.
1689 891 1797 942 Καὶ
1819 891 1846 941 ὁ

251 975 614 1047 Παράκλητος
645 978 698 1030 δὲ
732 978 1053 1048 ἀναμνήσας
1082 981 1282 1043 αὐτοὺς
1318 980 1497 1033 πάντα
1528 981 1844 1046 ἀξιοπιστο-

239 1070 413 1138 τέραν
447 1069 546 1140 τὴν
586 1071 714 1134 περὶ
749 1071 989 1142 Χριστοῦ
1025 1075 1337 1143 μαρτυρίαν
1381 1074 1566 1136 αὐτοῖς
1618 1072 1848 1141 ἐγκατέ·

246 1162 403 1233 θηκε.
443 1163 577 1234 Περὶ
604 1162 662 1215 δὲ
691 1163 785 1215 τοῦ
815 1162 932 1226 πῶς
955 1167 1260 1236 τριήμερος
1285 1167 1318 1236 ἡ
1347 1168 1516 1238 ταφὴ,
1556 1168 1759 1232 ἱκανῶς
1790 1170 1848 1221 ἐν

241 1259 358 1319 τοῖς
389 1256 571 1319 ἄλλοις
601 1255 1035 1324 Εὑαγγελισταίς
1069 1259 1310 1328 εἴρηται.

327 1371 346 1403 ι
399 1351 648 1419 Ἐγένετο
680 1351 734 1403 δὲ
785 1352 842 1402 ἐν
878 1351 955 1421 τῷ
991 1350 1232 1419 ἐγγίζειν
1280 1353 1443 1405 αὐτὸν
1487 1355 1567 1416 είς
1617 1353 1846 1425 ’Ῑεριχὼ,

240 1445 446 1513 τυφλός
475 1462 558 1507 τις
584 1444 822 1513 ἐκάθητο
842 1442 992 1514 παρὰ
1013 1445 1114 1514 τὴν
1137 1444 1255 1498 ὁδὸν
1281 1445 1616 1514 προσαιτῶν.
1661 1445 1851 1498 Ἀκοῦ-

244 1553 350 1598 σας
379 1534 436 1586 δὲ
482 1535 643 1604 ὄχλου
683 1535 1176 1605 διαπορευομένου,
1222 1537 1554 1590 ἐπυνθάνετο
1582 1539 1634 1591 τί
1660 1537 1724 1591 ἂν
1763 1537 1848 1608 εἴη

237 1629 423 1682 τοῦτο.
467 1628 841 1697 Ἀπήγγειλαν
871 1627 927 1680 δὲ
954 1628 1102 1696 αὺτῷ
1125 1630 1208 1682 ὅτι
1244 1628 1452 1699 Ἰησοῦς
1473 1632 1500 1683 6
1527 1630 1852 1700 Ναζωραῖος

241 1720 610 1791 παρέρχεται.
655 1719 766 1773 Καὶ
804 1720 998 1790 ἐϐόησε
1045 1720 1220 1789 λέγων
1244 1737 1258 1752 ο
1301 1722 1498 1791 Ἰησοῦ,
1538 1724 1632 1777 Υίέ
1665 1723 1852 1788 Δαυῒδ,

1948 634 2048 673 nes
2089 619 2223 673 dicit
2263 636 2274 670 :
2316 618 2441 673 [hcc
2495 627 2678 672 autem
2735 633 2842 672 non
2892 628 3266 688 cognoverunt
3303 618 3554 684 discipuli

1948 714 2065 784 ejus
2095 713 2180 779 “;
2218 710 2406 782 postea
2433 724 2613 766 autem
2650 727 2927 767 memores
2953 710 3083 766 facti
3114 721 3243 767 sunt
3274 712 3416 780 quod
3442 711 3557 768 haec

1949 805 2016 858 de
2048 803 2164 870 ipso
2209 813 2394 857 essent
2432 803 2662 873 scripta.
2696 802 2766 856 Et
2816 799 3055 869 Spiritus
3089 801 3401 872 paracletus
3431 817 3560 872 sug-

1948 898 2118 967 gessit
2145 897 2225 951 eis
2257 896 2421 969 M1
2459 897 2667 960 omnia,
2694 895 3063 950 certissimum
3097 892 3465 948 testimonium
3492 893 3561 946 de

1900 1037 1904 1039 .
1950 987 2172 1042 Christo
2217 989 2272 1043 in
2322 989 2431 1042 illis
2469 987 2742 1058 ponendo.
2797 985 2872 1040 De
2905 1000 3006 1058 eo,
3060 981 3337 1053 quomodo
3379 981 3561 1037 triduo

1951 1077 2120 1134 fuerit
2152 1079 2206 1134 in
2256 1056 2533 1151 sepulcro,
2569 1079 2709 1136 satis
2758 1056 2964 1164 dic-tuin
2997 1085 3083 1133 est
3111 1076 3166 1131 in
3197 1074 3562 1147 Evangelistis

2028 1355 2193 1409 Vens.
2233 1353 2430 1410 55-ιό.
2467 1372 2485 1406 ι
2523 1351 2741 1407 Accidit
2773 1359 2955 1406 autem
2997 1365 3121 1406 cum
3150 1349 3562 1419 apprOpinqua-

1957 1461 2038 1504 ret
2069 1448 2311 1514 Jericho,
2342 1463 2518 1504 caecus
2548 1447 2768 1514 quidam
2793 1444 3021 1500 sedebat
3048 1443 3206 1514 juxta
3236 1443 3378 1498 viam
3413 1457 3563 1496 men-

1957 1543 2169 1607 dicans,
2193 1551 2390 1596 etcum
2425 1539 2640 1595 audiret
2669 1539 2884 1593 turbam
2916 1544 3362 1607 praetereuntem.
3392 1535 3567 1588 inter-

1960 1635 2185 1705 rogabat
2230 1634 2357 1704 quid
2397 1631 2502 1688 hoc
2555 1641 2720 1688 esset.
2768 1631 3044 1686 Dixerunt
3094 1639 3276 1688 autem
3322 1630 3370 1684 ei
3420 1627 3568 1698 quod

1956 1727 2116 1782 Jesns
2151 1726 2466 1781 Nazarcnus
2501 1726 2778 1786 transiret,
2806 1734 2860 1777 et
2884 1723 3140 1778 clamavit
3176 1724 3403 1777 dicens:
3437 1719 3566 1776 Jesu

240 1812 475 1882 ἐλέησόν
524 1830 615 1882 με.
664 1813 776 1865 Kal
809 1815 858 1865 oi
896 1813 1236 1883 προάγοντες
1271 1816 1554 1886 ἐπετίμων
1583 1815 1732 1885 αὐτῷ
1765 1815 1854 1869 ἵνα

1966 1818 2060 1874 Fili
2083 1817 2272 1882 David,
2307 1817 2570 1871 miserene
2603 1817 2730 1870 mei.
2765 1813 2830 1868 Et
2859 1815 2948 1884 qui
2980 1813 3245 1884 prteihant
3269 1853 3284 1878 ,
3321 1811 3569 1879 increpa-

242 1881 708 1976 otwrrﬂen,a616;
733 1905 789 1958 δέ
815 1881 994 1976 πολλῷ
1025 1907 1226 1977 μᾶλλον
1247 1881 1482 1976 ἔκραξεν
1500 1925 1514 1940 ο
1541 1909 1637 1962 re
1663 1881 1846 1977 Aau‘iB,

1966 1910 2092 1963 haut
2121 1925 2244 1961 cum
2275 1917 2335 1961 ut
2365 1914 2594 1962 taceret.
2629 1905 2752 1976 Ipse
2785 1921 2914 1960 vero
2948 1881 3122 1960 multo
3156 1903 3328 1974 magis
3361 1902 3571 1956 clama-

239 1999 468 2069 ἐλέησόν
509 2016 598 2070 με.
637 1999 867 2063 Σταθεὶς
911 2000 966 2052 δὲ
1008 2003 1036 2055 6
1084 2001 1295 2072 Ἰησοῦς
1323 2045 1336 2068 ,
1369 2003 1657 2058 ἐκέλευσεν
1688 2006 1850 2060 αὑτὸν

1966 2002 2220 2059 bat:Fili
2259 2000 2453 2069 David,
2501 2001 2764 2056 miserere
2816 2000 2944 2054 mei.
2993 1997 3157 2054 Stans
3188 2008 3371 2052 autem
3409 1992 3571 2050 Jesus

245 2089 487 2160 ἀχθῆναι
515 2090 651 2160 πρὸς
680 2091 865 2144 αὐτόν.
915 2092 1271 2160 Ἐγγίσαντος
1304 2095 1359 2147 δὲ
1391 2097 1558 2148 αὐτοῦ
1581 2137 1593 2157 ,
1628 2097 1852 2167 ἐπηρώο

1966 2096 2121 2165 iussit
2165 2094 2317 2148 illum
2348 2093 2543 2148 adduci
2575 2093 2643 2147 ad
2678 2106 2757 2146 se.
2800 2091 3018 2146 Etcum
3054 2088 3571 2159 appropinquasseh

239 2199 414 2250 τησεν
435 2182 601 2235 αὑτὸν
622 2182 796 2251 λέγων
817 2201 830 2214 ο
847 2184 912 2236 Τί
933 2202 1015 2237 σοι
1043 2185 1220 2251 Θέλεις
1245 2191 1458 2257 ποιήσω
1479 2207 1493 2254 ;
1525 2188 1587 2242 '0
1611 2189 1668 2242 δὲ
1693 2186 1811 2242 εἷπε
1835 2206 1847 2219 ·

1966 2188 2316 2258 interrogavit
2365 2187 2514 2240 illum
2538 2226 2553 2251 ,
2591 2185 2781 2240 dicens
2823 2201 2837 2238 :
2872 2183 3019 2251 Quid
3070 2183 3168 2237 tibi
3203 2182 3286 2237 vis
3328 2179 3573 2234 faciam?

242 2275 444 2348 Κύριε,
466 2275 554 2328 ἵνα
572 2275 880 2346 ἀναϐλέψω.
911 2277 967 2330 Ὀ
989 2277 1045 2330 δέ
1076 2277 1282 2348 Ἰησοῦς
1306 2274 1462 2332 εἷπεν
1480 2279 1629 2350 αὑτῷ
1646 2297 1659 2311 ·
1694 2279 1854 2333 Ἀνά-

1966 2285 2029 2339 At
2072 2282 2164 2337 ille
2194 2283 2371 2336 dixit:
2407 2279 2656 2349 Domine,
2695 2289 2753 2334 ut
2781 2279 2960 2334 visum
2998 2277 3286 2348 recipiam.
3315 2276 3380 2331 Et
3410 2274 3572 2331 Jesus

242 2367 464 2438 ὄλεψον,
483 2370 517 2438 ἡ
544 2368 725 2430 πίστις
747 2384 843 2420 σου
873 2369 1081 2422 σέσωκέ
1127 2386 1208 2424 σε.
1235 2371 1344 2424 Kal.
1380 2369 1725 2442 παραχρῆμα
1759 2373 1853 2424 άν-

241 2462 465 2532 ὔσλεψε,
505 2463 598 2515 καὶ
619 2462 988 2534 ἠκολούθησεν
1020 2465 1167 2535 αὑτῷ
1195 2507 1208 2530 ,
1249 2464 1490 2530 δοξάζων
1520 2466 1612 2518 τὸν
1644 2465 1798 2520 Θεόν.
1827 2486 1845 2518 ι

244 2555 360 2607 Καὶ
403 2556 512 2617 πᾶς
543 2555 571 2606 6
621 2554 750 2618 λαὸς
785 2555 946 2621 ἰδὼν,
994 2551 1144 2609 αἶνον
1186 2556 1355 2610 ἔδωκε
1399 2558 1476 2628 τῷ
1510 2557 1654 2628 Θεῷ.
1697 2557 1852 2611 Ὀὁοῦ

242 2648 527 2718 πάρεργον
559 2647 586 2699 6
619 2648 824 2718 Κύριος
854 2650 912 2700 τὸ
946 2650 1038 2702 ἐπὶ
1069 2650 1145 2720 τῷ
1182 2651 1370 2722 τυφλῷ
1401 2651 1586 2721 θαῦμα
1619 2653 1853 2722 ἐργάζευ

239 2752 371 2804 ται,
403 2741 491 2794 ἵνα
527 2739 662 2810 μηδέ
701 2742 732 2811 ἠ
766 2741 1001 2811 πάροδος
1027 2742 1195 2796 αὑτοῦ
1228 2744 1557 2816 ἀλυσιτελὴς¹
1602 2748 1685 2816 εἴη
1721 2747 1856 2817 ἡμῖν

240 2830 602 2893 διδασκαλία,
637 2832 734 2883 καὶ
762 2834 876 2895 τοῖς
910 2832 1002 2884 τοῦ
1036 2834 1276 2901 Χριστοῦ
1316 2835 1623 2904 μαθηταῖς,
1654 2837 1740 2889 ἵνα
1767 2837 1856 2890 διὰ

242 2923 493 2986 πάντων,
519 2924 616 2976 καὶ
633 2925 885 2990 πάντοτε,
911 2927 1006 2978 καῖ
1041 2927 1319 2999 πανταχοῦ
1348 2930 1654 2997 ἐπωφελείς
1679 2923 1854 3000 ὦμεν,

244 3015 348 3069 καὶ
375 3017 542 3086 μηδὲν
575 3017 726 3084 ἡμῶν
760 3018 932 3088 ἀργὸν
1062 3019 1120 3071 'O
1147 3021 1326 3075 τοίνυν
1351 3022 1554 3089 τυφλὸς
1585 3022 1747 3074 αὐτὸν
1777 3018 1859 3074 εἶ-

243 3127 340 3163 ναι
369 3109 462 3163 τὸν
511 3109 868 3180 ἐλπιζόμενον
902 3111 1141 3181 Χριστὸν
1189 3114 1522 3177 πιστεύσας,
1560 3115 1708 3178 εἰκὸς
1747 3116 1856 3186 γὰρ

240 3199 315 3275 ἦν
349 3202 533 3269 αὐτὸν,
569 3205 664 3257 ἇτε
698 3204 762 3274 δὴ
787 3208 898 3268 τοῖς
943 3207 1255 3265 Ἰουδαϊκοῖς
1285 3207 1750 3279 ἐντεθραμμένον,
1780 3210 1854 3280 μὴ

241 3299 469 3358 ἀγνοεῖν
515 3299 597 3351 ὅτι
644 3299 710 3351 ἐκ
753 3299 1072 3369 σπέρματος
1121 3299 1287 3354 Δαυῒδ
1331 3304 1359 3356 ό
1391 3303 1665 3372 Χριστὸς.
1701 3305 1853 3373 φωνῇ

247 3392 473 3465 μεγάλῃ
501 3392 619 3462 βοᾷ,
655 3392 749 3444 Υἱέ
781 3391 980 3456 Δαυῒδ,
1010 3393 1235 3463 ἐλέησόν
1293 3411 1361 3462 με
1394 3410 1408 3424 ο
1448 3396 1542 3448 καὶ
1569 3395 1648 3464 τῷ
1683 3397 1859 3447 εἰπεῖν

249 3485 607 3553 δὲ,Ἐλέησόν
639 3484 998 3555 με,ἐμφαίνει
1019 3487 1099 3539 ὅτι
1122 3487 1402 3557 θειοτέραν
1427 3487 1548 3541 τινὰ
1578 3483 1692 3558 εἶχε
1730 3487 1860 3557 περὶ

242 3576 420 3634 αὐτοῦ
453 3577 686 3644 ἔννοιαν,
712 3579 808 3631 καὶ
845 3577 905 3630 οὐ
934 3577 1087 3646 ψιλὸν
1119 3577 1407 3648 ἄνθρωπον
1439 3580 1680 3650 ἐνόμιζε.
1716 3579 1860 3633 Θαύ-

247 3691 431 3746 μασον
459 3673 517 3725 δέ
552 3690 642 3742 μοι
670 3670 765 3726 καὶ
795 3672 895 3743 τὴν
926 3672 1178 3726 ἔνστασιν
1213 3673 1382 3727 αὐτοῦ
1414 3674 1516 3744 τῆς
1538 3675 1860 3744 ὁμολογίας,

245 3766 373 3829 πῶς
404 3766 582 3818 καίτοι
618 3764 830 3818 πολλῶν
873 3765 1255 3835 ἐπιτιμώντων
1286 3764 1437 3834 αὐτῷ
1459 3807 1471 3827 ,
1512 3767 1612 3818 οὐκ
1658 3765 1818 3834 ἐσίγα
1844 3808 1858 3833 ,

244 3859 395 3914 ἀλλὰ
436 3859 830 3929 περισσότερον
861 3856 1089 3929 ἐκραζε,
1121 3857 1398 3928 θερμότης
1434 3860 1544 3927 γάρ
1577 3854 1646 3930 ἦν
1677 3858 1739 3912 τδ
1773 3857 1863 3912 ἔν-

253 3952 419 4006 δοθεν
459 3953 645 4005 κινοῦν
676 3951 862 4004 αὐτόν.
897 3951 989 4004 Διὸ
1021 3951 1114 4003 καὶ
1148 3953 1177 4002 6
1219 3949 1425 4018 Ἰησοῦς
1469 3952 1863 4020 προσκαλεῖται

251 4043 427 4098 αὑτὸν
465 4043 541 4108 ὡς
587 4043 664 4112 τῷ
708 4042 822 4096 όντι
870 4042 1021 4107 ἄξιον
1055 4044 1272 4112 ἐγγίσαι
1312 4043 1484 4114 αὐτῷ,
1524 4047 1780 4117 ἐπερωτᾷ
1808 4046 1864 4098 δὲ

245 4136 459 4202 αὑτὸν,
494 4135 560 4188 Τί
585 4153 668 4187 σοι
702 4134 876 4198 θέλεις
908 4137 1156 4205 ποιήσω;
1193 4136 1291 4207 οὐχ
1322 4135 1396 4199 ὡς
1459 4138 1673 4204 ἀγνοῶν
1694 4181 1708 4203 ,
1749 4138 1862 4190 ἀλλ’

249 4227 413 4288 ὅπως
473 4225 545 4295 μὴ
587 4225 715 4298 δόξῃ
760 4231 874 4288 τοῖς
924 4225 1230 4294 παροῦσιν,
1278 4229 1358 4280 ὅτι
1399 4227 1535 4280 ἄλλα
1584 4228 1867 4290 αἰτοῦντος

246 4320 495 4378 ἐκείνου,
527 4319 661 4373 ἄλλα
689 4320 853 4382 αὐτὸς
880 4319 1087 4383 δίδωσι,
1127 4321 1220 4372 καὶ
1253 4320 1327 4383 ὡς
1353 4322 1565 4385 ἐκεῖνος
1596 4322 1696 4391 μὲν
1724 4322 1869 4373 αίτεί

247 4413 543 4483 χρήματα,
573 4411 734 4476 αὐτὸς
756 4411 813 4464 δὲ
839 4407 927 4466 οἷα
963 4412 1359 4485 φιλενδείκτης.
1384 4415 1698 4483 τυφλότητα
1720 4413 1868 4479 ἐξιᾶ-

242 4516 370 4554 ταιο
393 4503 524 4563 ἴσως
542 4502 652 4572 γάρ
679 4502 902 4556 τοιαῦτα
919 4504 947 4555 6
970 4502 1164 4570 φθόνος
1187 4506 1395 4575 ἀνόητα
1420 4505 1864 4576 ἐσυκοφάντησεν

245 4598 344 4652 ἄν.
388 4596 481 4648 Διὸ
508 4596 812 4666 ἐρωτήσας,
841 4597 1032 4667 ἐπειδὴ
1055 4591 1216 4668 εὗρεν
1249 4598 1413 4651 αὐτὸν
1434 4598 1528 4652 τοῦ
1558 4598 1865 4667 ἀναϐλέψαι

245 4689 664 4769 ἐπιθυμοῦντα,
691 4689 853 4743 τοῦτο
878 4690 1115 4745 δίδωσιν.
1145 4691 1288 4762 Ὅρα
1310 4690 1367 4745 δὲ
1389 4693 1452 4745 τὸ
1477 4693 1862 4764 άκόμπαστον·

254 4784 334 4838 'll
391 4783 577 4847 πίστις
621 4801 715 4837 σου
738 4826 752 4850 ,
786 4785 945 4856 φησὶ,
981 4785 1193 4838 σέσωκέ
1230 4803 1323 4852 σε,
1363 4785 1694 4851 ἐπίστευσας
1732 4786 1864 4856 γὰρ,

240 4879 339 4934 δτι
363 4879 394 4931 6
413 4877 826 4948 κηρυττόμενος
849 4878 964 4941 υἱός
988 4880 1105 4949 είμι
1129 4875 1338 4942 ἐκεῖνος
1362 4879 1458 4933 τοῦ
1482 4880 1646 4934 Δαυῒδ
1675 4881 1703 4933 6
1730 4882 1867 4952 Χρι-

246 4973 412 5037 στὸς,
431 4972 526 5024 καὶ
560 4969 833 5040 τοσαύτην
860 4972 1215 5026 ἐπεδείκνυσο
1241 4973 1341 5042 τὴν
1363 4973 1697 5044 θερμότητα,
1724 4973 1866 5027 ὥστε

249 5062 403 5134 μηδέ
435 5061 843 5134 ἐπιτιμῶμενος
871 5065 1052 5136 σιγᾷν.
1082 5064 1450 5135 Μανθάνομεν
1471 5065 1530 5119 δὲ
1557 5067 1622 5120 ἐκ
1648 5065 1863 5132 τούτου,

243 5157 340 5209 ὅτι
363 5153 496 5208 ὅταν
527 5154 664 5223 μετὰ
693 5154 929 5218 πίστεως
957 5156 1225 5226 αἰτῶμεν,
1257 5157 1359 5210 οὐκ
1383 5157 1518 5211 ἄλλα
1549 5159 1653 5228 μὲν
1685 5158 1870 5213 αἰτοῦ-

248 5264 387 5317 μεν,
411 5246 548 5299 ἄλλα
570 5245 626 5299 δὲ
642 5245 880 5308 δίδωσιν,
904 5248 1020 5301 ἀλλ’
1052 5252 1235 5303 ἐκεῖνα
1263 5249 1404 5310 αὑτά
1432 5265 1446 5281 ⁸
1473 5249 1616 5303 ὥστε
1641 5251 1866 5304 ἐπειδάν

243 5341 401 5396 ἄλλα
432 5338 740 5404 αἰτοῦντες,
764 5340 898 5395 ἄλλα
939 5341 1324 5413 λαμϐάνομεν,
1370 5343 1638 5414 πρόδηλον
1673 5343 1755 5397 ὅτι
1805 5344 1865 5398 οὐ

243 5431 445 5496 καλῶς
469 5433 593 5486 οὐδέ
619 5433 826 5498 πιστῶς
850 5435 1003 5488 αἰτοῦ
1014 5452 1136 5506 μενο
1169 5455 1186 5488 ι
1210 5437 1418 5489 Αἰτεῖτε
1446 5437 1578 5507 γάρ,
1597 5438 1752 5506 φησὶ,
1774 5438 1868 5491 καὶ

241 5527 315 5580 οὗ
347 5523 689 5596 λαμϐάνετε,
709 5527 845 5580 διό-τι
867 5529 1050 5592 κακῶς
1073 5531 1298 5587 αἰτεῖτε.
1332 5549 1350 5580 ι
1382 5531 1526 5602 Ὅρα
1551 5532 1607 5585 δέ
1640 5533 1734 5584 καὶ
1763 5533 1866 5604 τὴν

243 5618 542 5685 ἐξουσίαν·
580 5619 928 5692 Ἀνάϐλεψον.
953 5621 1050 5685 Τίς
1080 5621 1188 5692 γὰρ
1212 5623 1320 5676 τῶν
1353 5624 1652 5696 προφητῶν
1691 5623 1864 5690 οὕτως

242 5707 674 5780 ἐθεράπευσεν,
720 5713 780 5765 ἐν
811 5711 1049 5785 τοσαύτη
1085 5713 1231 5783 φημὶ
1270 5715 1520 5786 ἐξουσίᾳ;
1555 5714 1719 5771 Ὅθεν
1767 5717 1864 5770 καὶ

332 5893 381 5926 ’³
434 5890 593 5948 Jo-n.
633 5907 732 5958 xu,
771 5891 850 5948 l6.
956 5894 1026 5928 9“
1054 5892 1172 5951 Jac.
1211 5910 1284 5960 tv,
1317 5896 1370 5950 5.

1965 2376 2177 2432 dixitei
2213 2394 2226 2429 :
2257 2374 2510 2444 Recipite
2535 2374 2734 2438 visum,
2765 2372 2899 2427 ildcs
2931 2381 3023 2425 tua
3059 2381 3111 2425 te
3143 2370 3354 2424 salvum
3392 2366 3574 2421 reddi-

1965 2470 2064 2525 dit.
2088 2470 2154 2523 Et
2178 2467 2465 2523 confestim
2492 2467 2664 2521 visum
2692 2465 2920 2534 recepit,
2944 2478 3007 2519 ac
3030 2463 3365 2533 sequebatur
3395 2460 3570 2524 illum,

1964 2563 2274 2636 gloriﬁcans
2327 2563 2513 2615 Deum.
2561 2560 2628 2613 Et
2677 2557 2857 2612 omnis
2897 2557 3072 2626 plebs,
3107 2565 3166 2610 ut
3203 2555 3370 2619 vidit,
3423 2553 3576 2607 dedit

1966 2655 2179 2709 Iaudem
2207 2654 2338 2708 Duo.
2383 2673 2400 2705 ι
2443 2653 2707 2708 Dominus
2746 2650 3074 2705 miraculum
3109 2649 3212 2704 hoc
3238 2646 3369 2703 caeci
3395 2646 3576 2701 obiter

1965 2749 2018 2804 in
2064 2748 2148 2800 via
2185 2756 2442 2817 operatus
2465 2756 2571 2812 est,
2605 2754 2663 2798 ιιι
2688 2753 2742 2799 et
2774 2743 3043 2798 transitus
3070 2743 3191 2812 eius
3227 2741 3384 2796 nobis
3425 2739 3574 2794 utilis

1964 2850 2111 2896 esset
2136 2839 2412 2902 doctrina,
2446 2853 2506 2891 ac
2541 2835 2827 2907 discipulis
2860 2834 3099 2900 Christi;
3143 2841 3206 2888 ut
3249 2845 3472 2901 semper
3520 2839 3576 2885 et

1966 2935 2167 3003 uhique
2212 2941 2267 2986 et
2321 2931 2462 3000 apud
2509 2945 2700 2984 omnes
2741 2928 2906 2983 utiles
2947 2928 3119 2982 simus
3146 2968 3160 2993 ,
3203 2935 3257 2980 et
3294 2938 3574 2995 nunquam

1967 3027 2168 3096 ignavi.
2200 3025 2391 3081 Caecus
2421 3024 2585 3092 igitur
2617 3022 2848 3076 credens
2875 3036 2999 3075 eum
3030 3034 3153 3074 esse
3181 3017 3460 3072 Christum
3484 3014 3578 3085 qui

1970 3113 2797 3187 exspectabatur,-—-\'erisitni|e
2835 3113 2978 3167 enim
3013 3109 3116 3165 fuit
3149 3109 3348 3178 ipsum,
3392 3115 3579 3175 utpote

1973 3212 2290 3267 inuutritunt
2318 3207 2586 3272 Judaicis,
2616 3222 2722 3262 non
2758 3207 3042 3276 ignorasse
3074 3201 3353 3257 Christum
3387 3215 3455 3254 ex
3489 3213 3580 3254 se.

1970 3305 2114 3357 mine
2140 3301 2332 3364 David,
2358 3331 2419 3340 —
2450 3313 2584 3352 voce
2611 3311 2808 3366 magna
2832 3293 3057 3360 clamat,
3075 3290 3176 3346 Fili
3202 3290 3393 3356 David,
3413 3289 3580 3344 mise-

1969 3412 2088 3451 rere
2113 3395 2239 3450 mei.
2272 3393 2336 3446 Et
2357 3392 2610 3455 dicendo,
2631 3389 2886 3444 Miserere
2911 3385 3042 3451 mei,
3064 3383 3304 3440 declarat
3331 3383 3476 3451 quod
3493 3381 3581 3437 di-

1968 3487 2235 3542 vinioretn
2267 3484 2561 3554 quamdam
2579 3483 2645 3536 de
2669 3480 2761 3533 illo
2786 3477 3117 3533 sententiam
3147 3477 3370 3539 habeat,
3396 3483 3451 3528 et
3473 3488 3580 3528 non

1968 3579 2243 3634 hominem
2291 3591 2486 3646 purum
2519 3582 2762 3628 censeat.
2795 3570 3088 3625 Admirare
3124 3577 3334 3634 autem,
3373 3579 3580 3635 quaeso,

1967 3669 2238 3738 quomodo
2262 3664 2664 3721 confessionem
2699 3678 2852 3717 suam
2889 3659 3213 3729 multiplicet
3239 3697 3252 3722 ,
3280 3656 3580 3728 quomodo,

1968 3762 2219 3831 quamvis
2261 3759 2412 3813 multi
2454 3758 2810 3823 increparent
2854 3769 3017 3816 eum,
3055 3767 3165 3806 non
3203 3751 3454 3813 tacebat,
3487 3748 3583 3803 sed

1968 3855 2200 3924 amplius
2231 3852 2524 3908 clamabat.
2562 3849 2768 3905 Fervor
2802 3846 3026 3918 quidam
3095 3843 3424 3926 intrinsecus
3483 3840 3583 3895 sti-

1969 3949 2220 4005 mulabat
2259 3962 2384 4000 eum
2431 3962 2445 3998 :
2484 3943 2692 3998 idcirco
2721 3952 2777 3996 et
2811 3938 2970 3995 Jesns
3003 3937 3170 4006 jussit
3197 3934 3348 3990 illum
3387 3932 3583 3987 adduci

1971 4044 2038 4097 ad
2077 4056 2157 4106 se,
2195 4039 2339 4108 quod
2396 4038 2648 4107 profecto
2676 4034 2874 4105 dignus
2920 4040 3070 4086 esset
3107 4028 3198 4100 qui
3234 4024 3586 4097 appropiaret

1972 4137 2042 4191 ei.
2078 4133 2389 4201 luterrogat
2418 4137 2602 4182 autem
2634 4126 2784 4186 illum
2814 4122 2989 4190 :Quid
3022 4121 3104 4174 vis
3138 4131 3197 4172 ut
3224 4118 3319 4172 tibi
3347 4113 3586 4169 faciant?

1972 4243 2078 4280 non
2107 4233 2165 4278 ut
2196 4225 2477 4294 ignorans,
2508 4219 2604 4274 sed
2635 4234 2702 4273 ne
2733 4219 2824 4272 ille
2857 4211 3223 4286 przcsentibus
3263 4208 3367 4262 alia
3397 4218 3587 4278 petere

1971 4321 2244 4385 videatur,
2271 4319 2385 4386 ipse
2412 4315 2518 4370 alia
2555 4317 2717 4369 dare:
2749 4323 2802 4367 et
2826 4313 2952 4364 dum
2985 4308 3077 4362 ille
3107 4305 3245 4376 petit
3267 4301 3584 4374 pecuniam,

1974 4418 2087 4485 ipse
2111 4426 2170 4468 ut
2200 4422 2529 4473 ostentator,
2563 4409 2865 4464 caecitatem
2893 4410 3134 4460 sanaret.
3166 4399 3300 4454 Nam
3332 4395 3588 4452 fortassis

1971 4509 2296 4579 insipienter
2336 4504 2467 4560 talia
2521 4504 2727 4571 tingere
2778 4507 2964 4571 posset
3004 4495 3235 4551 invidia.
3290 4493 3588 4562 PrOplerea

1973 4618 2096 4658 cum
2145 4601 2542 4668 interrogasset
2594 4606 2651 4651 et
2698 4593 3061 4663 comperisset
3109 4604 3234 4643 eum
3279 4583 3582 4656 recipiendi

1971 4697 2122 4750 visus
2160 4692 2316 4746 valde
2349 4691 2630 4761 cupidum,
2677 4687 2770 4741 dat
2825 4685 2972 4755 quod
3027 4682 3182 4752 petit.
3224 4679 3361 4735 Vide
3403 4687 3586 4731 autem

1971 4803 2136 4858 quam
2186 4787 2400 4841 alienus
2432 4785 2504 4838 sit
2535 4782 2604 4837 ab
2637 4779 2974 4852 arrogantia.
3017 4775 3179 4831 Fides
3219 4782 3338 4840 tua,
3384 4771 3584 4842 inquit,

1967 4883 2179 4937 salvum
2230 4891 2283 4934 te
2324 4876 2479 4944 fecit,
2514 4875 2792 4930 credidisti
2833 4874 2981 4927 enim
3013 4870 3160 4941 quod
3192 4883 3293 4939 ego
3331 4881 3452 4922 sum
3484 4864 3576 4921 ille

1972 4972 2113 5028 [ilius
2151 4971 2339 5037 David,
2373 4969 2464 5040 qui
2490 4967 2804 5023 celebratur
2832 4964 3112 5031 Christus,
3145 4970 3200 5016 et
3232 4968 3442 5015 tantum
3477 4970 3588 5027 pra:

1973 5075 2026 5122 te
2069 5065 2239 5120 tulisti
2293 5066 2602 5129 fervorem,
2643 5071 2705 5115 ut
2753 5058 3006 5136 quamvis
3050 5057 3444 5124 increpavere,
3481 5064 3586 5104 non

1970 5159 2214 5215 silueris.
2253 5157 2540 5212 Discamus
2566 5165 2746 5209 autem
2772 5167 2837 5207 ex
2868 5153 2991 5215 hoc,
3029 5145 3177 5218 quod
3209 5147 3432 5216 quando
3463 5157 3587 5197 cum

1976 5251 2078 5305 [ide
2110 5250 2347 5320 petimus
2370 5291 2385 5314 ,
2423 5264 2531 5302 non
2571 5246 2677 5300 alia
2705 5247 2927 5316 quidem
2957 5258 3057 5297 nos
3105 5239 3342 5311 petimus
3365 5279 3380 5304 ,
3403 5246 3460 5292 et
3485 5234 3586 5290 alia

1973 5347 2089 5414 ipse
2109 5348 2223 5408 dat,
2241 5345 2334 5399 sed
2351 5345 2437 5398 illa
2459 5343 2596 5411 ipsa.
2616 5341 2790 5411 Atque
2809 5341 2879 5393 ita
2907 5337 3121 5406 quoties
3136 5335 3243 5389 alia
3257 5333 3515 5401 petimus,
3535 5337 3592 5383 et

1973 5439 2078 5494 alia
2100 5440 2421 5509 accipimus,
2447 5436 2797 5492 manifestum
2816 5435 2959 5505 quod
2979 5446 3083 5487 non
3099 5431 3237 5485 bene
3255 5441 3434 5497 neque
3455 5425 3588 5478 fide-

1973 5533 2099 5588 liter
2127 5533 2388 5602 petimus.
2423 5551 2441 5583 ι
2468 5531 2660 5586 Petitis
2685 5531 2852 5594 enim,
2874 5527 3073 5598 inquit,
3096 5535 3152 5580 et
3173 5539 3283 5580 non
3313 5517 3586 5590 accipitis,

1972 5643 2038 5682 eo
2055 5627 2196 5696 quod
2223 5626 2362 5680 male
2381 5625 2717 5695 petatis.”'n
2745 5623 2876 5678 Vide
2902 5623 3140 5692 insupeF‘
3154 5628 3208 5674 et
3223 5623 3548 5690 potestatem
3569 5630 3585 5668 :

1971 5717 2074 5773 Ret
2092 5717 2178 5790 ipe
2195 5717 2392 5786 visum,
2408 5718 2604 5789 inquit.
2625 5717 2686 5773 Et
2705 5717 2828 5788 quis
2846 5715 3237 5789 prophetarum
3253 5715 3323 5768 ita
3340 5709 3590 5772 sanavit,
