4048 6484
337 360 471 428 1021

1018 361 1473 426 ENARRATIO
1510 363 1595 428 IN
1634 365 2141 430 EVANGELIUM
2184 368 2423 430 LUC/13.
2467 390 2540 403 -
2579 364 2744 427 CAP.
2788 367 2953 427 XIX.

3513 364 3654 432 1022

331 477 464 549 βίον.
496 474 604 529 Καὶ
628 472 770 529 αὐτὰ
787 472 897 547 γὰρ
918 471 954 528 ἃ
976 474 1353 550 ῦπεκράτησε,
1382 479 1472 533 διὰ
1492 479 1554 533 τὸ
1577 480 1724 551 ἔχειν
1752 479 1914 534 δοῦνα

2044 482 2291 551 quaedam
2320 480 2491 546 dedit,
2517 480 2610 536 sed
2636 482 2820 536 omnia
2854 482 2922 535 ad
2951 479 3121 535 vitam
3151 476 3481 534 necessaria.
3518 477 3649 533 Nam

326 574 439 635 τοῖς
490 567 832 637 ἀδικηθεῖσιν
884 569 1263 641 ὑπεκράτησε.
1328 571 1440 625 Καὶ
1497 573 1609 645 γὰρ
1658 572 1928 627 διδάσκων

324 665 493 735 ἡμᾶς,
524 664 606 716 ὅτι
633 661 789 716 οὐδὲν
820 662 1035 733 κέρδος,
1074 665 1235 735 είπερ
1267 665 1325 732 ἐξ
1362 666 1580 731 ἀδικίας
1620 665 1761 736 ἔχων
1793 666 1929 737 χρήο

328 758 475 829 ματά
499 772 587 818 τις
615 755 809 819 ἄλλους
839 754 1000 823 ἐλεεῖ,
1030 758 1463 828 καταλιμπάνων
1492 760 1618 818 τοὺς
1644 758 1929 827 ἀδικηθέν-

321 868 420 914 τας
450 865 463 880 ·
504 850 608 920 δρα
636 848 689 901 τί
719 849 823 903 κάν
854 850 1029 920 τούτῳ
1077 852 1240 903 ποιεῖ·
1276 850 1624 922 τετραπλοῦν
1662 850 1929 906 ἀποδίδω-

323 959 427 1007 σιν,
453 944 495 993 εἰ
534 942 647 995 μινά
685 958 737 995 τι
766 941 1026 1013 ἠδίκησεν
1050 982 1063 1003 ,
1116 942 1313 1011 ἐκείνῳ
1332 944 1482 1013 αὐτῷ
1511 942 1589 1013 τῷ
1612 942 1926 1011 ἀδικηθέντι

321 1035 420 1106 τὴν
450 1034 658 1103 ζημίαν
690 1034 1126 1106 ἀποθεραπεύων
1150 1052 1163 1065 ·
1196 1034 1356 1089 τοῦτο
1382 1036 1491 1106 γὰρ
1530 1036 1769 1107 ἀληθοῦς
1802 1036 1924 1089 ἐλε-

322 1130 571 1198 ημοσύνη
663 1131 756 1183 καὶ
781 1130 880 1200 οὐχ
901 1128 1089 1192 ἁπλῶς
1120 1128 1218 1200 τὴν
1240 1128 1469 1199 ζημίαν,
1498 1130 1637 1183 ἀλλὰ
1658 1131 1756 1184 καὶ
1783 1130 1925 1201 μετὰ

322 1222 529 1293 προσθί
588 1272 591 1273 ν
622 1239 668 1285 ς·
700 1224 843 1277 κατὰ
869 1222 962 1277 τὸν
992 1222 1178 1293 νόμον.
1227 1226 1286 1277 ’0
1318 1225 1427 1295 γὰρ
1468 1226 1633 1294 νόμος
1674 1224 1765 1277 τὸν
1799 1224 1925 1277 κλέ-

322 1330 464 1381 πτην
569 1314 867 1385 ,τραπλοῦν
927 1314 1276 1370 ἀποτιννύειν
1328 1318 1572 1371 ἐκέλευε.
1632 1318 1825 1372 Καίτοι
1874 1319 1924 1372 εί

266 1396 275 1397 ί
319 1405 567 1477 ἀκριϐῶς
604 1409 954 1477 σκοπήσομεν
976 1450 992 1475 ,
1028 1410 1186 1464 οὐδὲν
1228 1410 1368 1472 ὅλως
1411 1411 1562 1481 αὺτῷ
1597 1412 1925 1467 ὑπελείπετο

318 1498 430 1551 τῶν
453 1499 773 1571 χρημάτων.
802 1502 1014 1556 Δέδωκε
1048 1503 1149 1573 μὲν
1179 1503 1290 1574 γὰρ
1318 1502 1388 1557 τὰ
1413 1504 1584 1575 ἡμίση
1608 1506 1717 1559 τῶν
1746 1506 1927 1575 ὑπαρ-

321 1594 529 1665 χόντων
565 1596 678 1659 τοῖς
722 1598 962 1666 πτωχοῖς
1006 1614 1021 1630 ο
1078 1598 1489 1670 ὑπελείφθησαν
1540 1600 1595 1653 δὲ
1655 1598 1805 1668 αὐτῷ
1853 1599 1922 1654 τὰ

320 1688 520 1761 ἡμίση·
547 1688 614 1742 ἐκ
638 1688 847 1745 τούτων
868 1691 1031 1745 πάλιν
1061 1693 1173 1745 τῶν
1199 1691 1643 1762 ὑπολειφθέντων
1664 1693 1920 1747 ἀπεδίδου

316 1779 659 1851 τετραπλοῦν
699 1783 813 1846 τοῖς
845 1781 977 1853 παρ’
1010 1782 1179 1836 αὐτοῦ
1221 1783 1562 1853 ἀδικηθεῖσιν
1582 1825 1597 1846 ,
1632 1782 1775 1836 ὥστε
1808 1784 1857 1836 εί
1892 1782 1921 1835 ὁ

322 1871 433 1943 βίος
464 1872 559 1927 τοῦ
590 1872 960 1945 ἁρχιτελώνου
983 1874 1044 1941 ἐξ
1066 1875 1307 1941 ἀδικίας,
1334 1876 1498 1940 αὐτὸς
1527 1876 1585 1929 δὲ
1614 1878 1791 1931 πάντα
1822 1877 1921 1929 ὅσα

317 1962 547 2034 ἠδίκησε
578 1965 997 2036 τετραπλασίως
1029 1965 1362 2031 ἀποδίδωσι,
1404 1966 1600 2021 σκόπει
1637 1968 1714 2030 ὡς
1754 1970 1921 2035 γεγύ-

320 2074 531 2129 μνωται
567 2058 873 2123 παντελῶς.
909 2061 1224 2115 Κάντεῦθεν
1263 2061 1581 2132 εὑρίσκεται
1615 2061 1710 2114 τοῦ
1752 2060 1919 2131 νόμου

316 2154 568 2223 κρεῖττον
603 2153 840 2224 φρονῶν,
874 2154 955 2226 τῷ
984 2154 1311 2226 Εὑαγγελίῳ
1344 2154 1812 2225 μαθητευόμενος,
1843 2153 1920 2219 ὡς

315 2248 458 2317 ὑπὲρ
491 2248 684 2301 ἑαυτὸν
729 2249 1027 2319 ἀγαπήσας
1061 2249 1152 2302 τὸν
1188 2248 1452 2317 πλησίον,
1490 2248 1587 2302 καὶ
1624 2248 1920 2319 ὑπισχνού-

316 2355 479 2408 μενος
518 2340 617 2409 μὲν
646 2339 840 2405 ταῦτα,
875 2340 1078 2409 μᾶλλον
1110 2341 1169 2395 δὲ
1200 2343 1458 2412 ποιήσας.
1506 2341 1583 2394 Οὐ
1614 2341 1724 2411 γὰρ
1764 2336 1919 2394 εἶπεν

310 2430 414 2496 ὅτι,
464 2430 636 2485 Δώσω
670 2432 740 2486 τὰ
767 2432 942 2504 ⁴ἡμίση
964 2474 980 2498 ,
1010 2434 1107 2487 καὶ
1139 2432 1412 2487 ἀποδώσω
1440 2432 1501 2487 τὸ
1535 2433 1874 2504 τετραπλοῦν
1898 2474 1916 2501 ,

312 2526 453 2592 ἀλλ’,
503 2528 636 2582 Ἰδοὺ
665 2528 858 2598 δίδωμι
884 2530 979 2583 καὶ
1014 2530 1339 2600 ἀποδίδωμι.
1382 2531 1624 2584 Ἤκουσε
1665 2531 1776 2601 γὰρ
1818 2532 1919 2601 τῆς

306 2620 401 2673 τοῦ
419 2621 765 2689 Σολομῶντος
791 2624 1191 2693 παραινέσεως·
1218 2643 1236 2676 ι
1264 2624 1355 2695 Μὴ
1377 2624 1917 2695 είπῃς,ἘπανελΘὼν

308 2711 584 2784 ὲπάνηκε,
615 2714 710 2766 καὶ
750 2714 942 2784 αὔριον
983 2714 1142 2769 δώσω
1169 2732 1274 2769 σοι.
1315 2735 1334 2767 ι
1378 2716 1437 2770 '0
1468 2716 1708 2789 Χριστὸς
1751 2719 1916 2786 εὐαγ-

313 2805 593 2872 γελίζεται
625 2805 773 2876 αὑτῷ
812 2806 912 2878 τὴν
963 2808 1244 2879 σωτηρίαν
1265 2826 1279 2840 σ
1310 2807 1590 2879 Σήμερον,
1632 2810 1791 2880 φησὶ,
1824 2809 1911 2863 δί-

305 2897 432 2963 δως,
482 2899 724 2969 σήμερον
765 2916 847 2953 σοι
898 2901 1167 2972 σωτηρία.
1222 2901 1412 2956 Είπὼν
1442 2906 1577 2972 γὰρ,
1634 2903 1726 2972 Τῷ
1779 2905 1915 2975 οῐκῳ

308 2989 511 3061 τούτῳ,
570 2994 792 3056 πάντως
840 2992 931 3046 τὸν
970 2994 1241 3064 Ζακχαῖον
1292 2994 1443 3064 δηλοῖ
1483 2998 1584 3065 τὴν
1636 2997 1915 3069 σωτηρίαν

305 3083 761 3154 προσδεχόμενον.
812 3084 872 3139 '0
914 3087 1023 3157 γὰρ
1061 3090 1331 3159 Ζακχαῖος
1366 3089 1455 3143 διὰ
1501 3088 1596 3143 τοῦ
1630 3089 1782 3144 οἴκου
1814 3090 1912 3161 δη-

2033 584 2089 630 et
2118 575 2205 630 illa
2239 590 2362 645 qua:
2390 575 2642 639 retinuit,
2672 583 2731 630 ut
2768 574 2995 629 haberet
3032 574 3177 644 quod
3211 571 3409 640 injuria
3440 571 3651 631 affectis

2033 668 2209 732 daret,
2270 668 2517 723 retinuit.
2576 668 2744 722 Docet
2797 666 2945 721 enim
2996 682 3095 720 nos
3143 666 3349 721 [nullum
3401 681 3523 721 esse
3570 666 3651 721 lu-

2032 778 2209 827 crum,
2238 763 2283 817 si
2311 764 2534 832 quidam
2569 778 2635 817 cx
2670 762 2939 833 injttstitia
2973 762 3231 831 pecunias
3265 762 3494 829 habens,
3526 761 3651 818 aliis

2033 857 2386 921 misereatur,
2429 857 2637 911 relictis
2671 856 2776 910 illis
2809 871 2951 926 quos
3006 857 3206 923 injuria
3250 854 3531 911 affecerat.
3584 856 3649 910 Et

2031 950 2156 1004 vide
2206 949 2486 1019 quomodo
2520 950 2571 1003 in
2606 950 2707 1004 hoc
2742 964 2803 1003 se
2829 959 3005 1019 gerat.
3042 947 3421 1015 QUndrttplttm
3469 946 3650 1001 reddit

2029 1044 2074 1097 si
2127 1058 2290 1113 quem
2345 1043 2723 1109 defraudavit,
2764 1052 2821 1095 ut
2872 1043 3018 1095 illius
3074 1042 3160 1096 cui
3220 1039 3421 1109 injuria
3465 1040 3646 1101 facta,

2028 1136 2291 1191 damnum
2334 1138 2692 1192 resarciatur.
2749 1136 2875 1191 Haec
2915 1136 3061 1190 enim
3116 1150 3245 1189 vera
3298 1134 3646 1205 eleemosyna

2028 1237 2132 1292 est,
2174 1238 2232 1282 ut
2262 1244 2373 1283 non
2402 1228 2667 1282 reddatur
2690 1228 2868 1282 solum
2898 1228 3157 1281 damnum
3181 1225 3439 1292 simplex.
3471 1226 3568 1281 sed
3591 1232 3648 1278 et

2028 1336 2151 1376 Cum
2182 1333 2501 1393 augmento,
2529 1321 2682 1391 juxta
2722 1322 2918 1391 legem.
2952 1320 3065 1374 Lex
3103 1322 3249 1373 enim
3285 1319 3460 1375 furem
3504 1335 3647 1390 qua-

2027 1411 2280 1479 drnplutn
2315 1409 2543 1465 reddere
2562 1409 2811 1478 jubebat.
2840 1409 3105 1476 Quamvis
3132 1410 3173 1463 si
3203 1410 3495 1479 diligenter
3523 1425 3651 1464 con-

2028 1505 2362 1567 sideremus,
2404 1503 2568 1558 nulla:
2619 1518 2845 1572 prorsus
2878 1502 3124 1572 pecuniae
3170 1502 3215 1555 tsi
3259 1503 3460 1557 relicta:
3496 1510 3646 1557 sunt.

2029 1592 2187 1648 Dedit
2216 1594 2363 1649 enim
2398 1594 2687 1649 dimidium
2725 1597 2992 1648 honorum
3026 1594 3385 1741 pauperyms.
3424 1592 3648 1649 Relicta:

2029 1701 2212 1741 autem
2249 1698 2376 1741 sunt
2408 1688 2729 1741 dimidiatae.
2767 1698 2821 1741 et
2856 1704 2923 1741 ex
2961 1688 3045 1741 his
3080 1687 3209 1741 relic
3263 1705 3286 1740 s
3324 1687 3471 1741 dedit
3508 1702 3647 1741 uua-

2026 1701 2212 1743 autem
2249 1698 2376 1744 sunt
2408 1688 2729 1750 dimidiatae,
2767 1698 2821 1744 et
2856 1704 2923 1744 ex
2961 1688 3045 1743 his
3080 1687 3286 1743 relictis
3324 1687 3471 1741 dedit
3508 1702 3647 1757 qua-

2028 1784 2281 1852 druplum
2315 1784 2400 1838 his
2428 1784 2523 1854 qui
2554 1797 2583 1836 a
2615 1798 2672 1837 se
2707 1783 2903 1851 injuria
2934 1790 3097 1837 erant
3122 1780 3306 1837 allecti
3352 1799 3364 1835 :
3404 1790 3459 1835 et
3492 1781 3565 1834 ita
3598 1778 3645 1835 si

1956 1842 1997 1897 Β
2029 1842 2168 1928 bona
2205 1842 2471 1945 principis
2508 1842 2924 1944 publicanorum
2962 1889 3029 1928 ex
3063 1874 3348 1942 iniustitia,
3392 1872 3509 1934 ipse.
3544 1886 3644 1925 au-

2029 1977 2134 2022 tem
2155 1967 2340 2022 omnia
2358 1982 2722 2037 quaecumque
2744 1967 2944 2038 injuste
2962 1965 3211 2030 abstulit,
3239 1962 3515 2035 quadrifai
3531 1964 3642 2019 iatn

2026 2060 2286 2124 reddidit.
2308 2061 2599 2115 considera
2625 2062 2904 2130 quomodo
2930 2061 3159 2114 cumino
3185 2058 3351 2113 fuerit
3376 2058 3640 2113 nudatus.

2026 2152 2092 2207 Et
2136 2154 2267 2207 hinc
2315 2153 2657 2223 comperitur
2692 2153 2837 2223 quod
2870 2151 3163 2223 sublimius
3196 2149 3441 2220 sapnerit
3477 2164 3642 2218 quam

2024 2248 2112 2304 lex
2146 2246 2538 2317 praecipiebat,
2576 2243 2721 2301 nunc
2746 2246 2997 2300 eruditus
3034 2261 3101 2300 ex
3138 2243 3478 2314 Evangelio:
3513 2240 3643 2312 quia

2022 2340 2215 2396 dilexit
2250 2340 2568 2410 proximum
2617 2337 2739 2408 plus
2775 2352 2941 2407 quam
2977 2352 3070 2400 se,
3109 2336 3235 2391 talia
3265 2336 3600 2407 promittens
3623 2372 3642 2400 ,

2022 2433 2133 2486 imo
2170 2432 2399 2487 faciens.
2443 2428 2560 2485 Non
2597 2429 2750 2484 enim
2786 2429 2924 2483 dixit
2966 2445 2982 2483 :
3026 2427 3180 2483 Dabo
3222 2427 3507 2481 dimidium
3532 2467 3547 2492 ,
3586 2436 3642 2481 et

2022 2528 2245 2583 reddam
2286 2526 2654 2596 quadruplum
2689 2542 2703 2578 :
2740 2525 2860 2587 sed,
2897 2522 3038 2578 Ecce
3067 2522 3174 2586 do,
3208 2530 3261 2576 et
3298 2521 3490 2575 reddo.
3527 2522 3643 2575 Au-

2020 2622 2197 2675 dierat
2226 2619 2373 2674 enim
2407 2618 2722 2674 Salomonis
2750 2616 3182 2673 admonitionem
3216 2632 3230 2670 :
3267 2634 3287 2667 ι
3327 2612 3407 2669 Ne
3447 2615 3601 2669 dicas
3623 2653 3641 2681 ,

2021 2709 2258 2767 Rediens
2290 2710 2429 2772 redi.
2453 2721 2504 2765 et
2531 2725 2656 2766 cras
2688 2709 2827 2765 dabo
2857 2710 2925 2763 ’³.
2972 2728 2990 2761 ι
3017 2708 3270 2764 Christus
3300 2706 3644 2779 evangelizat

2019 2807 2066 2861 ei
2099 2807 2329 2861 salutem
2366 2822 2381 2859 :
2415 2803 2594 2859 Hodie
2633 2804 2804 2871 enim,
2844 2804 3057 2875 inquit,
3095 2803 3215 2867 das,
3256 2802 3418 2857 hodie
3452 2800 3546 2857 tilii
3588 2811 3649 2859 et

2019 2898 2189 2953 salus.
2210 2896 2453 2951 Dicendo
2476 2896 2649 2960 enim,
2681 2896 2873 2951 Domni
2899 2896 3049 2959 huic,
3072 2896 3299 2949 omnino
3315 2893 3640 2951 Zaccbmum

2018 2993 2311 3061 signiﬁcat,
2339 2993 2432 3064 qui
2474 2993 2708 3049 salutem
2740 2992 2976 3063 accepit.
3008 2992 3312 3049 Zaccbarus
3350 2994 3498 3048 enim
3542 3007 3644 3064 per

2016 3086 2241 3139 domum
2260 3074 2629 3157 significatur.
2652 3085 2872 3140 Etenim
2896 3086 3257 3140 inanimatam
3279 3086 3501 3139 domum
3528 3100 3638 3140 non

300 3175 513 3243 λοῦται,
543 3177 667 3229 ἐπεὶ
688 3176 896 3247 ἄψυχον
912 3179 1173 3251 οίκοδόμη
1184 3198 1259 3248 μα
1290 3179 1389 3235 οὐκ
1412 3179 1479 3234 ἂν
1504 3182 1619 3235 υἱὸν
1652 3181 1911 3253 Ἀδραὰμ

2022 3179 2234 3233 dicebat
2262 3178 2431 3232 lilium
2464 3180 2701 3233 Abrahae
2740 3195 2753 3230 :
2796 3180 2892 3234 sed
2930 3177 3293 3233 manifestum
3330 3180 3477 3249 quod
3513 3178 3641 3234 ani-

304 3269 492 3337 ελεγεν
513 3312 527 3335 ,
562 3269 701 3324 ἀλλὰ
733 3271 1003 3343 πρόδηλον
1049 3273 1134 3326 ὅτι
1182 3274 1273 3328 τὸν
1313 3274 1561 3347 ἔμψυχον
1590 3276 1911 3330 οἰκοδεσπό-

299 3381 433 3435 την·
470 3365 590 3418 υίδν
612 3365 671 3419 δὲ
708 3366 961 3438 Ἀϐραὰμ
983 3367 1149 3421 αὐτὸν
1175 3367 1433 3435 ὠνόμασε
1459 3406 1473 3431 ,
1503 3368 1650 3438 τάχα
1692 3368 1790 3439 μὲν
1818 3369 1911 3421 καὶ⁵

260 3514 263 3517 ,
301 3458 379 3522 ὼς
414 3460 809 3526 πιστεύσαντα,
843 3460 941 3514 καὶ
972 3462 1337 3515 δικαιωθέντα
1377 3462 1442 3514 ἐκ
1472 3461 1733 3526 πίστεως,
1764 3462 1905 3531 τάχα

303 3551 361 3607 δὲ
405 3554 502 3608 καὶ
534 3552 611 3616 ὡς
657 3554 789 3627 περὶ
819 3553 889 3607 τὰ
929 3556 1193 3627 χρήματα
1226 3555 1608 3627 μεγαλόψυχον
1634 3555 1730 3608 καὶ
1758 3555 1909 3625 φιλό-

303 3663 542 3718 πτωχον,
574 3643 685 3711 οἷος
713 3643 783 3718 ἦν
817 3650 1025 3711 ἐκεῖνος
1054 3651 1082 3702 ὁ
1115 3648 1486 3721 πατριάρχης.
1530 3649 1676 3719 Ὅρα
1706 3649 1762 3707 δδ
1783 3690 1797 3715 ,
1827 3651 1909 3704 ὅτι

218 3766 225 3777 ·
301 3738 397 3792 νῦν
421 3734 575 3792 εἶπεν
605 3740 723 3793 υίὺν
760 3739 1017 3812 Ἀϐραὰμ
1044 3741 1137 3794 τὸν
1168 3744 1461 3813 Ζακχαῖον,
1488 3745 1570 3797 ὅτι
1595 3744 1693 3814 τὴν
1726 3746 1789 3798 ἐκ
1811 3745 1908 3800 τοῦ

298 3832 507 3902 τρόπου
548 3829 689 3885 εἶδεν
736 3834 794 3886 ἐν
825 3833 977 3904 αὑτῷ
1015 3833 1337 3903 ὁμοιότητα.
1374 3836 1448 3888 Οὐ
1495 3836 1601 3907 γὰρ
1638 3832 1794 3890 εἶπεν
1824 3839 1910 3893 ὃτι

299 3926 509 3981 Καθοτι
534 3928 627 3980 καὶ
658 3927 820 3990 αὐτὸς
843 3928 957 3989 υίὸς
994 3927 1245 3998 Ἀϐραὰμ
1268 3924 1356 3999 ἦν,
1390 3929 1507 3982 ἀλλ’
1526 3931 1608 3983 ὅτι
1638 3932 1755 3983 ἐστὶ
1787 3933 1903 3983 νῦν

2018 3278 2225 3325 matum
2260 3282 2474 3342 patrem
2520 3269 2762 3326 familias
2802 3270 2970 3325 ﬁlium
3006 3271 3242 3326 Abrahm
3276 3269 3577 3327 nominarit
3620 3290 3636 3329 :

2015 3363 2267 3418 fortassis
2298 3372 2351 3419 et
2393 3364 2539 3433 quod
2563 3363 2913 3426 crediderat,
2938 3362 3393 3433 justifieatusque
3423 3368 3547 3418 erat
3571 3378 3639 3419 ex

2016 3460 2119 3512 lide
2162 3475 2175 3511 :
2212 3457 2465 3513 fortassis
2520 3458 2667 3529 quod
2740 3458 2794 3512 in
2856 3457 3247 3529 dispensandis
3280 3458 3477 3531 opibus
3522 3474 3639 3514 ma-

2013 3552 2330 3622 gnanimus,
2381 3562 2439 3608 et
2487 3567 2793 3622 pauperum
2837 3563 3073 3618 amator,
3125 3553 3309 3623 qualis
3367 3562 3489 3608 erat
3532 3567 3636 3624 pa-

2014 3644 2252 3699 triarcha
2287 3644 2399 3699 ille.
2437 3642 2576 3699 Vide
2603 3645 2826 3714 insuper
2856 3644 3001 3713 quod
3034 3654 3089 3699 et
3121 3660 3268 3700 nunc
3296 3644 3431 3700 dicit
3462 3644 3635 3700 filium

2009 3739 2245 3794 Abraha‘
2274 3738 2600 3806 Zachmnm,
2641 3754 2768 3795 cum
2800 3755 3013 3796 morum
3039 3739 3457 3795 similitudinem
3494 3740 3546 3793 in
3576 3754 3637 3795 se

2008 3833 2269 3889 ostendit.
2301 3833 2489 3903 Neque
2512 3833 2657 3887 enim
2693 3832 2857 3899 dixit,
2898 3830 2975 3887 Eo
2995 3833 3137 3901 quod
3172 3842 3229 3886 et
3259 3833 3375 3903 ipse
3401 3830 3638 3888 Abrahae

2010 3927 2156 3981 illius
2190 3926 2390 3989 fuerit,
2434 3928 2532 3982 sed
2579 3927 2725 3997 quod
2778 3942 2924 3981 nunc
2958 3928 3049 3981 sit.
3099 3924 3264 3982 Prius
3312 3926 3460 3981 enim
3506 3943 3633 3982 cum

298 4016 493 4089 πρώην
527 4018 658 4089 γὰρ,
689 4019 778 4071 ὅτε
821 4016 1195 4091 ἀρχιτελώνης
1225 4014 1295 4090 ἦν
1335 4019 1430 4073 καὶ
1471 4020 1787 4089 φορολόγος,
1813 4020 1909 4072 οὑ-

2022 4022 2263 4089 Dt'ittceps
2296 4021 2712 4089 publicanorum
2752 4031 2809 4077 et
2838 4032 3067 4077 exactor
3094 4032 3264 4087 esset,
3299 4021 3549 4091 nihilque
3579 4020 3635 4076 ei

296 4109 489 4179 δῖμίαν
513 4110 810 4180 ὁμοιότητα
836 4105 976 4180 ἔχων
1007 4111 1143 4181 πρὸς
1171 4110 1263 4164 τὸν
1287 4112 1518 4175 δίκαιον,
1548 4112 1650 4165 οὐκ
1674 4108 1741 4183 ἦν
1766 4113 1903 4175 υἱός.

2033 4133 2063 4169 n
2095 4115 2307 4183 justitia
2353 4132 2478 4169 cum
2514 4116 2795 4170 Abraham
2830 4130 3125 4169 commune
3153 4123 3331 4179 esset,
3361 4127 3467 4168 non
3513 4122 3636 4169 erat

308 4200 469 4254 Ἐπεὶ
509 4202 565 4255 δὲ
613 4202 708 4254 καὶ
753 4202 1056 4270 ἐγόγγυζον
1086 4204 1252 4269 τινὲς,
1286 4205 1370 4257 ὅτι
1402 4205 1555 4274 παρὰ
1585 4203 1905 4275 ἁμαρτωλῷ

2022 4208 2178 4262 lilius.
2230 4207 2503 4275 Quoniam
2554 4218 2736 4263 autem
2774 4214 2828 4279 et
2867 4208 3363 4262 obmurmurahant
3403 4205 3631 4277 quidam

295 4295 451 4363 ἀνδρὶ
478 4296 763 4357 καταλύει,
793 4296 930 4366 πρὸς
954 4297 1015 4349 τὸ
1041 4300 1112 4351 ὲπ
1145 4297 1397 4367 στομίσαι
1427 4298 1672 4363 τούτους,
1706 4298 1897 4370 ψησίνο

2022 4304 2154 4371 quod
2213 4302 2357 4369 apud
2415 4310 2766 4371 peccatorem
2824 4300 3105 4355 hominem
3162 4300 3509 4367 divertisset,
3562 4302 3632 4356 ad

294 4384 467 4443 Ἦλθε
501 4389 610 4460 γὰρ
640 4392 667 4443 ὁ
708 4389 835 4452 Υἱὸς
870 4389 965 4444 τοῦ
998 4390 1095 4445 ἀνθ
1143 4392 1292 4444 ώπου
1325 4390 1583 4461 ζητῆσαι,
1607 4394 1701 4446 καὶ
1728 4393 1902 4447 σῶσαι

2022 4394 2373 4449 :onfutandos
2402 4410 2520 4457 eos,
2560 4396 2740 4465 inquit
2768 4413 2780 4449 :
2813 4391 2967 4448 Venit
3000 4394 3147 4447 enim
3182 4392 3356 4448 Filius
3393 4393 3634 4449 hominis

292 4484 353 4537 τὸ
388 4483 692 4546 ἀπολωλός.
725 4482 912 4537 Ταῦτα
963 4484 1061 4553 μὲν
1129 4486 1182 4540 ιὰ
1231 4484 1326 4538 τοῦ
1370 4485 1559 4555 ῥητοῦ.
1604 4485 1820 4558 Ῥᾴδιον
1856 4488 1904 4539 δ’

2022 4500 2273 4554 tumere.
2300 4496 2356 4539 et
2392 4484 2610 4540 salvare
2655 4484 2800 4556 quod
2835 4485 3097 4555 perierat.
3141 4485 3211 4539 Et
3257 4484 3361 4538 hoc
3403 4483 3632 4554 quidem

292 4575 410 4627 ιστὶ
428 4575 523 4627 καὶ
540 4573 715 4637 ἄλλως
732 4550 1064 4627 ἐκλαόέσοαι
1086 4576 1163 4639 είς
1183 4550 1381 4646 ἠθικὴν
1404 4550 1898 4643 ὧφὲλειαν-ταῦτασ

2022 4584 2159 4647 iuxta
2200 4581 2506 4635 historiam.
2550 4578 2736 4634 Facile
2770 4588 2956 4633 autem
2991 4587 3046 4633 et
3088 4578 3249 4632 aliter
3293 4577 3411 4631 haec
3460 4592 3631 4646 expo-

292 4668 401 4729 πᾶς
433 4666 542 4735 γὰρ
568 4667 597 4719 ὀ
638 4665 826 4737 ἄρχων
861 4668 920 4719 ἐν
951 4667 1121 4737 κακίᾳ
1149 4667 1385 4727 πολλῶν.
1425 4666 1622 4739 μικρός
1658 4668 1775 4721 ἐστι
1800 4668 1900 4740 τὴν

2022 4690 2147 4729 nere
2172 4672 2299 4727 licet
2327 4674 2379 4726 in
2410 4672 2705 4727 utilitatem
2737 4672 3024 4725 moralem.
3059 4670 3254 4725 Omnis
3290 4670 3434 4722 enim
3470 4670 3629 4740 prin-

293 4756 673 4837 πνευματικὴν
736 4758 998 4828 ἡλικίαν,
1050 4759 1356 4813 ἀντίκειται
1414 4761 1526 4830 γὰρ
1589 4760 1727 4831 σὰρξ
1803 4762 1900 4815 καὶ

2022 4782 2138 4837 ceps
2170 4767 2470 4821 multorum
2506 4764 2557 4818 in
2590 4764 2819 4829 malitia,
2854 4779 3053 4833 parvus
3082 4772 3169 4818 est
3205 4762 3477 4832 spirituali
3510 4772 3627 4816 sta-

292 4853 516 4921 πνεῦμα
540 4895 554 4914 ,
581 4835 676 4907 καὶ
714 4853 805 4908 6:31
842 4854 1004 4907 τοῦτο
1034 4855 1095 4909 οὐ
1124 4854 1351 4909 δύναται
1390 4856 1521 4910 ίδείν
1550 4856 1643 4910 τὸν
1687 4855 1900 4926 Ἰησοῦν

2022 4835 2153 4919 Lnra.
2208 4857 2486 4911 contraria
2540 4856 2686 4909 enim
2740 4865 2869 4910 sunt
2919 4869 3051 4909 caro
3086 4865 3162 4907 iet
3212 4854 3442 4922 spiritus
3496 4870 3509 4906 :
3572 4864 3633 4908 ct

293 4945 405 4999 ἀπὸ
455 4940 550 4998 τοῦ
581 4945 741 5015 ὄχλου
773 4962 787 4977 ⁸
820 4946 927 4999 ὑπὸ
946 4946 1057 4999 τῶν
1082 4948 1272 5001 παθῶν
1293 4947 1641 5018 ὀχλούμενοζ,
1672 4950 1767 5003 καὶ
1802 4949 1907 5003 ὑπὸ

2022 4949 2171 5023 m
2200 4959 2493 5019 propterea
2517 4964 2625 5002 non
2654 4957 2837 5017 potest
2868 4946 3059 5001 videre
3084 4945 3274 5000 Jesum
3302 4957 3412 5012 prae
3440 4948 3623 5000 turba.

294 5037 649 5107 πραγμάτων
693 5038 990 5109 βιωτικῶν,
1025 5039 1084 5092 οὐ
1116 5038 1344 5095 δύναται
1375 5042 1511 5113 ὀρᾷν
1554 5042 1645 5095 τὸν
1688 5042 1901 5113 Ἰησοῦν

2022 5042 2103 5108 Qui
2130 5042 2277 5107 enim
2311 5056 2340 5093 a
2371 5039 2729 5095 smcnlaribus
2757 5036 2993 5109 negotiis
3016 5047 3069 5090 et
3102 5036 3485 5091 affectionibus
3510 5050 3626 5090 tur-

291 5128 623 5200 ἐνεργοῦντα
645 5171 660 5195 ,
705 5131 802 5184 καὶ
832 5133 1155 5203 κινούμενον
1178 5173 1193 5199 ,
1225 5134 1322 5187 καὶ
1354 5134 1794 5206 περιπατοῦντα.
1843 5135 1903 5189 '0

2022 5145 2187 5199 tatur,
2218 5150 2323 5189 non
2352 5134 2501 5189 videt
2530 5132 2718 5188 Jesum
2751 5142 3095 5201 operantem,
3119 5141 3175 5185 et
3204 5142 3544 5195 moventem,
3571 5140 3624 5186 ct

288 5218 399 5288 γὰρ
440 5218 685 5282 τοιοῦτος
719 5220 979 5291 οὐδεμίαν
1026 5223 1316 5293 ἐνέργειαν
1356 5226 1718 5293 ἐπιγινώσκει
1764 5228 1905 5297 Χρι-

2022 5226 2399 5280 nnbulantem.
2437 5224 2572 5280 Nam
2622 5225 2713 5295 qui
2752 5226 2876 5280 talis
2916 5234 3036 5291 est,
3090 5224 3296 5279 nullam
3340 5224 3626 5293 experitur

291 5310 494 5380 στιανῷ
518 5312 845 5381 πρέπουσαν
870 5331 883 5344 ·
921 5315 1081 5369 τοῦτο
1114 5316 1226 5387 γάρ
1265 5319 1384 5371 ἐστι
1421 5319 1483 5371 τὸ
1526 5318 1766 5388 βαδίζειν
1812 5320 1904 5373 τὸν

2022 5318 2383 5388 )perationem
2418 5318 2733 5379 Christiano
2766 5318 3012 5387 dignam.
3047 5318 3165 5373 Hoc
3198 5329 3281 5372 est
3310 5319 3457 5371 enim
3503 5332 3623 5369 am-

301 5401 514 5471 Ἰησοῦν
536 5442 549 5465 ,
580 5405 855 5469 τουτέστι,
884 5405 946 5458 τὸ
977 5408 1239 5478 πράττειν
1267 5426 1320 5462 τι
1353 5410 1411 5462 ὲν
1447 5413 1580 5480 ἡμῖν
1614 5412 1708 5465 τὸν
1753 5414 1893 5483 Χρι-

2022 5413 2194 5467 ›υ1ίιιό
2227 5411 2411 5467 Jesum
2438 5455 2453 5479 ,
2487 5414 2705 5483 operari
2751 5412 3038 5469 Christum
3092 5412 3301 5483 aliquid
3344 5412 3399 5466 in
3436 5411 3623 5466 nobis.

288 5497 434 5549 στόν.
472 5494 614 5547 Ἀλλ’
641 5499 669 5549 ὁ
701 5497 945 5563 τοιοῦτος
968 5500 1257 5571 ἄνθρωπος
1280 5506 1308 5557 ὁ
1337 5504 1609 5574 μηδέποτε
1647 5490 1773 5559 ίδὼν
1800 5506 1891 5559 τὸν

2022 5509 2071 5561 lt
2113 5507 2237 5560 talis
2280 5507 2446 5560 homo
2474 5508 2566 5578 qui
2616 5523 2895 5579 nunquam
2931 5508 3066 5563 vidit
3102 5506 3290 5562 Jesum
3330 5504 3622 5559 ambulan-

297 5586 509 5659 Ἰησοῦν
550 5588 878 5659 βαδίζοντα,
933 5593 1073 5648 ἀλλὰ
1120 5595 1302 5665 πάσης
1356 5598 1613 5668 πράξεως
1664 5601 1890 5670 Χριστῷ

2025 5616 2134 5663 cm,
2173 5615 2348 5669 neque
2382 5602 2555 5655 Sensit
2596 5600 2759 5654 ullam
2803 5600 3179 5670 Operationem
3224 5598 3445 5652 Christo
3477 5613 3620 5651 con-

285 5678 641 5752 ἁρμοζούσης
674 5683 1099 5757 ἀνεπαίσθητος,
1134 5690 1198 5741 ὲκ
1236 5689 1607 5759 μεταμελείας
1643 5692 1723 5755 είς
1759 5708 1886 5746 συν·

2022 5709 2216 5762 ςτιιιιιη,
2240 5706 2385 5762 smpc
2412 5707 2508 5764 per
2531 5694 2916 5764 paenitentiam
2939 5693 3097 5751 venit
3122 5694 3176 5750 in
3203 5690 3611 5748 conscientiam

351 5856 398 5888 ’⁸
430 5856 594 5913 l‘rov.
628 5872 710 5924 tu,
744 5858 835 5915 228.
