4048 6486
357 450 492 519 ΜΞ]

1061 449 1509 512 ΕΝᾹΗΒΔΤΙΟ
1548 451 1630 512 1N
1669 450 1947 513 EVANG]

2057 451 2183 512 ΠΜ
2229 449 2469 513 [ΗΟᾸΞ.
2507 472 2580 487 --·
2620 447 2783 513 CAP.
2820 448 2985 511 XIX.

3438 392 3447 401 ’
3539 443 3680 509 1026

351 565 570 622 καθίσει
604 563 662 617 ἐν
718 561 870 634 δεξιᾷ
911 558 1006 614 τοῦ
1047 559 1239 632 θρόνου
1290 562 1390 632 τῆς
1432 561 1836 634 μεγαλωσύνης
1894 563 1947 615 ἐν

2061 562 2248 617 throni
2276 561 2708 634 magniﬁcentia:
2738 564 2790 615 in
2828 557 3066 615 excelsis
3086 573 3209 614 cum
3238 570 3428 613 carne.
3466 556 3681 612 Etenim

351 656 581 729 ὑψηλοῖς
630 657 767 726 μετὰ
801 655 1027 726 σαρκός.
1077 654 1164 716 Ὡς
1196 653 1295 724 μὲν
1345 653 1457 725 γὰρ
1501 653 1656 718 Θεὸς,
1694 655 1782 708 ἀεὶ
1826 671 1953 706 συν-

349 749 616 824 εδριάξων
642 744 710 821 ἦν
744 747 822 820 τῷ
851 749 1049 818 Πατρὶ,
1076 748 1150 811 ὡς
1180 748 1236 802 δὲ
1277 745 1564 819 ἄνθρωπος
1593 747 1715 801 τότε
1763 747 1951 801 ἐκάθι-

353 860 462 908 σεν,
502 843 631 895 ὅταν
681 839 960 911 ἀνελήφθη
1009 840 1345 912 περιμένων,
1380 841 1488 904 ἓως
1519 835 1580 895 οῦ
1617 840 1854 895 τεθῶσιν
1902 839 1953 892 oi

347 934 534 1006 ἐχθροὶ
575 934 681 986 ὑπὸ
709 935 835 996 τοὺς
875 933 1042 998 πόδας
1081 932 1272 988 αὑτοῦ.
1319 933 1494 987 Τοῦτο
1523 933 1578 988 δὲ
1611 934 1764 988 ἔσται
1797 937 1855 988 ὲν
1885 939 1951 1006 τῇ

349 1027 657 1099 συντελείᾳ,
692 1028 782 1079 ὅτε
812 1025 882 1078 τὰ
925 1025 1104 1079 πάντα
1141 1025 1236 1078 καὶ
1291 1025 1496 1079 ἄκοντα
1531 1026 1950 1096 ὑποταγήσεται

343 1122 497 1193 αὖτῷ
547 1119 944 1183 πιστεύσαντα,
975 1120 1056 1172 ὅτι
1090 1118 1295 1190 Κύριος
1355 1119 1566 1187 Ἰησοῦς
1599 1119 1839 1189 Χριστδς
1871 1121 1953 1184 είς

344 1215 502 1278 δόξαν
533 1212 670 1266 Θεοῦ
730 1212 967 1282 Πατρός.
1010 1209 1232 1264 Πολῖται
1263 1210 1317 1263 δὲ
1351 1211 1518 1264 αὐτοῦ
1553 1214 1693 1265 εἰσιν
1732 1215 1781 1266 οἱ
1813 1215 1950 1268 Ἰου-

343 1307 482 1362 δαῖσι
536 1304 827 1375 μισοῦντες
873 1304 1064 1362 αὐτόν.
1110 1304 1424 1374 Ἐωράκασι
1457 1304 1586 1375 γὰρ,
1623 1308 1812 1375 φησὶν,
1855 1307 1952 1360 καὶ¹

346 1401 693 1470 μεμισήκασι
734 1397 830 1452 καὶ
859 1398 980 1466 ἐμὲ,
1034 1397 1129 1449 καὶ
1174 1397 1265 1450 τὸν
1311 1397 1531 1469 Πατέρα
1592 1416 1716 1469 μου,
1749 1401 1800 1454 οἳ
1851 1403 1952 1455 οὐκ

343 1492 620 1563 ἠθέλησαν
651 1490 814 1544 αὑτὸν
849 1490 938 1543 ἐπ’
971 1489 1173 1551 αὐτοὺς
1198 1487 1548 1556 βασιλεῦσαι.
1588 1492 1680 1543 Διὸ
1710 1495 1806 1547 καὶ
1836 1494 1951 1545 ἐλε-

353 1604 450 1656 γον
483 1586 620 1655 πρὸς
651 1584 890 1638 Πιλάτον
926 1581 1259 1653 ἀρνούμενοι
1291 1581 1388 1652 τὴν
1417 1582 1700 1653 βασιλείαν
1733 1584 1903 1638 αὑτοῦ
1933 1600 1947 1614 ⁸

347 1701 364 1732 ι
385 1680 500 1733 Ούκ
529 1678 727 1748 ἔχομεν
746 1676 970 1746 βασιλέα
991 1693 1038 1726 οι
1061 1676 1154 1728 καὶ
1178 1676 1338 1729 πάλιν
1355 1691 1367 1702 ·
1395 1695 1412 1725 ι
1434 1676 1523 1748 Μὴ
1547 1677 1749 1748 γράφε,
1767 1678 1829 1728 '0
1852 1678 1950 1747 βα.

343 1773 524 1836 σιλεὺς
551 1773 661 1825 τῶν
680 1770 971 1826 Ἰουδαίων.
1005 1791 1023 1821 ι
1052 1769 1243 1823 Καίτοι
1269 1771 1549 1842 Ζαχαρίας
1583 1772 1702 1842 βοᾷ·
1725 1793 1740 1823 ι
1776 1773 1948 1842 Χαῖρε

344 1867 575 1936 σεόδρα,
597 1864 837 1935 θύγατερ
870 1861 1032 1926 Σιὼν,
1072 1864 1155 1916 ὃτι
1184 1863 1450 1926 Βασιλεύς
1483 1882 1575 1917 σου
1618 1865 1838 1935 ἔρχεταί
1868 1881 1949 1919 σοι

339 1960 570 2026 δίκαιος,
590 1959 684 2014 καὶ
716 1957 960 2022 σώζωνί
1000 1956 1094 2012 καὶ
1123 1958 1407 2021 Ἠσαῖας⁶.ι
1434 1953 1563 2013 Ἰδοὺ
1595 1959 1657 2028 δὴ
1691 1960 1948 2028 ﬁas-.192);

339 2052 547 2116 δίκαιος
579 2052 947 2121 βασιλεύσεισι
978 2051 1070 2103 καὶ
1104 2051 1320 2108 Anubin
1345 2050 1487 2118 Ἐγὼ
1512 2051 1566 2105 δὲ
1603 2052 1946 2123 κατεστάθην

343 2144 601 2215 βασιλεὺς
629 2145 720 2197 ὑπ’
763 2142 953 2198 αὑτοῦ.
988 2162 1006 2194 ι
1041 2144 1104 2196 Oi
1139 2151 1239 2214 μεν
1271 2139 1365 2196 οὖν
1389 2145 1636 2198 Ἰουδαῖοι
1671 2146 1946 2216 ἐμίσησαν

340 2240 432 2293 τὸν
465 2237 698 2308 Κύριον,
743 2240 769 2291 ό
799 2238 854 2291 δὲ
896 2239 1004 2300 τοῖς
1041 2238 1252 2301 δούλοις
1296 2239 1471 2292 αὑτοῦ
1502 2238 1635 2292 δέκα
1681 2242 1824 2309 μνᾶς
1856 2241 1945 2292 δέ-

340 2331 503 2384 δωκε.
533 2331 723 2384 Δοῦλοι
750 2329 805 2382 δὲ
838 2329 1007 2382 αὐτοῦ
1043 2330 1091 2382 οἱ
1126 2332 1184 2383 ἐν
1214 2333 1279 2400 τῇ
1324 2330 1632 2403 Ἐκκλησία
1662 2334 1946 2397 διακονίας

343 2423 801 2493 πεπιστευμένοι,
833 2421 967 2476 δέκα
997 2423 1286 2492 λεγόμενοι
1330 2417 1496 2489 εἶναι,
1530 2424 1620 2477 διὰ
1651 2425 1710 2477 τὸ
1737 2425 1947 2478 τέλειον

342 2515 443 2584 τῆς
479 2514 945 2586 ἐκκλησιαστικῆς
978 2513 1344 2585 προστασίας.
1390 2515 1454 2568 Ἠ
1497 2515 1606 2587 γὰρ
1640 2519 1697 2568 ἐν
1728 2520 1794 2587 τῇ
1828 2517 1948 2572 Ἑκο

339 2601 544 2673 πλησία
593 2601 746 2666 τάξις
801 2600 1013 2656 τελείαν
1071 2602 1184 2673 ἔχει
1237 2603 1336 2674 τὴν
1405 2604 1516 2658 τῶν
1585 2606 1948 2676 προεστώτων

339 2692 728 2763 διακόσμησιν,
757 2693 852 2747 καὶ
869 2691 994 2746 οὔτε
1026 2693 1283 2758 πλείονας
1319 2696 1427 2750 ἔδει
1451 2694 1613 2764 εἶναι,
1635 2698 1758 2753 οὔτε
1789 2701 1949 2754 ἐλάτ-

338 2802 523 2850 τονας.
563 2780 714 2853 Οἷον,
739 2785 902 2855 λόγου
935 2787 1121 2857 χάριν,
1169 2788 1297 2859 τρία
1333 2789 1507 2844 ταῦτα
1538 2791 1759 2864 ὁρῶμεν
1793 2796 1849 2846 ὲν
1879 2797 1945 2866 τῇ

347 2880 674 2953 Ἐκκλησία,
702 2880 998 2951 κάθαρσιν,
1033 2883 1338 2953 φωτισμὸν,
1370 2887 1467 2938 καὶ
1487 2885 1791 2940 τελείωσιν’
1820 2889 1948 2961 τρία

343 2972 442 3025 καὶ
467 2973 537 3026 τὰ
557 2972 761 3036 ταύτας
789 2975 890 3038 τὰς
917 2975 1202 3045 ἐνεργείας
1227 2976 1639 3048 κληρωσάμενα
1660 2981 1942 3049 τάγματα·

340 3065 392 3118 0i
433 3065 674 3120 διάκονοι
723 3066 1050 3138 καθαίρουσι
1124 3068 1214 3123 διὰ
1262 3071 1623 3142 κατηχήσεως
1673 3075 1767 3126 καὶ
1799 3074 1948 3127 διδα-

345 3158 598 3226 σκαλίας,
649 3160 698 3213 οἱ
732 3160 1101 3233 πρεσϐύτεροι
1151 3163 1451 3232 φωτίζουσι
1495 3165 1585 3218 διὰ
1617 3167 1712 3220 τοῦ
1747 3167 1948 3238 βαπτί-

345 3269 574 3354 σματος,
624 3253 676 3307 oi
720 3253 1003 3354 ἀρχιερεῖς
1055 3254 1150 3308 καὶ
1201 3257 1485 3328 ἱερατικὰς
1534 3259 1722 3325 τάξεις
1791 3262 1949 3317 καθιο
1979 3295 2022 3354 C

343 3345 516 3401 στῶσι
553 3349 647 3402 καὶ
693 3347 1018 3414 τελειοῦσιν,
1054 3349 1082 3403 ὅ
1135 3352 1273 3413 ἐστι,
1312 3353 1738 3425 χειροτονοῦσιν.
1786 3357 1951 3429 Ὁρᾷς

341 3440 414 3495 τά
452 3440 714 3512 τάγματα
752 3441 891 3514 πρὸς
943 3443 1045 3506 τὰς
1087 3443 1390 3516 ἐνεργείας,
1438 3448 1534 3499 καὶ
1580 3449 1706 3502 οὕτε
1753 3448 1947 3516 πλείω,

342 3531 472 3588 οὕτε
517 3535 751 3601 ἐλάττω,
811 3537 882 3588 τὰ
932 3536 1043 3590 τῶν
1098 3537 1463 3608 προεστώτων
1490 3542 1671 3610 φημί;
1722 3541 1952 3607 Τούτοις

342 3617 440 3677 οὖν
473 3624 587 3687 τοῖς
618 3621 831 3687 δούλοις
874 3623 1121 3696 διανέμει
1148 3627 1283 3681 δέκα
1323 3631 1486 3698 μνᾶς,
1533 3631 1602 3684 τὰ
1631 3633 1951 3704 χαρίσματα

343 3729 509 3785 φημι,
546 3712 583 3767 ἃ
612 3715 832 3784 ἑκάστῳ
863 3714 1071 3769 δίδοται
1101 3717 1237 3790 πρὸς
1266 3718 1327 3771 τὸ
1361 3718 1665 3792 συμφέρον.
1699 3722 1814 3785 Πᾶς
1840 3723 1948 3796 γὰρ

341 3809 372 3860 ό
400 3806 740 3876 προστασίαν
774 3809 1166 3880 ἐγχειρισθεὶς,
1211 3811 1314 3866 κᾶν
1346 3811 1564 3878 ἀνάξιος
1598 3809 1656 3890 ᾖ,
1696 3817 1948 3888 χάρισμα

339 3903 456 3974 εχει
503 3902 561 3970 ἐξ
613 3904 783 3974 αὐτῆς
818 3906 919 3974 τῆς
970 3905 1228 3978 κρίσεως,
1284 3908 1379 3961 καὶ
1413 3908 1537 3962 ἐστι
1595 3911 1756 3963 τοῦτο
1801 3915 1949 3982 μέγα

337 3997 508 4061 ὅντως
545 3998 642 4069 τῆς
682 3998 777 4051 τοῦ
819 3999 958 4054 Θεοῦ
1010 4001 1431 4074 φιλανθρωπίας
1479 4003 1579 4056 καὶ
1623 4005 1944 4077 οίκονομίας

343 4091 672 4162 μυστήριον.

416 4203 435 4235 ι
477 4184 589 4237 Καὶ
637 4185 859 4253 ἐγένετο
915 4186 990 4238 ἐν’
1019 4187 1098 4260 τῷ
1125 4188 1450 4242 ὲπανελθεϊν
1494 4188 1661 4243 αὑτὸν
1706 4179 1944 4244 λαῖόντα

336 4281 438 4349 τὴν
481 4277 784 4352 βασιλείαν,
823 4276 946 4333 εἷπε
998 4281 1322 4354 φωνηθῆναι
1362 4284 1514 4356 αὐτῷ
1549 4285 1675 4348 τοὺς
1720 4283 1945 4350 δούλους

337 4372 590 4436 τοότους,
621 4369 700 4434 οἷς
731 4372 901 4425 ἔδωκε
940 4373 1002 4426 τὸ
1033 4373 1323 4445 ἀργύριον,
1361 4375 1447 4430 ἵνα
1477 4376 1590 4448 γνῷ
1623 4377 1708 4436 τίς
1753 4378 1804 4429 τί
1831 4377 1943 4430 διε-

339 4464 835 4532 πραγματεύσατο.
887 4465 1233 4538 Παρεγένετο
1276 4467 1333 4520 δὲ
1380 4470 1408 4522 ό
1458 4470 1678 4539 πρῶτος
1727 4469 1940 4536 λέγων·

340 4559 534 4626 Ripae,
583 4558 617 4628 ἠ
677 4559 786 4626 μνᾶ
834 4575 929 4610 σου
961 4561 1407 4631 προσειργάσατο
1439 4563 1570 4617 δέκα
1623 4564 1783 4632 μνᾶς.
1831 4563 1942 4616 Καὶ

2062 654 2203 709 sicut
2228 654 2395 717 Deus,
2419 668 2640 723 semper
2667 653 2964 708 considens
2991 651 3093 704 fuit
3121 649 3266 703 Patri
3298 667 3309 702 :
3347 651 3490 704 sicut
3520 647 3684 704 homo

2063 757 2246 802 autem
2287 760 2414 802 tunc
2467 749 2632 813 sedit,
2667 746 2888 814 quumlo
2945 756 3264 814 assumptus
3314 755 3421 807 est,
3469 758 3686 811 peruias

2061 857 2199 896 nens
2253 843 2430 896 donec
2461 852 2738 911 ponantur
2785 841 2992 894 inimici
3029 841 3146 909 ejus
3178 838 3282 893 sub
3330 840 3496 908 pedes
3541 838 3684 908 t-jus.

2061 937 2176 995 Hoc
2225 949 2408 995 autem
2471 940 2576 994 erit
2633 939 2684 992 in
2743 937 3246 1000 consunnuatione,
3316 938 3536 1006 quando
3568 953 3685 989 om-

2056 1032 2146 1084 nia
2209 1031 2376 1085 ctiam
2413 1047 2537 1090 qua;
2585 1029 2800 1095 nolunt,
2859 1030 3227 1098 subjicleu'tur
3271 1031 3319 1082 ei
3347 1068 3362 1094 ,
3400 1030 3682 1084 crtdeutia

2059 1121 2206 1191 quod
2247 1122 2510 1176 Dominus
2548 1119 2706 1176 Jcsus
2741 1122 2997 1175 Christus
3034 1123 3084 1174 in
3137 1121 3307 1191 gloria
3357 1120 3449 1173 Dei
3479 1120 3678 1177 Patris.

2057 1213 2217 1268 Cives
2250 1224 2434 1268 autem
2481 1213 2603 1285 ejus
2640 1225 2764 1268 sunt
2806 1213 3005 1276 Judaei,
3039 1215 3164 1267 odio
3211 1215 3477 1269 habentes
3507 1214 3681 1270 ilhnn.

2065 1306 2334 1361 Viderunt
2369 1308 2535 1368 enim,
2577 1306 2775 1377 inquit,
2809 1317 2862 1360 et
2891 1309 3015 1360 odio
3060 1308 3371 1361 habuerunt
3401 1317 3454 1360 ct
3485 1323 3594 1374 me,
3628 1318 3683 1362 et

2056 1401 2272 1456 Patrem
2336 1416 2542 1466 meum,
2597 1413 2650 1454 et
2713 1400 3005 1454 noluerunt
3067 1400 3194 1454 enm
3257 1416 3423 1469 super
3472 1416 3531 1454 se
3581 1416 3684 1455 re-

2056 1511 2260 1566 gnare:
2331 1495 2473 1550 unde
2522 1505 2581 1550 et
2647 1494 2907 1548 dicebant
2974 1493 3043 1548 ad
3092 1493 3353 1561 Pilatum,
3412 1509 3683 1562 negantes

2057 1605 2283 1658 regnum
2318 1589 2435 1658 ejus
2466 1605 2478 1641 :
2523 1607 2539 1638 ι
2572 1588 2693 1641 Non
2745 1587 3009 1641 habemus
3038 1602 3220 1657 regem
3249 1604 3262 1652 ;
3300 1606 3316 1639 ι
3345 1597 3398 1641 et
3432 1587 3631 1640 iterum
3664 1604 3677 1642 :

2063 1703 2078 1733 ι
2120 1681 2197 1738 Ne
2241 1682 2484 1748 scribas,
2527 1680 2640 1734 Rex
2691 1679 3029 1735 Judmorum.
3081 1700 3099 1732 ι
3158 1682 3422 1747 Quaunis
3473 1679 3686 1734 Zacha-

2058 1774 2165 1826 rias
2207 1773 2351 1827 dicat
2385 1789 2398 1826 :
2435 1791 2454 1823 ι
2478 1771 2668 1827 Gaude
2704 1772 2882 1836 Valde,
2918 1773 3024 1826 lilia
3077 1771 3382 1842 Sion,quia
3421 1788 3512 1825 rex
3557 1782 3683 1827 tuus

2059 1864 2238 1918 veniet
2281 1864 2375 1918 tibi
2434 1864 2616 1934 justus
2679 1875 2734 1918 et
2774 1865 2994 1918 salvaus
3035 1865 3082 1896 “7
3126 1881 3141 1932 ;
3178 1883 3196 1915 ι
3246 1873 3412 1934 atque
3469 1864 3678 1919 lsaias:

1988 1936 2025 1988 Β
2065 1978 2081 2010 ι
2110 1957 2249 2011 Ecce
2274 1974 2362 2012 rex
2385 1957 2568 2028 justus
2595 1959 2844 2027 regnabit
2870 1975 2916 2023 ;›
2949 1959 3171 2028 insuper
3194 1972 3248 2012 et
3283 1957 3449 2012 DaVid
3476 1976 3526 2014 ει
3570 1956 3683 2028 Ego

2059 2064 2239 2107 autem
2297 2053 2629 2107 constitutus
2681 2069 2799 2106 sum
2861 2067 2952 2106 rex
3012 2054 3079 2106 ab
3132 2067 3217 2106 eo.
3270 2071 3287 2103 ι
3331 2051 3504 2105 lintei
3546 2066 3681 2105 sane

2059 2146 2188 2199 ouiu
2242 2145 2555 2200 habuerunt
2599 2144 2915 2200 Dominum.
2972 2144 3146 2199 i’utro
3203 2145 3466 2199 Dominus
3524 2143 3678 2199 dedit

2057 2241 2235 2310 sertis
2271 2243 2459 2293 detetu
2513 2241 2713 2294 minas.
2752 2237 2915 2314 .Serti
2969 2248 3151 2292 autem
3188 2238 3263 2291 illi
3297 2252 3421 2291 sunt
3458 2238 3507 2292 hi
3554 2239 3677 2306 qui-

2059 2333 2160 2387 bus
2195 2333 2245 2385 in
2283 2331 2526 2387 Ecclesia
2568 2333 2934 2387 ministerium
2986 2332 3363 2386 concreditum
3408 2343 3530 2394 est;
3581 2330 3678 2384 tle-

2057 2441 2178 2480 cem
2221 2425 2482 2480 dicuntur
2522 2440 2665 2489 esse,
2712 2436 2938 2495 propter
2969 2424 3367 2495 perfectionem
3410 2425 3674 2479 ecclesia-

2058 2519 2208 2572 sticae
2243 2518 2623 2587 prasidentia'.
2647 2516 2794 2573 Ordo
2827 2519 2973 2573 enim
3006 2519 3056 2572 in
3080 2517 3327 2572 Ecclesia
3371 2515 3672 2586 perfectam

2059 2611 2470 2680 prmsidentium
2509 2610 2929 2681 dispositionem
2965 2609 3150 2674 habet,
3196 2620 3250 2663 et
3275 2624 3453 2677 neque
3483 2607 3672 2678 plures

2058 2702 2351 2771 oportebat
2379 2717 2524 2768 esse,
2556 2717 2732 2772 neque
2758 2702 3048 2773 pauciores
3079 2720 3093 2757 :
3129 2710 3186 2755 ut
3216 2699 3455 2767 exempli
3493 2699 3673 2768 gratia

2061 2810 2096 2853 ιι
2115 2802 2160 2854 ia
2179 2799 2295 2855 hec
2320 2800 2568 2854 videmus
2601 2815 2720 2854 esse
2747 2799 2797 2852 in
2827 2798 3092 2864 Ecclesia,
3119 2797 3522 2870 purgationem,
3550 2796 3677 2848 illu-

2061 2893 2443 2958 uiuutiouem,
2497 2901 2556 2946 et
2611 2891 3028 2962 perfectionem.
3083 2889 3447 2962 Oper-stiones
3489 2889 3658 2944 etiam

2060 2985 2203 3049 illas,
2235 2995 2346 3039 tres
2387 2985 2569 3040 sortiti
2600 2994 2729 3040 sunt
2759 2986 3003 3040 ordines.
3047 2983 3272 3039 Diaconi
3310 2991 3544 3053 purgant
3579 2997 3676 3051 per

2058 3077 2482 3133 instructionem
2521 3087 2576 3132 et
2624 3079 2958 3144 doctrinam,
3012 3078 3324 3150 presbyteri
3360 3074 3678 3130 illuminant

2057 3185 2164 3240 per
2182 3169 2545 3240 baptismum,
2578 3171 2822 3244 episcopi
2867 3171 3242 3245 sacerdotales
3275 3168 3500 3224 ordines
3539 3183 3676 3222 cou-

2057 3263 2295 3319 stituunt
2346 3274 2401 3320 et
2458 3264 2771 3335 perﬁciunt,
2817 3266 2923 3321 hoc
2986 3273 3094 3331 est,
3166 3264 3450 3320 ordinant.
3504 3259 3674 3316 Vides

2056 3358 2282 3413 ordines
2312 3372 2436 3413 cum
2478 3359 2919 3427 operationibus,
2953 3367 3008 3414 et
3041 3372 3217 3426 neque
3249 3357 3460 3424 plures,
3495 3369 3675 3423 neque

2055 3449 2343 3518 pauciores
2367 3489 2382 3515 ,
2407 3448 2814 3520 praesidentium
2840 3448 3064 3518 inquam
3103 3446 3349 3503 ordines.
3371 3443 3481 3501 illis
3507 3444 3673 3514 igitur

2054 3542 2232 3598 servis
2264 3539 2550 3596 distribuit
2604 3541 2792 3596 decem
2843 3539 3042 3604 minas,
3083 3540 3184 3595 hoc
3216 3547 3324 3601 est.
3360 3537 3500 3592 dona
3549 3550 3672 3605 quae

2053 3633 2349 3702 unicuique
2406 3630 2534 3686 data
2599 3642 2729 3686 sunt
2790 3630 2848 3686 in
2913 3629 3232 3686 utilitatem.
3280 3628 3473 3684 Omnis
3518 3628 3670 3682 enim

2054 3727 2367 3794 cuicunque
2399 3725 2724 3781 concredita
2771 3735 2858 3780 est
2895 3722 3268 3794 prwsidentia,
3301 3722 3471 3777 etiam
3503 3720 3549 3776 si
3588 3720 3672 3773 iu-

2053 3822 2250 3890 diguus
2313 3821 2501 3886 fuerit,
2560 3819 2765 3875 donum
2844 3817 3010 3874 habet
3079 3831 3146 3872 ex
3191 3817 3478 3871 .unctione
3544 3830 3668 3881 sua,

2054 3917 2103 3970 id
2143 3916 2285 3985 quod
2327 3931 2596 3987 magnum
2638 3914 2840 3970 divinae
2905 3912 3297 3968 misericordia
3341 3923 3667 3966 sacramen-

2051 4019 2167 4064 tum
2207 4020 2313 4065 est.

2123 4185 2294 4241 Vens.
2346 4185 2527 4240 15-28.
2570 4203 2588 4237 ι
2631 4185 2696 4240 Ει
2738 4183 2944 4240 factum
2979 4190 3064 4239 est
3115 4191 3174 4236 ut
3226 4181 3452 4244 rediret,
3505 4191 3667 4235 acce-

2049 4290 2142 4351 pto
2176 4295 2365 4349 regno,
2401 4278 2660 4348 misitque.
2683 4291 2886 4332 vocare
2924 4290 3117 4331 servos
3158 4273 3279 4328 illos
3320 4273 3387 4327 ad
3424 4287 3503 4336 se,
3539 4271 3666 4342 qui-

2045 4375 2150 4427 bus
2193 4372 2422 4427 dederat
2463 4370 2778 4441 pecuniam,
2816 4379 2876 4424 ut
2921 4369 3090 4425 sciret
3123 4375 3388 4437 quantum
3431 4363 3669 4435 quisque

2049 4465 2364 4535 negodatus
2408 4473 2576 4518 esset.
2614 4461 2780 4517 Venit
2819 4471 3005 4514 autem
3043 4462 3254 4531 primus
3291 4458 3520 4511 dicens:
3561 4455 3669 4508 Do-

2047 4557 2215 4623 mine,
2249 4557 2397 4612 mina
2435 4566 2526 4608 tua
2560 4555 2751 4610 decem
2778 4555 2960 4609 minas
2991 4551 3308 4622 acquisivit.
3339 4549 3403 4602 Et
3429 4548 3506 4603 ait
3545 4546 3618 4600 illi
3648 4565 3663 4602 :

337 4645 495 4703 εἶπεν
526 4649 678 4722 αὐτῷ
698 4667 713 4680 ·
745 4649 841 4714 Εὖ,
861 4650 1020 4704 δοῦλε
1043 4653 1235 4720 ἀγαθὲ,
1268 4655 1350 4708 ὅτι
1372 4657 1428 4708 ἐν
1455 4655 1729 4727 ξλαχίστῳ
1750 4656 1941 4720 πιστὸς

2057 4650 2225 4721 Euge,
2261 4648 2430 4721 446
2477 4648 2620 4703 bone
2678 4661 2879 4703 serve:
2932 4645 3060 4714 quia
3116 4646 3170 4710 in
3232 4643 3460 4698 minimo
3515 4639 3668 4695 fuisti

337 4740 550 4810 ἐγένου,
585 4741 696 4796 ῐσθι
733 4740 986 4808 ἐξουσίαν
1018 4741 1159 4813 ἔχων
1182 4744 1372 4799 ἂπάνω
1399 4743 1534 4810 δέκα
1562 4747 1796 4802 πόλεων.
1829 4747 1942 4802 Καὶ

335 4828 548 4906 mem
577 4833 832 4906 δεύτερος
861 4834 1037 4904 λέγων
1059 4853 1072 4866 ο
1127 4836 1323 4909 Κύριε,
1356 4841 1388 4909 ἡ
1430 4842 1541 4911 μνᾶ.
1585 4859 1679 4894 σου
1716 4842 1944 4911 ἐποίησε

338 4927 504 4982 πέντε
560 4927 723 4997 μνᾶς.
787 4922 926 4982 Eine
975 4929 1057 4997 6s
1093 4930 1191 4984 καὶ
1241 4931 1454 5001 τούτῳ·
1509 4934 1620 4986 Καὶ
1671 4933 1734 4986 σὺ
1786 4934 1942 5002 γίνου

338 5020 530 5075 ιπάνω
560 5019 724 5074 πέντε
758 5021 992 5075 πόλεων.
1022 5023 1132 5076 Καὶ
1164 5023 1352 5096 ἔτερος
1393 5021 1526 5095 ἦλθε
1559 5027 1738 5094 λέγων
1771 5041 1784 5056 ·
1821 5025 1944 5081 Κύ-

339 5131 448 5187 ριε,
482 5113 592 5169 ἰδοὺ
623 5115 656 5182 ἠ
690 5101 799 5186 μνᾶ
846 5133 964 5180 σου,
999 5117 1066 5188 ἢν
1095 5113 1244 5189 εῐχον
1286 5119 1664 5190 ἀποκειμένην
1708 5120 1766 5172 ὲν
1817 5136 1945 5172 σου-

339 5206 534 5278 δαριῳο
570 5207 889 5280 ἐφοϐούμην
911 5210 1021 5282 γάρ
1039 5227 1122 5274 σε,
1141 5211 1225 5265 ὃτι
1249 5211 1347 5265 ἄνθ
1359 5227 1538 5278 ρωπος
1566 5212 1844 5283 αὐστηρὸς
1870 5207 1941 5276 εἷ,

339 5298 519 5369 αίρεις
569 5298 599 5353 δ
631 5300 732 5353 οὐκ
764 5300 993 5372 ἔθηκας,
1029 5303 1124 5357 καὶ
1176 5302 1417 5375 θερίζεις
1446 5303 1474 5356 ὃ
1518 5304 1620 5358 οὑκ
1653 5304 1940 5377 ἔσπειρας.

339 5392 506 5462 Λέγει
533 5390 593 5446 δὲ
621 5391 770 5464 αὑτῷ
795 5409 810 5427 ·
855 5395 953 5448 Ἐκ
980 5395 1076 5450 τοῦ
1112 5398 1383 5468 στόματός
1408 5415 1502 5452 σου
1536 5398 1709 5470 κρινῶ
1736 5416 1815 5463 σε,
1847 5417 1944 5452 πο-

339 5489 474 5557 νηρὲ
500 5486 675 5543 δοῦλε.
708 5489 919 5560 ’ῌδεις,
945 5489 1030 5543 ὅτι
1062 5488 1172 5560 ἐγὼ
1191 5489 1478 5562 ἄνθρωπος
1505 5491 1778 5562 αὐστηρός
1801 5493 1940 5562 είμι,

340 5581 516 5653 αίρων
539 5581 569 5636 δ
598 5582 702 5636 οὐκ
740 5582 934 5654 ἔθηκα,
973 5583 1071 5637 καὶ
1101 5583 1335 5655 θερίζων
1362 5584 1390 5638 δ
1423 5584 1524 5637 οὐκ
1559 5583 1814 5655 ἔσπειρα,
1845 5584 1940 5637 καὶ

339 5676 431 5732 διὰ
459 5676 515 5729 τί
553 5675 656 5729 οὒκ
685 5663 914 5740 ¹ἔδωκας
960 5677 1023 5730 τὸ
1061 5676 1328 5749 ἀργύριόν
1366 5695 1469 5748 μου
1504 5679 1597 5730 ἐπὶ
1631 5677 1938 5749 τράπεζαν,

342 5769 438 5826 καὶ
470 5767 584 5838 ἐγὼ
607 5766 800 5834 ἐλθὼν,
827 5770 926 5824 σὺν
951 5769 1096 5840 τόκῳ
1126 5769 1193 5825 ἂν
1227 5769 1442 5836 ἔπραξα
1479 5769 1643 5838 αὒτό;
1674 5770 1787 5826 Καὶ
1827 5771 1941 5833 τοῖς

416 5948 463 5983 θ’
495 5948 636 6005 Psal.
664 5965 723 6003 ιι.
763 5951 847 6001 18.

2054 4743 2254 4809 fidelis,
2291 4743 2491 4798 habeto
2516 4748 2843 4813 potestatem
2881 4753 3044 4809 super
3066 4738 3257 4793 decem
3289 4736 3564 4790 civitates.
3596 4731 3666 4788 Et

2051 4834 2193 4891 alter
2244 4834 2392 4890 venit
2445 4834 2672 4890 dicens:
2738 4831 2990 4892 Domine,
3054 4828 3204 4884 mina
3273 4833 3364 4880 tua
3423 4821 3666 4880 confecit

2053 4928 2297 4998 quinque
2333 4927 2531 4982 minas.
2568 4926 2636 4981 Et
2682 4925 2811 4979 huic
2857 4923 2974 4978 ait:
3017 4920 3084 4974 Et
3117 4931 3171 4974 tu
3204 4918 3500 4990 praefectus
3542 4928 3662 4970 esto

2052 5021 2294 5091 quinque
2323 5018 2658 5076 civitatibus.
2696 5015 2762 5070 Et
2787 5015 2928 5070 alius
2955 5014 3105 5069 venit
3133 5012 3364 5068 dicens:
3409 5007 3659 5072 Domine,

2050 5129 2182 5168 ecce
2220 5113 2364 5167 mina
2410 5121 2498 5165 tua
2535 5126 2700 5181 quam
2742 5109 2909 5163 habui
2952 5108 3252 5177 repositam
3305 5107 3360 5158 in
3398 5099 3659 5156 sudario:

2048 5206 2203 5260 timui
2262 5205 2407 5260 enim
2463 5213 2540 5269 te,
2591 5206 2736 5272 quod
2795 5205 2959 5257 homo
3018 5208 3278 5254 austeros
3339 5195 3461 5251 sis:
3513 5192 3663 5249 tollis

2049 5300 2197 5368 quod
2250 5314 2356 5353 non
2387 5297 2645 5368 posuisti,
2691 5303 2747 5350 et
2799 5294 2961 5349 metis
3001 5293 3145 5362 quod
3194 5306 3301 5345 non
3347 5286 3660 5344 seminasti.

2053 5391 2193 5446 Dicit
2249 5392 2346 5450 ei:
2409 5390 2481 5443 De
2528 5403 2627 5444 ore
2697 5395 2791 5442 tuo
2838 5392 2892 5442 te
2941 5384 3224 5453 iudicabo,
3276 5395 3436 5437 serve
3495 5378 3658 5431 male.

2051 5485 2280 5542 Sciebas
2306 5483 2454 5555 quod
2482 5499 2584 5554 ego
2624 5482 2789 5538 homo
2827 5490 3085 5536 austerus
3125 5479 3252 5546 sim,
3286 5476 3482 5533 tollens
3509 5472 3658 5544 quod

2053 5597 2160 5636 non
2229 5574 2408 5650 posui,
2463 5588 2516 5631 et
2581 5587 2793 5631 metens
2847 5576 2996 5648 quod
3057 5587 3167 5628 non
3225 5568 3493 5628 semiuavi
3537 5584 3550 5620 :
3601 5573 3659 5620 et

2052 5689 2223 5744 quare
2253 5689 2358 5726 nuu
2401 5672 2598 5727 dedisti
2635 5669 2924 5742 pecuniam
2964 5682 3139 5723 meam
3181 5665 3249 5721 ad
3292 5674 3562 5723 mensam,
3601 5666 3659 5713 et

2054 5784 2154 5839 ego
2187 5767 2411 5826 veniens
2443 5780 2566 5824 cum
2606 5765 2790 5821 usuris
2820 5763 3013 5834 utique
3042 5761 3348 5831 exegissem
3379 5750 3563 5813 illam?
3587 5749 3660 5808 Et
