4048 6506
448 415 581 483 UB3

1327 408 1907 471 THEOPHYLACTI
1956 407 2150 469 BULG
2165 405 2288 463 AR!
2305 401 2366 461 ,Ε
2415 404 2452 458 Α
2467 400 2641 460 RC1“
2659 400 2769 458 Ei’.

3572 390 3711 454 1021

444 545 496 586 et
548 527 798 583 ascendit
849 525 902 580 in
954 523 1302 594 capriﬁcum,
1343 540 1557 577 onmem
1599 521 1925 591 voluptatem
1973 535 2033 574 ac

2140 515 2390 586 αίσθησιν
2427 514 2644 582 ἔρχεται
2687 507 2968 574 πολλάκις,
3003 508 3095 561 καί
3127 506 3402 561 ἀναϐαίνει
3433 507 3525 559 ἐπὶ
3561 523 3718 559 συκο-

441 619 806 680 dulcedinem,
834 632 952 686 quae
979 630 1073 684 per
1115 615 1273 669 ﬁcum
1307 617 1637 676 insinuatur.
1671 616 1946 669 inl‘atuans
1974 625 2028 668 ct

445 713 797 767 mort-incana.
847 708 912 764 Et
957 709 1037 764 sic
1071 711 1340 763 excelsior
1387 725 1443 764 se
1491 708 1698 774 factus,
1750 709 2026 764 ascensio-

448 819 654 874 nesquo
677 804 728 858 in
752 804 912 856 corde
936 819 1032 857 suo
1061 818 1288 868 ponens,
1309 803 1520 856 videtur
1544 819 1571 855 a
1600 800 1750 866 Jesu,
1775 811 1830 856 et
1856 803 2022 857 videt.

446 898 693 963 Dicitque
729 894 794 954 ad
832 895 978 947 illum
1015 895 1312 950 Dominus:
1340 894 1577 959 Festina,
1608 895 1896 961 descende,
1925 897 2026 950 hoc

443 1001 544 1053 est,
577 989 879 1042 Ascendisti
914 1002 1007 1054 per
1035 988 1408 1054 pmuiteuliam
1440 988 1491 1041 in
1530 987 1903 1041 sublimiorem
1941 990 2024 1041 vi-

445 1089 574 1140 tam,
617 1078 884 1132 descende
914 1091 1007 1145 per
1039 1074 1578 1130 btnnilitatem.-Non
1629 1084 1680 1128 te
1720 1075 2028 1143 supplantet

441 1171 705 1234 superbus
739 1184 934 1222 sensus
980 1186 993 1222 :
1031 1169 1221 1221 festina
1246 1210 1260 1231 ,
1309 1167 1611 1221 humiliare.
1658 1165 1713 1220 Si
1749 1168 1892 1222 enim
1930 1167 2026 1219 Int—

443 1261 681 1315 miliatus
729 1260 929 1321 fueris.
965 1262 1017 1314 in
1060 1261 1222 1314 domo
1260 1271 1344 1312 tua
1393 1270 1606 1328 oportet
1649 1273 1733 1312 nte
1783 1271 2024 1310 manere.

443 1351 674 1404 Necesse
703 1351 870 1415 enim,
900 1352 1098 1420 inquit,
1140 1360 1195 1403 ut
1226 1366 1324 1420 ego
1362 1365 1609 1404 maneam
1645 1351 1700 1403 in
1729 1351 1886 1403 domo
1922 1351 2021 1401 int-

446 1445 632 1497 milis:
674 1463 692 1494 ‹
745 1444 825 1496 Ad
862 1459 1022 1512 quem
1082 1446 1224 1497 enim
1292 1443 1576 1512 respiciam
1641 1456 1800 1510 quam
1865 1456 2029 1504 super

447 1545 815 1596 mansuetum,
865 1545 916 1586 ct
953 1536 1236 1602 quietum,
1271 1544 1325 1588 et
1373 1544 1692 1588 trementem
1741 1548 2028 1588 sermones

444 1639 594 1677 meos
624 1626 709 1678 ὀἳ
739 1644 755 1675 ι
790 1625 1000 1679 Etenim
1035 1626 1124 1692 qui
1165 1625 1287 1680 talis
1313 1635 1414 1685 est.
1445 1625 1724 1678 dimidium
1764 1626 2024 1679 b0uortnn

445 1733 665 1769 Suorum
701 1718 789 1769 dat
835 1719 1160 1786 pauperibus
1206 1718 1560 1771 ilartnonibus.
1607 1716 1846 1783 Duplicia
1883 1717 2027 1769 enim

443 1816 572 1856 sunt
605 1806 738 1856 bona
772 1814 952 1857 nostra
975 1844 989 1866 ,
1018 1806 1262 1873 corporis
1294 1807 1414 1859 diro
1436 1847 1448 1867 .
1481 1820 1531 1860 et
1569 1809 1782 1860 animae.
1833 1804 2025 1860 Omnia

2135 609 2359 678 μορέαν,
2392 607 2573 658 πᾶσαν
2604 602 2802 673 ἡδονὴν
2832 601 2926 655 καὶ
2966 599 3311 669 γλυκύτητα,
3353 600 3474 668 ἥτις
3502 597 3590 650 διὰ
3619 599 3717 662 τῆς

2133 701 2301 767 συκῆς
2327 697 2606 770 δηλοῦται,
2649 695 2942 766 μωραίνων
2982 693 3077 746 καὶ
3110 691 3435 762 ἀπονεκρῶν
3459 730 3475 754 ,
3510 691 3604 743 καὶ
3630 690 3719 742 οὖν

2129 810 2234 854 τως
2265 790 2598 862 ὑψηλότερος
2631 786 2828 841 ἑαυτοῦ
2866 785 3180 855 γενόμενος,
3218 785 3312 838 καὶ
3344 783 3636 845 ἀναϐάσεις
3664 782 3720 833 ὲν

2128 890 2196 958 τῇ
2228 885 2425 955 καρδία
2462 883 2858 952 διατιθέμενος,
2884 882 3080 952 ὁρᾶται
3116 880 3222 934 ὑπὸ
3255 877 3351 932 τοῦ
3397 878 3600 948 Ἰησοῦ,
3630 879 3721 930 καὶ

2129 980 2254 1049 δρᾷ,
2286 977 2379 1030 καί
2416 993 2550 1045 φησι
2582 974 2718 1046 πρὸς
2755 973 2918 1026 αὑτὸν
2949 975 2976 1026 ό
3011 971 3240 1043 Κύριος,
3271 970 3522 1031 Σπεύσας
3555 969 3724 1020 κατέ-

2130 1071 2277 1140 ϐηθι,
2305 1069 2605 1131 τουτέστιν,
2651 1066 2878 1138 Ἀνέϐης
2903 1066 2990 1119 διὰ
3012 1066 3111 1136 τῆς
3139 1062 3432 1136 μετανοίας
3476 1062 3564 1130 ἐφ’
3589 1061 3722 1130 ὑψηο

2129 1159 2350 1230 λότερον
2385 1159 2517 1230 βίον,
2543 1155 2815 1225 κατάϐηθι
2853 1154 2940 1208 διὰ
2972 1154 3069 1223 τῆς
3098 1149 3623 1221 ταπεινοφροσύνης,
3653 1149 3724 1216 μή

2133 1273 2191 1309 σε
2223 1237 2558 1322 ὑποσκελίσῃ
2586 1253 2618 1321 ἡ
2651 1247 3098 1321 ὑψηλοφροσύνη.
3145 1244 3412 1304 Σπεῦσον,
3454 1239 3726 1296 ταπεινὼ-

2129 1353 2274 1422 (ιητι.
2322 1351 2448 1404 Ἐάν
2471 1350 2582 1420 γὰρ
2611 1345 2960 1416 ταπεινωθῇς
2983 1389 2996 1410 ,
3033 1344 3090 1395 δν
3124 1342 3202 1413 τῷ
3232 1341 3369 1411 οἴκῳ
3405 1356 3500 1393 σου
3535 1338 3618 1391 δεῖ
3661 1354 3727 1404 με

2133 1448 2314 1515 μεῖναι
2339 1458 2354 1472 ·
2388 1443 2686 1510 άναγκαῖον
2718 1439 2847 1510 γάρ,
2893 1437 3081 1507 φησὶν,
3116 1435 3234 1486 ἐστὶ
3287 1433 3347 1485 τδ
3393 1433 3452 1483 ὲν
3484 1429 3563 1498 τῷ
3593 1428 3730 1497 οἴκῳ

2129 1537 2224 1590 τοῦ
2263 1533 2525 1589 ταπεινοῦ
2562 1533 2746 1601 μένειν
2781 1547 2871 1600 με.
2904 1549 2922 1581 ι
2971 1529 3094 1582 Ἐπὶ
3125 1527 3248 1579 τίνα
3284 1526 3393 1594 γάρ
3422 1521 3728 1589 moueo.

2133 1629 2163 1700 ἢ
2192 1629 2282 1682 ἐπὶ
2307 1628 2400 1681 τὸν
2423 1627 2598 1696 πρᾷον
2618 1627 2710 1677 καὶ
2734 1623 2959 1694 ἡσύχιον
2987 1622 3080 1675 καὶ
3108 1619 3382 1688 τρέμοντα
3409 1616 3538 1676 τοὺς
3562 1615 3730 1684 ἐμοὺς

2129 1719 2352 1786 λόγους;
2388 1737 2404 1768 ι
2450 1717 2508 1770 '0
2543 1713 2785 1776 τοιοῦτος
2817 1712 2914 1766 καὶ
2940 1711 3009 1764 τὰ
3037 1709 3211 1780 ἡμίση
3239 1707 3350 1760 τῶν
3371 1704 3732 1776 ὑπαρχόντων

2131 1810 2317 1864 δίδωσι
2345 1812 2458 1872 τοῖς
2485 1809 2723 1877 πτωχοῖς
2753 1804 2997 1876 δαίμοσι.
3029 1801 3234 1855 Διττῶν
3266 1799 3376 1869 γάρ
3405 1799 3576 1851 δντων
3600 1799 3731 1865 ἡμῖν

444 1893 746 1960 corporalia
763 1895 1012 1947 concedit
1029 1893 1208 1959 justus
1228 1911 1352 1949 vere
1372 1897 1722 1964 pauperibus,
1770 1897 2028 1964 omnique

2140 1901 2240 1954 τῶν
2280 1902 2636 1972 ὑπαρχόντων
2664 1940 2678 1961 ,
2717 1895 3045 1968 σωματικῶν
3081 1911 3262 1964 φημι,
3293 1908 3386 1945 και
3440 1887 3725 1959 ψυχικῶν·

443 1984 583 2035 bono
609 1982 882 2036 destitutis
909 1985 1264 2039 daemonibus.
1298 1987 1506 2041 Animae
1539 2000 1718 2042 autem
1750 1989 1884 2039 bona
1919 2004 2023 2040 non

445 2075 740 2142 dispendii,
789 2075 836 2128 id
880 2076 1022 2142 quod
1067 2087 1121 2130 et
1165 2077 1232 2130 de
1266 2075 1369 2132 Job
1418 2078 1705 2132 Domimun
1760 2080 2022 2133 dicentem

443 2169 750 2222 audivimus
777 2186 789 2222 :
817 2169 1200 2224 Verumtamen
1231 2171 1466 2224 animam
1496 2172 1612 2240 ejus
1657 2187 1722 2225 ne
1758 2171 2020 2240 tetigeris.

445 2259 551 2313 Sed
582 2270 634 2312 ct
662 2261 706 2315 si
744 2276 903 2330 quem
938 2262 1291 2325 dcfraudavit,
1337 2264 1508 2316 reddit
1533 2263 1910 2333 quadruplum.
1941 2263 2025 2316 Iu-

444 2354 693 2406 sinuatur
727 2355 889 2421 igitur
927 2369 1020 2419 per
1058 2356 1160 2407 hoc
1194 2355 1336 2423 quod
1377 2355 1556 2410 omnis
1581 2357 1672 2424 qui
1725 2370 1819 2422 per
1851 2356 2028 2425 poeni-

443 2443 668 2493 tcutiam
707 2444 843 2495 viam
879 2444 1023 2497 vadit
1067 2444 1392 2496 contrariam
1435 2445 1602 2506 priori
1641 2445 1858 2499 malitia:
1883 2488 1896 2510 ,
1934 2461 2029 2514 per

445 2544 677 2600 quatuor
709 2537 934 2589 virtutes
961 2537 1137 2588 omnia
1165 2552 1284 2604 quae
1315 2537 1462 2605 prius
1497 2546 1716 2605 peccata
1751 2547 1906 2597 Sunt,
1941 2551 2027 2589 sa-

446 2637 586 2680 nat:
624 2637 676 2679 ct
722 2629 799 2681 sic
841 2629 1036 2696 accipit
1087 2632 1351 2693 salutem,
1410 2629 1665 2698 ﬁliusque
1714 2630 2028 2683 nominatur

445 2717 676 2772 Abraba:
697 2760 709 2781 ,
744 2734 808 2771 eo
838 2721 976 2788 quod
1006 2730 1056 2773 et
1093 2722 1202 2789 ipse
1246 2736 1498 2790 egressus
1525 2722 1597 2774 sit
1634 2721 1699 2774 de
1729 2731 1868 2776 terra
1905 2739 2026 2789 sua,

445 2818 502 2862 et
541 2811 859 2878 C(tgttaiioltc
908 2813 1104 2880 prioris
1140 2812 1391 2876 malitia»,
1441 2823 1494 2865 et
1535 2812 1603 2866 de
1652 2812 1815 2866 domo
1861 2815 2031 2882 patris

447 2901 562 2959 sui,
603 2900 704 2952 hoc
737 2912 848 2964 est,
885 2913 1035 2954 extra
1085 2901 1320 2970 seipsu-n
1360 2897 1537 2955 factus
1563 2941 1576 2962 ,
1613 2913 1665 2955 et
1700 2916 1902 2970 negans
1948 2917 2032 2954 se-

447 2995 644 3059 ipsum.
685 2992 882 3047 Domus
913 2997 1054 3048 enim
1090 2996 1258 3061 patris
1287 2999 1369 3049 sui
1399 2995 1597 3049 diaboli
1628 2995 1743 3062 ipsc
1763 3004 1896 3048 erat.
1926 2992 2031 3062 lgi-

449 3097 537 3140 tur
567 3098 718 3140 extra
745 3089 980 3156 seipsuiu
1014 3086 1188 3141 factus
1218 3097 1272 3142 et
1317 3087 1585 3142 alienatus
1628 3087 1857 3143 salutem
1889 3086 2030 3142 sicut

446 3180 719 3231 Abraham
755 3183 1126 3248 consequitur.

2133 1993 2242 2046 τῶν
2293 1993 2392 2064 μὲν
2436 1989 2771 2061 σωματικῶν
2826 1989 3044 2042 πάντων
3083 1985 3409 2056 παραχωρεῖ
3455 1983 3483 2034 ό
3521 1981 3732 2042 δίκαιος

2135 2088 2247 2147 τοῖς
2281 2087 2519 2154 πτωχοῖς
2557 2081 2636 2152 τῷ
2681 2083 2816 2144 ὄντι,
2860 2082 2953 2134 καὶ
3002 2078 3205 2140 παντὸς
3244 2073 3455 2144 ἀγαθοῦ
3501 2075 3733 2142 ἑστερη-

2140 2180 2320 2248 μένοι;
2355 2177 2606 2245 δαίμοσι·
2639 2174 2748 2226 τῶν
2787 2173 2842 2226 δὲ
2864 2171 3112 2242 ψυχικῶν
3145 2170 3245 2240 οὑχ
3285 2167 3679 2232 ὑπεξίσταται,
3706 2164 3733 2216 ὃ

2137 2271 2230 2325 καὶ
2265 2271 2354 2322 ἐπὶ
2379 2267 2473 2320 τοῦ
2517 2265 2636 2319 Ἰὼϐ
2664 2266 2908 2334 ἔγνωμεν
2934 2265 3026 2316 τὸν
3055 2262 3262 2330 Κύριον
3291 2259 3543 2328 λέγοντα,
3585 2255 3734 2327 Πλὴν

2137 2363 2235 2428 τῆς
2262 2357 2441 2428 ψυχῆς
2473 2353 2638 2409 αὑτοῦ
2677 2354 2750 2426 μὴ
2783 2354 2919 2425 ἅψῃ.
2951 2352 3120 2406 mm
3155 2351 3250 2405 xui.
3279 2350 3333 2403 εί
3356 2349 3500 2415 τινός
3526 2367 3578 2403 τι
3609 2352 3732 2402 ὲσυ-

2138 2453 2447 2520 κοφαντησε
2474 2490 2487 2513 ,
2523 2448 2866 2516 τετραπλοῦν
2908 2447 3282 2503 ἀποτίννυσιν.
3326 2443 3640 2496 Αίνίττεται
3675 2441 3732 2494 δὲ

2136 2546 2225 2599 διὰ
2255 2545 2472 2604 τούτου,
2507 2544 2588 2597 ὅτι
2619 2544 2726 2606 πᾶς
2755 2544 2782 2594 ό
2808 2541 2895 2595 διὰ
2933 2539 3223 2611 μετανοίας
3251 2539 3348 2608 τὴν
3383 2537 3636 2592 ἐναντίαν
3666 2537 3732 2604 τῇ

2138 2636 2382 2706 προτέρα
2417 2634 2586 2704 κακίᾳ
2622 2633 2740 2686 ὁδὸν
2786 2631 3117 2701 ἐρχόμενος,
3169 2629 3257 2683 διά
3290 2629 3404 2682 τῶν
3448 2627 3734 2697 τεσσάρων

2137 2728 2350 2798 ἀρετῶν
2371 2728 2547 2780 πάντα
2567 2727 2636 2778 τὰ
2660 2727 2927 2796 πρότερον
2953 2723 3344 2794 ἁμαρτηθέντα
3372 2723 3610 2788 team,
3643 2719 3736 2772 καὶ

2139 2821 2631 2891 οὕτως’)αμϐἀνει
2663 2820 2761 2890 τὴν
2809 2821 3124 2891 σωτηρίαν,
3175 2817 3270 2871 καὶ
3332 2816 3588 2887 Ἀϐραὰμ
3623 2814 3735 2876 υίὸς

2140 2911 2490 2980 ὀνομάζεται,
2523 2911 2597 2972 ὡς
2628 2910 2721 2963 καὶ
2753 2908 2916 2972 αύτίος
2940 2907 3171 2973 ἐξελθὼν
3199 2909 3262 2960 ὲκ
3286 2907 3386 2975 τῆς
3404 2906 3511 2974 γῆς
3543 2904 3734 2964 αὑτοῦ,

2140 3006 2233 3056 καί
2267 3007 2328 3056 ὲκ
2358 3004 2456 3071 τῆς
2489 3002 2811 3070 συγγενείας
2833 3001 2934 3068 τῆς
2956 3001 3228 3071 προτέρας
3257 2999 3480 3061 κακίας,
3513 3002 3610 3050 καὶ
3636 2997 3740 3062 ἔξω

2143 3097 2232 3150 τοῦ
2265 3098 2415 3149 οίκου
2450 3096 2543 3147 τοῦ
2578 3095 2785 3163 πατρὸς
2813 3092 2979 3147 αὑτοῦ
3002 3132 3017 3156 ,
3053 3092 3358 3152 τουτέστιν,
3394 3089 3500 3154 ἔξω
3539 3087 3736 3142 ἑαυτοῦ

2141 3188 2408 3256 γεγονὼς,
2438 3189 2534 3241 καὶ
2567 3187 3031 3256 ἀπαρνησάμενος
3062 3184 3273 3238 ἑαυτόν.
3313 3179 3475 3245 Οἶκος
3506 3181 3619 3251 γὰρ
3643 3178 3735 3233 τοῦ

449 3274 652 3342 πατρὸς
693 3275 859 3327 αὐτοῦ
904 3275 998 3328 τοῦ
1045 3275 1292 3330 διαϐόλου
1338 3276 1500 3340 αὐτὸς
1543 3271 1631 3348 ἦν.
1671 3276 1817 3342 Ἕξω
1857 3281 2039 3334 τοίνυν
2076 3280 2274 3336 ἑαυτοῦ
2308 3282 2572 3351 γεγονὼς,
2604 3280 2700 3336 καὶ
2731 3279 3070 3342 ἁλλοιωθεὶς,
3133 3274 3411 3348 σωτηρίας
3477 3274 3739 3345 τυγχάνει

449 3369 589 3422 κατὰ
618 3367 709 3420 τὸν
754 3368 1024 3441 Ἀϐραάμ.

520 3459 688 3515 Vens.
730 3461 910 3515 H-H.
954 3482 972 3514 ι
1028 3461 1162 3529 lloc,
1203 3464 1309 3520 illis
1343 3467 1725 3529 audientibus,
1769 3467 2031 3536 adjiciens
2067 3471 2112 3535 C

451 3555 580 3608 dicit
621 3556 968 3624 parabolam,
1015 3572 1080 3610 eo
1114 3559 1256 3626 quod
1308 3569 1453 3614 esset
1506 3575 1673 3629 prope
1723 3559 2036 3633 Hierosoly-

452 3661 594 3698 mam
618 3687 631 3709 ,
667 3649 915 3716 quodque
954 3649 1329 3703 existimarent
1364 3651 1478 3706 fore
1519 3663 1575 3705 ut
1624 3654 1910 3708 confestim
1948 3671 2034 3710 re-

450 3755 616 3808 gnum
642 3739 733 3792 Dei
767 3741 1228 3798 tnauil‘eSIaretur.
1252 3743 1396 3797 Dixit
1419 3761 1548 3815 ergo
1576 3763 1590 3799 :
1620 3746 1790 3800 llomo
1815 3748 2031 3815 quidam

453 3846 747 3899 generosus
770 3833 1046 3899 profectus
1061 3845 1157 3894 δεδι
1186 3835 1237 3890 iu
1263 3837 1542 3906 regionem
1577 3837 1952 3908 longinquam,
1978 3851 2036 3894 ut

451 3923 720 3992 acciperet
746 3925 845 3978 sibi
885 3941 1130 3995 regnum,
1164 3943 1225 3980 ac
1258 3937 1643 3985 reverteretur.
1683 3929 1901 3988 Vocatis
1936 3947 2034 3984 au-

453 4027 558 4068 tem
591 4017 776 4070 decem
808 4020 977 4071 servis
1008 4021 1140 4084 suis,
1169 4021 1312 4074 dedit
1336 4022 1414 4075 eis
1437 4023 1621 4078 decem
1649 4025 1844 4087 ruinas,
1880 4033 1934 4079 et
1962 4025 2038 4078 ait

453 4108 517 4158 ad
559 4107 719 4160 illos:
752 4105 1108 4178 Negotictniui
1159 4111 1331 4165 donec
1378 4113 1610 4166 veniam.
1659 4113 1817 4167 Cives
1853 4121 2031 4167 autem

454 4199 569 4263 ejus
604 4205 827 4252 odeiant
878 4217 1034 4266 eum,
1095 4204 1464 4273 miseruntque
1531 4205 1857 4274 legationem
1915 4217 2035 4273 post

457 4291 639 4354 illum,
692 4293 936 4346 dii-entes
986 4310 1000 4347 :
1053 4292 1315 4349 Nolumus
1381 4297 1526 4348 hunc
1586 4315 1814 4366 regnare
1870 4315 2034 4368 super

456 4398 577 4438 nos.
628 4403 645 4435 ι
703 4383 926 4439 Videtur
979 4389 1107 4441 mihi
1150 4391 1293 4458 quod
1336 4391 1583 4446 homines
1631 4392 1704 4445 illi
1749 4391 2033 4446 audientes

458 4493 680 4544 regnum
727 4479 839 4543 Dei,
879 4481 1004 4532 illud
1047 4482 1465 4550 suspicabantur
1507 4485 1805 4553 temporale
1843 4499 1966 4540 esse
2001 4500 2032 4538 a

458 4568 563 4618 Deo
599 4570 780 4621 datum
833 4571 883 4622 in
948 4571 1248 4626 libertatein
1306 4574 1558 4627 ilebraici
1611 4579 1825 4644 generis
1883 4595 1894 4629 ε
1954 4579 2035 4630 id-

455 4658 602 4710 eirco
655 4669 707 4710 ct
764 4661 1185 4725 suspicabantur
1240 4666 1381 4731 quod
1436 4665 1592 4720 Jesus
1629 4669 1931 4722 ascendens
1984 4670 2034 4721 iu

453 4748 775 4814 Jerusalem,
829 4751 990 4823 445
1041 4765 1355 4824 sumpturus
1403 4769 1551 4814 esset
1607 4758 1708 4813 hoc
1784 4775 2032 4831 regnum.

2232 3484 2249 3516 ι
2295 3463 2636 3516 ’Λκουόντων
2662 3463 2718 3516 δὲ
2750 3461 2931 3516 αὐτῶν
2963 3457 3157 3524 ταῦτα,
3195 3457 3457 3529 προσθεὶς
3490 3451 3612 3510 εἷπε
3644 3467 3741 3508 πα·

2148 3559 2405 3631 ραϐολὴν,
2442 3557 2530 3610 διὰ
2561 3556 2621 3609 τὸ
2653 3557 2820 3622 ὲγγὺς
2851 3553 3014 3608 αὑτὸν
3045 3549 3187 3605 εἶναι
3229 3550 3612 3620 Ἰερουσαλὴμ,
3646 3549 3741 3602 καὶ

2143 3652 2323 3704 δοκεῖν
2351 3650 2572 3712 αὐτοὺς,
2605 3648 2686 3700 ὃτι
2718 3645 3067 3717 παραχρῆμα
3098 3645 3282 3714 μέλλει
3310 3645 3340 3713 ἡ
3369 3641 3623 3713 βασιλεία
3647 3640 3739 3694 τοῦ

2142 3743 2278 3798 Θεοῦ
2295 3741 2711 3811 ἀναφαίνεσθαι.
2735 3736 2900 3793 Εἶπεν
2926 3739 3038 3794 οὖν·
3061 3738 3384 3808 Ἄνθρωπός
3405 3754 3490 3799 τις
3511 3734 3742 3806 εὐγενὴς

2143 3837 2417 3907 ἐπορεύθη
2443 3839 2519 3897 είς
2551 3838 2735 3905 χώραν
2761 3833 3002 3902 μακρὰν,
3028 3832 3213 3884 λαϐεῖν
3232 3830 3414 3900 ἑαυτῷ
3436 3828 3741 3900 βασιλείαν,

2144 3930 2240 3983 καὶ
2291 3927 2632 3996 ὑποστρέψαι
2658 3967 2671 3988 ,
2709 3926 2946 3986 καλέσας
2982 3925 3038 3976 δὲ
3077 3924 3210 3976 δέκα
3239 3921 3461 3983 δούλους
3495 3921 3698 3973 ἑαυτοῦ
3726 3961 3740 3983 ,

2145 4022 2346 4074 ἔδωκεν
2392 4020 2576 4082 αὐτοῖς
2618 4018 2750 4071 δέκα
2784 4017 2922 4086 μνᾶς
2946 4058 2960 4080 ,
2995 4016 3090 4068 καὶ
3125 4009 3278 4068 εἶπεν
3332 4015 3470 4085 πρὸς
3502 4015 3703 4076 αὑτοὺς
3726 4055 3741 4078 ,

2151 4107 2685 4180 Πραγματεύσασθε,
2718 4109 2822 4169 ἕως
2853 4107 3106 4177 ἔρχομαι.
3135 4107 3196 4159 Oi
3225 4105 3283 4158 δὲ
3315 4106 3545 4158 πολῖται
3575 4103 3741 4157 αὑτοῦ

2144 4201 2369 4271 ἑμίσουν
2388 4202 2573 4264 αὑτὸν,
2596 4199 2691 4252 καὶ
2712 4199 3041 4253 ἀπέστειλαν
3059 4197 3358 4268 πρεσϐείαν
3377 4197 3557 4252 ὀπίσω
3577 4197 3742 4251 αὑτοῦ

2143 4295 2418 4362 λέγοντες,
2453 4295 2528 4346 Ού
2562 4294 2790 4361 θέλομεν
2827 4290 3017 4345 τοῦτον
3049 4291 3364 4360 βασιλεῦσαι
3395 4293 3479 4359 ἐφ’
3510 4292 3684 4362 ἡμᾶς.
3723 4311 3737 4342 ι

2144 4392 2302 4442 Δοκεῖ
2349 4405 2458 4456 μοι,
2502 4389 2583 4438 ὅτι
2625 4387 2674 4437 oi.
2717 4385 2999 4455 ἄνθρωποι
3039 4378 3188 4438 οὗτοι
3242 4383 3539 4446 ἀκούοντες
3587 4383 3741 4454 βασι-

2144 4484 2294 4535 λείαν
2345 4479 2499 4543 Θεοῦ,
2561 4478 2826 4548 αἰσθητὴν
2877 4476 3083 4546 ταύτην
3139 4475 3527 4545 ὑπελάμϐανον
3593 4475 3744 4546 παρὰ

2149 4575 2288 4628 Θεοῦ
2326 4571 2710 4641 εὑδοκηθεῖσαν
2741 4571 2834 4625 ἐπὶ
2858 4570 3146 4643 ἐλευθερίᾳ
3201 4570 3296 4624 τοῦ
3338 4570 3633 4640 Ἐϐραῖκοῦ
3655 4571 3744 4639 γέ-

2145 4667 2387 4731 νου;,διὺ
2415 4665 2510 4719 καὶ
2540 4664 2826 4728 ὑπενόουν,
2848 4665 2929 4716 ὅτι
2959 4665 2987 4716 ό
3024 4661 3236 4732 Ἰησοῦς
3262 4661 3636 4732 ἀνερχόμενος
3666 4663 3742 4722 είς

2156 4760 2535 4832 Ἰερουσαλὴμ,
2573 4757 2805 4826 λήψεται
2851 4755 3060 4825 ταύτην
3091 4756 3190 4824 τὴν
3227 4753 3528 4824 βασιλείαν.
3575 4753 3635 4807 Ὀ
3682 4753 3735 4808 δὲ

459 4841 716 4894 Dominus
743 4853 922 4896 autem
967 4857 1233 4900 monstrat
1262 4851 1342 4904 eis
1373 4851 1514 4918 quod
1552 4853 1856 4922 insipientia
1891 4873 2033 4923 quae-

2147 4857 2352 4927 Κύριος
2399 4851 2664 4905 δεικνύων
2736 4850 2942 4913 αὑτοῖς,
3005 4848 3087 4901 ὅτι
3155 4848 3361 4918 άνόητά
3418 4864 3543 4900 τινα
3592 4845 3741 4915 λογί-

457 4932 487 4978 d
535 4951 581 4981 Ill
628 4933 834 4992 dicunt,
865 4951 968 4986 non
1005 4936 1147 4989 enim
1179 4939 1475 5007 temporale
1511 4956 1733 5012 regnum
1767 4943 1914 5012 ejus;
1961 4945 2044 4996 itt-

463 5038 602 5074 Ierea
653 5033 708 5076 et
751 5025 851 5079 boc
896 5026 1156 5094 declarat,
1203 5031 1347 5100 quod
1386 5040 1442 5086 ut
1489 5032 1629 5088 Deus
1687 5036 2047 5103 cogitationes

460 5132 645 5166 eorum
700 5119 877 5172 sciat:
938 5123 1079 5178 unde
1131 5133 1185 5177 et
1247 5127 1384 5179 hanc
1431 5128 1744 5196 parabolam
1787 5129 1944 5197 dicit,
1995 5137 2050 5183 et

462 5210 737 5263 hominem
771 5228 1092 5276 generosum
1125 5231 1184 5270 se
1213 5217 1523 5276 introducit.
1556 5220 1690 5275 Nam
1723 5221 1850 5276 licet
1885 5223 2048 5276 homo

466 5301 650 5366 fuerit,
699 5307 889 5358 mansit
925 5317 1104 5363 tamen
1160 5309 1211 5362 in
1254 5309 1467 5381 instigio
1515 5324 1570 5368 et
1615 5315 1898 5369 nobilitate
1934 5315 2050 5369 dei.

470 5396 615 5447 tatis.
674 5393 922 5452 Perfecto
962 5412 1140 5453 autem
1197 5409 1456 5472 mysterio
1509 5405 1932 5474 dispensationis
1997 5409 2048 5462 in

464 5501 651 5551 Carne,
679 5489 731 5541 in
771 5491 1039 5555 regionem
1095 5493 1467 5565 longinquam,
1510 5499 1704 5553 cwlum
1735 5502 1879 5565 dico,
1924 5518 2046 5569 pru-

463 5573 536 5630 fet
558 5588 644 5632 tus
685 5589 788 5643 est,
839 5591 895 5632 ut
940 5586 1207 5654 acciperet
1255 5589 1356 5642 sibi
1397 5605 1640 5659 regnum,
1675 5592 1778 5646 hoc
1825 5603 1929 5657 est,
1993 5603 2050 5646 t;t

464 5669 618 5738 quasi
666 5680 720 5724 et
771 5676 1068 5730 secundum
1102 5681 1242 5748 quod
1285 5681 1448 5737 homo
1498 5684 1712 5740 sederet
1758 5684 1808 5741 in
1859 5690 2047 5742 dextra

537 5853 573 5885 ’ί
621 5851 698 5907 is;
757 5871 895 5924 ιλιι,
939 5857 992 5912 ‘2.

2148 4949 2358 5010 ζονται,
2391 4945 2452 4998 οὑ
2499 4943 2610 5014 γάρ
2659 4941 2895 5012 αἰσθητὴ
2931 4944 2963 5010 ἡ
3006 4939 3255 5010 βασιλεία
3295 4940 3464 4994 αὑτοῦ
3490 4954 3504 4968 ⁸
3540 4939 3661 5010 ἅμα
3692 4939 3742 4992 δὲ

2148 5037 2244 5090 καὶ
2287 5037 2592 5106 ἐμφαίνων,
2637 5035 2719 5088 ὅτι
2747 5034 2884 5096 Θεὸς
2929 5032 3004 5086 ῶν
3046 5027 3157 5086 οἶδε
3191 5033 3314 5096 τοὺς
3354 5032 3740 5102 διαλογισμοὺς

2149 5131 2352 5193 αὑτῶν,
2383 5129 2532 5197 λέγει
2563 5128 2772 5198 ταύτην
2803 5127 2905 5196 τὴν
2941 5125 3286 5198 παραϐολὴν,
3321 5125 3619 5192 ἄνθρωπον
3645 5124 3742 5195 μὲν

2152 5223 2348 5291 εὐγενῆ
2406 5221 2765 5291 παρεισάγων
2823 5219 3042 5272 ἔαυτόν.
3104 5218 3226 5272 Κᾶν
3288 5216 3399 5288 γὰρ
3457 5218 3743 5288 άνθρωπος

2149 5313 2391 5381 γέγονεν,
2425 5313 2562 5365 ἀλλὰ
2602 5312 2914 5383 μεμένηκεν
2942 5313 3000 5364 ὲν
3045 5312 3124 5383 τῷ
3173 5310 3320 5381 ὑψει,
3350 5310 3448 5364 καὶ
3482 5313 3550 5380 τῇ
3589 5310 3742 5377 εὑγε-

2151 5406 2270 5477 νείᾳ
2325 5407 2425 5475 τῆς
2498 5404 2774 5474 θεότητος,
2837 5405 3195 5474 συμπεράνας
3244 5403 3301 5456 δὲ
3345 5402 3408 5456 τὸ
3455 5401 3560 5471 τῆς
3609 5401 3742 5471 μετα

2154 5500 2360 5570 σαρκὸς
2416 5498 2731 5567 οἰκονομίας
2791 5498 3114 5568 μυστήριον,
3155 5498 3234 5559 είς
3278 5495 3466 5566 χώραν
3509 5495 3740 5565 μακρὰν,

2149 5590 2241 5644 τὸν
2268 5590 2520 5661 οὐρανὸν,
2559 5592 2729 5660 φημὶ,
2781 5588 3250 5661 άναπεφοίτηκεν,
3277 5588 3353 5649 ῶς
3379 5590 3446 5643 ἂν
3470 5589 3616 5662 λάϐῃ
3646 5587 3743 5659 βα-

2153 5686 2363 5740 σιλείαν
2395 5684 2598 5756 ἐαυτῷ,
2623 5685 2927 5753 τουτέστιν,
2959 5685 3035 5750 ὡς
3065 5686 3131 5740 ἂν
3159 5689 3253 5740 καὶ
3285 5684 3422 5737 καθὸ
3452 5683 3742 5754 ἄνθρωπος
