4048 6478
363 450 499 519 Ῑίῖοέ]

1067 449 1515 511 ENARRATlO
1554 451 1635 512 IN
1674 450 1953 513 EVANG]

2062 451 2189 512 .UM
2235 450 2475 514 LUCJE.
2514 473 2586 487 -·
2626 448 2788 513 CAP.
2826 447 2991 511 XIX.

3444 392 3452 400 ’
3545 442 3687 509 1025

356 563 668 623 καθίσειεν
723 560 876 634 δεξιᾷ
918 558 1012 614 τοῦ
1052 560 1245 632 θρόνου
1295 561 1395 631 τῆς
1438 560 1842 634 μεγαλωσύνης
1899 563 1953 616 ἐν

2068 563 2254 618 throni
2282 561 2713 634 magniﬁcentia:
2743 564 2794 615 in
2833 557 3072 615 excelsis
3092 573 3215 614 cum
3243 570 3434 612 carne.
3471 556 3687 611 Etenim

355 657 590 729 ὑψηλοῖς
636 659 772 727 μετὰ
807 656 1032 726 σαρκός.
1083 654 1170 716 Ὡς
1201 654 1301 724 μὲν
1351 652 1462 724 γὰρ
1506 653 1662 718 Θεὸς,
1700 655 1788 708 ἀεὶ
1832 671 1960 706 συν.

354 750 622 825 ιῖριάζων
647 745 716 821 ἦν
749 747 828 820 τῷ
857 749 1055 818 Πατρὶ,
1081 748 1156 811 ὡς
1186 748 1242 802 δὲ
1282 746 1570 819 ἄνθρωπος
1599 747 1720 800 τότε
1769 747 1957 801 ἐκάθι-

359 861 469 908 σεν,
508 843 636 896 ὅταν
687 839 966 912 ἀνελήφθη
1014 839 1350 912 περιςιένων,
1385 842 1493 905 ἕως
1525 834 1586 895 οῦ
1623 840 1860 895 τεθῶσιν
1908 840 1958 893 οί

352 935 540 1007 ἐχθροὶ
581 935 686 987 ὑπὸ
715 935 841 997 τοὺς
881 933 1048 998 πόδας
1087 932 1277 987 αὑτοῦ.
1325 933 1499 987 Τοῦτο
1529 933 1584 988 δὲ
1616 934 1771 988 ἔσται
1803 937 1861 987 ὲν
1892 939 1957 1007 τῇ

354 1028 662 1100 συντελείᾳ,
699 1028 787 1080 ὅτε
817 1026 887 1079 τὰ
930 1026 1110 1080 πάντα
1147 1025 1242 1078 καὶ
1296 1025 1501 1079 ἄκοντα
1537 1026 1957 1097 ὑποταγήσεται

349 1123 504 1193 αἱτῷ
553 1120 950 1183 πιστεύσαντα,
981 1120 1062 1172 δτι
1095 1119 1300 1191 Κύριος
1360 1119 1572 1188 Ἰησοῦς
1605 1119 1846 1190 Χριστδς
1877 1122 1959 1184 είς

349 1215 508 1279 δόξαν
539 1213 677 1266 Θεοῦ
735 1213 972 1283 Πατρός.
1016 1209 1238 1264 Πολίται
1269 1211 1323 1263 δὲ
1357 1211 1524 1265 αὑτοῦ
1559 1214 1699 1266 είσιν
1739 1215 1787 1266 οἱ
1819 1215 1957 1267 ‘lou—

349 1308 488 1362 δαϊιι
542 1306 833 1377 μισοῦντες
879 1305 1070 1362 αὐτόν.
1115 1305 1430 1374 Ἐωράκασι
1462 1304 1592 1375 γὰρ,
1629 1308 1818 1376 φησιν,
1861 1308 1958 1361 καὶ

351 1402 699 1471 μεμισήκασι
740 1398 836 1452 καὶ
865 1399 986 1467 ἐμὲ,
1039 1397 1135 1450 καὶ
1179 1398 1271 1450 τὸν
1317 1397 1536 1469 Πατέρα
1598 1417 1722 1469 μου,
1755 1401 1805 1454 οἳ
1858 1403 1958 1455 οὐκ

349 1493 626 1563 ὴθέλησαν
657 1491 820 1545 αὐτὸν
855 1490 944 1543 ἐπ’
977 1489 1178 1552 αὐτοῦς
1204 1488 1554 1557 βασιλεῦσαι.
1594 1493 1686 1544 Διὸ
1717 1495 1812 1547 καὶ
1843 1494 1957 1546 ἐλε-

359 1605 456 1657 γον
488 1586 626 1656 πρὸς
657 1585 896 1639 Πιλάτον
932 1581 1264 1653 ἀρνούμενοι
1296 1581 1394 1652 τὴν
1422 1583 1706 1653 βασιλείαν
1739 1585 1909 1638 αὑτοῦ
1940 1601 1953 1614 ’

354 1701 371 1733 ι
391 1681 505 1733 Οὐκ
536 1679 733 1749 ἔχομεν
751 1677 977 1747 βασιλέα
997 1694 1044 1726 -ι
1066 1676 1160 1728 καὶ
1184 1676 1344 1729 πάλιν
1360 1690 1372 1704 ο
1400 1696 1416 1726 ι
1439 1677 1529 1749 Μὴ
1553 1678 1755 1748 γράφε,
1773 1679 1835 1730 '0
1858 1678 1956 1747 βα.

350 1773 531 1837 σιλεὺς
557 1774 667 1826 τῶν
686 1771 977 1826 Ἰουδαίων.
1010 1792 1029 1821 ι
1057 1769 1249 1823 Καίτοι
1275 1771 1555 1842 Ζαχαρίας
1589 1772 1708 1842 βοᾷ·
1730 1793 1746 1824 ι
1781 1773 1954 1843 Χαῖρε

351 1867 581 1936 σςὸδρα,
602 1865 843 1936 θύγατερ
876 1862 1038 1926 Σιὼν,
1078 1863 1160 1916 ὅτι
1189 1863 1455 1926 Βασιλεύς
1488 1882 1581 1917 σου
1623 1865 1844 1935 ἔρχεταί
1874 1882 1955 1919 σοι

346 1961 575 2026 δίκαιος,
596 1960 690 2014 καὶ
722 1958 966 2022 σώζωνοι
1005 1955 1100 2012 καὶ
1129 1959 1413 2022 Ἠσαῖαςοι
1439 1953 1568 2014 Ἰδοὺ
1601 1960 1663 2029 δὴ
1697 1960 1955 2028 βασ.λεὺς

346 2053 553 2116 δίκαιος
585 2052 953 2122 βασιλεύσει·ι
983 2051 1076 2102 καὶ
1110 2051 1325 2109 Δαυίδῃ
1351 2051 1492 2119 Ἐγὼ
1518 2051 1572 2106 δὲ
1608 2053 1952 2123 κατεστάθην

349 2144 606 2216 βασιλεὺς
635 2146 726 2198 ὑπ’
769 2142 960 2198 αὐτοῦ.
993 2162 1012 2194 ι
1047 2144 1109 2196 Oi
1145 2150 1245 2214 μὲν
1277 2139 1371 2197 οῦν
1395 2145 1642 2198 Ἰουδαῖοι
1677 2147 1952 2216 ἐμίσησαν

347 2241 438 2294 τὸν
471 2237 704 2309 Κύριον,
748 2240 774 2292 ὁ
804 2238 860 2292 δὲ
901 2239 1011 2301 τοῖς
1047 2238 1259 2301 δούλοις
1302 2239 1477 2292 αὑτοῦ
1509 2239 1640 2293 δέκα
1688 2243 1830 2309 μνᾶς
1862 2241 1951 2293 δέ-

347 2331 509 2385 δωκε.
539 2331 728 2384 Δοῦλοι
755 2330 811 2383 δὲ
844 2328 1013 2382 αὐτοῦ
1049 2330 1098 2383 οἱ
1132 2333 1190 2384 ὲν
1220 2333 1286 2401 τῇ
1331 2331 1638 2404 Ἐκκλησία
1668 2334 1952 2398 διακονίας

349 2424 807 2494 πεπιστευμένοι,
839 2422 973 2476 δέκα
1003 2423 1292 2494 λεγόμενοι
1337 2418 1502 2490 εἶναι,
1536 2425 1626 2477 διὰ
1656 2426 1716 2478 τὸ
1742 2427 1953 2479 τέλειον

349 2515 449 2585 τῆς
485 2515 951 2586 ἐκκλησιαστικῆς
984 2515 1350 2586 προστασίας.
1396 2515 1460 2569 Ἥ
1502 2516 1612 2587 γὰρ
1647 2520 1703 2569 ἐν
1734 2521 1800 2587 τῇ
1834 2517 1954 2572 Ἐκ·

347 2601 549 2674 κλησία
599 2602 752 2667 τάξις
807 2600 1020 2657 τελείαν
1078 2603 1191 2674 ἔχει
1243 2603 1343 2674 τὴν
1411 2604 1522 2658 τῶν
1591 2607 1954 2676 προεστώτων

346 2693 734 2763 διακόσμησιν,
763 2695 858 2748 καὶ
875 2693 1001 2748 οὔτε
1033 2694 1290 2758 πλείονας
1324 2697 1433 2750 ἔδει
1457 2694 1618 2765 εἶναι,
1641 2699 1764 2753 οὗτε
1794 2701 1955 2755 ἐλάτ-

344 2803 528 2850 τονας.
569 2780 720 2854 Οἷον,
745 2787 908 2857 λόγου
942 2789 1127 2858 χάριν,
1175 2789 1303 2860 τρία
1339 2789 1513 2844 ταῦτα
1545 2792 1764 2864 ὁρῶμεν
1798 2796 1855 2847 ἐν
1885 2797 1951 2866 τῇ

353 2881 681 2953 Ἐκκλησία,
709 2881 1004 2952 κάθαρσιν.
1038 2884 1344 2954 φωτισμὸν,
1376 2887 1473 2939 καὶ
1493 2886 1796 2941 τελείωσιν’
1826 2889 1954 2961 τρία

349 2973 448 3027 καὶ
473 2973 543 3026 τὰ
564 2974 767 3037 ταύτας
795 2976 896 3038 τὰς
923 2976 1207 3046 ἐνεργείας
1233 2977 1645 3049 κληρωσάμενα
1666 2981 1947 3050 τάγματα·

345 3066 397 3120 οἱ
438 3066 680 3120 διάκονοι
729 3067 1056 3138 καθαίρουσι
1130 3069 1220 3124 διὰ
1267 3071 1628 3142 κατηχήσεως
1679 3076 1772 3126 καὶ
1805 3074 1953 3128 διδα-

350 3159 604 3227 σκαλίας,
655 3161 704 3214 οί
739 3160 1107 3234 πρεσϐύτεροι
1157 3164 1457 3232 φωτίζουσι
1501 3166 1591 3219 διὰ
1623 3167 1718 3220 τοῦ
1753 3167 1953 3238 βαπτί-

351 3270 580 3354 σματος,
630 3254 682 3308 οί
726 3255 1009 3354 ἀρχιερεῖς
1061 3255 1156 3310 καὶ
1207 3258 1490 3328 ἱερατικὰς
1540 3259 1728 3326 τάξεις
1796 3263 1954 3317 καθι-
1985 3295 2027 3354 C

349 3346 521 3402 στῶσι
558 3351 653 3402 καὶ
699 3348 1024 3414 τελειοῦσιν,
1060 3351 1088 3403 ὅ
1141 3352 1278 3414 ἐστι,
1319 3354 1743 3426 χειροτονοῦσιν.
1791 3357 1956 3429 Ὁρᾷς

347 3442 420 3496 τά
457 3441 720 3513 τάγματα
758 3443 897 3515 πρὸς
949 3445 1050 3508 τὰς
1092 3444 1396 3516 ἐνεργείας,
1444 3448 1539 3499 καὶ
1585 3449 1712 3502 οὔτε
1759 3449 1953 3515 πλείω,

348 3532 478 3588 οὔτε
523 3535 756 3602 ἐλάττω,
816 3538 888 3589 τὰ
937 3535 1048 3590 τῶν
1103 3537 1469 3609 προεστώτων
1495 3542 1677 3611 φημί;
1727 3542 1957 3606 Τούτοις

349 3617 446 3677 οὖν
478 3625 593 3688 τοῖς
624 3622 836 3688 δούλοις
879 3623 1127 3697 διανέμει
1154 3627 1288 3682 δέκα
1329 3631 1491 3699 μνᾶς,
1538 3631 1608 3684 τὰ
1637 3633 1956 3704 χαρίσματά

349 3730 514 3785 φημι,
552 3713 589 3767 ἃ
617 3715 838 3785 ἑκάστῳ
869 3715 1076 3770 δίδοται
1106 3717 1243 3791 πρὸς
1271 3719 1333 3771 τὸ
1367 3719 1671 3792 συμφέρον.
1705 3723 1819 3786 Πᾶς
1845 3723 1953 3796 γὰρ

347 3809 378 3860 ό
407 3807 746 3876 προστασίαν
780 3810 1171 3882 ἐγχειρισθεὶς,
1216 3812 1320 3867 κᾶν
1352 3811 1570 3879 ἀνάξιος
1603 3810 1662 3890 ᾖ,
1701 3818 1953 3888 χάρισμα

347 3903 462 3974 ἔχει
509 3902 567 3970 ἐξ
619 3905 789 3976 αὐτῆς
825 3907 925 3975 τῆς
975 3907 1233 3978 χρίσεως,
1289 3909 1384 3962 καὶ
1419 3908 1542 3962 ἔστι
1601 3911 1762 3964 τοῦτο
1807 3915 1954 3984 μέγα

345 3997 516 4062 ὄντως
551 3999 647 4070 τῆς
689 3999 784 4052 τοῦ
826 4000 963 4054 Θεοῦ
1016 4003 1436 4076 φιλανθρωπίας
1485 4003 1584 4057 καὶ
1629 4006 1949 4078 οίκονομίας

350 4091 679 4162 μυστήριον.

424 4203 442 4236 ι
484 4185 596 4238 Kal
644 4185 865 4254 ἐγένετο
920 4187 996 4239 ἐν
1024 4188 1103 4260 τῷ
1131 4189 1456 4242 ἐπανελθεῖν
1499 4189 1667 4244 αὐτὸν
1712 4180 1950 4245 λαῖόντα

2068 655 2209 710 sicut
2233 654 2401 717 Deus,
2425 668 2645 722 semper
2673 653 2970 708 considens
2997 650 3099 704 fuit
3127 649 3271 702 Patri
3303 667 3315 701 :
3352 652 3496 703 sient
3526 647 3690 703 homo

2069 757 2252 802 autem
2294 759 2420 802 tttnc
2473 749 2638 812 sedit,
2672 745 2893 814 tutando
2951 757 3270 814 assumptus
3320 754 3426 806 est,
3474 758 3693 812 permav

2067 858 2205 897 nens
2260 844 2436 896 donec
2467 852 2743 911 ponantur
2791 840 2997 894 inimici
3034 840 3152 909 ejus
3183 837 3288 893 sub
3336 839 3501 907 pedes
3547 838 3690 908 t-jus.

2067 938 2182 995 Hoc
2231 950 2414 994 autem
2476 940 2581 994 erit
2638 939 2690 991 in
2749 937 3250 1000 consummatione,
3322 937 3541 1006 quando
3574 953 3690 989 0m-

2062 1031 2152 1084 nia
2214 1031 2382 1085 etiam
2420 1046 2542 1090 qua;
2590 1028 2806 1095 nolunt,
2865 1029 3232 1098 subjicien’tur
3277 1030 3368 1093 ei,
3406 1029 3689 1084 crtdentia

2065 1121 2211 1191 quod
2253 1122 2516 1176 Dominus
2554 1119 2712 1175 Jesus
2746 1121 3002 1175 Christus
3040 1123 3089 1174 in
3142 1121 3312 1190 gloria
3363 1119 3454 1173 Dei
3485 1119 3685 1176 Patris.

2062 1213 2223 1268 Cives
2255 1223 2440 1268 autem
2487 1213 2608 1284 ejus
2645 1225 2771 1268 suut
2811 1213 3011 1276 Judzci,
3045 1215 3169 1267 odio
3217 1215 3482 1268 habentes
3513 1214 3688 1270 illum.

2070 1307 2340 1361 Viderunt
2375 1308 2541 1369 enim,
2582 1306 2781 1378 inquit,
2815 1317 2868 1360 et
2897 1309 3021 1361 odio
3065 1308 3377 1361 habuerunt
3406 1317 3460 1360 et
3491 1323 3600 1374 me,
3634 1317 3689 1362 et

2063 1401 2277 1456 Patrem
2342 1417 2548 1467 meum,
2602 1414 2656 1455 et
2718 1400 3011 1454 noluerunt
3072 1401 3199 1454 eum
3262 1417 3428 1470 super
3478 1416 3537 1455 se
3588 1415 3690 1455 re-

2062 1511 2266 1566 gnare:
2336 1496 2479 1551 unde
2529 1505 2586 1551 et
2653 1495 2912 1550 dicebant
2979 1493 3048 1549 ad
3098 1494 3358 1562 Pilatum,
3418 1509 3689 1562 negantes

2063 1605 2289 1659 regnum
2323 1589 2441 1659 ejus
2471 1605 2483 1642 :
2529 1608 2545 1639 ι
2578 1588 2700 1641 Non
2750 1588 3014 1641 habemus
3043 1603 3226 1658 regem
3254 1605 3268 1652 ;
3305 1607 3321 1639 ι
3351 1598 3404 1642 et
3437 1588 3638 1640 iterum
3670 1604 3684 1642 :

2069 1704 2084 1734 ι
2126 1682 2203 1738 Ne
2247 1683 2490 1748 scribas,
2532 1680 2646 1735 Rex
2697 1680 3035 1736 Judzeorum.
3087 1701 3104 1733 ι
3164 1683 3428 1748 Quamtis
3477 1680 3692 1735 Zacha-

2064 1774 2171 1826 rias
2212 1773 2357 1827 dicat
2391 1790 2403 1827 :
2440 1792 2459 1824 ι
2483 1771 2675 1827 Gaude
2712 1772 2889 1836 Valde,
2923 1773 3030 1826 lilia
3082 1772 3388 1842 Sion,quia
3426 1788 3517 1826 rex
3563 1783 3689 1828 tuus

2065 1864 2244 1920 veniet
2287 1864 2381 1918 tibi
2439 1864 2622 1934 justus
2685 1875 2740 1919 et
2780 1865 3000 1918 salvans
3041 1865 3088 1896 ⁸⁷
3131 1882 3146 1931 ;
3183 1884 3202 1916 ι
3252 1873 3417 1934 alque
3475 1865 3684 1919 Isaias:

1994 1936 2031 1988 Β
2070 1978 2087 2010 ι
2117 1957 2255 2011 Ecce
2280 1975 2368 2012 rex
2391 1958 2574 2028 justus
2601 1958 2850 2028 regnabit
2877 1975 2922 2023 ς»
2955 1959 3177 2028 insuper
3199 1972 3253 2012 et
3289 1958 3454 2013 David
3482 1976 3531 2014 :t
3575 1957 3688 2028 Ego

2065 2065 2245 2108 autem
2303 2054 2634 2126 constitutus
2687 2069 2805 2106 sum
2867 2067 2958 2106 rex
3018 2055 3085 2107 ab
3138 2068 3222 2106 eo.
3276 2073 3293 2103 ι
3337 2051 3509 2106 lintei
3551 2067 3686 2106 sane

2066 2147 2194 2199 odio
2248 2145 2560 2200 habuerunt
2603 2145 2921 2200 Dominum.
2978 2144 3152 2199 Porro
3208 2145 3472 2200 Dominus
3529 2143 3684 2200 dedit

2064 2241 2240 2310 scrtis
2278 2243 2465 2294 detem
2519 2240 2719 2294 minas.
2756 2237 2922 2314 Servi
2975 2248 3156 2292 autem
3195 2239 3269 2292 illi
3303 2253 3427 2292 sunt
3463 2239 3513 2292 hi
3559 2240 3682 2307 qni-

2066 2333 2166 2388 bus
2202 2333 2251 2385 in
2289 2331 2531 2386 Ecclesia
2573 2333 2940 2387 ministerium
2992 2332 3369 2386 concreditum
3414 2343 3535 2394 est;
3585 2331 3684 2384 de-

2063 2442 2184 2480 cem
2227 2425 2488 2479 dicuntur
2528 2440 2672 2489 esse,
2719 2435 2944 2494 propter
2977 2424 3373 2495 perfectionem
3416 2425 3680 2479 ecclesia-

2064 2518 2214 2572 sticae
2249 2518 2629 2587 praesidentia»
2653 2516 2801 2573 Ordo
2834 2519 2980 2573 enim
3013 2518 3062 2572 in
3087 2517 3334 2572 Ecclesia
3376 2515 3678 2586 perlectam

2064 2610 2476 2680 praesidentium
2515 2610 2936 2681 dispositionem
2972 2609 3155 2674 habet,
3202 2619 3256 2662 et
3281 2624 3459 2677 neque
3488 2607 3678 2678 plures

2063 2701 2357 2771 oportebat
2385 2717 2529 2768 esse,
2562 2717 2738 2772 neque
2765 2702 3054 2772 pauciores
3084 2719 3099 2756 :
3134 2710 3191 2755 ut
3222 2699 3461 2767 exempli
3498 2699 3678 2769 gratia

2066 2799 2301 2855 ltiahxc
2326 2801 2574 2854 videmus
2607 2815 2727 2854 esse
2754 2800 2803 2852 in
2833 2799 3097 2862 Ecclesia,
3126 2798 3529 2869 purgationem,
3555 2796 3683 2848 illn-

2066 2893 2448 2959 niuatiouem,
2503 2901 2562 2946 et
2616 2891 3034 2962 perfectionem.
3089 2888 3453 2961 Operationes
3495 2889 3664 2943 etiam

2065 2985 2209 3050 illas,
2241 2996 2352 3039 tres
2393 2985 2575 3040 sortiti
2605 2993 2735 3040 sunt
2765 2985 3009 3040 ordines.
3053 2982 3277 3037 Diaconi
3316 2990 3549 3053 purgant
3584 2997 3682 3050 per

2064 3077 2488 3133 instructionem
2526 3087 2582 3132 et
2629 3078 2963 3144 doctrinam,
3018 3077 3330 3150 presbyteri
3366 3073 3684 3128 illuminant

2063 3186 2169 3240 per
2189 3169 2551 3240 baptismum,
2584 3171 2828 3244 episcOpi
2873 3170 3249 3227 sacerdotales
3281 3168 3505 3223 ordines
3545 3182 3683 3221 con.

2063 3263 2301 3319 stitunnt
2351 3275 2408 3320 et
2463 3265 2777 3335 perﬁciunt,
2823 3267 2929 3321 hoc
2992 3274 3100 3330 est,
3172 3263 3455 3320 ordinant.
3510 3259 3680 3315 Vides

2061 3357 2287 3413 ordines
2317 3372 2442 3413 cum
2484 3359 2925 3427 operationibus,
2958 3367 3014 3414 et
3045 3372 3223 3426 neque
3255 3356 3466 3424 plures,
3501 3367 3680 3422 neque

2061 3449 2349 3518 pauciores
2373 3488 2388 3515 ,
2411 3447 2820 3520 praesidentium
2846 3448 3069 3518 inquam
3109 3446 3355 3503 ordines.
3376 3442 3486 3501 Illis
3513 3444 3678 3514 igitur

2059 3541 2237 3597 set-vis
2270 3540 2556 3596 distribuit
2610 3540 2798 3596 decem
2849 3539 3048 3603 minas,
3089 3540 3190 3594 hoc
3222 3547 3329 3600 est,
3366 3537 3505 3591 dona
3553 3549 3678 3604 quae

2057 3633 2355 3702 unicuique
2412 3630 2540 3686 data
2604 3642 2734 3686 sunt
2795 3629 2854 3686 in
2919 3629 3237 3685 utilitatem.
3285 3627 3481 3683 Omnis
3524 3627 3675 3681 enim

2059 3728 2373 3794 cuicunque
2405 3725 2728 3781 concredita
2777 3734 2863 3779 est
2901 3722 3273 3793 praesidentia,
3306 3722 3476 3776 etiam
3509 3719 3555 3775 si
3593 3719 3678 3772 itt-

2058 3822 2256 3890 dignus
2319 3820 2507 3886 fuerit,
2566 3818 2771 3875 donum
2849 3817 3016 3873 habet
3085 3831 3151 3872 ex
3197 3816 3483 3870 .unctione
3550 3829 3674 3880 sua,

2059 3917 2108 3970 id
2149 3916 2290 3985 quod
2333 3930 2602 3987 magnum
2644 3913 2845 3969 divinae
2910 3911 3303 3967 misericordia:
3346 3923 3673 3966 sacramen-

2057 4019 2173 4065 tum
2212 4020 2317 4066 est.

2128 4185 2300 4242 Vens.
2351 4185 2532 4240 l538.
2575 4203 2594 4236 ι
2636 4184 2701 4239 Et
2743 4183 2950 4240 factum
2984 4172 3070 4239 est
3121 4191 3180 4236 ut
3232 4181 3458 4244 rediret,
3511 4193 3674 4235 acce-

345 4281 446 4350 τὴν
489 4279 791 4352 βασιλείαν,
829 4277 951 4334 εἷπε
1003 4282 1327 4354 φωνηθῆναι
1367 4285 1520 4356 αὺτῷ
1554 4285 1680 4348 τοὺς
1726 4284 1951 4350 δούλους

2062 4291 2148 4352 pto
2182 4295 2370 4350 regno,
2405 4279 2666 4348 misitque
2688 4292 2892 4332 vocare
2930 4290 3122 4331 servos
3164 4274 3284 4328 illos
3325 4272 3393 4327 ad
3429 4287 3508 4336 se,
3545 4271 3673 4342 qui-

344 4373 597 4437 τοᾶτους,
628 4369 706 4434 οἷς
738 4372 906 4426 ἔδωκε
945 4373 1007 4426 τὸ
1039 4373 1328 4445 ἀργύριον,
1367 4376 1452 4430 ἴνα
1483 4377 1596 4448 γνῷ
1628 4377 1714 4437 τίς
1759 4379 1810 4429 τί
1837 4377 1949 4431 διε-

347 4464 841 4533 πραγματεύσατο.
893 4466 1238 4539 Παρεγένετο
1282 4467 1338 4521 δὲ
1385 4471 1413 4522 ὁ
1463 4470 1683 4539 πρῶτος
1732 4469 1945 4537 λέγων·

349 4560 542 4627 Κίριε,
589 4559 624 4628 η
684 4559 792 4627 μνᾶ
840 4575 934 4610 σου
967 4562 1413 4631 προσειργάσατο
1445 4563 1576 4618 δέκα
1627 4565 1789 4633 μνᾶς.
1837 4563 1948 4616 Καὶ

2051 4375 2155 4428 bus
2198 4373 2427 4428 dederat
2468 4370 2783 4442 pecuniam,
2822 4379 2881 4424 ut
2926 4370 3096 4426 sciret
3129 4375 3394 4437 quantum
3437 4364 3674 4435 quisque

2054 4465 2368 4535 negotiatus
2413 4472 2580 4518 esset.
2619 4461 2785 4517 Venit
2825 4471 3011 4516 autem
3049 4462 3260 4531 primus
3297 4458 3526 4511 dicens:
3567 4456 3675 4509 Do-

2053 4558 2220 4623 mine,
2255 4557 2403 4612 mina
2441 4566 2532 4609 tua
2566 4555 2757 4611 decem
2784 4555 2966 4610 minas
2997 4551 3315 4623 acquisivit.
3346 4549 3410 4602 Et
3436 4549 3512 4604 ait
3551 4547 3624 4601 illi
3654 4565 3669 4603 :

345 4645 502 4704 εἶπεν
533 4650 685 4722 αὐτῷ
704 4667 719 4680 ο
752 4649 847 4715 EG,
868 4650 1025 4705 δοῦλε
1048 4653 1241 4721 άγαθέ,
1274 4656 1355 4709 ὃτι
1377 4657 1434 4709 ἐν
1461 4656 1735 4727 ³.).αχίστῳ
1755 4656 1946 4720 πιστὸς

2062 4650 2230 4722 Euge,
2266 4648 2436 4722 446
2483 4648 2627 4704 bone
2683 4661 2884 4704 serve:
2937 4645 3065 4714 quia
3122 4646 3175 4708 in
3238 4642 3467 4698 minimo
3522 4639 3674 4695 fuiin

345 4741 557 4810 ἐγένου,
592 4742 702 4796 ῐσθι
739 4740 992 4807 ἐξουσίαν
1024 4742 1166 4814 ἔχων
1188 4745 1377 4800 ἐπάνω
1404 4744 1539 4811 δέκα
1568 4747 1801 4803 πόλεων.
1835 4748 1947 4802 Καὶ

344 4829 554 4906 ἧλθενό
584 4833 838 4906 δεύτερος
868 4835 1044 4904 λέγων
1065 4853 1078 4866 ο
1133 4837 1329 4909 Κύριε,
1361 4842 1392 4910 ή
1435 4843 1546 4912 μνᾶ
1590 4859 1685 4895 σου
1721 4842 1949 4911 ἐποίησε

346 4927 532 4982 πέντε
567 4927 730 4997 μνᾶς.
793 4922 933 4982 Elite
981 4929 1062 4998 se
1100 4931 1198 4984 καὶ
1247 4933 1460 5003 τούτῳ·
1514 4935 1625 4988 Kal
1675 4934 1740 4987 σὺ
1791 4935 1947 5003 γίνου

346 5021 536 5074 ἐπάνω
566 5020 730 5074 πέντε
765 5021 998 5075 πόλεων.
1028 5023 1139 5076 Καὶ
1171 5023 1358 5096 ἔτερος
1399 5023 1530 5096 ἦλθε
1564 5027 1743 5096 λέγων
1776 5042 1789 5057 ·
1827 5026 1948 5082 Κύ-

347 5131 455 5188 ριε,
489 5113 598 5168 ίδοὺ
628 5115 662 5182 ἡ
697 5101 805 5186 μνᾶ
853 5133 971 5181 σου,
1005 5118 1073 5189 ἢν
1101 5113 1250 5189 εἶχον
1293 5121 1669 5192 ἀποκειμένην
1713 5122 1772 5173 ἐν
1823 5137 1951 5174 σου-

347 5206 540 5278 δαρίῳ·
576 5207 896 5280 ἐφοϐούμην
918 5210 1028 5283 γάρ
1046 5228 1128 5275 σε,
1148 5212 1232 5266 ὃτι
1255 5211 1544 5280 ἄνθρωπος
1572 5213 1849 5284 αὐστηρὸς
1876 5209 1947 5278 εἷ,

347 5297 526 5369 αἴρεις
575 5298 605 5353 ὃ
638 5300 738 5354 οὐκ
771 5300 1000 5373 ἔθηκας,
1035 5304 1131 5358 καί
1183 5303 1422 5376 θερίζεις
1452 5304 1480 5358 ὃ
1525 5306 1626 5359 οὐκ
1659 5306 1946 5377 ἔσπειρας.

346 5392 513 5462 Λέγει
539 5391 599 5446 δὲ
627 5392 776 5464 αὺτῷ
801 5409 816 5428 ο
863 5395 960 5449 Ἐκ
986 5396 1082 5451 τοῦ
1118 5399 1389 5470 στόματός
1413 5416 1509 5453 σου
1542 5398 1714 5471 κρινῶ
1741 5417 1822 5464 σε,
1853 5418 1950 5454 πο·

347 5488 482 5558 νηρὲ
507 5487 682 5544 δοῦλε.
715 5489 926 5562 ᾜδεις,
951 5490 1036 5544 ὅτι
1068 5489 1178 5561 ἐγὼ
1197 5491 1485 5564 ἄνθρωπος
1511 5492 1784 5564 αὐστηρός
1807 5494 1854 5545 εί
1863 5510 1947 5564 μι,

349 5581 524 5653 αίρων
547 5581 576 5636 ὃ
605 5583 709 5636 οὐκ
747 5583 940 5654 έθηκα,
980 5585 1077 5638 καὶ
1107 5583 1342 5656 θερίζων
1368 5585 1396 5638 ὃ
1429 5585 1531 5638 οὐκ
1565 5585 1819 5657 ἔσπειρα,
1851 5585 1947 5639 καὶ

347 5675 439 5732 διὰ
466 5676 521 5729 τί
561 5676 664 5730 οὐκ
710 5676 920 5741 ἔδωκας
966 5678 1029 5731 τὸ
1068 5677 1335 5750 ἀργύριόν
1373 5695 1476 5749 μου
1510 5681 1603 5732 ἐπὶ
1638 5678 1944 5750 τράπεζαν,

349 5769 446 5826 καὶ
477 5767 591 5838 ἐγὼ
614 5767 806 5835 ἐλθὼν,
834 5771 932 5825 σὺν
957 5770 1103 5842 τόκῳ
1132 5770 1199 5827 ἂν
1233 5770 1448 5837 ἔπραξα
1485 5771 1649 5839 αὐτό;
1681 5771 1794 5827 Καὶ
1832 5773 1947 5835 τοῖς

424 5949 470 5982 ’⁷
502 5949 644 6005 Ρειιι.
671 5967 729 6004 ιι.
770 5952 853 6004 18.

2059 4744 2259 4810 ﬁdelis,
2297 4743 2497 4798 habeto
2521 4749 2849 4813 potestatem
2886 4753 3049 4809 super
3071 4737 3264 4793 decem
3295 4737 3571 4790 civitates.
3603 4730 3672 4788 Et

2057 4835 2198 4891 alter
2249 4835 2399 4890 venit
2450 4834 2678 4890 dicens:
2744 4832 2995 4892 Domine,
3059 4828 3209 4884 mina
3280 4834 3370 4881 tua
3429 4822 3672 4880 confecit

2058 4929 2303 4999 quinque
2338 4928 2537 4982 minas.
2573 4926 2642 4982 Et
2687 4925 2816 4979 huic
2863 4923 2978 4978 ait:
3023 4921 3089 4976 Et
3123 4931 3177 4975 tu
3211 4917 3506 4990 praefectus
3548 4928 3668 4970 esto

2057 5022 2299 5092 quinque
2328 5018 2664 5076 civitatibus.
2702 5016 2768 5071 Et
2792 5016 2932 5070 alius
2960 5014 3110 5068 venit
3139 5012 3370 5068 dicens:
3415 5007 3665 5071 Domine,

2056 5130 2187 5170 ecce
2225 5113 2369 5168 mina
2414 5122 2504 5166 tua
2540 5126 2706 5182 quam
2748 5109 2914 5164 habui
2957 5107 3257 5178 repositam
3311 5107 3367 5158 in
3404 5099 3666 5156 sudario:

2055 5207 2209 5261 timui
2268 5206 2412 5261 enim
2469 5213 2546 5270 te,
2597 5206 2741 5272 quod
2800 5206 2964 5257 homo
3024 5208 3284 5254 austeros
3345 5195 3468 5250 sis:
3520 5192 3669 5249 tollis

2055 5300 2202 5369 quod
2257 5314 2362 5354 non
2393 5297 2651 5368 posuisti,
2697 5304 2752 5350 et
2805 5295 2967 5350 metis
3005 5293 3150 5362 quod
3199 5307 3307 5346 non
3353 5285 3666 5344 setuinasti.

2058 5392 2198 5446 Dicit
2255 5392 2351 5450 ei:
2414 5390 2486 5444 De
2534 5403 2633 5444 ore
2703 5397 2796 5443 tuo
2842 5393 2897 5442 te
2947 5384 3229 5454 judicabo,
3281 5395 3442 5438 serve
3502 5378 3664 5432 male.

2057 5486 2285 5543 Sciebas
2311 5484 2460 5556 quod
2488 5499 2590 5555 ego
2630 5483 2794 5538 homo
2832 5490 3091 5537 austeros
3130 5481 3257 5548 sim,
3292 5476 3488 5534 tollens
3516 5472 3665 5545 quod

2059 5597 2165 5636 non
2235 5576 2413 5651 posui,
2469 5588 2522 5631 et
2587 5586 2799 5631 metens
2853 5577 3002 5648 quod
3063 5589 3172 5629 non
3231 5569 3499 5628 seminavi
3543 5585 3557 5622 :
3607 5574 3665 5621 et

2058 5690 2227 5746 quare
2258 5690 2362 5727 nun
2407 5673 2604 5728 dedisti
2641 5669 2930 5742 pecuniam
2970 5683 3145 5724 meam
3187 5667 3254 5721 ad
3298 5675 3568 5724 mensam,
3608 5667 3665 5714 et

2060 5785 2159 5841 ego
2193 5768 2416 5827 veniens
2449 5780 2572 5824 cum
2612 5765 2795 5821 usuris
2827 5765 3018 5834 utique
3047 5761 3354 5832 exegissem
3385 5752 3570 5815 illam?
3595 5750 3666 5810 Et
