4048 6530
1928 373 1972 396 Ι

432 504 566 572 ιοει

1320 500 1903 566 THEOPHYLACTI
1947 497 2359 561 BULGARI/E
2394 497 2754 557 ARCHIEP.

3558 489 3701 557 1023

422 621 733 680 astantibus
768 620 939 677 dixit:
977 617 1200 675 Auferte
1235 618 1416 673 abillo
1454 618 1678 679 minam,
1712 625 1766 671 et
1798 616 1923 669 date
1947 613 2022 667 illi

2133 612 2481 684 παρεστῶσιν
2512 608 2667 664 εἶπεν
2692 625 2706 639 ·
2741 610 2945 680 Ἀρατε
2978 608 3073 661 ἀπ’
3108 606 3278 663 αὑτοῦ
3302 606 3403 676 τὴν
3433 608 3597 678 μνᾶν.
3631 606 3726 662 καὶ

424 715 516 785 qui
551 714 738 769 decem
782 712 958 767 minas
986 709 1170 765 habet.
1228 708 1291 764 Et
1332 709 1584 763 dixerunt
1635 708 1728 762 ei:
1772 706 2021 773 Domine,

425 807 591 865 hahet
632 807 817 862 decem
867 805 1067 859 minas.
1114 804 1243 858 Dico
1306 803 1478 867 vobis,
1532 800 1675 869 quod
1734 799 1882 854 omni
1924 799 2021 853 ha-

425 902 572 957 benti
621 901 851 965 dabitur,
883 902 950 952 ab
1006 913 1070 953 eo
1127 907 1305 951 autem
1346 896 1436 965 qui
1493 911 1596 948 non
1640 894 1826 958 habet,
1861 894 2021 947 etiam

426 990 570 1062 quod
605 990 797 1054 habet,
830 988 1130 1043 auferetur.
1150 986 1290 1050 Ouin
1326 986 1577 1040 inimicos
1610 1001 1761 1051 meos
1787 985 1907 1039 illos
1933 986 2023 1053 qui

427 1081 729 1137 noluerunt
772 1098 856 1137 me
906 1097 1134 1152 regnare
1186 1096 1349 1151 super
1380 1096 1458 1145 se,
1514 1080 1769 1134 adducite
1802 1079 1929 1145 huc,
1972 1086 2027 1130 et

428 1175 727 1231 interficite
798 1186 925 1229 ante
983 1191 1094 1229 me.
1162 1176 1227 1231 Et
1279 1174 1365 1229 his
1408 1174 1569 1229 dictis
1622 1174 1732 1227 ibat
1792 1185 2027 1242 pergens

428 1270 731 1323 ascendere
796 1266 1256 1339 Hierosolymam.
1324 1288 1343 1321 ι
1407 1266 1543 1324 Cum
1606 1267 1885 1321 rediturus
1944 1271 2028 1319 est

430 1355 685 1414 Christus
716 1374 1017 1428 generosus
1046 1361 1135 1415 ille
1165 1370 1217 1414 et
1261 1360 1557 1414 secundum
1602 1359 1894 1413 humanam
1926 1372 2026 1412 na-

426 1458 631 1515 turam,
670 1466 733 1505 ex
770 1450 919 1521 regio
947 1455 1091 1507 enim
1124 1467 1322 1522 genere
1354 1452 1634 1506 descendit
1668 1449 1947 1509 Dominus.
1972 1459 2026 1504 ct

426 1543 727 1597 secundum
765 1542 1026 1605 divinam,
1058 1543 1162 1595 hoc
1184 1553 1289 1607 est,
1324 1545 1375 1595 in
1404 1544 1643 1597 secundo
1666 1542 1781 1610 ejus
1820 1542 2025 1595 udvcu-

431 1641 512 1699 tu,
572 1634 787 1702 quando
840 1633 1123 1702 apparebit
1171 1630 1263 1688 rex
1309 1650 1429 1688 cum
1484 1634 1691 1704 angelis
1744 1633 1796 1689 in
1853 1632 2025 1705 gloria

430 1718 610 1777 Patris
658 1722 902 1787 veniens,
952 1733 1005 1777 et
1056 1739 1217 1778 omne
1264 1738 1402 1795 genu
1456 1724 1703 1780 ﬂectetur
1761 1726 1849 1779 ei:
1898 1735 2025 1781 tunc

428 1828 561 1870 sane
602 1818 667 1870 ad
718 1818 982 1871 rationem
1027 1815 1256 1887 adiget,
1314 1832 1410 1871 eos
1457 1818 1547 1887 qui
1620 1818 1760 1873 dona
1803 1832 2028 1887 accepe-

430 1916 579 1971 runt,
628 1920 682 1962 et
722 1908 1029 1964 invenietur
1073 1926 1221 1965 unus
1253 1912 1471 1979 quidem
1508 1908 1693 1965 multis
1728 1910 2021 1978 profuisse,

2127 708 2246 761 δότε
2309 706 2389 776 τῷ
2438 706 2537 769 τὰς
2568 705 2700 759 δέκα
2749 706 2890 774 μνᾶς
2933 702 3134 774 ἔχοντι.
3177 702 3292 757 Καὶ
3339 698 3496 757 εἷπον
3539 701 3723 771 αὐτῷ·

2131 799 2322 870 Κύριε,
2360 798 2511 851 δέκα
2549 800 2688 867 μνᾶς
2723 797 2859 869 ἔχει.
2909 797 3071 865 Λέγω
3122 796 3273 867 ὑμῖν,
3325 797 3411 850 ὅτι
3448 796 3617 849 παντὶ
3647 793 3724 864 τῷ

2130 893 2304 965 ἔχοντι
2353 892 2668 962 δοθήσεται,
2732 893 2842 946 άπὸ
2899 891 2955 944 δὲ
3006 889 3101 944 τοῦ
3163 891 3238 962 μὴ
3283 890 3527 961 ἔχοντος,
3578 887 3728 943 καὶὸ

2129 986 2264 1055 ἔχει,
2301 984 2603 1055 ἀρθήσεται
2652 984 2747 1037 ἀπ’
2775 982 2964 1038 αὑτοῦ.
2997 982 3143 1054 Πλὴν
3184 983 3311 1045 τοὺς
3362 981 3598 1053 ἐχθρούς
3626 995 3727 1049 μου

2130 1077 2375 1140 ἐκείνους
2428 1076 2555 1138 τοὺς
2602 1076 2675 1147 μὴ
2728 1074 3069 1147 Θελήσαντάς
3129 1092 3195 1143 με
3252 1072 3579 1143 βασιλεῦσαι
3642 1072 3726 1124 ἐπ’

2130 1170 2317 1232 αὐτοῖς
2341 1208 2357 1232 ,
2395 1168 2634 1237 ἀγάγετε
2671 1160 2773 1220 ὧδε
2803 1210 2814 1229 ,
2849 1166 2945 1219 καὶ
2978 1165 3369 1233 κατασφάξατε
3407 1163 3727 1236 εμπροσθέν

2133 1278 2258 1331 μου.
2293 1261 2401 1335 καί
2448 1258 2620 1313 εἰπὼν
2653 1257 2847 1322 ταῦτα,
2885 1255 3181 1327 ἐπορεύετο
3220 1255 3563 1327 ἔμπροσθεν,
3600 1256 3728 1308 ἁνα-

2131 1355 2335 1407 6αίνων
2398 1355 2478 1417 είς
2551 1350 2925 1425 Ἱεροσόλυμα.
2979 1369 2997 1401 ι
3059 1350 3151 1403 Ἐν
3204 1349 3284 1420 τῷ
3328 1347 3729 1419 ἐπανέρχεσθαι

2129 1449 2314 1513 αὐτὸν,
2346 1450 2372 1501 6
2407 1446 2643 1518 Χριστὸς
2685 1447 2713 1501 6
2772 1444 3028 1513 εὐγενὴς,
3062 1445 3156 1497 καὶ
3184 1443 3328 1496 κατὰ
3353 1443 3416 1497 τὸ
3444 1440 3726 1512 ἀνθρώπι-

2124 1556 2240 1605 νον,
2296 1542 2360 1592 ἐκ
2398 1538 2679 1610 βασιλικοῦ
2710 1540 2822 1609 γάρ
2867 1538 3062 1605 γένους
3109 1536 3389 1606 κατήγετο
3419 1538 3449 1589 6
3498 1535 3723 1605 Κύριος,

2129 1635 2389 1688 καὶκατὰ
2419 1635 2479 1688 τὸ
2520 1634 2684 1696 Θεῖον,
2726 1632 3027 1697 τουτέστιν,
3062 1633 3120 1684 ὲν
3161 1632 3229 1701 τῇ
3272 1629 3509 1701 δευτέρᾳ.
3559 1626 3725 1681 αὑτοῦ

2129 1726 2363 1793 δλεύσει,
2398 1728 2487 1781 ὅτε
2522 1730 2825 1795 φανήσεται
2863 1724 3119 1794 βασιλεὺς
3151 1722 3292 1794 μετὰ
3332 1722 3445 1775 τῶν
3480 1721 3730 1789 ἀγγέλων

2130 1822 2188 1873 ἑν
2217 1823 2283 1892 τῇ
2339 1820 2468 1893 δόξῃ
2519 1818 2614 1874 τοῦ
2672 1817 2886 1888 Πατρδς
2936 1818 3258 1889 ἐρχόμενος,
3301 1818 3397 1870 καὶ
3440 1818 3551 1869 πᾶν
3601 1815 3727 1881 γόνυ

2131 1913 2342 1983 κάμψει
2376 1913 2549 1983 αὐτῷ,
2582 1914 2703 1967 τότε
2742 1914 2807 1984 δὴ
2842 1914 2964 1968 τότε
3012 1911 3109 1965 καὶ
3139 1910 3264 1971 τοὺς
3288 1908 3369 1961 τὰ
3407 1907 3729 1977 χαρίσματα

429 2011 485 2054 et
522 2002 895 2071 decuplicasse
942 2003 1165 2067 donum,
1210 2004 1351 2058 alius
1386 2014 1569 2057 autem
1600 2002 1869 2073 profuisse
1901 2004 2023 2073 qui-

2127 1979 2458 2075 δεξαμένους
2497 1979 2720 2067 δούλους
2774 1979 3132 2075 λογοπραγεῖ,
3196 2002 3290 2055 καὶ
3348 1999 3724 2069 εὑρίσκονται,

430 2092 553 2146 dem
583 2101 637 2145 et
681 2094 818 2158 ipse,
862 2096 957 2146 sed
1009 2095 1358 2162 paucioribus
1398 2093 1707 2163 profuisse:
1755 2094 1895 2149 alius
1924 2110 2026 2148 au-

428 2192 535 2241 tem
563 2184 767 2239 nemini
800 2184 1090 2255 profuisse,
1125 2186 1218 2241 sed
1260 2187 1526 2257 ignaviter
1574 2188 1898 2243 transit-isse
1926 2203 2024 2243 ue-

427 2281 749 2351 gotiationis
798 2292 1033 2352 tempus.
1080 2282 1315 2338 Proinde
1344 2284 1434 2353 qui
1486 2285 1848 2355 decuplicavit
1880 2284 2027 2356 quod

427 2384 738 2445 acceperat,
794 2388 960 2445 super
1004 2374 1192 2432 decem
1231 2375 1480 2432 civitates
1514 2378 1887 2445 constituitur,
1925 2381 2027 2435 hoc

434 2478 543 2531 est,
592 2459 921 2537 multiplices
989 2470 1382 2525 retributiones
1446 2471 1691 2540 accipit:
1763 2481 1818 2525 et
1886 2471 2027 2528 alius

430 2561 688 2632 deinceps
751 2562 905 2631 juxta
962 2577 1119 2616 suam
1175 2563 1368 2633 recipit
1425 2566 1859 2635 praportionem.
1921 2566 2026 2633 Qui

426 2663 605 2713 autem
638 2655 769 2709 nihil
802 2654 1051 2710 lucratus
1097 2654 1237 2722 fuit,
1279 2656 1697 2713 condemnatur.
1736 2656 2026 2713 Videamus

429 2752 610 2798 autem
637 2752 691 2799 et
733 2745 861 2816 quid
904 2747 1090 2801 dicat:
1141 2746 1391 2813 Domine,
1437 2761 1565 2803 ecce
1609 2750 1751 2802 mina
1785 2760 1898 2815 tua,
1936 2748 2027 2805 a'c-

430 2836 547 2905 cipe
580 2853 719 2904 eam,
754 2837 916 2892 habui
942 2839 1087 2893 enim
1124 2840 1281 2893 istam
1313 2842 1365 2893 in
1408 2840 1632 2895 sudario
1665 2844 2023 2898 reconditam.

432 2926 698 2983 Dominus
725 2941 970 2984 mortuus
1027 2931 1545 2987 sudatioinvolutus
1594 2934 1723 2993 luit.
1756 2945 1809 2988 et
1834 2935 2025 2989 Lazari

430 3021 601 3076 facies
662 3022 716 3076 in
759 3023 1011 3091 sepulcro
1038 3024 1255 3077 sudario
1284 3024 1535 3079 obvoluta
1585 3025 1685 3079 fuit
1710 3026 1783 3079 ’⁸.
1833 3026 2027 3083 Merito

429 3113 597 3183 igitur
660 3113 885 3184 ignavus
931 3115 1018 3169 ille
1068 3117 1121 3169 in
1194 3116 1413 3170 sudario
1458 3118 1636 3187 inquit
1683 3120 2023 3174 reconditum

431 3206 602 3261 fuisse
657 3208 882 3262 donum.
948 3207 1218 3263 Mortuum
1291 3211 1436 3263 enim
1495 3210 1626 3265 illud
1686 3209 1915 3279 fecerat,
1971 3223 2077 3266 et.

430 3297 702 3363 inefﬁcax,
733 3315 839 3354 non
882 3300 1159 3367 evolvens,
1200 3317 1375 3370 neque
1402 3304 1613 3358 lucrum
1654 3305 1883 3360 faciens.
1928 3304 2020 3358 Ti-

430 3392 642 3446 meliam
668 3393 814 3445 enim
835 3403 909 3455 te,
942 3394 1135 3461 inquit,
1158 3397 1280 3462 quia
1307 3396 1454 3449 tollis
1476 3398 1618 3465 quod
1643 3413 1749 3451 non
1773 3399 2023 3465 posuisti.

386 3470 387 3473 η
430 3481 587 3537 Talia
637 3484 790 3538 tnulti
840 3495 1173 3554 praetexunt.
1227 3486 1487 3542 Nolettles
1543 3491 1685 3542 enim
1738 3491 1861 3543 ullis
1898 3508 2027 3560 pro-

429 3577 629 3641 desse,
666 3577 853 3631 dicuut
910 3594 922 3629 :
967 3576 1064 3631 Uini
1134 3594 1237 3631 nou
1301 3582 1586 3635 seminavit
1648 3581 1788 3637 Deus
1830 3586 2025 3636 lmuam

429 3667 662 3723 indolem
707 3678 761 3723 et
817 3671 1208 3740 aptitudlnem,
1258 3673 1401 3727 illinc
1452 3690 1518 3727 ne
1586 3678 1832 3743 requies
1886 3694 2027 3731 mes-

428 3775 567 3816 sent.
632 3758 785 3814 Illum
853 3777 956 3816 non
1012 3761 1138 3816 fecit
1199 3763 1568 3832 industrium,
1604 3777 1655 3819 et
1721 3770 1787 3821 ad
1826 3769 2024 3821 doctri-

429 3867 554 3906 nam
590 3851 868 3919 idoneum,
920 3865 975 3910 et
1014 3855 1146 3923 quid
1173 3871 1205 3909 a
1256 3871 1345 3910 me
1379 3848 1621 3927 exigitur
1664 3868 1721 3912 ut
1753 3860 1874 3914 inde
1908 3860 2022 3915 fru-

428 3953 576 3999 ctum
601 3945 1061 4003 faciamIItlcirco
1087 3949 1346 4003 Dominus
1372 3951 1535 4004 dicit:
1560 3951 1639 4004 'l'u
1669 3953 1823 4013 doce.
1856 3963 1907 4007 et
1934 3954 2027 4009 de-

429 4050 569 4104 pone
586 4038 871 4105 pecuniam
907 4052 1079 4093 meatn
1103 4040 1244 4110 apud
1275 4044 1604 4107 mensarios,
1635 4044 1735 4098 hoc
1753 4055 1857 4105 est.
1883 4048 2025 4115 apud

427 4143 619 4183 omnes
640 4128 909 4195 homines,
934 4132 1024 4200 qui
1049 4134 1307 4202 propositi
1328 4145 1454 4188 sunt
1473 4146 1527 4187 nt
1556 4136 1853 4205 percipiant
1881 4137 2026 4191 utili-

430 4223 597 4269 tatem
616 4256 629 4271 .
652 4216 844 4274 Omnis
862 4221 1007 4274 enim
1042 4222 1203 4276 homo
1231 4225 1538 4279 mensarius
1559 4242 1584 4277 ει
1612 4225 1720 4280 Deo
1741 4228 2024 4284 ordinatus

426 4304 589 4379 “7
626 4320 728 4377 est,
768 4322 825 4364 ut
859 4312 910 4364 in
948 4312 1106 4379 hujus
1140 4315 1325 4368 mundi
1360 4312 1571 4369 officina
1617 4332 1806 4385 magna
1848 4333 2018 4388 nego-

429 4398 627 4450 cietur.
656 4397 716 4450 Et
742 4414 841 4468 ego
873 4400 1093 4454 veniens
1118 4404 1422 4471 exegissem
1461 4404 1614 4466 illud,
1653 4405 1757 4461 hoc
1783 4416 1885 4470 est,
1921 4425 2017 4461 re-

428 4490 731 4558 petiissem,
764 4506 887 4544 cum
933 4507 1118 4546 usura.
1161 4496 1388 4563 Oportet
1442 4496 1607 4565 igitur
1641 4508 1694 4551 et
1733 4515 1829 4551 nos
1876 4501 2019 4568 quod

427 4593 674 4637 nostrum
703 4592 785 4637 est
817 4584 997 4640 facere
1025 4601 1039 4638 :
1070 4585 1209 4641 alios
1238 4598 1417 4641 autem
1446 4588 1704 4645 Dominus
1725 4591 2013 4660 judicabit.

2126 2099 2156 2151 6
2186 2099 2285 2169 μὲν
2313 2099 2543 2162 πολλοὺς
2592 2099 2901 2170 ὠφελήσας,
2932 2098 3025 2151 καὶ
3065 2094 3515 2156 δεκαπλασιάσας
3542 2092 3604 2145 τὸ
3630 2090 3730 2161 χά-

2130 2209 2327 2262 ρισμα,
2371 2195 2398 2245 6
2432 2192 2489 2244 δὲ
2540 2192 2837 2262 ὠφελήσας
2872 2191 2970 2262 μὲν
3015 2190 3110 2243 καὶ
3139 2188 3326 2250 αὐτὸς,
3358 2187 3620 2248 ἐλάττους
3646 2183 3723 2250 δὲ,

2126 2288 2154 2339 ό
2185 2285 2242 2337 δὲ
2282 2284 2403 2354 μήδ’
2436 2284 2573 2341 ὅλως
2604 2284 2898 2354 ὠφελήσας
2933 2281 3074 2345 τινὰ,
3110 2278 3230 2332 ἀλλ’
3271 2278 3331 2331 ἐν
3367 2272 3610 2348 ραθ.μ’ᾁ
3635 2275 3727 2327 δας

2129 2377 2381 2447 πανήσας
2432 2376 2525 2429 τὸν
2567 2376 2760 2447 καιρὸν
2802 2375 2905 2445 τῆς
2951 2375 3362 2445 πραγματείας.
3409 2371 3501 2423 Διδ
3550 2373 3579 2423 6
3629 2368 3725 2439 μὲν

2128 2468 2577 2531 δεκαπλασιάσας
2608 2469 2636 2521 6
2668 2469 2884 2531 ἔλαϐεν,
2933 2468 3121 2519 ἐπάνω
3166 2466 3300 2519 δέκα
3350 2464 3564 2517 πόλεων
3595 2461 3729 2515 καθ⁶

2132 2561 2370 2621 ίσταται,
2411 2562 2721 2625 τουτέστιν,
2756 2560 2933 2631 ἀρχὴν
2968 2558 3102 2613 δέκα
3136 2560 3347 2613 πόλεων
3374 2557 3671 2627 λαμϐάνει,
3699 2554 3726 2609 6

2130 2654 2267 2715 ἐστι,
2318 2652 2763 2717 πολλαπλασίους
2808 2653 2905 2717 τὰς
2963 2653 3204 2723 ἀμοιϐὰς
3256 2653 3497 2723 δέχεται.
3544 2650 3657 2704 Καὶ
3698 2650 3728 2703 6

2126 2745 2326 2815 ἑφεξῆς
2354 2747 2496 2799 κατά
2527 2748 2626 2816 τὴν
2657 2746 2975 2814 ἀναλογίαν.
3016 2746 3077 2799 Ὀ
3119 2745 3175 2799 δὲ
3212 2744 3381 2816 μηδεν
3430 2742 3726 2813 κερδάνας,

2128 2841 2545 2909 κατακρίνεται.
2585 2839 2817 2909 Ἵδωμεν
2850 2838 2908 2891 δὲ
2951 2840 3049 2893 καὶ
3081 2836 3135 2891 τί
3173 2854 3306 2908 φησι
3333 2855 3348 2868 ·
3380 2834 3581 2906 Κύριε,
3616 2835 3722 2888 ἰδοὺ

2129 2930 2161 2999 ἡ
2204 2931 2314 2997 μνᾶ
2342 2947 2459 2994 σου,
2490 2928 2621 2983 λάϐε
2666 2928 2876 3000 ταύτην
2906 2946 2920 2959 ο
2959 2924 3106 2999 εἶχον
3143 2929 3254 2998 γάρ
3282 2927 3486 2997 ταύτην
3517 2928 3574 2978 ὲν
3605 2943 3725 2978 σου-

2128 3020 2301 3091 δαρίῳ
2325 3022 2723 3093 ἀποκειμένην.
2753 3020 2953 3091 Νεκρῷ
2974 3020 3090 3073 δντι
3119 3020 3197 3091 τῷ
3224 3020 3415 3089 Κυρίῳ
3438 3018 3725 3085 σουδάριον

2132 3110 2448 3181 napis-.601].
2503 3110 2597 3164 καὶ
2653 3112 2748 3165 τοῦ
2792 3113 3049 3183 Λαζάρου
3095 3113 3154 3165 ὲν
3198 3110 3276 3181 τῷ
3325 3111 3485 3181 τάφῳ
3528 3113 3560 3181 ἡ
3606 3111 3726 3180 ὖᾷις

2131 3202 2405 3273 σουδαρίῳ
2463 3204 2971 3273 περιεκαλύπτετο·
3049 3204 3281 3269 εἰκότως
3337 3200 3432 3259 οὖν
3494 3204 3726 3283 όκντινρὲς

2126 3291 2279 3358 οὗτος
2332 3297 2602 3368 σουδαρίῳ
2659 3301 2825 3369 φησιν
2854 3300 3199 3355 ὲναποθεῖναι
3253 3300 3313 3354 τὸ
3350 3302 3603 3373 χάρισμα
3642 3320 3727 3357 νε-

2130 3390 2260 3457 κρὸν
2312 3388 2419 3456 γάρ
2474 3389 2637 3441 αὑτὸν
2691 3391 2928 3459 ποιήσας
2978 3392 3097 3445 ’καὶ
3144 3391 3510 3463 ἀνενέργητον
3543 3434 3559 3457 ,
3630 3396 3727 3447 οὐκ

2129 3480 2587 3550 ὲπεξειργάσασο,
2640 3483 2760 3537 οὐδὲ
2807 3484 3166 3554 κεκέρδηκεν.
3226 3486 3580 3559 Ἐφοδούμην
3622 3488 3727 3559 γάρ

2132 3588 2214 3634 σε,
2247 3574 2436 3642 φησιν,
2472 3574 2554 3625 ὅτι
2588 3565 2765 3645 αἴρεις
2796 3576 2824 3628 6
2850 3578 2952 3628 ουκ
2986 3577 3216 3647 ἔθηκας.
3260 3580 3507 3633 Τοιαῦτα
3546 3582 3727 3633 πολλοὶ

2130 3665 2568 3733 προφασίζονται
2603 3682 2617 3696 ’
2649 3669 2722 3736 μὴ
2772 3668 3020 3732 Θέλοντες
3071 3672 3180 3743 γάρ
3220 3672 3509 3742 ὠφελῆσαί
3553 3690 3722 3736 τινας,

2128 3758 2316 3825 φασιν,
2351 3759 2436 3812 ὃτι
2485 3759 2666 3813 Ὀπου
2697 3763 2797 3814 οὑκ
2828 3762 3081 3833 ἔσπειρεν
3110 3769 3138 3818 6
3169 3767 3304 3830 Θεὸς
3348 3767 3603 3835 εὐφυΐαν,
3638 3769 3727 3820 καὶ

2126 3848 2574 3921 ιπιτηδειότητα,
2634 3853 2847 3907 ἐκεῖθεν
2880 3854 2956 3925 μὴ
3006 3854 3160 3927 ζήτει
3211 3856 3393 3929 θέρος.
3428 3858 3534 3912 ἰ’δν
3578 3859 3727 3912 δεινὰ

2126 3941 2229 3995 οὐκ
2272 3942 2533 4014 ἐποίησεν
2584 3945 2763 4012 εὐφυᾶ
2800 3946 2897 3998 καὶ
2934 3948 3072 4016 πρὸς
3115 3947 3358 4019 μάθησιν
3392 3951 3722 4019 ἐπιτήδειον,

2132 4034 2225 4087 καὶ
2255 4034 2309 4087 τί
2348 4051 2416 4104 με
2453 4036 2681 4089 ἀπαιτεῖ
2730 4036 2829 4106 τὴν
2868 4039 3082 4091 ἐκείνου
3137 4040 3444 4107 ὠφέλεισνς
3502 4044 3595 4094 Διδ
3636 4029 3735 4095 καῖ

2126 4129 2155 4181 6
2210 4128 2415 4198 Κύριός
2480 4145 2661 4198 φησι·
2734 4130 2807 4182 Σὺ
2863 4130 3097 4198 δίδαξον,
3166 4133 3264 4186 καὶ
3329 4135 3611 4188 κατάϐαλε
3666 4134 3725 4188 τὸ

2129 4219 2395 4291 ἀργύριόν
2438 4237 2539 4289 μου
2570 4224 2684 4285 τοῖς
2717 4223 3098 4293 τραπεζίταις,
3131 4227 3410 4289 τουτέστι,
3446 4229 3583 4280 πᾶσι
3616 4230 3725 4291 τοῖς

2126 4312 2263 4381 πρὸς
2283 4312 2341 4365 τὸ
2359 4311 2691 4383 ὠφελεῖσθαι
2716 4317 3098 4385 προκειμένας
3116 4317 3452 4389 ἀνθρώποις.
3480 4321 3596 4384 Ili;
3615 4320 3723 4391 γὰρ

2123 4402 2220 4456 ἄνθ
2231 4420 2410 4473 ρωπος
2428 4403 2768 4476 τραπεζίτης
2787 4405 2894 4458 ὑπὸ
2916 4406 3051 4459 Θεοῦ
3080 4410 3554 4480 προκεχείρισται,
3578 4411 3722 4465 ὥστε

2122 4497 2181 4548 ἐν
2202 4496 2277 4566 τῷ
2310 4496 2535 4566 μεγάλῳ
2561 4498 2656 4550 τοῦ
2692 4499 2900 4567 κόσμου
2947 4501 3136 4553 τούτου
3192 4504 3546 4576 ἐργαστηρίῳ
3580 4524 3721 4578 πρα-

2132 4588 2530 4656 γματεύεσθαι.
2560 4592 2669 4644 Καὶ
2701 4590 2813 4659 ἐγὼ
2841 4592 3033 4661 ἐλθὼν,
3055 4588 3359 4667 ἐπραξαᾶν
3386 4599 3542 4665 αὐτὸ,
3562 4617 3721 4659 τουτ-

428 4675 471 4729 si
512 4674 786 4729 noluerint
818 4677 1107 4730 utilitatem
1151 4679 1274 4733 inde
1310 4683 1611 4751 percipere.
1653 4682 1886 4738 Tollitur
1917 4687 2015 4756 igi-

2127 4678 2295 4743 έστιν,
2315 4680 2575 4749 ἀπῄτησα
2597 4683 2693 4733 σὺν
2715 4682 2879 4753 τόκῳ.
2911 4689 3001 4737 Δεῖ
3029 4686 3128 4755 μὲν
3146 4688 3255 4758 γὰρ
3274 4689 3423 4757 ἡμᾶς
3440 4694 3503 4741 τὸ
3519 4694 3722 4746 οξκεῐον

430 4773 516 4821 tur
545 4767 769 4831 donum,
805 4778 857 4823 et
890 4773 1050 4826 datur
1082 4772 1223 4827 bono
1257 4776 1604 4843 negotiatori.
1643 4774 1777 4830 Nam
1810 4778 1933 4832 licet
1973 4781 2018 4835 is

430 4857 648 4925 habeat,
690 4868 909 4930 propter
958 4864 1099 4917 istud
1152 4866 1326 4934 ipsum
1389 4878 1566 4921 tamen
1628 4870 1800 4939 magis
1855 4871 2017 4927 debet

430 4950 585 5021 plura
628 4951 897 5020 accipere.
951 4951 1181 5009 Habenti
1240 4957 1385 5010 enim
1419 4958 1658 5027 dabitur,
1691 4962 1793 5016 hoc
1820 4974 1935 5029 est,
1964 4964 2013 5019 ei

429 5041 521 5112 qui
560 5056 626 5096 ex
662 5044 1027 5113 negotiatione
1058 5047 1182 5102 boni
1230 5049 1395 5103 multa
1439 5050 1677 5107 lucratus
1718 5053 1898 5118 fuerit,
1938 5055 2013 5109 illi

431 5130 647 5187 dabitur
679 5144 733 5187 et
763 5135 1014 5201 amplius.
1056 5136 1189 5191 Nam
1239 5140 1281 5193 si
1312 5154 1479 5207 parva
1521 5143 1573 5197 in
1608 5146 1835 5215 dccupla
1888 5143 2016 5200 fecit

432 5236 702 5291 crescere,
760 5230 1104 5285 manifestum
1158 5235 1297 5301 quod
1337 5242 1390 5289 et
1441 5235 1594 5306 plura
1636 5238 2017 5307 decuplicabit,

433 5313 659 5382 majoris
706 5316 837 5370 lucri
879 5330 1068 5374 auctor
1112 5320 1336 5377 domino
1370 5324 1599 5380 futurus.
1638 5328 1681 5382 A
1716 5330 2021 5399 negligente

433 5414 614 5459 autem
646 5413 700 5459 et
729 5406 942 5477 ignavo,
990 5419 1044 5463 et
1077 5412 1161 5465 cui
1199 5427 1309 5468 non
1340 5424 1423 5470 est
1453 5417 1690 5471 studium
1723 5428 1780 5472 ut
1809 5430 2022 5475 crescat

430 5502 486 5549 et
509 5507 768 5567 augeatur
798 5502 942 5568 quod
988 5515 1299 5574 acceperat,
1346 5518 1400 5562 et
1448 5510 1586 5565 istuc
1636 5511 1813 5579 ipsutu
1868 5514 2013 5581 quod

430 5584 595 5641 habet
630 5589 867 5657 tolletur,
904 5603 961 5647 ut
1002 5610 1068 5651 ne
1121 5612 1209 5652 res
1263 5598 1533 5654 dominica
1598 5602 1798 5657 frustra
1837 5616 2011 5670 vacet,

432 5696 556 5751 quae
586 5685 701 5739 dari
733 5696 909 5755 potest
934 5692 1115 5759 alteri,
1142 5703 1195 5749 et
1227 5696 1596 5765 multiplicari.
1626 5699 1749 5755 llaec
1780 5717 1882 5755 non
1918 5715 2010 5756 so-

430 5772 541 5832 lum
570 5777 639 5832 de
666 5792 918 5838 sermone
951 5796 1004 5840 et
1056 5788 1299 5845 doctrina
1344 5792 1686 5863 exponimus,
1728 5796 1820 5851 sed
1860 5804 1912 5851 et
1947 5796 2013 5852 de

501 5954 546 5987 "
579 5953 732 6011 Joan.
785 5974 862 6015 xi.

2128 4775 2322 4837 ποιεῖν,
2364 4773 2491 4842 περὶ
2520 4774 2579 4828 δὲ
2608 4775 2715 4829 τῶν
2756 4776 3076 4847 μετέπειτα,
3105 4782 3242 4844 θεὸς
3280 4786 3461 4853 κρινεῖ
3492 4788 3623 4851 τοὺς
3647 4785 3721 4857 μὴ

2127 4864 2463 4936 θελήσαντας
2512 4867 2885 4941 ὠφεληθῆναι.
2933 4871 3159 4943 Λῖρεται
3212 4873 3308 4929 οὖν
3343 4875 3401 4929 τὸ
3449 4878 3719 4951 χάρισμα,

2124 4957 2219 5011 καὶ
2255 4959 2460 5013 δίδοται
2500 4961 2578 5031 τῷ
2613 4962 2805 5035 ἁγαθῷ
2839 4969 3267 5038 πραγματευτῇ·
3311 4970 3417 5023 κᾶν
3453 4972 3564 5044 γάρ
3601 4975 3720 5044 ἔχῃ,

2129 5052 2329 5122 μᾶλλον
2358 5053 2425 5107 δι’
2456 5055 2589 5108 αὐτὸ
2616 5056 2776 5110 τοῦτο
2800 5058 3009 5127 ὀφείλει
3042 5061 3216 5115 πλείω
3249 5064 3608 5131 προσλαόεἶν.
3633 5069 3719 5137 Τῷ

2122 5147 2230 5216 γὰρ
2279 5146 2455 5216 ἔχοντι
2507 5147 2817 5219 δοθήσεται,
2850 5152 3123 5217 τουτέστι,
3170 5154 3251 5225 τῷ
3286 5155 3351 5209 εκ
3396 5158 3495 5211 τοῦ
3536 5159 3719 5223 καλῶς

2122 5240 2653 5311 πραγματεύσασθαι
2677 5242 2890 5296 πολλῶν
2908 5247 3303 5317 εὐπορήσαντι,
3331 5249 3531 5322 εκείνῳ
3561 5252 3715 5323 δοθή-

2124 5349 2273 5385 σεται
2304 5333 2397 5386 καὶ
2430 5334 2620 5388 πλείω.
2661 5335 2725 5389 Ei
2761 5337 2871 5407 γάρ
2904 5339 2971 5391 τά
2996 5338 3154 5406 ὀλίγα
3197 5339 3408 5411 ηὔξησε
3443 5342 3716 5400 δεκαπλα-

2122 5426 2353 5490 σιάσας,
2422 5427 2690 5498 πρόδηλον
2751 5430 2833 5484 ὅτι
2896 5432 2967 5484 τὰ
3026 5430 3165 5486 πλείε
3235 5434 3713 5504 δεκαπλασιάζων,

2122 5515 2373 5598 πλείονος.
2393 5518 2617 5587 κέρδους
2652 5520 2913 5590 πρόξενος
2945 5522 3024 5595 τῷ
3054 5524 3296 5600 δεσπότῃ
3331 5526 3542 5583 ἔσεται.
3587 5529 3715 5585 Ἀτεὺ

2120 5606 2176 5660 δὲ
2203 5608 2440 5679 ἀμελῶς
2468 5612 2560 5664 καὶ
2590 5612 2847 5683 όινηροῦ,
2880 5615 2974 5668 καὶ
2999 5615 3073 5686 μὴ
3108 5616 3347 5688 αὐξῆσαι
3380 5621 3712 5675 σπουδάσαν-

2119 5718 2211 5765 τος
2250 5701 2278 5753 6
2308 5702 2493 5767 ἔλαϐε,
2532 5708 2625 5758 καὶ
2653 5706 2787 5759 αὐτὸ
2818 5709 3018 5772 ἐκεῖνο,
3042 5708 3070 5761 6
3100 5708 3235 5782 ἔχει,
3266 5711 3595 5783 ἀρθήσεται,
3626 5715 3711 5769 ινα

2125 5797 2199 5865 μὴ
2223 5796 2366 5868 ἀργῇ
2404 5796 2464 5851 τὸ
2492 5797 2813 5856 δεσποτικὸν
2851 5804 3107 5873 πρᾶγμα,
3136 5802 3366 5859 δυνατὸν
3399 5804 3462 5861 6v
3494 5807 3714 5878 δοθῆναι
