4048 6530
288 483 426 547 1021}

1015 480 1463 542 ENARRATIO
1506 478 1590 542 IN
1633 477 2148 540 EVANGELIUM
2189 478 2526 540 LUC/EL—
2553 478 2719 541 CAP.
2761 476 2936 540 XIX.

3474 475 3618 545 1030

277 600 470 669 ἑτέρῳ,
507 598 602 651 καὶ
643 594 1212 665 πολυπλασιασθῆναι.
1264 595 1452 651 Ταῦτα
1499 595 1556 649 δὲ
1600 594 1677 666 μὴ
1721 595 1888 665 μόνον

2001 594 2296 651 moralibus
2327 595 2650 653 virtutibus.
2682 594 2821 650 Nam
2851 605 2908 652 et
2937 594 2993 657 in
3023 593 3109 650 his
3150 593 3296 650 dona
3333 593 3489 650 nobis
3519 595 3618 652 de-

278 691 370 745 ἐπὶ
404 688 500 742 τοῦ
545 688 730 756 λόγου,
766 690 862 741 καὶ
905 688 1008 758 τῆς
1045 687 1395 752 διδασκαλίας
1441 687 1887 760 ὲκλαμὸάνομεν,

274 784 413 838 ἀλλὰ
443 783 538 837 καὶ
565 781 793 838 ἐπὶτῶν
825 780 1037 851 ἠθικῶν
1070 781 1305 852 ἀρετῶν.
1345 782 1457 836 Καὶ
1487 783 1596 854 γὰρ
1629 783 1732 838 κάν
1759 782 1894 836 ταύ-

276 895 400 940 ταις
437 878 674 931 δέδωκεν
713 878 904 947 ήμῒνό
952 875 1087 938 Θεὸς
1140 876 1481 946 χαρίσματα,
1527 877 1606 947 τῷ
1653 878 1753 946 μὲν
1799 896 1894 949 νη-

281 971 486 1038 στείας,
514 970 590 1041 τῷ
632 971 689 1024 δὲ
725 971 1120 1041 ὲλεημοσύνης,
1155 969 1233 1040 τῷ
1265 970 1322 1023 δὲ
1352 971 1691 1042 πραότητος,
1733 972 1811 1043 τῷ
1837 972 1892 1024 δὲ

277 1064 535 1132 ἀτυφίας.
560 1063 677 1116 Κᾶν
698 1063 797 1132 μὲν
827 1065 1113 1134 νήφωμεν,
1134 1063 1654 1134 πολυπλασιάζομεν
1680 1065 1884 1117 ταῦτα’

275 1155 342 1208 ἂν
370 1155 425 1208 δὲ
461 1155 822 1226 ῥαθυμῶμεν,
855 1158 947 1209 καὶ
989 1155 1473 1228 ἁπονεκρωθῶμεν
1502 1161 1572 1227 τῇ
1623 1159 1889 1228 προαιρέο

277 1266 381 1313 σει,
439 1248 668 1318 ὔστερον
705 1250 1069 1320 αἰτιασόμεθα
1117 1251 1207 1302 τὸν
1270 1250 1425 1315 Θεὸν,
1478 1251 1554 1315 ῶς
1612 1253 1892 1322 είώθαμεν

275 1339 480 1405 λέγειν,
513 1340 623 1391 Καὶ
647 1341 699 1391 τί
731 1341 980 1410 ποιήσω;
1019 1342 1146 1393 Ἐὰν
1182 1342 1210 1393 6
1236 1341 1385 1394 δεῖνα
1483 1342 1660 1410 ἆγιος,
1693 1343 1838 1396 θέλει
1867 1345 1894 1396 6

276 1433 429 1494 Θεὸς,
479 1431 575 1484 καὶ
608 1432 757 1485 ἔστιν
807 1431 987 1498 ἅγιος*
1034 1435 1134 1503 ἐμὲ
1184 1435 1244 1486 οὑ
1280 1435 1448 1498 θέλει,
1485 1435 1583 1488 καὶ
1621 1435 1720 1488 οὑκ
1752 1436 1889 1504 είμί.

278 1525 386 1576 Καὶ
417 1527 629 1588 ἐκεῖνος
659 1527 866 1596 Πέτρος
899 1522 987 1596 ἦν,
1023 1529 1231 1590 ἐκεῖνος
1268 1529 1502 1591 Παῦλος.
1540 1527 1759 1599 Ἀνόητε
1799 1530 1894 1583 άν-

278 1618 487 1688 θρωπε,
534 1622 566 1691 ἡ
613 1622 722 1689 μνᾶ
768 1620 914 1689 αῦτη
966 1621 1174 1692 Πέτρον
1201 1639 1260 1676 σε
1312 1626 1461 1676 ποιεῖ
1510 1624 1605 1676 καὶ
1652 1622 1892 1678 Παῦλον.

282 1715 556 1782 Ἐργασαι
581 1714 638 1766 δὲ
678 1714 820 1767 κατὰ
850 1714 1106 1784 δύναμιν,
1136 1717 1232 1770 καὶ
1258 1717 1582 1788 προσάγαγέ
1617 1737 1667 1771 τι
1697 1717 1776 1787 τῷ
1807 1717 1893 1770 δε-

279 1806 503 1870 δωκότι,
547 1807 648 1860 κᾶν
701 1810 776 1880 μὴ
839 1810 961 1862 ὅσον
1000 1811 1028 1862 6
1061 1811 1290 1881 Πέτρος,
1322 1813 1415 1864 καὶ
1447 1812 1658 1876 Παῦλος
1687 1829 1700 1842 ·
1733 1811 1798 1865 κί)
1834 1812 1891 1865 δὲ

278 1902 346 1953 τθι
393 1900 534 1953 αὑτὰ
563 1899 641 1971 τῷ
697 1902 888 1971 Πέτρῳ
941 1904 1036 1956 καὶ
1070 1904 1148 1974 τῷ
1185 1905 1383 1974 Παύλῳ
1408 1905 1706 1975 δεξάμενος
1733 1923 1745 1937 ο
1786 1909 1892 1958 κά-

1999 687 2081 743 dit
2118 688 2286 756 Deus,
2322 697 2513 759 utpote
2543 691 2634 744 uni
2677 691 2879 744 donum
2909 686 3128 759 jejunii,
3167 687 3256 742 alii
3299 701 3430 743 vero
3458 686 3619 744 elec-

1998 796 2263 852 mosynae.
2288 782 2380 837 alii
2417 793 2598 837 autem
2625 783 3090 847 mansuetudinis,
3114 780 3203 836 alii
3221 790 3405 836 autem
3437 781 3622 837 humi-

1999 874 2189 928 litatis.
2222 875 2286 929 Et
2331 879 2378 930 si
2431 877 2650 946 quidem
2695 875 2865 931 sobrii
2909 874 3179 931 fuerimus
3209 885 3260 929 et
3298 876 3618 947 vigilantes,

2001 967 2494 1036 multiplicabimus
2536 972 2652 1024 haec
2706 989 2736 1034 ι
2772 970 2855 1024 sin
2905 981 3088 1024 autem
3143 969 3503 1040 negligentes,
3563 976 3620 1023 et

2001 1061 2278 1115 voluntate
2358 1062 2596 1126 mortui,
2664 1071 2850 1132 postea
2922 1078 3215 1132 arguemus
3289 1061 3500 1129 Deum,
3564 1067 3625 1115 ut

1998 1158 2384 1211 (‘HnSlleVilllUS
2466 1159 2650 1214 dicere
2697 1177 2710 1212 :
2759 1159 2828 1213 Et
2880 1160 3010 1229 quid
3085 1157 3321 1211 faciam?
3388 1157 3446 1213 Si
3497 1157 3622 1227 quis

1999 1246 2163 1304 fuerit
2200 1251 2598 1313 sanctus,vult
2652 1252 2815 1316 Deus,
2850 1262 2904 1306 et
2948 1261 3033 1306 est
3072 1261 3303 1307 sanctus
3343 1269 3357 1306 :
3397 1267 3481 1305 me
3510 1266 3620 1305 non

2002 1343 2134 1403 \‘uit,
2177 1352 2229 1396 et
2261 1359 2364 1396 non
2408 1360 2532 1399 sum
2571 1365 2583 1398 :
2612 1353 2667 1398 et
2709 1344 2797 1398 ille
2830 1346 3026 1399 Petrus
3063 1343 3185 1409 fuit,
3214 1354 3267 1399 et
3297 1344 3385 1399 ille
3417 1344 3622 1398 Paulus

2001 1436 2120 1492 fuit.
2156 1436 2332 1494 Stulte
2370 1440 2554 1502 homo,
2596 1439 2740 1492 mina
2775 1437 2864 1491 illa
2921 1437 3151 1492 Paulum
3189 1449 3238 1492 te
3270 1438 3402 1493 fecit
3431 1448 3485 1492 et
3514 1437 3609 1492 Pe-

2001 1541 2164 1584 trum.
2199 1533 2441 1602 Operare
2465 1543 2647 1586 autem
2670 1533 2826 1602 juxta
2859 1533 3141 1596 virtutem,
3164 1541 3219 1586 et
3243 1530 3380 1585 aﬂ'er
3408 1531 3619 1600 aliquid

1997 1624 2044 1678 ei
2079 1624 2167 1694 qui
2202 1625 2368 1690 dedit,
2403 1627 2617 1679 etiamsi
2646 1644 2752 1680 non
2777 1636 3043 1695 quantum
3068 1624 3274 1680 Paulus
3308 1637 3362 1681 et
3395 1625 3596 1680 Petrus

1996 1714 2075 1769 Τιι
2109 1727 2289 1770 autem
2318 1733 2438 1770 cum
2475 1719 2665 1772 eadem
2701 1719 2982 1788 acceperis
3017 1734 3138 1787 qua:
3164 1718 3361 1772 Petrus
3395 1728 3448 1773 et
3479 1717 3592 1772 Pau

1996 1809 2080 1864 lus
2116 1828 2128 1864 :
2173 1826 2296 1864 nam
2327 1820 2381 1864 et
2420 1810 2505 1864 ille
2543 1810 2770 1875 minam,
2803 1821 2858 1863 et
2891 1820 2944 1863 tu
2991 1813 3196 1863 minam
3230 1827 3242 1863 :
3285 1820 3471 1879 postea
3512 1825 3618 1864 neu

1998 1914 2176 1957 motus
2204 1904 2429 1958 omnino
2459 1904 2526 1958 ad
2563 1904 2941 1969 operationem
2983 1903 3134 1967 boni,
3169 1905 3359 1972 arguis
3402 1905 3622 1957 Deum?

279 1993 459 2054 κεῖνος
487 1993 597 2062 γάρ
633 1994 795 2062 μνᾶν,
830 1996 922 2046 καὶ
950 1996 1014 2049 σὺ
1053 1997 1192 2065 μνᾶν
1256 1995 1448 2049 ἔπειτα
1482 1997 1618 2068 μηδὲ
1648 1996 1893 2068 κινηθεὶς

2002 1996 2234 2065 Propter
2265 1997 2367 2049 hoc
2401 1996 2604 2065 indigni
2641 1996 2845 2049 inventi
2881 1996 3062 2058 donis,
3091 1995 3195 2049 illis
3227 1995 3616 2064 spoliabimur.

278 2083 417 2148 ὅλως
463 2087 544 2148 εἰς
585 2086 855 2155 ἐργασίαν
899 2088 997 2141 τοῦ
1037 2090 1206 2143 καλοῦ
1257 2092 1410 2162 αἰτιᾷ
1444 2091 1535 2144 τὸν
1585 2091 1755 2156 Θεόν;
1794 2088 1898 2142 Διὰ

276 2175 438 2229 τοῦτο
475 2176 687 2244 ἀνάξιοι
734 2179 1120 2249 εὑρισκόμενοι
1166 2180 1278 2233 τῶν
1323 2180 1706 2252 χαρισμάτων,
1758 2180 1896 2232 ἀπο-

278 2267 643 2338 γυμνούμεθα
691 2271 922 2326 τούτων.
972 2272 1113 2333 Τοὺς
1165 2271 1222 2324 δὲ
1259 2273 1491 2343 ἐχθρούς
1551 2290 1677 2342 μου,
1733 2271 1892 2343 φησὶ,

276 2363 405 2424 τοὺς
455 2366 530 2434 μή
582 2364 836 2428 θέλοντας
874 2383 940 2436 με
972 2365 1315 2434 βασιλεῦσαι,
1345 2366 1584 2434 ἀγάγετε
1617 2359 1744 2429 ὦδε,
1797 2365 1894 2416 καὶ

279 2456 525 2526 σφάξατε
554 2474 568 2488 ·
595 2459 716 2522 τοὺς
753 2457 1044 2520 Ἰουδαίους
1067 2461 1254 2531 φησιν,
1296 2458 1389 2522 οὓς
1422 2459 1741 2528 καταφθορᾷ
1767 2475 1862 2512 παι

2001 2091 2258 2145 Inimicos
2292 2105 2462 2156 meos,
2512 2091 2664 2153 dicit,
2708 2104 2804 2144 eos
2854 2089 2946 2159 qui
3001 2091 3196 2144 nolunt
3229 2105 3316 2144 me
3365 2103 3619 2158 regnare,

2012 2184 2267 2262 adducite
2296 2183 2423 2249 huc,
2459 2192 2507 2236 et
2543 2184 2797 2238 occidite.
2822 2181 3042 2238 Judzeos
3065 2183 3219 2246 dicit,
3257 2197 3397 2251 quos
3425 2182 3621 2236 interi-

1999 2276 2074 2329 ιιιὶ
2112 2277 2308 2339 tradet,
2351 2278 2405 2331 in
2459 2276 2634 2346 ignem
2672 2286 2938 2330 mternum
2993 2276 3219 2330 mittens
3251 2276 3394 2329 illos.
3445 2275 3624 2344 Atque

1995 2368 2131 2422 adeo
2155 2367 2228 2421 illi
2267 2367 2452 2423 miseri
2480 2368 2530 2421 in
2552 2367 2655 2422 hoc
2685 2369 2887 2422 mundo
2918 2368 3083 2422 occisi
3127 2378 3255 2422 sunt
3295 2382 3323 2420 a
3359 2365 3624 2421 Romanis

1976 2459 2331 2523 exercitibus,
2379 2470 2781 2530 servanturque
2839 2460 3204 2515 internecioni
3236 2459 3486 2530 qumillic
3517 2467 3624 2521 est,

281 2550 535 2621 ραόώσει,
560 2553 639 2612 είς
659 2551 718 2604 τὸ
735 2551 843 2620 πῦρ
862 2554 923 2604 τὸ
948 2550 1214 2622 ἐξώτερον
1239 2553 1635 2622 παραπέμπων
1674 2551 1893 2613 αὑτούς.
1928 2551 2040 2604 Καὶ
2076 2551 2260 2622 μέντοι
2302 2546 2448 2605 οὗτοι
2489 2554 2538 2605 οἱ
2599 2552 2776 2607 ἄθλιοι
2829 2551 3134 2618 κάνταῦθα,
3171 2555 3230 2605 ὲν
3286 2552 3364 2622 τῷ
3433 2552 3625 2623 κόσμῳ

278 2645 456 2714 τούτῳ
492 2646 653 2714 φημὶ,
697 2646 1124 2716 κατεσφάγησαν
1146 2647 1250 2700 ὑπὸ
1278 2648 1387 2700 τῶν
1422 2646 1760 2716 Ῥωμαϊκῶν
1790 2648 2241 2719 στρατευμάτων,
2271 2648 2604 2720 τηρούμενοι
2646 2650 2742 2702 καὶ
2772 2649 3140 2720 φυλαξόμενοι
3168 2653 3234 2722 τῇ
3269 2651 3389 2703 ἐκεῖ
3409 2652 3621 2719 σφαγῇ,

356 2762 378 2796 ι
416 2745 524 2796 Καὶ
554 2743 773 2811 ἐγένετο
815 2745 888 2808 ῶς
939 2747 1173 2817 ήγγισεν
1208 2748 1288 2809 είς
1327 2745 1622 2816 Βηθφαγὴ,
1660 2746 1757 2798 καὶ
1787 2745 1898 2815 Βη-

280 2836 476 2889 θανίαν
537 2837 673 2906 πρδς
723 2837 784 2890 τὸ
827 2837 952 2906 ὅρος
995 2838 1058 2891 τὸ
1125 2839 1466 2908 καλούμενον
1509 2837 1760 2904 Ἐλαιῶν,
1791 2839 1900 2891 ἀπ-

295 2930 506 2983 έστειλε
543 2931 636 2984 δύο
665 2933 772 2985 τῶν
813 2933 1073 3004 μαθητῶν
1103 2935 1272 2987 αὑτοῦ
1301 2935 1491 2986 εἰπών·
1511 2933 1786 3001 Ὑπάγετε
1819 2933 1900 2996 είς

280 3024 383 3093 τὴν
410 3024 697 3076 κατέναντι
733 3025 950 3095 κώμην,
970 3027 1027 3079 ὲν
1123 3027 1600 3098 εἰσπορευόμενοι,
1629 3028 1895 3098 εὑρήσετε

284 3115 468 3167 πῶλον
505 3116 814 3184 δεδεμένον,
864 3119 950 3186 ἐφ’
1001 3116 1060 3170 ὃν
1103 3118 1280 3181 οὐδεὶς
1323 3119 1544 3172 πώποτε
1582 3120 1895 3190 ἀνθρώπων

2074 2744 2246 2801 Vens.
2270 2746 2342 2802 29
2372 2748 2464 2801 40.
2503 2766 2523 2798 σ
2562 2747 2629 2801 Ει
2657 2747 2864 2802 factum
2899 2758 2983 2804 est
3017 2764 3141 2804 cum
3181 2751 3622 2819 appropinquas-

1999 2839 2174 2892 setad
2211 2837 2526 2908 Bethphage
2565 2846 2618 2894 et
2671 2838 2998 2894 Bethaniam
3041 2840 3196 2909 juxta
3244 2853 3488 2897 montem
3533 2843 3624 2913 qui

2009 2940 2238 2986 vocatur
2267 2932 2566 2999 Olivarum,
2621 2932 2772 2988 misit
2817 2933 2954 2988 duos
3003 2922 3303 3002 discipulos
3351 2950 3500 2998 suos,
3541 2939 3625 2990 di-

1998 3036 2168 3077 cens:
2199 3021 2276 3078 lte
2317 3023 2371 3078 in
2397 3023 2679 3097 castellum
2722 3025 2867 3094 quod
2898 3040 2929 3080 e
2966 3026 3190 3094 regione
3213 3036 3316 3090 est,
3378 3027 3429 3079 in
3466 3028 3626 3093 Quod

1999 3114 2345 3168 introeuntes
2388 3115 2684 3170 invenietis
2704 3116 2909 3185 pullum
2946 3118 3139 3182 asinze,
3196 3116 3508 3186 alligatum,
3568 3119 3621 3173 in

283 3212 540 3265 ἐκάθισε·
575 3210 838 3274 λύσαντες
870 3211 1034 3264 αὑτὸν
1078 3212 1342 3280 ἀγάγετε,
1380 3213 1472 3265 καὶ
1508 3211 1605 3264 ἐάν
1637 3230 1720 3276 τις
1751 3212 1893 3281 ὑμᾶς

2005 3222 2113 3275 quo
2147 3223 2307 3263 nemo
2338 3224 2577 3277 unquam
2623 3209 2904 3261 hominum
2960 3209 3127 3262 sedit.
3179 3207 3386 3264 Solvite
3439 3209 3620 3276 illum,

282 3304 486 3376 ἐρωτᾷ,
518 3303 670 3356 Διατί
693 3303 848 3356 λύετε
875 3322 890 3372 ;
922 3303 1094 3368 οὕτως
1119 3307 1294 3375 ἐρεῖτε
1320 3305 1580 3374 αὑτῷ,ὃτι
1609 3305 1669 3357 Ὀ
1693 3305 1898 3376 Κύριος

281 3396 451 3450 αὑτοῦ
493 3397 685 3468 χρείαν
723 3397 857 3467 ἔχει.
902 3397 1258 3459 Ἀπελθόντες
1293 3397 1350 3450 δὲ
1384 3399 1433 3451 οἱ
1462 3398 1893 3468 ἀπεσταλμένοι,

282 3485 445 3561 εὗρον
497 3489 680 3554 καθὼς
737 3488 892 3543 εἶπεν
940 3491 1147 3554 αὑτοῖς.
1185 3492 1440 3544 Λυὸντων
1473 3491 1531 3544 δὲ
1584 3491 1766 3544 αὑτῶν
1805 3492 1896 3544 τὸν

287 3581 493 3646 πῶλον,
527 3576 683 3633 εἷπον
709 3583 756 3634 οἱ
786 3582 966 3652 κύριοι
1000 3581 1166 3634 αὑτοῦ
1202 3583 1340 3652 πρὸς
1372 3583 1604 3642 αὑτοὺς·
1645 3583 1710 3635 Τί
1739 3582 1896 3636 λύετε

282 3680 375 3732 τὸν
402 3680 614 3746 πῶλον;
644 3679 708 3731 Ol
732 3678 787 3731 δὲ
808 3674 964 3731 εἶπον
987 3696 999 3708 ·
1039 3679 1098 3732 '0
1121 3677 1324 3748 Κύριος
1347 3677 1514 3732 αὑτοῦ
1543 3677 1732 3748 χρείαν
1758 3679 1896 3747 ἔχει.

283 3775 396 3827 Καὶ
429 3775 635 3842 ήγαγον
668 3772 829 3825 αὑτὸν
865 3772 1004 3843 πρὸς
1040 3770 1130 3824 τὸν
1171 3769 1404 3840 Ἰησοῦν,
1440 3773 1534 3823 καὶ
1565 3771 1897 3843 ἑπιρρίψαν-

283 3883 376 3926 τες
406 3864 617 3917 ἑαυτῶν
648 3864 717 3916 τά
745 3865 942 3934 ἱμάτια
973 3864 1068 3916 ἐπὶ
1092 3863 1184 3914 τὸν
1214 3862 1414 3928 πῶλον,
1440 3861 1780 3915 ἐπεϐίϐασαν
1803 3862 1898 3915 τὸν

297 3956 531 4027 Ἰησοῦν.
592 3955 974 4024 Πορευομένου
1022 3953 1078 4006 δὲ
1114 3953 1308 4015 αὑτοῦ,
1370 3952 1794 4023 ὑπεστρώννυον
1828 3953 1898 4006 τὰ

297 4052 493 4120 ἱμάτια
524 4049 708 4102 αὐτῶν
739 4050 797 4100 ὲν
833 4051 899 4117 τῇ
930 4047 1054 4114 ὀδῷ.
1105 4045 1450 4114 Ἐγγίζοντος
1503 4047 1559 4099 δὲ
1600 4046 1765 4100 αὑτοῦ
1795 4046 1895 4118 ἤδη

287 4142 427 4213 πρὸς
454 4144 520 4212 τῇ
563 4141 866 4194 καταϐάσει
893 4140 984 4192 τοῦ
1021 4140 1181 4209 ὅρους
1219 4140 1326 4192 τῶν
1369 4139 1619 4203 Ἐλαιῶν,
1664 4138 1898 4209 ἤρξαντο

288 4235 435 4289 ἆπαν
465 4235 527 4286 τὸ
560 4234 765 4303 πλῆθος
800 4232 910 4286 τῶν
959 4233 1223 4303 μαθητῶν
1249 4233 1560 4302 χαίροντες,
1596 4235 1770 4286 αίνεῐν
1803 4233 1897 4286 τὸν

287 4329 421 4383 Θεὸν
458 4331 610 4399 φωνῇ
660 4327 871 4402 μεγάλῃ
898 4329 1027 4398 περ)⁵
1060 4327 1272 4392 πασῶν,
1307 4321 1382 4381 ὧν
1414 4323 1555 4380 εἶδον
1585 4327 1892 4397 δυνάμεων,

288 4424 540 4491 λέγοντες
562 4441 576 4454 ’
605 4423 984 4492 Εὐλογημένος
1011 4422 1038 4473 ὁ
1068 4421 1362 4492 ἐρχόμενος
1408 4421 1669 4484 Βασιλεὺς
1695 4423 1750 4472 ὲν
1775 4420 1897 4472 ὀνό-

293 4512 671 4582 ματιΚυρίου.
703 4512 909 4582 Εἰρήνη
935 4513 991 4563 ἐν
1019 4511 1256 4582 οὐρανῷ,
1278 4513 1372 4564 καὶ
1393 4512 1522 4578 δόξα
1540 4514 1597 4564 ὲν
1620 4511 1889 4581 ὑψίστοις.

2005 3308 2058 3352 et
2108 3298 2380 3352 adducite.
2439 3299 2506 3350 Et
2538 3299 2580 3352 si
2616 3298 2742 3365 quis
2793 3314 2889 3352 vos
2947 3298 3396 3367 iuterrogaverit,
3437 3299 3624 3365 Quare

2004 3389 2249 3445 solvitis?
2276 3391 2355 3444 sic
2383 3389 2578 3444 dicetis
2603 3390 2649 3444 ei
2676 3408 2688 3444 :
2715 3389 2854 3454 Quia
2884 3389 3154 3443 Dominus
3173 3405 3239 3444 eo
3270 3404 3406 3460 opus
3433 3392 3619 3446 habet.

2001 3481 2273 3536 Abierunt
2298 3490 2482 3536 autem
2515 3483 2605 3550 qui
2633 3482 2782 3536 missi
2810 3490 2990 3545 erant,
3020 3493 3073 3536 et
3116 3483 3446 3539 invenerunt
3477 3485 3623 3540 sicut

2003 3575 2222 3629 dixerat
2263 3575 2392 3629 illis.
2431 3574 2787 3629 Solventibus
2815 3581 2999 3629 autem
3040 3575 3147 3629 illis
3185 3576 3413 3644 pullum,
3452 3579 3623 3632 dixe-

2005 3677 2131 3721 runt
2164 3667 2369 3720 domini
2408 3667 2527 3734 eius
2564 3667 2630 3720 ad
2684 3667 2808 3720 illos
2850 3684 2861 3720 :
2903 3666 3085 3732 Quare
3120 3670 3331 3724 solvitis
3373 3669 3622 3738 pullum?

2001 3763 2070 3815 At
2101 3761 2177 3816 illi
2211 3762 2464 3815 dixerunt
2505 3777 2517 3812 :
2552 3760 2693 3827 Quia
2727 3762 2994 3817 Dominus
3025 3777 3090 3816 eo
3137 3778 3274 3831 opus
3324 3763 3512 3818 habet.
3551 3763 3620 3818 Et

2001 3857 2278 3909 duxerunt
2329 3853 2477 3907 illum
2523 3855 2590 3907 ad
2641 3852 2850 3921 Jesum,
2894 3863 2946 3908 et
3000 3853 3218 3921 injectis
3269 3855 3619 3912 vestimentis

2001 3950 2116 4003 suis
2149 3963 2314 4018 super
2336 3947 2566 4018 pullum,
2602 3947 2984 4016 imposuerunt
3006 3945 3217 4004 Iesum.
3245 3947 3416 4021 448
3438 3950 3617 4004 Ευιιιιι

2001 4055 2182 4098 autem
2221 4041 2331 4107 illo,
2353 4042 2782 4097 substernebant
2815 4041 3144 4096 vestimenta
3187 4058 3283 4096 sua
3320 4045 3373 4096 in
3409 4043 3518 4096 via.
3554 4043 3619 4097 Et

2002 4151 2125 4190 eum
2161 4134 2628 4204 appmpiuquaret
2654 4132 2769 4202 jam
2805 4133 2870 4187 ad
2903 4133 3235 4188 descensum
3263 4136 3471 4188 montis
3497 4135 3616 4189 Oli-

2001 4243 2214 4291 varum,
2271 4234 2562 4295 coeperunt
2619 4226 2804 4280 omnis
2863 4224 3160 4280 multitudo
3217 4226 3613 4296 discipulorum
3652 4221 3667 4268 ί

2000 4322 2299 4390 gaudentes
2321 4318 2542 4372 laudare
2569 4316 2742 4372 Deum
2764 4331 2896 4373 voce
2927 4332 3122 4388 magna
3156 4332 3325 4387 super
3353 4320 3614 4375 omnibus

2000 4428 2138 4482 quas
2172 4413 2425 4466 viderunt
2458 4412 2779 4476 virtutibus,
2812 4411 3062 4467 dicentes
3099 4429 3112 4465 :
3162 4411 3488 4467 Benedictus
3518 4415 3611 4483 qui

2003 4507 2150 4561 venit
2181 4506 2296 4562 Rex
2323 4507 2375 4560 in
2407 4505 2623 4559 nomine
2655 4504 2892 4559 Domini.
2925 4504 3038 4559 Pax
3070 4505 3125 4559 in
3162 4505 3325 4571 cmlo,
3352 4516 3410 4562 et
3440 4507 3613 4577 gloria

289 4605 398 4659 Καί
425 4623 568 4668 τινες
601 4605 711 4657 τῶν
740 4604 1052 4674 Φαρισαίων
1091 4606 1202 4658 ἀπὸ
1252 4605 1347 4658 τοῦ
1371 4606 1531 4676 ὄχλου
1581 4601 1734 4657 εἷπον
1760 4607 1893 4676 πρδς

2006 4601 2058 4652 in
2094 4599 2396 4652 altissimis.
2425 4597 2490 4651 Et
2512 4597 2732 4666 quidam
2761 4597 3163 4653 Pharisaeorum
3195 4613 3224 4653 e
3260 4601 3418 4654 turba
3453 4600 3610 4654 dixe-

290 4697 460 4750 αὑτὸν
489 4714 501 4726 ·
545 4698 865 4758 Διδάσκαλε,
919 4698 1249 4768 ἐπιτίμησον
1278 4701 1391 4760 τοῖς
1445 4699 1720 4768 μαθηταῖς
1775 4714 1889 4750 σου.

290 4791 404 4845 Καὶ
448 4790 773 4862 ἀποκριθεὶς
819 4785 975 4843 εἶπεν
1016 4792 1203 4853 αὑτοῖς
1244 4807 1256 4820 ·
1304 4791 1466 4860 Λέγω
1500 4792 1652 4861 ὑμῖν,
1686 4793 1766 4843 ὅτι
1799 4790 1895 4843 ὲὰν

288 4876 438 4936 οὑτοι
474 4886 851 4952 σιωπήσωσιν,
899 4883 950 4936 οἱ
1006 4883 1144 4936 λίθοι
1181 4885 1574 4953 κεκραξονται.
1632 4904 1651 4937 ι
1700 4884 1804 4938 Δύο
1837 4887 1896 4938 ὲν

287 4973 476 5042 ταυτῷ
507 4976 534 5026 6
558 4973 760 5044 Κύριος
786 4974 1068 5044 ὑποδηλῶν
1101 4977 1192 5028 ἐπὶ
1223 4975 1317 5027 τοῦ
1350 4975 1531 5028 πώλου
1566 4976 1800 5041 καθίζει·
1837 4975 1895 5029 ἒν

293 5067 414 5134 μὲν.
442 5066 666 5135 πληρῶν
692 5068 1033 5136 προφητείαν
1066 5068 1163 5138 τήν
1190 5068 1482 5136 λέγουσαν,
1527 5069 1662 5121 Ἰδοὺ
1686 5073 1712 5120 6
1739 5069 1894 5138 βασιο

287 5156 412 5220 λεύς
466 5174 558 5209 σου
609 5159 825 5228 ἔρχεται
868 5159 1182 5230 καθήμενος
1237 5162 1328 5214 ἐπὶ
1382 5160 1506 5213 ὄνου
1535 5178 1546 5190 ο
1591 5161 1781 5231 ἕτερον
1813 5160 1891 5224 δὲ,

285 5249 569 5323 τροπικῶς
607 5253 738 5320 ἡμῖν
773 5252 1170 5321 αἰνιττόμενος,
1203 5254 1286 5305 ὅτι
1324 5255 1651 5324 ἐπιϐήσεται
1685 5257 1776 5307 ἐπὶ
1805 5255 1895 5308 τὸν

287 5345 430 5406 νέον,
468 5345 562 5395 καὶ
604 5343 942 5412 ἀκάθαρτον,
995 5348 1085 5399 καὶ
1130 5347 1446 5415 ἁδάμαστον
1494 5349 1708 5401 ἑθνικὸν
1744 5350 1890 5401 λαόν.

288 5435 363 5487 Οὐ
400 5435 510 5504 γὰρ
557 5435 731 5506 δήπου
776 5437 862 5490 διὰ
902 5437 965 5490 τὸ
1021 5440 1120 5507 τῆς
1171 5439 1294 5491 ὁδοῦ
1341 5442 1517 5510 μῆκος
1568 5441 1741 5494 ἐδεῖτο
1796 5441 1892 5494 τοῦ

288 5528 590 5595 ὑποζυγίου
630 5545 641 5557 ·
689 5531 717 5583 6
750 5531 859 5601 γὰρ
919 5534 1102 5586 πᾶσαν
1165 5533 1453 5589 Γαλιλαίαν
1490 5537 1584 5590 καὶ
1633 5537 1894 5589 Ἰουδαίαν

288 5621 429 5690 πεξῇ
463 5620 912 5692 περιερχόμενος,
955 5625 1074 5689 πῶς
1123 5627 1188 5679 ἂν
1217 5628 1327 5679 ἀπὸ
1361 5629 1638 5696 Βηθανίας
1669 5632 1750 5692 είς
1797 5629 1894 5681 Ἰε-

292 5713 582 5784 ρουσαλήμ
603 5715 772 5779 διῖὼν,
808 5718 1002 5789 ἐδεήθη
1032 5719 1127 5772 τοῦ
1160 5720 1362 5785 πώλου,
1399 5722 1582 5790 ὀλίγου
1621 5724 1773 5785 ὄντος
1797 5723 1891 5775 τοῦ

288 5807 684 5876 διαστήματος,
716 5808 791 5872 ὡς
844 5813 1045 5874 πάντες
1079 5813 1290 5878 ίσασιν;
1342 5814 1522 5886 Ὅπερ
1571 5811 1665 5868 οῦν
1711 5811 1889 5881 εἶπον,

294 5896 574 5956 ’.ινστικῶς
609 5897 778 5950 ταῦτα
818 5904 978 5956 ποιεῖ.
1015 5902 1310 5972 Δεδεμένος
1344 5905 1398 5958 δὲ
1427 5901 1494 5974 ἦν
1525 5907 1552 5958 6
1589 5905 1766 5971 πῶλος
1796 5911 1891 5961 καὶ

361 6012 438 6045 ιον
471 6011 661 6067 anan.
706 6028 816 6080 XXI,
861 6016 913 6070 5.

2005 4701 2128 4746 runt
2172 4693 2238 4744 ad
2275 4690 2467 4744 illum:
2510 4690 2788 4759 Magister,
2842 4691 3066 4759 increpa
3114 4691 3413 4760 discipulos
3462 4700 3611 4747 tuos.

2000 4785 2208 4850 Quibus
2245 4785 2360 4854 ipse
2394 4786 2470 4837 ait
2510 4785 2686 4840 :Dico
2721 4785 2894 4848 vobis,
2937 4787 3080 4855 quod
3131 4785 3174 4840 si
3216 4786 3268 4838 hi
3316 4791 3612 4853 tacuerint,

2002 4894 2128 4933 mox
2171 4877 2382 4949 lapides
2435 4877 2771 4932 clamabunt.
2817 4895 2834 4928 ι
2880 4878 3144 4932 Dominus
3196 4893 3362 4948 super
3400 4879 3610 4948 pullum

2001 4975 2218 5037 sedens,
2257 4972 2364 5026 duo
2411 4971 2695 5025 declarat:
2735 4983 2900 5022 unum
2937 4971 3079 5038 quod
3112 4970 3332 5038 impleat
3372 4973 3609 5039 prophe-

2005 5068 2131 5119 tiam
2168 5066 2479 5120 dicentem:
2522 5081 2539 5114 t
2571 5062 2708 5116 Ecce
2749 5075 2847 5114 rex
2873 5070 2999 5115 tuus
3038 5066 3186 5115 venit
3210 5062 3410 5115 sedens
3444 5077 3610 5130 super

2001 5159 2312 5225 asinam'”;
2339 5177 2361 5210 ι
2386 5157 2683 5212 secttndum
2706 5155 3012 5225 ﬁguraliter
3031 5155 3186 5209 nobis
3204 5157 3445 5210 insinuat
3463 5157 3608 5226 quod

2001 5268 2254 5318 sessurus
2286 5253 2357 5306 sit
2385 5266 2550 5321 super
2598 5265 2800 5304 novum
2836 5256 2892 5304 et
2928 5248 3255 5302 indomitum
3282 5259 3336 5301 et
3368 5249 3608 5301 immun-

2000 5347 2127 5399 dmn
2168 5345 2424 5414 populum
2453 5342 2729 5412 gentilem.
2756 5338 2877 5397 Non
2905 5340 3052 5394 enim
3091 5339 3343 5394 videlicet
3383 5353 3483 5408 pro
3521 5340 3609 5391 iti-

2003 5439 2148 5493 neris
2186 5438 2520 5507 longitudine
2550 5437 2799 5506 jumeuto
2839 5449 2977 5504 opus
3027 5433 3286 5488 habebat.
3323 5432 3422 5500 Qui
3459 5433 3605 5485 enim

2001 5548 2096 5601 per
2151 5543 2316 5586 totam
2359 5529 2639 5585 Galilaeam
2695 5537 2750 5583 et
2803 5527 3047 5583 Judaaam
3117 5526 3356 5596 pedestri
3413 5527 3608 5578 itinere

2001 5625 2287 5686 circuibat,
2322 5620 2598 5692 quonme
2639 5635 2666 5673 a
2703 5621 2965 5674 Bethania
3015 5614 3392 5686 ianerusalem
3420 5624 3603 5667 trans-

2002 5720 2119 5772 iens
2165 5727 2380 5786 rogaret
2421 5725 2480 5768 ut
2516 5715 2693 5783 pullus
2739 5714 2839 5767 sibi
2897 5714 3141 5778 daretur,
3202 5726 3324 5765 cum
3371 5725 3476 5762 non
3534 5706 3609 5760 sit

2003 5822 2150 5866 tanta
2182 5810 2462 5872 distantia,
2499 5817 2558 5860 ut
2597 5807 2778 5861 sciunt
2811 5805 3040 5860 omnes?
3073 5805 3331 5864 Proinde,
3369 5811 3427 5855 ut
3452 5799 3605 5852 dice—

2001 5910 2149 5974 bam,
2185 5906 2411 5977 mystica
2437 5905 2727 5959 sunthaec.
2763 5899 2994 5957 Vinctus
3036 5910 3216 5956 autem
3240 5906 3359 5954 erat
3396 5893 3603 5967 pullus,
