4048 6540
538 469 669 536 1031

1421 449 2006 519 TllEOPIIYLACTl
2054 444 2472 516 BULGARUE
2515 444 2873 506 ABCIIIEP.

3667 436 3811 505 1072

465 587 468 590 ’
533 600 588 645 et
620 569 871 642 dominos
909 580 1137 638 habebat
1159 576 1356 658 multos
1390 595 1402 628 :
1429 576 1522 630 sed
1553 573 1760 630 solutus
1786 579 1872 629 est
1899 570 2100 636 abapo

2219 563 2439 634 κυρίους
2469 555 2582 632 εἶχε
2612 561 2862 625 πολλοὺς,
2884 558 3022 618 ἀλλὰ
3050 559 3232 615 λύεται
3260 559 3412 631 παρὰ
3439 559 3547 613 τῶν
3573 559 3813 615 ἀποστό-

533 681 710 746 stolis,
742 680 843 732 hoc
880 685 963 730 est
1019 674 1087 728 ab
1128 670 1218 725 his
1263 669 1355 738 qui
1398 668 1547 722 missi
1593 666 1830 720 luerunt.
1879 663 2110 716 Sensum

531 783 712 825 autem
763 769 903 822 hunc
948 764 1112 817 habet
1151 757 1446 819 :Bethania
1481 754 1696 824 quidem
1741 752 1933 805 domus
1964 749 2110 801 obe-

530 864 746 918 dientia‘.
768 861 1172 927 interpretatur,
1201 850 1514 920 Bethpltage
1543 862 1692 908 vero,
1713 846 1903 898 donius
1926 838 2111 894 maxil-

531 958 727 1010 larum.
759 952 887 1006 Erat
907 963 1036 1004 sane
1060 949 1213 1001 vicus
1248 943 1609 999 sacerdotum.
1635 935 1848 990 Etenim
1877 932 2110 988 maxilla:

528 1044 900 1100 sacerdotibus
939 1041 1224 1100 dabantur,
1273 1037 1417 1090 sicut
1454 1033 1507 1086 in
1546 1033 1661 1101 lege
1699 1028 1960 1096 scriptum
2001 1035 2106 1080 est.

529 1136 812 1189 Iudicatur-
833 1143 1009 1186 autem
1042 1145 1136 1198 per
1162 1125 1410 1180 maxillas
1428 1135 1608 1177 sermo
1635 1120 1916 1181 doctrinm,
1947 1131 2105 1187 quem

529 1227 848 1298 spirituales
879 1224 1110 1278 maxilla:
1141 1220 1782 1283 eﬂiciunt,etattenuant.
1815 1210 1914 1267 Ubi
1949 1210 2110 1279 igitur

527 1319 716 1373 domus
747 1317 1016 1370 sermonis
1036 1313 1313 1375 doctrinae,
1340 1322 1393 1365 et
1429 1307 1750 1363 οδοιίἰοιιιίιιξ
1773 1319 1898 1373 erga
1932 1303 2103 1364 illum,

527 1411 653 1463 illuc
681 1410 966 1462 mittuntur
995 1403 1238 1471 discipuli
1263 1399 1501 1461 Domini,
1527 1408 1580 1451 et
1609 1398 1823 1450 solvunt
1847 1392 2104 1463 populum

523 1506 733 1558 catenis
767 1510 1108 1570 peccatorum
1150 1497 1392 1564 ligatum,
1431 1491 1722 1556 multisque
1750 1488 1898 1540 curis
1936 1487 2059 1536 vita:
2090 1500 2102 1536 :

520 1605 576 1650 et
610 1609 705 1662 pro
729 1609 791 1646 eu
828 1590 968 1658 quod
1008 1587 1169 1641 habet
1219 1585 1414 1639 inultos
1468 1584 1713 1635 dominos
1746 1587 1800 1632 ct
1835 1580 1987 1640 deos,
2022 1575 2103 1629 fa-

521 1691 670 1741 ciunt
692 1699 814 1738 eum
852 1682 1052 1736 habere
1081 1690 1247 1733 unuIn
1282 1675 1565 1730 Dominum
1591 1671 1774 1728 Iesum
1804 1671 2102 1733 Christum,

520 1789 574 1834 et
609 1794 771 1830 unum
806 1774 974 1827 Deum
1008 1771 1247 1826 Patrem.
1287 1767 1392 1824 Ubi
1429 1777 1607 1820 autem
1653 1780 1757 1820 non
1795 1773 1880 1816 est
1914 1763 2106 1815 domus

519 1867 860 1930 obedientia,
908 1866 988 1919 vel
1029 1863 1301 1932 susceptio
1349 1862 1494 1915 vcrhi
1542 1859 1824 1920 doctrinm,
1861 1855 1933 1909 ibi
1972 1854 2101 1908 illud

520 1979 626 2018 non
667 1965 742 2028 lit,
783 1976 959 2032 neque
994 1961 1168 2030 pullus
1206 1958 1454 2012 solvitur.
1507 1956 1649 2008 Duos
1677 1963 1855 2005 autem
1907 1951 2104 2004 missos

519 2070 660 2118 esse,
697 2055 796 2108 hoc
843 2054 975 2117 vult,
1019 2052 1160 2119 quod
1194 2052 1243 2103 in
1292 2050 1613 2102 adductione
1663 2045 1843 2115 pepuli
1893 2043 2104 2114 gentilis

519 2149 585 2202 ad
608 2148 884 2202 Christum
921 2155 978 2197 ιιι
1003 2143 1255 2197 ehediant
1286 2140 1358 2202 ei,
1389 2140 1493 2193 duo
1526 2140 1746 2193 ordines
1775 2137 2100 2197 ministrent,

518 2221 816 2306 propheta,
852 2245 903 2288 et
937 2232 1187 2305 apostoli.
1241 2229 1306 2283 Et
1331 2231 1531 2286 ducunt
1573 2242 1696 2281 eum
1747 2241 1812 2280 ex
1856 2225 2099 2288 castello,

518 2345 575 2385 ut
605 2333 875 2386 discamus
901 2329 1069 2383 fuisse
1099 2326 1356 2397 papulum
1389 2325 1541 2377 valde
1572 2337 1815 2377 crassum
1845 2330 1894 2374 et
1922 2321 2103 2374 ineru-

518 2427 710 2479 ditum.
739 2421 988 2477 Nondum
1017 2421 1159 2473 enim
1191 2421 1403 2474 sederat
1424 2431 1588 2486 super
1620 2431 1742 2470 eum
1805 2429 1983 2468 sermo
2014 2412 2099 2481 vel

519 2513 812 2577 Mosaicns,
841 2513 919 2566 vel
951 2510 1319 2580 propheticus,
1361 2508 1451 2562 sed
1487 2505 1665 2576 pullus
1704 2517 1824 2558 erat
1869 2505 2102 2557 indutui-

517 2617 624 2660 tus.
659 2604 915 2671 Quamvis
961 2613 1141 2655 autem
1184 2599 1518 2668 evangelista
1559 2598 1697 2651 alius
1728 2595 1864 2648 dixit
1905 2610 2102 2662 pueros

517 2696 680 2752 fuisse
711 2699 802 2766 qui
834 2696 1140 2747 clamabant
1173 2710 1185 2744 :
1219 2690 1472 2745 llosauna
1512 2689 1620 2742 tilio
1655 2687 1821 2741 David
1840 2687 1884 2718 ⁹⁹
1917 2705 1928 2738 :
1962 2695 2102 2739 attn-

520 2807 640 2842 men
675 2800 727 2842 et
763 2787 835 2842 illi
879 2786 1226 2840 insinuabant
1257 2797 1458 2838 novum
1508 2780 1787 2851 populum.
1816 2778 2100 2833 Credendo

517 2882 662 2935 enim
712 2878 893 2934 Jesum
947 2893 1008 2932 ex
1064 2877 1272 2932 semine
1326 2875 1493 2928 David
1537 2873 1833 2928 secundum
1879 2884 2099 2924 carnem

517 2970 865 3041 apparuisse,
939 2967 1164 3037 gloriam
1239 2965 1544 3018 retulerunt
1604 2961 1746 3024 Deo.
1795 2962 2096 3024 secundum

517 3061 658 3131 quod
705 3061 968 3126 scriptum
1017 3067 1100 3110 est
1141 3075 1156 3110 :
1202 3053 1438 3124 Pupulus
1475 3053 1570 3124 qui
1626 3062 1872 3119 creatur,
1907 3053 2097 3108 lauda-

516 3154 596 3207 bit
649 3149 931 3205 Oomimnn
958 3149 998 3201 ¹.
1034 3145 1498 3202 Vestimentorum
1544 3156 1726 3201 autem
1761 3146 2094 3212 substratio,

2215 655 2343 720 λων,
2375 653 2643 718 τουτέστι,
2674 653 2783 705 τῶν
2813 652 3248 707 ἀποσταλέντων.
3277 653 3449 706 Τοῦτο
3479 653 3535 706 δὲ
3567 653 3813 709 τοιοῦτόν

2216 750 2330 800 ἐστι
2351 763 2363 775 ·
2397 746 2634 814 Βηθανία
2670 746 2769 816 μὲν
2799 741 2942 808 οἰκος
2975 744 3225 812 ὑπακοῆς
3252 744 3641 814 ἑρμηνεύεται,
3671 743 3812 814 Βηθ-

2215 843 2364 911 φαγὴ
2407 841 2462 893 δὲ
2501 837 2648 903 οἶκος
2700 842 2990 907 σιαγόνων,
3041 839 3317 912 ίερατικὺς
3363 839 3440 890 ὣν
3469 840 3658 897 τόπος.
3701 838 3812 891 Καὶ

2213 935 2321 1005 γὰρ
2349 935 2597 1003 σιαγόνες
2633 936 2745 997 τοῖς
2782 931 3021 1002 ἱερεῦσιν
3054 933 3309 996 ἐδίδοντο,
3339 931 3413 994 ὡς
3445 932 3502 982 ὲν
3534 931 3615 1000 τῷ
3660 931 3810 1001 νόμῳ

2214 1024 2654 1094 ἀναγέγραπται.
2701 1024 2967 1094 Δηλοῦται
2996 1023 3050 1076 δὲ
3088 1024 3176 1076 διὰ
3209 1024 3320 1074 τιῖιν
3356 1022 3628 1088 σιαγόνων
3655 1024 3683 1075 6
3712 1022 3811 1091 τῆς

2211 1117 2560 1180 διδασκαλίας
2605 1117 2781 1184 λόγος,
2819 1117 2877 1168 ὃν
2907 1117 2964 1168 αἰ
2993 1116 3225 1186 ιῙνυχικαί⁵
3254 1116 3506 1182 σιαγόνες
3538 1115 3812 1184 κατεργά-

2212 1208 2418 1274 ζονται,
2474 1213 2568 1262 καὶ
2618 1209 3004 1264 λεπτύνουσιν.
3054 1209 3223 1262 Ἔνθα
3281 1209 3462 1262 τοικυν
3517 1205 3668 1272 οἶκος
3717 1206 3810 1261 τοῦ

2211 1300 2375 1370 λόγου
2405 1302 2498 1355 τοῦ
2543 1301 2950 1365 διδασκαλικοῦ,
2982 1305 3075 1354 καὶ
3099 1302 3196 1370 τῆς
3232 1302 3370 1372 πρὸς
3411 1301 3603 1354 τοῦτον
3675 1301 3812 1354 Oxa-

2214 1396 2366 1462 κοῆς,
2401 1398 2515 1448 ἐκεῖ
2560 1396 2870 1448 στέλλονται
2905 1397 2953 1448 οἰ
2993 1396 3083 1448 τοῦ
3132 1395 3340 1464 Κυρίου
3395 1395 3662 1463 μαθηταὶ,
3719 1394 3812 1449 καὶ

2213 1488 2398 1541 λύουσι
2456 1489 2546 1540 τὸν
2611 1491 2730 1552 ταῖς
2756 1490 2965 1558 σειραῖς
3023 1487 3308 1556 δεδεμέκον
3363 1487 3468 1538 τῶν
3521 1488 3810 1555 ἁμαρτιῶν

2212 1582 2361 1644 λαὸν,
2395 1583 2486 1634 καὶ
2531 1583 2649 1642 ταῖς
2688 1583 2938 1650 φροντίσι
2975 1581 3067 1635 τοῦ
3100 1584 3215 1650 βίου
3242 1583 3362 1644 ταῖς
3414 1581 3664 1646 πολλαῖε,
3717 1581 3811 1635 καὶ

2209 1676 2330 1728 ἀντὶ
2355 1674 2471 1738 τοῦ,
2501 1674 2730 1734 πολλοὺς
2762 1677 2910 1746 ἔχειν
2941 1675 3186 1747 κυρίους,
3217 1678 3309 1728 καὶ
3339 1674 3518 1738 θεοὺς,
3561 1676 3808 1730 ποιοῦσιν

2210 1767 2372 1819 αὑτὸν
2396 1766 2543 1836 ἔχειν
2562 1767 2658 1820 ἕνα
2691 1767 2890 1836 Κύριον
2917 1766 3149 1837 Ἰησοῦν,
3177 1769 3269 1821 καὶ
3300 1768 3393 1819 ἕνα
3413 1768 3544 1820 Θεὸν
3563 1769 3806 1839 Πατέρα.

2211 1860 2386 1912 Ὅπου
2420 1863 2527 1930 γὰρ
2561 1862 2662 1914 οὐκ
2691 1860 2840 1915 ἐστιν
2874 1855 3022 1922 οἶκος
3057 1861 3324 1931 ὑπακοῆς,
3355 1861 3478 1914 οὐδὲ
3516 1863 3807 1934 παραδοχὴ

2210 1951 2368 2020 λόγου
2415 1951 2828 2015 διδασκαλικοῦ,
2885 1951 3128 2006 το;οῦτόν
3177 1970 3229 2005 τι
3286 1953 3348 2005 οὐ
3392 1955 3606 2020 γίνεται
3667 1956 3806 2018 ἐκεῖ,

2207 2045 2326 2097 οὐδὲ
2357 2043 2545 2097 λύεται
2582 2047 2610 2098 6
2638 2044 2840 2108 πῶλος.
2872 2044 2976 2097 Δύο
3009 2044 3066 2097 δὲ
3100 2044 3252 2107 ὄντες
3297 2047 3344 2096 οἱ
3373 2044 3802 2114 ἀπεσταλμένοι,

2205 2137 2365 2191 τοῦτο
2397 2139 2750 2202 αἰνῖττονται,
2796 2139 2879 2190 ὅτι
2912 2139 2978 2208 τῇ
3016 2137 3111 2190 τοῦ
3147 2137 3364 2191 ὲθνικοῦ
3410 2137 3542 2192 λαοῦ
3602 2155 3808 2211 προσα-

2206 2233 2384 2299 γωγῇ,
2418 2233 2512 2283 καὶ
2541 2233 2606 2301 τῇ
2661 2231 2795 2301 πρὸς
2843 2232 3078 2300 Χριστὸν
3125 2233 3374 2302 ὑποταγῇ
3411 2231 3504 2284 δύο
3548 2233 3808 2301 τάγματα

2207 2323 2561 2394 ὑπουργοῦσι,
2605 2326 2906 2394 προψῆται,
2938 2325 3032 2376 καὶ
3070 2325 3386 2378 άπόστοῖοι.
3431 2325 3540 2378 Καὶ
3578 2326 3806 2388 ἄγουσιν

2205 2416 2370 2466 αὑτὸν
2402 2415 2466 2467 ἐκ
2509 2430 2654 2476 τινος
2692 2413 2907 2482 κώμης,
2960 2413 3048 2466 ἵνα
3091 2413 3356 2483 μάθωμεν
3409 2415 3489 2466 ὅτι
3544 2413 3807 2484 ἀγροικίᾳ

2207 2506 2374 2574 πολὶῇ
2413 2507 2577 2575 συνῆν
2615 2509 2642 2559 ό
2672 2505 2801 2568 λαὸς
2831 2499 2986 2569 οὗτος
3023 2507 3118 2560 καὶ
3157 2506 3513 2577 ἀπαιδευσίᾳ.
3549 2507 3661 2558 Καὶ
3697 2508 3804 2577 γάρ

2205 2599 2323 2650 οὐδὲ
2354 2597 2606 2650 ἐκάθισεν
2637 2598 2722 2650 ἔπ’
2753 2598 2915 2650 αὑτὸν
2943 2589 3196 2651 οὐδέποτε
3223 2600 3383 2667 λόγος
3417 2601 3449 2669 ἦ
3480 2600 3801 2666 Μωσαῖκὸς,

2207 2688 2239 2759 ἢ
2275 2690 2635 2759 προφητικὸς,
2665 2689 2800 2743 ἀλλά
2833 2690 3007 2752 πῶλος
3035 2685 3104 2762 ἦν
3132 2693 3478 2753 ἀπαίδευτος.
3515 2695 3577 2747 Εἰ
3597 2694 3656 2747 δὲ
3683 2696 3801 2760 καί,

2206 2783 2279 2844 ὡς
2311 2783 2497 2853 ἕτερος
2532 2785 2639 2837 τῶν
2685 2784 3092 2853 εύαγγελιστῶν
3133 2785 3262 2855 ἔφη,
3330 2785 3528 2848 παῖδες
3567 2781 3711 2856 ἦσαν
3753 2788 3801 2840 οἱ

2209 2873 2438 2944 βοῶντες
2458 2877 2537 2936 τὸ,
2565 2875 2798 2929 Ὡσαννά
2825 2875 2900 2946 τῷ
2925 2876 3024 2946 υίῷ
3049 2877 3232 2940 Δαυῖδ,
3258 2881 3352 2931 καὶ
3377 2873 3524 2932 οὗτοι
3555 2880 3621 2934 ἂν
3647 2880 3802 2934 ὑπαι-

2206 2966 2468 3017 νίττοιντο
2498 2965 2588 3018 τὸν
2612 2967 2780 3019 αὑτὸν
2817 2967 2936 3019 νέον
2968 2966 3115 3034 λαὸν,
3155 2968 3245 3022 διὰ
3277 2967 3374 3021 τοῦ
3417 2968 3698 3024 πιστεύειν
3727 2968 3805 3040 τῷ

2217 3056 2391 3125 Ἰησοῦ
2416 3059 2480 3108 ἐκ
2504 3057 2819 3127 σπέρματος
2842 3041 3005 3112 Δαυῖδ
3023 3060 3190 3131 σαρκὶ
3212 3061 3457 3129 φανέντι,
3478 3061 3642 3125 δόξαν
3667 3063 3802 3116 ἀνα-

2204 3148 2512 3217 πέμποντες
2532 3148 2653 3219 Θεῷ
2690 3152 2830 3203 κατά
2853 3151 2915 3203 τὸ
2942 3153 3357 3222 γεγραμμένον,
3384 3154 3528 3218 Aab;
3563 3157 3590 3208 6
3622 3155 3802 3219 κτιξό-

515 3240 821 3312 signiﬁcare
885 3239 1095 3295 videtur
1165 3241 1307 3310 quod
1379 3239 1540 3303 exuti
1593 3240 1867 3296 hominem
1935 3249 2098 3293 νειμ-

2205 3257 2364 3312 μενος
2387 3242 2594 3296 αἰνέσει
2614 3243 2705 3297 τὸν
2725 3243 2956 3315 Κύριον.
2972 3244 3038 3300 Ἦ
3059 3246 3112 3299 δὲ
3132 3246 3240 3300 τῶν
3262 3247 3493 3316 ἱματίων
3515 3248 3802 3320 ύπόστρωο

517 3351 649 3399 rem,
685 3333 850 3406 449
875 3336 965 3402 qui
998 3334 1145 3402 digni
1181 3343 1305 3386 sunt
1347 3331 1568 3388 laudare
1600 3331 1813 3398 Jesum,
1849 3335 2096 3388 subster-

515 3432 645 3476 nunt
682 3422 827 3475 illum
863 3432 916 3476 et
971 3423 1258 3491 subjiciam
1296 3421 1440 3490 ipsi,
1478 3433 1535 3486 ut
1584 3438 1708 3478 cum
1765 3426 2096 3489 ascenderit,

516 3515 821 3571 sanctillcet
875 3531 1031 3581 eum,
1068 3525 1124 3570 et
1164 3531 1268 3570 non
1306 3515 1446 3584 ultra
1479 3528 1742 3587 repugnet
1774 3532 1901 3572 caro
1933 3519 2100 3587 spiri-

518 3608 614 3674 tui,
641 3618 698 3660 nt
719 3617 771 3661 et
795 3607 890 3676 ipsi
919 3609 1123 3676 possint
1151 3607 1334 3663 dicere
1375 3625 1388 3662 :
1417 3606 1704 3677 Subjectus
1740 3608 1813 3662 fui
1847 3608 2096 3674 Domino,

515 3708 568 3753 et
600 3700 747 3753 οηνὶ
782 3716 903 3753 eum
931 3702 974 3752 '.
1025 3699 1196 3753 Porro
1231 3714 1445 3754 onmem
1486 3697 1889 3758 multitudinem
1927 3700 2097 3756 disci-

514 3791 758 3859 pulorum
791 3791 922 3846 dixit
955 3790 1131 3846 Lucas
1155 3790 1376 3844 laudare
1411 3791 1576 3849 Deum
1617 3810 1630 3846 :
1665 3792 1964 3863 discipulos
2000 3808 2096 3848 vo-

513 3882 646 3938 cans
700 3883 1018 3951 simpliciter
1063 3898 1254 3938 omnes
1287 3883 1380 3952 qui
1417 3893 1720 3954 sequuntur
1740 3883 1952 3950 Jesum,
1991 3903 2096 3940 non

515 3975 689 4028 solum
729 3975 1037 4038 duodecim,
1071 3975 1542 4045 velasrptuaglcta,
1579 3977 1674 4031 sed
1712 3989 1931 4030 omnem
1963 3977 2102 4031 mul-

515 4066 799 4119 titudinem
823 4081 942 4135 qua:
984 4067 1065 4120 vel
1103 4075 1324 4135 propter
1359 4067 1640 4133 miracula,
1678 4067 1763 4122 vel
1788 4071 1854 4122 ad
1889 4077 2100 4138 tempus

515 4159 830 4213 trahebatur
864 4173 894 4213 ε
929 4159 1176 4213 doctrina
1228 4167 1284 4211 ut
1313 4169 1631 4228 sequeretur
1661 4159 1864 4227 Jesum,
1905 4161 1958 4215 in
1991 4177 2097 4231 qua

511 4258 565 4302 ct
589 4262 783 4316 pueros
807 4247 970 4303 fuisse
1000 4249 1294 4305 verisimile
1314 4259 1397 4304 est
1434 4290 1449 4316 ,
1480 4250 1726 4305 sicutalii
1751 4254 2099 4323 evangelista

515 4340 804 4404 dixerunt;
845 4351 894 4394 et
925 4341 976 4394 hi
1017 4340 1176 4395 amati
1203 4341 1333 4408 Deo,
1365 4357 1544 4412 regem
1583 4344 1731 4398 illum
1765 4345 2098 4401 confiteban-

518 4440 603 4484 tur
639 4432 689 4485 in
717 4432 935 4486 nomine
962 4431 1054 4486 Dei
1088 4443 1397 4496 venturum,
1437 4434 1538 4486 hoc
1568 4447 1673 4501 est,
1704 4429 2003 4503 ut'Deum;
2044 4449 2097 4494 et

514 4536 696 4592 pacem
732 4523 916 4576 dicunt
959 4523 1009 4575 in
1049 4523 1206 4586 caelo,
1241 4540 1338 4592 pro
1368 4538 1432 4579 eo
1468 4527 1611 4594 quod
1638 4537 1758 4582 est:
1802 4529 2096 4598 Antiquom

513 4607 711 4663 bellum
755 4609 895 4678 quod
950 4609 1236 4665 habuimus
1278 4620 1465 4667 contra
1520 4615 1725 4681 Deum,
1758 4616 2086 4689 diremptum

2204 4632 2291 4687 λέα
2324 4634 2487 4687 αὑτὸν
2517 4607 3057 4706 άῦομολογοῦσωίὲῦ
3097 4607 3324 4712 ὀνόματι
3371 4644 3585 4714 Κυρίου

512 4708 614 4753 est.
651 4699 762 4754 Non
793 4703 936 4756 enim
965 4714 1081 4757 erat
1121 4704 1171 4756 in
1203 4711 1347 4758 terra
1401 4720 1490 4759 rex
1534 4707 1693 4772 Deus,
1727 4723 1868 4764 nunc
1905 4720 2107 4766 autem.

517 4791 729 4846 invento
761 4794 866 4847 Deo
901 4809 1061 4863 super
1099 4804 1324 4860 terram,
1361 4798 1553 4852 merito
1582 4814 1685 4868 pax
1736 4801 1788 4854 in
1844 4799 2090 4870 cmlo,'et

517 4882 720 4938 idcirco
759 4884 926 4955 gloria
980 4886 1032 4940 in
1073 4886 1378 4954 altissimis,
1418 4892 1621 4961 angelis
1665 4891 2090 4961 gloriﬁcautibus

516 4977 570 5030 in
620 4977 817 5031 unione
852 4991 906 5031 et
931 4979 1310 5036 conciliatione
1351 4981 1440 5035 tali
1485 4999 1646 5052 quam
1703 4986 1859 5042 nobis
1908 5005 2000 5044 rex
2034 5000 2089 5046 et

514 5065 654 5123 Deus
701 5069 790 5138 qui
845 5070 987 5137 pullo
1022 5073 1256 5138 vehitur,
1292 5074 1518 5145 largitus
1547 5089 1651 5134 est.
1691 5078 1904 5136 Etenim
1948 5084 2088 5140 istud

513 5161 709 5229 ipsum,
728 5165 866 5230 quod
890 5161 1030 5218 Deus
1053 5166 1325 5221 exsistens
1347 5184 1510 5238 super
1538 5183 1736 5226 terram
1759 5178 2091 5242 apparuerit,

515 5261 569 5304 et
608 5250 660 5304 in
697 5253 911 5318 regione
942 5255 1285 5311 inimicorum
1336 5275 1554 5316 suorum
1584 5263 1973 5330 ambulaverit,
2011 5269 2091 5320 in-

518 5341 661 5396 dicat
692 5341 870 5399 fmdus
898 5344 1096 5400 factum
1132 5350 1276 5405 inter
1314 5367 1410 5407 nos
1434 5362 1489 5408 et
1519 5355 1716 5423 ipsum.
1744 5357 1913 5413 Porro
1949 5361 2089 5414 Pha-

514 5434 656 5489 risai
688 5440 1096 5493 murmurabant
1146 5445 1288 5510 quod
1325 5460 1503 5515 regem
1537 5462 1659 5502 cum
1709 5456 2084 5510 nominaverat

513 5527 759 5596 populus,
779 5541 831 5584 et
853 5531 993 5600 quod
1021 5542 1077 5588 ut
1101 5533 1267 5589 Deum
1303 5537 1634 5596 laudaverat.
1671 5545 1746 5598 Ad
1766 5549 2084 5603 seditionem

513 5619 656 5672 enim
686 5622 955 5689 pertinere
1006 5641 1200 5680 nomen
1254 5631 1428 5700 regis,
1470 5643 1523 5687 et
1579 5637 1644 5688 ad
1694 5637 2082 5708 blasphemiam

520 5710 729 5766 Domini
778 5717 1183 5774 existimabant.
1217 5725 1286 5776 At
1339 5723 1595 5782 Dominus
1639 5747 1651 5784 :
1689 5729 1743 5785 Si
1775 5731 1853 5797 hi,
1889 5734 2081 5803 inquit,

2204 3353 2286 3399 σις
2302 3337 2460 3400 τοῦτο
2481 3338 2768 3407 σημαίνειν
2786 3337 2984 3404 ἔοικεν,
3006 3340 3086 3395 ὄτι
3105 3341 3426 3418 ἐκδυόμενοι
3449 3341 3543 3394 τὸν
3568 3342 3801 3396 παλαιὸν

2201 3428 2493 3498 ἂνθρωπον
2534 3431 2581 3482 οί
2627 3428 2768 3494 άξιοι
2809 3431 2962 3494 ὄντες
3006 3433 3198 3502 ὑμνεῖν
3233 3433 3324 3486 τὸν
3373 3433 3621 3504 Ἰησοῦν,
3667 3436 3803 3505 dno-

2205 3522 2600 3592 στρωννύουσιν
2646 3525 2845 3591 αὑτὸν,
2877 3526 2973 3580 καὶ
3031 3525 3431 3581 ύποτάττουσιν
3485 3527 3672 3599 αὐτῷ,
3713 3529 3803 3584 ἵνα

2201 3615 2400 3680 ἐπιϐὰς
2449 3617 2649 3682 αὑτοῦ,
2692 3619 2895 3692 ἁγιάσῃ
2935 3618 3136 3685 αὐτὸν,
3169 3607 3290 3674 ’καὶ
3350 3623 3551 3691 μηκέτι
3593 3624 3626 3694 ἡ
3661 3623 3802 3694 σάρξ

2201 3710 2560 3777 ἑπανίστηται
2606 3710 2683 3780 τῷ
2716 3710 3012 3783 πνεύματι,
3067 3712 3144 3776 ὡς
3190 3713 3256 3767 ἂν
3299 3716 3392 3767 καὶ
3436 3715 3596 3789 αὑτοὶ
3630 3718 3801 3787 ἔχωσι

2213 3800 2431 3870 λέγειν,
2476 3800 2791 3872 ’Υπιτάγην
2829 3802 2908 3874 τῷ
2945 3803 3160 3874 Κυρίῳ,
3189 3805 3285 3860 καὶ
3325 3807 3580 3863 ἱκέτευσα
3612 3810 3796 3866 αὐτόν.

2202 3892 2386 3948 Ἀπαν
2416 3893 2474 3947 δὲ
2511 3893 2570 3946 τὸ
2603 3894 2808 3966 πλῆθος
2836 3895 2944 3949 τῶν
2981 3896 3240 3968 μαθητῶν
3269 3897 3372 3969 ἔφη
3405 3900 3434 3952 6
3462 3901 3680 3964 Λουκᾶς
3714 3903 3802 3956 αἰ-

2202 3989 2312 4040 νεῖν
2350 3988 2444 4041 τὸν
2470 3987 2637 4053 Θεὸν,
2676 3989 2924 4060 μαθητάς
2949 3989 3126 4057 λέγων
3170 3991 3358 4055 ἁπλῶς
3387 3993 3516 4058 τοὺς
3566 3995 3796 4049 ἀκολου-

2202 4079 2427 4143 θοῦντας
2454 4080 2664 4145 πάντας
2697 4082 2778 4152 τῷ
2820 4082 3020 4153 Ἰησοῦ,
3048 4084 3110 4137 οὐ
3154 4084 3283 4148 τοὺς
3325 4084 3538 4141 δώδεκα
3577 4088 3798 4158 μόνους,

2200 4171 2322 4224 οὐδὲ
2351 4174 2478 4236 τοὺς
2510 4172 2907 4244 ἑϐδομήκοντα,
2941 4174 3077 4229 ἀλλὰ
3122 4175 3216 4231 τὸν
3255 4176 3413 4248 ὖχλον
3462 4181 3684 4233 ἅπαντα
3710 4184 3802 4235 τὸν

2199 4263 2232 4333 ἢ
2260 4263 2348 4316 διὰ
2377 4266 2566 4334 χρείαν
2588 4264 2905 4334 θαυμάτων,
2935 4268 2966 4338 ἢ
3002 4267 3090 4324 διὰ
3113 4269 3176 4322 τὺ
3205 4270 3344 4340 πρὸς
3379 4274 3572 4342 καιρὸν
3607 4273 3802 4343 θέλγε-

2200 4354 2324 4410 σθειι
2359 4356 2466 4410 ὑπὸ
2497 4357 2598 4428 τῆς
2631 4359 2981 4422 διδασκαλίας
3032 4362 3434 4418 ἀκολουθοῦντα
3476 4367 3556 4438 τῷ
3595 4366 3797 4440 Ἰησοῦ,

2199 4446 2257 4499 ὲν
2287 4441 2368 4510 οἷς
2411 4449 2560 4513 εἰκὸς
2612 4455 2705 4504 καὶ
2752 4453 2925 4520 νήπια
2968 4455 3365 4526 ἀναμεμίχθαι,
3415 4458 3561 4513 καθά
3612 4460 3800 4531 ἕτεροι

2200 4535 2353 4593 εἷπον
2408 4542 2816 4612 εὐαγγελισταί·
2853 4547 3288 4618 Θεοφορούμενοι
3341 4551 3398 4604 δὲ
3432 4545 3603 4620 οὗτοι,
3641 4554 3802 4626 βασι-

3634 4649 3800 4703 £916-

2199 4665 2291 4687 λεια.
2324 4665 2389 4687 υιυ
2405 4665 2487 4687 wv
2517 4665 2966 4706 υινυμυλυγυυσιν,
2998 4665 3057 4691 ιν
3097 4665 3324 4712 ονομα-ει
3371 4665 3585 4714 ιιυριου
3634 4665 3799 4720 ερχοο

2199 4742 2384 4795 μενον,
2414 4727 2712 4793 τουτέστιν,
2773 4729 2848 4793 ὡς
2897 4729 3050 4795 Θεὸν,
3088 4733 3205 4796 καὶ,
3248 4734 3456 4807 Εἰρήνη
3479 4740 3709 4806 ,φασὶν,
3738 4743 3799 4795 ιν

2191 4816 2426 4887 οὐρανῷ,
2456 4819 2579 4871 ἀντὶ
2617 4819 2734 4884 τοῦ,
2778 4819 2838 4873 '0
2871 4819 3097 4884 παλαιὸς
3157 4824 3394 4895 πόλεμος
3425 4867 3441 4892 ,
3477 4827 3538 4880 6v
3573 4830 3801 4901 εἴχομεν

2195 4909 2331 4980 πρὸς
2367 4910 2460 4962 τὸν
2480 4910 2634 4977 Θεὸν,
2669 4913 2960 4982 κατελύθη.
2992 4915 3068 4968 Οὐ
3099 4915 3208 4986 γὰρ
3241 4911 3310 4986 ἦν
3339 4919 3397 4970 έν
3426 4922 3494 4992 ,τῇ
3523 4924 3594 4990 γῇ
3636 4921 3801 4992 βασι-

2192 5002 2316 5064 λεὺς
2349 5003 2505 5066 Θεός.
2539 5004 2653 5057 Νῦν
2689 5005 2744 5059 δὲ
2768 5005 2858 5059 τοῦ
2891 5007 3026 5060 Θεοῦ
3063 5010 3362 5080 ἐρχομένου
3399 4999 3495 5068 ἐπὶ
3547 5015 3679 5087 γῆς,
3719 5020 3801 5072 εἰ·

2200 5095 2336 5165 ρήνη
2359 5096 2584 5160 εἰκότως
2609 5098 2667 5150 εν
2702 5099 2941 5170 οὐρανῷ.
2986 5094 3095 5155 Kal.
3116 5102 3205 5157 διά
3240 5103 3400 5159 τοῦτο
3421 5105 3553 5174 δόξα
3585 5112 3645 5162 ιν
3671 5110 3799 5179 ὑψί-

2200 5203 2369 5250 στοις,
2420 5186 2530 5240 τῶν
2585 5189 2837 5258 ἀγγέλων
2894 5191 3229 5258 δοξαζόντων
3285 5196 3379 5250 ἰπὶ
3433 5201 3502 5270 τῇ
3561 5201 3794 5277 τοιαύτῃ

2195 5279 2409 5346 ινώσει,
2443 5283 2536 5335 καὶ
2568 5284 2906 5354 καταλλαγῇ,
2951 5287 3016 5357 ἢν
3057 5289 3190 5359 ἡμῖν
3217 5291 3247 5342 6
3285 5291 3376 5344 ἐπὶ
3413 5291 3598 5347 πώλου
3630 5296 3797 5368 ἐρχό-

2197 5390 2356 5442 μενος
2385 5374 2640 5446 βασιλεὺς
2660 5382 2750 5431 καὶ
2771 5378 2904 5444 Θεὸς
2936 5382 3249 5452 ἐχαρίσατο.
3287 5384 3432 5437 Αὐτὸ
3467 5385 3580 5458 γὰρ
3607 5389 3793 5454 τοῦτο.

2194 5467 2253 5518 τὸ
2281 5467 2412 5520 Θεὸν
2455 5468 2586 5523 ὄντα
2638 5471 2730 5524 ἐπὶ
2779 5471 2884 5542 γῆς
2936 5473 3246 5541 φαίνεσθαι.
3283 5479 3375 5530 καὶ
3410 5478 3468 5530 ὲν
3519 5482 3587 5551 τῇ
3633 5481 3796 5556 χώρᾳ

2193 5558 2224 5626 ἡ
2237 5559 2351 5626 μῶν
2374 5558 2483 5612 τῶν
2519 5560 2729 5631 ἐχθρῶν
2765 5564 2929 5618 αὑτοῦ
2972 5569 3332 5636 περιπατεῖν,
3366 5568 3523 5638 δηλοῖ
3555 5573 3795 5640 σπονδὰς

2195 5650 2449 5717 γενέσθαι
2492 5655 2696 5722 μεταξὺ
2750 5657 2908 5728 ημῶν
2944 5659 3038 5711 καὶ
3081 5659 3270 5715 αὐτοῦ.
3318 5662 3383 5714 Οἰ
3413 5661 3470 5716 δὲ
3498 5664 3795 5736 Φαρισαῖοι

2195 5742 2570 5814 διεγόγγυζον,
2612 5749 2693 5802 ὅτι
2727 5766 2782 5800 τε
2813 5749 2959 5821 βασι)
2974 5751 3035 5804 έα
3065 5753 3230 5807 αὐτὸν
3265 5753 3520 5827 ὠνόμαζε
3549 5758 3614 5813 τὸ
3655 5756 3797 5831 πλῆι

582 5877 628 5929 ’⁸
661 5893 846 5951 Matth.
905 5915 1018 5966 xxI,
1061 5903 1112 5958 9.
1194 5906 1205 5935 '
1249 5906 1391 5964 Psal.
1425 5922 1493 5977 Cl,
1540 5913 1614 5968 l9.
1695 5916 1713 5945 ¹
1741 5914 1879 5970 ιιδαε.
1932 5936 2111 5989 xuvu,
2141 5922 2193 5978 6.
