4048 6542
201 565 280 632 1οἷ
301 567 333 627 7

950 553 1400 618 ENARIlATIO
1442 549 1522 612 IN
1563 544 2069 612 EVANGELIUM
2112 539 2353 602 LUC/ﬁ.
2387 537 2620 599 ~CAP.
2661 533 2792 600 ΧΧ.

3365 526 3505 593 10ἷέ8

201 686 342 756 μένῳ
391 682 576 742 αὐτοῖς
628 680 685 732 ὲν
735 675 868 747 ποίᾳ
917 671 1143 744 ἐξουσίᾳ
1190 669 1367 724 ταῦτα
1401 667 1576 728 ποιεῖς
1609 663 1795 732 Ὅπερ

1940 654 2166 712 redituri
2217 663 2553 722 responsuro
2589 663 2696 718 qua
2750 644 3080 702 auctoritate
3133 645 3248 712 haec
3300 642 3506 698 faciat?

1959 742 1996 756 -.
2025 747 2036 756 .
2119 746 2129 756 ι
2158 743 2170 756 ι
2276 743 2287 754 ι
2397 740 2428 756 ιι
2477 741 2509 756 ιν
2536 755 2541 756 ,
2592 747 2606 756 .
2671 737 2722 756 9|
2767 751 2918 756 _,__,--
2959 735 3262 756 _-.-_2---..-
3297 732 3372 756 III!
3415 746 3469 756 ,Α

199 754 302 846 γὰρ
335 774 402 829 ἀν
426 768 573 835 εἷπε,
618 770 840 830 πάντως
870 767 937 821 ἂν
973 766 1103 836 ὲξῆν
1138 764 1322 825 αὐτοῖς
1351 757 1628 813 διαϐαλεῖν
1659 754 1792 846 αὐτὸ

195 845 288 923 καί
314 863 635 927 διαπτύσαι,
669 860 864 929 ὥσπερ
889 857 988 911 xai
1016 856 1147 919 τοῦς
1187 855 1444 909 Ἰωάννου
1469 849 1666 918 λόγους
1697 845 1790 899 τοῦ

196 959 536 1030 ἑνδοξοτέρου
578 971 696 1027 παρ
736 951 920 1016 αὐτοῖς
942 950 1262 1004 διέπτυσαν.

805 1144 1058 1213 ΚεψΑΑ.
1103 1151 1191 1210 κ’.

203 1279 340 1349 Περι
383 1277 492 1333 τοῦ
533 1273 893 1349 ἀμπελῶνες
937 1263 1448 1349 “dmidium?
1472 1261 1595 1349 E27"
1621 1260 1798 1349 έὶῖίξῗ

269 1331 498 1406 δέν-των
521 1331 619 1400 sla
647 1348 754 1400 tor
787 1331 1046 1408 κῆὶοσογτ.
1073 1339 1214 1412 Περὶ
1235 1331 1802 1412 τῶνξαδδοιέκαίωζ

267 1405 384 1488 τὴν
442 1419 790 1488 ἀνάστασιν·
848 1405 1268 1488 Ἲάρνουμέκωος.
1335 1405 1477 1488 [Is-pl
1528 1405 1639 1488 τῆς
1693 1405 1800 1453 τοῦ

272 1497 319 1547 Κ
325 1475 499 1559 ὺρίου
520 1475 946 1557 ἐπερωτήσεὼς
969 1475 1123 1548 πρὸς
1144 1479 1303 1544 τοὺς
1349 1475 1742 1544 Φαρισαίους.

276 1625 294 1656 ι
341 1603 588 1675 Ἤρξατο
612 1601 667 1654 δὲ
700 1599 837 1670 πρὸς
870 1597 959 1650 τὸν
984 1592 1116 1647 λαὸν
1144 1591 1327 1659 λέγειν
1355 1591 1455 1661 τὴν
1484 1583 1803 1657 παραϐολὴν

199 1695 444 1766 ταύτην
493 1690 819 1762 Ἀνθρωπὸς
870 1706 955 1749 τις
984 1685 1286 1755 ὲςρύτευσεν
1339 1678 1669 1752 ἀμπελῶνα,
1704 1675 1803 1729 καλ⁵

201 1790 413 1859 ἐξέδοτο
470 1785 631 1842 αὐτὸν
675 1784 948 1852 γεωργοῖς
977 1819 992 1846 ,
1032 1781 1129 1834 καὶ
1174 1777 1503 1846 ἀπεδήμησε
1575 1771 1806 1842 χρόνους

203 1874 449 1938 ἱκανούς.
475 1873 584 1928 Καὶ
602 1874 659 1925 ὲν
683 1870 863 1940 καιρῷ
887 1868 1179 1923 ἀπέστειλε
1210 1865 1349 1936 πρὸς
1369 1863 1498 1926 τοὺς
1523 1859 1805 1931 γεωργοὺς

201 1970 412 2034 δοῦλον,
447 1969 536 2020 ἵνα
565 1964 674 2018 ἀπὸ
693 1962 789 2016 τοῦ
819 1961 1040 2033 καρποῦ
1062 1960 1158 2014 τοῦ
1181 1955 1511 2029 ἀμπελῶνος
1541 1951 1807 2006 ὲπιδῶσιν

1897 742 2172 814 Quidquid
2201 743 2348 798 enim
2378 740 2631 805 dixisset,
2671 737 2724 792 id
2758 751 2924 793 omne
2959 735 3269 808 potuissent
3297 732 3372 789 ilIi
3411 746 3508 790 ca-

1905 835 2165 893 lumniari
2225 844 2281 891 et
2318 847 2599 905 respuere,
2646 829 3114 902 quemadmodum
3173 836 3230 883 et
3279 822 3509 882 Joannis

1899 943 2185 985 sermones
2215 968 2231 992 ,
2287 927 2380 997 qui
2440 925 2642 980 clarior
2695 924 2838 993 apud
2888 936 2986 978 eos
3033 919 3363 987 habebatur,
3425 933 3507 974 re-

1899 1033 2190 1095 spuerunt.

2415 1211 2423 1218 _
2483 1129 2719 1189 CAPUT
2780 1131 2902 1188 xx.

1978 1247 2251 1304 Pnrabola
2282 1248 2346 1302 de
2369 1247 2543 1301 vinea.
2580 1244 2654 1298 De
2676 1243 2931 1299 insidiose
2963 1241 3422 1310 interrogantibus
3449 1239 3512 1292 ob

1975 1337 2214 1375 ceruum.
2255 1319 2331 1373 De
2362 1317 2679 1373 Sadducwis
2702 1315 3143 1370 resurrectionem
3176 1311 3511 1381 negantibus.

1979 1392 2056 1446 De
2082 1391 2497 1461 interrogatione
2518 1387 2648 1443 Jesu
2685 1386 2978 1440 Phariswis
3009 1384 3181 1454 facta.

1983 1574 2151 1630 Vens.
2207 1575 2365 1631 9-l6.
2410 1594 2428 1626 ι
2471 1573 2652 1644 ϐωρίι
2710 1582 2891 1628 autem
2943 1571 3130 1626 dicere
3179 1571 3248 1625 ad
3302 1558 3518 1640 plebem

1908 1667 2227 1737 pal‘altoiattt
2261 1669 2405 1722 hanc
2447 1685 2460 1722 :
2504 1665 2682 1722 Ilomo
2713 1667 2935 1737 quidam
2973 1663 3242 1736 plantavit
3272 1652 3515 1722 vineam.

1909 1773 1963 1817 et
1991 1763 2190 1817 locavit
2222 1777 2343 1816 eam
2379 1761 2613 1826 colonis,
2670 1770 2725 1816 et
2775 1761 2891 1829 ipse
2920 1773 3150 1830 peregre
3177 1758 3294 1828 egit
3351 1757 3521 1811 multo

1918 1864 2180 1925 tempore.
2207 1852 2455 1926 Cumque
2471 1864 3017 1924 essetopportunum,
3039 1852 3188 1906 misit
3205 1852 3271 1906 ad
3295 1849 3524 1906 colonos

1915 1964 2160 2016 servum,
2195 1958 2258 2002 ut
2290 1948 2356 2004 de
2389 1947 2568 2003 fructu
2601 1949 2778 2003 vinea:
2802 1949 2996 2002 darent
3029 1947 3131 2015 ipsi
3159 1946 3291 2016 :qui
3318 1959 3520 1999 caesum

204 2060 381 2132 αὐτῷ·
420 2058 470 2112 οἱ
493 2058 549 2111 δὲ
581 2056 821 2127 γεωργοὶ
848 2054 1131 2124 δείραντες
1179 2048 1368 2114 αὑτὸν,
1408 2041 1804 2112 ἐξαπέστειλαν

1934 2041 2220 2095 amiserunt
2265 2056 2389 2096 eum
2429 2041 2674 2095 inanem.
2730 2040 2796 2095 Et
2831 2055 3026 2095 rursus
3057 2039 3241 2094 adhuc
3287 2038 3521 2092 alterum

203 2154 387 2210 κενόν.
425 2152 538 2205 Καὶ
594 2147 896 2221 προσέθετο
935 2143 1154 2215 πέμψαι
1200 2143 1392 2213 ἓτερον
1419 2137 1630 2198 δοῦλον,
1678 2136 1726 2188 οί
1753 2132 1811 2186 δὲ

206 2248 464 2301 κὰκείνον
495 2242 802 2314 δείραντες,
838 2239 934 2292 καὶ
968 2236 1369 2308 ἀτιμάσαντες,
1413 2226 1732 2298 ὲξαπέστειὶ
1793 2264 1807 2278 ,

206 2339 391 2392 κενόν.
447 2335 558 2388 Καὶ
623 2329 931 2403 προσέθετο
985 2328 1208 2397 πέμψαι
1257 2325 1465 2395 τρίτον,
1519 2322 1568 2374 οἱ
1601 2319 1660 2374 δὲ
1717 2316 1814 2371 atat

209 2428 401 2483 τοῦτον
428 2423 911 2498 τραυματίσ;..ντες
968 2418 1248 2484 ἐξέϐαλον.
1288 2410 1427 2468 Eine
1457 2411 1515 2466 δὶ
1559 2413 1587 2465 6
1623 2409 1814 2480 κύριος

219 2520 318 2575 τοῦ
354 2518 671 2588 ἀμπελῶνο.
760 2514 826 2567 Τί
860 2513 1110 2582 ποιήσω;
1156 2505 1364 2576 Πέμψω
1408 2504 1501 2557 τὸν
1534 2503 1652 2555 υἱόν
1711 2516 1813 2569 μου

210 2614 304 2666 τὸν
330 2609 617 2680 ἀγαπητόν
640 2625 654 2640 ’
690 2606 821 2669 ἴσως
861 2602 1055 2658 τοῦτν
1090 2601 1296 2663 ἰδόντες
1346 2596 1811 2666 ἐντραπήσονται.

223 2704 453 2766 Ἰδόντες
504 2703 564 2754 δῖε
599 2699 765 2753 αὐτὸν
819 2698 869 2749 οἱ
919 2693 1185 2766 γεωργοὶ,
1251 2686 1616 2758 διελογίζοντο
1680 2682 1818 2753 πρὸς

207 2798 442 2860 ἑαυτοὺς
483 2795 756 2862 λέγοντες·
797 2784 968 2852 Οὗτός
995 2790 1146 2841 ἐστιν
1180 2788 1208 2839 6
1232 2782 1599 2854 κληρονόμος,
1633 2775 1814 2839 δεῦτε,

209 2891 640 2958 ἀποκτείνωμεν
669 2884 856 2948 αὐτὸν,
886 2885 975 2937 ἴνα
1013 2881 1171 2954 ἡμῶν
1221 2879 1449 2948 γένηται
1480 2875 1516 2944 ἡ
1555 2873 1818 2941 κληροιο-

220 2985 344 3057 μία.
387 2980 499 3035 Καὶ
547 2977 876 3040 ὲκὸαλόντες
935 2973 1100 3028 αὑτὸν
1148 2971 1256 3035 ἔξω
1307 2969 1404 3022 τοῦ
1465 2961 1819 3057 ἀμπελῶνος,

209 3076 574 3132 ἀπέκτειναν.
613 3071 684 3126 Τί
740 3066 835 3124 οὖν
884 3069 1104 3139 ποιήσει
1161 3063 1348 3124 αὐτοῖς
1403 3061 1431 3113 6
1488 3056 1682 3127 κύριος
1723 3051 1820 3105 τοῦ

212 3168 545 3241 ἀμπελῶνος
571 3183 589 3234 ;
622 3163 962 3227 Ἑλεύσεται,
990 3160 1086 3214 καὶ
1110 3157 1369 3212 ἀπολέσει
1393 3153 1520 3214 τοὺς
1538 3146 1823 3218 γεωργοὺς

212 3239 466 3325 τούτους,
498 3255 596 3313 καὶ
624 3254 789 3309 δώσει
817 3254 911 3307 τὸν
941 3249 1247 3323 ἀμπελῶνα
1282 3247 1487 3306 ἀλλοις.
1531 3260 1550 3294 ι
1579 3239 1825 3310 Βραχεῖα

219 3351 322 3422 μὲν
354 3348 498 3420 αῦτη
528 3350 562 3419 ἠ
597 3345 912 3416 παραϐολὴ,
950 3343 1093 3414 πλὴν
1125 3340 1300 3394 πολλά
1356 3336 1450 3389 καὶ
1492 3331 1708 3404 μεγάλα
1737 3330 1822 3383 δι-

1911 2147 2130 2187 servum
2187 2134 2358 2189 misit.
2401 2132 2486 2188 Illi
2562 2149 2694 2189 vero
2737 2135 2885 2189 hunc
2926 2147 3147 2203 quoque
3192 2147 3420 2195 caesum,
3469 2141 3526 2183 et

1912 2227 2265 2281 contumeliis
2313 2226 2605 2292 allectum,
2657 2228 2962 2283 emiserunt
3011 2226 3256 2281 inanem.
3311 2223 3528 2278 Rursus

1922 2319 2071 2372 misit
2105 2327 2160 2374 et
2197 2320 2444 2374 tertium.
2484 2323 2556 2374 At
2610 2319 2685 2374 illi
2739 2321 2886 2376 hunc
2932 2334 3156 2391 quoque
3206 2317 3529 2372 vulneribus

1916 2407 2145 2464 inﬂictis
2211 2409 2509 2476 eiecerunt.
2565 2410 2715 2466 Dixit
2765 2423 2948 2466 autem
3001 2411 3257 2465 dominus
3307 2411 3524 2463 vineae:

1920 2502 2060 2568 Quid
2093 2502 2332 2559 faciant?
2355 2503 2566 2560 Mittam
2607 2503 2780 2559 lilium
2819 2519 3002 2559 meum
3031 2502 3318 2567 dilectum,
3363 2502 3532 2560 forsi-

1921 2604 2012 2650 tan
2063 2613 2187 2652 cum
2226 2598 2372 2654 hunc
2415 2599 2675 2661 viderint.
2733 2599 3160 2655 reverebantur.
3194 2597 3368 2664 Quem
3404 2613 3530 2653 cum

1920 2690 2189 2746 vidissent
2238 2690 2442 2759 coloni,
2476 2692 2863 2762 c0gitaverunt
2894 2691 3038 2746 intra
3091 2705 3176 2755 se,
3229 2691 3481 2746 dicentes
3514 2708 3530 2745 :

1925 2782 2026 2838 llic
2084 2793 2169 2838 est
2230 2785 2448 2849 haares,
2491 2784 2712 2848 venite,
2776 2784 3098 2838 occidamus
3144 2781 3312 2856 452
3356 2782 3533 2847 illum,

1927 2881 1987 2925 ut
2033 2881 2224 2926 nostra
2261 2871 2356 2929 ﬁat
2397 2872 2736 2928 hzcreditas:
2789 2882 2844 2928 et
2876 2871 3114 2941 ejectqu
3172 2873 3327 2928 illum
3377 2883 3535 2929 extra

1930 2964 2168 3024 vineam,
2224 2965 2571 3019 occiderunt.
2605 2963 2746 3030 Quid
2773 2979 2906 3035 ergo
2941 2964 3106 3019 faciet
3144 2965 3254 3021 illis
3281 2964 3540 3021 dominus

1925 3053 2147 3110 vineas?
2177 3055 2368 3111 Veniet
2397 3065 2452 3112 et
2488 3057 2679 3128 perdet
2706 3061 2936 3113 colonos
2972 3057 3146 3122 istos,
3184 3066 3240 3113 et
3271 3057 3423 3114 dabit
3457 3058 3539 3113 vi-

1928 3160 2088 3200 neam
2133 3147 2278 3203 aliis.
2325 3167 2344 3200 ι
2397 3149 2583 3204 Brevis
2613 3148 2832 3219 quidem
2877 3151 2980 3206 ista
3033 3151 3318 3221 parabola,
3369 3151 3539 3209 multa

1929 3245 2112 3294 tamen
2171 3251 2226 3295 et
2263 3255 2459 3311 magna
2515 3256 2614 3297 nos
2662 3241 2828 3299 docet
2871 3261 2885 3298 :
2925 3241 3127 3298 Curam
3184 3259 3352 3315 quam
3396 3244 3540 3300 Deus

1934 3338 2140 3384 tantam
2171 3345 2298 3400 erga
2326 3329 2586 3388 Hebraeos
2606 3335 2880 3400 exhibuit,
2909 3335 2999 3404 qui
3033 3337 3101 3390 ab
3133 3335 3291 3389 initio
3315 3333 3543 3391 fuerunt

213 3396 421 3500 ἕάσκεί
1142 3431 1237 3486 τοῦ
1272 3423 1436 3493 Θεοῦ,Ι
1472 3396 1538 3496 ην
1578 3396 1674 3476 sui.
1707 3422 1821 3484 τοῖς

1934 3423 2256 3490 homicidae;
2293 3440 2462 3479 unum
2492 3441 2614 3482 esse
2647 3425 2818 3481 Deum
2866 3427 3071 3482 veteris
3095 3437 3151 3482 et
3179 3442 3332 3482 novae
3362 3428 3541 3496 legis;

228 3535 510 3606 Ἑϐραίοις
526 3531 800 3601 τοσαύτην
819 3529 1132 3600 ἐχαρίσατο,
1165 3524 1368 3596 μᾶλλον
1399 3522 1456 3575 δὲ
1487 3515 1821 3582 ἐπεδείξατο,

217 3630 283 3681 τὸ
315 3630 377 3693 ἐξ
406 3627 586 3699 ἀρχῆς
620 3627 802 3679 αὐτῶν
829 3623 1074 3695 φονικὸν,
1109 3619 1170 3672 τὸ
1202 3618 1299 3671 καὶ
1329 3617 1427 3686 τῆς
1458 3613 1702 3674 “alata;
1731 3609 1826 3663 καὶ

215 3720 323 3790 τῆς
355 3719 505 3782 Νέας
540 3718 638 3770 ἕνα
670 3711 810 3770 εἶναι
843 3714 936 3767 τὸν
990 3713 1144 3776 Θεὸν,
1186 3710 1249 3762 τὸ
1295 3704 1725 3778 εἰσαχοήσεσοαι
1757 3699 1828 3754 τὰ

216 3813 378 3884 ἔθνη,
413 3813 476 3865 τὸ
507 3806 991 3883 ἀπορῤιφήσεσθαι
1013 3806 1147 3869 τοὺς
1183 3801 1496 3863 Ἰουδαίους.
1536 3793 1828 3868 ’Δμπελὼν

217 3904 318 3962 οἷν
350 3907 489 3978 αὕτη
531 3909 564 3976 ἡ
602 3903 909 3973 Συναγωγὴ
941 3901 1050 3953 τῶν
1100 3897 1401 3962 Ἰουδαίων,
1437 3891 1679 3964 γεωργοὶ
1704 3889 1760 3942 δὲ
1779 3889 1827 3940 oi

220 4001 613 4072 Γραμματεϊς,
654 3998 750 4072 καὶ
778 3995 1073 4065 Φαρισαῖοι
1100 3990 1150 4044 οἱ
1190 3987 1542 4058 προέχοντες,
1576 3981 1674 4035 καὶ
1706 3981 1830 4032 ἐπι-

222 4097 420 4145 στάται
445 4088 542 4144 τοῦ
567 4061 772 4158 λαοῦτῆ
803 4088 896 4140 κοιλ⁸
920 4085 1151 4146 ἕκαστος
1181 4086 1212 4154 ἡ
1222 4081 1340 4154 μῶν
1365 4080 1527 4142 αὐτὸς
1542 4075 1828 4148 ἀμπελὼν,

218 4181 392 4241 αὐτὸς
450 4177 731 4248 γεωργός·
779 4177 1014 4238 ἕκαστος
1063 4173 1174 4244 γάρ
1211 4170 1372 4243 ἡμῶν
1431 4170 1594 4231 αὐτὸς
1636 4167 1830 4220 ἑαυτὸν

219 4275 492 4343 γεωργεῖ.
527 4270 731 4323 Τοῦτον
756 4265 851 4323 οῦν
881 4269 975 4322 τὸν
1003 4266 1310 4339 ἀμπελῶνα
1344 4262 1539 4324 ἐκδοὺς
1561 4263 1830 4333 γεωργοῖς

216 4367 247 4420 6
276 4365 690 4436 φιλάνθρωπος,
718 4363 1066 4434 ἀπεδήμησε,
1101 4362 1408 4426 τουτέστιν,
1441 4355 1832 4421 αὐτεξουσίους

219 4459 431 4522 αὖτοὺς
457 4457 642 4527 ἀφῆκε
679 4455 1035 4526 πορεύεσθαι.
1080 4453 1398 4508 Ἀπέστειλε
1449 4450 1510 4504 δὲ
1537 4449 1832 4519 διαφόρους

215 4546 476 4610 δούλους,
531 4547 824 4617 προφήτας
857 4548 1025 4615 φημὶ,
1073 4545 1150 4608 ὼς
1204 4545 1269 4598 ἂν
1320 4543 1479 4614 σχοίη
1530 4559 1583 4594 τι
1641 4540 1834 4611 κέρδος

224 4639 459 4711 μικρόν.
502 4637 609 4691 Ἐκ·
633 4638 726 4690 τοῦ
759 4637 976 4707 καρποῦ
1007 4637 1139 4709 γὰρ,
1177 4637 1376 4707 φησιν,
1409 4634 1570 4707 ἡθελε
1622 4632 1830 4696 λαϐεῖν,

1930 3517 2206 3572 vocandas
2267 3527 2480 3587 gentes,
2532 3529 2599 3574 'et
2645 3519 2992 3588 abjiciettdos
3060 3518 3301 3576 Judazos.
3367 3519 3543 3575 Vinea

1932 3609 2102 3679 igitur
2157 3611 2282 3677 ista,
2332 3612 2621 3684 Synagoga
2683 3625 2807 3670 erat
2854 3613 3170 3670 Iudaeorum
3225 3633 3240 3670 :
3299 3616 3543 3671 cultores

1935 3713 2142 3769 autem,
2181 3703 2389 3760 Scribae
2429 3716 2486 3761 et
2515 3705 2809 3773 Pharisaei,
2849 3707 2942 3775 qui
2991 3718 3267 3778 praeerant
3318 3710 3542 3778 p0pulu.

1935 3795 2032 3851 Est
2052 3806 2108 3853 et
2145 3800 2525 3868 unusquisque
2551 3801 2734 3867 vinea,
2772 3810 2828 3856 et
2858 3801 3003 3856 idem
3042 3802 3311 3873 agricola.
3356 3801 3544 3858 Unus.

1935 3890 2169 3959 quisque
2220 3892 2365 3946 enim
2416 3902 2669 3947 nostrum
2702 3895 2944 3963 seipsunt
2984 3895 3133 3950 colit.
3188 3892 3341 3951 IIanc
3376 3895 3548 3966 igitur
3613 3930 3619 3936 -

1935 3983 2150 4037 vincam
2187 3998 2314 4039 cum
2346 3985 2672 4042 collocassct
2718 3989 2978 4060 agricolis
3017 3989 3360 4057 misericors,
3396 4007 3550 4062 pere-

1938 4090 2037 4144 gre
2070 4077 2353 4145 profectus
2389 4086 2498 4144 est,
2536 4079 2643 4133 hoc
2675 4089 2782 4146 est,
2812 4079 3066 4149 permisit
3096 4095 3192 4135 eos
3217 4083 3375 4151 juxta
3408 4081 3549 4136 libe-

1939 4186 2059 4224 rum
2094 4170 2386 4226 arbitrium
2425 4171 2663 4242 ingredi.
2711 4173 2863 4228 Misit
2902 4183 3085 4229 autem
3131 4175 3388 4230 diversos
3427 4191 3550 4230 ser-

1937 4278 2058 4327 vos,
2085 4263 2384 4334 prophetas
2402 4265 2549 4329 dico,
2575 4277 2634 4320 ut
2656 4265 2887 4321 haberet
2917 4266 2995 4321 vel
3020 4282 3248 4337 parvum
3272 4268 3548 4336 quoddam

1939 4354 2176 4411 lucrum.
2213 4355 2441 4412 Volebat
2472 4361 2619 4414 enim
2673 4358 2740 4414 de
2793 4359 2973 4415 fructu
3006 4375 3225 4430 capere,
3261 4376 3370 4416 non
3428 4361 3548 4416 Iru-

1941 4462 2091 4506 ctum
2117 4467 2370 4518 omnem;
2403 4453 2534 4523 quid
2565 4454 2713 4508 enim
2742 4453 3094 4509 lucrifaceret
3122 4456 3267 4510 Deus
3299 4470 3366 4510 ex
3393 4457 3554 4512 nobis

1943 4545 2049 4598 nisi
2087 4545 2171 4599 sui
2208 4546 2582 4614 agnitionem?
2619 4547 2754 4602 Illud
2778 4560 2960 4602 autem
2995 4548 3162 4602 etiam
3194 4559 3448 4605 nostrum
3470 4563 3556 4604 est

1944 4636 2156 4691 lucrum
2210 4655 2224 4691 :
2269 4647 2512 4693 attamen
2570 4639 2804 4694 salutem
2872 4651 3162 4706 nostram,
3227 4640 3557 4712 luet-umque

219 4735 296 4792 οὐ
331 4734 428 4788 τὸν
465 4732 682 4803 καρπὸν
707 4731 947 4786 ἅπαντα·
981 4732 1038 4784 τί
1069 4731 1180 4800 γὰρ
1209 4729 1486 4800 κερδαίνει
1517 4728 1546 4780 6
1566 4726 1700 4790 Θεὸς
1736 4725 1823 4794 agr

1947 4738 2222 4795 nostrum,
2258 4745 2414 4784 suum
2451 4730 2605 4786 facit.
2645 4730 3010 4786 Contumeliis
3039 4741 3222 4787 autem
3251 4730 3556 4788 olfecerunt

221 4826 420 4899 ἡμῶν,
456 4827 507 4878 εί
557 4825 633 4896 μὴ
687 4824 790 4896 τὴν
832 4823 1000 4876 αὑτοῦ
1040 4824 1371 4888 ὲπίγνωσιν;
1413 4820 1524 4874 Καὶ
1579 4816 1718 4888 αῦτη
1776 4816 1835 4870 δὲ

221 4917 509 4991 ἡμέτερον
541 4916 758 4988 κέρδος,
790 4916 944 4985 ὅμως
975 4915 1077 4985 τὴν
1129 4913 1408 4984 σωτηρίαν
1440 4909 1599 4982 ἡμῶν
1647 4910 1744 4963 καὶ
1775 4909 1836 4962 τὸ

217 5011 512 5084 ἡμέτερον
547 5009 740 5079 κέρδος
763 5009 966 5061 οἰκεῖον
1001 5009 1264 5060 ποιεῖται.
1305 5003 1580 5076 ’Ὑδρισαν
1615 5002 1673 5056 δὲ
1709 5002 1839 5063 τοὺς

217 5103 650 5167 ἀποσταλέντας
703 5103 755 5155 οι
802 5101 964 5154 κακοὶ
1004 5102 1268 5172 γεωργοὶ,
1324 5099 1630 5170 δείραντες,
1699 5094 1839 5166 μετὰ

222 5197 336 5252 καὶ
358 5195 455 5248 τοῦ
488 5195 680 5255 κενοὺς
710 5192 1119 5259 ἐξαποστεῖλαι,
1147 5191 1452 5254 τουτέστιν,
1481 5191 1560 5252 είς
1581 5186 1839 5241 τοσοῦτον

219 5287 644 5360 ἀγνωμοσύνης
672 5282 858 5359 ἦλθον,
893 5285 1036 5339 ὥστε
1095 5284 1154 5338 οὐ
1191 5285 1354 5354 μόνον
1409 5283 1694 5346 ἐξέκλιναν
1731 5279 1842 5332 ἀπὸ

226 5387 338 5443 τοῦ
372 5385 566 5450 καλοῦ,
603 5377 702 5439 καὶ
729 5384 924 5437 οὐδένα
955 5383 1171 5454 καρπὸν
1203 5381 1411 5450 ἀγαθὸν
1445 5381 1678 5444 ἔδωκαν,
1704 5376 1842 5431 ἀλλά

228 5487 342 5539 οιαὶ
383 5481 656 5553 πονηρίαν
694 5479 986 5549 ἐποίησαν,
1026 5479 1054 5531 δ
1081 5477 1332 5548 μείζονος
1358 5476 1635 5537 κολάσεως
1665 5473 1841 5541 ἀξιον.

215 5580 363 5634 Τῶν
405 5572 500 5629 οῦν
539 5574 839 5646 προφητῶν
866 5572 1014 5625 οῦτω
1048 5574 1118 5625 τά
1145 5571 1431 5625 δεινότατα
1470 5570 1781 5632 παθόντων,
1816 5567 1846 5620 6

217 5673 366 5737 Υἱὸς
393 5667 814 5725 ἀποστέλλεται.
839 5667 1000 5731 Ἴσως
1030 5666 1164 5736 γὰρ,
1195 5667 1383 5739 φησιν,
1410 5664 1846 5738 ἐντραπήσονται

215 5768 332 5823 τὸν
359 5764 493 5818 Υίόν
531 5781 656 5834 μου.
695 5763 869 5817 Τοῦτο
917 5764 975 5816 δὲ
1011 5759 1192 5825 εἶπεν,
1243 5760 1342 5830 οὐχ
1396 5759 1472 5824 ὡς
1509 5760 1725 5828 ἀγνοῶν
1784 5757 1847 5811 τὸ

221 5857 465 5932 μέλλον,
497 5858 593 5911 καὶ
631 5857 714 5910 ὅτι
765 5857 1022 5928 μέλλουσι
1061 5856 1266 5924 μᾶλλον
1301 5855 1466 5909 αὑτὸν
1509 5857 1694 5924 χεῖρον
1738 5852 1848 5906 τῶν

213 5948 546 6023 προφητῶν
589 5945 898 6012 διαθέσθαι,
941 5948 1058 6002 ἀλλ’
1111 5950 1290 6000 έκεῖνο
1329 5947 1526 6015 λέγων,
1575 5947 1716 6017 ὅπερ
1739 5944 1849 5999 ἔδει

215 6044 525 6100 γενέσθαιο
555 6042 664 6096 ἔδει
690 6043 800 6097 vae
823 6043 1167 6098 ὲντοαπῆναι
1185 6042 1372 6098 αὐτόν.
1403 6041 1468 6096 Εἰ
1488 6039 1544 6097 δὲ
1570 6045 1666 6098 καὶ
1693 6043 1848 6098 αὐτοὶ

1943 4819 2074 4874 mali
2126 4821 2385 4890 agricolae
2421 4823 2644 4888 missos,
2695 4833 2750 4878 et
2789 4838 2962 4879 cmsos
3011 4824 3283 4878 miserunt
3325 4840 3552 4892 vacuos,

1942 4915 2049 4969 hoc
2077 4925 2183 4979 est,
2225 4915 2278 4968 in
2319 4925 2527 4970 tantam
2562 4927 2937 4986 pervenerunt
2976 4917 3458 4988 ingratitudinem,
3497 4929 3558 4974 ut

1945 5020 2054 5059 non
2081 5005 2258 5060 solum
2291 5006 2692 5062 declinaverint
2726 5023 2754 5062 a
2790 5007 2963 5075 bono,
2987 5018 3044 5062 et
3068 5008 3278 5064 nullum
3313 5010 3556 5065 fructum

1943 5099 2218 5163 dederint,
2258 5102 2356 5154 sed
2399 5109 2457 5155 et
2488 5099 2631 5154 mala
2677 5099 2908 5155 iecerint
2938 5119 2951 5155 :
2985 5102 3131 5169 quod
3166 5102 3363 5173 majori
3407 5117 3556 5173 sup—

1946 5193 2111 5263 plicio
2159 5194 2406 5264 dignum.
2476 5194 2650 5264 Igitur
2699 5209 2825 5250 cum
2881 5197 3163 5267 propheta
3215 5204 3325 5251 tant
3367 5199 3556 5268 gravia

1945 5292 2343 5348 sustinuissent
2385 5307 2398 5343 :
2438 5289 2609 5346 Filius
2657 5289 2913 5345 mittitur.
2956 5289 3120 5346 Forte
3151 5291 3323 5355 enim,
3359 5292 3558 5363 inquit.

1950 5391 2102 5446 hunc
2152 5388 2580 5444 reverebuntttr.
2627 5386 2793 5441 Forte
2851 5387 3010 5452 dixit,
3047 5402 3156 5442 non
3192 5398 3252 5441 ut
3293 5388 3560 5459 ignorans

1949 5483 2194 5537 futurum
2233 5481 2381 5553 quod
2445 5482 2602 5551 pejus
2655 5496 2779 5535 eum
2829 5478 3078 5534 aﬂecturi
3137 5486 3332 5534 essent
3386 5495 3558 5550 quam

1949 5577 2249 5646 prophetas
2282 5595 2296 5629 ε
2332 5578 2427 5630 sed
2463 5576 2595 5630 illud
2628 5574 2762 5630 dicit
2796 5574 2941 5646 quod
2977 5573 3093 5628 lieri
3123 5572 3359 5628 debebat
3405 5589 3421 5627 :
3466 5575 3558 5627 de-

1951 5672 2156 5726 hebant
2189 5673 2336 5725 enim
2369 5671 2609 5724 revereri
2640 5669 2820 5723 illum.
2857 5667 2926 5721 At
2959 5666 3036 5721 illi
3069 5681 3240 5737 usque
3273 5666 3412 5721 adeo
3446 5681 3557 5722 non

1951 5775 2080 5820 sunt
2110 5743 2354 5831 reveriti,
2384 5774 2443 5818 ut
2463 5763 2628 5818 etiam
2653 5762 2965 5817 occiderint
2991 5780 3002 5815 :
3035 5764 3178 5831 quod
3209 5761 3262 5815 in
3286 5760 3555 5830 majorem

1953 5875 2144 5914 eorum
2188 5859 2598 5913 accusationem
2632 5866 2740 5922 est,
2781 5856 2909 5926 quia
2943 5867 3236 5926 postquam
3268 5853 3564 5909 allii-mavit

1956 5953 2097 6007 ῡιιιιε
2119 5951 2322 6007 bonum
2354 5950 2456 6005 hoc
2486 5965 2628 6014 esse,
2671 5949 3034 6005 reverentiam
3055 5948 3246 6004 haberi
3280 5947 3440 6011 Filio,
3483 5940 3561 6000 illi

1959 6048 2116 6102 olnt-.0
2149 6047 2484 6103 contrariam
2535 6046 2775 6102 tulerunt
2811 6043 3165 6101 sententiam.
3214 6041 3343 6101 Ilaec
3378 6051 3560 6099 autem
