4048 6512
202 399 329 475 toil

909 397 1360 473 EXAlllL‘tTlO
1396 399 1477 460 ΙΝ
1521 399 2029 460 EVANGELIUM
2067 399 2385 460 LUC£.—
2412 401 2568 462 CAP.
2608 399 2736 460 XX.

3365 389 3509 452 1012'

194 522 283 589 Μὴ
315 520 542 586 γένοιτο.
579 517 643 568 Τί
673 514 762 566 οὖν
798 514 825 564 ὁ
866 514 1138 582 Χριστόςς
1186 512 1414 578 Ἑπὰγει
1448 513 1543 564 καὶ
1594 513 1789 580 ἑτέραν

1934 525 2018 561 em
2053 511 2269 578 quidem
2300 511 2539 578 seipsum
2576 510 2863 563 nominans
2887 549 2899 571 ,
2937 507 3272 559 :rdiﬁcames
3317 513 3500 554 autem

196 611 509 681 μαρτυρίαν
537 607 646 660 ἀπὸ
682 606 772 658 τοῦ
811 606 997 669 Δαυὶδ,
1035 605 1184 658 λίθον
1215 606 1315 675 μὲν
1343 605 1539 658 ἑαυτὸν
1590 605 1791 675 ὀνομά-

195 704 323 770 ζων,
363 701 682 770 οἰκοδόμους
727 698 786 751 δὲ
820 699 949 760 τοὺς
998 699 1357 760 διδασκάλους
1392 699 1590 762 αὐτοὺς
1648 699 1793 751 καθὰ

195 797 288 848 καὶ
328 797 355 848 ὀ
420 791 683 860 Ἰεζεκιήλ
722 807 908 858 φησιν,
966 790 1391 857 Οἱκοδομοῦντες
1448 791 1539 842 τὸν
1591 793 1790 859 τοίχον,

194 887 291 942 καὶ
347 884 662 953 ἀλείφοντες
717 881 1055 953 ἀναρτύτως,
1091 883 1394 946 τουτέστιν,
1440 884 1490 936 οἱ
1534 882 1604 935 τὰ
1657 877 1794 954 πρὸς

195 983 358 1050 χάριν
390 978 661 1045 λέγοντες,
691 977 786 1028 καὶ
808 974 1294 1042 ’συγκαλύπτοντες
1326 976 1392 1028 τα
1433 973 1793 1044 ἐλαττώματα

193 1072 288 1125 τοῦ
346 1069 480 1123 λαοῦ
547 1070 641 1122 καὶ
700 1063 810 1121 οἷον
872 1067 1279 1135 ἐμπλάττοντες
1337 1067 1674 1129 ἐπιπολαίως
1725 1064 1795 1118 τὰ

195 1164 375 1234 σαθρὰ
396 1161 489 1214 τοῦ
540 1161 694 1218 λαοῦ.
727 1160 916 1228 ὥσπερ
946 1161 1092 1222 τινὸς
1123 1161 1324 1228 τοίχου.
1361 1160 1483 1222 Πῶς
1511 1159 1566 1212 δὲ
1596 1159 1795 1213 ἀπεδο-

203 1258 450 1324 κίμασαν
486 1255 673 1307 τοῦτον
692 1255 783 1306 τὸν
813 1253 990 1315 ).ίθον;
1019 1254 1297 1314 Εἰπὸντες·
1323 1247 1494 1316 Οὗτος
1518 1253 1619 1305 οὐκ
1651 1252 1797 1305 ἔστιν

194 1353 258 1403 ὲκ
287 1350 381 1402 τοῦ
413 1350 572 1402 θεοῦ.
611 1349 715 1401 Δύο
763 1347 818 1399 δὲ
854 1347 1134 1408 ἀπωλείας
1175 1346 1410 1401 ἐνταῦθα
1445 1346 1632 1414 λέγει’
1663 1347 1798 1415 μίαν

196 1444 299 1512 μὲν
328 1445 425 1513 τὴν
461 1444 569 1496 τῶν
593 1442 780 1512 ψυχῶν
803 1440 1006 1501 αὐτῶν,
1034 1440 1103 1510 ἣν
1129 1440 1283 1493 αὐτοὶ
1315 1439 1799 1503 σκανδαλισθέντες

195 1537 426 1590 ἔπαθον
477 1538 589 1598 Πᾶς
645 1535 755 1605 γὰρ
801 1536 828 1587 ὁ
879 1533 1062 1588 πεσὼν
1109 1535 1203 1587 ἐπὶ
1250 1532 1342 1587 τὸν
1385 1534 1534 1586 λίθον
1608 1533 1802 1587 τοῦτον

197 1628 690 1697 συνθλασθήσεταν
726 1628 922 1690 ἑτέραν
965 1628 1022 1679 δὲ
1078 1627 1176 1696 τὴν
1209 1627 1317 1678 ἀπὸ
1365 1626 1467 1695 τῆς
1514 1626 1799 1695 αἰχμαλω-

199 1723 342 1784 σίας.
371 1722 482 1791 ἥνὸ
506 1719 650 1782 λίθος
675 1722 856 1783 αὐτοῖς
897 1720 1202 1789 ἐπήγαγεν,
1237 1720 1265 1770 ὁ
1294 1719 1425 1788 παρ’
1449 1718 1799 1782 αὑτῶνὲξου-

193 1813 472 1873 δενωοείς.
515 1812 632 1880 Ἐρ’
680 1812 737 1865 ὃν
762 1813 889 1882 γὰρ,
916 1813 1072 1881 φησι,
1104 1811 1283 1874 πέσει,
1318 1810 1580 1882 λικμήσει
1614 1811 1794 1862 αὐτόν.

1898 602 2151 657 dot-tores
2185 603 2332 672 ipsos
2366 622 2379 656 :
2434 604 2890 673 quemadmodum
2937 611 2991 654 ct
3025 597 3273 654 Ezechiel
3326 597 3459 650 dicit
3489 586 3510 647 ε’

1898 691 2260 748 ,Εάἱῐῑςιιιιιεε
2291 695 2553 765 parietem
2601 707 2656 750 et
2691 695 2946 749 liuientes
2981 692 3187 760 absque
3231 697 3506 756 tempera-

1899 793 2041 848 tura,
2065 788 2165 841 hoc
2187 798 2288 852 est,
2312 790 2401 856 qui
2425 789 2492 843 ad
2507 790 2737 858 gratiam
2761 789 3078 856 loquuntur,
3104 794 3157 838 et
3183 783 3507 850 cooperiunt

1899 880 2094 935 delicta
2142 881 2350 951 populi,
2394 892 2448 937 et
2485 883 2650 937 veluti
2685 882 2736 935 in
2792 879 3087 950 superﬁcie
3136 879 3267 931 vitia
3323 874 3505 945 populi

1901 974 2116 1038 liniunt,
2179 975 2324 1028 velut
2382 976 2646 1044 parietem
2703 975 3016 1045 quemdam.
3056 972 3343 1039 Quomodo
3411 986 3507 1022 au-

1905 1072 2009 1116 tem
2076 1065 2508 1131 rcprobaveruut
2556 1065 2788 1134 lapidem
2826 1063 3021 1117 illum?
3050 1063 3174 1128 quia
3203 1062 3456 1115 direhnnt
3483 1079 3504 1113 -:

1903 1153 2005 1208 Hic
2038 1170 2143 1208 nou
2190 1165 2271 1209 est
2309 1170 2372 1211 ex
2424 1155 2555 1212 Deo.
2591 1157 2734 1210 Duas
2797 1168 2978 1210 autem
3017 1152 3358 1223 perditioncs
3424 1151 3511 1203 hic

1903 1244 2086 1298 dicit:
2127 1243 2300 1299 Unam
2353 1248 2661 1302 animarum
2718 1247 2933 1302 illorum
2975 1247 3024 1298 iu
3076 1259 3241 1314 quam
3303 1241 3510 1296 incide-

1905 1339 2034 1392 bant
2068 1338 2424 1393 scandalizati
2459 1357 2470 1392 ε
2505 1337 2696 1393 Omnis
2728 1337 2874 1391 enim
2909 1337 3000 1406 qui
3034 1335 3296 1391 ceciderit
3344 1348 3509 1401 super

1907 1428 2136 1499 lapidem
2197 1429 2413 1494 istum,
2459 1427 2876 1499 confringetur;
2927 1427 3153 1482 alteram
3216 1426 3509 1495 captivita-

1908 1524 1995 1588 tis,
2033 1540 2195 1594 quam
2247 1532 2592 1594 contemptus
2638 1525 2726 1578 ille
2758 1524 2893 1592 lapis
2921 1525 3001 1578 eis
3035 1522 3298 1577 attulerit.
3335 1521 3514 1588 Super

1904 1631 2064 1684 quem
2120 1617 2264 1670 enim
2326 1615 2609 1680 ceciderit,
2671 1616 2912 1671 dissilire
2975 1615 3124 1670 illum
3183 1614 3370 1668 facTet.
3420 1613 3514 1666 Sic

1907 1709 2074 1780 igitur
2129 1709 2486 1764 dissiluerunt
2537 1709 2731 1774 Judtei,
2783 1717 2836 1763 et
2880 1708 3112 1779 dispersi
3168 1717 3318 1771 sunt,
3370 1706 3515 1760 sicut

1909 1803 2079 1870 palea:
2101 1804 2168 1855 ah
2201 1818 2306 1855 una
2343 1817 2467 1856 area
2494 1801 2693 1857 Judzeze
2729 1803 2780 1856 in
2814 1811 2989 1858 totum
3021 1801 3190 1874 454
3223 1799 3511 1856 mundum.

204 1908 394 1968 Οὕτως
421 1869 516 1960 οὖν
569 1866 952 1976 ἐιλικμήιθησιαν
978 1866 1032 1956 ’τί
1061 1866 1342 1969 νἰουδαῖοι,
1376 1866 1801 1973 καὶιδιεσπάρη-

1927 1893 2148 1949 )bserva
2188 1907 2370 1949 autem
2434 1895 2579 1965 quod
2638 1895 2714 1948 illi
2771 1896 2922 1964 prius
2976 1896 3297 1949 ceciderunt
3348 1907 3517 1962 super

201 2016 324 2066 σαν,
360 1988 551 2068 ὥσπερ
583 1998 767 2067 ἄχυρα.
794 1996 900 2048 ἀπὸ
933 1998 1063 2065 μιᾶς
1115 1996 1342 2060 ἅλωνος,
1376 1995 1476 2062 τῆς
1517 1994 1799 2057 Ἰουδαίας,

199 2094 278 2153 είς
315 2092 492 2145 πάντα
530 2090 622 2142 τὸν
653 2090 880 2159 κόσμον.
912 2089 1322 2157 Παρατήρησον
1357 2088 1436 2150 δὲ,
1469 2089 1553 2140 ὅτι
1603 2089 1802 2158 πρότεα

203 2200 299 2251 ρον
335 2185 537 2234 ἐκεῖνοι
588 2182 787 2233 ἔπεσον
834 2181 929 2234 ἐπὶ
965 2179 1054 2233 τὸν
1082 2180 1254 2242 λίθον,
1278 2180 1585 2243 τουτέστιν,
1608 2181 1806 2232 ἐσκαν-

196 2273 559 2343 δαλίσθησαν,
588 2268 687 2324 εἷθ’
725 2271 898 2336 οὕτως
951 2274 979 2325 ὁ
1022 2271 1168 2335 λίθος
1212 2272 1410 2325 ἔπεσεν
1451 2273 1538 2324 ἐπ’
1584 2273 1804 2338 αὐτοὺς,

199 2355 296 2418 καὶ
331 2365 735 2435 ἐτιμωρήσατο·
773 2366 1103 2434 προηγεῖται
1134 2363 1243 2434 γὰρ
1293 2365 1324 2434 ἡ
1379 2363 1488 2432 ὲμὴ
1534 2362 1804 2432 ἁμαρτία,

203 2454 309 2511 εἷθ’
337 2456 513 2518 οὓτως
542 2458 575 2528 ἠ
604 2455 697 2508 τοῦ
729 2455 864 2509 Θεοῦ
893 2455 982 2509 ἐπ’
1008 2455 1109 2526 ἐμὲ
1133 2455 1316 2508 δικαία
1354 2456 1617 2526 τιμωρία.
1665 2454 1806 2508 Ἀλλ’

198 2552 254 2604 οἱ
304 2549 404 2619 μὲν
459 2549 708 2602 Ἰουδαῖοι
759 2548 1177 2616 ἀπεδοκίμασαν
1222 2549 1315 2601 τὸν
1356 2548 1505 2601 λίθον
1533 2548 1746 2601 τοῦτον·
1779 2549 1807 2599 ὁ

199 2641 259 2694 δὲ
297 2641 555 2695 τοσοῦτον
587 2638 653 2711 ἦν
673 2641 860 2706 καλδς,
902 2642 998 2695 καὶ
1030 2641 1310 2707 ἐκλεκτὸς,
1331 2642 1477 2695 ὥστε
1508 2644 1588 2705 εἰς
1629 2658 1807 2711 κειρα-

201 2736 307 2805 λὴν
355 2736 560 2803 γωνίας
602 2736 847 2806 τεθῆναι,
879 2738 972 2789 καὶ
1015 2735 1112 2789 δύο
1154 2736 1375 2806 τοίχους
1432 2735 1809 2806 συμϐαλέσθαι

205 2829 303 2880 καὶ
359 2827 582 2890 ἑνῶσαι,
612 2826 684 2878 τά
734 2844 793 2879 τε
831 2826 1040 2880 παλαιά
1090 2827 1185 2879 καὶ
1207 2828 1271 2880 τὰ
1303 2826 1416 2881 νέα.
1452 2826 1649 2881 Καίτοι
1703 2826 1811 2879 ἔδει

203 2919 408 2978 absab;
451 2917 686 2972 ἀκοῦσαι
737 2918 962 2971 Ἡσαΐου
1009 2919 1288 2986 λέγοντος·
1334 2937 1352 2970 ι
1406 2919 1611 2988 Κύριον
1645 2919 1810 2973 αὑτὸν

200 3012 498 3078 ἁγιάσατε,
535 3011 628 3063 καὶ
654 3011 816 3074 αὐτὸς
853 3011 1007 3063 ἔσται
1041 3011 1173 3080 ὑμῖν
1225 3011 1417 3080 φόϐος,
1461 3011 1559 3065 καὶ
1589 3013 1691 3081 οὐχ
1735 3010 1811 3074 ὡς

204 3104 364 3157 λίθου
430 3103 820 3174 προσκόμματι
885 3105 1253 3174 συναντήσετε
1317 3103 1490 3172 αὐτῷ,
1553 3105 1662 3157 οὐδ’
1736 3107 1812 3167 ὡς

1910 1988 2167 2056 lapidem,
2211 1990 2314 2042 hoc
2363 1991 2468 2052 est,
2521 1987 2878 2043 scandalizati
2929 1996 3080 2053 sunt,
3118 1986 3320 2041 deinde
3376 1987 3517 2056 lapis

1911 2081 2109 2135 cecidit
2136 2095 2299 2150 super
2325 2094 2440 2146 eos,
2476 2090 2530 2136 ct
2571 2080 2716 2134 ultus
2742 2091 2826 2135 est
2854 2081 2974 2134 illos
3013 2096 3026 2132 :
3066 2079 3329 2150 praecedit
3367 2079 3515 2134 enim

1910 2187 2193 2243 peccatum
2235 2190 2434 2240 meum,
2485 2175 2681 2230 deinde
2721 2175 2969 2244 sequitur
2997 2184 3053 2228 et
3089 2173 3236 2243 jusla
3272 2172 3364 2228 Dei
3402 2174 3520 2225 vin-

1901 2270 2076 2321 dicta.
2103 2266 2307 2322 Verum
2339 2267 2511 2322 Judaei
2544 2267 2768 2336 quidem
2806 2267 3249 2336 reprobaverunt
3282 2264 3516 2334 lapidem

1917 2361 2101 2414 istum.
2138 2359 2208 2413 At
2263 2359 2403 2429 lapis
2441 2360 2534 2414 ille
2587 2370 2707 2414 erat
2741 2361 2970 2429 pulcher
2993 2368 3049 2413 et
3088 2359 3322 2421 electus,
3355 2360 3428 2410 ita
3465 2365 3522 2409 ut

1911 2468 1962 2513 et
2017 2457 2071 2511 in
2109 2467 2272 2528 caput
2310 2457 2493 2527 anguli
2529 2457 2601 2511 sit
2651 2459 2884 2526 positus,
2926 2465 2982 2511 et
3011 2455 3362 2526 coniunxerit
3423 2469 3520 2522 pa-

1914 2551 2101 2616 rietes,
2126 2559 2178 2603 ct
2231 2551 2467 2604 univerit
2509 2560 2694 2605 vetera
2732 2566 2794 2604 ac
2827 2566 2990 2604 nova.
3018 2548 3085 2603 Et
3120 2548 3250 2620 quid
3286 2546 3524 2601 multis?

1914 2642 2217 2710 Oportebat
2246 2643 2367 2697 illos
2409 2643 2600 2698 audire
2657 2642 2854 2698 Isaiam
2900 2644 3175 2699 dicentem
3216 2660 3229 2697 :
3275 2660 3292 2693 ι
3337 2640 3526 2695 Domi-

1916 2751 2042 2788 num
2082 2735 2256 2806 ip~um
2289 2734 2646 2801 sanctilicate,
2681 2742 2734 2789 et
2762 2736 2877 2804 ipse
2907 2734 3012 2789 erit
3039 2743 3219 2789 vester
3241 2732 3440 2795 'timor,
3475 2739 3534 2786 et

1918 2842 2024 2880 non
2065 2827 2382 2896 impingctis
2405 2829 2457 2881 iu
2485 2827 2633 2881 illum
2659 2837 2718 2881 ut
2753 2828 2804 2880 in
2837 2826 3073 2896 lapidem
3102 2824 3447 2888 ollensiu’uis,
3475 2831 3531 2877 et

1919 2932 2126 2990 petram
2154 2920 2396 2974 scandali
2442 2921 2484 2974 ⁸.
2519 2938 2539 2974 ι
2587 2921 2660 2975 At
2721 2920 2795 2974 illi
2838 2919 3080 2974 scientes
3107 2918 3254 2988 quod
3308 2926 3532 2987 propter

1919 3016 2067 3084 ipsos
2127 3016 2442 3083 parabolam
2510 3018 2683 3080 dicat,
2740 3017 3034 3072 consilium
3093 3016 3287 3070 ineunt
3337 3024 3530 3070 contra

1919 3122 2067 3172 cum,
2098 3119 2177 3163 etx
2212 3110 2318 3163 nisi
2382 3108 2580 3165 {uisset
2637 3111 2800 3164 timor
2864 3111 3271 3181 poliuli,ctiam
3337 3123 3534 3163 manus

213 3197 430 3268 πέτρας
455 3194 739 3267 πτώματι.
783 3215 801 3248 ι
834 3198 896 3250 υἱ
923 3196 980 3250 δὲ
1012 3198 1106 3250 καὶ
1130 3198 1374 3265 γνόντες,
1406 3201 1488 3252 ὅτι
1514 3198 1582 3252 δι’
1615 3198 1813 3262 αὐτοὺς

1927 3200 2237 3268 injecissent
2284 3202 2337 3256 in
2392 3217 2538 3258 eum.
2575 3205 2639 3259 Et
2684 3215 3132 3275 ccutempserunt
3183 3202 3405 3274 Quidum
3456 3205 3534 3258 Ie-

203 3290 314 3359 τὴν
343 3288 662 3360 παραϐολὴν
697 3288 871 3356 λέγει,
909 3289 1260 3358 βουλεύονται
1307 3291 1429 3344 κατ’
1485 3290 1676 3354 αὐτοῦ,
1725 3292 1823 3344 καὶ

207 3387 261 3436 εἰ
305 3383 379 3454 μὴ
421 3379 491 3454 ἦν
533 3384 561 3435 ὁ
586 3383 681 3436 τοῦ
729 3382 858 3435 λαοῦ
889 3382 1077 3451 φόϐος,
1111 3385 1203 3436 καὶ
1231 3385 1422 3453 χεῖρας
1456 3384 1525 3437 ἂν
1557 3384 1824 3438 ἐπέϐαλον

211 3475 306 3528 ἐπ’
337 3476 521 3530 αὐτόν.
554 3478 666 3530 Καὶ
697 3474 791 3529 τοῦ
829 3476 927 3545 μὲν
955 3476 1125 3546 νόμου
1165 3477 1440 3545 λέγοντος,
1490 3476 1691 3530 Ἀθῶον
1732 3480 1826 3531 καὶ

206 3567 434 3620 δίκαιον
483 3568 582 3621 οὐκ
649 3569 996 3631 ἀποκτενεῖς,
1031 3568 1419 3639 παρήκουσαν,
1455 3568 1549 3621 τὸν
1601 3568 1659 3622 δὲ
1717 3569 1827 3620 τῶν

211 3656 527 3726 ἀνθρώπων
568 3657 741 3728 θυμὸν
773 3657 1088 3727 φοϐοῦνται,
1119 3660 1216 3712 καὶ
1270 3660 1694 3714 ἀναστέλλονται
1729 3662 1830 3730 τῆς

210 3753 288 3803 ὲκ
318 3750 412 3803 τοῦ
444 3751 683 3822 φανεροῦ
710 3753 1038 3818 ἐπιθέσεως,
1069 3753 1490 3807 ἐπιϐουλεύουσι
1534 3754 1590 3806 δὲ
1626 3755 1828 3817 ἄλλως.

305 3863 320 3893 ι
366 3845 475 3897 Καὶ
526 3849 1045 3916 παρατηρήσαντες,
1099 3846 1433 3900 ἀπέστειλαν
1487 3847 1827 3914 ἐγκαθέτους

215 3937 692 4008 ὑποκρινομένους
731 3939 958 4002 ἑαυτοὺς
1005 3937 1249 4003 δικαίους
1296 3937 1458 4003 εἶναι,
1498 3940 1584 3993 ἵνα
1638 3941 1829 3994 ἐπιλά-

215 4032 436 4085 ϐωνται
506 4031 672 4084 αὑτοῦ
714 4032 872 4099 λόγον
934 4035 1014 4095 είς
1045 4032 1107 4085 τὸ
1163 4031 1498 4101 παραδοῦναι
1550 4036 1715 4088 αὑτὸν
1762 4037 1830 4105 τῇ

216 4128 398 4197 ἀρχῇ,
430 4126 527 4178 καὶ
561 4127 628 4196 τῇ
665 4125 888 4197 ἐξουσίᾳ
923 4126 1016 4179 τοῦ
1055 4127 1346 4197 ἡγεμόνος.
1388 4128 1502 4179 Καὶ
1529 4129 1834 4198 ἐπηρώτων

217 4219 418 4283 αὐτὸν,
460 4218 740 4285 λέγοντες’
775 4218 1097 4282 Διδάσκαλε,
1126 4221 1370 4289 οἴδαμεν,
1399 4222 1482 4275 ὅτι
1531 4221 1707 4293 ὀρθῶς
1742 4224 1833 4277 λέ-

215 4327 375 4377 γεις,
411 4310 504 4362 καὶ
566 4308 863 4373 διδάσκεις,
891 4311 990 4364 καὶ
1042 4313 1104 4365 οὑ
1158 4312 1460 4383 λαμϐάνεις
1518 4316 1830 4386 πρόσωπον,

217 4401 348 4457 ἀλλ’
391 4400 478 4454 ἐπ’
510 4401 769 4472 ἀληθείας
800 4403 899 4473 τὴν
937 4403 1056 4457 ὁδὸν
1079 4404 1173 4457 τοῦ
1200 4406 1336 4458 Θεοῦ
1371 4407 1669 4472 διδάσκεις.
1719 4410 1837 4478 ἐξε-

220 4511 356 4546 στιν
385 4495 520 4563 ἡμῖν
553 4493 720 4564 φόρον
747 4495 991 4567 Καίσαρι
1033 4496 1243 4563 δοῦναι,
1272 4499 1304 4570 ἢ
1335 4499 1397 4553 οὗ
1423 4519 1441 4568 ;
1467 4501 1847 4574 Katavoﬁaa;

1930 3311 2049 3366 gem
2101 3312 2223 3364 qua:
2254 3297 2433 3354 dicit:
2465 3299 2817 3353 lunocentem
2861 3308 2915 3352 et
2961 3297 3170 3366 justum
3231 3313 3336 3350 ιιοιι
3384 3298 3534 3351 occi-

1929 3391 2046 3443 des.
2083 3389 2412 3445 Timuerunt
2445 3400 2625 3445 autem
2663 3405 2718 3445 et
2747 3392 2984 3457 repressi
3018 3398 3144 3443 sunt
3174 3404 3202 3442 a
3240 3399 3388 3442 metu
3434 3391 3536 3443 ho-

1933 3484 2162 3547 minum,
2201 3499 2268 3538 ne
2318 3484 2609 3540 manifeste
2648 3485 2912 3540 invadant
2960 3498 3110 3549 eum,
3156 3483 3252 3540 sed
3297 3484 3439 3540 clam
3486 3487 3538 3544 ei

1935 3579 2113 3636 denuo
2144 3580 2498 3636 insidiantur.

2013 3856 2081 3910 Vr
2101 3873 2182 3910 ns.
2207 3857 2268 3911 2|
2309 3857 2401 3911 26.
2432 3876 2451 3907 ι
2490 3856 2557 3911 Et
2586 3858 2948 3914 observantes
2979 3858 3283 3913 emiserunt
3309 3858 3538 3913 insidia-

1940 3961 2086 4005 tores
2126 3952 2216 4022 qui
2261 3966 2320 4006 se
2346 3951 2523 4018 justos
2556 3951 2909 4016 simularent,
2938 3961 3000 4006 ut
3029 3963 3291 4021 caperent
3322 3967 3446 4007 eum
3473 3968 3542 4009 ex

1936 4059 2215 4111 sermone,
2248 4047 2638 4114 traderentque
2667 4043 2819 4098 illum
2858 4045 3191 4114 p'rincipatui
3225 4055 3279 4099 et
3348 4056 3539 4115 poles-

1940 4142 2037 4192 tati
2095 4140 2344 4208 prmsidis
2382 4157 2396 4193 ε
2427 4152 2482 4194 et
2531 4141 3011 4209 interrogaverunt
3061 4155 3208 4202 eum,
3246 4140 3495 4194 dicentes
3527 4157 3542 4194 :

1938 4233 2224 4299 Magister,
2263 4231 2467 4286 scimus
2502 4230 2648 4301 quod
2699 4241 2847 4285 recte
2903 4231 3039 4284 dicis
3093 4244 3156 4284 ac
3213 4231 3399 4293 doces,
3447 4245 3549 4283 nec

1941 4327 2169 4396 restiicis
2208 4339 2524 4396 personam.
2565 4325 2659 4379 sed
2709 4327 2852 4377 viam
2891 4323 2986 4378 Dei
3019 4339 3142 4378 cum
3179 4323 3413 4376 veritate
3453 4323 3552 4377 do.

1941 4432 2034 4471 ccs
2069 4435 2087 4470 τ
2116 4416 2244 4470 licet
2301 4416 2459 4468 nobis
2506 4415 2769 4468 tribututn
2833 4415 2965 4468 dare
3012 4414 3238 4477 Caesari,
3275 4429 3343 4467 an
3402 4415 3552 4468 non?

1946 4509 2225 4562 intellecta
2277 4518 2458 4562 autem
2511 4506 2728 4559 illorum
2794 4492 3058 4572 versutia,
3099 4505 3237 4560 dixit
3284 4508 3352 4562 ad
3411 4521 3549 4560 eos:

217 4589 287 4642 δὲ
337 4587 522 4641 αὐτῶν
550 4588 646 4659 τὴν
677 4592 1038 4660 πανουργίαν,
1069 4587 1192 4644 εἷπε
1237 4569 1375 4662 πρὸς
1406 4596 1636 4661 αὐτούς’
1672 4569 1738 4652 τί
1770 4618 1818 4671 μι

1948 4602 2086 4668 Quid
2119 4615 2206 4655 me
2248 4601 2508 4655 teutatis?
2542 4600 2825 4654 Ostendite
2873 4601 3004 4653 mihi
3043 4600 3353 4654 denarium.
3385 4599 3555 4667 Cujus

222 4680 568 4751 πειράζετε;
631 4681 967 4748 Ἐπιδείξατέ
1032 4702 1124 4752 μοι
1171 4686 1446 4756 δηνάριον.
1495 4690 1660 4756 Τίνος
1727 4693 1842 4762 ἔχει

219 4765 428 4828 εἰκόνα
449 4775 544 4827 καὶ
577 4776 926 4844 ὲπιγραφήνς
971 4775 1393 4849 Ἀποκριθέντες
1424 4779 1598 4846 εἷπον,
1628 4786 1844 4838 Καίσα-

229 4882 364 4937 ρος.
411 4865 471 4918 ’0
527 4865 584 4918 δὲ
628 4862 782 4920 εἶπεν
828 4869 1034 4930 αὐτοῖς·
1082 4871 1338 4924 Ἀπόδοτε
1381 4875 1562 4928 τοίνυν
1602 4880 1672 4929 τὰ
1715 4880 1848 4932 Καί-

223 4975 416 5030 σαρος
477 4959 738 5030 Καίσαρι,
796 4963 889 5014 καὶ
927 4963 998 5014 τὰ
1047 4963 1144 5017 τοῦ
1194 4965 1334 5019 Θεοῦ
1396 4956 1474 5037 τῷ
1531 4969 1672 5040 Θεῷ.
1734 4973 1846 5025 Καὶ

219 5053 343 5106 οὐκ
389 5049 615 5120 ἴσχυσαν
671 5053 1032 5107 ἐπιλαϐέσθαι
1090 5057 1258 5110 αὑτοῦ
1302 5060 1548 5129 ῥήματος
1601 5064 1843 5116 ἐναντίον

219 5146 339 5199 τοῦ
415 5145 548 5197 λαοῦ
582 5185 595 5207 ,
659 5147 756 5198 κοιλ⁹
808 5148 1196 5218 θαυμάσαντες
1272 5154 1365 5205 ἐπὶ
1417 5157 1484 5224 τῇ
1549 5156 1842 5223 ἀποκρίσει

222 5237 457 5300 αὑτοῦ,
518 5238 804 5310 ἐσίγησαν.
874 5260 895 5291 ι
953 5242 1168 5309 Παγίδα
1212 5244 1518 5314 ἡτοίμασαν
1563 5248 1612 5299 οἱ
1675 5249 1845 5316 Φαρι-

225 5334 396 5383 σαῖοι
437 5329 836 5400 δυσδιάφυκτον
875 5330 952 5402 τῷ
985 5335 1198 5404 Κυρίῳ,
1227 5335 1301 5398 ὡς
1330 5353 1394 5404 γε
1427 5337 1666 5400 ἐδόκουν,
1710 5338 1845 5390 ἀλλὰ

225 5421 565 5492 συνελήφθη
616 5425 675 5476 ὲν
724 5423 900 5496 ταύτῃ
941 5429 968 5479 ὁ
1012 5427 1150 5490 ποὺς
1196 5428 1396 5480 αὐτῶν·
1438 5429 1515 5481 ἴδε
1580 5430 1690 5500 γὰρ
1745 5447 1848 5483 κα-

224 5517 539 5587 κουργίαν.
572 5519 634 5570 Ei
680 5517 780 5586 μὲν
810 5519 976 5580 εῐποι,
1022 5520 1211 5588 φησὶν,
1250 5521 1330 5572 ὅτι
1355 5522 1436 5574 δεῖ
1464 5524 1666 5593 φόρους
1705 5522 1848 5576 διδό-

228 5631 338 5665 ναι
383 5609 650 5678 Καίσαρι,
701 5614 1114 5681 κατηγορητέος
1151 5615 1288 5682 πρὸς
1333 5614 1424 5666 τὸν
1469 5615 1619 5677 λαὸν,
1653 5617 1727 5678 ὡς
1787 5616 1850 5669 τὸ

225 5705 404 5762 ἔθνος
430 5703 510 5764 είς
531 5700 780 5755 δουλείαν
814 5703 1064 5773 ὑπάγων,
1099 5706 1319 5775 σπέρμα
1358 5707 1613 5778 Ἀϐραὰμ
1642 5708 1720 5776 ὃν,
1753 5710 1850 5761 καὶ

321 5878 346 5909 ⁶
379 5875 484 5934 isa.
516 5891 632 5943 \‘ttl,
672 5878 758 5933 15.
799 5878 882 5933 ιιι.

1946 4696 2110 4750 habet
2165 4693 2455 4762 imaginem
2513 4702 2566 4746 ct
2643 4691 3092 4759 inscr'ptiouem?
3143 4691 3559 4761 Respondentns

1947 4790 2230 4854 dixerunt,
2263 4787 2521 4842 Caesaris.
2555 4787 2620 4840 Et
2684 4786 2759 4838 ait
2801 4785 2944 4837 illis:
2977 4783 3204 4838 Reddite
3250 4799 3383 4853 ergo
3439 4799 3561 4852 qua:

1947 4887 2074 4930 sunt
2115 4878 2370 4942 Ciesaris,
2400 4876 2603 4932 Caesari
2642 4894 2654 4929 :
2690 4887 2754 4930 et-
2789 4889 2910 4943 qua:
2975 4873 3266 4938 sunt-Dei,
3305 4876 3433 4928 Deo.
3497 4874 3563 4928 Et

1949 4986 2056 5022 non
2112 4979 2412 5038 potuerunt
2458 4967 2681 5023 verbum
2741 4968 2860 5038 ejus
2913 4968 3318 5034 reprehendere
3373 4983 3562 5022 coram

1951 5062 2148 5133 populo
2193 5079 2205 5115 :
2242 5073 2296 5117 et
2350 5063 2532 5115 mirati
2569 5076 2735 5130 super
2771 5075 3037 5128 responso
3077 5060 3218 5130 ejus,
3263 5061 3563 5116 obmutue-

1951 5166 2102 5208 ruut.
2143 5173 2159 5204 ι
2199 5153 2478 5222 Laqueum
2513 5163 2840 5222 paraverant
2886 5151 3174 5214 Pharisaei,
3207 5169 3368 5222 quem
3425 5151 3566 5207 difﬁ-

1952 5248 2075 5309 cile.
2116 5256 2173 5300 ut
2224 5247 2327 5302 sibi
2383 5247 2688 5311 Videbatur,
2721 5245 2959 5314 elIugere
3003 5253 3214 5314 poterat
3255 5246 3560 5300 Dominus:

1954 5338 2047 5392 sed
2084 5339 2516 5406 comprehensus
2547 5347 2631 5392 est
2671 5337 2762 5390 illo
2817 5352 2912 5406 pes
2961 5352 3174 5390 eorum.
3226 5337 3364 5392 Vide
3415 5337 3561 5391 enim

1962 5428 2247 5482 malitiam.
2279 5426 2413 5480 Nam
2458 5426 2502 5481 si
2551 5428 2767 5496 quidem
2813 5427 3042 5482 dixisset
3091 5425 3332 5481 dandum
3393 5426 3566 5478 tribu-

1963 5530 2076 5573 tum
2109 5520 2337 5584 Caesari,
2382 5530 2740 5575 accusasseut
2772 5535 2894 5573 eum
2933 5519 3076 5589 apud
3105 5519 3363 5588 populum
3417 5519 3563 5586 quod

1959 5613 2012 5666 iu
2059 5614 2378 5668 servitutem
2410 5615 2655 5683 redigere
2690 5617 2906 5668 studeat
2938 5623 3153 5684 gentem
3204 5629 3326 5683 quae
3371 5625 3563 5665 semen

1959 5709 2196 5764 Abrahae
2230 5707 2324 5775 sit,
2345 5720 2400 5764 ct
2431 5707 2627 5764 nullius
2660 5708 2913 5764 servituti
2944 5706 3178 5763 obnoxia
3209 5723 3224 5761 :
3256 5704 3340 5761 sin
3375 5701 3567 5776 proui-
