4048 6532
206 388 345 452 illi?)

969 383 1417 444 EN.\lliiA'l‘i0
1465 383 1540 442 lN
1580 382 2084 442 EV.‘..\'lJEl.lUM
2131 379 2368 436 LlHLE.
2398 405 2447 414 -
2480 377 2636 437 ων.
2676 375 2804 435 XX.

3395 366 3533 434 1046

196 502 290 554 καὶ
321 500 617 554 ἀπέθανον,
655 498 910 567 ’Υστεροε
952 499 1167 550 πάντων
1191 497 1428 550 ἀπέθανε
1463 499 1553 550 καὶ
1589 499 1804 568 ήγυνή.

1925 512 2015 551 nec
2049 494 2387 560 reliquerunt
2427 492 2651 555 liberos,
2689 500 2744 545 ct
2779 490 2979 544 mortui
3037 499 3186 544 sunt.
3226 487 3533 544 Novissima

207 595 297 646 Ἑν
344 597 409 663 τῇ
449 591 542 646 οῦν
592 590 920 655 ἀναστάσει,
957 591 1101 651 τίνος
1150 591 1331 642 αὐτῶν
1379 591 1589 658 γίνεται
1631 592 1804 661 γυνής

195 688 258 739 Ol
292 686 407 756 γᾶρ
439 685 578 738 ἑπτὰ
605 684 764 752 ἔσχον
805 684 980 754 αὐτὴν
1016 686 1271 749 γυναῖκα.
1329 684 1437 736 Καὶ
1485 684 1808 751 ἀποκριθεὶς

196 777 352 830 εἶπεν
387 778 573 839 αὐτοῖς
607 777 634 827 ὁ
684 776 895 846 Ἰησοῦς
928 792 940 804 ·
980 779 1040 828 lli
1077 777 1182 828 υἱοὶ
1231 775 1326 828 τοῦ
1379 777 1578 839 αἰῶνος
1611 776 1806 829 τούτου

196 871 438 940 γαμοῦσι
471 870 565 922 xui.
585 871 1018 940 ὲκγαμίσιιονται
1048 887 1057 898 ·
1088 871 1136 923 οἱ
1161 870 1215 922 δὲ
1242 870 1674 935 καταξιωθέντες
1712 868 1806 921 τοῦ

195 968 392 1028 αἰῶνος
431 964 640 1017 ἐκείνου
692 966 874 1033 τυχεῖν
900 1006 912 1025 ,
953 964 1047 1017 καὶ
1091 964 1188 1033 τῆς
1220 964 1574 1028 ἀναστάσεως
1610 963 1711 1032 τῆς
1741 967 1806 1016 ἐκ

195 1057 411 1126 νεκρῶν
435 1099 448 1120 ,
490 1055 614 1110 οὔτε
653 1057 924 1126 γαμοῦσιν
952 1100 967 1120 ,
1002 1057 1124 1112 οὔτε
1176 1058 1630 1126 ἑχγαμίσκονται.
1667 1057 1806 1110 Οῦτε

195 1155 306 1222 γαρ
333 1152 630 1205 ἀποθανεῖν
661 1155 740 1206 ἔτι
771 1153 1054 1217 δύνανται,
1098 1154 1378 1222 ίαάγγε)οι
1407 1154 1517 1222 γάρ
1544 1154 1673 1216 alat,
1713 1155 1807 1207 καὶ

195 1249 300 1300 υἱοῖ
331 1247 424 1299 τοῦ
479 1245 638 1309 Θεοῦ,
684 1247 781 1313 τῆς
830 1247 1185 1310 ἀναστάσεως
1234 1247 1342 1300 υίοὶ
1381 1247 1555 1309 ὄντες.
1591 1247 1717 1300 Ὀτι
1747 1246 1806 1298 δὲ

199 1338 515 1406 ἐγείρονται
548 1340 596 1389 οἱ
630 1338 840 1408 νεκροὶ,
880 1341 975 1391 καὶ
1015 1339 1225 1408 Μωσῆς
1264 1341 1541 1408 ἐμήνυσεν
1584 1341 1677 1393 ἐπὶ
1708 1341 1808 1408 τῆς

199 1430 388 1498 βάτου,
423 1433 499 1493 ὡς
557 1432 705 1498 λέγει
745 1431 949 1502 Κύριον
980 1433 1072 1486 τὸν
1102 1433 1235 1486 Θεὸν
1276 1433 1550 1504 Ἀϐραάμ,
1587 1432 1806 1487 καὶτὸν

196 1523 331 1574 Θεὸν
378 1524 578 1582 Ἰσαὰκ,
614 1525 708 1577 καὶ
747 1525 839 1576 τὸν
875 1525 1010 1578 Θεὸν
1051 1526 1268 1580 Ἰακώϐ.
1305 1528 1440 1591 Θεὸς
1467 1528 1522 1581 δὲ
1554 1531 1654 1582 οὐκ
1687 1527 1806 1581 ἔστι

198 1616 436 1684 νεκρῶν.
460 1617 596 1668 am
621 1617 1081 1684 ξώντιι›ν,’πάντες
1100 1621 1209 1690 γάρ
1241 1620 1391 1690 αὖτῷ
1415 1622 1605 1686 ζῶσιν.
1646 1623 1701 1675 ’Λ
1715 1640 1807 1673 ποο

202 1709 482 1776 κριθέντες
525 1710 579 1762 δέ
628 1727 770 1774 τινες
820 1713 929 1764 τῶν
959 1715 1347 1784 Γραμματέων
1393 1710 1590 1768 εἷπον·
1646 1715 1807 1768 Διδά-

202 1800 396 1863 σκαλε,
433 1799 613 1864 καλῶς
645 1797 829 1862 εἶπας.
863 1803 977 1856 Οῦκ
1008 1805 1087 1857 ἔτι
1123 1805 1177 1857 δὲ
1227 1806 1472 1876 ἐτόλμων
1518 1807 1807 1877 ἐπερωτᾷν

201 1891 368 1942 αὐτὸν
394 1890 566 1942 οὐδέν.
608 1910 624 1942 ι
676 1892 891 1962 Σαθράν
940 1895 1350 1964 ὑποστήσαντες
1392 1897 1638 1965 κρηπῖδα
1678 1897 1807 1948 ἑαυ-

203 1983 315 2042 τοίς
351 1983 400 2033 ot
433 1982 789 2036 Σαδδουκαῖοι
818 2025 832 2048 ,
867 1985 1193 2054 διηπίστουν
1223 1990 1337 2052 τοῖς
1377 1988 1507 2058 περὶ
1564 1987 1808 2040 ἀναστά-

202 2090 346 2137 σεως
378 2073 579 2141 λόγοις,
611 2076 941 2148 Σωματικὴν
972 2079 1082 2147 γάρ
1103 2080 1382 2149 διαγωγὴν
1410 2080 1635 2134 ἔσεσθαι
1662 2081 1720 2132 ὲν
1741 2082 1808 2150 τῇ

201 2169 501 2222 ἀναστάσει
533 2170 919 2234 ὑπονοοῦντες,
949 2174 1175 2235 εἰκότως
1205 2174 1556 2241 ἐσφάλλοντο,
1599 2175 1679 2228 διὸ
1717 2175 1812 2228 καὶ

201 2261 280 2321 ὡς
332 2259 534 2314 ἄτοπον
594 2261 980 2326 διαϐάλλοντες
1035 2265 1097 2316 ’τὸ
1141 2265 1396 2334 περὶτῆς
1453 2266 1812 2329 ἀναστάσεως

201 2351 407 2419 δόγμα,
443 2354 770 2408 πλάττονται
814 2356 914 2426 τὴν
938 2355 1168 2425 ἀνόητον
1199 2358 1454 2428 διήγησιν
1477 2359 1707 2429 ταύτην.
1753 2359 1812 2414 ’0

207 2439 306 2496 οὖν
369 2443 574 2514 Κύριος
625 2448 724 2516 τὴν
773 2449 1015 2518 κρηπῖδα
1070 2451 1255 2512 αὐτοῖς
1303 2450 1685 2516 διασαλεύσας,
1721 2455 1814 2505 καὶ

204 2535 390 2599 δείξας
435 2539 518 2590 ὅτι
552 2540 654 2592 οὐκ
705 2538 821 2593 ἔστι
857 2543 1150 2613 σωματικὴ
1181 2544 1451 2616 διαγωγὴ,
1488 2546 1606 2598 τότε
1652 2546 1814 2610 εὐθὺς

204 2633 272 2699 τῇ
300 2630 476 2702 σαθρᾷ
499 2634 668 2704 ταύτῃ
717 2637 981 2704 κρηπῖδι,
1017 2639 1110 2689 καὶ
1134 2638 1358 2707 ὑπονοίᾳ
1389 2640 1811 2706 συγκατέσπασε

206 2727 270 2776 τὸ
298 2725 476 2793 δόγμα
505 2728 703 2791 αὐτῶν,
739 2727 912 2781 είπὼν
935 2747 946 2758 ο
984 2731 1287 2791 Πλανᾶσθε,
1345 2731 1418 2803 μὴ
1475 2733 1679 2797 ειδότες
1715 2731 1815 2796 τὰς

208 2819 461 2888 Γραφάς,
513 2822 651 2874 ἀλλά
697 2827 1165 2895 παρεκδεχόμενοι
1218 2827 1310 2879 τὸν
1338 2826 1463 2880 νοῦν
1499 2829 1702 2881 αὐτῶν.
1751 2829 1814 2880 Οί

213 2913 316 2980 μὲν
360 2913 468 2983 γάρ
516 2916 621 2966 υἱοὶ
672 2916 764 2968 τοῦ
814 2918 1012 2980 αἰῶνος
1040 2919 1257 2985 τούτου,
1317 2921 1364 2971 at
1415 2921 1474 2972 ὲν
1507 2919 1587 2991 τῷ
1621 2921 1815 2991 κόσμῳ

207 3003 394 3076 τούτῳ
429 3008 748 3074 γεννῶντες,
783 3012 877 3063 καὶ
905 3013 1239 3083 γεννώμενοι
1271 3014 1546 3084 γαμοῦσι,
1591 3015 1686 3070 καὶ
1725 3017 1818 3068 ὲκ-

214 3101 603 3169 γαμίσκονται,
641 3104 939 3168 τουτέστιν,
979 3108 1057 3168 είς
1090 3107 1309 3175 γάμους
1363 3107 1667 3161 ἐκδίδονται
1695 3125 1706 3136 ·
1763 3109 1813 3160 οἱ

1914 588 2160 645 omnium
2191 596 2406 642 mortua
2424 594 2505 641 est
2532 597 2586 640 et
2617 584 2833 639 mulier.
2864 583 2919 638 In
2943 587 3351 638 resurrectione
3375 599 3529 652 ergo,

1913 683 2071 752 cujus
2101 696 2291 736 eorum
2315 679 2418 732 crit
2462 679 2645 732 uxor?
2682 678 2954 746 siquidem
2987 675 3534 743 septenthalmernut

1912 793 2033 831 eam
2090 790 2340 829 uxorem.
2387 775 2453 828 Et
2497 773 2842 842 respondens
2895 771 2971 824 ait
3019 770 3125 824 illis
3173 767 3376 823 Jesus:
3408 767 3532 822 Filii

1915 869 2075 932 hujus
2122 867 2305 922 saeculi
2362 867 2574 920 ducunt
2617 880 2842 928 uxores,
2881 875 2933 918 et
2983 872 3214 931 nuptum
3277 862 3529 915 dantur:

1919 961 1994 1014 illi
2034 975 2163 1015 vero
2201 960 2293 1031 qui
2325 958 2470 1029 digni
2505 958 2852 1012 habebuntur
2878 957 3081 1010 szeculo
3113 955 3227 1018 illo,
3260 964 3314 1008 et
3345 971 3534 1008 resur-

1916 1052 2158 1108 reCIione
2188 1066 2252 1106 ex
2293 1051 2550 1116 mortuis,
2606 1065 2785 1119 neque
2819 1050 3030 1103 ducunt
3075 1063 3301 1111 uxores,
3359 1061 3537 1112 neque

1914 1158 2146 1214 nuptum
2186 1145 2406 1207 dantur,
2445 1158 2623 1208 neque
2677 1143 2821 1196 enim
2879 1142 3019 1194 ultra
3089 1141 3228 1194 mori
3281 1149 3531 1208 possunt.

1912 1238 2181 1308 Aiquales
2229 1238 2377 1292 enim
2417 1238 2629 1308 angelis
2666 1247 2814 1300 sunt,
2857 1249 2912 1291 et
2947 1237 3040 1290 lilii
3073 1247 3202 1290 sunt
3258 1235 3372 1300 Dei,
3409 1249 3533 1286 eum

1912 1334 2014 1388 sint
2056 1333 2152 1386 lilii
2196 1332 2647 1387 resurrectionis.
2688 1332 2843 1397 Quod
2880 1346 3009 1385 vero
3044 1338 3335 1397 resurgant
3385 1344 3536 1380 tnor-

1915 1425 2013 1488 tui,
2047 1435 2100 1479 et
2133 1424 2311 1479 Moses
2345 1425 2587 1479 ostendit
2637 1425 2792 1492 juxta
2847 1424 3068 1486 rubttm,
3103 1439 3225 1477 cum
3257 1422 3391 1475 dii-it
3427 1421 3534 1475 Do-

1913 1518 2121 1571 minum
2180 1517 2350 1573 Deum
2407 1516 2710 1582 Abraham,
2744 1527 2798 1570 et
2838 1517 3006 1569 Deum
3066 1516 3238 1577 Isaae,
3277 1523 3328 1566 et
3365 1513 3534 1566 Deum

1910 1606 2084 1664 Jacob
2123 1625 2137 1662 :
2173 1609 2315 1662 Deus
2365 1621 2550 1662 autem
2590 1625 2695 1661 non
2743 1617 2825 1661 est
2860 1593 3226 1671 mortuorum,
3259 1606 3353 1660 sed
3385 1605 3536 1656 vivo-

1915 1717 2032 1754 rntn
2062 1717 2077 1766 ;
2112 1715 2305 1755 omnes
2335 1700 2482 1754 enim
2530 1700 2604 1752 illi
2638 1701 2847 1754 vivunt.
2886 1698 3306 1767 Respondentes
3347 1706 3532 1750 autem

1914 1794 2134 1863 quidam
2164 1793 2334 1866 556
2355 1793 2680 1849 Scribarum
2707 1795 2966 1848 dixerunt
2998 1813 3010 1848 :
3048 1794 3330 1863 Magister,
3396 1796 3536 1848 bene

1919 1887 2133 1942 dixisti.
2173 1887 2239 1940 Et
2273 1887 2506 1955 amplius
2551 1905 2659 1944 non
2716 1888 2992 1942 aude-bant
3051 1905 3176 1941 ctttn
3232 1889 3534 1956 quidquam

1918 1981 2282 2050 interrogare.
2348 1999 2366 2030 ι
2425 1980 2728 2034 Ιιινςιιὶιιυιιι
2787 1982 3207 2035 l'umlamentum
3278 1996 3391 2036 sua:
3439 1983 3535 2034 do-

1913 2075 2106 2130 etrime
2153 2073 2401 2128 fecerant
2437 2074 2747 2136 Sadducmi,
2800 2091 2905 2128 non
2938 2075 3230 2128 credentes
3283 2090 3537 2128 resurre-

1914 2168 2156 2222 ctionem
2187 2185 2200 2221 :
2238 2168 2564 2239 cogitabant
2599 2168 2744 2222 enim
2804 2166 3042 2223 futuram
3079 2169 3423 2238 corporalem
3459 2168 3539 2222 vi-

1919 2272 2028 2314 tam
2087 2261 2141 2314 in
2201 2261 2635 2316 resurrectione.
2713 2261 2842 2317 ldeo
2898 2271 3158 2332 tanquam
3235 2262 3537 2317 absurdum

1921 2353 2347 2407 resurrectionis
2389 2353 2587 2424 dogma
2640 2352 3066 2419 calumniantes,
3101 2354 3326 2409 stultam
3387 2353 3538 2408 hanc

1919 2446 2286 2501 narrationem
2329 2445 2540 2516 lingunt
2575 2465 2589 2500 :
2623 2447 2767 2501 unde
2803 2446 3064 2501 Dominus
3117 2444 3540 2502 fundamentum

1919 2555 2112 2593 eorum
2165 2540 2349 2594 statim
2395 2539 2703 2605 concussit,
2760 2551 2814 2594 et
2847 2540 3092 2595 ostendit
3139 2541 3284 2610 quod
3326 2555 3438 2594 non
3468 2540 3542 2596 sit

1918 2632 2225 2701 corporalis
2259 2633 2368 2687 vita
2404 2645 2533 2688 tunc
2559 2653 2572 2688 :
2603 2651 2712 2705 quo
2742 2635 2970 2700 factum,
3002 2645 3062 2690 ut
3095 2635 3295 2706 dogma
3319 2649 3537 2698 eorum,

1919 2724 2107 2778 statim
2164 2725 2360 2780 obtusa
2419 2726 2715 2795 opinione,
2773 2736 2826 2781 et
2879 2726 3119 2782 imalido
3179 2726 3541 2781 fundamento

1920 2817 2260 2874 concideret.
2303 2820 2518 2876 Erratis
2567 2821 2737 2886 enim,
2787 2821 2984 2888 inquit,
3033 2819 3351 2875 nescientes
3391 2819 3542 2875 Scri-

1920 2924 2133 2981 pturas,
2167 2912 2265 2968 sed
2317 2914 2659 2969 invertentes
2705 2929 2926 2969 sensum
2977 2929 3192 2969 earum.
3227 2911 3351 2967 Filii
3382 2912 3536 2967 enim

1924 3005 2084 3073 hujus
2108 3006 2294 3062 saeculi
2329 3017 2599 3077 generant
2628 3016 2684 3061 et
2713 3012 3071 3075 generantur,
3104 3022 3304 3060 uxores
3333 3006 3544 3062 ducunt

1921 3109 1977 3154 et
2010 3111 2237 3171 nuptum
2270 3100 2497 3166 dantur,
2547 3102 2651 3154 hoc
2700 3111 2806 3165 est,
2844 3102 2893 3154 in
2931 3102 3150 3170 nuptias
3190 3101 3486 3154 traduntur
3521 3120 3535 3155 :

206 3193 267 3246 δὲ
297 3195 392 3247 τοῦ
424 3195 619 3260 αίῶνος
649 3198 861 3251 ἐκείνου
893 3201 999 3254 υίοὶ
1044 3201 1199 3254 οὐδὲν
1228 3201 1474 3256 τοιοῦτον
1494 3243 1508 3267 ,
1547 3202 1669 3256 οὐδὲ
1706 3203 1815 3271 γάρ

1925 3191 2018 3246 lilii
2074 3207 2201 3247 vero
2251 3194 2438 3249 saacnli
2499 3193 2646 3248 illius
2699 3195 2839 3248 nihil
2897 3195 3007 3249 tale
3069 3195 3306 3256 l'acittnt,
3362 3208 3542 3262 neque

211 3288 403 3341 θανεῖν
430 3288 509 3343 ῑτι
531 3290 808 3346 δύνανταιο
847 3294 928 3347 διὸ
955 3295 1075 3348 οὐδὲ
1099 3295 1166 3348 τὰ
1194 3294 1288 3348 τοῦ
1315 3295 1496 3365 γάμου
1530 3294 1668 3359 ἐκεῖ,
1701 3294 1820 3348 ἀλλ’

211 3381 488 3452 ὰγγελικὴ
517 3387 610 3436 καὶ
632 3383 752 3437 θεία
779 3385 1046 3457 διαγωγή.
1081 3386 1348 3441 Ἐνταῦθα
1364 3389 1464 3456 μὲν
1495 3387 1606 3459 γὰρ
1629 3389 1820 3460 ἐπειδὴ

211 3472 470 3538 θάνατος,
520 3475 609 3530 διὰ
651 3477 810 3530 τοῦτο
864 3479 1045 3548 γάμος
1072 3518 1086 3541 ,
1123 3480 1218 3534 καὶ
1263 3480 1452 3549 ἐπειδὴ
1479 3481 1681 3548 γάμος,
1729 3481 1819 3536 διὰ

212 3566 380 3620 τοῦτο
398 3567 650 3632 θάνατος.
689 3572 838 3625 Ἐκεῖ
864 3571 920 3626 δὲ
951 3571 1047 3625 τοῦ
1081 3573 1316 3626 θανάτου
1347 3574 1819 3644 καταργηθέντος,

217 3663 305 3724 τίς
357 3664 516 3733 χρεία
552 3664 647 3718 τοῦ
683 3667 908 3736 γάμους
967 3668 1024 3720 ’0
1061 3668 1240 3738 γάμος
1294 3669 1402 3737 γὰρ
1441 3669 1671 3739 βοήθεια
1726 3669 1822 3724 τοῦ

215 3752 443 3820 θνητοῦ,
483 3757 577 3809 καὶ
607 3759 888 3829 πλήρωσις
917 3760 1011 3814 τοῦ
1043 3761 1326 3825 λείποντος
1368 3780 1380 3792 ο
1419 3763 1550 3816 ἔνθα
1579 3764 1636 3817 δὲ
1669 3765 1823 3818 οὐδὲν

215 3844 423 3909 λείπει,
445 3847 527 3911 τίς
553 3848 713 3918 χρεία
741 3849 833 3903 τοῦ
849 3851 1189 3922 πληροῦντος
1215 3871 1229 3919 ;
1259 3853 1562 3923 ’ἰσάγγελοι
1583 3854 1675 3908 οῦν
1694 3857 1823 3920 εἰσι,

215 3941 318 3992 καὶ
375 3942 483 3994 υἱοὶ
515 3941 610 3995 τοῦ
666 3942 824 3997 Θεοῦ.
874 3945 974 3997 Διὰ
1026 3944 1118 4009 τίς
1157 3947 1280 3998 Ὀτι
1319 3947 1419 4017 τῆς
1473 3947 1827 4011 ἀναστάσεως

216 4035 363 4085 εἰσιν
391 4033 516 4087 υἱοί.
557 4037 620 4088 '0
651 4036 706 4089 δὲ
735 4037 905 4103 λέγει,
932 4038 1174 4091 τοιοῦτόν
1210 4043 1379 4092 ἐστιν’
1409 4037 1602 4105 Εἶπον,
1636 4043 1824 4111 φησὶν,

215 4126 424 4188 αὐτοὺς
458 4127 606 4190 υἱοὺς
635 4127 793 4192 Θεοῦ,
821 4129 958 4184 διότι
986 4132 1142 4184 οὐδὲν
1181 4135 1494 4201 σωματικὸν
1530 4135 1586 4186 ὲν
1612 4138 1678 4203 τῇ
1705 4151 1828 4202 γενο

213 4221 380 4285 νήσει
439 4219 622 4272 αὐτῶν
678 4222 895 4290 ὁρᾶται,
924 4223 1061 4276 ἀλλά
1100 4225 1276 4278 πάντα
1314 4225 1472 4277 θεῖα·
1539 4225 1665 4278 οὔτε
1718 4228 1826 4296 γάρ

215 4311 491 4364 συνουσία
517 4315 862 4382 προηγεῖται,
895 4313 1019 4368 οὔτε
1045 4316 1289 4384 σπέρμα,
1314 4316 1437 4369 οῦτε
1462 4318 1671 4388 μήτρα,
1703 4319 1826 4371 οὔτε

213 4404 421 4474 κύησις
448 4408 506 4458 ὲν
522 4408 587 4476 τῇ
611 4408 961 4470 ἀναστάστει,
989 4408 1128 4462 ἀλλά
1154 4412 1284 4473 Θεύς
1320 4414 1466 4462 ἐστιν
1488 4415 1516 4464 ὁ
1533 4414 1737 4480 γεννῶν
1763 4415 1826 4467 τὰ

214 4482 460 4568 σώματα
487 4501 648 4570 ήμῶν
698 4501 881 4570 λόγοις
930 4497 1012 4566 οἷς
1065 4501 1226 4559 οἶδεν.
1272 4505 1486 4558 Οὐκοῦν
1525 4507 1649 4559 ἐπεὶ
1693 4508 1827 4570 Θεὸς

1929 3287 2077 3342 enim
2112 3287 2252 3342 ultra
2308 3289 2448 3344 mori
2507 3288 2773 3358 possibile
2820 3298 2927 3343 est.
2987 3287 3228 3343 Proinde
3283 3304 3390 3341 non
3431 3287 3542 3342 illic

1929 3381 2153 3435 liuntea
2193 3397 2316 3452 qua:
2350 3383 2401 3436 in
2438 3383 2664 3452 nuptiis,
2703 3385 2797 3438 sed
2839 3383 3087 3452 angelica
3115 3393 3170 3437 et
3200 3383 3381 3437 divina
3432 3383 3542 3437 vita

1926 3482 2030 3530 est.
2063 3473 2164 3529 Hic
2193 3475 2339 3529 enim
2390 3475 2518 3545 quia
2571 3491 2743 3536 mors.
2801 3475 2924 3530 ideo
2951 3485 3005 3531 et
3039 3476 3244 3545 nuptite
3277 3495 3290 3530 :
3325 3487 3382 3532 et
3409 3476 3542 3545 quia

1929 3568 2152 3637 nnptire,
2192 3567 2314 3621 ideo
2345 3577 2401 3620 et
2451 3583 2622 3622 mors.
2677 3566 2790 3621 Illic
2839 3577 3021 3622 autem
3077 3578 3258 3623 morte
3309 3569 3538 3634 abolita,

1927 3662 2050 3730 quis
2085 3661 2397 3730 nuptiarum
2437 3661 2614 3714 usus?
2664 3659 2879 3731 Nuptiae
2919 3660 3065 3716 enint
3117 3661 3383 3716 auxilium
3418 3663 3543 3716 vitae

1930 3753 2205 3818 mortalis,
2237 3763 2292 3809 et
2332 3753 2584 3824 itnpletio
2614 3751 2733 3822 ejus
2766 3754 2910 3822 quod
2958 3755 3142 3809 delicit
3177 3773 3191 3810 :
3229 3755 3318 3808 ubi
3349 3767 3541 3809 autem

1930 3843 2063 3897 nihil
2104 3845 2307 3910 delicit,
2339 3845 2469 3914 quid
2501 3860 2642 3915 optts
2677 3843 2976 3913 implente?
3005 3843 3174 3898 Pares
3205 3845 3388 3914 itaque
3413 3851 3545 3897 sunt

1929 3937 2156 4004 angelis,
2190 3949 2242 3992 et
2278 3940 2370 3993 lilii
2414 3938 2530 3994 Dei.
2570 3939 2796 4005 Quare?
2829 3939 2968 4004 Quia
2997 3938 3423 3993 resurrectionis
3446 3937 3545 3993 lilii

1930 4043 2079 4082 sunt.
2111 4029 2264 4096 Quod
2293 4041 2475 4085 autem
2507 4034 2662 4096 dicit,
2709 4032 2873 4087 talem
2906 4044 3131 4086 sensum
3165 4029 3360 4085 habet:
3399 4029 3542 4097 Dixi,

1931 4125 2129 4192 inquit,
2170 4124 2290 4179 illos
2330 4126 2473 4180 ﬁlios
2523 4127 2640 4187 Dei,
2677 4142 2744 4180 eo
2776 4127 2924 4196 quod
2962 4125 3096 4179 nihil
3128 4140 3457 4193 corporeum
3489 4126 3544 4179 in

1931 4219 2281 4285 generatione
2319 4234 2508 4274 eorum
2543 4221 2816 4286 videatur,
2847 4223 2940 4276 sed
2968 4221 3153 4276 omnia
3197 4221 3544 4277 divinasint.

1931 4310 2116 4380 Neque
2143 4313 2288 4366 enim
2310 4311 2366 4366 in
2403 4315 2811 4370 resm'rectione
2835 4317 3095 4384 praecedit
3115 4315 3200 4368 vel
3226 4316 3429 4380 coitus,
3458 4317 3544 4369 vel

1929 4420 2140 4470 semen,
2163 4406 2244 4461 vel
2273 4414 2482 4473 uterus,
2506 4407 2590 4462 νυι
2619 4409 2995 4478 ῑιιψτιιιεηηιῑο
3018 4425 3032 4464 ;
3059 4412 3152 4464 sed
3178 4409 3323 4465 Dens
3345 4419 3428 4464 est
3451 4411 3545 4479 qni

1936 4513 2163 4570 generat
2193 4503 2422 4570 corpora
2455 4511 2641 4555 nostra
2677 4505 2852 4557 modis
2888 4502 3088 4571 quibus
3139 4503 3259 4572 ipse
3309 4506 3434 4558 scit.
3482 4503 3552 4558 Et

211 4593 377 4644 ἐστιν
405 4594 433 4646 ὁ
463 4593 704 4663 ἐνεργῶν
741 4596 799 4646 ὲν
827 4597 894 4666 τῇ
947 4595 1276 4659 ἀναστάσει,
1320 4599 1550 4661 εἰκότως
1606 4602 1711 4652 υἱοὶ
1737 4602 1818 4651 λέ-

1935 4595 2160 4664 proinde
2182 4596 2308 4665 quia
2340 4597 2478 4649 Deus
2507 4597 2708 4666 estqui
2741 4609 3001 4664 operatur
3028 4598 3080 4651 in
3114 4596 3546 4664 resurrectione,

215 4700 419 4752 γονται
452 4685 586 4738 Θεοῦ
613 4685 665 4738 ot
696 4685 754 4752 te
782 4686 1140 4750 ἀναστάσεως
1167 4690 1630 4761 ἀναγεννὼμενοι.
1687 4693 1832 4746 Ἐπιο

212 4777 387 4846 φέρει
415 4777 470 4830 δὲ
502 4780 614 4839 τοῖς
653 4778 937 4850 λογισμοῖς
997 4781 1093 4834 καὶ
1147 4783 1460 4853 μαρτυρίαν
1515 4785 1828 4854 Γραφικήν.

207 4873 367 4943 Φησὶ
391 4872 500 4941 γὰρ
531 4874 560 4924 ὁ
586 4874 793 4944 Μωσῆς
827 4877 917 4928 τὸν
949 4877 1081 4930 Θεὸν
1114 4879 1292 4931 είπεῖν
1321 4878 1472 4947 αὑτῷ
1503 4880 1568 4931 ὲκ
1599 4880 1699 4948 τῆς
1739 4880 1833 4948 βά-

210 4985 320 5020 του
348 4981 366 4997 ⁶
419 4966 561 5033 Ἐγώ
582 4970 698 5036 ειμι
735 4969 763 5021 ὁ
805 4967 938 5030 Θεὸς
984 4969 1257 5039 Ἀϐραὰμ,
1286 4973 1382 5024 καὶ
1412 4971 1478 5024 τά
1512 4971 1662 5041 ἑξῆς.
1694 4972 1832 5024 Είδὲ

210 5057 383 5123 ἅπαξ
408 5058 787 5129 ἠφανίσθησαν
820 5062 870 5112 οἱ
893 5062 1256 5132 πατριάρχαι,
1291 5065 1382 5116 καὶ
1406 5063 1482 5135 μὴ
1508 5063 1648 5129 ἔζων
1679 5066 1833 5136 παρά

208 5151 352 5223 Θεῷ
394 5153 460 5222 τῇ
509 5153 686 5207 ἑλπίδι
731 5155 830 5224 τῆς
864 5158 1241 5222 ἀναστάσεως,
1267 5158 1368 5210 οὐκ
1422 5159 1490 5212 ἂν
1539 5155 1716 5222 εἶπεν,
1750 5160 1832 5212 ὃτι

225 5245 390 5314 Ἐγώ
423 5246 562 5315 sitat,
584 5247 698 5299 ἀλλ’
729 5248 874 5314 Ἐγὼ
896 5250 1065 5321 ήμην.
1094 5250 1277 5303 Τοῦτό
1296 5251 1404 5322 γὰρ
1431 5251 1707 5320 εἰώθαμεν
1747 5252 1832 5304 λέ-

211 5358 350 5412 γειν
377 5341 471 5393 ἐπὶ
501 5339 608 5395 τῶν
653 5342 1070 5412 διεφθαρμένων
1112 5345 1208 5398 καὶ
1246 5343 1656 5411 ἀφανισθέντων
1691 5361 1835 5415 πρα-

209 5435 483 5505 γμάτων·
526 5433 668 5502 Ἐγὼ
693 5435 842 5506 ἥμην
875 5436 1144 5508 δεσπότης
1173 5437 1326 5490 τοῦδε
1356 5437 1448 5491 τοῦ
1476 5438 1828 5508 πράγματος.

203 5527 347 5586 Νῦν
379 5526 436 5581 δὲ
468 5526 660 5594 είπὼν,
692 5529 775 5582 ὅτι
806 5529 947 5599 Ἐγώ
967 5534 1106 5600 εἰμι,
1135 5530 1333 5595 ἔδειξεν
1358 5531 1439 5584 ὄτι
1471 5531 1693 5594 ζώντων
1717 5533 1835 5585 ἐστὶ

206 5621 514 5692 Δεσπότης
556 5623 651 5675 καὶ
694 5623 828 5686 Θεὸς
854 5665 868 5687 ,
912 5625 1005 5676 καὶ
1035 5625 1155 5694 οὐχὶ
1193 5624 1559 5694 διεφθορότων
1617 5623 1833 5692 πάντη·

209 5717 337 5772 κᾶν
379 5716 493 5786 γὰρ
520 5717 706 5787 νεκροὶ
731 5710 885 5783 ὦσιν,
908 5718 1042 5771 ά).λά
1073 5721 1137 5788 τῇ
1157 5717 1335 5772 ἐλπίδι
1364 5717 1458 5770 τοῦ
1489 5718 1794 5785 ἀναστῆναι
1819 5761 1833 5782 ,

207 5807 424 5873 ζῶσιν,
457 5806 654 5877 ὥσπερ
697 5809 792 5862 καὶ
826 5811 854 5861 ὁ
901 5809 1073 5877 Ἀδάμ
1127 5810 1175 5859 εἰ
1229 5809 1324 5859 καὶ
1374 5808 1493 5876 ἔζη,
1545 5807 1738 5876 θνητὸς
1769 5804 1836 5878 ἦν

205 5908 401 5974 ὅμως,
442 5903 541 5956 καὶ
575 5903 665 5956 ἀπ’
699 5903 868 5974 αὐτῆς
902 5904 996 5975 τῆς
1029 5902 1201 5973 ὧρας,
1237 5905 1328 5972 ἀφ’
1356 5899 1420 5973 ῆς
1450 5902 1644 5972 Ξταγε,
1696 5904 1834 5956 dno-

1938 4690 2136 4743 merito
2181 4691 2273 4743 lilii
2330 4691 2419 4744 Dei
2465 4690 2727 4744 dicuntur
2763 4688 2855 4759 qui
2883 4707 2947 4745 cx
2993 4694 3402 4746 resurrectione
3453 4709 3549 4744 na-

1937 4793 2188 4838 scuntur.
2219 4784 2418 4838 Subdit
2458 4793 2644 4838 autem
2691 4784 2997 4838 rationibus
3043 4785 3205 4839 etiam
3243 4787 3550 4854 Scriptura:

1947 4876 2346 4930 testimonium.
2405 4874 2581 4930 Moses
2625 4879 2775 4930 enim
2811 4877 2990 4946 inquit
3017 4877 3220 4932 dixisse
3243 4877 3345 4932 sibi
3378 4879 3548 4929 Deum

1936 4984 1999 5022 es
2020 4970 2154 5022 rubo
2181 4985 2194 5026 :
2220 4967 2332 5038 Ego
2351 4985 2472 5023 sum
2503 4968 2646 5022 Deus
2669 4969 2924 5034 Abrabze,
2945 4981 3051 5025 etc.
3078 4971 3291 5036 Quodsi
3321 4970 3552 5024 omnino

1937 5062 2288 5116 evanuissent
2315 5063 2664 5130 patriarchas,
2690 5072 2744 5117 et
2771 5080 2877 5116 tton
2913 5064 3341 5132 \‘ixissentapud
3377 5064 3548 5117 Dcnnt

1940 5153 1994 5208 in
2033 5170 2129 5222 Spe
2187 5155 2634 5217 resurrectionis,
2689 5171 2796 5208 non
2856 5155 3044 5223 utique
3080 5153 3308 5210 dixisset
3357 5154 3546 5210 Dens:

1941 5247 2053 5318 Ego
2091 5265 2210 5302 sum
2241 5266 2255 5300 :
2289 5249 2406 5313 sed,
2445 5249 2554 5317 Ego
2580 5264 2753 5302 eram.
2788 5250 2860 5302 De
2889 5249 3051 5304 rebus
3073 5249 3222 5303 enim
3241 5250 3467 5319 perditis
3496 5261 3553 5305 et

1940 5343 2221 5408 corruptis
2252 5343 2435 5395 dicere
2461 5342 2702 5396 solemus
2733 5360 2746 5396 :
2782 5341 2894 5413 Ego
2919 5357 3070 5397 eram
3103 5343 3362 5396 dominus
3387 5342 3552 5412 hujus

1939 5446 1994 5490 et
2029 5436 2189 5505 hujus
2237 5436 2332 5491 rei.
2397 5435 2554 5490 Nunc
2613 5446 2795 5490 autem
2853 5436 2980 5504 quia
3034 5435 3217 5489 dixit:
3253 5434 3368 5502 Ego
3405 5452 3547 5496 sum,

1941 5530 2184 5583 ostendit
2239 5529 2383 5598 quod
2425 5531 2494 5584 sit
2533 5530 2835 5583 viventium
2892 5527 3154 5582 Dominus
3197 5536 3252 5581 et
3299 5527 3462 5592 Dens,
3497 5537 3553 5582 et

1943 5639 2049 5677 non
2084 5624 2310 5678 omnino
2335 5636 2751 5693 corruptorum,
2804 5623 3020 5676 etiamsi
3055 5623 3260 5676 mortui
3288 5623 3418 5684 sint,
3454 5623 3551 5676 sed

1943 5731 2039 5786 spe
2071 5718 2387 5787 resurgendi
2433 5718 2620 5771 vivunt
2655 5736 2667 5770 :
2695 5719 2839 5771 sicut
2869 5725 2922 5769 et
2968 5715 3140 5770 Adam
3190 5709 3444 5785 quamvis
3476 5715 3553 5768 vi-

1942 5811 2127 5871 vebat.
2182 5819 2425 5862 attamen
2487 5808 2734 5862 mortalis
2772 5816 2916 5870 erat,
2975 5822 3096 5860 nam
3132 5807 3200 5858 ab
3244 5807 3361 5875 ip~a
3412 5805 3548 5858 bona

1943 5917 2046 5972 qua
2082 5903 2341 5970 comedit,
2379 5903 2523 5958 mori
2549 5902 2855 5958 dicebatur.
2905 5901 3164 5957 Confusis
3201 5911 3382 5957 autem
3415 5900 3549 5955 Sad—
