4048 6494
536 342 672 407 1343

1382 332 1962 397 THEOPHYLACTI
2006 330 2420 391 BULGARI/E
2460 329 2814 389 ARCHIEP.

3663 328 3807 392 10H.

529 463 739 520 buisset
790 459 940 520 dare.
979 459 1177 514 iterum
1245 459 1312 509 ad
1356 455 1642 522 prmidem
1691 463 1750 506 ut
1799 450 2113 506 seditiosum

2225 445 2416 519 μηδενὶ
2442 446 2756 499 δοιιλεῦσαν⁹
2787 446 2836 498 εί
2862 443 2918 496 δὲ
2943 444 3140 498 κωλύει
3167 445 3364 517 φόρους
3389 442 3613 508 διδόναι,
3645 443 3819 496 πάλιν

536 555 848 610 traxissent.
884 550 1084 605 Verum
1139 549 1257 619 ipse
1311 546 1532 614 laqueos
1585 557 1773 600 eorum
1821 537 2008 608 effugit
2056 545 2113 591 at

529 655 746 712 caprea,
793 655 900 709 quo
936 639 1156 694 nomine
1204 638 1380 707 ipsum
1437 636 1490 688 in
1541 632 1783 687 Canticis
1827 628 2114 698 appellavit

529 745 753 802 sponsa,
775 740 829 784 et
856 730 1013 783 docet
1042 727 1171 782 ιιιεί
1211 725 1306 796 qui
1346 732 1703 794 postestatem
1736 721 1896 775 habet
1944 731 2109 787 super

528 838 756 893 corpora
792 831 975 876 nostra
1020 819 1374 890 corporaliter
1426 815 1825 886 subjaceamus,
1860 812 1976 866 sive
2015 825 2112 864 rex

535 916 623 970 ille
655 915 749 979 sit,
781 914 897 967 sive
943 924 1228 982 tyrannus,
1263 911 1397 965 nihil
1443 911 1587 964 enim
1625 907 1725 962 hoc
1761 905 1917 960 nobis
1957 912 2114 958 nocet

528 1019 586 1061 nt
654 1006 1007 1074 spiritualiter
1066 1006 1203 1059 bene
1254 1005 1566 1074 placeamus
1620 1000 1732 1054 Deo
1799 999 2108 1070 spirituum.

526 1096 758 1152 Reddite
777 1097 946 1160 enim,
974 1094 1174 1164 inquit,
1206 1110 1324 1164 qua?
1369 1092 1598 1148 Caesaris
1627 1101 1773 1154 sunt,
1803 1087 2026 1151 Czesari,
2058 1095 2113 1139 et

528 1204 649 1257 quae
681 1197 810 1243 sunt
850 1187 964 1252 Dei,
997 1186 1127 1241 Deo.
1160 1186 1225 1240 Et
1259 1185 1384 1241 vide
1420 1186 1548 1255 quia
1595 1199 1699 1238 non
1735 1182 1892 1243 dixit,
1938 1183 2062 1233 date
2094 1196 2108 1231 :

529 1280 622 1335 se‘d
679 1281 904 1334 reddite.
959 1279 1206 1334 Debitum
1253 1281 1438 1347 igitur,
1479 1277 1673 1345 inquit,
1724 1282 1858 1330 est:
1897 1272 2111 1326 reddite

531 1373 698 1441 igitur
745 1373 1005 1426 debitum.
1036 1372 1286 1427 Custodit
1323 1383 1372 1427 te
1413 1374 1663 1443 princeps
1689 1379 1812 1424 tuus
1857 1369 1924 1423 ab
1981 1368 2112 1422 hos-

530 1466 697 1527 tibus,
746 1465 913 1518 vitam
962 1474 1107 1518 tuam
1160 1476 1408 1532 pacatam
1473 1462 1602 1517 facit
1660 1481 1673 1516 :
1726 1461 1889 1516 debes
1931 1460 2112 1529 itaque

528 1557 577 1611 ei
611 1572 709 1626 pro
731 1557 816 1612 his
854 1558 1140 1623 tributum,
1167 1557 1473 1626 praesertim
1499 1571 1619 1610 cum
1650 1564 1705 1608 et
1741 1555 1918 1622 ipsum
1951 1567 2110 1619 quem

529 1647 741 1717 profers
767 1665 1068 1714 nummum,
1095 1650 1161 1704 ab
1193 1649 1283 1704 illo
1313 1649 1432 1718 ipso
1450 1648 1634 1702 habes.
1655 1643 1819 1715 lgitur
1842 1644 2112 1698 numisma

533 1740 674 1807 regis
703 1741 896 1794 iterum
921 1741 998 1795 illi
1033 1741 1214 1806 redde,
1252 1742 1467 1794 interim
1498 1752 1676 1794 autem
1709 1739 1872 1812 455
1903 1738 1997 1792 tibi
2031 1738 2111 1791 lu-

531 1844 621 1884 cra
633 1831 725 1894 ris,
741 1830 882 1898 quod
903 1846 999 1899 per
1016 1831 1210 1899 ipsum,
1229 1845 1349 1902 qua:
1366 1831 1487 1884 vita:
1505 1831 1681 1884 debita
1699 1842 1844 1894 sunt,
1860 1839 2114 1898 praestan-

531 1933 638 1976 tur.
657 1919 746 1975 Sic
769 1923 1002 1992 denique
1021 1934 1074 1977 et
1103 1939 1222 1992 qua:
1244 1923 1337 1977 Dei
1362 1933 1510 1986 sunt,
1537 1921 1643 1978 Deo
1668 1933 1793 1978 sunt
1819 1923 2112 1978 reddenda.

529 2010 686 2067 Dedit
729 2013 824 2068 tibi
869 2023 1128 2080 mentem,
1158 2014 1305 2070 illam
1355 2016 1518 2069 redde
1579 2015 1650 2079 ei,
1678 2014 1828 2084 juxta
1880 2021 2114 2068 mentem

526 2122 800 2178 nperans:
839 2107 989 2161 dedit
1037 2108 1129 2162 tibi
1178 2107 1468 2171 rationem,
1525 2107 1691 2161 redde
1736 2107 1782 2162 ei
1836 2107 2002 2174 illam,
2050 2120 2116 2160 ne

529 2197 632 2251 ﬁas
657 2196 832 2251 brutis
867 2197 1252 2266 insipientibus
1276 2198 1496 2262 similis,
1529 2198 1624 2252 sed
1658 2197 1828 2252 facias
1851 2198 2034 2250 omnia
2060 2207 2118 2250 ut

534 2289 837 2345 rationalis.
885 2289 948 2343 Et
977 2291 1030 2343 in
1067 2305 1303 2355 summa,
1331 2289 1482 2344 dedit
1514 2290 1608 2344 tibi
1644 2291 1881 2344 animam
1915 2299 1967 2343 et
1994 2303 2117 2343 cor-

530 2393 678 2445 pus:
713 2377 896 2432 omnia
942 2379 1103 2434 redde
1150 2381 1221 2445 ei,
1259 2390 1311 2434 et
1346 2381 1634 2446 imaginem
1689 2395 1843 2434 suam
1892 2379 2117 2434 restitue

529 2470 578 2523 ei
607 2484 701 2540 per
736 2471 917 2538 fidem,
943 2486 1036 2540 per
1067 2487 1238 2540 spent.
1262 2487 1464 2542 perque
1487 2472 1809 2527 charitatem
1836 2471 2113 2526 incedens.

533 2559 678 2615 Sane
706 2571 763 2615 et
803 2562 960 2616 aliter
991 2563 1254 2618 reddenda
1295 2572 1421 2617 sunt
1456 2562 1681 2629 (Σαλείμ-ἰ,
1708 2576 1827 2632 quae
1883 2560 2115 2616 Caesaris

534 2665 684 2719 sunt,
745 2656 1124 2725 unusquisque
1188 2657 1336 2710 enim
1386 2664 1628 2709 nostrum
1682 2653 1968 2722 imaginem
2023 2652 2116 2707 Dei

533 2754 731 2814 gestat,
768 2745 853 2800 vel
887 2746 1146 2815 principis
1173 2746 1381 2800 mundi.
1413 2746 1548 2802 Cum
1579 2747 1743 2816 igitur
1780 2745 1986 2800 similes
2018 2760 2118 2799 nos

534 2839 828 2892 fecerimus
862 2839 1086 2902 Ctesari,
1116 2839 1241 2893 facti
1271 2839 1364 2894 lilii
1397 2838 1623 2906 diaboli,
1661 2839 1952 2909 imaginem
2000 2839 2116 2908 ejus

531 2940 827 3002 gestantes,
853 2932 998 2986 illam
1031 2933 1257 2988 reddere
1291 2933 1338 2988 ei
1371 2942 1608 3000 oportet,
1643 2942 1698 2987 et
1742 2932 1977 2999 abjicere
2014 2948 2027 2985 :
2059 2940 2118 2984 ιιι

533 3022 731 3076 habeat
768 3038 889 3092 qua:
937 3039 1058 3088 sua,
1087 3033 1141 3078 et
1176 3023 1313 3079 nihil
1370 3024 1612 3078 inveniat
1668 3023 1720 3078 in
1775 3024 1928 3078 nobis
1970 3026 2115 3093 quod

2219 541 2355 612 πρὸς
2398 538 2488 592 τὸν
2525 538 2769 610 ἡγεμόνα
2825 537 3170 604 ἆξουσιν,ιῖσς
3235 537 3591 604 στασιαστὴν.
3639 535 3699 588 '0
3758 537 3819 590 δὲ

2216 636 2342 696 τοὺς
2374 632 2602 704 βρόχους
2637 631 2814 686 αὐτῶν
2847 631 3132 699 ἐκφεύγει,
3161 629 3237 694 ὡς
3266 629 3490 701 δορκάς,
3525 629 3671 682 οὕτω
3704 628 3818 696 γὰρ
3865 651 3876 662 ·

2217 729 2381 783 αὐτὸν
2405 731 2461 781 ὲν
2483 727 2560 798 τῷ
2583 728 2824 798 ’ᾼσματι
2847 727 2880 794 ὴ
2907 724 3094 792 νύμφη
3118 723 3394 793 ὠνόμασε,
3427 719 3523 774 καὶ
3548 719 3816 780 διδάσκει,

2217 824 2299 876 δτι
2335 822 2396 874 τὸ
2474 819 2807 888 σωματικῶς
2862 815 3186 870 ὑποκεῖσθαι
3248 813 3326 885 τῷ
3377 812 3487 870 τῶν
3541 813 3818 881 σωμάτων

2218 913 2375 986 ἡμῶν
2423 909 2838 978 ἑξουσιάζοντι,
2900 910 3011 962 εἴτε
3070 907 3304 979 βασιλεῖ,
3373 907 3485 958 εἴτε
3536 904 3815 976 τυράννῳ,

2217 1007 2370 1060 οὐδὲν
2397 1005 2532 1074 ἡμῖν
2571 1003 2899 1073 λυμαίνεται
2930 1001 3066 1072 πρὸς
3100 1000 3162 1052 τὸ
3204 999 3522 1068 εὐαρεστεῖν
3563 1012 3818 1064 πνευμα-

2215 1098 2382 1160 τικῶς
2414 1096 2490 1166 τῷ
2516 1094 2635 1165 Θεῷ
2667 1094 2776 1147 τῶν
2799 1093 3152 1162 πνευμάτων.
3195 1090 3451 1143 Ἀπ-ὗδοτε
3485 1089 3618 1156 γὰρ,
3654 1087 3815 1157 φησι,

2214 1193 2283 1246 τὰ
2320 1191 2600 1260 Καίσαρος
2626 1191 2889 1258 Καίσαρι,
2911 1188 3006 1239 καὶ⁵
3044 1187 3113 1238 τὰ
3136 1183 3230 1238 τοῦ
3262 1182 3398 1236 Θεοῦ
3423 1181 3499 1251 τῷ
3529 1179 3674 1250 Θεῷ.
3706 1179 3820 1232 Καὶ

2214 1288 2337 1355 δρα,
2355 1285 2454 1337 οὐκ
2473 1277 2592 1334 εἶπε
2609 1282 2759 1339 Δότε.
2780 1280 2893 1334 ἀλλ’
2911 1278 3189 1332 Ἀπόδοτε.
3213 1275 3409 1345 Χρέος,
3432 1275 3622 1343 φησὶν,
3643 1273 3817 1334 ἐστὶν,

2217 1379 2420 1439 ἀπόδος
2475 1375 2570 1428 οῦν
2617 1375 2715 1443 τὴν
2743 1373 2989 1440 ὀφειλὴν.
3020 1370 3286 1424 Φυλάττει
3329 1385 3388 1421 σε
3432 1369 3461 1421 6
3498 1365 3690 1436 ἄρχων
3721 1381 3816 1417 σου

2215 1473 2279 1522 ὲκ
2314 1467 2419 1520 τῶν
2450 1466 2746 1535 πολεμίων,
2783 1464 2877 1515 τὸν
2919 1461 3033 1532 βίον
3073 1477 3167 1512 σου
3211 1459 3486 1527 είρηναῖον
3546 1456 3809 1508 καθιστᾶ·

2215 1563 2509 1634 χρεωστεῖς
2531 1557 2624 1610 οῦν
2653 1556 2803 1625 αὐτῷ
2831 1555 2920 1608 τὸν
2953 1554 3120 1623 φόρον
3148 1552 3271 1605 ἀντὶ
3301 1548 3533 1614 τούτων,
3560 1547 3736 1611 ἄλλως
3761 1563 3821 1637 τε

2222 1657 2318 1709 καὶ
2347 1652 2503 1719 αὐτό,
2528 1652 2555 1704 δ
2585 1647 2940 1721 προσφέρεις,
2975 1645 3252 1709 τουτέστι,
3285 1642 3346 1695 τὺ
3380 1643 3650 1711 νόμισμα,
3684 1656 3802 1708 παρ

2216 1744 2424 1798 ἐκείνου
2475 1740 2641 1794 αὐτοῦ
2694 1739 2860 1810 ἔχεις.
2887 1737 2962 1789 Τὸ
2991 1736 3084 1789 οῦν
3117 1734 3212 1788 τοῦ
3267 1731 3536 1803 βασιλέως
3570 1730 3822 1801 νόμισμα

2223 1835 2418 1897 ἀπόδος
2436 1833 2618 1885 οπάλιν
2649 1830 2818 1900 αὐτῷ.
2862 1829 2952 1881 Ἐν
2993 1827 3070 1898 τῷ
3098 1827 3251 1897 μέσῳ
3273 1826 3329 1880 δὲ
3357 1824 3711 1896 κεκέρδηκας
3752 1822 3822 1876 δι’

2221 1927 2389 1980 αὑτοῦ
2425 1924 2833 1986 συναλλάσσων,
2870 1921 2967 1975 καὶ
3011 1920 3080 1973 τὰ
3113 1918 3250 1991 πρὸς
3279 1918 3372 1971 τὸν
3407 1917 3522 1988 βίον
3579 1915 3817 1987 χρειώδη

2223 2017 2737 2090 μεταχειριζόμενος
2763 2031 2776 2045 ⁸
2803 2013 2994 2084 ῶσπερ
3046 2011 3240 2081 ἀμέλει
3276 2011 3368 2063 καὶ
3414 2011 3481 2064 τὰ
3537 2009 3633 2062 τοῦ
3676 2007 3814 2062 Θεοῦ

2217 2116 2294 2182 τςῖι
2339 2112 2460 2182 Θεῷ
2508 2112 2590 2163 δεῖ
2643 2109 2980 2163 ἀποδιδόναι.
3020 2105 3236 2160 Δέδωκέ
3290 2121 3374 2157 σοι
3427 2101 3579 2168 νοῦν,
3621 2101 3821 2165 ἀπόδος

2219 2209 2382 2272 αὑτὸν
2412 2205 2568 2276 αὑτῷ
2607 2203 2754 2258 κατά
2783 2201 2910 2256 νοῦν
2943 2200 3206 2271 ἐνεργῶν.
3256 2199 3468 2252 Δέδωκέ
3513 2216 3597 2252 σοι
3635 2197 3819 2266 λόγον,

2219 2301 2417 2363 ἀπόδος
2473 2299 2639 2352 αὑτὸν
2702 2294 2874 2364 αὐτῷ,
2911 2292 2987 2364 μὴ
3044 2290 3655 2362 συμπαραϐαλλόμενος
3711 2289 3822 2352 τοῖς

2221 2399 2446 2466 κτήνεσι
2472 2397 2586 2456 τοῖς
2623 2393 2897 2462 ἀνοήτοις,
2930 2391 3045 2443 ἀλλ’
3070 2390 3145 2452 ὡς
3175 2388 3396 2455 λογικὸς
3430 2388 3613 2440 πάντα
3648 2386 3821 2455 πράτ-

2217 2507 2346 2544 των.
2403 2490 2514 2542 Καὶ
2565 2485 2754 2548 ἁπλῶς
2810 2483 3012 2537 δέδωκέ
3075 2500 3159 2536 σοι
3220 2481 3419 2552 ψυχὴν,
3484 2481 3583 2533 καὶ
3636 2479 3821 2550 σῶμα,

2219 2583 2399 2637 πάντα
2430 2580 2626 2642 ἀπόδος
2652 2577 2825 2648 αὐτῷ,
2853 2578 2950 2631 καὶ
2983 2578 3081 2646 τὴν
3115 2576 3301 2630 εἰκόνα
3323 2575 3493 2628 αὑτοῦ
3529 2574 3821 2630 ἀποκατά-

2221 2689 2420 2740 στησον
2461 2670 2606 2738 αὐτῷ
2645 2669 2736 2722 διὰ
2782 2668 3041 2732 πίστεως,
3088 2667 3157 2721 δι’
3200 2665 3441 2730 ἐλπίδος,
3470 2665 3538 2719 δι’
3596 2665 3822 2736 ἀγάπης

2223 2765 2476 2834 βαδίζων.
2519 2763 2628 2815 Καὶ
2675 2761 2782 2832 μὴν
2828 2761 2924 2814 καὶ
2973 2759 3179 2832 ἑτέρως
3230 2758 3337 2830 χρὴ
3388 2757 3704 2812 ἀποδιδόναι
3755 2756 3824 2811 τὰ

2220 2855 2499 2925 Καίσαρος
2534 2855 2776 2922 Καίσαρι
2802 2869 2816 2883 ο
2833 2852 3072 2919 ἕκαστος
3102 2851 3211 2921 γὰρ
3230 2849 3387 2920 ἡμῶν
3413 2849 3446 2920 ἢ
3471 2847 3611 2902 Θεοῦ
3635 2848 3823 2902 εἰκόνα

2220 2950 2397 3018 φορεῖ,
2428 2945 2461 3015 ἢ
2497 2945 2590 2998 τοῦ
2618 2945 3091 3014 κοσμοκράτορος.
3120 2944 3293 2996 Ὅταν
3325 2938 3420 2996 οὖν
3449 2941 3820 3012 ὁμοιώσωμεν

2219 3039 2444 3103 ἑαυτοὺς
2476 3038 2554 3108 τῷ
2584 3038 2845 3107 Καίσαρι,
2877 3037 2985 3091 υἱοὶ
3001 3035 3096 3090 τοῦ
3115 3035 3366 3090 διαϐόλου
3391 3035 3691 3106 γινόμενοι,
3721 3036 3822 3106 τὴν

533 3115 755 3183 preprie
789 3131 947 3169 suum
970 3116 1060 3172 sit.
1097 3116 1172 3171 Ita
1203 3127 1253 3171 et
1284 3118 1460 3186 imago
1490 3116 1582 3170 Dei
1615 3127 1864 3172 servetur
1900 3131 1929 3170 a
1958 3116 2113 3171 nobis

2220 3135 2402 3188 εἰκόνα
2424 3131 2588 3186 αὐτοῦ
2614 3132 2910 3202 φοροῦμεν,
2947 3129 3017 3202 ἢν
3044 3129 3127 3184 δεῖ
3156 3129 3470 3186 ἀποδιδόναι
3505 3128 3681 3198 αὐτῷ,
3726 3130 3822 3182 καὶ

533 3208 986 3263 incontaminata.
1043 3208 1253 3264 Idcirco
1287 3219 1343 3264 et
1395 3209 1596 3265 Paulus
1651 3210 1930 3274 admonet,
1979 3211 2120 3265 sicut

532 3301 872 3368 portavimus
919 3299 1211 3370 imaginem
1277 3301 1525 3367 terreni,
1589 3301 1661 3355 ita
1715 3311 1999 3371 portemus
2064 3310 2122 3356 et

531 3394 826 3464 imaginem
889 3394 1174 3462 ccelesds;
1226 3397 1245 3428 "
1296 3408 1350 3451 et
1411 3395 1518 3451 alio
1574 3397 1691 3450 loco
1748 3413 1764 3450 :
1823 3394 2112 3466 Deponen-

537 3497 616 3541 tes
683 3495 919 3541 veterem
983 3486 1258 3541 hominem
1307 3486 1348 3540 ⁸.
1395 3486 1548 3554 Quod
1595 3487 1696 3542 hoc
1757 3486 1876 3543 loco
1919 3487 2122 3542 dicitur

529 3581 706 3644 reddi,
763 3580 818 3634 id
865 3581 1008 3650 apud
1060 3577 1287 3634 Paulum
1339 3579 1540 3635 dicitur
1583 3580 1829 3650 deponi:
1882 3589 1938 3636 et
1973 3581 2118 3650 quod

533 3681 623 3732 hic
678 3677 856 3747 imago
903 3676 1290 3740 Casnrithoc
1340 3677 1451 3732 illic
1504 3679 1680 3748 imago
1737 3679 1936 3733 terreni
1991 3692 2118 3748 pec-

533 3769 736 3826 catoris
769 3811 785 3836 ,
844 3770 974 3823 Adae
1024 3770 1257 3833 scilicet,
1310 3785 1372 3825 ac
1423 3771 1623 3825 veteris
1673 3771 1929 3826 hominis.
1983 3771 2118 3826 Nam

533 3865 710 3930 imago
748 3863 946 3933 terreni
976 3861 1110 3916 nihil
1151 3863 1294 3917 aliud
1320 3877 1481 3932 quam
1525 3863 1814 3934 corruptio
1843 3874 1898 3918 et
1927 3878 2118 3933 pecca-

535 3966 668 4020 tum,
701 3955 845 4023 quod
898 3956 1186 4010 hahuimus
1234 3956 1525 4011 assimilari
1572 3966 1857 4026 apostataz,
1911 3969 1967 4011 et
2007 3972 2116 4010 non

535 4049 670 4118 regi.
695 4047 866 4102 Porro
891 4063 994 4102 non
1023 4058 1322 4118 potuerunt
1349 4047 1608 4104 Pharisaei
1638 4051 2106 4120 comprehendere

530 4138 714 4194 Jesum
746 4139 798 4192 in
830 4152 1084 4193 sermone
1113 4152 1300 4192 coram
1322 4139 1518 4206 populo
1548 4155 1561 4200 ;
1588 4139 1679 4194 hic
1709 4141 1852 4192 enim
1879 4139 2117 4192 maxime

532 4231 893 4296 conabantur,
929 4239 987 4284 ut
1019 4228 1157 4298 apud
1186 4228 1441 4296 populum
1464 4230 1637 4297 ipsum
1679 4243 1939 4282 accusare
1969 4227 2114 4282 vale-

534 4335 673 4389 rent,
706 4325 850 4395 quod
880 4323 1032 4378 illum
1066 4324 1315 4378 servituti
1342 4321 1569 4376 Romani
1589 4322 1768 4392 populi
1797 4322 2068 4392 subigeret
2097 4337 2115 4374 :

533 4415 627 4468 sed
684 4413 898 4473 efﬁcere
943 4413 1076 4468 nihil
1129 4413 1443 4478 valuerunt,
1477 4423 1696 4485 propter
1749 4412 2108 4469 excellentem

534 4505 708 4576 ipsius
738 4505 1080 4575 sapientiam.

604 4782 767 4838 Vens.
799 4781 988 4835 27-60.
1033 4800 1050 4832 ι
1087 4780 1450 4836 Accesserunt
1501 4790 1680 4836 aulem
1729 4784 1948 4852 quidam
1975 4785 2114 4841 Sad-

534 4877 838 4927 ducteorum
878 4873 971 4940 qui
1025 4883 1221 4944 negant
1260 4887 1381 4928 esse
1433 4876 1906 4942 resurrectionem,
1945 4887 1995 4932 et
2023 4880 2109 4934 in-

535 4971 948 5033 tcrrOgaverunt
1020 4979 1178 5029 eum,
1249 4965 1867 5038 dicentes:Magister,
1938 4969 2114 5027 Moses

534 5054 755 5122 scripsit
778 5053 932 5106 nobis
960 5071 974 5106 :
999 5055 1043 5107 si
1067 5053 1219 5122 cujus
1238 5055 1406 5110 frater
1431 5067 1678 5112 mortuus
1711 5056 1878 5113 fuerit
1906 5058 2113 5116 habens

536 5161 781 5210 uxorem,
813 5147 966 5215 isque
994 5146 1110 5201 sine
1141 5146 1326 5201 liberis
1372 5163 1617 5204 mortuus
1665 5149 1847 5216 fuerit,
1881 5160 1939 5204 ut
1964 5151 2107 5206 acci-

537 5237 646 5305 piat
671 5237 841 5293 frater
889 5241 1008 5305 ejus
1056 5253 1303 5306 uxorem,
1349 5252 1404 5295 et
1453 5241 1679 5297 suscitet
1718 5258 1901 5298 semen
1955 5243 2110 5300 fratri

534 5343 655 5382 suo.
683 5329 901 5400 Septem
950 5344 1078 5401 ergo
1109 5329 1307 5386 fratres
1351 5342 1527 5398 erant,
1560 5342 1615 5389 et
1642 5335 1849 5404 primus
1897 5337 2110 5402 accepit

528 5437 780 5487 uxorem,
812 5438 876 5478 ac
913 5436 1156 5482 mortuus
1193 5435 1277 5482 est
1306 5427 1426 5482 sine
1461 5428 1642 5484 liberis
1668 5449 1681 5484 :
1706 5441 1760 5487 et
1788 5433 2000 5500 accepit
2029 5446 2116 5487 se-

532 5517 742 5572 cundus
793 5517 961 5582 illam,
994 5527 1048 5588 et
1087 5519 1201 5588 ipse
1249 5531 1500 5576 mortuus
1530 5531 1615 5577 est
1657 5523 1775 5580 sine
1801 5524 1992 5582 liberis
2021 5543 2034 5579 :
2063 5533 2117 5580 et

535 5609 724 5665 tertius
771 5610 982 5679 accepit
1033 5608 1213 5677 illam,
1256 5612 1508 5668 similiter
1555 5623 1610 5670 et
1652 5618 1830 5674 caeteri
1881 5629 2110 5690 septem,

599 5786 665 5844 ’l
698 5790 821 5847 Cor.
859 5807 928 5847 xv
1000 5791 1085 5847 ιι).
1163 5792 1181 5824 ⁸
1212 5791 1417 5852 Coloss.
1476 5810 1556 5866 ιιι,
1593 5796 1646 5852 ο.

2224 3226 2591 3300 ἀπορρίπτειν
2641 3224 2707 3277 [ν’
2765 3224 2878 3294 ἔχοι
2933 3223 3004 3276 τά
3063 3223 3303 3289 ἑαυτοῦ,
3353 3222 3450 3277 καὶ
3511 3223 3684 3293 μηδὲν
3759 3225 3819 3275 εν

2222 3321 2355 3392 ἡμῖν
2381 3318 2612 3390 εὑρίσκῃ
2651 3317 2852 3370 οίκεῖον
2884 3314 3076 3378 αὑτοῦ,
3098 3315 3272 3379 οὕτως
3307 3316 3418 3387 γὰρ
3445 3319 3546 3369 καὶ
3583 3317 3618 3385 ἡ
3653 3313 3820 3367 εἰκὼν

2221 3413 2316 3467 τοῦ
2345 3411 2481 3466 Θεοῦ
2501 3411 2708 3480 ἀμιγὴς
2734 3409 3003 3480 τηρηθείη
3033 3411 3191 3480 ἡμῖν.
3225 3406 3318 3462 Διὸ
3355 3408 3572 3470 Παῦλος
3618 3423 3824 3476 παραι-

2223 3507 2327 3572 νεῖ,
2383 3502 2586 3568 Καθὼς
2641 3503 2985 3575 ἑφορέσαμεν
3033 3501 3136 3574 τὴν
3194 3503 3380 3556 εἰκόνα
3428 3501 3525 3555 τοῦ
3586 3499 3820 3571 χοϊκοῦ,

2223 3601 2546 3674 φορέσωμεν
2579 3600 2673 3653 καὶ
2701 3599 2800 3668 τὴν
2825 3598 3008 3654 εἰκόνα
3039 3597 3136 3651 τοῦ
3169 3597 3520 3668 ἐπουρανίου.
3561 3595 3672 3648 Καὶ
3720 3591 3822 3645 ἀλ-

2221 3692 2412 3764 λαχοῦο
2464 3691 2824 3762 ’Δποθέμενοι
2871 3689 2961 3743 τὸν
2993 3689 3227 3744 παλαιὸν
3271 3689 3583 3759 ἄνθρωπον.
3637 3688 3821 3757 Ὅπερ

2221 3783 2459 3836 ἐνταῦθα
2485 3784 2704 3853 εῖρηται
2734 3781 3072 3842 ἀποδιδόναι,
3103 3780 3263 3835 τοῦτο
3299 3781 3453 3848 παρά
3492 3778 3572 3848 τῷ
3616 3777 3821 3845 Παύλῳ

2220 3875 2280 3928 τὸ
2307 3871 2632 3934 ἀποθέσθαι,
2661 3873 2756 3924 καὶ
2786 3871 2814 3924 6
2844 3870 3082 3924 ἐνταῦθα
3117 3873 3284 3924 εἰκὼν
3312 3872 3621 3941 Καίσαρος,
3654 3869 3818 3922 τοῦτο

2220 3970 2338 4022 ἐκεῖ
2356 3965 2521 4020 εἰκὼν
2538 3964 2725 4035 χοϊκοῦ
2754 3964 2849 4018 τοῦ
2875 3963 3203 4034 ἁμαρτωλοῦ
3233 3966 3475 4028 παντως,
3522 3963 3699 4033 Ἀδὰμ
3723 3963 3821 4016 καὶ

2221 4058 2452 4113 παλαιοῦ
2488 4056 2802 4124 ἀνθρώπου.
2849 4056 2916 4109 Ἠ
2948 4059 3059 4124 γὰρ
3089 4056 3257 4108 εἰκὼν
3288 4054 3384 4108 τοῦ
3417 4053 3630 4125 χοϊκοῦ,
3663 4053 3820 4108 οὐδὲν

2219 4149 2369 4212 ἀλλο,
2397 4149 2488 4219 ἢὴ
2535 4147 2731 4217 φθορὰ.
2765 4148 2861 4201 καὶ
2909 4149 2942 4217 ἡ
2975 4147 3243 4217 ἁμαρτία,
3281 4147 3348 4217 ἥν
3375 4148 3619 4218 ἔσχομεν
3677 4149 3820 4215 ἀφοο

2222 4241 2548 4314 μοιωθέντες
2585 4240 2663 4311 τῷ
2711 4239 3018 4311 ἀποστάτῃ,
3051 4239 3144 4292 καὶ
3176 4240 3250 4309 μὴ
3295 4238 3375 4308 τῷ
3427 4238 3663 4310 βασιλεῖ.
3700 4238 3820 4292 οὐκ

2222 4333 2448 4401 ἴσχυσαν
2483 4329 2577 4382 οῦν
2617 4331 2668 4382 οι
2717 4331 3004 4401 Φαρισαῖοι
3058 4329 3415 4383 ἐπιλαϐέσθαι
3471 4329 3568 4383 τοῦ
3641 4327 3819 4402 Ἰησοῦ

2219 4423 2452 4477 ἐνώπιον
2467 4421 2561 4475 τοῦ
2591 4420 2742 4475 λαοῦ’
2769 4421 2828 4474 τὸ
2852 4422 2962 4493 γὰρ
2986 4421 3425 4489 σπουδαζόμενον
3465 4421 3680 4486 αὐτοῖς,
3715 4422 3820 4492 μά-

2143 4480 2189 4537 D
2222 4517 2381 4569 λιστα
2402 4513 2566 4568 τοῦτο
2590 4510 2681 4586 ἧν,
2708 4514 2770 4567 τὸ
2795 4480 2945 4586 πριξ
2970 4514 3062 4570 τὸν
3111 4480 3240 4568 λαὸν
3264 4480 3550 4568 διαϐαλεῖν

2223 4614 2298 4675 ὼς
2341 4608 2777 4664 καταδουλοῦντα
2815 4611 2928 4672 τοῖς
2975 4606 3271 4678 Ῥωμαίοις
3315 4613 3376 4661 τὸ
3422 4607 3602 4673 ἔθνος,
3632 4609 3661 4662 ὃ
3719 4609 3825 4662 οὐκ

2225 4707 2452 4776 ἴσχυσαν
2480 4701 2700 4756 τελέσαι
2728 4701 2816 4756 διὰ
2841 4701 2939 4773 τὴν
2967 4703 3278 4772 ὑπέρσοφον
3309 4701 3476 4756 αὐτοῦ
3499 4702 3820 4772 ἀπόκρισιν.

2294 4795 2692 4867 Προσελθόντες
2723 4793 2777 4848 δέ
2803 4811 2946 4860 τινες
2967 4795 3076 4848 τῶν
3131 4794 3538 4861 Σαδδουκαίων,
3569 4797 3621 4849 οἱ
3671 4799 3824 4850 ἀντι-

2222 4887 2470 4956 λέγοντες
2505 4890 2803 4942 ἀνάστασιν
2828 4887 2902 4959 μὴ
2941 4883 3082 4942 εἶναι
3107 4927 3123 4953 ,
3173 4887 3478 4959 ἐπηρώτων
3522 4888 3694 4942 αὑτὸν
3726 4887 3822 4942 λέ-

2219 4997 2408 5049 γοντες
2431 4997 2444 5011 °
2469 4981 2792 5047 Διδάσκαλε,
2823 4981 3031 5051 Μωσῆς
3053 4979 3294 5051 ἔγραψεν
3321 4981 3478 5051 ἡμῖν,
3520 4981 3652 5036 Ἐάν
3671 4997 3823 5046 τινος

2217 5073 2446 5143 ἀδελφὸς
2489 5073 2740 5146 ἀποθάνῃ
2778 5073 2918 5144 έχων
2957 5075 3216 5142 γυναῖκα.
3252 5073 3348 5127 καὶ
3382 5066 3536 5136 οὗτος
3585 5073 3823 5136 ἄτεκνος

2215 5165 2484 5238 ἀποθάνῃ.
2518 5165 2607 5218 ῖνα
2637 5164 2776 5238 λάϐῃ
2809 5167 2837 5228 6
2865 5164 3096 5234 ἀδελφὸς
3114 5163 3282 5219 αὑτοῦ
3306 5165 3406 5234 τὴν
3431 5165 3698 5233 γυναῖκα,
3721 5165 3822 5218 καὶ

2217 5259 2558 5333 ἐξαναστήσῃ
2596 5259 2821 5331 σπέρμα
2865 5258 2943 5327 τῷ
2973 5257 3187 5329 ἀδελφῷ
3221 5257 3389 5312 αὑτοῦ
3423 5298 3438 5313 .
3495 5257 3680 5312 Ἐπτά
3720 5252 3820 5310 οἷον

2217 5348 2438 5417 ἀδελφοὶ
2474 5345 2637 5420 ἦσαν,
2669 5351 2763 5402 καὶ
2805 5351 2834 5402 6
2865 5349 3082 5421 πρῶτος
3114 5347 3298 5402 λαϐὼν
3348 5349 3590 5417 γυναῖκα
3613 5388 3628 5411 ,
3679 5347 3821 5403 ἀπέ-

2219 5442 2377 5498 θανεν
2399 5444 2646 5508 ἄτεκνος,
2676 5445 2773 5499 καὶ
2807 5443 2998 5498 ἔλαϐεν
3033 5445 3061 5496 6
3097 5443 3352 5514 δεύτερος
3399 5441 3501 5512 τὴν
3550 5443 3815 5509 γυναῖκα,

2215 5536 2308 5588 καὶ
2337 5527 2492 5598 οὗτος
2524 5535 2797 5589 ἀπέθανεν
2828 5536 3074 5601 ἄτεκνος,
3108 5537 3204 5590 καὶ
3232 5537 3262 5589 6
3285 5537 3472 5606 τρίτος
3502 5533 3820 5590 ἔλαϐεναὺ-

2214 5623 2334 5697 τὴν,
2360 5625 2622 5692 ὡσαύτως
2638 5627 2695 5680 δὲ
2719 5627 2812 5686 καὶ
2833 5629 2882 5682 oi
2904 5627 3064 5692 ἑπτὰ,
3099 5627 3192 5680 καὶ
3209 5628 3268 5680 οὐ
3300 5625 3602 5681 κατέλιπον
3623 5626 3815 5692 τέκνα,
