4048 6528
206 387 343 451 illi?)

969 382 1416 442 ENAIHMTIO
1464 383 1539 440 IN
1579 382 1816 441 liV’.\.\'lJ

1923 380 2083 441 .lUlll
2130 377 2366 435 LiltLE.
2397 404 2446 413 -
2479 375 2634 436 CAP.
2674 375 2802 434 XX.

3393 367 3530 433 1046

196 501 289 552 καὶ
320 500 615 552 ἀπέθανον.
654 497 910 566 ”Υστεροι.
951 497 1166 549 πάντων
1190 496 1427 548 ἀπέθανε
1461 498 1551 548 καὶ
1587 497 1802 567 ήγυνή.

1923 511 2014 549 nec
2047 493 2386 559 reliquerunt
2425 491 2649 554 liberos,
2687 499 2741 544 et
2778 489 2976 542 mortui
3034 499 3185 542 sunt.
3223 486 3531 544 Novissima

207 594 296 645 Ἢν
342 595 408 662 τῇ
448 590 540 644 οὖν
591 590 919 654 ἀναστάσει,
957 589 1100 650 τίνος
1149 590 1329 640 αὐτῶν
1378 589 1588 657 γίνεται
1630 591 1802 660 γυνή;

194 687 258 738 0t
291 685 405 755 γᾶρ
437 683 576 736 ἑπτά
603 682 763 751 ἔσχον
805 682 978 752 αὐτὴν
1015 685 1269 748 γυναῖκα.
1327 683 1436 734 Καὶ
1483 682 1806 750 ἀποκριθεὶς

195 775 351 828 εἶπεν
385 776 570 838 αὐτοῖς
605 775 633 825 ὁ
684 774 894 845 Ἰησοῦς
926 790 939 802 ·
978 777 1039 826 (li
1075 776 1180 826 υἱοὶ
1230 774 1324 827 τοῦ
1378 775 1576 838 αἰῶνος
1609 775 1805 827 τούτου

194 869 436 938 γαμοῦσι
469 868 563 920 καὶ
583 869 1017 938 ὲκγαμίσιιονται
1046 886 1056 897 ’
1086 870 1134 920 οἱ
1159 868 1214 921 δὲ
1241 868 1672 933 κπταξιωθέντες
1712 867 1804 920 τοῦ

193 966 391 1026 αἰῶνος
429 962 639 1015 ἐκείνου
691 965 872 1032 τυχεῖν
899 1005 912 1023 ,
951 963 1045 1015 καὶ
1089 963 1187 1032 τῆς
1218 963 1573 1026 ἀναστάσεως
1609 962 1710 1030 τῆς
1740 965 1805 1015 ἐκ

194 1055 409 1123 νεκρῶν
433 1097 446 1119 ,
489 1054 613 1108 οὗτε
651 1055 923 1125 γαμοῦσιν
951 1098 965 1119 ,
1001 1055 1123 1110 οὔτε
1175 1057 1628 1125 ἑκγαμίσκονται.
1665 1055 1804 1109 Οῦτε

194 1153 305 1220 γὶιρ
332 1150 628 1202 ἀποθανεῖν
660 1153 739 1204 ἔτι
770 1151 1053 1216 δύνανται,
1096 1153 1376 1220 ἰσάγγελοι
1405 1153 1515 1220 γάρ
1542 1153 1672 1215 είσι,
1711 1154 1805 1205 καὶ

194 1247 299 1298 υἱοῖ
329 1245 424 1297 τοῦ
478 1243 637 1306 Θεοῦ,
683 1245 780 1312 τῆς
829 1245 1184 1308 ἀναστάσεως
1233 1246 1340 1299 υίοὶ
1379 1246 1553 1308 ὅντες.
1589 1246 1714 1298 ’Ότι
1746 1245 1804 1297 δὲ

197 1337 513 1404 ἐγείρονται
547 1338 595 1388 οἱ
629 1336 839 1406 νεκροὶ,
879 1339 974 1390 καὶ
1014 1337 1223 1406 Μωσῆς
1262 1339 1540 1407 ἐμήνυσεν
1583 1339 1675 1392 ἐπὶ
1706 1339 1806 1406 τῆς

197 1428 387 1496 βάτου,
421 1431 497 1491 ὡς
555 1430 703 1496 λέγει
745 1430 948 1501 Κύριον
979 1431 1071 1485 τὸν
1101 1432 1234 1485 Θεὸν
1275 1431 1548 1502 Ἀϐραάμ,
1585 1433 1680 1486 καὶ
1709 1431 1804 1486 τὸν

195 1521 330 1572 Θεὸν
377 1522 577 1581 Ἰσαὰκ,
612 1523 706 1575 καὶ
747 1523 838 1575 τὸν
874 1524 1009 1576 Θεὸν
1049 1525 1267 1579 Ἰακώϐ.
1304 1526 1438 1589 Θεὸς
1465 1527 1520 1579 δὲ
1552 1529 1652 1580 οὐκ
1686 1526 1804 1580 ἔστι

197 1614 435 1682 νεκρῶν,
459 1615 594 1666 ἀλλὰ
619 1616 1080 1682 ζώντωνίπάντες
1099 1619 1207 1689 γάρ
1239 1619 1389 1690 αὐτῷ
1414 1620 1603 1685 ζῶσιν.
1644 1621 1698 1673 ’Λ
1712 1639 1805 1672 πο-

200 1708 480 1774 κριθὲντες
523 1709 577 1761 δέ
627 1726 770 1773 τινες
819 1711 927 1763 τῶν
958 1713 1346 1782 Γραμματέων
1391 1709 1588 1767 εἷπον·
1644 1715 1805 1767 Διδά-

201 1799 394 1862 σκαλε,
431 1798 611 1862 καλῶς
643 1795 828 1861 εἶπας.
861 1802 976 1854 Οὐκ
1006 1803 1085 1856 ἔτι
1121 1803 1176 1856 δὲ
1225 1805 1470 1874 ἐτόλμων
1517 1806 1805 1875 ἐπερωτᾷν

199 1890 366 1940 αὑτὸν
392 1888 564 1941 οὐδέν.
606 1909 623 1941 ι
675 1891 890 1960 Σειθράν
939 1893 1348 1962 ὑποστήσαντες
1389 1895 1635 1963 κρηπῖδα
1675 1896 1805 1946 ἑαυο

201 1981 314 2041 τοῖς
350 1981 399 2031 ot
432 1980 787 2035 Σαδδουκαῖοι
816 2023 830 2047 ,
866 1983 1191 2053 διηπίστουν
1222 1989 1335 2050 τοῖς
1376 1987 1504 2056 περὶ
1562 1985 1806 2039 ἀναστά-

200 2089 344 2135 σεως
377 2071 577 2140 λόγοις,
609 2074 940 2146 Σωματικὴν
971 2077 1081 2146 γάρ
1101 2078 1381 2148 διαγωγὴν
1409 2078 1632 2132 ἔσεσθαι
1661 2080 1718 2132 ἐν
1739 2081 1805 2149 τῇ

201 2168 500 2220 ἀναστάσει
531 2168 917 2232 ὑπονοοῦντες,
947 2173 1173 2233 εἰκότως
1203 2172 1554 2240 ἐσφάλλοντο,
1596 2173 1676 2226 διὸ
1715 2174 1810 2226 καὶ

199 2259 279 2320 ὡς
331 2257 532 2312 ἄτοπον
592 2259 979 2324 διασάλλοντες
1034 2263 1096 2314 τὸ
1139 2266 1266 2333 περὶ
1294 2264 1394 2332 τῆς
1451 2265 1809 2328 ἀναστάσεως

200 2350 405 2417 δόγμα,
441 2352 768 2406 πλάττονται
813 2354 912 2424 τὴν
936 2354 1166 2424 ἀνόητον
1197 2356 1452 2427 διήγησιν
1475 2358 1705 2428 ταύτην.
1751 2358 1810 2412 ’0

205 2437 304 2494 οὖν
367 2442 572 2512 Κύριος
623 2446 722 2514 τὴν
771 2448 1014 2516 κρηπῖδα
1068 2449 1253 2510 αὐτοῖς
1301 2449 1683 2514 διασαλεύσας,
1719 2454 1811 2504 καὶ

203 2533 389 2597 δείξαις
433 2537 516 2589 ὅτι
551 2538 652 2590 οὐκ
703 2537 820 2591 ἔστι
855 2541 1148 2611 σωματικὴ
1179 2542 1449 2614 διαγωγή,
1485 2545 1603 2597 τότε
1649 2545 1812 2609 εὐθὺς

203 2632 271 2698 τῇ
299 2629 474 2700 σαθρᾷ
497 2631 666 2702 ταύτῃ
715 2635 979 2702 κρηπῖδι,
1015 2636 1108 2687 καὶ
1131 2637 1357 2705 ὑπονοίᾳ
1387 2638 1810 2704 συγκατέσπασε

204 2725 268 2773 τὸ
296 2722 473 2792 δόγμα
503 2726 702 2790 αὐτῶν,
737 2725 909 2779 είπὼν
933 2745 944 2756 ο
981 2729 1285 2788 Πλανᾶσθε,
1343 2729 1416 2801 μὴ
1473 2731 1677 2795 ειδότες
1714 2731 1813 2794 τάς

207 2817 459 2886 Γραφάς,
511 2820 648 2873 ἀλλὰ
695 2825 1162 2893 παρεκδεχόμενοι
1215 2825 1308 2878 τὸν
1337 2825 1462 2878 νοῦν
1497 2827 1700 2879 αὐτῶν.
1749 2828 1812 2879 Ui

211 2911 313 2978 μὲν
357 2911 466 2982 γάρ
513 2915 619 2965 υἱοὶ
670 2915 762 2966 τοῦ
812 2916 1010 2979 αἰῶνος
1038 2917 1254 2983 τούτου,
1315 2919 1362 2970 ot
1413 2919 1472 2970 ὲν
1505 2918 1584 2990 τῷ
1619 2919 1813 2989 κόσμῳ

207 3002 391 3074 τούτῳ
427 3007 746 3072 γεννῶντες,
780 3010 874 3062 καὶ
903 3011 1236 3081 γεννώμενοι
1270 3012 1544 3082 γαμοῦσι,
1589 3013 1684 3068 καὶ
1722 3015 1816 3066 ὲκ-

212 3099 600 3168 γαμίσκονται,
639 3102 937 3166 τουτέστιν,
976 3106 1055 3166 είς
1088 3105 1307 3174 γάμους
1361 3105 1664 3159 ὲκδίδονται
1693 3123 1704 3135 '
1761 3107 1811 3158 οἱ

1912 587 2158 644 onmimu
2190 595 2405 641 mortua
2422 593 2504 639 cst
2530 595 2584 638 ct
2615 583 2831 638 mulier.
2862 583 2917 636 In
2941 585 3348 638 resurrectione
3373 599 3526 652 ergo,

1911 681 2069 751 cujus
2099 694 2289 735 eorum
2315 678 2416 730 erit
2460 678 2644 731 uxor?
2680 677 2953 745 siquidem
2985 675 3532 742 septemhabucruut

1911 791 2032 830 cam
2089 789 2339 828 uxorem.
2385 773 2451 826 Et
2496 771 2840 840 respondens
2893 769 2969 823 ait
3017 769 3123 822 illis
3171 766 3373 823 Jesus:
3406 766 3530 820 Filii

1913 868 2074 932 hujus
2120 865 2304 920 smculi
2361 865 2571 919 ducunt
2615 879 2840 926 uxores,
2879 873 2931 916 et
2982 871 3213 929 nuptum
3275 861 3475 914 dantur
3513 876 3526 912 :

1917 959 1992 1013 illi
2032 973 2162 1013 vero
2199 959 2292 1029 qui
2323 956 2469 1027 digiti
2503 956 2850 1011 habebuntur
2876 955 3079 1009 smculo
3111 954 3225 1016 illo,
3258 963 3312 1007 et
3343 969 3532 1006 resur-

1914 1051 2157 1107 rectione
2186 1064 2252 1104 ex
2292 1049 2548 1113 mortuis,
2605 1063 2784 1118 neque
2817 1049 3028 1101 ducunt
3073 1061 3299 1110 uxores,
3357 1060 3535 1111 neque

1913 1157 2144 1212 nuptum
2184 1143 2404 1206 dantur,
2443 1157 2621 1206 neque
2675 1141 2820 1195 enim
2877 1140 3017 1193 ultra
3087 1139 3226 1192 mori
3279 1147 3529 1206 possunt.

1910 1237 2179 1306 IEquales
2228 1237 2375 1290 enim
2415 1236 2627 1306 angelis
2664 1245 2812 1299 sunt,
2855 1247 2910 1290 et
2945 1235 3038 1288 lilii
3070 1246 3200 1288 sunt
3256 1233 3370 1298 Dei,
3407 1248 3530 1285 cum

1911 1333 2017 1386 sint
2055 1331 2150 1386 filii
2193 1331 2645 1386 resurrectionis.
2686 1330 2841 1396 Quod
2878 1345 3007 1384 vero
3042 1337 3333 1396 resurgant
3383 1342 3534 1379 mor-

1914 1424 2011 1486 tui,
2045 1433 2100 1478 et
2131 1423 2309 1477 Moses
2343 1424 2584 1477 ostendit
2635 1423 2790 1490 juxta
2845 1423 3066 1484 rubum,
3101 1437 3223 1475 cum
3255 1420 3388 1473 dit'li
3424 1420 3532 1473 Do-

1911 1516 2119 1570 mimtm
2177 1515 2347 1571 Deum
2404 1515 2708 1580 Abraham,
2742 1525 2796 1568 et
2836 1515 3005 1567 Deum
3064 1515 3237 1575 Isaac,
3275 1521 3326 1565 et
3363 1511 3532 1564 Deum

1908 1605 2082 1662 Jaeob
2121 1624 2135 1660 :
2171 1607 2312 1661 Deus
2363 1619 2547 1661 autem
2587 1624 2692 1660 non
2741 1616 2823 1660 cst
2858 1617 3224 1670 mortuorum,
3257 1605 3350 1658 sed
3383 1604 3534 1655 vivo-

1913 1715 2030 1752 rum
2060 1716 2074 1764 ;
2109 1714 2302 1753 omnes
2333 1698 2480 1752 enim
2527 1699 2601 1751 illi
2635 1700 2845 1753 vivunt.
2885 1696 3304 1766 lli-spondentes
3344 1705 3531 1748 autem

1911 1793 2131 1861 quidam
2161 1791 2330 1864 556
2353 1791 2678 1847 Scribarum
2705 1794 2964 1847 dixerunt
2996 1812 3008 1847 :
3045 1793 3328 1862 Magister,
3394 1794 3534 1846 bene

1917 1886 2130 1940 dixisti.
2171 1885 2236 1938 Et
2270 1886 2503 1954 amplius
2549 1903 2656 1942 non
2714 1887 2990 1940 audebant
3049 1903 3174 1939 eum
3229 1887 3532 1956 quidquam

1915 1979 2280 2048 interrogare.
2345 1997 2363 2028 ι
2423 1979 2726 2033 lttvalitlttttt
2785 1980 3205 2034 l'umlamcntum
3276 1996 3388 2034 sua:
3437 1981 3534 2032 du-

1911 2073 2104 2128 etrinze
2150 2071 2399 2126 iecerant
2435 2072 2745 2135 Sadducmi,
2798 2090 2903 2126 nou
2935 2074 3228 2127 credentes
3282 2088 3535 2127 resurre-

1912 2167 2153 2221 ctioncm
2184 2184 2198 2220 :
2236 2167 2562 2237 cogitabant
2597 2167 2742 2221 enim
2801 2165 3040 2222 trituram
3076 2167 3421 2236 corporalem
3456 2167 3537 2221 vi-

1916 2271 2026 2313 tam
2085 2259 2139 2313 in
2199 2261 2632 2315 resurrectione.
2711 2259 2839 2316 ldeo
2896 2270 3156 2331 tanquam
3232 2261 3535 2316 absurdum

1918 2351 2344 2406 resurrectionis
2387 2352 2585 2422 dogma
2638 2351 3064 2418 calumniantes,
3099 2353 3324 2408 stultam
3384 2351 3535 2407 hanc

1917 2445 2284 2499 narrationem
2326 2444 2538 2514 lingunt
2573 2463 2586 2499 :
2621 2445 2765 2500 unde
2801 2445 3062 2500 Dominus
3115 2443 3537 2501 fundamentum

1917 2553 2110 2591 eorum
2162 2539 2346 2592 statim
2393 2537 2701 2604 concussit,
2757 2550 2812 2592 et
2845 2539 3089 2594 ostendit
3137 2539 3282 2608 quod
3324 2554 3435 2593 non
3465 2539 3539 2595 sit.

1915 2631 2223 2699 corporalis
2257 2632 2366 2686 vita
2401 2644 2531 2687 tunc
2557 2651 2570 2686 :
2601 2649 2710 2704 quo
2740 2633 2968 2698 factum,
3000 2643 3059 2688 ut
3093 2634 3292 2704 dogma
3316 2648 3535 2698 eorum,

1917 2722 2104 2775 statim
2161 2723 2358 2778 obtusa
2416 2725 2712 2794 opiniooe,
2770 2735 2823 2780 ct
2877 2725 3118 2780 iutalido
3176 2725 3539 2781 fundamento

1917 2816 2258 2872 concideret.
2300 2818 2515 2874 Erratis
2565 2819 2735 2884 enim,
2784 2820 2982 2886 inquit,
3031 2819 3348 2874 nescientes
3389 2818 3540 2874 Scri-

1917 2922 2131 2979 pturas,
2165 2911 2262 2966 sed
2315 2913 2657 2968 invertentes
2702 2927 2924 2967 sensum
2975 2928 3190 2968 earum.
3225 2911 3348 2966 Filii
3381 2911 3533 2966 enim

1922 3003 2081 3071 huius
2106 3004 2291 3060 saeculi
2327 3015 2596 3075 generant
2625 3015 2681 3060 et
2711 3011 3069 3074 gerierarttur,
3101 3021 3302 3060 uxores
3331 3005 3541 3060 ducunt

1918 3107 1974 3153 et
2007 3109 2235 3169 nuptum
2267 3098 2494 3165 dantur,
2544 3100 2649 3154 hoc
2698 3109 2804 3164 est,
2841 3100 2890 3153 in
2929 3100 3148 3170 nuptias
3188 3099 3483 3153 traduntur
3519 3118 3533 3154 :

207 3191 264 3245 δὲ
294 3194 388 3246 τοῦ
421 3193 616 3258 αίῶνος
646 3197 858 3250 ἐκείνου
890 3199 997 3252 υἱοὶ
1042 3199 1196 3252 οὐδὲν
1225 3199 1472 3254 τοιοῦτον
1493 3241 1506 3266 ,
1545 3200 1667 3254 οὐδὲ
1703 3201 1812 3269 γάρ

1923 3189 2016 3244 lilii
2071 3205 2199 3245 vero
2249 3193 2436 3248 saeculi
2497 3192 2643 3247 illius
2697 3194 2837 3246 nihil
2896 3194 3005 3248 tale
3067 3193 3304 3256 faciunt,
3359 3207 3540 3260 neque

211 3286 400 3339 θανεῖν
427 3287 507 3341 ἔτι
529 3288 806 3344 δύνανταισ
844 3292 926 3345 διὸ
953 3293 1073 3347 οὐδὲ
1097 3293 1164 3346 τά
1192 3292 1286 3346 τοῦ
1312 3293 1495 3363 γάμου
1529 3293 1666 3358 ἐκεῖ,
1698 3293 1817 3346 ἀλλ’

211 3379 485 3450 ἀγγελικὴ
515 3385 607 3435 καὶ
628 3382 748 3436 θεία
777 3383 1043 3456 διαγωγή.
1079 3385 1346 3440 Ἐνταῦθα
1362 3387 1462 3454 μὲν
1493 3385 1604 3457 γάρ
1627 3387 1818 3458 ἐπειδὴ

212 3471 468 3536 θάνατος,
517 3473 606 3528 διά
648 3476 807 3529 τοῦτο
861 3477 1042 3546 γάμος
1069 3516 1084 3539 ,
1121 3479 1216 3532 καὶ
1261 3478 1450 3548 ἐπειδὴ
1477 3478 1679 3546 γάμος,
1727 3479 1817 3534 διὰ

213 3563 378 3618 τοῦτο
396 3565 647 3631 θάνατος.
685 3570 836 3624 Ἐκεῖ
862 3570 918 3624 δὲ
948 3570 1044 3624 τοῦ
1079 3571 1314 3625 θανάτου
1345 3572 1817 3641 καταργηθέντος,

218 3661 302 3721 τίς
354 3663 514 3731 χρεία
550 3663 644 3717 τοῦ
680 3666 906 3734 vinea;
964 3666 1022 3719 Ὀ
1058 3666 1238 3736 γάμος
1291 3667 1399 3736 γὰρ
1438 3667 1668 3737 βοήθεια
1724 3667 1819 3722 τοῦ

217 3751 441 3819 θνητοῦ,
480 3755 574 3808 καὶ
603 3757 884 3827 πλήρωσις
913 3759 1008 3812 τοῦ
1039 3759 1323 3823 λείποντος
1366 3777 1377 3790 ⁸
1416 3761 1548 3814 ἔνθα
1576 3762 1634 3815 δὲ
1667 3762 1821 3815 οὐδὲν

217 3843 421 3908 λείπει,
443 3845 524 3909 τίς
550 3846 710 3916 χρεία
737 3847 830 3901 τοῦ
847 3849 1186 3920 πληροῦντος
1213 3870 1226 3917 ;
1256 3851 1559 3921 ’ἰσάγγελοι
1580 3851 1672 3904 οῦν
1691 3855 1821 3918 εἰσι,

218 3939 315 3990 καὶ
372 3940 480 3992 υίοί
513 3939 606 3994 τοῦ
663 3941 822 3995 Θεοῦ.
871 3943 970 3996 Διά
1023 3943 1114 4007 τίς
1154 3945 1277 3996 ’Ὁτι
1316 3945 1417 4015 τῆς
1470 3945 1824 4008 ἀναστάσεως

219 4033 360 4084 εἰσιν
388 4032 514 4085 υἱοί.
555 4035 618 4087 ’Ὀ
648 4035 703 4087 δὲ
732 4035 902 4102 λέγει,
929 4037 1172 4089 τοιοῦτόν
1206 4041 1376 4090 ἐςτιν·
1405 4035 1598 4103 Εἶπον,
1633 4041 1821 4109 φησὶν,

219 4125 420 4186 αὐτοὺς
456 4125 602 4189 υἱοὺς
632 4125 790 4191 Θεοῦ,
817 4127 954 4182 διότι
983 4130 1138 4182 οὐδὲν
1177 4133 1490 4199 σωματικὸν
1526 4133 1582 4184 ὲν
1609 4135 1676 4200 τῇ
1701 4149 1826 4200 γενο

217 4219 377 4283 νῆσει
437 4217 619 4271 αὐτῶν
674 4221 892 4289 ὁρᾶται,
920 4221 1058 4274 ἀλλά
1097 4223 1273 4275 πάντα
1311 4223 1470 4275 θεῖα·
1536 4223 1662 4276 οὔτε
1715 4226 1824 4294 γάρ

220 4310 488 4362 συνουσία
513 4313 858 4380 προηγεῖται,
891 4311 1016 4365 οὔτε
1041 4314 1286 4382 σπέρμα,
1311 4314 1434 4367 οὕτε
1459 4316 1668 4386 μήτρα,
1699 4317 1823 4369 οὔτε

217 4402 418 4472 κύησις
445 4407 503 4456 ὲν
518 4405 583 4474 τῇ
608 4406 958 4468 ἀναστάστει,
985 4406 1124 4460 ἀλλά
1151 4409 1280 4471 Θεός
1317 4411 1464 4461 ἐστιν
1485 4412 1512 4462 ὁ
1530 4411 1734 4477 γεννῶν
1760 4413 1823 4464 τά

220 4480 457 4567 σώματα
484 4499 644 4567 ἡμῶν
694 4499 877 4568 λόγοις
926 4495 1009 4564 οἷς
1062 4499 1223 4557 οἶδεν.
1268 4502 1482 4555 Οὐκοῦν
1522 4504 1646 4557 ἐπεὶ
1690 4504 1824 4567 osa;

1927 3285 2074 3340 enim
2109 3285 2249 3341 ultra
2306 3287 2446 3343 mori
2505 3287 2770 3357 possibile
2818 3297 2925 3342 est.
2984 3285 3226 3341 Proinde
3281 3302 3388 3340 non
3429 3285 3540 3340 illic

1926 3379 2151 3434 liuntea
2192 3395 2313 3451 qua:
2348 3382 2399 3435 in
2436 3381 2661 3450 nuptiis,
2700 3383 2794 3436 sed
2836 3381 3084 3451 angelica
3113 3392 3169 3436 et
3198 3382 3379 3436 divina
3429 3381 3540 3434 vita

1924 3480 2028 3528 est.
2061 3472 2161 3527 llic
2191 3474 2337 3528 enim
2388 3474 2516 3543 quia
2569 3490 2741 3535 mors.
2798 3474 2922 3529 ideo
2949 3484 3003 3529 et
3037 3475 3242 3544 nuptia:
3275 3493 3287 3528 :
3323 3485 3379 3529 et
3407 3474 3540 3543 quia

1927 3566 2150 3635 ιιυριὶω,
2190 3565 2311 3620 ideo
2343 3576 2398 3618 et
2449 3582 2620 3620 mors.
2674 3565 2788 3620 lllic
2836 3575 3018 3620 autem
3075 3576 3256 3621 morte
3306 3567 3536 3631 abolita,

1925 3659 2048 3728 quis
2083 3660 2395 3728 nuptiarum
2435 3660 2612 3712 usus?
2662 3656 2876 3729 Nuptiae
2916 3658 3062 3714 enim
3115 3659 3381 3714 auxilium
3415 3660 3540 3714 vita:

1927 3751 2203 3814 tuortalis,
2235 3761 2290 3805 et
2330 3751 2582 3822 impletio
2611 3749 2730 3819 ejus
2763 3752 2908 3820 quod
2955 3753 3140 3807 deﬁcit
3175 3770 3188 3807 :
3226 3753 3316 3806 ubi
3346 3765 3538 3807 autem

1928 3841 2061 3894 nihil
2102 3842 2305 3907 delicit,
2337 3842 2467 3911 quid
2499 3858 2640 3912 opus
2674 3841 2973 3911 implente?
3002 3841 3172 3896 Pares
3202 3843 3386 3912 itaque
3410 3849 3542 3895 sunt

1927 3934 2154 4002 angelis,
2188 3946 2241 3989 et
2277 3936 2368 3990 lilii
2412 3935 2528 3991 Dei.
2568 3936 2792 4002 Quare?
2827 3937 2965 4002 Quia
2994 3936 3420 3991 resurrectionis
3443 3935 3543 3991 lilii

1927 4041 2077 4080 sunt.
2109 4026 2262 4094 Quod
2291 4038 2473 4082 autem
2505 4031 2660 4091 dicit,
2707 4030 2870 4083 talem
2903 4042 3128 4084 sensum
3162 4027 3358 4083 habet:
3397 4027 3539 4096 Dixi,

1929 4123 2126 4190 inquit,
2168 4121 2288 4176 illos
2327 4123 2471 4177 filios
2521 4124 2638 4184 Dei,
2675 4139 2741 4176 eo
2774 4124 2921 4192 quod
2959 4122 3093 4177 nihil
3125 4138 3455 4190 corporeum
3486 4124 3540 4177 in

1928 4217 2278 4283 generatione
2317 4232 2505 4271 eorum
2541 4217 2813 4282 rideatur,
2845 4220 2938 4272 sed
2966 4219 3150 4273 oomia
3195 4219 3542 4275 divinasint.

1928 4307 2114 4377 Neque
2140 4311 2286 4362 enim
2307 4309 2363 4363 in
2401 4312 2809 4367 resurrectione
2833 4313 3093 4381 praecedit
3113 4312 3198 4365 vel
3225 4314 3427 4378 coitus,
3456 4315 3542 4367 vel

1927 4417 2137 4468 semen,
2160 4403 2242 4458 vel
2270 4412 2479 4470 uterus,
2503 4404 2588 4459 Vcl
2616 4406 2993 4475 impra'gnatio
3017 4423 3031 4461 :
3057 4409 3150 4461 sed
3177 4406 3321 4461 Deus
3343 4417 3425 4460 est
3449 4409 3544 4476 qui

1935 4509 2160 4566 generat
2191 4501 2419 4568 corpora
2452 4509 2638 4552 nostra
2675 4501 2850 4554 modis
2887 4499 3086 4568 quibus
3138 4501 3257 4569 ipse
3307 4502 3432 4555 scit.
3481 4500 3550 4555 Et

216 4590 374 4642 ἐστιν
402 4592 430 4643 ὀ
460 4591 700 4661 ἐνεργῶν
737 4593 796 4645 ὲν
823 4594 890 4664 τῇ
943 4594 1272 4658 ἀναστάσει,
1317 4596 1546 4658 εἰκότως
1603 4599 1708 4650 υἱοὶ
1734 4599 1816 4649 λέ·

1933 4593 2158 4662 proiude
2180 4593 2306 4662 quia
2338 4595 2476 4646 Deus
2505 4602 2588 4648 est
2615 4594 2705 4663 qui
2738 4606 3000 4662 operatur
3026 4595 3078 4648 in
3113 4593 3543 4659 resurrectione,

220 4697 416 4749 γονται
448 4683 583 4736 Θεοῦ
611 4684 662 4735 ot
693 4683 752 4750 ἑξ
779 4685 1136 4749 ἀναστάσεως
1163 4688 1626 4758 ἀναγεννὼμενοι.
1683 4690 1829 4743 Ἐπιο

219 4776 382 4844 φέρει
411 4775 466 4828 δὲ
499 4779 611 4837 τοῖς
650 4776 933 4848 λογισμοῖς
993 4779 1090 4832 καὶ
1143 4782 1456 4852 μαρτυρίαν
1510 4783 1825 4852 Γραφικὴν.

213 4871 364 4940 Φησὶ
387 4871 495 4940 γάρ
527 4872 556 4924 ὁ
583 4872 789 4942 Μωσῆς
824 4875 914 4926 τὸν
945 4875 1077 4928 Θεὸν
1111 4877 1289 4930 εἰπεῖν
1318 4877 1468 4945 αὑτῷ
1499 4879 1564 4930 ὲκ
1595 4879 1695 4947 τῆς
1735 4878 1830 4947 βά-

215 4983 318 5017 του
346 4979 363 4996 ⁶
415 4965 557 5032 Ἐγώ
578 4969 695 5033 εἰμι
732 4967 760 5018 ὁ
802 4966 934 5029 Θεὸς
980 4967 1254 5037 Ἀϐραάμ,
1284 4971 1379 5021 καὶ
1409 4970 1475 5022 τά
1509 4970 1658 5039 ἑξῆς.
1690 4973 1750 5022 Εἰ
1772 4971 1829 5023 δὲ

217 5055 379 5121 ἅπαξ
403 5057 785 5127 ἠφανίσθησαν
817 5060 866 5111 οἱ
890 5060 1252 5130 πατριάρχαι,
1288 5063 1379 5114 καὶ
1403 5061 1478 5132 μὴ
1505 5061 1644 5127 ἔζων
1676 5065 1830 5134 παρὰ

215 5149 350 5221 Θεῷ
390 5153 456 5220 τῇ
505 5152 682 5206 δλπίδι
727 5153 827 5221 τῆς
861 5157 1237 5220 ἀναστάσεως,
1263 5155 1364 5208 οὐκ
1419 5156 1487 5210 ἂν
1536 5153 1713 5220 εἶπεν,
1747 5158 1829 5210 ὅτι

231 5243 386 5312 Ἐγώ
419 5245 558 5314 είμι,
579 5245 694 5298 ἀλλ’
727 5246 870 5313 Ἐγὼ
893 5249 1061 5320 ήμην.
1091 5249 1273 5302 Τοῦτο
1293 5249 1400 5320 γάρ
1428 5249 1703 5318 εἰώθαμεν
1744 5249 1828 5301 λέν

219 5356 348 5410 γειν
374 5339 466 5392 ἰπὶ
497 5339 604 5394 τῶν
649 5340 1066 5411 διεφθαρμένων
1108 5344 1203 5396 καὶ
1241 5341 1653 5410 ἀφανισθέντων
1689 5359 1832 5414 πρα-

216 5433 478 5502 γμάτων·
521 5432 663 5500 Ἐγὼ
690 5435 838 5504 ήμην
871 5435 1140 5507 δεσπότης
1169 5436 1323 5489 τοῦδε
1352 5435 1445 5490 τοῦ
1473 5436 1824 5507 πράγματος.

212 5525 346 5582 Νῦν
376 5524 432 5580 δὲ
464 5525 656 5592 είπὼν,
689 5527 771 5581 ὃτι
802 5528 944 5597 Ἐγώ
964 5532 1102 5598 εἰμι,
1131 5529 1329 5594 ἔδειξεν
1354 5531 1436 5584 ὅτι
1468 5529 1690 5593 ζώντων
1714 5532 1832 5584 ἐστὶ

214 5620 510 5691 Δεσπότης
551 5621 647 5674 καὶ
691 5621 825 5684 Θεὸς
851 5663 865 5686 ,
909 5623 1001 5674 καὶ
1032 5622 1152 5692 οὐχὶ
1189 5623 1557 5694 διεφθορότων
1614 5623 1792 5690 πάντη
1816 5641 1830 5655 ο

218 5713 336 5768 κᾶν
377 5715 488 5784 γὰρ
516 5716 702 5786 νεκροὶ
727 5708 881 5782 ὦσιν,
904 5717 1038 5770 ά).λὰ
1069 5719 1133 5786 τῇ
1154 5716 1332 5770 ἐλπίδι
1360 5717 1455 5769 τοῦ
1486 5717 1791 5784 ἀναστῆναι
1816 5760 1829 5782 ,

217 5802 420 5870 ζῶσιν,
453 5805 648 5876 ὥσπερ
693 5807 789 5861 καὶ
822 5810 851 5859 ὁ
897 5808 1069 5875 Ἀδάμ
1123 5809 1172 5858 εἰ
1226 5807 1321 5858 καὶ
1371 5807 1490 5875 ἔζη,
1543 5806 1735 5875 θνητὸς
1765 5802 1832 5876 ἦν

215 5903 399 5970 ὅμως,
439 5902 536 5955 καὶ
570 5901 660 5955 ἀπ’
695 5902 865 5972 αὐτῆς
898 5902 992 5974 τῆς
1025 5901 1198 5973 ὧρας,
1233 5903 1325 5971 ἀφ’
1353 5898 1417 5972 ἧς
1447 5902 1641 5971 Ξσραγε,
1693 5903 1830 5955 ἀπο-

1935 4687 2135 4740 mcrito
2178 4687 2271 4741 lilii
2327 4688 2417 4742 Dei
2462 4688 2724 4742 dicuntur
2759 4685 2852 4757 qui
2880 4704 2945 4742 ex
2992 4691 3399 4742 resurrectione
3451 4705 3547 4740 na-

1935 4792 2186 4836 scuntur.
2217 4781 2415 4836 Subdit
2456 4791 2641 4837 autem
2687 4782 2995 4836 rationibus
3042 4781 3204 4836 etiam
3243 4783 3548 4851 Scriptura:

1944 4874 2344 4928 trstimouium.
2403 4873 2578 4928 Moses
2621 4877 2772 4928 enim
2808 4874 2988 4944 inquit
3015 4875 3219 4929 dixisse
3242 4875 3344 4930 sibi
3376 4876 3546 4928 Deum

1934 4982 1997 5021 ex
2017 4969 2152 5021 rubo
2179 4984 2192 5024 :
2218 4965 2330 5036 Ego
2348 4983 2469 5020 sum
2499 4966 2642 5021 Deus
2664 4967 2922 5032 Abralne,
2943 4979 3050 5022 etc.
3076 4969 3230 5034 Quod
3247 4969 3290 5021 si
3321 4968 3550 5021 onmiuo

1935 5061 2285 5114 evanuissent
2311 5062 2660 5128 patriarcha},
2687 5070 2741 5115 ct
2767 5078 2874 5114 non
2911 5062 3340 5129 \‘ixissenLapud
3377 5062 3546 5114 Deum

1938 5151 1992 5206 in
2031 5168 2127 5221 Spe
2185 5153 2630 5216 resurrectionis,
2685 5169 2793 5207 non
2853 5153 3042 5221 utique
3078 5152 3308 5207 dixisset
3357 5151 3545 5208 Deus:

1937 5245 2050 5315 Ego
2088 5263 2207 5301 sum
2239 5265 2252 5299 :
2287 5247 2404 5312 sed,
2441 5246 2551 5316 Ego
2577 5263 2749 5300 eram.
2785 5248 2856 5301 De
2886 5247 3049 5302 rebus
3071 5247 3220 5301 enim
3239 5247 3466 5317 perditis
3495 5258 3552 5302 et

1937 5341 2218 5407 corruptis
2250 5342 2432 5394 dicere
2457 5341 2699 5394 Solemus
2730 5358 2743 5395 :
2779 5340 2891 5412 Ego
2916 5355 3068 5396 cram
3101 5341 3360 5394 dominus
3387 5339 3551 5409 hujus

1937 5445 1992 5489 et
2026 5434 2186 5504 hujus
2234 5434 2329 5489 rei.
2394 5434 2552 5489 Nunc
2609 5445 2791 5488 autem
2850 5435 2978 5503 quia
3031 5433 3215 5488 dixit:
3251 5432 3367 5500 Ego
3404 5450 3546 5494 sinu,

1939 5529 2182 5581 ostendit
2236 5528 2380 5596 quod
2422 5529 2491 5581 sit
2529 5529 2831 5582 viventium
2888 5527 3151 5580 Dominus
3195 5535 3250 5580 et
3296 5526 3461 5591 Deus,
3495 5534 3551 5580 ct

1940 5638 2047 5676 non
2082 5623 2307 5676 omnino
2332 5635 2747 5692 corruptorum,
2801 5621 3017 5676 etiamsi
3053 5621 3257 5675 mortui
3286 5623 3416 5682 sint,
3453 5621 3550 5674 scd

1941 5730 2037 5784 spe
2069 5716 2384 5785 rcsurgeudi
2429 5717 2617 5770 vivunt
2652 5735 2664 5768 :
2692 5717 2835 5770 sicut
2864 5725 2917 5768 et
2965 5714 3138 5768 Adam
3188 5708 3443 5783 quamvis
3475 5713 3552 5767 vi-

1939 5809 2124 5869 vebat,
2179 5817 2421 5861 attamen
2484 5806 2731 5861 mortalis
2770 5815 2912 5869 erat,
2971 5821 3093 5858 nam
3130 5806 3198 5857 ab
3241 5805 3358 5873 ipsa
3411 5804 3546 5857 hora

1939 5915 2044 5970 qua
2079 5901 2339 5967 comedit,
2376 5901 2519 5956 mori
2546 5900 2851 5957 dicebatur.
2901 5900 3161 5955 tionl’usis
3198 5910 3380 5956 autem
3413 5899 3547 5954 Sad-
