4048 6554
193 394 331 461 1053

909 389 1360 454 ENAR-RATIO
1403 389 1481 450 ΙΝ
1525 387 2037 450 EVANGELIUM
2075 388 2310 449 LUC/E.
2354 415 2422 425 —
2462 388 2622 450 CAP.
2659 386 2823 448 XXI.

3362 372 3504 439 105‘

192 503 328 576 μηδέ
364 501 576 565 πάντας
605 496 746 571 δμοῧ
777 497 856 562 είς
888 497 946 550 ἐν
975 498 1350 568 συνηγμένους
1381 496 1511 558 τοὺς
1550 495 1795 570 ἀντικει-

1909 495 2252 565 sapicntiam,
2297 496 2370 549 ita
2411 496 2665 550 utetiam
2698 496 2742 548 si
2777 483 3305 552 omnesadversarii
3342 484 3511 538 vestri

195 597 388 667 μένους
438 590 703 646 δύνασθαι
749 590 1069 660 ἀντιστῆναι
1119 590 1269 658 ὑμῖν,
1320 587 1444 641 οὔτε
1503 586 1646 640 κατὰ
1694 587 1797 656 τὴν

193 687 406 756 σοφίαν,
435 683 708 748 τουτέστι,
749 682 892 735 κατὰ
923 682 1025 751 τὴν
1061 681 1171 735 τῶν
1205 681 1497 750 νοημάτων
1531 678 1791 748 δύναμιν,

190 779 314 834 οὔτε
382 776 526 830 κατὰ
583 778 685 846 τὴν
743 777 1062 847 εὐστομίαν.
1115 773 1212 827 καί⁸
1270 775 1331 826 τὸ
1377 774 1480 843 τῆς
1544 773 1796 842 γλώττης

191 870 567 942 ἀπρόσκοπον.
613 869 885 931 Πολλάκις
933 867 1042 938 γάρ
1088 883 1172 930 τις
1210 866 1403 935 σοφίαν
1450 866 1550 934 μέν
1587 865 1700 935 ἔχει
1740 865 1797 918 ἐν

194 963 500 1030 λογισμοῖς,
541 963 637 1014 καὶ
663 962 961 1031 νοήμασιν,
985 959 1319 1028 εὐτάρακτος
1353 958 1408 1011 δὲ
1434 956 1508 1010 ὢν
1541 958 1678 1027 πρὸς
1711 957 1798 1008 Oo-

196 1051 417 1122 ρὺὄους,
441 1051 662 1121 συγχέῃ
691 1049 753 1102 τὸ
780 1051 889 1100 πᾶν
918 1050 976 1100 ἐν
1007 1047 1191 1117 καιρῷ
1222 1047 1593 1116 δημηγορίας.
1650 1045 1794 1098 Ἀλλ’

195 1141 344 1198 οὗτοί
385 1161 471 1211 γε,
505 1146 554 1196 ot
589 1142 881 1195 ἀπόστολοι
924 1139 1090 1205 λέγω,
1127 1139 1247 1191 κατ’
1282 1137 1574 1207 ἀμφότερα
1612 1137 1798 1206 ἐχαρι-

191 1239 467 1310 τώθησαν,
501 1237 622 1290 ὅθεν
667 1237 763 1289 καὶ⁵
801 1233 1197 1304 ἐξεπλήττοντο
1224 1234 1353 1295 τοὺς
1396 1233 1494 1302 μὲν
1534 1233 1664 1302 περὶ
1696 1232 1799 1285 Πέ-

188 1348 319 1402 τρον
368 1330 462 1383 καὶ
509 1327 764 1394 Ἰωάννην
816 1326 866 1376 οἱ
922 1324 1088 1394 ίερετς
1147 1322 1243 1375 ἐπὶ
1273 1324 1338 1392 τῇ
1393 1320 1566 1393 ἀθρόᾳ
1609 1321 1794 1390 σοφίᾳ,

189 1421 746 1492 καταλαμϐανόμενοι
798 1417 1032 1478 αὐτοὺς,
1108 1415 1190 1468 ὃτι
1258 1415 1526 1487 πρότερον
1586 1415 1797 1466 ίδιῶται

188 1510 374 1587 ἦσαν’
431 1515 520 1566 τὸν
587 1512 646 1564 δέ
708 1509 923 1563 Παῦλον
974 1508 1002 1560 ό
1052 1507 1263 1575 Φῆστος
1313 1506 1522 1574 λέγων’
1587 1504 1795 1576 Μαίνῃ,

190 1607 394 1670 Παῦλε,
417 1606 485 1658 τὰ
507 1604 677 1657 πολλά
695 1620 754 1656 σε
783 1603 1091 1672 γράμματα
1116 1603 1196 1661 είς
1229 1599 1430 1668 μανίαν
1449 1598 1794 1668 περιτρέπει.

189 1699 378 1752 Ταῦτα
408 1697 600 1761 είπὼν,
637 1695 731 1748 καὶ
760 1695 853 1746 τδν
896 1696 986 1746 ἐπὶ
1023 1695 1090 1762 τῇ
1132 1689 1380 1761 ἁμαθείᾳ
1417 1689 1584 1757 φόϐον
1616 1687 1801 1741 αὑτῶν

191 1790 525 1854 ὑπεκλὺσας,
558 1789 814 1858 ἐπιφέρει
845 1787 939 1839 καὶ
972 1785 1160 1854 ἕτερον
1188 1785 1509 1850 ἀναγκαῖον,
1547 1782 1644 1834 καὶ
1677 1783 1794 1833 ίκαο

191 1882 280 1935 νὸν
311 1883 637 1933 κατασεῖσαι
657 1877 859 1946 ψυχὰς,
888 1876 968 1938 τὸ,
1003 1873 1457 1945 Παραδοθήσεσθε
1477 1872 1588 1926 ὑπὸ
1618 1872 1791 1940 φίλων

189 1975 285 2028 καὶ
327 1971 626 2039 συγγενῶν.
675 1968 948 2039 Προλέγει
994 1965 1128 2035 γοῦν
1172 1967 1267 2020 καὶ
1299 1966 1429 2038 περὶ
1459 1965 1677 2027 τούτου,
1710 1964 1798 2015 ἵνα

190 2066 269 2135 μὴ
319 2063 514 2132 ἁθρόον
553 2060 802 2122 ἐπελθὸν,
843 2057 1149 2128 διαταράξη
1182 2055 1403 2119 αὑτούς.
1447 2055 1635 2107 Δεινδν
1689 2053 1799 2122 γὰρ

185 2157 348 2211 τοῦτο
367 2155 546 2226 ψυχῆς
569 2153 915 2217 καθικέσθαι,
944 2152 1019 2216 ώς
1039 2153 1134 2205 καὶ
1157 2150 1321 2202 Δαυῖδ
1349 2165 1535 2218 φησιν,
1563 2149 1648 2200 ὅτι
1689 2165 1707 2197 ι
1739 2145 1800 2197 Ei

186 2255 215 2305 ό
243 2251 438 2321 ἐχθρὸς
478 2249 723 2304 ὠνείδισέ
758 2265 848 2317 με,
883 2247 1174 2316 ὑπήνεγκα
1216 2245 1281 2298 ἄν
1306 2260 1318 2271 ·
1361 2244 1424 2296 σὺ
1459 2243 1514 2296 δὲ
1545 2241 1800 2311 ἄνθρωπε

194 2345 439 2412 ίσόψυχε.
477 2361 496 2394 ι
536 2343 644 2393 Καὶ
671 2339 885 2392 σπάλιν·
926 2357 944 2389 ι
993 2338 1050 2390 '0
1081 2336 1279 2390 ἐσθίων
1299 2336 1496 2404 ἄρτους
1529 2350 1630 2402 μου
1668 2335 1800 2402 ἐμε-

189 2437 430 2504 γάλυνεν
469 2433 556 2486 ἐπ’
601 2433 701 2503 ἐμὲ
747 2429 1108 2501 πτερνισμόν.
1153 2447 1171 2479 ι
1207 2427 1398 2481 Ταῦτα
1455 2425 1651 2489 είπὼν,
1706 2426 1802 2477 καὶ

189 2530 276 2584 ὅτι
326 2527 749 2599 μισηθήσονται,
781 2526 877 2578 καὶ
923 2527 1006 2578 ὅτι
1040 2520 1522 2592 θανατωθήσονταί
1566 2535 1714 2582 τινες
1743 2518 1802 2584 ἐξ

190 2622 401 2684 αὑτῶν,
429 2622 684 2690 ἐπιφέρει
714 2621 812 2689 τὴν
839 2620 1112 2690 μεγίστην
1138 2617 1521 2687 παραμυθίαν,
1553 2617 1634 2668 ὅτι
1666 2612 1804 2684 Θρὶξ

188 2717 257 2768 ἐκ
287 2713 387 2784 τῆς
426 2712 672 2782 κεραλῆς
713 2711 868 2782 ὑμῶν
901 2709 962 2764 οὑ
1023 2710 1100 2780 μὴ
1150 2709 1444 2778 ἀπόληται.
1479 2705 1802 2777 Σωθήσεσθε

189 2810 325 2877 γὰρ,
355 2809 510 2876 φησὶ,
541 2807 638 2858 καὶ
677 2804 800 2857 οὑδὲ
831 2804 893 2856 τὸ
925 2803 1212 2872 ἐλάχιστον
1245 2801 1402 2872 ὑμῶν
1429 2799 1802 2870 διαφθαρήσε-

187 2919 311 2963 ται,
357 2901 408 2952 εί
450 2901 544 2953 καὶ
592 2897 737 2962 δόξει
789 2899 900 2960 τοῖς
939 2896 1156 2958 πολλοῖς
1192 2893 1601 2964 διαφθαρῆναι·
1643 2892 1804 2962 μόνον

188 2990 490 3058 ὑπομένειν
526 2987 608 3040 δεῖ
629 3004 641 3016 '
691 2987 789 3040 καὶ
822 2986 933 3057 γὰρ
964 2991 1023 3038 ἐν
1055 2987 1124 3056 τῇ
1158 2986 1407 3056 ὑπομονῇ
1442 2983 1678 3038 κτᾶσθαι
1715 2982 1803 3035 δυ-

183 3079 427 3152 νήσεσθε
481 3079 578 3142 τὰς
636 3077 817 3149 ψυχὰς
880 3077 1058 3147 ὑμῶν.
1131 3077 1391 3148 Πρόσεισι
1458 3075 1560 3146 μὲν
1617 3074 1728 3144 γὰρ
1775 3076 1804 3126 ό

183 3170 414 3241 ἐχθρὸς,
457 3164 545 3224 οἷά
585 3180 669 3231 τις
718 3167 1192 3241 αἰχμαλωτιστὴς,
1254 3169 1354 3234 τὰς
1401 3168 1582 3239 ψυχὰς
1645 3167 1801 3238 ὑμῶν

182 3263 281 3318 διὰ
311 3262 413 3331 τῆς
439 3261 737 3331 ἐπαγωγῆς
771 3263 881 3314 τῶν
911 3261 1106 3314 δεινῶν
1139 3259 1493 3332 ἀφαρπάζειν
1520 3258 1802 3330 πειρώμε-

181 3373 307 3420 νος,
349 3354 466 3407 ἀλλ’
498 3355 658 3424 ὑμεῖς
696 3351 816 3406 δότε
862 3353 985 3407 ἀντὶ
1030 3352 1299 3425 ἀργυρίου
1351 3352 1452 3424 τὴν
1488 3351 1801 3424 ὑπομονὴν,

180 3448 291 3502 καὶ
316 3445 593 3515 κτήσασθε
643 3443 745 3508 τὰς
795 3444 977 3518 ψυχὰς
1035 3445 1193 3516 ὑμῶν
1240 3445 1419 3517 τούτῳ
1470 3443 1552 3517 τῷ
1602 3445 1802 3500 ἀνταλ-

181 3542 467 3611 λάγματι,
501 3541 597 3592 καὶ
629 3539 692 3592 οὑ
734 3537 1162 3610 ζημιωθήσεσθε
1193 3538 1417 3602 ταύτας.
1455 3537 1705 3609 Πρόσχες
1745 3537 1802 3591 δὲ

177 3637 252 3688 τὺ
287 3633 708 3688 Θανατώσουσιν
730 3629 790 3696 ἐξ
819 3629 992 3702 ὑμῶν·
1024 3632 1243 3704 νοήσεις
1266 3632 1376 3701 γὰρ
1402 3618 1704 3703 βαθύτερον
1729 3648 1800 3694 τι,

177 3731 279 3785 ὅτι
353 3729 469 3798 Οὐχ
543 3727 875 3798 ὁλοκλήρους
942 3726 1088 3796 ὑμᾶς
1150 3724 1594 3792 θανατώσουσιν,
1665 3725 1806 3780 ἀλλὰ

176 3823 404 3879 διπλῶν
449 3821 619 3875 ὅντων
653 3819 829 3892 ὑμῶν,
866 3822 930 3872 ἐκ
962 3803 1144 3890 ψυχῆς
1173 3822 1269 3874 καὶ
1320 3820 1597 3890 σώματος,
1633 3820 1695 3873 οὑ
1734 3821 1805 3873 τὰ

173 3921 288 3973 δύο
321 3913 750 3980 θανατώσουσιν,
788 3915 902 3968 ἀλλ’
941 3914 999 3982 ἐξ
1039 3914 1195 3985 ὑμῶν
1224 3915 1284 3968 τὸ
1312 3913 1370 3967 ἓν
1403 3913 1803 3982 θανατώσουσι,

173 4012 250 4064 τὸ
276 4010 446 4078 σῶμά
475 4025 640 4078 φημι,
664 4009 763 4071 τὰς
802 4009 859 4062 δέ
892 4008 1071 4079 ψυχὰς
1101 4007 1257 4080 ὑμῶν
1279 4007 1559 4079 κτήσασθε
1594 4009 1682 4062 διὰ
1703 4008 1804 4079 τῆς

178 4103 484 4175 ὑπομονῆς
518 4120 531 4132 ·
563 4103 591 4156 ὃ
621 4103 714 4157 καὶ
757 4103 992 4176 ἀλλαχοῦ
1029 4119 1163 4172 φησι
1186 4121 1198 4135 ο
1236 4102 1330 4172 Μὴ
1382 4101 1637 4172 φοϐεῖσθε
1695 4105 1804 4158 ἀπὸ

171 4199 306 4254 τῶν
343 4197 760 4251 ἀποκτενόντων
787 4197 848 4249 τὸ
881 4195 1064 4268 σῶμα,
1093 4195 1193 4268 τὴν
1231 4195 1290 4249 δέ
1330 4195 1510 4267 ψυχὴν
1543 4195 1619 4267 μὴ
1643 4193 1806 4248 δυνα-

173 4293 383 4364 μένων
415 4291 762 4343 ἀποκτεῖναι.

267 4403 291 4436 ε
325 4383 500 4436 Ὅταν
524 4382 582 4436 δέ
606 4382 751 4454 ἴδητε
780 4381 1159 4454 κυκλουμένην
1188 4381 1287 4451 τὴν
1318 4379 1679 4454 Ἰερουσαλὴμ
1700 4380 1806 4435 ὑπὸ

164 4481 306 4536 τῶν
351 4475 760 4546 στρατοπέδων,
805 4476 928 4531 τότε
974 4477 1173 4545 γνῶτε,
1215 4477 1298 4529 ὅτι
1327 4477 1560 4548 ῆγγικεν
1592 4477 1627 4547 ἡ
1676 4477 1807 4546 ἐρή-

1902 591 1954 645 ἰη
1995 606 2163 644 unum
2211 587 2374 644 simul
2428 597 2853 659 congregemur.
2901 598 3014 638 non
3066 587 3322 650 poterunt
3362 577 3517 631 vobis

1901 685 2183 746 resistere,
2215 696 2393 752 neque
2428 696 2525 750 per
2562 681 2912 750 sapientiam,
2958 677 3067 731 hoc
3107 682 3215 736 est,
3253 684 3512 725 sensuum

1899 777 2032 842 vim,
2076 789 2256 844 neque
2300 789 2396 845 per
2428 771 2825 842 eloquentiam,
2869 778 2924 823 et
2978 767 3176 836 lingua
3227 759 3517 817 certitndi-

1899 884 2046 923 nem.
2074 867 2230 938 Saepe
2252 869 2397 922 enim
2423 868 2545 936 quis
2576 866 2741 918 habet
2768 860 3096 932 sapientiam
3128 857 3180 910 in
3211 854 3516 909 ratiOnibns

1900 972 1957 1017 et
1988 963 2267 1030 sensibus,
2300 963 2352 1016 in
2396 959 2721 1020 tumultibus
2752 967 2935 1010 tamen
2968 967 3092 1008 cum
3125 949 3288 1004 facile
3327 943 3516 1001 turbe-

1903 1065 2007 1120 tur,
2029 1055 2314 1108 confundit
2337 1053 2520 1109 omnia
2546 1066 2668 1106 cum
2699 1047 2995 1104 dicendum
3021 1053 3107 1098 est
3139 1041 3204 1095 ad
3234 1039 3512 1111 populum.

1901 1144 1965 1198 lli
2002 1156 2208 1210 autem,
2236 1143 2465 1214 apostoli
2507 1142 2648 1206 dico,
2685 1124 2754 1193 ini
2791 1147 3026 1206 utroque
3057 1132 3287 1204 gratiam
3318 1145 3514 1185 conse-

1901 1241 2012 1296 Cuti
2059 1248 2209 1294 sunt.
2251 1238 2407 1293 Unde
2440 1238 2846 1303 obstupuerunt
2886 1231 3204 1286 sacerdotes
3249 1229 3315 1281 de
3355 1222 3519 1280 Petro

1901 1342 1956 1386 ct
2008 1329 2218 1386 Joanne
2244 1331 2313 1385 ob
2346 1329 2675 1383 immensam
2708 1323 3064 1394 sapientiam,
3105 1322 3239 1376 dum
3271 1332 3521 1389 compre-

1905 1424 2208 1478 henderent
2247 1436 2364 1485 eos,
2389 1435 2494 1488 qua
2532 1419 2684 1488 prius
2711 1417 2996 1470 carebant.
3021 1413 3195 1469 Paulo
3231 1427 3362 1466 Vero
3391 1409 3522 1466 dicit

1903 1517 2096 1571 Festus
2123 1534 2135 1568 :
2166 1513 2400 1578 Insanis,
2426 1511 2616 1576 Paule,
2637 1512 2821 1564 multa:
2845 1519 2898 1562 te
2928 1508 3124 1561 littera:
3152 1507 3216 1558 ad
3246 1504 3517 1558 insaniam

1904 1609 2176 1676 redigunt.
2204 1605 2268 1658 Et
2292 1620 2415 1660 cum
2445 1605 2783 1658 excussisset
2813 1602 3065 1654 timorem
3098 1600 3317 1654 illorum
3351 1609 3512 1663 quem

1903 1714 1967 1753 ex
2003 1697 2273 1768 imperitia
2317 1696 2609 1759 habebant,
2645 1693 2830 1748 Subdit
2866 1701 2920 1746 et
2962 1691 3108 1745 aliud
3145 1686 3516 1742 necessariam

1904 1799 1958 1845 et
1993 1789 2226 1841 valtdnm
2260 1787 2325 1840 ad
2377 1783 2769 1840 concutiendus
2809 1782 3024 1835 animas
3056 1798 3068 1833 :
3101 1776 3415 1832 Tradcmini
3451 1777 3518 1829 ab

1833 1847 1873 1900 Β
1907 1880 2094 1933 amicis
2137 1887 2190 1933 et
2224 1878 2493 1946 cognatis.
2530 1874 2782 1930 Pt‘aadicit
2811 1874 2976 1942 igitur
2999 1881 3052 1925 et
3087 1871 3154 1924 de
3197 1872 3319 1936 hoc,
3356 1877 3416 1921 ut
3453 1880 3519 1919 ne

1905 1989 2031 2028 cum
2064 1973 2167 2027 hoc
2195 1971 2376 2026 subito
2403 1971 2706 2040 contingat,
2735 1969 3051 2021 turbentur.
3087 1962 3345 2020 Graviter
3370 1960 3516 2015 enim

1909 2067 2012 2120 hoc
2045 2065 2280 2118 animam
2311 2063 2543 2129 cruciat,
2569 2063 2714 2115 sicut
2743 2071 2796 2115 et
2821 2059 2990 2112 David
3014 2057 3147 2111 dicit
3181 2073 3194 2108 :
3226 2072 3246 2107 ι
3282 2054 3434 2120 Quod
3473 2053 3515 2106 si

1908 2157 2162 2211 inimicus
2199 2171 2353 2211 meus
2387 2153 2761 2209 maledixisset
2798 2152 2954 2213 mihi,
2990 2149 3374 2204 sustinuissent
3417 2147 3522 2201 uti-

1907 2267 2010 2320 que
2041 2270 2055 2309 ;
2088 2260 2143 2304 tu
2172 2258 2350 2304 autem
2387 2250 2549 2303 homo
2574 2247 2852 2301 unanimis
2878 2245 2948 2309 “,
2989 2263 3005 2295 ι
3035 2253 3140 2298 etc.
3174 2241 3238 2294 Et
3274 2241 3471 2296 iterum
3501 2255 3515 2292 :

1913 2362 1931 2395 ι
1971 2342 2072 2409 Qui
2099 2343 2338 2397 comedit
2369 2355 2536 2411 panes
2572 2354 2724 2393 meos
2744 2353 2982 2404 mecmn,
3017 2334 3390 2403 niagniiicavit
3414 2347 3521 2387 su-

1907 2455 2002 2511 per
2022 2453 2108 2494 me
2139 2437 2636 2508 supplantationem
2661 2434 2726 2489 “.
2759 2453 2776 2486 ι
2811 2432 2946 2487 Cum
2972 2431 3200 2486 dixisset
3221 2429 3364 2499 quod
3396 2427 3524 2482 odio

1908 2533 2144 2588 habendi
2192 2541 2248 2586 et
2297 2531 2439 2600 quod
2477 2527 2760 2584 occidendi
2812 2535 2996 2580 essent
3028 2522 3258 2594 quidam
3309 2535 3373 2574 ex
3417 2520 3522 2585 eis,

1913 2621 2100 2676 subdit
2141 2621 2434 2676 maximam
2473 2618 2907 2674 consolationem
2932 2633 2945 2668 :
2969 2615 3210 2684 Capillus
3245 2614 3311 2666 de
3345 2611 3526 2680 capite

1908 2724 2088 2768 vestro
2109 2727 2214 2767 non
2241 2713 2459 2783 peribit.
2480 2708 2840 2765 Salvabimini
2866 2708 3036 2772 enim,
3059 2706 3255 2776 inquit,
3276 2715 3327 2760 et
3349 2719 3526 2775 neque

1909 2809 2196 2862 minimum
2238 2806 2496 2876 quiddam
2546 2807 2598 2860 in
2651 2803 2808 2859 vobis
2859 2811 3273 2873 corrumpetur,
3307 2798 3527 2855 etiamsi

1913 2901 2168 2956 videatur
2199 2899 2386 2955 multis
2437 2897 2737 2969 corrumpi.
2783 2895 3022 2951 Tantum
3073 2895 3220 2952 ferre
3249 2904 3466 2966 oportet
3499 2911 3516 2948 :

1908 3008 2006 3064 per
2053 2992 2370 3062 patientiam
2422 2992 2567 3046 enim
2618 2988 2975 3058 possidebitis
3028 2989 3245 3042 animas
3281 2997 3525 3042 vestras.

1909 3083 2044 3139 Nam
2075 3083 2330 3139 inimicus
2358 3082 2580 3152 quidem
2613 3081 2821 3135 invadit
2856 3095 2954 3136 ceu
2986 3079 3180 3143 hostis,
3221 3077 3272 3131 in
3299 3077 3529 3146 captivi-

1912 3189 2074 3234 tatem
2097 3179 2363 3233 ducturus
2383 3177 2597 3231 animas
2619 3183 2855 3241 vestras,
2877 3184 2931 3229 et
2956 3181 3131 3228 tentat
3155 3186 3251 3242 per
3271 3169 3527 3226 aﬂlictio-

1910 3288 2005 3329 nes
2044 3285 2233 3342 rapere
2266 3289 2280 3325 :
2315 3271 2410 3326 sed
2455 3285 2553 3325 vos
2589 3271 2713 3324 date
2753 3284 2851 3338 pro
2900 3268 3130 3337 pecunia
3164 3264 3517 3336 patientiam,

1907 3372 1963 3417 et
1994 3362 2350 3430 possidebitis
2367 3361 2586 3415 animas
2611 3370 2822 3415 vestras
2849 3360 2951 3414 bac
2973 3357 3451 3429 compensatione,
3475 3365 3529 3410 et

1908 3456 2046 3511 nihil
2073 3456 2227 3510 vobis
2253 3455 2438 3510 damni
2482 3454 2588 3508 erit
2633 3455 2686 3506 in
2730 3453 2856 3508 illis.
2890 3453 3128 3506 Attende
3169 3461 3349 3506 autem
3384 3449 3530 3520 quod

1909 3550 2064 3614 dicit,
2099 3548 2272 3604 Morte
2308 3546 2544 3603 alliciant
2584 3561 2651 3602 ex
2689 3545 2888 3602 vobis:
2921 3545 3193 3616 intelliges
3223 3544 3372 3600 enim
3401 3559 3531 3614 pro-

1908 3643 2134 3699 fundius
2151 3642 2432 3713 quiddam,
2449 3641 2573 3711 quia
2594 3639 2712 3695 Non
2736 3639 2980 3710 integros
3009 3655 3104 3695 vos
3130 3639 3374 3694 occident
3401 3636 3531 3694 :sed

1909 3755 2034 3794 cum
2059 3755 2124 3794 ex
2145 3738 2355 3793 duobus
2379 3738 2521 3804 sitis,
2547 3738 2731 3791 anima
2745 3747 2800 3790 et
2823 3751 3075 3804 corpore,
3093 3745 3354 3790 non‘utru
3367 3748 3528 3803 mque

1911 3844 2087 3887 morte
2116 3831 2378 3896 aﬂicient,
2409 3830 2503 3883 sed
2539 3843 2705 3882 unum
2735 3841 2798 3880 ex
2833 3826 2988 3882 vobis
3013 3825 3294 3889 occident,
3329 3837 3532 3893 corpus

1908 3928 2053 3990 dico,
2105 3924 2318 3978 animas
2354 3931 2536 3976 autem
2602 3931 2818 3976 vestras
2867 3917 3222 3990 possidebitis
3271 3931 3367 3986 per
3418 3930 3531 3987 pa—

1909 4017 2157 4072 tientiam
2188 4031 2204 4072 :
2239 4015 2384 4084 quod
2435 4021 2492 4068 et
2525 4013 2652 4068 alibi
2703 4015 2837 4070 dicit
2870 4032 2882 4068 :
2916 4011 2998 4068 Ne
3056 4012 3297 4067 timealis
3344 4009 3410 4064 ab
3445 4009 3530 4065 his

1909 4109 2000 4178 qui
2034 4107 2291 4162 occidunt
2327 4119 2553 4175 corpus,
2610 4106 2850 4162 animam
2898 4116 3082 4162 autem
3127 4105 3381 4160 occidere
3420 4118 3530 4158 non

1911 4211 2192 4272 poterunt.

1983 4391 2153 4448 Vens.
2192 4391 2390 4448 20-27.
2427 4408 2446 4443 ι
2493 4390 2628 4446 Cum
2674 4398 2856 4446 autem
2908 4386 3160 4444 videritis
3191 4384 3524 4442 circumdari

1910 4483 1982 4538 ab
2015 4482 2350 4538 exercitibus
2394 4479 2723 4547 Jerusalem,
2759 4492 2892 4534 tunc
2926 4480 3123 4534 scitote
3157 4478 3302 4547 quod
3348 4477 3533 4531 immi-

167 4587 379 4646 μωσις
416 4569 610 4639 αὐτῆς.
636 4569 770 4622 Τότε
797 4571 845 4623 οἱ
872 4571 930 4624 ἐν
974 4573 1040 4641 τῇ
1077 4569 1309 4641 Ἰουδαίᾳ
1344 4571 1702 4638 φευγέτωσαν
1726 4571 1801 4633 είς

1917 4586 2041 4631 neat
2073 4575 2336 4630 desolatio
2360 4573 2504 4645 ejus.
2532 4571 2690 4628 Tunc
2710 4573 2804 4641 qui
2833 4574 2885 4627 in
2906 4569 3102 4626 Iudaea
3129 4580 3278 4636 sunt,
3309 4567 3529 4638 fugiant

161 4668 248 4722 τὰ
281 4664 422 4734 ὅρη.
453 4663 548 4716 καὶ
573 4663 622 4715 oi
665 4664 722 4716 ἐν
752 4665 904 4734 μέσῳ
927 4665 1123 4733 αὐτῆς,
1155 4663 1594 4734 ἐκχωρείτωσαν.
1630 4661 1742 4716 Καὶ
1761 4663 1812 4714 oi

153 4762 238 4815 ιν
299 4759 434 4820 ταῖς
483 4755 712 4827 χώραις,
764 4757 839 4827 μὴ
890 4756 1332 4828 είσερχέσθωσαν
1381 4758 1461 4821 είς
1501 4756 1692 4828 αὐτὴν,
1724 4756 1809 4809 ὅτι

159 4852 414 4926 ἡμέραι
468 4849 804 4921 ἐκδικήσεως
872 4845 1034 4905 αὗται
1100 4851 1230 4916 είσι,
1293 4849 1389 4902 τοῦ
1449 4849 1809 4921 πληρωθῆναι

155 4946 386 5004 πάντα
411 4943 481 4996 τὰ
502 4942 894 5013 γεγραμμένα.
913 4943 1051 4995 Οὐαὶ
1073 4944 1195 5005 ταῖς
1219 4944 1276 4994 ἐν
1296 4941 1502 5013 γαστρὶ
1529 4941 1805 5011 ἐχούσαις,

1912 4671 1979 4726 ad
2019 4680 2230 4725 montes
2287 4686 2302 4724 :
2354 4680 2408 4724 et
2448 4668 2541 4740 qui
2597 4667 2649 4722 in
2701 4666 2883 4721 medio
2915 4667 3055 4734 ejus,
3098 4664 3435 4719 discedant:
3479 4669 3535 4716 et

1912 4765 2006 4835 qui
2045 4766 2098 4820 in
2127 4763 2463 4834 regionibus,
2495 4774 2600 4817 non
2636 4761 2843 4816 intrent
2881 4761 2932 4814 in
2961 4775 3107 4825 eam,
3136 4759 3264 4828 quia
3291 4758 3409 4811 dles
3445 4753 3529 4810 ul-

1914 4857 2079 4913 tionis
2126 4857 2351 4919 bisunt,
2409 4865 2470 4910 ut
2526 4854 2862 4925 impleantur
2914 4852 3098 4907 omnia
3149 4865 3274 4922 qua:
3328 4848 3541 4919 scripta

1911 4957 2062 5004 sunt.
2100 4948 2189 5003 Va:
2221 4958 2403 5003 autem
2453 4946 2892 5018 praegnantibus,
2921 4957 2977 5001 et
3008 4961 3247 5000 mamma
3278 4941 3542 4998 nutrien-

158 5041 282 5098 καὶ
323 5037 453 5099 ταῖς
479 5034 844 5105 θηλαζούσαις
867 5037 924 5087 ἐν
953 5035 1193 5098 ἐκείναις
1216 5038 1338 5098 ταῖς
1365 5035 1625 5106 ἡμέραις,
1651 5034 1809 5089 ἔσται

152 5137 298 5206 γὰρ
355 5127 575 5199 ἀνάγκη
626 5127 837 5199 μεγάλη
869 5127 963 5182 ἐπὶ
997 5127 1098 5198 τῆς
1131 5127 1258 5198 γῆς,
1309 5129 1405 5181 καὶ
1439 5125 1579 5198 ὀργὴ
1632 5127 1692 5180 ἐν
1729 5125 1809 5196 τῷ

147 5225 303 5295 λαῷ
359 5220 564 5288 τούτῳ,
620 5219 719 5273 καὶ
758 5219 1053 5274 πεσοῦνται
1098 5219 1331 5290 στόματι
1375 5221 1673 5292 μαχαίρας,
1711 5219 1810 5274 καὶ

144 5312 817 5391 αἰχμαλωτισθήσονται
851 5313 932 5375 είς
963 5311 1143 5366 πάντα
1164 5313 1233 5365 τὰ
1260 5313 1411 5382 ἔθνη,
1462 5315 1558 5366 καὶ
1598 5313 1810 5386 Ἰερου-

146 5409 388 5480 σαλὴμ
417 5405 573 5460 ἔσται
600 5405 926 5476 πατουμένη
956 5404 1063 5458 ὑπὸ
1087 5404 1282 5468 ἐθνῶν,
1306 5404 1436 5476 ἄχρι
1465 5406 1803 5478 πληρωθῶσι

139 5501 384 5576 καιροὶ
410 5497 604 5553 ἐθνῶν.
623 5500 736 5553 Καὶ
770 5497 925 5551 ἐσται
948 5500 1151 5569 σημεῖα
1180 5499 1238 5551 ἐν
1267 5498 1424 5569 ἡλίῳ,
1454 5498 1550 5552 καὶ⁵
1577 5499 1801 5571 σελήνῃ,

143 5601 269 5657 καὶ
315 5591 578 5663 ἄστροις,
640 5591 735 5644 καὶ
795 5591 887 5643 ἐπὶ
938 5590 1041 5660 τῆς
1093 5590 1204 5660 γῆς
1260 5592 1461 5662 συνοχή
1515 5591 1710 5656 ἐθνῶν,
1744 5595 1802 5646 ἐν

137 5690 408 5766 ἀπηρίᾳ
432 5685 680 5760 ἡκούσης
707 5685 1008 5759 θαλάσσης,
1043 5689 1139 5742 καὶ
1171 5687 1359 5755 σάλου,
1404 5687 1802 5759 ἀποψυχόντων

1914 5041 2060 5097 tibus
2087 5042 2140 5096 in
2171 5041 2278 5098 illis
2304 5041 2518 5096 diebus.
2547 5039 2665 5095 Erit
2698 5040 2846 5095 enim
2880 5037 3105 5094 ainictio
3132 5051 3326 5107 magna
3361 5050 3540 5104 super

1913 5147 2116 5192 terram
2143 5145 2200 5191 et
2234 5135 2314 5190 ira
2339 5135 2392 5190 in
2417 5134 2618 5206 p0pnlo
2646 5134 2768 5199 hoc,
2796 5143 2851 5190 et
2877 5134 3078 5189 cadent
3120 5133 3172 5186 in
3205 5145 3302 5187 ore
3344 5129 3540 5200 gladii,

1911 5237 1965 5280 et
2003 5226 2203 5296 captivi
2235 5227 2507 5281 ducentur
2553 5225 2607 5280 in
2639 5241 2842 5281 omnes
2877 5236 3091 5292 gentes,
3127 5232 3183 5278 et
3221 5218 3530 5277 Jerusalem

1911 5318 2214 5375 calcabitur
2233 5333 2262 5371 a
2287 5319 2562 5390 gentibus,
2587 5319 2760 5382 donec
2779 5318 3109 5388 impleantur
3130 5327 3374 5385 tempora
3397 5326 3537 5383 gen-

1919 5413 2079 5468 tium.
2112 5409 2275 5483 461
2329 5411 2397 5467 Et
2425 5420 2587 5467 erunt
2641 5413 2796 5482 signa
2846 5411 2901 5466 in
2972 5409 3110 5474 sole,
3173 5418 3228 5463 et
3287 5406 3437 5468 luna,
3468 5411 3525 5458 et

1918 5504 2118 5570 stellis,
2149 5515 2204 5560 et
2255 5505 2308 5559 in
2347 5505 2514 5560 terris
2555 5506 2806 5559 anxietas
2846 5502 3090 5572 gentium
3124 5514 3222 5571 per
3262 5497 3527 5565 despera-

1919 5599 2144 5663 tionem,
2195 5609 2491 5654 resonante
2527 5600 2665 5653 mari
2702 5606 2754 5653 et
2803 5596 2992 5661 ﬂuctu,
3029 5588 3528 5651 erubescentibus

1917 5693 2233 5751 hominibus
2267 5708 2377 5763 pra:
2410 5692 2630 5759 timore,
2670 5702 2724 5750 et
2749 5689 3162 5764 exspectatione
3181 5699 3373 5744 eorum
3397 5696 3531 5757 qua

249 5879 310 5912 ιι
407 5869 560 5930 ρδαΙ,
614 5886 725 5937 ων,
775 5870 858 5939 15,
896 5871 978 5928 14.
1059 5873 1102 5904 ¹⁸
1130 5871 1278 5928 Psal.
1320 5890 1408 5944 1L,
1443 5873 1527 5930 i0.
