4048 6548
573 455 722 521 ,1055

1464 447 2041 512 THEOPHYLAC’I‘I
2080 447 2413 508 BULGARI
2427 446 2490 505 Ε
2533 448 2572 502 Α
2586 443 2887 504 RCHIEP.

3675 427 3806 493 1056

578 568 955 637 Superveniens
978 565 1092 617 nrhi
1135 574 1419 617 terrarum.
1454 563 1586 617 Nam
1624 565 1848 616 virtutes
1878 562 2138 616 caelorum

2255 560 2551 632 ἀνθρώπων
2586 558 2693 611 ἀπ’)
2725 557 2889 624 φόϐου
2929 554 3018 605 καὶ
3055 549 3379 622 προσδοκίας
3425 541 3534 598 τῶν
3590 546 3810 637 ἐπερχο-

582 659 958 718 ηιονρδυηιιιτ,
1009 664 1061 706 et
1096 665 1222 708 tunc
1263 656 1519 707 videbunt
1551 653 1745 708 Filium
1783 652 2014 705 hominis
2052 666 2140 705 ve-

583 751 814 802 nientem
849 745 899 798 in
935 748 1073 799 nube
1112 760 1230 798 cum
1259 755 1525 814 potestate
1555 755 1606 798 et
1641 743 1806 812 gloria
1863 761 2075 814 magna.
2118 762 2136 795 ι

584 836 1017 891 Manilestissime
1056 852 1198 890 nunc
1228 838 1293 890 de
1340 837 1651 903 captivitate
1696 835 1996 890 Jerusalem
2036 848 2146 889 tra-

581 931 677 1001 dit.
715 924 866 980 Unde
893 929 968 981 sic
1001 929 1189 994 Opinor
1215 928 1615 996 intelligendum
1650 928 1775 980 illud
1804 946 1815 980 :
1847 932 1986 980 Ante
2024 928 2138 982 haec

578 1019 756 1072 omnia
791 1030 992 1081 autem,
1023 1021 1121 1072 hoc
1151 1028 1250 1083 est,
1282 1029 1401 1070 ante
1426 1017 1595 1071 falncs
1627 1032 1676 1072 et
1705 1020 2060 1086 pestilentias,
2092 1029 2145 1072 ct

579 1111 678 1163 alia
710 1112 888 1180 gravia
920 1125 1037 1178 quae
1068 1120 1191 1162 sunt
1225 1122 1481 1164 eventura
1517 1112 1568 1162 in
1604 1121 1842 1178 tempore
1885 1126 2141 1164 consum-

581 1201 852 1262 mationis,
927 1202 1354 1270 persecmionem
1415 1203 1628 1268 quidem
1708 1202 1985 1269 patiemini
2051 1217 2146 1255 vos

580 1292 829 1358 apostoli,
863 1302 914 1342 et
949 1301 1142 1344 czrtera
1176 1309 1187 1342 :
1232 1292 1426 1343 deinde
1466 1302 1518 1342 et
1569 1289 1960 1360 Hierosolymis
2006 1291 2144 1343 mala

581 1378 956 1432 lnuninehunt.
1007 1376 1138 1429 Nam
1188 1380 1440 1446 quoniam
1495 1379 1567 1430 illi
1608 1380 1870 1449 putabant
1917 1380 2058 1446 quod
2092 1380 2146 1434 in

584 1480 821 1537 tempore
855 1472 1336 1523 consummationis
1386 1471 1706 1523 destruenda
1754 1482 1936 1523 essent
1977 1472 2146 1524 aedili-

580 1560 658 1613 cia
696 1562 875 1628 templi
908 1579 919 1612 :
959 1560 1100 1623 Non,
1128 1563 1317 1630 inquit.
1351 1561 1586 1629 Tempus
1621 1562 1763 1615 enim
1797 1577 2147 1615 consumma-

580 1653 741 1704 tionis
768 1650 935 1706 falsos
966 1655 1254 1722 prophetas
1286 1655 1522 1718 habebit,
1572 1663 1624 1706 et
1677 1654 1844 1706 fames
1879 1663 1932 1707 et
1981 1653 2149 1720 pesti-

583 1744 776 1796 lentias
807 1760 870 1796 ex
915 1746 1182 1797 coutinuis
1207 1746 1359 1798 hellis
1386 1761 1506 1813 qua:
1531 1746 1844 1814 contingent
1873 1746 1942 1798 oh
1964 1745 2146 1797 chari-

587 1837 713 1888 latis
745 1837 1044 1902 penuriam.
1088 1833 1194 1889 Vos
1241 1847 1417 1889 autem
1479 1847 1601 1889 ante
1652 1847 1861 1903 tempus
1893 1851 2147 1890 consum-

583 1928 833 1980 mationis
895 1929 1321 1994 persecutionem
1391 1929 1690 1996 patiemini,
1744 1938 1797 1980 et
1847 1927 2148 1983 Jerusalem

581 2019 837 2081 capietur,
887 2029 939 2069 et
998 2017 1198 2084 lapides
1250 2017 1321 2070 illi
1371 2019 1675 2070 diruentnr.
1718 2017 1943 2082 Quando
2003 2015 2147 2071 enim

581 2109 830 2162 videbitis
894 2110 1167 2161 civitatem
1214 2124 1240 2159 a
1305 2107 1564 2161 Itonianis
1605 2110 1932 2162 exercitibus
1985 2110 2147 2176 cingi,

582 2205 710 2252 ιιιιιο
738 2198 1125 2251 desolationem
1175 2199 1293 2266 ejus
1335 2200 1545 2252 scitote.
1578 2197 1804 2267 Tragice
1833 2202 1994 2268 igitur
2022 2215 2150 2266 pro-

584 2289 684 2342 fert
711 2290 846 2344 uiala
882 2305 998 2357 qua:
1021 2301 1145 2344 tunc
1175 2289 1377 2344 civitati
1407 2291 1785 2345 imminebunt.
1806 2289 1939 2345 Nam
1976 2293 2064 2360 qui
2097 2295 2148 2346 in

581 2379 785 2446 Judzea,
817 2381 1009 2449 inquit,
1035 2380 1242 2452 fugiant
1274 2383 1323 2436 in
1347 2395 1558 2438 montes
1596 2403 1610 2438 :
1640 2395 1693 2437 et
1714 2384 1803 2453 qui
1828 2384 1880 2436 in
1911 2387 2151 2454 regioni-

583 2470 699 2533 bus,
770 2485 836 2523 ne
896 2483 1113 2538 sperent
1166 2473 1307 2540 quod
1365 2473 1558 2526 civitas
1617 2482 1825 2525 morata
1881 2474 2151 2527 custodiat

583 2577 677 2615 eos
705 2585 717 2614 z
749 2567 841 2616 sed
870 2565 1123 2616 secedant
1145 2566 1307 2617 etiam
1365 2566 1464 2634 ipsi
1496 2567 1584 2635 qui
1621 2567 1670 2618 in
1698 2567 1869 2620 media
1895 2566 2135 2620 civitate.

588 2651 710 2705 Dies
740 2653 880 2705 enim
929 2653 1148 2707 ultionis
1178 2664 1322 2718 sunt,
1350 2664 1406 2708 ut
1448 2656 1774 2723 impleantur
1808 2673 1926 2723 quae
1960 2658 2010 2710 in
2052 2657 2152 2709 Da-

590 2741 727 2794 niele
777 2743 1111 2810 potissimum
1154 2754 1277 2797 sunt
1312 2745 1533 2812 scripta.
1591 2744 1678 2799 Va:
1728 2749 2148 2816 prwgnantibus,

587 2834 1018 2902 quandoquidem
1042 2833 1222 2904 fugere
1242 2851 1343 2890 non
1369 2848 1619 2904 poterunt
1642 2849 1859 2906 propter
1881 2840 2149 2893 sarcinam

587 2931 788 2984 ventris
821 2947 832 2982 :
865 2940 916 2984 et
945 2931 1286 2996 lactantibus,
1325 2941 1544 3000 pr0pter
1571 2947 1809 2985 antorem
1841 2948 1967 3001 erga
2020 2947 2149 3002 pue—

589 3039 695 3087 ros,
753 3040 886 3092 quos
938 3041 1109 3094 neque
1159 3027 1463 3094 relinquere
1514 3036 1739 3094 possunt
1772 3027 1977 3095 absque
1999 3041 2148 3090 cura,

587 3130 759 3180 neque
805 3131 986 3169 secum
1038 3116 1271 3170 auferre.
1324 3116 1550 3181 Quidam
1608 3119 1659 3171 in
1700 3117 1800 3171 hoc
1836 3134 1864 3171 a
1924 3117 2150 3172 Domino

2251 654 2427 722 μένων
2451 652 2514 720 τῇ
2540 649 2847 716 οἰκουμένῃ.
2893 647 2956 698 Al
3009 645 3113 714 γὰρ
3142 642 3398 709 δυνάμεις
3430 638 3537 689 τῶν
3567 633 3810 722 ούρινῶν

2249 721 2692 809 σαλευθήσονται,
2735 738 2830 788 καὶ
2876 736 2995 786 τότε
3045 731 3263 798 ὄψονται
3297 726 3386 780 τὸν
3425 726 3554 778 Υἱὸν
3593 721 3685 775 τοῦ
3721 724 3809 772 ἁν-

2249 833 2466 902 θρὼπου
2497 831 2788 898 ἐρχόμενον
2817 828 2873 879 ἐν
2933 823 3182 891 νεφέλαις
3227 819 3365 896 μετὰ
3409 816 3692 882 δυνάμεως
3725 813 3810 864 καὶ

2247 924 2401 992 δόξης
2427 922 2647 989 πολλῆς.
2683 940 2699 971 ι
2759 919 3077 985 Σαφέστατα
3121 912 3213 965 νῦν
3265 913 3393 980 περὶ
3420 909 3518 974 τῆς
3565 906 3814 965 ἁλώσεως

2248 1016 2345 1081 τῆς
2409 1012 2766 1080 Ἰερουσαλὴμ
2807 1007 3180 1076 διαλαμϐάνει.
3225 1005 3390 1056 ὐθεν
3442 998 3618 1069 οἶμαι.
3677 997 3815 1048 οὕτω

2247 1106 2329 1157 δεῖ
2357 1106 2614 1172 νοηθῆναι
2646 1104 2724 1163 τλ,
2758 1101 2870 1170 Πρὸ
2920 1099 2975 1152 δὲ
3029 1097 3232 1149 τούτων
3283 1096 3520 1154 πάντων,
3549 1090 3813 1146 τουτέστι,

2251 1196 2355 1265 πρὸ
2384 1197 2440 1247 δέ
2475 1196 2580 1246 τῶν
2614 1194 2806 1262 litui»),
2843 1192 2933 1243 καὶ
2963 1190 3071 1242 τῶν
3117 1186 3344 1256 λοιμῶν,
3380 1186 3472 1236 καὶ
3513 1181 3623 1233 τῶν
3646 1179 3819 1232 ἄλλων

2249 1287 2462 1349 δεινῶν,
2523 1285 2556 1338 ἃ
2611 1285 2860 1353 μέλλουσι
2901 1281 3224 1350 συμϐαίνειν
3282 1280 3338 1329 ἐν
3391 1275 3466 1344 τῷ
3513 1272 3691 1342 καιρῷ
3726 1273 3821 1339 τῆς

2253 1377 2587 1438 συντελείας,
2635 1373 3002 1444 διωχθήσεσθε
3042 1369 3141 1439 μὲν
3191 1372 3347 1436 ὑμεῖς
3407 1369 3455 1419 οι
3500 1365 3814 1423 ἀπόστολοι,

2252 1472 2346 1523 καὶ
2395 1470 2460 1519 τὰ
2512 1467 2662 1535 ἑξῆς.
2718 1462 2850 1518 Εἶτα
2905 1463 3000 1515 καὶ
3058 1465 3122 1531 τῇ
3173 1458 3534 1525 Ἰερουσαλὴμ
3574 1456 3646 1508 τὰ
3679 1453 3823 1506 κακὰ

2253 1561 2663 1628 ἐπιστήσονται.
2707 1556 2924 1623 Ἐπειδὴ
2968 1553 3077 1622 γὰρ
3109 1553 3309 1604 ἐκεῖνοι
3347 1548 3616 1617 ἐνόμιζον,
3659 1547 3742 1597 ὅτι
3770 1547 3824 1596 ἐν

2252 1654 2329 1721 τῷ
2360 1650 2536 1720 καιρῷ
2570 1651 2667 1718 τῆς
2719 1646 3031 1708 συντελείας
3080 1642 3550 1711 καταλυθήσονται
3587 1639 3643 1691 ai
3673 1640 3822 1688 οἰκο-

2253 1744 2414 1810 δομαὶ
2437 1741 2529 1794 τοῦ
2565 1741 2734 1809 ἱεροῦ,
2763 1739 2916 1808 Οὐχὶ,
2944 1738 3128 1806 φησίν.
3165 1736 3223 1788 ὐ
3258 1735 3355 1804 μὲν
3387 1736 3496 1801 γὰρ
3526 1732 3620 1799 τῆς
3644 1745 3827 1781 συντε-

2255 1833 2401 1894 λείας
2432 1831 2622 1900 καιρὸς
2684 1829 3138 1897 ψευδοπροφήτας
3187 1825 3320 1891 ἔξει,
3358 1824 3452 1874 καὶ
3479 1821 3698 1888 λιμοὺς,
3734 1819 3828 1870 καὶ

2252 1921 2475 1989 λοιμοὺς
2496 1923 2556 1972 ἐκ
2573 1916 2682 1970 τῶν
2701 1916 2938 1986 συνεχῶν
2958 1917 3210 1984 πολέμων
3230 1915 3336 1966 τῶν
3355 1912 3440 1964 διὰ
3454 1911 3514 1964 τὸ
3539 1910 3825 1979 ἀποψυγῆ-

2253 2029 2339 2063 ναι
2369 2011 2465 2079 τὴν
2489 2011 2710 2079 ἀγάπην
2728 2009 3027 2076 μελλόντων
3047 2003 3504 2073 ἐπεισφθαρῆναι.
3553 2002 3750 2070 Ὑμεῖς
3772 2000 3826 2053 δέ

2253 2106 2357 2175 πρδ
2374 2104 2465 2156 τοῦ
2481 2107 2576 2171 τῆς
2603 2102 2909 2162 συντελείας
2923 2098 3117 2168 καιροῦ
3136 2096 3466 2165 ἐκδιωχθήσε
3479 2095 3595 2156 σθε,
3615 2096 3711 2146 καὶ
3739 2093 3830 2146 Ἰιο

2255 2197 2534 2268 ρουσαλὴμ
2561 2195 2852 2257 ἁλώσεται,
2885 2194 2977 2245 καὶ
3004 2193 3051 2244 oi
3076 2191 3209 2242 λίθοι
3230 2183 3376 2242 οὗτοι
3406 2186 3823 2254 καταλυθήσον-

2253 2307 2360 2342 ται.
2399 2291 2570 2341 Ὀταν
2603 2287 2712 2358 γὰρ
2755 2285 2901 2356 ἴδητε
2941 2284 3038 2352 τήν
3075 2282 3229 2334 πόλιν
3277 2280 3382 2332 ὑπὸ
3423 2279 3530 2330 τῶν
3574 2278 3822 2345 Ῥωμαϊ-

2253 2383 2365 2435 κῶν
2402 2379 2829 2449 στρατευμάτων
2859 2375 3259 2443 κυκλουμένην,
3321 2371 3440 2424 τότε
3474 2370 3574 2438 τὴν
3607 2370 3834 2446 ἐρήμω-

2255 2491 2338 2526 σιν
2369 2474 2538 2541 αὐτῆς
2582 2470 2777 2539 γνῶτε.
2817 2467 3182 2538 Ἐκτραγῳδεῖ
3207 2460 3302 2518 οὖν
3353 2464 3418 2516 τὰ
3442 2461 3617 2523 δεινὰ,
3646 2459 3684 2514 ἃ
3710 2462 3828 2514 τότε

2252 2566 2349 2636 τὴν
2382 2565 2534 2617 πόλιν
2574 2561 2988 2634 περιστήσεται.
3038 2559 3102 2612 Oi
3135 2558 3234 2627 μὲν
3257 2558 3366 2627 γὰρ
3390 2557 3447 2608 ἐν
3470 2557 3536 2622 τῇ
3577 2552 3829 2622 Ἱουᾶαία,

2253 2656 2632 2723 φευγέτωσαν,
2671 2651 2857 2720 φησιν,
2887 2651 2964 2710 είς
2982 2649 3050 2700 τὰ
3104 2647 3228 2717 ὅρη.
3259 2645 3370 2698 Καὶ
3397 2645 3446 2697 oi
3479 2645 3537 2696 ἐν
3577 2644 3702 2704 ταῖς
3731 2640 3833 2711 χὼ-

2256 2767 2396 2821 ραις,
2434 2749 2508 2817 μή
2537 2745 3015 2816 προσδοκάτωσαν,
3038 2743 3173 2809 ὁτιὴ
3203 2741 3356 2801 πόλις
3382 2737 3644 2808 τειχήρης
3674 2735 3830 2801 οὖσα,

2256 2842 2482 2912 φυλάξει
2523 2839 2742 2901 αὐτοὺς,
2769 2835 2882 2888 ἀλλ’
2913 2835 3355 2904 ἁναχωρήτωσαν
3379 2830 3473 2884 καὶ
3501 2830 3551 2882 οι
3587 2829 3646 2880 ἐν

2256 2934 2354 3001 τῆς
2386 2933 2614 2993 πόλεως.
2657 2927 2890 2996 Ἡμέραι
2943 2927 3052 2994 γὰρ
3101 2922 3434 2993 ἐκδικήσεως
3469 2923 3630 2984 εἰσιν,
3666 2919 3736 2980 ὡς
3770 2920 3832 2973 ἂν

2256 3021 2620 3093 πληρωθῶσιν
2648 3020 2682 3074 ἃ
2723 3019 3046 3089 ἐγράφησαν
3108 3019 3166 3070 ἐν
3224 3015 3302 3086 τῷ
3336 3013 3536 3084 Δανιὴλ
3564 3011 3820 3081 μάλιστα.

2256 3118 2390 3170 Οὐαὶ
2424 3117 2544 3175 ταῖς
2579 3117 2637 3166 ἐν
2672 3111 2868 3180 γαστρὶ
2915 3109 3164 3178 ἐχούσαις
3198 3123 3209 3136 ·
3238 3107 3298 3160 οὑ
3346 3105 3671 3175 δυνήσονται
3728 3104 3830 3172 γὰρ

591 3204 914 3256 insinuatum
953 3215 1138 3271 putant
1171 3222 1319 3260 esum
1348 3209 1519 3276 pueri,
1548 3211 1611 3262 de
1661 3224 1769 3276 quo
1801 3211 1964 3262 tradit
1993 3209 2147 3264 Jose-

2255 3208 2477 3276 φεύγειν
2516 3206 2602 3258 διὰ
2628 3206 2688 3256 τὸ
2723 3202 2885 3273 βάρος
2923 3203 3020 3271 τῆς
3049 3199 3286 3268 γαστρός
3312 3215 3326 3229 ο
3357 3197 3452 3251 καὶ
3501 3197 3627 3257 ταῖς
3665 3195 3830 3262 θηλα-

587 3295 745 3360 nlins,
786 3305 839 3348 et
877 3297 1116 3362 prwdicit
1147 3297 1464 3351 Hieremias.
1488 3299 1551 3351 Et
1584 3299 1908 3362 Jerusalem,
1943 3301 2141 3370 inquit,

590 3385 900 3438 conculcata
925 3385 1026 3437 erit
1059 3401 1086 3438 a
1129 3389 1395 3455 gentibus.
1443 3386 1732 3458 [lucusque
1769 3391 1833 3444 de
1861 3392 2143 3459 captivita-

589 3493 664 3526 ιιι.
701 3474 901 3528 Deinde
926 3476 1117 3528 iterum
1157 3478 1318 3529 tradit
1345 3491 1404 3530 ea
1432 3493 1549 3546 qua:
1572 3483 1635 3533 de
1665 3482 2151 3536 consummatione.

595 3567 766 3622 Erunt
810 3570 953 3621 enim
985 3570 1137 3637 signa
1169 3569 1220 3621 in
1265 3570 1402 3634 sole,
1427 3583 1480 3625 et
1520 3574 1664 3638 luna,
1699 3583 1752 3626 et
1795 3574 1985 3629 stellis.
2015 3575 2151 3629 Cum

587 3661 731 3713 enim
779 3671 1026 3715 creatura
1085 3662 1362 3725 alteratur,
1409 3665 1599 3718 merito
1645 3665 1908 3720 elementa
1957 3683 2153 3722 novum

587 3769 792 3806 rnorem
861 3754 1080 3807 habent.
1122 3754 1186 3808 Et
1250 3758 1500 3826 angustia
1564 3760 1824 3825 gentium,
1887 3759 1988 3813 hoc
2049 3769 2153 3826 est,

589 3845 826 3908 alﬂictio,
867 3846 1106 3897 omnium
1160 3845 1336 3914 inopia
1392 3850 1694 3901 commista.
1755 3848 1900 3901 Mare
1976 3860 2154 3906 autem

587 3937 839 3990 maximis
884 3937 1028 3989 souis
1064 3939 1362 3998 resonabit,
1391 3948 1443 3990 et
1481 3940 1581 3992 erit
1613 3942 1907 3994 commotio
1939 3956 1999 3996 ac
2046 3954 2158 3994 tur-

589 4028 752 4089 bulio,
787 4029 855 4079 ita
891 4039 946 4081 ut
983 4028 1226 4083 homines
1273 4031 1616 4084 extabescaut
1672 4047 1701 4085 a
1733 4034 1846 4086 solo
1873 4034 2068 4088 timore
2101 4045 2155 4088 et

587 4120 962 4187 expectatione
983 4135 1166 4173 eorum
1191 4137 1310 4190 qua:
1337 4125 1548 4176 venient
1573 4140 1732 4192 super
1756 4129 1963 4181 orbem.
1998 4127 2155 4183 Vides

589 4211 674 4262 hic
707 4209 988 4264 manifeste
1015 4212 1079 4264 de
1113 4215 1578 4268 consummatione
1605 4216 1935 4284 loquentem.
1975 4217 2149 4288 Supra

587 4301 730 4354 enim
788 4302 1002 4354 dicebat
1059 4300 1354 4356 Jerusalem
1412 4307 1480 4358 ab
1534 4308 1860 4361 exercitibus
1915 4310 2152 4375 gentium

587 4391 906 4459 cingendam
955 4401 1008 4444 et
1059 4394 1504 4455 conculcandam,
1559 4396 1653 4448 hic
1685 4410 1861 4450 autem
1901 4401 1996 4452 toti
2035 4401 2151 4454 orbi

589 4495 973 4552 superventura
1001 4485 1132 4538 dicit
1166 4487 1325 4548 mala,
1368 4497 1417 4541 et
1462 4488 1530 4540 ita
1560 4505 1701 4542 nunc
1725 4490 1790 4543 de
1815 4507 2155 4545 consumma-

589 4574 732 4626 tione
762 4574 938 4626 szcculi
975 4575 1226 4643 loquitur.
1257 4574 1389 4629 Nam
1419 4579 1646 4632 virtutes
1677 4581 1934 4634 cmlorum
1970 4598 2153 4636 move-
2190 4557 2231 4610 θ

590 4662 804 4718 buntur.
841 4663 907 4718 Et
941 4666 1066 4731 quid
1100 4658 1248 4729 dico,
1273 4667 1466 4734 inquit,
1506 4670 1646 4736 quod
1679 4669 1925 4724 homines
1967 4675 2151 4726 turba-

591 4755 808 4818 huntur,
863 4770 983 4808 cum
1027 4768 1275 4809 creatura
1324 4760 1501 4811 omnis
1560 4760 1858 4812 alteretur?
1891 4761 2045 4816 'Nam
2099 4775 2152 4817 et

591 4845 690 4911 ipsi
728 4847 901 4911 angeli
967 4855 1021 4898 et
1059 4849 1244 4914 primas
1300 4849 1530 4901 virtutes
1572 4852 1948 4914 turbabuntur,
1990 4853 2152 4924 462

590 4938 1042 5005 terrebunturqne
1073 4941 1121 4990 in
1173 4940 1502 4993 terribilibus
1543 4943 2002 4999 immutationibus
2030 4950 2153 4998 uni-

2259 3299 2497 3363 ζούσαις,
2545 3299 2630 3351 διὰ
2676 3299 2772 3367 τὴν
2839 3294 2971 3364 προς
3029 3293 3098 3344 τὰ
3161 3291 3333 3369 βρέφη
3398 3287 3656 3357 στοργὴν,
3700 3288 3830 3356 μήτε

2257 3393 2561 3460 δυναμένας
2598 3390 2816 3457 ἀφιέναι
2871 3385 3187 3456 ἀτημέλητα
3213 3426 3226 3448 ,
3269 3385 3404 3450 μήτε
3448 3379 3569 3448 μεθ’
3620 3379 3831 3431 ἑαυτῶν

2260 3483 2583 3551 ἐπάγεσθαι.
2650 3480 2805 3542 Τινές
2852 3480 2907 3532 δὲ
2964 3479 3020 3530 ἐν
3070 3474 3280 3535 τούτοις
3335 3469 3676 3524 αἰνίττεσθαι
3744 3470 3831 3522 τὸν

2257 3579 2464 3647 Κύριον
2525 3575 2623 3644 τὴν
2684 3573 3045 3639 τεκνοφαγίαν
3104 3569 3287 3638 φασὶν,
3343 3568 3410 3638 ἢν
3458 3566 3486 3617 ὁ
3559 3565 3826 3634 Ἰᾡσηπος

2261 3670 2482 3740 ἱστορεῖ,
2524 3668 2618 3721 καὶ
2663 3667 2934 3735 Ἱερεμίας
2984 3662 3342 3734 προφητεύει.
3399 3659 3512 3714 Καὶ
3564 3657 3836 3729 Ἰερουσα-

2257 3763 2390 3832 λήμ,
2449 3761 2632 3831 φησὶν,
2699 3759 2852 3811 ἔσται
2899 3756 3215 3825 πατουμένη
3270 3753 3374 3807 ὑπὸ
3417 3751 3611 3806 ἐθνῶν.
3661 3753 3834 3822 Μέχρι

2256 3853 2447 3904 τούτου
2486 3851 2550 3902 τὰ
2593 3850 2722 3918 περὶ
2745 3851 2843 3917 τῆς
2894 3847 3173 3908 ἁλώσεως.
3231 3839 3366 3897 Εῐτα
3413 3841 3579 3895 πάλιν
3606 3841 3672 3895 τὰ
3707 3842 3833 3912 περὶ

2258 3945 2354 4013 τῆς
2387 3941 2717 4003 συντελείας.
2758 3940 2953 3992 Ἔσται
2988 3938 3117 4006 γὰρ,
3157 3935 3314 4004 φησὶ,
3354 3936 3558 4003 σημεῖα
3590 3934 3650 3984 ἐν
3682 3933 3832 4001 ἡλίῳ,

2262 4037 2353 4088 καὶ
2386 4035 2602 4104 σελήνῃ,
2663 4031 2757 4084 καὶ
2829 4031 3070 4098 ἄστροις.
3135 4029 3243 4080 Καὶ
3288 4025 3396 4096 γὰρ
3440 4025 3541 4093 τῆς
3608 4025 3836 4088 κτίσεως

2257 4125 2665 4194 ἀλλοιουμένης,
2699 4123 2924 4185 εἰκότως
2968 4122 3036 4173 τὰ
3077 4122 3318 4189 στοιχεῖα
3345 4117 3816 4184 καινοτομοῦνται.

2258 4222 2367 4274 Καὶ
2394 4217 2591 4287 συνοχὴ
2637 4216 2828 4276 ἐθνῶν,
2867 4213 3142 4276 τουτέστι,
3193 4209 3396 4279 θλίψις,
3442 4209 3668 4262 πάντων
3702 4210 3834 4260 ἁπο-

2261 4312 2350 4382 ρία
2378 4309 2657 4378 συμμιγής
2685 4325 2699 4339 ο
2729 4308 2763 4376 ἦ
2789 4323 2844 4358 τε
2869 4304 3114 4357 θάλασσα
3137 4303 3301 4372 ἧχους
3329 4300 3628 4369 φρικώδεις
3659 4301 3835 4369 μυκή-

2260 4421 2430 4466 σεται,
2464 4405 2555 4454 καὶ
2607 4401 2766 4462 σάλος
2793 4399 2944 4450 ἔσται
2979 4399 3076 4450 καὶ
3102 4396 3344 4465 ταραχὴ.
3385 4394 3527 4446 ὥστε
3574 4395 3702 4458 τοὺς
3737 4397 3825 4447 ἀνα

2260 4474 2513 4565 θρώπους
2567 4493 2870 4562 ἀποψύχειν
2912 4495 2975 4544 ἐκ
3023 4490 3184 4560 μόνου
3242 4487 3334 4541 τοῦ
3386 4487 3580 4556 φόϐου,
3616 4486 3836 4555 καὶτῆς

2260 4585 2584 4655 προσδοκίας
2616 4583 2722 4634 τῶν
2763 4581 3150 4650 ἐπερχομένων
3189 4581 3254 4647 τῇ
3301 4578 3627 4646 οἰκουμένῃ.
3673 4576 3833 4645 Ὁρᾷς

2262 4675 2509 4744 φανερῶς
2550 4672 2781 4726 ἐνταῦθα
2810 4671 3054 4741 περὶτῆς
3081 4667 3390 4730 συντελείας
3417 4665 3671 4732 λέγοντα.
3695 4667 3836 4717 ’Δνω

2265 4766 2497 4834 μὲνγὰρ
2554 4763 2706 4831 ἔλεγε
2767 4761 2865 4830 τήν
2935 4757 3294 4828 Ἰερουσαλὴμ
3334 4754 3694 4816 κυκλοῦσθαι,
3748 4754 3834 4806 καὶ

2263 4856 2550 4910 πατεῖσθαι
2579 4855 2683 4904 ὑπὸ
2709 4854 2816 4905 τῶν
2843 4850 3221 4917 στρατοπέδων
3245 4848 3352 4900 τῶν
3375 4847 3570 4911 ἐθνῶν,
3603 4846 3833 4901 ἐνταῦθα

2260 4951 2316 5003 δέ
2353 4953 2417 5018 τῇ
2472 4947 2770 5015 οἰκουμένῃ
2811 4945 2880 4996 τὰ
2939 4943 3088 4997 κακὰ
3140 4941 3495 5010 ἐπέρχεσθαι,
3534 4939 3679 4992 ὥστε
3713 4941 3834 5014 περὶ

588 5028 753 5079 versi.
805 5029 865 5081 Et
934 5039 1060 5082 tunc
1117 5030 1374 5083 videbunt
1443 5031 1635 5086 Filium
1705 5035 1957 5087 hominis.
2021 5036 2149 5100 Quii

2257 5040 2356 5105 τῆς
2382 5035 2610 5101 καθόλου
2643 5033 2949 5093 συντελείας
2982 5033 3009 5083 ὁ
3053 5031 3214 5098 λόγος
3238 5030 3332 5081 νῦν
3387 5032 3538 5082 ἐστιν
3564 5029 3734 5097 αὐτῷ.
3769 5029 3831 5081 Al

591 5121 814 5180 Omnes,
871 5123 1259 5190 credenti-set
1322 5141 1422 5174 nun
1475 5126 1778 5179 credentes.
1844 5124 2149 5181 Venientem

2258 5125 2365 5193 γὰρ
2411 5124 2664 5194 δυνάμεις
2693 5124 2800 5175 τῶν
2845 5122 3092 5190 οὐρανῶν
3137 5121 3588 5188 σαλευθήσονται.
3643 5120 3754 5172 Καὶ
3783 5119 3832 5170 τί

588 5217 767 5260 autent
803 5208 854 5260 in
914 5211 1165 5271 nubibus,
1205 5221 1261 5263 ut
1312 5213 1474 5266 Deum
1531 5216 1735 5269 scilicet
1796 5231 1918 5270 cum
1962 5218 2149 5272 virtute

2255 5216 2428 5283 λέγω,
2460 5217 2644 5285 φησὶν,
2683 5216 2764 5266 ὅτι
2794 5216 2840 5266 οἱ
2899 5214 3178 5284 ἂνθρωποι
3225 5212 3702 5283 ταραχθήσονται,
3736 5210 3831 5280 τῆς

585 5310 640 5352 et
663 5300 829 5364 gloria
860 5316 1067 5365 magna.
1117 5301 1324 5370 Quippe
1361 5321 1523 5372 super
1564 5308 1728 5361 solem
1767 5319 1891 5361 tunc
1933 5308 2154 5376 fulgebit

587 5403 638 5441 ct
669 5391 805 5456 ipse,
841 5402 894 5445 et
917 5407 1045 5445 crux
1079 5395 1215 5460 ejus,
1249 5404 1302 5448 et
1332 5396 1395 5447 ab
1425 5398 1676 5451 omnilms
1705 5409 2049 5466 aguoscetur.

2255 5309 2489 5369 κτίσεως
2531 5307 2712 5375 πάσης
2776 5305 3197 5375 ἀλλοιουμένης;
3267 5306 3375 5356 Καὶ
3435 5305 3596 5357 αὐτοὶ
3649 5303 3754 5371 γὰρ
3779 5301 3828 5355 οἱ

2250 5400 2498 5468 ἄγγελοι,
2532 5403 2620 5451 καὶ
2656 5401 2710 5451 αἱ
2737 5399 3037 5467 πρώτισται
3069 5397 3325 5470 δυνάμεις
3365 5397 3825 5465 ταραχθήσονται,

587 5484 679 5532 καὶ
711 5484 1143 5554 ἐκπλαγήσονται
1177 5488 1268 5539 ἐπὶ
1324 5491 1444 5547 ταῖς
1496 5487 1637 5541 οὕτω
1692 5493 1989 5558 φρικώδεσι
2046 5493 2138 5544 τοῦ
2173 5495 2373 5556 παντὸς
2445 5493 2787 5563 μεταϐολαῖς.
2857 5494 2964 5544 Καὶ
3026 5492 3146 5543 τότε
3199 5491 3421 5558 ὅψονται
3459 5491 3552 5541 τὸν
3578 5491 3704 5542 Υίὺν
3737 5484 3825 5540 τοῦ

592 5573 899 5638 ανθρώπου.
943 5577 1133 5642 Τίνες;
1173 5580 1380 5640 Πάντες
1421 5579 1556 5631 οἵτε
1594 5581 1962 5645 πιστεύοντες,
2002 5586 2097 5636 καὶ
2137 5586 2185 5636 oi
2259 5587 2332 5654 μὴ
2378 5585 2753 5645 πιστεύοντες.

593 5668 723 5720 θεὸν
750 5671 947 5740 δηλαδὴ
983 5674 1118 5742 μετὰ
1157 5676 1436 5745 δυνάμεως
1471 5675 1562 5727 καὶ
1593 5676 1746 5744 δόξης
1796 5679 1995 5746 πολλῆς

593 5764 824 5830 οτθυρδς
855 5766 1039 5821 αὑτοῦ.
1082 5768 1171 5817 καὶ
1203 5771 1353 5836 παρὰ
1383 5769 1595 5818 πάντων
1631 5769 2120 5838 ἐπιγνωσθήσεται.

680 5851 837 5908 Vana.
900 5852 1084 5911 28-35.
1130 5874 1146 5906 ι
1223 5854 1315 5910 llis
1360 5870 1538 5912 autem
1581 5859 1694 5912 licri
1747 5860 2152 5929 iniipieniibus,

2829 5585 3157 5652 Ἐρχόμενον
3206 5583 3263 5634 δὲ
3317 5585 3376 5634 ἐν
3422 5582 3699 5647 νεφέλαις,
3753 5579 3826 5640 ὡς

2038 5694 2053 5709 ·
2089 5684 2182 5732 καὶ
2223 5680 2332 5750 γὰρ
2409 5681 2547 5749 ὑπὲρ
2597 5682 2686 5732 τὸν
2719 5681 2869 5748 ἥλιον
2923 5677 3190 5748 autpath
3235 5677 3358 5729 τότε
3385 5677 3552 5740 αὐτός
3579 5694 3639 5730 τε
3674 5675 3762 5730 καὶ
3799 5672 3827 5730 6

2345 5885 2359 5914 ι
2415 5865 2756 5929 ’Λοχομὲνων
2812 5864 2867 5918 δὲ
2925 5860 3128 5915 τούτων
3181 5857 3449 5925 γίνεσθαι,
3501 5855 3826 5926 ἀνακύψατε,

3304 6526 3343 6531 ἡ
3424 6526 4013 6548 Ἢ’”““ᾑῄ
