4048 6502
556 539 700 605 1359

1483 521 2058 588 THEOPHYLACTI
2107 519 2301 580 BUU}
2314 518 2515 580 Αῐῖιίῐί
2554 518 2908 580 ARCHIEP.

3710 509 3838 580 1060

629 653 790 706 Vsus.
819 644 1006 704 54-36.
1035 661 1055 696 ε
1112 638 1390 706 Attenditc
1413 646 1595 692 autem
1645 636 1821 700 vobis,
1855 634 2142 704 nequando

2327 652 2344 682 ε
2388 632 2690 700 Προσέχετε
2715 630 2770 684 δὲ
2801 628 3035 691 ἐαυτοῖς.
3064 628 3138 698 μή
3165 644 3292 682 ποτε
3325 627 3671 698 βαρυνθῶσιν
3697 635 3832 706 and”

553 749 849 814 graventur
897 739 1059 791 corda
1098 744 1276 785 vestra
1306 729 1528 796 crapula
1563 738 1616 782 et
1643 727 1929 789 ebrietate,
1969 735 2025 778 et
2053 740 2146 777 cu-

555 833 633 889 ris
661 829 820 900 hujus
856 829 1000 890 vite,
1033 825 1353 891 subitusque
1382 820 1532 873 vobis
1565 819 1782 888 ingruat
1835 817 1951 871 dies
2005 817 2094 870 ille
2128 836 2141 871 ι

557 937 811 992 tanquam
848 920 1073 987 laqueus
1105 917 1248 969 enim
1277 911 1624 982 superveniet
1655 911 1710 964 in
1734 923 1924 963 omnes
1948 909 2147 963 sedeno

560 1000 643 1070 tes
678 1028 839 1083 super
872 1011 1068 1065 [aciem
1097 1008 1265 1061 totius
1304 1018 1482 1058 terra.
1516 1003 1744 1073 Vigilate
1786 1003 1970 1069 itaque
1997 999 2146 1053 omni

561 1117 825 1170 tempore,
871 1102 1227 1169 deprecantes
1257 1106 1316 1149 ut
1347 1095 1508 1149 liceat
1533 1094 1686 1148 vobis
1747 1091 1985 1162 elIugere
2047 1093 2146 1146 ista

557 1197 739 1252 omnia
763 1210 880 1263 qua
925 1193 1105 1246 l'ntura
1134 1201 1282 1256 sunt,
1309 1171 1370 1245 et.
1387 1201 1534 1243 stare
1561 1199 1688 1242 ante
1718 1185 1915 1241 Filium
1970 1183 2146 1238 homi-

560 1291 666 1352 nis,
709 1305 728 1340 ι
767 1285 1087 1350 Audivistis,
1117 1283 1310 1350 inquit,
1341 1281 1781 1336 terriculamenta
1812 1289 1867 1333 et
1892 1277 2152 1332 turbatio-

558 1397 677 1445 nes,
709 1391 763 1434 et
789 1378 1014 1450 grandia
1039 1386 1160 1431 sunt
1194 1376 1308 1428 haec
1329 1375 1507 1427 omnia
1537 1389 1599 1426 ac
1619 1372 1859 1442 symbola
1883 1369 2145 1424 malorum

557 1486 680 1541 qua:
712 1479 1029 1540 peccatOres
1059 1477 1183 1519 sunt
1213 1465 1619 1532 deprehensum
1651 1481 1664 1516 :
1698 1463 1790 1515 sed
1819 1461 1940 1530 quia
1966 1460 2148 1528 gravia

563 1564 703 1624 haec.
742 1563 864 1617 ideo
897 1561 1146 1627 magnum
1178 1558 1474 1610 remedium
1504 1571 1693 1610 eorum
1731 1566 1814 1609 est
1842 1558 2070 1608 attentio
2099 1561 2154 1606 et

557 1658 755 1709 oratio.
791 1655 1017 1722 Semper
1051 1658 1193 1707 enim
1255 1663 1504 1720 paratum
1553 1665 1675 1704 esse
1731 1656 1787 1701 et
1831 1657 2152 1713 exspectare

559 1749 744 1812 linem,
769 1747 1004 1800 maxime
1022 1749 1264 1801 omnium
1299 1745 1548 1799 conferre
1577 1742 1800 1812 poterit.
1831 1739 1944 1794 iioc
1973 1749 2152 1792 autem

557 1839 713 1894 vobis
745 1841 1040 1908 continget,
1074 1839 1118 1893 si
1173 1839 1340 1894 sobrii
1395 1837 1634 1898 fueritis,
1666 1846 1720 1888 et
1771 1848 1875 1887 non
1931 1843 2152 1903 gravata

559 1926 768 1984 fuerint
802 1932 965 1984 corda
997 1943 1176 1984 vestra
1205 1931 1425 1999 crapula
1465 1939 1520 1983 et
1549 1927 1840 1987 ebrietate,
1891 1935 1946 1978 et
2008 1923 2157 1978 solli-

2249 724 2305 777 αί
2341 722 2560 790 καρδίαι
2606 724 2663 773 ἐν
2715 721 3014 792 κραιπάλῃ,
3061 723 3153 775 καὶ
3201 723 3362 795 μέθῃ,
3401 727 3497 779 καὶ
3555 728 3836 798 μερίμναις

2252 815 2554 885 βιωτικαῖς,
2592 815 2688 867 καὶ
2733 815 3001 882 αἰφνίδιος
3052 817 3250 886 ἐπιστῇ
3297 819 3384 885 ἐφ’
3414 820 3560 888 ὑμᾶς
3601 823 3634 890 ἡ
3667 822 3834 892 ἡμέρα

2251 908 2435 976 ἐκείνη
2462 924 2476 938 ·
2504 907 2581 970 ὠς
2627 906 2793 974 παγὶς
2823 907 2930 975 γάρ
2965 907 3320 962 ἐπελεύσεται
3362 910 3456 962 ἐπὶ
3487 911 3701 975 πάντας
3724 912 3836 977 τοὺς

2252 998 2597 1068 καθημένους
2635 999 2728 1050 hri.
2777 999 3071 1068 πρόσωπον
3118 1001 3298 1066 πάσης
3344 1001 3445 1070 τῆς
3481 1003 3605 1072 γῆς,
3649 1006 3830 1078 Ἀγρυ.

2252 1095 2435 1146 πλεῖτε
2456 1092 2548 1146 οὖν
2570 1095 2628 1145 ἐν
2657 1093 2819 1145 παντὶ
2845 1093 3023 1161 καιρῷ
3057 1092 3324 1163 δεόμενοι,
3354 1096 3442 1149 ἵνα
3471 1098 3837 1168 καταξιωθῆτε

2255 1185 2514 1252 ἐκνςυγεῖν
2556 1185 2734 1237 πάντα
2760 1185 2826 1236 τὰ
2867 1185 3132 1252 μέλλοντα
3157 1186 3424 1253 γίνεσθαι,
3460 1190 3553 1241 καὶ
3586 1190 3838 1260 σταθῆναι

2254 1275 2564 1346 ἔμπροσθεν
2614 1275 2707 1328 τοῦ
2761 1275 2892 1330 Υίοῦ
2943 1276 3039 1329 τοῦ
3087 1277 3402 1349 ἀνθρώπου.
3441 1301 3460 1331 ε
3510 1283 3840 1348 Ἡκοᾶσατε,

2254 1370 2413 1437 φησι,
2457 1369 2706 1438 φόϐητρα
2757 1371 2851 1421 καὶ
2901 1369 3186 1438 ταραχάς·
3241 1370 3356 1424 ἀλλ’
3404 1374 3637 1444 αἰσθητά
3683 1377 3839 1430 ταῦτα

2257 1462 2458 1524 πάντα,
2497 1461 2590 1515 καὶ
2646 1461 2889 1528 σύμϐολα
2940 1463 3046 1514 τῶν
3095 1463 3219 1527 τοὺς
3271 1466 3638 1534 ἁμαρτωλοὺς
3683 1485 3842 1522 κατα-

2255 1550 2578 1621 ληψομένων
2606 1551 2817 1606 κακῶν.
2868 1553 3027 1607 Ἄλλά
3059 1552 3195 1621 πρὸς
3221 1553 3396 1608 ταῦτα
3435 1557 3502 1609 τά
3531 1557 3683 1611 δεινά
3712 1559 3842 1629 φάρο

2259 1662 2434 1715 μακον
2466 1646 2611 1714 μέγα
2641 1645 2737 1697 καὶ
2760 1647 3056 1710 άντιπαθές
3083 1648 3115 1717 ὴ
3146 1648 3423 1720 προσευχὴ
3454 1653 3550 1704 καὶ
3582 1655 3840 1726 προσοχή.

2257 1738 2331 1791 Τδ
2375 1739 2483 1809 γὰρ
2525 1741 2583 1792 ἐν
2631 1741 2920 1812 ἑτοιμασίᾳ
2966 1737 3104 1796 εἶναι
3145 1745 3251 1808 άεὶ,
3295 1747 3387 1798 καὶ
3425 1748 3704 1819 ἀπεκδοχῇ
3755 1750 3842 1804 τοῦ

2257 1829 2464 1894 τέλους,
2499 1829 2692 1883 τοῦτον
2727 1831 2961 1900 μάλιστα
3002 1833 3222 1886 πάντων
3279 1836 3657 1904 συμϐαλέσθαι
3690 1841 3845 1910 δυνή-

2262 1934 2437 1970 σεται.
2491 1917 2664 1970 Τοῦτο
2719 1920 2775 1972 δὲ
2825 1924 3260 1992 προσγενήσεται
3298 1926 3446 1994 ὑμῖν,
3508 1929 3698 1999 φησὶν,
3757 1932 3846 1984 ἐὰν

560 2024 804 2076 citudine
827 2023 1094 2077 saeculari.
1116 2021 1232 2077 Non
1259 2025 1400 2078 enim
1427 2037 1549 2076 cum
1576 2019 1960 2074 observatione
1978 2017 2153 2070 aderit

2261 2010 2487 2080 νήφητε,
2531 2013 2624 2064 καὶ
2664 2013 2755 2084 μὴ
2803 2013 3148 2083 βαρυνοῶσιν
3201 2018 3255 2068 al
3312 2016 3533 2086 καρδίαι
3587 2020 3745 2090 ὑμῶν
3792 2025 3844 2076 ἐν

557 2114 677 2169 dies
710 2114 819 2177 ille,
857 2115 953 2167 sed
984 2115 1296 2182 inopinatus
1329 2125 1378 2167 ct
1418 2112 1742 2180 repentinus
1765 2108 1962 2170 aderit,
2017 2107 2153 2160 clam

559 2206 702 2258 sicut
744 2204 968 2274 laqueus
1017 2205 1434 2274 apprehendens
1459 2218 1552 2257 eos
1574 2203 1666 2272 qui
1706 2215 1809 2253 non
1843 2199 2150 2252 attendunt.

560 2294 832 2350 Fortassis
861 2306 1039 2349 autem
1069 2299 1190 2366 quis
1209 2295 1479 2349 curiosius
1500 2293 1834 2348 scrutabitur
1859 2291 2153 2346 dictionem

563 2390 737 2441 lianc:
785 2406 802 2438 ι
841 2385 1104 2442 Sedentcs
1125 2403 1291 2458 super
1320 2388 1514 2441 faciem
1545 2385 1726 2441 omnis
1761 2393 1940 2437 terrae.
1982 2399 2001 2434 ι
2048 2381 2156 2434 llos

560 2481 706 2536 enim
732 2480 1042 2549 illaqueabit
1063 2483 1180 2538 dies
1210 2482 1317 2546 ille,
1352 2480 1446 2550 qui
1480 2481 1532 2534 in
1565 2481 1674 2533 otio
1691 2491 1746 2533 et
1778 2479 1985 2548 absque
2010 2475 2156 2530 solli-

559 2575 804 2629 citudine
830 2586 1152 2639 versantur;
1193 2575 1266 2628 illi
1303 2576 1447 2630 enim
1499 2573 1734 2641 suntqui
1768 2572 1956 2625 sedent
1988 2577 2042 2623 ct
2067 2566 2156 2636 qui

562 2666 947 2736 lilsqueantur.
975 2668 1037 2720 At
1068 2668 1158 2736 qui
1181 2678 1475 2735 operantur
1496 2675 1548 2720 et
1569 2667 1727 2720 activi
1749 2671 1892 2727 sunt,
1913 2672 1967 2716 et
1984 2661 2151 2715 sobrii

563 2757 956 2828 inaperatione
978 2759 1126 2821 boni,
1184 2758 1546 2828 terunturque
1594 2755 1646 2810 iu
1703 2768 1867 2810 omne
1926 2753 2155 2816 bouum,

565 2866 669 2905 nou
713 2851 902 2905 sedent
929 2865 1105 2910 neuue
1136 2851 1426 2918 quiescunt
1458 2861 1619 2918 super
1645 2857 1870 2909 terram,
1902 2848 1995 2900 sed
2032 2861 2156 2899 sur-

2258 2101 2562 2173 κραιπάλῃ,
2607 2104 2700 2155 καὶ
2738 2104 2897 2175 μέθῃ,
2951 2106 3045 2156 καὶ
3086 2106 3382 2175 μερίμναις
3413 2107 3718 2176 βιωτικαῖς.
3759 2113 3846 2183 Μὴ

2257 2194 2367 2262 γάρ
2409 2195 2547 2263 μετά
2595 2196 3034 2265 παρατηρήσεως
3070 2196 3288 2268 ἔρχεται
3337 2201 3368 2268 ἡ
3420 2202 3607 2272 ἡμέρα
3644 2205 3844 2276 ἐκείνη,

2256 2286 2373 2338 ἀλλ’
2431 2285 2882 2357 ἀπροσδόκητος,
2938 2289 3186 2358 κρυφίως
3242 2289 3434 2362 ὥσπερ
3494 2295 3668 2361 παγὶς
3729 2296 3850 2349 συλ-

2258 2375 2613 2445 λαμϐάνουσα
2671 2377 2800 2440 τοὺς
2863 2379 2936 2448 μὴ
2997 2381 3388 2451 προσέχοντας.
3454 2385 3609 2456 Τάχα
3661 2387 3720 2441 δέ
3773 2407 3852 2453 τις

2260 2468 2685 2538 περιεργότερον
2715 2470 2988 2535 ἐξετάσειε
3015 2472 3112 2542 τὴν
3143 2473 3287 2536 λέξιν
3324 2475 3532 2548 ταύτην
3557 2495 3571 2509 ·
3609 2497 3630 2531 ε
3665 2479 3852 2552 Kuh-

2263 2559 2458 2628 μένους
2508 2561 2601 2614 ἐπὶ
2648 2561 2940 2630 πρόσωπον
2989 2566 3170 2634 πάσης
3216 2569 3316 2638 τῆς
3361 2569 3484 2639 γῆς.
3524 2591 3542 2622 ε
3578 2573 3852 2636 Ἐκείνους

2260 2651 2369 2722 γάρ
2402 2651 2764 2736 παγιδεύειιὴ
2803 2653 2987 2725 ήμίρα
3031 2657 3215 2726 ἐκείνη
3269 2661 3398 2724 τοὺς
3440 2663 3500 2713 ἐν
3548 2663 3852 2740 ἀμεριμνίᾳ

2259 2743 2545 2812 διάγοντας
2579 2745 2673 2796 καὶ
2703 2745 2872 2817 ἀργίᾳ
2893 2762 2906 2776 ·
2941 2740 3087 2801 οὗτοι
3129 2752 3238 2820 γάρ
3280 2754 3418 2806 εἰσιν
3447 2754 3498 2806 oi
3529 2756 3852 2828 καθήμενοι,

2263 2839 2356 2887 καὶ
2383 2831 2530 2889 οὗτοι
2559 2837 2967 2907 παγιδεύονται.
2994 2842 3148 2896 Ὀσοι
3175 2843 3230 2897 δέ
3261 2847 3478 2917 ἐνεργοὶ
3508 2850 3604 2902 καὶ
3618 2849 3852 2925 δραστῄ·

563 2941 864 3011 gunthinc,
892 2951 947 2995 et
987 2944 1175 2996 dicunt
1211 2942 1312 2996 sibi
1353 2959 1366 2994 :
1414 2939 1590 3008 Surge
1635 2950 1690 2994 et
1740 2937 1990 3002 ambula,
2035 2937 2155 3005 quia

2266 2944 2392 3010 ριοι,
2411 2929 2507 2981 καὶ
2529 2930 2780 2998 νηφάλιοι
2805 2933 2934 3002 περὶ
2957 2933 3053 3005 τὴν
3079 2935 3172 2988 τοῦ
3199 2935 3407 3004 ἀγαθοῦ
3436 2941 3702 3010 ἐργασίαν
3726 2944 3852 3009 εἰσὶ,

566 3046 672 3085 non
720 3041 801 3086 est
855 3022 953 3085 tibi
983 3031 1070 3084 bic
1123 3033 1336 3100 requies
1385 3030 1450 3094 ιδ,
1502 3039 1557 3085 et
1603 3028 1828 3099 patriam
1886 3027 2155 3082 meliorem

2266 3021 2360 3072 καὶ
2392 3021 2665 3075 κινοῦνται
2698 3024 2784 3077 ἀεὶ
2831 3025 2967 3092 πρὸς
3013 3026 3073 3078 τὸ
3120 3027 3300 3092 καλὸν,
3337 3029 3412 3099 μὴ
3463 3031 3853 3104 ἐγκαθήμενα.
3943 3033 3972 3044 ”

564 3123 865 3192 inquirunt.
898 3120 1058 3177 Hisce
1093 3138 1199 3176 non
1217 3124 1324 3177 erit
1348 3122 1468 3176 dies
1500 3121 1586 3176 ille
1606 3121 1830 3190 laqueus
1857 3130 1913 3174 et
1940 3120 2155 3188 pericu-

2266 3111 2361 3161 καὶ
2403 3113 2876 3181 ἐναναπαυόμενοι
2918 3118 3029 3178 τοῖς
3061 3121 3306 3189 γεηροῖς,
3347 3119 3466 3172 ἀλλ’
3515 3125 3856 3195 ἐγειρόμενα

567 3209 809 3278 ium,scd
830 3213 944 3266 dies
964 3211 1190 3267 festivus
1211 3230 1222 3266 :
1245 3211 1447 3266 idcirco
1467 3217 1684 3281 oportet
1699 3209 1920 3281 vigilare
1940 3224 1991 3261 et
2006 3223 2155 3263 orare

2267 3201 2538 3262 ἐντεῦθεν,
2593 3202 2686 3254 καὶ
2740 3204 2986 3271 λέγοντες
3035 3208 3268 3273 ἑαυτοῖς.
3337 3211 3575 3268 ’Δνάστα
3636 3220 3730 3270 καὶ
3768 3234 3858 3272 πο-

565 3301 758 3368 Dcum,
801 3313 859 3356 ut
882 3304 1154 3370 pessimus
1177 3302 1417 3372 effugere
1449 3304 1630 3357 futura
1660 3302 1863 3358 omnia.
1907 3300 2106 3367 Qualia
2135 3300 2155 3354 ί

2267 3291 2444 3362 ρεύου,
2478 3293 2560 3345 ὅτι
2599 3293 2698 3346 οὐκ
2733 3295 2848 3349 ἐστι
2894 3313 2977 3349 σοι
3023 3299 3160 3369 αὕτη
3197 3302 3524 3369 ἀνάπαυσις,
3591 3308 3691 3361 καὶ
3752 3326 3856 3364 παι

563 3391 839 3447 Fortassis
875 3403 1228 3462 tempestates
1255 3404 1309 3447 et
1345 3393 1539 3458 fames,
1573 3402 1626 3446 ct
1667 3391 2027 3461 pestilentias,
2079 3403 2158 3447 at-

563 3499 672 3554 que
697 3483 822 3548 alia,
854 3499 973 3554 quae
1004 3484 1203 3540 electos
1248 3499 1355 3540 non
1385 3485 1459 3538 ita
1487 3492 1732 3552 prement
1765 3493 1822 3540 ut
1843 3483 2006 3551 alios;
2053 3483 2163 3539 imo

487 3628 500 3647 .
565 3586 786 3645 praptcr
829 3575 1032 3630 electos
1077 3575 1198 3630 aliis
1229 3575 1704 3642 decurtabuutur;
1741 3575 1986 3631 fortassis
2033 3578 2162 3632 item

566 3666 704 3722 mala
735 3682 853 3737 quae
877 3669 1252 3736 peccatoribus
1277 3675 1534 3738 perpetuo
1564 3677 1957 3738 superventura
1989 3678 2118 3723 sunt
2145 3684 2159 3720 :

569 3767 690 3823 quae
722 3755 878 3808 aliter
905 3770 1010 3808 non
1034 3758 1592 3826 possumuseil‘ugere,
1617 3773 1776 3827 quam
1798 3758 2076 3828 vigilantia
2107 3767 2163 3815 et

565 3847 831 3901 oratione.
868 3848 1134 3914 Quoniam
1166 3858 1348 3903 autem
1377 3865 1480 3904 non
1511 3849 1913 3920 suﬁiciti’ugere
1933 3852 2157 3915 malum,

572 3940 668 3992 sed
707 3953 844 4008 opus
873 3950 956 3994 est
988 3941 1150 3994 etiam
1181 3941 1324 3996 bano
1358 3943 1651 4010 quopiam:
1683 3954 1966 4013 postquam
2003 3942 2158 4009 dixit,

571 4046 594 4083 ε
625 4027 694 4085 Ut
720 4031 939 4098 possitis
973 4031 1211 4101 eﬂugere
1240 4034 1419 4088 omnia
1452 4037 1565 4090 btec
1587 4043 1836 4097 ventura,
1863 4052 1882 4086 ι
1919 4035 2160 4089 addidit:

573 4139 595 4175 ε
628 4121 690 4175 Et
713 4132 857 4177 stare
886 4137 1068 4177 coram
1090 4123 1228 4179 Filio
1247 4125 1503 4191 hominis,
1533 4144 1552 4178 ι
1573 4128 1716 4196 quod
1755 4137 1839 4183 est
1869 4127 2054 4182 fruitio
2075 4129 2165 4181 bo-

569 4230 787 4270 norum.
813 4214 1037 4286 Oportet
1058 4217 1219 4285 igitur
1238 4216 1611 4273 Christianum
1645 4235 1751 4274 non
1775 4221 1947 4274 solum
1981 4219 2165 4288 lugere

575 4323 791 4376 aspera,
825 4310 918 4363 sed
946 4321 999 4363 et
1019 4325 1215 4366 curare
1260 4321 1319 4365 ut
1358 4311 1582 4379 gloriam
1617 4312 1866 4382 accipiat.
1907 4314 2160 4384 Angelica

570 4398 714 4448 enim
776 4400 1007 4465 dignitas
1041 4409 1125 4452 est
1148 4408 1293 4454 stare
1321 4399 1488 4472 565
1526 4416 1710 4456 coram
1755 4401 1890 4458 Filio
1929 4405 2165 4458 hominis

568 4499 626 4546 et
660 4490 768 4544 Deo
800 4501 1006 4546 nostro.
1057 4510 1076 4543 ι
1110 4492 1296 4562 Angeli
1329 4495 1470 4564 ejus,
1515 4495 1711 4564 inquit,
1754 4510 1967 4566 semper
1985 4496 2164 4552 vident

568 4578 764 4637 faciem
806 4581 986 4638 Patris
1015 4585 1141 4638 mei.
1183 4603 1201 4634 ε

2264 3384 2424 3456 τρίδα
2457 3388 2745 3458 κρείττονα
2785 3389 3078 3456 ποθοῦντες
3105 3410 3118 3423 ·
3152 3396 3266 3458 τοῖς
3293 3396 3558 3461 τοιούτοις
3583 3401 3686 3454 οὐκ
3710 3400 3858 3455 εστιν

2265 3481 2298 3549 ἠ
2330 3481 2509 3548 ἡμέρα
2544 3482 2725 3550 ἐκείνη
2765 3482 2841 3546 ὡς
2869 3484 3034 3551 παγὶς
3067 3489 3158 3538 καὶ
3196 3489 3462 3556 κίνδυνος,
3496 3492 3615 3545 ἀλλ’
3638 3493 3716 3556 ὡς
3737 3495 3860 3566 ἐορ-

2268 3572 2366 3642 τῆς
2400 3573 2579 3644 ἡμέρα
2599 3591 2612 3604 ·
2641 3573 2722 3627 διὸ
2744 3575 2847 3646 χρὴ
2873 3579 3190 3646 ἀγρυπνεῖν,
3214 3583 3304 3634 καὶ
3328 3582 3546 3636 δέεσθαι
3576 3585 3667 3640 τοῦ
3697 3587 3858 3655 Θεοῦ,

2269 3665 2355 3718 ἵνα
2383 3667 2702 3738 δυνηθῶμεν
2745 3671 3006 3738 ἐκφυγεῖν
3052 3673 3228 3726 πάντα
3276 3675 3342 3729 τά
3401 3675 3668 3746 μέλλοντα
3713 3682 3862 3749 γίνε-

2267 3756 2412 3808 σθαι.
2466 3757 2637 3824 Ποῖα;
2676 3758 2826 3828 Τάχα
2878 3761 2978 3830 μὲν
3027 3762 3121 3815 καὶ
3162 3766 3288 3828 τοὺς
3337 3765 3550 3837 λιμοὺς,
3607 3773 3860 3838 καὶτοὺς

2264 3848 2507 3919 λοιμκὺς,
2562 3851 2658 3903 καὶ
2699 3853 2766 3905 τά
2817 3853 2950 3906 άλλα
2985 3853 3021 3907 ά
3059 3859 3170 3919 τοῖς
3214 3857 3493 3924 ἐκλεκτοῖς
3538 3863 3640 3935 οὐχ
3687 3866 3864 3933 οὕτως

2269 3942 2633 4005 ἐπικείσεται,
2663 3941 2854 4014 ὥσπερ
2886 3948 2979 3998 καὶ
3004 3949 3114 4008 τοῖς
3145 3949 3327 4013 ἄλλοις
3352 3969 3365 3981 ·
3403 3953 3609 4022 μᾶλλον
3638 3959 3741 4026 μέν
3768 3957 3862 4012 οῦν

2269 4033 2356 4087 διὰ
2394 4035 2520 4098 τοὺς
2551 4036 2861 4101 ἐκλεκτοὺς,
2891 4040 2984 4090 καὶ
3011 4042 3123 4103 τοῖς
3156 4040 3338 4108 ἀλλοις
3366 4045 3862 4120 κολοϐωθήσονται,

2266 4127 2406 4195 τάχα
2439 4127 2495 4180 δὲ
2526 4128 2620 4180 καὶ
2655 4127 2723 4181 τὰ
2772 4129 3039 4197 μέλλοντα
3083 4135 3195 4196 τοῖς
3233 4136 3580 4207 ἁμαρτωλοῖς
3625 4145 3866 4208 αἰωνίως

2269 4220 2670 4291 συμϐήσεσθαι.
2704 4222 2921 4278 Ἐκεῖνα
2945 4227 3054 4296 γὰρ
3083 4226 3259 4293 άλλως
3293 4231 3352 4283 οὐ
3385 4230 3668 4306 δυνάμεθα
3677 4237 3868 4311 λκςτθ

2265 4315 2404 4381 γεῖν,
2440 4315 2488 4365 εί
2531 4314 2605 4384 μὴ
2647 4313 2714 4366 δι’
2758 4316 3066 4385 ἀγρυπνίας
3102 4323 3197 4373 καὶ
3233 4327 3565 4396 προσευχῆς.
3612 4330 3770 4386 Ἐπεὶ
3810 4334 3867 4388 δὲ

2265 4408 2364 4460 οὐκ
2395 4409 2557 4478 ἀρκεῖ
2584 4409 2768 4478 τοῖσγε
2801 4412 3198 4484 μεγαλοψύχοις
3229 4417 3289 4469 τὸ
3322 4423 3514 4487 φυγεῖν
3546 4424 3648 4494 τὴν
3679 4427 3872 4481 xm.

2267 4515 2373 4560 σιν,
2410 4497 2546 4551 άλλά
2594 4500 2676 4552 δεῖ
2719 4500 2920 4564 αὐτοὺς
2958 4503 3053 4556 καὶ
3111 4507 3319 4574 ἀγαθοῦ
3363 4526 3509 4576 τινος
3554 4519 3868 4590 ἐπιτυχεῖν,

2268 4589 2406 4657 μετά
2442 4587 2503 4642 τὸ
2533 4591 2738 4658 εἰπεῖν,
2775 4610 2794 4644 ε
2829 4593 2945 4646 Ἵνα
2991 4595 3258 4668 δυνηθῆτε
3293 4602 3557 4672 ἐκφυγεῖν
3587 4587 3774 4665 πάντα
3803 4611 3873 4666 τὰ

571 4676 837 4746 μέλλοντα
891 4676 1170 4744 γίνεσθαι,
1203 4695 1222 4729 ε
1279 4677 1590 4748 προσέθηκε
1618 4694 1631 4707 ·
1681 4698 1700 4731 ι
1735 4679 1843 4734 Καὶ
1890 4680 2154 4750 σταθῆναι
2184 4681 2419 4736 ἐνώπιον
2445 4684 2539 4736 τοῦ
2607 4684 2739 4738 Υἱοῦ
2761 4685 2858 4739 τοῦ
2920 4686 3212 4760 ἀνθρώπου
3236 4707 3280 4745 ἰ
3306 4695 3446 4766 ὅπερ
3469 4701 3620 4756 ἐστὶν
3633 4704 3873 4774 ’ἀγαθῶν

568 4772 892 4830 ἀπόλαυσιν.
923 4776 1016 4827 Δεῖ
1046 4776 1152 4845 γὰρ
1180 4775 1240 4827 ού
1269 4776 1430 4845 μόνον
1463 4775 1688 4844 φεύγειν
1715 4777 1785 4830 τά
1821 4777 1992 4843 δεινὰ,
2026 4780 2161 4834 ἀλλὰ
2201 4783 2296 4833 καὶ⁵
2362 4781 2522 4847 δόξαν
2586 4782 2840 4837 σπεύδειν
2875 4784 3176 4852 λαμϐάνειν
3218 4789 3309 4843 τὸν
3344 4772 3703 4863 Χριστιανόν.
3747 4803 3875 4874 ‘Ay,

568 4868 762 4936 γελικὴ
798 4867 854 4920 δέ
882 4865 1007 4930 ἀξία
1035 4867 1096 4920 τὸ
1137 4867 1390 4921 ἵστασθαι
1420 4869 1735 4940 ῑμπροσθεν
1764 4873 1858 4925 τοῦ
1891 4872 2022 4926 Υίοῦ
2054 4874 2148 4927 τοῦ
2184 4873 2473 4946 ἀνθρώπου
2507 4879 2602 4932 καὶ
2678 4879 2816 4934 Θεοῦ
2859 4882 3042 4953 ἡμῶν.
3111 4905 3131 4938 ε
3165 4889 3229 4941 Ol
3261 4889 3371 4960 γὰρ
3411 4892 3639 4962 ἄγγελοι
3674 4865 3874 4963 αὑτοῦ,

572 4960 728 5028 φησὶ,
764 4959 857 5012 διά
907 4959 1108 5022 παντὸς
1159 4960 1418 5030 βλέπουσι
1462 4962 1524 5014 τὸ
1579 4963 1868 5032 πρόσωπον
1906 4966 2001 5019 τοῦ
2051 4968 2262 5039 Πατρός
2291 4987 2414 5039 μου.
2448 4990 2468 5024 ε

654 5053 813 5106 Vens.
844 5051 1013 5117 37,58
1050 5070 1069 5104 ι
1103 5053 1342 5108 Docebat
1369 5063 1550 5108 autem
1578 5056 1812 5111 interdiu
1835 5058 1887 5111 in
1915 5060 2115 5129 templo
2143 5077 2155 5115 :

2318 5082 2361 5154 rt
2392 5060 2502 5118 Ἦν
2531 5064 2587 5118 δέ
2618 5065 2717 5130 τάς
2748 5067 2961 5139 ἡμέρας
2989 5071 3258 5128 διδάσκων
3286 5079 3344 5131 ἐν
3372 5077 3452 5148 τῷ
3493 5081 3650 5153 ἱερῷ,
3678 5086 3788 5154 τὰς
3819 5087 3878 5143 δε

582 5156 743 5197 noctu
777 5159 905 5199 vero
928 5147 1115 5200 exiens
1132 5145 1517 5202 diversabatur
1541 5149 1592 5202 in
1618 5159 1799 5205 monte
1821 5153 1911 5222 qui
1934 5163 2158 5208 vocatur

576 5234 885 5302 Olivaruiu;
918 5247 972 5291 et
999 5237 1176 5293 omnis
1206 5239 1433 5308 populus
1475 5240 1712 5296 diluculo
1753 5245 2054 5300 ventitabat
2084 5247 2152 5302 ad

577 5340 724 5389 eum,
781 5336 838 5380 ut
896 5328 950 5382 in
1012 5330 1211 5399 templo
1270 5333 1482 5386 audiret
1533 5347 1678 5387 eum.
1719 5353 1738 5386 ›
1807 5333 2162 5394 Occultarunt

586 5416 936 5486 Evangelistze
958 5421 1117 5474 multa
1139 5438 1258 5493 quae
1281 5424 1486 5490 docuit,
1506 5436 1560 5478 et
1579 5427 1811 5480 maxime
1832 5437 1942 5483 tres
1971 5427 2162 5484 :Joau-

586 5522 681 5560 nes
715 5515 891 5561 autem
919 5519 971 5563 et
1001 5511 1114 5579 ipse
1145 5515 1312 5568 multa
1346 5515 1564 5569 silentio
1593 5518 1880 5586 praeteriit,
1945 5533 2164 5572 verum-

584 5606 766 5652 tamen
793 5599 1137 5656 sublimiores
1160 5621 1322 5672 quam
1349 5616 1460 5660 tres
1481 5608 1570 5660 alii
1597 5609 1870 5664 doctrinas
1902 5611 2160 5680 quasdam

582 5691 852 5757 exposuit.
888 5691 1054 5758 igitur
1079 5697 1162 5748 his
1192 5698 1281 5763 qui
1314 5702 1784 5770 congregabantur
1843 5707 1896 5757 ln
1943 5702 2162 5772 templo,

582 5781 750 5834 multa
777 5791 831 5836 et
883 5785 1139 5840 sublimia
1171 5787 1493 5858 disserebat,
1546 5802 1603 5848 ut
1661 5794 1973 5865 conjectare
2018 5795 2163 5852 licet.

669 5957 711 5988 “
735 5957 896 6013 Micli.
937 5975 996 6027 ll,
1035 5963 1117 6016 i0.

2267 5153 2470 5217 νύκτας
2510 5155 2866 5227 ἐξερχόμενος
2906 5161 3158 5231 ηὐλίζετο
3206 5167 3284 5229 είς
3313 5168 3375 5222 τὸ
3412 5172 3541 5242 δρος
3567 5175 3630 5228 τὸ

2273 5262 2434 5337 μενον
2474 5246 2702 5300 Ἐλαιῶν
2726 5265 2740 5279 ο
2777 5252 2867 5303 καὶ
2902 5254 3013 5316 πᾶς
3049 5257 3077 5307 ό
3104 5257 3228 5321 λαὸς
3258 5257 3496 5332 ὦρθριζε
3526 5266 3673 5337 πρὸς
3697 5271 3880 5332 ,αὐτὸν

2272 5336 2329 5434 ἐν
2376 5337 2636 5434 τῷλίερῷ
2688 5342 2908 5398 ἀκούειν
2956 5348 3144 5434 αὑτοῦ.
3188 5368 3208 5401 ι
3260 5336 3619 5428 Ἀπέκρυψαν
3671 5363 3784 5434 μὲν
3825 5365 3879 5419 οι

2272 5428 2658 5496 εὑαγγελισταὶ
2693 5434 2767 5516 .τά
2804 5435 2976 5490 πλείω
3009 5431 3082 5492 ὧν
3107 5441 3376 5507 ἐδίδασκε,
3412 5449 3512 5502 καὶ
3543 5428 3802 5520 μάλίστα
3829 5455 3880 5510 οἱ

2267 5522 2446 5584 spei,”
2478 5524 2506 5574 ό
2556 5521 2612 5575 δέ
2664 5540 2728 5591 γε
2785 5525 3040 5600 Ἰωάννης
3086 5533 3180 5585 καὶ
3231 5537 3395 5601 αὐτὸς
3445 5540 3550 5610 μὲν
3586 5547 3659 5599 τά
3697 5547 3880 5604 πλείω

2268 5617 2685 5686 παρεσιωπησε,
2724 5618 2863 5690 πλὴν
2902 5621 3043 5693 ὑπὲρ
3082 5626 3211 5690 τοὺς
3247 5632 3400 5700 τρεῖς
3447 5631 3674 5698 ἐξέθετό
3717 5655 3880 5701 τινας

2265 5704 2615 5771 διδασκαλίας
2640 5709 2998 5784 ὑψηλοτέρας.
3018 5717 3140 5779 Τοῖς
3169 5725 3563 5792 συναγομένοις
3590 5727 3686 5784 οὖν
3711 5734 3778 5787 ἐν
3803 5730 3884 5802 τῷ

2270 5798 2400 5870 ἱερῷ
2431 5801 2600 5856 πολλά
2649 5807 2741 5858 καὶ
2792 5806 2972 5877 ὑψηλὰ
3017 5810 3307 5882 διελέγετο,
3359 5815 3437 5882 ὡς
3481 5819 3606 5874 ἐστι
3637 5798 3882 5897 τεκμαίλ
