4046 6540
206 493 340 564 1369

944 487 1397 550 ENARRATIO
1437 487 1519 548 IN
1556 486 2067 549 EVANGELIUM
2108 487 2348 550 [ΗΒΕ.
2387 515 2446 523 --
2482 490 2641 549 CAP.
2688 488 2890 551 XXII.

3415 490 3435 555 1
3448 491 3558 558 070

201 629 310 674 ται,
353 608 447 663 καὶ
473 608 692 680 τρέφων
757 604 1026 675 τρέφεται
1057 605 1086 656 6
1133 603 1545 675 φιλάνθρωπος,
1575 608 1671 660 καὶ
1719 609 1810 677 τὴν

1926 606 2086 660 Βὶὺ‹·ι
2132 606 2302 676 igitur
2366 615 2496 660 tunc.
2535 620 2732 660 novam
2768 606 3062 676 quamdam
3114 607 3391 676 potionem
3426 627 3553 667 cum

205 703 487 774 ἡμετέραν
530 702 692 754 πόσιν
747 699 842 752 καὶ
875 699 1109 772 τροφὴν,
1142 699 1265 770 ἦτοι
1305 700 1570 771 μάθησιν,
1608 703 1820 756 οἰκείαν

203 799 413 869 τροφὴν
449 794 751 862 λογίζεται.
780 793 974 846 Πίεται
997 789 1094 847 οὖν
1126 793 1440 864 τηνικαῦτα
1467 797 1666 866 καινήν
1696 815 1820 850 τινα

201 893 358 946 πόσιν
381 889 522 961 μετά
543 890 654 942 τῶν
677 887 868 953 ἀξίων,
891 887 1304 943 ἀποκαλύπτων
1333 889 1525 954 αὐτοῖς
1548 891 1636 943 ἀεὶ
1656 892 1822 945 καινά

200 1004 319 1039 τινα
367 985 463 1037 καὶ
515 983 790 1056 ἀσυνήθη.
859 982 966 1036 Δύο
995 983 1052 1036 δὲ
1098 983 1250 1037 δοκεῖ
1278 986 1566 1055 ποτηρίων
1604 997 1835 1056 μνημο-.

201 1080 376 1132 νεύειν
423 1081 450 1130 6
490 1079 709 1140 Λουκᾶς
732 1095 746 1108 ·
792 1077 889 1131 καὶ
941 1076 1000 1129 ἓν
1032 1077 1154 1146 μὲν,
1191 1077 1350 1147 φησὶ,
1408 1094 1428 1128 ι
1455 1077 1693 1140 Λάϐετε,
1723 1080 1820 1132 κα)⁸

197 1173 558 1243 διαμερίσατε
585 1173 822 1237 ἑαυτοῖς,
850 1191 868 1224 ι
893 1171 921 1224 ὃ
944 1171 1047 1241 τῆς
1071 1172 1324 1235 Παλαιᾶς
1345 1170 1628 1243 Διαθήκης
1647 1172 1818 1227 τύπον

199 1269 344 1321 εἴποι
398 1267 464 1320 ἄν
521 1285 607 1330 τις
641 1261 814 1319 εἶναι·
860 1265 1054 1336 ἕτερον
1104 1266 1184 1327 δὲ,
1239 1268 1382 1336 μετά
1409 1265 1472 1319 τὸ
1502 1267 1818 1321 κλᾶσαιτὸν

197 1360 363 1429 ἄρτον
409 1360 506 1412 καὶ
540 1344 955 1429 διανείμασθᾶι,
1023 1358 1188 1422 αὐτὸς
1256 1359 1508 1428 διανέμει
1565 1362 1679 1424 τοῖς
1713 1379 1820 1431 μα-

196 1453 413 1522 θηταῖς,
466 1452 494 1504 ὃ
545 1452 765 1522 καὶτῆς
801 1452 1017 1520 Καινῆς
1066 1451 1347 1523 Διαθὴκης
1406 1452 1817 1523 ὀνομάζει,καὶ

197 1545 256 1597 ιν
273 1546 352 1615 τῷ
390 1544 559 1599 αὑτοῦ
589 1544 784 1614 αἵματί
827 1563 963 1616 φησι
985 1545 1151 1599 τοῦτο
1190 1541 1638 1614 ἐγκαινίζεσθαι.
1691 1547 1816 1600 Ἐπὶ

199 1637 299 1708 μὲν
329 1639 438 1710 γὰρ
467 1639 567 1710 τῆς
600 1637 847 1702 Παλαιᾶς
879 1633 1022 1708 αἷμα
1058 1633 1218 1703 ζώων
1263 1639 1477 1708 ἀλόγων
1525 1636 1615 1712 ἦν,
1646 1641 1736 1694 ὅτε
1788 1643 1816 1694 6

194 1734 360 1803 νόμος
396 1733 553 1802 ἐδόθη
577 1748 590 1762 ⁸
618 1733 715 1787 νῦν
748 1734 808 1787 δὲ
841 1732 937 1787 τοῦ
959 1733 1100 1788 Θεοῦ
1127 1734 1308 1804 Λόγου
1339 1733 1634 1805 ἀνθρώπου
1669 1753 1817 1805 γενο-

200 1829 389 1898 μένου,
424 1829 486 1882 τὸ
516 1825 658 1900 αἷμα
686 1831 787 1900 τὴν
819 1831 1036 1902 Καινὴν
1075 1829 1359 1901 Διαθήκην
1386 1832 1522 1902 ἡμῖν
1545 1833 1814 1903 ὲπισφρα·

191 1921 356 1988 γίξει.
397 1921 582 1974 Εἰπὼν
607 1922 684 1985 δὲ,
734 1942 752 1974 ι
792 1924 867 1976 T6
895 1923 1037 1997 ὑπὲρ
1076 1926 1233 1997 ὑμῶν
1274 1927 1556 1999 διδόμενον
1587 1928 1682 1981 καὶ
1713 1929 1808 1980 ἑκμ-

193 2013 516 2083 χυνόμενον,
561 2035 577 2066 t
636 2017 736 2086 οὐχ
762 2016 904 2088 ὑπὲρ
952 2019 1063 2071 τῶν
1092 2020 1416 2075 ἀποστόλων
1454 2021 1619 2091 μόνον
1669 2019 1809 2074 δεδό-

195 2104 321 2157 σθαι
356 2105 510 2170 δηλοῖ
542 2107 602 2160 τὸ
626 2107 789 2180 σῶμα
823 2108 1013 2171 αὑτοῦ,
1043 2111 1140 2164 καὶ
1169 2111 1230 2165 τὸ
1256 2105 1398 2184 αἷμα
1446 2111 1804 2183 ὲκκεχῦσθαι,

192 2196 308 2250 ἀλλ’
344 2198 488 2269 ὑπὲρ
524 2197 622 2269 τῆς
659 2202 1018 2274 ἀνθρωπίνης
1051 2203 1297 2272 φύσεως.
1337 2206 1510 2258 Ὅταν
1533 2201 1628 2259 οῦν
1651 2204 1804 2277 εἴπῃ,

197 2309 218 2341 ι
262 2289 437 2360 ’Υπὲρ
474 2292 630 2361 ὑμῶν
665 2293 980 2364 διδόμενον,
1050 2315 1068 2347 ι
1128 2298 1253 2350 ἀντὶ
1296 2296 1418 2362 τοῦ,
1485 2296 1661 2370 Ὑπὲρ
1708 2300 1810 2368 τῆς

190 2383 471 2453 ὑμετέρας
499 2383 724 2452 φύσεως
744 2386 856 2440 τῶν
881 2387 1214 2459 ἀνθρώπων,
1273 2389 1408 2443 νόει.
1459 2388 1534 2444 Τὸ
1585 2391 1686 2460 μὲν
1716 2385 1810 2444 οῦν

193 2476 422 2530 παλαιὸν
446 2484 636 2549 πάσχα
666 2480 760 2532 ἐπὶ
790 2482 855 2552 τῇ
885 2481 1183 2553 ἀπαλλαγῇ
1218 2482 1322 2551 τῆς
1352 2482 1603 2546 δουλεέας
1625 2485 1727 2555 τῆς
1751 2484 1809 2536 ὲν

192 2571 459 2642 Αἰγύπτῳ
496 2573 756 2639 ἐτελεῖτο,
792 2576 886 2628 καὶ
914 2575 974 2628 τὸ
1006 2571 1146 2646 αἷμα
1183 2575 1279 2629 τοῦ
1316 2576 1600 2648 προϐάτου
1625 2579 1721 2630 ἐπὶ
1742 2579 1806 2648 τῇ

192 2668 527 2738 συντηρήσει
573 2668 684 2722 τῶν
721 2670 1089 2740 πρωτοτόκων
1117 2687 1131 2700 ⁶
1170 2672 1230 2724 τὸ
1261 2671 1317 2724 δὲ
1371 2672 1561 2726 καινὸν
1617 2672 1810 2743 Πάσχα

191 2753 285 2809 ἐπὶ
320 2756 516 2825 ἀφέσει
544 2757 855 2828 ἁμαρτιῶν,
893 2762 988 2813 καὶ
1017 2761 1112 2814 ἐπὶ
1141 2763 1476 2835 συντηρήσει
1502 2763 1612 2816 τῶν
1641 2765 1809 2834 ἡγια-

192 2850 409 2918 σμένων
441 2851 535 2903 καὶ
557 2852 962 2923 ἀφωρισμένων
993 2854 1276 2925 λογισμῶν
1305 2855 1383 2927 τῷ
1406 2856 1549 2926 Θεῷ.
1586 2857 1811 2928 Πρῶτον

191 2939 246 2993 δὲ
277 2942 306 2994 6
335 2942 522 3014 ἄρτος,
552 2938 671 2999 εἶτα
711 2947 772 2999 τὸ
805 2949 1090 3019 ποτήριον.
1125 2949 1379 3020 Προτέρα
1405 2951 1517 3020 γὰρ
1551 2952 1583 3020 ἡ
1611 2951 1810 3003 ὲπὶποο

193 3050 285 3097 νος
317 3036 518 3106 πρᾶξις
567 3039 662 3091 καὶ
701 3039 1216 3111 δυσκατέργαστοςο
1268 3042 1497 3114 ἱδρῶτες
1529 3043 1640 3114 γὰρ
1675 3060 1810 3114 προ-

193 3129 460 3199 ηγοῦνται
484 3131 583 3200 τῆς
615 3133 819 3204 ἀρετῆς
846 3151 859 3164 ·
892 3134 1082 3206 ὥσπερ
1121 3135 1216 3189 οῦν
1248 3136 1343 3189 καὶ
1373 3137 1402 3190 6
1429 3135 1598 3206 ἄρτος
1621 3137 1684 3190 οὺ
1712 3137 1811 3207 μό-

192 3239 285 3276 νον
306 3224 365 3275 ὲν
399 3223 584 3294 ἱδρῶτι
616 3213 711 3279 τοῦ
742 3228 1041 3297 προσώπου
1067 3213 1424 3301 γεωργεῖται,
1459 3228 1599 3283 ἀλλὰ
1630 3229 1724 3282 καὶ
1755 3230 1812 3282 ἐν

191 3315 272 3386 τῷ
298 3317 592 3372 ὲσθιεσθαι
637 3318 1251 3394 δυσκατεργαστότερός
1302 3324 1476 3386 ἐστιν,
1529 3319 1633 3376 εἷθ’
1666 3321 1811 3376 οὕτω

196 3411 336 3478 μετά
370 3413 496 3476 τοὺς
534 3414 732 3478 πόνους
765 3416 797 3487 ἡ
835 3417 1153 3488 εὐφροσύνη
1202 3417 1304 3488 τῆς
1337 3417 1433 3470 τοῦ
1478 3415 1617 3470 Θεοῦ
1647 3416 1806 3488 χάρι-

190 3516 304 3565 τος,
356 3502 495 3575 ὅπερ
536 3506 654 3558 ἐστὶ
685 3507 744 3559 τὸ
798 3507 1082 3580 ποτήριον.
1119 3508 1256 3562 Μεθ’
1280 3509 1308 3561 6
1372 3510 1482 3579 γάρ
1532 3526 1615 3572 τις
1648 3510 1706 3560 ὲν
1734 3510 1806 3578 τῇ

192 3593 365 3664 ἀρετῇ
398 3599 466 3667 τῇ
519 3597 989 3672 δυσκατεργάστῳ
1044 3602 1309 3676 κοπιάσῃ,
1339 3602 1459 3655 τότε
1494 3602 1603 3656 τῶν
1651 3619 1809 3674 χαριο

1930 700 2129 769 dignis.
2186 700 2442 756 revelatis
2476 701 2555 755 eis
2586 716 2807 771 semper
2855 715 2993 756 nova
3045 703 3294 773 qumdam
3350 716 3406 761 et
3463 707 3554 763 in-

1927 795 2110 849 solita.
2164 795 2408 849 Duorum
2471 803 2653 852 autem
2712 796 2890 851 Lucas
2950 797 3171 852 videtur
3220 801 3549 855 meminisse

1926 889 2271 958 poculorum.
2311 888 2373 944 Et
2428 891 2494 944 de
2533 906 2642 943 uno
2673 891 2892 960 quidem
2927 891 3060 946 dicit
3092 908 3106 944 :
3145 911 3163 943 ι
3204 894 3455 963 Accipite
3493 905 3552 949 et

1930 984 2159 1038 dividite
2189 985 2337 1040 inter
2379 999 2518 1052 vos;
2551 1003 2570 1036 ι
2613 987 2760 1054 quod
2796 983 3012 1042 Veteris
3039 985 3382 1043 Testameati
3414 987 3553 1060 ﬁgu-

1928 1095 2044 1132 ram
2095 1079 2222 1148 quis
2293 1094 2418 1135 esse
2474 1079 2717 1147 dixerit;
2764 1091 2816 1136 et
2861 1082 2930 1136 tle
2984 1082 3163 1138 altero
3205 1085 3350 1154 quod
3393 1085 3550 1151 illud,

1925 1181 2217 1240 postquam
2264 1170 2428 1241 fregit
2469 1186 2663 1241 panem
2699 1185 2753 1226 et
2779 1173 3084 1242 distribuit,
3119 1175 3236 1246 ipse
3269 1177 3552 1233 distribuit

1924 1264 2234 1332 discipulis,
2266 1266 2411 1334 quod
2437 1275 2492 1320 et
2519 1263 2656 1319 Novi
2693 1264 3032 1321 Testatuenti
3065 1269 3334 1334 nominat,
3367 1282 3422 1326 et
3449 1286 3551 1325 suo

1922 1359 2188 1428 sanguine
2239 1359 2373 1411 dicit
2407 1359 2510 1413 ltoe
2540 1359 2810 1412 innovari.
2836 1358 2892 1413 ln
2923 1356 3108 1413 Veteri
3142 1361 3288 1414 enim
3319 1362 3548 1428 Sanguis

1923 1463 2044 1506 erat
2113 1450 2402 1506 brutorum
2435 1451 2777 1519 animalium,
2813 1468 2937 1508 cum
2988 1453 3074 1507 lex
3108 1455 3320 1523 vigeret
3353 1472 3370 1510 :
3401 1471 3550 1513 nunc

1921 1556 2102 1600 autem
2157 1561 2278 1601 cum
2310 1546 2548 1601 Verbum
2590 1547 2680 1602 Dei
2718 1547 2880 1602 homo
2924 1547 3128 1603 factum
3173 1563 3279 1617 est,
3322 1553 3547 1624 sanguis

1923 1637 2130 1692 Novum
2159 1637 2574 1695 TeSIameutum
2600 1641 2760 1696 nobis
2794 1641 3130 1712 obsignavit.
3166 1643 3410 1700 Dicendo
3441 1660 3541 1699 au-

1923 1742 2054 1798 tem,
2092 1749 2111 1784 ι
2149 1729 2303 1798 Quod
2339 1746 2441 1802 pro
2479 1731 2634 1787 vobis
2687 1732 2852 1786 datur
2899 1742 2956 1787 et
3009 1730 3326 1798 eﬂ‘unditur,
3383 1754 3404 1787 ι
3436 1751 3542 1789 non

1921 1836 2019 1890 pro
2052 1820 2184 1878 solis
2216 1822 2482 1892 apostolis
2528 1824 2708 1894 signat
2751 1838 2951 1893 corpus
2994 1824 3113 1892 ejus
3159 1841 3280 1880 esse
3329 1827 3540 1891 datum,

1918 1926 1972 1969 et
2035 1915 2358 1985 sanguinem
2389 1915 2511 1985 ejus
2543 1931 2666 1972 esse
2719 1916 2978 1983 eﬂ‘usum,
3025 1923 3119 1974 sed
3152 1934 3255 1990 pro
3301 1921 3544 1974 humano

1914 2023 2132 2078 genere.
2156 2008 2387 2076 Quando
2410 2011 2575 2078 igi'ur
2598 2011 2753 2075 dicit,
2779 2029 2797 2062 ι
2825 2013 2980 2078 Quod
3004 2029 3101 2083 pro
3118 2015 3271 2068 vobis
3297 2014 3480 2081 datur,
3516 2035 3536 2065 ι

1917 2099 2182 2171 intellig»,
2220 2100 2328 2157 Pro
2363 2113 2550 2158 vestro
2602 2103 2888 2158 hominum
2935 2121 3156 2176 genere.
3197 2103 3363 2162 Vetus
3390 2109 3539 2162 enim

1916 2199 2115 2265 pascha
2174 2196 2558 2265 perﬁciebatur
2600 2199 2669 2252 ob
2713 2197 3095 2255 liberationem
3151 2203 3434 2256 servitutis
3469 2216 3536 2256 ex

1914 2289 2172 2361 λίΕεγριο,
2212 2302 2268 2345 el
2326 2291 2550 2360 sanguis
2608 2295 2732 2360 agni
2790 2303 3016 2363 propter
3073 2306 3288 2350 servata
3324 2298 3536 2367 primo-

1914 2386 2096 2452 genita
2127 2401 2140 2437 :
2179 2382 2390 2436 Novum
2424 2392 2601 2438 autem
2636 2385 2838 2453 pascha
2886 2397 3109 2456 propter
3151 2389 3536 2443 remissionem

1915 2485 2289 2544 peccatorum,
2341 2485 2394 2530 et
2436 2477 2911 2532 conservationem
2965 2480 3358 2549 cogitationum
3403 2497 3537 2537 san-

1916 2559 2302 2633 étitieatarnm,
2339 2578 2394 2624 ct
2423 2579 2881 2625 consecratarutn
2915 2569 3048 2627 Deo.
3075 2570 3320 2626 Primum
3350 2583 3535 2629 autem

1913 2659 2082 2732 m9
2110 2661 2285 2729 panis,
2315 2669 2370 2715 et
2399 2660 2596 2716 deinde
2633 2661 2910 2730 poculum.
2951 2663 3198 2718 Priutttttt
3260 2666 3407 2721 enim
3449 2666 3534 2719 la-

1918 2756 2190 2810 boriosior
2236 2754 2385 2809 actio
2419 2766 2473 2811 et
2507 2756 2813 2825 ditiicilior;
2864 2759 3098 2815 sudores
3133 2761 3282 2815 enim
3322 2776 3537 2831 prtere-

1916 2847 2052 2901 dunt
2104 2848 2406 2903 virtutem:
2470 2851 2932 2920 quemadmodum
3004 2855 3202 2925 panis,
3262 2870 3369 2911 non
3448 2869 3538 2908 so-

1918 2940 2026 2994 lum
2077 2942 2131 2995 in
2173 2943 2379 2998 sudore
2407 2941 2568 2998 faciei
2619 2944 2913 3008 excolitur,
2958 2947 3054 3000 sed
3097 2954 3152 2998 et
3189 2947 3537 3002 comedenda

1915 3035 2201 3104 Operosior
2247 3044 2364 3102 est;
2412 3035 2612 3092 deinde
2657 3045 2780 3104 post
2831 3037 3048 3093 labores
3115 3037 3304 3094 lattitta
3331 3041 3537 3096 divino

1917 3128 2128 3196 gratiis,
2159 3143 2282 3197 qua:
2330 3129 2582 3198 signatur
2628 3144 2725 3196 per
2754 3129 3034 3200 poculum.
3065 3129 3363 3201 Postquam
3390 3133 3540 3188 enim

1918 3221 2041 3291 quis
2091 3222 2144 3276 in
2175 3223 2469 3278 virtutibus
2498 3223 2587 3277 ditt
2616 3225 2968 3292 graviterque
3021 3226 3378 3290 laboravertt,
3416 3232 3540 3280 tau-

1839 3349 1881 3406 ε
1917 3318 2042 3371 dem
2096 3317 2294 3387 dignus
2354 3324 2440 3373 est
2471 3318 2653 3378 donis.
2703 3328 2759 3371 et
2822 3318 3134 3375 inebriatur
3176 3315 3395 3375 laudata
3441 3318 3534 3376 illa

1914 3412 2182 3468 ebrietate
2215 3425 2320 3480 qua
2358 3411 2575 3464 excedit
2617 3426 2683 3465 ex
2737 3411 2839 3466 hoc
2870 3415 3096 3478 mundo,
3129 3415 3271 3468 sicut
3330 3410 3534 3468 Paulus

1917 3513 1970 3558 ιιι
2003 3502 2196 3566 David,
2231 3513 2286 3556 et
2321 3513 2379 3556 ιιι
2412 3502 2706 3557 audentius
2749 3506 3011 3574 quiddam
3062 3509 3263 3573 dicam,
3309 3510 3450 3562 sicut
3478 3520 3533 3561 ct

1920 3598 2062 3652 Deus
2093 3595 2232 3666 apttd
2273 3595 2551 3652 llabacuc.

195 3690 420 3760 σμάτων
443 3694 591 3760 ἄξιος
623 3695 856 3763 γίνεται,
880 3698 978 3750 καὶ
1009 3701 1211 3770 πάσχει
1259 3700 1361 3772 τὴν
1393 3701 1566 3772 καλὴν
1606 3702 1800 3772 μέθην,
1844 3696 2203 3766 ἐξιστάμενος
2273 3693 2368 3746 τοῦ
2402 3693 2613 3764 κόσμου
2683 3710 2903 3760 τουτου,
2934 3693 3011 3759 ὡς
3033 3697 3062 3750 6
3088 3695 3323 3759 Παῦλος,
3382 3696 3475 3749 καὶ
3500 3696 3533 3751 6

189 3787 357 3840 Δαυΐδ
383 3804 396 3816 ·
425 3787 726 3859 τολμητέον
756 3789 812 3843 δὲ
840 3792 1039 3856 εἰπεῖν,
1071 3795 1166 3847 καὶ
1199 3793 1275 3858 ὡς
1305 3795 1333 3846 ὁ
1372 3793 1507 3859 Θεὸς
1540 3794 1697 3866 παρά
1729 3792 1807 3862 τῷ
1857 3787 2199 3856 Ἀὗδακούμ.

269 3900 288 3932 ι
321 3881 472 3950 Πλὴν
501 3882 609 3934 ἰδοὺ
643 3883 820 3953 ὴχεὶρ
851 3884 947 3937 τοῦ
981 3887 1374 3956 παραδιδόντος
1400 3906 1491 3960 με,
1520 3889 1639 3960 μετ’
1664 3888 1801 3960 ἐμοῦ

193 3973 287 4025 ἐπὶ
323 3973 424 4043 τῆς
472 3975 778 4044 τραπέζης.
842 3977 952 4030 Καὶ
993 3979 1021 4030 6
1057 3979 1156 4049 μὲν
1205 3979 1336 4043 Υἱὸς
1368 3979 1464 4034 τοῦ
1505 3966 1802 4052 ἀνθρώπου

193 4067 496 4137 πορεύεται
530 4071 673 4123 κατὰ
724 4069 786 4123 τὸ
839 4071 1153 4142 ὡρισμένον
1180 4088 1194 4102 ·
1257 4074 1400 4146 πλὴν
1433 4075 1556 4129 οὐαὶ
1603 4074 1683 4146 τῷ
1711 4076 1805 4129 ἀν·

193 4159 402 4232 θρώπῳ
430 4162 644 4233 ἐκείνῳ,
675 4164 742 4218 δι’
761 4157 822 4216 οῦ
849 4166 1231 4236 παραδίδοται.
1253 4168 1364 4220 Καὶ
1388 4167 1545 4220 αὐτοὶ
1565 4166 1805 4238 ἡρξαντο

192 4255 453 4326 συζητεῖν
503 4257 638 4329 πρὸς
690 4259 940 4324 ἑαυτοὺς,
980 4259 1041 4312 τὸ
1072 4259 1156 4323 τίς
1205 4258 1315 4330 ἄρα
1356 4258 1444 4330 εἴη
1477 4258 1536 4326 ἐξ
1558 4259 1740 4313 αὐτῶν
1778 4260 1808 4312 6

195 4348 416 4418 μέλλων
468 4349 626 4402 τοῦτο
647 4349 936 4420 πράσσειν.
998 4351 1250 4418 Ἐγένετο
1295 4351 1352 4404 δὲ
1378 4351 1474 4405 καὶ
1513 4351 1815 4421 φιλονεικία

188 4445 250 4496 ἐν
280 4444 491 4504 αὐτοῖς,
551 4443 613 4494 τὸ
664 4443 747 4506 τίς
787 4443 968 4499 αὐτῶν
1024 4444 1174 4497 δοκεῖ
1227 4439 1369 4498 εἶναι
1399 4445 1624 4515 μείζων.
1665 4444 1725 4498 ’0
1756 4444 1814 4498 δὲ

189 4531 348 4588 εἶπεν
385 4535 608 4599 αὐτοῖς’
662 4537 726 4588 Οἱ
783 4535 1028 4607 βασιλεῖς
1065 4539 1176 4591 τῶν
1235 4538 1410 4592 ἐθνῶν
1457 4538 1812 4610 κυριεύουσιν

188 4625 400 4688 αὐτῶν,
464 4626 558 4680 καὶ
613 4627 661 4680 οἱ
694 4627 1108 4694 ἐξουσιάζοντες
1153 4630 1356 4695 αὐτῶν,
1393 4631 1683 4701 εὐεργέται
1711 4648 1812 4684 κα-

1985 3884 2148 3939 Vens.
2175 3880 2372 3936 21-27.
2397 3899 2416 3932 ι
2447 3881 2855 3938 Veruuttamem
2886 3896 3016 3937 ecce
3041 3898 3235 3937 manus
3267 3883 3533 3939 tradentis

1911 3993 2018 4042 me,
2043 3985 2366 4031 meeutn‘est
2400 3977 2452 4030 in
2487 3992 2699 4031 mensa.
2734 3975 2802 4030 Et
2827 3975 3000 4033 Filius
3027 3977 3248 4047 quidem
3287 3978 3532 4034 hominis

1910 4070 2212 4123 secundum
2262 4069 2406 4137 quod
2434 4069 2720 4122 deﬁnitum
2754 4077 2862 4132 est,
2899 4068 3049 4121 vadit
3081 4083 3094 4121 :
3124 4079 3529 4122 verumtamom

1913 4177 1993 4216 vae
2026 4162 2232 4217 homini
2267 4161 2346 4216 illi
2397 4175 2493 4231 per
2529 4176 2689 4230 quem
2715 4161 2986 4231 proditur.
3011 4159 3075 4215 Et
3104 4161 3206 4231 ipsi
3239 4174 3534 4232 C(Bpt‘l‘lltll.

1913 4271 2162 4328 qttaarere
2197 4257 2341 4310 inter
2390 4271 2535 4319 sese,
2573 4255 2827 4325 quisnam
2861 4264 3007 4310 esset
3037 4271 3104 4310 ex
3135 4255 3268 4326 ipsis
3303 4257 3395 4326 qui
3431 4258 3534 4308 hoc

1915 4350 2160 4405 facturus
2207 4361 2378 4404 esset.
2431 4347 2595 4403 Facta
2633 4361 2717 4403 est
2767 4357 3030 4403 autemet
3078 4349 3361 4403 contentio
3389 4350 3534 4403 inter

1914 4459 2008 4499 eos
2051 4446 2175 4514 quis
2216 4459 2405 4499 eorum
2450 4445 2734 4498 videretur
2784 4458 2905 4498 esse
2941 4445 3135 4512 major,
3170 4444 3318 4498 Dixit
3349 4453 3532 4498 autem

1912 4542 1992 4595 eis
2023 4557 2035 4592 :
2073 4536 2249 4610 Reges
2283 4541 2524 4610 gentium
2551 4540 2907 4594 dominantur
2927 4539 3029 4602 eis,
3058 4549 3112 4593 et
3136 4540 3234 4610 qui
3284 4548 3528 4607 potesta.

1915 4642 2022 4686 tem
2073 4632 2276 4687 habent
2317 4647 2484 4701 super
2525 4647 2643 4696 cas,
2679 4632 2910 4686 beneﬁci
2937 4625 3241 4688 'voeantur.
3281 4632 3386 4686 νος
3437 4650 3536 4684 an-

185 4716 436 4771 λοῦνται.
487 4717 676 4789 Ὑμεῖς
727 4719 786 4771 δὲ
852 4719 950 4788 οὐχ
1009 4717 1212 4783 οὕτως·
1270 4720 1386 4774 ἀλλ’
1419 4723 1446 4772 6
1508 4720 1713 4790 μείζων
1745 4721 1802 4771 ὲν

1918 4734 2023 4778 tem
2057 4739 2162 4777 non
2199 4724 2278 4777 sic
2320 4740 2333 4778 :
2363 4725 2456 4777 sed
2486 4726 2576 4792 qui
2618 4721 2792 4789 major
2839 4734 2926 4778 est
2975 4723 3028 4776 in
3059 4723 3237 4797 vobis,
3265 4723 3358 4775 tiat
3390 4723 3534 4776 sicut.

187 4809 348 4878 ὑμῖν,
379 4809 623 4877 γενέσθω
658 4810 733 4872 ὡς
755 4811 783 4862 6
819 4809 1109 4881 νεώτερος,
1142 4813 1236 4864 καὶ
1280 4813 1308 4864 6
1335 4812 1642 4882 ἡγούμενος
1671 4811 1746 4875 ὡς
1777 4815 1804 4865 ὁ

186 4901 481 4954 διακονῶν.
527 4899 622 4965 Τίς
656 4902 767 4974 γὰρ
806 4902 1045 4973 μείζων;
1095 4907 1121 4955 6
1160 4904 1544 4974 ἀνακείμενος,
1579 4904 1664 4974 ἢὸ
1687 4905 1806 4957 διαιι

183 4995 409 5062 κονῶν;
453 4996 624 5065 οὐχὶό
657 4997 1061 5068 ἀνακείμενος;
1105 4995 1249 5065 Ἐγὼ
1294 4996 1350 5049 δέ
1383 4997 1500 5068 εἰμι
1537 4999 1596 5049 ὲν
1655 4999 1806 5068 μέπῳ

184 5088 350 5157 ὑμῶν
379 5086 453 5152 ὡς
481 5087 815 5142 ὁδιακονῶν.
854 5107 871 5140 υ
937 5089 1104 5142 Οὐδὲν
1151 5091 1572 5158 πεπωρωμένης
1626 5089 1807 5158 ιζρυχῆς

184 5178 549 5251 τὶθλιώτερον.
620 5181 751 5235 Ἰδοὺ
807 5181 940 5249 γοῦν
971 5183 998 5233 ὁ
1030 5180 1237 5253 Κῷριος
1269 5182 1372 5250 ὅρα
1423 5180 1476 5231 τί
1504 5197 1692 5251 φησιν,
1725 5183 1806 5232 6:;

193 5293 212 5324 ι
251 5271 341 5329 ,Ἠ
373 5271 496 5341 χεὶρ
559 5271 651 5323 τοῦ
707 5271 1102 5343 παραδιδόντος
1157 5289 1248 5343 με,
1278 5274 1371 5324 ἐπὶ
1402 5271 1501 5342 τῆς
1525 5272 1806 5343 τραπέζης

190 5365 318 5436 μετ’
355 5362 531 5434 ἐμοῦ·
569 5382 586 5415 ι
629 5363 724 5417 καλ⁸
753 5367 783 5419 6
809 5366 1072 5428 ἀσύνετος
1100 5368 1200 5420 οὐκ
1232 5365 1516 5437 ᾐσθάνετο.
1559 5367 1670 5420 Καὶ
1697 5367 1806 5436 γὰρ

185 5466 253 5518 οὐ
296 5463 481 5534 μόνον,
517 5462 604 5515 ἵνα
632 5462 781 5531 δείξῃ
815 5463 896 5513 ὅτι
930 5463 1031 5515 οὐκ
1059 5465 1244 5530 ἀγνοεῖ
1267 5461 1329 5513 τὸ
1360 5461 1801 5532 συμῦησόμενον,

186 5557 376 5611 ταῦτα
429 5555 578 5624 λέγει
638 5557 665 5610 ξ·
704 5556 932 5624 Κύριος,
960 5555 1097 5606 ἐκ).ὶά
1125 5558 1218 5606 καὶ
1251 5554 1336 5605 ἵνα
1368 5553 1519 5626 δείξῃ
1543 5557 1679 5623 ἡμῖν
1710 5557 1806 5606 καὶ

188 5649 294 5719 τὴν
318 5649 528 5703 οἰκείαν
563 5647 904 5720 ἀγαὲότητα,
937 5650 1033 5701 καὶ
1068 5649 1168 5718 τὴν
1206 5647 1300 5700 τοῦ
1329 5649 1590 5718 προδότου
1635 5665 1806 5718 πονη-

189 5742 344 5814 ρίαν,
399 5743 482 5795 ὅτι
540 5745 636 5795 καὶ
675 5743 957 5805 συνέστειλε
990 5742 1245 5796 γενέσθαι
1296 5742 1399 5794 ουκ
1445 5743 1802 5813 ἠρυθρίασεν.

191 5834 334 5889 Οὐδὲ
363 5834 526 5888 πάλιν
556 5835 718 5896 αὐτὸς
751 5836 932 5906 ἀφῆκε
962 5835 1030 5887 τὰ
1061 5837 1238 5889 οἰκεῖα
1275 5835 1470 5900 ποιῶν,
1510 5836 1603 5888 καὶ
1633 5836 1806 5888 τύπον

194 5929 335 5999 ἡμῖν
366 5926 560 5991 τιθεὶς,
607 5928 694 5980 ἵνα
727 5927 855 6000 ἄχρι
886 5929 1073 5992 τέλους
1112 5928 1510 6000 σπουδάζωμεν
1539 5931 1805 6000 κερδῆσαι

191 6024 323 6088 τοὺς
377 6024 694 6086 πταίοντας.
754 6043 770 6074 ι
815 6026 921 6077 Καὶ
970 6029 996 6079 ὁ
1038 6026 1134 6094 μὲν
1177 6025 1300 6089 Υἱὸς
1352 6025 1442 6077 τοῦ
1487 6025 1802 6096 ἀνθρώπου,

1906 4817 2093 4886 junior
2125 4837 2138 4872 :
2171 4828 2225 4872 et
2277 4819 2367 4887 qui
2403 4820 2658 4889 princeps
2713 4828 2818 4886 est,
2882 4819 3026 4872 sicut
3090 4819 3183 4887 qui
3231 4817 3530 4873 ministrat.

1912 4911 2050 4963 Nam
2084 4921 2207 4965 uter
2233 4900 2403 4978 major
2424 4922 2530 4976 est,
2558 4914 2648 4981 qui
2680 4912 2975 4977 accumbit,
3009 4929 3077 4965 au
3103 4913 3194 4982 qui
3219 4912 3535 4966 ministrat?

1913 5024 2093 5064 nonne
2150 5010 2241 5079 qui
2290 5008 2714 5064 aecumbit?At
2768 5024 2868 5078 ego
2931 5008 2984 5061 in
3041 5008 3224 5062 medio
3285 5017 3532 5067 vestrum

1910 5115 2028 5155 sum
2078 5109 2138 5154 ιιι
2171 5102 2263 5170 qni
2320 5103 2613 5154 ministrat.
2661 5119 2680 5150 ι
2724 5095 2870 5154 Nihil
2930 5101 3226 5156 excaecatis
3279 5103 3534 5156 miserius

1911 5203 2013 5246 est.
2049 5190 2188 5248 Vide
2243 5195 2386 5248 enim
2427 5195 2558 5264 quid
2589 5194 2853 5248 Dominus
2886 5194 3030 5248 dicat
3060 5212 3075 5248 :
3113 5215 3129 5246 ι
3164 5195 3305 5250 Ecce
3335 5210 3534 5248 manus

1912 5287 2176 5341 tradentis
2211 5301 2317 5351 me,
2354 5302 2566 5341 mecum
2625 5296 2709 5342 est
2771 5289 2824 5342 in
2861 5303 3048 5342 mensa
3085 5306 3098 5343 :
3139 5307 3158 5340 ι
3188 5299 3242 5342 et
3279 5289 3534 5356 stupidas

1913 5393 2016 5431 non
2070 5380 2265 5433 sensit.
2324 5379 2539 5433 Etenim
2593 5380 2855 5434 Dominus
2906 5382 3022 5436 Inuc
3070 5383 3243 5445 dicit,
3300 5398 3404 5433 non
3438 5397 3530 5435 so-

1912 5473 2020 5525 lum
2058 5483 2116 5525 ttt
2147 5480 2401 5529 ostendat
2436 5491 2494 5529 se
2531 5492 2637 5528 non
2677 5476 2929 5544 ignorare
2965 5477 3109 5545 quod
3161 5477 3395 5535 eveniet,
3437 5477 3532 5529 sed

1911 5582 1964 5622 et
2000 5577 2059 5621 ut
2087 5569 2246 5622 nobis
2275 5585 2428 5622 suam
2455 5571 2778 5633 bonitatem,
2817 5578 2872 5623 et
2922 5569 3220 5638 proditoris
3265 5567 3531 5620 maluiaut

1910 5661 2186 5725 ostendat,
2225 5663 2317 5728 qui
2364 5678 2466 5715 non
2504 5661 2787 5717 erubuerit
2829 5677 3016 5715 secum
3057 5661 3358 5714 COIl\'iV:li'l.
3396 5660 3528 5712 Nam

1911 5750 2173 5806 Dominus
2212 5770 2318 5808 non
2353 5755 2537 5809 omisit
2564 5770 2662 5809 sua
2701 5756 2904 5817 iaeere,
2941 5765 2997 5808 ιιι
3027 5754 3187 5808 nobis
3217 5754 3528 5822 exemplum

1911 5845 2060 5897 daret
2091 5854 2148 5898 ut
2172 5861 2345 5914 usque.
2367 5847 2417 5899 in
2443 5847 2602 5898 tinent
2639 5847 2825 5916 lapsos
2856 5847 3053 5900 lucrari
3086 5846 3428 5900 stude:intus.
3465 5845 3532 5897 lit

1917 5937 2128 5990 «Filius
2161 5938 2377 6006 quidem
2422 5939 2677 6000 hominis,
2717 5940 2911 6008 inquit,
2948 5941 3140 6010 vadit)
3181 5955 3330 5993 :nou
3367 5943 3523 6006 quasi

1915 6049 2018 6086 non
2077 6033 2253 6086 valeat
2309 6051 2366 6088 se
2421 6035 2718 6102 tiudicare,
2757 6037 2848 6091 sed
2884 6036 3009 6104 quia
3054 6038 3182 6089 olim
3215 6036 3534 6090 decreverat
