4046 6526
556 471 688 538 1067

624 591 784 641 Vsus.
833 583 1014 639 14-20.
1053 604 1068 635 t
1124 584 1186 638 Et
1224 599 1344 638 cum
1382 583 1492 650 jam
1531 593 1676 638 esset
1723 585 2127 650 tempestiuun,
2168 594 2202 642 ει

547 677 821 739 accubuit,
845 689 907 730 ac
938 673 1218 728 duodecim
1241 672 1624 740 apostoli'cum
1666 687 1753 727 eo.
1785 671 1850 725 Et
1884 676 1958 726 ait
1985 672 2128 724 illis:

548 768 827 823 Desiderio
891 763 1191 818 desideravi
1264 764 1368 818 hoc
1412 764 1612 833 past-ha
1654 763 1943 818 comedere
1981 764 2130 818 vobi-

546 877 693 915 scum
727 869 1016 928 antequam
1052 856 1243 927 patiar.
1289 853 1416 908 Dico
1450 856 1592 910 enim
1659 855 1837 920 vobis,
1900 856 2128 925 posthac

549 969 651 1007 non
695 951 846 1005 edam
883 950 1022 1003 ultra
1058 965 1121 1004 ex
1171 965 1257 1012 eo,
1288 950 1458 1003 donec
1511 947 1848 1016 compleatur
1881 948 1932 1000 in
1962 962 2132 1015 regno

551 1045 663 1098 Dei.
717 1045 782 1097 Et
811 1054 1034 1112 accepto
1080 1041 1270 1111 poculo
1296 1047 1498 1112 gratias
1533 1041 1663 1111 egit,
1692 1055 1754 1094 ac
1801 1039 1934 1092 dixit
1973 1055 1988 1092 :
2024 1037 2129 1094 Ac-

547 1137 710 1204 cipilc
747 1137 867 1201 hoc,
911 1145 965 1188 et
1009 1133 1231 1188 dividite
1279 1135 1419 1187 inter
1459 1147 1573 1186 vos.
1613 1130 1742 1185 Dico
1769 1132 1912 1185 enim
1952 1130 2130 1193 vobis.

545 1229 687 1294 quod
721 1241 824 1279 non
861 1225 1042 1278 bibam
1075 1226 1140 1279 de
1192 1224 1369 1279 fructu
1396 1224 1544 1288 vitis,
1579 1225 1754 1278 donec
1780 1239 2002 1293 regnum
2036 1222 2129 1276 Dei

554 1318 755 1372 veniat.
780 1317 846 1371 Et
891 1327 1115 1386 accepto
1165 1333 1322 1388 pane,
1386 1330 1506 1370 eum
1535 1315 1736 1382 gratias
1769 1316 1985 1384 egisset,
2017 1312 2134 1367 ire-

545 1411 641 1480 git,
685 1425 748 1464 ac
785 1411 932 1464 dedit
973 1411 1072 1473 eis,
1115 1410 1300 1464 dicens
1336 1425 1349 1462 :
1400 1407 1512 1461 lloc
1552 1417 1632 1460 est
1690 1410 1885 1473 corpus
1931 1421 2130 1469 meum,

545 1502 691 1568 quod
743 1517 840 1569 pro
862 1500 1014 1554 vobis
1061 1499 1242 1554 datur.
1283 1499 1395 1554 Hoc
1443 1499 1603 1552 facite
1645 1497 1696 1550 in
1750 1498 1850 1553 mei
1881 1499 2132 1553 recorda-

551 1594 772 1646 tionem.
827 1591 1091 1645 Similiter
1136 1603 1189 1646 et
1232 1594 1479 1661 poculmn
1546 1603 1831 1663 postquam
1877 1591 2128 1656 emtiavit,

549 1687 727 1737 dicens
762 1701 775 1736 :
815 1682 922 1736 Hoc
954 1684 1202 1752 poculum
1234 1697 1429 1738 novum
1461 1684 1862 1739 Testamentum
1895 1684 1947 1737 itt
2007 1698 2133 1738 sau—

547 1775 708 1844 guine
769 1788 911 1838 meo,
971 1774 1060 1840 qui
1128 1789 1224 1837 pro
1274 1776 1428 1828 vobis
1480 1773 1806 1829 eﬂundetur.
1864 1793 1880 1826 ι
1928 1773 2133 1828 Pascha

545 1876 755 1918 stantes
805 1864 1183 1930 tomedebarrt,
1234 1868 1504 1935 quomodo
1546 1868 1708 1937 igitur
1751 1867 2009 1921 DOtninns
2053 1882 2138 1920 re-

1471 471 1775 532 ΤΠΕΟΡΠ
1789 471 1879 530 YL
1895 469 2052 529 -\CTl
2096 465 2508 528 BULGARLE
2554 465 2756 524 .ll'lClI
2771 466 2786 522 l
2801 462 2912 523 ΕΡ.

2314 599 2334 632 ς
2375 581 2480 632 Καὶ
2506 580 2596 632 ὅτε
2625 578 2844 646 ἐγένετο
2874 579 2907 647 ἡ
2943 576 3083 647 ὥρα,
3127 575 3396 630 ἀνέπεσε’
3439 577 3534 630 καὶ
3557 577 3607 632 ol
3627 578 3836 635 δώδεκα

2235 671 2523 726 ἀπόστολοι
2554 672 2650 724 σὺν
2677 669 2849 740 αὐτῷ.
2896 668 3005 721 Καὶ
3055 664 3176 722 εἶπε
3210 670 3346 740 πρὸς
3403 671 3632 735 αὐτούς·
3688 675 3838 728 Ἐπί.

2235 767 2405 836 θυμία
2437 765 2762 834 ἐπεθύμησα
2793 763 2954 816 τοῦτο
2987 763 3046 816 τὸ
3087 763 3271 835 πάσχα
3303 768 3504 833 φαγεῖν
3529 766 3653 835 μεθ⁹
3678 768 3834 839 ὑμῶν

2235 860 2342 929 πρὸ
2378 858 2472 910 τοῦ
2515 876 2587 928 με
2634 858 2846 911 παθεῖν.
2908 855 3069 922 Λέγω
3115 856 3223 928 γάρ
3255 858 3403 926 ὑμῖν,
3464 859 3551 912 ὅτι
3606 860 3709 914 οὐκ
3755 862 3833 915 ἔτι

2236 954 2294 1004 ού
2333 953 2409 1021 μὴ
2445 955 2604 1019 φάγω
2672 951 2728 1015 ἐξ
2791 947 2978 1013 αὑτοῦ,
3035 949 3139 1012 ἕως
3189 950 3313 1002 ὅτου
3352 950 3618 1021 πληρωθῇ
3661 953 3833 1025 ἐν’τῇ

2237 1042 2484 1113 βασιλείᾳ
2510 1042 2604 1095 τοῦ
2625 1041 2782 1096 Θεοῦ.
2815 1043 2928 1094 Καὶ
2961 1041 3255 1110 δεξάμενος
3287 1028 3570 1113 ποτήριον,
3609 1046 3835 1114 εὐχαρι-

2236 1137 2440 1207 στὴσας
2465 1130 2588 1189 εἷπε
2613 1152 2626 1166 ·
2652 1134 2863 1188 Λάϐετε
2885 1132 3062 1200 τοῦτο,
3092 1134 3186 1186 καὶ
3213 1134 3570 1205 διαμερίσατε
3597 1138 3836 1203 ἑαυτοῖς.

2235 1230 2396 1296 Λέγω
2426 1227 2534 1297 γὰρ
2569 1229 2718 1296 ὑμῖν,
2758 1227 2840 1279 ὅτι
2872 1228 2932 1280 οὐ
2969 1227 3044 1297 μὴ
3080 1227 3186 1279 πίω
3217 1229 3326 1279 ἀπὸ
3360 1228 3454 1280 τοῦ
3489 1230 3838 1300 γεννήματος

2235 1317 2331 1384 τῆς
2360 1316 2630 1384 ἀμπέλου,
2655 1314 2760 1376 ἕως
2782 1314 2908 1366 ὅτου
2935 1317 2966 1385 ἡ
2994 1314 3238 1384 βασιλεία
3263 1313 3358 1366 τοῦ
3387 1314 3526 1367 Θεοῦ
3550 1315 3702 1386 ἔλθῃ.
3726 1318 3838 1370 Καὶ

2235 1405 2414 1459 λαϐὼν
2439 1407 2625 1476 ἄρτον,
2651 1405 3058 1475 εὐχαριστήσας
3091 1405 3312 1471 ἔκλασε,
3371 1407 3465 1459 καὶ
3501 1406 3706 1459 ἔδωκεν
3735 1409 3837 1460 αύ-

2235 1502 2369 1562 τοῖς,
2397 1497 2602 1565 λέγων·
2637 1496 2807 1550 Τοῦτό
2834 1500 2950 1548 ἐστι
2982 1497 3042 1549 τὸ
3062 1496 3222 1566 σῶμα
3256 1515 3378 1567 μου,
3409 1499 3468 1550 τὸ
3499 1498 3645 1567 ὑπὲρ
3679 1499 3837 1568 ὑμῶν

2235 1591 2530 1661 διδόμενον,
2591 1587 2752 1642 τοῦτο
2809 1591 3012 1642 ποιεῖτε
3066 1590 3147 1654 είς
3172 1589 3269 1660 τὴν
3318 1590 3837 1661 ὲμὴνάνάμνησινο

2236 1683 2497 1746 ὡσαύτως
2534 1681 2714 1735 καὶτὸ
2752 1683 3011 1753 ποτήριον
3038 1682 3176 1750 μετά
3212 1681 3272 1734 τὸ
3300 1682 3615 1751 δειπνῆσαι,
3635 1684 3834 1750 λέγων’

2238 1776 2412 1830 Τοῦτο
2449 1777 2511 1829 τὸ
2542 1776 2807 1846 ποτήριον
2842 1777 2874 1845 ὴ
2915 1775 3092 1844 Καινὴ
3127 1775 3374 1846 Διαθήκη
3417 1779 3474 1828 ὲν
3520 1778 3600 1845 τῷ
3633 1777 3837 1846 αἵματί

2242 1883 2366 1937 μου,
2401 1867 2460 1919 τὸ
2493 1866 2634 1936 ὑπὲρ
2667 1866 2822 1933 ὑμῶν
2855 1867 3243 1934 ὲκχυνόμενον.
3277 1885 3294 1918 ι
3333 1867 3405 1919 Τὸ
3439 1868 3634 1936 Πάσχα
3685 1870 3838 1923 ίστά-

548 1957 802 2011 cutnbet'c
849 1958 1091 2011 dicitur?
1149 1959 1340 2012 Dicunt
1406 1960 1586 2026 itaque
1656 1962 1796 2029 quod
1851 1968 2130 2030 postquam

2242 1978 2392 2030 μενοι
2426 1960 2634 2031 ἢσθιον·
2675 1960 2790 2022 πῶς
2818 1959 2910 2013 οὖν
2958 1960 2985 2010 ὁ
3010 1960 3216 2029 Κύριος
3249 1962 3546 2012 ἀναπεσεῖν
3579 1960 3835 2028 λέγεται,

549 2052 781 2101 tomedrt
846 2049 1014 2116 legale
1059 2051 1277 2118 past-ha,
1337 2051 1706 2106 recubuerunt
1738 2066 1886 2105 more
1927 2052 2128 2122 vulgari

547 2143 889 2197 eumedentes
939 2143 1076 2198 alios
1131 2144 1387 2212 quosdam
1431 2145 1602 2198 cibos.
1651 2146 1788 2200 Dicit
1827 2155 2006 2200 autem
2065 2148 2130 2200 od

548 2235 838 2304 discipulos
876 2253 888 2289 :
934 2234 1214 2291 Desiderio
1264 2237 1563 2292 desideravi
1607 2239 1709 2292 hoc
1744 2239 1942 2309 pascha
1985 2254 2134 2292 mau-

552 2332 756 2385 d‘icare
780 2331 1080 2394 vobiscum,
1113 2333 1425 2400 priusquam
1465 2334 1669 2404 patiar;
1699 2335 1852 2404 quasi
1877 2335 2076 2388 diceret
2118 2353 2130 2388 :

552 2423 676 2479 Ηίοο
727 2437 968 2480 extrema
1035 2439 1187 2480 cmna
1219 2441 1332 2480 mea
1385 2438 1468 2482 εει
1509 2429 1808 2491 vobiscum,
1845 2428 2046 2482 ideirco
2084 2438 2136 2481 et

551 2527 702 2585 grata
732 2527 785 2571 et
813 2517 1183 2570 desiderabilis
1208 2533 1224 2583 ;
1257 2532 1378 2570 nam
1417 2520 1552 2571 ultra
1581 2519 1853 2572 vobiscum
1885 2535 1988 2572 non
2017 2534 2134 2572 sum

553 2610 939 2663 tnnviramrus
969 2625 983 2662 :
1025 2613 1163 2662 sicut
1193 2623 1242 2664 et
1284 2625 1510 2680 peregre
1537 2609 1830 2678 profecturi
1866 2622 2135 2681 postrema

547 2699 815 2768 colloquia
869 2715 992 2753 cum
1047 2700 1282 2754 maxime
1332 2699 1690 2756 familiaribus
1739 2705 1978 2754 suaviter
2035 2702 2135 2755 mi-

552 2803 722 2846 scent.
767 2789 854 2844 Vel
878 2790 1033 2844 aliter
1063 2807 1076 2844 :
1114 2789 1426 2847 Desideravi
1459 2791 1559 2846 hoc
1583 2794 1780 2860 pascha
1807 2794 2136 2848 manducare

555 2883 858 2946 vobiscum,
916 2897 979 2936 eo
1028 2885 1168 2952 quod
1205 2898 1392 2951 magna
1432 2885 1687 2953 mysteria
1736 2883 1789 2938 iu
1840 2886 1940 2939 hac
1985 2886 2137 2940 vobis

556 2990 710 3028 urna
743 2977 841 3028 sint
873 2975 1184 3037 traditurus,
1209 2973 1585 3046 mnempe
1617 2991 1679 3029 ea
1710 2989 1829 3044 qua:
1856 2986 1981 3030 sunt
2001 2975 2134 3030 Novi

555 3063 905 3119 TtBSltltllt‘Dll.
966 3063 1249 3134 Signiﬁcat
1294 3076 1471 3118 autem
1515 3081 1609 3131 per
1669 3065 1809 3130 haec,
1871 3067 2010 3134 quod
2047 3082 2138 3120 vo-

556 3156 789 3209 luntarie
827 3156 1079 3225 patiatur.
1127 3155 1341 3210 Poterat
1381 3156 1520 3210 enim
1587 3159 1808 3212 omnino
1859 3157 2134 3223 secedere,

554 3248 695 3300 sicut
728 3258 782 3300 et
812 3248 929 3306 aliis
975 3247 1332 3316 temporibus,
1371 3261 1492 3302 cum
1535 3249 1701 3302 sciret
1747 3262 1804 3302 se
1826 3263 2131 3318 passurum.
2161 3280 2203 3337 ϐ

553 3336 704 3403 Quod
738 3349 916 3393 autem
954 3339 1106 3401 dicit,
1130 3338 1247 3391 Nuu
1294 3338 1472 3392 bibam
1497 3338 1671 3404 illum,
1711 3340 1878 3392 donec
1909 3343 2128 3408 regnum

557 3427 648 3482 Dei
691 3432 904 3490 veniat,
948 3431 1165 3498 quidam
1223 3439 1535 3484 sanctorum
1579 3429 1990 3495 intellexerunt,
2030 3429 2132 3482 Do-

555 3535 657 3574 nec
688 3535 989 3591 resurgam.
1031 3519 1157 3574 Post
1197 3523 1646 3576 resurrectionem
1677 3520 1818 3576 enim
1850 3535 2135 3574 conversa-

533 3615 640 3665 tus
663 3622 746 3665 est
775 3627 896 3666 cum
925 3612 1228 3681 discipulis,
1249 3623 1302 3664 et
1328 3614 1584 3676 comedit,
1607 3621 1662 3666 et
1690 3611 1826 3666 bibit
1853 3626 1973 3664 cum
2006 3610 2087 3664 eis
2119 3627 2131 3660 :

554 3703 696 3758 sient
743 3715 799 3759 et
837 3702 1034 3758 Petrus
1073 3706 1138 3758 ad
1190 3703 1500 3758 Cornelium
1552 3704 1722 3757 dicit:
1762 3721 1780 3754 ι
1813 3702 1914 3768 Qui
1960 3717 2139 3756 come-

555 3797 734 3849 dimus
767 3807 822 3850 et
845 3795 1074 3849 bibimus
1108 3811 1227 3849 cum
1258 3811 1324 3851 eo
1355 3807 1468 3864 post
1501 3796 1953 3849 resurrectionem
1982 3794 2068 3846 ¹⁸”.
2111 3814 2127 3844 ι

554 3884 709 3951 Quod
768 3894 945 3939 autem
997 3898 1222 3954 regnum
1274 3885 1365 3938 Dei
1408 3887 1476 3940 sit
1517 3885 1864 3948 resurrectio,
1919 3882 2117 3938 manife

557 3989 699 4030 stum
743 3985 846 4029 est.
884 3973 1231 4031 Besurrectib
1275 3978 1418 4030 enim
1451 3975 1717 4031 destruxit
1753 3987 2021 4032 mortem:
2056 3990 2141 4028 re.

558 4067 740 4137 gttavit
772 4075 951 4120 autem
985 4081 1131 4120 mors
1175 4068 1242 4119 ab
1302 4067 1472 4121 Adam
1515 4082 1687 4135 usque
1715 4066 1782 4120 ad
1825 4067 2139 4131 Christum;

561 4164 687 4211 tunc
729 4168 905 4210 autem
944 4157 1243 4222 destructa,
1280 4159 1553 4213 concessit
1589 4157 1818 4212 Domino
1858 4158 2140 4213 victoriam

560 4257 614 4302 et
648 4263 906 4318 regnum:
940 4251 1394 4318 quemadmodum
1438 4251 1640 4303 dictum
1675 4260 1798 4304 est:
1842 4268 1860 4302 t
1899 4247 1999 4305 Ubi
2035 4258 2140 4316 est,

566 4355 732 4406 mors,
769 4341 991 4395 victoria
1035 4350 1122 4394 tua
1165 4340 1245 4394 “7
1274 4351 1326 4395 et
1347 4341 1572 4411 ‘David:
1612 4360 1631 4393 ι
1664 4341 1918 4396 Dominus
1959 4358 2147 4412 regna-

567 4431 671 4495 rit;
716 4449 733 4481 ι
773 4429 971 4485 deinde
1050 4431 1415 4500 interpretans
1473 4432 1742 4500 quomodo
1793 4433 2142 4500 regnaverit;

567 4539 584 4572 ι
617 4522 898 4583 Deeorem,
924 4521 1119 4590 inquit,
1139 4523 1358 4575 indutus
1371 4530 1474 4587 est,
1495 4538 1514 4573 ι
1534 4521 1992 4587 incorruptionem
2014 4522 2148 4574 acci-

2235 2052 2500 2118 Λέγουσιν
2522 2047 2616 2104 οὖν
2640 2052 2722 2104 ὅτι
2755 2051 2892 2120 μετά
2923 2052 2985 2104 τὸ
3032 2055 3228 2120 φαγεῖν
3258 2051 3318 2104 τὸ
3359 2053 3589 2121 νομικὸν
3623 2054 3833 2124 πάσχα,

2235 2144 2500 2196 ἀνέπεσον
2560 2143 2745 2196 λοιπὸν
2784 2143 2948 2214 κοινῷ
2988 2145 3179 2214 τρόπῳ
3230 2143 3504 2208 ἐσθίοντες
3539 2145 3679 2200 ἄλλο.
3719 2149 3837 2200 τινα

2237 2235 2524 2306 βρώματα.
2551 2237 2686 2307 Φησὶ
2714 2237 2768 2289 δὲ
2798 2238 2933 2307 πρὸς
2977 2240 3106 2301 τοὺς
3131 2237 3382 2308 μαθητάς
3408 2254 3422 2268 ·
3466 2257 3484 2289 ι
3533 2239 3835 2311 Ἐπιθυμίᾳ

2236 2328 2559 2400 ἐπεθύμησα
2589 2329 2747 2382 τοῦτο
2804 2330 2864 2382 τὸ
2923 2330 3108 2399 πάσχα
3149 2332 3349 2397 φαγεῖν
3387 2329 3508 2398 μεθ’
3541 2332 3698 2399 ὑμῶν
3733 2332 3835 2402 πρὸ

2235 2419 2331 2472 τοῦ
2368 2438 2434 2489 με
2471 2421 2665 2473 παθεῖν
2686 2436 2699 2448 ”
2736 2439 2752 2470 ι
2781 2419 2985 2473 ὡσανεὶ
3014 2418 3176 2472 τοῦτο
3211 2419 3365 2486 ἔλεγε
3387 2435 3402 2452 ο
3446 2420 3623 2474 Τοῦτό
3652 2439 3744 2491 μοι
3774 2422 3833 2475 τὸ

2235 2511 2542 2564 τελευταῖον
2569 2510 2785 2562 δεῖπνον
2816 2509 2936 2580 μεθ’
2960 2509 3146 2578 ὑμῶν’
3184 2509 3264 2563 διὸ
3294 2511 3387 2564 καὶ
3426 2512 3719 2583 ἀγαπητόν
3745 2531 3834 2583 μοι

2235 2603 2329 2654 καὶ
2381 2601 2719 2670 ὲπιθυμητόν
2777 2602 2961 2654 ἐστιν·
3011 2599 3196 2652 ἄλλοτε
3239 2601 3349 2672 γὰρ
3378 2603 3500 2672 μεθ’
3528 2603 3688 2672 ὑμῶν
3735 2605 3834 2656 οὐκ

2235 2693 2667 2766 ἑστιασοήσομαι
2692 2711 2705 2725 ·
2738 2692 2928 2763 ὥσπερ
2960 2693 3051 2746 καὶ
3103 2695 3150 2744 οί
3196 2693 3485 2761 μέλλοντες
3540 2697 3835 2768 ἀποδημη-

2237 2803 2373 2850 σειν,
2407 2787 2473 2835 τά
2509 2785 2797 2838 τελευταῖα
2832 2785 3131 2854 προσφωνή
3143 2802 3290 2854 ματα
3322 2789 3437 2849 τοῖς
3480 2789 3712 2852 οἰκείοις
3741 2789 3832 2842 καὶ

2236 2876 2482 2946 γνησίοις
2503 2875 2765 2947 ἡδύτερον
2796 2880 2890 2930 καὶ
2914 2875 3295 2947 ποθεινότερον
3331 2879 3700 2949 προσάγουσι.
3727 2883 3834 2934 Καὶ

2237 2971 2410 3031 ἄλλως
2444 2969 2532 3022 δέ·
2576 2967 2935 3039 Ἐπεθύμησα
2966 2967 3126 3021 τοῦτο
3159 2969 3215 3021 τὸ
3245 2972 3433 3041 πάσχα
3482 2975 3684 3041 φαγεῖν
3717 2975 3834 3044 μεθ’

2238 3061 2412 3132 ὑμῶν,
2443 3060 2578 3112 διότι
2615 3060 2684 3114 τὰ
2725 3059 2942 3128 μεγάλα
2998 3065 3273 3134 μυστήρια
3329 3066 3388 3117 ὲν
3447 3065 3625 3135 τούτῳ
3657 3067 3835 3136 μέλλω

2239 3151 2574 3225 παραδοῦναι
2597 3154 2748 3219 ὑμῖν,
2782 3153 2847 3204 τά
2884 3155 2980 3222 τῆς
3015 3141 3223 3224 Καινῆς
3254 3155 3558 3228 Διαθήκης.
3595 3159 3760 3229 Δηλοί
3779 3160 3833 3213 ὁὶ

2235 3247 2324 3300 διὰ
2381 3243 2592 3308 τούτου,
2656 3245 2737 3297 ὅτι
2775 3242 2917 3298 ἑκὼν
2973 3247 3193 3317 πάσχει.
3244 3248 3404 3318 Ἐξῆν
3463 3252 3574 3320 γὰρ
3616 3259 3835 3315 πάντως

2237 3338 2406 3407 αύτῷ,
2428 3336 2616 3406 mist,
2639 3335 2936 3404 ἐγίνωσκεν
2963 3339 3045 3391 ὅτι
3077 3340 3265 3408 μέλλει
3297 3339 3512 3403 παθεῖν.
3542 3342 3836 3412 smmis.

2239 3432 2422 3500 ρῆσαι,
2460 3428 2651 3498 ὥσπερ
2708 3429 2812 3482 κάν
2849 3431 2962 3491 τοῖς
3019 3431 3310 3501 προτέροις
3371 3436 3610 3500 καιροῖς.
3641 3435 3715 3487 Τὸ
3753 3436 3830 3490 δὲ.

2245 3539 2262 3572 ι
2307 3520 2380 3573 Οὐ
2415 3519 2490 3590 μὴ
2543 3520 2651 3571 πίω
2696 3519 2850 3583 αὐτὸ,
2887 3520 2992 3583 ἕως
3021 3521 3148 3573 ὅτου
3181 3521 3212 3590 ἡ
3251 3520 3506 3590 βασιλεία
3567 3522 3664 3576 τοῦ
3699 3524 3831 3577 Θεοῦ

2240 3613 2390 3684 ἔλθῃ.
2442 3631 2459 3663 ι
2485 3612 2628 3674 τινὲς
2670 3613 2776 3664 τῶν
2812 3613 2983 3680 ἁγίων
3010 3612 3269 3683 ἐνόησαν,
3307 3616 3432 3667 ἀντί
3484 3614 3604 3679 τοῦ,
3643 3618 3838 3687 Ἀχρις

2239 3696 2301 3754 οὗ
2331 3700 2569 3776 ἀναστῶ.
2593 3701 2748 3754 Μετὰ
2780 3703 2886 3772 γὰρ
2911 3702 3010 3772 τὴν
3050 3703 3348 3756 ἀνάστασιν
3385 3707 3838 3776 συναυλιζόμενσς

2241 3772 2350 3855 τοῖς
2384 3791 2673 3862 μαθηταῖς.
2726 3794 2820 3845 καὶ
2857 3795 3154 3862 συνέφαγε,
3199 3798 3296 3848 καὶ
3331 3799 3590 3850 συνέπιεν
3622 3772 3837 3863 αύτοῖςο

2241 3881 2429 3951 ὠσπερ
2461 3883 2554 3933 καὶ
2590 3881 2796 3951 Πέτρος
2827 3885 2963 3953 ςιησ)⁸
2995 3885 3131 3954 πρὸς
3176 3886 3478 3957 Κορνήλιον
3501 3905 3514 3917 ·
3560 3907 3578 3940 ι
3626 3889 3839 3953 Οῖτινες

2245 3973 2621 4042 συνεφάγομεν
2651 3975 2747 4028 xal
2779 3975 3103 4045 συνεπίομεν
3125 3977 3274 4047 αὑτῷ
3304 3980 3444 4046 μετά
3476 3978 3571 4050 τὴν
3595 3982 3838 4035 ἀνάστα-

2247 4083 2352 4120 σιν.
2398 4085 2416 4116 ι
2463 4065 2584 4117 Ὅτι
2613 4065 2670 4116 δὲ
2705 4065 2953 4134 βασιλεία
2981 4066 3076 4120 τοῦ
3100 4069 3237 4122 Θεοῦ
3286 4073 3318 4139 ἡ
3353 4071 3676 4135 ἀνάστασις.
3713 4075 3844 4145 πρό-

2245 4158 2424 4228 δηλον.
2473 4157 2536 4210 ’Π
2563 4159 2672 4226 γὰρ
2725 4158 3047 4223 ἀνάστασις,
3087 4161 3390 4224 κατάλυσις
3417 4163 3514 4216 τοῦ
3565 4166 3837 4218 θανάτου*

2240 4249 2566 4303 ίδασίλευσε
2611 4249 2667 4302 δὲ
2701 4252 2729 4304 ό
2783 4251 3014 4315 θάνατος
3049 4255 3158 4307 ἀπὸ
3199 4255 3370 4325 ’Δδάμ
3421 4256 3526 4319 ἓως
3555 4258 3838 4328 Χριστοῦ·

2247 4343 2366 4396 τότε
2404 4342 2458 4396 δὲ
2499 4342 2848 4410 καταλυθεὶς,
2888 4346 3254 4417 παρεχώρησε
3289 4348 3364 4417 τῷ
3393 4350 3589 4421 Κυρίῳ
3624 4352 3725 4420 τῆς
3764 4353 3842 4406 νζ-

2248 4452 2351 4502 κης
2405 4435 2635 4505 καὶτῆς
2695 4435 3012 4505 βασιλείας,
3065 4439 3200 4490 καθὸ
3233 4441 3478 4509 εἴρηται·
3512 4459 3531 4492 ι
3577 4443 3684 4496 Ποῦ
3726 4461 3839 4508 σου.

2250 4527 2473 4592 θάνατε,
2502 4527 2562 4580 τὸ
2587 4531 2734 4590 νῖκος
2765 4545 2780 4592 ;
2820 4546 2837 4579 ι
2876 4527 2971 4582 καὶ
3006 4531 3034 4582 ὁ
3071 4530 3254 4596 Δαυῒδ,
3320 4550 3338 4582 ι
3389 4533 3448 4586 '0
3484 4533 3691 4603 Κύριος
3718 4537 3844 4591 ἐδα-

564 4614 740 4684 piente
777 4627 1028 4683 corpore,
1056 4623 1108 4668 et
1130 4613 1386 4669 deeorato
1407 4614 1626 4680 deitate,
1658 4613 1897 4668 utlsaias
1928 4615 2099 4683 inquit
2125 4631 2137 4668 :

2249 4619 2495 4672 σίλευσεν
2521 4635 2533 4646 ·
2567 4636 2585 4670 ι
2617 4613 2736 4671 εἶτα
2768 4618 3090 4690 ἑρμηνεύων
3121 4621 3236 4684 πῶς
3262 4621 3642 4693 ἐϐασίλευσεν,
3683 4647 3702 4679 ι
3739 4628 3844 4681 Εὐε-

570 4723 587 4756 ι
634 4703 734 4759 llic
787 4704 1063 4759 formosus
1112 4705 1166 4759 in
1233 4704 1394 4771 stola,
1433 4700 1686 4759 violentia
1751 4720 1873 4759 cum
1926 4705 2115 4760 fortitu

565 4799 690 4852 dine
747 4798 811 4851 ".
853 4816 872 4850 ι
914 4796 1172 4852 Dominus
1208 4811 1425 4867 quoque
1481 4809 1767 4867 postquam
1827 4799 2143 4863 resurrexit,

570 4889 783 4955 inquit:
829 4905 847 4938 t
886 4886 1017 4940 Data
1042 4897 1127 4941 est
1175 4889 1306 4941 mihi
1359 4885 1538 4941 omnis
1577 4898 1818 4955 poteStas
1845 4888 1908 4943 ".
1955 4907 1973 4940 ι
2013 4890 2146 4942 Cum

574 4979 735 5048 igitur
760 4979 998 5034 venisset
1037 4979 1386 5042 resurrectio,
1417 4993 1578 5044 quam
1614 4993 1832 5049 regnum
1860 4979 1948 5033 Dei
1986 4982 2157 5034 nomi-

568 5074 734 5132 navit,
767 5085 832 5126 eo
875 5074 1016 5140 quod
1051 5079 1276 5125 mortem
1304 5069 1587 5135 destruxit,
1623 5071 1816 5124 iterum
1863 5071 1995 5125 bibit
2027 5087 2148 5127 cmn

567 5163 1255 5233 discipulis,persuadens
1287 5163 1566 5231 discipulis
1625 5180 1728 5216 non
1772 5163 1923 5228 juxta
1989 5180 2151 5236 appa-

569 5257 798 5310 rentiam
833 5265 1038 5310 tantum
1068 5257 1448 5310 resurrexisse.
1474 5255 1706 5321 Quidam
1726 5266 1901 5310 autem
1926 5272 2148 5326 regnum

571 5357 836 5417 putarunt
872 5347 1110 5402 futurum
1152 5357 1350 5402 statum
1395 5368 1408 5400 :
1451 5348 1634 5402 bibere
1665 5359 1841 5401 autem
1870 5347 2148 5404 Dominum

570 5439 853 5494 nobiscum
885 5438 937 5492 in
964 5436 1164 5500 futuro,
1207 5453 1302 5506 pro
1361 5438 1692 5493 rcvelationc
1740 5445 2146 5509 mysteriorum.

569 5528 876 5584 [nr-tilicaus
924 5530 1068 5583 enim
1109 5544 1204 5581 nos
1235 5531 1591 5595 exhilaratur,
1629 5541 1682 5584 et
1713 5546 1941 5600 pascens
1977 5535 2145 5602 pasci-

571 5634 660 5675 tnr
705 5623 1035 5687 misericors,
1081 5632 1134 5676 et
1196 5631 1441 5676 now-um
1492 5629 1670 5688 potum
1711 5638 1774 5676 ac
1807 5625 2143 5686 alimoniam,

569 5713 670 5767 hoc
741 5723 842 5776 esl,
895 5714 1217 5779 doctrinam,
1276 5714 1557 5783 prOprium
1621 5712 1797 5768 cibum
1848 5715 2138 5767 existimat.

643 5897 715 5931 η·
759 5898 877 5953 Act.
911 5912 964 5964 ι,
1015 5897 1102 5950 ιι.
1184 5891 1289 5968 ",t
1322 5895 1448 5955 Cor.
1476 5912 1566 5965 xv,
1609 5898 1694 5954 55.

1776 5901 1814 5931 ³⁷
1851 5900 1947 5956 lsa.
1975 5919 2124 5968 mn,
2152 5904 2199 5954 t.

2242 4709 2531 4779 πρέπειαν,
2598 4709 2788 4779 φησὶν,
2846 4711 3163 4776 ἐνεδύσατο,
3225 4731 3243 4764 ι
3287 4715 3844 4785 ἁποφθαρτισθὲντος

2243 4799 2336 4852 τοῦ
2397 4803 2682 4870 σώματος,
2744 4803 2839 4855 xal
2890 4805 2956 4873 τῇ
3032 4803 3250 4874 θεότητι
3307 4807 3707 4876 ὼραῖσθὲντοςο
3768 4812 3840 4874 ὡς

2258 4892 2486 4956 Ἡσαΐας
2520 4894 2715 4963 φησίν·
2759 4914 2776 4946 ι
2813 4892 2983 4959 Οὗτος
3013 4897 3215 4968 ὡραῖος
3250 4903 3309 4953 ὲν
3357 4901 3543 4974 στολῇ,
3578 4903 3671 4973 βία
3706 4908 3843 4975 μετά

2249 4981 2452 5051 ίσχύος.
2496 5001 2512 5032 ι
2549 4984 2659 5036 Καὶ
2688 4984 2846 5048 αὐτὸς
2874 4986 2928 5038 δὲ
2957 4987 2985 5039 ὀ
3017 4988 3222 5058 Κύριος
3252 4994 3390 5060 μετά
3426 4993 3488 5046 τὸ
3513 4994 3840 5064 ἀναστῆναι,

2252 5073 2447 5140 φησίν·
2493 5091 2509 5124 ι
2559 5074 2749 5146 Ἐδόθη
2787 5094 2876 5145 μοι
2905 5080 3055 5131 πᾶσα
3088 5081 3330 5145 ἐξουσία.
3377 5103 3395 5134 ι
3424 5084 3536 5154 Τῆς
3565 5087 3662 5140 οὖν
3710 5090 3842 5142 ἀνα-

2253 5163 2494 5225 στάσεως
2517 5165 2800 5236 ἐλθούσης,
2838 5169 2902 5238 ὴν
2932 5169 3212 5238 βασιλείαν
3237 5173 3328 5226 τοῦ
3357 5154 3495 5227 Θεοῦ
3529 5177 3837 5248 ὠνόμασεν,

2250 5253 2324 5316 ὡς
2381 5256 2470 5306 τὸν
2504 5255 2731 5308 θάνατον
2765 5260 3170 5329 καταλύσασαν,
3229 5265 3352 5318 ἔπιε
3401 5267 3567 5320 πάλιν
3607 5272 3705 5322 σὺν
3733 5274 3842 5333 τοῖς

2244 5347 2539 5418 μαθηταῖς,
2601 5353 2963 5421 πιστούμενος
2997 5355 3095 5422 τὴν
3127 5357 3449 5424 ἀνάστασιν,
3483 5361 3560 5422 ὡς
3593 5365 3656 5416 οὐ
3706 5367 3842 5417 κατά

2252 5441 2553 5508 φαντασίαν
2594 5444 2733 5498 ὲστί.
2770 5445 2928 5508 Τινὲς
2960 5447 3015 5499 δὲ
3056 5449 3335 5518 βασιλείαν
3392 5452 3489 5505 τοῦ
3531 5453 3694 5525 Θεοῦ,
3745 5458 3838 5530 τὴν

2256 5533 2554 5600 μέλλουσαν
2594 5540 2933 5592 κατάστασιν
2966 5542 3215 5608 ἐδέξαντο
3236 5561 3248 5572 ·
3303 5546 3482 5598 πίνειν
3532 5548 3591 5601 δὲ
3621 5551 3711 5603 τδν
3741 5552 3837 5604 Ku-

2256 5639 2366 5692 ριον
2396 5627 2454 5678 ὲν
2481 5626 2557 5694 τῷ
2591 5629 2839 5697 μέλλοντι
2865 5631 2984 5702 μεθ’
3020 5634 3198 5704 ήμῶν,
3222 5637 3322 5704 τὴν
3354 5639 3708 5713 ἀποκάλυψιν
3740 5644 3840 5697 τῶν

2257 5719 2570 5788 μυστηρίων
2629 5724 2816 5777 αὑτοῦ.
2879 5724 3202 5795 Εὑφραίνων
3229 5729 3339 5801 γὰρ
3370 5732 3521 5802 ἡμᾶς
3552 5735 3840 5808 εὐφραίνε-

2284 5907 2323 5936 ¹⁸
2349 5906 2532 5963 Matth.
2570 5927 2754 5980 nun,
2795 5913 2876 5987 l8.
