4046 6542
211 496 342 567 ἱθθθ

946 489 1398 552 ENARRATIO
1437 489 1520 550 IN
1557 487 2068 551 EVANGELIUM
2109 489 2350 552 LUC:E.
2387 517 2447 524 —
2483 491 2642 550 CAP.
2690 488 2892 552 XXII.

3417 490 3559 558 1070

206 632 312 677 ται,
355 611 449 666 καί
475 611 694 682 τρέφων
758 607 1028 678 τρέφεται
1059 608 1087 659 6
1134 605 1546 677 φιλάνθρωπος,
1577 610 1672 662 καὶ
1720 612 1814 680 τὴν

1927 608 2088 662 Bibrt
2133 608 2303 677 igitur
2367 616 2497 661 tunc.
2537 622 2733 661 novam
2769 607 3064 678 quamdam
3115 608 3393 677 potionem
3427 627 3554 667 cum

209 706 489 777 ἡμετέραν
531 704 694 756 πόσιν
749 701 843 755 καὶ
877 702 1111 774 τροφὴν,
1144 701 1266 772 ἦτοι
1307 702 1571 773 μάθησιν,
1610 705 1822 758 οἰκείαν

208 801 416 872 τροφὴν
451 796 752 865 λογίζεται.
781 795 976 848 Πίεται
1000 792 1096 849 οὖν
1128 795 1441 866 τηνικαῦτα
1468 799 1668 869 καινήν
1697 816 1821 852 τινα

205 897 359 948 πόσιν
383 893 523 963 μετὰ
545 893 656 944 τῶν
678 890 870 956 ἀξίων,
892 889 1306 945 ἀποκαλύπτων
1334 891 1526 956 αὐτοῖς
1550 893 1637 945 ἀεὶ
1657 894 1823 947 καινά

204 1006 320 1042 τινα
368 987 464 1039 καὶ
517 985 792 1058 ἀσυνήθη.
860 984 968 1038 Δύο
996 986 1054 1038 δὲ
1101 985 1252 1040 δοκεῖ
1280 987 1568 1057 ποτηρίων
1606 998 1836 1058 μνημο-,

205 1082 377 1135 νεύειν
426 1083 453 1133 6
492 1081 710 1142 Λουκᾶς
734 1098 748 1111 ·
795 1079 891 1133 καὶ
943 1078 1002 1132 ἐν
1034 1079 1157 1148 μὲν,
1193 1079 1352 1149 φησὶ,
1410 1097 1430 1130 ι
1457 1078 1696 1142 Λάϐετε,
1725 1082 1822 1133 καὶ

202 1175 560 1246 διαμερίσατε
586 1175 825 1239 ἑαυτοῖς,
853 1194 871 1226 ι
895 1173 922 1227 ὃ
947 1173 1049 1243 τῆς
1073 1174 1325 1237 Παλαιᾶς
1347 1172 1630 1245 Διαθήκης
1650 1175 1820 1229 τύπον

203 1271 346 1324 εἴποι
401 1269 466 1322 ἄν
522 1287 608 1333 τις
644 1264 816 1322 εἶναι’
862 1267 1056 1338 ἕτερον
1107 1268 1186 1329 δὲ,
1241 1269 1384 1338 μετὰ
1411 1267 1474 1321 τὸ
1504 1269 1705 1322 κλάσαι
1729 1269 1821 1322 τὸν

201 1363 365 1432 ἄρτον
411 1362 508 1416 καὶ
543 1348 957 1432 διανείμασθᾶι,
1025 1361 1191 1424 αὐτὸς
1258 1361 1510 1429 διανέμει
1567 1364 1682 1426 τοῖς
1716 1380 1822 1433 μα-

202 1455 414 1525 θηταῖς,
468 1454 496 1507 δ
547 1455 768 1524 καὶτῆς
803 1454 1019 1523 Καινῆς
1068 1452 1351 1525 Διαθήκης
1408 1454 1820 1526 όνομᾶζει,καὶ

203 1548 354 1618 ιντῷ
393 1547 561 1602 αὐτοῦ
591 1547 786 1616 αἵματί
830 1565 965 1618 φησι
988 1547 1153 1601 τοῦτο
1193 1544 1640 1616 ἐγκαινίζεσθαι.
1693 1549 1818 1602 Ἐπὶ

204 1640 301 1711 μὲν
331 1641 441 1712 γὰρ
470 1642 569 1712 τῆς
603 1640 850 1704 Παλαιᾶς
882 1635 1025 1710 αἷμα
1061 1637 1220 1705 ζώων
1265 1641 1480 1710 ἀλόγων
1527 1637 1618 1714 ἦν,
1649 1644 1738 1696 ὅτε
1791 1644 1818 1695 ό

199 1736 363 1805 νόμος
399 1736 556 1805 ἐδόθη
579 1751 592 1764 ⁶
620 1735 718 1790 νῦν
750 1736 811 1790 δὲ
844 1735 940 1789 τοῦ
963 1735 1103 1789 Θεοῦ
1130 1737 1310 1806 Λόγου
1342 1735 1638 1807 ἀνθρώπου
1671 1754 1820 1806 γενο-

205 1832 392 1900 μένου,
427 1832 490 1884 τὸ
519 1828 661 1902 αἷμα
690 1833 790 1903 τὴν
823 1833 1038 1904 Καινὴν
1077 1831 1362 1903 Διαθήκην
1389 1833 1525 1905 ἡμῖν
1547 1835 1816 1904 ἐπισφρα-

198 1923 358 1991 γίζει.
400 1924 585 1976 Εἰπὼν
610 1925 687 1988 δὲ,
737 1945 755 1976 ι
796 1925 870 1978 Τὸ
897 1926 1040 1999 ὑπὲρ
1078 1928 1236 2000 ὑμῶν
1277 1929 1558 2001 διδόμενον
1590 1929 1685 1983 καὶ
1716 1930 1811 1981 ἑκκ-

199 2016 519 2086 χυνόμενον,
564 2037 580 2069 ι
639 2019 740 2089 οὐχ
765 2018 908 2090 ὑπὲρ
955 2021 1066 2073 τῶν
1096 2022 1419 2077 ἀποστόλων
1457 2022 1623 2093 μόνον
1672 2021 1812 2075 δεδό-

200 2107 324 2160 σθαι
359 2107 513 2173 δηλοῖ
545 2109 606 2162 τὸ
629 2110 793 2182 σῶμα
826 2109 1016 2173 αὑτοῦ,
1046 2113 1143 2166 καὶ
1172 2114 1233 2167 τὸ
1260 2107 1401 2185 αἷμα
1449 2113 1808 2184 ὲκκεχῦσθαι,

197 2199 312 2253 ἁλλ’
348 2200 491 2271 ὑπὲρ
527 2199 625 2272 τῆς
662 2204 1021 2276 ἀνθρωπίνης
1055 2205 1300 2274 φύσεως.
1340 2208 1513 2260 Ὅταν
1536 2202 1632 2261 οὖν
1654 2206 1808 2278 εἴπῃ,

203 2312 223 2344 ι
267 2292 441 2363 ’Υπὲρ
477 2294 633 2364 ὑμῶν
668 2296 983 2367 διδόμενον,
1054 2317 1071 2349 ι
1131 2299 1256 2352 ἀντὶ
1300 2297 1420 2364 τοῦ,
1488 2297 1664 2371 ’Υπὲρ
1712 2302 1813 2370 τῆς

196 2384 474 2456 ὑμετέρας
503 2386 727 2454 φύσεως
747 2388 860 2442 τῶν
885 2389 1217 2461 ἀνθρώπων,
1276 2390 1410 2444 νόει.
1462 2389 1538 2445 Τὸ
1589 2393 1688 2462 μὲν
1719 2387 1813 2444 οῦν

199 2478 426 2533 παλαιὸν
450 2485 639 2552 πάσχα
670 2483 763 2535 ἐπὶ
794 2484 859 2554 τῇ
888 2483 1187 2554 ἀπαλλαγῇ
1222 2484 1325 2553 τῆς
1356 2483 1606 2548 δουλείας
1629 2487 1730 2557 τῆς
1755 2486 1812 2538 ὲν

198 2574 463 2645 Αἰγύπτῳ
500 2576 760 2642 ἐτελεῖτο,
796 2578 890 2630 καὶ
917 2577 978 2630 τὸ
1010 2573 1150 2649 αἷμα
1187 2577 1283 2630 τοῦ
1319 2577 1603 2650 προϐάτου
1629 2580 1725 2631 ἐπὶ
1745 2580 1810 2649 τῇ

198 2671 530 2740 συντηρήσει
577 2670 687 2724 τῶν
724 2672 1093 2742 πρωτοτόκων
1121 2689 1135 2702 ·
1173 2674 1234 2726 τὸ
1264 2673 1320 2726 δὲ
1374 2673 1564 2728 καινὸν
1621 2673 1814 2744 Πάσχα

197 2756 289 2812 ἑπὶ
323 2759 520 2828 ἀφέσει
547 2759 858 2830 ἁμαρτιῶν,
897 2763 992 2815 καὶ
1021 2763 1116 2815 ἐπὶ
1145 2764 1480 2836 συντηρήσει
1506 2764 1616 2818 τῶν
1644 2767 1813 2835 ἡγια-

199 2853 413 2920 σμένων
445 2853 539 2906 καὶ
561 2855 966 2925 ἀφωρισμένων
997 2856 1279 2927 λογισμῶν
1309 2857 1386 2928 τῷ
1410 2857 1553 2928 Θεῷ.
1589 2859 1815 2929 Πρῶτον

197 2941 251 2996 δὲ
282 2945 311 2997 6
339 2945 526 3016 ἄρτος,
555 2941 676 3001 εἶτα
715 2949 776 3002 τὸ
809 2951 1094 3021 ποτήριον.
1130 2951 1383 3022 Προτέρα
1409 2951 1521 3022 γὰρ
1556 2953 1587 3022 ἡ
1615 2952 1814 3004 ὲπίποι

199 3053 290 3100 νος
321 3038 522 3109 πρᾶξις
572 3042 666 3094 καὶ
705 3041 1184 3113 δυσκατέργαστος
1206 3059 1220 3075 ·
1273 3043 1501 3115 ἱδρῶτες
1533 3045 1644 3116 γὰρ
1678 3061 1814 3115 προ-

199 3131 465 3202 ηγοῦνται
488 3133 587 3203 τῆς
619 3135 823 3206 ἀρετῆς
850 3153 863 3166 ⁸
896 3136 1086 3209 ῶσπερ
1125 3137 1220 3191 οῦν
1252 3138 1347 3191 καὶ
1377 3139 1405 3192 6
1433 3137 1601 3208 ἄρτος
1625 3138 1688 3190 οὐ
1716 3138 1815 3208 μό-

197 3241 290 3278 νον
311 3227 369 3277 ὲν
403 3225 588 3297 ἱδρῶτι
621 3219 716 3281 τοῦ
747 3230 1045 3299 προσώπου
1071 3215 1428 3303 γεωργεῖται,
1463 3230 1603 3285 ἀλλὰ
1634 3231 1728 3284 καὶ
1759 3231 1816 3282 ὲν

1931 702 2131 771 dignis,
2187 702 2443 758 revelatis
2478 702 2556 756 eis
2587 717 2808 772 semper
2857 717 2994 758 nova
3046 705 3296 774 quaedam
3351 717 3408 761 et
3464 707 3555 763 in-

1927 797 2112 851 solita.
2165 797 2409 851 Duorum
2473 805 2654 852 autem
2713 797 2892 852 Lucas
2952 799 3172 853 videtur
3222 801 3550 855 meminisse

1928 891 2273 960 poculorum.
2312 889 2374 945 Et
2429 892 2496 946 de
2534 907 2644 945 uno
2675 892 2894 960 quidem
2929 893 3062 947 dicit
3094 909 3107 946 :
3146 912 3164 944 ι
3206 894 3456 964 Accipite
3495 905 3553 950 et

1932 985 2161 1040 dividite
2191 987 2339 1041 inter
2380 999 2520 1054 vos;
2553 1005 2572 1038 ι
2615 987 2763 1056 quod
2798 985 3014 1042 Veteris
3039 986 3383 1044 Testameati
3414 988 3555 1060 ligu-

1929 1096 2045 1134 raut
2097 1081 2224 1149 quis
2295 1095 2420 1136 esse
2475 1079 2719 1148 dixerit;
2765 1093 2819 1136 et
2863 1083 2931 1138 de
2985 1082 3164 1138 altero
3207 1086 3351 1154 quod
3395 1085 3552 1152 illud,

1927 1182 2219 1242 postquam
2266 1171 2430 1242 fregit
2471 1187 2665 1242 partem
2701 1185 2756 1227 et
2781 1173 3085 1242 distribuit,
3121 1175 3238 1246 ipse
3271 1177 3554 1233 distribuit

1926 1265 2236 1334 discipulis,
2267 1267 2412 1336 quod
2439 1277 2495 1321 et
2522 1264 2658 1320 Novi
2695 1265 3033 1321 Tcstamenti
3067 1269 3336 1334 nominat,
3369 1282 3424 1326 et
3450 1287 3552 1326 suo

1925 1360 2190 1429 sanguine
2241 1360 2375 1412 dicit
2409 1360 2512 1414 hoc
2542 1360 2811 1414 innovari.
2837 1359 2894 1414 ln
2926 1357 3110 1414 Veteri
3144 1361 3291 1414 enim
3320 1362 3550 1429 sanguis

1925 1464 2047 1507 erat
2115 1451 2403 1506 brutornm
2437 1453 2780 1519 animalium,
2816 1469 2939 1508 cum
2989 1454 3075 1508 lex
3110 1455 3322 1523 vigeret
3355 1472 3371 1510 :
3403 1471 3552 1513 nunc

1923 1557 2104 1601 autem
2159 1562 2281 1602 cum
2311 1548 2550 1602 Verbum
2591 1547 2683 1603 Dei
2720 1548 2882 1603 homo
2927 1547 3130 1604 factum
3176 1563 3282 1616 est,
3325 1553 3549 1623 sanguis

1925 1639 2133 1694 Novum
2161 1639 2576 1696 Testamentum
2603 1641 2762 1696 nobis
2797 1642 3132 1712 obsignavit.
3168 1643 3412 1699 Diccndo
3444 1660 3544 1699 au-

1926 1744 2056 1799 tem,
2094 1750 2113 1784 t
2151 1731 2306 1799 Quod
2341 1747 2444 1803 pro
2481 1732 2636 1788 vobis
2691 1733 2854 1787 datur
2902 1743 2959 1788 et
3012 1731 3329 1798 effunditur,
3386 1754 3407 1787 ι
3439 1751 3545 1789 non

1923 1837 2022 1891 pro
2055 1822 2187 1879 solis
2219 1823 2485 1893 apostolis
2531 1825 2711 1894 signat
2754 1839 2952 1893 corpus
2997 1824 3115 1893 ejus
3161 1841 3282 1880 esse
3332 1826 3541 1891 datum,

1921 1927 1975 1970 et
2039 1915 2360 1986 sanguinem
2392 1916 2515 1987 ejus
2545 1933 2669 1972 esse
2721 1916 2980 1983 etTusutn,
3027 1923 3121 1974 sed
3156 1934 3258 1990 pro
3303 1921 3546 1974 humano

1849 1984 1889 2038 Β
1917 2024 2135 2080 genere.
2153 1984 2390 2077 Quando
2413 1984 2578 2079 igi'ur
2601 2012 2756 2076 dicit,
2781 2030 2798 2063 t
2828 2013 2982 2079 Quod
3007 2029 3103 2084 pro
3120 1984 3274 2068 vobis
3299 2014 3482 2080 datur,
3520 2035 3538 2065 ι

1920 2101 2186 2172 intellige,
2223 2101 2331 2158 Pro
2367 2115 2554 2159 vestro
2605 2104 2890 2158 hominum
2938 2121 3159 2176 genere.
3200 2103 3366 2162 Vetus
3393 2109 3542 2162 enim

1919 2200 2118 2266 pascha
2177 2197 2561 2267 perﬁciebatur
2603 2200 2672 2252 ob
2716 2198 3098 2255 liberationem
3154 2203 3437 2256 servitutis
3473 2215 3539 2256 ex

1918 2290 2175 2362 Egypto,
2215 2303 2270 2346 et
2330 2291 2553 2361 sanguis
2611 2295 2736 2360 agni
2793 2304 3019 2363 propter
3077 2307 3291 2350 servata
3328 2298 3539 2366 primo-

1917 2387 2099 2453 genita
2130 2402 2144 2438 :
2183 2383 2393 2437 Novum
2427 2393 2604 2438 autem
2639 2386 2840 2453 pascha
2889 2398 3112 2456 propter
3154 2389 3539 2443 remissionem

1919 2486 2292 2544 peccatorum,
2344 2485 2398 2530 et
2439 2477 2914 2532 conservationem
2968 2480 3368 2549 cogitationum.
3407 2497 3540 2537 san-

1920 2561 2306 2634 élilicatarum,
2343 2579 2398 2624 ct
2426 2579 2884 2625 consecratarum
2917 2569 3051 2627 Deo.
3078 2570 3323 2626 Primum
3354 2583 3538 2629 autem

1916 2659 2085 2733 “9
2114 2662 2289 2730 panis,
2319 2669 2373 2715 et
2402 2661 2599 2716 deinde
2635 2661 2914 2730 poculum.
2955 2663 3202 2717 Primum
3264 2666 3410 2721 enim
3452 2665 3538 2719 lao

1921 2757 2194 2810 boriosior
2240 2754 2388 2810 actio
2422 2766 2476 2812 et
2510 2756 2817 2825 difﬁcilior;
2868 2759 3102 2815 sudores
3137 2761 3286 2816 enim
3326 2775 3540 2831 prtere-

1919 2848 2055 2902 dunt
2107 2849 2410 2904 virtutem:
2473 2851 2936 2920 quemadmodum
3008 2855 3206 2925 panis,
3266 2869 3373 2910 non
3451 2869 3542 2908 so-

1921 2941 2030 2994 lum
2081 2943 2134 2995 in
2177 2944 2383 2998 sudore
2411 2942 2572 2998 faciei
2623 2945 2916 3009 excolitur,
2961 2947 3058 3000 sed
3101 2953 3156 2999 et
3193 2948 3540 3002 comedendu

1919 3036 2206 3105 Operosior
2251 3044 2368 3102 est;
2416 3036 2616 3092 deinde
2661 3045 2785 3104 post
2835 3037 3052 3094 labores
3120 3038 3308 3093 laetitia
3335 3041 3541 3096 divinis

1921 3129 2132 3197 gratis,
2163 3144 2287 3198 qua:
2334 3130 2586 3200 signatur
2632 3144 2729 3197 per
2759 3129 3038 3200 poculum.
3069 3129 3367 3201 Poetquam
3394 3132 3543 3187 enim

1922 3223 2045 3293 quis
2095 3223 2148 3277 iu
2179 3224 2473 3279 virtutibus
2501 3224 2591 3278 ditt
2621 3226 2972 3293 graviterque
3027 3227 3382 3290 laboravrrlt,
3420 3232 3543 3280 tau-

196 3317 276 3389 τῷ
302 3319 596 3374 ἑσθιεσθαι
641 3321 1254 3396 δυσκατεργαστότερός
1307 3326 1480 3388 ἐστιν,
1533 3320 1636 3378 εἷθ’
1671 3323 1814 3378 οὓτω

1921 3320 2046 3372 dem
2099 3319 2298 3388 dignus
2358 3325 2444 3373 est
2475 3319 2657 3381 donis,
2707 3329 2764 3372 et
2826 3319 3139 3375 inebriatur
3181 3315 3399 3374 laudata
3446 3318 3537 3376 illa

201 3414 341 3480 μετὰ
375 3415 501 3478 τοὺς
539 3416 737 3480 πόνους
769 3419 802 3489 ἡ
839 3419 1156 3490 εὐφροσύνη
1206 3419 1308 3491 τῆς
1341 3419 1437 3472 τοῦ
1482 3417 1621 3472 Θεοῦ
1651 3417 1810 3490 χάρι-

196 3519 308 3567 τος,
361 3505 500 3577 ὅπερ
541 3508 658 3560 ἐστὶ
689 3509 749 3561 τὸ
803 3511 1086 3582 ποτήριον.
1123 3510 1260 3564 Μεθ’
1284 3511 1311 3563 ὃ
1376 3512 1486 3582 γάρ
1537 3528 1620 3573 τις
1652 3512 1710 3562 ὲν
1738 3513 1810 3580 τῇ

198 3595 370 3667 ἀρετῇ
403 3601 470 3670 τῇ
523 3599 994 3674 δυσκατεργάστῳ
1049 3603 1314 3679 κοπιάσῃ,
1344 3604 1464 3657 τότε
1498 3604 1607 3658 τῶν
1654 3621 1812 3676 χαρι-

1917 3414 2186 3470 ebrietate
2219 3427 2324 3482 qua
2362 3412 2580 3466 excedit
2621 3426 2689 3465 ex
2741 3412 2843 3466 hoc
2874 3415 3101 3478 mundo,
3133 3416 3275 3469 sicut
3333 3409 3538 3467 Paulus

1921 3515 1974 3560 rt
2008 3503 2200 3568 David,
2235 3515 2290 3558 et
2326 3515 2383 3557 ttt
2416 3503 2710 3558 audentius
2754 3506 3016 3575 quiddam
3066 3509 3267 3574 dicam,
3313 3509 3454 3562 sicut
3482 3519 3537 3559 ct

1924 3600 2067 3653 Deus
2097 3597 2237 3668 apud
2279 3596 2555 3652 "abacuc.

202 3693 424 3763 σμάτων
448 3696 596 3763 ἄξιος
627 3697 860 3765 γίνεται,
885 3701 983 3753 καὶ
1013 3702 1216 3772 πάσχει
1264 3702 1365 3774 τὴν
1397 3703 1571 3774 καλὴν
1610 3703 1804 3774 μέθην,
1848 3697 2207 3767 ἐξιστάμενος
2278 3693 2372 3748 τοῦ
2407 3694 2617 3765 κόσμου
2687 3711 2908 3760 τουτου,
2939 3694 3015 3760 ὡς
3037 3697 3067 3750 6
3093 3695 3328 3760 Παῦλος,
3387 3696 3479 3749 καὶ
3504 3695 3538 3750 6

195 3789 362 3843 Δαυῗδ
389 3806 401 3820 ο
430 3790 731 3862 τολμητέον
761 3791 817 3845 δὲ
845 3794 1044 3858 εἰπεῖν,
1075 3798 1170 3849 καὶ
1203 3796 1279 3860 ὡς
1310 3798 1338 3848 6
1376 3795 1512 3861 Θεὸς
1545 3795 1701 3868 παρὰ
1733 3793 1811 3864 τῷ
1861 3789 2204 3858 Ἀδόακούμ.

275 3902 292 3934 ι
325 3883 476 3953 Πλὴν
505 3885 614 3937 ἰδοὺ
648 3886 825 3955 ὴχεὶρ
856 3887 952 3939 τοῦ
986 3889 1380 3958 παραδιδόντος
1405 3908 1495 3961 με,
1524 3890 1643 3962 μετ’
1669 3891 1806 3961 ἐμοῦ

199 3975 292 4028 ἐπὶ
328 3976 429 4045 τῆς
477 3977 783 4046 τραπέζης.
846 3979 958 4032 Kal.
998 3981 1026 4032 6
1061 3981 1160 4051 μὲν
1209 3981 1340 4045 Υἱὸς
1373 3981 1469 4035 τοῦ
1510 3968 1807 4053 ἀνθρώπου

199 4069 501 4140 πορεύεται
535 4074 678 4126 κατὰ
729 4071 791 4125 τὸ
844 4073 1158 4144 ὡρισμένον
1185 4091 1198 4104 ·
1262 4075 1404 4147 πλὴν
1437 4077 1561 4130 οὐαὶ
1607 4076 1688 4148 τῷ
1715 4077 1809 4130 ἀνι

198 4162 407 4235 θρώπῳ
435 4165 650 4235 ἐκείνῳ,
680 4167 748 4220 δι’
767 4159 828 4218 οῦ
854 4168 1236 4238 παραδίδοται.
1258 4170 1369 4222 Καὶ
1393 4169 1550 4222 αὐτοὶ
1571 4167 1810 4240 ἤρξαντο

197 4258 458 4329 συζητεῖν
509 4260 643 4331 πρὸς
695 4260 945 4326 ἑαυτοὺς,
986 4261 1046 4314 τὺ
1077 4262 1161 4324 τίς
1210 4260 1320 4331 ἄρα
1361 4260 1448 4331 εἴη
1482 4260 1541 4327 ἐξ
1563 4261 1745 4314 αὐτῶν
1784 4261 1812 4313 6

201 4352 422 4420 μέλλων
473 4351 631 4404 τοῦτο
653 4351 941 4422 πράσσειν.
1004 4353 1256 4420 Ἐγένετο
1299 4352 1356 4406 at
1383 4353 1479 4406 καὶ
1518 4353 1820 4422 φιλονεικία

195 4447 254 4498 ἐν
285 4446 496 4506 αὐτοῖς,
556 4446 619 4496 τὸ
670 4445 752 4508 τίς
792 4445 973 4500 αὐτῶν
1029 4445 1179 4499 δοκεῖ
1231 4441 1374 4500 εἶναι
1404 4446 1629 4516 μείζων.
1671 4445 1731 4500 ’0
1761 4445 1818 4499 δὲ

196 4534 352 4591 εἶπεν
389 4537 613 4602 αὐτοῖς·
667 4539 731 4591 Oi
789 4537 1032 4609 βασιλεῖς
1071 4540 1182 4592 τῶν
1240 4539 1416 4594 ἐθνῶν
1462 4539 1817 4612 κυριεύουσιν

195 4628 404 4691 αὐτῶν,
470 4629 564 4682 καὶ
619 4630 667 4682 οἱ
699 4629 1113 4696 ἐξουσιάζοντες
1159 4631 1360 4696 αὐτῶν,
1398 4632 1688 4703 εὐεργέται
1717 4649 1817 4685 κα-

1990 3886 2152 3940 Vt-zas.
2180 3882 2376 3937 21-27.
2402 3899 2420 3934 t
2451 3881 2860 3938 Verumtamem
2891 3897 3020 3937 ecce
3045 3898 3240 3937 manus
3272 3883 3537 3940 tradentis

1916 3994 2024 4042 me,
2047 3987 2372 4032 mecum‘est
2404 3979 2456 4031 in
2491 3992 2704 4032 mensa.
2739 3976 2806 4030 Et
2832 3975 3005 4033 Filius
3032 3977 3254 4048 quidem
3293 3978 3536 4034 hominis

1915 4071 2216 4124 secundum
2267 4070 2411 4138 quod
2438 4069 2724 4123 definitum
2759 4078 2867 4132 est,
2905 4069 3054 4122 vadit
3086 4084 3100 4121 :
3129 4079 3535 4122 verumtament

1917 4178 1997 4217 vat
2031 4163 2236 4218 homini
2271 4161 2351 4216 illi
2401 4175 2497 4232 per
2534 4176 2694 4231 quem
2719 4162 2990 4232 proditur.
3016 4160 3082 4215 Et
3109 4161 3210 4232 ipsi
3245 4173 3539 4232 coeperunt

1917 4272 2166 4329 qttaerere
2202 4258 2346 4311 inter
2395 4271 2540 4319 sese,
2578 4256 2832 4325 quisnam
2865 4265 3013 4311 esset
3043 4271 3109 4311 ex
3141 4255 3274 4326 ipsis
3308 4257 3400 4326 qui
3437 4258 3538 4308 hoc

1920 4352 2165 4405 facturus
2212 4362 2384 4404 esset.
2436 4348 2600 4404 Facta
2638 4362 2722 4404 est
2771 4358 3035 4403 autemet
3084 4349 3366 4403 contentio
3394 4349 3539 4403 inter

1919 4460 2013 4500 eos
2056 4447 2180 4515 quis
2221 4461 2410 4500 eorum
2455 4445 2739 4499 videretur
2790 4459 2911 4499 esse
2947 4445 3142 4512 major,
3176 4443 3324 4498 Dixit
3354 4454 3537 4498 autem

1917 4543 1997 4596 eis
2028 4559 2040 4593 :
2078 4538 2254 4610 Reges
2287 4541 2530 4610 gentium
2556 4541 2913 4594 dominantur
2933 4540 3034 4602 eis,
3063 4550 3117 4593 et
3142 4540 3239 4610 qui
3289 4549 3533 4607 potestn.

1921 4644 2027 4687 tem
2078 4633 2281 4688 habent
2323 4647 2489 4701 super
2531 4648 2649 4698 cas,
2684 4633 2915 4687 beneﬁci
2943 4626 3246 4688 'vocantur.
3286 4632 3392 4687 \‘os
3442 4650 3542 4684 au-

193 4719 441 4774 λοῦνται.
492 4719 682 4791 Ὑμεῖς
733 4721 791 4774 δὲ
857 4721 956 4790 οὐχ
1014 4719 1218 4784 οὕτως’
1276 4721 1392 4776 ἁλλ’
1425 4725 1452 4774 6
1513 4721 1718 4791 μείζων
1750 4723 1808 4772 έν

1923 4735 2028 4779 tem
2062 4739 2168 4778 non
2204 4724 2283 4777 sic
2325 4740 2338 4779 :
2368 4725 2461 4778 sed
2491 4726 2581 4792 qui
2623 4721 2798 4790 major
2844 4735 2931 4778 est
2981 4723 3034 4776 in
3064 4723 3242 4798 vobis,
3271 4724 3363 4775 tiat
3396 4723 3540 4776 sicut

194 4812 353 4880 ὑμῖν,
384 4811 628 4880 γενέσθω
664 4812 738 4874 ὡς
761 4813 789 4864 6
824 4811 1115 4882 νεώτερος,
1147 4815 1242 4866 καὶ
1285 4815 1312 4865 6
1341 4813 1647 4883 ἡγούμενος
1677 4813 1752 4876 ὡς
1782 4815 1810 4866 6

192 4903 486 4957 διακονῶν.
532 4902 628 4967 Τίς
662 4905 772 4976 γὰρ
811 4904 1051 4975 μείζων;
1100 4908 1127 4957 6
1166 4905 1550 4976 ἀνακείμενος,
1584 4905 1670 4975 ἤό
1693 4907 1811 4958 δια-ι

188 4998 414 5064 κονῶν;
458 4998 630 5068 οὖχὶό
663 4999 1067 5069 ἀνακείμενος;
1111 4997 1255 5066 Ἐγὼ
1299 4998 1356 5050 δέ
1389 4998 1506 5069 είμι
1543 4999 1602 5050 ἐν
1660 5000 1812 5069 μέσῳ

189 5090 355 5160 ὑμῶν
384 5088 458 5154 ὡς
487 5089 822 5144 ὁδιακονῶν.
859 5109 877 5142 ι
942 5091 1110 5142 Οὐδὲν
1157 5091 1578 5159 πεπωρωμένης
1632 5090 1812 5160 ψυχῆς

190 5180 555 5253 ,ἰθλιὼτερον.
626 5182 757 5236 Ἰδοὺ
813 5182 946 5251 γοῦν
977 5185 1004 5236 ὁ
1036 5181 1243 5254 Κῷριος
1274 5183 1378 5252 δρα
1429 5182 1481 5233 τί
1509 5198 1697 5252 φησιν.
1731 5184 1811 5233 δτι

198 5295 217 5327 ι
258 5274 346 5332 ,Ἠ
378 5274 502 5344 χεὶρ
564 5273 657 5325 τοῦ
713 5273 1108 5344 παραδιδόντος
1163 5291 1254 5344 με,
1285 5275 1377 5326 ἐπὶ
1408 5273 1506 5343 τῆς
1531 5274 1812 5345 τραπέζης

193 5367 322 5439 μετ’
361 5364 537 5437 ἐμοῦ]
574 5384 592 5418 ι
635 5365 730 5419 καὶ
759 5369 789 5421 6
815 5368 1078 5430 ἀσύνετος
1106 5369 1206 5422 οὐκ
1237 5367 1522 5439 ᾐσθάνετο.
1562 5368 1677 5421 ’Καὶ
1702 5368 1812 5437 γὰρ

189 5468 258 5520 οὗ
301 5465 487 5536 μόνον,
523 5464 610 5518 ἵνα
638 5464 787 5533 δείξῃ
821 5465 902 5515 ὅτι
936 5465 1037 5517 οὐκ
1064 5466 1250 5530 ἀγνοεί
1274 5463 1336 5515 τὸ
1366 5463 1808 5532 συμϐησόμενον,

188 5560 382 5613 ταῦτα
435 5557 584 5626 λέγει
645 5560 669 5612 Ξ·
710 5558 939 5632 Κύριος,
966 5557 1103 5608 ἀλλὰ
1131 5559 1225 5608 καὶ
1257 5555 1342 5606 ἵνα
1375 5555 1525 5627 δείξῃ
1550 5558 1685 5624 ἡμῖν·
1717 5559 1812 5607 καὶ

191 5651 300 5721 τὴν
325 5652 534 5705 οἰκείαν
569 5649 910 5722 άγαὲότητα,
943 5651 1038 5703 καὶ
1073 5651 1174 5720 τὴν
1213 5649 1306 5701 τοῦ
1336 5649 1597 5719 προδότου
1642 5667 1812 5720 πονη-

190 5745 351 5817 ρία-,⁸,
406 5745 488 5798 ὅτι
547 5747 642 5797 καὶ
681 5744 963 5807 συνέστας
996 5744 1252 5798 γενέσθαι
1303 5742 1406 5795 οὐκ
1452 5743 1810 5815 ἠρυθρίασεν.

191 5836 342 5893 Οὐδὲ
371 5836 533 5890 πάλιν
563 5838 724 5898 αὐτὸς
757 5837 938 5907 ἀφῆκε
969 5837 1037 5890 τὰ.
1067 5838 1245 5890 οἰκεῖα
1282 5837 1476 5902 ποιῶν,
1517 5838 1610 5889 καὶ
1641 5837 1812 5890 τύπον

193 5932 342 6001 ἡμῖν
374 5928 566 5994 τιθεὶς,
613 5931 700 5983 ἵνα
734 5929 862 6002 ἄχρι
892 5931 1079 5994 τέλους
1118 5930 1517 6001 σπουδάζωμεν
1546 5932 1812 6001 κερδῆσαι

189 6026 330 6090 τοὺς
385 6025 701 6088 πταίοντας.
761 6045 777 6075 ι
821 6028 928 6078 Kal;
976 6030 1002 6081 ὁ
1043 6027 1140 6096 μὲν
1184 6026 1308 6090 Tib;
1359 6026 1450 6079 τοῦ
1495 6026 1809 6098 ἀνθρώπου,

1912 4818 2099 4886 junior
2131 4838 2142 4872 :
2177 4829 2230 4872 et
2282 4820 2371 4888 qui
2408 4820 2664 4890 princeps
2719 4829 2825 4886 est,
2888 4820 3032 4873 sicut
3096 4819 3188 4887 qui
3237 4817 3536 4872 ministrat.

1917 4912 2055 4964 Nam
2089 4921 2212 4966 uter
2238 4900 2408 4978 major
2429 4921 2536 4976 est,
2563 4914 2654 4982 qui
2686 4912 2981 4976 accumbit,
3015 4928 3082 4965 an
3109 4913 3200 4981 qui
3225 4912 3540 4965 ministrat?

1918 5025 2098 5065 nonne
2155 5010 2247 5079 qui
2296 5008 2720 5064 accumbit?At
2775 5024 2875 5078 ego
2937 5009 2990 5061 in
3046 5008 3230 5062 medio
3291 5017 3538 5066 vestrum

1916 5116 2033 5156 sum
2083 5110 2144 5154 ιιι
2176 5102 2268 5171 qui
2325 5103 2618 5154 ministrat.
2667 5120 2686 5151 ι
2729 5096 2876 5154 Nihil
2937 5101 3232 5156 excmcatis
3285 5103 3540 5156 miserius

1916 5204 2018 5246 est.
2055 5191 2193 5249 Vide
2249 5196 2392 5247 enim
2433 5195 2564 5264 quid
2596 5194 2858 5248 Dominus
2892 5194 3036 5248 dicat
3067 5212 3081 5248 :
3118 5215 3135 5246 ι
3170 5195 3311 5249 Ecce
3340 5209 3541 5247 manus

1917 5287 2182 5341 tradentis
2216 5302 2322 5351 me,
2360 5302 2571 5341 mecum
2631 5296 2715 5342 est
2776 5289 2830 5342 in
2868 5303 3054 5342 mensa
3091 5306 3104 5342 :
3145 5307 3164 5340 ι
3194 5298 3248 5342 et
3284 5288 3540 5355 stupidus

1919 5394 2022 5432 non
2076 5381 2270 5433 sensit.
2329 5379 2544 5433 Etenim
2599 5380 2861 5433 Dominus
2913 5383 3028 5436 ltzcc
3077 5382 3249 5445 dicit,
3306 5398 3410 5432 non
3444 5396 3536 5434 so~

1919 5474 2026 5526 lttut
2063 5484 2122 5526 ttt
2152 5479 2407 5529 ostendat
2441 5491 2500 5528 se
2536 5492 2642 5529 non
2682 5476 2935 5544 ignorare
2971 5477 3116 5545 quod
3168 5477 3401 5535 eveniet,
3443 5477 3538 5530 sed

1917 5583 1970 5623 et
2006 5578 2064 5622 ut
2092 5569 2252 5623 nobis
2280 5586 2434 5623 suam
2461 5571 2783 5633 bonitatem,
2823 5579 2878 5623 et
2928 5569 3227 5638 proditoris
3271 5568 3536 5620 muluium

1916 5662 2191 5726 ostendat,
2231 5664 2322 5729 qui
2370 5679 2472 5716 non
2510 5661 2793 5717 erubuerit
2835 5677 3022 5716 secum
3063 5662 3364 5714 convivztri.
3402 5660 3535 5713 Nam

1917 5752 2178 5808 Dominus
2218 5771 2324 5808 non
2360 5756 2543 5809 omisit
2571 5771 2668 5810 sua
2706 5756 2910 5817 facere,
2947 5766 3003 5808 ιιι
3035 5755 3193 5809 nobis
3223 5755 3534 5822 exemplum

1918 5847 2067 5898 daret
2098 5856 2154 5898 ut
2179 5862 2352 5915 usque
2374 5848 2423 5899 in
2449 5848 2609 5899 tinem
2645 5847 2831 5916 lapsos
2862 5847 3060 5900 lucrari
3093 5847 3434 5900 Studeamus.
3472 5845 3538 5898 Ιοὶι

1924 5938 2134 5991 «Filius
2168 5940 2384 6008 quidem
2428 5939 2683 6000 hominis,
2723 5940 2918 6009 inquit,
2955 5941 3147 6012 vadit.»
3189 5955 3336 5994 :nuu
3374 5944 3530 6005 quasi

1921 6051 2025 6088 non
2085 6034 2259 6087 valeat
2316 6053 2373 6089 sc
2427 6037 2723 6103 vindicare,
2763 6038 2855 6091 sed
2891 6036 3015 6105 quia
3061 6038 3188 6090 olim
3223 6038 3541 6092 tiCCl‘CVELtl
