4046 6538
593 448 724 511 1071

590 559 723 616 mori
768 558 818 612 iu
867 556 1094 612 salutem
1167 552 1461 607 hominum.
1499 569 1515 600 ι
1553 547 1927 601 Verumtamen
1966 561 2040 598 \';L‘
2079 545 2145 597 lm

2279 546 2431 615 φησι,
2472 544 2760 614 πορεύεται

587 653 715 708 mini
764 652 839 706 illi
893 665 991 721 per
1048 662 1204 717 quem
1259 644 1506 698 traditur.
1542 661 1558 692 ι
1594 640 1723 693 Nam
1777 636 2168 707 pra-deﬁnitum

583 747 800 816 quidem
860 753 942 800 est
1000 751 1053 794 ut
1110 739 1340 809 patiatur
1368 755 1380 790 :
1412 737 1503 790 sed
1536 747 1587 788 tu
1633 746 1799 802 quare
1831 731 2084 784 inventus
2115 743 2172 782 es

587 840 779 901 malus,
815 847 866 891 et
905 834 974 887 ita
1023 832 1089 885 ad
1141 830 1496 900 proditionem
1555 824 1828 894 paratus?
1879 822 2168 891 Propterea

588 935 682 985 tibi
717 946 792 982 vm
822 927 1181 995 adjttdit‘alttut
1231 933 1333 988 est,
1383 924 1506 992 quia
1553 909 1896 974 inventus/es
1950 920 2171 973 studens

586 1023 909 1096 proditioni;
969 1019 1089 1086 quia
1132 1020 1292 1069 etiam
1356 1027 1578 1080 serpens
1638 1011 1952 1066 maledictus
1985 1020 2066 1065 est
2107 1023 2172 1063 eo

583 1116 721 1181 quntl
764 1111 986 1165 servivit
1027 1107 1222 1161 diaboli
1254 1103 1518 1157 consiliis.
1557 1099 1778 1154 Turbati
1809 1110 1938 1154 sunt
1981 1107 2160 1152 autem

584 1205 826 1274 ιιίειέὶριιιι
873 1201 1069 1256 auditis
1097 1201 1199 1262 his,
1231 1209 1282 1251 et
1323 1197 1421 1250 boc
1450 1195 1611 1248 latius
1644 1193 1819 1249 disces
1845 1193 1896 1245 in
1924 1191 2168 1261 Evangeo

583 1300 654 1351 lio
704 1296 942 1350 Joannis.
974 1291 1125 1345 Nunc
1178 1299 1355 1344 autem
1411 1303 1516 1342 non
1549 1287 1612 1340 de
1655 1285 1960 1354 suspicione
1991 1281 2171 1352 prodi-

589 1392 752 1442 tionis
815 1396 1024 1441 tantum
1065 1384 1372 1446 turbantur,
1445 1381 1536 1435 sed
1590 1393 1653 1433 ex
1721 1377 2028 1430 turbatione
2083 1372 2170 1427 illa

585 1487 650 1535 ad
680 1483 1054 1536 contentiones
1087 1478 1332 1538 veniunt,
1377 1474 1762 1528 contendentes
1798 1470 1919 1539 quis
1944 1485 2007 1523 ex
2040 1467 2170 1536 ipsis

583 1583 725 1628 esset
752 1573 1039 1626 maximus.
1077 1568 1382 1620 lnciderunt
1418 1575 1596 1618 autem
1629 1563 1679 1615 in
1711 1564 1849 1616 hanc
1876 1561 2018 1613 litem
2045 1557 2168 1627 quia

580 1664 872 1719 verisimile
913 1671 992 1715 est
1047 1659 1190 1729 quod
1233 1659 1370 1712 inter
1413 1671 1472 1709 se
1503 1653 1736 1708 tlchriltl
1773 1667 1910 1704 unus
1971 1650 2164 1702 alteri:

579 1759 656 1809 'l‘u
717 1755 1024 1825 proditurus
1071 1766 1150 1815 es,
1201 1760 1256 1802 et
1298 1748 1435 1801 alius
1468 1745 1622 1799 alteri
1662 1762 1673 1797 :
1710 1743 1809 1797 Tu.
1847 1742 1912 1796 Et
1945 1741 2069 1793 inde
2103 1754 2167 1794 eo

584 1857 939 1920 pervenerunt
1004 1855 1059 1897 ut
1098 1843 1335 1895 dicerent
1369 1859 1381 1893 :
1416 1839 1526 1910 Ego
1552 1853 1670 1892 sum
1707 1837 1914 1896 melior,
1950 1845 2024 1898 et,
2060 1832 2172 1901 Ego

1513 440 2090 502 TIIEOPllYLlCTl
2149 439 2559 500 BUl.G.\lil.E
2604 439 2643 496 Α
2667 437 2970 498 RClIIEP.

3721 429 3861 497 1072

2799 559 2811 572 ·
2845 563 2860 594 ι
2909 544 3006 612 οὑχ
3039 542 3112 602 ὡς
3153 542 3396 596 ἀσθενῶν
3425 542 3632 613 ἀμῦναι
3667 543 3865 616 ἐαυτῷ.

2275 637 2389 691 ἀλλ’
2422 638 2498 700 ὡς
2529 638 2717 706 ὁρίσας
2750 636 2929 706 ἑαυτῷ
2951 635 3043 689 τὸν
3078 635 3309 688 θάνατον
3350 638 3444 688 ἐπὶ
3479 635 3732 708 σωτηρία
3765 639 3866 691 τῶν

2273 729 2596 800 ἀνθρώπων.
2633 747 2649 779 ι
2698 727 2842 798 ιιλὴν
2873 729 2996 782 οὑαὶ
3032 728 3109 799 τῷ
3140 728 3416 799 ἀνθρώπῳ
3459 728 3680 798 ἐκείνῳ,
3710 730 3778 782 δι’
3808 725 3865 784 οῦ

2276 819 2648 890 παραδίδοται.
2682 839 2698 871 ι
2733 819 2985 887 Ὥρισται
3023 819 3122 890 μὲν
3146 819 3252 888 γὰρ
3285 821 3501 882 παθεῖν,
3529 821 3670 873 ἀλλὰ
3695 822 3758 872 σὺ
3785 822 3865 874 διὰ

2273 914 2325 966 τί
2364 913 2594 983 εὑρέθης
2651 914 2843 976 κακὸς,
2901 912 3042 965 ὥστε
3093 913 3228 985 πρὸς
3299 913 3594 982 προδοσίαν
3655 914 3868 982 ἕτοιμος

2275 1002 2415 1059 εῖναι
2440 1024 2453 1073 ;
2491 1010 2587 1058 Διά
2619 1005 2779 1058 τοῦτο
2810 1002 2902 1059 οὖν
2937 1023 3019 1058 σοι
3043 1004 3103 1058 τδ
3124 1006 3248 1058 οὑαὶ
3274 1005 3765 1074 ἀποκεκλήρωται,
3791 1009 3865 1057 ὅτι

2275 1099 2507 1169 εὑρέθης
2542 1099 2850 1170 ἐπιτήδειος
2893 1100 2972 1161 είς
3015 1098 3346 1169 προδοσίαν·
3392 1099 3516 1150 ἐπεὶ
3551 1100 3647 1150 καὶ
3679 1101 3708 1151 ὀ
3755 1099 3870 1166 ὄφις

2275 1192 2700 1262 ὲπικατάρατος,
2737 1191 2871 1244 διότι
2897 1191 3214 1261 ὑπούργησε
3244 1194 3309 1261 τῇ
3333 1192 3428 1243 τοῦ
3451 1191 3706 1244 διαϐόλου
3743 1209 3872 1260 συμ-

2275 1283 2462 1353 ϐουλῇ.
2532 1283 2978 1354 Ἐθορυϐήθησαν
3028 1284 3084 1337 δὲ
3115 1283 3164 1336 οί
3216 1283 3459 1353 μαθηταὶ
3497 1285 3674 1336 ταῦτα
3709 1285 3868 1338 ἀκού·

2277 1394 2501 1440 σαντες·
2535 1378 2630 1430 καὶ
2686 1377 2843 1430 τοῦτο
2891 1377 3230 1448 πλατύτερον
3266 1376 3491 1446 μαθήσῃ
3544 1380 3602 1428 ὲν
3633 1377 3710 1446 τῷ
3737 1380 3872 1429 κατὰ

2288 1467 2559 1537 Ἰωάννην.
2595 1467 2707 1519 Νῦν
2733 1467 2788 1520 δὲ
2823 1469 2884 1521 οὐ
2923 1468 3053 1539 περὶ
3093 1469 3193 1536 τῆς
3234 1468 3490 1530 ὑπονοίας
3520 1469 3624 1537 τῆς
3681 1469 3873 1537 προδοο

2279 1557 2400 1620 σίας
2433 1557 2787 1628 θορυϐοῦνται
2818 1559 3003 1626 μόνον,
3041 1557 3158 1611 ἀλλ’
3189 1561 3254 1611 ὲκ
3293 1557 3484 1610 τούτου
3517 1557 3609 1610 τοῦ
3646 1559 3872 1626 θορύϐου

2279 1652 2372 1706 καὶ
2405 1653 2484 1712 είς
2518 1652 2634 1722 ἔριν
2662 1652 2934 1721 ἔρχονται,
2968 1651 3404 1720 φιλονεικοῦντες
3460 1653 3539 1712 τίς
3569 1651 3757 1703 αὐτῶν
3791 1652 3872 1723 εἴη

2279 1743 2503 1814 μείζων.
2541 1743 2831 1796 Ἐνέπεσον
2858 1743 2911 1797 δὲ
2940 1747 3017 1807 εἰς
3036 1744 3241 1813 ταύτην
3271 1744 3369 1812 τὴν
3397 1745 3513 1812 ἔριν
3538 1743 3873 1808 ἀκολούθως.

2290 1835 2444 1888 Ἑπεὶ
2505 1836 2612 1906 γὰρ
2647 1835 2784 1906 πρὸς
2823 1835 3088 1905 ἀλλήλους
3149 1835 3298 1898 εἰκὸς
3346 1829 3413 1903 ἦν
3445 1835 3651 1902 λέγειν,
3697 1836 3780 1888 ὅτι
3807 1835 3873 1889 Σὺ

582 1959 700 1998 sum
727 1940 921 2010 major,
959 1948 1008 1992 et
1039 1935 1256 1991 similia.
1293 1932 1430 1998 Quid
1476 1931 1636 1998 igitur
1672 1929 1928 1982 Dominus
1948 1927 1970 1978 ?
2011 1925 2167 1980 Com-

2276 1929 2490 1999 μέλλεις
2540 1930 2881 1998 προδιδόναι·
2935 1929 3030 1981 καὶ
3063 1925 3129 1983 αὖ
3159 1930 3364 1990 ἐκεῖνος
3399 1928 3599 1999 τούτῳ,
3631 1930 3715 1980 ὅτι
3771 1929 3838 1980 Σύ
3860 1943 3872 1956 °

581 2036 768 2107 primit
815 2031 1094 2085 tumultum
1157 2028 1299 2080 hunc
1333 2024 1540 2078 duobus
1575 2021 1858 2090 exemplis.
1887 2017 2005 2074 Uno
2037 2032 2168 2086 geu-

581 2126 782 2188 tilium,
836 2138 970 2191 quos
1020 2118 1468 2174 abominabantur
1504 2134 1518 2172 ;
1551 2117 1842 2170 ostendens
1889 2111 2030 2180 quod
2063 2110 2167 2164 illis

583 2214 915 2271 assitnilaudi
951 2212 1080 2274 sint,
1114 2211 1155 2262 si
1182 2207 1392 2277 sapiant
1420 2203 1635 2258 similia.
1667 2201 1848 2256 Altero
1883 2198 2047 2270 570
2074 2213 2164 2251 au-

587 2318 690 2358 tem
725 2316 821 2356 suo
847 2299 1111 2367 exemplo.
1139 2297 1244 2352 Eos
1269 2295 1409 2349 enim
1445 2295 1510 2347 ad
1538 2292 1896 2346 lmmilitatem
1921 2288 2168 2356 exemplo

582 2414 680 2453 suo
704 2397 872 2460 ducit,
894 2392 1183 2450 ostendens
1217 2388 1361 2458 quod
1395 2389 1506 2456 ipse
1533 2387 1798 2439 ministret
1826 2383 1923 2436 eis.
1956 2382 2166 2435 Etenim

581 2501 733 2554 tunc,
771 2489 911 2542 sicut
955 2487 1158 2539 dictum
1216 2490 1319 2546 est,
1364 2495 1552 2550 panem
1583 2494 1736 2530 suum
1783 2486 1836 2530 et
1861 2484 2045 2546 potum
2084 2472 2166 2526 di-

584 2580 824 2637 stribuit.
885 2575 1018 2653 Qum
1071 2576 1232 2641 igitur
1261 2586 1380 2641 ego,
1414 2584 1576 2640 quem
1608 2567 1783 2622 omnis
1815 2566 2088 2619 rationalis
2116 2574 2169 2618 ct

581 2674 822 2743 angelica
851 2679 1099 2725 ereatura
1127 2667 1374 2729 adorant,
1403 2665 1452 2717 in
1489 2663 1666 2716 medio
1695 2661 1856 2714 vestri
1882 2659 2129 2711 ministro
2150 2695 2164 2719 ,

583 2766 853 2836 quomodo
882 2776 973 2814 vos
1012 2761 1152 2828 digni
1183 2758 1313 2812 estis
1352 2755 1443 2825 qui
1479 2769 1665 2824 magna
1699 2753 1765 2805 de
1791 2751 1938 2804 vobis
1965 2749 2168 2802 sentia—

585 2860 673 2919 tis,
723 2868 776 2908 et
807 2855 1008 2924 primas
1041 2858 1219 2919 partes
1268 2847 1494 2917 cap‘atis
1523 2846 1543 2898 ?
1577 2842 1801 2898 Videtur
1826 2853 2002 2896 autem
2036 2839 2166 2893 mihi

587 2965 690 3003 non
719 2946 892 2999 obiter
927 2943 1087 3010 hujus
1119 2939 1388 2996 recubitus
1422 2948 1475 2992 ct
1510 2933 1794 2989 ministerii
1835 2933 2166 2995 meminisse,

586 3041 682 3097 sed
705 3043 963 3093 reducere
1001 3036 1081 3090 eis
1112 3036 1164 3088 in
1212 3031 1550 3092 memoriam,
1603 3028 1729 3096 quia
1787 3025 1859 3080 De
1899 3040 2007 3077 uno
2034 3038 2169 3092 pane

583 3129 916 3192 eomedistis,
947 3135 1000 3179 et
1022 3139 1087 3178 ex
1120 3137 1223 3176 uno
1253 3122 1420 3175 calice
1462 3119 1695 3182 bibistis,
1728 3118 1929 3170 amicos
1958 3125 2012 3169 et
2035 3128 2166 3167 nna-

586 3227 760 3280 nimes
807 3237 914 3276 una
955 3231 1144 3273 mensa
1194 3216 1319 3270 fecit
1360 3232 1372 3267 :
1421 3227 1590 3282 quare
1647 3225 1774 3278 ergo
1815 3209 2004 3278 sapitis
2048 3222 2167 3277 quae

589 3321 721 3373 tales
748 3331 859 3372 non
891 3311 1125 3368 decent?
1171 3310 1235 3364 Et
1271 3323 1445 3376 neque
1471 3320 1568 3376 ego
1594 3304 1684 3358 uni
1705 3303 1920 3372 quidem
1947 3302 2164 3363 SCI‘Vi\i,
2196 3279 2237 3336 (ἶ

588 3411 745 3465 alteri
775 3418 956 3461 autem
993 3419 1096 3458 non
1141 3401 1359 3463 servivi,
1397 3400 1491 3452 sed
1521 3412 1585 3450 ex
1619 3410 1771 3464 a‘quo
1796 3395 2044 3448 omnibus
2075 3407 2167 3445 vo-

587 3505 705 3558 bis:
739 3514 929 3556 omnes
977 3498 1138 3568 igitur
1187 3510 1350 3547 unum
1382 3502 1436 3552 et
1469 3489 1608 3544 idem
1662 3487 1929 3544 sentiatis.
1966 3484 2044 3538 Tu
2074 3500 2169 3538 au-

589 3607 696 3649 tem
731 3609 796 3648 ex
841 3592 926 3648 his
959 3590 1206 3644 omnibus
1234 3585 1503 3655 intelligas
1537 3582 1678 3652 quod
1709 3578 1962 3648 discipuli
1993 3579 2168 3632 adhuc

589 3687 888 3759 imperfecti
923 3684 1141 3748 fuerint,
1173 3684 1267 3738 sed
1313 3682 1436 3735 vide
1468 3674 1736 3748 quomodo
1781 3684 1834 3729 et
1866 3683 2050 3743 postea
2081 3688 2168 3727 re-

590 3783 858 3838 fulserint.
890 3777 1300 3834 Confundautur
1336 3769 1638 3836 Manichaci,
1661 3769 1750 3839 qui
1784 3767 1972 3822 dicunt
2001 3780 2166 3836 quos-

589 3879 709 3928 dam
755 3880 946 3927 uatura
1001 3883 1120 3925 esse
1173 3867 1453 3931 indociles,
1511 3872 1566 3918 et
1619 3858 2004 3930 impossibilem
2046 3872 2166 3915 esse

587 3966 710 4019 vitae
738 3963 1114 4018 mutatiOnem.

661 4247 827 4301 Vsus.
882 4239 1075 4297 28-54.
1119 4257 1134 4290 ι
1180 4236 1286 4292 \‘os
1319 4249 1496 4292 autem
1553 4236 1684 4290 estis
1718 4235 1808 4304 qui
1865 4231 2167 4303 permansi-

586 4338 687 4394 stis
731 4349 938 4390 mecum
997 4334 1047 4385 in
1081 4329 1464 4386 tentationibus
1513 4329 1647 4383 meis
1682 4344 1695 4380 :
1733 4337 1782 4382 st
1812 4340 1910 4396 ego
1939 4326 2166 4394 dispono

591 4428 763 4491 vobis,
796 4426 938 4479 sicut
979 4424 1242 4490 disposuit
1291 4421 1421 4473 mibi
1467 4419 1622 4474 Pater
1658 4435 1808 4473 meus
1833 4433 2078 4487 regnum,
2111 4424 2167 4469 ut

591 4520 766 4577 cdatis
815 4528 872 4572 et
911 4517 1128 4579 bibatis,
1159 4528 1320 4583 super
1360 4527 1599 4568 mensam
1664 4525 1839 4567 meam
1889 4512 1941 4564 iu
2001 4523 2166 4578 regno

2269 2025 2332 2075 ὲκ
2394 2023 2583 2078 τούτου
2645 2023 3004 2093 προήχθησαν
3037 2023 3118 2084 είς
3178 2024 3236 2074 τὸ
3284 2021 3500 2088 λέγειν·
3581 2022 3730 2090 Ἐγὼ
3763 2023 3874 2091 εῖμι

2269 2118 2555 2190 κρείττων,
2582 2121 2698 2182 καὶ,
2743 2119 2885 2187 Ἐγώ
2910 2122 3024 2188 είμι
3054 2119 3278 2189 μείζων,
3308 2121 3400 2171 καὶ
3437 2119 3506 2171 τε
3531 2119 3784 2172 τοιαῦτα.
3815 2119 3874 2170 Τί

2267 2209 2361 2267 οὖν
2387 2214 2675 2284 ὀ1(ύριος;
2707 2215 3075 2268 Καταστέλλει
3105 2214 3196 2266 τὸν
3225 2213 3456 2284 θόρυϐον
3490 2223 3706 2265 τούτων
3730 2213 3875 2265 δυσὶν

2269 2307 2690 2375 ὑποδείγμασιν,
2729 2307 2808 2358 ἑνὶ
2842 2308 2940 2375 μὲν
2987 2306 3067 2375 τῷ
3091 2305 3201 2358 τῶν
3239 2305 3493 2366 ὲθνικὼν,
3543 2305 3642 2366 οῦς
3694 2305 3875 2373 βδελυ-

2270 2399 2431 2460 κτοὺς
2452 2393 2616 2467 εἶχον,
2645 2397 2906 2449 δεικνύων
2932 2397 3013 2449 ὅτι
3045 2396 3260 2456 τούτοις
3287 2395 3527 2458 ἐοικότες
3560 2396 3804 2459 ἔσονται,
3831 2396 3876 2446 εί

2267 2489 2492 2542 τοιαῦτα
2530 2489 2820 2558 φρονοῦσιν
2845 2505 2857 2518 ⁸
2891 2490 3064 2559 ἑτέρῳ
3104 2489 3158 2541 δὲ
3183 2488 3262 2560 τῷ
3299 2488 3529 2555 ἑαυτοῦ·
3565 2489 3637 2542 δι’
3681 2489 3874 2541 ἑαυτοῦ

2269 2582 2375 2648 γὰρ
2412 2581 2488 2641 είς
2513 2579 3023 2648 ταπεινοφροσύνην
3053 2580 3198 2645 ἄγει,
3223 2579 3439 2641 δεικνὺς
3474 2579 3674 2630 ἑαυτὸν
3702 2579 3876 2631 διακο-

2269 2672 2462 2725 νοῦντα
2523 2672 2728 2733 αὑτοῖς.
2771 2672 2877 2723 Καὶ
2933 2671 3042 2739 γὰρ
3072 2670 3136 2740 δὴ
3171 2671 3310 2732 τότε,
3343 2670 3487 2723 καθα
3513 2670 3759 2740 εἴρηται,
3788 2673 3873 2723 τὸν

2269 2762 2430 2832 ἄρτον
2451 2765 2634 2826 αὑτοῖς
2667 2764 2762 2815 καὶ
2797 2762 2855 2814 τὸ
2883 2765 3144 2832 ποτήριον
3174 2763 3464 2832 διένειμεν.
3510 2762 3567 2814 Ἐ
3581 2765 3670 2814 πεί
3697 2766 3874 2816 τοίνυν

2270 2854 2380 2921 ἐγὼ
2412 2855 2439 2906 ό
2491 2855 2595 2907 ὑπὸ
2652 2857 2833 2921 πάσης
2888 2855 3189 2923 ἀγγελικῆς
3245 2854 3335 2906 καὶ
3383 2855 3618 2924 λογικῆς
3662 2859 3874 2925 φύσεως

2271 2948 2771 3018 προσκυνούμενος,
2811 2949 2867 2998 ἐν
2899 2948 3051 3017 μέσῳ
3083 2947 3238 3016 ὑμῶν
3276 2949 3535 3011 διακονῶ,
3571 2953 3692 3012 πᾶς
3721 2952 3876 3019 ὑμεῖς

2271 3039 2411 3104 ἄξιοῖ
2434 3041 2555 3091 ἐστε
2581 3038 3032 3107 μεγαλοφρονεῖν,
3055 3040 3296 3108 καὶπερὶ
3322 3041 3615 3109 πρωτείων
3645 3043 3872 3112 ὲρίζεινς

2272 3129 2511 3181 Δοκεῖδὲ
2548 3145 2639 3200 μοι
2676 3128 2809 3200 μηδὲ
2839 3129 3133 3199 παρέργως
3179 3129 3324 3182 οὕτω
3365 3131 3747 3199 μνημονεῦσαι
3776 3136 3874 3202 τῆς

2273 3221 2612 3283 ἀνακλίσεως
2639 3220 2845 3291 ταύτης
2893 3221 3111 3290 καὶτῆς
3140 3220 3438 3286 διακονίας,
3500 3223 3620 3276 ἀλλ’
3678 3227 3871 3293 ἀναμι-

2274 3317 2530 3384 μνήσκων
2559 3315 2778 3377 αὑτοὺς,
2811 3316 2892 3366 ὅτι
2926 3315 2984 3366 Ei
3037 3314 3098 3378 ἐξ
3137 3317 3255 3377 ἐνὸς
3288 3316 3457 3386 ἄρτου
3488 3317 3754 3386 ἐφάγετε,
3781 3318 3875 3370 καὶ

2270 3406 2329 3470 ιε
2354 3407 2472 3468 ἑνὸς
2501 3407 2760 3478 ποτηρίου
2794 3407 3005 3473 ὲπίετε,
3035 3407 3223 3476 φίλους
3259 3409 3402 3477 ὑμᾶς
3427 3414 3522 3462 καὶ
3555 3412 3872 3479 ἡνωμένους

2271 3506 2304 3574 ἡ
2336 3504 2434 3574 μία
2465 3504 2713 3573 τράπεζα
2769 3507 2933 3571 ποιεῖς
2989 3505 3132 3558 διατί
3164 3506 3341 3558 τοίνυν
3370 3507 3610 3571 ἀναξίως
3666 3509 3873 3562 τούτων

2271 3599 2518 3666 φρονεῖτε
2542 3612 2555 3660 ;
2599 3595 2738 3649 Ἀλλ’
2756 3596 2864 3648 οὐδ’
2897 3597 3008 3665 ἐγὼ
3029 3599 3205 3668 τούτῳ
3226 3601 3324 3669 μὲν
3352 3599 3680 3671 διηκόνησα,
3700 3601 3874 3672 τούτῳ

2269 3691 2314 3741 δ’
2339 3689 2424 3754 οὒ,
2455 3691 2588 3743 ἀλλά
2619 3692 2789 3743 πᾶσιν
2821 3690 2949 3759 ὑμῖν
2981 3692 3177 3763 ἐπίσης
3237 3694 3439 3756 πάντες
3482 3691 3578 3747 οὖν
3610 3696 3668 3746 ἓν
3699 3697 3791 3749 καὶ
3816 3697 3875 3748 τὸ

2271 3784 2403 3835 αὑτὸ
2449 3785 2714 3856 φρονεῖτε.
2747 3783 2818 3836 Σὺ
2849 3785 2906 3838 δέ
2941 3802 3030 3852 μοι
3064 3789 3128 3839 ἑκ
3161 3786 3623 3852 πάντων-τούτων
3679 3791 3871 3852 ἐννόει,

2271 3876 2386 3938 πῶς
2415 3875 2624 3938 ἀτελεῖς
2650 3871 2790 3946 ἦσαν
2818 3878 2896 3928 ἔτι
2923 3879 2971 3929 οῖ
3003 3877 3241 3949 μαθηταί
3269 3896 3282 3911 ⁸
3314 3879 3430 3932 ἀλλ’
3464 3881 3540 3933 ἴδε
3569 3881 3688 3941 πῶς
3715 3883 3873 3934 i331:-

2275 3985 2364 4038 ρον
2397 3968 2667 4038 ἔλαμψαν.
2715 3971 3201 4040 Ἐντρεπέσθωσαν
3241 3973 3540 4042 Μανιχαῖοι
3587 3974 3868 4041 λέγοντες,

2270 4063 2350 4114 ὅτι
2385 4064 2449 4114 ἐκ
2474 4063 2689 4129 φύσεώς
2727 4063 2834 4115 εἰσί
2864 4080 3009 4126 τινες
3051 4063 3310 4132 ἀμαθεῖς,
3349 4067 3443 4118 καὶ
3469 4067 3733 4120 ἀδύνατον
3774 4085 3870 4137 με·

2269 4155 2566 4224 τατεθῆναι
2599 4158 2842 4219 τούτους.

2347 4269 2364 4299 ι
2413 4248 2601 4319 Ὑμεῖς
2634 4249 2689 4302 δέ
2721 4251 2842 4302 ἐστε
2871 4253 2920 4302 oi
2970 4250 3441 4322 διαμεμενηκότες
3480 4252 3604 4322 μετ’
3640 4251 3780 4323 ἐμοῦ
3817 4253 3875 4306 έν

2267 4341 2380 4402 τοῖς
2412 4341 2740 4409 πειρασμοῖς
2779 4357 2902 4410 μου,
2951 4340 3111 4409 κάγὼ
3152 4342 3464 4412 διατίθεμαι
3495 4345 3650 4413 ὑμῖν,
3685 4345 3874 4406 καθὼς

2267 4431 2471 4482 διέθετό
2495 4447 2584 4500 μοι
2619 4432 2646 4482 ὁ
2672 4432 2863 4502 Πατήρ
2895 4450 2997 4503 μου
3041 4433 3346 4504 βασιλείαν,
3384 4437 3470 4488 ῖνα
3500 4437 3723 4505 ἐσθίητε
3781 4441 3878 4489 καὶ

2271 4525 2461 4593 πίνητε
2495 4525 2590 4576 ἐπὶ
2648 4525 2748 4594 τῆς
2799 4527 3084 4597 τραπέζης
3123 4544 3247 4597 μου,
3279 4528 3371 4580 καὶ
3401 4528 3729 4598 -καθέζησθε
3783 4531 3880 4583 ἐπὶ

595 4632 733 4680 meo,
787 4625 845 4670 et
878 4611 1112 4668 sedeatis
1159 4624 1319 4679 super
1359 4607 1602 4670 thronos,
1634 4605 1943 4676 judicantes
1966 4603 2167 4657 duode-

2274 4618 2478 4690 θρόνων
2519 4621 2800 4688 κρίνοντες
2851 4622 2952 4682 τὰς
2982 4620 3196 4675 δώδεκα
3235 4622 3410 4690 φυλὰς
3470 4622 3567 4675 τοῦ
3631 4624 3875 4695 Ἰσραήλ.

585 4711 690 4766 cim
760 4709 930 4761 tribus
978 4702 1165 4759 Israel.
1229 4703 1317 4758 Ait
1364 4711 1540 4754 autem
1603 4698 1902 4752 Dominus:
1951 4694 2159 4761 Simon,

587 4803 797 4865 Simon,
847 4815 994 4861 ecce,
1054 4796 1280 4851 Satanas
1335 4795 1590 4862 expetivit
1650 4806 1764 4858 vos,
1807 4799 1862 4843 nt
1900 4791 2164 4844 cribraret

588 4900 726 4951 sicut
775 4895 1012 4945 triticum
1049 4890 1178 4942 :sed
1228 4902 1327 4955 ego
1387 4888 1565 4955 rogavi
1611 4900 1706 4953 pro
1743 4895 1813 4949 te,
1856 4900 1921 4938 ne
1949 4885 2164 4938 deﬁciat

589 4988 719 5042 ﬁdes
764 4994 875 5038 tua.
907 4981 970 5034 Et
999 4994 1052 5034 ttt
1084 4979 1371 5048 aliquando
1413 4991 1706 5031 conversus
1757 4979 2016 5031 conllt'ma
2054 4974 2163 5027 fra-

588 5091 696 5136 tres
738 5089 879 5132 tuos.
912 5078 981 5128 At
1012 5075 1098 5128 ille
1137 5071 1275 5126 dixit
1304 5071 1354 5126 ei
1384 5087 1397 5124 :
1429 5068 1677 5134 Domine,
1719 5079 1894 5122 tecum
1942 5077 2162 5136 paratus

585 5192 704 5232 sum
739 5183 794 5228 ct
824 5173 876 5226 in
913 5184 1182 5226 carcerem
1211 5175 1264 5222 et
1293 5167 1345 5220 in
1383 5177 1609 5219 mortem
1637 5167 1732 5217 ire.
1767 5163 1832 5217 At
1864 5163 1952 5216 ille
1984 5163 2116 5215 dixit
2145 5179 2157 5215 :

587 5270 716 5325 Dico
745 5269 862 5332 tibi,
912 5265 1086 5327 Petre,
1123 5277 1227 5316 ιιοιι
1257 5270 1412 5315 canet
1443 5259 1598 5313 hodie
1628 5256 1798 5327 gallus
1845 5255 2158 5326 priusquam

542 5374 546 5378 '
586 5371 669 5417 ter
717 5361 952 5429 abneges
993 5367 1148 5409 nosse
1183 5367 1286 5406 me.
1335 5370 1353 5403 ι
1388 5349 1675 5418 Postquam
1739 5349 1873 5403 dixit
1915 5349 2159 5403 traditori

585 5470 688 5518 va),
718 5465 769 5505 ct
807 5454 860 5504 iu
891 5449 1063 5502 medio
1093 5445 1275 5500 docuit
1303 5459 1394 5498 eos
1427 5442 1657 5496 humiles
1707 5457 1825 5497 esse
1850 5460 1862 5495 :
1890 5443 2027 5496 sicut
2053 5455 2162 5495 tra-

587 5547 744 5600 ditori
801 5559 878 5594 ιω
911 5537 1254 5609 adjudicavit,
1311 5535 1383 5590 ita
1431 5550 1461 5588 e
1514 5536 1745 5599 diverso,
1793 5533 1969 5605 inquit
2011 5551 2023 5584 :
2058 5531 2164 5585 Vos

586 5638 719 5692 estis
745 5636 832 5704 qui
862 5632 1131 5686 mansistis
1158 5644 1365 5684 mecum
1390 5628 1442 5682 in
1464 5629 1842 5683 tentationibus
1869 5631 2022 5690 meis,
2045 5628 2164 5681 ideo

586 5741 642 5784 et
690 5727 995 5782 mercedem
1039 5725 1186 5778 vobis
1218 5723 1470 5792 dispono,
1509 5723 1610 5774 hoc
1643 5729 1744 5787 est,
1788 5725 2030 5789 paciscor
2067 5737 2163 5774 vo-

587 5825 793 5880 biscuut
836 5833 912 5887 ut,
971 5836 1092 5873 cum
1140 5818 1294 5872 Pater
1326 5832 1475 5873 meus
1524 5816 1850 5886 disposuerit
1882 5818 2034 5884 milii,
2063 5820 2165 5872 hoc

585 5925 687 5982 est,
739 5913 1102 5984 scgregaverit
1160 5910 1287 5965 mihi
1345 5922 1610 5978 regnum,
1657 5911 1827 5965 edatis
1883 5923 1935 5965 et
1967 5911 2162 5965 bibatis

2273 4706 2405 4762 Είπε
2430 4710 2485 4762 δὲ
2536 4712 2564 4761 ό
2617 4712 2858 4781 Κύριοςο
2894 4709 3098 4781 Σίμων,
3131 4714 3336 4783 Σίμων,
3385 4715 3498 4769 ίδοὺ
3545 4718 3569 4769 5
3625 4717 3880 4783 Σατανᾶς

2271 4798 2571 4870 ἐξῃτήσατο
2599 4799 2742 4869 ὑμᾶς
2773 4800 2866 4854 τοῦ
2912 4804 3165 4858 συνιάσαι
3205 4805 3279 4867 ὡς
3325 4805 3417 4859 τὸν
3453 4810 3603 4860 σῖτον
3626 4824 3640 4838 ο
3670 4811 3783 4878 ἐγὼ
3817 4811 3876 4864 δὲ

2270 4893 2498 4963 ἐδεήθην
2535 4895 2663 4964 περὶ
2706 4894 2824 4959 σοῦ,
2851 4894 2939 4948 ἴνα
2967 4898 3042 4967 μὴ
3067 4899 3307 4969 ’ἐκλείπῃ
3340 4900 3370 4968 ἡ
3403 4900 3588 4966 πίστις
3617 4920 3738 4958 σου.
3767 4906 3879 4957 Καὶ

2272 4987 2336 5040 σύ
2371 5004 2500 5040 ποτε
2531 4987 2889 5058 ἐπιστρέψας,
2911 4989 3261 5060 έπιστήριξον
3285 4994 3414 5056 τοὺς
3443 4994 3720 5063 ἀδελφούς
3757 5014 3876 5053 σου,

2281 5080 2338 5132 '0
2362 5079 2417 5133 δὲ
2448 5075 2602 5132 εἶπεν
2629 5080 2778 5149 αῦτῷ
2801 5094 2816 5110 ·
2852 5080 3047 5154 Κύριε,
3085 5086 3226 5152 μετά
3249 5085 3343 5138 σοῦ
3373 5086 3594 5157 ἕτοιμός
3628 5093 3748 5162 είμι
3780 5093 3880 5145 καὶ

2269 5177 2348 5235 εἰς
2384 5172 2632 5243 φυλακὴν
2662 5174 2758 5228 καὶ
2779 5176 2859 5238 εἰς
2883 5173 3115 5228 θάνατον
3147 5177 3506 5248 πορεύεσθαι.
3543 5180 3609 5234 '0
3639 5183 3696 5236 δὲ
3727 5180 3876 5237 εἶπε·

2270 5266 2429 5333 Λέγω
2459 5283 2559 5331 σοι,
2601 5266 2796 5337 Πέτρε,
2833 5267 2896 5319 οὑ
2936 5268 3010 5338 μὴ
3039 5271 3282 5339 φωνήσει
3312 5271 3558 5343 σήμερον
3595 5273 3878 5345 ἀλέκτωρ,

2272 5357 2461 5428 πρὶνῆ
2519 5362 2638 5428 τρὶς
2692 5361 2987 5428 ἀπαρνήσῃ
3050 5359 3127 5431 μὴ
3180 5361 3378 5415 εἰδέναι
3439 5380 3531 5431 με.
3565 5382 3585 5414 ›
3655 5365 3882 5437 Ἐπειδή

2272 5447 2446 5514 εἶπεν,
2478 5454 2558 5503 ὅτι
2595 5452 2685 5519 Τῷ
2728 5452 3078 5523 παραδιδόντι
3107 5471 3174 5524 με
3198 5455 3341 5518 οὐαὶ,
3392 5459 3487 5508 κει.)⁵
3517 5459 3590 5527 ὲν⁸
3606 5459 3689 5530 τῷ
3729 5460 3886 5530 μέσῳ

2272 5538 2508 5603 ἐδίδαξεν
2556 5540 2778 5606 αὐτοὺς,
2825 5541 2908 5594 ὅτι
2955 5541 3036 5593 δεῖ
3075 5548 3536 5613 μετριοφρονεῖν·
3576 5545 3884 5618 ὦσπερτῷ

2273 5633 2620 5704 παραδιδόντι
2649 5634 2710 5686 τὸ
2745 5634 2867 5687 οὐαὶ
2891 5638 3462 5709 προσαπεκλήρωσεν,
3488 5639 3671 5706 οὕτως
3689 5644 3884 5706 αὐτοῖς

2278 5730 2340 5781 ἐκ
2372 5727 2466 5780 τοῦ
2493 5728 2737 5782 ἐναντίου
2767 5731 2955 5800 φησιν,
2991 5730 3074 5782 ὃτι
3125 5731 3315 5800 Ὑμεῖς
3341 5733 3400 5787 δέ
3430 5737 3561 5788 ὲστε
3603 5737 3656 5790 οῖ
3697 5753 3888 5806 παρα·

2275 5821 2647 5893 μεμενηκότες
2679 5823 2796 5892 μετ’
2825 5822 2960 5894 ἐμοῦ
2991 5826 3050 5878 ὲν
3076 5827 3189 5888 τοῖς
3223 5832 3562 5899 πειρασμοῖς
3624 5849 3731 5901 μου
3753 5848 3768 5860 -
3793 5829 3891 5884 διδ

2274 5915 2627 5987 καῂάμοιὸἀς
2660 5917 2789 5987 ὑμῖν
2836 5917 3183 5988 διατίθεμαι,
3241 5923 3519 5990 τουτέστι,
3586 5925 3794 5995 Συμςω
3833 5923 3884 5978 ὦ
