4046 6530
202 461 335 528 1073

914 456 1366 517 ENAlillt-l'l‘ll)
1416 455 1492 514 IN
1537 449 2052 514 EVANGEIJUM
2091 447 2328 511 LUCE.
2373 473 2441 481 --
2483 448 2644 508 CAP.
2673 444 2870 506 ΧΧιι.

3392 436 3526 502 1074

195 573 326 645 πρὸς
357 572 526 644 ὑμᾶς,
557 571 645 624 ἵνα
681 569 802 621 ἐπεὶ
825 568 852 620 ὁ
887 569 1075 638 Πατήρ
1115 586 1215 637 μου
1244 566 1450 620 διέθετῦ
1487 586 1597 636 μοι,
1635 567 1805 634 ἦγουν

1919 578 2078 630 Super
2131 578 2372 616 mensam
2428 574 2626 615 meam.
2675 557 2974 613 Comedere
3030 565 3210 610 autem
3255 562 3306 607 et
3339 552 3529 607 bibere

191 667 439 737 ἀφώρισέ
488 681 578 735 μοι
633 662 936 734 βασιλείαν,
969 661 1188 731 ἐσθίητε
1222 663 1314 714 καὶ
1350 663 1540 729 πίνητε
1572 661 1665 714 ἐπὶ
1701 661 1796 727 τῆς

195 761 479 834 τραπέζης
512 777 636 829 μου.
703 759 776 811 Τὸ
826 758 881 811 δὲ
912 757 1115 810 ἐσθίειν
1143 759 1235 811 καὶ
1285 757 1461 809 πίνειν
1493 754 1666 817 εἶπεν,
1701 756 1798 825 οὐχ

192 856 266 919 ὡς
298 854 618 922 ἐδεσμάτων
675 854 855 905 ἐκεῖσε
919 852 1218 919 ἐσομένων,
1261 852 1382 905 οὐδὲ
1418 850 1494 914 ὡς
1530 849 1798 920 αἰσθητῆς

192 949 358 1018 οὔσης
395 948 492 1016 τῆς
531 946 807 1017 βασιλείας
857 945 1046 999 αὑτοῦ.
1084 946 1254 1009 Αὐτός
1300 963 1358 997 τε
1416 945 1523 1012 γὰρ
1557 944 1799 1010 ἐδίδαξεν

193 1035 272 1104 οἷς
305 1041 597 1111 πρὸς,τοὺς
630 1040 1022 1104 Σαδδουκαίους
1052 1036 1229 1103 εἶπεν,
1253 1040 1328 1102 ὡς
1349 1039 1617 1108 ἀγγελική
1650 1040 1799 1090 ἐστιν

195 1136 430 1206 ήέκεῖσε
466 1136 735 1206 διαγωγὴ,
772 1136 867 1187 καὶ
902 1138 928 1188 ὁ
957 1136 1170 1198 Παῦλος
1200 1136 1256 1189 δὲ
1292 1133 1538 1188 διδάσκει
1566 1133 1664 1205 τὴν
1699 1132 1798 1203 βα-

195 1227 402 1281 σιλείαν
428 1230 521 1283 τοῦ
553 1228 687 1282 Θεοῦ
718 1231 795 1300 μὴ
820 1225 958 1284 εἶναι
996 1231 1202 1300 βρῶσιν
1239 1231 1334 1284 καὶ
1369 1231 1550 1284 πόσιν.
1593 1231 1683 1299 Μή
1716 1245 1800 1291 τις

193 1318 288 1376 οὖν
323 1322 622 1378 πλανάσθω
676 1323 892 1378 ἀκούων
951 1325 1190 1379 ἐνταῦθα
1238 1325 1318 1389 τὸ,
1367 1345 1383 1374 ι
1425 1325 1544 1379 Ἵνα
1574 1324 1797 1392 ἐσθίητε

194 1415 287 1467 καὶ
314 1416 508 1487 πίνητε
547 1417 642 1469 ἐπὶ
667 1418 767 1488 τῆς
795 1416 1080 1488 τραπέζης
1119 1437 1219 1487 μου
1242 1435 1254 1447 ·
1299 1437 1318 1470 ι
1342 1417 1480 1471 ἀλλὰ
1502 1417 1691 1471 νοείτω
1715 1418 1798 1470 ὅτι

194 1507 258 1560 ἐκ
285 1511 597 1579 μεταφορᾶς
653 1511 762 1564 τῶν
790 1512 944 1582 παρὰ
971 1513 1085 1571 τοῖς
1132 1511 1226 1565 τοῦ
1272 1513 1480 1582 κόσμου
1513 1511 1797 1583 βασιλεῦσι

192 1603 521 1670 τιμωμένων
551 1605 710 1657 τοῦτο
733 1605 969 1676 εἴρηται.
1007 1607 1070 1659 Οἱ
1097 1606 1204 1678 γὰρ
1236 1607 1546 1661 σύνδειπνοι
1576 1607 1671 1662 τοῦ
1704 1608 1797 1679 βα-

195 1699 389 1761 σιλέως
404 1698 622 1752 δοκοῦσι
650 1701 870 1754 πάντων
886 1701 1212 1772 πρωτεύειν.
1237 1702 1411 1756 Τοῦτο
1433 1699 1524 1758 οὖν
1555 1703 1798 1774 καὶπερὶ

193 1792 302 1845 τῶν
319 1793 633 1847 ἀποστόλων
672 1797 859 1865 φησὶν,
881 1797 962 1849 ὅτι
986 1797 1206 1850 πάντων
1234 1798 1620 1870 προτιμότεροι
1645 1798 1769 1853 εσον
1787 1824 1799 1843 ι

193 1901 284 1936 ται
319 1886 449 1955 παρ’
481 1886 654 1957 αὐτῷ.
705 1887 857 1941 Ἐπεὶ
887 1890 981 1942 καὶ
1014 1890 1220 1962 Θρόνιον
1248 1893 1520 1963 καθέδρας
1553 1895 1791 1957 ἀκούων.

1913 655 2070 719 dixit,
2103 671 2207 710 nou
2230 657 2386 725 quasi
2439 655 2618 709 edulia
2655 653 2762 707 illic
2792 652 2901 706 sint
2933 649 3128 720 posita,
3162 662 3336 714 neque
3370 648 3526 717 quasi

1913 749 2170 806 sensibile
2228 748 2502 819 quoddam
2563 762 2788 818 regnum
2845 745 2936 800 sil.
2975 744 3092 814 Ipse
3121 742 3268 797 enim
3319 758 3418 810 per
3461 758 3524 796 ra

1911 861 2032 913 qua:
2061 844 2378 900 Sadduc'ris
2404 843 2615 899 locutus
2651 851 2758 908 est,
2801 842 2956 897 docet
2987 826 3131 910 quod
3175 841 3526 895 conversatio

1911 953 2032 1006 quae
2069 937 2196 1005 illic,
2242 939 2487 1008 angelica
2529 937 2619 1001 sit,
2656 949 2708 990 et
2736 934 2943 990 Paulus
2975 935 3132 988 docet
3169 949 3394 1004 regnum
3430 931 3521 986 llei

1912 1046 2018 1092 r-on
2055 1045 2174 1085 esse
2201 1031 2380 1085 cibum
2412 1041 2464 1084 et
2496 1040 2680 1100 potum
2714 1031 2778 1088 ".
2807 1030 2882 1085 Ne
2910 1030 3032 1100 quis
3067 1029 3228 1101 igitur
3258 1039 3406 1083 erret
3431 1045 3525 1080 au-

1912 1127 2065 1179 diens
2098 1127 2203 1189 hic,
2242 1145 2257 1176 ι
2303 1127 2487 1181 Edatis
2510 1135 2561 1178 et
2584 1125 2782 1178 bibatis
2802 1139 2966 1193 super
2990 1137 3231 1177 mensam
3260 1137 3462 1184 meatu,
3501 1140 3517 1171 ι

1911 1222 2002 1274 sed
2037 1221 2232 1289 cogitet
2271 1221 2412 1288 quod
2469 1221 2672 1274 dictum
2722 1221 2793 1274 sit
2845 1233 2910 1274 ex
2957 1218 3274 1286 metaphora
3330 1233 3521 1271 eorum

1911 1313 2000 1382 qui
2061 1328 2089 1365 a
2149 1313 2364 1382 tegibus
2422 1312 2781 1366 honorantur.
2835 1308 2969 1364 Nam
3004 1310 3094 1378 qui
3139 1324 3260 1363 eum
3308 1310 3527 1377 regibus

1910 1416 2150 1465 etnuaut.
2184 1406 2437 1460 videntur
2463 1406 2667 1473 primos
2703 1404 2938 1457 honores
2971 1401 3179 1457 sortiri.
3213 1398 3326 1454 lloc
3365 1400 3528 1469 igitur

1911 1511 1964 1557 et
2024 1501 2092 1554 de
2161 1498 2425 1569 apostolis
2469 1497 2620 1561 dicit,
2668 1497 2812 1566 quod
2863 1497 3005 1567 apud
3041 1511 3097 1550 se
3124 1495 3377 1550 omnibus
3405 1493 3527 1548 aliis

1911 1595 2289 1665 prmferautnr.
2334 1594 2401 1646 At
2435 1593 2521 1645 ubi
2557 1595 2783 1646 thronos
2817 1601 2870 1647 et
2895 1591 3059 1647 sedes
3115 1591 3374 1655 mulieris,
3413 1606 3521 1646 non

1889 1694 2135 1748 .thronos
2188 1690 2445 1761 iutellige,
2506 1693 2602 1745 sed
2658 1690 2885 1760 gloriam
2951 1700 3004 1742 et
3059 1689 3347 1743 honorem.
3411 1686 3527 1741 Non

1908 1791 2052 1843 enim
2102 1799 2370 1841 creaturae
2426 1795 2506 1839 est
2532 1785 2745 1845 sedere,
2804 1783 2897 1837 sed
2955 1795 3161 1838 sanetae
3213 1781 3526 1844 Trinitatis,

1912 1877 2141 1932 increati
2185 1886 2239 1930 et
2293 1874 2436 1942 regis
2502 1873 2744 1926 omnium
2783 1872 2873 1925 Dei
2917 1893 2928 1926 :
2988 1885 3256 1928 creaturae
3303 1884 3527 1935 autem,

198 1977 273 2047 μὴ
298 1976 522 2047 θρόνους
549 1955 682 2045 νόει,
722 1981 856 2035 ἀλλά
895 1955 1062 2054 τιμὴν
1102 1986 1194 2037 και
1228 1955 1644 2049 δόξανίΟδδεὶς
1692 1955 1800 2058 γὰρ

1919 1983 2172 2040 tanquam
2252 1966 2496 2030 aucilLe,
2550 1976 2633 2021 est
2697 1977 2880 2029 s’at'c,
2937 1965 3100 2034 idque
3165 1964 3531 2034 corporaliter

195 2070 304 2122 τῶν
335 2072 570 2126 κτιστῶν
595 2074 689 2126 καὶ
716 2075 987 2146 γενητῶν,
1020 2080 1138 2131 ἐκεῖ
1168 2079 1502 2134 καθεδεῖται·
1535 2080 1672 2134 ἀλλὰ
1705 2082 1804 2149 τῆς

197 2162 362 2229 ἁγίας
391 2163 644 2235 Τριάδος,
683 2167 778 2220 τοῦ
815 2169 1078 2224 ἀκτίστου
1120 2172 1213 2225 καὶ
1243 2173 1510 2244 βασιλέως
1538 2174 1648 2226 τῶν
1666 2174 1804 2227 ὅλων

197 2253 356 2318 θεοῦ,
381 2256 550 2329 μόνης
573 2259 691 2312 ἐστὶ
707 2259 767 2314 τὸ
803 2262 1157 2326 καὈέζεσθαι·
1211 2268 1311 2336 τῆς
1337 2267 1391 2319 δὲ
1415 2271 1672 2332 κτίσεως,
1729 2269 1806 2331 ὡς

194 2345 414 2416 δο.3ὶ.ης,
455 2348 518 2402 τὸ
547 2351 820 2407 ἵστασθαι.
858 2355 966 2407 Καὶ
997 2355 1171 2410 ταῦτα
1199 2358 1254 2411 δὲ
1293 2360 1625 2428 σωματικῶς
1651 2361 1805 2428 λέγο-

199 2455 322 2509 μεν,
356 2440 417 2494 τὸ
448 2443 719 2514 καθῆσθαι
757 2448 852 2502 καὶ
887 2450 946 2503 τὺ
983 2450 1258 2507 ἵστασθαι.
1301 2453 1374 2506 Τὸ
1396 2453 1473 2518 δὲ,
1513 2473 1530 2506 ι
1573 2452 1804 2527 Κρίνον-

195 2551 312 2598 τες,
353 2556 371 2587 ι
409 2539 1135 2614 τουτέστι,κοιτακρίνοντες
1193 2549 1258 2601 ἐκ
1293 2549 1403 2602 τῶν
1438 2550 1648 2603 δώδεκα
1699 2568 1803 2619 φυσ-

198 2627 308 2681 λῶν
339 2631 466 2693 τοὺς
513 2633 950 2704 ἁπιστήσαντας.
988 2640 1064 2693 Ob
1119 2641 1294 2712 μικρὰ
1327 2642 1436 2711 γὰρ
1473 2643 1806 2713 κατάκρισις

197 2723 312 2785 τοῖς
344 2723 402 2788 ἐξ
440 2725 660 2798 Ἰσραὴλ
693 2729 1068 2802 ἀπιστήσασιν
1110 2735 1156 2786 oi
1190 2734 1484 2788 ἀπόστολοί
1517 2739 1679 2801 εἰσιν,
1729 2737 1805 2801 ὼς

212 2813 546 2888 Ἰσραηλῖται
600 2821 753 2887 ὅντες
802 2826 897 2878 καὶ
953 2827 1128 2890 αὐτοὶ,
1185 2830 1338 2898 ὅμως
1387 2830 1804 2893 πιστεύσαντες.

213 2909 374 2964 Ἐπεὶ
407 2912 588 2967 τοίνυν
611 2916 690 2986 τῷ
724 2919 822 2988 μὲν
854 2921 1091 2992 προδότῃ
1124 2921 1186 2974 τὸ
1215 2922 1338 2974 οὐαὶ
1377 2923 1650 2990 ἀπέδωκε,
1679 2923 1804 2976 τού-

199 3004 312 3068 τοις
345 3005 402 3058 δέ
431 3010 546 3069 τοῖς
580 3011 989 3080 παραμείνασιν
1016 3014 1072 3066 ἐν
1101 3017 1168 3085 τῇ
1205 3014 1343 3085 πρὸς
1371 3014 1537 3067 αὐτὸν
1579 3018 1805 3086 στοργῇ,

200 3094 472 3165 τοσαύτην
506 3100 674 3171 τιμὴν
691 3105 956 3174 προεῖπεν
981 3104 1226 3169 ἔσεσθαι,
1256 3106 1347 3161 ἴνα
1376 3107 1454 3178 μὴ
1482 3108 1803 3179 ἐπαρθῶσιν

198 3185 276 3248 ῶς
299 3188 446 3256 μέγα
485 3207 536 3242 τι
562 3193 1006 3263 κατορθωκὸτες,
1040 3198 1134 3250 καὶ
1157 3201 1613 3270 παραμείναντες
1652 3201 1709 3252 ἐν
1739 3203 1803 3270 τῇ

200 3275 391 3348 ἀγάπῃ
447 3280 640 3347 αὑτοῦ,
680 3286 775 3337 καὶ
840 3287 916 3359 μὴ
968 3291 1284 3360 προδόντες,
1340 3313 1357 3343 ι
1437 3295 1495 3348 '0
1537 3297 1803 3364 Σατανᾶς,

205 3373 394 3441 φησὶν,
424 3376 668 3446 ᾐτήσατο
696 3379 842 3450 ὑμᾶς
873 3383 1138 3451 σινιάσαι,
1178 3404 1196 3437 ι
1237 3387 1510 3452 τουτέστι,
1547 3390 1806 3460 ταράξαι,

207 3464 431 3535 βλάψαι,
464 3472 751 3541 πειρᾶσαι·
779 3493 798 3525 ι
850 3475 994 3528 Ἀλλ’
1026 3476 1138 3545 ἐγὼ
1173 3479 1426 3552 ἐδεήθην.
1473 3500 1490 3533 ι
1520 3483 1611 3554 Μὴ
1647 3484 1806 3553 νομί-

207 3576 358 3628 σητε,
397 3563 591 3632 φησὶν,
627 3565 709 3618 ὅτι
742 3567 1012 3640 ὑμέτερόν
1051 3572 1168 3625 ἐστι
1204 3573 1268 3626 τὸ
1326 3577 1436 3629 πᾶν
1470 3576 1807 3645 κατόρθωμα

200 3655 392 3707 τοῦτο·
429 3657 457 3708 ὁ
487 3657 596 3727 γὰρ
645 3659 895 3726 διάϐολος
939 3664 1107 3728 πολὺς
1153 3666 1411 3720 ἐπέκειτο
1444 3667 1627 3739 ζητῶν
1664 3671 1808 3740 ὑμᾶς

204 3748 459 3802 ἐκϐαλεῖν
489 3755 589 3820 τῇς
623 3753 766 3824 ἐμῆς
788 3756 1052 3826 στοργῆς,
1085 3760 1182 3812 καὶ
1206 3761 1478 3832 προδότας
1502 3762 1806 3828 ἀποδεῖξαι.

206 3843 349 3912 Πρὸς
389 3845 446 3897 δὲ
475 3846 568 3898 τὸν
609 3847 817 3918 Πέτρον
875 3850 1048 3904 ταῦτα
1108 3853 1482 3918 ἀποτείνεται,
1517 3855 1655 3910 διότι
1718 3859 1813 3910 καὶ

202 3935 542 4004 θρασύτερος
565 3939 674 3992 τῶν
703 3941 881 3996 ἄλλων
913 3939 1005 4015 ἦν,
1038 3947 1135 4000 καὶ
1178 3949 1328 4012 εἰκὸς
1363 3949 1529 4003 αὑτὸν
1569 3953 1810 4024 μεγαλο-

205 4029 482 4097 φρονῆσαι
509 4030 594 4098 ἐφ’
625 4027 705 4098 οἷς
741 4037 1117 4104 ἐπηγγείλατο
1145 4040 1172 4093 ὁ
1205 4042 1464 4110 Χριστός.
1507 4045 1599 4098 Διὸ
1635 4064 1807 4101 κατα-

205 4120 444 4174 στέλλων
481 4122 669 4188 αὑτὸν,
699 4128 888 4197 φησὶν,
927 4129 1010 4183 ὅτι
1043 4129 1137 4201 Τῷ
1200 4133 1303 4202 μὲν
1364 4136 1584 4208 Σατανᾷ
1641 4140 1812 4213 πολλὴ

205 4215 420 4286 σπουδὴ
451 4218 646 4285 γέγονε
685 4221 806 4273 καθ’
844 4223 1001 4293 ὑμῶν
1032 4240 1044 4252 °
1084 4225 1194 4294 ἐγὼ
1237 4228 1294 4282 δὲ
1328 4231 1628 4303 ᾐτησάμην
1685 4235 1815 4304 περὶ

202 4304 322 4359 σοῦ.
362 4305 541 4361 Τοῦτο
571 4310 712 4364 κατὰ
737 4313 798 4366 τὸ
825 4314 1172 4384 ἀνθρώπινον
1213 4319 1318 4390 ἔφη
1345 4339 1356 4351 ·
1397 4322 1472 4386 ὡς
1517 4326 1626 4395 γὰρ
1657 4326 1810 4392 Θεὸς,

202 4400 255 4452 τί
299 4401 473 4453 ἐδεῖτο
513 4403 609 4456 τοῦ
637 4406 1005 4476 αἱτήσασθαις
1054 4430 1068 4461 ι
1126 4412 1391 4485 Ἐδεήθην
1449 4412 1566 4482 οὖν,
1625 4421 1814 4489 φησὶν,

203 4495 294 4547 ἵνα
331 4497 408 4566 μη
428 4495 654 4569 ἐκλείπῃ
687 4500 926 4570 ήπίστις
959 4520 1076 4558 σου.
1111 4524 1128 4556 ι
1167 4507 1228 4558 Εἰ
1289 4508 1400 4580 γὰρ
1428 4511 1522 4564 καὶ
1560 4511 1697 4580 πρὸς
1725 4531 1818 4583 μι-

200 4590 340 4660 κρὸν
377 4590 597 4658 μέλλεις
625 4594 974 4666 σαλευθῆναι,
1033 4599 1150 4652 ἀλλ’
1187 4601 1333 4671 ἔχεις
1403 4606 1816 4676 ἐναποκείμενα

1909 2066 2070 2140 471
2104 2064 2340 2120 dicimus
2371 2063 2562 2117 sedere
2600 2069 2652 2115 et
2678 2071 2849 2114 stare.
2882 2057 3198 2114 Judicantes
3233 2075 3387 2124 vero,
3423 2059 3529 2114 hee

1910 2169 2017 2226 est,
2052 2157 2489 2212 contletnnantes
2515 2168 2608 2209 eos
2672 2152 2763 2220 qui
2805 2167 2870 2207 ex
2928 2150 3213 2207 duodecim
3275 2151 3529 2207 tribubus

1912 2264 2044 2307 sunt
2079 2247 2347 2304 increduli
2374 2245 2703 2302 futuri.l\'on
2728 2260 2897 2315 parva
2925 2255 3109 2300 autem
3138 2246 3529 2300 condemnatio

1910 2343 2177 2411 Israelitis
2204 2342 2391 2407 fuerit,
2420 2343 2562 2412 quod
2593 2341 2826 2411 apostoli
2863 2340 2955 2410 qui
2987 2341 3154 2396 etiam
3205 2339 3308 2410 ipsi
3338 2357 3408 2396 ex
3449 2341 3530 2396 ls-

1910 2439 2120 2496 raelitis
2175 2448 2336 2495 erant
2365 2441 2741 2502 crediderunt,
2772 2447 2822 2493 et
2857 2437 2950 2492 alii
2993 2451 3098 2492 non
3145 2436 3526 2492 crediderunt.

1911 2538 2104 2608 Itaque
2130 2536 2258 2608 quia
2290 2535 2556 2607 proditori
2587 2550 2666 2588 vae
2719 2533 3098 2604 adjudicatum
3137 2541 3243 2596 est,
3307 2531 3530 2588 illorum

1913 2646 2095 2690 autem
2126 2635 2219 2705 qui
2249 2643 2676 2705 permanserunt
2711 2634 2765 2688 in
2796 2646 2985 2687 amore
3014 2645 3142 2702 erga
3191 2630 3366 2696 illum,
3409 2641 3532 2685 tau-

1917 2737 2029 2780 tum
2061 2725 2318 2796 praadixit
2349 2725 2466 2782 fore
2500 2727 2786 2790 honorem,
2823 2735 2880 2780 ut
2909 2739 2975 2779 ne
3007 2726 3347 2780 extollantur
3374 2725 3531 2794 quasi

1917 2835 2173 2890 magnum
2203 2820 2465 2889 quiddam
2507 2817 2794 2884 fecissent,
2856 2828 2912 2873 et
2971 2819 3412 2887 permansisseut
3475 2819 3528 2872 itt

1914 2913 2208 2978 cbaritate,
2251 2927 2317 2969 ac
2374 2929 2480 2969 non
2551 2913 2928 2982 prodidissent
2974 2927 2987 2965 :
3051 2932 3069 2964 ‹
3134 2910 3372 2968 Satanas
3411 2930 3529 2976 vos,

1916 3007 2114 3078 inquit,
2174 3009 2370 3080 petivit
2408 3011 2676 3073 cribrare,
2727 3026 2745 3058 ›
2801 3008 2905 3063 hoc
2964 3017 3068 3071 est,
3133 3007 3380 3072 turbare,
3435 3023 3535 3062 uo-

1913 3117 2062 3166 cere,
2111 3112 2364 3167 tentare;
2417 3122 2435 3156 ι
2472 3104 2567 3159 sed
2613 3117 2717 3171 ego
2748 3104 2959 3174 rogavi.
3006 3123 3024 3156 ι
3064 3103 3144 3159 Ne
3196 3105 3526 3161 existimetis

1917 3197 2143 3270 (inquit)
2176 3201 2322 3270 quod
2359 3210 2600 3254 vestrum
2634 3197 2710 3253 sit
2765 3207 2942 3253 totum
2983 3200 3085 3254 hoc
3116 3199 3320 3254 bonum
3370 3215 3529 3271 Opus.

1921 3293 2186 3351 Diabolus
2213 3293 2360 3348 enim
2403 3293 2563 3348 valde
2597 3303 2777 3364 urget,
2810 3294 2853 3350 si
2893 3294 3065 3364 possit
3097 3309 3195 3350 vos
3220 3296 3288 3348 ab
3341 3309 3534 3350 amore

1925 3386 2030 3441 mei
2061 3386 2356 3454 depellere,
2391 3395 2446 3440 et
2478 3385 2776 3440 ostendere
2801 3385 3136 3456 proditores.
3185 3389 3265 3442 Ad
3307 3385 3532 3444 Petrum

1917 3489 2100 3533 autem
2136 3479 2304 3532 verba
2340 3478 2455 3533 ha:c
2477 3479 2682 3545 dirigit,
2714 3479 2803 3548 qui
2835 3479 3061 3545 reliquis
3113 3480 3533 3544 attdaciort‘ral,

1915 3582 1968 3624 et
2006 3569 2286 3639 probabile
2319 3579 2403 3623 est
2452 3569 2769 3638 superbisse
2836 3569 2887 3623 in
2948 3570 3013 3624 iis
3061 3585 3183 3636 qua!
3236 3587 3263 3624 ιι
3308 3569 3535 3626 Christo

1917 3667 2188 3734 promissa
2226 3673 2425 3728 erant;
2461 3663 2666 3717 idcirco
2699 3673 2754 3718 et
2800 3665 3047 3732 reprimit
3093 3681 3241 3730 eum,
3290 3669 3478 3722 dicens
3521 3685 3530 3717 :

1924 3759 2146 3814 Salano:
2177 3760 2398 3828 quidem
2433 3757 2536 3813 fuit
2589 3758 2818 3813 multum
2865 3759 3106 3814 studium
3169 3770 3366 3818 contra
3401 3779 3535 3826 vos;

1918 3872 2017 3927 ego
2058 3867 2237 3911 autem
2270 3857 2423 3912 oravi
2469 3872 2564 3926 pro
2601 3865 2669 3911 te.
2715 3856 2783 3911 Et
2827 3857 2930 3913 hoc
2975 3858 3214 3912 humano
3267 3873 3418 3912 more
3463 3861 3542 3914 i'i-

1920 3953 2073 4004 cehat
2104 3967 2116 4015 ;
2159 3966 2308 4014 nam,
2345 3961 2406 4005 nt
2463 3952 2628 4016 Deus,
2667 3968 2773 4009 non
2809 3967 2945 4021 opus
2979 3951 3216 4008 habebat
3245 3968 3407 4007 orare
3439 3954 3541 4006 ali-

1921 4063 2105 4114 quem.
2140 4066 2158 4095 ι
2196 4046 2401 4116 Rogavi
2445 4047 2632 4115 igitur,
2681 4048 2838 4111 dicit,
2880 4058 2938 4102 ttt
2988 4063 3092 4102 non
3124 4048 3344 4103 deﬁciat
3402 4049 3538 4104 ﬁdes

1925 4150 2034 4191 tua.
2080 4159 2097 4189 ι
2133 4139 2398 4206 Quamvis
2435 4140 2582 4194 cnim
2639 4140 2792 4194 brevi
2858 4153 3102 4210 tempore
3139 4140 3536 4195 concutietulus

1922 4235 2016 4293 sis.
2054 4235 2222 4288 habes
2255 4245 2437 4289 tamen
2479 4235 2757 4290 reeondita
2789 4235 2998 4289 semina
3028 4235 3176 4302 ﬁdei,
3212 4245 3270 4290 ut
3290 4237 3456 4289 etiam
3493 4236 3536 4290 si

1923 4327 2046 4381 folia
2079 4325 2342 4396 abjecerit
2364 4326 2590 4396 spiritus
2614 4325 2949 4390 invadentis,
2972 4327 3124 4380 radix
3154 4337 3337 4382 tamen
3367 4327 3532 4389 vivet,

1922 4431 1973 4475 et
2017 4439 2122 4473 non
2159 4421 2378 4475 deﬁciet
2413 4420 2547 4474 ﬁdes
2601 4431 2714 4474 tua.
2758 4419 2839 4473 Tu
2881 4434 3011 4494 vero
3070 4434 3371 4476 conversus
3401 4437 3537 4476 eou-

1924 4519 2077 4571 lirma
2117 4516 2316 4571 fratres
2359 4525 2502 4571 tuos.
2544 4515 2747 4570 Planus
2780 4515 2941 4586 hujus
2976 4515 3288 4571 intellectus
3318 4514 3364 4570 is
3399 4525 3480 4571 est
3515 4535 3531 4574 :

1923 4610 2058 4678 Quia
2098 4621 2147 4664 te
2175 4610 2350 4665 habeo
2381 4619 2439 4664 ut
2460 4610 2765 4680 principem
2793 4608 3213 4680 discipulorum,
3246 4619 3537 4680 postqt'aut

198 4686 276 4738 τὰ
315 4685 614 4780 σπέρματα
650 4690 748 4760 τῆς
773 4690 1029 4756 πίστεως.
1072 4693 1191 4748 Κᾶν
1215 4695 1287 4748 τὰ
1322 4696 1499 4765 φύλλα
1530 4699 1723 4771 ἔρριψε
1756 4704 1806 4756 τὲ

1929 4714 2127 4776 negato
2184 4720 2270 4759 me
2343 4703 2558 4759 ﬂeveris
2609 4712 2665 4758 et
2721 4703 2787 4755 ad
2848 4702 3231 4773 paenitentiam
3295 4705 3538 4764 veneris.

200 4779 436 4850 πνεῦμα
469 4781 560 4834 τοῦ
597 4783 1022 4854 ἐπηρεάζοντος,
1057 4787 1176 4840 ἀλλ’
1207 4791 1238 4860 η
1280 4790 1405 4861 ῥίζα
1455 4792 1546 4862 ζῇ,
1577 4795 1671 4845 καὶ
1715 4795 1817 4848 οὐκ

201 4873 458 4942 ἐκλείψει
506 4877 538 4946 ἡ
575 4876 758 4940 πίστις
797 4895 911 4933 σου.
947 4880 1020 4933 Σὺ
1057 4881 1113 4934 δὲ
1159 4885 1523 4955 ἐπιστρέψας,
1560 4888 1816 4958 στήριξον

200 4971 339 5031 τοὺς
372 4969 638 5034 ἀδελφούς
676 4987 792 5025 σου.
824 4971 898 5026 Τὸ
933 4973 1032 5044 μὲν
1067 4978 1362 5048 πρόχειρον
1399 4980 1612 5050 νοῆσαι,
1668 4983 1813 5034 τοῦτ’

199 5063 386 5121 ἔστιν,
417 5061 499 5114 ὅτι
539 5063 760 5134 Ἐπειδὴ
809 5082 868 5117 σε
923 5066 1034 5118 τῶν
1072 5069 1336 5140 μαθητῶν
1391 5073 1623 5144 ἔξαρχον
1681 5075 1814 5145 ἔχω,

208 5155 403 5229 μεθ’,ὃ
430 5155 814 5226 ἀρνησάμενός
841 5177 931 5229 με,
972 5162 1255 5226 κλαύσεις,
1285 5167 1377 5218 καὶ
1411 5169 1490 5229 εἰς
1519 5167 1816 5234 μετάνοιαν

202 5251 404 5332 ἔλθῃς,
443 5250 875 5330 στήριξον-Ξορς
910 5255 1157 5318 λοιπούς.
1198 5258 1374 5312 Ἱόὖτο
1405 5261 1515 5330 γὰρ
1546 5263 1816 5332 προσήκει

205 5328 428 5407 σοι’ὼς
470 5346 590 5414 μετ’
651 5347 752 5416 ἐμὲ
811 5349 925 5401 om
962 5351 1059 5419 τῆς
1115 5351 1445 5423 Ἐκκλησίας
1484 5355 1663 5426 πέτρᾳ
1723 5356 1817 5409 καί

202 5439 581 5510 στηρίγματι.
610 5442 841 5511 Noricus
875 5443 918 5497 δ’
953 5446 1019 5498 ἄν
1069 5464 1152 5509 τις
1186 5448 1346 5501 τοῦτο
1369 5451 1429 5503 οὑ
1482 5451 1643 5520 μόνον
1687 5454 1819 5519 περὶ

201 5538 328 5589 τῶν
369 5537 490 5588 τότε
518 5536 838 5591 ἀποστόλων
876 5542 1150 5610 εἰρῆσθαι.
1200 5544 1274 5606 ὡς
1312 5545 1378 5597 ἂν
1403 5545 1819 5616 ὑποστηριχθῶ-

205 5651 302 5687 σιν
347 5633 454 5685 ὑπὸ
482 5635 576 5686 τοῦ
610 5635 840 5704 Πέτρου,
873 5637 1009 5691 ἀλλὰ
1039 5638 1283 5710 καὶπερὶ
1315 5642 1536 5694 πάντων
1557 5641 1665 5693 τῶν
1692 5643 1819 5712 ἄχρι

200 5728 313 5795 τῆς
341 5727 659 5789 συντελεῖας
686 5729 779 5781 τοῦ
815 5731 1009 5795 αἰῶνος
1047 5733 1272 5785 πιστῶν.
1299 5735 1368 5787 Σὺ
1402 5737 1531 5806 γὰρ,
1565 5730 1818 5806 ὦΠέτρε,

203 5825 581 5892 ἐπιστρέψιςι
632 5826 796 5877 me,
830 5828 1133 5896 ὀπόδειγμα
1169 5832 1371 5898 γενήσῃ
1412 5834 1577 5884 πᾶσιν
1615 5832 1689 5895 ;ίς
1723 5835 1821 5898 ειε-

292 6010 525 6064 λ’ξῖιπῖ,
582 6026 656 6058 ιιι.
733 6009 806 6054 i7.

1931 4799 2196 4854 conﬁrma
2233 4807 2485 4854 caeteros.
2520 4795 2636 4852 Hoc
2685 4797 2834 4851 enim
2874 4804 2927 4851 te
2960 4796 3137 4860 decet,
3173 4796 3265 4865 qui
3299 4806 3421 4866 post
3453 4813 3542 4853 me

1933 4895 2019 4950 lict
2043 4895 2188 4950 lesia:
2216 4903 2370 4964 petra
2409 4907 2468 4948 es
2493 4900 2546 4947 el
2588 4893 3017 4946 ﬁrmamentum.
3056 4890 3395 4945 Intellexerit
3447 4907 3543 4945 au-

1933 5001 2038 5041 leni
2081 4988 2204 5058 quis
2232 5003 2338 5043 non
2367 4986 2543 5042 solum
2573 4985 2638 5039 de.
2664 4983 2928 5054 apostolis
2959 4986 3166 5039 dictum
3210 4987 3356 5055 quod
3412 5003 3547 5040 ron-

1933 5081 2131 5135 firmati
2167 5079 2372 5134 fuerint
2410 5095 2437 5132 a
2472 5078 2655 5143 Petro,
2692 5080 2786 5134 sed
2826 5080 2893 5132 de
2937 5079 3194 5134 omnibus
3229 5080 3320 5147 qtti
3375 5095 3546 5148 ltSthc

1936 5177 2001 5232 ad
2034 5176 2576 5231 consummationem
2609 5171 2795 5228 sagculi
2826 5172 2995 5228 futuri
3033 5189 3164 5228 sunt
3216 5173 3427 5230 ﬁdeles.
3464 5173 3544 5228 Tu

1933 5272 2100 5335 enim,
2138 5269 2316 5335 Putre,
2359 5282 2678 5332 conversus,
2738 5268 2936 5321 bonum
2994 5266 3304 5336 exemplum
3364 5269 3544 5338 ρωπί-

1934 5361 2116 5414 tentia:
2168 5361 2277 5415 eris
2311 5361 2586 5423 omnibus,
2645 5367 2704 5413 ιιι
2757 5357 2941 5414 nullus
2975 5359 3318 5414 credentium
3379 5360 3429 5414 iu
3493 5370 3544 5415 te

1937 5455 2234 5524 tespieicns
2267 5455 2564 5522 desperet:
2602 5452 2693 5523 qtti
2753 5470 2874 5508 cum
2937 5454 3218 5523 apostolus
3265 5453 3434 5509 fueris
3489 5465 3543 5507 et

1939 5548 2245 5619 negaveris,
2277 5548 2470 5601 itertun
2530 5559 2709 5602 tamen
2747 5549 3018 5616 receperis
3066 5548 3364 5616 primatum
3421 5561 3545 5599 om-

1939 5641 2110 5705 nium,
2145 5650 2200 5694 et
2230 5640 2618 5709 prtefecturam
2655 5639 2805 5692 orbis
2840 5654 2935 5708 per
2985 5638 3390 5708 pmnitet'ttiam.
3437 5635 3543 5691 Ex—

1937 5733 2130 5802 petivit
2177 5733 2362 5802 itaque
2411 5731 2646 5785 Satanas
2678 5731 2926 5786 cribrare
2972 5743 3022 5786 te
3081 5740 3134 5787 et
3171 5730 3366 5786 laedere
3400 5731 3544 5786 sicut

1938 5829 2178 5883 uilicum
2248 5806 2772 5896 ιιυιηιιιῖιπηῑςὶοιιιιιι
2805 5825 3171 5886 sordidantia,
3218 5833 3405 5893 utpote
3459 5822 3542 5875 iu-
