4046 6504
594 399 733 463 10Ἰό

1512 397 2096 457 ἹῊΕΟΡΗΥΙ.Α(ΣΤΙ
2136 397 2547 460 ΒυωΑιιιτΕ
2593 396 2953 456 AllClllEP.

3719 385 3854 450 1076

590 513 785 567 videns
833 511 998 565 amori
1029 522 1119 564 tuo
1169 508 1224 561 in
1251 524 1356 571 me,
1384 508 1523 560 sicut
1573 509 1620 560 ei
1650 523 1764 561 mos
1791 515 1894 560 est.
1931 505 2062 560 Nam
2095 508 2161 561 sit

2280 512 2522 573 τάνοιαν,
2556 509 2650 561 καὶ
2689 508 2864 570 οὐδεὶς
2900 505 3010 558 τῶν
3036 504 3403 558 πιστευόντων
3454 505 3532 564 είς
3585 504 3687 569 ἐμὲ
3728 505 3855 556 ἀπο·

593 608 756 660 etiam
783 604 882 659 Job
912 603 1128 656 invasit.
1180 589 1379 654 Verum
1411 615 1514 670 ego
1542 614 1644 653 non
1679 600 1898 653 ouiniuo
1929 610 1978 654 te
2010 600 2168 655 dere-

590 701 850 768 linquam,
879 706 936 752 ut
963 695 1177 750 deficiat
1211 694 1263 747 in
1293 694 1605 747 universum
1647 692 1779 746 fidus
1811 703 1918 746 tua.
1963 692 2163 760 Quatu-

588 792 674 844 vis
703 798 881 842 autem
909 803 1010 859 ego
1047 789 1349 856 rugat-crint
1384 803 1478 853 pro
1514 799 1582 850 te,
1611 795 1853 839 attamen
1891 794 1944 838 tu
1978 801 2042 840 ne
2085 800 2169 840 re-

587 881 809 942 cideris,
845 879 939 933 sed
963 881 1409 939 conversus,‘hoc
1442 890 1545 943 est,
1579 879 1949 946 preuitentiam
1979 894 2163 947 agens,

585 981 640 1026 et
675 971 945 1041 lacrymas
984 969 1335 1040 profundens,
1385 979 1440 1022 et
1491 984 1520 1020 a
1555 969 1840 1035 negatione
1897 969 2164 1031 resiliens,

584 1075 702 1118 esto
726 1065 887 1118 etiam
908 1063 1028 1117 aliis
1059 1064 1390 1134 posuitentiae
1422 1063 1722 1131 exemplar,
1755 1078 1820 1118 ne
1851 1063 2161 1132 desperent.

585 1157 722 1222 Quid
747 1157 910 1225 igitur
943 1156 1170 1210 Petrus?
1195 1154 1356 1210 Multa
1387 1155 1630 1209 eharitas
1687 1155 1994 1208 animosum
2039 1171 2162 1208 eum

585 1249 841 1314 reddidit,
877 1258 934 1302 ut
973 1249 1297 1316 polliceatur
1335 1263 1454 1317 qun
1485 1247 1588 1302 sibi
1624 1257 1748 1301 tunc
1773 1247 2162 1316 impossibilia;

584 1341 848 1396 Dominus
901 1351 1078 1397 autem
1153 1341 1242 1395 ubi
1320 1319 1456 1394 vidit
1508 1356 1630 1392 eum
1684 1340 1978 1394 temeraria
2016 1341 2161 1409 loqui

585 1435 894 1502 (oportebat
923 1433 1066 1487 enim
1093 1432 1259 1486 semel
1308 1432 1488 1484 audita
1522 1431 1780 1495 veritate,
1829 1448 1949 1500 qua;
1981 1434 2032 1487 ei
2085 1433 2162 1485 di-

585 1528 741 1580 cehat
771 1528 915 1596 quod
937 1529 1227 1582 lentandus
1243 1538 1409 1591 esset,
1431 1542 1534 1579 non
1560 1526 1837 1594 reluctari)
1856 1524 2162 1579 manifestat

581 1619 630 1674 ei
669 1619 982 1673 tentatinnis
1018 1620 1278 1685 speciem,
1333 1634 1530 1689 nempe
1564 1617 1730 1691 572
1792 1619 2158 1689 negationem.

580 1709 695 1765 Hoc
727 1720 904 1764 autem
929 1711 1046 1766 loco
1069 1711 1332 1765 discimus
1368 1725 1618 1781 magnam
1657 1711 1988 1772 doctrinam.
2017 1713 2186 1781 quod‘

580 1817 690 1855 non
725 1801 954 1856 snﬂiciat
1011 1803 1340 1872 propositum
1375 1801 1610 1858 hominis
1666 1804 1872 1869 absque
1923 1802 2162 1857 subsidio

2281 601 2551 669 γνώσεται
2577 600 2906 654 ἀποϐλέπων
2951 598 3088 668 πρὸς
3143 598 3202 650 σὲ
3257 597 3350 676 τὸν
3407 594 3712 650 ἀπόστολον
3763 597 3857 663 μὲν

2276 699 2426 759 δντα,
2464 698 2840 766 ἀρνησάμενον
2867 693 2945 756 δὲ,
2974 693 3070 745 καὶ
3106 691 3262 743 πάλιν
3287 692 3353 742 τὰ
3377 691 3618 758 πρωτεῖα
3642 688 3858 740 πάντων

2277 792 2371 845 καὶ
2413 790 2511 861 τὴν
2540 790 2635 858 τῆς
2657 788 2987 856 οἰκουμένης
3023 785 3350 846 ἐπιστασίαν
3381 784 3615 836 λαὸόντα
3644 783 3736 836 διά
3765 784 3855 850 τῆς

2279 883 2587 952 μετανοίας.
2625 882 2894 952 ’ῌτήσατο
2921 876 3014 932 οῦν
3047 879 3073 930 6
3103 877 3347 938 Σατανᾶς
3386 877 3625 929 σινιάσαι
3652 893 3737 939 σε,
3769 876 3856 927 καὶ

2277 977 2476 1046 βλάψαι
2507 976 2697 1045 ὥσπερ
2721 977 2868 1028 σῖτον
2909 972 3172 1040 καθαρὸν,
3206 970 3609 1039 παρεμϐάλλων
3647 969 3718 1022 τά
3766 971 3858 1039 ῥυ-

2277 1072 2560 1132 παίνοντα,
2593 1065 2681 1122 οἷα
2702 1068 2768 1139 δὴ
2799 1067 3010 1136 φθονῶν
3045 1083 3127 1119 σοι
3166 1065 3267 1133 τῆς
3298 1066 3432 1134 πρὸς
3466 1065 3565 1132 ἐμὲ
3610 1064 3857 1131 ἀγάπης,

2281 1164 2464 1234 ὥσπερ
2496 1162 2617 1226 ιθος
2641 1160 2811 1232 αὐτῷ.
2847 1160 3006 1214 Οὕτω
3039 1158 3147 1229 γὰρ
3205 1159 3301 1210 καὶ
3335 1157 3414 1226 τῷ
3484 1155 3606 1210 Ἰὼϐ
3651 1155 3860 1209 ἐπεδεί-

2274 1262 2406 1322 ξατο
2433 1273 2446 1284 ο
2481 1255 2596 1309 ἀλλ’
2626 1253 2735 1322 ἐγὼ
2754 1253 2818 1307 οὐ
2859 1253 3039 1322 πάντη
3094 1267 3154 1304 σε
3208 1249 3594 1317 ἐγκατέλιπον,
3661 1248 3750 1300 ἴνα
3786 1249 3857 1316 μή

2275 1349 2506 1422 ἐκλείπῃ
2531 1351 2562 1418 ή
2587 1349 2772 1411 πίστις
2794 1363 2888 1400 σου
2917 1348 2996 1409 είς
3015 1344 3076 1398 τὸ
3109 1343 3388 1405 παντελές.
3425 1342 3485 1394 Ei
3506 1340 3601 1394 καὶ
3634 1339 3860 1408 ἐδεήθην

2272 1440 2327 1492 δὲ
2353 1437 2466 1506 ἐγὼ
2503 1439 2664 1503 αὐτὸς
2699 1439 2828 1508 περὶ
2851 1437 2968 1500 σοῦ,
3003 1438 3153 1506 ὅμως
3187 1435 3253 1487 σὺ
3283 1435 3358 1504 μὴ
3404 1434 3713 1503 ἀναπέσῃς,
3746 1431 3860 1486 ἀλλ’

2273 1534 2629 1605 ἐπιστρέψας,
2693 1533 2965 1596 τουτέστι,
3023 1530 3364 1600 μετανοήσας
3409 1527 3504 1581 καὶ
3556 1525 3857 1598 δακρύσας,

2273 1625 2368 1678 καὶ
2399 1625 2508 1678 ἀπὸ
2545 1628 2654 1693 τῆς·
2678 1623 2963 1692 ἀρνήσεως
3000 1618 3191 1690 φυγὼν
3213 1661 3228 1683 ,
3283 1617 3441 1686 γενοῦ
3477 1618 3572 1670 καὶ
3612 1620 3726 1680 τοῖς
3767 1617 3858 1670 ἀλ-

2271 1719 2383 1782 λοις
2423 1720 2632 1778 πιστοῖς
2659 1717 2828 1778 τύπος
2859 1714 2951 1768 τοῦ
2983 1717 3294 1785 μετανοεῖν,
3319 1714 3414 1765 καὶ
3454 1713 3529 1781 μὴ
3573 1710 3853 1778 ἀπογινὼ·

2274 1809 2541 1878 σκεινηΤί
2579 1803 2674 1862 οὖν
2701 1811 2729 1861 6
2783 1808 3026 1878 Πέτρος;
3071 1806 3165 1858 Ἐκ
3197 1804 3396 1874 πολλῆς
3448 1804 3673 1874 ἀγάπης
3726 1803 3860 1872 θρα-

581 1895 679 1949 Ι)··ἱ
719 1897 1220 1964 :quemadmodum
1261 1907 1316 1951 et
1360 1896 1553 1952 Petrus
1606 1911 1795 1964 parum
1845 1895 2161 1958 derelictus,

2271 1901 2510 1964 σύνεται,
2553 1900 2647 1954 καὶ⁵
2685 1899 3029 1968 ὑπισχνεῖται
3075 1898 3145 1951 τά
3183 1896 3321 1958 τέως
3395 1894 3546 1965 αὑτῷ
3597 1893 3858 1947 ἀδύνατα.

581 1985 792 2039 tametsi
833 1987 1160 2040 charitatem
1187 2003 1250 2042 ac
1298 1987 1569 2042 fervorem
1603 1988 1805 2041 habere
1865 1986 2164 2050 videretur,

581 2077 673 2130 ubi
726 2079 944 2147 reliquit
989 2095 1110 2137 eum
1155 2079 1315 2143 Deus,
1375 2079 1750 2147 supplantatus
1792 2091 1876 2136 est
1931 2082 1999 2134 ab
2059 2079 2164 2133 ini-

581 2165 742 2221 mico.
780 2166 842 2219 Et
877 2169 1069 2223 iterum
1101 2185 1207 2224 non
1236 2169 1434 2225 sufficit
1472 2170 1564 2225 Dei
1598 2171 1929 2236 subsidium,
1972 2171 2017 2225 si
2061 2185 2164 2226 non

585 2254 804 2312 aﬂuerit
834 2269 888 2312 et
920 2261 1213 2314 lmmanum
1242 2261 1580 2329 propositum
1623 2279 1635 2313 :
1703 2261 2161 2330 quemadmodum

580 2360 635 2404 et
663 2347 839 2416 Judae,
890 2351 1024 2404 nihil
1073 2351 1272 2418 profuit
1304 2355 1554 2422 quamvis
1587 2353 1766 2407 omnia
1822 2352 2026 2407 faceret
2064 2354 2166 2408 Do-

579 2442 762 2496 minus
804 2451 861 2494 ut
918 2442 1265 2498 lucrifaceret
1295 2460 1442 2507 eum,
1505 2459 1627 2498 cum
1663 2444 1878 2500 abesset
1907 2445 1958 2500 ei
2023 2447 2164 2501 bona

577 2535 853 2590 voluntas.
885 2535 1216 2592 liorreamus
1241 2547 1420 2592 autem
1445 2538 1878 2601 considerantes,
1899 2549 2163 2608 quantum

579 2639 769 2682 e0utra
798 2628 1057 2682 remissos
1093 2631 1310 2683 valeant
1337 2629 1545 2684 insidia:
1571 2629 1793 2688 diaboli.
1831 2631 1973 2686 Ecce
2015 2632 2164 2688 enim

578 2728 636 2773 et
666 2719 768 2772 hoc
811 2719 931 2773 loco
983 2719 1201 2782 Petrus.
1233 2722 1484 2790 quamvis
1519 2738 1549 2776 a
1581 2721 1692 2778 Deo
1721 2734 2164 2789 conservaretur,

580 2811 708 2880 quia
744 2828 912 2881 parvo
947 2824 1192 2882 tempore
1222 2829 1318 2881 per
1370 2813 1836 2884 dispensationem
1871 2815 2166 2870 derelictus

580 2911 686 2968 est,
743 2917 807 2956 eo
842 2903 1089 2971 pervenit
1125 2911 1182 2956 ut
1219 2917 1444 2972 negaret
1487 2921 1501 2958 :
1544 2917 1592 2959 et
1632 2905 1734 2959 nisi
1771 2922 1802 2959 a
1849 2905 1958 2960 Deo
2001 2923 2163 2976 parva

577 2995 825 3059 qua-dam
862 2995 1134 3050 custodita
1189 2995 1422 3050 fuissent
1460 3012 1581 3066 quae
1642 2998 1694 3051 in
1739 2997 1830 3050 illo
1885 2998 2163 3052 recondita

584 3099 746 3141 erant
776 3089 1008 3152 semina,
1046 3089 1173 3157 quid
1229 3105 1332 3143 non
1366 3105 1560 3157 passus
1615 3092 1840 3144 fuisset?
1896 3091 1971 3145 E0
2019 3092 2162 3145 enim

579 3183 860 3248 spectabat
897 3180 1165 3244 diabolus,
1193 3191 1252 3235 ut
1279 3190 1333 3236 et
1359 3182 1535 3261 ipsum
1582 3182 1647 3237 ad
1673 3182 2038 3250 proditionem
2069 3183 2154 3236 in.

2282 1995 2342 2048 '0
2393 1995 2450 2048 δέ
2505 1993 2733 2064 Κύριος,
2769 1993 2895 2044 ἐπεὶ
2947 1989 3090 2061 εἶδεν
3146 1991 3313 2044 αὑτὸν
3373 1989 3482 2042 ἀπὸ
3517 1987 3858 2060 προπετεία,⁵

2268 2086 2639 2156 φθεγγόμενον
2670 2085 2799 2157 (ἔδει
2835 2085 2946 2155 γὰρ
2973 2082 3121 2147 ἅπαξ
3146 2081 3456 2135 ἀκούσαντα
3543 2081 3647 2148 τῆς
3693 2080 3861 2132 αὐτο.

2269 2179 2537 2251 ἀληθείας
2561 2180 2825 2252 εἰπούσης
2866 2177 3036 2248 αύτῷ,
3070 2177 3153 2230 δτι
3178 2174 3636 2244 πειρασθήσεται,
3665 2174 3861 2242 μηκέτι

2269 2272 2612 2334 ἀντιτείνειν,
2650 2271 2940 2340 ἀναφαίνει
2974 2267 3126 2338 αύτῷ
3162 2267 3336 2320 καὶτὸ
3367 2262 3507 2329 εἶδος
3536 2265 3635 2318 τοῦ
3667 2281 3861 2334 πειραο

2271 2363 2434 2431 σμοῦ,
2467 2363 2548 2415 ὅτι
2599 2362 2830 2434 ἀρνησις
2880 2361 3056 2414 ἐσται.
3107 2357 3392 2412 Ἐντεῦθεν
3423 2357 3476 2410 δὲ
3511 2354 3859 2426 μανθάνομεν

2267 2453 2468 2521 δόγμα,
2495 2453 2577 2505 δτι
2608 2453 2709 2505 οὐκ
2740 2453 2901 2518 ἀρκεῖ
2926 2449 3188 2519 πρόθεσις
3227 2448 3518 2519 ἀνθρώπου
3554 2466 3732 2518 χωρις
3767 2447 3862 2518 τῆς

2267 2543 2362 2597 τοῦ
2396 2542 2532 2596 Θεοῦ
2561 2542 2884 2613 ἐπικουρίας
2918 2559 2932 2572 ο
2965 2540 3156 2611 ὥσπερ
3193 2539 3288 2593 οὖν
3321 2542 3416 2592 καὶ
3446 2543 3474 2592 6
3523 2540 3736 2608 Πέτρος
3768 2539 3858 2604 ἐγ·

2270 2634 2658 2704 καταλειφθεὶς
2716 2635 2854 2704 πρὸς
2909 2632 3126 2704 μικρὸν,
3170 2634 3218 2684 εί
3261 2633 3355 2685 καὶ
3403 2631 3580 2684 ἐδόκει
3615 2631 3859 2699 ἀγαπᾷν,

2269 2728 2582 2798 θερμότητα
2623 2726 2788 2796 ἔχειν,
2819 2723 2934 2778 ἀλλ’
2967 2725 3117 2792 ὅμως
3143 2722 3236 2775 τοῦ
3263 2721 3398 2775 Θεοῦ
3431 2723 3686 2790 ἀφέντος,
3759 2721 3860 2772 ὐπ-

2270 2819 2568 2888 εσκελίσθη
2607 2818 2685 2888 τῷ
2710 2815 2907 2887 ἐχθρῷ.
2950 2816 3058 2868 Καὶ
3102 2813 3171 2868 αὖ
3198 2816 3297 2867 ούκ
3324 2815 3486 2884 ἀρκεῖ
3519 2816 3551 2883 ή
3601 2812 3698 2865 τοῦ
3729 2811 3860 2864 Θεοῦ

2270 2911 2588 2980 ἐπικουρία,
2635 2911 2710 2980 μὴ
2752 2911 2845 2962 καὶ
2877 2908 3191 2980 προθέσεως
3249 2907 3605 2977 ἀνθρωπίνης
3636 2906 3806 2974 οῦσης
3838 2923 3852 2936 ο

2269 3001 2458 3071 ὥσπερ
2481 2997 2574 3055 οῦν
2609 3003 2703 3054 καὶ
2739 3000 2938 3064 Ἰούδας
2976 2999 3129 3053 οὐδὲν
3160 2998 3441 3070 ὠφελήθη,
3479 2999 3663 3051 καίτοι
3685 2999 3862 3050 πάντα

2270 3095 2553 3157 ποιοῦντος
2575 3094 2668 3147 τοῦ
2699 3096 2907 3165 Κυρίου
2938 3095 3019 3155 εἰς
3047 3085 3106 3146 τὸ
3143 3093 3408 3164 κερδῆσαι
3433 3092 3596 3146 αὐτόν
3620 3106 3633 3120 °
3666 3089 3859 3160 προαί-

2272 3205 2418 3259 ρεσις
2454 3188 2562 3256 γὰρ
2587 3188 2735 3256 ἀπῆν
2758 3186 2956 3255 ἀγαθή.
2990 3186 3275 3255 Φρίξωμεν
3306 3181 3398 3238 οὖν
3420 3183 3736 3246 ἐννοοῦντες
3765 3181 3857 3236 τοῦ

579 3243 841 3338 truderet.
889 3293 901 3326 :
932 3272 1082 3329 Esca:
1102 3275 1246 3328 enim
1269 3243 1505 3339 diabolo,
1526 3243 1696 3343 inquit
1718 3275 2002 3344 propheta,
2019 3275 2159 3331 elec-

2273 3283 2520 3336 διαϐόλου
2553 3283 2649 3346 τὰς
2682 3280 2998 3343 ἐπιϐουλὰς,
3024 3281 3100 3343 ὼς
3131 3277 3382 3349 ἰσχύουσι
3409 3278 3554 3332 κατά
3587 3279 3701 3330 τῶν
3733 3296 3860 3347 χαυ-

577 3378 668 3420 tm.
700 3386 718 3418 ι
753 3367 860 3422 Deo
881 3377 1064 3422 autem
1089 3369 1370 3439 sitgratia,
1400 3369 1616 3437 quinon
1639 3367 1964 3440 derelinquit
2001 3385 2162 3425 sanc—

577 3470 663 3514 tos
689 3470 743 3514 et
787 3462 964 3531 justo:
994 3472 1046 3517 et
1082 3463 1253 3518 bonos
1299 3463 1466 3518 corde
1515 3481 1525 3514 :
1588 3462 1762 3532 qualis
1798 3475 1914 3517 erat
1949 3463 2162 3528 Petrus,

574 3553 731 3606 valde
761 3569 977 3620 amans,
1005 3567 1058 3610 et
1103 3556 1313 3611 alienus
1347 3572 1376 3610 a
1443 3556 1600 3610 malis
1653 3571 1782 3627 erga
1841 3556 2158 3628 Magistrum

579 3651 1006 3718 suspicionibus.

2267 3375 2525 3444 νοτέρων.
2572 3371 2704 3424 Ἰδοὺ
2756 3371 2867 3441 γὰρ
2898 3369 3132 3426 ἐνταῦθα
3172 3369 3200 3419 6
3239 3370 3474 3439 Πέτρος,
3534 3368 3718 3422 καίτοι
3757 3368 3860 3420 ὑπὸ

2267 3467 2404 3520 Θεοῦ
2455 3466 2963 3537 συγκρατούμενος,
2992 3465 3140 3534 ὅμως
3175 3463 3309 3516 διότι
3336 3463 3530 3533 μικρὸν
3586 3464 3860 3531 οἰκονομιο

2265 3562 2378 3624 κῶς
2409 3560 2831 3628 ἐγκατελείφθη,
2865 3563 2945 3618 εἰς
2969 3559 3202 3630 ἄρνησιν
3233 3557 3518 3628 ἀπηνέχθη
3546 3575 3561 3588 ·
3608 3562 3656 3611 εί
3680 3558 3859 3611 τοίνυν

2269 3654 2344 3723 μὴ
2372 3654 2626 3722 ἐτηρεῖτο
2656 3651 2762 3704 ὑπὸ
2791 3651 2952 3712 Θεοῦ,
2983 3654 3076 3703 καὶ
3109 3649 3404 3722 σπέρματα
3436 3653 3494 3702 ἐν
3545 3650 3700 3718 αὐτῷ
3729 3652 3861 3702 ἀπο-

575 3742 802 3811 κείμενα
830 3737 898 3811 ἦν
931 3742 1132 3810 ἀγαθὰ,
1168 3744 1220 3795 τί
1244 3744 1344 3796 οὑκ
1370 3745 1436 3797 ἀν
1471 3744 1700 3809 ἔπαθενς
1743 3745 1800 3798 Ὀ
1831 3746 1940 3816 γάρ
1965 3745 2163 3806 σκοπὸς
2203 3745 2280 3813 τῷ
2338 3745 2570 3814 διαϐόλῳ
2596 3741 2683 3814 ἦν,
2741 3746 2834 3797 καὶ
2862 3743 3054 3798 τοῦτον
3092 3747 3171 3807 είς
3203 3745 3496 3814 προδοσίαν
3525 3743 3703 3813 ῥίψαι.
3736 3765 3752 3793 ι
3779 3744 3860 3795 Ti

576 3837 686 3905 γὰρ
722 3833 992 3906 βρώματα
1021 3836 1379 3908 τῴδιαδόλῳ,
1407 3840 1576 3908 φησὶν
1620 3842 1648 3892 ό
1709 3841 2015 3909 προφήτης,
2086 3837 2338 3892 imm.
2412 3858 2428 3888 ι
2501 3840 2674 3908 Χάρις
2725 3837 2782 3890 δὲ
2820 3838 2938 3908 Θεῷ
2975 3838 3054 3909 τῷ
3082 3840 3185 3891 οὐκ
3233 3836 3687 3904 ἐγκαταλείποντι
3734 3838 3858 3896 τοὺς

573 3929 777 3993 ὁσίους,
813 3931 908 3984 καὶ
936 3929 1202 3996 δικαίους,
1259 3932 1355 3984 καὶ⁵
1400 3932 1643 3998 ἀγαθοὺς
1687 3935 1753 4000 τῇ
1787 3933 2002 4004 καρδίᾳ,
2039 3925 2151 3995 οἷος
2213 3927 2281 4002 ἦν
2313 3934 2340 3984 6
2393 3933 2618 4002 Πέτρος,
2663 3932 3043 4003 φιλόστοργος,
3077 3933 3173 3986 καὶ
3235 3932 3365 4002 περὶ
3395 3931 3486 3984 τὸν
3523 3933 3860 3987 Δ.δάσκαλον

576 4023 759 4092 πάσης
798 4024 1041 4092 πονηρᾶς
1080 4023 1334 4085 ὑπονοίας
1359 4023 1657 4094 ἀλλότριος.

650 4117 816 4172 Vens.
851 4119 1046 4175 35.58.
1084 4139 1105 4170 ι
1151 4119 1216 4172 Et
1267 4120 1400 4173 dixit
1429 4121 1553 4174 ei-i:
1609 4120 1837 4186 Quando
1898 4123 2019 4176 misi
2074 4139 2168 4179 vos

577 4212 694 4266 sine
731 4212 951 4265 Sacculo
979 4223 1032 4264 et
1060 4228 1186 4281 pera
1218 4222 1271 4266 et
1302 4213 1708 4277 calceamentis,
1744 4229 1870 4266 num
1909 4214 2035 4281 quid
2067 4215 2164 4267 de-

577 4303 680 4357 fuit
708 4303 893 4357 vobis?
922 4305 990 4356 At
1033 4305 1106 4355 illi
1148 4305 1403 4357 dixerunt
1439 4322 1450 4356 :
1487 4303 1649 4358 Nihil.
1695 4305 1839 4360 Dixit
1894 4322 2022 4376 ergo
2049 4307 2162 4360 eis:

579 4395 686 4449 Sed
741 4413 882 4450 nunc
913 4397 1001 4465 qui
1040 4397 1196 4450 habet
1264 4397 1564 4463 sacculum,
1607 4399 1756 4452 tollat
1816 4400 2069 4454 similiter
2113 4410 2165 4454 et

575 4503 804 4555 peram:
864 4497 915 4540 et
953 4489 1041 4556 qui
1081 4504 1184 4541 non
1234 4490 1412 4553 habet,
1456 4493 1651 4544 tendat
1704 4493 1940 4546 tunicam
1986 4509 2163 4557 suam,

578 4590 633 4632 et
661 4590 806 4632 emat
835 4580 1089 4650 gladium.
1126 4579 1257 4634 Dico
1277 4584 1419 4634 i-nim
1456 4584 1626 4642 Vobis.
1656 4586 1914 4651 quoniam
1978 4585 2156 4638 adhuc

577 4670 682 4724 hoc
718 4672 858 4739 quod
918 4671 1180 4739 scriptum
1220 4681 1303 4724 est
1370 4684 1580 4739 oportct
1631 4676 1816 4743 perﬁci
1860 4677 1911 4728 in
1949 4690 2054 4741 me,
2094 4675 2158 4728 Et

579 4779 704 4815 cum
741 4764 940 4828 iniquis
990 4767 1279 4832 deputatus
1324 4775 1406 4818 est
1431 4767 1494 4818 ³⁸.
1535 4765 1746 4820 Etenim
1788 4784 1846 4821 ea
1884 4783 2003 4832 qtne
2038 4777 2161 4821 sunt

579 4853 644 4905 de
677 4868 780 4913 me.
826 4853 984 4905 finem
1025 4854 1244 4908 habent.
1309 4857 1375 4909 At
1408 4857 1481 4910 illi
1538 4857 1788 4910 dixerunt
1842 4876 1853 4910 :
1904 4857 2148 4918 Domine.

577 4959 702 4998 ecce
733 4945 837 4997 duo
864 4944 1022 5013 gladii
1057 4946 1162 4999 hic.
1209 4949 1272 4998 At
1314 4948 1404 5002 ille
1435 4950 1572 5002 dixit
1613 4950 1690 5002 eis
1734 4967 1746 5002 :
1799 4949 1943 5003 Satis
1987 4961 2089 5002 est.
2130 4970 2146 4999 ε

579 5038 634 5090 in
660 5037 923 5105 principio
947 5039 1162 5106 quidem
1195 5041 1590 5108 pra'dicatinnis
1623 5044 1838 5096 mittens
1863 5041 2158 5109 discipulos

581 5127 842 5181 Dominus
873 5130 923 5180 in
950 5129 1162 5182 castella
1209 5139 1264 5183 et
1289 5130 1560 5194 civitates,
1596 5137 1800 5199 alisque
1833 5132 2159 5184 necessariis

581 5217 808 5277 dimisit,
844 5233 1016 5285 neque
1047 5218 1194 5272 dedit
1223 5221 1420 5285 quilms
1482 5221 1752 5273 habebant
1780 5237 1933 5288 opus,
1989 5238 2162 5289 neque

582 5321 771 5358 curant
796 5323 985 5375 gerere
1014 5309 1245 5362 volebat.
1280 5311 1426 5378 Ipsos
1455 5312 1597 5364 enim
1622 5315 1779 5365 etiam
1808 5314 1860 5366 in
1883 5317 1966 5368 his
1998 5333 2162 5383 opor-

583 5400 728 5452 tebat
767 5400 978 5454 discere
1007 5401 1123 5467 ejus
1175 5403 1450 5455 virtutem.
1509 5404 1721 5458 Illorum
1765 5408 1910 5461 enim
1967 5426 2156 5462 curam

582 5491 792 5547 habens
833 5503 1090 5560 tanquam
1143 5493 1501 5558 inﬁrmorum,
1573 5497 1806 5552 faciebat
1855 5502 1935 5555 eis
1979 5503 2157 5554 omnia

584 5589 890 5639 necessaria
931 5586 1153 5641 amuere
1207 5589 1414 5640 abunde
1460 5589 1591 5641 citra
1648 5593 1889 5660 ipsorum
1947 5611 2156 5646 curam.

582 5673 736 5730 Nunc
790 5688 967 5730 autem
1027 5680 1301 5733 contraria
1363 5682 1624 5752 pra-cipit,
1679 5700 1783 5739 non
1849 5687 2158 5740 contrarius

656 5855 701 5897 '°
733 5857 837 5910 [νει.
883 5872 995 5923 tht,
1041 5856 1121 5909 i2.

2190 4533 2245 4592 D

2343 4139 2360 4169 ε
2396 4120 2504 4172 Καὶ
2535 4113 2689 4170 εἶπεν
2723 4116 2909 4178 αὐτοῖς
2936 4133 2948 4145 ·
3001 4115 3132 4168 Ὅτε
3181 4114 3481 4167 ἀπέστειλα
3533 4116 3684 4184 ὑμᾶς
3729 4117 3860 4183 ἀτερ

2269 4211 2577 4282 βαλαντίου,
2619 4209 2713 4261 καὶ
2745 4208 2948 4276 πήρας,
3000 4206 3095 4258 καὶ
3141 4205 3532 4276 ὑποδημάτων,
3595 4210 3670 4278 μή
3715 4225 3860 4272 τινος

2266 4303 2637 4373 ὑστερήσατε;
2672 4301 2735 4351 Oi
2773 4298 2828 4350 δὲ
2866 4293 3017 4350 εἷπον
3059 4314 3074 4328 ·
3116 4297 3369 4358 Οὐδενός.
3408 4295 3580 4350 Εἶπεν
3634 4295 3729 4354 οὖν
3761 4301 3860 4352 αύ-

2265 4399 2412 4457 ειόῐς⁹
2469 4392 2632 4445 ’Δλλά
2678 4389 2773 4445 νῦν
2819 4392 2848 4442 6
2886 4390 3027 4460 ἔχων
3081 4389 3390 4459 βαλάντιον,
3430 4392 3623 4462 ἀράτω
3656 4394 3856 4462 ὁμοίως

2273 4489 2367 4539 καὶ
2395 4486 2579 4555 πήραν
2612 4499 2623 4512 ⁶
2667 4485 2762 4536 καὶ
2793 4485 2820 4536 6
2855 4483 2930 4552 μὴ
2961 4483 3124 4551 ἔχων,
3184 4483 3494 4553 πωλησάτω
3523 4485 3585 4536 τὸ
3645 4487 3860 4555 ἱμάτιον

2270 4577 2457 4642 αὑτοῦ,
2495 4577 2589 4628 καὶ
2629 4575 2958 4644 ἀγορασάτω
2993 4575 3289 4645 μάχαιραν.
3346 4577 3505 4644 Λέγω
3555 4578 3667 4646 γὰρ
3711 4581 3858 4648 ὑμῖν,

2266 4671 2348 4723 ὅτι
2380 4669 2459 4722 ἔτι
2509 4669 2670 4722 τοῦτο
2718 4669 2778 4720 τὸ
2849 4668 3246 4736 γεγραμμένον
3288 4668 3369 4720 δεῖ
3416 4669 3754 4738 τελεσθῆναι
3804 4676 3857 4725 ἐν

2271 4766 2414 4834 ἐμοὶ,
2458 4763 2540 4825 τὸ,
2573 4765 2682 4815 Καὶ
2722 4761 2860 4830 μετὰ
2914 4761 3137 4828 ἀνόμων
3170 4759 3426 4828 ἐλογίσθη
3451 4778 3461 4788 ·
3521 4763 3618 4814 καὶ
3651 4765 3762 4832 γὰρ
3793 4763 3858 4814 τά

2267 4858 2399 4925 περὶ
2438 4856 2570 4922 ἐμοῦ
2609 4855 2756 4915 τέλος
2788 4855 2920 4922 ἔχει.
2953 4855 3014 4905 Οἱ
3047 4853 3103 4905 δὲ
3137 4848 3287 4904 εἷπον
3315 4869 3326 4880 ⁸
3365 4853 3563 4928 Κύριε,
3617 4856 3730 4909 ἔδει)
3759 4849 3855 4908 ὧδε

2273 4950 2538 5018 μάχαιραι
2565 4947 2677 4998 δύο.
2713 4947 2772 4999 ὐ
2797 4947 2853 4998 δὲ
2879 4943 3033 4998 εἶπεν
3085 4946 3270 5007 αὐτοῖς
3323 4961 3335 4974 ⁸
3378 4944 3588 4998 Ἱκανόν
3631 4951 3802 5001 ἐστιν.
3835 4967 3850 4998 ι

2264 5041 2356 5092 Ἐν
2387 5041 2528 5110 ἀρχῇ
2559 5040 2609 5108 μ’
2645 5061 2657 5082 ι
2690 5038 2782 5090 τοῦ
2811 5037 3190 5108 κηρύγματος,
3236 5036 3470 5089 στέλλων
3493 5039 3627 5098 τοὺς
3681 5041 3857 5107 μαθη-

2262 5133 2360 5190 τὰς
2383 5135 2411 5184 ό
2443 5133 2634 5200 Κύριε,

2671 5133 2759 5183 ἐπὶ
2789 5133 2886 5193 τὰς
2915 5130 3108 5197 κώμας
3146 5131 3240 5182 καὶ
3281 5131 3487 5195 πζλεις,
3516 5135 3846 5205 ἀπερῐττους

2266 5224 2590 5288 ἀπέστελλε,
2647 5224 2816 5292 μηδὲν
2860 5225 3240 5292 ἐπαγομένους
3285 5225 3574 5294 χρειῶδες,
3634 5228 3856 5296 μηδενὸς

2267 5317 2674 5386 φροντίζοντας.
2719 5315 2866 5368 Ἔδει
2902 5320 3011 5384 γάρ
3041 5316 3240 5378 αὐτοὺς
3298 5317 3492 5385 μτιοεῖν
3531 5322 3634 5386 τὴν
3693 5318 3854 5372 αὑτοῦ

2267 5409 2497 5478 δύναμιν
2529 5411 2623 5462 καὶ
2652 5409 2710 5459 ἐν
2736 5410 2848 5471 τοῖς
2872 5409 3158 5470 τοιούτοις.
3195 5408 3368 5470 Δύτὺς
3416 5409 3530 5477 γὰρ
3561 5411 3853 5479 κηδόμενος

2268 5503 2447 5556 αὐτῶν
2472 5503 2546 5565 ὡς
2566 5502 2828 5564 ἀσθενῶν,
2852 5502 3099 5570 ἀφθόνως
3125 5501 3296 5553 ἐποίει
3317 5501 3505 5564 αὐτοῖς
3535 5504 3607 5555 τά
3628 5504 3852 5574 χρειώδη

2269 5597 2513 5664 ἐπιρρεῖν
2548 5596 2638 5644 καὶ
2670 5593 3065 5661 ἀφροντίστως.
3093 5591 3206 5643 Νῦν
3239 5591 3294 5643 δὲ
3322 5590 3392 5644 τὰ
3427 5594 3656 5646 ἐναντία
3679 5593 3853 5647 διακε-

2267 5684 2506 5748 λεύεται,
2541 5685 2639 5736 οὐκ
2673 5682 3082 5752 ἐναντιούμενος
3117 5683 3316 5753 ἐαυτῷ,
3339 5684 3477 5738 ἀλλά
3507 5685 3727 5750 ὀεικνζνς
3759 5687 3853 5741 aii-
