4046 6542
219 427 236 490 1
249 428 349 491 (ΥΠ

910 423 1363 485 ENARRATIO
1406 424 1484 484 [Ν
1527 423 1832 484 EVANGE

1950 422 2034 482 131
2079 422 2316 485 LUC/Ii.
2342 449 2410 458 -
2437 423 2600 483 CAP.
2637 418 2838 482 XXII.

3396 417 3541 482 1078

219 552 324 610 τοῖς
359 548 438 600 ὅτι
477 544 637 616 μέχρι
671 544 771 612 μὲν
811 542 906 598 νῦν
949 544 1025 608 ὡς
1061 545 1252 600 παιδία
1313 545 1668 610 διεὸἀσταζε,
1723 545 1822 597 καὶ

1950 543 2030 597 .ibi
2059 544 2183 613 ipsi,
2213 543 2307 599 sed
2335 543 2636 599 ostendens
2665 544 2748 598 eis
2785 541 2933 612 quod
2966 557 3140 612 usque
3170 543 3237 597 ad
3273 541 3538 598 hostem-

219 639 428 701 οὐδενὸς
462 639 662 700 αὐτοὺς
689 635 862 690 ἐποίει
896 637 1232 707 φροντίζειν.
1260 637 1370 690 ἀπὸ
1397 638 1492 691 τοῦ
1516 637 1612 691 νῦν
1635 636 1691 690 δὲ
1712 635 1821 706 χρὴ

223 735 317 788 καὶ
361 731 562 794 αὐτοὺς
595 731 664 783 τά
691 730 803 782 τῶν
843 729 1055 798 ἀνδρῶν
1080 732 1300 800 φρονεῖν
1332 729 1429 782 καὶ
1467 727 1819 802 προνοεῖσθαι

224 825 452 880 ἑαυτῶν.
496 821 638 891 Ἐγὼ
666 819 796 894 γὰρ,
822 823 1010 892 φησὶν,
1034 823 1061 874 ὁ
1090 821 1275 890 πατὴρ
1298 822 1454 891 ὑμῶν
1474 824 1502 874 ὁ
1522 821 1820 891 κηδόμενος

225 919 322 988 ήδη
356 915 710 985 ἀπέρχομαι·
740 913 848 966 ἀπὸ
881 913 976 966 τοῦ
1001 912 1098 965 νῦν
1145 912 1441 966 ἐνδύσασθε
1467 914 1603 984 πρὸς
1634 914 1695 966 τὸ
1726 915 1822 967 καὶ

224 1008 376 1062 αὐτοὶ
401 1003 712 1076 φροντίζειν
739 1005 850 1057 τῶν
881 1007 1122 1070 οίκειων,
1153 1007 1249 1059 καὶ
1275 1006 1349 1078 μὴ
1380 1007 1561 1060 πάντα
1598 1005 1824 1078 θαρρεῖν

226 1099 367 1169 ἐμοί.
402 1099 540 1152 Οὐδὲ
560 1099 671 1169 γάρ
713 1098 945 1150 τοιαῦτα
979 1098 1111 1168 ὑμῖν
1141 1098 1362 1153 ἔσονται
1384 1100 1453 1153 τά
1487 1101 1821 1170 πράγματα,

232 1194 345 1264 ῥᾴω
374 1209 434 1244 τε
465 1194 559 1245 καὶ
586 1192 785 1254 άπονα,
816 1189 957 1243 ἀλλά
988 1191 1084 1244 καὶ
1136 1191 1320 1264 πείνῃ,
1377 1192 1473 1245 καὶ
1524 1190 1676 1264 δίψῃ,
1731 1192 1827 1243 καὶ⁸

227 1286 628 1357 ἀντικειμένοις
658 1285 873 1349 πολλοῖς
906 1287 1316 1354 περιπεσεῖσθε.
1355 1287 1544 1341 Ταῦτα
1587 1287 1697 1358 γὰρ
1737 1288 1824 1339 ai-

231 1380 473 1432 νίττεται
502 1379 588 1432 διὰ
618 1378 711 1430 τοῦ
741 1376 1052 1444 βαλαντίου,
1086 1381 1182 1432 καὶ
1223 1379 1322 1448 τῆς
1363 1380 1571 1451 πήρας,
1605 1382 1699 1434 καὶ
1727 1380 1827 1450 τῆς

232 1470 530 1541 μαχαίρας.
566 1469 658 1522 Διὸ
710 1470 1009 1540 ἀνάστητε,
1068 1470 1142 1532 ὡς
1187 1473 1284 1523 καὶ⁵
1321 1474 1696 1543 πεινήσοντες,
1732 1472 1829 1526 καὶ

230 1562 549 1632 δεησόμενοι
603 1561 914 1631 βρωμάτων
953 1578 964 1591 ·
1027 1561 1056 1614 ὃ
1113 1561 1218 1615 διά·
1252 1567 1353 1634 τῆς
1400 1567 1585 1636 πήρας
1657 1565 1831 1618 αἰνίτ-

232 1672 409 1707 τεται.
478 1655 587 1707 Καὶ
649 1653 996 1722 ἀνδρίζεσθε,
1069 1653 1145 1717 ὼς
1212 1656 1620 1727 ἀντικειμένοις
1697 1660 1828 1710 πολ-

231 1749 343 1812 λοῖς
377 1747 834 1818 περιπεσούμενοι
859 1765 871 1778 ο
912 1748 941 1801 ὃ
978 1749 1067 1804 διὰ
1108 1750 1208 1820 τῆς
1271 1752 1548 1822 μαχαίρας
1603 1753 1809 1822 ἐμφαί-

236 1859 336 1894 νει.
361 1841 546 1895 Ταῦτα
579 1841 634 1894 δὲ
663 1842 834 1910 λέγει,
867 1843 966 1913 οὐχ
999 1843 1086 1897 ἶνα
1120 1844 1343 1908 πάντως
1380 1847 1658 1917 μαχαίρας
1710 1849 1803 1900 ἐπι

1930 653 2029 706 pus
2056 647 2312 705 tanquam
2348 637 2605 705 parvulos
2631 635 2879 705 gestarit,
2906 645 2958 689 et
2987 651 3093 689 non
3123 633 3319 688 fecerit
3339 648 3435 688 eos
3472 639 3538 685 de

1928 749 2202 803 quoquam
2247 730 2537 786 sollicitos.
2573 728 2733 784 Nunc
2784 740 2969 784 autem
3028 744 3165 798 opus
3202 736 3288 781 est
3342 727 3423 781 eis
3485 737 3544 780 ut

1930 837 2127 882 curent
2169 841 2231 879 ea
2291 839 2411 893 qua:
2443 824 2695 878 virorum
2747 829 2899 887 sunt,
2939 831 2993 876 et
3056 822 3386 890 provideant
3439 819 3541 874 sibi

1930 918 2086 986 ipsis.
2118 917 2229 987 Ego
2265 916 2435 977 enim,
2473 914 2679 983 inquit,
2707 926 2865 984 pater
2911 924 3121 978 vester,
3151 912 3318 966 vestri
3353 928 3544 965 curam

1930 1024 2128 1080 gerens
2161 1007 2267 1078 iam
2299 1007 2455 1061 abeo.
2499 1008 2577 1061 Ex
2624 1009 2730 1061 hoc
2771 1017 3018 1075 tempore
3045 1006 3220 1075 parati
3259 991 3459 1068 estote,
3493 1012 3549 1055 nt

1933 1102 2034 1173 ipsi
2069 1118 2251 1157 rerum
2289 1105 2637 1175 propriarum
2673 1115 2862 1156 curam
2891 1100 3088 1170 gerite,
3143 1107 3198 1152 et
3230 1099 3398 1151 nolite
3424 1113 3544 1150 om-

1938 1213 2064 1252 nem
2109 1207 2298 1253 curam
2340 1199 2392 1253 in
2429 1213 2515 1254 me
2534 1197 2784 1266 rejicere.
2808 1194 2988 1264 Opera
3017 1181 3164 1248 enim
3205 1203 3386 1247 vestra
3439 1206 3546 1244 non

1933 1300 2097 1345 erunt
2117 1300 2227 1345 tam
2247 1289 2453 1358 facilia,
2482 1300 2534 1346 et
2566 1289 2800 1346 alahore
2825 1288 3003 1342 aliena
3029 1305 3040 1340 :
3070 1286 3165 1340 sed
3183 1285 3408 1340 obnoxii
3436 1284 3548 1338 eri-

1935 1384 2004 1437 tis
2028 1382 2224 1438 famiet
2241 1384 2353 1446 siti,
2375 1393 2430 1438 et
2451 1383 2636 1438 multis
2651 1381 2922 1437 adversis.
2950 1380 3078 1435 Hzec
3098 1378 3245 1434 enim
3261 1378 3549 1432 insinuan-

1935 1485 2024 1531 tur
2051 1493 2150 1546 per
2177 1479 2458 1532 sacculum
2507 1486 2563 1532 et
2585 1493 2770 1546 peram
2809 1491 2873 1530 ac
2905 1471 3168 1545 gladium.
3198 1471 3436 1526 Proinde
3481 1485 3551 1524 ne

1935 1571 2058 1626 sitis
2092 1571 2272 1642 ignavi
2319 1591 2332 1626 :
2368 1571 2495 1640 quia
2524 1581 2575 1625 et
2601 1570 2806 1625 famem
2840 1569 3119 1638 experturi
3146 1567 3301 1632 estis,
3325 1574 3381 1621 et
3409 1579 3550 1634 Opus

1937 1665 2212 1720 habebitis
2254 1665 2475 1729 eduliis,
2510 1680 2632 1733 quae
2664 1681 2760 1733 per
2811 1680 2999 1734 peram
3031 1662 3326 1731 significat.
3368 1658 3436 1713 Et
3469 1659 3550 1711 vi-

1941 1754 2067 1810 riles
2097 1754 2262 1827 £73
2288 1765 2483 1822 estote,
2516 1755 2643 1825 quia
2685 1756 2736 1809 in
2775 1755 2945 1809 multa
2976 1758 3212 1808 adversa
3243 1750 3501 1805 incidet’ts
3530 1767 3545 1802 :

1939 1854 2083 1923 quod
2115 1869 2212 1924 per
2236 1853 2474 1923 gladium
2512 1851 2738 1905 indicat.
2781 1848 2909 1903 llaec
2947 1858 3128 1901 autem
3168 1845 3324 1909 dicit,
3351 1859 3459 1897 non
3490 1850 3550 1896 ut

237 1933 533 2005 σύρωνται,
560 1934 700 1997 ἀλλ’,
735 1934 809 1998 ὼς
845 1935 1003 2005 ἔφην,
1035 1938 1160 1999 τοὺς
1207 1937 1483 2008 πολέμους
1519 1941 1832 2011 αἰνιττόμε-

1950 1949 2166 2001 ῢιιιηῐηο
2201 1945 2399 2016 gladiis
2441 1945 2553 1999 sint
2603 1943 2864 2008 accincti,
2920 1940 3039 2004 sed,
3076 1947 3132 1992 ut
3157 1937 3292 2001 dixi,
3334 1933 3549 2003 signiti-

236 2044 326 2089 νος
361 2027 454 2079 καὶ
484 2027 612 2091 τοὺς
642 2027 947 2093 κινδύνους,
985 2032 1075 2081 καὶ
1103 2031 1240 2101 πρὸς
1275 2033 1452 2085 πάντα
1481 2051 1835 2104 παρεσκευα-

236 2119 468 2188 σμένους
503 2117 643 2173 εἰναι
680 2121 1102 2192 εἰσηγούμενος.
1139 2122 1258 2176 Ἵνα
1288 2125 1397 2196 γὰρ
1434 2127 1507 2196 μὴ
1536 2127 1836 2196 νομίσωσιν

235 2213 284 2264 oi
322 2213 640 2281 μετέπειτα,
669 2213 752 2266 ὅτι
779 2213 932 2267 οὐδὲν
962 2216 1095 2282 παρ’
1120 2216 1334 2269 ἑαυτῶν
1357 2219 1405 2270 oi
1439 2219 1730 2274 ἀπόστολοι
1758 2224 1838 2284 είς

234 2302 337 2372 τὴν
382 2304 587 2375 ἀρετὴν
640 2307 1092 2376 συνεισήνεγκαν,
1132 2307 1270 2362 ἀλλά
1303 2310 1364 2362 τὸ
1401 2313 1511 2364 πᾶν
1551 2312 1649 2365 τοῦ
1698 2312 1836 2366 Θεοῦ

235 2390 328 2464 ἦν,
387 2394 464 2447 Οὐ
518 2393 702 2460 τοῦτο,
765 2397 952 2466 φησὶν,
1007 2397 1160 2452 ἔσται
1217 2399 1414 2462 οὕτως.
1449 2401 1587 2455 Οὐδὲ
1612 2403 1722 2474 γάρ
1756 2404 1838 2468 ὡς

236 2485 469 2557 ἀψύχοις
490 2487 748 2559 ὀργάνοις
778 2487 1042 2559 βούλομαι
1067 2492 1182 2554 τοῖς
1207 2493 1362 2563 ἐμοῖς
1397 2494 1668 2564 μαθηταῖς
1699 2496 1840 2567 χρῆ-

239 2578 389 2646 σθαι,
425 2579 562 2634 ἀλλά
587 2582 684 2634 καὶ
717 2581 786 2633 τὰ
811 2583 942 2652 παρ’
971 2583 1184 2638 ἑαυτῶν
1210 2585 1459 2656 ἐπιζητῶ
1502 2589 1841 2660 προσφέρειν

237 2671 462 2736 αὐτούς.
497 2674 724 2742 Ἀμέλει
755 2675 849 2728 καὶ
885 2676 1144 2747 εὑρήσεις
1177 2680 1308 2741 τοὺς
1340 2681 1700 2747 ἀποστόλους,
1743 2684 1838 2736 καὶ

241 2764 481 2834 μάλιστα
516 2766 732 2820 Παῦλον
765 2768 937 2822 πολλά
963 2771 1055 2822 καὶ
1084 2769 1144 2834 ἐξ
1171 2772 1426 2824 ἐπινοιῶν
1473 2773 1838 2846 ἀνθρωπίνων

238 2855 616 2926 κατορθοῦντα
649 2858 768 2929 (καὶ
798 2860 1077 2928 ἀνάγνωθι
1133 2863 1233 2927 τὰς
1279 2864 1573 2936 Πράξεις)·
1610 2867 1754 2938 πλὴν
1782 2869 1840 2922 ἐν

238 2948 470 3012 ταύταις
498 2951 598 3004 οὐκ
627 2953 778 3022 ἀπῆν
814 2955 846 3023 ἡ
879 2954 974 3008 τοῦ
1014 2954 1151 3009 Θεοῦ
1197 2957 1424 3028 βοήθεια
1445 2975 1460 2990 ο
1495 2959 1613 3031 ἅμα
1654 2961 1714 3016 δὲ
1744 2965 1841 3016 καὶ

241 3041 552 3112 ὠφελοῦντο
588 3045 637 3098 οἱ
668 3045 960 3099 ἀπόστολοι
993 3047 1072 3110 είς
1129 3048 1190 3100 τὸ
1239 3049 1446 3119 ἄτυφον
1500 3053 1566 3104 ὲκ
1622 3053 1838 3110 τούτου.

247 3133 306 3186 Ei
338 3133 447 3203 γὰρ
475 3136 569 3188 καὶ
597 3136 752 3189 αὐτοί
781 3135 1010 3206 μηδενὸς
1042 3138 1448 3208 φροντίζοντες,
1487 3142 1666 3196 πάντα
1690 3147 1843 3215 παρά

1941 2055 2076 2095 eans
2113 2039 2252 2093 bella
2286 2047 2340 2092 et
2377 2036 2645 2107 pericula,
2679 2034 2964 2090 etdocens
2994 2043 3051 2084 ut
3089 2031 3155 2084 ad
3193 2031 3375 2082 omnia
3410 2043 3555 2097 pra:—

1945 2132 2120 2203 parati
2187 2133 2320 2185 sint.
2366 2131 2500 2184 Nam
2543 2145 2612 2183 ne
2652 2128 2971 2184 existiment
3019 2123 3356 2193 posteriores
3409 2119 3552 2190 quod

1946 2225 2177 2296 apostoli
2219 2239 2284 2279 et
2343 2238 2402 2276 se
2449 2222 2583 2276 nihil
2632 2223 2698 2275 ad
2744 2222 3005 2274 virtutem
3067 2216 3423 2280 contulerint,
3460 2212 3558 2268 sed

1946 2327 2116 2374 totum
2149 2317 2241 2370 Dei
2279 2315 2442 2370 fuerit
2485 2332 2499 2368 :
2545 2311 2663 2368 Non
2693 2315 2796 2367 hoc
2820 2312 2947 2376 erit,
2992 2309 3193 2380 inquit,
3231 2310 3331 2363 sic.
3371 2305 3560 2376 Neque

1944 2411 2090 2466 enim
2123 2408 2390 2479 apostolis
2432 2406 2569 2461 meis
2602 2405 2677 2461 uti
2713 2406 2833 2460 volo
2864 2415 2921 2460 ut
2959 2401 3347 2459 instrumentis
3379 2400 3560 2454 inani-

1945 2504 2148 2560 matis:
2184 2505 2278 2558 sed
2313 2512 2367 2557 et
2395 2517 2518 2571 qua:
2552 2500 2620 2554 ab
2663 2499 2799 2569 ipsis
2852 2508 2977 2553 sunt
3023 2499 3170 2566 τρεοε
3219 2494 3437 2550 adferre
3462 2509 3554 2561 pn-

1944 2597 2109 2652 stulo.
2149 2594 2393 2665 Denique
2429 2592 2680 2648 invenies
2709 2590 3011 2662 apostolos,
3045 2597 3101 2643 et
3136 2586 3374 2641 maxime
3402 2585 3550 2638 Pau-

1947 2689 2082 2751 lum,
2117 2688 2284 2742 nmlta
2313 2688 2480 2741 etiam
2505 2702 2572 2740 ex
2600 2684 2860 2739 humanis
2892 2681 3177 2737 industriis
3199 2687 3352 2734 recte
3378 2678 3559 2732 facere

1951 2781 2093 2853 [lege
2122 2775 2310 2851 Acta],
2339 2776 2593 2846 quamvis
2617 2785 2672 2830 et
2706 2775 2757 2829 in
2797 2775 2881 2829 his
2904 2788 3011 2828 non
3031 2770 3274 2826 abfuerit
3306 2771 3555 2824 divinum

1946 2872 2271 2928 subsidium.
2301 2869 2511 2924 Interea
2547 2878 2730 2922 autem
2759 2875 2813 2923 et
2865 2864 3132 2935 apostolis
3169 2862 3384 2917 accedit
3414 2861 3564 2915 utili-

1949 2977 2052 3030 tas,
2089 2982 2156 3020 ne
2184 2965 2329 3021 fastu
2383 2963 2635 3017 iubentur
2694 2975 2761 3014 ex
2817 2960 2941 3014 hoc.
2971 2958 3028 3012 Si
3079 2957 3223 3010 enim
3287 2954 3388 3024 ipsi
3429 2951 3561 3005 nihil

1947 3067 2258 3121 curassent,
2317 3064 2371 3108 et
2405 3046 2456 3107 a'
2497 3053 2607 3106 Deo
2659 3051 2847 3106 omnia
2914 3055 3330 3117 expectassent,
3396 3053 3562 3108 atque

1950 3152 2084 3222 ipsis
2122 3150 2457 3210 evenissent,
2490 3144 2662 3198 inflati
2698 3143 2954 3206 fuissent,
2989 3140 3147 3210 quasi
3199 3135 3374 3203 majus
3398 3134 3566 3205 quid—

243 3226 338 3280 τοῦ
372 3227 508 3282 Θεοῦ
552 3230 840 3298 ἀνέμενον,
878 3235 971 3284 καὶ
1005 3227 1248 3299 ἐγίνοντο
1308 3236 1514 3302 αὐτοῖς,
1550 3236 1840 3309 ὲτυφὼθη-

1951 3247 2073 3297 dam
2099 3255 2264 3312 super
2304 3240 2449 3296 vires
2495 3239 2764 3292 humanas
2817 3235 3022 3289 sortiti.
3061 3233 3125 3286 Et
3161 3230 3409 3298 alioquin
3469 3242 3568 3280 na-

245 3339 342 3376 σαν
403 3325 493 3390 ἂν,
558 3324 633 3390 ὡς
691 3326 916 3395 μείζονα
979 3327 1012 3398 ἢ
1072 3327 1215 3381 κατά
1269 3328 1624 3400 ἀνθρωπίνην
1684 3334 1846 3400 φύσιν

247 3414 524 3486 λαχόντες.
560 3418 666 3470 Καὶ
683 3417 858 3482 ἄλλως
881 3418 958 3482 δὲ,
984 3418 1153 3489 ἀργία
1174 3418 1388 3488 φύσεως
1421 3421 1513 3473 καὶ
1549 3422 1843 3496 διαφθορὰ,

247 3507 338 3559 τὸν
375 3507 543 3577 μηδὲν
594 3509 690 3578 ἀφ’
732 3509 946 3564 ἑαυτῶν
999 3509 1360 3577 ἐπινοεῖσθαι,
1423 3512 1562 3564 ἀλλὰ
1635 3516 1843 3580 πάντα,

243 3597 403 3652 τοῦτο
442 3598 508 3668 δὴ
527 3600 586 3653 τὸ
615 3599 709 3652 τοῦ
757 3601 940 3670 λόγου,
995 3601 1343 3672 ἀληλεσμένα
1374 3605 1708 3676 προσδοκᾷν.
1749 3610 1846 3662 Διά

248 3691 410 3744 τοῦτό
439 3710 604 3763 φησιν
635 3693 846 3758 αὐτοῖς,
900 3695 984 3747 ὅτι
1029 3694 1165 3748 ’Λπὸ
1219 3695 1314 3748 τοῦ
1377 3697 1472 3750 νῦν
1515 3699 1608 3750 καὶ
1663 3703 1848 3769 πήρας

245 3787 547 3854 ιξιειστάςέτε
575 3829 588 3853 ,
619 3787 928 3852 τουτέστιν,
989 3787 1148 3841 υῦτω
1191 3787 1492 3855 διάκεισθε,
1537 3792 1630 3843 καὶ
1681 3809 1846 3864 φρον-

242 3879 446 3944 τίζετε,
485 3880 560 3943 ὡς
590 3881 945 3950 πεινήσοντες
971 3900 983 3912 ·
1031 3883 1125 3935 καὶ
1153 3883 1435 3952 μαχαίρας
1485 3885 1799 3955 ἀγοράσατε
1830 3929 1845 3953 ,

241 3974 384 4044 ὅπερ
419 3973 586 4039 ἐστὶν,
625 3971 786 4026 Οὕτω
810 3974 1130 4045 προνοεῖσθε
1182 3975 1414 4039 ἑαυτῶν,
1451 3975 1525 4039 ὼς
1580 3977 1850 4042 κινδύνοις

244 4068 345 4120 καὶ
371 4065 630 4136 πολέμοις
662 4067 1163 4138 προσκρούσοντες.
1202 4069 1312 4122 Καὶ
1352 4068 1527 4133 ἄλλως
1563 4070 1620 4123 δὲ
1655 4071 1847 4135 ἐξελά-

245 4161 409 4215 6οντό
432 4178 576 4224 τινες
614 4163 675 4214 τὸ
726 4162 997 4231 ἀγοράσαι
1032 4163 1336 4234 μάλαιραν.
1369 4165 1677 4218 Αἱνίττεται
1718 4168 1848 4237 γὰρ,

246 4256 405 4325 φασὶ,
439 4255 540 4325 τὴν
581 4255 770 4324 ἔφοδον
799 4257 899 4325 τὴν
927 4256 1046 4310 κατ’
1076 4255 1246 4309 αὑτοῦ
1274 4257 1400 4310 ὅσον
1431 4256 1586 4310 οῦπω
1618 4276 1848 4328 γενησο-

249 4348 447 4419 μένην,
487 4347 580 4400 καὶ
614 4351 694 4400 ὃτι
733 4348 1022 4417 μέλλουσιν
1077 4349 1241 4401 αὑτὸν
1286 4349 1692 4419 συλλαμϐάνειν
1753 4368 1849 4420 φο-

246 4444 364 4505 νεῖς
405 4441 707 4511 ἄνθρωποι.
767 4442 922 4494 Ἐπεὶ
975 4444 1084 4512 γὰρ
1143 4445 1342 4494 ἐκεῖνοι
1399 4446 1528 4512 περὶ
1568 4445 1853 4512 πρωτείων

245 4532 500 4602 ἔφθησαν
535 4534 672 4603 πρὸς
722 4533 991 4604 ἀλλήλους
1031 4535 1540 4605 φιλονεικήσαντες,
1581 4538 1697 4589 υὺκ
1735 4538 1852 4589 ἐστι

245 4625 467 4694 καιρὸς.
492 4627 647 4695 φησὶ,
678 4625 1104 4696 φιλοπρωτεὶας,
1136 4627 1275 4679 ἀλλὰ
1299 4628 1564 4681 κινδύνων
1588 4632 1686 4683 καὶ
1714 4647 1853 4698 σφα-
1891 4617 1931 4671 υ

246 4716 387 4782 γῶν.
422 4716 534 4768 Καὶ
563 4716 673 4785 γὰρ
709 4715 819 4782 ἐγὼ
853 4719 880 4770 ὁ
933 4717 1257 4782 διδάσκαλος
1292 4719 1448 4788 ὑμῶν
1501 4721 1581 4782 εἰς
1616 4719 1853 4773 θάνατον

244 4809 563 4877 ἀπάγομαι,
599 4810 693 4861 καὶ
720 4810 840 4862 οἰδὲ
867 4810 1087 4880 ἔντιμον
1120 4810 1356 4865 θάνατον
1379 4830 1391 4843 ο
1415 4813 1553 4864 ἀλλὰ
1584 4813 1854 4866 καὶτοῦτο

246 4901 679 4972 πληρωθήσεται
717 4904 803 4956 ἐπ’
833 4905 978 4973 ἐμοὶ,
1013 4905 1094 4968 τὸ,
1133 4924 1149 4956 ι
1188 4906 1298 4959 Καὶ
1328 4907 1466 4974 μετά
1503 4907 1722 4975 ἀνόμων
1749 4909 1857 4958 ἐλο-

245 4995 441 5064 γίσθη.
485 5014 501 5045 ι
541 4995 652 5066 Τὴν
683 4997 874 5065 ἔφοδον
906 4997 1000 5051 οῦν
1033 4998 1132 5068 τὴν
1169 4999 1472 5069 λῃστρικὴν
1517 4999 1856 5052 αἰνίττεσθαι

248 5087 603 5158 βουλόμενος,
664 5090 913 5160 ἐμνήσθη
955 5092 1230 5162 μαχαίρας
1262 5109 1273 5122 ·
1325 5091 1423 5144 καὶ
1481 5090 1608 5144 οῦτε
1672 5091 1857 5145 τέλεον

245 5179 633 5249 ἀπεκάλυψεν,
672 5180 760 5232 ἵνα
809 5180 887 5249 μὴ
940 5181 1114 5252 δειλία
1146 5183 1256 5234 τινὶ
1293 5181 1651 5252 ταραχθῶσιν
1683 5197 1696 5210 ο
1732 5181 1858 5234 οὔτε

245 5273 437 5325 τέλεον
465 5272 884 5341 ἀπεσιώπησεν,
948 5273 1032 5326 ἵνα
1071 5274 1146 5345 μὴ
1181 5277 1248 5344 τῇ
1300 5275 1479 5345 ἀθρόα
1511 5274 1693 5346 ἐφόδῳ
1727 5291 1860 5343 συγ-

245 5363 501 5433 χυθῶσι·
540 5363 742 5432 μᾶλλον
794 5365 848 5417 δὲ
881 5367 968 5418 ἵνα
1010 5367 1150 5435 μετὰ
1205 5365 1381 5420 ταῦτα
1428 5369 1858 5438 ἀναμιμνησκό-

249 5472 437 5527 μενοι,
481 5456 845 5526 θαυμάζωσιν
908 5459 1070 5512 αύτὺν
1121 5459 1196 5521 ὡς
1253 5461 1726 5528 προγινώσκοντα,
1768 5464 1860 5515 καὶ

245 5550 699 5620 ἐκπλήττωνται,
736 5552 853 5615 πῶς
886 5553 1082 5605 ἑαυτὸν
1115 5552 1354 5617 ἐξεδίδου
1395 5554 1530 5624 πρὸς
1581 5556 1641 5607 τὸ
1684 5557 1858 5618 πάθος

249 5648 401 5717 ὑπὲρ
451 5647 731 5719 σωτηρίας
781 5648 890 5701 τῶν
944 5648 1276 5718 ἀνθρώπιον,
1314 5651 1408 5700 καὶ
1457 5650 1544 5701 διὰ
1576 5649 1737 5701 τοῦτο
1770 5654 1862 5702 καὶ

248 5741 414 5794 αὐτοὶ
463 5740 632 5809 μηδὲν
684 5740 793 5794 τῶν
832 5741 1102 5811 ἀλγεινῶν
1162 5741 1555 5810 ύποφεύγωσιν
1591 5741 1731 5810 ὑπὲρ
1767 5741 1860 5794 τοῦ

257 5835 435 5888 σῶσαί
489 5851 664 5898 τινας.
703 5835 890 5889 Ταῦτα
926 5836 1058 5904 γὰρ,
1111 5830 1288 5904 οἶμαι,
1437 5836 1856 5906 αί-ιιιίραηὺδη·

250 5931 343 5985 διὰ
376 5930 538 5984 τοῦτο
562 5929 770 5998 ἔλεγεν,
797 5931 883 5984 ἵνα
923 5931 1060 6001 μετὰ
1092 5929 1257 5982 ταῦτα
1314 5931 1858 6000 λη)εει-ιησκσῐμεκίεε

1956 3347 2092 3389 tura:
2115 3341 2266 3388 esset
2317 3331 2532 3401 ignavia
2567 3338 2622 3382 ct
2655 3327 2959 3396 corruptio,
2998 3324 3133 3378 nihil
3170 3338 3198 3376 a
3237 3337 3300 3377 se
3342 3319 3568 3390 excogi-

1956 3425 2209 3490 tare,scd
2253 3424 2461 3486 omnia,
2502 3432 2560 3476 ut
2615 3421 2720 3475 dici
2772 3421 2938 3483 solet,
2994 3418 3181 3473 molita
3214 3423 3562 3485 cxspeclare.

1953 3521 2244 3590 Pmpterea
2276 3518 2410 3573 dicit
2450 3517 2531 3572 eis
2572 3537 2586 3570 :
2623 3516 2702 3570 Ex
2739 3519 2844 3569 hoc
2878 3522 3128 3582 tempore
3158 3520 3212 3563 et
3265 3523 3428 3580 peras
3465 3522 3564 3577 ge-

1953 3623 2114 3677 state,
2152 3613 2254 3667 hoc
2287 3621 2389 3672 est,
2440 3610 2522 3664 sic
2562 3608 2743 3663 affecti
2784 3615 2984 3669 estote,
3011 3614 3065 3658 et
3112 3619 3298 3657 curam
3341 3601 3564 3664 habete,

1954 3720 2012 3763 ut
2037 3708 2275 3762 esuriem
2315 3704 2577 3759 habituri.
2606 3703 2669 3756 Et
2701 3701 2938 3772 gladiuu
2975 3698 3174 3761 emite,
3253 3694 3403 3764 quod
3453 3702 3564 3754 est,

1953 3799 2034 3854 sic
2074 3796 2360 3868 providele
2389 3793 2545 3848 vobis
2593 3792 2747 3861 ipsis,
2808 3801 3070 3858 tanquam
3105 3786 3156 3839 hi
3202 3782 3293 3853 qui
3329 3781 3384 3834 in
3424 3777 3566 3833 bella

1953 3900 2007 3945 et
2039 3891 2220 3959 praelia
2250 3888 2418 3943 multa
2453 3885 2718 3940 incident.
2756 3882 2820 3936 Et
2846 3881 3002 3934 aliter
3030 3881 3408 3947 exposuerunt
3436 3871 3567 3942 qui-

1954 3984 2080 4039 dam
2129 3981 2299 4037 Emilc
2357 3979 2630 4051 gladium.
2689 3975 2979 4044 Significat
3039 3971 3210 4033 enim,
3273 3967 3568 4037 inquiunt,

1955 4076 2108 4132 brevi
2141 4084 2320 4128 tantas
2342 4073 2610 4126 adversus
2638 4070 2815 4136 ipsum
2847 4064 3063 4120 futuras
3090 4061 3349 4124 insidias,
3381 4056 3573 4128 quales

1957 4184 2233 4239 nunquam
2271 4167 2517 4228 fuerunt,
2543 4175 2599 4218 et
2623 4164 2767 4233 quod
2815 4158 3062 4216 invasuri
3096 4157 3211 4211 sint
3257 4154 3438 4224 ipsum
3471 4150 3571 4204 viri

1957 4259 2294 4331 sangttinarii
2318 4278 2329 4312 :
2353 4257 2492 4312 Nam
2523 4256 2650 4326 quia
2676 4254 2750 4308 illi
2785 4253 2938 4322 prius
2960 4253 3106 4306 inter
3131 4263 3190 4304 se
3222 4249 3288 4301 de
3322 4247 3562 4316 primatu

1959 4356 2374 4408 Cﬂlllt‘ntlernlll.
2413 4350 2528 4404 Non
2562 4359 2668 4409 est,
2707 4347 2907 4415 inquit,
2944 4355 3160 4414 tempus
3217 4339 3560 4395 ambitionis.

1958 4451 2052 4504 sed
2081 4447 2458 4518 periculorum
2512 4454 2566 4500 et
2607 4444 2865 4498 medium.
2904 4439 3038 4494 Nam
3075 4448 3130 4492 et
3178 4451 3279 4508 ego
3306 4434 3574 4504 magister

1962 4547 2144 4593 vester
2190 4538 2254 4590 ad
2290 4546 2518 4589 mortem
2573 4535 2839 4594 abducor,
2911 4544 3088 4599 neque
3153 4528 3221 4581 ad
3273 4526 3570 4592 gloriosam

1963 4643 2216 4687 mortem.
2244 4631 2634 4684 Verumtamen
2665 4626 2982 4694 implebitur
3010 4623 3061 4676 in
3099 4637 3205 4686 me,
3246 4640 3263 4666 ε
3294 4619 3431 4672 Cum
3469 4617 3574 4668 ini-

1962 4724 2086 4792 quis
2119 4723 2412 4790 deputatus
2444 4726 2547 4773 est.
2594 4737 2613 4770 ι
2657 4716 2892 4771 Insidias
2923 4714 3091 4783 igitur
3132 4709 3577 4765 latrociuatmias

1962 4816 2395 4882 signiﬁcaturus,
2426 4810 2675 4866 meminit
2700 4809 2862 4878 gladii
2900 4825 2912 4861 :
2941 4818 2996 4862 et
3031 4821 3206 4874 neque
3230 4803 3456 4857 omnino
3492 4817 3580 4853 tc-

1963 4909 2182 4968 velavit,
2245 4916 2303 4960 ut
2363 4921 2429 4959 ne
2483 4915 2628 4957 metu
2677 4903 2913 4972 quodam
2955 4908 3270 4953 terreantur
3326 4915 3337 4949 :
3399 4911 3580 4962 teque

1962 5004 2187 5058 oniuino
2221 5001 2390 5063 siluit,
2425 5009 2483 5054 ut
2517 5014 2582 5053 ne
2619 4995 2924 5066 repentinis
2971 4992 3187 5048 insidiis
3231 4989 3576 5045 confundan-

1966 5106 2054 5151 tur
2088 5114 2100 5148 ε
2132 5096 2240 5148 imo
2278 5103 2337 5146 ut
2371 5105 2493 5160 post
2527 5091 2643 5145 inec
2685 5089 3044 5144 recordantes
3067 5085 3415 5139 admirentur
3445 5096 3574 5136 cum

1967 5204 2226 5259 tanquam
2256 5186 2670 5256 praescientetn,
2702 5193 2754 5239 et
2778 5190 3099 5252 stupescant
3123 5176 3402 5249 quomodo
3432 5175 3580 5243 seip~

1965 5298 2083 5337 sum
2119 5299 2216 5350 pro
2243 5282 2417 5335 salute
2456 5280 2740 5334 hominum
2777 5277 2844 5329 ad
2899 5287 3133 5329 mortem
3179 5271 3490 5332 tradiderit,
3523 5279 3580 5322 ct

1967 5377 2255 5443 propterea
2284 5373 2451 5425 etiam
2488 5370 2590 5440 ipsi
2641 5368 2780 5422 nihil
2836 5368 3126 5421 molestum
3171 5359 3579 5429 subtet‘fugiant

1967 5478 2024 5523 ut
2057 5468 2340 5521 solventur
2373 5463 2562 5532 aliqui.
2607 5462 2730 5517 llaec
2779 5462 2925 5514 enim
2967 5459 3168 5528 opinor
3226 5453 3578 5519 aenigmatice

1969 5570 2255 5631 prtipterm
2289 5556 2528 5619 dicebat,
2567 5564 2622 5608 ut
2667 5564 2856 5622 postea
2894 5549 3253 5606 recordantes
3282 5556 3335 5600 et
3373 5544 3574 5598 intelli-

1968 5663 2176 5721 gentcs,
2221 5650 2512 5703 utilitatem
2580 5653 2888 5713 caperent:
2941 5641 3202 5712 quoniam
3252 5650 3378 5692 tunc
3438 5639 3577 5690 aleo

1971 5746 2496 5812 insipientem-rant,
2545 5750 2599 5794 ut
2654 5741 2939 5794 dicerent:
2983 5758 2999 5789 ι
3045 5735 3295 5797 Domine,
3325 5746 3453 5786 ecce
3490 5731 3580 5785 hic

1971 5835 2129 5908 gladii
2160 5838 2285 5888 duo.
2323 5857 2339 5883 ι
2380 5834 2442 5886 Δί
2487 5834 2600 5902 itm:
2627 5831 2752 5901 quia
2792 5830 2922 5884 \‘iliil.
2954 5847 3050 5885 eos
3076 5845 3183 5884 non
3215 5825 3576 5882 intellexisse.

1973 5930 2144 6000 inquit
2196 5947 2203 5978 :
2255 5950 2266 5977 ι
2309 5927 2457 5981 Sitis
2500 5935 2576 5980 Cal
2620 5943 2632 5983 ;
2700 5944 2714 5976 ›
2756 5923 2973 5981 tametsi
3027 5936 3376 5991 nequaquam
3410 5917 3578 5970 solle-
