4046 6504
183 454 304 520 1081

904 457 1358 518 ΕΝΑΗΗΑῚἹΟ
1401 459 1478 518 lN
1521 459 1769 556 ΕνξιΝιῖ

1888 459 2021 518 lUlll
2072 457 2307 518 LUDIS.
2345 484 2414 492 -
2448 458 2608 517 CAP.
2651 455 2844 516 XXII.

3364 451 3498 516 1082

179 565 391 634 εὔχεται
465 565 764 635 παρελθεῖν
811 567 875 618 τὸ
931 568 1237 636 ποτήριον·
1294 567 1562 636 φιλόζωον
1593 568 1703 640 γάρ
1753 568 1778 618 ό

1893 583 1995 620 non
2023 570 2224 623 dicturi
2258 578 2414 622 erant
2438 569 2479 622 si
2517 584 2624 621 non
2681 567 2912 621 fuissent
2945 566 3057 620 btec
3091 566 3230 618 facta
3258 565 3278 618 Ῥ
3327 564 3497 621 Porro

179 655 469 728 ἄνθρωπος
494 674 510 736 ς
538 657 634 720 τὰς
673 657 917 728 αἱρέσεις
947 659 1037 711 διὰ
1065 660 1274 712 τούτων
1303 661 1632 730 ἀνατρέπων
1676 661 1778 721 τὰς

177 748 459 819 λεγούσας,
516 752 600 804 ὅτι
642 749 788 804 κατὰ
855 751 1164 819 φαντασίαν
1218 752 1674 821 ὲνηνθρώπησεν.
1717 751 1778 803 Εί

177 840 281 910 γὰρ
317 841 413 893 καὶ
442 840 654 893 τούτων
695 843 1030 912 γενομένων,
1068 842 1228 914 ἔσχον
1262 843 1502 911 πάροδον
1539 842 1770 895 τοιαῦτα

177 929 466 1002 φλυαρεῖν·
504 932 557 984 τί
584 933 682 986 οὐκ
722 933 788 986 ἂν
844 933 1020 996 εἷπον,
1057 938 1106 987 εἰ
1143 934 1278 1004 μηδὲ
1307 936 1481 988 ταῦτα
1511 936 1768 1001 ἐγένετο;

178 1023 249 1075 Τὸ
304 1023 407 1092 μὲν
484 1022 578 1076 οὖν
626 1023 803 1076 θέλειν
859 1026 1267 1096 παρενεχθῆναι
1329 1028 1391 1079 τὸ
1462 1028 1727 1096 ποτήριον
1763 1067 1777 1090 ,

175 1114 557 1185 ἀνθρώπινον·
588 1117 648 1169 τὸ
702 1117 759 1170 δὲ
823 1120 1035 1189 ταχέως
1085 1121 1287 1186 εἰπεῖν,
1328 1139 1345 1171 ι
1393 1120 1544 1191 Πλὴν
1598 1121 1675 1191 μή
1721 1121 1779 1173 τὸ

173 1209 305 1278 ὲμδν
358 1209 574 1281 θέλημα
633 1212 900 1280 γενέσθω,
959 1215 1096 1268 ἀλλά
1156 1217 1216 1268 τὸ
1254 1218 1368 1280 σὺν,
1429 1237 1447 1269 ι
1500 1216 1777 1270 δείκνυσιν

173 1305 254 1357 ὅτι
286 1306 380 1358 καὶ
423 1307 570 1376 ἡμᾶς
612 1307 758 1362 οὕτω
795 1308 877 1362 δεῖ
916 1311 1225 1366 διακεῖσθαι
1283 1319 1382 1369 καὶ
1433 1317 1772 1387 φιλοσοφεῖν,

175 1401 268 1454 καὶ
315 1402 395 1473 τῷ
440 1403 570 1474 θείῳ
626 1405 894 1477 θελήματι
941 1415 1320 1482 παραχωρεῖν.
1378 1416 1470 1465 καὶ
1517 1417 1617 1484 τῆς
1676 1415 1772 1482 φύς

174 1511 312 1557 σεως
365 1497 760 1568 ἀνθελκούσης,
817 1501 892 1572 μὴ
937 1503 1393 1576 ἐπιστρέφεσθαι.
1442 1507 1533 1577 Μὴ
1584 1508 1644 1560 τὸ
1687 1508 1775 1560 θέ-

170 1585 313 1656 λημά
343 1603 445 1657 μου
472 1591 529 1643 τὸ
559 1591 910 1662 ἀνθρώπινον
939 1596 1207 1663 γενέσθω,
1238 1599 1376 1652 ἀλλὰ
1406 1599 1467 1651 τὸ
1496 1601 1608 1660 σὺν.
1638 1604 1776 1673 ὅπερ

171 1679 262 1732 οδ)
289 1681 388 1733 οὐκ
423 1682 536 1735 ἔστι
569 1683 662 1737 τοῦ
718 1686 852 1756 ἐμοῦ
884 1687 1029 1742 θείου
1062 1687 1372 1759 θελήματος
1423 1697 1775 1764 κεχωρισμέ-

167 1786 292 1822 νον·
325 1772 418 1825 δύο
458 1774 566 1844 γὰρ
597 1775 790 1844 φύσεις
833 1777 973 1848 ἔχων
1007 1780 1034 1831 ό
1071 1775 1152 1844 εἷς
1184 1782 1444 1854 Χριστὸς,
1485 1781 1601 1855 εἶχε
1637 1787 1774 1839 πάν-

166 1879 274 1926 τως
299 1865 390 1917 καὶ
423 1869 631 1934 φυσικά
654 1868 940 1940 θελήματα
967 1873 1029 1925 τό
1053 1891 1109 1926 τε
1148 1873 1313 1940 θεῖον,
1348 1879 1443 1930 καὶ
1477 1878 1536 1931 τὸ
1565 1879 1777 1949 ἀνθρώ-

168 1971 346 2021 πινον,
402 1958 525 2026 ἦτοι
567 1938 837 2032 θελήσεις.
862 1963 1059 2017 Ἤθελε
1110 1968 1210 2036 μὲν
1250 1938 1344 2022 οὖν
1381 1970 1412 2039 ή
1450 1938 1768 2044 ἀνθρωπίνη
1807 1938 1851 1996 Β

167 2046 333 2115 φύσις
362 2050 422 2101 τὺ
438 2049 536 2120 ζῇν
563 2068 577 2081 ο
609 2054 840 2120 φυσικὸν
872 2056 1009 2125 γάρ’
1065 2052 1183 2110 εἶτα
1213 2060 1456 2131 ἑπομένη
1507 2062 1585 2133 τῷ
1641 2063 1773 2136 θείῳ

168 2137 436 2211 θελήματι
465 2143 547 2214 (τὸ
575 2144 632 2198 δέ
662 2146 803 2211 ἐστι,
833 2149 894 2202 τὸ
920 2151 1131 2214 πάντας
1161 2153 1488 2223 ἀνθρώπους
1508 2156 1769 2228 σωθῆναι,

164 2233 345 2285 κοινὸν
387 2234 445 2286 ὃν
485 2237 720 2309 Πατρὸς,
749 2241 844 2293 καὶ
876 2241 1031 2310 Υίοῦ,
1063 2246 1156 2298 καὶ
1193 2247 1353 2314 ἁγίου
1399 2248 1768 2321 Πνεύματος),

163 2325 259 2380 τὸν
306 2330 538 2383 θάνατον
571 2334 901 2399 κατεδέξατο
929 2355 944 2368 ο
1008 2340 1102 2392 καὶ
1131 2339 1308 2405 οὕτως
1354 2340 1412 2394 ἓν
1449 2343 1670 2412 ἐγένετο
1715 2346 1772 2397 τὸ

165 2422 415 2491 θελητὸν.
479 2429 785 2494 τουτέστιν,
834 2433 862 2483 ό
917 2435 1276 2506 σωτηριωδης
1335 2436 1588 2501 θάνατος.
1647 2441 1772 2494 Ὀτι

162 2512 275 2585 γὰρ
298 2517 405 2570 ἀπὸ
420 2519 518 2589 τῆς
547 2521 897 2594 ἀνθρωπίνης
926 2526 1144 2595 φύσεως
1171 2524 1238 2600 ἦν
1257 2530 1317 2582 τὸ
1345 2531 1769 2602 προσεύχεσθαι,

163 2608 308 2661 κατά
341 2611 742 2683 παραχώρησιν
787 2617 1111 2688 πασχούσης
1144 2621 1205 2674 τὸ
1240 2623 1420 2676 κοινὸν
1467 2626 1640 2689 πάθος
1673 2628 1772 2695 τῆς

162 2699 482 2768 φιλοζωΐας.
519 2703 636 2758 ἀλλ’
665 2707 766 2760 οὐκ
797 2709 906 2762 ἀπὸ
939 2711 1037 2780 τῆς
1090 2713 1366 2784 θεότητος,
1401 2716 1478 2777 ὣς
1505 2736 1672 2786 φασιν
1723 2722 1771 2774 οἱ

162 2793 464 2876 κατάρατοι
493 2795 786 2866 Ἀρειανοὶ,
820 2801 980 2871 δῆλον
1017 2805 1081 2857 ὲκ
1122 2805 1214 2857 τοῦ
1251 2809 1345 2860 καὶ
1395 2809 1641 2880 ἱδρῶσαι,
1679 2812 1774 2864 καὶ

159 2886 337 2950 οὕτως
372 2889 670 2957 ἐναγώνιον
730 2895 1012 2962 γενέσθαι,
1072 2897 1237 2962 ὥστε,
1269 2900 1430 2954 τοῦτο
1457 2902 1520 2972 δή
1573 2903 1633 2955 τὸ
1668 2907 1771 2974 τῆς

162 2979 490 3050 πψθίμίαῖν
549 2985 643 3037 καὶ
675 2985 953 3056 θρόμϐους
1002 2990 1235 3060 αἵματος
1266 2993 1326 3057 ἐξ
1354 2994 1522 3048 αὑτοῦ
1558 2999 1770 3050 πεσεῖν.

163 3072 445 3143 Παροιμία
477 3077 584 3146 γάρ
610 3079 758 3132 ἐστιν
789 3082 883 3134 ἐπὶ
918 3081 1030 3135 τῶν
1074 3086 1283 3157 σφόδρα
1318 3088 1663 3156 κοπιώντων,
1687 3093 1772 3144 δτι

162 3164 318 3241 Αἷμα
350 3172 608 3242 ἵδρωσενο
641 3176 834 3250 ὥσπερ
867 3181 960 3233 καὶ
997 3182 1092 3234 ἐπὶ
1130 3182 1242 3236 τῶν
1268 3187 1484 3256 πικρῶς
1506 3188 1774 3259 ὀδυρομέ-

1889 662 2025 715 velle
2060 663 2202 731 quod
2249 672 2489 716 transeat
2538 661 2700 724 calix,
2759 661 3055 714 humanum
3111 670 3252 714 erat.
3299 658 3498 714 Statim

1886 766 2069 807 autem
2099 753 2354 818 dicendo,
2397 773 2414 806 ι
2463 753 2855 808 Verumtamen
2907 769 3014 806 non
3076 769 3194 806 mea
3246 755 3500 809 voluntas

1887 847 2002 910 ﬁat,
2041 847 2134 900 sed
2165 858 2251 900 tua
2283 863 2296 902 :
2334 865 2352 898 ι
2389 847 2626 901 ostendit
2683 847 2824 916 quod
2862 847 3031 900 etiam
3081 862 3179 900 nos
3221 849 3300 900 sic
3331 863 3498 919 opor-

1889 951 1997 994 tvat
2068 940 2295 996 aﬂectos
2374 956 2532 1005 esse,
2613 951 2667 995 ct
2747 932 3123 1009 pltlitiSOpltﬂl‘i
3164 979 3180 1004 ,
3271 942 3499 997 divinm-

1884 1049 1989 1102 que
2033 1032 2300 1085 voluntati
2351 1031 2568 1094 cedere,
2625 1040 2678 1083 et
2745 1047 2849 1083 non
2909 1045 3106 1100 parere
3168 1042 3374 1084 natura:
3439 1047 3500 1087 se

1884 1130 2204 1200 opponenti.
2289 1127 2404 1183 Non
2476 1129 2731 1182 voluntas
2813 1143 2932 1181 mea
3021 1128 3264 1182 lmmana
3361 1129 3498 1194 iiat,

1884 1225 1979 1278 sed
2085 1233 2216 1285 tua,
2289 1237 2354 1277 co
2425 1223 2572 1292 quod
2640 1232 2728 1274 tua
2794 1220 3047 1274 voluntas
3114 1235 3223 1273 non
3309 1229 3393 1273 est
3469 1236 3497 1273 ιι

1882 1316 2046 1389 475
2080 1333 2195 1386 mea
2230 1317 2407 1370 divina
2431 1317 2708 1370 voluntate
2727 1323 3001 1384 separata.
3039 1313 3183 1368 Duas
3211 1314 3355 1366 enim
3396 1325 3494 1366 na-

1884 1411 2262 1464 turashabens
2295 1424 2438 1463 unus
2461 1409 2740 1472 Christus,
2780 1409 2969 1463 habuit
3001 1417 3056 1462 et
3083 1405 3365 1460 naturales
3401 1422 3498 1461 vo-

1882 1503 2118 1558 luntates
2141 1503 2224 1556 vel
2251 1501 2564 1562 volitiones,
2591 1501 2834 1554 divinam
2863 1515 2927 1554 ac
2960 1499 3283 1552 humanam.
3315 1496 3501 1552 Voluit

1883 1597 2064 1667 itaque
2102 1598 2338 1652 lmmana
2399 1608 2593 1651 natura
2643 1597 2847 1657 vivere,
2898 1593 3150 1647 naturale
3206 1592 3353 1647 enim
3394 1603 3496 1647 est.

1884 1691 2087 1744 Deinde
2118 1705 2358 1758 sequens
2395 1689 2638 1744 divinam
2687 1687 3048 1750 voluntatem,
3110 1701 3229 1754 qua:
3284 1685 3501 1739 volt-bat

1882 1792 1939 1838 ut
1967 1798 2156 1839 omnes
2201 1784 2451 1838 homines
2488 1782 2850 1845 salvarentur,
2909 1788 2963 1833 et
3017 1787 3136 1833 erat
3189 1779 3504 1835 communis

1879 1876 2026 1933 Patri
2054 1888 2110 1934 et
2137 1877 2276 1933 Filio
2304 1892 2368 1932 ac
2402 1877 2628 1946 Spiritui
2670 1885 2881 1937 saneto,
2923 1884 3155 1928 mortem
3213 1874 3499 1943 suscepit:

1879 1985 1932 2029 et
1969 1973 2049 2027 sic
2080 1989 2248 2028 unum
2289 1973 2489 2028 factum
2530 1981 2615 2025 est
2647 1970 2898 2034 velitum,
2929 1968 3034 2023 hoc
3066 1980 3175 2032 est,
3231 1968 3503 2026 salutaris

1877 2083 2051 2122 mors.
2086 2067 2240 2133 Quod
2277 2067 2423 2122 enim
2468 2067 2536 2121 ab
2573 2066 2808 2118 humana
2869 2073 3060 2116 natura
3101 2061 3265 2117 fuerit
3313 2077 3497 2124 orare.

1877 2174 1999 2229 quae
2050 2159 2208 2229 juxta
2279 2156 2699 2227 permissionem
2775 2155 3082 2223 patiebatur
3147 2170 3498 2210 communem

1877 2252 2224 2307 alTectionem
2255 2267 2357 2322 qua
2390 2267 2639 2305 amamus
2674 2251 2865 2313 vitam,
2890 2259 2946 2305 ει
2977 2266 3082 2304 non
3122 2265 3148 2300 a
3187 2249 3500 2308 divinitate.

1879 2347 2021 2402 sicut
2059 2346 2251 2399 dicunt
2307 2343 2580 2399 maledicti
2622 2343 2838 2406 Ariani,
2899 2341 3256 2396 manifestum
3308 2351 3393 2395 est
3435 2356 3504 2396 ex

1881 2440 2004 2502 hoc,
2037 2441 2180 2509 quod
2216 2437 2453 2502 sudavit,
2484 2437 2646 2506 idque
2702 2451 2829 2490 cum
2871 2444 3021 2488 tanta
3073 2433 3374 2496 anxietate,
3430 2432 3503 2489 ita

1881 2543 1939 2587 ut
1968 2532 2147 2602 plane,
2195 2531 2349 2602 juxta
2395 2514 2744 2600 parcentiam,
2802 2528 3087 2595 sanguinis
3141 2537 3305 2596 gutta:
3333 2542 3397 2580 ex
3435 2540 3502 2580 eo

1879 2625 2197 2679 ceciderint.
2232 2621 2505 2677 Parmmia
2536 2620 2681 2676 enim
2719 2632 2801 2675 est
2836 2621 2888 2673 in
2924 2621 3008 2674 his
3036 2619 3138 2688 qui
3168 2618 3321 2670 valde
3354 2616 3505 2672 labo-

1881 2730 2024 2783 rant,
2056 2720 2129 2773 ita
2163 2726 2220 2771 ut
2247 2717 2570 2788 sanguinem
2607 2715 2806 2771 sudent
2839 2733 2852 2769 :
2887 2715 3030 2770 sicut
3063 2724 3116 2768 et
3159 2713 3211 2766 in
3276 2712 3363 2766 his
3407 2710 3506 2780 qui

1878 2825 2062 2876 amare
2097 2811 2251 2873 ﬂent,
2290 2808 2526 2861 dicimus
2573 2808 2716 2875 quod
2760 2806 3084 2876 sanguinem
3140 2805 3325 2857 lleant.
3394 2803 3509 2857 Hoc

1881 2904 2046 2971 igitur
2072 2903 2260 2955 volens
2299 2900 2649 2954 manifestare
2676 2899 3034 2969 evangelista,
3087 2897 3232 2968 quod
3273 2911 3382 2950 non
3431 2906 3512 2949 tc-

1882 2996 2078 3047 nuilms
2115 2991 2439 3064 quibusdam
2473 2991 2800 3046 humoribus
2831 3001 2888 3046 et
2920 2991 3067 3046 velut
3107 2988 3500 3044 ostentationis

1879 3087 2053 3156 gratia
2099 3087 2511 3154 apparentibus,
2574 3085 2668 3140 sed
2737 3085 2950 3154 magnis
3011 3085 3176 3153 guttis
3239 3082 3497 3136 sudorem

1880 3180 2191 3244 stillaverit,
2231 3181 2513 3248 sanguinis
2570 3189 2775 3248 guttas,
2828 3188 2886 3232 ut
2924 3178 2975 3230 id
3015 3178 3158 3244 quod
3211 3176 3508 3244 gerebatur

159 3281 292 3326 νων,
347 3266 570 3334 Αἴματα
634 3269 832 3324 κλαίει.
889 3273 1061 3328 Τοῦτο
1088 3276 1269 3330 τοίνυν
1308 3279 1482 3335 θέλων
1525 3283 1770 3351 δηλῶσαι

1886 3282 2318 3342 reprresentaret,
2343 3273 2573 3341 accepit.
2605 3270 2739 3324 Iliue
2762 3271 2925 3339 igitur
2949 3268 3331 3329 manifesmm,
3361 3267 3511 3336 quod

161 3358 259 3410 καὶ
289 3358 318 3410 ό
342 3359 758 3434 εὐαγγελιστής,
792 3365 873 3418 ὃτι
897 3367 1020 3438 ούχὶ
1063 3369 1288 3435 λεπταῖς
1314 3391 1422 3426 τισι
1451 3376 1645 3438 νοτίσι,
1677 3379 1773 3431 καὶ

159 3442 274 3502 οἷον
299 3451 582 3518 ἐνδείξεως
612 3455 772 3526 χάριν
825 3459 1262 3531 ἐμφαινομέναις
1284 3505 1297 3529 ,
1340 3465 1478 3520 ἀλλὰ
1512 3471 1772 3536 σταγόσιν

159 3543 356 3614 ἁδραῖς
416 3546 659 3618 ἱδρώτων
704 3555 1116 3622 περιεστάζετο,
1175 3559 1305 3623 τοὺς
1353 3561 1463 3614 τῶν
1515 3565 1772 3634 αἱμάτων

161 3637 445 3708 θρόμϐους
467 3643 546 3702 είς
581 3643 766 3697 εἰκόνα
795 3646 888 3699 τοῦ
924 3650 1222 3719 γενομένου
1253 3653 1618 3724 παρείληφεν.
1658 3657 1773 3709 Ἑν..

158 3734 361 3788 τεῦθεν
403 3736 497 3790 οὖν
552 3739 712 3807 δῆλον
759 3740 835 3804 ὡς
897 3744 930 3812 ή
990 3739 1214 3813 ἱδροῦσα
1252 3745 1415 3813 φύσις
1453 3749 1639 3819 ἐκείνη
1681 3751 1774 3803 καὶ

161 3828 401 3894 ἀγωνῖα,
455 3831 488 3899 ή
522 3830 841 3902 ἀνθρωπίνη
878 3829 968 3902 ἦν,
1019 3835 1119 3913 οὐχ
1155 3838 1188 3906 ἡ
1235 3838 1376 3890 θεία.
1428 3840 1582 3893 Ἐπεὶ
1615 3844 1709 3895 καὶ
1743 3845 1775 3913 ή

161 3920 488 3990 ἀώρωπίνη
510 3924 673 3990 φύσις
691 3929 1050 3998 συνεχωρήθη
1081 3907 1256 3982 ταῦτα
1281 3932 1534 4002 πάσχειν,
1562 3936 1658 3988 καὶ
1683 3935 1779 3988 οὗ·

159 4030 275 4074 τως
308 4015 574 4084 ἔπασχεν,
610 4018 675 4070 ἶν’
714 4019 958 4103 ἆμαμὲν
985 4022 1156 4095 δείξῃ,
1182 4024 1263 4076 ὅτι
1295 4027 1356 4078 οὺ
1393 4029 1538 4080 κατὰ
1573 4047 1778 4096 (patku

164 4105 294 4159 σίαν
328 4107 502 4178 ἐιράνη
538 4110 846 4182 ἄνθρωπος,
887 4114 1001 4183 ἅμα
1037 4115 1091 4168 δὲ
1121 4117 1534 4188 μυστικώτερον
1570 4123 1662 4172 καὶ
1683 4121 1781 4192 τὴν

165 4204 364 4273 κοινὴν
385 4204 486 4272 τῆς
514 4205 864 4276 ἀνθρωπίνης
898 4207 1115 4276 φύσεως
1149 4211 1355 4265 δειλίαν
1387 4215 1695 4283 ἐξιάσηται,
1726 4219 1782 4268 ὲν

165 4295 356 4366 ἑαυτῷ
387 4297 711 4369 δαπανήσας
748 4300 978 4371 ταύτην,
1023 4304 1115 4354 καὶ
1142 4306 1414 4374 κατήκοον
1449 4309 1682 4377 ποιήσας
1706 4311 1783 4380 τῷ

167 4391 306 4462 θείῳ
348 4391 637 4462 θελήματι.
674 4395 784 4446 Καὶ
814 4397 938 4458 τοὺς
974 4400 1036 4451 ὲκ
1069 4399 1164 4450 τοῦ
1197 4400 1448 4468 σώματος
1482 4403 1780 4475 ἐξερχομέ-

165 4502 298 4546 νου;
334 4483 566 4553 ἱδρῶτας
603 4486 698 4538 καὶ
732 4489 1170 4553 ἀποπίπτοντας,
1233 4492 1397 4546 τοῦτο
1444 4497 1783 4550 αἰνίττεσθαι

168 4577 314 4648 φαίη
341 4577 407 4629 ἄν
438 4595 542 4642 τις,
573 4579 633 4631 τὸ
685 4580 1174 4651 ἀναξηραίνεσθαι,
1233 4586 1326 4637 καὶ
1361 4587 1781 4654 ὲξικμάζεσθαι,

1881 3381 2070 3422 natura
2101 3369 2186 3422 illa
2215 3383 2337 3437 qua:
2363 3367 2619 3425 sudabat,
2654 3375 2707 3418 ct
2743 3365 2795 3417 in
2853 3379 3029 3432 agone
3059 3371 3197 3426 erat,
3257 3364 3495 3416 humana

1879 3469 1979 3523 ista
2023 3462 2144 3526 fuit,
2175 3477 2280 3516 non
2318 3461 2499 3514 divina
2537 3477 2550 3514 :
2587 3459 2716 3528 quia
2750 3469 2806 3512 et
2837 3459 3078 3512 humana
3145 3464 3341 3510 natura
3386 3470 3511 3510 ocr-

1880 3557 2040 3611 missa
2070 3568 2153 3610 est
2182 3556 2296 3608 lucc
2327 3554 2462 3622 pati,
2493 3563 2546 3606 et
2580 3553 2661 3606 sic
2729 3564 2887 3619 passa
2945 3557 3052 3614 est,
3088 3556 3146 3601 ut
3171 3547 3335 3602 simul
3373 3562 3512 3600 mte-

1881 3649 1982 3702 rim
2015 3647 2350 3709 ostenderet,
2386 3643 2530 3714 quod
2563 3659 2667 3696 non
2705 3641 3086 3711 pbantasticus
3125 3638 3290 3694 fuerit
3320 3637 3507 3692 homo.

1883 3740 2105 3795 Interim
2139 3749 2192 3795 et
2221 3739 2397 3805 magis
2423 3738 2713 3809 mysticum
2745 3734 3002 3803 quiddam
3052 3735 3236 3799 docet,
3267 3731 3415 3804 quod
3456 3746 3515 3791 et

1881 3852 2230 3893 cunmunem
2300 3835 2556 3888 humanae
2629 3838 2841 3886 natura:
2909 3829 3257 3883 timiditatem
3333 3836 3512 3896 sanet,

1883 3935 2009 4002 quia
2042 3932 2095 3984 in
2121 3931 2302 3999 Seipso
2332 3929 2478 3982 illam
2509 3925 2872 3995 consumpsit,
2898 3924 3207 3994 divinreque
3241 3921 3511 3978 voluntati

1887 4031 2011 4082 fecit
2040 4026 2409 4080 obedientem.
2443 4020 2657 4090 Quippe
2692 4023 2836 4088 quod
2874 4017 3302 4089 egrediebantur
3334 4033 3362 4070 c
3389 4033 3516 4072 cor-

1888 4141 2018 4194 pore
2046 4123 2275 4175 sudores
2304 4127 2358 4173 et
2389 4117 2735 4179 decidebant,
2767 4114 2982 4167 videtur
3025 4111 3337 4184 signiﬁcare
3362 4114 3507 4180 quol

1887 4216 2126 4270 exsiccvt
2159 4223 2212 4266 et
2244 4213 2522 4277 abstergat
2556 4217 2610 4261 et
2650 4223 2678 4260 ιι
2709 4205 2867 4260 nobis
2924 4204 3122 4257 cadere
3175 4201 3342 4256 faciat
3387 4200 3514 4253 f-ni-

1891 4327 1968 4368 tes
1998 4310 2326 4368 timiditatis,
2362 4317 2553 4360 natura
2592 4313 2778 4358 nostra
2838 4303 2890 4355 in
2919 4301 3144 4356 Christo
3187 4298 3515 4353 corrobora-

1893 4422 1964 4468 t.-,
2000 4420 2052 4460 Cl
2085 4406 2430 4458 conﬁrmata.
2471 4399 2585 4452 Nisi
2638 4399 2784 4451 enim
2835 4397 2886 4451 id
2932 4395 3320 4466 signiﬁcasset,
3371 4395 3516 4461 quod

1895 4501 2141 4554 videlicet
2205 4500 2500 4550 humanam
2567 4503 2813 4546 nostram
2886 4488 3242 4543 formidinem
3314 4501 3516 4541 curare

1897 4595 2161 4647 voluisset
2191 4609 2203 4644 :
2243 4589 2457 4643 etiamsi
2487 4586 2645 4639 valde
2689 4584 2911 4637 timidus
2941 4593 2994 4636 et
3029 4583 3259 4652 ignavus
3295 4578 3513 4641 fuisset,

166 4672 268 4724 καὶ
327 4672 666 4726 ἀποπίπτειν
724 4674 818 4743 ἀφ’
849 4675 1006 4745 ἡμῶν
1040 4678 1139 4742 τὰς
1175 4683 1272 4749 τῆς
1315 4680 1519 4744 δειλίας
1578 4686 1778 4751 πηγὰς,

1899 4705 2003 4743 non
2040 4689 2224 4754 utique
2257 4683 2334 4737 sic
2368 4682 2639 4736 sudassel.
2667 4676 2835 4731 Visus
2869 4686 2956 4730 est
2988 4685 3175 4729 autem
3209 4673 3258 4728 ei
3288 4670 3519 4743 angelus

168 4765 554 4836 ἀνδρουμένης
605 4769 704 4839 τῆς
749 4768 968 4838 φύσεως
1002 4773 1162 4841 ήμῶν
1208 4776 1266 4826 ὲν
1301 4775 1526 4845 Χριστῷ
1557 4779 1652 4829 καὶ
1697 4795 1788 4830 το-

170 4858 468 4928 νουμένης.
530 4859 590 4912 Εί
645 4861 720 4930 μὴ
759 4862 866 4931 γὰρ
900 4862 1062 4916 τοῦτο
1091 4859 1159 4935 ἦν
1213 4867 1613 4935 αἰνιττόμενος,
1646 4871 1790 4939 φημὶ

169 4951 239 5021 δὴ
275 4950 334 5003 τὸ
358 4951 457 5021 τὴν
487 4954 768 5024 ήμετὲραν
815 4954 922 5006 τῶν
963 4957 1270 5026 ἀνθρώπων
1304 4960 1509 5014 δειλίαν
1539 4961 1787 5026 ἐξιᾶσθαι

172 5044 379 5110 θέλειν,
407 5045 508 5097 ούκ
546 5046 632 5109 ἂν,
659 5048 779 5100 ούδὲ
798 5052 844 5100 εί
869 5051 1072 5119 σφόδρα
1110 5051 1282 5115 δειλὸς
1304 5049 1370 5123 ἦν
1401 5057 1495 5107 καὶ
1529 5058 1783 5127 ἀγεννὴς,

170 5136 354 5202 οὕτως
391 5137 559 5209 ἵδρου.
599 5140 777 5209 Ὠφθη
819 5142 876 5193 δὲ
923 5144 1072 5213 αὐτῷ
1107 5145 1339 5213 ἄγγελος
1371 5150 1639 5218 ἐνισχύων
1687 5153 1788 5202 αὺ-

168 5233 293 5297 τὸν,
324 5234 420 5284 καὶ
446 5232 604 5286 τοῦτο
637 5234 716 5297 εἰς
747 5237 906 5304 ἡμῶν
965 5240 1333 5310 παράκλησιν,
1360 5243 1433 5306 ὡς
1466 5244 1533 5296 ἂν
1562 5244 1657 5314 τὴν
1692 5247 1791 5316 τῆς

171 5327 348 5406 εῷχῆς
378 5325 609 5395 δύναμιν
645 5329 928 5397 μάθωμεν,
962 5332 1043 5382 ὅτι
1075 5334 1338 5404 ἐνισχύει,
1374 5338 1467 5388 καὶ
1502 5339 1788 5406 μαθόντες.

171 5403 389 5492 ταύτην
423 5422 480 5473 ὲν
512 5424 624 5484 τοῖς
674 5423 867 5486 δεινοῖς
899 5427 1357 5499 προϐαλλὼμεθα.
1404 5432 1556 5502 ’Ᾱμα
1593 5433 1649 5485 δὲ
1696 5433 1792 5485 καὶ

172 5514 497 5587 προφητεία
555 5517 802 5580 Μωσέως
837 5518 1137 5588 πληροῦται
1174 5526 1232 5576 ἐν
1290 5527 1354 5595 τῇ
1409 5526 1621 5596 μεγάλῃ
1681 5527 1790 5596 ᾠδῇ

174 5610 488 5680 εἰρημένηο
520 5629 536 5659 ι
574 5611 682 5662 Καὶ
707 5614 1154 5682 ὲνισχυσάτωσαν
1194 5618 1251 5671 ἐν
1287 5620 1435 5689 αὐτῷ
1454 5621 1655 5686 πάντες
1688 5625 1796 5675 υἱοὶ

174 5701 340 5756 Θεοῦ.
382 5723 400 5752 ι
441 5705 598 5766 Τινὲς
625 5703 680 5755 δὲ
705 5704 848 5758 οὕτω
881 5709 1357 5778 περιειργάσαντᾶ
1394 5715 1456 5766 τὸ
1499 5717 1685 5786 ῥητὸν,
1712 5718 1792 5769 ὅτι

174 5793 342 5864 ι’ῖιφθη
380 5795 530 5866 αὐτῷ
567 5797 799 5864 ἅγγελος
836 5799 1076 5865 δοξάζων
1121 5805 1304 5868 αὐτὸν,
1342 5808 1434 5860 καὶ
1468 5807 1674 5874 λέγων’
1718 5812 1789 5879 Σή

254 5975 322 6006 τι·
351 5975 508 6029 nm”.
539 5993 707 6042 “xu.
740 5978 892 6044 int!"
926 5979 1006 6031 Ιηῖ
1028 5979 1089 6030 Χ.

1891 4783 2208 4838 confortans
2239 4793 2387 4841 eum,
2423 4775 2587 4845 idque
2642 4773 2711 4826 ad
2763 4782 3010 4826 nostram
3049 4767 3516 4831 consolationem,

1893 4888 1953 4933 ut
2002 4873 2272 4930 orationis
2327 4871 2588 4924 virtutem
2645 4867 2948 4929 discamus,
3017 4864 3161 4932 quod
3219 4860 3517 4925 confortet,

1891 4987 2172 5041 quumque
2215 4970 2598 5028 didicerimus,
2652 4980 2773 5018 eam
2832 4964 2884 5017 in
2934 4963 3196 5033 gravibus
3261 4958 3522 5029 periculis

1891 5066 2311 5137 prmmittaintts.
2350 5062 2563 5115 interea
2612 5059 2780 5112 etiam
2831 5057 3127 5124 implentur
3176 5069 3239 5108 ca
3272 5067 3393 5122 quae
3445 5049 3526 5105 di-

1890 5171 1974 5214 cta
1999 5175 2025 5210 a
2061 5157 2207 5211 Mose
2237 5158 2286 5208 in
2328 5169 2524 5222 magno
2544 5152 2758 5205 cantico
2792 5168 2804 5204 ε
2837 5168 2854 5200 ι
2896 5149 2959 5202 Et
2994 5149 3325 5202 roborentur
3372 5145 3425 5198 in
3457 5158 3525 5197 eo

1895 5267 2084 5319 omnes
2106 5251 2198 5303 lilii
2240 5248 2437 5302 Dei'“.
2474 5266 2493 5299 ι
2516 5244 2768 5299 Nonnulli
2801 5252 2981 5296 autem
3014 5242 3094 5294 sic
3116 5241 3323 5293 dictum
3353 5237 3526 5307 expli-

1897 5355 2090 5399 carunt
2121 5340 2580 5409 curiosius,quod
2610 5338 2863 5406 apparuit
2883 5337 2928 5388 ei
2958 5336 3186 5403 angelus
3214 5331 3528 5403 gloriﬁcans

1899 5454 2044 5501 eum,
2075 5435 2364 5490 etdicens:
2393 5433 2508 5485 Tua
2536 5443 2642 5494 est,
2671 5430 2922 5492 Domine,
2953 5426 3217 5481 fortitudo
3252 5443 3264 5478 :
3298 5435 3352 5477 tu
3380 5424 3526 5476 enim

1905 5527 2238 5598 praevaluisti
2262 5535 2450 5581 contra
2475 5533 2731 5586 mortem,
2756 5530 2810 5573 et
2833 5530 3025 5573 contra
3057 5516 3358 5578 infernum,
3380 5525 3433 5569 et
3455 5513 3518 5568 li-

1913 5623 2113 5676 berasti
2130 5620 2637 5688 genushumanum.
2660 5617 2724 5668 Et
2740 5615 2852 5667 haec
2867 5612 3090 5682 quidem
3108 5611 3187 5664 sic
3218 5626 3276 5664 se
3301 5610 3520 5664 habent.

1911 5712 2032 5782 ipse
2056 5721 2234 5765 autem
2279 5726 2402 5765 cum
2458 5707 2734 5761 inveniret
2791 5700 3097 5769 discipulos
3158 5699 3518 5758 dormientes,

1905 5807 2202 5876 exprobrat
2234 5805 2397 5859 simul
2433 5812 2483 5859 et
2517 5800 2840 5856 adhortatur
2873 5807 2930 5849 ut
2962 5803 3121 5850 orent
3171 5794 3220 5848 in
3263 5791 3521 5849 tontatio-
