4046 6538
207 433 336 500 1085

927 425 1383 488 ENARRATIO
1425 426 1507 486 ΙΝ
1553 417 2056 484 EVANGELIUM
2103 415 2341 478 LUCIE.
2368 414 2618 476 -CAP.
2650 411 2848 472 XXII.

3400 405 3540 472 1086

201 549 398 616 ελεγεν,
422 545 554 615 ἄχρι
580 543 678 616 τῆς
701 541 937 609 ἐσχάτης
961 538 1114 609 ὧρας
1149 537 1576 608 περικαιόμενος
1609 531 1798 587 αὑτοῦ.

1946 528 2192 580 tideirco
2227 542 2331 576 nou
2377 530 2702 591 prosecutus
2742 528 2824 573 est
2852 516 3127 578 convitiis,
3155 529 3332 584 neque
3357 515 3528 574 dixit.

202 639 285 694 Διὸ
319 639 412 691 καὶ
442 635 566 688 οὐδὲ
590 633 836 704 ὕϐρισεν,
867 629 990 683 οὐδὲ
1036 626 1192 683 εἶπεν
1215 647 1227 659 α
1289 626 1652 697 Ἀπὰνθρωπε
1706 627 1804 678 καὶ

204 731 671 802 ἀγνωμονέστατε,
728 723 868 788 ἀλλ’,
931 742 949 776 ι
988 723 1187 788 ⁹ἰούδα,
1220 741 1238 773 ι
1303 719 1381 791 τῷ
1406 721 1583 790 κυρίῳ
1636 706 1804 772 αὑτοῦ

203 827 423 896 ὸνῦματι
452 818 891 888 ἀνακαλούμενος
925 817 1110 871 αὐτόν.
1131 817 1241 870 Καὶ
1269 815 1379 868 οὐδ’
1409 814 1477 869 ἂν
1507 813 1808 882 προσωνείο

203 919 368 978 δτσεν,
399 916 450 967 εἰ
485 914 559 983 μὴ
583 913 674 965 καὶ
702 911 861 965 10510
897 914 976 973 εἰς
1011 908 1296 980 βελτίωσιν
1327 906 1497 960 αὑτοῦ
1529 902 1618 977 ἦν,
1646 905 1805 975 εἴπερ

205 1010 473 1065 ἐϐούλετο.
514 1005 630 1059 ’Ἰνα
655 1006 764 1075 γὰρ
799 1004 874 1076 μὴ
899 1005 1024 1076 δόξῃ
1053 1001 1259 1067 λαθεῖν,
1286 1001 1399 1054 ἀλλ’
1418 1000 1675 1067 ἐπιγνοὺς
1703 998 1806 1052 κᾶν

203 1104 319 1158 τότε
347 1102 462 1154 τὸν⁸
485 1100 788 1169 Δεσπότην,
810 1098 885 1160 ὡς
921 1097 1102 1148 πάντα
1135 1095 1337 1158 εἰδότα,
1372 1091 1686 1163 προσπέσῃ.
1713 1092 1810 1144 καὶ

209 1194 482 1266 μεταγνῷ.
515 1192 708 1246 τούτου
733 1192 922 1244 ἕνεκεν
948 1191 1043 1244 καὶ
1075 1190 1236 1242 τοῦτο
1263 1178 1514 1258 ἐποίησε,
1553 1187 1648 1239 καὶ
1670 1186 1810 1237 ὀνει-

203 1287 370 1348 δίζειν
406 1285 605 1348 ἔδοξεν.
643 1285 798 1356 ’ᾙδει
830 1282 930 1351 μὲν
987 1272 1096 1352 γὰρ
1144 1280 1328 1341 αὑτὸν,
1364 1280 1447 1330 ὃτι
1478 1277 1810 1347 ἁδιόρθωτός

206 1377 370 1438 ἐστιν,
405 1374 523 1426 ἀλλ’
552 1369 644 1427 οὖν
694 1372 755 1425 τὸ
796 1370 992 1424 ἑαυτοῦ
1027 1370 1204 1423 ἐποίει
1226 1386 1241 1402 ·
1293 1369 1485 1436 ὥσπερ
1516 1367 1610 1420 οὖν
1656 1367 1751 1420 καὶ
1782 1368 1810 1418 ό

206 1464 398 1532 Πατὴρ
435 1463 602 1516 αὑτοῦ
637 1464 693 1514 ὲν
747 1464 816 1532 τῇ
851 1460 1064 1531 Παλαιᾷ
1113 1462 1295 1512 ποιεῖ·
1349 1459 1505 1522 είδὼς
1538 1459 1613 1529 μὴ
1643 1458 1813 1510 ἀκού-

208 1573 397 1617 συντας
429 1557 558 1619 τοὺς
595 1553 906 1624 Ἑϐραίους,
957 1554 1110 1624 ὅμως
1150 1553 1478 1606 ἀποστέλλει
1510 1553 1638 1615 τοὺς
1673 1568 1811 1620 προ-

207 1653 385 1722 φήτας
407 1668 420 1682 ·
454 1651 571 1722 ἅμα
603 1649 660 1703 δὲ
710 1651 807 1702 καὶ
862 1651 1012 1720 ἡμᾶς
1042 1647 1202 1702 τοῦτο
1233 1648 1368 1701 αὐτὸ
1397 1647 1692 1709 διδάσκων,
1725 1646 1813 1696 ἵνα

210 1747 284 1814 μὴ
317 1744 644 1815 ὲκκακῶμεν
662 1743 790 1808 τοὺς
824 1743 1124 1802 πταίοντας
1151 1741 1551 1810 διορθούμενοι.
1575 1737 1814 1808 Ζηλούσι

206 1837 261 1891 δὲ
288 1837 337 1890 οί
367 1835 630 1907 μαθηταὶ,
665 1836 760 1888 καὶ
819 1834 1104 1905 μαχαίρας
1131 1836 1523 1907 ἀνασύρονται.
1564 1833 1733 1886 Πόθεν
1757 1831 1814 1883 δὲ

1916 620 2081 693 477
2127 617 2170 673 Ο
2213 618 2513 672 inhumane
2543 623 2595 668 et
2664 611 3056 680 ingratissime,
3108 608 3227 671 sed,
3273 626 3292 658 ι
3322 605 3483 671 .Iuda,
3513 623 3532 656 ι

1921 716 2149 786 proprio
2203 728 2327 766 eum
2368 708 2590 762 nomine
2646 702 3034 773 compellans:
3091 715 3268 770 neque
3319 701 3541 771 gravius

1917 808 2078 864 simul
2120 805 2414 874 arguisset,
2455 801 2557 855 nisi
2589 810 2644 853 et
2685 801 2789 852 hoc
2843 798 2891 850 ei
2930 797 3194 849 cessisset
3229 795 3279 845 in
3320 791 3538 853 melius.

1917 901 1962 953 si
1991 898 2209 968 quidem
2251 895 2534 948 voluisset.
2569 891 2780 945 Etenim
2823 904 2887 941 ne
2932 897 3152 956 putaret
3182 901 3306 940 esse
3344 885 3535 938 occul-

1925 1002 2062 1051 ttnu,
2121 989 2216 1043 sed
2254 997 2446 1041 nulum
2507 983 2762 1045 Domino,
2799 989 2854 1034 et
2900 978 2981 1031 vel
3018 986 3150 1030 tunc
3191 986 3320 1030 ante
3357 976 3542 1029 omnia

1919 1085 2184 1138 Scientcnt
2223 1077 2610 1150 procumberet
2673 1086 2728 1130 et
2779 1073 3095 1144 paeniteret,
3151 1073 3254 1126 hoc
3310 1071 3457 1131 iecit.
3492 1080 3548 1123 et

1921 1182 2073 1233 visus
2091 1187 2173 1231 νει
2203 1190 2328 1228 eum
2361 1170 2719 1227 confundere.
2766 1167 3068 1229 Etsciebat
3107 1169 3328 1236 quidem
3383 1163 3544 1230 illum

1928 1269 2408 1330 inemendabilem,
2442 1265 2679 1320 faciebat
2721 1273 2904 1319 tamen
2935 1264 3154 1317 interim
3183 1262 3328 1331 quod
3357 1275 3571 1324 suum,

1920 1363 2382 1436 quemadmodum
2444 1370 2501 1415 et
2550 1360 2717 1415 Pater
2765 1357 2888 1427 ejus
2937 1357 2991 1411 in
3047 1353 3234 1410 Veteri
3278 1352 3547 1416 faciebat;

1929 1460 2114 1514 sciens
2155 1456 2302 1510 enim
2339 1452 2560 1509 Judaros
2609 1467 2718 1506 non
2773 1451 3082 1514 audituros,
3125 1447 3380 1502 mittebat
3423 1461 3549 1516 pro-

1923 1554 2142 1622 phetas.
2175 1549 2387 1603 Interea
2418 1558 2474 1603 et
2514 1562 2612 1601 nos
2651 1546 2796 1600 ideni
2824 1547 3005 1608 docet,
3041 1553 3099 1596 ut
3135 1558 3203 1596 ne
3235 1537 3551 1596 correcturi

1923 1646 2129 1715 lapsos,
2171 1643 2493 1698 deﬁciamus
2526 1650 2582 1696 et
2617 1639 2900 1694 laboribus
2939 1637 3225 1690 cedamus.
3261 1633 3434 1687 Porro
3467 1631 3553 1686 di-

1923 1739 2118 1810 stipuli
2149 1738 2267 1792 zelo
2301 1734 2622 1806 ﬂagrantes,
2650 1732 2816 1787 etiam
2837 1730 3054 1800 gladios
3081 1729 3354 1784 eximunt.
3391 1725 3554 1780 Unde

1927 1844 2108 1885 autem
2171 1831 2294 1884 illos
2354 1824 2676 1884 habebant?
2721 1826 2940 1895 Agnutn
3006 1821 3383 1883 imtnolarant,
3433 1829 3487 1875 et
3523 1834 3554 1872 a

207 1928 411 1991 ταύτας
441 1922 628 1997 εἷχονγ
650 1928 723 1980 Τὸ
748 1927 934 1996 ἀρνίον
954 1925 1244 1990 θύσαντες,
1267 1927 1360 1979 καὶ
1398 1927 1506 1981 ἀπὸ
1536 1924 1819 1994 τραπέζης

1940 1937 2116 1976 pensa
2150 1921 2421 1975 exierant.
2447 1918 2517 1972 At
2556 1915 2808 1987 arguitur
2834 1912 3054 1978 Petrus,
3077 1911 3171 1982 qui
3201 1919 3400 1979 prteter
3431 1923 3556 1964 sco.

210 2019 608 2090 έξςληλυθότες,
645 2021 871 2083 εἰκότως
905 2019 1056 2088 είχον
1095 2020 1321 2083 ταύτας.
1365 2019 1725 2086 Ἐπιτιμᾶται
1759 2016 1814 2069 δὲ

215 2113 243 2164 6
279 2111 483 2182 θερμὸς
524 2111 753 2181 Πέτρος,
788 2112 864 2171 ὼς
913 2110 1063 2180 παρὰ
1108 2113 1199 2164 τὸν
1235 2111 1441 2164 σκοπὸν
1473 2109 1568 2162 105
1606 2107 1816 2179 Κυρίου

210 2202 359 2273 ζήλῳ
393 2204 762 2272 χρησάμενος.
801 2203 862 2254 Ol
900 2201 1000 2271 μὲν
1027 2203 1136 2272 γὰρ
1166 2201 1316 2256 ἄλλοι
1348 2201 1631 2272 ἐρωτῶσιν
1652 2219 1663 2231 ·
1709 2218 1726 2250 t
1754 2198 1817 2251 Εἰ

211 2293 566 2363 πατάξομεν;
599 2294 766 2354 αὐτὸς
805 2293 862 2345 δὲ
911 2293 973 2345 οὐ
1011 2293 1301 2363 περιμένει
1339 2289 1695 2362 προτροπὴν·
1725 2285 1817 2340 05-

210 2403 289 2438 τω
319 2385 598 2455 πανταχοῦ
635 2384 776 2448 ζέων
804 2381 871 2453 ἦν
895 2383 1035 2453 ὑπὲρ
1064 2383 1158 2436 105
1196 2381 1562 2437 Διδασκάλου.
1600 2378 1814 2434 Πατὰσ-

215 2495 299 2532 σει
331 2478 387 2530 δὲ
412 2477 504 2530 τὸν
530 2476 717 2529 δοῦλον
761 2476 855 2529 105
886 2476 1212 2547 ἀρχιερέως,
1265 2475 1361 2528 καὶ
1399 2475 1626 2543 ἀφαιρεῖ
1649 2469 1818 2526 αὑτοῦ

208 2568 273 2620 τὸ
299 2566 392 2630 05;
411 2566 473 2620 τὸ
502 2565 696 2633 δεξιόν.
737 2565 813 2619 Οὐ
849 2566 1091 2635 τυχαίως
1131 2564 1314 2634 10510,
1372 2564 1510 2618 ἀλλὰ
1544 2562 1819 2632 σύμϐολον

209 2658 272 2715 ὂν
294 2660 386 2713 105
414 2661 539 2722 105;
567 2661 688 2712 τότε
716 2661 996 2731 ἀρχιερεῖς
1022 2659 1270 2722 ἅπαντας
1290 2658 1515 2720 δούλους
1540 2656 1820 2726 γενέσθαι,

213 2755 313 2808 καὶ
343 2753 612 2806 ἀπολέσαι
633 2753 730 2825 τὴν
758 2752 942 2819 δεξιὰν
971 2755 1162 2818 ἀκοήν.
1211 2753 1273 2806 El
1299 2753 1406 2823 γὰρ
1450 2753 1649 2823 ἢκουον
1694 2753 1826 2805 Μω-

213 2847 382 2911 σέως,
437 2845 536 2897 οὐκ
573 2844 645 2903 ,ἂν
697 2843 790 2896 τὸν
823 2843 1031 2914 Κύριον
1076 2844 1174 2912 τῆς
1222 2843 1382 2912 δόξης
1435 2841 1819 2912 ἐσταύρωσαν.

221 2935 434 3009 Ἰησοῦς
463 2939 520 2992 δὲ
552 2939 615 2993 τδ
672 2940 836 2993 ὠτίον
885 2938 1324 3008 ἀποκαθίστησιο
1359 2938 1562 3009 πρέπει
1589 2937 1699 3007 γάρ
1754 2939 1822 3007 τῇ

216 3033 437 3103 μεγάλῃ
483 3032 578 3086 τοῦ
610 3033 783 3101 Λόγου
830 3031 1063 3098 δυνάμει
1100 3031 1160 3083 τδ
1215 3031 1343 3091 τοὺς
1402 3027 1827 3099 παρακούοντας

213 3123 427 3187 ίᾶσθαι,
457 3125 550 3177 καὶ
578 3123 933 3194 προστιθέναι
968 3123 1154 3185 αὐτοῖς
1182 3122 1343 3175 ὠτίον
1381 3123 1460 3184 είς
1488 3121 1549 3174 τὸ
1581 3120 1823 3174 ἀκούειν.

213 3216 649 3286 Θαυματουργεῐ
693 3216 877 3268 τοίνυν
909 3216 938 3268 6
973 3215 1205 3282 Ἰησοῦς,
1238 3213 1328 3267 διὰ
1357 3213 1454 3266 105
1487 3214 1825 3283 φαινομένου

1924 2032 2054 2087 pum
2086 2015 2299 2070 Domini
2326 2014 2445 2069 zelo
2469 2029 2600 2066 usus
2632 2020 2801 2066 esset.
2830 2007 2937 2062 Alii
2957 2005 3159 2062 etenim
3187 2005 3555 2073 interrogant,

1940 2106 2128 2162 «Nam
2191 2104 2604 2177 percutit-mus?
2643 2122 2661 2156 ι
2705 2101 2827 2172 lpse
2888 2109 3071 2154 autem
3135 2113 3244 2151 non
3299 2102 3559 2162 expectat

1925 2211 2287 2276 praeceptum.
2324 2200 2400 2254 lta
2430 2215 2645 2269 semper
2679 2196 2930 2250 fervebat
2972 2208 3070 2264 pro
3104 2190 3388 2262 Magistro.
3426 2187 3556 2243 Per-

1933 2295 2074 2361 cutit
2109 2305 2294 2347 autem
2344 2307 2562 2346 servum
2608 2287 2909 2358 pontiﬁcis,
2951 2295 3008 2341 et
3059 2292 3311 2352 atwutat
3366 2295 3557 2336 aurem

1926 2387 2044 2456 ejus
2084 2388 2357 2441 dextram.
2392 2381 2577 2454 Neque
2610 2385 2714 2438 huc
2743 2381 2974 2436 fortuito
3017 2377 3278 2448 contigit,
3318 2375 3413 2431 sed
3441 2374 3555 2445 sig-

1927 2497 2057 2536 num
2082 2481 2186 2546 hoc
2214 2488 2352 2546 erat,
2383 2478 2678 2534 Polztilices
2700 2478 2789 2546 qui
2819 2489 2948 2531 tunc
2985 2484 3162 2539 erant,
3185 2487 3347 2526 omne
3366 2486 3395 2526 s
3429 2479 3562 2526 utu-

1932 2586 2022 2625 ros
2056 2584 2273 2637 servos,
2306 2579 2363 2623 et
2387 2569 2696 2636 perdituros
2717 2567 3017 2621 auriculam
3038 2560 3558 2621 dextratn.Eter:Etn

1928 2665 1973 2718 si
2009 2661 2196 2717 Mosen
2265 2663 2625 2726 audivissent,
2679 2659 2967 2714 Dominum
3017 2659 3204 2730 gloriae
3265 2668 3561 2724 numquam

1929 2754 2354 2810 cruciﬁxissent.
2413 2750 2614 2807 Verum
2683 2751 2843 2808 Jesus
2897 2750 3200 2806 auriculam
3301 2747 3562 2804 restituit.

1933 2849 2099 2905 Decet
2137 2850 2285 2903 enim
2337 2849 2598 2901 virtutem
2643 2844 2807 2902 Verbi
2843 2861 3042 2900 sanare
3074 2842 3477 2906 inobedientes,
3511 2851 3568 2896 et

1942 2958 2225 3014 apponere
2275 2943 2356 2997 eis
2403 2941 2710 2996 auriculam
2748 2954 2805 2994 ut
2859 2941 3108 2995 audiant.
3172 2936 3336 2993 Jesus
3373 2938 3564 3004 itaque

1947 3035 2305 3091 manifesutm
2350 3036 2676 3090 miraculum
2708 3033 2864 3098 facit,
2901 3045 2956 3087 et
3003 3031 3312 3086 auriculam
3339 3044 3567 3094 sanans,

1942 3129 2214 3183 miraculo
2245 3127 2568 3199 patientiam
2605 3126 2762 3182 suam
2794 3128 3124 3193 ostendens,
3161 3135 3217 3180 et
3246 3139 3343 3194 per
3395 3123 3570 3177 inira-

1936 3223 2118 3277 culum
2171 3223 2440 3276 inducens
2484 3236 2581 3277 eos
2623 3232 2680 3275 ut
2721 3221 2790 3274 ab
2822 3221 3036 3274 insania
3070 3219 3367 3273 absistant.
3429 3215 3570 3273 Dicit

212 3308 414 3362 τούτου
449 3309 543 3362 ἐπὶ
566 3308 642 3378 τῷ
671 3307 819 3378 ὼτίῳ
841 3307 1119 3378 θαύματος
1145 3305 1246 3376 τὴν
1276 3304 1633 3371 ἀνεξικακίαν
1655 3301 1825 3356 αὑτοῦ

1940 3326 2119 3370 autem
2153 3315 2218 3368 ad
2248 3316 2525 3382 principes
2579 3314 2957 3378 sacerdotum,
2997 3320 3052 3366 et
3082 3312 3149 3365 ad
3209 3311 3570 3380 magistratus

214 3402 508 3466 δεικνύων,
533 3404 627 3454 καὶ
656 3401 746 3454 διὰ
775 3400 907 3469 γοῦν
933 3398 1027 3453 105
1063 3397 1345 3468 θαύματος
1384 3397 1598 3463 ὲνάγων
1625 3395 1826 3458 αὐτοὺς

214 3497 300 3557 εἰς
326 3495 389 3546 τὸ
421 3493 724 3564 ἀπέχεσθαι
745 3493 846 3562 τῆς
903 3492 1124 3561 μανίας.
1183 3491 1348 3559 Λέγει
1399 3489 1455 3542 δὲ
1507 3488 1644 3559 πρὸς
1701 3489 1827 3552 τοὺς

213 3589 503 3660 ἀρχιερεῖς
541 3587 636 3640 καὶ
687 3587 1036 3657 στρατηγοὺς
1064 3585 1157 3638 τοῦ
1203 3584 1373 3656 ίεροῦ,
1404 3585 1675 3650 τουτέστι,
1700 3583 1828 3646 τοὺς

214 3680 529 3746 ταξεώτας,
579 3683 704 3744 τοὺς
732 3682 828 3734 ἐπὶ
857 3679 935 3749 τῷ
966 3681 1258 3733 ἐκτάσσειν
1311 3680 1686 3750 τεταγμένους
1732 3679 1832 3742 τὰς

218 3773 511 3845 ἱερατικὰς
542 3774 892 3843 ἀπαιτήσεις,
921 3772 952 3840 ἢ
992 3772 1082 3824 καὶ
1112 3773 1235 3834 τοὺς
1269 3772 1740 3840 πεπιστευμένους
1765 3769 1834 3824 τὰ

215 3867 322 3936 τῆς
349 3864 717 3934 ὲποικοδομῆς
745 3864 838 3918 τοῦ
858 3865 1006 3934 ἱεροῦ
1022 3866 1114 3918 καὶ
1142 3864 1603 3935 ὲπισκευῆςέργα
1626 3881 1832 3934 στρατ-

217 3959 395 4029 ηγοὺς
432 3958 708 4028 ὀνομάζει.
750 3959 921 4030 Φησὶν
950 3957 1043 4010 05v
1076 3958 1214 4028 πρὸς
1273 3954 1837 4029 τούτουςο’Καθημέ-

219 4067 328 4122 ραν
366 4053 424 4103 ὲν
475 4052 551 4121 τῷ
588 4050 720 4122 ἱερῷ
771 4051 1071 4117 ἐδίδασκον,
1110 4049 1206 4104 καὶ
1262 4051 1364 4106 οὐκ
1415 4051 1726 4123 ἠθελήσατέ
1769 4069 1838 4124 με

221 4161 276 4196 σι
307 4144 543 4206 ¹.λα6εῖν,
570 4149 664 4198 καὶ
697 4145 792 4197 νῦν
815 4145 1130 4216 λῃστρικῶς
1162 4145 1454 4216 ἐπήλθετε.
1495 4145 1638 4199 Ἀλλ’
1666 4147 1838 4212 ὅντως

1939 3407 2149 3476 templi.
2203 3405 2516 3479 Στρατηγοὶ
2552 3419 2608 3460 et
2644 3405 2833 3460 aediles
2881 3402 3246 3468 dicebantur,
3295 3402 3387 3472 qui
3436 3415 3570 3455 con-

1937 3499 2113 3554 stituti
2164 3512 2322 3553 erant
2361 3504 2427 3553 ad
2457 3499 2795 3568 exquirenda
2828 3513 2891 3553 ea
2923 3512 3042 3566 qua:
3074 3495 3142 3549 ad
3178 3494 3370 3564 templi
3403 3508 3564 3549 usum

1939 3594 2324 3663 exigebantur,
2361 3592 2442 3647 vel
2472 3593 2564 3662 qui
2604 3591 2851 3661 praefecti
2890 3599 3048 3644 erant
3085 3587 3321 3643 aedilicio
3352 3597 3407 3640 et
3438 3601 3572 3641 con-

1942 3686 2236 3740 structioni
2262 3685 2470 3754 templi.
2502 3685 2582 3738 Ad
2620 3684 2718 3738 hos
2754 3683 2922 3752 igitur
2955 3680 3088 3736 dicit
3124 3700 3136 3735 :
3185 3679 3442 3746 Quotidie
3474 3677 3573 3732 d0-

1942 3776 2134 3833 eebam
2175 3775 2230 3829 in
2286 3775 2510 3844 templo,
2548 3783 2604 3828 et
2644 3773 2899 3828 noluistis
2937 3789 3022 3828 me
3064 3771 3568 3842 comprehendere,

1946 3879 1998 3924 et
2049 3883 2195 3921 nunc
2229 3868 2389 3939 quasi
2423 3867 2668 3924 latrones
2703 3869 2964 3922 invaditis
2991 3886 3003 3923 :
3030 3868 3126 3922 sed
3163 3880 3353 3921 revera
3391 3861 3572 3917 noctis

1947 3961 2233 4017 attentatis
2256 3979 2449 4033 opera,
2482 3972 2536 4015 et
2567 3971 2815 4032 potestas
2852 3969 3033 4016 vestra
3070 3960 3430 4015 tenebrarum
3451 3965 3567 4009 est:

1950 4066 2118 4126 atque
2153 4057 2362 4112 idcirco
2405 4057 2547 4111 hanc
2573 4060 2764 4111 horam
2792 4054 3128 4121 observatis,
3160 4068 3282 4124 quze
3308 4049 3570 4107 convenit

1952 4151 2110 4206 vobis
2153 4165 2208 4205 et
2241 4152 2421 4221 operi,
2457 4167 2568 4221 quo
2597 4168 2686 4204 tne
2723 4150 3000 4204 invaditis.

217 4240 428 4300 νυκτὸς
475 4240 659 4308 ἔργοις
691 4241 1048 4312 ἐπιχειρεῖτε,
1107 4242 1203 4294 καὶ
1232 4242 1266 4310 ἡ
1298 4240 1519 4307 ἐξουσία
1555 4239 1713 4310 ὑμῶν
1745 4240 1840 4294 τοῦ
1883 4245 2112 4308 σκότους
2177 4245 2330 4297 ἐστί·
2368 4245 2463 4298 καὶ
2485 4243 2574 4297 διὰ
2600 4243 2757 4297 τοῦτο
2791 4242 3056 4314 τοιαύτην
3111 4240 3262 4310 ὥραν
3292 4240 3576 4312 έπετηρή-

222 4352 361 4390 σατε
389 4335 599 4388 οἰκείαν
629 4335 780 4405 ὑμῖν,
822 4337 916 4388 καὶ
946 4335 1022 4401 τῷ
1098 4351 1209 4402 ογῳ
1238 4327 1282 4402 ᾧ
1313 4332 1704 4396 ὲπεὸἁλλεσθε,

305 4448 322 4479 ι
356 4426 724 4490 Συλλαϐόντες
759 4427 816 4480 δὲ
842 4427 1006 4480 αὑτὸν
1041 4447 1046 4454 ν
1093 4444 1270 4494 ςαγον,
1308 4428 1402 4480 καὶ
1432 4429 1730 4499 εἰσήγαγον
1760 4430 1840 4492 είς

219 4523 329 4592 τὴν
363 4523 545 4576 οἰκίαν
573 4521 668 4574 105
705 4523 1029 4593 ἀρχιερέως.
1096 4524 1137 4575 0
1188 4523 1246 4575 δὲ
1292 4523 1502 4592 Πέτρος
1549 4521 1841 4592 ἠκολούθει

2022 4423 2191 4480 Vens.
2233 4425 2402 4481 54-62
2456 4445 2474 4476 ι
2507 4424 2981 4495 Comprehensum
3021 4431 3205 4479 autem
3235 4439 3361 4478 eum
3398 4425 3573 4480 duxe-

1955 4532 2102 4587 runt,
2126 4531 2182 4576 et
2219 4521 2558 4577 induxerunt
2590 4521 2644 4575 in
2662 4522 2885 4575 domum
2910 4521 3176 4590 principis
3201 4519 3574 4576 sacerdotum.

225 4615 534 4688 μακρόθεν.
572 4615 853 4683 Ἀψάντων
886 4614 942 4667 δὲ
976 4613 1087 4685 πῦρ
1120 4617 1178 4668 ὲν
1217 4615 1371 4685 μέσῳ
1403 4615 1503 4683 τῆς
1533 4615 1825 4684 αὑλῆς,καπ

1946 4616 2140 4671 Petrus
2166 4629 2297 4669 vero
2319 4613 2651 4685 sequebatur
2679 4618 2921 4669 eminus.
2971 4612 3112 4668 Cum
3146 4625 3331 4669 autem
3373 4627 3577 4669 accen-

223 4705 686 4774 συγκαθισάντων
737 4704 943 4770 αὐτῶν,
1000 4705 1239 4776 ἐκάθητο
1289 4709 1317 4758 ό
1355 4706 1562 4776 Πέτρος
1596 4709 1654 4759 ἐν
1690 4707 1843 4778 μέσῳ

221 4798 434 4853 αὐτῶν.
492 4797 700 4851 ’ἰδοῦσα
734 4797 792 4850 δὲ
848 4798 1014 4850 αὑτὸν
1071 4799 1335 4866 παιδίσκη
1387 4815 1470 4860 τις
1529 4799 1844 4870 καθήμενον

222 4891 368 4961 πρὸς
402 4890 464 4943 τὸ
497 4889 634 4958 φῶς,
707 4889 806 4942 καὶ
837 4890 1146 4943 ἀτενίσασα
1195 4889 1370 4960 αὐτῷ,
1405 4885 1562 4942 εἴπεο
1607 4891 1718 4943 Καὶ
1751 4882 1844 4944 οὗ·

219 5001 324 5046 τος
358 4984 457 5036 σὺν
495 4983 646 5052 αὐτῷ
688 4978 776 5052 ἦν.
824 4981 882 5034 ὐ
938 4982 1013 5034 δὲ·
1053 4982 1339 5051 ἠρνήσατο
1400 4983 1565 5035 αὑτὸν
1616 4981 1800 5051 λέγων
1827 5000 1840 5013 °

219 5077 422 5144 Γύναι,
463 5078 565 5130 οὐκ
604 5073 723 5130 οἶδα
747 5076 931 5128 αὐτόν.
960 5076 1067 5128 Καὶ
1105 5077 1245 5146 μετά
1268 5076 1445 5147 βραχὺ
1478 5076 1669 5145 ἕτερος
1712 5077 1842 5131 ἰδὼν

219 5170 398 5225 αὑτὸν
433 5168 568 5238 ἔφη·
611 5169 722 5222 Καὶ
748 5169 813 5222 σὺ
840 5166 1098 5231 ἐξαύτῶν
1128 5163 1197 5219 εἴ.
1242 5167 1300 5220 Ὀ
1328 5169 1384 5220 δὲ
1415 5168 1621 5238 Πέτρος
1651 5165 1808 5222 εἶπεν
1828 5186 1840 5198 ·

226 5261 669 5330 Ἀνθρωπε,ξούκ
696 5260 833 5330 είμί.
863 5259 974 5313 Καὶ
1002 5259 1302 5330 διαστάσης
1329 5260 1463 5313 ὡσεὶ
1497 5261 1652 5332 ὧρας
1689 5265 1841 5332 μιᾶς,

220 5357 394 5417 ἄλλος
426 5373 509 5417 τις
538 5353 908 5424 διισχυρίζετο
934 5353 1110 5421 λέγων
1138 5369 1150 5382 ο
1172 5354 1291 5406 Ἐπ’
1313 5353 1597 5424 ἀληθείας,
1631 5359 1724 5409 καὶ
1755 5351 1848 5408 05-

221 5471 326 5516 10;
365 5453 486 5523 μετ’
527 5450 695 5504 αὐτοῦ
727 5446 826 5521 ἦν’
864 5451 961 5503 καὶ
1007 5450 1119 5520 γάρ
1154 5449 1438 5513 Γαλιλαῖός
1499 5452 1672 5505 ἐστιν.
1708 5447 1844 5504 Eius

221 5550 289 5604 δὲ
320 5551 349 5602 6
380 5546 587 5616 Πέτρος
610 5562 626 5576 ο
663 5545 978 5614 Ἄνθρωπε,
1013 5544 1112 5598 ούκ
1140 5538 1260 5598 οἶδα
1297 5544 1324 5597 ὃ
1356 5545 1560 5613 λέγεις.
1592 5547 1702 5600 Καὶ
1738 5565 1845 5601 παι

227 5646 501 5716 ραχρῆμα
530 5642 611 5694 ἔτι
645 5641 934 5705 λαλοῦντος
968 5641 1159 5706 αὑτοῦ,
1188 5641 1473 5713 ἐφώνησεν
1500 5646 1527 5697 ό
1567 5645 1839 5716 ἀλέκτωρ.

224 5738 348 5792 Καὶ
371 5737 641 5807 στραφεὶς
667 5735 695 5786 6
727 5735 933 5804 Κύριος
965 5733 1222 5804 ἐνέϐλεψε
1249 5735 1327 5806 τῷ
1359 5736 1576 5809 Πέτρῳ,
1615 5739 1711 5791 καὶ
1737 5740 1841 5790 ὑπ-

224 5827 484 5900 εμνήσθη
519 5830 546 5880 6
583 5827 790 5897 Πέτρος
834 5827 928 5880 105
960 5827 1119 5894 λόγου
1149 5827 1241 5879 105
1274 5829 1502 5898 Κυρίου,
1560 5829 1636 5892 ὡς
1686 5829 1844 5886 εἶπεν

225 5923 401 5994 άὺτῷ.
439 5924 516 5976 ὅτι
557 5923 692 5990 Πρῖν
738 5921 1003 5991 ἀλέκτορα
1042 5922 1310 5991 ’,πμ-φῆσαι,
1352 5925 1567 5993 ἀρνήσῃ
1602 5925 1837 5994 inﬁgi;

1957 4710 2168 4764 dissent
2201 4708 2388 4779 ignem
2421 4709 2473 4761 in
2508 4707 2691 4763 medio
2731 4708 2898 4771 aulre,
2932 4718 3102 4776 atque
3137 4723 3244 4761 una
3280 4707 3575 4762 consedis-

1955 4811 2101 4860 sent,
2132 4799 2275 4854 sedit
2302 4809 2358 4854 et
2386 4797 2585 4852 Petrus
2613 4800 2754 4854 inter
2782 4799 2928 4853 illos.
2968 4797 3145 4864 Quem
3185 4813 3312 4853 cum
3348 4799 3582 4854 vidisset

1955 4892 2150 4946 ancilla
2177 4895 2744 4968 quamlamgsedentem
2784 4892 2851 4947 ad
2884 4892 3090 4957 lumen,
3119 4891 3314 4947 deﬁxis
3340 4892 3392 4946 in
3424 4891 3579 4948 illum

1955 4986 2156 5051 oculis,
2201 4987 2342 5041 dixit
2379 5006 2391 5040 ε
2423 4986 2491 5041 Et
2518 4989 2604 5041 hic
2627 5003 2751 5041 cum
2776 4986 2868 5041 illo
2897 4995 3036 5042 erat.
3065 4989 3135 5040 At
3165 4986 3256 5041 ille
3285 4985 3582 5058 abnegavit

1956 5094 2106 5142 eum,
2140 5079 2333 5133 dicens
2366 5097 2378 5132 :
2414 5077 2627 5144 Mulier,
2664 5094 2772 5133 non
2801 5078 2926 5133 novi
2957 5078 3136 5132 illum.
3163 5077 3232 5131 Et
3255 5087 3376 5148 post
3406 5079 3584 5149 pusil-

1957 5171 2070 5225 lum
2107 5171 2250 5226 alius
2283 5173 2477 5229 videns
2512 5188 2636 5228 eum
2665 5175 2822 5239 dixit,
2856 5173 2923 5228 Et
2948 5185 3002 5228 tu
3035 5178 3103 5229 de
3135 5173 3242 5229 illis
3268 5189 3349 5229 es.
3379 5172 3582 5229 Petrus

1959 5280 2092 5319 vero
2124 5265 2200 5319 ait
2235 5283 2247 5318 :
2291 5265 2490 5326 Homo.
2538 5282 2644 5320 non
2679 5282 2825 5322 sum.
2861 5268 2928 5322 Et
2960 5268 3254 5322 intervallo
3284 5266 3577 5338 interiecto

1957 5356 2070 5411 fere
2096 5357 2246 5414 liora:
2273 5360 2456 5424 unius,
2499 5361 2639 5416 alius
2689 5362 2913 5431 quidam
2956 5361 3284 5426 afﬁrmabat,
3333 5361 3570 5416 dicens:

1958 5448 2097 5505 Vere
2129 5461 2182 5505 et
2215 5453 2303 5509 hic
2331 5469 2458 5507 cum
2506 5454 2595 5508 illo
2631 5464 2771 5518 erat,
2809 5472 2932 5508 nam
2972 5465 3027 5509 et
3059 5454 3318 5510 Galilteus
3360 5466 3464 5509 est.
3498 5454 3568 5508 Et

1955 5545 2031 5598 ait
2063 5543 2258 5602 Petrus
2299 5566 2310 5601 :
2355 5547 2547 5613 llomo,
2599 5551 2788 5604 nescio
2821 5550 2948 5617 quid
2992 5550 3165 5602 dicas.
3202 5547 3267 5602 Et
3314 5548 3577 5604 continuo

1955 5639 2141 5698 adhuc
2191 5642 2283 5697 illo
2338 5642 2595 5712 loquente
2651 5645 2856 5697 cecinit
2915 5644 3110 5711 gallus.
3158 5643 3224 5696 Et
3276 5655 3580 5696 conversus

1961 5739 2224 5794 Dominus
2274 5737 2508 5793 intuitus
2540 5746 2623 5792 est
2650 5735 2898 5800 Petrum,
2951 5736 3122 5808 478
3170 5747 3226 5791 et
3262 5734 3582 5789 recordatus

1954 5845 2039 5888 est
2099 5833 2295 5887 Petrus
2359 5833 2510 5887 verbi
2556 5831 2810 5897 Domini,
2867 5835 3144 5901 quomolu
3186 5829 3403 5885 dixerat
3447 5826 3575 5897 ipsi,

1957 5925 2288 5995 Priusquam
2353 5925 2528 5995 gallus
2582 5925 2869 5990 cecinerit,
2935 5938 3135 5981 tcrntc
3205 5921 3451 5993 negabis.
3515 5916 3582 5974 Et
