4046 6530
257 440 393 506 Ιίθθ

955 434 1412 499 ENARRATIO
1449 433 1528 493 IN
1568 433 2079 494 EVANGEHUM
2120 431 2364 493 LUC/E.
2398 459 2460 468 -—
2491 432 2657 494 CAP.
2699 432 2929 496 XXIII.

3456 435 3602 508 1090

252 563 279 613 ὁ
307 554 434 619 Υἱὸς
466 551 566 607 toﬁ
603 550 740 606 Θεοῦ
771 568 784 613 ;
849 552 889 602 υ
927 549 982 602 δὲ
1011 548 1168 619 πρὸς
1218 547 1418 608 αὐτοὺς
1469 547 1574 617 ἔφη
1599 563 1610 576 ·
1681 547 1870 616 Ὑμεῖς

1981 560 2111 612 ergo
2143 557 2204 598 es
2239 541 2414 598 Filius
2451 542 2595 596 Dei?
2645 542 2748 611 Qui
2788 546 2865 606 ait
2911 563 2924 599 :
2966 544 3070 600 Vos
3088 548 3097 557 ”
3122 544 3308 604 dicitis
3343 562 3432 604 me
3459 568 3606 609 esse.

254 654 444 720 λέγετε
481 650 566 702 ὅτι
602 645 711 714 ἐγώ
747 645 889 716 είμι.
946 643 1100 696 etot
1157 639 1346 694 εἶπονβ
1405 639 1474 692 Τί
1535 639 1621 692 ἔτι
1678 638 1871 709 χρείαν

255 749 457 816 ἔχομεν
508 739 858 813 μαρτυρίαςς
909 736 1068 790 αὐτοὶ
1117 726 1228 804 γᾶρ
1279 734 1604 805 ἠκούσαμεν
1662 735 1727 786 ἐκ
1776 732 1872 786 τοῦ

257 841 528 910 στόματος
586 832 775 888 αὐτοῦ.
819 851 837 882 ι
887 829 1179 900 ’Υβρισταί
1221 845 1371 890 τινες
1425 830 1521 883 καὶ
1573 827 1870 881 ἀκόλαστοι

251 931 398 1005 ἦσαν
421 934 471 986 οἱ
499 928 677 984 ταῦτα
708 927 1010 993 ἐπάγοντες
1048 923 1128 994 τῷ
1196 920 1396 993 Ἰησοῦ.
1436 923 1590 989 Ἀμα
1636 922 1749 990 γάρ
1791 937 1873 972 τοι

257 1027 368 1079 ἔδει
409 1025 504 1078 καὶ
531 1023 623 1075 τὸν
653 1018 907 1074 διάϐολον
937 1017 1072 1088 μηδέ
1109 1015 1169 1068 ἓν
1193 1009 1335 1078 εἶδος
1369 1014 1570 1077 κακίας
1603 1013 1868 1072 ἐλλιπεῖν,

254 1118 396 1173 ἀλλὰ
428 1116 609 1169 πάντα
639 1130 881 1166 κενωσαι
905 1125 921 1143 ⁸
951 1110 1038 1163 ἵνα
1068 1108 1158 1162 διὰ
1195 1109 1418 1161 πάντων
1449 1111 1481 1177 ἡ
1519 1107 1682 1175 φύσις
1712 1105 1871 1176 ἡμῶν

257 1211 392 1279 ἁγία
423 1207 739 1279 εὑρεθεῖσα,
778 1205 980 1277 νικήσῃ
1011 1202 1105 1254 καὶ
1135 1198 1460 1272 καταρῤἀξῃ
1493 1199 1679 1252 αὐτόν.
1714 1196 1872 1250 Ἐπεὶ

254 1307 368 1374 γὰρ
403 1301 494 1357 διὰ
528 1300 690 1355 τοῦτο
735 1297 966 1352 ἀνέλαϐε
1009 1295 1110 1364 τὴν
1164 1293 1330 1361 φύσιν
1363 1292 1526 1362 ἡμῶν
1574 1293 1601 1343 ὁ
1638 1288 1871 1360 Κύριος.

259 1399 349 1452 ἵνα
379 1395 641 1468 τρανώσῃ
691 1393 868 1461 αὐτὴν
923 1389 1064 1460 πρὸς
1124 1392 1306 1447 πασας
1365 1386 1464 1448 τὰς
1495 1383 1588 1438 τοῦ
1621 1383 1870 1436 διαϐόλου

257 1491 533 1561 μηχανὰς.
569 1490 666 1541 καὶ
704 1486 852 1555 δείξῃ
885 1485 970 1536 ὅτι
1007 1483 1102 1536 καὶ
1158 1481 1217 1547 ἐξ
1249 1480 1445 1550 ἀρχῆς,
1506 1481 1554 1530 εἰ
1591 1479 1793 1545 ἐνηφεν
1842 1477 1871 1528 6

266 1585 464 1656 Ἀδὰμ,
495 1585 596 1636 οὐκ
630 1583 696 1635 ἂν
729 1579 938 1651 ἡττήθη
963 1595 974 1607 ·
1011 1577 1100 1630 διὰ
1123 1575 1284 1629 τοῦτο
1314 1574 1508 1627 πασῶν
1539 1574 1648 1625 τῶν
1681 1571 1872 1624 εξδεῶν

257 1682 362 1752 τῆς
404 1680 499 1732 τοῦ
551 1676 811 1730 διαϐόλου
857 1672 1058 1734 κακίας
1095 1672 1184 1723 ἐπ’
1223 1670 1388 1722 αὑτὸν
1439 1669 1740 1739 χεομένων,
1773 1667 1872 1718 ἀν-

257 1777 449 1846 έχεται
471 1790 485 1803 ’
517 1774 581 1825 ἶν’
607 1772 655 1822 οἱ
686 1770 825 1837 μετὰ
849 1766 1022 1820 ταῦτα
1054 1764 1373 1835 θαρρῶμεν,
1405 1763 1479 1825 ὡς
1517 1763 1616 1829 τῆς
1653 1760 1871 1830 φύσεως

251 1873 418 1944 ἡμῶν
465 1872 524 1923 ἐν
566 1866 792 1939 Χριστῷ
848 1865 1182 1935 νικησάσης,
1231 1862 1326 1914 καὶ
1372 1862 1446 1930 μὴ
1475 1859 1612 1930 πρός
1659 1877 1712 1911 τι
1759 1857 1870 1910 τῶν

253 1960 564 2016 δοκούντων
591 1957 932 2028 ὑϐριστικῶν
973 1956 1006 2027 ἥ
1051 1955 1294 2024 ἀνιαρῶν
1322 1951 1747 2020 ἀποδειλιῶμεν.
1781 1950 1874 2001 Διὸ

256 2057 354 2110 καὶ
385 2053 668 2118 παίζεται,
698 2053 793 2105 καὶ
828 2050 1051 2104 παίεται
1079 2065 1091 2079 ⁸
1125 2048 1220 2102 καὶ
1251 2049 1277 2101 6
1306 2046 1417 2099 τῶν
1453 2044 1754 2116 προφητῶν
1777 2046 1874 2096 Δε-

256 2151 489 2219 σπότης,
546 2149 621 2210 ὡς
680 2146 1144 2215 ψευδοπροφήτης
1197 2141 1545 2213 χλευάζεται.
1601 2140 1676 2192 Τὸ
1737 2139 1869 2209 γὰρ,

261 2261 280 2292 ι
316 2241 706 2312 Προφήτευσον
760 2241 915 2307 ἡμῖν,
946 2238 1029 2301 τίς
1078 2238 1229 2289 ἐστιν
1277 2237 1304 2288 6
1348 2236 1552 2296 ποῖίσας
1611 2249 1692 2292 σε,
1738 2252 1754 2282 ι
1793 2234 1875 2294 είς

253 2335 416 2388 τοῦτο
469 2337 670 2404 φέρει,
720 2330 1100 2407 χλευαζόντων
1139 2329 1304 2382 αὑτὸν
1362 2327 1437 2390 ὡς
1478 2328 1719 2389 πλανον,
1777 2324 1874 2376 καὶ

255 2426 603 2496 προφητείαν
661 2421 842 2492 ἑαυτῷ
877 2421 1275 2491 περιάπτοντα.
1316 2438 1334 2470 t
1375 2417 1486 2472 Καὶ
1527 2415 1604 2478 ὡς
1649 2415 1874 2482 ἐγένετο

255 2522 444 2591 ἡμέρα
475 2536 488 2550 ⁸
537 2539 552 2570 ι
595 2518 662 2571 τὰ
693 2519 804 2589 γὰρ
835 2515 949 2569 τῶν
987 2514 1328 2585 ἐμπαιγμῶν
1358 2513 1556 2574 νυκτὸς
1587 2509 1871 2578 tamen-

259 2617 418 2683 μεῖτο
454 2614 606 2683 παρὰ
637 2611 749 2664 τῶν
787 2609 1101 2678 μεθυόντων
1139 2604 1471 2675 ὑπηρετῶν·
1514 2605 1576 2656 τὸ
1621 2603 1675 2655 δὲ
1732 2619 1871 2671 πρε-

259 2707 552 2776 σϐυτέριον
580 2705 673 2757 καὶ
702 2703 1060 2773 ἐντιμότερον
1097 2701 1263 2770 μέρος
1294 2698 1598 2770 ἐρωτῶσιν,
1633 2699 1683 2749 εἰ
1707 2697 1873 2760 αὑτός

257 2804 409 2854 ἐστιν
449 2800 762 2870 όΧριστὸς.
828 2797 888 2849 Ὀ
931 2795 988 2848 δὲ
1021 2794 1177 2857 εἰδὼς
1219 2793 1320 2856 τὰς
1375 2792 1616 2854 διανοίας
1667 2791 1872 2856 αὐτῶν,

257 2893 357 2946 καὶ
389 2892 472 2946 ὃτι
508 2892 556 2944 εί
596 2893 712 2954 τοῖς
756 2890 941 2961 ἔργοις
987 2888 1090 2940 ούκ
1136 2887 1473 2940 ἐπίστευσαν
1515 2887 1630 2948 τοῖς
1668 2883 1874 2956 μᾶλλον

258 2984 473 3040 πείθειν
499 2982 848 3053 δυναμένοις,
889 2979 1008 3043 πῶς
1056 2980 1172 3041 τοῖς
1208 2977 1394 3045 λόγοις
1442 2976 1871 3042 πιστεύσουσιν;

265 3100 283 3132 ι
339 3080 470 3132 Ἐὰν
499 3079 630 3148 ὑμῖν
665 3076 830 3140 εἴπω,
869 3076 1063 3144 φησὶν,
1109 3074 1170 3126 ού
1212 3073 1288 3142 μὴ
1340 3069 1698 3139 πιστεύσητε.
1741 3088 1758 3120 ι
1812 3070 1874 3122 Ei

257 3174 369 3244 γὰρ
407 3169 728 3225 ἐπιστεύετε
770 3167 952 3237 λόγοις
994 3168 1172 3235 ἐμοῖς,
1207 3164 1292 3225 τίς
1341 3163 1504 3234 χρεία
1535 3158 1606 3234 ἦν
1646 3161 1742 3215 τοῦ
1778 3161 1873 3214 νῦν

259 3267 547 3338 συνεδρίου
579 3281 593 3331 ;
622 3283 639 3315 ι
676 3263 785 3317 Καὶ
821 3262 914 3316 ἐὰν
945 3263 1234 3331 ἐρωτήσω,
1259 3258 1318 3311 ού
1357 3256 1432 3327 μὴ
1458 3255 1824 3329 ἀποκριθῆτε.
1850 3274 1868 3307 ι

258 3358 533 3420 Πολλάκις
573 3356 684 3426 γὰρ
737 3351 1133 3424 ἐρωτηθέντες,
1179 3348 1612 3418 ἁπεσιώπησαν,
1658 3346 1736 3409 ὼς
1777 3346 1872 3398 ἐπὶ

256 3453 354 3506 τοῦ
389 3449 769 3522 βαπτίσματος
813 3445 1085 3508 Ἰωάννου,
1121 3443 1215 3497 καὶ
1269 3442 1386 3504 τοῦ,
1427 3461 1443 3492 ι
1483 3436 1651 3494 Εἶπεν
1688 3443 1714 3494 ὁ
1757 3439 1873 3492 Κύ-

258 3562 379 3616 ριος
399 3534 490 3614 θεῷ
536 3542 730 3614 Κυρίῳ
781 3558 907 3611 μου,
954 3559 971 3591 ι
1017 3538 1114 3592 καὶ⁵
1151 3539 1245 3590 ἐπὶ
1284 3537 1382 3608 τῆς
1418 3532 1870 3602 συγκυπτούσης.

259 3637 373 3691 Ποῦ
396 3636 492 3691 οὖν
522 3636 881 3698 ἀκούσαντες,
916 3631 1324 3697 ἐπιστεύσατες
1361 3627 1494 3682 πότε
1552 3627 1608 3680 δὲ
1647 3625 1873 3696 ἐρωτώ-

259 3749 440 3806 μενοι,
492 3730 593 3783 οὐκ
625 3729 979 3798 ἐσιωπήσατε
1009 3744 1023 3788 ;
1059 3726 1158 3780 Διὰ
1199 3723 1359 3778 τοῦτο
1391 3723 1553 3790 μόνον
1585 3722 1754 3790 φημὶ,
1790 3720 1872 3773 ὅτι

254 3827 372 3881 ἀπὸ
392 3825 488 3879 τοῦ
517 3825 614 3878 νῦν
643 3823 835 3894 καιρὸς
862 3823 1039 3890 λόγων
1069 3821 1163 3873 καὶ
1197 3816 1561 3878 διδασκαλίας
1591 3815 1692 3867 οὐκ
1723 3814 1872 3865 ἐστιν

258 3919 398 3990 ὑμῖν
431 3919 561 3990 περὶ
591 3914 686 3970 τοῦ
720 3916 802 3978 τίς
833 3918 991 3985 εἰμι’
1031 3914 1078 3966 εί
1113 3911 1224 3982 γὰρ
1257 3910 1506 3977 ἠθέλετε,
1558 3905 1766 3973 ἔγνωτέ
1803 3920 1872 3973 με

255 4011 372 4067 ἀπὸ
421 4010 531 4063 τῶν
567 4009 882 4082 γενομένων
925 4004 1210 4076 σημείωνο
1274 3999 1511 4074 κρίσεως
1560 4000 1616 4052 δὲ
1676 3997 1870 4067 καιρὸς

254 4106 372 4162 ἀπὸ
394 4104 490 4159 τοῦ
511 4103 629 4156 νῦν.
654 4101 894 4171 Ὀψεσθε
921 4097 1017 4154 οὖν
1047 4116 1114 4168 με
1146 4097 1238 4150 τὸν
1263 4097 1390 4149 re»
1424 4095 1519 4148 τοῦ
1553 4093 1868 4165 ανθρώπου,

257 4198 578 4270 καθήμενον
610 4199 674 4250 ἐκ
717 4195 909 4260 δεξιῶν
946 4194 1049 4264 τῆς
1088 4193 1378 4262 δυνάμεως
1413 4190 1507 4243 τοῦ
1543 4189 1704 4242 Θεοῦ.
1741 4189 1871 4241 Δέον

255 4289 355 4348 οὖν
392 4290 618 4363 πτῆξαι,
674 4291 724 4343 οἱ
773 4289 830 4343 δέ
872 4289 1012 4359 μετὰ
1068 4285 1261 4339 τοῦτον
1309 4285 1402 4338 τὸν
1444 4284 1607 4352 λόγον
1666 4283 1871 4352 μᾶλλον

257 4386 591 4456 ἐλύττησαν,
624 4384 721 4436 καὶ
777 4380 1061 4454 μανιωδῶς
1121 4379 1406 4450 ἐρωτῶσι·
1449 4396 1466 4427 t
1521 4377 1594 4429 Σὺ
1626 4371 1721 4429 οὖν
1763 4369 1811 4426 εἷ
1843 4376 1871 4427 6

256 4481 392 4542 Υἱὸς
433 4477 530 4532 τοῦ
580 4476 757 4542 Θεοῦ,
792 4495 810 4528 ι
854 4475 917 4528 '0
960 4476 1016 4528 δὲ
1056 4474 1240 4545 μέσως
1271 4489 1388 4535 πως
1431 4473 1523 4523 καὶ
1565 4469 1867 4540 εἰρωνικῶς

255 4569 666 4643 ἀποκρίνεται·
697 4587 716 4619 ‹
758 4567 949 4639 Ὑμεῖς
982 4566 1141 4618 τοῦτο
1171 4565 1384 4634 λέγετε,
1422 4564 1504 4616 ὅτι
1532 4564 1644 4630 ἐγώ
1671 4564 1807 4630 εἰμι.
1844 4581 1862 4612 ι

1980 637 2053 692 At
2084 636 2159 690 illi
2195 635 2457 690 dixerunt
2490 654 2505 694 :
2536 637 2679 704 Quid
2722 638 2901 694 adhuc
2933 641 3320 696 desideramus
3354 642 3608 698 te5timo-

1979 733 2130 788 niutn
2157 732 2182 785 ?
2209 729 2316 802 Ipsi
2347 732 2494 786 enim
2526 733 2840 787 audivimus
2881 749 2948 787 ex
2981 748 3078 787 ore
3109 734 3303 804 ipsius.
3347 756 3366 789 ι
3401 735 3606 793 Convi-

1978 827 2216 880 ciatores
2265 825 2488 895 quidam
2531 836 2585 879 et
2633 825 3071 895 intemperantes
3135 825 3291 882 fuere
3342 830 3434 899 qui
3489 830 3610 887 have

1975 918 2105 973 Jesu
2142 918 2478 973 inferebant.
2535 908 2852 988 Oportebat
2887 919 3034 973 enim
3075 920 3296 974 interim
3326 935 3378 975 et
3407 923 3606 978 diabo-

1979 1014 2091 1066 lum
2120 1013 2326 1067 nullam
2360 1012 2586 1066 malitiae
2620 1013 2864 1082 speciem
2915 1013 3251 1083 reliuquere,
3289 1019 3384 1070 sed
3417 1020 3606 1073 Omnia

1979 1104 2282 1169 eflundere,
2342 1116 2394 1158 ut
2455 1105 2509 1158 in
2561 1107 2820 1159 omnibus
2871 1118 3066 1160 natura
3129 1120 3316 1162 nostra
3380 1110 3604 1166 iuventa

1976 1215 2165 1255 saneta
2214 1202 2465 1257 vinceret
2511 1217 2577 1257 ac
2626 1203 2950 1258 deturbaret
2985 1219 3137 1258 eum.
3208 1203 3425 1260 Etenim
3475 1211 3605 1277 quia

1979 1306 2205 1364 propter
2252 1297 2356 1349 hoc
2410 1306 2668 1350 naturam
2727 1307 2971 1351 nostram
3029 1301 3276 1368 suscepit
3314 1299 3603 1366 Dominus,

1978 1399 2037 1444 ut
2087 1391 2375 1445 roboraret
2425 1407 2548 1445 eam
2591 1401 2788 1447 contra
2833 1408 3028 1448 omnes
3083 1395 3286 1448 diaboli
3333 1404 3501 1455 artes.
3550 1406 3608 1452 et

1977 1484 2232 1537 ostendat
2285 1485 2432 1552 quod
2471 1487 2515 1538 si
2557 1487 2626 1540 ab
2672 1487 2834 1541 initio
2885 1488 3106 1542 sobrius
3157 1489 3349 1544 fuiSset
3407 1493 3607 1558 Adam,

1977 1579 2297 1646 neutiquam
2340 1589 2484 1634 esset
2513 1580 2692 1634 victus
2729 1597 2746 1638 :
2787 1581 2908 1636 ideo
2943 1575 3136 1638 omnes
3167 1586 3381 1652 species
3415 1585 3612 1639 diabo-

1979 1671 2099 1726 lica:
2137 1673 2359 1726 malitia:
2391 1689 2514 1742 quae
2561 1675 2613 1727 in
2653 1690 2780 1730 eum
2829 1675 3227 1741 fundebantur,
3273 1679 3608 1744 sustinebat,

1978 1780 2038 1820 ut
2088 1783 2185 1821 nos
2231 1769 2328 1837 qui
2391 1770 2679 1838 sequimur
2740 1785 2888 1834 cum,
2950 1770 3298 1824 confidaums
3354 1773 3499 1840 quod
3553 1773 3622 1827 in.

1981 1861 2206 1916 Christo
2246 1874 2441 1916 natura
2477 1873 2662 1918 nostra
2695 1865 2915 1927 vicerit,
2949 1875 3002 1918 et
3035 1881 3102 1918 ne
3137 1863 3502 1919 fortnidetuus
3538 1865 3605 1918 ad

1982 1956 2152 2010 ullum
2196 1956 2558 2026 Opprobrium
2593 1957 2679 2010 vel
2721 1960 2899 2011 triste.
2936 1937 3154 2011 Idcirco
3188 1969 3240 2011 et
3272 1955 3606 2028 percutitur,

1979 2057 2032 2102 et
2060 2047 2307 2102 illo-ditur
2346 2068 2360 2104 :
2395 2049 2904 2118 prOphetarmnque
2956 2051 3075 2116 ipse
3120 2050 3408 2114 Dominus,
3449 2049 3611 2118 quasi

1980 2144 2463 2212 pseudopropheta
2497 2143 2780 2197 irridetur.
2820 2141 2954 2196 Nam
3017 2163 3035 2193 ί
3078 2142 3394 2199 Vaticinare
3427 2143 3611 2209 uobis,

1978 2239 2103 2306 quis
2134 2247 2218 2292 est
2249 2239 2339 2307 qui
2373 2246 2424 2290 te
2475 2237 2770 2306 percussit,
2813 2255 2830 2287 ι
2869 2251 2934 2289 eo
2956 2237 3150 2301 tendit,
3189 2247 3246 2288 ιιι
3278 2235 3430 2289 illum
3478 2235 3614 2291 sub-

1978 2342 2304 2394 smmareut,
2355 2343 2409 2385 et
2466 2331 2709 2387 dicerent
2767 2333 3150 2402 impostorem,
3212 2333 3306 2398 qui
3364 2332 3610 2403 seipsum

1979 2425 2306 2493 prophetam
2341 2425 2585 2479 fecisset.
2631 2445 2647 2472 ι
2688 2425 2753 2479 Ει
2789 2436 2844 2479 ιιι
2875 2414 3058 2480 factus
3101 2435 3185 2482 est
3220 2426 3357 2491 dies,
3399 2444 3417 2478 ι
3453 2437 3614 2482 nocte

1981 2520 2126 2573 enim
2169 2518 2238 2571 ab
2287 2517 2458 2572 ebriis
2516 2518 2792 2572 ministris
2838 2519 3030 2574 illusus
3076 2529 3131 2573 et
3191 2519 3609 2590 blasphetuatus

1978 2621 2084 2675 est,
2132 2610 2386 2665 seniores
2417 2618 2471 2663 et
2501 2609 2772 2674 dignitate
2801 2612 3222 2681 prwstautiores
3257 2612 3613 2684 interrogant

1983 2719 2138 2768 eum,
2196 2720 2324 2758 num
2369 2705 2488 2772 ipse
2528 2705 2600 2759 sit
2643 2702 2923 2760 Christus.
2972 2705 3040 2758 At
3082 2707 3199 2774 ipse
3244 2705 3614 2774 cogitationes

1979 2814 2174 2854 eorum
2207 2798 2414 2860 sciens,
2443 2807 2495 2851 et
2527 2799 2698 2867 quod,
2725 2797 2769 2850 si
2801 2797 3064 2866 operibus
3100 2814 3208 2852 non
3244 2798 3613 2861 credidissent

1979 2892 2045 2944 ad
2099 2889 2540 2958 persuadendum
2593 2887 2999 2944 ellicacioribus
3028 2891 3128 2956 η’,
3158 2893 3436 2960 quomodo
3480 2906 3614 2960 ergo

1978 2982 2165 3036 verbis
2214 2982 2330 3035 suis
2376 2980 2708 3036 crederent?
2760 2982 2987 3051 inquit:
3043 3001 3061 3035 ι
3099 2983 3156 3038 Si
3205 2985 3398 3040 dixero
3429 2986 3610 3051 vobis,

1980 3091 2087 3129 non
2118 3076 2380 3132 credetis.
2418 3094 2435 3126 ι
2466 3075 2522 3129 Si
2557 3077 2705 3130 enim
2735 3077 3042 3132 crederetis
3074 3078 3258 3134 verbis
3289 3079 3450 3144 meis,
3481 3080 3612 3149 quid

1977 3185 2120 3239 opus
2157 3179 2278 3224 erat
2325 3169 2564 3225 concilio
2607 3169 2750 3222 "“?
2804 3188 2822 3221 ι
2879 3171 2977 3226 Sin
3009 3171 3442 3241 interrogavere.
3501 3188 3612 3227 non

1899 3285 1945 3348 ρ
1981 3263 2409 3332 respoudebitis.
2451 3283 2470 3315 ι
2513 3262 2729 3334 Saepius
2752 3263 2900 3318 enim
2928 3272 3090 3318 antra
3123 3267 3442 3333 interrogati
3473 3265 3612 3320 silu-

1978 3368 2160 3418 erunt,
2194 3363 2254 3409 ttt
2305 3355 2374 3410 de
2427 3354 2762 3425 baptismate
2819 3353 3071 3421 Joannis,
3113 3366 3168 3412 et
3211 3357 3280 3411 de
3331 3358 3434 3412 hoc
3462 3357 3612 3413 dicto

1978 3449 2285 3519 prophetze,
2335 3467 2353 3499 ι
2391 3449 2537 3502 Dixit
2587 3446 2855 3501 Dominus
2901 3447 3136 3501 Domino
3181 3463 3304 3503 meo
3341 3464 3355 3502 :
3402 3469 3419 3499 ι
3457 3458 3511 3503 et
3544 3448 3612 3502 de

1979 3543 2209 3598 muliere
2251 3543 2540 3598 incurvata
2575 3542 2643 3597 “.
2684 3540 2786 3596 Uhi
2837 3543 3002 3612 igitur
3049 3559 3135 3598 me
3187 3544 3378 3598 audito
3420 3544 3610 3598 cred.-

1977 3636 2140 3693 distis
2173 3636 2219 3667 “
2246 3637 2269 3690 ?
2295 3636 2529 3703 Quando
2563 3648 2748 3690 autem
2791 3635 3116 3704 interrogati
3173 3653 3279 3690 non
3327 3636 3559 3692 siluistis
3585 3638 3611 3692 ’ί

1978 3731 2275 3799 Propterea
2317 3728 2420 3784 hoe
2456 3729 2602 3794 dico,
2648 3732 2792 3798 quod
2842 3745 2905 3782 ex
2946 3732 3048 3784 hoc
3083 3741 3331 3796 tempore
3377 3746 3483 3785 non
3519 3738 3606 3787 est

1980 3836 2197 3895 tempus
2243 3838 2565 3879 sermonum
2607 3835 2663 3876 et
2702 3823 2970 3878 doctrinae
3007 3824 3076 3878 de
3122 3824 3248 3890 hoc,
3301 3824 3425 3892 quis
3477 3825 3607 3881 sint.

1978 3919 2034 3972 Si
2069 3918 2214 3972 enim
2249 3903 2567 3971 voluissetis
2589 3958 2602 3982 ,
2638 3917 2894 3985 cognitus
2935 3932 3114 3971 essem
3145 3917 3301 3971 vobis
3335 3932 3402 3972 ex
3433 3917 3612 3987 signis

1975 4020 2029 4065 et
2061 4009 2368 4066 miraculis.
2399 4007 2598 4062 Judieii
2630 4022 2816 4061 autem
2858 4018 3074 4075 tempus
3110 4022 3194 4062 est
3229 4026 3294 4063 ex
3331 4009 3434 4064 hoc
3471 4018 3610 4065 tem-

1976 4117 2131 4172 pore.
2172 4098 2444 4155 Videbitis
2476 4100 2642 4172 igitur
2679 4117 2764 4153 tne
2803 4100 2998 4155 Filium
3032 4101 3278 4156 hominis
3319 4101 3606 4158 sedentem

1975 4214 2004 4251 a
2045 4195 2257 4251 dextris
2307 4196 2531 4250 virtutis
2579 4195 2694 4250 Dei.
2728 4194 2866 4249 Cum
2903 4196 3070 4266 igitur
3099 4195 3423 4252 debuissent
3455 4207 3604 4250 metu

1977 4291 2276 4358 trepidare,
2330 4288 2404 4343 illi
2451 4289 2536 4343 his
2589 4288 2795 4344 auditis
2846 4288 3041 4358 majori
3113 4289 3268 4343 rabie
3315 4290 3602 4355 concitati,

1975 4383 2201 4452 perinde
2237 4397 2299 4437 ac
2336 4381 2514 4436 insani
2550 4380 2932 4452 interrogant:
2974 4400 2992 4433 ι
3031 4381 3112 4436 Τιι
3152 4382 3317 4452 igitur
3337 4398 3396 4438 es
3431 4382 3603 4438 Filius

1979 4477 2122 4533 Dei?
2159 4495 2177 4527 ι
2220 4474 2422 4530 Verum
2463 4475 2578 4542 ipse
2611 4476 2793 4529 medio
2819 4474 3058 4544 quodam
3097 4477 3260 4529 modo
3297 4483 3350 4528 et
3389 4474 3604 4531 ironice

1980 4568 2274 4638 respondet
2309 4583 2324 4621 :
2368 4585 2384 4617 ι
2431 4563 2538 4622 Vos
2582 4565 2686 4621 hoc
2717 4566 2903 4622 dicitis
2928 4569 3072 4636 quod
3100 4581 3202 4633 ego
3239 4567 3364 4622 sim.
3413 4586 3432 4619 ›
3469 4565 3603 4621 Ete-

256 4667 372 4722 Καὶ
407 4666 516 4737 γὰρ
547 4664 874 4736 κατεφρόνει
922 4663 1023 4733 τῆς
1048 4661 1249 4731 λύττης
1294 4659 1499 4725 αὐτῶν,
1533 4659 1629 4712 καὶ
1661 4659 1870 4728 ἁπτοή-

1982 4665 2089 4717 nim
2132 4661 2471 4732 despiciebat
2516 4662 2789 4716 insaniam
2841 4676 3063 4727 eorum,
3111 4671 3166 4716 et
3213 4662 3487 4730 intrepide
3518 4661 3602 4717 eis

251 4776 367 4822 τως
416 4759 604 4821 αὐτοῖς
654 4756 950 4824 διελέγετο.
1015 4754 1388 4808 Ἐντεῦθενδέ
1443 4753 1636 4824 δῆλον,
1684 4753 1769 4804 ὅτι
1816 4753 1867 4805 οἱ

251 4852 509 4914 ἀπειθεῖς
559 4851 714 4906 οὐδὲν
765 4849 1108 4919 ὠφελοῦνται
1150 4849 1214 4901 ἐκ
1247 4848 1340 4900 τοῦ
1375 4845 1869 4900 ἀποκαλύπτεσθαι

254 4945 447 5008 αὐτοῖς
477 4945 546 5000 τὰ
585 4948 1001 5016 μυστικώτερα,
1033 4942 1174 4998 ἀλλὰ
1211 4941 1416 5012 μᾶλλ.ον
1470 4939 1644 4994 πλείω
1696 4937 1869 4992 κατά·-

259 5056 452 5111 κρισιν
506 5038 777 5108 δέχονται,
818 5038 911 5096 Διὸ
942 5037 1035 5090 καὶ
1082 5033 1542 5106 ἀποκρύπτεσθαι
1574 5032 1712 5103 πρὸς
1743 5031 1870 5095 τοὺς

256 5132 543 5196 τοιούτους
569 5133 651 5186 δεῖ
676 5151 688 5165 ο
716 5131 876 5185 τοῦτο
905 5132 1016 5204 γὰρ
1046 5131 1251 5204 μᾶλλον
1277 5127 1721 5200 φιλανθρωπίας.

853 5249 1109 5304 ΚΕΦΑΑ.
1151 5243 1276 5302 Kl".

254 5341 403 5412 Περὶ
441 5340 554 5410 τῆς
598 5341 929 5412 ἀπαγωγῆς
977 5341 1084 5395 τοῦ
1128 5339 1406 5408 Σωτῆρος
1441 5340 1595 5412 πρὸς
1626 5335 1734 5390 τὸν
1762 5340 1868 5412 Πιτ

327 5409 540 5470 λάτον.
569 5415 707 5482 Περὶ
739 5409 887 5481 ἀττιρί
919 5413 1185 5482 Ἡρώδου
1216 5411 1691 5478 ἐξουθενήσεως.
1727 5409 1867 5482 Περὶ

326 5483 453 5540 τῶν
486 5481 879 5554 κοπτομένων
909 5481 1239 5555 γυναικῶν.
1281 5485 1416 5553 Περὶ
1460 5483 1569 5550 τῆς
1597 5481 1868 5555 σταυρώ-

331 5573 488 5621 σεως
517 5556 626 5610 τοῦ
673 5552 955 5626 Χριστοῦ.
1015 5557 1157 5625 Περὶ
1199 5556 1307 5610 τοῦ
1361 5552 1866 5626 μετανοήσειν-τος

329 5627 592 5696 λῃστοῦ.
623 5625 766 5696 Περὶ
802 5627 910 5696 τῆς
957 5627 1061 5682 τοῦ
1103 5629 1366 5697 Χριστοῦ
1399 5625 1620 5697 ταφῆς.

335 5766 354 5798 ι
397 5745 508 5800 Καὶ
556 5746 801 5801 ἀναστὰν
851 5749 997 5802 ἅπαν
1046 5749 1107 5801 τὸ
1161 5748 1368 5817 πλῆθος
1415 5751 1621 5815 αὐτῶν,
1659 5752 1868 5821 ἤγαγον

256 5837 421 5888 ,ιύτὶν
481 5837 572 5890 ἐπὶ
625 5838 720 5890 τὸν
763 5838 1021 5893 Πιλᾶτον.
1081 5840 1358 5909 Ἤρξαντο
1410 5841 1468 5894 δὲ
1533 5852 1868 5919 κατηγορεῖν

326 5978 394 6009 ³¹⁶
436 5977 629 6033 Matth.
669 5994 742 6034 ιι.
821 5981 911 6012 ”“
948 5981 1138 6037 Matth.
1171 5998 1281 6036 XXI.
1361 5985 1407 6015 ’³
1437 5984 1582 6042 PSaI.
1627 6002 1738 6054 cxx,
1779 5989 1829 6045 l.

1974 4754 2323 4826 loquebatur.
2355 4753 2496 4809 Ilinc
2541 4765 2730 4808 autem
2766 4753 3119 4808 manifestum
3153 4763 3238 4809 est
3282 4755 3429 4823 quod
3475 4754 3598 4810 ino-

1974 4845 2266 4903 bedientes
2301 4847 2502 4901 nullam
2540 4847 2841 4901 utilitatem
2878 4848 3191 4916 percipiunt
3229 4863 3353 4901 cutn
3389 4847 3469 4902 eis
3506 4863 3597 4904 re-

1974 4937 2230 4992 velantur
2278 4939 2565 5010 mysteria,
2621 4938 2715 4992 sed
2765 4939 3032 5008 majorem
3083 4939 3600 4997 condemnationem

1975 5031 2278 5100 accipiunt.
2324 5031 2451 5086 Ideo
2500 5031 2610 5087 illis
2653 5032 2982 5086 occultanda
3035 5031 3208 5104 480
3258 5043 3409 5089 sunt.
3460 5031 3600 5089 Nam

1979 5123 2083 5176 hoc
2117 5123 2345 5192 majoris
2375 5133 2463 5178 est
2495 5122 2912 5178 misericordiae.

2547 5235 2783 5294 CAPUT
2830 5236 3023 5293 XXIII.

1981 5330 2260 5397 Quomodo
2290 5335 2482 5384 ductus
2513 5342 2590 5387 est
2621 5333 2692 5387 ad
2731 5332 2992 5387 Pilatum.
3031 5335 3104 5389 De
3139 5346 3435 5391 contempto
3466 5331 3600 5390 lem

2055 5408 2118 5456 ab
2172 5401 2405 5458 Herode.
2449 5405 2522 5458 De
2563 5404 2862 5475 lugentibus
2912 5407 3249 5461 mulieribus.
3299 5407 3374 5460 De
3420 5425 3596 5461 cruci-

2055 5474 2510 5598 ﬁaionﬁlﬂnritti.
2548 5474 2632 5530 oe
2659 5479 2870 5531 latrone
2903 5481 3260 5546 resipiaceme.
3312 5479 3388 5532 De
3419 5482 3568 5548 u'mtl

2055 5558 2174 5598 tura
2233 5582 2249 5598 ι
2276 5557 2439 5598 ιγιδιι.

2055 5558 2174 5600 tura
2215 5557 2439 5602 L'Imstt'.

2054 5756 2222 5812 Vens.
2253 5759 2368 5811 1-5.
2408 5777 2423 5810 ι
2457 5757 2525 5812 Et
2551 5773 2783 5828 surgens
2811 5757 3064 5813 universa
3090 5759 3382 5816 multitudo
3405 5776 3595 5818 eorum

1983 5851 2140 5906 duxit
2177 5850 2326 5904 illum
2363 5851 2429 5903 ad
2466 5848 2725 5905 Pilatum.
2756 5849 3059 5919 Coeperunt
3105 5861 3287 5907 autem
3325 5853 3470 5908 illum
3502 5869 3597 5910 ac-

1912 5991 1957 6022 “
1979 5988 2117 6046 Luc.
2161 6005 2281 6044 xm.
