4046 6560
216 435 351 501 1085

934 425 1390 488 ΕΝΑΒΠΑΤΙΟ
1431 426 1513 485 ΙΝ
1559 423 1826 485 ΕγΑΝος

1940 416 2063 480 .UM
2110 416 2347 478 LUC/ii.
2375 439 2442 451 -
2463 414 2625 476 CAP.
2658 410 2855 472 XXII.

3406 405 3546 472 1086

205 550 409 616 ἔλεγεν,
433 545 563 614 ἄχρι
589 543 686 611 τῆς
708 539 944 609 ἐσχάτης
969 537 1120 610 ὥρας
1157 537 1583 608 περικαιόμενος
1616 531 1804 586 αὑτοῦ.

1940 539 1968 579 τι
1991 527 2198 580 idcirco
2234 541 2338 576 non
2384 529 2710 590 prosecutus
2750 528 2831 572 est
2859 516 3134 578 comitiis,
3162 529 3339 584 neque
3364 515 3534 574 dixit.

203 640 292 694 Διὸ
328 640 422 691 καὶ
452 635 574 706 οξᾷδὲ
599 632 843 704 ὕϐρισεν,
875 629 996 682 οὐδὲ
1043 626 1199 682 εἶπεν
1222 647 1234 659 ·
1296 626 1659 696 Ἀπάνθρωπε
1712 626 1810 678 καὶ

205 731 678 802 ἀγνωμονέστατε,
735 724 874 789 ἀλλ’,
938 741 956 775 ι
995 723 1194 787 Ἰούδα,
1227 740 1245 772 ι
1310 719 1388 791 τῷ
1413 720 1590 790 κυρίῳ
1643 705 1810 772 αὐτοῦ

205 827 431 896 όνῦματι
460 817 898 888 ἀνακαλούμενος
932 817 1117 871 αὐτόν.
1137 817 1248 869 Καὶ
1277 814 1386 867 οὐδ’
1417 814 1484 868 ἂν
1514 812 1815 882 προσωνείς

204 919 374 979 δισεν,
407 916 457 967 εἰ
493 915 566 983 μὴ
590 913 681 965 καὶ
709 911 867 966 τοῦτο
903 913 982 973 εἰς
1017 908 1302 980 βελτίωσιν
1334 905 1504 960 αὑτοῦ
1536 901 1626 976 ἦν,
1652 905 1812 975 εἴπερ

206 1010 480 1065 ἰσούλετο.
522 1006 637 1059 ’Ίνα
662 1006 772 1075 γὰρ
806 1005 880 1076 μὴ
905 1005 1031 1076 δόξῃ
1060 1001 1266 1067 λαθεῖν,
1293 1001 1406 1054 ἀλλ’
1425 1000 1682 1067 ἐπιγνοὺς
1710 998 1812 1052 κᾶν

205 1103 327 1158 τότε
354 1102 468 1154 τὸν·
492 1100 796 1169 Δεσπότην,
817 1099 892 1160 ὼς
928 1097 1109 1149 πάντα
1142 1095 1344 1158 εἰδότα,
1380 1091 1693 1163 προσπέσῃ.
1719 1092 1816 1144 καὶ

210 1194 489 1266 μεταγνῷ.
522 1193 715 1246 τούτου
741 1193 929 1244 ἕνεκεν
955 1191 1050 1244 καὶ
1083 1190 1242 1243 τοῦτο
1269 1187 1520 1258 ἐποίησε,
1559 1187 1654 1239 καὶ
1676 1187 1817 1236 ὀνει-

205 1287 377 1348 δίζειν
413 1285 612 1348 ἔδοξεν.
649 1285 806 1356 ’ᾙδει
837 1282 936 1351 μὲν
993 1282 1102 1353 γάρ
1151 1280 1335 1342 αὑτὸν,
1371 1280 1454 1330 ὅτι
1486 1277 1816 1347 ἀδιόρθωτός

207 1378 378 1438 ἐστιν,
413 1373 530 1426 ἀλλ’
558 1369 652 1426 οὖν
702 1372 762 1424 τὸ
803 1370 998 1424 ἑαυτοῦ
1034 1370 1211 1423 ἐποίει
1233 1386 1248 1403 ·
1299 1369 1492 1437 ὥσπερ
1523 1367 1616 1420 οὖν
1663 1367 1757 1420 καὶ
1789 1368 1816 1419 ό

207 1463 406 1532 Πατὴρ
441 1462 609 1516 αὑτοῦ
644 1464 700 1514 ὲν
754 1464 823 1532 τῇ
858 1460 1072 1532 Παλαιᾷ
1119 1463 1302 1513 ποιεῖ·
1355 1460 1512 1522 εἰδὼς
1545 1459 1620 1530 μὴ
1649 1459 1819 1511 ἀκού-

209 1573 404 1616 συντας
436 1557 565 1619 τοὺς
602 1553 913 1624 Ἑϐραίους,
965 1555 1117 1624 ὅμως
1157 1553 1485 1607 ἀποστέλλει
1517 1553 1645 1615 τοὺς
1679 1568 1818 1620 προ-

208 1654 392 1722 φήτας
414 1667 427 1682 ·
461 1651 578 1722 ἅμα
610 1649 667 1703 δὲ
717 1651 814 1702 καὶ
869 1650 1018 1720 ἡμᾶς
1049 1648 1210 1702 τοῦτο
1240 1648 1375 1700 αὐτὸ
1404 1647 1699 1710 διδάσκων,
1731 1646 1819 1697 ἵνα

211 1746 290 1814 μὴ
323 1744 651 1815 έκκακῶμεν
669 1744 797 1807 τοὺς
831 1743 1130 1802 πταίοντας
1159 1742 1557 1810 διορθούμενοι.
1582 1737 1820 1808 Ζηλοῦσι

208 1837 267 1890 δὲ
295 1837 344 1890 οί
375 1835 637 1907 μαθηταὶ,
671 1835 767 1888 καὶ
827 1834 1111 1906 μαχαίρας
1138 1835 1530 1907 ἀνασύρονται.
1569 1833 1740 1886 Πόθεν
1763 1832 1820 1883 δὲ

1923 619 2088 692 477
2134 617 2177 673 Ο
2220 617 2520 672 inhumane
2550 623 2603 668 et
2671 610 3064 680 ingratissime,
3116 607 3234 671 sed,
3281 626 3298 658 ι
3329 605 3490 670 Juda,
3520 623 3539 656 ι

1930 715 2156 785 proprio
2210 728 2334 766 eum
2375 708 2598 761 nomine
2653 702 3042 773 compellans:
3099 715 3276 770 neque
3327 700 3548 771 gravius

1924 807 2085 863 simul
2127 805 2421 874 arguisset,
2462 800 2564 854 nisi
2597 810 2652 852 et
2693 800 2797 852 hoc
2851 797 2899 850 ei
2938 796 3202 849 cessisset
3236 795 3286 845 in
3328 791 3545 853 melius,

1923 901 1968 953 si
1998 897 2216 967 quidem
2258 895 2542 948 voluisset.
2577 890 2789 945 Etenim
2831 904 2896 941 ne
2940 897 3160 956 putaret
3190 901 3314 940 esse
3352 885 3543 938 occul-

1932 1002 2068 1052 tum,
2127 988 2223 1042 sed
2261 997 2453 1040 notum
2515 983 2770 1045 Domino,
2807 988 2862 1034 et
2907 977 2988 1031 vel
3026 985 3158 1030 tunc
3199 985 3328 1030 ante
3365 977 3550 1030 omnia

1926 1085 2191 1138 Scieutcut
2229 1077 2618 1150 procumberet
2680 1085 2735 1130 et
2787 1074 3102 1143 paeniteret,
3159 1072 3262 1126 hoc
3319 1070 3465 1131 fecit.
3499 1080 3556 1122 et

1928 1183 2079 1232 visus
2097 1187 2179 1231 cst
2210 1189 2334 1228 eum
2368 1170 2727 1226 cunfuudere.
2773 1167 3077 1229 Etseiebat
3116 1168 3336 1236 quidem
3391 1163 3552 1230 illum

1935 1269 2415 1329 inemendabilem,
2449 1265 2686 1320 faciebat
2729 1273 2911 1318 tamen
2943 1264 3162 1316 interim
3191 1261 3336 1330 quod
3366 1273 3554 1330 suum,

1927 1365 2389 1436 quemadmodum
2451 1370 2507 1415 et
2557 1360 2724 1415 Pater
2772 1358 2895 1427 ejus
2945 1356 2997 1410 in
3056 1353 3241 1410 Veteri
3286 1352 3556 1416 faciebat;

1935 1461 2121 1514 sciens
2161 1457 2308 1510 enim
2347 1453 2568 1509 Judmos
2615 1468 2724 1506 non
2779 1451 3090 1514 audituros,
3132 1445 3388 1502 mittebat
3430 1460 3557 1515 pro-

1929 1554 2148 1622 phetas.
2181 1549 2392 1603 Interea
2425 1557 2480 1603 et
2519 1562 2618 1601 nos
2658 1546 2803 1600 idem
2831 1547 3011 1608 docet,
3048 1552 3106 1596 ut
3143 1557 3210 1596 ne
3243 1538 3559 1595 correctori

1929 1647 2136 1715 lapsos,
2177 1643 2499 1698 deficiamus
2532 1651 2588 1695 et
2622 1639 2906 1694 laboribus
2945 1636 3232 1690 cedamus.
3269 1632 3442 1687 Porro
3475 1631 3561 1686 di-

1930 1740 2124 1810 stipuli
2155 1739 2274 1793 zelo
2309 1734 2628 1806 ﬂagrantes,
2657 1732 2822 1787 etiam
2843 1731 3060 1800 gladios
3087 1729 3360 1784 exitnuut.
3399 1725 3562 1780 Unde

1933 1845 2114 1886 autem
2178 1830 2300 1884 illos
2361 1825 2682 1884 habebant?
2727 1827 2947 1895 Agnum
3012 1821 3390 1884 immolaraut,
3440 1829 3495 1874 et
3530 1833 3561 1872 a

208 1929 418 1991 ταύτας
448 1923 592 1997 εἶχον
609 1945 635 1993 ;·
657 1927 730 1980 Τὸ
755 1927 940 1997 ἀρνίον
961 1925 1251 1990 θύσαντες,
1273 1928 1368 1980 καὶ
1405 1926 1513 1981 ἀπὸ
1543 1924 1825 1994 τραπέζης

1940 1937 2122 1977 mensa
2155 1921 2427 1975 exierant.
2453 1918 2523 1972 At
2562 1915 2814 1987 arguitur
2840 1913 3059 1978 Petrus,
3083 1911 3178 1982 qui
3207 1919 3406 1979 prmter
3438 1923 3563 1964 sco-

211 2019 615 2091 ἐξεληλυθότες,
652 2021 878 2083 εἰκότως
912 2019 1064 2088 εἶχον
1102 2020 1328 2083 ταύτας.
1372 2019 1732 2087 Ἐπιτιμᾶται
1765 2016 1821 2069 δὲ

217 2113 247 2164 ὁ
285 2111 489 2182 θερμὸς
531 2111 760 2181 Πέτρος,
795 2111 871 2171 ὡς
919 2110 1070 2180 παρά
1115 2113 1206 2164 τὸν
1241 2111 1448 2163 σκοπὸν
1480 2109 1575 2162 τοῦ
1613 2107 1822 2179 Κυρίου

211 2203 366 2274 ζήλῳ
400 2204 769 2272 χρησάμενος.
808 2203 869 2254 Oi
907 2201 1007 2271 μὲν
1034 2203 1143 2272 γὰρ
1173 2201 1323 2256 ἄλλοι
1356 2201 1637 2272 ἐρωτῶσιν
1658 2219 1670 2231 ·
1716 2218 1733 2250 ι
1760 2198 1823 2250 Εἰ

212 2293 572 2364 σι’-,ατάξομεν;
606 2294 773 2354 αὐτὸς
812 2293 868 2344 δὲ
918 2293 980 2346 οὐ
1018 2293 1308 2363 περιμένει
1346 2290 1702 2362 προτροπὴν·
1731 2285 1824 2340 οὓ-

211 2403 295 2440 τω
325 2385 605 2456 πανταχοῦ
642 2384 782 2448 ζέων
810 2381 878 2454 ἦν
901 2383 1042 2454 ὑπὲρ
1070 2383 1165 2436 τοῦ
1203 2381 1569 2437 Διδασκὰλου.
1606 2378 1821 2434 Πατὰσο

216 2496 306 2534 σει
337 2479 394 2531 δὲ
418 2477 510 2530 τὸν
537 2477 724 2530 δοῦλον
767 2477 861 2529 τοῦ
892 2476 1219 2548 ἀρχιερέως,
1273 2475 1367 2528 καὶ
1406 2475 1633 2543 ἀφαιρεῖ
1655 2469 1824 2526 αὑτοῦ

208 2569 278 2621 τὸ
306 2567 398 2632 οὖς
417 2567 479 2621 τὸ
508 2565 702 2633 δεξιόν.
743 2566 820 2619 Οὐ
856 2567 1097 2636 τυχαίως
1139 2565 1321 2633 τοῦτο,
1378 2565 1517 2618 ἀλλὰ
1552 2562 1825 2633 σύμϐολον

209 2659 276 2715 ὃν
298 2661 392 2714 τοῦ
420 2662 545 2723 τοὺς
575 2661 695 2713 τότε
723 2661 1002 2732 ἀρχιερεῖς
1028 2660 1277 2722 ἅπαντας
1297 2659 1522 2720 δούλους
1546 2656 1826 2726 γενέσθαι,

213 2757 318 2809 καὶ
349 2754 618 2806 ἀπολέσαι
639 2753 737 2825 τὴν
765 2752 947 2820 δεξιὰν
978 2755 1168 2819 ἀκοήν.
1217 2753 1280 2806 Εί
1305 2753 1412 2823 γὰρ
1457 2753 1656 2823 ἢκουον
1700 2752 1832 2805 Μω-

213 2847 389 2911 σέως,
443 2845 542 2898 οὐκ
577 2845 651 2904 ἂν
702 2844 796 2896 τὸν
831 2844 1038 2914 Κύριον
1082 2844 1181 2912 τῆς
1229 2843 1389 2912 δόξης
1441 2841 1826 2912 ἐσταύρωσαν.

223 2936 441 3009 Ἰησοῦς
470 2940 526 2992 δὲ
558 2940 621 2993 τὸ
678 2940 842 2994 ὠτίον
892 2937 1330 3008 ἀποκαθίστησι⁹
1364 2937 1568 3008 πρέπει
1595 2937 1706 3007 γὰρ
1761 2939 1828 3007 τῇ

217 3032 443 3103 μεγάλῃ
490 3032 584 3085 τοῦ
616 3033 789 3101 Λόγου
836 3031 1070 3098 δυνάμει
1106 3031 1166 3083 τὸ
1221 3030 1350 3091 τοὺς
1408 3027 1833 3099 παρακούοντας

212 3123 434 3186 ἰᾶσθαι,
463 3125 556 3177 καὶ
585 3123 939 3194 προστιθέναι
975 3123 1161 3185 αὐτοῖς
1189 3122 1350 3175 ὠτίον
1387 3123 1466 3184 είς
1495 3121 1556 3174 τὸ
1588 3120 1830 3174 ἀκούειν.

210 3215 655 3285 Θαυματουργεῖ
699 3215 883 3268 τοίνυν
915 3215 944 3267 ὁ
980 3215 1211 3282 Ἰησοῦς,
1244 3213 1335 3267 διὰ
1364 3213 1460 3265 τοῦ
1494 3213 1832 3282 φαινομένου

1930 2031 2061 2086 pum
2092 2015 2306 2070 Domini
2333 2014 2451 2069 zelo
2475 2028 2606 2067 usus
2638 2020 2806 2066 esset.
2835 2007 2943 2062 Alii
2963 2006 3166 2062 etenim
3193 2006 3562 2074 interrogant,

1946 2106 2134 2162 «Num
2197 2104 2610 2176 percutiemus?
2649 2122 2667 2155 ι
2712 2101 2832 2172 lpse
2893 2109 3077 2154 autem
3142 2113 3250 2151 non
3305 2102 3566 2163 expectat

1932 2211 2294 2275 prmceplum.
2330 2199 2407 2253 ita
2436 2213 2651 2268 semper
2686 2195 2935 2250 fervebat
2978 2207 3076 2264 pro
3111 2190 3395 2262 Magistro.
3432 2188 3563 2243 Per-

1940 2295 2080 2360 cutit
2115 2304 2300 2347 autem
2350 2306 2568 2346 servum
2613 2287 2914 2358 pontificis,
2957 2295 3013 2341 et
3066 2292 3318 2352 anlputat
3372 2295 3564 2336 aurem

1932 2387 2050 2456 ejus
2090 2387 2362 2440 dextram.
2398 2381 2583 2454 Neque
2616 2384 2720 2437 hoc
2749 2381 2980 2436 fortuito
3023 2377 3284 2448 contigit,
3324 2376 3419 2431 sed
3447 2374 3562 2446 sig-

1934 2496 2063 2536 num
2089 2480 2193 2546 hoc
2220 2487 2358 2545 erat,
2391 2477 2684 2533 Potitiuces
2705 2477 2796 2544 qui
2825 2488 2954 2530 tunc
2991 2484 3169 2538 erant,
3191 2487 3353 2526 omne
3373 2485 3401 2526 ε
3436 2479 3568 2526 utu-

1938 2586 2028 2624 ros
2062 2584 2278 2635 servos,
2313 2579 2369 2622 et
2393 2569 2703 2635 perdituros
2723 2565 3023 2620 auriculam
3044 2559 3438 2620 dextram.Etc
3453 2560 3565 2615 nim

1934 2664 1979 2718 si
2015 2660 2202 2716 Mosen
2271 2662 2631 2725 audivissent,
2685 2658 2974 2714 Dominum
3023 2659 3211 2730 gloriae
3272 2667 3568 2724 numquam

1935 2753 2360 2810 eritctﬂxissent.
2419 2750 2621 2807 Verum
2689 2751 2849 2807 Jesus
2903 2750 3207 2805 auriculam
3307 2747 3569 2803 restituit.

1939 2849 2106 2904 Decet
2143 2849 2291 2902 enim
2344 2848 2604 2901 virtutem
2650 2844 2813 2901 Verbi
2849 2860 3048 2899 sanare
3081 2841 3483 2905 inobcdieutes,
3518 2851 3575 2895 et

1948 2958 2232 3013 apponere
2281 2943 2362 2997 eis
2409 2941 2716 2996 auriculam
2755 2953 2812 2993 ut
2866 2940 3115 2995 audiant.
3178 2935 3343 2992 Jesus
3380 2937 3570 3004 itaque

1953 3035 2310 3090 nianifestnm
2356 3035 2682 3089 miraculum
2715 3032 2870 3099 facit,
2907 3045 2962 3087 et
3009 3031 3318 3086 auriculam
3345 3044 3573 3094 sanans,

1949 3129 2220 3183 miraculo
2251 3127 2574 3199 patientiam
2610 3126 2768 3182 'suam
2800 3128 3131 3193 ostendens,
3167 3135 3223 3180 et
3253 3138 3349 3194 per
3401 3122 3576 3176 mira-

1942 3223 2124 3277 culum
2178 3223 2446 3277 inducens
2490 3236 2588 3277 eos
2629 3232 2686 3275 ut
2727 3221 2796 3273 ab
2829 3221 3042 3274 insania
3077 3219 3374 3273 absismut.
3435 3214 3576 3274 Dicit

209 3308 420 3362 τούτου
455 3308 550 3360 ἐπὶ
573 3307 649 3378 τῷ
677 3307 825 3377 ὠτίῳ
847 3306 1125 3377 θαύματος
1153 3305 1252 3376 τὴν
1282 3303 1639 3371 ἀνεξικακίαν
1662 3301 1826 3356 αὑτοῦ

1942 3326 2125 3370 autem
2159 3315 2225 3368 ad
2254 3316 2531 3383 principes
2586 3314 2963 3379 sacerdotum,
3003 3320 3058 3365 et
3088 3312 3156 3365 ad
3217 3310 3577 3380 magistratus

208 3401 514 3465 δεικνύων,
540 3403 634 3454 καὶ
663 3401 752 3454 διὰ
781 3399 914 3468 γοῦν
940 3398 1034 3452 τοῦ
1069 3397 1352 3468 θαύματος
1391 3397 1605 3463 ένὰγων
1632 3395 1833 3457 αὐτοὺς

207 3498 302 3558 εἰς
331 3495 395 3546 τὸ
427 3493 853 3564 ἀπέχεσθαιτῆς
911 3492 1131 3561 μανίας.
1190 3490 1355 3558 Λέγει
1406 3489 1462 3542 δὲ
1513 3488 1650 3558 πρὸς
1707 3489 1834 3552 τοὺς

205 3590 510 3661 ἀρχιερεῖς
547 3587 642 3640 καὶ
694 3586 1042 3656 στρατηγοὺς
1071 3584 1164 3637 τοῦ
1209 3583 1380 3655 ἱεροῦ,
1411 3585 1682 3650 τουτέστι,
1706 3583 1835 3646 τοὺς

205 3681 536 3746 ταξεώτας,
585 3683 711 3744 τοὺς
739 3681 835 3734 ἐπὶ
864 3679 943 3748 τῷ
973 3681 1265 3732 ἐκτάσσειν
1317 3679 1692 3749 τεταγμένους
1739 3679 1840 3742 τὰς

207 3773 517 3845 ἱερατικὰς
548 3774 899 3843 ἀπαιτήσεις,
927 3771 959 3839 ἢ
999 3772 1089 3824 καὶ
1119 3773 1242 3834 τοὺς
1276 3771 1747 3840 πεπιστευμένους
1772 3770 1842 3824 τὰ

203 3868 324 3936 τῆς
355 3865 723 3935 ἐποικοδομῇ
751 3865 845 3918 τοῦ
865 3865 1013 3934 ἱεροῦ
1029 3866 1121 3917 καὶ
1149 3863 1610 3934 ὲπισκευῆςέργα
1633 3880 1840 3934 στρατ-

203 3959 400 4030 ηγοὺς
437 3958 715 4029 ὀνομάζει.
757 3959 927 4030 Φησ“ιν
957 3957 1049 4010 οὖν
1082 3958 1221 4028 πρὸς
1279 3953 1845 4029 τούτους·⁶Καθημέ-

205 4068 329 4122 ραν
371 4052 430 4103 ὲν
479 4052 557 4120 τῷ
594 4051 726 4121 ἱερῷ
777 4051 1078 4116 ἐδίδασκον,
1117 4050 1212 4104 καὶ
1269 4051 1371 4105 οὐκ
1421 4051 1734 4122 ἠθελήσατέ
1777 4070 1845 4124 με

204 4162 265 4198 σι
303 4144 550 4206 ἱλαὸεῖν,
577 4148 670 4198 καὶ
703 4145 798 4197 νύν
821 4145 1136 4216 λῃστρικῶς
1169 4145 1460 4216 ἐπήλθετε.
1501 4146 1644 4199 Ἀλλ’
1673 4147 1846 4211 ὅντως

1946 3407 2156 3476 templi.
2210 3405 2522 3479 Στρατηγοὶ
2558 3420 2614 3460 et
2650 3405 2839 3460 aediles
2887 3402 3253 3468 dicebantur,
3301 3403 3394 3472 qui
3442 3415 3576 3455 con-

1943 3499 2120 3554 stituti
2170 3512 2328 3554 erant
2367 3505 2433 3553 aut
2463 3499 2801 3568 exquirenda
2833 3513 2897 3553 ea
2928 3512 3049 3567 quae
3081 3496 3148 3549 ad
3184 3493 3376 3564 templi
3409 3508 3570 3549 usum

1946 3595 2330 3662 exigebantur,
2367 3593 2448 3647 vel
2478 3593 2570 3663 qui
2610 3591 2857 3661 praefecti
2895 3599 3055 3644 erant
3091 3587 3327 3643 azdiﬂcio
3358 3596 3412 3640 et
3445 3601 3578 3640 con-

1949 3686 2244 3741 structioni
2269 3685 2476 3755 letnpli.
2509 3686 2588 3738 Ad
2626 3685 2725 3738 ltos
2760 3684 2928 3753 igitur
2961 3681 3094 3737 dicit
3130 3700 3143 3736 :
3191 3679 3448 3747 Quotidie
3481 3678 3579 3732 d0-

1950 3776 2140 3833 cebam
2181 3775 2236 3829 in
2292 3776 2516 3845 templo,
2554 3784 2610 3829 et
2651 3773 2905 3829 noluistis
2943 3790 3029 3829 me
3071 3771 3574 3843 comprehendere,

1953 3879 2005 3925 ct
2055 3884 2202 3921 nunc
2236 3868 2395 3940 quasi
2429 3868 2674 3924 latrones
2709 3869 2970 3923 invaditis
2997 3887 3010 3924 :
3036 3869 3132 3922 sed
3170 3881 3359 3922 revera
3397 3861 3578 3917 noctis

1955 3962 2240 4018 attentatis
2263 3978 2456 4033 opera,
2489 3973 2543 4016 et
2573 3973 2822 4032 potestas
2858 3971 3039 4016 vestra
3076 3961 3436 4016 tenebrarum
3456 3965 3574 4010 est:

1958 4065 2126 4126 atque
2160 4057 2369 4112 idcirco
2413 4058 2554 4111 hanc
2579 4061 2771 4112 horam
2798 4055 3134 4121 observatis,
3165 4069 3288 4124 qua:
3314 4049 3576 4107 convenit

1960 4151 2118 4206 vobis
2159 4165 2215 4204 et
2248 4152 2427 4221 operi,
2464 4168 2575 4221 quo
2604 4168 2692 4205 me
2729 4151 3006 4205 invaditis.

199 4240 435 4300 νυκτὸς
482 4239 666 4307 ἔργοις
697 4241 1055 4312 ἐπιχειρεῖτε.
1115 4241 1209 4294 καὶ
1239 4242 1272 4309 ἡ
1305 4239 1525 4306 ἐξουσία
1562 4239 1720 4310 ὑμῶν
1752 4240 1847 4294 τοῦ
1890 4245 2119 4309 σκότους
2184 4245 2302 4297 ὲστί
2325 4261 2337 4273 '
2375 4246 2470 4298 καὶ
2492 4243 2581 4297 διὰ
2607 4244 2763 4296 τοῦτο
2797 4243 3062 4314 τοιαύτην
3117 4240 3269 4309 ὥραν
3299 4240 3582 4312 ὲπετηρὴ-

201 4353 364 4392 σατε
394 4335 606 4388 οἰκείαν
635 4334 786 4404 ὑμῖν,
829 4337 922 4388 καὶ
953 4335 1028 4401 τῷ
1105 4351 1216 4404 ογῳ
1245 4327 1288 4402 ᾧ
1319 4332 1711 4396 έπεὸἀλλεσθε,

294 4449 317 4480 ¢
356 4426 730 4490 Συλλαϐόντες
765 4427 822 4480 δὲ
848 4427 1012 4480 αὑτὸν
1048 4448 1052 4455 ’
1101 4444 1277 4494 ,ἀγον,
1314 4427 1408 4479 καὶ
1438 4428 1737 4498 εἰσήγαγον
1767 4429 1847 4492 είς

194 4526 320 4594 τὴν
362 4522 552 4576 οἰκίαν
581 4521 683 4574 ’τοῦ¹
712 4523 1036 4593 ἀρχιερέως.
1103 4525 1144 4575 Ο
1194 4523 1252 4575 δὲ
1299 4522 1509 4592 Πέτρος
1556 4521 1848 4592 ἠκολούθει

2030 4424 2198 4481 Vsus.
2240 4425 2409 4481 54-62
2463 4445 2481 4476 ι
2514 4424 2988 4495 Compreltensum
3027 4431 3212 4479 autem
3242 4439 3368 4478 eum
3405 4425 3579 4480 duxe-

1963 4531 2110 4588 runt,
2134 4533 2189 4577 et
2226 4522 2565 4578 induxerunt
2597 4521 2892 4576 indomnm
2917 4520 3182 4591 principis
3207 4519 3581 4575 sacerdowm.

199 4614 542 4691 μακρόθεν.
579 4615 860 4682 ’Λψὰντων
893 4614 948 4667 δὲ
982 4613 1094 4685 πῦρ
1127 4617 1184 4668 ὲν
1223 4615 1377 4685 μέσῳ
1409 4615 1510 4684 τῆς
1539 4615 1826 4685 αὑλῆς,κα“

1955 4616 2148 4672 Petrus
2174 4630 2304 4670 vero
2326 4615 2657 4686 sequebatur
2685 4618 2928 4670 eminus.
2977 4613 3118 4668 Cum
3151 4625 3338 4669 autem
3380 4628 3584 4670 accen-

194 4704 694 4776 συγκαθισάντων
745 4704 950 4770 αὐτῶν,
1007 4705 1245 4776 ἐκάθητο
1295 4709 1324 4758 ό
1361 4706 1568 4777 Πέτρος
1603 4709 1661 4759 ἐν
1698 4707 1826 4776 μέση

1965 4711 2176 4764 dissent
2209 4709 2395 4778 ignem
2428 4710 2480 4762 in
2516 4708 2698 4764 medio
2737 4709 2904 4771 aulze,
2939 4717 3108 4776 atque
3142 4723 3250 4762 una
3286 4708 3581 4763 consedis-

191 4799 441 4858 αὐτῶν.
499 4797 707 4851 ’ἰδοῦσα
741 4798 799 4850 δὲ
855 4797 1021 4850 αὑτὸν
1077 4798 1342 4866 παιδίσκη
1393 4815 1478 4860 τις
1535 4799 1826 4870 καθήμενο

1964 4811 2108 4860 seut.
2140 4799 2282 4854 sedit
2309 4809 2366 4854 et
2394 4798 2592 4853 Petrus
2620 4801 2760 4855 inter
2789 4799 2935 4854 illos.
2975 4798 3151 4865 Quem
3192 4814 3318 4854 cum
3354 4800 3589 4856 vidisset

189 4895 362 4966 πρὸς
405 4890 472 4943 τὸ
504 4889 642 4957 φῶς,
714 4889 814 4943 κα)Ι
844 4890 1153 4943 ἀτενίσασα
1202 4888 1377 4960 αὐτῷ,
1412 4885 1569 4943 εἷπε’
1614 4891 1726 4944 Καὶ
1758 4882 1820 4944 οὗ

1963 4892 2158 4946 ancilla
2184 4895 2431 4963 quaedam
2467 4895 2750 4948 sedentem
2789 4893 2858 4948 ad
2890 4893 3096 4958 lumen,
3125 4892 3320 4948 deﬁxis
3346 4893 3398 4947 in
3431 4892 3586 4948 illum

185 5005 305 5051 τος
346 4985 464 5038 σὺν
503 4983 654 5053 αύτῷ
695 4978 782 5053 ἦν.
831 4981 890 5035 Ὀ
945 4982 1002 5035 δὲ
1059 4983 1346 5052 ἠρνήσατο
1406 4984 1572 5036 αὑτὸν
1625 4983 1808 5052 λέγων

1963 4986 2164 5051 oculis,
2208 4986 2349 5041 dixit
2387 5005 2399 5040 :
2431 4987 2499 5041 Et
2526 4988 2611 5041 hic
2635 5003 2758 5042 cum
2782 4987 2874 5042 illo
2903 4996 3041 5043 erat.
3072 4990 3142 5041 At
3171 4987 3262 5041 ille
3291 4986 3589 5057 abnegavit

184 5083 427 5145 Γύναι,
470 5078 572 5130 οὐκ
612 5073 730 5130 οἴδα
755 5077 938 5129 αὐτόν.
967 5076 1074 5129 Καὶ
1113 5077 1252 5147 μετὰ
1275 5077 1452 5147 βραχὺ
1485 5078 1676 5146 ἕτερος
1720 5076 1826 5130 ἰδὼε

1963 5093 2113 5142 enin,
2148 5079 2340 5133 dicens
2374 5097 2386 5133 :
2421 5077 2634 5145 Mulier,
2671 5095 2778 5134 non
2806 5079 2933 5133 novi
2964 5078 3142 5132 illum.
3170 5077 3238 5132 Et
3261 5087 3382 5148 post
3411 5079 3590 5149 pusil-

183 5174 395 5233 αὐτὸν
440 5169 576 5239 ἔφη·
617 5170 729 5222 Καὶ
756 5169 820 5222 σὺ
847 5167 906 5232 ἐξ
924 5167 1106 5221 αὐτῶν
1135 5163 1204 5219 εἶ.
1249 5168 1307 5221 '0
1335 5170 1392 5221 δὲ
1421 5169 1628 5240 Πέτρος
1658 5167 1816 5223 εἶπεν

1966 5171 2078 5226 lum
2115 5172 2257 5226 alius
2290 5173 2486 5229 videns
2521 5190 2644 5228 eum
2671 5175 2828 5240 dixit,
2862 5173 2930 5228 Et
2955 5186 3008 5228 tu
3041 5177 3109 5229 de
3141 5174 3248 5229 illis
3275 5189 3355 5229 es.
3385 5172 3588 5229 Petrus

188 5262 676 5333 Ἀνθρωπε,ζούκ
703 5261 840 5330 είμί.
871 5260 980 5313 Καὶ
1009 5260 1309 5332 διαστάσης
1336 5261 1470 5314 ὡσεὶ
1504 5263 1660 5334 ὧρας
1696 5266 1826 5334 μιᾶς

1967 5282 2099 5320 vero
2132 5267 2207 5320 ait
2243 5285 2254 5320 :
2298 5266 2499 5326 Homo.
2546 5283 2652 5320 non
2686 5283 2832 5323 sum.
2868 5268 2934 5323 Et
2967 5268 3260 5322 intervallo
3291 5265 3582 5337 interiecto

178 5365 389 5423 ἄλλος
429 5373 516 5418 τις
545 5353 914 5424 διισχυρίζετο
941 5353 1118 5421 λέγων
1145 5371 1158 5383 ·
1180 5355 1299 5408 Ἐπ’
1321 5354 1604 5426 ἀληθείας,
1638 5361 1731 5411 καὶ
1763 5353 1823 5410 οὗ

1965 5358 2078 5414 fere
2104 5359 2254 5416 liora:
2281 5361 2464 5426 unius,
2506 5361 2647 5416 alius
2697 5363 2921 5432 quidam
2962 5362 3291 5427 affirmabat,
3339 5361 3576 5416 dicens:

178 5479 300 5525 τος
348 5454 493 5528 μετ’
535 5451 702 5504 αὐτοῦ
735 5446 834 5521 ἦν’
872 5452 969 5503 καὶ¹
1015 5451 1126 5522 γὰρ
1161 5451 1445 5516 Γαλιλαῖός
1508 5454 1679 5507 ἐστιν.
1715 5449 1824 5507 Εἴπ

1965 5450 2105 5506 Vere
2136 5464 2190 5507 et
2223 5456 2310 5511 hic
2338 5471 2465 5510 cum
2513 5455 2604 5510 illo
2639 5465 2778 5518 erat,
2815 5473 2939 5509 nam
2978 5466 3033 5511 et
3065 5455 3324 5510 Galilmus
3366 5466 3470 5509 est.
3505 5453 3574 5507 Et

176 5561 251 5616 δὲ
289 5558 326 5609 ὁ
366 5547 595 5615 Πέτρος
618 5562 632 5577 ο
671 5545 986 5614 Ἄνθρωπε,
1021 5545 1120 5598 ούκ
1149 5540 1269 5600 οἶδα
1305 5547 1333 5600 ὃ
1364 5548 1568 5615 λέγεις.
1599 5551 1710 5602 Καὶ
1746 5568 1823 5603 πα

1963 5546 2039 5600 ait
2071 5545 2266 5604 Petrus
2307 5568 2318 5602 :
2361 5549 2554 5614 llomo,
2606 5552 2794 5605 nescio
2827 5551 2954 5618 quid
2999 5551 3170 5602 dicas.
3207 5548 3273 5602 Et
3319 5547 3584 5603 continuo

180 5650 412 5730 ραχρῆ
427 5661 509 5714 μα
538 5642 618 5695 ἔτι
652 5642 941 5705 λαλοῦντος
977 5642 1168 5708 αὐτοῦ,
1197 5643 1481 5714 ἐφώνησεν
1508 5649 1534 5698 ό
1575 5647 1826 5718 ἀλέκτωρ

1963 5640 2149 5699 adhuc
2198 5644 2291 5698 illo
2345 5644 2602 5713 loquente
2658 5645 2863 5697 cecinit
2923 5644 3116 5711 gallus.
3164 5642 3230 5695 Et
3282 5656 3586 5696 conversus

176 5747 322 5806 Καὶ
353 5756 435 5793 στ
449 5738 648 5808 ραφεὶς
675 5736 702 5786 ό
734 5735 941 5805 Κύριος
973 5735 1232 5805 ἐνέϐλεψε
1259 5736 1335 5807 τῷ
1367 5737 1584 5809 Πέτρῳ,
1623 5740 1718 5791 καὶ
1745 5741 1819 5791 ὑπ

1970 5741 2232 5795 Dominus
2281 5737 2514 5793 intuitus
2546 5747 2630 5793 est
2657 5736 2904 5800 Petrum,
2957 5736 3127 5808 (‘78
3175 5747 3231 5791 et
3268 5733 3588 5790 ritcordatus

174 5830 493 5913 εμνήσοη
527 5831 553 5880 6
589 5828 798 5898 Πέτρος
842 5828 936 5881 τοῦ
968 5828 1128 5896 λόγου
1158 5828 1250 5879 τοῦ
1283 5831 1510 5899 Κυρίου,
1568 5830 1644 5893 ὡς
1695 5830 1818 5886 εἷπε

1962 5847 2046 5890 est
2108 5834 2302 5888 Petrus
2365 5833 2516 5887 verbi
2562 5832 2817 5897 Domini,
2874 5835 3150 5901 quomolo
3191 5830 3409 5886 dixerat
3454 5827 3581 5897 ipsi.

174 5931 393 6003 έῦττῖν,
442 5926 523 5977 ὅτι
564 5923 699 5991 Πρὶν
746 5922 1011 5991 ἀλέκτορα
1051 5922 1319 5992 ςιινῆσαι,
1361 5925 1575 5995 ἀρνήσῃ
1611 5927 1826 5994 μῖ,τρί.τ

1966 5927 2294 5995 Priusquam
2360 5925 2534 5995 gallus
2588 5925 2875 5989 cecinerit,
2941 5937 3142 5980 terme
3211 5922 3458 5993 negabis.
3522 5916 3587 5975 Et
