4046 6538
254 446 389 512 1(83

947 440 1403 504 ENARRATEO
1438 439 1519 499 IN
1559 439 1861 499 EI'ANGE

1972 439 2070 499 ΗΜ
2111 437 2354 499 LUC/E.
2388 465 2452 473 -
2483 438 2647 500 CAP.
2691 438 2920 503 XXIII.

3447 441 3593 514 1090

247 569 273 619 ὁ
300 561 427 625 Tib;
458 556 556 612 τοῦ
594 556 731 611 Θεοῦ
763 573 776 620 ς
840 559 880 608 U
918 554 974 608 δὲ
1003 554 1160 625 οπρδς
1209 553 1408 614 αὐτοὺς
1460 552 1566 622 ἔφη
1590 569 1602 582 ο
1671 552 1861 622 Ὑμεῖς

1972 567 2103 618 ergo
2133 562 2195 604 es
2229 547 2405 604 Filius
2443 547 2585 602 Dei?
2635 549 2738 617 Qui
2779 552 2856 612 ait
2901 569 2915 605 :
2957 550 3298 610 Vos'dicitis
3333 569 3423 610 me
3449 574 3597 616 esse.

249 660 436 726 λέγετε
473 655 557 708 ὅτι
593 651 703 720 ἐγώ
738 651 880 721 είμι.
937 649 1001 702 Ol
1034 648 1091 700 δὲ
1147 645 1337 700 εἷπον)
1397 646 1465 697 Τί
1525 644 1612 698 ἔτι
1669 644 1862 714 χρείαν

250 753 449 822 ἔχομεν
499 745 849 819 μαρτυρίαςς
900 742 1059 795 αὐτοὶ
1108 732 1218 809 γάρ
1271 741 1595 812 ἠκούσαμεν
1654 741 1718 792 ἐκ
1767 738 1863 792 τοῦ

252 846 518 916 στόματος
577 838 767 893 αὐτοῦ.
811 857 828 888 ι
879 835 1170 906 ’Υόρισταί
1212 851 1363 897 τινες
1416 837 1512 888 καί
1565 833 1862 887 ἀκόλαστοι

246 937 390 1010 ἦσαν
413 939 462 992 οί
490 934 669 990 ταῦτα
699 932 1002 999 ἐπάγοντες
1039 929 1120 999 τῷ
1187 926 1388 998 Ἰησοῦ.
1427 928 1581 995 Ἀμα
1627 927 1740 996 γάρ
1782 943 1864 978 τοι

251 1033 359 1084 ἔδει
399 1030 495 1084 καὶ
522 1028 614 1080 τὸν
645 1024 898 1080 διάϐολον
928 1023 1062 1093 μηδέ
1100 1021 1160 1074 ἓν
1184 1015 1326 1084 εἶδος
1361 1021 1562 1082 κακίας
1593 1019 1860 1077 ἐλλιπεῖν,

247 1124 387 1178 ἀλλὰ
419 1122 600 1174 πάντα
630 1135 872 1172 κενωσαι
896 1129 912 1148 ⁸
942 1115 1029 1168 ἵνα
1060 1113 1149 1168 διὰ
1186 1115 1409 1167 πάντων
1441 1117 1473 1182 ἡ
1510 1113 1673 1181 φύσις
1703 1111 1862 1182 ἡμῶν

250 1215 383 1284 ἁγία
414 1213 730 1284 εὑρεθεῖσα,
769 1211 972 1282 νικήσῃ
1003 1207 1097 1260 καὶ
1126 1204 1452 1278 καταρῤάξη
1483 1204 1669 1258 αὐτόν.
1704 1202 1862 1256 Ἐπεὶ

247 1311 359 1379 γὰρ
394 1307 484 1362 διὰ
519 1305 682 1360 τοῦτο
726 1303 957 1358 ἀνέλαϐε
1000 1301 1100 1370 τὴν
1155 1298 1321 1367 φύσιν
1354 1298 1516 1369 ήμῶν
1565 1299 1592 1349 ό
1629 1293 1862 1365 Κύριος.

253 1404 340 1457 ῖνα
370 1400 632 1474 τρανώσῃ
682 1398 860 1466 αὐτὴν
914 1394 1056 1464 πρὸς
1115 1398 1298 1453 πασας
1356 1392 1455 1454 τὰς
1486 1389 1578 1443 τοῦ
1611 1389 1861 1442 διαϐόλου

251 1497 524 1567 μηχανὰς.
560 1495 656 1546 καὶ
695 1491 844 1560 δείξῃ
875 1491 960 1542 ὅτι
998 1489 1093 1541 καὶ
1150 1487 1208 1552 ἐξ
1240 1485 1437 1556 ἀρχῆς,
1497 1487 1544 1537 εἰ
1582 1484 1784 1550 ἕνηφεν
1833 1483 1861 1534 ὀ

260 1591 455 1661 Ἀδὰμ,
485 1590 587 1642 οὐκ
621 1588 688 1640 ἂν
720 1584 928 1656 ἡττήθη
953 1599 965 1614 ⁸
1003 1582 1090 1635 διὰ
1114 1581 1274 1634 τοῦτο
1305 1580 1498 1633 πασῶν
1530 1580 1639 1631 τῶν
1672 1577 1862 1631 εἱδεῶν

251 1688 354 1758 τῆς
395 1685 490 1738 τοῦ
543 1682 802 1740 διαϐόλου
847 1678 1050 1740 κακίας
1087 1677 1174 1728 ἐπ’
1214 1675 1380 1728 αὑτὸν
1430 1675 1731 1745 χεομένων,
1764 1672 1862 1724 ἀν-

251 1782 439 1851 έχεται
462 1795 476 1809 °
507 1779 572 1830 ἵν’
599 1777 646 1828 οί
678 1775 816 1843 μετὰ
841 1771 1014 1825 ταῦτα
1045 1769 1364 1840 θαρρῶμεν,
1396 1768 1470 1830 ὡς
1508 1769 1607 1835 τῆς
1644 1766 1862 1835 φύσεως

245 1879 408 1950 ἡμῶν
456 1877 515 1928 ἐν
557 1871 783 1944 Χριστῷ
840 1870 1173 1940 νικησάσης,
1222 1867 1317 1920 καὶ
1362 1867 1436 1936 μὴ
1467 1866 1604 1935 πρός
1651 1882 1703 1917 τι
1749 1863 1861 1915 τῶν

246 1966 554 2022 δοκούντων
583 1963 924 2034 ὑϐριστικῶν
964 1961 997 2032 ἦ
1042 1960 1285 2030 ἀνιαρῶν
1314 1956 1738 2025 ἀποδειλιῶμεν.
1772 1955 1864 2006 Διὸ

249 2063 344 2116 καὶ
376 2059 660 2124 παίζεται,
689 2057 785 2111 καὶ
819 2056 1042 2109 παίεται
1070 2071 1082 2084 ·
1115 2054 1211 2108 καὶ
1241 2055 1268 2106 ό
1297 2052 1408 2105 τῶν
1444 2049 1744 2122 προφητῶν
1767 2051 1864 2102 Δε-

249 2156 480 2224 σπότης,
537 2154 612 2216 ὡς
671 2151 1136 2220 ψευδοπροφήτης
1188 2146 1536 2219 χλευάζεται.
1592 2145 1667 2198 Τὸ
1728 2145 1860 2215 γὰρ,

253 2267 271 2297 ι
305 2246 698 2317 Προφήτευσον
751 2247 906 2313 ἡμῖν,
937 2243 1020 2306 τίς
1069 2243 1220 2294 ἐστιν
1268 2243 1295 2293 δ
1338 2241 1543 2301 παίσας
1601 2255 1682 2297 σε.
1728 2257 1745 2288 ι
1784 2239 1865 2298 εἰς

246 2341 407 2394 τοῦτο
461 2342 618 2410 φέρει
648 2379 662 2402 ,
712 2335 1091 2412 χλευαζόντων
1129 2334 1295 2388 αὑτὸν
1353 2333 1428 2395 ὡς
1469 2333 1709 2395 πλανον,
1768 2330 1864 2382 καὶ

246 2431 594 2502 προφητείαν
652 2427 833 2498 ἑαυτῷ
868 2427 1266 2496 περιάπτοντα.
1307 2444 1324 2476 ι
1365 2423 1478 2478 Καὶ
1518 2421 1594 2484 ὡς
1640 2420 1865 2488 ἐγένετο

246 2527 434 2597 ἡμέρα
465 2542 478 2556 ’
528 2544 542 2575 ι
586 2523 653 2576 τὰ
684 2524 795 2594 γὰρ
827 2520 940 2574 τῶν
978 2519 1318 2591 ἐμπαιγμῶν
1348 2518 1546 2580 νυκτὸς
1577 2515 1862 2584 ἐϐλασφη-

250 2622 409 2689 μεῖτο
445 2619 597 2688 παρὰ
628 2617 740 2669 τῶν
778 2615 1092 2684 μεθυόντων
1131 2610 1462 2681 ὑπηρετῶνο
1505 2611 1566 2662 τὸ
1611 2609 1666 2661 δέ
1722 2625 1862 2677 πρε-

249 2712 542 2780 σϐυτέριον
571 2711 663 2762 καὶ
692 2709 1050 2779 ἐντιμότερον
1088 2707 1254 2776 μέρος
1285 2704 1589 2776 ἐρωτῶσιν,
1624 2704 1673 2755 εἰ
1699 2703 1864 2766 αὑτός

247 2810 400 2860 ἐστιν
440 2806 754 2876 δΧριστός.
819 2802 879 2855 Ὀ
922 2801 979 2853 is
1011 2800 1167 2862 εἰδὼς
1209 2798 1311 2862 τὰς
1366 2797 1606 2860 διανοίας
1658 2797 1863 2862 αὐτῶν,

247 2899 347 2953 καὶ
379 2898 462 2951 ὅτι
499 2898 547 2949 εί
587 2899 702 2959 τοῖς
747 2896 932 2966 ἔργοις
979 2894 1080 2946 οὑκ
1126 2893 1464 2945 ἐπίστευσαν
1507 2893 1621 2954 τοῖς
1659 2890 1864 2962 μᾶλλον

247 2990 464 3045 πείθειν
489 2989 839 3060 δυναμένοις.
880 2985 998 3049 πῶς
1047 2987 1162 3048 τοῖς
1199 2983 1384 3051 λόγοις
1432 2983 1862 3048 πιστεύσουσιν;

254 3106 273 3138 ι
329 3086 461 3138 Ἐὰν
490 3085 621 3154 ὑμῖν
657 3081 821 3146 εἴπω,
860 3082 1054 3150 φησὶν,
1099 3080 1160 3131 ού
1203 3079 1279 3148 μὴ
1330 3075 1689 3146 πιστεύσητε.
1731 3094 1750 3126 ι
1802 3075 1864 3128 El

246 3180 360 3250 γὰρ
397 3176 719 3231 ἐπιστεύετε
760 3174 943 3243 λόγοις
985 3173 1163 3242 ἐμοῖς,
1198 3170 1283 3231 τίς
1332 3169 1493 3240 χρεία
1526 3164 1596 3240 ἦν
1636 3168 1732 3221 τοῦ
1769 3167 1864 3220 νῦν

248 3273 538 3344 συνεδρίου
569 3287 584 3337 ;
613 3289 629 3321 t
667 3269 776 3322 Καὶ
812 3269 904 3321 ἐὰν
936 3268 1225 3337 ἐρωτήσω,
1249 3264 1309 3318 ού
1347 3263 1423 3334 μὴ
1448 3261 1815 3335 ἀποκριθῆτε.
1841 3280 1858 3312 ι

248 3364 523 3426 Πολλάκις
564 3362 674 3432 γὰρ
727 3357 1123 3430 ἐρωτηθέντες,
1170 3353 1602 3424 ἁπεσιώπησαν,
1649 3352 1726 3415 ὼς
1767 3353 1862 3404 ἐπὶ

247 3459 343 3512 τοῦ
379 3455 759 3528 βαπτίσματος
803 3451 1075 3514 Ἰωάννου,
1111 3449 1206 3502 καὶ
1259 3448 1376 3509 τοῦ,
1417 3467 1434 3498 ι
1474 3443 1641 3500 Εἶπεν
1679 3449 1705 3500 ὁ
1748 3444 1863 3498 Κύ-

248 3568 369 3622 ριος
389 3541 480 3620 θεῷ
527 3548 719 3620 Κυρίῳ
771 3564 897 3617 μου,
944 3565 962 3597 ι
1007 3543 1104 3598 καὶ
1142 3544 1236 3595 ἐπὶ
1275 3543 1373 3613 τῆς
1409 3539 1860 3608 συγκυπτούσης.

249 3643 364 3697 Ποῦ
386 3642 481 3697 οὖν
513 3641 872 3704 ἀκούσαντες,
906 3637 1316 3702 interuisere;
1352 3633 1484 3688 πότε
1543 3633 1598 3686 δὲ
1638 3631 1864 3702 ἐρωτώ-

248 3755 430 3812 μενοι,
482 3737 583 3790 οὐκ
615 3735 970 3804 ἐσιωπήσατε
1000 3750 1014 3794 ;
1051 3732 1149 3785 Διὰ
1190 3729 1349 3783 τοῦτο
1382 3729 1544 3796 μόνον
1576 3728 1746 3796 φημὶ,
1781 3727 1863 3779 ὅτι

243 3833 362 3888 ἀπὸ
382 3831 479 3885 τοῦ
507 3831 604 3884 νῦν
633 3829 824 3900 καιρὸς
853 3829 1030 3896 λόγων
1059 3827 1153 3879 καὶ
1187 3822 1552 3884 διδασκαλίας
1581 3822 1683 3873 οὐκ
1713 3820 1862 3872 ἔστιν

247 3926 387 3996 ὑμῖν
421 3926 551 3996 περὶ
581 3921 677 3977 τοῦ
710 3923 792 3984 τίς
823 3924 945 3991 εἰμι
969 3935 982 3948 ·
1021 3920 1070 3972 εί
1103 3917 1215 3988 γὰρ
1247 3916 1497 3984 ἠθέλετε,
1549 3911 1756 3980 ἔγνωτέ
1793 3926 1863 3980 με

244 4018 361 4073 ἀπὸ
412 4017 521 4070 τῶν
557 4015 873 4088 γενομένων
917 4011 1201 4084 σημείων·
1265 4003 1502 4081 κρίσεως
1551 4007 1608 4059 δὲ
1666 4004 1861 4074 καιρὸς

244 4113 362 4170 ἀπὸ
384 4111 480 4165 τοῦ
501 4109 619 4163 νῦν.
644 4107 886 4177 Ὀψεσθε
912 4103 1007 4161 οὖν
1039 4122 1106 4174 με
1137 4105 1228 4157 τὸν
1254 4103 1381 4156 Υίδν
1415 4101 1510 4155 τοῦ
1545 4099 1859 4172 ανθρώπου,

247 4205 568 4278 καθήμενον
600 4206 664 4257 ἐκ
706 4201 900 4267 δεξιῶν
937 4200 1040 4270 τῆς
1079 4199 1369 4268 δυνάμεως
1404 4197 1498 4250 τοῦ
1535 4196 1695 4248 Θεοῦ.
1732 4196 1862 4248 Δέον

244 4296 345 4354 οὖν
382 4297 608 4370 πτῆξαι,
664 4298 713 4350 οἱ
763 4296 821 4349 δὲ
862 4295 1002 4366 μετά
1058 4292 1252 4346 τοῦτον
1300 4292 1392 4344 τὸν
1435 4291 1598 4359 λόγον
1657 4290 1861 4360 μᾶλλον

246 4393 581 4463 ἐλύττησαν,
613 4390 711 4443 καὶ
767 4387 1052 4460 μανιωδῶς
1111 4385 1397 4457 ἐρωτῶσιο
1441 4402 1457 4435 ι
1513 4383 1585 4436 Σὺ
1618 4378 1712 4436 οῦν
1753 4375 1802 4433 εἷ
1833 4383 1862 4434 ό

245 4487 382 4550 Υἱὸς
424 4484 519 4539 τοῦ
570 4483 747 4549 Θεοῦ,
782 4502 800 4535 ι
844 4483 908 4535 '0
950 4483 1006 4535 δὲ
1047 4481 1231 4552 μέσως
1262 4496 1378 4542 πως
1422 4480 1514 4530 καὶ
1555 4476 1857 4547 εἰρωνικῶς

243 4577 616 4650 ἀποκρίνεται
641 4591 657 4608 ο
687 4594 705 4627 ι
749 4573 939 4645 Ὑμεῖς
973 4573 1133 4625 τοῦτο
1162 4571 1374 4640 λέγετε,
1413 4571 1495 4623 ὅτι
1523 4571 1635 4637 ἐγώ
1661 4571 1798 4637 είμι.
1835 4588 1852 4618 ι

1971 643 2044 698 At
2075 641 2150 696 illi
2186 642 2448 696 dixerunt
2481 661 2496 700 :
2527 642 2670 710 Quid
2713 644 2891 699 adhuc
2923 646 3310 702 desideramus
3345 649 3598 704 testimo-

1971 740 2122 794 nium
2149 738 2173 791 ?
2199 735 2308 808 Ipsi
2338 738 2485 792 enim
2516 738 2830 793 audivimus
2872 755 2939 793 ex
2972 754 3069 793 ore
3100 740 3294 809 ipsius.
3337 762 3357 795 ι
3392 741 3596 799 Convi-

1969 832 2206 886 ciatores
2256 831 2479 900 quidam
2521 841 2576 884 et
2623 831 3061 900 intemperantes
3126 831 3282 888 fuere
3332 835 3425 905 qui
3480 837 3600 893 haec

1967 924 2096 979 .Iesu
2133 924 2468 979 inferebant.
2525 912 2845 992 Oportebat
2877 925 3025 979 enim
3066 926 3286 981 interim
3316 940 3369 980 et
3398 928 3596 983 diabo-

1970 1020 2082 1072 lum
2111 1020 2316 1072 nullatn
2350 1018 2576 1072 malitiae
2611 1019 2855 1087 speciem
2905 1020 3242 1088 relinquere.
3279 1024 3375 1076 sed
3408 1025 3597 1079 Omnia

1970 1109 2273 1175 eﬂttntlere,
2333 1121 2385 1164 ul
2445 1111 2499 1163 in
2551 1112 2810 1164 omnibus
2861 1123 3056 1166 natura
3120 1125 3306 1168 nostra
3370 1116 3595 1172 inventu

1968 1221 2156 1261 saneta
2205 1208 2455 1262 vinceret
2502 1223 2567 1262 ac
2617 1209 2940 1264 deturbaret
2975 1225 3128 1264 eum.
3198 1210 3416 1266 Etenim
3465 1216 3595 1283 quia

1970 1311 2196 1370 propter
2243 1302 2346 1355 hoc
2400 1311 2658 1356 naturam
2717 1313 2962 1357 nostram
3019 1307 3266 1374 suscepit
3304 1305 3594 1372 Dominus,

1968 1405 2028 1451 ut
2079 1397 2365 1451 roboraret
2415 1412 2538 1451 eam
2581 1407 2779 1453 contra
2825 1414 3019 1454 omnes
3073 1401 3276 1454 diaboli
3323 1410 3492 1460 artes.
3540 1412 3599 1458 et

1967 1490 2223 1542 ostendat
2275 1492 2422 1558 quod
2461 1493 2506 1544 si
2547 1493 2616 1546 ab
2663 1493 2824 1546 initio
2875 1494 3096 1548 sobrius
3147 1495 3340 1550 fuisset
3398 1499 3598 1564 Adam,

1968 1585 2287 1652 neutiquam
2330 1595 2474 1640 esset
2503 1587 2683 1640 victus
2720 1604 2736 1644 :
2777 1587 2898 1641 ideo
2933 1581 3127 1643 omnes
3157 1591 3373 1658 species
3407 1591 3602 1645 diabo-

1969 1677 2089 1731 lica:
2127 1679 2348 1732 malitiae
2381 1695 2504 1748 qua:
2552 1681 2604 1733 in
2643 1696 2771 1736 eum
2819 1680 3218 1746 luudebantur,
3263 1685 3599 1750 sustinebat,

1969 1786 2029 1826 ut.
2078 1789 2176 1826 nos
2221 1774 2318 1843 qui
2381 1776 2670 1844 sequimur
2730 1792 2879 1840 cum,
2941 1776 3289 1834 conﬁdamus
3345 1778 3490 1846 quod
3544 1779 3613 1833 Il|~

1972 1866 2197 1922 Christo
2237 1880 2431 1922 natura
2467 1879 2653 1924 nostra
2684 1871 2905 1933 vicerit,
2939 1881 2992 1924 et
3025 1887 3092 1923 ne
3126 1869 3494 1926 fortnidemus
3529 1872 3596 1924 ad

1972 1961 2142 2015 ulltttn
2186 1961 2549 2031 opprobrium
2584 1964 2670 2016 vel
2711 1965 2890 2017 triste.
2927 1944 3144 2018 Idcirco
3178 1968 3230 2017 et
3263 1962 3597 2034 percutitur,

1969 2063 2022 2107 et
2051 2053 2298 2107 illuditur
2337 2073 2350 2110 :
2385 2054 2895 2125 prophetarumqne
2946 2057 3064 2122 ipse
3110 2056 3398 2120 Dominus,
3440 2055 3602 2125 quasi

1970 2149 2454 2218 pseudopropheta
2487 2148 2770 2203 irridetur.
2810 2147 2944 2202 Nam
3007 2169 3025 2199 ι
3067 2148 3386 2205 Vaticinare
3418 2150 3602 2216 nobis,

1968 2243 2093 2312 quis
2125 2252 2208 2297 est
2239 2244 2330 2313 qui
2363 2252 2415 2296 te
2466 2243 2761 2312 percussit,
2803 2261 2821 2293 ι
2859 2257 2924 2295 eo
2946 2243 3141 2308 tendit,
3179 2254 3237 2295 ιιι
3269 2242 3422 2296 illum
3470 2242 3605 2298 sub-

1969 2348 2295 2400 Sanuarent,
2346 2349 2401 2391 et
2456 2337 2700 2392 dicerent
2757 2339 3140 2407 impostorem,
3203 2340 3297 2405 qui
3355 2339 3601 2409 seipsum

1969 2431 2297 2499 prophetam
2332 2431 2576 2486 fecisset.
2621 2451 2638 2478 α
2678 2431 2743 2484 Ει
2779 2442 2835 2485 ιιι
2866 2420 3048 2487 factus
3091 2441 3176 2488 cst
3210 2432 3348 2498 dies,
3390 2451 3408 2484 ι
3444 2442 3605 2488 nocte

1971 2526 2117 2578 enim
2159 2524 2229 2577 ab
2277 2523 2449 2578 ebriis
2507 2524 2782 2578 ministris
2828 2525 3020 2580 illusus
3066 2535 3121 2580 et
3182 2525 3600 2596 blasphematus

1969 2626 2075 2680 est,
2123 2616 2376 2670 seniores
2407 2624 2461 2669 et
2491 2615 2762 2681 dignitate
2791 2618 3213 2687 prtcstantiores
3248 2618 3604 2690 interrogant

1974 2725 2129 2774 eum,
2186 2725 2315 2763 num
2359 2711 2478 2779 ipse
2518 2711 2590 2765 sit
2634 2708 2913 2780 Christus.
2962 2711 3030 2764 At
3073 2713 3189 2780 ipse
3235 2712 3605 2781 cogitationes

1969 2820 2164 2861 eorum
2197 2804 2404 2866 sciens,
2433 2813 2486 2857 ct
2518 2805 2688 2873 quod,
2716 2803 2760 2856 si
2792 2803 3055 2873 operibus
3090 2820 3199 2858 nou
3235 2804 3604 2866 credidissent

1970 2899 2036 2950 ad
2090 2895 2530 2964 persuadendum
2583 2893 2990 2952 etﬁcacioribus
3019 2898 3118 2963 η’,
3149 2899 3426 2966 quomodo
3471 2913 3605 2967 ergo

1969 2989 2156 3042 verbis
2205 2989 2321 3041 suis
2366 2987 2698 3043 crederent?
2750 2989 2926 3057 inquit
2964 3007 2978 3048 :
3033 3007 3052 3041 ι
3089 2989 3147 3045 Si
3196 2991 3388 3046 dixero
3419 2993 3601 3058 vobis,

1970 3097 2078 3135 non
2108 3082 2372 3138 credetis.
2408 3100 2426 3132 ι
2457 3082 2513 3136 Si
2547 3083 2695 3137 enim
2725 3082 3032 3138 crederetis
3065 3085 3248 3140 verbis
3280 3086 3441 3150 meis,
3471 3086 3603 3154 quid

1969 3191 2111 3245 opus
2147 3185 2268 3230 erat
2315 3175 2555 3231 concilio
2597 3175 2741 3229 ““i
2794 3195 2813 3227 ι
2869 3177 2967 3232 Sin
3000 3178 3434 3248 interrogavere,
3492 3195 3603 3234 non

1971 3269 2400 3339 respondebitis.
2441 3289 2461 3321 ι
2503 3268 2720 3339 Saepius
2742 3269 2890 3325 enim
2919 3278 3081 3324 antea
3114 3273 3433 3340 interrogati
3464 3272 3602 3327 silu-

1969 3373 2150 3424 erunt,
2185 3369 2244 3415 ιιι
2295 3361 2364 3416 de
2417 3361 2753 3432 baptismate
2809 3360 3061 3428 Joannis,
3104 3372 3159 3418 et
3202 3364 3271 3417 de
3322 3365 3426 3419 hoc
3453 3364 3603 3419 dicto

1969 3455 2276 3524 prophetae,
2325 3473 2343 3506 t
2380 3455 2528 3509 Dixit
2577 3453 2846 3508 Dominus
2893 3454 3127 3507 Domino
3171 3469 3294 3510 meo
3332 3471 3345 3509 :
3393 3476 3410 3506 ι
3447 3465 3502 3509 et
3535 3455 3603 3509 de

1970 3549 2200 3604 muliere
2243 3549 2531 3604 incurvata
2565 3549 2634 3604 ’³.
2675 3547 2776 3603 Ubi
2827 3549 2993 3619 igitur
3039 3565 3126 3605 me
3178 3551 3369 3605 audito
3412 3551 3601 3605 cred.—

1968 3643 2131 3699 distis
2162 3642 2210 3674 “
2237 3643 2260 3697 ?
2287 3642 2520 3710 Quando
2553 3655 2739 3697 autem
2782 3643 3108 3710 interrogati
3164 3659 3270 3697 non
3318 3643 3551 3699 siluistis
3577 3645 3602 3698 ?

1969 3737 2266 3806 Propterea
2308 3735 2411 3790 hoc'
2447 3735 2593 3801 dico,
2639 3738 2782 3805 quod
2832 3751 2896 3789 ex
2936 3739 3038 3791 hoc
3073 3747 3322 3803 tempore
3369 3752 3474 3791 non
3509 3745 3597 3794 est

1971 3842 2188 3901 tempus
2234 3845 2556 3886 sermonum
2598 3841 2654 3883 et
2692 3829 2960 3884 doctrina:
2998 3831 3066 3886 de
3113 3831 3238 3897 hoc,
3291 3831 3416 3898 quis
3467 3832 3598 3888 sint.

1969 3925 2026 3979 Si
2059 3925 2205 3979 enim
2241 3909 2593 3988 rolttissetis,
2629 3924 2884 3992 cognitus
2926 3939 3104 3978 essem
3136 3923 3292 3978 vobis
3326 3939 3393 3978 ex
3424 3924 3602 3994 signis

1967 4027 2020 4072 et
2052 4016 2358 4072 miraculis.
2389 4013 2589 4069 Jutlicii
2621 4029 2807 4068 autem
2849 4025 3065 4082 tempus
3101 4029 3185 4069 est
3220 4032 3285 4070 ex
3322 4016 3425 4070 hoc
3461 4025 3601 4071 tetu-

1967 4124 2122 4179 pore.
2163 4105 2435 4163 \‘idebitis
2466 4107 2634 4178 igitur
2671 4123 2755 4160 me
2793 4107 2989 4161 Filium
3023 4108 3268 4162 hominis
3309 4108 3597 4164 sedentem

1967 4222 1994 4258 a
2035 4202 2247 4257 dextris
2298 4203 2520 4257 virtutis
2571 4202 2685 4257 Dei.
2719 4200 2856 4256 Cum
2893 4202 3060 4272 igitur
3089 4201 3415 4259 debuissent
3446 4213 3595 4258 metu

1968 4297 2268 4365 trepidare,
2320 4295 2394 4349 illi
2442 4295 2527 4350 his
2580 4295 2786 4350 auditis
2837 4295 3032 4365 majori
3104 4295 3258 4350 rabie
3306 4297 3593 4363 concitati,

1966 4389 2193 4458 perinde
2228 4404 2290 4444 ac
2327 4388 2505 4443 insani
2541 4386 2922 4459 interrogant:
2965 4407 2983 4440 ι
3021 4387 3103 4443 Tu
3142 4389 3307 4460 igitur
3327 4405 3386 4445 es
3421 4389 3594 4445 Filius

1970 4483 2112 4540 Dei?
2150 4502 2168 4533 ι
2212 4481 2412 4537 Verum
2453 4482 2568 4550 ipse
2601 4482 2784 4537 medio
2809 4481 3049 4550 quodam
3088 4483 3250 4536 modo
3287 4490 3341 4534 et
3379 4481 3595 4537 ironice

1970 4575 2265 4644 respondet
2299 4590 2314 4628 :
2359 4593 2375 4623 ι
2422 4571 2528 4628 Vos
2572 4573 2676 4628 hoc
2708 4572 2894 4628 dicitis
2919 4575 3062 4643 quod
3091 4587 3193 4638 ego
3230 4574 3354 4629 sim.
3403 4593 3423 4626 ›
3461 4573 3593 4628 Ete-

246 4674 362 4728 Καὶ
397 4649 506 4743 γὰρ
538 4671 865 4743 κατεφρόνει
913 4669 1013 4739 τῆς
1039 4669 1240 4738 λύττης
1286 4667 1490 4732 αὐτῶν,
1524 4666 1620 4719 καὶ
1652 4665 1861 4735 ἁπτοή-

1973 4672 2080 4724 uiut
2122 4667 2462 4739 despiciebat
2506 4669 2780 4722 insaniam
2832 4682 3054 4733 eorum,
3102 4677 3157 4722 et
3203 4668 3478 4737 intrepide
3508 4668 3593 4724 eis

240 4783 356 4829 ⁸τους
406 4766 594 4828 αὐτοῖς
645 4763 940 4831 διελέγετο.
1006 4761 1290 4815 Ἐντεῦθεν
1323 4762 1380 4815 δέ
1434 4760 1626 4831 δῆλον,
1675 4759 1760 4811 ὅτι
1807 4760 1858 4812 οἱ

241 4858 500 4921 ἀπειθεῖς
549 4858 704 4912 οὐδὲν
755 4856 1099 4926 ὠφελοῦνται
1141 4856 1205 4908 ἐκ
1238 4855 1331 4907 τοῦ
1367 4851 1860 4907 ἀποκαλύπτεσθαι

244 4953 437 5016 αὐτοῖς
468 4953 536 5006 τὰ
576 4955 992 5023 μυστικώτερα,
1023 4949 1165 5005 ἀλλὰ
1202 4948 1406 5019 μᾶλλον
1461 4946 1635 5000 πλείω
1687 4945 1860 4999 κατά-

246 5063 442 5118 κρισιν
497 5045 768 5116 δέχονται.
808 5045 902 5103 Διρ
932 5045 1025 5097 καὶ
1072 5041 1532 5113 ἀποκρύπτεσθαι
1565 5038 1702 5110 πρὸς
1734 5038 1860 5102 τοὺς

245 5139 533 5203 τοιούτους
559 5139 642 5193 δεῖ
667 5157 678 5172 ο
706 5138 866 5192 τοῦτο
895 5139 1006 5210 γὰρ
1036 5138 1242 5210 μᾶλλον
1268 5133 1712 5207 φιλανθρωπίας.

843 5256 1100 5310 ΚΕΦΑΑ.
1141 5250 1267 5308 K1".

242 5347 393 5418 Περὶ
432 5347 545 5416 τῆς
589 5348 920 5419 ἀπαγωγῆς
968 5348 1075 5402 τοῦ
1119 5347 1396 5416 Σωτῆρος
1432 5347 1585 5419 πρὸς
1617 5343 1725 5398 τὸν
1753 5347 1859 5419 Πιτ

316 5415 531 5476 λάτονέ
560 5422 697 5489 Περὶ
729 5415 878 5487 πυρί
911 5419 1176 5488 Ἡρώδου
1207 5418 1682 5485 ἐξουθεγήσεως.
1717 5415 1857 5484 Ile-pl

314 5490 443 5547 τῶν
476 5488 870 5560 κοπτομένων
899 5491 1230 5561 γυναικῶν.
1272 5492 1407 5560 Περὶ
1451 5491 1560 5557 τῆς
1587 5488 1858 5561 σταυρώ-

319 5581 479 5628 σεως
509 5562 616 5616 τοῦ
664 5559 946 5632 Χριστοῦ,
1006 5564 1149 5631 Περὶ
1190 5563 1298 5616 τοῦ
1350 5559 1856 5632 μετιιιόήσίιντος

317 5633 583 5702 λῃστοῦ.
612 5635 757 5702 Περὶ
793 5633 901 5702 τῆς
948 5635 1052 5688 τοῦ
1094 5636 1356 5704 Χριστοῦ
1390 5633 1610 5703 ταφῆς.

322 5773 342 5806 ι
387 5751 498 5806 Καὶ
547 5752 792 5807 ἀναστὰν
841 5755 988 5808 ἆπαν
1037 5755 1109 5808 τὸ,
1153 5755 1358 5823 πλῆθος
1405 5758 1612 5821 αὐτῶν,
1649 5759 1858 5828 ἡγαγον

241 5844 410 5896 αύτὶν
472 5843 562 5897 ἐπὶ
615 5844 710 5896 τὸν
754 5843 1012 5899 Πιλᾶτον.
1072 5846 1348 5916 Ἤρξαντο
1400 5848 1458 5901 δέ
1523 5859 1858 5925 κατηγορεῖν

313 5985 382 6016 ²¹⁸
425 5983 618 6039 Matth.
659 6000 732 6040 XI.
813 5987 902 6018 η’·
939 5986 1130 6044 Matth.
1162 6004 1273 6042 xxi.

1353 5991 1398 6021 ’³
1429 5991 1572 6049 Psal.
1617 6008 1729 6061 etx,
1769 5996 1819 6050 l.

1965 4761 2314 4832 loquebatur.
2347 4759 2487 4816 Hinc
2532 4771 2720 4815 autem
2757 4758 3110 4814 manifestum
3144 4769 3229 4815 est
3273 4761 3421 4830 quod
3467 4761 3589 4818 iuo-

1965 4853 2257 4910 bedientes
2291 4854 2494 4908 nullam
2531 4853 2831 4908 utilitatem
2868 4855 3183 4922 percipiunt
3220 4869 3344 4907 cum
3380 4854 3460 4909 eis
3497 4870 3588 4911 re-

1965 4944 2221 4999 Velantnr
2269 4945 2556 5016 mysteria,
2611 4945 2705 4999 sed
2755 4946 3022 5014 majorem
3073 4945 3590 5003 condemnationem

1966 5038 2269 5108 accipiunt.
2315 5037 2442 5093 Ideo
2492 5039 2601 5094 illis
2643 5039 2972 5093 occultanda
3026 5037 3199 5110 480
3250 5049 3401 5095 sunt.
3450 5038 3590 5096 Nam

1969 5130 2074 5184 hoc
2109 5130 2336 5199 majoris
2366 5140 2453 5184 est
2486 5129 2902 5184 misericordiae.

2537 5241 2773 5300 CAPUT
2819 5243 3014 5300 XXIII.

1971 5337 2250 5404 Quomodo
2281 5341 2473 5391 ductus
2503 5349 2580 5393 est
2611 5339 2683 5393 ad
2721 5338 2982 5393 Pilatum.
3021 5341 3094 5396 De
3129 5352 3425 5396 contempto
3457 5337 3590 5396 lem

2046 5415 2109 5463 ab
2162 5409 2396 5464 Herode.
2440 5412 2513 5464 De
2553 5410 2852 5480 lugentibus
2903 5413 3239 5467 mulieribus.
3290 5413 3364 5466 De
3411 5431 3587 5468 (νερει-

2046 5481 2501 5605 ﬁ.tion(e/Cltrisli.
2537 5483 2612 5536 De
2650 5486 2860 5537 latrone
2893 5487 3250 5552 resipisccttte.
3302 5486 3378 5539 De
3409 5489 3559 5555 διίδιιί

2045 5565 2165 5607 tura
2223 5590 2240 5607 ι
2267 5563 2430 5607 trtslt.

2044 5763 2212 5818 Vens.
2243 5765 2358 5818 1-5.
2397 5783 2414 5816 ι
2447 5764 2515 5818 Ει
2541 5780 2774 5835 surgens
2803 5765 3055 5819 universa
3081 5766 3373 5821 multitudo
3396 5783 3586 5823 eorum

1973 5858 2129 5912 duxit
2167 5857 2316 5911 illum
2353 5857 2420 5911 ad
2457 5855 2715 5911 Pilatum.
2747 5855 3050 5926 Cmperunt
3096 5867 3278 5912 autem
3315 5859 3461 5914 illum
3493 5875 3588 5916 ac-

1902 5996 1946 6027 “
1968 5994 2106 6052 Luc.
2152 6011 2271 6049 xm.
