4046 6520
207 464 343 535 1093

884 466 1333 528 ENARRATIO
1370 467 1451 527 ΙΝ
1495 447 2008 528 EVANGELIUM
2043 467 2280 530 LUC/li.
2327 491 2385 505 ν
2424 469 2584 533 CAP.
2625 472 2857 536 XXIII.

3387 464 3526 536 ιιιοι

205 583 491 656 ἀλλήλων·
542 582 906 654 πωῦπῆρχον
960 582 1070 651 γάρ
1121 583 1181 634 ὲν
1230 582 1402 653 ἔχθρᾳ
1461 581 1615 646 ὄντες
1669 582 1802 652 πρὸς

1918 585 2108 640 eodem
2140 584 2248 642 dic.
2283 582 2416 638 Nam
2454 596 2617 642 antea
2657 583 2913 642 simultas
2941 585 3087 642 inter
3129 598 3226 641 eos
3259 584 3525 641 interces-

205 673 457 737 ἑαυτούς.
491 673 728 737 Πιλάτος
756 675 810 728 δὲ
839 672 1328 742 συγκαλεσάμενος
1352 674 1478 735 τοὺς
1502 674 1805 744 ἀρχιερεῖς,

204 768 301 821 καὶ
329 767 458 829 τοὺς
492 766 789 836 ἄρχοντας,
818 766 916 819 καὶ
951 765 1221 831 τὸνλαὺν,
1246 759 1369 818 εἶπε
1393 766 1532 836 πρὸς
1563 767 1763 829 αὐτούς
1788 783 1802 798 ο

207 857 633 930 Προσηνέγκατέ
668 875 759 928 μοι
801 858 891 909 τὸν
935 857 1226 927 ἄνθρωπον
1273 860 1486 922 τοῦτον,
1537 858 1612 920 ώς
1666 861 1803 910 ἀπο-

204 953 514 1020 στρέφοντα
568 951 660 1004 τὲιν
695 949 882 1003 .λαόν’
933 950 1030 1003 καὶ
1081 951 1190 1004 ίδοὺ
1239 949 1350 1018 ἐγὼ
1383 950 1618 1003 ἐνώπιον
1653 951 1809 1020 ὑμῶν

204 1043 537 1112 ἀνακρίνας,
569 1041 722 1096 οὐδὲν
759 1034 920 1112 εὗρον
955 1043 1014 1093 ὲν
1045 1039 1124 1111 τῷ
1170 1039 1452 1110 ἀνθρώπῳ
1500 1039 1678 1110 τούτῳ
1718 1040 1807 1090 ai-

198 1155 338 1200 τιον,
371 1129 450 1189 ὧν
481 1136 844 1205 κατηγορεῖτε
876 1133 999 1186 κατ’
1053 1133 1222 1186 αὑτοῦ
1247 1149 1260 1162 ο
1309 1132 1427 1186 ἀλλ’
1456 1131 1578 1184 οὐδὲ
1626 1130 1806 1200 Ἠρώ-

198 1231 300 1299 δης
324 1246 336 1258 ⁸
373 1229 670 1300 ἀνέπεμψα
694 1228 804 1300 γὰρ
835 1229 980 1299 ὑμᾶς
1005 1227 1145 1298 πρὸς
1171 1225 1360 1293 αὑτὸν,
1394 1225 1488 1278 καὶ
1517 1225 1626 1278 ἰδοὺ
1652 1224 1808 1278 οὐδὲν

199 1324 354 1390 ἄξιον
381 1321 614 1376 θανάτου
649 1323 799 1376 ἐστὶν
835 1323 892 1374 ὲν
931 1319 1082 1391 αὐτῷ
1114 1318 1531 1388 πεπραγμένον.
1575 1318 1808 1372 Παιδεύ-

202 1431 302 1477 σας
351 1408 447 1468 οὖν
502 1411 784 1466 ἀπολύσω.
832 1410 1108 1479 Ἀνάγκην
1172 1410 1226 1463 δὲ
1309 1405 1463 1482 εἶχον
1543 1407 1806 1462 ἀπολύειν

200 1507 416 1579 ἑᾲαυτοῖς
450 1504 594 1558 κατά
627 1504 822 1574 ἑορτὴν
853 1502 971 1555 ἕνα.
1022 1502 1361 1573 ’Δνέκραξαν
1387 1503 1445 1556 δὲ
1479 1501 1808 1572 παμπληθεῖ

191 1581 483 1665 λλὲγοντεςο
521 1593 655 1669 Alpe
685 1594 903 1661 τοῦτον,
931 1595 1209 1649 ἀπόλυσον
1239 1596 1292 1648 δὲ
1314 1597 1447 1667 ἡμῖν
1475 1594 1770 1665 Βαραϐϐᾶν
1788 1610 1802 1624 ο

197 1694 351 1756 ὅστις
380 1687 450 1763 ἦν
487 1691 576 1745 διὰ
611 1691 806 1745 στάσιν
834 1688 959 1743 τινὰ
990 1689 1298 1760 γενομένην
1330 1691 1475 1759 ἐν’τῇ
1502 1689 1678 1752 πόλει,
1711 1688 1807 1742 καὶ

200 1786 386 1855 φόνον,
427 1781 763 1854 βεϐλημένος
786 1783 867 1845 είς
891 1781 1164 1852 φυλακήν.
1196 1782 1366 1834 Πάλιν
1389 1777 1482 1835 οῦν
1513 1782 1542 1834 ό
1569 1781 1806 1844 Πιλᾶτος

201 1876 624 1948 προσεφώνησσ,
670 1874 860 1928 θέλων
901 1874 1172 1928 ἀπολῦσαι
1230 1874 1321 1926 τὸν
1382 1873 1616 1944 Ἰησοῦν.
1657 1877 1719 1928 ΟΞ
1748 1875 1805 1927 δὲ

1913 689 2080 733 serat.
2111 677 2316 733 Pilatus
2356 688 2567 744 autem,
2611 681 2929 736 convocatis
2961 680 3300 750 principibus
3342 695 3527 734 sacer-

1911 771 2100 826 dotum
2169 781 2223 824 ct
2274 773 2688 838 magistratibus
2729 787 2793 827 ae
2839 772 3016 843 plebe,
3066 773 3202 828 dixit
3239 774 3304 825 ad
3351 772 3521 834 illos;

1911 863 2200 919 Obtulistis
2254 865 2386 919 mihi
2437 865 2584 919 hunc
2643 866 2918 920 hominem
2966 866 3123 934 quasi
3178 876 3520 920 avertentem

1915 956 2194 1023 pupulum,
2253 965 2311 1009 et
2361 970 2491 1009 erce
2542 969 2645 1026 ego
2697 970 2883 1010 coram
2937 953 3092 1009 vobis
3146 954 3520 1025 interrogans,

1911 1049 2114 1100 nullum
2138 1049 2348 1104 crimen
2383 1049 2602 1102 invenio
2632 1049 2684 1100 in
2721 1049 2942 1102 homine
2977 1049 3081 1101 isto
3103 1062 3167 1101 ex
3197 1048 3263 1101 iis
3291 1048 3356 1101 de
3388 1047 3514 1116 qui-

1912 1141 2013 1194 bus
2042 1143 2318 1195 accusatis
2363 1157 2508 1205 eum,
2547 1141 2639 1195 sed
2678 1156 2744 1194 ue
2782 1139 3026 1194 Ilerodcs
3072 1141 3290 1208 quidem
3339 1157 3352 1191 :
3389 1156 3517 1193 nam

1913 1235 2096 1286 remisi
2153 1248 2247 1286 vos
2291 1232 2360 1286 ad
2419 1232 2593 1297 illum,
2631 1241 2686 1285 et
2732 1245 2862 1286 ecce
2907 1231 3042 1284 nihil
3085 1231 3305 1301 dignum
3340 1243 3520 1284 morte

1911 1335 2090 1378 actum
2155 1331 2239 1377 est
2289 1324 2378 1386 ei;
2431 1323 2759 1393 castigatum
2829 1336 2962 1390 ergo
3018 1322 3167 1374 illum
3225 1321 3521 1375 dimittam.

1915 1415 2148 1470 Necesse
2182 1423 2361 1469 autem
2400 1414 2638 1469 habebat
2669 1413 2948 1468 dimittere
2973 1395 3055 1481 eis
3081 1414 3133 1466 in
3169 1411 3305 1467 festo
3329 1429 3518 1468 unum.

1912 1493 2255 1562 Exclamavit
2304 1518 2486 1561 autem
2542 1508 2702 1564 simul
2741 1508 2998 1561 universa
3037 1510 3233 1570 lurha,
3281 1506 3519 1564 dicens:

1913 1598 2067 1652 Tolle
2102 1600 2270 1664 hunc,
2301 1600 2604 1678 et‘dimilte
2631 1599 2786 1652 nobis
2817 1598 3124 1654 Barabbam
3153 1599 3266 1668 (qui
3301 1608 3525 1668 propter

1911 1694 2236 1748 seditionem
2282 1673 2576 1763 qitfimlam
2621 1691 2824 1746 factam
2869 1692 3178 1746 incivitate
3221 1702 3276 1746 et
3342 1689 3517 1745 homi-

1910 1786 2113 1840 cidium
2156 1786 2209 1840 in
2270 1800 2548 1841 carcerem
2582 1785 2864 1854 conjecuts
2902 1787 3066 1853 erat).
3100 1783 3302 1837 lterum
3337 1792 3520 1838 autem

1913 1877 2117 1932 Pilatus
2153 1877 2372 1932 locutus
2406 1885 2489 1930 est
2521 1876 2586 1929 ad
2622 1891 2743 1940 eos;
2769 1874 2959 1930 volens
2991 1874 3269 1928 dimittere
3306 1872 3519 1930 Jcsum.

197 1966 522 2038 ἐπεφώνουν
546 1967 804 2035 λέγοντες
831 1983 846 1997 ο
880 1966 1232 2036 Σταύρωσον,
1265 1965 1586 2038 σταύρωσον
1614 1967 1799 2022 αὐτόν.

1913 1975 1981 2025 At
2014 1970 2087 2024 illi
2114 1970 2425 2023 clamabant
2450 1968 2693 2022 dicentes
2720 1985 2734 2026 :
2760 1965 3056 2036 Cmciﬁge,
3084 1965 3345 2036 cruciﬁge
3369 1981 3519 2021 cum.

212 2061 275 2114 '0
305 2059 363 2112 δὲ
393 2058 582 2130 τρίτον
610 2053 732 2112 εἷπε
762 2056 900 2128 πρὸς
925 2056 1127 2121 αὐτούς
1151 2071 1165 2086 °
1192 2057 1258 2111 Τί
1277 2057 1386 2129 γάρ
1415 2058 1584 2111 κακὸν
1616 2057 1800 2128 ἐποίη-

200 2169 296 2206 σεν
325 2145 525 2215 οῦτοςς
578 2149 732 2203 οὐδὲν
787 2148 962 2202 αἴτιον
1026 2148 1264 2204 θανάτου
1302 2143 1464 2220 εὖρον
1517 2151 1575 2201 ἐν
1630 2149 1800 2220 αύτῷ.

200 2244 508 2306 Παιδεύσας
566 2237 660 2297 οὖν
719 2240 886 2296 αὐτὸν
940 2240 1226 2294 ἀπολύσω.
1284 2242 1346 2295 Ol
1402 2241 1458 2294 δὲ
1517 2242 1805 2296 ἐπέκειντο

199 2339 411 2403 φωναῖς
445 2335 742 2407 μεγάλαις,
783 2333 1106 2403 αίτούμενοι
1152 2334 1318 2387 αὑτὸν
1374 2333 1799 2404 σταυρωθῆναι·

196 2431 297 2487 καὶ
327 2429 626 2500 κατίσχυον
647 2432 701 2482 αί
733 2428 912 2496 φωναὶ
959 2427 1141 2481 αὐτῶν
1177 2429 1270 2481 xal.
1323 2429 1433 2481 τῶν
1474 2427 1799 2498 ἀρχιερέων.

206 2527 271 2580 Ὀ
303 2527 361 2580 δὲ
409 2526 645 2590 Πιλᾶτος
675 2524 938 2596 ὲπέκρινε
969 2524 1227 2593 γενέσθαι
1259 2524 1319 2577 τὸ
1347 2525 1561 2595 αἴτημα
1595 2522 1798 2575 αὐτῶν.

208 2621 479 2675 Ἀπέλυσε
524 2620 580 2672 δὲ
635 2619 727 2673 τὸν
783 2619 874 2672 διὰ
911 2619 1104 2673 στάσιν
1135 2621 1227 2672 καὶ
1256 2617 1418 2688 ιφόνον
1466 2615 1802 2687 βεϐλημένον

197 2716 281 2778 εἰς
316 2714 418 2786 τὴν
452 2713 548 2782 eo)
564 2712 728 2783 ακὴν,
776 2711 835 2764 δν
867 2710 1128 2782 ῂτοῦντν
1165 2710 1254 2763 τὸν
1302 2710 1359 2764 δὲ
1409 2709 1621 2780 Ἰησοῦν
1661 2725 1802 2778 παρο

195 2808 372 2862 ἔδωκε
404 2806 480 2876 τῷ
514 2805 784 2875 θελήματι
809 2805 1011 2858 αὐτῶν.
1046 2805 1159 2857 Καὶ
1189 2802 1266 2868 ὡς
1298 2804 1590 2873 ἀπήγαγον
1614 2802 1799 2865 αὐτᾶν,

197 2898 596 2967 ἐπιλαϐόμενοι
669 2897 916 2966 Σίμωνός
946 2913 1090 2960 τινος
1121 2894 1218 2973 τοῦ
1271 2895 1590 2967 Κυρηναίου
1641 2895 1802 2964 ἐρχο-

198 2993 368 3062 μένου
395 2993 489 3044 ἀπ’
515 2990 717 3062 ἀγροῦ,
748 2989 1030 3060 ἐπέθηκαν
1054 2970 1218 3058 αὐτῷ’
1237 2988 1327 3041 τὸν
1353 2988 1588 3057 σταυρὸν
1611 2987 1801 3057 φέρειν

199 3078 382 3157 ὀπίσω
421 3083 518 3137 τοῦ
560 3082 762 3154 Ἰησοῦ.
815 3080 1135 3136 Ἠκολούθει
1162 3083 1219 3136 δὲ
1247 3080 1397 3152 αύτῷ
1430 3079 1563 3133 πολὺ
1599 3081 1804 3148 πλῆθος

193 3175 292 3229 τοῦ
326 3175 459 3230 λαοῦ
513 3173 936 3243 καὶγυναικῶν,
967 3172 1023 3227 αἳ
1057 3173 1375 3236 ἐκόπτοντο,
1409 3174 1505 3224 καὶ
1538 3172 1804 3243 ἐθρήνουν

193 3269 384 3323 αὐτόν.
423 3287 440 3318 ι
486 3265 791 3336 Ῥωμαῖκῷ
817 3266 969 3336 νόμῳ
1014 3265 1280 3335 ἑπόμενος
1312 3266 1340 3317 ό
1368 3263 1624 3326 Πιλάτος,
1662 3263 1805 3333 πέμ-

195 3378 290 3415 πει
319 3358 410 3411 τὸν
454 3357 661 3428 Κύριον
704 3358 838 3430 πρὸς
881 3357 1156 3428 Ἡρώδην,
1199 3356 1277 3427 τῷ
1328 3356 1633 3419 κελεύοντι,
1663 3357 1794 3410 ἕκαο

193 3471 322 3507 στον
357 3453 508 3523 παρά
540 3450 635 3505 τοῦ
679 3453 942 3523 ἄρχοντος
996 3451 1095 3521 τῆς
1139 3452 1408 3523 ἐπαρχίας
1451 3449 1622 3504 αὑτοῦ
1676 3450 1802 3521 κρί-

196 3545 416 3602 νεσθαι.
469 3545 561 3598 Διὸ
585 3546 677 3600 καὶ
708 3545 784 3608 ὡς
816 3545 1107 3598 Γαλιλαῖον
1135 3544 1230 3597 τὸν
1265 3543 1445 3613 Ἰησοῦ
1478 3544 1692 3614 πέμπει
1721 3543 1800 3614 τῷ

193 3641 298 3708 τῆς
355 3636 648 3698 Γαλιλαίας
699 3638 1025 3708 ἑπάρχοντι.
1068 3635 1319 3706 Ἡρώδης
1377 3637 1435 3690 δὲ
1483 3637 1656 3708 ἐχάρη
1708 3636 1803 3689 ειτι

191 3728 394 3795 τούτῳ,
433 3727 530 3797 οὐχ
564 3728 639 3790 ώς
684 3727 896 3797 μέλλων
943 3727 1205 3796 κερδᾶναί
1262 3745 1315 3780 τι
1367 3726 1696 3797 ψυχωφελὲς
1739 3731 1803 3780 ἐκ

193 3817 300 3888 τῆς
329 3817 464 3880 θέας
488 3815 584 3868 τοῦ
628 3815 831 3884 Ἰησοῦ,
867 3817 982 3869 ἀλλ’
1011 3817 1200 3888 ἐπειδὴ
1246 3819 1414 3888 ηκουε
1447 3821 1576 3888 περὶ
1607 3819 1798 3884 αὐτοῦ,

193 3911 281 3966 δτι
314 3909 476 3978 σοφός
499 3910 637 3974 ἐστι,
677 3909 773 3962 καὶ
797 3909 1195 3993 τερατουργίας,
1236 3907 1385 3981 εἶχεν
1415 3911 1646 3980 ἀνόητον
1680 3915 1804 3966 ἑπι-

196 4002 430 4073 θυμίαν,
474 3999 535 4054 τδ
575 4000 894 4070 φιλόκαινον
930 4001 1102 4055 νοσῶν
1138 4003 1233 4056 καὶ
1271 4004 1458 4069 αὐτὸς,
1494 4005 1636 4058 ὣστε
1673 4006 1801 4059 ίδεῖν

191 4091 390 4149 τοῦτον
419 4091 512 4144 τὸν
543 4090 836 4145 ἀλλόκοτον
864 4090 962 4144 άνθ
975 4109 1181 4162 ρωπον,
1215 4094 1311 4148 καὶ
1345 4094 1580 4148 ἀκοῦσαι
1607 4095 1797 4161 αὑτοῦ,

191 4187 249 4240 τί
272 4184 451 4254 λέγει.
491 4185 562 4237 Ἣ
600 4185 722 4256 οὐχὶ
749 4183 981 4238 τοιαῦτα
1015 4186 1110 4238 καὶ
1137 4185 1235 4238 νῦν
1269 4186 1537 4258 νοσοῦμεν
1572 4188 1797 4252 πολλοίς

205 4278 513 4350 Ἔπεθύμει
553 4273 648 4332 οὖν
693 4279 790 4332 καὶ
822 4278 988 4343 αὐτὸς
1040 4279 1169 4332 ίδεῖν
1226 4283 1455 4350 σημεῖόν
1485 4299 1536 4334 τι
1591 4283 1656 4335 ἐκ
1704 4282 1798 4335 τοῦ

205 4369 417 4440 Ἰησοῦ,
455 4370 556 4439 οὐχ
615 4369 704 4422 ἵνα
739 4370 1036 4442 πιστεύσῃ,
1082 4370 1202 4424 ἀλλ’
1243 4372 1392 4435 ὅπως
1424 4373 1652 4444 ἐστιάσῃ
1700 4374 1800 4444 τὴν

189 4459 356 4529 ὄψιν·
398 4458 592 4530 ὥσπερ
625 4460 682 4512 ὲν
715 4462 829 4522 τοῖς
863 4459 1118 4532 θεάτροις
1155 4461 1376 4532 ὁρῶμεν
1421 4465 1548 4526 τοὺς
1582 4464 1802 4534 θαυμα-

190 4547 476 4612 τοποιοὺς,
507 4547 664 4617 δφεις
696 4548 1023 4602 καταπίνειν
1061 4552 1464 4620 φαντάζοντας,
1515 4560 1610 4608 καὶ
1645 4555 1795 4627 ξίφη,

189 4639 293 4692 καὶ
330 4638 581 4700 τοιαῦτα,
617 4639 710 4693 καὶ
741 4637 1122 4711 θαυμάζομεν.
1171 4642 1366 4713 Σχεδὸν
1404 4648 1513 4718 γὰρ
1547 4647 1797 4718 ἐνόμιζον

1907 4637 2138 4731 gladios,
2172 4673 2236 4712 ac
2285 4659 2479 4713 similia

193 4730 292 4785 τὸν
330 4730 547 4797 Ἰησοῦν
586 4725 725 4784 εἶναι
751 4730 1000 4785 τοιοῦτόν
1036 4751 1178 4788 τινα.
1230 4736 1526 4807 Ἐπηρώτα
1552 4739 1607 4791 δὲ
1639 4742 1802 4794 αὑτὸν

193 4826 261 4877 ὲν
292 4821 475 4890 λόγοις
512 4824 745 4890 ἱκανοῖς,
780 4823 924 4876 οὕτω
956 4842 1074 4888 πως
1113 4829 1423 4899 εἰρωνικῶς
1452 4831 1592 4902 πρὸς
1637 4833 1804 4886 αὐτὸν

190 4913 572 4985 διακείμενος,
609 4918 704 4968 καὶ
734 4916 796 4969 τὸ
827 4916 950 4970 ὅλον
984 4918 1347 4991 μυκτηρίζων
1373 4923 1562 4979 αὐτόν.
1595 4927 1686 4978 Διὸ
1710 4930 1806 4980 καὶ

188 5007 224 5060 ὁ
264 5003 482 5076 Ἰησοῦς
536 5005 697 5061 οὐδὲν
748 5009 1132 5079 ἀποκρίνεται.
1199 5010 1323 5066 Οἵδε
1371 5019 1482 5086 γὰρ
1540 5017 1673 5070 πότε
1726 5019 1806 5072 δεῖ

188 5098 628 5170 ἀποκρίνασθαι,
651 5101 681 5153 ό
714 5102 894 5157 πάντα
924 5106 990 5159 ἐν·
1008 5103 1156 5176 λόγῳ
1191 5108 1445 5179 ποιήσας,
1472 5111 1566 5164 καὶ
1594 5129 1814 5183 μαρτυ-”

195 5191 398 5264 ρηθεὶς
441 5195 548 5247 ὑπὸ
575 5196 759 5262 Δαυῖδ,
811 5197 895 5253 ὅτι
947 5219 965 5251 ι
1024 5203 1392 5275 Οἰκονομήσει
1440 5208 1567 5270 τοὺς
1611 5207 1806 5276 λόγους

191 5278 370 5342 αὐτοῦ
403 5289 461 5341 ὲν
491 5290 696 5359 κρίσει.
747 5310 764 5342 ι
807 5291 873 5345 Τί
902 5292 1010 5366 γὰρ
1041 5295 1124 5348 δεῖ
1169 5299 1567 5370 ἀποκρίνεσθαι
1614 5301 1692 5371 τῷ
1727 5302 1803 5372 μὴ

193 5382 220 5433 ι
233 5379 484 5452 ρωτῶντι
507 5381 598 5435 διὰ
617 5383 676 5434 τὸ
703 5383 895 5454 μαθεῖν
923 5402 938 5452 ;
963 5385 1090 5441 τίδὲ
1109 5387 1191 5441 δεῖ
1213 5389 1432 5460 βάλλειν
1447 5393 1570 5456 τοὺς
1588 5410 1805 5464 μαργα⁹

196 5473 360 5545 ρίτας
390 5473 708 5544 ἔμπροσθεν
736 5477 846 5530 τῶν
880 5481 1120 5552 χοίρων;
1169 5484 1392 5538 Μᾶλλον
1443 5487 1541 5556 μὲν
1571 5482 1689 5552 οὖν,
1729 5487 1806 5550 ὡς

191 5565 299 5620 καὶ
327 5565 592 5637 ἀνωτέρω
609 5570 935 5640 εἰρήκαμεν,
969 5571 1386 5656 φιλανθρωπίας
1412 5578 1532 5630 ἐστὶ
1549 5578 1609 5631 τὸ
1639 5580 1801 5649 σιγᾷν

191 5661 257 5714 ιν
311 5661 424 5722 τοῖς
451 5658 742 5725 τοιούτοις.
805 5663 864 5716 '0
918 5665 1028 5738 γὰρ
1083 5669 1270 5739 ῥηθεὶς
1311 5671 1467 5741 λόγος
1527 5673 1662 5744 πρὸς
1721 5673 1798 5740 τῷ

197 5751 371 5823 μηδὲν
403 5752 714 5822 ὠφελῆσαι,
745 5756 826 5846 ἔτι
860 5760 950 5813 καὶ
985 5763 1366 5835 κατακρίσεως
1395 5769 1651 5838 πρόξενός
1677 5771 1797 5822 ἐστι

265 5935 312 5967 ⁸⁸
340 5933 487 5993 l‘sal.
525 5950 636 6002 cxi,
666 5937 718 5991 5.

1907 2062 2001 2116 Ille
2026 2072 2208 2116 autem
2243 2061 2403 2114 tertio
2431 2059 2570 2114 dixit
2606 2058 2673 2113 ad
2717 2059 2839 2113 illos
2869 2076 2885 2115 :
2922 2057 3061 2124 Quid
3098 2058 3244 2111 enim
3283 2056 3409 2111 mali
3450 2055 3525 2110 fe-

1889 2156 1979 2210 cit
2026 2154 2161 2209 hic?
2210 2152 2425 2206 Nullum
2463 2155 2672 2207 crimen
2717 2152 2949 2220 Capitale
3002 2151 3288 2220 comperio
3333 2152 3383 2203 iu
3419 2166 3508 2205 eo.

1908 2246 2248 2317 Castigatum
2292 2258 2423 2312 ergo
2474 2244 2747 2298 dimittam
2793 2242 2963 2296 Illum.
3003 2241 3072 2294 At
3119 2241 3193 2294 illi
3241 2243 3521 2296 instabant

1906 2340 2134 2404 vocibus
2191 2338 2407 2406 magnis
2456 2337 2796 2407 postulantes
2845 2345 2906 2389 ut
2949 2335 3406 2405 cruciﬁgeretur,
3458 2341 3516 2390 et

1908 2433 2321 2488 invalescebant
2360 2446 2524 2487 voces
2555 2438 2745 2486 eorum
2784 2443 2846 2483 ac
2877 2443 3217 2482 summorum
3257 2425 3526 2482 sacerdo-

1906 2535 2042 2578 tum.
2075 2524 2138 2578 Et
2161 2522 2374 2578 Pilatus
2397 2523 2730 2592 adiudicavit
2765 2531 2822 2574 nt
2855 2520 3011 2576 ﬁeret
3047 2520 3189 2589 quod
3221 2519 3295 2572 illi
3333 2530 3522 2588 postu-

1907 2619 2110 2672 labant.
2149 2618 2369 2672 Dimisit
2416 2629 2598 2672 autem
2647 2617 2754 2669 illis
2791 2631 2915 2670 eum
2965 2615 3055 2685 qui
3107 2621 3328 2682 pmpter
3373 2614 3521 2668 sedi-

1909 2713 2109 2766 tionem
2135 2724 2186 2766 ct
2215 2712 2570 2767 homicidium
2601 2709 2883 2777 conjectns
2918 2708 3094 2761 fuerat
3126 2707 3181 2760 in
3213 2721 3518 2770 carcerem,

1908 2820 2072 2874 quem
2120 2812 2541 2874 poposcerunt:
2591 2800 2778 2856 Jesum
2829 2815 2960 2854 vero
3013 2799 3234 2854 tradidit
3285 2797 3519 2852 arbitrio

1906 2913 2120 2952 eorum.
2162 2896 2226 2951 Et
2259 2911 2382 2949 cum
2417 2896 2779 2960 ahdUCerent,
2816 2891 3304 2963 apprehenderunt
3337 2890 3519 2945 Sittiu-

1909 3004 2029 3044 nem
2077 2989 2373 3059 quemdam
2413 2985 2806 3058 Cyrenensem,
2847 2985 3163 3038 venientem
3199 2998 3384 3037 crure
3418 3000 3432 3039 :
3463 2991 3519 3036 ct

1910 3083 2287 3150 imposuerunt
2333 3081 2406 3135 illi
2445 3095 2690 3144 crucem,
2730 3087 2789 3131 ut
2834 3086 3081 3146 portaret
3136 3087 3258 3146 post
3303 3074 3557 3130 Ji-sum.‘

1912 3173 2256 3241 Sequebatur
2305 3185 2489 3227 autem
2542 3170 2695 3225 illum
2752 3169 2923 3222 multa
2990 3170 3146 3222 turba
3208 3168 3412 3239 populi,
3463 3176 3520 3222 (ἰ

1916 3267 2207 3320 mulierum
2244 3280 2362 3333 qua:
2389 3265 2719 3333 plangebant
2747 3272 2802 3316 et
2829 3262 3277 3330 lamentabantur
3309 3279 3454 3317 enin.
3493 3283 3511 3314 ι

1910 3359 2279 3412 Romanorum
2319 3357 2489 3426 legem
2536 3371 2772 3424 sequens
2830 3354 3059 3420 Pilatus,
3108 3355 3274 3410 mittit
3332 3355 3519 3411 Domi-

1908 3465 2037 3504 num
2069 3452 2136 3505 ad
2187 3449 2483 3504 llerodem.
2529 3449 2625 3502 illa
2660 3449 2806 3504 enim
2840 3459 2996 3503 cavet
3035 3460 3092 3502 ut
3141 3449 3518 3519 u..us;piisque

1908 3560 1935 3596 a
1967 3542 2213 3613 principe
2239 3557 2354 3597 Sua:
2386 3542 2625 3614 regionis
2655 3541 2973 3612 iudicetur:
3007 3542 3129 3595 ideo
3170 3552 3223 3595 et
3253 3553 3515 3612 tanquam

1906 3635 2190 3692 Galilzeum
2241 3635 2420 3691 Jesum
2471 3636 2641 3689 mittit
2692 3635 2922 3705 principi
2959 3633 3221 3690 Galilmze.
3273 3633 3516 3690 llcrodes

1907 3739 2086 3784 autem
2119 3732 2420 3802 gaudebat,
2465 3745 2570 3783 non
2622 3738 2679 3782 ut
2731 3731 2926 3785 animae
2955 3744 3067 3785 auat
3103 3730 3236 3785 utile
3271 3729 3398 3800 quid
3432 3729 3516 3782 lu-

1906 3835 2153 3879 craretur
2183 3839 2247 3879 ex
2289 3821 2610 3894 Spectacqu
2645 3821 2778 3877 Jes’u
2819 3839 2854 3881 εΔ
2881 3824 2975 3878 sed
3005 3824 3133 3893 quia
3167 3824 3415 3877 audierat
3449 3825 3516 3878 de

1905 3919 2149 3988 eoqnod
2184 3917 2404 3987 sapiens
2453 3929 2623 3982 esset,
2665 3926 2720 3972 et
2753 3919 2888 3972 mira
2922 3932 3248 3986 cperaremr
3271 3955 3288 3983 ,
3325 3918 3518 3971 habuit

1905 4015 2132 4066 Stultum
2199 4013 2559 4078 desiderium,
2610 4012 2870 4067 laborans
2922 4012 3266 4067 curiositatis
3319 4014 3515 4073 morbo

1903 4106 2067 4162 etiam
2106 4106 2224 4174 ipse
2250 4115 2308 4159 ut
2349 4107 2562 4160 videret
2592 4106 2832 4161 alienum
2869 4107 3172 4169 hominem,
3202 4113 3256 4160 et
3293 4106 3514 4161 audiret

1902 4197 2034 4268 quid
2066 4197 2157 4251 ille
2199 4198 2425 4253 diceret.
2462 4201 2659 4253 Annon
2707 4201 2872 4254 etiam
2924 4199 3084 4254 hodie
3130 4198 3286 4253 multi
3324 4199 3516 4253 morbo

1904 4290 1997 4344 illo
2046 4290 2344 4345 laboranti
2402 4290 2764 4346 Desiderabat
2816 4293 2960 4346 enim
3022 4301 3075 4345 et
3125 4292 3238 4360 ipse
3294 4291 3512 4362 signum

1904 4383 2176 4451 quoddam
2221 4381 2410 4437 videre
2440 4397 2468 4435 a
2500 4381 2653 4449 Jesn,
2691 4398 2796 4438 non
2828 4394 2883 4436 ut
2913 4381 3080 4455 482
3111 4384 3383 4448 crederet,
3417 4385 3514 4439 sed

1904 4487 1966 4531 ut
1996 4475 2182 4531 oculos
2217 4475 2517 4530 oblectaret
2550 4488 2565 4529 :
2609 4479 2751 4532 sicut
2795 4477 2844 4530 iu
2885 4471 3216 4545 spectaculis
3259 4478 3514 4532 videmus

1903 4568 2334 4638 praestigiatores
2368 4582 2636 4636 apparere
2685 4568 2775 4637 qui
2824 4567 3087 4622 devorent
3131 4579 3421 4637 serpentes
3457 4578 3516 4622 et

2513 4698 2527 4721 ,
2589 4669 2643 4712 et
2701 4660 3062 4713 admiramur.
3117 4657 3303 4714 Talem
3363 4660 3512 4715 enim

1906 4750 2078 4804 ferme
2109 4747 2297 4804 Jesum
2331 4763 2454 4804 esse
2487 4751 2736 4819 putabat.
2764 4747 3346 4819 lnterrogahatautem
3383 4762 3510 4802 eum
3554 4741 3560 4748 ’

1901 4841 2246 4896 sermonibus
2303 4841 2511 4906 multis,
2569 4853 2622 4895 ct
2674 4842 2956 4896 illudentis
3010 4855 3163 4895 more
3217 4841 3510 4904 tractabat,

1902 4945 2067 5004 atque
2114 4933 2167 4987 in
2203 4949 2416 4988 summa
2451 4934 2626 5002 ipsum
2665 4934 3072 5002 subsannabat;
3111 4936 3232 4990 ideo
3258 4945 3312 4989 et
3346 4933 3513 4990 Jesus

1903 5029 2035 5081 nihil
2068 5027 2374 5097 respondit.
2409 5027 2583 5081 Scivit
2613 5029 2762 5082 enim
2795 5031 3017 5098 quando
3047 5027 3509 5096 respondendum,

1902 5121 2198 5189 omniaque
2247 5122 2464 5176 ratione
2517 5119 2678 5186 fecit,
2711 5132 2766 5176 et
2811 5121 3186 5176 testimonium
3225 5121 3436 5188 accepit
3482 5136 3513 5175 a
3563 5191 3570 5198 ι

1909 5213 2080 5268 David
2133 5215 2278 5286 quod
2311 5216 2589 5283 dispenset
2623 5229 2909 5269 sermones
2936 5229 3065 5270 suos
3114 5215 3165 5268 iu
3199 5214 3407 5284 judicio
3440 5214 3513 5268 “.

1908 5307 2045 5374 Quid
2078 5308 2226 5361 enim
2264 5307 2700 5376 t'eSpondendum
2733 5305 2805 5360 illi
2836 5307 2929 5375 qui
2975 5322 3083 5362 non
3121 5308 3422 5375 interrogat
3458 5313 3516 5360 ut

1909 5400 2130 5456 discat?
2179 5401 2318 5468 Quid
2362 5402 2489 5456 item
2532 5401 2848 5472 margarita:
2887 5401 3164 5456 mittendae
3213 5410 3342 5456 ante
3386 5415 3516 5470 por-

1909 5494 2044 5550 cos?
2080 5494 2196 5549 lmo
2245 5494 2496 5564 majoris,
2531 5495 2994 5563 quemadmodum
3041 5509 3205 5563 supra
3245 5495 3510 5561 diximus,

1912 5587 2304 5643 misericordia:
2353 5597 2437 5642 est
2486 5597 2669 5641 tacere
2712 5584 2855 5640 inter
2904 5586 3061 5640 tales.
3114 5586 3307 5639 Sermo
3363 5584 3511 5639 enim

1912 5681 2092 5736 dictus
2124 5692 2490 5750 prieterquam
2535 5681 2680 5750 quod
2717 5680 2849 5734 nihil
2904 5682 3145 5749 prodest,
3183 5679 3362 5732 adhuc
3396 5693 3514 5731 ua-

1908 5776 2041 5844 joris
2084 5773 2558 5830 condemnationls
2595 5787 2756 5829 causa
2805 5787 2884 5828 est
2923 5776 3001 5830 eis
3050 5775 3140 5844 qui
3175 5788 3282 5826 non
3326 5782 3508 5827 atten-
