4046 6518
224 425 355 495 1097

223 539 519 602 ἀπολύσας.

219 636 367 707 ὑμῶν
398 633 462 687 οὐ
493 633 568 704 μὴ
599 632 952 701 φοϐηθῶμεν,
984 630 1122 682 ἀλλὰ
1181 627 1386 697 Κύριος
1441 624 1602 686 αὐτὸς
1657 623 1811 677 ἔσται

221 747 306 798 μοι
371 726 558 797 φόὸος.
624 743 641 776 ι
687 722 998 785 Παιδεύσας
1038 721 1153 784 οὖν,
1201 721 1392 789 φησιν,
1447 716 1730 777 ἀπολύσω,
1788 735 1806 766 ι

217 821 483 882 τουτέστι,
544 817 896 888 σωφρονίσας
949 815 1037 868 διὰ
1083 813 1392 885 μαστίγων.
1427 810 1702 880 ’Δνάγκην
1755 809 1813 862 δὲ

218 909 361 982 είχον
383 913 434 964 οἱ
474 913 740 981 Ῥωμαῖοι
790 910 932 965 κατά
975 909 1172 980 ἑορτὴν
1207 906 1472 960 ἀπολύειν
1498 904 1616 970 ἕνα,
1654 921 1813 974 χαρι-

220 1006 433 1074 ζὸμενοι
494 1009 604 1068 τοῖς
667 1004 968 1067 Ἰουδαίοις.
1051 999 1447 1060 Ὑποσπόνδοις
1493 997 1603 1068 γὰρ
1659 1014 1812 1066 γενο-

221 1098 397 1167 μένοις
449 1097 564 1158 τοῖς
619 1094 936 1158 Ἰουδαίοις,
992 1090 1179 1143 ἄδειαν
1232 1089 1500 1142 δεδώκασι
1547 1086 1688 1138 κατὰ
1743 1084 1811 1138 τὰ

217 1192 389 1243 οίκεία
428 1189 523 1259 ἔθη
567 1189 662 1240 καὶ
696 1187 904 1257 νόμιμα
952 1183 1362 1238 πολιτεύεσθαι.
1401 1181 1562 1244 Ἔθος
1594 1179 1652 1233 δὲ
1701 1180 1807 1232 πά-

218 1297 367 1346 τριον
401 1275 468 1350 ἦν
519 1279 822 1342 Ἰουδαίοις,
846 1276 909 1328 τὸ
947 1293 1020 1328 πα
1035 1277 1103 1345 ρά
1132 1273 1228 1328 τοῦ
1281 1275 1545 1344 ἄρχοντος
1579 1269 1807 1334 ἐξαιτεῖ-

219 1373 339 1426 οθαι
371 1374 493 1435 τοὺς
509 1371 895 1442 κατακρίτους,
941 1371 1132 1439 ὥσπερ
1167 1368 1262 1420 καὶ
1283 1367 1435 1436 παρά
1475 1364 1649 1416 Σαοὺλ
1684 1362 1810 1433 ἐξη-

215 1469 446 1536 τήσαντο
475 1466 566 1517 τὸν
622 1463 900 1517 Ἰωνάθαν.
938 1463 1001 1514 El
1041 1461 1099 1514 δὲ
1133 1461 1230 1531 τὴν
1265 1459 1512 1529 ἱστορίαν
1566 1457 1804 1524 ἀγνοεῖς,

217 1561 396 1630 μέτιθι
422 1559 723 1613 Βασιλειῶν
749 1557 848 1626 τὴν
882 1555 1129 1630 πρώτην,
1163 1556 1257 1608 καλ⁵
1289 1552 1496 1621 ταύτην
1525 1551 1804 1622 εὑρήσεις.

219 1673 234 1702 ι
287 1652 615 1722 Ἀνὲκραξαν
636 1649 715 1712 δὲ,
749 1650 902 1717 φησι,
956 1644 1300 1716 παμπληθεὶ,
1333 1643 1585 1710 λέγοντες
1607 1658 1620 1672 ·
1674 1635 1805 1708 Αἶρε

212 1743 420 1798 τοῦτον.
465 1762 484 1796 ι
520 1743 586 1796 Τί
636 1743 830 1797 τούτου
881 1743 1102 1812 χεῖρον;
1135 1737 1207 1790 Τὸ
1239 1735 1392 1798 ἔθνος
1437 1736 1497 1787 τὸ
1538 1734 1694 1802 ἅγιον
1725 1734 1805 1796 εἰς

215 1838 407 1906 φόνους
445 1835 664 1901 ὲλύττα,
695 1839 722 1888 ὁ
747 1835 959 1897 ἐθνικὸς
1001 1831 1231 1894 Πιλᾶτος
1260 1830 1351 1883 τὸν
1379 1829 1541 1898 φόνον
1571 1826 1803 1897 ἀπετρέο

217 1946 364 1996 πετο,
388 1929 458 1982 τὰ
488 1928 602 1983 ἀνω
645 1927 797 1982 κάτω
841 1925 1079 1994 ἐγένετο.
1122 1943 1139 1976 ι
1179 1919 1311 1995 Αἶρε
1362 1921 1577 1984 τοῦτον,
1612 1921 1800 1990 φασὶν,
1837 1904 1878 1959 Β

211 2021 479 2075 ἀπόλυσον
499 2020 555 2073 δὲ
573 2021 705 2091 ἡμῖν
736 2018 1051 2090 Βιραῦὁᾶν,
1073 2016 1131 2079 ὃς
1152 2015 1487 2084 στασιαστὴς
1504 2011 1581 2065 ὢν
1596 2014 1694 2064 καὶ
1709 2028 1803 2079 φο-

214 2115 354 2180 νεὺς,
381 2113 587 2185 ἐσληθη
605 2115 688 2176 είς
705 2113 977 2182 φυλακήν.
1012 2131 1028 2162 ι
1055 2112 1164 2164 Καὶ
1181 2110 1364 2180 τρίτον
1383 2106 1613 2161 ἀπολύει
1631 2104 1802 2159 Πιλά-

208 2205 421 2272 τος,κο.ἱ
440 2205 619 2276 τρίτον
638 2207 836 2258 ἐκεῖνοι
863 2204 1024 2274 βοῶσι
1041 2202 1179 2255 κατὰ
1199 2199 1460 2272 Χριστοῦ,
1481 2200 1568 2252 ἵνα
1585 2198 1801 2259 πάντως

208 2299 296 2352 διὰ
315 2298 406 2353 τοῦ
431 2298 617 2371 τρίτου
641 2298 833 2351 τούτου
863 2296 1208 2367 βεϐιιώσωσι
1227 2295 1326 2364 τὴν
1343 2293 1552 2347 οἰκείαν
1579 2307 1800 2364 μιαιφο-

208 2392 357 2448 νίανο
385 2393 480 2447 καὶ
523 2393 616 2445 τὸν
650 2391 750 2462 μὲν
782 2391 939 2458 ἆγιον
972 2390 1070 2442 καὶ
1098 2389 1307 2442 δίκαιον
1337 2388 1670 2458 ἠρνήσαντο,
1703 2401 1803 2437 κα·

209 2483 318 2548 θὼς
357 2501 526 2556 φησιν
575 2486 602 2536 ὁ
637 2482 909 2553 μακάριος
941 2482 1168 2551 ΙΙὲτροςο
1220 2470 1492 2550 ᾐτήσαντο
1526 2478 1582 2530 δὲ
1634 2476 1802 2546 ἄνδρα

210 2577 382 2648 φονέα
416 2575 746 2648 χαρισθῆναι
780 2577 989 2639 αὐτοῖς.
1016 2575 1092 2628 Τδ
1121 2573 1230 2644 γὰρ
1262 2574 1451 2642 ὅμοιον
1494 2569 1797 2639 ἀγαπῶσι·

207 2670 407 2726 διὸκαὶ
443 2673 544 2740 τῆς
591 2668 812 2740 μερίδος
860 2667 1029 2722 αὐτοῦ
1077 2669 1345 2738 γίνονται,
1401 2665 1802 2726 στασιάσαντες

209 2765 304 2818 καὶ
349 2763 501 2818 αὐτοὶ
531 2763 672 2816 κατά
713 2762 1028 2832 Ῥωμαίων,
1067 2763 1162 2815 καὶ
1186 2761 1364 2830 φόνων
1394 2758 1608 2830 μυρίων
1639 2757 1804 2810 αἰτιοι

208 2856 492 2927 γενόμενοι
554 2859 650 2912 καὶ
703 2856 801 2925 τῆς
861 2855 1071 2910 ἑαυτῶν
1137 2853 1438 2915 ἀπωλείας.
1495 2850 1686 2904 Ταῦτα
1745 2851 1802 2902 δὲ

207 2949 464 3021 προλέγει
493 2948 591 3001 καὶ
621 2949 688 3001 δι’
725 2948 994 3018 Ἱερεμίου
1030 2947 1058 2998 ὁ
1102 2945 1344 3014 Κύριος·
1383 2963 1400 2995 ι
1465 2943 1803 3012 Ἐγκαταλέ-

207 3041 370 3094 λοιπα
399 3040 490 3092 τὸν
537 3037 686 3093 οἶκόν
745 3057 866 3110 μου,
909 3039 1098 3108 ἀφῆκα
1143 3037 1242 3107 τὴν
1277 3037 1646 3108 κληρονομίαν
1675 3052 1800 3104 μου,

205 3132 418 3188 δέδωκα
457 3132 556 3202 τὴν
607 3131 978 3202 κληρονομίαν
1032 3147 1135 3199 μου
1191 3131 1273 3191 είς
1326 3132 1517 3199 χεῖρας
1568 3128 1798 3199 ἐχθρων.

871 426 1018 486 ENA
1031 425 1074 484 ll
1089 424 1325 485 RATIO
1372 423 1448 482 1N
1483 419 1804 481 EVANGEJ

1911 418 1998 480 JM
2043 416 2279 479 LUCIE.
2320 441 2391 450 —
2420 414 2579 474 CAP.
2625 411 2854 475 ΧΧσΙΙῐ.

611 539 686 592 Οὐ
751 537 860 608 γάρ
909 537 1079 606 ἔμαθε
1130 535 1356 599 λιγειν·
1397 532 1502 585 Τὸν
1557 530 1613 584 δὲ
1654 529 1804 599 φόϐοι

1933 541 2101 582 unum
2138 526 2416 580 dimittere
2443 522 2662 578 .ludaris.
2695 521 2827 576 Tale
2860 520 3005 576 enim
3043 520 3222 578 fmdns
3257 536 3378 576 cum
3427 524 3526 580 Ju-

3391 409 3528 474 101:8

1918 619 2050 673 daeis
2082 617 2338 680 inierant,
2370 626 2428 669 ιιι
2458 615 2692 669 liberum
2728 612 3112 683 permitterent
3143 613 3225 666 eis
3249 612 3406 682 juxta
3448 614 3526 668 le-

1917 713 2105 784 gitima
2146 720 2202 765 et
2233 721 2494 765 consuetu
2529 724 2624 763 sua
2661 708 2865 762 vivere.
2893 706 2959 761 Et
3009 721 3130 760 mos
3165 707 3376 776 patrius
3410 717 3530 761 erat

1916 806 2137 869 Judaeis,
2165 821 2192 856 a
2222 806 2472 873 principe
2503 803 2781 872 judicatos
2830 803 3202 870 petere,sient
3241 811 3295 854 et
3321 819 3347 854 ιι
3396 801 3528 854 Sani

1917 900 2231 970 petiverunt
2284 896 2582 951 Jonathan.
2628 895 2783 962 Quod
2835 895 2880 949 si
2939 893 3226 949 historiam
3281 894 3524 965 ignoras,

1916 994 2052 1046 Vade
2086 993 2153 1044 ad
2184 991 2418 1062 primum
2451 990 2649 1043 lihrnm
2679 986 2881 1058 Regum
2911 989 3052 1051 ",ct
3080 1002 3202 1040 eam
3258 986 3523 1041 invenies.

1922 1098 1939 1136 ι
1968 1085 2358 1140 Clamaverunt
2383 1094 2586 1146 autem,
2614 1083 2812 1150 inquit,
2847 1095 3041 1135 omnes
3079 1080 3347 1146 dicentes,
3375 1077 3528 1134 Tolle

1914 1180 2080 1234 hunc.
2111 1196 2128 1228 ι
2160 1177 2300 1244 Quid
2337 1177 2438 1232 hoc
2468 1176 2659 1245 pejus?
2689 1174 3043 1230 Genssancta
3068 1173 3218 1228 rabie
3252 1173 3523 1244 incaedem

1914 1274 2062 1336 furit,
2105 1284 2160 1326 et
2206 1272 2424 1341 gentilis
2470 1271 2677 1325 Pilatus
2714 1274 2916 1326 t‘IBlClll
2954 1279 3260 1323 aversatur.
3305 1267 3372 1323 Et
3401 1283 3525 1339 quia
3582 1343 3584 1345 _

1911 1383 2150 1430 sursum,
2181 1382 2242 1421 ea
2273 1367 2530 1422 deorsum
2564 1376 2869 1419 vertuntur.
2897 1385 2913 1416 ι
2938 1363 3089 1418 'l‘oile
3112 1364 3278 1430 hunc,
3313 1365 3521 1429 dicunt,

1912 1459 2124 1513 dimitte
2155 1467 2338 1512 autem
2382 1458 2538 1509 nobis
2570 1457 2873 1509 Barahham
2913 1475 2922 1508 :
2958 1455 3198 1525 quicum
3227 1455 3523 1511 seditiosus

1909 1565 2051 1606 esset
2085 1561 2137 1606 et
2159 1550 2455 1612 homicida,
2481 1552 2678 1603 missus
2699 1560 2816 1602 erat
2845 1549 2896 1601 in
2925 1563 3224 1603 carcerem.
3251 1566 3268 1600 ι
3313 1549 3389 1603 En
3413 1560 3527 1603 ter-

1910 1651 1983 1701 tio
2019 1647 2256 1701 altsoltil.
2306 1645 2611 1712 Pilatus,ct
2662 1645 2822 1699 tertio
2875 1645 2948 1699 illi
3003 1655 3190 1698 contra
3241 1643 3522 1699 Christum

1907 1744 2167 1804 clamant,
2203 1751 2259 1793 ιιι
2308 1741 2532 1792 omnino
2593 1739 2751 1793 tertia
2809 1738 2896 1792 illa
2948 1739 3276 1792 tlamatione
3322 1739 3523 1791 caedem

1908 1849 2062 1888 suam
2126 1832 2429 1902 perficiant,
2491 1844 2848 1900 sanetumque
2901 1846 2964 1885 ac
3011 1830 3220 1900 justum
3278 1839 3522 1900 negent:

1909 1928 2048 1981 sicut
2080 1929 2206 1980 dicit
2240 1927 2432 1980 beatus
2483 1927 2699 1989 Petrus,
2742 1924 3056 1980 Petiverunt
3112 1932 3289 1977 autem
3349 1924 3522 1977 virum

1913 2020 2246 2074 homicidam
2283 2020 2400 2072 dari
2435 2020 2540 2073 sibi
2567 2019 2652 2072 ’δι
2685 2019 2985 2089 diligebant
3035 2018 3180 2070 enim
3229 2016 3464 2070 similem
3508 2034 3519 2068 :

1908 2113 2135 2185 proinde
2172 2112 2346 2183 partis
2379 2113 2526 2164 illius
2555 2122 2732 2164 erunt.
2771 2111 2909 2165 Cum
2957 2109 3102 2164 enim
3149 2121 3204 2163 et
3256 2109 3357 2179 ipsi
3394 2124 3525 2162 cnn-

1911 2218 1990 2260 tra
2010 2206 2288 2260 llotnanos
2314 2205 2737 2267 insurrexerint,
2768 2203 3255 2257 innumerabilium
3285 2203 3518 2257 ewditttn

1907 2315 2127 2368 suaeque
2166 2298 2493 2367 perditionis
2528 2307 2782 2351 auctores
2808 2305 2989 2351 erunt.
3029 2294 3154 2350 llaec
3201 2307 3383 2348 autem
3430 2309 3526 2364 per

1907 2390 2202 2446 Jet'emiant
2256 2388 2508 2460 pl‘azdlCil
2562 2385 2851 2449 Dominus,
2907 2405 2924 2437 ι
2971 2386 3243 2454 Der-ellum
3299 2385 3521 2438 domum

1908 2499 2112 2549 meam,
2143 2483 2339 2552 reliqui
2396 2480 2774 2536 hmreditatem
2813 2495 2987 2534 meam
3013 2482 3080 2532 ι’.
3109 2478 3238 2533 Dedi
3289 2479 3523 2533 hau-edi—

1910 2584 2075 2632 tatem
2114 2589 2288 2628 meam
2327 2574 2378 2627 in
2435 2587 2630 2627 manus
2670 2573 3018 2626 inimicorum
3057 2589 3070 2624 :
3106 2571 3249 2626 faeta
3298 2581 3380 2626 est
3418 2574 3526 2626 ha:-

1909 2670 2110 2724 rcditas
2139 2683 2258 2723 mea
2292 2668 2424 2722 mihi
2457 2668 2603 2723 sicut
2651 2666 2735 2721 leo
2771 2666 2821 2720 in
2854 2666 2988 2720 silva
3024 2684 3037 2719 :
3067 2667 3216 2721 dedit
3245 2682 3408 2734 super
3439 2681 3526 2719 tne

1909 2777 2100 2816 vocem
2133 2776 2289 2815 suam
2324 2777 2339 2814 :
2369 2770 2660 2832 preptcrea
2680 2760 2766 2814 odi
2787 2775 2934 2814 eam.
2962 2779 2980 2811 ι
3009 2760 3286 2814 Etiterum
3314 2758 3483 2815 Oscae
3509 2775 3523 2810 :

1912 2875 1930 2908 ι
1979 2854 2067 2909 ναι
2099 2855 2179 2910 eis
2227 2855 2353 2922 quia
2383 2853 2704 2908 resilierunt
2739 2869 2765 2903 a
2804 2868 2888 2918 me
2923 2870 2936 2906 :
2973 2853 3157 2907 miseri
3208 2863 3358 2919 sunt,
3393 2854 3524 2922 quia

1911 2951 2077 3017 impie
2113 2956 2344 3016 egerunt
2389 2949 2442 3001 iu
2486 2962 2594 3000 me.
2625 2945 2735 3016 Ego
2786 2955 2968 2999 autem
3025 2946 3228 3001 redemi
3277 2960 3395 3012 eos,
3423 2946 3523 3012 ipsi

1912 3061 2042 3100 vero
2073 3044 2236 3099 locuti
2276 3052 2404 3098 sunt
2434 3052 2625 3098 contra
2661 3058 2746 3097 me
2793 3043 3079 3097 mendacia
3113 3059 3126 3095 :
3159 3052 3212 3096 et
3241 3043 3436 3096 cadent
3472 3041 3523 3094 in

1908 3153 2004 3193 ore
2038 3138 2202 3209 gladii
2258 3137 2536 3207 principes
2586 3151 2801 3199 eorum,
2865 3145 3087 3205 propter
3145 3135 3520 3204 insipientiam

215 3224 515 3296 Ἐγεννήθη
591 3227 622 3294 ἡ
676 3223 1011 3294 κληρονομία
1068 3239 1169 3292 μου
1207 3223 1359 3291 ἐμοὶ,
1413 3221 1487 3284 ὡς
1543 3220 1681 3274 λέων
1743 3223 1801 3272 ἐν

1911 3232 2109 3303 lingua:
2143 3231 2421 3287 eorum".
2445 3249 2464 3282 ι
2500 3231 2724 3284 Ducitur
2770 3230 2937 3298 igitur
2973 3227 3155 3292 Jestts,
3182 3239 3235 3281 et
3285 3229 3519 3298 primum

207 3318 424 3391 δρυμῷ,
459 3317 658 3371 ἔδωκεν
701 3316 787 3369 ἐπ’
811 3317 910 3388 ἐμὲ
941 3315 1042 3385 τὴν
1076 3313 1258 3386 φωνὴν
1287 3315 1488 3383 αὑτῆςσ
1525 3314 1614 3366 διὰ
1647 3313 1804 3366 τοῦτο

211 3413 452 3483 ἐμίσησα
482 3412 652 3482 αὐτὴν
686 3427 698 3443 ·
742 3431 759 3463 ι
805 3410 899 3463 καὶ
933 3410 1095 3462 πάλιν
1137 3408 1320 3476 Ὠσηὲ,
1365 3425 1382 3458 ι
1427 3407 1563 3460 Ούαὶ
1596 3407 1802 3469 αὐτοῖς,

207 3506 289 3560 ὅτι
322 3505 692 3574 ἀπεπήδησαν
714 3504 806 3555 un‘
845 3500 982 3573 ἐμοῦ
1005 3515 1017 3529 ·
1045 3501 1271 3553 δείλαιοί
1301 3490 1464 3565 εἰσιν,
1485 3501 1568 3553 ὅτι
1599 3501 1803 3568 ἠσέϐη-

207 3615 307 3654 σαν
343 3600 425 3660 εἰς
478 3597 600 3667 ἐμὲ.
649 3597 791 3666 Ἐγὼ
836 3596 1246 3668 ἐλυτρωσάμην
1286 3596 1508 3656 αὐτοὺς,
1541 3594 1698 3646 αὐτοὶ
1747 3591 1804 3645 δὲ

204 3689 588 3761 κατελάλησαν
642 3690 765 3740 κατ’
827 3688 963 3758 ἐμοῦ
1013 3686 1208 3756 ψευδῆ,
1264 3688 1358 3738 καὶ
1402 3683 1699 3737 πεσοῦνται
1749 3683 1806 3734 ἐν

206 3785 442 3853 στόματι
477 3782 750 3853 ῥομφαία,
801 3783 850 3834 οί
895 3782 1157 3854 ἄρχοντες
1213 3779 1396 3832 αὐτῶν
1437 3779 1505 3830 δι’
1545 3776 1806 3830 ἀπαιδευ-

205 3871 330 3925 σίαν
350 3870 599 3941 γλώττης
629 3871 834 3926 αὐτῶν.
867 3890 884 3922 ι
927 3874 1157 3940 Ἀγεται
1187 3871 1366 3923 τοίνυν
1389 3871 1414 3921 ὁ
1463 3867 1679 3938 Ιησοῦς,
1713 3870 1806 3920 καὶ

205 3966 427 4036 πρῶτον
475 3965 574 4036 μὲν
620 3965 901 4036 ἐπέθηκαν
938 3965 1089 4034 αύτῴ
1127 3964 1220 4016 τὸν
1270 3962 1535 4032 σταυρὸν,
1587 3961 1682 4014 καὶ
1715 3960 1809 4030 βα-

205 4057 426 4121 στάζων
495 4057 740 4126 ἐξῆλθεν.
801 4058 935 4112 Ούδὲ
991 4060 1100 4127 γὰρ
1163 4055 1486 4126 κατεδέχετό
1549 4073 1632 4119 τις
1696 4057 1806 4108 τῶν

203 4150 382 4206 ἄλλων
415 4150 686 4221 βαστάσαι
720 4152 904 4216 αὑτὸν,
941 4153 1063 4205 ἐπεὶ
1091 4152 1187 4206 καὶ
1233 4151 1292 4204 τὸ
1326 4151 1482 4216 ξύλον
1533 4151 1803 4205 ἐπικατά-

205 4260 374 4314 ρατον
407 4238 574 4313 εἶχον.
606 4240 736 4297 Εἶτα
769 4245 1020 4316 εὑρόντες
1045 4245 1266 4313 Σίμωνά
1300 4263 1423 4298 τινα
1458 4247 1804 4316 Κυρηναῖον,

202 4336 490 4405 ἐπέθηκαν
551 4337 726 4408 τούτῳ
769 4340 862 4391 τὸν
910 4340 1165 4412 σταυρὸν,
1216 4339 1664 4408 ἀγγαρεύσαντες
1714 4341 1806 4391 τὸν

203 4429 524 4502 ἄνθρωπον,
584 4431 678 4485 καὶ
737 4426 848 4484 οἷόν
902 4449 1025 4484 τινα
1073 4434 1350 4504 ἐπήρειαν
1406 4432 1558 4502 αὑτῶ
1613 4431 1806 4485 τοῦτον

199 4522 491 4586 ἐπιθέντες
526 4523 618 4576 τὸν
670 4524 824 4595 παρά
850 4527 966 4587 τοῖς
998 4525 1181 4589 ἄλλοις
1231 4524 1802 4596 ἁποτροπιαζόμενον.

1910 3326 2130 3394 quidem
2167 3325 2547 3393 imposuerunt
2578 3322 2627 3377 ei
2660 3338 2904 3386 crucem,
2934 3330 2990 3376 et
3029 3321 3277 3392 bajnlans
3328 3322 3520 3374 exivit.

1910 3416 2083 3472 Nemo
2115 3418 2260 3472 enim
2287 3414 2458 3488 484
2488 3415 2627 3469 alius
2657 3431 2778 3468 eam
2813 3416 3098 3485 suscipere
3127 3414 3366 3479 volebat,
3393 3417 3520 3484 quia

1912 3511 2186 3565 habebant
2226 3518 2285 3563 ut
2336 3508 2687 3562 maledictum
2749 3507 2975 3575 lignum.
3029 3507 3235 3561 Deinde
3298 3509 3524 3562 invento

1908 3603 2143 3672 quodam
2181 3600 2407 3656 Simone
2455 3599 2737 3671 Cyrenaeo,
2787 3600 3164 3668 imposuerunt
3197 3602 3248 3654 vi
3284 3602 3520 3671 quadam

1910 3696 1960 3749 ei
2018 3694 2193 3756 illam,
2239 3707 2404 3761 quam
2462 3695 2862 3747 aversabantur
2909 3691 3020 3747 alii.
3065 3691 3379 3746 lnsinuatur
3413 3709 3522 3746 non

1911 3801 2074 3854 parva
2109 3783 2410 3838 admonitio
2442 3784 2542 3836 hoc
2575 3782 2713 3836 loco.
2741 3781 2890 3838 Crux
2927 3785 3072 3838 enim
3109 3793 3189 3838 est
3221 3785 3519 3838 mortiﬁca-

1915 3880 1987 3933 tio
2024 3877 2399 3936 aﬂectionnnt,
2429 3875 2504 3929 ita
2536 3888 2594 3928 ttt
2629 3881 2832 3930 moveri
2870 3887 3150 3946 nequeant
3196 3887 3250 3930 et
3279 3880 3520 3945 Operari.

1911 3972 2048 4029 Nam
2073 3977 2164 4045 qui
2202 3977 2567 4047 cruciﬁgitur.
2591 3975 2760 4028 clavis
2799 3971 3058 4042 adigitur,
3088 3983 3142 4026 et
3171 3975 3389 4042 operari
3422 3989 3521 4027 no-

1911 4070 2050 4134 qnit.
2075 4068 2226 4124 Unde
2253 4070 2448 4124 doctor
2496 4068 2798 4122 secundum
2834 4064 3116 4120 Christum
3166 4065 3329 4119 debet
3372 4066 3525 4134 prior

1911 4161 2027 4232 ipse
2073 4177 2288 4217 crucem
2323 4162 2539 4225 tollere,
2560 4171 2616 4215 et
2647 4174 2845 4216 carnes
2873 4175 3003 4215 suas
3036 4160 3230 4214 timore
3264 4157 3354 4212 Dei
3389 4176 3524 4214 cou-

1912 4253 2102 4324 iigere,
2130 4263 2184 4306 et
2222 4252 2606 4308 affectionibus
2638 4267 2834 4308 carens
2873 4251 3122 4324 fulgere,
3162 4251 3363 4306 deinde
3396 4268 3519 4307 eam

1910 4347 2074 4401 etiam
2125 4346 2466 4402 auditoribus
2498 4346 2800 4416 imponere.
2823 4344 3012 4398 Simon
3040 4344 3186 4399 enim
3219 4345 3524 4399 obedientia

1913 4441 2327 4510 interpretatur.
2360 4439 2620 4503 Impletur
2643 4449 2826 4492 autem
2854 4447 2908 4493 et
2938 4438 3041 4492 hoc
3075 4438 3194 4494 loco
3237 4440 3392 4494 Isaiae
3441 4442 3527 4494 di-

1912 4544 2083 4600 ctum,
2116 4551 2134 4585 ι
2173 4533 2341 4604 Cujus
2395 4533 2732 4603 principatus
2753 4547 2918 4602 super
2946 4533 3236 4588 humerum
3262 4535 3381 4603 ejus
3404 4536 3469 4591 “.
3500 4554 3518 4586 ι

199 4615 519 4668 Λίνίττεται
554 4616 610 4669 δὲ
634 4616 794 4671 τοῦτο
826 4619 886 4670 οὐ
947 4617 1146 4689 μικρὸν
1185 4618 1522 4689 νουθέτημα.
1562 4618 1804 4688 Σταυρὸς

1915 4626 2261 4696 Principatus
2289 4627 2434 4682 enim
2472 4626 2682 4680 Domini
2717 4638 2770 4680 et
2806 4641 3032 4695 regnum
3071 4643 3207 4681 crux
3251 4638 3354 4684 est.
3385 4629 3526 4684 Dicit

203 4709 310 4778 μὲν
332 4711 606 4777 γάρέστιν
637 4711 669 4781 ἡ
705 4710 975 4782 νέκρωσις
1009 4714 1104 4764 καὶ
1134 4711 1504 4784 ἀνενεργησία
1533 4713 1642 4764 τῶν
1695 4728 1803 4765 πα-

199 4803 319 4854 θῶν
345 4805 436 4854 καὶ
466 4804 726 4874 ἀκινησία
751 4820 763 4832 ·
805 4805 834 4857 ὁ
867 4807 978 4875 γάρ
1031 4807 1443 4877 σταυρούμενος
1469 4805 1806 4878 καθηλοῦται

198 4897 301 4948 καὶ
342 4895 638 4966 ἀπρακτεῖ.
687 4897 745 4949 Ὀ
784 4899 967 4951 τοίνυν
1021 4901 1163 4953 κατά
1211 4901 1448 4970 Χριστὸν
1483 4901 1806 4966 διδάσκαλος

199 4987 418 5056 ὀςιείλει
500 4989 720 5056 πρῶτον
772 4991 934 5054 αὐτὸς
987 4992 1078 5044 τὸν
1145 4997 1382 5064 σταυρὸν
1439 4996 1656 5066 αἴρειν,
1711 4998 1806 5050 xui.

195 5079 482 5148 καθηλοῦν
520 5081 616 5143 τάς
656 5085 864 5152 σάρκας
898 5083 1064 5137 αὑτοῦ
1101 5085 1178 5155 τῷ
1209 5086 1359 5157 φόϐῳ
1392 5087 1485 5139 τοῦ
1515 5088 1675 5153 Θεοῦ,
1709 5089 1805 5142 καὶ

197 5175 273 5242 τῇ
344 5173 592 5245 ἀπαθείᾳ
649 5177 1111 5247 λαμπρύνεσθαι,
1177 5175 1277 5232 εἶθ’
1340 5180 1485 5234 οὕτω
1537 5183 1632 5236 καὶ
1699 5185 1813 5247 τοῖς

197 5265 474 5335 ὑπηκόοις
524 5267 712 5320 τοῦτον
762 5270 1115 5323 ἐπιτιθέναι·
1169 5273 1353 5342 Σίμων
1406 5276 1514 5345 γὰρ
1569 5276 1810 5343 ὑπακοὴ

195 5360 597 5430 ἑρμηνεύεται.
623 5362 935 5433 [Ιληροῦται
963 5364 1017 5417 δὲ
1043 5365 1325 5419 κάνταῦθα
1353 5369 1411 5420 τὲ-
1435 5369 1529 5420 τοῦ
1547 5370 1772 5422 Ἡσαΐου
1793 5389 1804 5399 ·

200 5470 223 5506 σ
263 5449 346 5506 Οὖ
375 5455 406 5524 η
438 5455 582 5525 ἀρχὴ
613 5457 700 5507 ἐπὶ
753 5456 846 5509 τοῦ
877 5455 1028 5527 ὤμου
1065 5459 1230 5511 αὐτοῦ
1263 5476 1275 5488 ⁸
1317 5479 1333 5512 ι
1374 5463 1515 5532 ἀρχὴ
1562 5465 1670 5532 γὰρ
1714 5465 1806 5518 τοῦ

188 5546 418 5618 Κυρίου
451 5549 544 5600 καὶ
578 5547 848 5618 βασιλεία,
869 5551 896 5602 ὁ
927 5552 1182 5621 σταυρος.
1207 5554 1344 5624 utqui.
1368 5555 1478 5625 γὰρ
1509 5559 1535 5609 ὁ
1562 5557 1770 5621 Παῦλος
1794 5575 1806 5590 ’

1914 4721 2066 4774 enim
2109 4719 2333 4782 Paulus,
2386 4737 2404 4770 ι
2448 4717 2774 4773 llutniliavit
2818 4723 3174 4788 semetipsum
3227 4736 3401 4791 usque
3453 4723 3521 4776 ad

1916 4820 2167 4875 mortem,
2191 4821 2420 4865 mortem
2453 4822 2632 4864 autem
2666 4813 2847 4868 crucis
2880 4828 2896 4867 :
2927 4812 3052 4868 ideo
3092 4820 3147 4866 et
3191 4812 3334 4868 Deus
3367 4816 3522 4868 exal-

1913 4905 2045 4959 tavit
2095 4905 2242 4959 illum
2272 4905 2372 4968 ³³.»
2397 4916 2503 4958 etc.
2534 4905 2790 4974 Atigitur
2819 4905 2947 4976 qnia
2981 4922 3114 4961 crux
3147 4907 3250 4960 fuit
3273 4907 3525 4961 sublimi-

1916 5008 1998 5052 tas
2038 5008 2089 5052 et
2135 4999 2305 5068 gloria
2351 4997 2503 5063 Jesu,
2539 4999 2732 5052 merito
2781 5000 3122 5068 principatus
3149 5000 3269 5070 ejus
3299 5000 3521 5065 dicitur,

1918 5107 2013 5146 seu
2047 5094 2300 5161 princeps
2331 5093 2447 5163 ejus
2489 5094 2749 5162 dignitas,
2789 5104 2844 5148 et
2887 5098 3193 5167 symbolum
3249 5098 3524 5165 principa-

1918 5198 2002 5242 tus
2030 5190 2131 5254 (ο).
2165 5187 2320 5242 Sient
2372 5191 2516 5243 enim
2569 5191 2815 5260 symbols
2854 5193 3180 5264 dignitatum
3235 5205 3524 5248 senatores

1915 5283 2137 5348 habent,
2164 5299 2333 5338 zonas
2367 5285 2481 5349 alii,
2518 5287 2608 5340 alii
2648 5286 2869 5354 pallium
2899 5305 2910 5340 :
2939 5286 3020 5339 sie
3054 5287 3220 5339 etiam
3265 5286 3525 5342 Christus

1912 5391 2129 5430 crucem
2151 5377 2314 5431 eﬂieit
2344 5374 2492 5448 regni
2524 5380 2606 5432 stti
2635 5379 2963 5449 symbolum.
2994 5380 3055 5432 lit
3092 5381 3137 5434 si
3177 5380 3315 5435 bene
3339 5381 3522 5434 anim-

1911 5472 2236 5534 adverteris,
2289 5471 2533 5525 invenies
2586 5490 2693 5526 non
2729 5476 2888 5526 aliter
2940 5490 3175 5542 regnare
3239 5475 3288 5526 in
3363 5476 3523 5527 nobis

1909 5564 2116 5630 Jesum,
2150 5567 2251 5620 nisi
2286 5583 2383 5637 per
2420 5566 2765 5622 aiﬂictéonem
2802 5588 2813 5622 :
2845 5580 3008 5638 atque
3042 5571 3111 5622 ita
3150 5570 3242 5638 qui
3287 5571 3338 5623 in
3390 5569 3526 5623 deli-

276 5708 324 5742 "
354 5707 372 5764 1
402 5709 533 5781 Reg.
560 5728 671 5766 xrv.
752 5713 795 5744 ’⁸
824 5714 945 5768 Act.
970 5730 1048 5769 ιιι.
1129 5718 1174 5748 ¹⁹
1196 5724 1306 5772 Jer.
1335 5735 1432 5784 xu,
1457 5722 1508 5772 7.
1589 5724 1631 5755 ³ο
1657 5723 1793 5780 Osce

1911 5747 1939 5791 ι,
1973 5729 2161 5784 15-16.
2239 5731 2280 5762 ³ι
2309 5705 2410 5787 ιείι.
2439 5749 2515 5797 ιχ,
2547 5735 2600 5786 ὓ.
2683 5733 2726 5764 ³²
2749 5732 2982 5804 Ρὶιὶιιρμ.
3019 5751 3075 5800 ιι,
3099 5736 3152 5798 8,
3177 5737 3232 5792 9.

272 5854 528 5938 (a):EdAit-.
556 5854 680 5938 μοι.
709 5859 900 5938 Omisit
917 5860 969 5938 i_n
996 5871 1169 5925 texui,
1198 5862 1509 5935 ἀνέκραξαν
1534 5868 1611 5934 δέ,
1645 5879 1800 5938 φησι,

187 5923 532 6001 “maneat
563 5928 849 5992 λέγοντες·
875 5929 1006 6001 Αἶρε
1031 5923 1240 5987 τοῦτον.
1339 5923 1350 5935 ’
1422 5923 1436 5930 ⁷
1599 5923 1610 5934 '
1656 5923 1668 5938 '
1708 5923 1718 5939 ‘

486 6022 763 6084 PA'l'ltUL.
809 6025 922 6088 GR.
973 6027 1239 6088 CXXIII.

1907 5873 2149 6013 ψ,ὃτιὶιιι
2185 5875 2328 5930 Edil.
2385 5875 2508 5934 Lut.
2542 5878 2942 5943 desiderantur,
2992 5899 3111 5952 qua:
3148 5883 3398 5953 prmime
3432 5900 3524 5942 se-

2024 5963 2056 6000 tt
2091 5961 2174 6000 ur.

2024 5963 2174 6000 lllUl'.

3121 6048 3203 6111 35
