  <div class='ocr_page' id='page_1' title='image "/cluster/home/n/w/nwhite01/storage/ocr_20150623/123/uva.x004884189/682.png"; bbox 0 0 4046 6546; ppageno 0'>
   <div class='ocr_carea' id='block_1_1' title="bbox 219 551 350 620">
    <p class='ocr_par' dir='ltr' id='par_1_1' title="bbox 219 551 350 620">
     <span class='ocr_line' id='line_1_1' title="bbox 219 551 350 620; baseline -0.015 0"><span class='ocrx_word' id='word_1_1' title='bbox 219 551 350 620; x_wconf 78' lang='lat' dir='ltr'><strong>ill‘i</strong></span> 
     </span>
    </p>
   </div>
   <div class='ocr_carea' id='block_1_2' title="bbox 863 527 2858 608">
    <p class='ocr_par' dir='ltr' id='par_1_2' title="bbox 863 527 2858 608">
     <span class='ocr_line' id='line_1_2' title="bbox 863 527 2858 608; baseline -0.008 -2"><span class='ocrx_word' id='word_1_2' title='bbox 863 542 1310 608; x_wconf 73' lang='lat' dir='ltr'><strong>ENARRATIO</strong></span> <span class='ocrx_word' id='word_1_3' title='bbox 1354 541 1436 601; x_wconf 81' lang='lat' dir='ltr'><strong>IN</strong></span> <span class='ocrx_word' id='word_1_4' title='bbox 1477 534 1991 601; x_wconf 77' lang='lat' dir='ltr'><strong>EVANGELIUM</strong></span> <span class='ocrx_word' id='word_1_5' title='bbox 2033 534 2275 596; x_wconf 65' lang='lat' dir='ltr'><strong>LUCA&#39;I.</strong></span> <span class='ocrx_word' id='word_1_6' title='bbox 2320 559 2388 570; x_wconf 85' lang='lat'><strong>-</strong></span> <span class='ocrx_word' id='word_1_7' title='bbox 2420 531 2582 592; x_wconf 78' lang='lat' dir='ltr'><strong>CAP.</strong></span> <span class='ocrx_word' id='word_1_8' title='bbox 2624 527 2858 590; x_wconf 77' lang='lat' dir='ltr'><strong>XXIII.</strong></span> 
     </span>
    </p>
   </div>
   <div class='ocr_carea' id='block_1_3' title="bbox 3386 522 3526 589">
    <p class='ocr_par' dir='ltr' id='par_1_3' title="bbox 3386 522 3526 589">
     <span class='ocr_line' id='line_1_3' title="bbox 3386 522 3526 589; baseline 0 0"><span class='ocrx_word' id='word_1_9' title='bbox 3386 522 3526 589; x_wconf 68' lang='lat'><strong>1102</strong></span> 
     </span>
    </p>
   </div>
   <div class='ocr_carea' id='block_1_4' title="bbox 211 643 1817 736">
    <p class='ocr_par' dir='ltr' id='par_1_4' title="bbox 211 650 1808 736">
     <span class='ocr_line' id='line_1_4' title="bbox 211 650 1808 736; baseline -0.013 -13"><span class='ocrx_word' id='word_1_10' title='bbox 211 665 577 736; x_wconf 71' lang='grc' dir='ltr'>ἀναιρεθῆναι.</span> <span class='ocrx_word' id='word_1_11' title='bbox 612 661 722 716; x_wconf 72' lang='grc' dir='ltr'>Καὶ</span> <span class='ocrx_word' id='word_1_12' title='bbox 771 659 866 714; x_wconf 74' lang='grc' dir='ltr'>ὅτε</span> <span class='ocrx_word' id='word_1_13' title='bbox 911 655 1153 729; x_wconf 75' lang='grc' dir='ltr'><strong>ἐπῆλθον</strong></span> <span class='ocrx_word' id='word_1_14' title='bbox 1204 655 1298 707; x_wconf 73' lang='grc' dir='ltr'><strong>ἐπὶ</strong></span> <span class='ocrx_word' id='word_1_15' title='bbox 1355 653 1447 706; x_wconf 80' lang='grc' dir='ltr'><strong>τὸν</strong></span> <span class='ocrx_word' id='word_1_16' title='bbox 1489 651 1658 707; x_wconf 82' lang='grc' dir='ltr'>τόπον</span> <span class='ocrx_word' id='word_1_17' title='bbox 1715 650 1808 704; x_wconf 78' lang='grc' dir='ltr'><strong>τὸν</strong></span> 
     </span>
    </p>
   </div>
   <div class='ocr_carea' id='block_1_5' title="bbox 1928 643 3522 736">
    <p class='ocr_par' dir='ltr' id='par_1_5' title="bbox 1928 643 3522 710">
     <span class='ocr_line' id='line_1_5' title="bbox 1928 643 3522 710; baseline -0.011 -5"><span class='ocrx_word' id='word_1_18' title='bbox 1928 649 2102 706; x_wconf 80' lang='lat' dir='ltr'><strong>norosi</strong></span> <span class='ocrx_word' id='word_1_19' title='bbox 2158 663 2280 703; x_wconf 81' lang='lat' dir='ltr'><strong>cum</strong></span> <span class='ocrx_word' id='word_1_20' title='bbox 2315 660 2402 709; x_wconf 88' lang='lat' dir='ltr'><strong>eo,</strong></span> <span class='ocrx_word' id='word_1_21' title='bbox 2429 655 2484 700; x_wconf 81' lang='grc' dir='ltr'><strong>ιιι</strong></span> <span class='ocrx_word' id='word_1_22' title='bbox 2517 643 2961 699; x_wconf 81' lang='lat' dir='ltr'><strong>interﬁcerentur</strong></span> <span class='ocrx_word' id='word_1_23' title='bbox 2990 651 3004 697; x_wconf 74' lang='grc' dir='ltr'>ζ</span> <span class='ocrx_word' id='word_1_24' title='bbox 3030 647 3086 693; x_wconf 92' lang='lat' dir='ltr'><strong>et</strong></span> <span class='ocrx_word' id='word_1_25' title='bbox 3109 647 3398 710; x_wconf 73' lang='lat' dir='ltr'><strong>postquam</strong></span> <span class='ocrx_word' id='word_1_26' title='bbox 3431 657 3522 691; x_wconf 69' lang='grc' dir='ltr'><strong>γι·-</strong></span> 
     </span>
    </p>
   </div>
   <div class='ocr_carea' id='block_1_6' title="bbox 210 744 1808 832">
    <p class='ocr_par' dir='ltr' id='par_1_6' title="bbox 210 744 1808 832">
     <span class='ocr_line' id='line_1_6' title="bbox 210 744 1808 832; baseline -0.01 -19"><span class='ocrx_word' id='word_1_27' title='bbox 210 761 502 832; x_wconf 73' lang='grc' dir='ltr'>λεγὸμενον</span> <span class='ocrx_word' id='word_1_28' title='bbox 560 753 833 825; x_wconf 80' lang='grc' dir='ltr'>Κρανίον,</span> <span class='ocrx_word' id='word_1_29' title='bbox 890 753 1007 805; x_wconf 78' lang='grc' dir='ltr'>ἐκεῖ</span> <span class='ocrx_word' id='word_1_30' title='bbox 1055 747 1414 817; x_wconf 69' lang='grc' dir='ltr'><strong>ἐσταύρωσαν</strong></span> <span class='ocrx_word' id='word_1_31' title='bbox 1474 745 1662 810; x_wconf 75' lang='grc' dir='ltr'>αὐτὸν,</span> <span class='ocrx_word' id='word_1_32' title='bbox 1713 744 1808 798; x_wconf 74' lang='grc' dir='ltr'><strong>καὶ</strong></span> 
     </span>
    </p>
   </div>
   <div class='ocr_carea' id='block_1_7' title="bbox 218 839 1800 920">
    <p class='ocr_par' dir='ltr' id='par_1_7' title="bbox 218 839 1800 920">
     <span class='ocr_line' id='line_1_7' title="bbox 218 839 1800 920; baseline -0.01 -13"><span class='ocrx_word' id='word_1_33' title='bbox 218 854 330 916; x_wconf 76' lang='grc' dir='ltr'>τοὺς</span> <span class='ocrx_word' id='word_1_34' title='bbox 377 848 747 920; x_wconf 67' lang='grc' dir='ltr'><strong>κακούργους,</strong></span> <span class='ocrx_word' id='word_1_35' title='bbox 771 846 850 907; x_wconf 54' lang='grc' dir='ltr'>δνκ</span> <span class='ocrx_word' id='word_1_36' title='bbox 871 846 973 916; x_wconf 76' lang='grc' dir='ltr'>μὲν</span> <span class='ocrx_word' id='word_1_37' title='bbox 1024 845 1090 898; x_wconf 84' lang='grc' dir='ltr'>ὲκ</span> <span class='ocrx_word' id='word_1_38' title='bbox 1130 841 1348 907; x_wconf 79' lang='grc' dir='ltr'>δεξῶν,</span> <span class='ocrx_word' id='word_1_39' title='bbox 1391 840 1451 893; x_wconf 82' lang='grc' dir='ltr'>ὃν</span> <span class='ocrx_word' id='word_1_40' title='bbox 1483 839 1538 894; x_wconf 72' lang='grc' dir='ltr'>δὲ</span> <span class='ocrx_word' id='word_1_41' title='bbox 1574 840 1634 905; x_wconf 77' lang='grc' dir='ltr'><strong>ἐξ</strong></span> <span class='ocrx_word' id='word_1_42' title='bbox 1673 839 1800 910; x_wconf 85' lang='grc' dir='ltr'>άρι-</span> 
     </span>
    </p>
   </div>
   <div class='ocr_carea' id='block_1_8' title="bbox 216 932 1804 1014">
    <p class='ocr_par' dir='ltr' id='par_1_8' title="bbox 216 932 1804 1014">
     <span class='ocr_line' id='line_1_8' title="bbox 216 932 1804 1014; baseline -0.025 -14"><span class='ocrx_word' id='word_1_43' title='bbox 216 943 438 1014; x_wconf 61' lang='grc' dir='ltr'>πτερῶν.</span> <span class='ocrx_word' id='word_1_44' title='bbox 476 940 535 996; x_wconf 87' lang='lat' dir='ltr'><strong>&#39;O</strong></span> <span class='ocrx_word' id='word_1_45' title='bbox 581 939 639 994; x_wconf 77' lang='grc' dir='ltr'>δὲ</span> <span class='ocrx_word' id='word_1_46' title='bbox 678 937 895 1011; x_wconf 80' lang='grc' dir='ltr'>Ἰησοῦς</span> <span class='ocrx_word' id='word_1_47' title='bbox 940 936 1132 1005; x_wconf 71' lang='grc' dir='ltr'>ἔλεγε*</span> <span class='ocrx_word' id='word_1_48' title='bbox 1171 935 1378 1005; x_wconf 79' lang='grc' dir='ltr'>Πάτερ,</span> <span class='ocrx_word' id='word_1_49' title='bbox 1406 933 1546 1001; x_wconf 72' lang='grc' dir='ltr'><strong>ἄφες</strong></span> <span class='ocrx_word' id='word_1_50' title='bbox 1578 932 1764 995; x_wconf 64' lang='grc' dir='ltr'>αὐτοῖς</span> <span class='ocrx_word' id='word_1_51' title='bbox 1789 946 1804 961; x_wconf 91' lang='grc'><strong>.</strong></span> 
     </span>
    </p>
   </div>
   <div class='ocr_carea' id='block_1_9' title="bbox 212 1024 1813 1108">
    <p class='ocr_par' dir='ltr' id='par_1_9' title="bbox 212 1024 1813 1108">
     <span class='ocr_line' id='line_1_9' title="bbox 212 1024 1813 1108; baseline -0.009 -18"><span class='ocrx_word' id='word_1_52' title='bbox 212 1039 271 1108; x_wconf 63' lang='grc' dir='ltr'>οι)</span> <span class='ocrx_word' id='word_1_53' title='bbox 297 1033 600 1107; x_wconf 77' lang='grc' dir='ltr'>γάροῖδασι</span> <span class='ocrx_word' id='word_1_54' title='bbox 630 1032 684 1084; x_wconf 87' lang='grc' dir='ltr'><strong>τί</strong></span> <span class='ocrx_word' id='word_1_55' title='bbox 709 1030 946 1085; x_wconf 80' lang='grc' dir='ltr'>ποιοῦσι.</span> <span class='ocrx_word' id='word_1_56' title='bbox 986 1026 1446 1098; x_wconf 73' lang='grc' dir='ltr'>Διαμεριξὸμενοι</span> <span class='ocrx_word' id='word_1_57' title='bbox 1476 1024 1533 1079; x_wconf 65' lang='grc' dir='ltr'>δὲ</span> <span class='ocrx_word' id='word_1_58' title='bbox 1579 1024 1649 1078; x_wconf 85' lang='grc' dir='ltr'><strong>τά</strong></span> <span class='ocrx_word' id='word_1_59' title='bbox 1678 1024 1813 1095; x_wconf 83' lang='grc' dir='ltr'>ίμά-</span> 
     </span>
    </p>
   </div>
   <div class='ocr_carea' id='block_1_10' title="bbox 212 1115 1811 1195">
    <p class='ocr_par' dir='ltr' id='par_1_10' title="bbox 212 1115 1811 1195">
     <span class='ocr_line' id='line_1_10' title="bbox 212 1115 1811 1195; baseline -0.011 -11"><span class='ocrx_word' id='word_1_60' title='bbox 212 1149 298 1185; x_wconf 89' lang='grc' dir='ltr'><strong>τια</strong></span> <span class='ocrx_word' id='word_1_61' title='bbox 347 1127 539 1189; x_wconf 78' lang='grc' dir='ltr'>αὑτοῦ.</span> <span class='ocrx_word' id='word_1_62' title='bbox 578 1125 773 1180; x_wconf 75' lang='grc' dir='ltr'>ἔϐαλον</span> <span class='ocrx_word' id='word_1_63' title='bbox 831 1123 1092 1195; x_wconf 83' lang='grc' dir='ltr'><strong>κλήρους.</strong></span> <span class='ocrx_word' id='word_1_64' title='bbox 1130 1121 1240 1176; x_wconf 75' lang='grc' dir='ltr'>Καὶ</span> <span class='ocrx_word' id='word_1_65' title='bbox 1294 1119 1542 1188; x_wconf 77' lang='grc' dir='ltr'><strong>εἱστήκει</strong></span> <span class='ocrx_word' id='word_1_66' title='bbox 1596 1117 1625 1169; x_wconf 93' lang='lat'><strong>6</strong></span> <span class='ocrx_word' id='word_1_67' title='bbox 1681 1115 1811 1179; x_wconf 66' lang='grc' dir='ltr'>λαὸς</span> 
     </span>
    </p>
   </div>
   <div class='ocr_carea' id='block_1_11' title="bbox 218 1206 1812 1292">
    <p class='ocr_par' dir='ltr' id='par_1_11' title="bbox 218 1206 1812 1292">
     <span class='ocr_line' id='line_1_11' title="bbox 218 1206 1812 1292; baseline -0.01 -16"><span class='ocrx_word' id='word_1_68' title='bbox 218 1220 457 1292; x_wconf 74' lang='grc' dir='ltr'>θεωρῶν.</span> <span class='ocrx_word' id='word_1_69' title='bbox 517 1215 984 1287; x_wconf 74' lang='grc' dir='ltr'>Ἑξιμυκτήριζον</span> <span class='ocrx_word' id='word_1_70' title='bbox 1042 1213 1100 1267; x_wconf 75' lang='grc' dir='ltr'>δὲ</span> <span class='ocrx_word' id='word_1_71' title='bbox 1151 1212 1247 1268; x_wconf 67' lang='grc' dir='ltr'>καὶ</span> <span class='ocrx_word' id='word_1_72' title='bbox 1305 1210 1355 1264; x_wconf 84' lang='lat' dir='ltr'><strong>oi</strong></span> <span class='ocrx_word' id='word_1_73' title='bbox 1404 1209 1669 1280; x_wconf 76' lang='grc' dir='ltr'>ἄρχοντες</span> <span class='ocrx_word' id='word_1_74' title='bbox 1713 1206 1812 1260; x_wconf 82' lang='grc' dir='ltr'><strong>σὺν</strong></span> 
     </span>
    </p>
   </div>
   <div class='ocr_carea' id='block_1_12' title="bbox 217 1299 1813 1379">
    <p class='ocr_par' dir='ltr' id='par_1_12' title="bbox 217 1299 1813 1379">
     <span class='ocr_line' id='line_1_12' title="bbox 217 1299 1813 1379; baseline -0.011 -10"><span class='ocrx_word' id='word_1_75' title='bbox 217 1314 399 1376; x_wconf 74' lang='grc' dir='ltr'>αὐτοῖς</span> <span class='ocrx_word' id='word_1_76' title='bbox 426 1310 703 1379; x_wconf 80' lang='grc' dir='ltr'>λέγοντες·</span> <span class='ocrx_word' id='word_1_77' title='bbox 736 1306 970 1370; x_wconf 83' lang='grc' dir='ltr'>Ἀλλους</span> <span class='ocrx_word' id='word_1_78' title='bbox 1024 1305 1216 1366; x_wconf 77' lang='grc' dir='ltr'>ἔσωσε,</span> <span class='ocrx_word' id='word_1_79' title='bbox 1247 1301 1480 1357; x_wconf 83' lang='grc' dir='ltr'>σωσάτω</span> <span class='ocrx_word' id='word_1_80' title='bbox 1513 1299 1732 1364; x_wconf 70' lang='grc' dir='ltr'>ἑαυτὸν,</span> <span class='ocrx_word' id='word_1_81' title='bbox 1763 1301 1813 1353; x_wconf 81' lang='grc' dir='ltr'><strong>εί</strong></span> 
     </span>
    </p>
   </div>
   <div class='ocr_carea' id='block_1_13' title="bbox 211 1393 1813 1468">
    <p class='ocr_par' dir='ltr' id='par_1_13' title="bbox 211 1393 1813 1468">
     <span class='ocr_line' id='line_1_13' title="bbox 211 1393 1813 1468; baseline -0.008 -11"><span class='ocrx_word' id='word_1_82' title='bbox 211 1397 364 1466; x_wconf 71' lang='grc' dir='ltr'>οὗτός</span> <span class='ocrx_word' id='word_1_83' title='bbox 398 1403 546 1454; x_wconf 70' lang='grc' dir='ltr'>ἐστιν</span> <span class='ocrx_word' id='word_1_84' title='bbox 573 1399 602 1451; x_wconf 94' lang='lat'><strong>6</strong></span> <span class='ocrx_word' id='word_1_85' title='bbox 636 1396 871 1468; x_wconf 80' lang='grc' dir='ltr'>Χριστὸς</span> <span class='ocrx_word' id='word_1_86' title='bbox 905 1397 934 1449; x_wconf 97' lang='lat'><strong>6</strong></span> <span class='ocrx_word' id='word_1_87' title='bbox 966 1395 1056 1450; x_wconf 78' lang='grc' dir='ltr'>τοῦ</span> <span class='ocrx_word' id='word_1_88' title='bbox 1083 1393 1222 1448; x_wconf 78' lang='grc' dir='ltr'>Θεοῦ</span> <span class='ocrx_word' id='word_1_89' title='bbox 1247 1393 1532 1458; x_wconf 81' lang='grc' dir='ltr'>ἐκλεκτός.</span> <span class='ocrx_word' id='word_1_90' title='bbox 1559 1393 1813 1446; x_wconf 83' lang='grc' dir='ltr'>Ἐνέπαι-</span> 
     </span>
    </p>
   </div>
   <div class='ocr_carea' id='block_1_14' title="bbox 213 1484 1812 1562">
    <p class='ocr_par' dir='ltr' id='par_1_14' title="bbox 213 1484 1812 1562">
     <span class='ocr_line' id='line_1_14' title="bbox 213 1484 1812 1562; baseline -0.006 -15"><span class='ocrx_word' id='word_1_91' title='bbox 213 1494 304 1560; x_wconf 80' lang='grc' dir='ltr'>ζον</span> <span class='ocrx_word' id='word_1_92' title='bbox 336 1492 394 1546; x_wconf 77' lang='grc' dir='ltr'><strong>δὲ</strong></span> <span class='ocrx_word' id='word_1_93' title='bbox 428 1489 578 1562; x_wconf 79' lang='grc' dir='ltr'>αὑτῷ</span> <span class='ocrx_word' id='word_1_94' title='bbox 609 1489 703 1543; x_wconf 76' lang='grc' dir='ltr'>καὶ</span> <span class='ocrx_word' id='word_1_95' title='bbox 747 1487 797 1542; x_wconf 89' lang='grc' dir='ltr'><strong>οῑ</strong></span> <span class='ocrx_word' id='word_1_96' title='bbox 855 1487 1193 1558; x_wconf 83' lang='grc' dir='ltr'>στρατιῶται</span> <span class='ocrx_word' id='word_1_97' title='bbox 1227 1484 1684 1557; x_wconf 78' lang='grc' dir='ltr'><strong>προσερχόμενοι,</strong></span> <span class='ocrx_word' id='word_1_98' title='bbox 1715 1484 1812 1538; x_wconf 83' lang='grc' dir='ltr'>καὶ</span> 
     </span>
    </p>
   </div>
   <div class='ocr_carea' id='block_1_15' title="bbox 212 1573 1813 1655">
    <p class='ocr_par' dir='ltr' id='par_1_15' title="bbox 212 1573 1813 1655">
     <span class='ocr_line' id='line_1_15' title="bbox 212 1573 1813 1655; baseline -0.006 -15"><span class='ocrx_word' id='word_1_99' title='bbox 212 1587 330 1652; x_wconf 78' lang='grc' dir='ltr'>ὅξος</span> <span class='ocrx_word' id='word_1_100' title='bbox 387 1582 796 1655; x_wconf 79' lang='grc' dir='ltr'>προσφέροντες</span> <span class='ocrx_word' id='word_1_101' title='bbox 857 1579 1029 1650; x_wconf 74' lang='grc' dir='ltr'>αὐτῷ,</span> <span class='ocrx_word' id='word_1_102' title='bbox 1060 1580 1156 1634; x_wconf 68' lang='grc' dir='ltr'>καὶ</span> <span class='ocrx_word' id='word_1_103' title='bbox 1205 1578 1483 1647; x_wconf 79' lang='grc' dir='ltr'>λέγοντες·</span> <span class='ocrx_word' id='word_1_104' title='bbox 1517 1579 1578 1632; x_wconf 82' lang='lat' dir='ltr'><strong>Ei</strong></span> <span class='ocrx_word' id='word_1_105' title='bbox 1612 1577 1677 1631; x_wconf 80' lang='grc' dir='ltr'><strong>σὺ</strong></span> <span class='ocrx_word' id='word_1_106' title='bbox 1712 1573 1763 1630; x_wconf 74' lang='grc' dir='ltr'>εἴ</span> <span class='ocrx_word' id='word_1_107' title='bbox 1785 1578 1813 1631; x_wconf 91' lang='lat'><strong>6</strong></span> 
     </span>
    </p>
   </div>
   <div class='ocr_carea' id='block_1_16' title="bbox 214 1665 1812 1745">
    <p class='ocr_par' dir='ltr' id='par_1_16' title="bbox 214 1665 1812 1745">
     <span class='ocr_line' id='line_1_16' title="bbox 214 1665 1812 1745; baseline -0.004 -17"><span class='ocrx_word' id='word_1_108' title='bbox 214 1675 467 1745; x_wconf 67' lang='grc' dir='ltr'>βασιλεὺς</span> <span class='ocrx_word' id='word_1_109' title='bbox 493 1673 603 1726; x_wconf 84' lang='grc' dir='ltr'>τῶν</span> <span class='ocrx_word' id='word_1_110' title='bbox 635 1671 936 1737; x_wconf 86' lang='grc' dir='ltr'>Ἰουδαίων,</span> <span class='ocrx_word' id='word_1_111' title='bbox 971 1671 1146 1724; x_wconf 81' lang='grc' dir='ltr'>σῶσον</span> <span class='ocrx_word' id='word_1_112' title='bbox 1201 1671 1451 1724; x_wconf 83' lang='grc' dir='ltr'>σεαυτόν.</span> <span class='ocrx_word' id='word_1_113' title='bbox 1482 1665 1594 1724; x_wconf 85' lang='grc' dir='ltr'>Ἦν</span> <span class='ocrx_word' id='word_1_114' title='bbox 1628 1669 1684 1724; x_wconf 77' lang='grc' dir='ltr'><strong>δὲ</strong></span> <span class='ocrx_word' id='word_1_115' title='bbox 1717 1672 1812 1725; x_wconf 79' lang='grc' dir='ltr'><strong>καὶ</strong></span> 
     </span>
    </p>
   </div>
   <div class='ocr_carea' id='block_1_17' title="bbox 214 1762 1814 1839">
    <p class='ocr_par' dir='ltr' id='par_1_17' title="bbox 214 1762 1814 1839">
     <span class='ocr_line' id='line_1_17' title="bbox 214 1762 1814 1839; baseline -0.003 -18"><span class='ocrx_word' id='word_1_116' title='bbox 214 1772 247 1839; x_wconf 81' lang='grc' dir='ltr'>ἡ</span> <span class='ocrx_word' id='word_1_117' title='bbox 276 1765 558 1839; x_wconf 71' lang='grc' dir='ltr'>ἐπιγραφὴ</span> <span class='ocrx_word' id='word_1_118' title='bbox 578 1766 945 1836; x_wconf 62' lang='grc' dir='ltr'>γεγραμμένη</span> <span class='ocrx_word' id='word_1_119' title='bbox 969 1766 1057 1817; x_wconf 73' lang='grc' dir='ltr'><strong>ἐπ’</strong></span> <span class='ocrx_word' id='word_1_120' title='bbox 1084 1762 1237 1835; x_wconf 77' lang='grc' dir='ltr'><strong>αὑτῷ</strong></span> <span class='ocrx_word' id='word_1_121' title='bbox 1256 1763 1584 1834; x_wconf 81' lang='grc' dir='ltr'>γράμμασιν</span> <span class='ocrx_word' id='word_1_122' title='bbox 1621 1762 1814 1832; x_wconf 82' lang='grc' dir='ltr'>Ἐλλη-</span> 
     </span>
    </p>
   </div>
   <div class='ocr_carea' id='block_1_18' title="bbox 211 1850 1812 1929">
    <p class='ocr_par' dir='ltr' id='par_1_18' title="bbox 211 1850 1812 1929">
     <span class='ocr_line' id='line_1_18' title="bbox 211 1850 1812 1929; baseline -0.003 -15"><span class='ocrx_word' id='word_1_123' title='bbox 211 1863 421 1924; x_wconf 88' lang='grc' dir='ltr'>νικοῖς,</span> <span class='ocrx_word' id='word_1_124' title='bbox 483 1860 579 1913; x_wconf 71' lang='grc' dir='ltr'><strong>καὶ</strong></span> <span class='ocrx_word' id='word_1_125' title='bbox 653 1858 1007 1929; x_wconf 80' lang='grc' dir='ltr'>Ῥωμαϊκοῖς,</span> <span class='ocrx_word' id='word_1_126' title='bbox 1066 1858 1159 1910; x_wconf 79' lang='grc' dir='ltr'>καὶ</span> <span class='ocrx_word' id='word_1_127' title='bbox 1217 1856 1569 1929; x_wconf 76' lang='grc' dir='ltr'>Ἐὅραῖκοῖς’</span> <span class='ocrx_word' id='word_1_128' title='bbox 1641 1850 1812 1920; x_wconf 74' lang='grc' dir='ltr'>Οὗτός</span> 
     </span>
    </p>
   </div>
   <div class='ocr_carea' id='block_1_19' title="bbox 214 1950 1813 2024">
    <p class='ocr_par' dir='ltr' id='par_1_19' title="bbox 214 1950 1813 2024">
     <span class='ocr_line' id='line_1_19' title="bbox 214 1950 1813 2024; baseline -0.005 -12"><span class='ocrx_word' id='word_1_129' title='bbox 214 1961 359 2012; x_wconf 74' lang='grc' dir='ltr'>ἐστιν</span> <span class='ocrx_word' id='word_1_130' title='bbox 408 1955 436 2008; x_wconf 92' lang='lat'><strong>6</strong></span> <span class='ocrx_word' id='word_1_131' title='bbox 484 1955 739 2024; x_wconf 78' lang='grc' dir='ltr'>βασιλεὺς</span> <span class='ocrx_word' id='word_1_132' title='bbox 795 1953 907 2007; x_wconf 84' lang='grc' dir='ltr'><strong>τῶν</strong></span> <span class='ocrx_word' id='word_1_133' title='bbox 935 1953 1232 2008; x_wconf 77' lang='grc' dir='ltr'>Ἰουδαίων.</span> <span class='ocrx_word' id='word_1_134' title='bbox 1280 1971 1298 2005; x_wconf 73' lang='grc' dir='ltr'><strong>ι</strong></span> <span class='ocrx_word' id='word_1_135' title='bbox 1341 1952 1596 2022; x_wconf 78' lang='grc' dir='ltr'>Πονηράν</span> <span class='ocrx_word' id='word_1_136' title='bbox 1653 1950 1813 2019; x_wconf 80' lang='grc' dir='ltr'>δόξαν</span> 
     </span>
    </p>
   </div>
   <div class='ocr_carea' id='block_1_20' title="bbox 1914 732 3529 807">
    <p class='ocr_par' dir='ltr' id='par_1_20' title="bbox 1914 732 3529 807">
     <span class='ocr_line' id='line_1_20' title="bbox 1914 732 3529 807; baseline -0.006 -8"><span class='ocrx_word' id='word_1_137' title='bbox 1914 754 2113 799; x_wconf 81' lang='lat' dir='ltr'><strong>nerunt</strong></span> <span class='ocrx_word' id='word_1_138' title='bbox 2149 743 2200 796; x_wconf 92' lang='lat' dir='ltr'><strong>in</strong></span> <span class='ocrx_word' id='word_1_139' title='bbox 2235 740 2414 794; x_wconf 83' lang='lat' dir='ltr'><strong>locum</strong></span> <span class='ocrx_word' id='word_1_140' title='bbox 2457 739 2548 807; x_wconf 85' lang='lat' dir='ltr'><strong>qui</strong></span> <span class='ocrx_word' id='word_1_141' title='bbox 2587 745 2813 790; x_wconf 77' lang='lat' dir='ltr'><strong>vocatur</strong></span> <span class='ocrx_word' id='word_1_142' title='bbox 2836 732 3202 801; x_wconf 82' lang='lat' dir='ltr'><strong>Calvariu,ibi</strong></span> <span class='ocrx_word' id='word_1_143' title='bbox 3235 733 3529 789; x_wconf 72' lang='lat' dir='ltr'><strong>Cl‘tlt&#39;IIi\(“</strong></span> 
     </span>
    </p>
   </div>
   <div class='ocr_carea' id='block_1_21' title="bbox 1916 828 3524 893">
    <p class='ocr_par' dir='ltr' id='par_1_21' title="bbox 1916 828 3524 893">
     <span class='ocr_line' id='line_1_21' title="bbox 1916 828 3524 893; baseline -0.009 -1"><span class='ocrx_word' id='word_1_144' title='bbox 1916 846 2040 892; x_wconf 92' lang='lat' dir='ltr'><strong>runt</strong></span> <span class='ocrx_word' id='word_1_145' title='bbox 2070 851 2195 891; x_wconf 87' lang='lat' dir='ltr'><strong>eum</strong></span> <span class='ocrx_word' id='word_1_146' title='bbox 2248 844 2303 888; x_wconf 91' lang='lat' dir='ltr'><strong>et</strong></span> <span class='ocrx_word' id='word_1_147' title='bbox 2353 831 2718 891; x_wconf 77' lang='lat' dir='ltr'><strong>facinorosos,</strong></span> <span class='ocrx_word' id='word_1_148' title='bbox 2760 842 2927 882; x_wconf 91' lang='lat' dir='ltr'><strong>unum</strong></span> <span class='ocrx_word' id='word_1_149' title='bbox 2955 842 2984 880; x_wconf 85' lang='lat' dir='ltr'><strong>a</strong></span> <span class='ocrx_word' id='word_1_150' title='bbox 3020 828 3251 893; x_wconf 80' lang='lat' dir='ltr'><strong>dextris,</strong></span> <span class='ocrx_word' id='word_1_151' title='bbox 3291 829 3524 882; x_wconf 80' lang='lat' dir='ltr'><strong>alterum</strong></span> 
     </span>
    </p>
   </div>
   <div class='ocr_carea' id='block_1_22' title="bbox 1913 919 3522 986">
    <p class='ocr_par' dir='ltr' id='par_1_22' title="bbox 1913 919 3522 986">
     <span class='ocr_line' id='line_1_22' title="bbox 1913 919 3522 986; baseline -0.004 -2"><span class='ocrx_word' id='word_1_152' title='bbox 1913 946 1939 984; x_wconf 87' lang='lat' dir='ltr'><strong>a</strong></span> <span class='ocrx_word' id='word_1_153' title='bbox 1973 925 2409 985; x_wconf 76' lang='lat' dir='ltr'><strong>sinistrisJesns</strong></span> <span class='ocrx_word' id='word_1_154' title='bbox 2434 933 2617 979; x_wconf 87' lang='lat' dir='ltr'><strong>autem</strong></span> <span class='ocrx_word' id='word_1_155' title='bbox 2646 921 2899 976; x_wconf 70' lang='lat' dir='ltr'><strong>dicebat:</strong></span> <span class='ocrx_word' id='word_1_156' title='bbox 2921 919 3104 985; x_wconf 79' lang='lat' dir='ltr'><strong>Pater,</strong></span> <span class='ocrx_word' id='word_1_157' title='bbox 3134 920 3350 976; x_wconf 87' lang='lat' dir='ltr'><strong>remitte</strong></span> <span class='ocrx_word' id='word_1_158' title='bbox 3391 922 3522 986; x_wconf 87' lang='lat' dir='ltr'><strong>illis,</strong></span> 
     </span>
    </p>
   </div>
   <div class='ocr_carea' id='block_1_23' title="bbox 1914 1014 3524 1088">
    <p class='ocr_par' dir='ltr' id='par_1_23' title="bbox 1914 1014 3524 1088">
     <span class='ocr_line' id='line_1_23' title="bbox 1914 1014 3524 1088; baseline -0.005 -10"><span class='ocrx_word' id='word_1_159' title='bbox 1914 1021 2170 1078; x_wconf 88' lang='lat' dir='ltr'><strong>nesciunt</strong></span> <span class='ocrx_word' id='word_1_160' title='bbox 2211 1021 2358 1076; x_wconf 90' lang='lat' dir='ltr'><strong>enim</strong></span> <span class='ocrx_word' id='word_1_161' title='bbox 2403 1016 2532 1088; x_wconf 84' lang='lat' dir='ltr'><strong>quid</strong></span> <span class='ocrx_word' id='word_1_162' title='bbox 2576 1017 2803 1070; x_wconf 78' lang='lat' dir='ltr'><strong>l’arinnt.</strong></span> <span class='ocrx_word' id='word_1_163' title='bbox 2835 1014 3152 1070; x_wconf 83' lang='lat' dir='ltr'><strong>Dividentes</strong></span> <span class='ocrx_word' id='word_1_164' title='bbox 3184 1030 3317 1071; x_wconf 88' lang='lat' dir='ltr'><strong>vero</strong></span> <span class='ocrx_word' id='word_1_165' title='bbox 3355 1019 3524 1072; x_wconf 82' lang='lat' dir='ltr'><strong>vcsti-</strong></span> 
     </span>
    </p>
   </div>
   <div class='ocr_carea' id='block_1_24' title="bbox 1915 1107 3524 1185">
    <p class='ocr_par' dir='ltr' id='par_1_24' title="bbox 1915 1107 3524 1185">
     <span class='ocr_line' id='line_1_24' title="bbox 1915 1107 3524 1185; baseline -0.006 -13"><span class='ocrx_word' id='word_1_166' title='bbox 1915 1125 2098 1171; x_wconf 89' lang='lat' dir='ltr'><strong>menta</strong></span> <span class='ocrx_word' id='word_1_167' title='bbox 2128 1114 2268 1185; x_wconf 84' lang='lat' dir='ltr'><strong>ejus.</strong></span> <span class='ocrx_word' id='word_1_168' title='bbox 2287 1115 2555 1167; x_wconf 87' lang='lat' dir='ltr'><strong>miserunt</strong></span> <span class='ocrx_word' id='word_1_169' title='bbox 2587 1119 2816 1167; x_wconf 88' lang='lat' dir='ltr'><strong>sortem.</strong></span> <span class='ocrx_word' id='word_1_170' title='bbox 2843 1109 2912 1164; x_wconf 87' lang='lat' dir='ltr'><strong>Et</strong></span> <span class='ocrx_word' id='word_1_171' title='bbox 2934 1107 3116 1164; x_wconf 85' lang='lat' dir='ltr'><strong>stabat</strong></span> <span class='ocrx_word' id='word_1_172' title='bbox 3139 1109 3369 1179; x_wconf 89' lang='lat' dir='ltr'><strong>populus</strong></span> <span class='ocrx_word' id='word_1_173' title='bbox 3394 1125 3524 1182; x_wconf 84' lang='lat' dir='ltr'><strong>spe-</strong></span> 
     </span>
    </p>
   </div>
   <div class='ocr_carea' id='block_1_25' title="bbox 1915 1202 3524 1275">
    <p class='ocr_par' dir='ltr' id='par_1_25' title="bbox 1915 1202 3524 1275">
     <span class='ocr_line' id='line_1_25' title="bbox 1915 1202 3524 1275; baseline -0.004 -10"><span class='ocrx_word' id='word_1_174' title='bbox 1915 1218 2093 1272; x_wconf 85' lang='lat' dir='ltr'><strong>etans,</strong></span> <span class='ocrx_word' id='word_1_175' title='bbox 2136 1216 2191 1260; x_wconf 91' lang='lat' dir='ltr'><strong>et</strong></span> <span class='ocrx_word' id='word_1_176' title='bbox 2221 1205 2540 1261; x_wconf 81' lang='lat' dir='ltr'><strong>deridebant</strong></span> <span class='ocrx_word' id='word_1_177' title='bbox 2569 1217 2693 1259; x_wconf 82' lang='lat' dir='ltr'><strong>eum</strong></span> <span class='ocrx_word' id='word_1_178' title='bbox 2727 1202 3006 1275; x_wconf 92' lang='lat' dir='ltr'><strong>principes</strong></span> <span class='ocrx_word' id='word_1_179' title='bbox 3035 1217 3159 1256; x_wconf 89' lang='lat' dir='ltr'><strong>cum</strong></span> <span class='ocrx_word' id='word_1_180' title='bbox 3193 1203 3295 1268; x_wconf 85' lang='lat' dir='ltr'><strong>eis,</strong></span> <span class='ocrx_word' id='word_1_181' title='bbox 3333 1203 3524 1259; x_wconf 87' lang='lat' dir='ltr'><strong>dicen-</strong></span> 
     </span>
    </p>
   </div>
   <div class='ocr_carea' id='block_1_26' title="bbox 1917 1295 3528 1369">
    <p class='ocr_par' dir='ltr' id='par_1_26' title="bbox 1917 1295 3528 1369">
     <span class='ocr_line' id='line_1_26' title="bbox 1917 1295 3528 1369; baseline -0.004 -11"><span class='ocrx_word' id='word_1_182' title='bbox 1917 1312 2000 1359; x_wconf 83' lang='lat' dir='ltr'><strong>tes</strong></span> <span class='ocrx_word' id='word_1_183' title='bbox 2029 1318 2043 1357; x_wconf 91' lang='lat'><strong>:</strong></span> <span class='ocrx_word' id='word_1_184' title='bbox 2070 1301 2221 1358; x_wconf 84' lang='lat' dir='ltr'><strong>Alios</strong></span> <span class='ocrx_word' id='word_1_185' title='bbox 2281 1299 2543 1368; x_wconf 89' lang='lat' dir='ltr'><strong>servavit,</strong></span> <span class='ocrx_word' id='word_1_186' title='bbox 2599 1307 2783 1354; x_wconf 86' lang='lat' dir='ltr'><strong>servet</strong></span> <span class='ocrx_word' id='word_1_187' title='bbox 2829 1297 3093 1369; x_wconf 86' lang='lat' dir='ltr'><strong>seipsnm,</strong></span> <span class='ocrx_word' id='word_1_188' title='bbox 3118 1295 3162 1352; x_wconf 93' lang='lat' dir='ltr'><strong>si</strong></span> <span class='ocrx_word' id='word_1_189' title='bbox 3198 1295 3288 1353; x_wconf 87' lang='lat' dir='ltr'><strong>hic</strong></span> <span class='ocrx_word' id='word_1_190' title='bbox 3324 1306 3411 1350; x_wconf 86' lang='lat' dir='ltr'><strong>est</strong></span> <span class='ocrx_word' id='word_1_191' title='bbox 3440 1296 3528 1352; x_wconf 87' lang='lat' dir='ltr'><strong>ille</strong></span> 
     </span>
    </p>
   </div>
   <div class='ocr_carea' id='block_1_27' title="bbox 1916 1389 3528 1461">
    <p class='ocr_par' dir='ltr' id='par_1_27' title="bbox 1916 1389 3528 1461">
     <span class='ocr_line' id='line_1_27' title="bbox 1916 1389 3528 1461; baseline -0.003 -10"><span class='ocrx_word' id='word_1_192' title='bbox 1916 1395 2188 1461; x_wconf 77' lang='lat' dir='ltr'><strong>Christus,</strong></span> <span class='ocrx_word' id='word_1_193' title='bbox 2235 1393 2326 1448; x_wconf 91' lang='lat' dir='ltr'><strong>ille</strong></span> <span class='ocrx_word' id='word_1_194' title='bbox 2375 1392 2470 1448; x_wconf 87' lang='lat' dir='ltr'><strong>Dei</strong></span> <span class='ocrx_word' id='word_1_195' title='bbox 2523 1390 2755 1448; x_wconf 87' lang='lat' dir='ltr'><strong>electus.</strong></span> <span class='ocrx_word' id='word_1_196' title='bbox 2799 1389 3108 1445; x_wconf 86' lang='lat' dir='ltr'><strong>llludebant</strong></span> <span class='ocrx_word' id='word_1_197' title='bbox 3157 1397 3342 1444; x_wconf 83' lang='lat' dir='ltr'><strong>autem</strong></span> <span class='ocrx_word' id='word_1_198' title='bbox 3392 1389 3443 1444; x_wconf 86' lang='lat' dir='ltr'><strong>ei</strong></span> <span class='ocrx_word' id='word_1_199' title='bbox 3473 1398 3528 1446; x_wconf 90' lang='lat' dir='ltr'><strong>et</strong></span> 
     </span>
    </p>
   </div>
   <div class='ocr_carea' id='block_1_28' title="bbox 1918 1482 3530 1550">
    <p class='ocr_par' dir='ltr' id='par_1_28' title="bbox 1918 1482 3530 1550">
     <span class='ocr_line' id='line_1_28' title="bbox 1918 1482 3530 1550; baseline -0.003 -6"><span class='ocrx_word' id='word_1_200' title='bbox 1918 1488 2139 1550; x_wconf 81' lang='lat' dir='ltr'><strong>milites,</strong></span> <span class='ocrx_word' id='word_1_201' title='bbox 2172 1487 2497 1542; x_wconf 78' lang='lat' dir='ltr'><strong>accedentes</strong></span> <span class='ocrx_word' id='word_1_202' title='bbox 2523 1495 2574 1540; x_wconf 91' lang='lat' dir='ltr'><strong>et</strong></span> <span class='ocrx_word' id='word_1_203' title='bbox 2606 1493 2820 1540; x_wconf 87' lang='lat' dir='ltr'><strong>acetum</strong></span> <span class='ocrx_word' id='word_1_204' title='bbox 2846 1482 3141 1539; x_wconf 73' lang='lat' dir='ltr'><strong>oderentes</strong></span> <span class='ocrx_word' id='word_1_205' title='bbox 3167 1482 3530 1546; x_wconf 84' lang='lat' dir='ltr'><strong>ei.dicentes-</strong></span> 
     </span>
    </p>
   </div>
   <div class='ocr_carea' id='block_1_29' title="bbox 1915 1575 3526 1650">
    <p class='ocr_par' dir='ltr' id='par_1_29' title="bbox 1915 1575 3526 1650">
     <span class='ocr_line' id='line_1_29' title="bbox 1915 1575 3526 1650; baseline -0.001 -17"><span class='ocrx_word' id='word_1_206' title='bbox 1915 1595 2022 1650; x_wconf 85' lang='lat' dir='ltr'><strong>que</strong></span> <span class='ocrx_word' id='word_1_207' title='bbox 2053 1598 2068 1638; x_wconf 87' lang='lat'><strong>:</strong></span> <span class='ocrx_word' id='word_1_208' title='bbox 2098 1579 2154 1636; x_wconf 86' lang='lat' dir='ltr'><strong>Si</strong></span> <span class='ocrx_word' id='word_1_209' title='bbox 2206 1590 2262 1634; x_wconf 86' lang='lat' dir='ltr'><strong>tu</strong></span> <span class='ocrx_word' id='word_1_210' title='bbox 2312 1594 2372 1636; x_wconf 89' lang='lat' dir='ltr'><strong>es</strong></span> <span class='ocrx_word' id='word_1_211' title='bbox 2429 1578 2519 1633; x_wconf 88' lang='lat' dir='ltr'><strong>ille</strong></span> <span class='ocrx_word' id='word_1_212' title='bbox 2575 1591 2667 1630; x_wconf 80' lang='lat' dir='ltr'><strong>rex</strong></span> <span class='ocrx_word' id='word_1_213' title='bbox 2719 1575 3058 1640; x_wconf 69' lang='lat' dir='ltr'><strong>Judworutn,</strong></span> <span class='ocrx_word' id='word_1_214' title='bbox 3087 1577 3300 1632; x_wconf 84' lang='lat' dir='ltr'><strong>salvqu</strong></span> <span class='ocrx_word' id='word_1_215' title='bbox 3336 1586 3388 1631; x_wconf 92' lang='lat' dir='ltr'><strong>te</strong></span> <span class='ocrx_word' id='word_1_216' title='bbox 3417 1575 3526 1633; x_wconf 77' lang='lat' dir='ltr'><strong>fac.</strong></span> 
     </span>
    </p>
   </div>
   <div class='ocr_carea' id='block_1_30' title="bbox 1916 1669 3531 1740">
    <p class='ocr_par' dir='ltr' id='par_1_30' title="bbox 1916 1669 3531 1740">
     <span class='ocr_line' id='line_1_30' title="bbox 1916 1669 3531 1740; baseline -0.001 -12"><span class='ocrx_word' id='word_1_217' title='bbox 1916 1673 2046 1728; x_wconf 72' lang='lat' dir='ltr'><strong>Erat</strong></span> <span class='ocrx_word' id='word_1_218' title='bbox 2078 1680 2258 1727; x_wconf 86' lang='lat' dir='ltr'><strong>autem</strong></span> <span class='ocrx_word' id='word_1_219' title='bbox 2292 1678 2347 1726; x_wconf 92' lang='lat' dir='ltr'><strong>et</strong></span> <span class='ocrx_word' id='word_1_220' title='bbox 2376 1669 2658 1738; x_wconf 80' lang='lat' dir='ltr'><strong>inscriptio</strong></span> <span class='ocrx_word' id='word_1_221' title='bbox 2691 1670 2898 1739; x_wconf 88' lang='lat' dir='ltr'><strong>scripta</strong></span> <span class='ocrx_word' id='word_1_222' title='bbox 2948 1685 3115 1740; x_wconf 86' lang='lat' dir='ltr'><strong>super</strong></span> <span class='ocrx_word' id='word_1_223' title='bbox 3143 1686 3270 1726; x_wconf 90' lang='lat' dir='ltr'><strong>cum</strong></span> <span class='ocrx_word' id='word_1_224' title='bbox 3329 1671 3531 1726; x_wconf 86' lang='lat' dir='ltr'><strong>litteris</strong></span> 
     </span>
    </p>
   </div>
   <div class='ocr_carea' id='block_1_31' title="bbox 1915 1753 3612 1830">
    <p class='ocr_par' dir='ltr' id='par_1_31' title="bbox 1915 1753 3612 1830">
     <span class='ocr_line' id='line_1_31' title="bbox 1915 1753 3612 1830; baseline -0.005 -9"><span class='ocrx_word' id='word_1_225' title='bbox 1915 1765 2198 1830; x_wconf 67' lang='lat' dir='ltr'><strong>Grtecis,et</strong></span> <span class='ocrx_word' id='word_1_226' title='bbox 2232 1763 2461 1828; x_wconf 88' lang='lat' dir='ltr'><strong>Latinis,</strong></span> <span class='ocrx_word' id='word_1_227' title='bbox 2486 1769 2541 1818; x_wconf 90' lang='lat' dir='ltr'><strong>et</strong></span> <span class='ocrx_word' id='word_1_228' title='bbox 2568 1753 2860 1818; x_wconf 85' lang='lat' dir='ltr'><strong>Hebraicis</strong></span> <span class='ocrx_word' id='word_1_229' title='bbox 2894 1779 2907 1816; x_wconf 90' lang='lat'><strong>:</strong></span> <span class='ocrx_word' id='word_1_230' title='bbox 2946 1760 3042 1817; x_wconf 91' lang='lat' dir='ltr'><strong>llic</strong></span> <span class='ocrx_word' id='word_1_231' title='bbox 3075 1771 3158 1818; x_wconf 81' lang='lat' dir='ltr'><strong>est</strong></span> <span class='ocrx_word' id='word_1_232' title='bbox 3185 1779 3278 1820; x_wconf 74' lang='lat' dir='ltr'><strong>rex</strong></span> <span class='ocrx_word' id='word_1_233' title='bbox 3310 1761 3534 1821; x_wconf 71' lang='lat' dir='ltr'><strong>Judteo-</strong></span> <span class='ocrx_word' id='word_1_234' title='bbox 3607 1805 3612 1812; x_wconf 35' lang='grc' dir='ltr'>χ</span> 
     </span>
    </p>
   </div>
   <div class='ocr_carea' id='block_1_32' title="bbox 1916 1855 3529 1928">
    <p class='ocr_par' dir='ltr' id='par_1_32' title="bbox 1916 1855 3529 1928">
     <span class='ocr_line' id='line_1_32' title="bbox 1916 1855 3529 1928; baseline -0.001 -13"><span class='ocrx_word' id='word_1_235' title='bbox 1916 1876 2110 1915; x_wconf 62' lang='lat' dir='ltr'><strong>rum.»</strong></span> <span class='ocrx_word' id='word_1_236' title='bbox 2172 1857 2434 1914; x_wconf 81' lang='lat' dir='ltr'><strong>Diabolus</strong></span> <span class='ocrx_word' id='word_1_237' title='bbox 2469 1855 2657 1912; x_wconf 85' lang='lat' dir='ltr'><strong>volens</strong></span> <span class='ocrx_word' id='word_1_238' title='bbox 2706 1855 3000 1912; x_wconf 89' lang='lat' dir='ltr'><strong>Dominum</strong></span> <span class='ocrx_word' id='word_1_239' title='bbox 3053 1873 3250 1928; x_wconf 77' lang='lat' dir='ltr'><strong>magna</strong></span> <span class='ocrx_word' id='word_1_240' title='bbox 3304 1857 3529 1914; x_wconf 83' lang='lat' dir='ltr'><strong>infamia</strong></span> 
     </span>
    </p>
   </div>
   <div class='ocr_carea' id='block_1_33' title="bbox 1921 1951 3530 2026">
    <p class='ocr_par' dir='ltr' id='par_1_33' title="bbox 1921 1951 3530 2026">
     <span class='ocr_line' id='line_1_33' title="bbox 1921 1951 3530 2026; baseline 0.001 -16"><span class='ocrx_word' id='word_1_241' title='bbox 1921 1965 2235 2025; x_wconf 77' lang='lat' dir='ltr'><strong>aspergere,</strong></span> <span class='ocrx_word' id='word_1_242' title='bbox 2284 1952 2416 2009; x_wconf 80' lang='lat' dir='ltr'><strong>facit</strong></span> <span class='ocrx_word' id='word_1_243' title='bbox 2471 1951 2720 2026; x_wconf 80' lang='lat' dir='ltr'><strong>cruciﬁgi</strong></span> <span class='ocrx_word' id='word_1_244' title='bbox 2776 1969 2901 2008; x_wconf 89' lang='lat' dir='ltr'><strong>cum</strong></span> <span class='ocrx_word' id='word_1_245' title='bbox 2931 1969 2998 2010; x_wconf 89' lang='lat' dir='ltr'><strong>eo</strong></span> <span class='ocrx_word' id='word_1_246' title='bbox 3028 1965 3084 2009; x_wconf 90' lang='lat' dir='ltr'><strong>et</strong></span> <span class='ocrx_word' id='word_1_247' title='bbox 3116 1955 3357 2012; x_wconf 82' lang='lat' dir='ltr'><strong>latrones</strong></span> <span class='ocrx_word' id='word_1_248' title='bbox 3390 1975 3403 2011; x_wconf 92' lang='lat'><strong>:</strong></span> <span class='ocrx_word' id='word_1_249' title='bbox 3435 1957 3530 2013; x_wconf 85' lang='lat' dir='ltr'><strong>sed</strong></span> 
     </span>
    </p>
   </div>
   <div class='ocr_carea' id='block_1_34' title="bbox 217 2020 1817 2117">
    <p class='ocr_par' dir='ltr' id='par_1_34' title="bbox 217 2020 1815 2115">
     <span class='ocr_line' id='line_1_34' title="bbox 217 2020 1815 2115; baseline -0.004 -12"><span class='ocrx_word' id='word_1_250' title='bbox 217 2020 651 2112; x_wconf 78' lang='grc' dir='ltr'>κατασκευάζειν</span> <span class='ocrx_word' id='word_1_251' title='bbox 695 2046 899 2101; x_wconf 82' lang='grc' dir='ltr'>ὲθέλων</span> <span class='ocrx_word' id='word_1_252' title='bbox 936 2043 1032 2099; x_wconf 76' lang='grc' dir='ltr'><strong>τοῦ</strong></span> <span class='ocrx_word' id='word_1_253' title='bbox 1092 2043 1299 2115; x_wconf 79' lang='grc' dir='ltr'>Κυρίου</span> <span class='ocrx_word' id='word_1_254' title='bbox 1337 2020 1683 2114; x_wconf 26' lang='grc' dir='ltr'>διδιάϐολος,</span> <span class='ocrx_word' id='word_1_255' title='bbox 1719 2044 1815 2098; x_wconf 71' lang='grc' dir='ltr'>καὶ</span> 
     </span>
    </p>
   </div>
   <div class='ocr_carea' id='block_1_35' title="bbox 1928 2020 3533 2117">
    <p class='ocr_par' dir='ltr' id='par_1_35' title="bbox 1928 2045 3533 2117">
     <span class='ocr_line' id='line_1_35' title="bbox 1928 2045 3533 2117; baseline 0.004 -20"><span class='ocrx_word' id='word_1_256' title='bbox 1928 2046 2046 2101; x_wconf 75' lang='lat' dir='ltr'><strong>ride</strong></span> <span class='ocrx_word' id='word_1_257' title='bbox 2088 2047 2361 2116; x_wconf 81' lang='lat' dir='ltr'><strong>qnontodo</strong></span> <span class='ocrx_word' id='word_1_258' title='bbox 2396 2055 2449 2100; x_wconf 93' lang='lat' dir='ltr'><strong>et</strong></span> <span class='ocrx_word' id='word_1_259' title='bbox 2487 2061 2595 2100; x_wconf 90' lang='lat' dir='ltr'><strong>uno</strong></span> <span class='ocrx_word' id='word_1_260' title='bbox 2624 2045 2872 2117; x_wconf 83' lang='lat' dir='ltr'><strong>privatus</strong></span> <span class='ocrx_word' id='word_1_261' title='bbox 2905 2045 2998 2111; x_wconf 86' lang='lat' dir='ltr'><strong>sit,</strong></span> <span class='ocrx_word' id='word_1_262' title='bbox 3021 2055 3074 2101; x_wconf 90' lang='lat' dir='ltr'><strong>ct</strong></span> <span class='ocrx_word' id='word_1_263' title='bbox 3105 2045 3209 2102; x_wconf 91' lang='lat' dir='ltr'><strong>hoc</strong></span> <span class='ocrx_word' id='word_1_264' title='bbox 3247 2048 3315 2101; x_wconf 89' lang='lat' dir='ltr'><strong>ad</strong></span> <span class='ocrx_word' id='word_1_265' title='bbox 3354 2045 3533 2116; x_wconf 80' lang='lat' dir='ltr'><strong>majo-</strong></span> 
     </span>
    </p>
   </div>
   <div class='ocr_carea' id='block_1_36' title="bbox 217 2136 1813 2216">
    <p class='ocr_par' dir='ltr' id='par_1_36' title="bbox 217 2136 1813 2216">
     <span class='ocr_line' id='line_1_36' title="bbox 217 2136 1813 2216; baseline -0.005 -21"><span class='ocrx_word' id='word_1_266' title='bbox 217 2141 420 2216; x_wconf 73' lang='grc' dir='ltr'>λῃστὰς</span> <span class='ocrx_word' id='word_1_267' title='bbox 447 2143 624 2195; x_wconf 69' lang='grc' dir='ltr'>ἐποίει</span> <span class='ocrx_word' id='word_1_268' title='bbox 663 2138 1296 2210; x_wconf 83' lang='grc' dir='ltr'>συσταυροῦσθαιαὺτῷ.</span> <span class='ocrx_word' id='word_1_269' title='bbox 1334 2137 1478 2192; x_wconf 77' lang='grc' dir='ltr'>Ἀλλ’</span> <span class='ocrx_word' id='word_1_270' title='bbox 1528 2139 1634 2209; x_wconf 82' lang='grc' dir='ltr'><strong>ὅρα</strong></span> <span class='ocrx_word' id='word_1_271' title='bbox 1693 2136 1813 2202; x_wconf 83' lang='grc' dir='ltr'><strong>πῶς</strong></span> 
     </span>
    </p>
   </div>
   <div class='ocr_carea' id='block_1_37' title="bbox 214 2231 1816 2308">
    <p class='ocr_par' dir='ltr' id='par_1_37' title="bbox 214 2231 1816 2308">
     <span class='ocr_line' id='line_1_37' title="bbox 214 2231 1816 2308; baseline -0.004 -18"><span class='ocrx_word' id='word_1_272' title='bbox 214 2238 305 2290; x_wconf 70' lang='grc' dir='ltr'><strong>καὶ</strong></span> <span class='ocrx_word' id='word_1_273' title='bbox 331 2237 423 2290; x_wconf 59' lang='grc' dir='ltr'>τὸν</span> <span class='ocrx_word' id='word_1_274' title='bbox 455 2236 551 2289; x_wconf 74' lang='grc' dir='ltr'>ἕνα</span> <span class='ocrx_word' id='word_1_275' title='bbox 599 2233 874 2308; x_wconf 68' lang='grc' dir='ltr'>ἀφῃρέθη,</span> <span class='ocrx_word' id='word_1_276' title='bbox 913 2234 1008 2285; x_wconf 73' lang='grc' dir='ltr'><strong>καὶ</strong></span> <span class='ocrx_word' id='word_1_277' title='bbox 1046 2233 1250 2302; x_wconf 77' lang='grc' dir='ltr'>μᾶλλον</span> <span class='ocrx_word' id='word_1_278' title='bbox 1281 2232 1418 2303; x_wconf 73' lang='grc' dir='ltr'>πρὸς</span> <span class='ocrx_word' id='word_1_279' title='bbox 1451 2233 1610 2297; x_wconf 81' lang='grc' dir='ltr'>δόξαν</span> <span class='ocrx_word' id='word_1_280' title='bbox 1645 2231 1816 2285; x_wconf 87' lang='grc' dir='ltr'>πλείω</span> 
     </span>
    </p>
   </div>
   <div class='ocr_carea' id='block_1_38' title="bbox 212 2325 1814 2400">
    <p class='ocr_par' dir='ltr' id='par_1_38' title="bbox 212 2325 1814 2400">
     <span class='ocr_line' id='line_1_38' title="bbox 212 2325 1814 2400; baseline -0.003 -18"><span class='ocrx_word' id='word_1_281' title='bbox 212 2330 307 2384; x_wconf 67' lang='grc' dir='ltr'>τοῦ</span> <span class='ocrx_word' id='word_1_282' title='bbox 352 2331 560 2400; x_wconf 79' lang='grc' dir='ltr'>Κυρίου</span> <span class='ocrx_word' id='word_1_283' title='bbox 608 2328 767 2381; x_wconf 81' lang='grc' dir='ltr'>τοῦτο</span> <span class='ocrx_word' id='word_1_284' title='bbox 803 2327 1018 2394; x_wconf 76' lang='grc' dir='ltr'>γέγονε.</span> <span class='ocrx_word' id='word_1_285' title='bbox 1047 2325 1171 2378; x_wconf 81' lang='grc' dir='ltr'>Τῶν</span> <span class='ocrx_word' id='word_1_286' title='bbox 1218 2326 1318 2396; x_wconf 84' lang='grc' dir='ltr'>μὲν</span> <span class='ocrx_word' id='word_1_287' title='bbox 1369 2326 1480 2398; x_wconf 75' lang='grc' dir='ltr'><strong>γὰρ</strong></span> <span class='ocrx_word' id='word_1_288' title='bbox 1509 2328 1557 2380; x_wconf 77' lang='grc' dir='ltr'>οἱ</span> <span class='ocrx_word' id='word_1_289' title='bbox 1589 2329 1814 2397; x_wconf 67' lang='grc' dir='ltr'>σταυροὶ</span> 
     </span>
    </p>
   </div>
   <div class='ocr_carea' id='block_1_39' title="bbox 211 2417 1810 2492">
    <p class='ocr_par' dir='ltr' id='par_1_39' title="bbox 211 2417 1810 2492">
     <span class='ocr_line' id='line_1_39' title="bbox 211 2417 1810 2492; baseline -0.004 -16"><span class='ocrx_word' id='word_1_290' title='bbox 211 2423 336 2477; x_wconf 66' lang='grc' dir='ltr'>οὐδὲ</span> <span class='ocrx_word' id='word_1_291' title='bbox 371 2422 748 2492; x_wconf 81' lang='grc' dir='ltr'>ὲζητήθησαν,</span> <span class='ocrx_word' id='word_1_292' title='bbox 775 2421 869 2474; x_wconf 78' lang='grc' dir='ltr'><strong>τοῦ</strong></span> <span class='ocrx_word' id='word_1_293' title='bbox 901 2420 958 2473; x_wconf 82' lang='grc' dir='ltr'>δὲ</span> <span class='ocrx_word' id='word_1_294' title='bbox 993 2421 1100 2483; x_wconf 83' lang='grc' dir='ltr'>πᾶς</span> <span class='ocrx_word' id='word_1_295' title='bbox 1136 2421 1164 2472; x_wconf 91' lang='lat'><strong>6</strong></span> <span class='ocrx_word' id='word_1_296' title='bbox 1191 2419 1396 2489; x_wconf 79' lang='grc' dir='ltr'>κόσμος</span> <span class='ocrx_word' id='word_1_297' title='bbox 1429 2417 1776 2490; x_wconf 69' lang='grc' dir='ltr'>ἐκκρέμαται</span> <span class='ocrx_word' id='word_1_298' title='bbox 1804 2439 1810 2446; x_wconf 93' lang='grc'><strong>·</strong></span> 
     </span>
    </p>
   </div>
   <div class='ocr_carea' id='block_1_40' title="bbox 214 2511 1814 2588">
    <p class='ocr_par' dir='ltr' id='par_1_40' title="bbox 214 2511 1814 2588">
     <span class='ocr_line' id='line_1_40' title="bbox 214 2511 1814 2588; baseline -0.004 -18"><span class='ocrx_word' id='word_1_299' title='bbox 214 2517 313 2571; x_wconf 74' lang='grc' dir='ltr'>καὶ</span> <span class='ocrx_word' id='word_1_300' title='bbox 365 2513 973 2588; x_wconf 73' lang='grc' dir='ltr'>προδήλιυς.ὲντεῦθεν</span> <span class='ocrx_word' id='word_1_301' title='bbox 1034 2513 1337 2576; x_wconf 82' lang='grc' dir='ltr'>δείκνυται,</span> <span class='ocrx_word' id='word_1_302' title='bbox 1373 2511 1432 2565; x_wconf 67' lang='grc' dir='ltr'>τὸ</span> <span class='ocrx_word' id='word_1_303' title='bbox 1481 2513 1558 2582; x_wconf 71' lang='grc' dir='ltr'>μὴ</span> <span class='ocrx_word' id='word_1_304' title='bbox 1611 2511 1814 2582; x_wconf 83' lang='grc' dir='ltr'>ἄνομον</span> 
     </span>
    </p>
   </div>
   <div class='ocr_carea' id='block_1_41' title="bbox 212 2604 1816 2678">
    <p class='ocr_par' dir='ltr' id='par_1_41' title="bbox 212 2604 1816 2678">
     <span class='ocr_line' id='line_1_41' title="bbox 212 2604 1816 2678; baseline -0.005 -13"><span class='ocrx_word' id='word_1_305' title='bbox 212 2606 357 2666; x_wconf 72' lang='grc' dir='ltr'>εἶναι</span> <span class='ocrx_word' id='word_1_306' title='bbox 415 2611 509 2664; x_wconf 80' lang='grc' dir='ltr'><strong>τὸν</strong></span> <span class='ocrx_word' id='word_1_307' title='bbox 561 2609 790 2678; x_wconf 81' lang='grc' dir='ltr'>Κύριον,</span> <span class='ocrx_word' id='word_1_308' title='bbox 817 2609 894 2672; x_wconf 82' lang='grc' dir='ltr'>ὡς</span> <span class='ocrx_word' id='word_1_309' title='bbox 948 2607 998 2661; x_wconf 79' lang='lat' dir='ltr'><strong>oi</strong></span> <span class='ocrx_word' id='word_1_310' title='bbox 1058 2607 1280 2678; x_wconf 75' lang='grc' dir='ltr'>λῃσταὶ,</span> <span class='ocrx_word' id='word_1_311' title='bbox 1311 2605 1449 2660; x_wconf 82' lang='grc' dir='ltr'>ἀλλὰ</span> <span class='ocrx_word' id='word_1_312' title='bbox 1507 2604 1690 2677; x_wconf 81' lang='grc' dir='ltr'>πάσης</span> <span class='ocrx_word' id='word_1_313' title='bbox 1737 2607 1816 2658; x_wconf 85' lang='grc' dir='ltr'>δι-</span> 
     </span>
    </p>
   </div>
   <div class='ocr_carea' id='block_1_42' title="bbox 210 2699 1813 2774">
    <p class='ocr_par' dir='ltr' id='par_1_42' title="bbox 210 2699 1813 2774">
     <span class='ocr_line' id='line_1_42' title="bbox 210 2699 1813 2774; baseline -0.004 -16"><span class='ocrx_word' id='word_1_314' title='bbox 210 2703 510 2774; x_wconf 68' lang='grc' dir='ltr'>καιοσύνης</span> <span class='ocrx_word' id='word_1_315' title='bbox 537 2703 805 2774; x_wconf 85' lang='grc' dir='ltr'>ἀρχηγόν.</span> <span class='ocrx_word' id='word_1_316' title='bbox 840 2703 1073 2770; x_wconf 78' lang='grc' dir='ltr'>’Λγουσι</span> <span class='ocrx_word' id='word_1_317' title='bbox 1106 2701 1163 2755; x_wconf 76' lang='grc' dir='ltr'>δὲ</span> <span class='ocrx_word' id='word_1_318' title='bbox 1198 2699 1366 2755; x_wconf 65' lang='grc' dir='ltr'>αὑτὸν</span> <span class='ocrx_word' id='word_1_319' title='bbox 1394 2701 1490 2753; x_wconf 73' lang='grc' dir='ltr'><strong>ἐπὶ</strong></span> <span class='ocrx_word' id='word_1_320' title='bbox 1527 2701 1619 2753; x_wconf 81' lang='grc' dir='ltr'><strong>τὸν</strong></span> <span class='ocrx_word' id='word_1_321' title='bbox 1647 2699 1813 2753; x_wconf 80' lang='grc' dir='ltr'>τόπον</span> 
     </span>
    </p>
   </div>
   <div class='ocr_carea' id='block_1_43' title="bbox 209 2790 1810 2865">
    <p class='ocr_par' dir='ltr' id='par_1_43' title="bbox 209 2790 1810 2865">
     <span class='ocr_line' id='line_1_43' title="bbox 209 2790 1810 2865; baseline -0.002 -17"><span class='ocrx_word' id='word_1_322' title='bbox 209 2795 307 2848; x_wconf 77' lang='grc' dir='ltr'>τοῦ</span> <span class='ocrx_word' id='word_1_323' title='bbox 339 2792 606 2865; x_wconf 75' lang='grc' dir='ltr'>Κρανίου,</span> <span class='ocrx_word' id='word_1_324' title='bbox 648 2792 777 2846; x_wconf 77' lang='grc' dir='ltr'>ἔνθα</span> <span class='ocrx_word' id='word_1_325' title='bbox 814 2792 950 2862; x_wconf 77' lang='grc' dir='ltr'>φασὶ</span> <span class='ocrx_word' id='word_1_326' title='bbox 997 2792 1088 2845; x_wconf 72' lang='grc' dir='ltr'>τὸν</span> <span class='ocrx_word' id='word_1_327' title='bbox 1124 2791 1456 2862; x_wconf 81' lang='grc' dir='ltr'>προπάτορα</span> <span class='ocrx_word' id='word_1_328' title='bbox 1492 2790 1771 2860; x_wconf 67' lang='grc' dir='ltr'>τεθάφθαι</span> <span class='ocrx_word' id='word_1_329' title='bbox 1795 2806 1810 2820; x_wconf 78' lang='grc'><strong>⁸</strong></span> 
     </span>
    </p>
   </div>
   <div class='ocr_carea' id='block_1_44' title="bbox 212 2882 1813 2954">
    <p class='ocr_par' dir='ltr' id='par_1_44' title="bbox 212 2882 1813 2954">
     <span class='ocr_line' id='line_1_44' title="bbox 212 2882 1813 2954; baseline -0.002 -13"><span class='ocrx_word' id='word_1_330' title='bbox 212 2887 306 2941; x_wconf 82' lang='grc' dir='ltr'><strong>ἵνα</strong></span> <span class='ocrx_word' id='word_1_331' title='bbox 330 2888 463 2940; x_wconf 76' lang='grc' dir='ltr'>ὅπου</span> <span class='ocrx_word' id='word_1_332' title='bbox 496 2886 583 2940; x_wconf 65' lang='grc' dir='ltr'>διὰ</span> <span class='ocrx_word' id='word_1_333' title='bbox 605 2885 764 2952; x_wconf 75' lang='grc' dir='ltr'>ξύλου</span> <span class='ocrx_word' id='word_1_334' title='bbox 801 2885 1024 2954; x_wconf 80' lang='grc' dir='ltr'>πτῶμα,</span> <span class='ocrx_word' id='word_1_335' title='bbox 1045 2885 1165 2938; x_wconf 76' lang='grc' dir='ltr'>ἐκεῖ</span> <span class='ocrx_word' id='word_1_336' title='bbox 1186 2885 1278 2937; x_wconf 78' lang='grc' dir='ltr'><strong>καὶ</strong></span> <span class='ocrx_word' id='word_1_337' title='bbox 1305 2885 1339 2948; x_wconf 83' lang='grc' dir='ltr'>ἡ</span> <span class='ocrx_word' id='word_1_338' title='bbox 1368 2884 1456 2937; x_wconf 80' lang='grc' dir='ltr'><strong>διά</strong></span> <span class='ocrx_word' id='word_1_339' title='bbox 1489 2883 1583 2937; x_wconf 74' lang='grc' dir='ltr'><strong>τοῦ</strong></span> <span class='ocrx_word' id='word_1_340' title='bbox 1652 2882 1813 2950; x_wconf 74' lang='grc' dir='ltr'>ξύλου</span> 
     </span>
    </p>
   </div>
   <div class='ocr_carea' id='block_1_45' title="bbox 220 2976 1816 3050">
    <p class='ocr_par' dir='ltr' id='par_1_45' title="bbox 220 2976 1816 3050">
     <span class='ocr_line' id='line_1_45' title="bbox 220 2976 1816 3050; baseline -0.001 -18"><span class='ocrx_word' id='word_1_341' title='bbox 220 2979 443 3050; x_wconf 76' lang='grc' dir='ltr'>ἔγερσις</span> <span class='ocrx_word' id='word_1_342' title='bbox 483 2978 731 3049; x_wconf 79' lang='grc' dir='ltr'>γένηται.</span> <span class='ocrx_word' id='word_1_343' title='bbox 767 2977 977 3048; x_wconf 82' lang='grc' dir='ltr'>Ἰησοῦς</span> <span class='ocrx_word' id='word_1_344' title='bbox 1026 2976 1082 3030; x_wconf 78' lang='grc' dir='ltr'>δὲ</span> <span class='ocrx_word' id='word_1_345' title='bbox 1135 2976 1447 3048; x_wconf 74' lang='grc' dir='ltr'>ὑπερϐολὴν</span> <span class='ocrx_word' id='word_1_346' title='bbox 1509 2979 1816 3048; x_wconf 74' lang='grc' dir='ltr'>πραότητος</span> 
     </span>
    </p>
   </div>
   <div class='ocr_carea' id='block_1_46' title="bbox 215 3069 1817 3142">
    <p class='ocr_par' dir='ltr' id='par_1_46' title="bbox 215 3069 1817 3142">
     <span class='ocr_line' id='line_1_46' title="bbox 215 3069 1817 3142; baseline -0.001 -16"><span class='ocrx_word' id='word_1_347' title='bbox 215 3071 654 3141; x_wconf 79' lang='grc' dir='ltr'>ἐνδεικνύμενος,</span> <span class='ocrx_word' id='word_1_348' title='bbox 698 3071 840 3142; x_wconf 83' lang='grc' dir='ltr'>ὑπὲρ</span> <span class='ocrx_word' id='word_1_349' title='bbox 872 3069 1056 3123; x_wconf 78' lang='grc' dir='ltr'>αὐτῶν</span> <span class='ocrx_word' id='word_1_350' title='bbox 1089 3069 1334 3141; x_wconf 78' lang='grc' dir='ltr'>εῠχεται,</span> <span class='ocrx_word' id='word_1_351' title='bbox 1373 3090 1390 3122; x_wconf 79' lang='grc' dir='ltr'><strong>ι</strong></span> <span class='ocrx_word' id='word_1_352' title='bbox 1438 3071 1643 3141; x_wconf 80' lang='grc' dir='ltr'>Πάτερ,</span> <span class='ocrx_word' id='word_1_353' title='bbox 1679 3070 1817 3141; x_wconf 80' lang='grc' dir='ltr'>ἄφες</span> 
     </span>
    </p>
   </div>
   <div class='ocr_carea' id='block_1_47' title="bbox 211 3163 1818 3234">
    <p class='ocr_par' dir='ltr' id='par_1_47' title="bbox 211 3163 1818 3234">
     <span class='ocr_line' id='line_1_47' title="bbox 211 3163 1818 3234; baseline -0.001 -15"><span class='ocrx_word' id='word_1_354' title='bbox 211 3166 427 3230; x_wconf 73' lang='grc' dir='ltr'>αὐτοῖς,</span> <span class='ocrx_word' id='word_1_355' title='bbox 457 3164 632 3234; x_wconf 83' lang='grc' dir='ltr'>λέγων</span> <span class='ocrx_word' id='word_1_356' title='bbox 667 3181 679 3194; x_wconf 94' lang='grc'><strong>·</strong></span> <span class='ocrx_word' id='word_1_357' title='bbox 734 3165 795 3218; x_wconf 80' lang='grc' dir='ltr'>οὺ</span> <span class='ocrx_word' id='word_1_358' title='bbox 854 3163 963 3234; x_wconf 85' lang='grc' dir='ltr'><strong>γὰρ</strong></span> <span class='ocrx_word' id='word_1_359' title='bbox 1013 3163 1194 3217; x_wconf 79' lang='grc' dir='ltr'>οἴδασι</span> <span class='ocrx_word' id='word_1_360' title='bbox 1250 3164 1301 3217; x_wconf 85' lang='grc' dir='ltr'><strong>τί</strong></span> <span class='ocrx_word' id='word_1_361' title='bbox 1352 3163 1589 3218; x_wconf 77' lang='grc' dir='ltr'>ποιοῦσι.</span> <span class='ocrx_word' id='word_1_362' title='bbox 1635 3184 1652 3217; x_wconf 75' lang='grc' dir='ltr'><strong>ι</strong></span> <span class='ocrx_word' id='word_1_363' title='bbox 1709 3165 1818 3218; x_wconf 77' lang='grc' dir='ltr'><strong>Καὶ</strong></span> 
     </span>
    </p>
   </div>
   <div class='ocr_carea' id='block_1_48' title="bbox 215 3256 1816 3329">
    <p class='ocr_par' dir='ltr' id='par_1_48' title="bbox 215 3256 1816 3329">
     <span class='ocr_line' id='line_1_48' title="bbox 215 3256 1816 3329; baseline 0 -17"><span class='ocrx_word' id='word_1_364' title='bbox 215 3257 406 3329; x_wconf 78' lang='grc' dir='ltr'>μέντοι</span> <span class='ocrx_word' id='word_1_365' title='bbox 457 3257 636 3328; x_wconf 69' lang='grc' dir='ltr'>ἀφέθη</span> <span class='ocrx_word' id='word_1_366' title='bbox 680 3256 746 3311; x_wconf 83' lang='grc' dir='ltr'><strong>ἂν</strong></span> <span class='ocrx_word' id='word_1_367' title='bbox 766 3258 953 3318; x_wconf 76' lang='grc' dir='ltr'>αὐτοῖς</span> <span class='ocrx_word' id='word_1_368' title='bbox 1000 3256 1060 3309; x_wconf 79' lang='grc' dir='ltr'><strong>τδ</strong></span> <span class='ocrx_word' id='word_1_369' title='bbox 1103 3256 1433 3328; x_wconf 85' lang='grc' dir='ltr'>ἁμάρτημα,</span> <span class='ocrx_word' id='word_1_370' title='bbox 1465 3259 1512 3309; x_wconf 80' lang='grc' dir='ltr'><strong>εί</strong></span> <span class='ocrx_word' id='word_1_371' title='bbox 1558 3258 1633 3329; x_wconf 83' lang='grc' dir='ltr'>μὴ</span> <span class='ocrx_word' id='word_1_372' title='bbox 1679 3260 1816 3328; x_wconf 72' lang='grc' dir='ltr'>μετὰ</span> 
     </span>
    </p>
   </div>
   <div class='ocr_carea' id='block_1_49' title="bbox 1922 2137 3534 2209">
    <p class='ocr_par' dir='ltr' id='par_1_49' title="bbox 1922 2137 3534 2209">
     <span class='ocr_line' id='line_1_49' title="bbox 1922 2137 3534 2209; baseline 0.001 -15"><span class='ocrx_word' id='word_1_373' title='bbox 1922 2155 2032 2194; x_wconf 87' lang='lat' dir='ltr'><strong>rem</strong></span> <span class='ocrx_word' id='word_1_374' title='bbox 2071 2138 2301 2209; x_wconf 78' lang='lat' dir='ltr'><strong>gloriam</strong></span> <span class='ocrx_word' id='word_1_375' title='bbox 2351 2137 2565 2193; x_wconf 91' lang='lat' dir='ltr'><strong>Domini</strong></span> <span class='ocrx_word' id='word_1_376' title='bbox 2604 2140 2852 2195; x_wconf 87' lang='lat' dir='ltr'><strong>cesserit.</strong></span> <span class='ocrx_word' id='word_1_377' title='bbox 2888 2137 3025 2193; x_wconf 86' lang='lat' dir='ltr'><strong>Nam</strong></span> <span class='ocrx_word' id='word_1_378' title='bbox 3059 2139 3294 2195; x_wconf 84' lang='lat' dir='ltr'><strong>aliorum</strong></span> <span class='ocrx_word' id='word_1_379' title='bbox 3336 2155 3534 2196; x_wconf 89' lang='lat' dir='ltr'><strong>cruces</strong></span> 
     </span>
    </p>
   </div>
   <div class='ocr_carea' id='block_1_50' title="bbox 1920 2233 3532 2298">
    <p class='ocr_par' dir='ltr' id='par_1_50' title="bbox 1920 2233 3532 2298">
     <span class='ocr_line' id='line_1_50' title="bbox 1920 2233 3532 2298; baseline 0 -10"><span class='ocrx_word' id='word_1_380' title='bbox 1920 2249 2082 2288; x_wconf 90' lang='lat' dir='ltr'><strong>nemo</strong></span> <span class='ocrx_word' id='word_1_381' title='bbox 2137 2233 2392 2298; x_wconf 68' lang='lat' dir='ltr'><strong>tenuit-it.</strong></span> <span class='ocrx_word' id='word_1_382' title='bbox 2420 2242 2573 2289; x_wconf 87' lang='lat' dir='ltr'><strong>totus</strong></span> <span class='ocrx_word' id='word_1_383' title='bbox 2625 2243 2809 2288; x_wconf 86' lang='lat' dir='ltr'><strong>autem</strong></span> <span class='ocrx_word' id='word_1_384' title='bbox 2869 2234 3105 2290; x_wconf 89' lang='lat' dir='ltr'><strong>mundus</strong></span> <span class='ocrx_word' id='word_1_385' title='bbox 3146 2249 3175 2288; x_wconf 88' lang='lat' dir='ltr'><strong>a</strong></span> <span class='ocrx_word' id='word_1_386' title='bbox 3209 2249 3376 2290; x_wconf 91' lang='lat' dir='ltr'><strong>cruce</strong></span> <span class='ocrx_word' id='word_1_387' title='bbox 3431 2235 3532 2290; x_wconf 87' lang='lat' dir='ltr'><strong>ista</strong></span> 
     </span>
    </p>
   </div>
   <div class='ocr_carea' id='block_1_51' title="bbox 1921 2324 3530 2397">
    <p class='ocr_par' dir='ltr' id='par_1_51' title="bbox 1921 2324 3530 2397">
     <span class='ocr_line' id='line_1_51' title="bbox 1921 2324 3530 2397; baseline 0.001 -15"><span class='ocrx_word' id='word_1_388' title='bbox 1921 2324 2140 2397; x_wconf 78' lang='lat' dir='ltr'><strong>pendet.</strong></span> <span class='ocrx_word' id='word_1_389' title='bbox 2170 2326 2232 2379; x_wconf 80' lang='lat' dir='ltr'><strong>Et</strong></span> <span class='ocrx_word' id='word_1_390' title='bbox 2264 2325 2558 2382; x_wconf 73' lang='lat' dir='ltr'><strong>manifeste</strong></span> <span class='ocrx_word' id='word_1_391' title='bbox 2594 2328 2682 2382; x_wconf 90' lang='lat' dir='ltr'><strong>hic</strong></span> <span class='ocrx_word' id='word_1_392' title='bbox 2716 2327 3026 2382; x_wconf 85' lang='lat' dir='ltr'><strong>ostenditur</strong></span> <span class='ocrx_word' id='word_1_393' title='bbox 3071 2327 3364 2383; x_wconf 86' lang='lat' dir='ltr'><strong>Dominum</strong></span> <span class='ocrx_word' id='word_1_394' title='bbox 3423 2346 3530 2384; x_wconf 90' lang='lat' dir='ltr'><strong>non</strong></span> 
     </span>
    </p>
   </div>
   <div class='ocr_carea' id='block_1_52' title="bbox 1921 2418 3532 2488">
    <p class='ocr_par' dir='ltr' id='par_1_52' title="bbox 1921 2418 3532 2488">
     <span class='ocr_line' id='line_1_52' title="bbox 1921 2418 3532 2488; baseline 0.002 -16"><span class='ocrx_word' id='word_1_395' title='bbox 1921 2434 2042 2473; x_wconf 85' lang='lat' dir='ltr'><strong>csse</strong></span> <span class='ocrx_word' id='word_1_396' title='bbox 2095 2419 2341 2487; x_wconf 70' lang='lat' dir='ltr'><strong>iniquum</strong></span> <span class='ocrx_word' id='word_1_397' title='bbox 2402 2419 2548 2474; x_wconf 90' lang='lat' dir='ltr'><strong>sicut</strong></span> <span class='ocrx_word' id='word_1_398' title='bbox 2601 2418 2867 2482; x_wconf 82' lang='lat' dir='ltr'><strong>latrones,</strong></span> <span class='ocrx_word' id='word_1_399' title='bbox 2919 2421 3013 2474; x_wconf 88' lang='lat' dir='ltr'><strong>sed</strong></span> <span class='ocrx_word' id='word_1_400' title='bbox 3071 2421 3252 2475; x_wconf 87' lang='lat' dir='ltr'><strong>omnis</strong></span> <span class='ocrx_word' id='word_1_401' title='bbox 3305 2419 3532 2488; x_wconf 58' lang='lat' dir='ltr'><strong>iustitia</strong></span> 
     </span>
    </p>
   </div>
   <div class='ocr_carea' id='block_1_53' title="bbox 1921 2509 3531 2580">
    <p class='ocr_par' dir='ltr' id='par_1_53' title="bbox 1921 2509 3531 2580">
     <span class='ocr_line' id='line_1_53' title="bbox 1921 2509 3531 2580; baseline 0 -15"><span class='ocrx_word' id='word_1_402' title='bbox 1921 2511 2243 2580; x_wconf 82' lang='lat' dir='ltr'><strong>principem.</strong></span> <span class='ocrx_word' id='word_1_403' title='bbox 2295 2509 2513 2566; x_wconf 80' lang='lat' dir='ltr'><strong>Ducunt</strong></span> <span class='ocrx_word' id='word_1_404' title='bbox 2568 2521 2748 2566; x_wconf 88' lang='lat' dir='ltr'><strong>autem</strong></span> <span class='ocrx_word' id='word_1_405' title='bbox 2804 2527 2931 2566; x_wconf 92' lang='lat' dir='ltr'><strong>enm</strong></span> <span class='ocrx_word' id='word_1_406' title='bbox 2964 2511 3030 2568; x_wconf 85' lang='lat' dir='ltr'><strong>ad</strong></span> <span class='ocrx_word' id='word_1_407' title='bbox 3079 2513 3261 2569; x_wconf 88' lang='lat' dir='ltr'><strong>locum</strong></span> <span class='ocrx_word' id='word_1_408' title='bbox 3320 2511 3531 2578; x_wconf 86' lang='lat' dir='ltr'><strong>Cranii,</strong></span> 
     </span>
    </p>
   </div>
   <div class='ocr_carea' id='block_1_54' title="bbox 1922 2603 3530 2676">
    <p class='ocr_par' dir='ltr' id='par_1_54' title="bbox 1922 2603 3530 2676">
     <span class='ocr_line' id='line_1_54' title="bbox 1922 2603 3530 2676; baseline 0.002 -21"><span class='ocrx_word' id='word_1_409' title='bbox 1922 2605 2012 2657; x_wconf 90' lang='lat' dir='ltr'><strong>ubi</strong></span> <span class='ocrx_word' id='word_1_410' title='bbox 2068 2603 2259 2658; x_wconf 75' lang='lat' dir='ltr'><strong>dicunt</strong></span> <span class='ocrx_word' id='word_1_411' title='bbox 2314 2605 2551 2674; x_wconf 86' lang='lat' dir='ltr'><strong>primum</strong></span> <span class='ocrx_word' id='word_1_412' title='bbox 2611 2613 2895 2673; x_wconf 88' lang='lat' dir='ltr'><strong>parentem</strong></span> <span class='ocrx_word' id='word_1_413' title='bbox 2946 2613 3195 2660; x_wconf 90' lang='lat' dir='ltr'><strong>nostrum</strong></span> <span class='ocrx_word' id='word_1_414' title='bbox 3252 2606 3530 2676; x_wconf 87' lang='lat' dir='ltr'><strong>sepultum</strong></span> 
     </span>
    </p>
   </div>
   <div class='ocr_carea' id='block_1_55' title="bbox 1920 2696 3532 2769">
    <p class='ocr_par' dir='ltr' id='par_1_55' title="bbox 1920 2696 3532 2769">
     <span class='ocr_line' id='line_1_55' title="bbox 1920 2696 3532 2769; baseline 0.004 -21"><span class='ocrx_word' id='word_1_415' title='bbox 1920 2710 2042 2752; x_wconf 87' lang='lat' dir='ltr'><strong>esse</strong></span> <span class='ocrx_word' id='word_1_416' title='bbox 2075 2715 2088 2750; x_wconf 90' lang='lat'><strong>:</strong></span> <span class='ocrx_word' id='word_1_417' title='bbox 2125 2712 2181 2750; x_wconf 83' lang='lat' dir='ltr'><strong>u.</strong></span> <span class='ocrx_word' id='word_1_418' title='bbox 2218 2697 2307 2752; x_wconf 93' lang='lat' dir='ltr'><strong>ubi</strong></span> <span class='ocrx_word' id='word_1_419' title='bbox 2347 2712 2442 2765; x_wconf 91' lang='lat' dir='ltr'><strong>per</strong></span> <span class='ocrx_word' id='word_1_420' title='bbox 2473 2696 2676 2767; x_wconf 77' lang='lat' dir='ltr'><strong>lignum</strong></span> <span class='ocrx_word' id='word_1_421' title='bbox 2709 2712 2890 2763; x_wconf 82' lang='lat' dir='ltr'><strong>casus,</strong></span> <span class='ocrx_word' id='word_1_422' title='bbox 2935 2697 3049 2753; x_wconf 85' lang='lat' dir='ltr'><strong>illic</strong></span> <span class='ocrx_word' id='word_1_423' title='bbox 3083 2707 3137 2754; x_wconf 91' lang='lat' dir='ltr'><strong>et</strong></span> <span class='ocrx_word' id='word_1_424' title='bbox 3181 2711 3278 2767; x_wconf 88' lang='lat' dir='ltr'><strong>per</strong></span> <span class='ocrx_word' id='word_1_425' title='bbox 3324 2698 3532 2769; x_wconf 79' lang='lat' dir='ltr'><strong>lignum</strong></span> 
     </span>
    </p>
   </div>
   <div class='ocr_carea' id='block_1_56' title="bbox 1922 2788 3531 2846">
    <p class='ocr_par' dir='ltr' id='par_1_56' title="bbox 1922 2788 3531 2846">
     <span class='ocr_line' id='line_1_56' title="bbox 1922 2788 3531 2846; baseline 0.003 -4"><span class='ocrx_word' id='word_1_426' title='bbox 1922 2790 2260 2843; x_wconf 77' lang='lat' dir='ltr'><strong>resurrectio</strong></span> <span class='ocrx_word' id='word_1_427' title='bbox 2291 2790 2406 2844; x_wconf 87' lang='lat' dir='ltr'><strong>lial.</strong></span> <span class='ocrx_word' id='word_1_428' title='bbox 2445 2788 2610 2845; x_wconf 81' lang='lat' dir='ltr'><strong>Jesus</strong></span> <span class='ocrx_word' id='word_1_429' title='bbox 2649 2804 2778 2846; x_wconf 68' lang='lat' dir='ltr'><strong>vero</strong></span> <span class='ocrx_word' id='word_1_430' title='bbox 2827 2790 3089 2846; x_wconf 77' lang='lat' dir='ltr'><strong>eximiam</strong></span> <span class='ocrx_word' id='word_1_431' title='bbox 3146 2794 3531 2846; x_wconf 81' lang='lat' dir='ltr'><strong>mansuetudi-</strong></span> 
     </span>
    </p>
   </div>
   <div class='ocr_carea' id='block_1_57' title="bbox 1921 2883 3535 2953">
    <p class='ocr_par' dir='ltr' id='par_1_57' title="bbox 1921 2883 3535 2953">
     <span class='ocr_line' id='line_1_57' title="bbox 1921 2883 3535 2953; baseline 0.002 -18"><span class='ocrx_word' id='word_1_432' title='bbox 1921 2896 2044 2936; x_wconf 92' lang='lat' dir='ltr'><strong>nem</strong></span> <span class='ocrx_word' id='word_1_433' title='bbox 2061 2883 2366 2950; x_wconf 76' lang='lat' dir='ltr'><strong>declarans,</strong></span> <span class='ocrx_word' id='word_1_434' title='bbox 2388 2898 2486 2953; x_wconf 91' lang='lat' dir='ltr'><strong>pro</strong></span> <span class='ocrx_word' id='word_1_435' title='bbox 2505 2883 2610 2937; x_wconf 89' lang='lat' dir='ltr'><strong>illts</strong></span> <span class='ocrx_word' id='word_1_436' title='bbox 2631 2892 2886 2952; x_wconf 78' lang='lat' dir='ltr'><strong>precatur</strong></span> <span class='ocrx_word' id='word_1_437' title='bbox 2907 2903 2919 2939; x_wconf 88' lang='lat'><strong>:</strong></span> <span class='ocrx_word' id='word_1_438' title='bbox 2940 2901 2959 2936; x_wconf 80' lang='grc' dir='ltr'><strong>ι</strong></span> <span class='ocrx_word' id='word_1_439' title='bbox 2988 2883 3173 2950; x_wconf 84' lang='lat' dir='ltr'><strong>Pater,</strong></span> <span class='ocrx_word' id='word_1_440' title='bbox 3193 2886 3416 2939; x_wconf 81' lang='lat' dir='ltr'><strong>remitte</strong></span> <span class='ocrx_word' id='word_1_441' title='bbox 3429 2885 3535 2947; x_wconf 89' lang='lat' dir='ltr'><strong>eis.</strong></span> 
     </span>
    </p>
   </div>
   <div class='ocr_carea' id='block_1_58' title="bbox 1919 2973 3537 3049">
    <p class='ocr_par' dir='ltr' id='par_1_58' title="bbox 1919 2973 3537 3049">
     <span class='ocr_line' id='line_1_58' title="bbox 1919 2973 3537 3049; baseline 0.003 -21"><span class='ocrx_word' id='word_1_442' title='bbox 1919 2973 2150 3030; x_wconf 86' lang='lat' dir='ltr'><strong>dicens:</strong></span> <span class='ocrx_word' id='word_1_443' title='bbox 2185 2976 2440 3029; x_wconf 84' lang='lat' dir='ltr'><strong>nesciunt</strong></span> <span class='ocrx_word' id='word_1_444' title='bbox 2495 2977 2643 3030; x_wconf 67' lang='lat' dir='ltr'><strong>enim</strong></span> <span class='ocrx_word' id='word_1_445' title='bbox 2692 2978 2822 3045; x_wconf 87' lang='lat' dir='ltr'><strong>quid</strong></span> <span class='ocrx_word' id='word_1_446' title='bbox 2884 2976 3112 3033; x_wconf 85' lang='lat' dir='ltr'><strong>faciunt.</strong></span> <span class='ocrx_word' id='word_1_447' title='bbox 3169 2998 3187 3030; x_wconf 69' lang='grc' dir='ltr'><strong>ι</strong></span> <span class='ocrx_word' id='word_1_448' title='bbox 3226 2979 3291 3034; x_wconf 86' lang='grc' dir='ltr'>Ει</span> <span class='ocrx_word' id='word_1_449' title='bbox 3347 2978 3537 3049; x_wconf 79' lang='lat' dir='ltr'><strong>utique</strong></span> 
     </span>
    </p>
   </div>
   <div class='ocr_carea' id='block_1_59' title="bbox 1920 3064 3535 3140">
    <p class='ocr_par' dir='ltr' id='par_1_59' title="bbox 1920 3064 3535 3140">
     <span class='ocr_line' id='line_1_59' title="bbox 1920 3064 3535 3140; baseline 0.006 -24"><span class='ocrx_word' id='word_1_450' title='bbox 1920 3065 2204 3120; x_wconf 86' lang='lat' dir='ltr'><strong>dimissum</strong></span> <span class='ocrx_word' id='word_1_451' title='bbox 2237 3064 2426 3121; x_wconf 84' lang='lat' dir='ltr'><strong>fuisset</strong></span> <span class='ocrx_word' id='word_1_452' title='bbox 2479 3069 2562 3122; x_wconf 73' lang='lat' dir='ltr'><strong>eis</strong></span> <span class='ocrx_word' id='word_1_453' title='bbox 2589 3078 2900 3137; x_wconf 84' lang='lat' dir='ltr'><strong>peccatum,</strong></span> <span class='ocrx_word' id='word_1_454' title='bbox 2929 3070 3034 3125; x_wconf 91' lang='lat' dir='ltr'><strong>nisi</strong></span> <span class='ocrx_word' id='word_1_455' title='bbox 3070 3071 3332 3140; x_wconf 79' lang='lat' dir='ltr'><strong>deinceps</strong></span> <span class='ocrx_word' id='word_1_456' title='bbox 3363 3069 3417 3126; x_wconf 89' lang='lat' dir='ltr'><strong>in</strong></span> <span class='ocrx_word' id='word_1_457' title='bbox 3452 3074 3535 3125; x_wconf 82' lang='lat' dir='ltr'><strong>in-</strong></span> 
     </span>
    </p>
   </div>
   <div class='ocr_carea' id='block_1_60' title="bbox 1921 3158 3540 3220">
    <p class='ocr_par' dir='ltr' id='par_1_60' title="bbox 1921 3158 3540 3220">
     <span class='ocr_line' id='line_1_60' title="bbox 1921 3158 3540 3220; baseline 0.006 -9"><span class='ocrx_word' id='word_1_458' title='bbox 1921 3158 2246 3213; x_wconf 69' lang='lat' dir='ltr'><strong>cledulitate</strong></span> <span class='ocrx_word' id='word_1_459' title='bbox 2297 3161 2646 3216; x_wconf 80' lang='lat' dir='ltr'><strong>mansissent.</strong></span> <span class='ocrx_word' id='word_1_460' title='bbox 2677 3161 2996 3218; x_wconf 85' lang='lat' dir='ltr'><strong>Diviscrunt</strong></span> <span class='ocrx_word' id='word_1_461' title='bbox 3046 3179 3175 3218; x_wconf 81' lang='lat' dir='ltr'><strong>vero</strong></span> <span class='ocrx_word' id='word_1_462' title='bbox 3239 3166 3540 3220; x_wconf 87' lang='lat' dir='ltr'><strong>vestimen-</strong></span> 
     </span>
    </p>
   </div>
   <div class='ocr_carea' id='block_1_61' title="bbox 1924 3249 3539 3325">
    <p class='ocr_par' dir='ltr' id='par_1_61' title="bbox 1924 3249 3539 3325">
     <span class='ocr_line' id='line_1_61' title="bbox 1924 3249 3539 3325; baseline 0.007 -24"><span class='ocrx_word' id='word_1_463' title='bbox 1924 3259 1974 3301; x_wconf 87' lang='lat' dir='ltr'><strong>ta</strong></span> <span class='ocrx_word' id='word_1_464' title='bbox 2012 3249 2145 3316; x_wconf 83' lang='lat' dir='ltr'><strong>ejus.</strong></span> <span class='ocrx_word' id='word_1_465' title='bbox 2180 3249 2350 3320; x_wconf 84' lang='lat' dir='ltr'><strong>Cujus</strong></span> <span class='ocrx_word' id='word_1_466' title='bbox 2380 3251 2592 3319; x_wconf 76' lang='lat' dir='ltr'><strong>gratia?</strong></span> <span class='ocrx_word' id='word_1_467' title='bbox 2621 3251 2875 3308; x_wconf 81' lang='lat' dir='ltr'><strong>Forsitan</strong></span> <span class='ocrx_word' id='word_1_468' title='bbox 2909 3269 2964 3309; x_wconf 89' lang='lat' dir='ltr'><strong>et</strong></span> <span class='ocrx_word' id='word_1_469' title='bbox 2998 3255 3150 3309; x_wconf 90' lang='lat' dir='ltr'><strong>nmlti</strong></span> <span class='ocrx_word' id='word_1_470' title='bbox 3209 3256 3344 3325; x_wconf 87' lang='lat' dir='ltr'><strong>ipsis</strong></span> <span class='ocrx_word' id='word_1_471' title='bbox 3395 3257 3539 3312; x_wconf 82' lang='lat' dir='ltr'><strong>indi-</strong></span> 
     </span>
    </p>
   </div>
   <div class='ocr_carea' id='block_1_62' title="bbox 212 3342 1817 3428">
    <p class='ocr_par' dir='ltr' id='par_1_62' title="bbox 212 3349 1817 3421">
     <span class='ocr_line' id='line_1_62' title="bbox 212 3349 1817 3421; baseline -0.001 -16"><span class='ocrx_word' id='word_1_472' title='bbox 212 3349 395 3405; x_wconf 81' lang='grc' dir='ltr'>ταῦτα</span> <span class='ocrx_word' id='word_1_473' title='bbox 412 3351 478 3420; x_wconf 80' lang='grc' dir='ltr'>τῇ</span> <span class='ocrx_word' id='word_1_474' title='bbox 511 3349 744 3420; x_wconf 82' lang='grc' dir='ltr'>ἀπιστίᾳ</span> <span class='ocrx_word' id='word_1_475' title='bbox 775 3349 1087 3419; x_wconf 75' lang='grc' dir='ltr'>ἐνέμειναν.</span> <span class='ocrx_word' id='word_1_476' title='bbox 1122 3350 1278 3414; x_wconf 86' lang='grc' dir='ltr'>Τίνος</span> <span class='ocrx_word' id='word_1_477' title='bbox 1315 3349 1373 3401; x_wconf 85' lang='grc' dir='ltr'>δὲ</span> <span class='ocrx_word' id='word_1_478' title='bbox 1405 3349 1594 3404; x_wconf 74' lang='grc' dir='ltr'>ἕνεκεν</span> <span class='ocrx_word' id='word_1_479' title='bbox 1623 3350 1817 3421; x_wconf 86' lang='grc' dir='ltr'>διαμε-</span> 
     </span>
    </p>
   </div>
   <div class='ocr_carea' id='block_1_63' title="bbox 1928 3342 3539 3428">
    <p class='ocr_par' dir='ltr' id='par_1_63' title="bbox 1929 3342 3539 3416">
     <span class='ocr_line' id='line_1_63' title="bbox 1929 3342 3539 3416; baseline 0.006 -21"><span class='ocrx_word' id='word_1_480' title='bbox 1929 3343 2146 3412; x_wconf 77' lang='lat' dir='ltr'><strong>gehant,</strong></span> <span class='ocrx_word' id='word_1_481' title='bbox 2182 3342 2438 3399; x_wconf 83' lang='lat' dir='ltr'><strong>fortassis</strong></span> <span class='ocrx_word' id='word_1_482' title='bbox 2497 3355 2709 3409; x_wconf 84' lang='lat' dir='ltr'><strong>autem,</strong></span> <span class='ocrx_word' id='word_1_483' title='bbox 2755 3346 2899 3416; x_wconf 90' lang='lat' dir='ltr'><strong>quod</strong></span> <span class='ocrx_word' id='word_1_484' title='bbox 2932 3355 2987 3401; x_wconf 90' lang='lat' dir='ltr'><strong>et</strong></span> <span class='ocrx_word' id='word_1_485' title='bbox 3042 3349 3245 3416; x_wconf 87' lang='lat' dir='ltr'><strong>verius,</strong></span> <span class='ocrx_word' id='word_1_486' title='bbox 3299 3349 3414 3404; x_wconf 70' lang='lat' dir='ltr'><strong>haec</strong></span> <span class='ocrx_word' id='word_1_487' title='bbox 3470 3351 3539 3405; x_wconf 81' lang='lat' dir='ltr'><strong>ad</strong></span> 
     </span>
    </p>
   </div>
   <div class='ocr_carea' id='block_1_64' title="bbox 217 3441 1818 3515">
    <p class='ocr_par' dir='ltr' id='par_1_64' title="bbox 217 3441 1818 3515">
     <span class='ocr_line' id='line_1_64' title="bbox 217 3441 1818 3515; baseline 0 -19"><span class='ocrx_word' id='word_1_488' title='bbox 217 3442 466 3515; x_wconf 71' lang='grc' dir='ltr'>ρίζονται</span> <span class='ocrx_word' id='word_1_489' title='bbox 490 3443 560 3495; x_wconf 81' lang='grc' dir='ltr'><strong>τά</strong></span> <span class='ocrx_word' id='word_1_490' title='bbox 595 3442 786 3512; x_wconf 77' lang='grc' dir='ltr'>ἱμάτια</span> <span class='ocrx_word' id='word_1_491' title='bbox 820 3441 986 3495; x_wconf 73' lang='grc' dir='ltr'>αὐτοῦ</span> <span class='ocrx_word' id='word_1_492' title='bbox 1015 3460 1029 3506; x_wconf 74' lang='grc' dir='ltr'><strong>ς</strong></span> <span class='ocrx_word' id='word_1_493' title='bbox 1071 3443 1233 3505; x_wconf 87' lang='grc' dir='ltr'>Ἴσως</span> <span class='ocrx_word' id='word_1_494' title='bbox 1267 3443 1368 3511; x_wconf 82' lang='grc' dir='ltr'><strong>μὲν</strong></span> <span class='ocrx_word' id='word_1_495' title='bbox 1399 3443 1492 3496; x_wconf 77' lang='grc' dir='ltr'>καὶ</span> <span class='ocrx_word' id='word_1_496' title='bbox 1520 3443 1818 3515; x_wconf 77' lang='grc' dir='ltr'>χρῄζοντες</span> 
     </span>
    </p>
   </div>
   <div class='ocr_carea' id='block_1_65' title="bbox 215 3535 1815 3610">
    <p class='ocr_par' dir='ltr' id='par_1_65' title="bbox 215 3535 1815 3610">
     <span class='ocr_line' id='line_1_65' title="bbox 215 3535 1815 3610; baseline 0.001 -21"><span class='ocrx_word' id='word_1_497' title='bbox 215 3538 270 3590; x_wconf 84' lang='lat' dir='ltr'><strong>oi</strong></span> <span class='ocrx_word' id='word_1_498' title='bbox 311 3535 500 3588; x_wconf 75' lang='grc' dir='ltr'>πολλοὶ</span> <span class='ocrx_word' id='word_1_499' title='bbox 531 3535 734 3600; x_wconf 81' lang='grc' dir='ltr'>αὐτῶν,</span> <span class='ocrx_word' id='word_1_500' title='bbox 761 3535 900 3604; x_wconf 82' lang='grc' dir='ltr'>τάχα</span> <span class='ocrx_word' id='word_1_501' title='bbox 920 3535 999 3600; x_wconf 75' lang='grc' dir='ltr'>δὲ,</span> <span class='ocrx_word' id='word_1_502' title='bbox 1027 3535 1054 3588; x_wconf 87' lang='grc' dir='ltr'>ὃ</span> <span class='ocrx_word' id='word_1_503' title='bbox 1077 3538 1170 3589; x_wconf 71' lang='grc' dir='ltr'><strong>καὶ</strong></span> <span class='ocrx_word' id='word_1_504' title='bbox 1191 3536 1396 3607; x_wconf 77' lang='grc' dir='ltr'>μᾶλλον</span> <span class='ocrx_word' id='word_1_505' title='bbox 1425 3537 1815 3610; x_wconf 77' lang='grc' dir='ltr'>ἀληθέστερον,</span> 
     </span>
    </p>
   </div>
   <div class='ocr_carea' id='block_1_66' title="bbox 215 3627 1819 3700">
    <p class='ocr_par' dir='ltr' id='par_1_66' title="bbox 215 3627 1819 3700">
     <span class='ocr_line' id='line_1_66' title="bbox 215 3627 1819 3700; baseline 0.001 -18"><span class='ocrx_word' id='word_1_506' title='bbox 215 3628 384 3700; x_wconf 72' lang='grc' dir='ltr'>ὕϐρει</span> <span class='ocrx_word' id='word_1_507' title='bbox 418 3627 578 3682; x_wconf 79' lang='grc' dir='ltr'>τοῦτο</span> <span class='ocrx_word' id='word_1_508' title='bbox 628 3629 723 3682; x_wconf 74' lang='grc' dir='ltr'><strong>καὶ</strong></span> <span class='ocrx_word' id='word_1_509' title='bbox 760 3628 1032 3700; x_wconf 77' lang='grc' dir='ltr'>ἀκολασίᾳ</span> <span class='ocrx_word' id='word_1_510' title='bbox 1076 3628 1360 3690; x_wconf 77' lang='grc' dir='ltr'>ποιοῦντες</span> <span class='ocrx_word' id='word_1_511' title='bbox 1396 3644 1410 3657; x_wconf 83' lang='grc'><em>’</em></span> <span class='ocrx_word' id='word_1_512' title='bbox 1445 3631 1501 3681; x_wconf 83' lang='grc' dir='ltr'><strong>τί</strong></span> <span class='ocrx_word' id='word_1_513' title='bbox 1551 3632 1660 3698; x_wconf 81' lang='grc' dir='ltr'>γὰρ</span> <span class='ocrx_word' id='word_1_514' title='bbox 1719 3649 1819 3684; x_wconf 87' lang='grc' dir='ltr'><strong>πο·-</strong></span> 
     </span>
    </p>
   </div>
   <div class='ocr_carea' id='block_1_67' title="bbox 213 3720 1822 3794">
    <p class='ocr_par' dir='ltr' id='par_1_67' title="bbox 213 3720 1822 3794">
     <span class='ocr_line' id='line_1_67' title="bbox 213 3720 1822 3794; baseline 0.001 -18"><span class='ocrx_word' id='word_1_515' title='bbox 213 3723 442 3786; x_wconf 79' lang='grc' dir='ltr'>λυτελὲς</span> <span class='ocrx_word' id='word_1_516' title='bbox 475 3722 663 3794; x_wconf 78' lang='grc' dir='ltr'>ἑώρων</span> <span class='ocrx_word' id='word_1_517' title='bbox 694 3723 752 3774; x_wconf 84' lang='grc' dir='ltr'><strong>ἐν</strong></span> <span class='ocrx_word' id='word_1_518' title='bbox 798 3723 909 3786; x_wconf 78' lang='grc' dir='ltr'>τοῖς</span> <span class='ocrx_word' id='word_1_519' title='bbox 939 3722 1182 3793; x_wconf 79' lang='grc' dir='ltr'>ἱματίοις</span> <span class='ocrx_word' id='word_1_520' title='bbox 1214 3741 1229 3788; x_wconf 87' lang='grc'><strong>;</strong></span> <span class='ocrx_word' id='word_1_521' title='bbox 1269 3722 1305 3774; x_wconf 88' lang='grc' dir='ltr'><strong>Γ</strong></span> <span class='ocrx_word' id='word_1_522' title='bbox 1310 3721 1542 3786; x_wconf 82' lang='grc' dir='ltr'>ελῶντες</span> <span class='ocrx_word' id='word_1_523' title='bbox 1599 3720 1693 3777; x_wconf 78' lang='grc' dir='ltr'>οὖν</span> <span class='ocrx_word' id='word_1_524' title='bbox 1726 3727 1822 3778; x_wconf 71' lang='grc' dir='ltr'>καὶ</span> 
     </span>
    </p>
   </div>
   <div class='ocr_carea' id='block_1_68' title="bbox 219 3812 1821 3887">
    <p class='ocr_par' dir='ltr' id='par_1_68' title="bbox 219 3812 1821 3887">
     <span class='ocr_line' id='line_1_68' title="bbox 219 3812 1821 3887; baseline -0.001 -17"><span class='ocrx_word' id='word_1_525' title='bbox 219 3815 591 3886; x_wconf 73' lang='grc' dir='ltr'>ὑϐρίζοντες,</span> <span class='ocrx_word' id='word_1_526' title='bbox 651 3815 882 3870; x_wconf 79' lang='grc' dir='ltr'>τοιαῦτα</span> <span class='ocrx_word' id='word_1_527' title='bbox 941 3812 1286 3886; x_wconf 73' lang='grc' dir='ltr'>εἰργάζοντο.</span> <span class='ocrx_word' id='word_1_528' title='bbox 1358 3817 1532 3869; x_wconf 77' lang='grc' dir='ltr'>’⁷οπου</span> <span class='ocrx_word' id='word_1_529' title='bbox 1593 3817 1704 3887; x_wconf 80' lang='grc' dir='ltr'>γὰρ</span> <span class='ocrx_word' id='word_1_530' title='bbox 1769 3819 1821 3869; x_wconf 75' lang='grc' dir='ltr'><strong>οἱ</strong></span> 
     </span>
    </p>
   </div>
   <div class='ocr_carea' id='block_1_69' title="bbox 216 3911 1820 3984">
    <p class='ocr_par' dir='ltr' id='par_1_69' title="bbox 216 3911 1820 3984">
     <span class='ocr_line' id='line_1_69' title="bbox 216 3911 1820 3984; baseline 0 -16"><span class='ocrx_word' id='word_1_531' title='bbox 216 3911 501 3984; x_wconf 73' lang='grc' dir='ltr'>ὅρχοντες</span> <span class='ocrx_word' id='word_1_532' title='bbox 563 3912 934 3982; x_wconf 74' lang='grc' dir='ltr'>ὲμυκτήριζον</span> <span class='ocrx_word' id='word_1_533' title='bbox 967 3955 981 3976; x_wconf 88' lang='grc'><strong>,</strong></span> <span class='ocrx_word' id='word_1_534' title='bbox 1037 3911 1089 3964; x_wconf 89' lang='grc' dir='ltr'><strong>τί</strong></span> <span class='ocrx_word' id='word_1_535' title='bbox 1145 3911 1250 3983; x_wconf 77' lang='grc' dir='ltr'><strong>χρὴ</strong></span> <span class='ocrx_word' id='word_1_536' title='bbox 1301 3913 1431 3984; x_wconf 73' lang='grc' dir='ltr'>περὶ</span> <span class='ocrx_word' id='word_1_537' title='bbox 1480 3913 1574 3967; x_wconf 78' lang='grc' dir='ltr'>τοῦ</span> <span class='ocrx_word' id='word_1_538' title='bbox 1633 3913 1820 3968; x_wconf 85' lang='grc' dir='ltr'>κοινοῦ</span> 
     </span>
    </p>
   </div>
   <div class='ocr_carea' id='block_1_70' title="bbox 216 4003 1823 4075">
    <p class='ocr_par' dir='ltr' id='par_1_70' title="bbox 216 4003 1823 4075">
     <span class='ocr_line' id='line_1_70' title="bbox 216 4003 1823 4075; baseline 0.001 -16"><span class='ocrx_word' id='word_1_539' title='bbox 216 4003 466 4075; x_wconf 76' lang='grc' dir='ltr'>πλήθους</span> <span class='ocrx_word' id='word_1_540' title='bbox 495 4003 808 4072; x_wconf 70' lang='grc' dir='ltr'>λογίζεσθαι</span> <span class='ocrx_word' id='word_1_541' title='bbox 838 4021 852 4070; x_wconf 89' lang='lat'><strong>;</strong></span> <span class='ocrx_word' id='word_1_542' title='bbox 896 4023 913 4055; x_wconf 85' lang='grc' dir='ltr'><strong>ι</strong></span> <span class='ocrx_word' id='word_1_543' title='bbox 949 4003 1181 4068; x_wconf 72' lang='grc' dir='ltr'>’Ἄλλους</span> <span class='ocrx_word' id='word_1_544' title='bbox 1203 4004 1400 4069; x_wconf 81' lang='grc' dir='ltr'>ἔσωσε,</span> <span class='ocrx_word' id='word_1_545' title='bbox 1430 4007 1664 4060; x_wconf 79' lang='grc' dir='ltr'>σωσάτω</span> <span class='ocrx_word' id='word_1_546' title='bbox 1697 4008 1823 4061; x_wconf 72' lang='grc' dir='ltr'>ἐαυ-</span> 
     </span>
    </p>
   </div>
   <div class='ocr_carea' id='block_1_71' title="bbox 212 4089 1816 4164">
    <p class='ocr_par' dir='ltr' id='par_1_71' title="bbox 212 4089 1816 4164">
     <span class='ocr_line' id='line_1_71' title="bbox 212 4089 1816 4164; baseline 0.001 -15"><span class='ocrx_word' id='word_1_547' title='bbox 212 4097 339 4161; x_wconf 81' lang='grc' dir='ltr'>τὸν,</span> <span class='ocrx_word' id='word_1_548' title='bbox 366 4097 416 4148; x_wconf 86' lang='grc' dir='ltr'>εἰ</span> <span class='ocrx_word' id='word_1_549' title='bbox 441 4089 598 4158; x_wconf 75' lang='grc' dir='ltr'>οὗτός</span> <span class='ocrx_word' id='word_1_550' title='bbox 630 4096 777 4148; x_wconf 74' lang='grc' dir='ltr'>ἐστιν</span> <span class='ocrx_word' id='word_1_551' title='bbox 802 4096 829 4148; x_wconf 93' lang='lat'><strong>6</strong></span> <span class='ocrx_word' id='word_1_552' title='bbox 858 4093 1097 4164; x_wconf 82' lang='grc' dir='ltr'>Χριστὸς</span> <span class='ocrx_word' id='word_1_553' title='bbox 1129 4097 1156 4148; x_wconf 96' lang='lat'><strong>6</strong></span> <span class='ocrx_word' id='word_1_554' title='bbox 1189 4095 1282 4148; x_wconf 79' lang='grc' dir='ltr'><strong>τοῦ</strong></span> <span class='ocrx_word' id='word_1_555' title='bbox 1310 4095 1447 4149; x_wconf 87' lang='grc' dir='ltr'><strong>Θεοῦ</strong></span> <span class='ocrx_word' id='word_1_556' title='bbox 1483 4097 1761 4161; x_wconf 78' lang='grc' dir='ltr'>ἐκλεκτός.</span> <span class='ocrx_word' id='word_1_557' title='bbox 1799 4117 1816 4150; x_wconf 70' lang='grc' dir='ltr'><strong>ι</strong></span> 
     </span>
    </p>
   </div>
   <div class='ocr_carea' id='block_1_72' title="bbox 216 4186 1824 4261">
    <p class='ocr_par' dir='ltr' id='par_1_72' title="bbox 216 4186 1824 4261">
     <span class='ocr_line' id='line_1_72' title="bbox 216 4186 1824 4261; baseline 0.003 -21"><span class='ocrx_word' id='word_1_558' title='bbox 216 4186 401 4241; x_wconf 83' lang='grc' dir='ltr'>Τοῦτο</span> <span class='ocrx_word' id='word_1_559' title='bbox 442 4186 598 4255; x_wconf 72' lang='grc' dir='ltr'>ἔλεγε</span> <span class='ocrx_word' id='word_1_560' title='bbox 629 4186 701 4241; x_wconf 75' lang='grc' dir='ltr'>δι’</span> <span class='ocrx_word' id='word_1_561' title='bbox 742 4187 925 4240; x_wconf 82' lang='grc' dir='ltr'>αὐτῶν</span> <span class='ocrx_word' id='word_1_562' title='bbox 963 4187 992 4239; x_wconf 92' lang='lat'><strong>6</strong></span> <span class='ocrx_word' id='word_1_563' title='bbox 1031 4186 1300 4251; x_wconf 78' lang='grc' dir='ltr'>διάϐολος.</span> <span class='ocrx_word' id='word_1_564' title='bbox 1337 4188 1549 4260; x_wconf 83' lang='grc' dir='ltr'>Ὠσπερ</span> <span class='ocrx_word' id='word_1_565' title='bbox 1587 4190 1696 4261; x_wconf 78' lang='grc' dir='ltr'><strong>γάρ</strong></span> <span class='ocrx_word' id='word_1_566' title='bbox 1730 4191 1824 4244; x_wconf 72' lang='grc' dir='ltr'><strong>ἐπὶ</strong></span> 
     </span>
    </p>
   </div>
   <div class='ocr_carea' id='block_1_73' title="bbox 214 4278 1825 4352">
    <p class='ocr_par' dir='ltr' id='par_1_73' title="bbox 214 4278 1825 4352">
     <span class='ocr_line' id='line_1_73' title="bbox 214 4278 1825 4352; baseline 0.004 -19"><span class='ocrx_word' id='word_1_567' title='bbox 214 4279 317 4333; x_wconf 77' lang='grc' dir='ltr'>τοῦ</span> <span class='ocrx_word' id='word_1_568' title='bbox 377 4280 680 4352; x_wconf 81' lang='grc' dir='ltr'>πτερυγίου</span> <span class='ocrx_word' id='word_1_569' title='bbox 713 4278 807 4333; x_wconf 84' lang='grc' dir='ltr'><strong>τοῦ</strong></span> <span class='ocrx_word' id='word_1_570' title='bbox 865 4279 1038 4350; x_wconf 82' lang='grc' dir='ltr'>ἱεροῦ,</span> <span class='ocrx_word' id='word_1_571' title='bbox 1075 4279 1219 4334; x_wconf 79' lang='grc' dir='ltr'>οὕτω</span> <span class='ocrx_word' id='word_1_572' title='bbox 1266 4281 1550 4336; x_wconf 79' lang='grc' dir='ltr'>κάνταῦθα</span> <span class='ocrx_word' id='word_1_573' title='bbox 1596 4284 1825 4339; x_wconf 81' lang='grc' dir='ltr'>τοιαῦτά</span> 
     </span>
    </p>
   </div>
   <div class='ocr_carea' id='block_1_74' title="bbox 215 4372 1823 4450">
    <p class='ocr_par' dir='ltr' id='par_1_74' title="bbox 215 4372 1823 4450">
     <span class='ocr_line' id='line_1_74' title="bbox 215 4372 1823 4450; baseline 0.006 -26"><span class='ocrx_word' id='word_1_574' title='bbox 215 4389 361 4443; x_wconf 76' lang='grc' dir='ltr'>φησι</span> <span class='ocrx_word' id='word_1_575' title='bbox 391 4388 408 4406; x_wconf 78' lang='grc' dir='ltr'><strong><em>ο</em></strong></span> <span class='ocrx_word' id='word_1_576' title='bbox 441 4372 754 4442; x_wconf 84' lang='grc' dir='ltr'>βασκαίνων</span> <span class='ocrx_word' id='word_1_577' title='bbox 794 4375 861 4444; x_wconf 81' lang='grc' dir='ltr'>τῇ</span> <span class='ocrx_word' id='word_1_578' title='bbox 893 4373 983 4428; x_wconf 84' lang='grc' dir='ltr'><strong>διά</strong></span> <span class='ocrx_word' id='word_1_579' title='bbox 1025 4373 1120 4427; x_wconf 78' lang='grc' dir='ltr'>τοῦ</span> <span class='ocrx_word' id='word_1_580' title='bbox 1151 4375 1388 4446; x_wconf 77' lang='grc' dir='ltr'>σταυροῦ</span> <span class='ocrx_word' id='word_1_581' title='bbox 1425 4377 1701 4450; x_wconf 79' lang='grc' dir='ltr'>σωτηρίᾳ,</span> <span class='ocrx_word' id='word_1_582' title='bbox 1726 4382 1823 4434; x_wconf 86' lang='grc' dir='ltr'>καὶ</span> 
     </span>
    </p>
   </div>
   <div class='ocr_carea' id='block_1_75' title="bbox 210 4464 1822 4545">
    <p class='ocr_par' dir='ltr' id='par_1_75' title="bbox 210 4464 1822 4545">
     <span class='ocr_line' id='line_1_75' title="bbox 210 4464 1822 4545; baseline 0.004 -26"><span class='ocrx_word' id='word_1_583' title='bbox 210 4465 522 4536; x_wconf 71' lang='grc' dir='ltr'>περικόψαι</span> <span class='ocrx_word' id='word_1_584' title='bbox 591 4464 920 4536; x_wconf 73' lang='grc' dir='ltr'>βουλόμενος</span> <span class='ocrx_word' id='word_1_585' title='bbox 972 4466 1182 4537; x_wconf 77' lang='grc' dir='ltr'>ταύτην</span> <span class='ocrx_word' id='word_1_586' title='bbox 1243 4467 1470 4535; x_wconf 82' lang='grc' dir='ltr'>πάσαις,</span> <span class='ocrx_word' id='word_1_587' title='bbox 1528 4471 1604 4534; x_wconf 82' lang='grc' dir='ltr'>ὡς</span> <span class='ocrx_word' id='word_1_588' title='bbox 1667 4472 1822 4545; x_wconf 75' lang='grc' dir='ltr'>ἐνῆν,</span> 
     </span>
    </p>
   </div>
   <div class='ocr_carea' id='block_1_76' title="bbox 220 4558 1820 4634">
    <p class='ocr_par' dir='ltr' id='par_1_76' title="bbox 220 4558 1820 4634">
     <span class='ocr_line' id='line_1_76' title="bbox 220 4558 1820 4634; baseline 0.006 -24"><span class='ocrx_word' id='word_1_589' title='bbox 220 4561 533 4630; x_wconf 81' lang='grc' dir='ltr'>μηχαναῖς.</span> <span class='ocrx_word' id='word_1_590' title='bbox 602 4560 763 4625; x_wconf 77' lang='grc' dir='ltr'>Ὄξος</span> <span class='ocrx_word' id='word_1_591' title='bbox 828 4558 883 4611; x_wconf 74' lang='grc' dir='ltr'><strong>δὲ</strong></span> <span class='ocrx_word' id='word_1_592' title='bbox 946 4558 1289 4630; x_wconf 63' lang='grc' dir='ltr'>προσέφερον</span> <span class='ocrx_word' id='word_1_593' title='bbox 1342 4561 1391 4614; x_wconf 75' lang='grc' dir='ltr'><strong>υί</strong></span> <span class='ocrx_word' id='word_1_594' title='bbox 1441 4564 1820 4634; x_wconf 76' lang='grc' dir='ltr'>στρατιῶται,</span> 
     </span>
    </p>
   </div>
   <div class='ocr_carea' id='block_1_77' title="bbox 211 4651 1815 4725">
    <p class='ocr_par' dir='ltr' id='par_1_77' title="bbox 211 4651 1815 4725">
     <span class='ocr_line' id='line_1_77' title="bbox 211 4651 1815 4725; baseline 0.005 -19"><span class='ocrx_word' id='word_1_595' title='bbox 211 4651 298 4715; x_wconf 75' lang='grc' dir='ltr'>ὼς</span> <span class='ocrx_word' id='word_1_596' title='bbox 357 4651 574 4722; x_wconf 86' lang='grc' dir='ltr'>βασιλεῖ</span> <span class='ocrx_word' id='word_1_597' title='bbox 620 4651 784 4720; x_wconf 76' lang='grc' dir='ltr'>δῆθεν</span> <span class='ocrx_word' id='word_1_598' title='bbox 834 4651 1240 4724; x_wconf 81' lang='grc' dir='ltr'>ὑπηρετοῦντες</span> <span class='ocrx_word' id='word_1_599' title='bbox 1271 4695 1285 4718; x_wconf 90' lang='grc'><strong>,</strong></span> <span class='ocrx_word' id='word_1_600' title='bbox 1342 4654 1479 4725; x_wconf 73' lang='grc' dir='ltr'>προς</span> <span class='ocrx_word' id='word_1_601' title='bbox 1538 4656 1600 4709; x_wconf 75' lang='grc' dir='ltr'>τὸ</span> <span class='ocrx_word' id='word_1_602' title='bbox 1646 4662 1815 4714; x_wconf 85' lang='grc' dir='ltr'>πιεῖν.</span> 
     </span>
    </p>
   </div>
   <div class='ocr_carea' id='block_1_78' title="bbox 1934 3435 3535 3508">
    <p class='ocr_par' dir='ltr' id='par_1_78' title="bbox 1934 3435 3535 3508">
     <span class='ocr_line' id='line_1_78' title="bbox 1934 3435 3535 3508; baseline 0.007 -22"><span class='ocrx_word' id='word_1_603' title='bbox 1934 3435 2195 3504; x_wconf 81' lang='lat' dir='ltr'><strong>majorem</strong></span> <span class='ocrx_word' id='word_1_604' title='bbox 2269 3435 2663 3490; x_wconf 83' lang='lat' dir='ltr'><strong>contumeliam</strong></span> <span class='ocrx_word' id='word_1_605' title='bbox 2740 3453 2844 3508; x_wconf 89' lang='lat' dir='ltr'><strong>per</strong></span> <span class='ocrx_word' id='word_1_606' title='bbox 2910 3437 3192 3494; x_wconf 84' lang='lat' dir='ltr'><strong>lasciviam</strong></span> <span class='ocrx_word' id='word_1_607' title='bbox 3266 3440 3535 3498; x_wconf 85' lang='lat' dir='ltr'><strong>fecerunt.</strong></span> 
     </span>
    </p>
   </div>
   <div class='ocr_carea' id='block_1_79' title="bbox 1929 3527 3540 3601">
    <p class='ocr_par' dir='ltr' id='par_1_79' title="bbox 1929 3527 3540 3601">
     <span class='ocr_line' id='line_1_79' title="bbox 1929 3527 3540 3601; baseline 0.006 -21"><span class='ocrx_word' id='word_1_608' title='bbox 1929 3527 2098 3600; x_wconf 62' lang='lat'><strong>586</strong></span> <span class='ocrx_word' id='word_1_609' title='bbox 2121 3528 2260 3595; x_wconf 88' lang='lat' dir='ltr'><strong>Quid</strong></span> <span class='ocrx_word' id='word_1_610' title='bbox 2283 3529 2428 3585; x_wconf 91' lang='lat' dir='ltr'><strong>enim</strong></span> <span class='ocrx_word' id='word_1_611' title='bbox 2454 3530 2756 3601; x_wconf 65' lang='lat' dir='ltr'><strong>pretiosum</strong></span> <span class='ocrx_word' id='word_1_612' title='bbox 2784 3531 3041 3590; x_wconf 84' lang='lat' dir='ltr'><strong>videbant</strong></span> <span class='ocrx_word' id='word_1_613' title='bbox 3069 3535 3121 3588; x_wconf 92' lang='lat' dir='ltr'><strong>in</strong></span> <span class='ocrx_word' id='word_1_614' title='bbox 3149 3533 3234 3589; x_wconf 90' lang='lat' dir='ltr'><strong>his</strong></span> <span class='ocrx_word' id='word_1_615' title='bbox 3258 3537 3540 3592; x_wconf 73' lang='lat' dir='ltr'><strong>vestibus?</strong></span> 
     </span>
    </p>
   </div>
   <div class='ocr_carea' id='block_1_80' title="bbox 1933 3621 3537 3696">
    <p class='ocr_par' dir='ltr' id='par_1_80' title="bbox 1933 3621 3537 3696">
     <span class='ocr_line' id='line_1_80' title="bbox 1933 3621 3537 3696; baseline 0.006 -20"><span class='ocrx_word' id='word_1_616' title='bbox 1933 3621 2196 3678; x_wconf 77' lang='lat' dir='ltr'><strong>Bidentes</strong></span> <span class='ocrx_word' id='word_1_617' title='bbox 2231 3624 2398 3696; x_wconf 78' lang='lat' dir='ltr'><strong>igitur</strong></span> <span class='ocrx_word' id='word_1_618' title='bbox 2452 3635 2507 3679; x_wconf 90' lang='lat' dir='ltr'><strong>et</strong></span> <span class='ocrx_word' id='word_1_619' title='bbox 2547 3629 2880 3681; x_wconf 80' lang='lat' dir='ltr'><strong>contumelia</strong></span> <span class='ocrx_word' id='word_1_620' title='bbox 2929 3626 3252 3694; x_wconf 78' lang='lat' dir='ltr'><strong>allicientes,</strong></span> <span class='ocrx_word' id='word_1_621' title='bbox 3288 3630 3419 3684; x_wconf 86' lang='lat' dir='ltr'><strong>talia</strong></span> <span class='ocrx_word' id='word_1_622' title='bbox 3457 3631 3537 3686; x_wconf 83' lang='lat' dir='ltr'><strong>le-</strong></span> 
     </span>
    </p>
   </div>
   <div class='ocr_carea' id='block_1_81' title="bbox 1931 3715 3539 3795">
    <p class='ocr_par' dir='ltr' id='par_1_81' title="bbox 1931 3715 3539 3795">
     <span class='ocr_line' id='line_1_81' title="bbox 1931 3715 3539 3795; baseline 0.003 -20"><span class='ocrx_word' id='word_1_623' title='bbox 1931 3729 2144 3775; x_wconf 87' lang='lat' dir='ltr'><strong>cerunt.</strong></span> <span class='ocrx_word' id='word_1_624' title='bbox 2185 3715 2285 3776; x_wconf 86' lang='lat' dir='ltr'><strong>Ubi</strong></span> <span class='ocrx_word' id='word_1_625' title='bbox 2323 3720 2470 3775; x_wconf 88' lang='lat' dir='ltr'><strong>enim</strong></span> <span class='ocrx_word' id='word_1_626' title='bbox 2505 3720 2555 3774; x_wconf 86' lang='lat' dir='ltr'><strong>ei</strong></span> <span class='ocrx_word' id='word_1_627' title='bbox 2621 3720 2902 3790; x_wconf 82' lang='lat' dir='ltr'><strong>principes</strong></span> <span class='ocrx_word' id='word_1_628' title='bbox 2938 3722 3380 3791; x_wconf 87' lang='lat' dir='ltr'><strong>subsannabant,</strong></span> <span class='ocrx_word' id='word_1_629' title='bbox 3408 3727 3539 3795; x_wconf 86' lang='lat' dir='ltr'><strong>quid</strong></span> 
     </span>
    </p>
   </div>
   <div class='ocr_carea' id='block_1_82' title="bbox 1934 3812 3538 3885">
    <p class='ocr_par' dir='ltr' id='par_1_82' title="bbox 1934 3812 3538 3885">
     <span class='ocr_line' id='line_1_82' title="bbox 1934 3812 3538 3885; baseline 0.004 -21"><span class='ocrx_word' id='word_1_630' title='bbox 1934 3828 2040 3864; x_wconf 82' lang='lat' dir='ltr'><strong>non</strong></span> <span class='ocrx_word' id='word_1_631' title='bbox 2075 3813 2140 3866; x_wconf 88' lang='lat' dir='ltr'><strong>de</strong></span> <span class='ocrx_word' id='word_1_632' title='bbox 2178 3812 2385 3884; x_wconf 78' lang='lat' dir='ltr'><strong>lequlIO</strong></span> <span class='ocrx_word' id='word_1_633' title='bbox 2415 3812 2576 3883; x_wconf 77' lang='lat' dir='ltr'><strong>vulgo</strong></span> <span class='ocrx_word' id='word_1_634' title='bbox 2605 3813 3004 3885; x_wconf 74' lang='lat' dir='ltr'><strong>cogitandum?</strong></span> <span class='ocrx_word' id='word_1_635' title='bbox 3036 3833 3054 3867; x_wconf 83' lang='grc' dir='ltr'><strong>ι</strong></span> <span class='ocrx_word' id='word_1_636' title='bbox 3079 3815 3232 3871; x_wconf 80' lang='lat' dir='ltr'><strong>Alios</strong></span> <span class='ocrx_word' id='word_1_637' title='bbox 3270 3818 3538 3882; x_wconf 82' lang='lat' dir='ltr'><strong>servavit,</strong></span> 
     </span>
    </p>
   </div>
   <div class='ocr_carea' id='block_1_83' title="bbox 1933 3907 3542 3976">
    <p class='ocr_par' dir='ltr' id='par_1_83' title="bbox 1933 3907 3542 3976">
     <span class='ocr_line' id='line_1_83' title="bbox 1933 3907 3542 3976; baseline 0.004 -16"><span class='ocrx_word' id='word_1_638' title='bbox 1933 3917 2114 3960; x_wconf 86' lang='lat' dir='ltr'><strong>servet</strong></span> <span class='ocrx_word' id='word_1_639' title='bbox 2149 3907 2416 3976; x_wconf 86' lang='lat' dir='ltr'><strong>seipsum,</strong></span> <span class='ocrx_word' id='word_1_640' title='bbox 2452 3908 2498 3964; x_wconf 91' lang='lat' dir='ltr'><strong>si</strong></span> <span class='ocrx_word' id='word_1_641' title='bbox 2529 3907 2619 3963; x_wconf 90' lang='lat' dir='ltr'><strong>hic</strong></span> <span class='ocrx_word' id='word_1_642' title='bbox 2647 3914 2732 3962; x_wconf 87' lang='lat' dir='ltr'><strong>est</strong></span> <span class='ocrx_word' id='word_1_643' title='bbox 2767 3907 2858 3962; x_wconf 86' lang='lat' dir='ltr'><strong>ille</strong></span> <span class='ocrx_word' id='word_1_644' title='bbox 2884 3907 3163 3974; x_wconf 75' lang='lat' dir='ltr'><strong>Christus,</strong></span> <span class='ocrx_word' id='word_1_645' title='bbox 3192 3908 3282 3965; x_wconf 91' lang='lat' dir='ltr'><strong>ille</strong></span> <span class='ocrx_word' id='word_1_646' title='bbox 3309 3909 3399 3965; x_wconf 91' lang='lat' dir='ltr'><strong>Dei</strong></span> <span class='ocrx_word' id='word_1_647' title='bbox 3428 3910 3542 3966; x_wconf 88' lang='lat' dir='ltr'><strong>ele-</strong></span> 
     </span>
    </p>
   </div>
   <div class='ocr_carea' id='block_1_84' title="bbox 1933 3999 3541 4073">
    <p class='ocr_par' dir='ltr' id='par_1_84' title="bbox 1933 3999 3541 4073">
     <span class='ocr_line' id='line_1_84' title="bbox 1933 3999 3541 4073; baseline 0.004 -18"><span class='ocrx_word' id='word_1_648' title='bbox 1933 4011 2073 4055; x_wconf 90' lang='lat' dir='ltr'><strong>ctus.</strong></span> <span class='ocrx_word' id='word_1_649' title='bbox 2109 4020 2126 4051; x_wconf 75' lang='grc' dir='ltr'><strong>ι</strong></span> <span class='ocrx_word' id='word_1_650' title='bbox 2153 3999 2266 4056; x_wconf 83' lang='lat' dir='ltr'><strong>IIuc</strong></span> <span class='ocrx_word' id='word_1_651' title='bbox 2297 4001 2511 4058; x_wconf 86' lang='lat' dir='ltr'><strong>dicebat</strong></span> <span class='ocrx_word' id='word_1_652' title='bbox 2543 4017 2642 4073; x_wconf 91' lang='lat' dir='ltr'><strong>per</strong></span> <span class='ocrx_word' id='word_1_653' title='bbox 2673 4001 2799 4058; x_wconf 86' lang='lat' dir='ltr'><strong>illos</strong></span> <span class='ocrx_word' id='word_1_654' title='bbox 2829 4003 3098 4058; x_wconf 84' lang='lat' dir='ltr'><strong>diabolus.</strong></span> <span class='ocrx_word' id='word_1_655' title='bbox 3127 4002 3284 4059; x_wconf 88' lang='lat' dir='ltr'><strong>Sicut</strong></span> <span class='ocrx_word' id='word_1_656' title='bbox 3314 4006 3459 4060; x_wconf 88' lang='lat' dir='ltr'><strong>enim</strong></span> <span class='ocrx_word' id='word_1_657' title='bbox 3489 4007 3541 4062; x_wconf 92' lang='lat' dir='ltr'><strong>in</strong></span> 
     </span>
    </p>
   </div>
   <div class='ocr_carea' id='block_1_85' title="bbox 1934 4094 3541 4164">
    <p class='ocr_par' dir='ltr' id='par_1_85' title="bbox 1934 4094 3541 4164">
     <span class='ocr_line' id='line_1_85' title="bbox 1934 4094 3541 4164; baseline 0.004 -19"><span class='ocrx_word' id='word_1_658' title='bbox 1934 4095 2099 4164; x_wconf 82' lang='lat' dir='ltr'><strong>pinna</strong></span> <span class='ocrx_word' id='word_1_659' title='bbox 2135 4094 2342 4163; x_wconf 81' lang='lat' dir='ltr'><strong>templi,</strong></span> <span class='ocrx_word' id='word_1_660' title='bbox 2373 4096 2445 4149; x_wconf 85' lang='lat' dir='ltr'><strong>ita</strong></span> <span class='ocrx_word' id='word_1_661' title='bbox 2481 4108 2536 4150; x_wconf 83' lang='lat' dir='ltr'><strong>et</strong></span> <span class='ocrx_word' id='word_1_662' title='bbox 2585 4095 2688 4150; x_wconf 92' lang='lat' dir='ltr'><strong>hoc</strong></span> <span class='ocrx_word' id='word_1_663' title='bbox 2737 4095 2857 4151; x_wconf 90' lang='lat' dir='ltr'><strong>loco</strong></span> <span class='ocrx_word' id='word_1_664' title='bbox 2899 4095 3052 4162; x_wconf 85' lang='lat' dir='ltr'><strong>dicit,</strong></span> <span class='ocrx_word' id='word_1_665' title='bbox 3081 4097 3334 4154; x_wconf 78' lang='lat' dir='ltr'><strong>invidens</strong></span> <span class='ocrx_word' id='word_1_666' title='bbox 3379 4098 3541 4154; x_wconf 84' lang='lat' dir='ltr'><strong>saluti</strong></span> 
     </span>
    </p>
   </div>
   <div class='ocr_carea' id='block_1_86' title="bbox 1934 4187 3560 4260">
    <p class='ocr_par' dir='ltr' id='par_1_86' title="bbox 1934 4187 3560 4260">
     <span class='ocr_line' id='line_1_86' title="bbox 1934 4187 3560 4260; baseline 0.002 -20"><span class='ocrx_word' id='word_1_667' title='bbox 1934 4195 2136 4241; x_wconf 65' lang='lat' dir='ltr'><strong>nostrae</strong></span> <span class='ocrx_word' id='word_1_668' title='bbox 2183 4201 2280 4255; x_wconf 90' lang='lat' dir='ltr'><strong>per</strong></span> <span class='ocrx_word' id='word_1_669' title='bbox 2317 4201 2557 4251; x_wconf 88' lang='lat' dir='ltr'><strong>crucem,</strong></span> <span class='ocrx_word' id='word_1_670' title='bbox 2583 4203 2747 4258; x_wconf 87' lang='lat' dir='ltr'><strong>quam</strong></span> <span class='ocrx_word' id='word_1_671' title='bbox 2783 4187 2979 4244; x_wconf 88' lang='lat' dir='ltr'><strong>volens</strong></span> <span class='ocrx_word' id='word_1_672' title='bbox 3039 4189 3314 4260; x_wconf 90' lang='lat' dir='ltr'><strong>impedire</strong></span> <span class='ocrx_word' id='word_1_673' title='bbox 3349 4204 3560 4245; x_wconf 87' lang='lat' dir='ltr'><strong>omnes.</strong></span> 
     </span>
    </p>
   </div>
   <div class='ocr_carea' id='block_1_87' title="bbox 1935 4280 3544 4352">
    <p class='ocr_par' dir='ltr' id='par_1_87' title="bbox 1935 4280 3544 4352">
     <span class='ocr_line' id='line_1_87' title="bbox 1935 4280 3544 4352; baseline 0.002 -20"><span class='ocrx_word' id='word_1_674' title='bbox 1935 4281 2190 4334; x_wconf 71' lang='lat' dir='ltr'><strong>movebat</strong></span> <span class='ocrx_word' id='word_1_675' title='bbox 2225 4280 2526 4336; x_wconf 83' lang='lat' dir='ltr'><strong>machinas.</strong></span> <span class='ocrx_word' id='word_1_676' title='bbox 2547 4282 2778 4336; x_wconf 89' lang='lat' dir='ltr'><strong>Acetutn</strong></span> <span class='ocrx_word' id='word_1_677' title='bbox 2813 4295 2944 4336; x_wconf 84' lang='lat' dir='ltr'><strong>vero</strong></span> <span class='ocrx_word' id='word_1_678' title='bbox 2977 4281 3286 4338; x_wconf 75' lang='lat' dir='ltr'><strong>olierebant</strong></span> <span class='ocrx_word' id='word_1_679' title='bbox 3315 4282 3544 4352; x_wconf 79' lang='lat' dir='ltr'><strong>milites,</strong></span> 
     </span>
    </p>
   </div>
   <div class='ocr_carea' id='block_1_88' title="bbox 1932 4374 3542 4445">
    <p class='ocr_par' dir='ltr' id='par_1_88' title="bbox 1932 4374 3542 4445">
     <span class='ocr_line' id='line_1_88' title="bbox 1932 4374 3542 4445; baseline 0.006 -20"><span class='ocrx_word' id='word_1_680' title='bbox 1932 4374 2108 4442; x_wconf 75' lang='lat' dir='ltr'><strong>quasi.</strong></span> <span class='ocrx_word' id='word_1_681' title='bbox 2146 4374 2258 4442; x_wconf 78' lang='lat' dir='ltr'><strong>regi</strong></span> <span class='ocrx_word' id='word_1_682' title='bbox 2308 4375 2711 4445; x_wconf 80' lang='lat' dir='ltr'><strong>quodammodo</strong></span> <span class='ocrx_word' id='word_1_683' title='bbox 2755 4376 3136 4432; x_wconf 87' lang='lat' dir='ltr'><strong>ministrantes</strong></span> <span class='ocrx_word' id='word_1_684' title='bbox 3195 4384 3253 4431; x_wconf 89' lang='lat' dir='ltr'><strong>ut</strong></span> <span class='ocrx_word' id='word_1_685' title='bbox 3305 4377 3542 4434; x_wconf 85' lang='lat' dir='ltr'><strong>biberet.</strong></span> 
     </span>
    </p>
   </div>
   <div class='ocr_carea' id='block_1_89' title="bbox 1939 4465 3544 4541">
    <p class='ocr_par' dir='ltr' id='par_1_89' title="bbox 1939 4465 3544 4541">
     <span class='ocr_line' id='line_1_89' title="bbox 1939 4465 3544 4541; baseline 0.001 -21"><span class='ocrx_word' id='word_1_686' title='bbox 1939 4465 2073 4521; x_wconf 84' lang='lat' dir='ltr'><strong>Vide</strong></span> <span class='ocrx_word' id='word_1_687' title='bbox 2104 4478 2286 4522; x_wconf 82' lang='lat' dir='ltr'><strong>autem</strong></span> <span class='ocrx_word' id='word_1_688' title='bbox 2322 4478 2376 4523; x_wconf 90' lang='lat' dir='ltr'><strong>et</strong></span> <span class='ocrx_word' id='word_1_689' title='bbox 2404 4466 2565 4521; x_wconf 85' lang='lat' dir='ltr'><strong>aliam</strong></span> <span class='ocrx_word' id='word_1_690' title='bbox 2600 4467 2914 4524; x_wconf 81' lang='lat' dir='ltr'><strong>machinam</strong></span> <span class='ocrx_word' id='word_1_691' title='bbox 2962 4469 3187 4537; x_wconf 79' lang='lat' dir='ltr'><strong>diaboli,</strong></span> <span class='ocrx_word' id='word_1_692' title='bbox 3215 4486 3336 4540; x_wconf 79' lang='lat' dir='ltr'><strong>qua:</strong></span> <span class='ocrx_word' id='word_1_693' title='bbox 3372 4470 3422 4523; x_wconf 91' lang='lat' dir='ltr'><strong>in</strong></span> <span class='ocrx_word' id='word_1_694' title='bbox 3461 4472 3544 4541; x_wconf 85' lang='lat' dir='ltr'><strong>ip-</strong></span> 
     </span>
    </p>
   </div>
   <div class='ocr_carea' id='block_1_90' title="bbox 1935 4557 3544 4625">
    <p class='ocr_par' dir='ltr' id='par_1_90' title="bbox 1935 4557 3544 4625">
     <span class='ocr_line' id='line_1_90' title="bbox 1935 4557 3544 4625; baseline 0.004 -13"><span class='ocrx_word' id='word_1_695' title='bbox 1935 4571 2054 4612; x_wconf 90' lang='lat' dir='ltr'><strong>sum</strong></span> <span class='ocrx_word' id='word_1_696' title='bbox 2092 4558 2343 4613; x_wconf 84' lang='lat' dir='ltr'><strong>vertitur.</strong></span> <span class='ocrx_word' id='word_1_697' title='bbox 2405 4557 2507 4625; x_wconf 89' lang='lat' dir='ltr'><strong>Qui</strong></span> <span class='ocrx_word' id='word_1_698' title='bbox 2539 4559 2685 4613; x_wconf 89' lang='lat' dir='ltr'><strong>enim</strong></span> <span class='ocrx_word' id='word_1_699' title='bbox 2711 4559 2890 4615; x_wconf 87' lang='lat' dir='ltr'><strong>tribus</strong></span> <span class='ocrx_word' id='word_1_700' title='bbox 2919 4559 3224 4616; x_wconf 90' lang='lat' dir='ltr'><strong>litterarum</strong></span> <span class='ocrx_word' id='word_1_701' title='bbox 3252 4562 3544 4618; x_wconf 76' lang='lat' dir='ltr'><strong>characte-</strong></span> 
     </span>
    </p>
   </div>
   <div class='ocr_carea' id='block_1_91' title="bbox 1935 4649 3542 4725">
    <p class='ocr_par' dir='ltr' id='par_1_91' title="bbox 1935 4649 3542 4725">
     <span class='ocr_line' id='line_1_91' title="bbox 1935 4649 3542 4725; baseline 0.002 -20"><span class='ocrx_word' id='word_1_702' title='bbox 1935 4650 2090 4707; x_wconf 89' lang='lat' dir='ltr'><strong>ribus</strong></span> <span class='ocrx_word' id='word_1_703' title='bbox 2147 4651 2501 4706; x_wconf 83' lang='lat' dir='ltr'><strong>rebellionem</strong></span> <span class='ocrx_word' id='word_1_704' title='bbox 2552 4649 2684 4706; x_wconf 78' lang='lat' dir='ltr'><strong>Jesu</strong></span> <span class='ocrx_word' id='word_1_705' title='bbox 2750 4651 3066 4723; x_wconf 78' lang='lat' dir='ltr'><strong>invulgarat</strong></span> <span class='ocrx_word' id='word_1_706' title='bbox 3112 4655 3542 4725; x_wconf 80' lang='lat' dir='ltr'><strong>quodammodo,</strong></span> 
     </span>
    </p>
   </div>
   <div class='ocr_carea' id='block_1_92' title="bbox 213 4742 1817 4820">
    <p class='ocr_par' dir='ltr' id='par_1_92' title="bbox 213 4743 1817 4817">
     <span class='ocr_line' id='line_1_92' title="bbox 213 4743 1817 4817; baseline 0.005 -19"><span class='ocrx_word' id='word_1_707' title='bbox 213 4744 366 4816; x_wconf 80' lang='grc' dir='ltr'>Ὅρα</span> <span class='ocrx_word' id='word_1_708' title='bbox 405 4743 466 4796; x_wconf 79' lang='grc' dir='ltr'>δὲ</span> <span class='ocrx_word' id='word_1_709' title='bbox 506 4744 602 4798; x_wconf 80' lang='grc' dir='ltr'><strong>καὶ</strong></span> <span class='ocrx_word' id='word_1_710' title='bbox 651 4744 847 4817; x_wconf 71' lang='grc' dir='ltr'>ἑτέραν</span> <span class='ocrx_word' id='word_1_711' title='bbox 911 4747 1166 4817; x_wconf 77' lang='grc' dir='ltr'>μηχανὴν</span> <span class='ocrx_word' id='word_1_712' title='bbox 1224 4746 1319 4800; x_wconf 82' lang='grc' dir='ltr'>τοῦ</span> <span class='ocrx_word' id='word_1_713' title='bbox 1371 4747 1650 4816; x_wconf 80' lang='grc' dir='ltr'>διαδὸλου,</span> <span class='ocrx_word' id='word_1_714' title='bbox 1700 4755 1817 4806; x_wconf 78' lang='grc' dir='ltr'>κατ’</span> 
     </span>
    </p>
   </div>
   <div class='ocr_carea' id='block_1_93' title="bbox 1928 4742 3542 4820">
    <p class='ocr_par' dir='ltr' id='par_1_93' title="bbox 1934 4742 3542 4820">
     <span class='ocr_line' id='line_1_93' title="bbox 1934 4742 3542 4820; baseline 0.005 -24"><span class='ocrx_word' id='word_1_715' title='bbox 1934 4752 1992 4796; x_wconf 84' lang='grc' dir='ltr'><strong>ιιι</strong></span> <span class='ocrx_word' id='word_1_716' title='bbox 2045 4742 2318 4798; x_wconf 89' lang='lat' dir='ltr'><strong>neminem</strong></span> <span class='ocrx_word' id='word_1_717' title='bbox 2369 4746 2821 4813; x_wconf 71' lang='lat' dir='ltr'><strong>prtetereuntium</strong></span> <span class='ocrx_word' id='word_1_718' title='bbox 2863 4751 3084 4814; x_wconf 84' lang='lat' dir='ltr'><strong>lateret,</strong></span> <span class='ocrx_word' id='word_1_719' title='bbox 3117 4751 3272 4817; x_wconf 86' lang='lat' dir='ltr'><strong>quasi</strong></span> <span class='ocrx_word' id='word_1_720' title='bbox 3320 4759 3542 4820; x_wconf 75' lang='lat' dir='ltr'><strong>propter</strong></span> 
     </span>
    </p>
   </div>
   <div class='ocr_carea' id='block_1_94' title="bbox 206 4835 1826 4914">
    <p class='ocr_par' dir='ltr' id='par_1_94' title="bbox 206 4835 1826 4914">
     <span class='ocr_line' id='line_1_94' title="bbox 206 4835 1826 4914; baseline -0.002 -24"><span class='ocrx_word' id='word_1_721' title='bbox 206 4835 390 4890; x_wconf 77' lang='grc' dir='ltr'>αὑτοῦ</span> <span class='ocrx_word' id='word_1_722' title='bbox 451 4837 954 4909; x_wconf 84' lang='grc' dir='ltr'>περιτρεπομένην.</span> <span class='ocrx_word' id='word_1_723' title='bbox 1010 4839 1070 4891; x_wconf 87' lang='grc' dir='ltr'><strong>Ὀ</strong></span> <span class='ocrx_word' id='word_1_724' title='bbox 1125 4838 1227 4908; x_wconf 81' lang='grc' dir='ltr'><strong>μὲν</strong></span> <span class='ocrx_word' id='word_1_725' title='bbox 1266 4839 1378 4912; x_wconf 78' lang='grc' dir='ltr'><strong>γὰρ</strong></span> <span class='ocrx_word' id='word_1_726' title='bbox 1430 4844 1580 4912; x_wconf 71' lang='grc' dir='ltr'>τρισὶ</span> <span class='ocrx_word' id='word_1_727' title='bbox 1645 4861 1826 4914; x_wconf 73' lang='grc' dir='ltr'>χαρα-</span> 
     </span>
    </p>
   </div>
   <div class='ocr_carea' id='block_1_95' title="bbox 213 4929 1828 5008">
    <p class='ocr_par' dir='ltr' id='par_1_95' title="bbox 213 4929 1828 5008">
     <span class='ocr_line' id='line_1_95' title="bbox 213 4929 1828 5008; baseline 0.004 -24"><span class='ocrx_word' id='word_1_728' title='bbox 213 4929 431 5000; x_wconf 74' lang='grc' dir='ltr'>κτῆρσι</span> <span class='ocrx_word' id='word_1_729' title='bbox 490 4931 837 5001; x_wconf 76' lang='grc' dir='ltr'>γραμμάτων</span> <span class='ocrx_word' id='word_1_730' title='bbox 891 4931 1238 5001; x_wconf 80' lang='grc' dir='ltr'>ὲξεπόμπευε</span> <span class='ocrx_word' id='word_1_731' title='bbox 1290 4933 1454 5004; x_wconf 76' lang='grc' dir='ltr'>δῆθεν</span> <span class='ocrx_word' id='word_1_732' title='bbox 1492 4934 1594 5005; x_wconf 82' lang='grc' dir='ltr'>τὴν</span> <span class='ocrx_word' id='word_1_733' title='bbox 1625 4937 1828 5008; x_wconf 75' lang='grc' dir='ltr'>ἀνταρο</span> 
     </span>
    </p>
   </div>
   <div class='ocr_carea' id='block_1_96' title="bbox 220 5019 1820 5099">
    <p class='ocr_par' dir='ltr' id='par_1_96' title="bbox 220 5019 1820 5099">
     <span class='ocr_line' id='line_1_96' title="bbox 220 5019 1820 5099; baseline 0.004 -24"><span class='ocrx_word' id='word_1_734' title='bbox 220 5020 354 5076; x_wconf 83' lang='grc' dir='ltr'>σίαν</span> <span class='ocrx_word' id='word_1_735' title='bbox 391 5019 489 5075; x_wconf 79' lang='grc' dir='ltr'><strong>τοῦ</strong></span> <span class='ocrx_word' id='word_1_736' title='bbox 532 5022 735 5091; x_wconf 79' lang='grc' dir='ltr'>Ἰησοῦ,</span> <span class='ocrx_word' id='word_1_737' title='bbox 797 5023 887 5077; x_wconf 79' lang='grc' dir='ltr'><strong>ἵνα</strong></span> <span class='ocrx_word' id='word_1_738' title='bbox 926 5025 1132 5096; x_wconf 80' lang='grc' dir='ltr'>μηδένα</span> <span class='ocrx_word' id='word_1_739' title='bbox 1159 5026 1417 5080; x_wconf 85' lang='grc' dir='ltr'>λανθάνοι</span> <span class='ocrx_word' id='word_1_740' title='bbox 1448 5029 1556 5080; x_wconf 87' lang='grc' dir='ltr'>τῶν</span> <span class='ocrx_word' id='word_1_741' title='bbox 1591 5029 1820 5099; x_wconf 79' lang='grc' dir='ltr'>παριόνο</span> 
     </span>
    </p>
   </div>
   <div class='ocr_carea' id='block_1_97' title="bbox 214 5113 1829 5188">
    <p class='ocr_par' dir='ltr' id='par_1_97' title="bbox 214 5113 1829 5188">
     <span class='ocr_line' id='line_1_97' title="bbox 214 5113 1829 5188; baseline 0.004 -21"><span class='ocrx_word' id='word_1_742' title='bbox 214 5131 358 5178; x_wconf 83' lang='grc' dir='ltr'>των,</span> <span class='ocrx_word' id='word_1_743' title='bbox 389 5113 467 5178; x_wconf 82' lang='grc' dir='ltr'>ὼς</span> <span class='ocrx_word' id='word_1_744' title='bbox 499 5114 591 5167; x_wconf 77' lang='grc' dir='ltr'>διὰ</span> <span class='ocrx_word' id='word_1_745' title='bbox 639 5114 800 5168; x_wconf 82' lang='grc' dir='ltr'>τοῦτο</span> <span class='ocrx_word' id='word_1_746' title='bbox 842 5115 1142 5188; x_wconf 79' lang='grc' dir='ltr'>κρέμαται,</span> <span class='ocrx_word' id='word_1_747' title='bbox 1171 5116 1305 5171; x_wconf 83' lang='grc' dir='ltr'>διότι</span> <span class='ocrx_word' id='word_1_748' title='bbox 1353 5117 1578 5188; x_wconf 79' lang='grc' dir='ltr'>βασιλέα</span> <span class='ocrx_word' id='word_1_749' title='bbox 1635 5120 1829 5174; x_wconf 79' lang='grc' dir='ltr'>ἑαυτὸν</span> 
     </span>
    </p>
   </div>
   <div class='ocr_carea' id='block_1_98' title="bbox 207 5204 1829 5281">
    <p class='ocr_par' dir='ltr' id='par_1_98' title="bbox 207 5204 1829 5281">
     <span class='ocr_line' id='line_1_98' title="bbox 207 5204 1829 5281; baseline 0.005 -23"><span class='ocrx_word' id='word_1_750' title='bbox 207 5204 438 5260; x_wconf 69' lang='grc' dir='ltr'>ἐποίει·</span> <span class='ocrx_word' id='word_1_751' title='bbox 476 5206 541 5259; x_wconf 77' lang='grc' dir='ltr'><strong>τὸ</strong></span> <span class='ocrx_word' id='word_1_752' title='bbox 587 5205 666 5268; x_wconf 74' lang='grc' dir='ltr'>δὲ,</span> <span class='ocrx_word' id='word_1_753' title='bbox 699 5207 805 5260; x_wconf 70' lang='grc' dir='ltr'>κᾶν</span> <span class='ocrx_word' id='word_1_754' title='bbox 860 5208 935 5279; x_wconf 79' lang='grc' dir='ltr'>μὴ</span> <span class='ocrx_word' id='word_1_755' title='bbox 993 5209 1020 5261; x_wconf 92' lang='lat'><strong>6</strong></span> <span class='ocrx_word' id='word_1_756' title='bbox 1075 5209 1238 5278; x_wconf 75' lang='grc' dir='ltr'>σοφὸς</span> <span class='ocrx_word' id='word_1_757' title='bbox 1300 5209 1395 5262; x_wconf 81' lang='grc' dir='ltr'><strong>τοῦ</strong></span> <span class='ocrx_word' id='word_1_758' title='bbox 1459 5213 1829 5281; x_wconf 77' lang='grc' dir='ltr'>κακοποιῆσαι</span> 
     </span>
    </p>
   </div>
   <div class='ocr_carea' id='block_1_99' title="bbox 214 5295 1828 5372">
    <p class='ocr_par' dir='ltr' id='par_1_99' title="bbox 214 5295 1828 5372">
     <span class='ocr_line' id='line_1_99' title="bbox 214 5295 1828 5372; baseline 0.004 -22"><span class='ocrx_word' id='word_1_759' title='bbox 214 5305 449 5362; x_wconf 80' lang='grc' dir='ltr'>συνίει,</span> <span class='ocrx_word' id='word_1_760' title='bbox 513 5299 786 5367; x_wconf 72' lang='grc' dir='ltr'>σύμϐολον</span> <span class='ocrx_word' id='word_1_761' title='bbox 845 5295 914 5372; x_wconf 81' lang='grc' dir='ltr'>ἦν</span> <span class='ocrx_word' id='word_1_762' title='bbox 963 5299 1060 5354; x_wconf 81' lang='grc' dir='ltr'>τοῦ</span> <span class='ocrx_word' id='word_1_763' title='bbox 1119 5302 1392 5372; x_wconf 69' lang='grc' dir='ltr'>κράτιστα</span> <span class='ocrx_word' id='word_1_764' title='bbox 1453 5303 1563 5356; x_wconf 81' lang='grc' dir='ltr'>τῶν</span> <span class='ocrx_word' id='word_1_765' title='bbox 1615 5304 1828 5371; x_wconf 72' lang='grc' dir='ltr'>ἐθνῶν,</span> 
     </span>
    </p>
   </div>
   <div class='ocr_carea' id='block_1_100' title="bbox 210 5392 1828 5468">
    <p class='ocr_par' dir='ltr' id='par_1_100' title="bbox 210 5392 1828 5468">
     <span class='ocr_line' id='line_1_100' title="bbox 210 5392 1828 5468; baseline 0.002 -21"><span class='ocrx_word' id='word_1_766' title='bbox 210 5393 402 5447; x_wconf 77' lang='grc' dir='ltr'>ὁποῖοι</span> <span class='ocrx_word' id='word_1_767' title='bbox 424 5393 473 5445; x_wconf 84' lang='lat' dir='ltr'><strong>oi</strong></span> <span class='ocrx_word' id='word_1_768' title='bbox 523 5392 808 5462; x_wconf 86' lang='grc' dir='ltr'>Ῥωμαῖοι,</span> <span class='ocrx_word' id='word_1_769' title='bbox 843 5394 937 5447; x_wconf 77' lang='grc' dir='ltr'>καὶ</span> <span class='ocrx_word' id='word_1_770' title='bbox 964 5394 1292 5463; x_wconf 69' lang='grc' dir='ltr'>σοφώτατοι,</span> <span class='ocrx_word' id='word_1_771' title='bbox 1327 5398 1507 5450; x_wconf 77' lang='grc' dir='ltr'>ὁποῖοι</span> <span class='ocrx_word' id='word_1_772' title='bbox 1543 5395 1828 5468; x_wconf 83' lang='grc' dir='ltr'>Ἕλληνες,</span> 
     </span>
    </p>
   </div>
   <div class='ocr_carea' id='block_1_101' title="bbox 1930 4840 3542 4912">
    <p class='ocr_par' dir='ltr' id='par_1_101' title="bbox 1930 4840 3542 4912">
     <span class='ocr_line' id='line_1_101' title="bbox 1930 4840 3542 4912; baseline 0.004 -18"><span class='ocrx_word' id='word_1_773' title='bbox 1930 4840 2035 4896; x_wconf 91' lang='lat' dir='ltr'><strong>hoc</strong></span> <span class='ocrx_word' id='word_1_774' title='bbox 2075 4853 2375 4910; x_wconf 82' lang='lat' dir='ltr'><strong>suspensus</strong></span> <span class='ocrx_word' id='word_1_775' title='bbox 2424 4850 2590 4905; x_wconf 86' lang='lat' dir='ltr'><strong>esset.</strong></span> <span class='ocrx_word' id='word_1_776' title='bbox 2615 4844 2759 4912; x_wconf 89' lang='lat' dir='ltr'><strong>quod</strong></span> <span class='ocrx_word' id='word_1_777' title='bbox 2814 4857 2996 4912; x_wconf 75' lang='lat' dir='ltr'><strong>regem</strong></span> <span class='ocrx_word' id='word_1_778' title='bbox 3025 4859 3086 4900; x_wconf 87' lang='lat' dir='ltr'><strong>se</strong></span> <span class='ocrx_word' id='word_1_779' title='bbox 3131 4841 3355 4901; x_wconf 78' lang='lat' dir='ltr'><strong>fecisset</strong></span> <span class='ocrx_word' id='word_1_780' title='bbox 3389 4862 3403 4899; x_wconf 89' lang='lat'><strong>:</strong></span> <span class='ocrx_word' id='word_1_781' title='bbox 3437 4847 3542 4901; x_wconf 84' lang='lat' dir='ltr'><strong>hoc</strong></span> 
     </span>
    </p>
   </div>
   <div class='ocr_carea' id='block_1_102' title="bbox 1931 4933 3538 5012">
    <p class='ocr_par' dir='ltr' id='par_1_102' title="bbox 1931 4933 3538 5012">
     <span class='ocr_line' id='line_1_102' title="bbox 1931 4933 3538 5012; baseline 0.004 -26"><span class='ocrx_word' id='word_1_782' title='bbox 1931 4933 2060 5005; x_wconf 79' lang='lat' dir='ltr'><strong>iam.</strong></span> <span class='ocrx_word' id='word_1_783' title='bbox 2102 4935 2317 4990; x_wconf 89' lang='lat' dir='ltr'><strong>etiamsi</strong></span> <span class='ocrx_word' id='word_1_784' title='bbox 2373 4947 2486 4989; x_wconf 91' lang='lat' dir='ltr'><strong>non</strong></span> <span class='ocrx_word' id='word_1_785' title='bbox 2543 4950 2573 4989; x_wconf 91' lang='lat' dir='ltr'><strong>e</strong></span> <span class='ocrx_word' id='word_1_786' title='bbox 2622 4946 2806 4990; x_wconf 88' lang='lat' dir='ltr'><strong>mente</strong></span> <span class='ocrx_word' id='word_1_787' title='bbox 2857 4938 3179 5003; x_wconf 77' lang='lat' dir='ltr'><strong>scribentis,</strong></span> <span class='ocrx_word' id='word_1_788' title='bbox 3231 4940 3538 5012; x_wconf 86' lang='lat' dir='ltr'><strong>symbolum</strong></span> 
     </span>
    </p>
   </div>
   <div class='ocr_carea' id='block_1_103' title="bbox 1932 5027 3539 5103">
    <p class='ocr_par' dir='ltr' id='par_1_103' title="bbox 1932 5027 3539 5103">
     <span class='ocr_line' id='line_1_103' title="bbox 1932 5027 3539 5103; baseline 0.006 -23"><span class='ocrx_word' id='word_1_789' title='bbox 1932 5027 2133 5082; x_wconf 81' lang='lat' dir='ltr'><strong>factum</strong></span> <span class='ocrx_word' id='word_1_790' title='bbox 2174 5037 2259 5082; x_wconf 88' lang='lat' dir='ltr'><strong>est</strong></span> <span class='ocrx_word' id='word_1_791' title='bbox 2289 5029 2436 5098; x_wconf 91' lang='lat' dir='ltr'><strong>quod</strong></span> <span class='ocrx_word' id='word_1_792' title='bbox 2477 5030 2845 5098; x_wconf 81' lang='lat' dir='ltr'><strong>potentissimi</strong></span> <span class='ocrx_word' id='word_1_793' title='bbox 2880 5033 3152 5102; x_wconf 80' lang='lat' dir='ltr'><strong>gentium,</strong></span> <span class='ocrx_word' id='word_1_794' title='bbox 3196 5034 3386 5103; x_wconf 76' lang='lat' dir='ltr'><strong>quales</strong></span> <span class='ocrx_word' id='word_1_795' title='bbox 3436 5036 3539 5090; x_wconf 79' lang='lat' dir='ltr'><strong>Ro-</strong></span> 
     </span>
    </p>
   </div>
   <div class='ocr_carea' id='block_1_104' title="bbox 1931 5121 3544 5196">
    <p class='ocr_par' dir='ltr' id='par_1_104' title="bbox 1931 5121 3544 5196">
     <span class='ocr_line' id='line_1_104' title="bbox 1931 5121 3544 5196; baseline 0.005 -22"><span class='ocrx_word' id='word_1_796' title='bbox 1931 5121 2080 5174; x_wconf 86' lang='lat' dir='ltr'><strong>mani</strong></span> <span class='ocrx_word' id='word_1_797' title='bbox 2117 5137 2128 5174; x_wconf 91' lang='lat'><strong>:</strong></span> <span class='ocrx_word' id='word_1_798' title='bbox 2159 5129 2215 5175; x_wconf 84' lang='lat' dir='ltr'><strong>et</strong></span> <span class='ocrx_word' id='word_1_799' title='bbox 2245 5121 2872 5192; x_wconf 83' lang='lat' dir='ltr'><strong>sapientissimi,quales</strong></span> <span class='ocrx_word' id='word_1_800' title='bbox 2897 5123 3074 5180; x_wconf 76' lang='lat' dir='ltr'><strong>Grzeci</strong></span> <span class='ocrx_word' id='word_1_801' title='bbox 3110 5145 3123 5181; x_wconf 89' lang='lat'><strong>:</strong></span> <span class='ocrx_word' id='word_1_802' title='bbox 3159 5136 3214 5180; x_wconf 86' lang='lat' dir='ltr'><strong>et</strong></span> <span class='ocrx_word' id='word_1_803' title='bbox 3257 5127 3544 5196; x_wconf 71' lang='lat' dir='ltr'><strong>religiosis-</strong></span> 
     </span>
    </p>
   </div>
   <div class='ocr_carea' id='block_1_105' title="bbox 1935 5211 3542 5291">
    <p class='ocr_par' dir='ltr' id='par_1_105' title="bbox 1935 5211 3542 5291">
     <span class='ocr_line' id='line_1_105' title="bbox 1935 5211 3542 5291; baseline 0.003 -24"><span class='ocrx_word' id='word_1_804' title='bbox 1935 5213 2084 5277; x_wconf 90' lang='lat' dir='ltr'><strong>simi,</strong></span> <span class='ocrx_word' id='word_1_805' title='bbox 2107 5212 2298 5284; x_wconf 77' lang='lat' dir='ltr'><strong>quales</strong></span> <span class='ocrx_word' id='word_1_806' title='bbox 2323 5211 2555 5280; x_wconf 68' lang='lat' dir='ltr'><strong>Hebraei,</strong></span> <span class='ocrx_word' id='word_1_807' title='bbox 2574 5213 2780 5271; x_wconf 81' lang='lat' dir='ltr'><strong>Christi</strong></span> <span class='ocrx_word' id='word_1_808' title='bbox 2803 5232 2974 5286; x_wconf 73' lang='lat' dir='ltr'><strong>regno</strong></span> <span class='ocrx_word' id='word_1_809' title='bbox 2993 5219 3315 5291; x_wconf 72' lang='lat' dir='ltr'><strong>subiiciendi</strong></span> <span class='ocrx_word' id='word_1_810' title='bbox 3335 5229 3542 5284; x_wconf 85' lang='lat' dir='ltr'><strong>essent,</strong></span> 
     </span>
    </p>
   </div>
   <div class='ocr_carea' id='block_1_106' title="bbox 1936 5305 3543 5382">
    <p class='ocr_par' dir='ltr' id='par_1_106' title="bbox 1936 5305 3543 5382">
     <span class='ocr_line' id='line_1_106' title="bbox 1936 5305 3543 5382; baseline 0.004 -23"><span class='ocrx_word' id='word_1_811' title='bbox 1936 5313 1992 5359; x_wconf 92' lang='lat' dir='ltr'><strong>et</strong></span> <span class='ocrx_word' id='word_1_812' title='bbox 2021 5305 2193 5374; x_wconf 87' lang='lat' dir='ltr'><strong>ipsum</strong></span> <span class='ocrx_word' id='word_1_813' title='bbox 2228 5306 2528 5374; x_wconf 68' lang='lat' dir='ltr'><strong>praedicare</strong></span> <span class='ocrx_word' id='word_1_814' title='bbox 2554 5308 2816 5364; x_wconf 82' lang='lat' dir='ltr'><strong>debeant.</strong></span> <span class='ocrx_word' id='word_1_815' title='bbox 2843 5308 2920 5365; x_wconf 90' lang='lat' dir='ltr'><strong>De</strong></span> <span class='ocrx_word' id='word_1_816' title='bbox 2951 5311 3054 5367; x_wconf 93' lang='lat' dir='ltr'><strong>hoc</strong></span> <span class='ocrx_word' id='word_1_817' title='bbox 3085 5320 3266 5368; x_wconf 88' lang='lat' dir='ltr'><strong>autem</strong></span> <span class='ocrx_word' id='word_1_818' title='bbox 3306 5313 3460 5382; x_wconf 90' lang='lat' dir='ltr'><strong>plura</strong></span> <span class='ocrx_word' id='word_1_819' title='bbox 3484 5323 3543 5368; x_wconf 90' lang='lat' dir='ltr'><strong>et</strong></span> 
     </span>
    </p>
   </div>
   <div class='ocr_carea' id='block_1_107' title="bbox 1939 5396 3222 5470">
    <p class='ocr_par' dir='ltr' id='par_1_107' title="bbox 1939 5396 3222 5470">
     <span class='ocr_line' id='line_1_107' title="bbox 1939 5396 3222 5470; baseline 0.006 -19"><span class='ocrx_word' id='word_1_820' title='bbox 1939 5396 2258 5452; x_wconf 87' lang='lat' dir='ltr'><strong>sublimiora</strong></span> <span class='ocrx_word' id='word_1_821' title='bbox 2293 5400 2345 5452; x_wconf 92' lang='lat' dir='ltr'><strong>iu</strong></span> <span class='ocrx_word' id='word_1_822' title='bbox 2381 5397 2677 5470; x_wconf 75' lang='lat' dir='ltr'><strong>Evangelio</strong></span> <span class='ocrx_word' id='word_1_823' title='bbox 2705 5401 2935 5458; x_wconf 82' lang='lat' dir='ltr'><strong>Joannis</strong></span> <span class='ocrx_word' id='word_1_824' title='bbox 2961 5403 3222 5459; x_wconf 75' lang='lat' dir='ltr'><strong>diximus.</strong></span> 
     </span>
    </p>
   </div>
   <div class='ocr_carea' id='block_1_108' title="bbox 218 5488 3540 5570">
    <p class='ocr_par' dir='ltr' id='par_1_108' title="bbox 218 5488 3540 5570">
     <span class='ocr_line' id='line_1_108' title="bbox 218 5488 3540 5570; baseline 0.003 -26"><span class='ocrx_word' id='word_1_825' title='bbox 218 5488 803 5554; x_wconf 71' lang='grc' dir='ltr'>καὶθεοσεϐἐστατοι,</span> <span class='ocrx_word' id='word_1_826' title='bbox 852 5492 1038 5544; x_wconf 80' lang='grc' dir='ltr'>ὁποῖον</span> <span class='ocrx_word' id='word_1_827' title='bbox 1073 5492 1132 5545; x_wconf 76' lang='grc' dir='ltr'><strong>τὸ</strong></span> <span class='ocrx_word' id='word_1_828' title='bbox 1169 5492 1326 5560; x_wconf 82' lang='grc' dir='ltr'>γένος</span> <span class='ocrx_word' id='word_1_829' title='bbox 1375 5491 1490 5546; x_wconf 81' lang='grc' dir='ltr'>τῶν</span> <span class='ocrx_word' id='word_1_830' title='bbox 1540 5490 1842 5564; x_wconf 78' lang='grc' dir='ltr'>Ἐϐραίων,</span> <span class='ocrx_word' id='word_1_831' title='bbox 1886 5491 1991 5546; x_wconf 76' lang='grc' dir='ltr'><strong>ὑπὸ</strong></span> <span class='ocrx_word' id='word_1_832' title='bbox 2051 5495 2116 5564; x_wconf 82' lang='grc' dir='ltr'>τῇ</span> <span class='ocrx_word' id='word_1_833' title='bbox 2178 5494 2427 5569; x_wconf 78' lang='grc' dir='ltr'>βασιλείᾳ</span> <span class='ocrx_word' id='word_1_834' title='bbox 2452 5496 2746 5568; x_wconf 58' lang='grc' dir='ltr'><strong>τοῦςΙησοῦ</strong></span> <span class='ocrx_word' id='word_1_835' title='bbox 2795 5500 3153 5570; x_wconf 80' lang='grc' dir='ltr'>τεθήσεσθαι,</span> <span class='ocrx_word' id='word_1_836' title='bbox 3188 5500 3285 5554; x_wconf 73' lang='grc' dir='ltr'>καὶ</span> <span class='ocrx_word' id='word_1_837' title='bbox 3330 5501 3540 5570; x_wconf 83' lang='grc' dir='ltr'>ἀνακη-</span> 
     </span>
    </p>
   </div>
   <div class='ocr_carea' id='block_1_109' title="bbox 207 5583 3099 5667">
    <p class='ocr_par' dir='ltr' id='par_1_109' title="bbox 207 5583 3099 5667">
     <span class='ocr_line' id='line_1_109' title="bbox 207 5583 3099 5667; baseline 0.003 -26"><span class='ocrx_word' id='word_1_838' title='bbox 207 5583 414 5661; x_wconf 60' lang='grc' dir='ltr'>’ρύξειν</span> <span class='ocrx_word' id='word_1_839' title='bbox 445 5585 631 5640; x_wconf 80' lang='grc' dir='ltr'>αὐτόν.</span> <span class='ocrx_word' id='word_1_840' title='bbox 673 5586 915 5657; x_wconf 74' lang='grc' dir='ltr'>Εἴπομεν</span> <span class='ocrx_word' id='word_1_841' title='bbox 955 5587 1011 5640; x_wconf 78' lang='grc' dir='ltr'>δὲ</span> <span class='ocrx_word' id='word_1_842' title='bbox 1050 5590 1180 5658; x_wconf 79' lang='grc' dir='ltr'>περὶ</span> <span class='ocrx_word' id='word_1_843' title='bbox 1223 5588 1432 5642; x_wconf 74' lang='grc' dir='ltr'>τούτων</span> <span class='ocrx_word' id='word_1_844' title='bbox 1486 5592 1582 5643; x_wconf 71' lang='grc' dir='ltr'><strong>καὶ</strong></span> <span class='ocrx_word' id='word_1_845' title='bbox 1632 5593 1690 5643; x_wconf 83' lang='grc' dir='ltr'>ὲν</span> <span class='ocrx_word' id='word_1_846' title='bbox 1739 5589 1818 5660; x_wconf 78' lang='grc' dir='ltr'>τῷ</span> <span class='ocrx_word' id='word_1_847' title='bbox 1868 5591 2013 5644; x_wconf 75' lang='grc' dir='ltr'>κατὰ</span> <span class='ocrx_word' id='word_1_848' title='bbox 2051 5591 2311 5660; x_wconf 83' lang='grc' dir='ltr'>Ἰωάννην</span> <span class='ocrx_word' id='word_1_849' title='bbox 2373 5593 2545 5647; x_wconf 86' lang='grc' dir='ltr'>πλείω</span> <span class='ocrx_word' id='word_1_850' title='bbox 2607 5595 2702 5648; x_wconf 73' lang='grc' dir='ltr'><strong>καὶ</strong></span> <span class='ocrx_word' id='word_1_851' title='bbox 2769 5595 3099 5667; x_wconf 65' lang='grc' dir='ltr'>ὑψηλότερα.</span> 
     </span>
    </p>
   </div>
   <div class='ocr_carea' id='block_1_110' title="bbox 297 5673 1810 5753">
    <p class='ocr_par' dir='ltr' id='par_1_110' title="bbox 297 5673 1810 5753">
     <span class='ocr_line' id='line_1_110' title="bbox 297 5673 1810 5753; baseline 0.005 -23"><span class='ocrx_word' id='word_1_852' title='bbox 297 5701 320 5734; x_wconf 71' lang='grc' dir='ltr'><strong>ι</strong></span> <span class='ocrx_word' id='word_1_853' title='bbox 365 5673 460 5742; x_wconf 73' lang='grc' dir='ltr'><strong>Εἷς</strong></span> <span class='ocrx_word' id='word_1_854' title='bbox 483 5679 538 5732; x_wconf 76' lang='grc' dir='ltr'>δὲ</span> <span class='ocrx_word' id='word_1_855' title='bbox 565 5678 677 5733; x_wconf 82' lang='grc' dir='ltr'>τῶν</span> <span class='ocrx_word' id='word_1_856' title='bbox 708 5679 1134 5751; x_wconf 79' lang='grc' dir='ltr'>κρεμασθέντων</span> <span class='ocrx_word' id='word_1_857' title='bbox 1164 5680 1493 5750; x_wconf 72' lang='grc' dir='ltr'>κακούργων</span> <span class='ocrx_word' id='word_1_858' title='bbox 1534 5681 1810 5753; x_wconf 74' lang='grc' dir='ltr'>ἐϐλασφή-</span> 
     </span>
    </p>
   </div>
   <div class='ocr_carea' id='block_1_111' title="bbox 210 5766 1823 5847">
    <p class='ocr_par' dir='ltr' id='par_1_111' title="bbox 210 5766 1823 5847">
     <span class='ocr_line' id='line_1_111' title="bbox 210 5766 1823 5847; baseline 0.002 -23"><span class='ocrx_word' id='word_1_859' title='bbox 210 5792 321 5847; x_wconf 80' lang='grc' dir='ltr'><strong>μει</strong></span> <span class='ocrx_word' id='word_1_860' title='bbox 356 5771 528 5826; x_wconf 77' lang='grc' dir='ltr'>αὐτὸν</span> <span class='ocrx_word' id='word_1_861' title='bbox 555 5771 733 5837; x_wconf 82' lang='grc' dir='ltr'>λέγων</span> <span class='ocrx_word' id='word_1_862' title='bbox 758 5786 770 5798; x_wconf 89' lang='grc'><strong>·</strong></span> <span class='ocrx_word' id='word_1_863' title='bbox 800 5771 862 5823; x_wconf 78' lang='lat' dir='ltr'><strong>El</strong></span> <span class='ocrx_word' id='word_1_864' title='bbox 895 5770 958 5823; x_wconf 76' lang='lat' dir='ltr'><strong>ob</strong></span> <span class='ocrx_word' id='word_1_865' title='bbox 987 5766 1037 5822; x_wconf 80' lang='grc' dir='ltr'><strong>εἷ</strong></span> <span class='ocrx_word' id='word_1_866' title='bbox 1068 5773 1095 5824; x_wconf 89' lang='lat'><strong>6</strong></span> <span class='ocrx_word' id='word_1_867' title='bbox 1129 5773 1387 5841; x_wconf 73' lang='grc' dir='ltr'>Χριστος,</span> <span class='ocrx_word' id='word_1_868' title='bbox 1428 5775 1603 5826; x_wconf 80' lang='grc' dir='ltr'>σῶσον</span> <span class='ocrx_word' id='word_1_869' title='bbox 1661 5791 1823 5828; x_wconf 85' lang='grc' dir='ltr'>σεαυ-</span> 
     </span>
    </p>
   </div>
   <div class='ocr_carea' id='block_1_112' title="bbox 199 5863 1832 5936">
    <p class='ocr_par' dir='ltr' id='par_1_112' title="bbox 199 5863 1832 5936">
     <span class='ocr_line' id='line_1_112' title="bbox 199 5863 1832 5936; baseline 0.001 -17"><span class='ocrx_word' id='word_1_870' title='bbox 199 5870 315 5920; x_wconf 71' lang='grc' dir='ltr'>τὸν</span> <span class='ocrx_word' id='word_1_871' title='bbox 376 5864 477 5916; x_wconf 71' lang='grc' dir='ltr'>καὶ</span> <span class='ocrx_word' id='word_1_872' title='bbox 539 5865 715 5932; x_wconf 67' lang='grc' dir='ltr'>ἡμᾶς.</span> <span class='ocrx_word' id='word_1_873' title='bbox 775 5863 1131 5931; x_wconf 54' lang='grc' dir='ltr'>Ἀποκριθεῖς</span> <span class='ocrx_word' id='word_1_874' title='bbox 1182 5863 1237 5916; x_wconf 83' lang='grc' dir='ltr'>δὲ</span> <span class='ocrx_word' id='word_1_875' title='bbox 1281 5867 1307 5915; x_wconf 91' lang='lat'><strong>6</strong></span> <span class='ocrx_word' id='word_1_876' title='bbox 1358 5865 1545 5935; x_wconf 76' lang='grc' dir='ltr'>ἕτερος</span> <span class='ocrx_word' id='word_1_877' title='bbox 1595 5867 1832 5936; x_wconf 73' lang='grc' dir='ltr'>ἐπετίμα</span> 
     </span>
    </p>
   </div>
   <div class='ocr_carea' id='block_1_113' title="bbox 199 5958 1584 6031">
    <p class='ocr_par' dir='ltr' id='par_1_113' title="bbox 199 5958 1584 6031">
     <span class='ocr_line' id='line_1_113' title="bbox 199 5958 1584 6031; baseline -0.003 -15"><span class='ocrx_word' id='word_1_878' title='bbox 199 5959 397 6031; x_wconf 70' lang='grc' dir='ltr'>αὐτῷ,</span> <span class='ocrx_word' id='word_1_879' title='bbox 432 5958 645 6026; x_wconf 66' lang='grc' dir='ltr'><strong>λᾶγωψ</strong></span> <span class='ocrx_word' id='word_1_880' title='bbox 687 5958 822 6011; x_wconf 75' lang='grc' dir='ltr'>Οὐδὲ</span> <span class='ocrx_word' id='word_1_881' title='bbox 872 5959 1013 6029; x_wconf 69' lang='grc' dir='ltr'><strong>φοϐῇ</strong></span> <span class='ocrx_word' id='word_1_882' title='bbox 1071 5961 1134 6012; x_wconf 72' lang='grc' dir='ltr'><strong>σὺ</strong></span> <span class='ocrx_word' id='word_1_883' title='bbox 1167 5961 1260 6011; x_wconf 69' lang='grc' dir='ltr'>τὸν</span> <span class='ocrx_word' id='word_1_884' title='bbox 1305 5959 1457 6020; x_wconf 73' lang='grc' dir='ltr'>Θεὸν,</span> <span class='ocrx_word' id='word_1_885' title='bbox 1502 5960 1584 6012; x_wconf 79' lang='grc' dir='ltr'><strong>ὅτι</strong></span> 
     </span>
    </p>
   </div>
   <div class='ocr_carea' id='block_1_114' title="bbox 199 6049 1830 6124">
    <p class='ocr_par' dir='ltr' id='par_1_114' title="bbox 199 6049 1830 6124">
     <span class='ocr_line' id='line_1_114' title="bbox 199 6049 1830 6124; baseline -0.001 -18"><span class='ocrx_word' id='word_1_886' title='bbox 199 6052 379 6121; x_wconf 70' lang='grc' dir='ltr'>αὐτῷ</span> <span class='ocrx_word' id='word_1_887' title='bbox 416 6049 649 6122; x_wconf 81' lang='grc' dir='ltr'>κρίματι</span> <span class='ocrx_word' id='word_1_888' title='bbox 685 6049 766 6117; x_wconf 75' lang='lat' dir='ltr'><strong>si;</strong></span> <span class='ocrx_word' id='word_1_889' title='bbox 794 6053 1066 6123; x_wconf 71' lang='grc' dir='ltr'>καὶὴμεῖς</span> <span class='ocrx_word' id='word_1_890' title='bbox 1104 6051 1204 6122; x_wconf 70' lang='grc' dir='ltr'><strong>μὲν</strong></span> <span class='ocrx_word' id='word_1_891' title='bbox 1239 6051 1463 6115; x_wconf 75' lang='grc' dir='ltr'>δικαίως</span> <span class='ocrx_word' id='word_1_892' title='bbox 1493 6067 1507 6081; x_wconf 68' lang='grc'><strong>⁸</strong></span> <span class='ocrx_word' id='word_1_893' title='bbox 1542 6052 1669 6120; x_wconf 68' lang='grc' dir='ltr'>ἄξια</span> <span class='ocrx_word' id='word_1_894' title='bbox 1722 6054 1830 6124; x_wconf 71' lang='grc' dir='ltr'>γὰρ</span> 
     </span>
    </p>
   </div>
   <div class='ocr_carea' id='block_1_115' title="bbox 1643 5962 1831 6030">
    <p class='ocr_par' dir='ltr' id='par_1_115' title="bbox 1643 5962 1831 6030">
     <span class='ocr_line' id='line_1_115' title="bbox 1643 5962 1831 6030; baseline -0.005 -17"><span class='ocrx_word' id='word_1_895' title='bbox 1643 5964 1698 6013; x_wconf 77' lang='grc' dir='ltr'>ἐν</span> <span class='ocrx_word' id='word_1_896' title='bbox 1753 5962 1831 6030; x_wconf 75' lang='grc' dir='ltr'>τῷ</span> 
     </span>
    </p>
   </div>
   <div class='ocr_carea' id='block_1_116' title="bbox 2018 5680 3545 5760">
    <p class='ocr_par' dir='ltr' id='par_1_116' title="bbox 2018 5680 3545 5760">
     <span class='ocr_line' id='line_1_116' title="bbox 2018 5680 3545 5760; baseline 0.009 -24"><span class='ocrx_word' id='word_1_897' title='bbox 2018 5680 2180 5739; x_wconf 67' lang='lat' dir='ltr'><strong>\‘ens.</strong></span> <span class='ocrx_word' id='word_1_898' title='bbox 2211 5685 2393 5740; x_wconf 66' lang='lat'><strong>59-45.</strong></span> <span class='ocrx_word' id='word_1_899' title='bbox 2427 5705 2445 5738; x_wconf 85' lang='grc' dir='ltr'><strong>ι</strong></span> <span class='ocrx_word' id='word_1_900' title='bbox 2487 5684 2639 5742; x_wconf 82' lang='lat' dir='ltr'><strong>Unus</strong></span> <span class='ocrx_word' id='word_1_901' title='bbox 2664 5700 2846 5744; x_wconf 85' lang='lat' dir='ltr'><strong>autem</strong></span> <span class='ocrx_word' id='word_1_902' title='bbox 2879 5693 2946 5745; x_wconf 89' lang='lat' dir='ltr'><strong>de</strong></span> <span class='ocrx_word' id='word_1_903' title='bbox 2991 5693 3076 5746; x_wconf 82' lang='lat' dir='ltr'><strong>his</strong></span> <span class='ocrx_word' id='word_1_904' title='bbox 3107 5693 3198 5760; x_wconf 85' lang='lat' dir='ltr'><strong>qui</strong></span> <span class='ocrx_word' id='word_1_905' title='bbox 3235 5692 3545 5760; x_wconf 85' lang='lat' dir='ltr'><strong>pendebant</strong></span> 
     </span>
    </p>
   </div>
   <div class='ocr_carea' id='block_1_117' title="bbox 1939 5774 3542 5851">
    <p class='ocr_par' dir='ltr' id='par_1_117' title="bbox 1939 5774 3542 5851">
     <span class='ocr_line' id='line_1_117' title="bbox 1939 5774 3542 5851; baseline 0.007 -22"><span class='ocrx_word' id='word_1_906' title='bbox 1939 5774 2289 5841; x_wconf 84' lang='lat' dir='ltr'><strong>facinorosis,</strong></span> <span class='ocrx_word' id='word_1_907' title='bbox 2357 5781 2603 5834; x_wconf 73' lang='lat' dir='ltr'><strong>convicia</strong></span> <span class='ocrx_word' id='word_1_908' title='bbox 2662 5782 2877 5836; x_wconf 85' lang='lat' dir='ltr'><strong>dicebat</strong></span> <span class='ocrx_word' id='word_1_909' title='bbox 2926 5783 2979 5837; x_wconf 88' lang='lat' dir='ltr'><strong>in</strong></span> <span class='ocrx_word' id='word_1_910' title='bbox 3023 5800 3169 5851; x_wconf 78' lang='lat' dir='ltr'><strong>eum,</strong></span> <span class='ocrx_word' id='word_1_911' title='bbox 3233 5787 3542 5841; x_wconf 69' lang='lat' dir='ltr'><strong>dicenszbi</strong></span> 
     </span>
    </p>
   </div>
   <div class='ocr_carea' id='block_1_118' title="bbox 1941 5870 3542 5948">
    <p class='ocr_par' dir='ltr' id='par_1_118' title="bbox 1941 5870 3542 5948">
     <span class='ocr_line' id='line_1_118' title="bbox 1941 5870 3542 5948; baseline 0.009 -27"><span class='ocrx_word' id='word_1_912' title='bbox 1941 5880 1996 5922; x_wconf 89' lang='lat' dir='ltr'><strong>tu</strong></span> <span class='ocrx_word' id='word_1_913' title='bbox 2047 5886 2105 5924; x_wconf 81' lang='lat' dir='ltr'><strong>es</strong></span> <span class='ocrx_word' id='word_1_914' title='bbox 2156 5870 2432 5938; x_wconf 81' lang='lat' dir='ltr'><strong>Christus,</strong></span> <span class='ocrx_word' id='word_1_915' title='bbox 2479 5888 2634 5926; x_wconf 73' lang='lat' dir='ltr'><strong>sura</strong></span> <span class='ocrx_word' id='word_1_916' title='bbox 2673 5875 2902 5942; x_wconf 84' lang='lat' dir='ltr'><strong>teipsutn</strong></span> <span class='ocrx_word' id='word_1_917' title='bbox 2927 5886 2982 5930; x_wconf 90' lang='lat' dir='ltr'><strong>et</strong></span> <span class='ocrx_word' id='word_1_918' title='bbox 3017 5894 3131 5939; x_wconf 75' lang='lat' dir='ltr'><strong>nes,</strong></span> <span class='ocrx_word' id='word_1_919' title='bbox 3186 5880 3542 5948; x_wconf 70' lang='lat' dir='ltr'><strong>liespoudens</strong></span> 
     </span>
    </p>
   </div>
   <div class='ocr_carea' id='block_1_119' title="bbox 1943 5964 3538 6043">
    <p class='ocr_par' dir='ltr' id='par_1_119' title="bbox 1943 5964 3538 6043">
     <span class='ocr_line' id='line_1_119' title="bbox 1943 5964 3538 6043; baseline 0.01 -31"><span class='ocrx_word' id='word_1_920' title='bbox 1943 5972 2125 6016; x_wconf 75' lang='lat' dir='ltr'><strong>autem</strong></span> <span class='ocrx_word' id='word_1_921' title='bbox 2163 5964 2302 6017; x_wconf 83' lang='lat' dir='ltr'><strong>alter</strong></span> <span class='ocrx_word' id='word_1_922' title='bbox 2335 5967 2651 6034; x_wconf 74' lang='lat' dir='ltr'><strong>increpabat</strong></span> <span class='ocrx_word' id='word_1_923' title='bbox 2681 5986 2828 6032; x_wconf 78' lang='lat' dir='ltr'><strong>eum,</strong></span> <span class='ocrx_word' id='word_1_924' title='bbox 2858 5969 3044 6024; x_wconf 84' lang='lat' dir='ltr'><strong>dicens</strong></span> <span class='ocrx_word' id='word_1_925' title='bbox 3072 5972 3195 6035; x_wconf 47' lang='lat' dir='ltr'><strong>we</strong></span> <span class='ocrx_word' id='word_1_926' title='bbox 3228 5972 3387 6027; x_wconf 75' lang='lat' dir='ltr'><strong>times</strong></span> <span class='ocrx_word' id='word_1_927' title='bbox 3413 5972 3538 6043; x_wconf 83' lang='lat' dir='ltr'><strong>qni-</strong></span> 
     </span>
    </p>
   </div>
   <div class='ocr_carea' id='block_1_120' title="bbox 1941 6056 3543 6130">
    <p class='ocr_par' dir='ltr' id='par_1_120' title="bbox 1941 6056 3543 6130">
     <span class='ocr_line' id='line_1_120' title="bbox 1941 6056 3543 6130; baseline 0.007 -20"><span class='ocrx_word' id='word_1_928' title='bbox 1941 6057 2062 6110; x_wconf 82' lang='lat' dir='ltr'><strong>detn</strong></span> <span class='ocrx_word' id='word_1_929' title='bbox 2097 6065 2153 6111; x_wconf 88' lang='lat' dir='ltr'><strong>tu</strong></span> <span class='ocrx_word' id='word_1_930' title='bbox 2183 6056 2352 6116; x_wconf 66' lang='lat' dir='ltr'><strong>Deum</strong></span> <span class='ocrx_word' id='word_1_931' title='bbox 2383 6065 2527 6130; x_wconf 82' lang='lat' dir='ltr'><strong>quod</strong></span> <span class='ocrx_word' id='word_1_932' title='bbox 2560 6062 2611 6118; x_wconf 85' lang='lat' dir='ltr'><strong>in</strong></span> <span class='ocrx_word' id='word_1_933' title='bbox 2643 6066 2831 6122; x_wconf 73' lang='lat' dir='ltr'><strong>eadem</strong></span> <span class='ocrx_word' id='word_1_934' title='bbox 2862 6067 3217 6123; x_wconf 76' lang='lat' dir='ltr'><strong>damnatione</strong></span> <span class='ocrx_word' id='word_1_935' title='bbox 3245 6065 3343 6124; x_wconf 77' lang='lat' dir='ltr'><strong>es?</strong></span> <span class='ocrx_word' id='word_1_936' title='bbox 3367 6079 3417 6124; x_wconf 82' lang='lat' dir='ltr'><strong>et</strong></span> <span class='ocrx_word' id='word_1_937' title='bbox 3445 6081 3543 6123; x_wconf 70' lang='lat' dir='ltr'><strong>nos</strong></span> 
     </span>
    </p>
   </div>
  </div>
