4046 6532
557 500 701 566 1099

1446 495 2032 560 THEOPHYLACTI
2070 495 2486 559 BULGARI/E
2523 494 2884 557 ARCHIEP.

3675 487 3818 557 1100

549 613 653 666 ciis
689 609 894 671 vivunt,
921 605 1120 661 inimici
1172 612 1300 660 sunt
1335 604 1560 660 Christi.
1605 604 1694 661 Ille
1740 614 1919 660 autem
1958 615 2128 676 potest

2249 627 2266 659 ι
2319 606 2717 661 Ἑταπείνωσεν
2762 604 2954 658 ἑαυτὸν
2987 603 3152 676 μέχρι
3189 602 3445 666 θανάτου,
3487 601 3723 657 θανάτου
3772 603 3829 657 δι

552 698 949 754 tlerisubditus
994 689 1219 757 Christi,
1252 703 1306 748 et
1347 693 1538 750 tollere
1577 709 1796 751 crucem
1837 709 2016 760 suam,
2044 697 2137 765 qui

548 789 767 844 virtutis
795 785 1080 857 operarius
1108 793 1190 841 est
1217 801 1230 839 :
1257 785 1350 856 qui
1396 785 1545 842 venit
1591 801 1618 840 a
1649 786 1768 840 villa
1821 786 2138 856 relinquens

554 879 838 942 mundum,
856 887 910 934 et
936 892 998 934 ea
1023 893 1142 947 qua:
1173 886 1299 932 sunt
1330 877 1382 932 in
1415 879 1636 942 mundo,
1661 885 1717 931 et
1744 877 1810 932 ad
1834 876 2136 946 Jerusalem

555 971 699 1027 illam
731 984 1021 1040 supernam
1052 980 1105 1023 et
1131 969 1354 1024 liberam
1389 969 1578 1024 tendit.
1609 967 1776 1025 Porro
1797 971 1941 1040 quod
1967 970 2129 1038 Chri-

548 1072 692 1120 stum
730 1063 1023 1117 multitudo
1050 1061 1231 1132 populi
1263 1070 1318 1117 et
1351 1063 1640 1116 mulierum
1678 1067 1951 1133 sequitur,
1998 1064 2135 1118 insi-

549 1163 682 1210 nuat
714 1155 857 1225 quod
902 1167 1098 1224 magna
1139 1152 1429 1208 multitudo
1454 1152 1763 1208 .lndreorum
1813 1155 1975 1209 etiam
2015 1165 2136 1225 post

547 1261 776 1303 crucem,
801 1246 987 1300 credet
1034 1245 1086 1298 in
1123 1243 1402 1300 Christum
1436 1246 1563 1316 (hoc
1578 1246 1722 1300 enim
1757 1254 1842 1300 est
1873 1246 2049 1316 sequi)
2085 1257 2138 1303 et

548 1339 805 1395 mulieres
840 1337 1041 1391 multm.
1061 1335 1204 1407 Lege
1234 1338 1364 1391 Acta
1413 1336 1808 1405 apostolorum.
1834 1347 1888 1392 et
1923 1337 2130 1391 videbis

553 1431 838 1484 innumera
894 1425 1064 1480 millia
1099 1427 1434 1482 credentium
1466 1425 1532 1481 ³³.
1555 1425 1696 1492 Quid
1748 1436 1928 1481 autem
1969 1426 2014 1480 si
2047 1427 2128 1478 In-

553 1535 681 1591 gere
713 1531 768 1576 et
802 1518 1018 1590 plorare
1041 1516 1295 1571 mulieres
1313 1515 1496 1572 Jesum
1529 1526 1845 1586 sequentes,
1874 1517 2131 1571 moralem

550 1627 769 1668 sensum
820 1626 1004 1668 secum
1040 1610 1273 1666 aﬂ'erat?
1306 1609 1394 1665 Est
1425 1611 1568 1666 enim
1605 1610 1800 1665 mulier
1832 1611 2010 1664 anima
2045 1612 2133 1665 in-

551 1705 726 1771 firma,
770 1720 891 1775 qua
933 1706 976 1759 si
1020 1703 1402 1758 contritionem
1463 1703 1644 1758 cordis
1697 1703 2000 1773 suscipiens
2037 1719 2136 1775 per

545 1798 944 1867 pmnitentiam,
964 1796 1110 1866 luget
1137 1804 1190 1851 et
1210 1796 1406 1865 plorat,
1433 1812 1620 1852 revera
1670 1797 1920 1866 sequitur
1940 1794 2127 1852 Jesum

544 1887 637 1956 qui
669 1889 1008 1958 crucifigitur
1038 1896 1091 1942 et
1125 1885 1383 1958 afﬂigitur
1414 1898 1636 1958 pr0pter
1681 1898 1925 1942 nostram
1962 1887 2108 1941 Salu-

547 1987 672 2031 tem.

2243 699 2502 768 σταυροῦ.
2528 696 2621 752 Arb
2672 699 2766 751 καὶ
2798 699 2826 750 ό
2856 696 2958 750 Θεὸ
2984 714 3011 760 ς
3044 698 3211 750 αύτδν
3259 696 3614 768 ύπερύψωσε,
3656 717 3676 749 ι
3738 698 3833 751 καὶ

2239 789 2306 842 τὰ
2366 790 2511 860 ἑξῆς.
2559 789 2716 844 Ἐπεὶ
2786 783 2878 842 οῦν
2920 791 2948 841 ό
3011 788 3244 858 σταυρὸς
3299 787 3434 858 ὕψος
3499 787 3694 855 γέγονε
3757 786 3834 858 τῷ

2238 882 2418 952 Ἰησοῦ
2476 883 2572 936 καὶ
2628 881 2754 946 δόξα
2791 921 2806 944 ,
2865 881 3092 946 εἰκότως
3145 879 3289 953 ἀρχὴ
3344 880 3514 934 αὑτοῦ
3567 881 3832 949 λέγεται,

2239 969 2358 1038 ἦτοι
2406 969 2636 1039 ἀρχικὸν
2659 969 2878 1038 ἀξίωμα
2913 970 3007 1023 καὶ
3058 969 3330 1037 σύμϐολον
3361 970 3462 1035 τῆς
3498 969 3697 1040 ἀρχῆς.
3743 969 3830 1033 Ὠς

2238 1059 2347 1131 γὰρ
2375 1059 2425 1112 οί
2450 1059 2811 1131 συγκλητικοὶ
2842 1060 3025 1131 έχουσι
3051 1059 3296 1130 σύμϐολα
3335 1060 3446 1113 τῶν
3471 1061 3828 1129 ἀξιωμάτων,

2237 1154 2286 1204 οί
2347 1151 2448 1222 μέν
2497 1151 2694 1216 ζώνας,
2741 1154 2792 1208 oi
2845 1153 2901 1208 δὲ
2952 1153 3232 1224 μανδύας·
3264 1153 3408 1207 οὕτω
3438 1157 3534 1207 καὶ
3562 1155 3592 1208 6
3632 1153 3835 1223 Κύριος

2239 1240 2329 1294 τὸν
2355 1241 2592 1311 σταυρὸν
2634 1243 2734 1313 τῆς
2770 1243 2980 1307 οίκείας
3033 1243 3315 1314 βασιλείας
3349 1245 3623 1315 σύμϐολον
3657 1247 3830 1298 ποιεῖς

2239 1349 2347 1388 ται.
2382 1335 2490 1388 Καὶ
2526 1336 2809 1406 σκοπήσας
2844 1337 3069 1407 εὑρήσει
3107 1337 3223 1400 ,ὅτι
3255 1335 3432 1399 ἄλλως
3462 1337 3524 1390 ού
3560 1337 3835 1407 βασιλεύει

2239 1428 2296 1478 έν
2329 1429 2460 1498 ημῖν
2490 1429 2518 1481 ὁ
2571 1429 2802 1499 Ἰησοῦς,
2835 1430 2882 1482 εί
2913 1430 2988 1499 μὴ
3019 1429 3110 1483 διὰ
3142 1430 3536 1486 κακοπάθειαν.
3584 1431 3674 1494 ἀς
3721 1431 3833 1500 οῐγε

2238 1520 2577 1588 τρυφῶντες,
2617 1521 2805 1591 ἐχθροὶ
2840 1521 2933 1576 τοῦ
2963 1522 3201 1593 σταυροῦ
3221 1539 3232 1552 ·
3278 1525 3486 1582 ἐκεῖνος
3515 1523 3576 1577 δὲ
3606 1524 3834 1578 δύναται

2240 1612 2479 1680 ὑπήκοος
2541 1614 2797 1680 γενέσθαι
2839 1614 3226 1686 Χριστοῦμκαὶ
3269 1613 3404 1687 ἆραι
3454 1617 3545 1669 τὸν
3599 1617 3834 1686 σταυρὸν

2236 1702 2430 1767 αὑτοῦ,
2468 1706 2497 1758 6
2553 1705 2650 1774 τῆς
2687 1707 2892 1778 ἀρετῆς
2950 1709 3209 1779 ἐργάτης.
3265 1707 3324 1762 ’0
3382 1710 3685 1778 ἐρχόμενος
3742 1708 3833 1762 ἀπ’

2237 1794 2433 1864 ἀγροῦ,
2473 1795 2616 1849 ὁτὸν
2661 1797 2865 1867 κόσμον
2914 1799 3104 1852 τοῦτον
3163 1800 3333 1870 ἀγρὸν
3371 1801 3502 1854 ὄντα
3549 1800 3829 1869 καταλιμ-

2236 1887 2443 1947 πάνων,
2481 1887 2575 1939 καὶ
2602 1887 2670 1940 τὰ
2702 1890 2758 1939 ἐν
2810 1888 2960 1958 αύτῴ
2991 1889 3149 1960 ἔργα,
3188 1892 3284 1944 καὶ
3314 1892 3451 1960 πρδς
3481 1890 3583 1962 τὴν
3632 1890 3829 1961 Ἰερου-

2160 1973 2205 2031 Β
2236 1977 2418 2049 σαλημ
2461 1978 2558 2038 τὴν
2605 1978 2720 2033 ἂνω
2759 1979 2857 2050 τὴν
2913 1982 3210 2056 ἐλευθέραν
3247 1984 3481 2052 ἰέμενος.
3537 1982 3700 2036 Ἀλλὰ
3739 1981 3830 2035 καὶ

548 2069 625 2139 τῷ
660 2061 975 2125 ἀκολουθεῖν
1046 2071 1124 2140 τῷ
1171 2068 1393 2140 Χριστῷ
1458 2069 1663 2139 πλῆθος
1713 2069 1843 2122 λαοῦ
1910 2071 2005 2123 καὶ
2064 2070 2362 2138 γυναικῶν,
2414 2073 2709 2126 αίνίττεται
2766 2075 2849 2128 δτι
2906 2076 3040 2129 πολὺ
3107 2076 3314 2145 πλῆθος
3369 2077 3480 2129 τῶν
3556 2076 3820 2131 ἰουδαίωι

544 2167 682 2246 μετα
726 2165 817 2217 τὸν
859 2165 1133 2246 σταυρόνς
1176 2162 1332 2217 τοῦτο
1369 2165 1477 2232 γὰο
1531 2164 1592 2216 τὸ
1646 2161 1961 2216 ἀκολουθεῖν
1987 2180 1998 2192 ⁸
2060 2166 2446 2220 πτστεύσουσιν
2507 2168 2584 2232 είς
2617 2169 2817 2235 αὑτὸν,
2859 2172 2954 2222 καὶ
2992 2172 3248 2239 γυναῖκες
3311 2171 3369 2226 δὲ
3419 2171 3637 2226 πολλαί.
3719 2171 3831 2225 Κα-

541 2244 814 2323 ἀνά⁶ίνωθι
851 2244 1239 2334 τὰςιῐιράξεις,
1281 2255 1373 2308 καὶ
1425 2252 1546 2323 ὕψει
1579 2255 1843 2325 μυριάδας
1879 2255 1986 2306 τῶν
2044 2258 2433 2317 πιστευόντων.
2461 2259 2689 2331 Μήποτε
2719 2261 2775 2314 δὲ
2831 2264 2925 2316 καὶ
2974 2253 3033 2316 τδ
3089 2262 3311 2335 θρηνεῖν
3375 2265 3472 2317 καὶ
3529 2264 3828 2320 κόπτεσθαι

540 2349 638 2414 τὰς
675 2335 1077 2415 ἁκολουθούσας
1103 2352 1368 2418 γυναῖκας
1399 2351 1474 2420 τῷ
1521 2349 1720 2419 Ἰησοῦ,
1765 2349 2125 2420 συμϐαλεῖται
2164 2354 2294 2424 ἡμῖν
2330 2357 2409 2420 είς
2442 2352 2609 2428 ἦθος;
2647 2359 2801 2412 Ἐστι
2842 2360 2954 2430 ,μὲν
3004 2358 3112 2430 γὰρ
3168 2361 3325 2432 γυνὴ,
3361 2361 3506 2435 ψυχὴ
3564 2364 3828 2436 ἀσθενήςὶ

542 2444 681 2514 αῦτη
729 2444 784 2498 δὲ
834 2443 928 2498 ἐὰν
975 2445 1269 2516 συντριδην
1317 2445 1542 2518 καρδίας
1575 2444 1848 2515 δεξαμένη
1891 2446 1981 2499 διὰ
2023 2447 2118 2516 τῆς
2187 2453 2496 2518 μετανοίας,
2555 2454 2725 2526 πενθῇ
2788 2458 2882 2509 καὶ
2941 2459 3232 2529 κόπτηται,
3290 2458 3412 2512 τότε
3460 2459 3635 2526 ὅντως
3703 2464 3826 2522 dm-

543 2535 814 2606 λουθεῖτῷ
874 2535 1075 2608 Ἰησοῦ,
1117 2536 1195 2608 τῷ
1245 2537 1634 2608 σταυρουμένῳ
1680 2538 1773 2590 καὶ
1822 2541 2250 2610 κακουχουμένῳ
2279 2543 2366 2596 διὰ
2432 2545 2530 2615 τὴν
2564 2547 2722 2616 ἡμῶν
2758 2549 3060 2619 σωτηρίαν.

616 2633 778 2687 Vens.
807 2631 998 2687 28-31.
1025 2651 1043 2684 ι
1096 2631 1409 2690 ϐοηνοτευε
1454 2643 1633 2687 autem
1672 2635 1738 2687 ad
1787 2633 1910 2687 illas
1955 2631 2118 2690 Jesus

543 2727 676 2782 dixit
706 2743 720 2782 :
755 2724 902 2782 Filia:
933 2724 1252 2795 Jerusalem,
1291 2727 1458 2783 nolite
1504 2726 1634 2783 ﬂere
1686 2743 1847 2798 super
1879 2743 1987 2796 mc,
2032 2731 2126 2784 sed

549 2834 712 2888 super
745 2817 896 2873 vobis
926 2817 1059 2889 ipsis
1091 2818 1233 2883 flete,
1276 2829 1332 2873 et
1365 2834 1528 2889 super
1565 2819 1690 2875 filiis
1736 2820 1953 2884 vestris,
1996 2837 2129 2890 quo-

546 2911 689 2965 niam
735 2922 862 2965 ecce
908 2909 1125 2963 venient
1174 2909 1291 2965 dies
1339 2908 1394 2964 in
1446 2911 1642 2979 quibus
1685 2911 1869 2966 dicent
1911 2908 2132 2966 :Bcata:

545 3001 780 3066 steriles,
797 3011 851 3056 et
883 3009 1098 3056 ventres
1123 3001 1214 3070 qui
1239 3017 1346 3057 non
1368 3013 1692 3072 genuerunt,
1719 3009 1774 3062 et
1807 3003 1969 3057 ubera
1999 3019 2123 3072 qute

2307 2662 2324 2692 ε
2366 2642 2637 2713 Στραφεὶς
2667 2644 2724 2697 δὲ
2775 2647 2912 2717 πρὸς
2949 2646 3121 2709 αὑτὰς
3171 2649 3200 2701 ὁ
3230 2647 3440 2719 Ἰησους
3469 2644 3617 2704 εἷπε
3651 2653 3829 2722 Θυγα-

2229 2738 2383 2806 τέρες
2450 2738 2830 2809 Ἰερουσαλὴμ,
2866 2740 2941 2810 μὴ
2995 2740 3213 2794 κλαίετε
3267 2743 3357 2794 ἐπ’
3397 2744 3519 2813 ἐμὲ,
3555 2745 3697 2814 πλὴν
3746 2749 3827 2814 ἐφ’

2229 2832 2428 2894 ἑαυτὰς
2476 2832 2715 2895 κλαίετε,
2744 2835 2840 2886 καὶ
2888 2835 2979 2887 ἐπὶ
3001 2834 3068 2888 τὰ
3105 2836 3288 2890 ’τέκνα
3335 2837 3492 2908 ὑμῶν
3523 2854 3537 2869 ·
3576 2841 3660 2894 ὅτι
3719 2842 3826 2894 ίδοῦ

2230 2924 2480 2994 ἔρχονται
2527 2926 2754 2995 ἡμέραι,
2787 2928 2844 2978 ὲν
2879 2921 2968 2991 αἷς
3004 2929 3216 3000 ἐροῦσι·
3251 2931 3539 3002 Μακάριαι
3584 2935 3642 2985 αἱ
3691 2937 3830 2987 στεῖ-

2229 3032 2340 3085 ραι,
2373 3017 2467 3070 καὶ
2497 3017 2771 3072 κοιλίαιαῖ
2805 3020 2906 3072 ούκ
2940 3020 3274 3092 ἐγέννησαν,
3305 3026 3398 3076 καὶ
3431 3025 3630 3094 μαστοὶ
3653 3025 3705 3078 οἱ
3733 3025 3829 3079 οὐκ

547 3107 650 3146 ιιοιι
686 3092 1022 3147 lactaveruut
1043 3090 1108 3145 “.
1135 3091 1285 3147 Tunc
1311 3093 1568 3162 incipient
1591 3093 1770 3149 dicere
1799 3095 2075 3150 montibus
2106 3114 2120 3151 :

2233 3109 2524 3180 ἐθήλασαν.
2559 3109 2690 3164 Τότε
2731 3111 2986 3179 ἄρξονται
3037 3090 3218 3179 λέγειν
3260 3116 3371 3177 τοῖς
3399 3090 3552 3187 ὄρεσι
3580 3131 3594 3144 ·
3628 3115 3829 3170 Πέσατε

542 3183 729 3238 Cedite
769 3198 934 3254 super
962 3197 1062 3238 nos
1086 3199 1104 3249 ;
1128 3191 1183 3238 ct
1212 3183 1436 3239 collibus
1462 3202 1475 3238 :
1507 3183 1795 3254 Cooperite
1829 3201 1947 3241 nos.
1975 3187 2114 3255 Quia

545 3273 588 3327 si
623 3273 674 3326 in
705 3273 926 3327 humido
949 3270 1092 3340 ligno
1112 3272 1226 3326 hac
1256 3271 1480 3334 faciunt,
1503 3271 1556 3325 in
1582 3273 1732 3326 arida
1770 3273 1896 3340 quid
1940 3272 2032 3327 flet
2062 3271 2127 3326 τι

544 3362 798 3418 Mulieres
824 3362 1043 3432 quidem
1079 3362 1386 3429 (hominum
1419 3377 1590 3429 genus
1633 3371 1716 3417 est
1759 3363 1916 3417 facile
1957 3363 2134 3433 lacry-

515 3469 702 3516 ,mans
755 3463 811 3506 et
851 3451 1066 3522 plorans
1112 3450 1268 3520 quasi
1315 3465 1481 3519 grave
1537 3450 1791 3520 quiddam
1845 3450 2137 3506 accidisset

546 3541 794 3612 Domino)
851 3541 1085 3612 plorant,
1142 3540 1571 3608 compassionem
1628 3555 1736 3609 pra
1783 3554 1842 3595 se
1899 3539 2135 3595 ferentes

546 3647 800 3702 magnam
850 3640 903 3685 et
930 3630 1248 3699 injustitiam
1282 3629 1668 3683 lamentantes.
1696 3630 1766 3683 At
1796 3629 1883 3685 ille
1911 3643 2014 3684 non
2040 3645 2135 3698 ap-

544 3723 754 3789 probat,
782 3719 877 3774 scd
912 3719 1084 3789 magis
1129 3718 1374 3788 increpat
1426 3718 1561 3774 illas.
1615 3718 1936 3774 Voluntaria
1984 3720 2128 3775 enim

545 3810 876 3881 patiebatur.
927 3806 1093 3879 485
1132 3805 1246 3861 Non
1277 3810 1430 3862 decet
1479 3817 1656 3861 autent
1691 3806 1973 3861 lamentari
2008 3822 2130 3863 eum

543 3901 632 3969 qui
661 3907 852 3969 sponte
883 3909 938 3953 et
965 3912 1061 3968 pro
1105 3896 1276 3951 salute
1309 3895 1551 3950 omnium
1597 3896 1824 3963 patitur,
1852 3896 1945 3949 sed
2000 3910 2132 3950 con-

557 4006 749 4061 gruum
783 3999 866 4044 est
895 3998 953 4042 ut
984 3988 1074 4041 ille
1106 3986 1274 4056 magis
1321 3984 1570 4040 laudibus
1619 3982 1874 4040 eﬂ‘eratur
1902 3995 1956 4039 et
1985 3986 2132 4042 cele-

553 4083 760 4135 hretur.
789 4079 888 4134 Per
909 4092 1120 4134 crucem
1145 4079 1288 4131 enim
1308 4087 1359 4132 et
1385 4091 1531 4131 mors
1551 4076 1823 4132 destructa
1848 4084 1952 4143 est,
1971 4087 2024 4132 et
2049 4078 2132 4132 in-

552 4170 738 4227 fernus
753 4172 995 4241 captivus
1007 4179 1108 4224 est.
1134 4167 1393 4224 Lamenta
1411 4168 1556 4222 enim
1579 4182 1684 4222 non
1705 4167 1892 4238 bisqui
1917 4177 2131 4238 sponte,

547 4266 639 4320 sed
687 4263 778 4333 qui
825 4273 1044 4333 gravate
1091 4262 1366 4331 patiuntur
1407 4261 1830 4315 consolationem
1867 4260 2126 4314 alterunt.

547 4357 778 4411 Proinde
810 4356 1066 4411 Dominus
1098 4353 1218 4408 illas
1248 4368 1367 4423 quae
1417 4352 1593 4422 ipsum
1644 4352 1917 4422 lugebant,
1949 4353 2128 4408 incre-

545 4445 940 4519 pat.Admonet
970 4455 1148 4500 autem
1198 4455 1254 4498 ut
1303 4444 1369 4498 ad
1420 4443 1596 4497 futura
1633 4443 1773 4497 mala
1809 4444 2154 4514 respiciant,

542 4551 598 4595 et
631 4550 846 4611 propter
878 4539 966 4593 illa
999 4537 1472 4608 plorent,quando
1524 4535 1775 4590 mulieres
1826 4536 2122 4592 inhumane

546 4641 778 4687 cocturae
817 4639 944 4686 sunt
994 4629 1132 4685 filios
1177 4644 1326 4693 suos,
1370 4641 1423 4684 et
1476 4636 1661 4684 venter
1717 4627 1810 4698 qui
1863 4631 2118 4698 portavit,

547 4725 638 4780 ille
669 4723 861 4779 iterum
893 4721 1280 4778 miserabiliter
1311 4720 1544 4775 fructum
1600 4735 1754 4774 suum
1802 4719 2119 4790 recipiet.Si

543 4813 690 4868 enim
716 4814 770 4867 in
804 4827 887 4866 me
921 4811 1046 4865 talia
1076 4810 1318 4865 fecerunt
1347 4806 1602 4873 Romani,
1629 4808 1681 4862 in
1717 4824 1805 4863 me
1843 4807 1991 4880 ligno
2024 4809 2123 4863 hu-

547 4901 712 4964 mido,
738 4899 899 4954 feraci
935 4909 988 4954 et
1018 4912 1236 4964 semper
1267 4896 1481 4962 virenti,
1503 4906 1559 4953 et
1582 4912 1796 4968 semper
1821 4900 1968 4952 vitali
2000 4917 2122 4969 pro-

545 5003 662 5062 pter
697 4993 1046 5055 deitatem,et
1097 5005 1194 5059 per
1239 4989 1514 5044 doctrinas
1562 4988 1829 5044 fruetnum
1882 5007 2120 5047 meorum

545 5086 722 5140 alente
753 5099 940 5139 omnes
975 5083 1058 5137 :in
1083 5082 1259 5148 vobis,
1298 5082 1490 5152 populo
1521 5082 1737 5152 inquam
1759 5083 1931 5147 arido,
1979 5085 2121 5155 ligno

546 5180 714 5234 sterili
748 5178 814 5232 ab
847 5178 990 5231 omni
1023 5176 1232 5230 viviflca
1265 5173 1572 5244 justitia,et
1618 5177 1822 5229 nttllum
1874 5175 2113 5232 fruetuan

547 5271 824 5333 amr-cute,
847 5270 973 5339 quid
1028 5285 1131 5322 non
1182 5267 1417 5322 facient?
1451 5268 1504 5320 Si
1535 5269 1678 5322 enim
1715 5271 2001 5339 quamdam
2039 5271 2118 5323 vi-

548 5359 709 5413 talem
763 5358 1130 5427 Operationem
1183 5357 1304 5409 boni
1355 5357 1652 5421 haberetis,
1685 5357 1934 5414 fortassis
1976 5360 2120 5430 digni

546 5452 761 5513 essetis,
790 5449 984 5518 quibus
1012 5449 1407 5518 quodammodo
1447 5461 1761 5517 parceretur
1788 5466 1803 5504 :
1835 5465 1978 5505 nunc
2024 5465 2122 5504 au-

543 5550 652 5599 tem
687 5541 840 5610 quasi
876 5539 1076 5609 lignum
1116 5540 1324 5593 aridum
1358 5538 1411 5593 in
1445 5539 1873 5596 combustionem
1915 5552 1969 5596 et
2000 5556 2120 5596 cor-

548 5634 848 5702 ruptionem
883 5631 1056 5686 eritis.

622 5806 782 5861 \‘sus.
808 5804 999 5861 52-38.
1033 5824 1049 5856 ι
1081 5803 1422 5859 Ducebantur
1441 5815 1623 5863 autem
1657 5817 1710 5863 et
1740 5807 1828 5862 alii
1868 5809 1972 5864 duo
1992 5807 2125 5862 faci-

657 5944 699 5975 ³⁸
727 5946 844 5996 Act.
887 5959 944 6008 tt,
982 5960 1052 5997 vr.
1155 5945 1197 5975 ³⁵
1227 5943 1327 5998 lsa.
1363 5959 1471 5999 Liv.

2235 3199 2322 3268 ἐφ’
2348 3202 2520 3271 ἡμᾶς,
2553 3202 2646 3253 καὶ
2693 3204 2806 3265 τοῖς
2865 3201 3073 3271 βουνοῖς
3119 3219 3132 3234 ·
3172 3204 3468 3274 Καλύψατε
3506 3208 3674 3276 ἡμᾶς.
3707 3209 3828 3261 Ὀτι

2236 3297 2285 3347 εί
2339 3296 2395 3347 έν
2428 3293 2504 3364 τῷ
2555 3294 2708 3365 ὑγρῷ
2748 3295 2889 3365 ξύλῳ
2920 3293 3094 3350 ταῦτα
3131 3295 3399 3360 ποιοῦσιν,
3435 3299 3496 3350 ἐν
3549 3299 3628 3370 τῴ
3680 3299 3831 3370 ξηρῴ

2236 3387 2289 3439 τί
2333 3386 2593 3457 γένηται¹ς
2625 3406 2643 3438 ι
2685 3375 2752 3440 Ai
2804 3386 2904 3457 μὲν
2933 3389 3198 3456 γυναῖκες
3244 3389 3573 3460 (φιλόδακρυ
3621 3392 3733 3461 γὰρ
3766 3392 3831 3444 τὸ

2237 3479 2397 3547 γένος
2425 3478 2520 3532 καὶ
2553 3478 2888 3550 πολύθρηνον
2915 3480 2990 3544 ὡς
3019 3479 3196 3534 δεινοῦ
3226 3498 3371 3545 τινος
3398 3484 3831 3553 ὲπισυμϐαῐνον-

2236 3586 2325 3632 τος
2358 3569 2434 3639 τῷ
2467 3569 2682 3642 Κυρίῳ)
2738 3569 3015 3641 θρηνοῦσι,
3048 3572 3106 3622 τὸ
3141 3573 3426 3641 συμπαθὲς
3469 3575 3826 3647 ινδεικνύμε-

2236 3678 2346 3727 ναι,
2407 3660 2503 3714 καὶ
2568 3660 2668 3732 τὴν
2727 3661 2944 3715 ἀδικίαν
2989 3663 3419 3736 ἁποδυρόμεναι.
3485 3665 3548 3718 ’0
3613 3666 3673 3721 δὲ
3727 3669 3830 3722 ούκ

2237 3753 2594 3823 ἀποδέχεται,
2624 3754 2760 3807 ἀλλὰ
2789 3755 2993 3825 μᾶλλον
3016 3758 3247 3828 ἐπιτιμᾷ
3269 3759 3484 3823 αὐταῖς.
3530 3759 3828 3825 Ἑκουσίως

2234 3845 2344 3916 γὰρ
2375 3844 2604 3916 ἔπασχε,
2648 3846 2726 3915 τῷ
2759 3846 2816 3899 δὲ
2860 3847 3120 3912 ἑκουσίως
3154 3851 3441 3919 πάσχοντι,
3473 3851 3566 3903 καὶ
3596 3852 3688 3904 ἐπὶ
3720 3869 3829 3906 aw-

2233 3939 2399 4009 τηρίᾳ
2429 3939 2610 4009 πάσης
2641 3939 2742 4009 τῆς
2775 3940 3007 4009 φύσεως,
3039 3943 3098 3995 ού
3131 3941 3192 3994 τὸ
3231 3942 3574 4014 θρηνεῖσθαι,
3604 3945 3741 3999 ἀλλὰ
3769 3945 3826 4001 τὲ

2235 4030 2550 4102 κροτεῖσθαι
2583 4036 2854 4103 προσήκει
2902 4035 2997 4086 καὶ
3028 4035 3424 4107 εὐφημεῐσοαι.
3462 4037 3563 4089 Διὰ
3593 4039 3704 4108 γὰρ
3731 4039 3826 4093 τοῦ

2238 4122 2474 4193 σταυροῦ
2508 4125 2599 4177 καὶ
2645 4124 2874 4188 θάνατος
2917 4124 3154 4191 λέλυται,
3188 4128 3282 4180 καὶ
3338 4127 3472 4199 (ian,-
3510 4129 3830 4199 ᾐχμαλώτι-

2237 4231 2382 4270 σται.
2419 4216 2482 4268 Οί
2521 4215 2708 4285 θρῆνοι
2750 4217 2861 4286 γὰρ
2919 4217 2980 4270 ού
3033 4220 3147 4281 τοῖς
3196 4219 3485 4284 ἑκουσίως,
3521 4221 3661 4274 ἀλλὰ
3714 4225 3830 4288 τοῖς

2233 4307 2503 4372 ἀκουσίως
2527 4307 2800 4378 πάσχουσι
2841 4309 3191 4382 παράκλησιν
3220 4313 3499 4382 φέρουσιν.
3557 4314 3830 4388 Ἐπιτιμᾷ

2239 4403 2336 4472 μὲν
2357 4399 2452 4456 οῦν
2481 4402 2672 4465 αὑταῖς
2705 4405 3071 4474 κοπτομέναις
3093 4403 3256 4458 αὑτὸν
3278 4421 3293 4469 ;
3317 4406 3583 4476 Παραινεῖ
3609 4409 3668 4462 δὲ
3694 4412 3828 4478 πρὸς

2159 4489 2203 4546 D
2235 4496 2302 4548 τὰ
2330 4495 2596 4564 μέλλοντα
2633 4494 2782 4550 κακὰ
2818 4495 3062 4565 βλέπειν,
3092 4496 3189 4550 καὶ
3242 4497 3330 4550 ἐπ’
3361 4499 3598 4562 ἐκείνοις
3632 4503 3831 4556 κόπτε-

2232 4586 2380 4651 σθαι,
2403 4588 2494 4641 ὅτε
2521 4589 2781 4657 γυναῖκες
2805 4589 3070 4659 ἐψήσουσι
3097 4589 3165 4642 τὰ
3194 4591 3365 4644 τέκνα
3395 4592 3580 4644 αὐτῶν
3603 4594 3827 4663 sum-

2235 4683 2432 4752 μόνως,
2455 4684 2550 4736 καὶ
2582 4685 2615 4754 η
2655 4683 2928 4751 ἐνέγκασα
2957 4683 3173 4756 γαστὴρ
3245 4685 3387 4759 αὐτὴ
3411 4687 3577 4740 πάλιν
3609 4689 3671 4740 τὸ
3704 4705 3825 4758 γεν-

2231 4775 2393 4846 νηθὲν
2434 4774 2688 4839 ἐλεεινῶς
2715 4775 3054 4840 ὑποδέξεται.
3095 4777 3157 4830 Et
3196 4778 3306 4848 γὰρ
3335 4778 3394 4832 έν
3425 4780 3550 4848 ἐμοὶ
3601 4779 3826 4834 τοιαῦτα

2230 4866 2571 4933 ἐπεδείξαντο
2593 4868 2642 4922 ol
2682 4867 2966 4938 Ῥωμαῖοι,
2993 4869 3050 4920 ἒν
3081 4869 3204 4939 ἐμοὶ
3252 4869 3330 4940 τῷ
3361 4870 3516 4940 ύγρῷ
3546 4871 3724 4944 ξύλῳ,
3752 4872 3827 4943 τῷ

2230 4963 2518 5034 έγκάρπῳ,
2549 4963 2645 5016 καὶ
2668 4961 2932 5029 ἀειθαλεϊ,
2958 4964 3052 5017 καὶ
3078 4963 3295 5034 ἀειζὼφ
3320 4963 3411 5018 διὰ
3441 4965 3544 5036 τὴν
3569 4965 3822 5035 θεότητα,

2232 5058 2324 5110 καὶ
2385 5055 2472 5110 διὰ
2527 5056 2638 5111 τῶν
2690 5056 2920 5128 καρπῶν
2981 5074 3085 5126 μου
3159 5058 3256 5127 τῆς
3302 5057 3660 5124 διδασκαλίας
3709 5061 3826 5129 τρέ-

2232 5166 2387 5221 φοντι
2437 5149 2680 5212 πάνταςο
2716 5153 2773 5202 έν
2828 5150 2980 5218 ὑμῖν,
3031 5149 3108 5220 τῷ
3158 5148 3290 5220 λαῷ,
3336 5149 3502 5221 φημὶ,
3543 5151 3626 5222 τῷ
3679 5150 3824 5222 ξηρῷ

2235 5241 2398 5311 ξύλῳ,
2424 5241 2501 5312 τῷ
2543 5242 2723 5312 πάσης
2751 5241 3104 5311 δικαιοσύνης
3135 5241 3405 5307 ζωοποιοῦ
3439 5245 3820 5314 ἐστερημένῳ,

2235 5337 2327 5390 καὶ
2354 5336 2556 5406 μηδένα
2597 5337 2807 5407 καρπὸν
2833 5336 3074 5408 φέρνντι,
3100 5337 3152 5390 τί
3191 5336 3291 5389 ούκ
3315 5335 3381 5389 ἂν
3411 5337 3821 5403 ιπεδείξαιντος

2235 5430 2296 5482 Ei
2324 5430 2422 5501 μὲν
2456 5429 2566 5500 γὰρ
2593 5430 2767 5499 είχετε
2807 5429 3045 5498 ζωτικὴν
3072 5445 3197 5482 τινα
3228 5429 3515 5497 ἐνέργειαν
3555 5430 3654 5483 τοῦ
3688 5433 3820 5498 αγα-

2231 5524 2348 5590 θοῦ,
2383 5522 2512 5586 ίσως
2561 5522 2626 5576 ἂν
2676 5520 2890 5590 φειδοῦς
2947 5521 3219 5590 ἡξιώθητε
3247 5522 3480 5591 μετρίας
3532 5522 3701 5590 γοῦν
3735 5523 3825 5576 νῦν

2229 5618 2284 5670 δὲ
2335 5617 2408 5677 ὠς
2475 5617 2640 5687 ξηρὸν
2693 5615 2846 5681 ξύλον
2885 5617 2964 5677 είς
3007 5612 3204 5667 καῦσιν
3263 5613 3359 5666 καὶ
3398 5615 3480 5679 είς
3526 5614 3826 5687 διαφθορὰν

2233 5710 2441 5762 ἔσεσθε.

2312 5821 2328 5852 ι
2375 5803 2611 5870 Ἥγοντο
2639 5801 2691 5854 δὲ
2729 5801 2822 5855 καὶ
2852 5800 3032 5870 ’ἕτεροι
3065 5797 3159 5852 δύο
3189 5797 3498 5870 κακοῦργοι
3549 5803 3652 5857 σὺν
3687 5800 3825 5872 αὐτῷ
