4046 6534
224 549 346 618 ΜΗ

857 539 1305 605 ENARRATIO
1349 538 1431 598 ΙΝ
1472 531 1986 598 EVANGELIUM
2027 532 2270 594 LUCdi.
2316 556 2383 567 -
2415 528 2577 590 CAP.
2618 524 2854 587 XXIII.

3382 520 3522 587 1102

215 661 572 734 ἀναιρεθῆναι.
607 658 716 713 Καὶ
767 657 860 712 ῦτε
905 653 1148 726 ἐπῆλθον
1199 652 1293 704 ἐπὶ
1349 651 1442 704 τὸν
1484 648 1654 704 τόπον
1710 647 1803 701 τὸν

1922 647 2097 702 norosi
2153 660 2275 700 cum
2310 658 2397 706 eo,
2423 652 2478 696 ιιι
2511 641 2956 696 interlieerentur
2986 649 3000 693 :
3026 644 3082 690 et
3105 644 3394 707 postquam
3428 655 3518 689 \'t--

215 758 497 829 λεγόμενον
554 750 828 822 Κρανίον,
884 751 1002 802 ἐκεῖ
1049 745 1408 814 ἐσταύρωσαν
1469 743 1657 807 αὑτὸν,
1708 741 1803 795 καὶ

222 851 325 913 τοὺς
373 845 742 916 κακούργους,
767 843 844 904 ὃνΧ
867 843 967 914 μὲν
1018 843 1085 896 ὲκ
1124 838 1216 905 δεξ
1243 839 1343 900 ὦν,
1385 838 1446 892 ὃν
1478 837 1533 891 δὲ
1568 837 1630 902 ἐξ
1668 836 1795 906 ἀρι-

218 940 432 1012 στερῶν.
471 937 529 992 '0
576 937 634 990 δὲ
673 935 890 1008 Ἰησοῦς
935 934 1127 1003 ἐλεγε-
1165 932 1372 1003 Πάτερ,
1401 931 1540 999 ἄφες
1573 930 1759 992 αὐτοῖς
1785 943 1798 958 ο

215 1036 271 1106 06
294 1034 405 1104 γὰρ
420 1030 595 1085 οἴδασι
625 1030 678 1082 τί
704 1027 940 1082 ποιοῦσι.
981 1024 1440 1096 Διαμεριζόμενοι
1471 1022 1528 1076 δὲ
1574 1021 1643 1075 τά
1673 1021 1808 1092 ἱμά-

215 1146 296 1182 τια
343 1124 534 1186 αὑτοῦ,
573 1123 768 1177 ἔϐαλον
826 1121 1087 1192 κλήρους.
1125 1119 1234 1174 Καὶ
1288 1116 1536 1186 εἱστήκει
1591 1115 1619 1166 6
1675 1113 1806 1177 λαὸς

220 1218 451 1290 θεωρῶν.
511 1213 979 1284 Ἐξεμυκτήριζον
1037 1210 1094 1264 δὲ
1145 1210 1242 1265 καὶ
1300 1209 1350 1261 οί
1399 1207 1664 1278 ἄρχοντες
1707 1203 1806 1258 σὺν

218 1312 393 1374 αὑτοῖς
420 1307 698 1377 λέγοντεςο
731 1303 965 1367 Ἀλλους
1018 1302 1212 1364 ἔσωσε,
1242 1299 1474 1355 σωσάτω
1508 1297 1727 1362 ἑαυτὸν,
1757 1298 1808 1350 εί

213 1395 358 1463 οὗτός
392 1401 540 1452 ἐστιν
569 1396 597 1449 6
631 1393 866 1466 Χριστὸς
900 1395 928 1446 6
961 1393 1051 1448 τοῦ
1079 1391 1217 1446 Θεοῦ
1242 1391 1526 1455 ἐκλεκτός.
1554 1390 1808 1444 Ἐνέπαι-

214 1492 300 1558 ζον
331 1491 388 1543 δὲ
423 1487 572 1560 αὐτῷ
603 1487 698 1541 καὶ
741 1485 792 1540 oi
850 1484 1188 1555 στρατιῶται
1221 1481 1679 1554 προσερχόμενοι,
1710 1481 1808 1536 καλ⁹

213 1585 326 1650 ὅξος
382 1580 791 1652 προσφέροντες
852 1577 1024 1648 αὐτῷ,
1055 1578 1150 1631 xa‘t
1199 1575 1478 1645 λέγοντες
1511 1577 1572 1629 El
1607 1574 1672 1629 σὺ
1707 1571 1808 1629 sib

215 1673 461 1743 βασιλεὺς
487 1672 598 1724 τῶν
630 1669 931 1735 Ἰουδαίων,
965 1669 1141 1722 σῶσον
1195 1668 1446 1722 σεαυτόν.
1477 1662 1588 1722 Ἦν
1622 1667 1679 1722 δὲ
1712 1669 1808 1722 καὶ

215 1769 248 1836 ἡ
275 1763 553 1836 ἐπιγραφὴ
572 1764 939 1834 γεγραμμένη
964 1763 1052 1815 ἐπ’
1079 1760 1231 1832 αύτῷ
1251 1761 1579 1832 γράμμασιν
1615 1760 1809 1830 Ἐλλη-

213 1861 416 1922 νικοϊς,
477 1857 573 1911 καὶ
648 1856 1002 1927 Ῥωμαϊκοῖς,
1061 1856 1154 1908 καὶ
1213 1854 1563 1926 Ἐϐραῖκοῐςο
1635 1847 1808 1918 Οὗτός

214 1957 354 2009 ἐστιν
403 1953 431 2005 6
479 1953 732 2022 βασιλεὺς
790 1951 902 2004 τῶν
929 1950 1226 2005 Ἰουδαίων.
1274 1969 1292 2002 ι
1336 1949 1591 2020 Πονηράν
1647 1948 1808 2016 δόξαν

1909 751 2108 796 nerunt
2143 741 2196 793 in
2230 738 2409 792 locum
2452 736 2543 804 qui
2583 743 2809 788 vocatur
2831 729 3197 798 Calvaria,ibi
3231 731 3526 786 crnt-iflxe-

1911 843 2036 888 runt
2065 849 2190 888 eum
2243 841 2298 885 et
2347 829 2713 889 facinorosos.
2755 839 2922 880 unum
2951 840 2980 878 a
3016 825 3247 890 dextris,
3287 825 3520 879 alterum

1907 943 1934 980 ιι
1969 923 2404 982 sittistrichsus
2429 931 2613 976 autem
2641 918 2860 974 dicebat
2881 936 2895 972 :
2916 917 3100 984 Pater,
3129 918 3347 974 remitte
3388 920 3519 984 illis,

1909 1018 2166 1075 nesciunt
2206 1017 2353 1073 enim
2398 1013 2527 1085 quid
2571 1013 2799 1068 fat-inut.
2831 1012 3148 1068 Dividentes
3180 1028 3313 1069 vero
3351 1016 3520 1069 vesti-

1909 1123 2093 1169 menta
2123 1111 2262 1182 ejus.
2282 1112 2551 1164 miserunt
2584 1116 2812 1164 sortem.
2838 1107 2908 1162 Et
2930 1105 3112 1162 stabat
3134 1107 3366 1177 populus
3391 1124 3521 1180 spe-

1910 1216 2088 1271 ctans,
2131 1214 2186 1259 et
2215 1202 2536 1259 deridebunt
2565 1215 2689 1256 eum
2723 1199 3002 1272 principes
3031 1216 3154 1254 cum
3189 1201 3291 1266 eis,
3329 1201 3520 1257 dicen-

1913 1309 1995 1356 tes
2023 1316 2038 1355 :
2065 1299 2216 1356 Alios
2276 1297 2539 1365 servavit,
2595 1304 2779 1352 servet
2826 1295 3089 1366 seipsum,
3113 1293 3157 1350 si
3194 1293 3284 1350 hic
3320 1304 3406 1348 est
3435 1294 3524 1350 ille

1911 1393 2182 1458 Christus,
2229 1391 2320 1446 ille
2370 1390 2466 1446 Dei
2517 1388 2751 1446 electus.
2795 1387 3104 1443 llludehant
3153 1396 3338 1443 autem
3388 1387 3438 1443 ei
3468 1396 3525 1444 et

1913 1486 2134 1549 milites,
2167 1485 2492 1540 accedentes
2519 1493 2570 1538 et
2601 1491 2817 1539 acetum
2841 1481 3137 1538 offerentes
3162 1481 3525 1544 ei.dicentes-

1911 1593 2017 1648 nne
2048 1595 2063 1636 :
2093 1577 2148 1634 Si
2201 1588 2256 1632 tu
2307 1592 2367 1634 es
2425 1577 2514 1632 ille
2571 1591 2662 1629 rex
2716 1573 3054 1639 Judaeorutn,
3083 1575 3295 1630 salvum
3331 1585 3383 1630 te
3412 1573 3522 1632 fac.

1911 1670 2040 1726 Erat
2073 1678 2253 1725 autem
2287 1676 2342 1723 et
2371 1668 2653 1737 inscriptio
2688 1669 2894 1737 scripta
2945 1683 3111 1738 super
3140 1684 3265 1724 eum
3324 1669 3527 1724 litteris

1910 1762 2193 1828 Graecis,et
2227 1760 2457 1826 Latinis,
2481 1767 2536 1815 et.
2562 1752 2856 1816 Hebraicis
2890 1777 2903 1814 :
2942 1759 3038 1815 llic
3071 1770 3154 1817 est
3181 1778 3273 1818 rex
3305 1759 3529 1819 Judaeo-

1913 1873 2105 1912 rum.»
2167 1854 2429 1911 Diabolus
2465 1854 2653 1910 volens
2701 1853 2995 1910 Dominum
3049 1871 3245 1926 magna
3300 1856 3524 1914 infamia

1915 1961 2230 2023 aspergere.
2279 1949 2412 2007 facit
2466 1949 2715 2023 crucifigi
2772 1967 2897 2006 cum
2926 1967 2993 2008 eo
3024 1963 3080 2007 et
3111 1953 3352 2010 latrones
3385 1973 3398 2009 :
3431 1956 3525 2011 sed

217 2017 645 2109 κατασκευάζειν
690 2043 893 2098 ἐθέλων
931 2041 1027 2097 τοῦ
1087 2041 1294 2113 Κυρίου
1331 2044 1382 2111 ό¹
1405 2017 1678 2105 διάϐολος,
1714 2042 1809 2095 καὶ

1922 2017 2041 2099 ride
2083 2017 2357 2113 t-prnmodo
2391 2052 2444 2098 et
2483 2059 2591 2098 uno
2620 2017 2868 2114 privatus
2900 2043 2994 2108 sit,
3016 2054 3070 2099 et
3101 2043 3205 2100 hoc
3243 2046 3310 2100 ad
3349 2045 3528 2114 majo-

217 2139 414 2213 λῃστὰς
442 2140 618 2192 ἐποίει
657 2135 1290 2207 συσταυροῦσθαιαύτῷ.
1329 2135 1472 2190 Ἀλλ’
1523 2137 1628 2207 ὅρα
1687 2134 1808 2199 πῶς

214 2236 302 2287 καὶ
326 2234 418 2286 τὸν
450 2233 546 2286 ἕνα
593 2230 869 2304 ἀφῃρέθη,
907 2231 1002 2282 καὶ
1040 2230 1244 2298 μᾶλλον
1276 2230 1413 2300 πρὸς
1446 2230 1605 2294 δόξαν
1640 2228 1811 2283 πλείω

210 2327 302 2381 τοῦ
347 2327 554 2398 Κυρίου
602 2325 762 2378 τοῦτο
798 2324 1012 2391 γέγονε.
1041 2323 1165 2376 Τῶν
1213 2323 1313 2394 μὲν
1364 2323 1474 2396 γὰρ
1504 2326 1552 2377 o‘l
1583 2327 1810 2394 σταυροὶ

209 2420 331 2474 οὐδὲ
366 2419 742 2489 ὲζητήθησαν,
769 2418 863 2470 τοῦ
895 2418 952 2470 δὲ
987 2417 1094 2480 πᾶς
1131 2418 1159 2469 6
1186 2415 1391 2486 κόσμος
1424 2415 1806 2487 ἐκκρέμαται·

212 2514 308 2568 καὶ
359 2510 968 2586 προδή).ως.ὲντεῦθεν
1029 2510 1332 2574 δείκνυται,
1368 2508 1427 2562 τὸ
1476 2510 1553 2580 μὴ
1607 2509 1809 2579 ἄνομον

210 2603 352 2663 εἶναι
410 2607 503 2661 τὸν
556 2607 784 2676 Κύριον,
811 2606 888 2670 ὼς
943 2605 992 2658 οί
1052 2604 1275 2676 λῃσταὶ,
1306 2601 1444 2657 ἀλλὰ
1502 2602 1684 2674 πάσης
1732 2605 1812 2655 διο

208 2700 505 2771 καιοσύνης
532 2701 800 2771 ἀρχηγόν.
834 2701 1067 2767 ’Λγουσι
1101 2698 1158 2752 δὲ
1193 2697 1360 2752 αὑτὸν
1389 2699 1484 2750 ἐπὶ
1522 2698 1614 2750 τὸν
1641 2697 1809 2751 τόπον

205 2792 302 2846 τοῦ
333 2789 601 2862 Κρανίου,
643 2789 772 2843 ἔνθα
808 2789 944 2859 φασὶ
991 2789 1083 2843 τὸν
1119 2788 1450 2860 προπάτορα
1487 2787 1805 2858 τεθάφθαι·

209 2885 300 2939 ἴνα
324 2886 457 2936 ὅπου
491 2883 577 2937 διὰ
599 2881 759 2948 ξύλου
795 2882 1019 2952 πτῶμα,
1040 2883 1159 2935 ἐκεῖ
1180 2882 1272 2934 καὶ
1299 2882 1334 2945 ἡ
1362 2881 1451 2934 διὰ
1485 2880 1578 2934 τοῦ
1647 2879 1808 2947 ξύλου

215 2977 438 3048 ἔγερσις
477 2975 726 3046 γένηται.
761 2975 972 3045 Ἰησοῦς
1021 2974 1076 3027 δὲ
1129 2973 1442 3045 ὑπερϐολὴν
1504 2975 1812 3046 πραότητος

210 3069 649 3138 ἐνδεικνύμενος,
692 3068 835 3139 ὑπὲρ
867 3067 1050 3120 αὐτῶν
1084 3066 1329 3138 εὔχεται,
1368 3088 1384 3119 ι
1432 3068 1638 3138 Πάτερ,
1673 3068 1812 3138 ἄφες

207 3164 421 3228 αὐτοῖς,
451 3162 626 3231 λέγων
661 3178 674 3192 ·
729 3162 790 3216 ού
849 3161 958 3231 γὰρ
1008 3161 1187 3215 οἴδασι
1243 3161 1296 3215 τί
1347 3161 1584 3216 ποιοῦσι.
1630 3181 1648 3214 ι
1703 3162 1813 3216 Καὶ

209 3255 400 3327 μέντοι
451 3255 631 3325 ἀφέθη
674 3254 740 3308 ἂν
761 3255 947 3316 αὐτοῖς
995 3254 1055 3307 τὸ
1097 3254 1428 3326 ἁμάρτημα,
1459 3257 1506 3307 εί
1553 3255 1628 3327 μὴ
1673 3257 1811 3326 μετὰ

1918 2152 2028 2191 rem
2067 2135 2296 2206 gloriam
2347 2135 2560 2191 Domini
2600 2137 2848 2192 cesserit.
2884 2135 3020 2191 Nam
3055 2136 3290 2193 aliorum
3331 2153 3529 2195 cruces

1915 2247 2076 2286 nemo
2133 2231 2387 2296 repririt,
2421 2240 2568 2287 totus
2621 2241 2805 2286 autem
2865 2233 3101 2288 mundus
3141 2247 3171 2286 a
3205 2247 3371 2288 cruce
3426 2234 3527 2289 ista

1915 2322 2136 2394 pendet.
2165 2323 2228 2378 Et
2260 2323 2554 2380 manifeste
2589 2325 2678 2381 hic
2712 2325 3022 2380 ostenditur
3068 2325 3359 2381 Dominum
3419 2343 3526 2382 non

1916 2431 2038 2470 esse
2090 2416 2336 2485 inizptnm
2397 2417 2543 2472 sicut
2597 2417 2863 2480 latrones,
2914 2419 3009 2471 sed
3066 2419 3247 2474 omnis
3301 2417 3527 2486 iustitia:

1916 2508 2238 2578 principem.
2290 2507 2508 2564 Ducunt
2563 2520 2743 2564 autem
2800 2525 2927 2564 eum
2960 2509 3027 2566 ad
3076 2511 3256 2567 locum
3315 2509 3527 2577 Cranii,

1917 2602 2008 2654 ubi
2063 2601 2254 2656 dicunt
2309 2603 2547 2672 primum
2607 2610 2890 2671 parentem
2943 2611 3191 2658 nostrum
3247 2604 3526 2674 sepultum

1916 2708 2038 2749 esse
2071 2713 2083 2748 :
2121 2709 2177 2748 ut
2213 2695 2302 2750 ubi
2343 2710 2438 2762 per
2469 2693 2672 2764 lignum
2705 2710 2886 2761 casus,
2931 2695 3045 2751 illic
3080 2705 3134 2751 et
3177 2710 3274 2765 per
3320 2697 3528 2768 lignum

1918 2787 2256 2840 resurrectio
2286 2789 2402 2841 iiut.
2441 2785 2606 2842 Jesus
2644 2802 2773 2843 vero
2822 2788 3086 2843 eximiam
3143 2792 3526 2844 mansuetudi-

1917 2893 2040 2934 nem
2057 2881 2361 2947 dcelarans,
2383 2895 2482 2950 pro
2501 2880 2606 2935 illis
2626 2889 2881 2949 precatur
2902 2900 2915 2936 :
2936 2899 2954 2933 t
2984 2880 3169 2948 Pater,
3189 2883 3412 2937 remitte
3425 2883 3530 2945 eis.

1914 2971 2146 3027 dicens:
2180 2974 2436 3027 nesciunt
2491 2973 2638 3028 enim
2688 2975 2818 3042 quid
2879 2973 3108 3030 faciunt.
3165 2994 3184 3027 ι
3222 2976 3287 3031 Ει
3344 2975 3533 3046 utique

1915 3063 2200 3117 dimissum
2233 3061 2420 3118 fuisset
2475 3067 2557 3119 eis
2585 3075 2896 3134 peccatum,
2925 3067 3030 3122 nisi
3066 3067 3328 3138 deinceps
3358 3066 3412 3122 in
3448 3071 3531 3122 in.

1916 3155 2241 3210 etetlulitatc
2292 3158 2641 3214 mansissent.
2672 3158 2991 3215 Diviserunt
3041 3176 3171 3215 vero
3234 3163 3536 3217 vestimen-

1920 3257 1970 3299 ta
2008 3246 2140 3313 ejus.
2175 3246 2344 3318 Cujus
2374 3249 2588 3318 gratia?
2616 3249 2870 3306 Forsitan
2904 3265 2959 3306 et
2993 3252 3146 3306 nmlti
3205 3253 3341 3323 ipsis
3391 3253 3534 3310 indi-

207 3346 388 3402 ταῦτα
405 3349 472 3418 τῇ
505 3347 739 3418 ἀπιστίᾳ
769 3346 1081 3416 ἐνέμειναν.
1117 3347 1273 3411 Τίνος
1309 3347 1367 3399 δὲ
1399 3347 1589 3402 ἕνεκεν
1618 3348 1811 3418 διαμε-

1924 3340 2142 3410 gebaut,
2178 3339 2433 3397 fortassis
2492 3352 2704 3406 autem,
2751 3344 2894 3413 quod
2927 3353 2982 3399 et
3038 3347 3241 3413 verius,
3295 3346 3410 3402 haec
3466 3348 3535 3402 ad

211 3439 461 3512 ρίζονται
485 3441 554 3493 τά
590 3440 781 3510 ἱμάτια
814 3439 981 3492 αὑτοῦ
1009 3457 1023 3504 ;
1065 3440 1227 3503 Ἴσως
1262 3440 1363 3508 μὲν
1393 3441 1488 3494 καὶ
1515 3441 1814 3513 χρῄζοντες

209 3535 264 3588 oi
304 3532 494 3587 πολλοὶ
525 3532 729 3598 αὐτῶν,
756 3533 895 3602 τάχα
915 3532 994 3598 δὲ,
1021 3533 1049 3586 ὃ
1071 3535 1165 3587 καὶ
1186 3534 1390 3604 μᾶλλον
1420 3535 1810 3608 ἀληθέστερον,

209 3626 378 3698 ὕϐρει
412 3625 572 3680 τοῦτο
623 3627 718 3680 καὶ
755 3626 1026 3698 ἀκολασίᾳ
1070 3625 1354 3687 ποιοῦντες
1391 3641 1404 3655 ·
1439 3629 1495 3679 τί
1546 3629 1655 3696 γὰρ
1713 3647 1814 3682 πο-

206 3720 436 3784 λυτελὲς
469 3720 658 3792 ἑώρων
689 3721 747 3772 ἐν
793 3721 904 3783 τοῖς
934 3719 1176 3790 ἱματίοις
1209 3739 1223 3787 ;
1263 3720 1300 3772 Γ
1305 3719 1537 3784 ελῶντες
1594 3717 1687 3775 οὖν
1720 3725 1816 3776 καὶ

212 3813 585 3884 ὑϐρίζοντες,
646 3813 876 3867 τοιαῦτα
935 3810 1281 3884 εἰργάζοντο.
1352 3814 1527 3867 Ὅπου
1588 3815 1698 3886 γάρ
1765 3817 1816 3867 οἱ

209 3908 496 3982 ὄρχοντες
557 3909 929 3980 ἑμυκτήριζον
961 3952 976 3974 ,
1032 3909 1083 3961 τί
1139 3909 1244 3981 χρὴ
1297 3911 1425 3982 περὶ
1475 3911 1569 3965 τοῦ
1627 3911 1815 3967 κοινοῦ

208 4001 460 4073 πλήθους
490 4001 802 4070 λογίζεσθαι
833 4018 847 4068 ;
891 4020 908 4052 t
944 4001 1175 4065 ’Ἄλλους
1197 4002 1394 4067 ἔσωσε,
1425 4005 1658 4058 σωσάτω
1691 4006 1818 4059 ἑαυ-

203 4094 332 4159 τὸν,
360 4095 410 4146 εἰ
436 4087 592 4155 οὗτός
624 4093 771 4146 ἐστιν
796 4094 824 4145 ό
853 4090 1092 4161 Χριστός
1124 4095 1152 4146 ὁ
1183 4093 1276 4146 τοῦ
1305 4093 1441 4147 Θεοῦ
1477 4095 1756 4159 ἐκλεκτός.
1793 4115 1811 4148 ι

207 4185 396 4239 Τοῦτο
436 4184 592 4252 ἔλεγε
624 4183 695 4238 δι’
737 4183 919 4238 αὐτῶν
957 4185 987 4237 6
1025 4183 1295 4248 διάϐολος.
1332 4186 1544 4258 Ὥσπερ
1581 4187 1691 4260 γὰρ
1725 4190 1818 4243 ἐπὶ

205 4277 310 4331 τοῦ
371 4277 674 4349 πτερυγίου
707 4276 802 4330 τοῦ
859 4276 1033 4348 ἱεροῦ,
1070 4275 1213 4331 οὕτω
1260 4279 1544 4333 κάνταῦθα
1591 4282 1820 4337 τοιαῦτά

205 4386 355 4440 φησι
385 4386 402 4403 ⁸
435 4369 749 4440 βασκαίνων
789 4373 855 4442 τῇ
886 4371 977 4425 διὰ
1020 4370 1114 4424 τοῦ
1145 4373 1382 4444 σταυροῦ
1421 4375 1696 4448 σωτηρίᾳ,
1721 4380 1818 4432 καὶ

200 4463 517 4534 περικόψαι
585 4462 914 4534 βουλόμενος
967 4464 1176 4534 ταύτην
1238 4464 1464 4532 πάσαις,
1523 4469 1599 4532 ὼς
1662 4470 1818 4542 ὲνῆν,

209 4558 528 4628 μηχαναῖς.
596 4557 757 4623 Ὄξος
821 4556 876 4609 δὲ
940 4556 1284 4629 προσέφερον
1336 4559 1386 4611 ui
1436 4561 1815 4632 στρατιῶται,

201 4648 288 4713 ὡς
350 4648 568 4720 βασιλεῖ
615 4649 778 4718 δῆθεν
829 4649 1234 4721 ὑπηρετοῦντες
1265 4692 1280 4716 ,
1338 4651 1474 4722 πρὸς
1533 4654 1595 4706 τὸ
1641 4659 1810 4712 πιεῖν.

1929 3433 2191 3502 majorem
2265 3434 2658 3488 contumeliam
2737 3451 2839 3506 per
2905 3435 3187 3492 lasciviam
3262 3438 3531 3496 fecerunt.

1924 3525 2094 3598 5.86
2117 3525 2255 3593 Quid
2279 3526 2423 3582 enim
2450 3528 2751 3598 pretiosum
2779 3529 3036 3588 videbant
3064 3533 3116 3586 in
3145 3531 3230 3587 his
3254 3533 3536 3590 vestibus?

1928 3619 2191 3677 Bidentes
2227 3622 2393 3694 igitur
2447 3632 2502 3677 et
2543 3626 2876 3679 contumelia
2925 3624 3247 3692 allicientes,
3284 3628 3414 3682 talia
3451 3628 3533 3684 leo

1926 3726 2139 3772 certmt.
2181 3711 2281 3774 Ubi
2319 3717 2465 3773 enim
2500 3717 2550 3772 ei
2616 3718 2898 3787 principes
2934 3719 3375 3788 subsannabat",
3403 3724 3534 3793 quid

1929 3825 2035 3862 nnn
2070 3811 2134 3864 de
2173 3809 2380 3881 relith
2411 3809 2570 3882 vulgo
2599 3811 2999 3883 cogitandum?
3031 3830 3050 3864 t
3074 3812 3226 3869 Alios
3265 3815 3533 3880 servavit,

1928 3914 2109 3958 servet
2143 3905 2411 3975 seipsum,
2447 3906 2493 3961 si
2524 3905 2614 3961 hic
2641 3912 2727 3960 est
2761 3905 2853 3960 ille
2879 3905 3158 3972 Christus,
3187 3905 3277 3962 ille
3303 3907 3394 3963 Dei
3423 3908 3536 3964 ele-

1927 4009 2068 4053 ctus.
2103 4018 2121 4050 ι
2147 3998 2260 4054 line
2291 3998 2507 4056 dicebat
2538 4015 2637 4071 per
2667 3999 2793 4056 illos
2823 4000 3094 4056 diabolus.
3122 4000 3279 4057 Sicut
3309 4003 3454 4058 enim
3483 4004 3535 4059 itt

1929 4093 2094 4162 pinna
2129 4092 2336 4162 templi,
2369 4094 2441 4147 ita
2477 4106 2531 4148 et
2580 4093 2683 4148 hoc
2732 4092 2852 4149 loco
2893 4093 3046 4160 dicit,
3075 4095 3329 4151 invidens
3375 4096 3536 4152 saluti

1929 4194 2130 4240 nostra:
2177 4200 2274 4254 per
2311 4200 2552 4249 crucem,
2579 4201 2742 4254 quam
2777 4185 2973 4242 volens
3033 4187 3309 4258 impedire
3344 4203 3554 4243 omnes.

1930 4279 2184 4332 movebat
2219 4279 2522 4333 machinas.
2542 4279 2772 4334 Acetum
2808 4293 2938 4335 vero
2971 4279 3280 4335 olferebaut
3309 4281 3538 4349 milites,

1928 4371 2104 4440 quasi.
2141 4372 2252 4440 regi
2302 4373 2706 4443 quodammodo
2751 4373 3130 4430 ministrantes
3189 4382 3248 4429 ut
3299 4375 3536 4433 biberet.

1934 4462 2067 4519 Vide
2099 4476 2280 4520 autem
2316 4476 2370 4521 et
2399 4464 2559 4519 aliam
2594 4465 2909 4522 machinam
2957 4466 3181 4534 diaboli,
3210 4484 3331 4538 qua:
3366 4468 3416 4521 iu
3455 4470 3538 4539 ip-

1930 4569 2049 4609 sum
2087 4556 2337 4610 vertitur.
2399 4556 2501 4624 Qui
2533 4557 2680 4611 enim
2706 4557 2885 4613 tribus
2914 4556 3219 4614 litterarum
3246 4560 3540 4617 characte-

1929 4647 2085 4705 ribus
2141 4648 2496 4704 rebellionem
2547 4647 2679 4705 Jesu
2745 4649 3060 4721 invulgarat
3107 4653 3536 4723 quodammodo,

203 4741 360 4813 Ὅρα
400 4740 460 4794 δὲ
500 4742 597 4796 καὶ
645 4742 841 4814 ἑτέραν
904 4745 1160 4815 μηχανὴν
1219 4744 1315 4798 τοῦ
1366 4744 1644 4813 διαϐόλου,
1695 4752 1813 4804 κατ’

1929 4750 1987 4795 ιιι
2039 4740 2313 4796 neminem
2363 4744 2816 4811 praetereuntium
2858 4749 3078 4811 lateret,
3111 4748 3266 4815 quasi
3315 4756 3536 4817 propter

195 4833 384 4887 αὑτοῦ
445 4834 948 4906 περιτρεπομένην.
1004 4837 1064 4889 Ὀ
1119 4836 1221 4906 μὲν
1261 4837 1372 4909 γάρ
1425 4841 1575 4910 τρισί⁸
1640 4859 1821 4912 χαρα-

203 4926 426 4998 κτῆρσι
484 4929 831 4999 γραμμάτων
885 4930 1232 5000 ἐξεπόμπευε
1285 4930 1449 5002 δῆθεν
1487 4932 1589 5003 τὴν
1620 4935 1822 5007 άντοιρ⁶

208 5017 348 5074 σίαν
386 5018 484 5072 τοῦ
527 5019 728 5089 Ἰησοῦ,
791 5021 880 5075 ἵνα
920 5023 1127 5094 μηδένα
1153 5023 1412 5078 λανθάνοι
1443 5027 1552 5078 τῶν
1585 5028 1814 5097 παριόνο

202 5128 352 5175 των,
383 5111 462 5176 ὡς
494 5111 585 5165 διὰ
634 5112 794 5167 τοῦτο
837 5113 1136 5185 κρέμαται,
1165 5114 1300 5169 διότι
1349 5115 1573 5187 βασιλέα
1629 5119 1824 5172 ἑαυτὸν

195 5201 434 5257 ἐποίει·
471 5203 536 5256 τὸ
581 5203 659 5266 δὲ,
693 5205 799 5258 κάν
854 5206 929 5277 μὴ
987 5208 1015 5259 6
1070 5207 1233 5276 σοφὸς
1295 5207 1390 5261 τοῦ
1454 5210 1824 5278 κακοποιῆσαι

201 5304 444 5360 συνίει,
508 5296 780 5365 σύμϐολον
839 5293 908 5369 ἦν
957 5297 1055 5352 τοῦ
1112 5300 1386 5370 κράτιστα
1448 5301 1558 5355 τῶν
1610 5302 1823 5368 ὲθνῶν,

195 5391 397 5445 ὁποῖοι
419 5391 468 5442 oi
517 5390 802 5460 Ῥωμαῖοι,
838 5392 932 5445 καὶ
959 5392 1288 5461 σοφώτατοι,
1323 5397 1502 5448 όποῖοι
1537 5394 1822 5466 Ἕλληνες,

205 5489 321 5543 καὶ
349 5485 797 5552 θεοσεϐέστατοι,
846 5490 1032 5542 ὁποῖον
1067 5490 1127 5542 τὸ
1163 5490 1320 5558 γένος
1370 5490 1485 5545 τῶν
1534 5489 1836 5563 Ἐϐραίων,

195 5584 409 5658 ρύξειν
439 5583 626 5637 αὐτόν.
667 5584 909 5655 Εἴπομεν
949 5585 1006 5638 δὲ
1045 5588 1175 5656 περὶ
1218 5586 1428 5640 τούτων
1481 5590 1577 5641 καὶ
1627 5591 1684 5640 ἐν
1734 5588 1812 5657 τῷ

287 5699 312 5731 σ
359 5670 454 5739 Εἷς
477 5676 533 5729 δὲ
559 5675 671 5730 τῶν
702 5677 1128 5748 κρεμασθέντων
1159 5677 1488 5748 κακούργων
1530 5678 1804 5751 ἐϐλασφή-

191 5789 313 5845 μει
350 5768 521 5823 αὑτὸν
550 5768 727 5834 λέγων
752 5784 764 5796 ·
795 5768 856 5821 El
889 5769 952 5821 ob
981 5764 1032 5821 εἴ
1063 5771 1089 5821 6
1123 5770 1382 5838 Χριστὸς,
1423 5772 1598 5824 σῶσον
1655 5789 1817 5826 σεαυ-

183 5868 306 5918 τὸν
371 5862 472 5914 καὶ
534 5862 710 5929 ἡμᾶς.
769 5860 1126 5929 Ἀποκριθξῖς
1177 5861 1232 5913 δὲ
1275 5864 1302 5913 6
1353 5862 1539 5932 ἕτερος
1590 5864 1826 5934 ἐπετίμα

181 5957 392 6028 αὐτῷ,
427 5955 640 6024 λέγων·
682 5956 816 6009 Οὐδὲ
865 5957 1008 6026 φοϐῇ
1066 5960 1128 6010 σὺ
1162 5958 1255 6009 τὸν
1299 5957 1451 6016 Θεὸν,
1497 5958 1578 6010 ὅτι
1638 5962 1694 6011 ἐν
1748 5960 1826 6029 τῷ

181 6049 372 6119 αὐτῷ
411 6047 644 6120 κρίματι
679 6046 760 6114 εἷς
789 6051 1060 6122 καὶήμεῖς
1099 6048 1198 6120 μὲν
1234 6049 1457 6112 δικαίως
1488 6065 1502 6079 ’
1537 6049 1664 6118 ἄξια
1717 6052 1826 6123 γὰρ

1925 4838 2030 4894 hoc
2069 4852 2370 4908 suspensus
2419 4848 2585 4904 esset.
2609 4842 2754 4910 quod
2809 4855 2991 4909 regem
3019 4857 3080 4897 se
3125 4839 3350 4898 fecisset
3383 4859 3397 4896 :
3431 4845 3536 4898 hoc

1926 4932 2055 5003 iam.
2097 4933 2312 4989 etiamsi
2368 4946 2480 4987 non
2536 4948 2567 4987 e
2616 4944 2800 4988 mente
2851 4935 3173 5000 scribentis,
3225 4937 3532 5008 symbolum

1927 5026 2128 5080 factum
2169 5034 2254 5080 est
2284 5027 2430 5096 quod
2471 5027 2840 5096 potentissimi
2875 5030 3146 5100 gentium,
3190 5031 3380 5100 quales
3429 5032 3533 5086 Ro-

1927 5119 2075 5173 mani
2111 5135 2123 5172 :
2154 5127 2210 5173 et
2239 5119 2866 5190 sapientissimi,quales
2891 5121 3068 5178 Graeci
3103 5141 3117 5178 :
3153 5133 3208 5177 et
3250 5123 3538 5194 religiosis-

1929 5210 2079 5274 simi,
2102 5210 2292 5281 quales
2317 5210 2549 5278 llebraei,
2569 5211 2774 5270 Christi
2799 5230 2968 5283 regno
2987 5217 3308 5288 subjicieudi
3328 5226 3536 5281 essent,

1931 5310 1986 5357 et
2015 5302 2188 5371 ipsmu
2223 5303 2522 5372 praedicare
2549 5306 2811 5363 debeant.
2838 5307 2915 5363 De
2944 5309 3048 5364 hoc
3079 5318 3260 5366 autem
3300 5309 3454 5379 plura
3477 5320 3537 5365 et

1934 5393 2253 5450 sublimiora
2289 5398 2340 5450 in
2375 5395 2672 5469 Evangelia
2700 5399 2929 5456 Joannis
2955 5401 3215 5457 diximus.

1881 5489 1985 5544 ὑπὸ
2045 5493 2110 5562 τῇ
2173 5491 2422 5567 βασιλείᾳ
2447 5495 2741 5567 τοῦςίησού
2790 5498 3146 5568 τεθήσεσθαι,
3180 5497 3278 5552 καὶ
3323 5498 3534 5568 ἀνακη-

1862 5589 2008 5642 κατὰ
2046 5589 2306 5658 Ἰωάννην
2368 5590 2540 5645 πλείω
2601 5593 2696 5646 καὶ⁸
2763 5593 3093 5665 ὑψηλότερα.

2013 5679 2174 5738 \‘sns.
2205 5683 2388 5739 59-45.
2423 5704 2440 5736 t
2483 5683 2633 5740 Unus
2659 5698 2840 5742 autem
2873 5691 2940 5742 de
2986 5690 3070 5743 his
3101 5690 3192 5758 qui
3228 5691 3538 5758 pendebant

1934 5773 2284 5840 facinorosis,
2352 5780 2597 5832 convicia
2656 5779 2871 5833 dicebat
2921 5781 2973 5834 iu
3017 5797 3163 5848 eum,
3227 5785 3536 5839 dicens:5i

1936 5878 1990 5920 tu
2042 5884 2100 5923 es
2151 5869 2428 5936 Christus,
2473 5887 2628 5925 srrva
2666 5872 2896 5940 teipsutn
2922 5883 2976 5928 et
3011 5892 3125 5936 nes,
3180 5877 3536 5946 Iicspondetts

1937 5971 2120 6015 autent
2158 5963 2297 6016 alter
2330 5966 2645 6032 increpabat
2675 5984 2823 6031 eum,
2853 5967 3039 6023 dicens
3065 5970 3188 6032 ι.ῶο
3222 5969 3381 6025 times
3407 5970 3532 6040 qui-

1937 6055 2057 6109 dem
2092 6064 2148 6109 tu
2178 6054 2348 6114 Deum
2378 6063 2521 6128 quod
2553 6061 2604 6116 iu
2636 6065 2826 6120 eadem
2856 6066 3211 6121 damnatione
3239 6063 3337 6122 es?
3360 6077 3411 6122 ct
3439 6079 3538 6121 nos
