4046 6538
557 479 698 548 1103

1442 478 2028 542 THEOPHYLACTI
2073 478 2488 540 BULGARUE
2530 478 2894 541 ARCHIEP.

3679 472 3815 537 1101

551 594 770 665 quidem
794 591 937 661 juste
963 604 977 644 :
1007 603 1128 644 nam
1157 587 1316 659 digna
1344 585 1508 644 factis
1528 585 1819 657 recipimus
1845 603 1857 636 ;
1889 584 1975 639 bic
2003 598 2130 638 vero

2238 577 2315 637 ὧν
2388 585 2709 657 ἐπράξαμεν
2771 585 3278 655 ἀπολαμϐάνομεν·
3343 581 3496 649 οὗτος
3557 585 3616 639 δὲ
3672 585 3821 640 οὐδὲν

557 685 688 740 nihil
721 683 843 738 mali
876 683 1062 752 gessit.
1087 681 1151 735 Et
1176 681 1395 735 diccdat
1419 680 1485 734 ad
1507 677 1686 734 Jesum
1714 695 1725 728 :
1748 675 1994 738 Domine,
2015 691 2131 729 me-

555 787 737 832 mento
769 775 873 831 mei
909 789 1029 828 cum
1081 773 1297 828 veneris
1327 772 1376 825 in
1419 785 1643 839 regnum
1679 779 1850 822 tuum.
1892 767 1955 821 Et
1996 767 2130 822 dixit

553 869 626 924 illi
679 865 839 923 .Icsus
872 887 884 920 :
919 867 1085 920 Amen
1138 865 1258 919 dico
1311 861 1426 926 libi,
1459 860 1616 915 hodie
1651 874 1860 914 mecum
1915 861 2025 912 eris
2078 857 2130 910 in

553 958 824 1028 paradiso.
862 975 880 1008 ι
939 955 1218 1022 Quomodo
1259 953 1422 1022 igitur
1471 949 1561 1005 alii
1606 950 1951 1016 evangelista:
1993 950 2126 1002 duos

553 1053 790 1106 latrones
820 1051 1004 1105 dicunt
1059 1046 1290 1102 convitia
1322 1045 1373 1100 in
1401 1059 1522 1100 eum
1560 1043 1793 1114 iecisse?
1826 1040 2132 1095 Verisimile

551 1155 731 1198 autem
764 1141 1017 1211 est'quod
1051 1141 1284 1209 primum
1318 1137 1534 1203 quidem
1564 1137 1672 1191 duo
1696 1151 1817 1190 enin
1850 1131 2129 1188 convitiati

551 1238 680 1302 sint,
700 1237 891 1290 deinde
916 1248 1051 1286 unus
1073 1246 1262 1286 eorum
1286 1229 1561 1285 cordatior
1585 1241 1885 1298 agnoscens
1929 1225 2130 1279 bonita-

556 1341 662 1383 tem
704 1340 758 1383 et
806 1328 1141 1380 divinitatem
1177 1325 1303 1378 Jesu
1347 1337 1411 1376 ex
1469 1337 1600 1376 voce
1648 1336 1806 1388 quam
1858 1318 1983 1372 fecit
2034 1330 2132 1384 pro

551 1419 996 1488 crociiigcntibus
1029 1433 1042 1471 :
1081 1434 1098 1467 ι
1130 1414 1309 1478 Pater,
1333 1415 1540 1474 dicens,
1567 1411 1779 1465 remitte
1806 1410 1914 1474 eis;
1948 1427 1966 1458 ι
2004 1421 2129 1478 qua

553 1527 653 1566 vox
703 1527 807 1566 non
839 1509 1011 1563 solum
1043 1507 1192 1561 omni
1232 1505 1601 1560 misericordia
1635 1504 1788 1571 plena
1823 1511 1928 1566 est,
1957 1502 2048 1555 sed
2079 1508 2133 1555 ct

554 1619 799 1671 magnam
848 1600 1221 1656 auctoritatem
1255 1614 1362 1666 pra:
1389 1612 1446 1651 sc
1478 1595 1603 1649 fert.
1638 1593 1750 1648 Non
1781 1595 1923 1650 enim
1956 1592 2088 1646 dixit
2117 1608 2130 1644 :

554 1697 798 1761 Domine,
823 1709 940 1758 oro,
968 1693 1179 1746 dimitte
1212 1691 1312 1752 eis,
1339 1690 1430 1743 sed
1483 1688 1801 1755 simpliciter
1831 1687 1908 1740 sic
1941 1697 2134 1753 magna

554 1800 818 1860 potestate
847 1806 859 1840 :
898 1805 915 1837 ι
953 1784 1131 1850 Pater,
1155 1783 1371 1836 remitte
1396 1781 1495 1835 eis.
1527 1800 1543 1832 ι
1576 1779 1648 1832 Ex
1678 1780 1777 1832 bac
1817 1777 1977 1846 igitur
2005 1791 2131 1829 voce.

552 1895 878 1949 agnoscens,
911 1879 999 1946 qui
1031 1876 1182 1945 prius
1198 1875 1704 1942 cratblaspliemus,
1729 1868 1910 1924 losum
1944 1883 2127 1922 verum

553 1988 754 2040 regem,
777 1941 1095 2022 confutat‘et
1123 1967 1352 2020 alterum
1378 1941 1812 2024 latronem,ctad
1835 1959 2019 2013 Jesum
2049 1960 2123 2013 di-
2162 1941 2203 1994 Β

549 2065 655 2117 cit:
682 2080 700 2112 ι
725 2058 996 2114 Memento
1021 2059 1121 2113 mei
1150 2058 1200 2110 in
1229 2072 1390 2126 regno
1409 2065 1518 2108 tuo.
1549 2072 1568 2104 ι
1594 2053 1729 2119 Quid
1757 2053 1917 2121 igitur
1945 2051 2126 2104 Domi-

550 2155 693 2210 nus?
719 2173 736 2204 ι
765 2150 933 2206 Hodie
964 2164 1170 2204 mecum
1205 2148 1315 2202 eris
1352 2148 1402 2201 in
1445 2146 1716 2214 paradiso.
1742 2164 1758 2196 ι
1785 2144 1937 2199 Sicut
1969 2146 2128 2197 liomo

547 2248 762 2317 quidem
783 2246 836 2298 in
850 2257 1030 2309 cruce,
1049 2241 1189 2296 Deus
1202 2250 1378 2294 autem
1398 2240 1615 2305 ubique,
1629 2248 1680 2291 et
1696 2238 1822 2295 illic.
1841 2248 1893 2291 et
1911 2239 1961 2288 in
1981 2251 2128 2305 para-

549 2335 1124 2407 ilisoimplensomnia,
1152 2343 1206 2389 et
1237 2346 1500 2402 nusquam
1528 2333 1744 2386 absens.
1759 2330 2014 2396 Qua'rnnt
2043 2343 2128 2379 au-

548 2444 654 2486 tem
675 2430 920 2499 quidam,
943 2426 1216 2498 quomodo
1240 2425 1454 2480 dicente
1482 2422 1710 2478 Domino
1734 2421 1927 2476 latr0ni
1953 2441 1966 2476 :
1989 2440 2006 2471 ι
2029 2419 2132 2474 llo-

545 2528 633 2583 die
663 2541 873 2581 mecum
897 2524 1005 2580 eris
1023 2525 1074 2578 in
1093 2523 1365 2593 paradiso,
1389 2539 1408 2574 ι
1427 2518 1624 2574 Paulus
1642 2521 1930 2588 dixitquod
1951 2518 2128 2572 nullus

546 2627 856 2675 sanctorum
890 2617 1152 2688 receperit
1179 2614 1591 2685 promissionem
1611 2613 1694 2666 "1
1718 2611 1782 2666 Et
1806 2612 2020 2681 quidam
2044 2611 2124 2663 di-

545 2721 677 2766 cunt
707 2710 848 2778 quod
885 2707 1177 2778 Apostolus
1217 2721 1322 2760 non
1359 2707 1424 2760 de
1455 2703 1708 2760 omnibus
1751 2703 1952 2758 sanctis
1983 2717 2129 2756 asse-

549 2813 632 2856 rat
697 2805 840 2872 quod
912 2815 1020 2854 non
1093 2799 1398 2867 receperint
1459 2796 1973 2865 repromissionem,
2030 2795 2124 2848 sed

547 2901 614 2953 de
663 2900 749 2953 bis
783 2911 920 2966 quos
966 2895 1083 2965 ipse
1135 2893 1312 2949 solum
1359 2893 1714 2947 enumeravit.
1776 2890 2130 2944 Enumeravit

545 2992 710 3065 587
775 3000 953 3043 autent
1013 2988 1155 3042 alios
1214 2987 1429 3055 quidem
1480 2985 1698 3047 multos,
1752 2982 1976 3037 latronis
2039 2996 2130 3034 au-

548 3100 653 3139 tem
679 3099 784 3138 non
817 3082 1082 3136 meminit.
1116 3081 1252 3134 audi
1285 3079 1426 3131 enim
1459 3076 1586 3146 quid
1623 3077 1785 3137 dicat,
1823 3075 1873 3129 hi
1911 3089 2124 3137 omnes,

547 3175 971 3232 demonstrando
994 3187 1087 3227 eos
1115 3188 1252 3242 quos
1281 3185 1460 3224 setmo
1488 3177 1795 3235 enumerat,
1821 3168 2017 3236 quibus
2045 3167 2125 3218 la-

550 3285 635 3325 tro
696 3278 1116 3323 .tonnuuieratus
1169 3280 1272 3318 non
1331 3275 1432 3316 esu.
1485 3261 1585 3313 Alii
1636 3273 1812 3314 autem
1869 3260 2198 3363 dixeruntC

547 3365 690 3433 quod
725 3363 865 3415 latro
910 3359 1147 3413 nondum
1183 3356 1406 3411 sonitus
1441 3355 1513 3408 sit
1544 3353 1593 3406 in
1617 3353 1866 3423 paradiso
1897 3368 2126 3407 conver-

543 3457 810 3514 sationem
847 3469 858 3504 :
893 3452 984 3506 sed
1044 3453 1167 3516 quia
1213 3445 1544 3499 invariabilis
1575 3446 1644 3498 sit
1678 3454 1732 3497 et
1762 3445 1977 3498 mentiri
2032 3460 2116 3499 ue-

544 3553 708 3613 queat
742 3540 950 3596 Domini
1005 3537 1312 3607 promissio,
1339 3535 1460 3588 ideo
1490 3535 1694 3588 dictum
1719 3549 1860 3600 esse,
1895 3552 1914 3586 ‹
1956 3534 2124 3590 Ilodie

545 3650 758 3690 mecum
787 3635 896 3686 eris
921 3632 971 3685 in
1008 3629 1290 3700 paradiso.
1338 3646 1357 3678 ι
1391 3627 1486 3682 Est
1511 3627 1656 3681 enim
1688 3636 1740 3682 et
1772 3626 1888 3682 ha‘c
1916 3629 2127 3696 species

545 3730 812 3799 pliraseos
842 3726 892 3777 in
919 3723 1098 3777 verbis
1130 3720 1450 3785 Dominicis,
1477 3729 1534 3773 ut
1555 3718 1624 3774 de
1657 3718 1850 3774 l'uturis
1875 3719 2127 3789 loquatur

548 3833 802 3888 tanquam
859 3818 924 3869 de
985 3815 1068 3867 bis
1119 3827 1239 3882 qua:
1283 3812 1395 3879 jam
1455 3811 1587 3865 liant
1626 3829 1638 3864 :
1675 3821 1733 3865 ut
1790 3827 1914 3866 cum
1949 3813 2121 3866 dicit:

435 3895 458 3946 ’“·κ
551 3935 570 3964 ι
609 3913 709 3977 Qai
737 3927 840 3961 non
875 3909 1070 3968 credit,
1103 3919 1212 3971 jam
1239 3903 1513 3974 judicatus
1530 3913 1609 3956 est
1644 3903 1688 3933 ⁸⁸
1737 3921 1754 3953 ι
1793 3910 2121 3957 etrnrsum:

550 4024 567 4056 ι
601 4003 700 4070 Qui
733 4014 1010 4056 seiniones
1031 3997 1342 4053 meosaudit
1362 4005 1416 4049 et
1444 3996 1634 4056 credit.
1660 3995 1709 4047 in
1733 3994 1996 4063 judicium
2019 4011 2124 4050 non

544 4099 710 4160 venit,
747 4095 838 4147 sed
877 4092 1126 4146 transivit
1159 4089 1225 4144 de
1261 4097 1431 4141 morte
1461 4085 1514 4140 in
1547 4085 1713 4139 vitam
1737 4086 1802 4138 ⁸⁷.
1845 4103 1862 4136 ι
1887 4086 1990 4140 Alii
2027 4101 2127 4139 au-

544 4200 648 4244 tem
677 4194 927 4254 torquent
969 4184 1213 4243 verbum,
1249 4189 1503 4249 punctum
1537 4178 1797 4232 facientes
1819 4187 1939 4247 post
1977 4195 1997 4229 ι
2030 4179 2126 4233 lto-

546 4285 660 4347 tlie,
701 4298 720 4330 ι
758 4291 814 4332 ιιι
841 4280 913 4330 sit
946 4277 991 4329 is
1032 4291 1224 4330 sensus
1253 4274 1406 4334 dicti,
1441 4291 1458 4321 ι
1497 4271 1670 4325 Anien
1707 4275 1830 4327 dico
1896 4273 1988 4327 tibi
2032 4274 2127 4327 lto-

545 4375 678 4428 die;
717 4390 734 4422 ι
771 4368 988 4430 deinde,
1033 4385 1048 4418 ι
1083 4365 1290 4419 Mecum
1343 4379 1454 4417 eris
1500 4363 1551 4416 in
1607 4364 1878 4431 paradiso,
1917 4383 1934 4415 ι
1990 4365 2127 4433 adji-

545 4470 768 4522 cientes.
803 4463 1030 4529 Quidam
1071 4473 1221 4521 vero,
1247 4458 1337 4526 qui
1374 4455 1606 4509 maxime
1638 4471 1855 4510 sensum
1910 4456 2125 4525 assequi

546 4561 647 4614 “si
699 4569 846 4618 sunt,
879 4556 956 4608 sic
998 4561 1320 4619 exponunt:
1367 4548 1712 4615 licpromissa
1775 4549 1930 4602 nobis
1986 4550 2124 4601 bona

2235 677 2435 731 ἄτοπον
2483 676 2705 749 ἔπραξε.
2757 678 2864 730 Καὶ
2916 678 3074 744 ἔλεγε
3135 677 3211 746 τῷ
3261 677 3480 745 Ἰησοῖ·
3533 677 3822 745 Μνήσθητί

2239 789 2364 841 μου,
2401 771 2593 840 Κύριε,
2631 774 2760 824 ὅταν
2815 770 2974 839 ἔλθῃς
3028 772 3086 821 ἐν
3131 773 3194 837 τῇ
3255 767 3504 839 βασιλείᾳ
3561 785 3679 819 σου.
3716 767 3823 819 Καὶ

2236 860 2390 915 εἶπεν
2420 863 2564 931 αὑτῴ
2590 865 2616 915 6
2647 862 2877 932 Ἰησοῦς·
2900 862 3075 929 Ἀμὴν
3116 862 3259 928 λέγω
3291 878 3393 919 σοι,
3434 862 3680 930 σήμερον
3707 858 3822 927 μετ’

2237 955 2371 1022 ἐμοῦ
2401 956 2496 1026 ἔση
2533 959 2587 1006 ἐν
2652 958 2727 1024 τῷ
2759 955 3100 1024 παραδείσῳ.
3149 974 3166 1004 ι
3232 954 3353 1016 Πῶς
3403 949 3496 1005 οὖν
3538 954 3588 1006 οἱ
3649 954 3822 1021 ἕτεροι

2240 1047 2628 1116 εὐαγγελισταὶ
2657 1050 2780 1110 τοὺς
2829 1047 2922 1100 δύο
2949 1046 3148 1118 λῃστάς
3185 1063 3318 1114 φασι
3363 1048 3696 1114 κατηγορεῖν
3728 1045 3824 1099 αὖ·

2236 1136 2364 1200 τοῦς
2401 1139 2489 1189 Ἐν
2515 1140 2653 1208 ἀρχῇ
2700 1139 2798 1206 μὲν
2825 1138 2970 1199 είκος
3000 1138 3127 1199 τοὺς
3154 1136 3244 1188 δύο
3280 1139 3612 1203 κατηγορεῖν
3637 1135 3820 1196 αὑτοῦ,

2235 1225 2353 1282 εἶτα
2393 1231 2482 1282 τὸν
2529 1232 2718 1299 ἕτερον
2758 1232 2938 1283 αὐτῶν
2996 1231 3259 1298 ἀγχίνουν
3321 1230 3473 1290 ὄντα,
3525 1229 3822 1295 ἐπιγνῶναι

2235 1323 2332 1391 τὴν
2377 1324 2550 1392 Ἰησοῦ
2601 1324 2911 1392 ἀγαθόττντα
2945 1323 3040 1377 καὶ
3090 1323 3322 1388 θεότητα
3374 1325 3437 1375 ἐκ
3469 1321 3568 1389 τῆς
3616 1321 3823 1388 φωνῆς,

2235 1407 2300 1483 ἦς
2338 1416 2580 1466 ἐποιεῖτο
2610 1415 2748 1483 ὑπὲρ
2769 1415 2878 1467 τῶν
2910 1413 3310 1484 σταυροῦντων,
3346 1431 3364 1462 ‹
3401 1412 3605 1481 Πάτερ,
3630 1411 3820 1479 λέγων,

2235 1509 2371 1575 ἄφες
2405 1509 2609 1570 αὐτοῖς.
2647 1528 2664 1558 ι
2708 1509 2784 1560 Οὐ
2823 1509 2987 1577 μόνον
3020 1508 3130 1578 γὰρ
3163 1508 3342 1578 πάσης
3380 1505 3822 1575 φιλανθρωπίας

2237 1599 2590 1670 γέμει,άλλὰ
2646 1601 2738 1653 καὶ
2787 1600 3082 1653 αὑθεντίαν
3137 1601 3337 1670 πολλὴν
3391 1601 3734 1652 ἐνδείκνυται
3788 1601 3818 1667 ὴ

2238 1695 2408 1760 φωνὴ.
2444 1694 2517 1746 Οὐ
2544 1692 2652 1763 γὰρ
2683 1688 2825 1756 εἷπε,
2871 1693 3064 1762 Κύριε,
3098 1693 3424 1759 παρακαλῶ,
3457 1694 3591 1759 ἄφες
3618 1693 3820 1754 αὐτοῖς,

2237 1783 2352 1836 ἀλλ’
2411 1784 2599 1846 ἁπλῶς
2659 1784 2833 1847 οὕτως
2896 1785 2989 1836 καὶ
3038 1784 3484 1848 ἐξουσιαστικῶς,
3547 1802 3563 1834 ι
3620 1784 3823 1853 Πάτερ,

2239 1875 2372 1944 ἄφες
2405 1878 2610 1939 αὐτοῖς.
2656 1896 2672 1927 ι
2719 1877 2812 1929 Ἐκ
2840 1877 3045 1946 ταύτης
3087 1873 3179 1930 οὖν
3214 1878 3313 1945 τῆς
3347 1876 3535 1943 φωνῆς
3565 1877 3823 1944 ἐπιγνοὺς

2238 1971 2264 2022 6
2295 1971 2559 2040 πρότερον
2592 1971 2934 2040 βλάσφημος,
2963 1971 3051 2022 τὸν
3087 1969 3298 2038 Ἰησοῦν
3354 1969 3618 2038 ἀληθινὸν
3668 1967 3822 2037 βασι-

2237 2062 2332 2116 λέα
2381 2063 2757 2129 ἐπιγινώσκει,
2790 2064 3133 2132 ἐπιστομίζει
3166 2063 3221 2115 δὲ
3247 2063 3340 2114 καὶ
3390 2063 3480 2114 τὸν
3515 2063 3708 2132 ἕτερον
3741 2061 3826 2129 λῃ-

2240 2155 2389 2224 στὴν,
2420 2158 2510 2205 καὶ
2546 2155 2680 2225 πρὸς
2709 2156 2796 2207 τὸν
2844 2154 3056 2222 Ἰησοῦν
3102 2153 3248 2221 λέγει
3283 2169 3295 2180 ⁸
3341 2173 3358 2204 ι
3398 2153 3689 2222 Μνήσθητί
3727 2169 3825 2222 μου

2238 2248 2295 2298 ἐν
2345 2248 2408 2314 τῇ
2454 2245 2704 2317 βασιλείᾳ
2731 2263 2846 2298 σου.
2883 2265 2900 2297 ι
2937 2245 3002 2298 Τί
3029 2245 3120 2298 οῦν
3150 2248 3176 2298 6
3212 2246 3415 2314 Κύριος
3446 2262 3460 2308 ;
3498 2264 3514 2295 ι
3577 2245 3826 2314 Σήμερον

2240 2339 2358 2409 μετ’
2393 2339 2528 2410 ἐμοῦ
2580 2340 2678 2412 ἔσῃ
2725 2342 2782 2393 ἐν
2831 2340 2908 2409 τῷ
2951 2340 3281 2410 παραδείσῳ.
3323 2358 3339 2390 ι
3411 2340 3499 2401 Ὠς
3555 2339 3657 2409 μὲν
3721 2339 3828 2409 γὰρ

2237 2432 2546 2503 ἄνθρωπος,
2605 2435 2662 2484 ἐν
2718 2433 2971 2503 σταυρῷ,
3025 2432 3103 2495 ὡς
3152 2431 3209 2485 δέ
3262 2431 3394 2494 Θεὸς
3425 2473 3440 2495 ,
3501 2432 3825 2500 πανταχοῦ,

2245 2526 2426 2585 κάκεῖ,
2463 2527 2564 2578 κάν
2597 2525 2676 2594 τῷ
2711 2524 3052 2594 παραδείσῳ,
3083 2525 3262 2577 πάντα
3311 2523 3558 2593 πληρῶν,
3590 2525 3688 2577 καὶ
3727 2538 3830 2593 μη·

2236 2616 2408 2686 δσμοῦ
2464 2615 2557 2670 ῶν.
2611 2620 2916 2688 Ζητήσουσι
2968 2618 3026 2671 δέ
3077 2633 3256 2679 τινεςο
3291 2618 3415 2681 Πῶς
3469 2615 3564 2669 τοῦ
3623 2616 3825 2685 Κυρίου

2237 2709 2489 2778 λέγοντος
2554 2711 2632 2780 τῷ
2680 2711 2895 2781 λῃστῇ,
2960 2730 2978 2762 ι
3043 2712 3300 2782 Σήμερον
3357 2711 3476 2780 μετ’
3529 2710 3668 2779 ἐμοῦ
3733 2711 3826 2778 ἔσῃ

2237 2803 2294 2854 ἐν
2343 2805 2420 2870 τῷ
2489 2802 2844 2873 παραδείσῳ,
2902 2821 2919 2854 ι
2977 2803 3004 2855 6
3073 2802 3285 2865 Παῦλος
3350 2803 3496 2872 ἔφη·
3563 2821 3582 2852 ι
3641 2802 3826 2863 Οὐδεὶς

2236 2893 2344 2944 τῶν
2377 2892 2548 2960 ἁγίων
2576 2895 2878 2961 ἐκομίσατο
2903 2894 3004 2964 τὴν
3034 2894 3373 2963 ἐπαγγελίαν
3404 2911 3433 2959 ;.
3467 2914 3485 2946 ι
3525 2895 3638 2947 Καί
3689 2909 3828 2956 τινες

2237 2985 2507 3052 λέγουσιν,
2533 2988 2614 3038 ὁτι
2643 2989 2669 3039 6
2692 2987 3015 3050 Ἀπόστολος
3038 2989 3100 3040 οὑ
3127 2990 3255 3058 περὶ
3275 2987 3492 3041 πάντων
3523 2989 3631 3042 τῶν
3659 2988 3826 3056 ἁγίων

2237 3078 2556 3148 ἀπεφήνατο
2616 3079 2676 3130 τδ
2737 3079 2812 3148 μὴ
2872 3079 3210 3147 κομίσασθαι
3280 3083 3378 3148 τὴν
3438 3081 3823 3146 ἐπαγγελίαν,

2236 3169 2384 3222 ἀλλὰ·
2428 3171 2555 3239 περὶ
2623 3165 2698 3222 ὦν
2759 3172 3191 3241 ἀπηριθμήσατο
3257 3174 3416 3242 μόνον
3447 3189 3458 3200 ’
3506 3171 3825 3240 ἀπηριθμή-

2237 3279 2367 3317 σατο
2395 3262 2450 3316 δὲ
2478 3263 2671 3326 ἄλλους
2703 3264 2804 3332 μὲν
2831 3263 3080 3330 πολλοὺς,
3104 3264 3197 3316 τοῦ
3229 3263 3282 3316 δέ
3319 3262 3518 3333 λῃστοῦ
3553 3263 3675 3315 οὑδέ
3696 3264 3824 3314 ἐπε-

2235 3357 2466 3428 μνήσθη.
2507 3359 2705 3410 ’Λκουε
2741 3357 2847 3427 γὰρ
2883 3358 2934 3409 τί
2975 3375 3140 3425 φησιν
3168 3374 3182 3387 ⁸
3247 3353 3410 3412 Οὗτοι
3443 3357 3672 3419 πάντες,
3717 3355 3824 3408 6st-

2231 3451 2433 3514 κτικῶς
2462 3452 2596 3520 πρὸς
2637 3454 2760 3511 τοὺς
2820 3451 3314 3520 ἀπηριθμημένους
3355 3451 3448 3503 τὸν
3490 3451 3650 3517 λόγον
3691 3451 3822 3503 ἁνα-

2230 3543 2433 3612 φέρων,
2462 3537 2541 3605 οἷς
2594 3544 2622 3594 6
2667 3542 2864 3614 λῃστὴς
2913 3544 2974 3594 οῦ
3032 3543 3460 3612 συνηρίθμηται.
3499 3543 3722 3612 Ἕτεροι
3768 3541 3823 3595 δὲ
3871 3581 3874 3586 -

2229 3638 2457 3703 ἔφασαν,
2499 3637 2579 3687 ὄτι
2636 3635 2757 3688 οὐδὲ
2811 3638 2838 3688 6
2904 3636 3107 3704 λῃστὴς
3167 3635 3319 3688 οῦπω
3371 3636 3529 3706 ἔτυχε
3599 3637 3700 3705 τῆς
3765 3637 3823 3688 ἐν

2226 3726 2305 3796 τῷ
2352 3724 2667 3794 παραδείσῳ
2709 3725 2985 3793 διαγωγῆς
3018 3765 3032 3785 ,
3076 3725 3192 3777 ἀλλ’
3233 3725 3424 3795 ἐπειδὴ
3484 3727 3822 3794 ἀμετάθετος

2227 3820 2322 3870 καὶ
2392 3817 2748 3885 ἀδιάψευστος
2811 3819 2842 3886 ὴ
2910 3816 3003 3869 τοῦ
3062 3818 3265 3887 Κυρίου
3327 3819 3673 3888 ὑπόσχεσις,
3731 3818 3821 3874 διὰ

2227 3909 2387 3963 τοῦτο
2427 3911 2642 3978 εἴρηται
2669 3909 2750 3973 τὸ,
2786 3927 2803 3958 ι
2844 3909 3092 3978 Σήμερον
3130 3910 3248 3979 μετ’
3299 3910 3435 3980 ἐμοῦ
3479 3911 3580 3982 ἔσῃ
3638 3914 3697 3962 ἐν
3746 3911 3824 3983 τῷ

2229 4003 2560 4074 παραδείσῳ.
2617 4021 2635 4053 ι
2677 4003 2832 4054 Ἔστι
2874 4005 2979 4071 γὰρ
3020 4004 3114 4055 καὶ
3155 4003 3396 4056 τοιοῦτον
3433 3999 3594 4066 εἶδος,
3631 4007 3816 4072 φασιν,

2229 4097 2287 4148 ἐν
2310 4097 2421 4158 τοῖς
2465 4096 2560 4148 τοῦ
2598 4095 2805 4164 Κυρίου
2842 4097 3107 4164 ῥήμασιν,
3159 4098 3216 4148 ἐν
3265 4089 3343 4158 οἷς
3397 4098 3529 4164 περὶ
3554 4098 3667 4150 τῶν
3698 4098 3818 4150 ἔσει

2232 4189 2356 4242 σθαι
2377 4189 2702 4258 μελλόντων,
2733 4188 2806 4250 ὡς
2829 4187 2929 4258 ήδη
2953 4190 3261 4258 γενομένων
3286 4189 3564 4252 διέξεισιν.
3586 4191 3673 4254 Ὠς
3694 4193 3821 4245 ὅταν

2229 4283 2391 4354 λέγει’
2432 4303 2450 4333 ι
2477 4284 2534 4336 '0
2569 4284 2642 4351 μὴ
2676 4282 2970 4343 πιστεύων,
3004 4283 3104 4353 ἤδη
3151 4282 3426 4352 κέκριται,
3465 4303 3482 4335 ι
3517 4288 3614 4339 καὶ
3638 4287 3821 4341 πάλιν·

2237 4397 2253 4428 ι
2277 4377 2334 4428 Ὀ
2354 4375 2463 4428 τῶν
2494 4375 2667 4442 λόγων
2701 4392 2799 4443 μου
2828 4373 3064 4435 ἀκούων,
3092 4376 3186 4427 καὶ
3212 4378 3508 4440 πιστεύων,
3539 4381 3618 4439 είς
3644 4380 3822 4449 κρίσιν

2229 4464 2592 4533 οὺκέρχεται,
2618 4464 2753 4517 ἀλλὰ
2805 4463 3192 4532 μεταϐέϐηκεν
3231 4467 3296 4518 ἐκ
3320 4465 3416 4518 τοῦ
3447 4467 3688 4522 θανάτου
3747 4472 3821 4534 εἰς

2229 4555 2328 4626 τὴν
2353 4556 2750 4625 ζωήν.ι”Λλλοι
2780 4556 2835 4608 δὲ
2867 4555 3218 4619 ἐκόιάζονται
3249 4559 3307 4611 τὸ
3341 4561 3518 4629 ῥῆμα,
3544 4563 3818 4628 στίξοντες

547 4670 652 4707 non
708 4664 834 4705 sunt
880 4649 1157 4712 ingressus
1207 4645 1259 4694 in
1303 4641 1637 4709 paradisum,
1664 4639 1744 4693 vel
1769 4641 1992 4704 reditus,
2025 4642 2119 4694 sed

2234 4650 2306 4710 είς
2357 4650 2412 4702 τὸ
2479 4666 2497 4699 ι
2533 4650 2800 4718 Σήμερον,
2843 4667 2861 4698 ›
2906 4643 3029 4720 ἶν’ᾗ
3083 4649 3142 4702 τὸ
3183 4650 3478 4719 λεγόμενον
3529 4656 3778 4710 τοιοῦτον
3805 4674 3819 4690 ο

547 4765 560 4800 ι
588 4759 766 4816 :gnnm
795 4741 1051 4793 cmlorum
1079 4751 1090 4786 :
1121 4734 1263 4786 unde
1280 4744 1588 4792 etoramus,
1629 4748 1646 4779 ι
1682 4729 1875 4782 Veniat
1900 4745 2121 4799 regnum

550 4849 701 4890 mum
729 4833 799 4896 ⁸⁸,
835 4849 852 4881 ι
905 4844 1008 4881 ιιοιι
1043 4824 1382 4877 conversatio
1412 4823 1497 4874 illa
1533 4822 1584 4873 ιιι
1636 4823 1902 4888 paradiso.
1940 4821 2125 4889 Neque

543 4931 690 4988 enim
722 4924 857 4980 mibi
891 4922 1037 4975 dicat
1060 4918 1253 4985 aliquis
1305 4914 1447 4982 quod
1487 4914 1626 4968 idem
1661 4915 1729 4967 sit
1765 4916 2049 4984 paradisus
2071 4924 2125 4970 ct

546 5034 791 5093 regnum.
824 5017 968 5070 Bona
1022 5014 1164 5067 enim
1233 5010 1383 5076 regni
1420 5026 1437 5058 ι
1489 5021 1660 5074 neque
1700 4998 1849 5061 ουτω
1899 5011 2124 5072 audivit,

548 5129 721 5183 neque
752 5110 937 5165 oculus
965 5107 1117 5169 vidit,
1145 5118 1318 5172 neque
1348 5103 1398 5154 in
1433 5115 1527 5155 cor
1563 5100 1800 5155 bominis
1863 5110 2125 5156 ascende-

551 5221 672 5263 runt
699 5207 771 5259 ³⁸.
812 5223 830 5256 ›
874 5199 1188 5254 Paradisum
1215 5205 1396 5247 autem
1429 5203 1482 5246 et
1513 5192 1702 5246 oculus
1734 5194 1862 5245 Adae
1893 5193 2046 5259 vidit,
2079 5205 2134 5248 et

547 5302 694 5353 auris
717 5296 922 5348 audivit
951 5292 1016 5344 dc
1045 5303 1130 5341 eo.
1168 5305 1186 5338 ι
1225 5288 1297 5340 De
1331 5287 1580 5339 omnibus
1605 5287 1746 5338 enim
1780 5287 1960 5356 lignis,
2003 5306 2021 5338 ι
2051 5291 2132 5340 in-

546 5392 683 5460 quit,
710 5405 726 5437 t
748 5401 866 5455 quae
897 5391 1021 5436 sunt
1052 5380 1105 5433 in
1136 5381 1404 5447 paradiso,
1427 5380 1590 5430 edens
1612 5379 1831 5430 comede
1853 5378 1914 5428 ⁵ο.
1946 5397 1964 5429 ι
1997 5376 2130 5431 Nam

548 5485 674 5536 licet
710 5492 872 5531 unum
910 5487 1115 5528 tantum
1148 5471 1350 5540 lignum
1403 5467 1747 5522 interdictum
1785 5472 1856 5524 sit
1913 5473 2014 5535 eis,
2054 5484 2131 5525 ta-

550 5589 669 5630 men
705 5584 756 5625 et
792 5573 964 5638 ipsum
993 5568 1336 5625 vidcrunt,et
1365 5561 1430 5614 de
1465 5562 1583 5629 ipso
1630 5565 1936 5618 audierunt.
1962 5566 2027 5618 Et
2080 5567 2130 5620 in

2239 4763 2256 4794 ι
2281 4741 2454 4810 Ἀμὴν
2474 4741 2616 4807 λέγω
2639 4739 2721 4792 σοὶ
2743 4741 3001 4810 σήμερον·
3035 4760 3054 4792 ι
3095 4737 3214 4794 εῐτα
3245 4744 3326 4805 τὸ,
3364 4763 3383 4794 ι
3409 4747 3526 4813 μετ’
3558 4749 3696 4816 ἐμοῦ
3729 4751 3819 4822 ἔσῃ

2233 4837 2289 4885 ἐν
2316 4833 2392 4902 τῷ
2429 4833 2760 4902 πνραδείσῳ,
2804 4853 2821 4883 ι
2844 4832 3220 4904 ἐπιφέροντες.
3249 4835 3402 4899 Τινὲς
3431 4838 3489 4891 δὲ
3510 4842 3560 4892 οἰ
3589 4842 3818 4910 μάλιστα

2231 4929 2508 4999 ἐπιτυχεῖν
2535 4927 2809 4991 δόξαντες,
2847 4926 3018 4988 οὕτως
3055 4929 3378 4998 ἐξηγοῦνται
3405 4950 3417 4963 δ
3447 4933 3530 4987 τὰ
3557 4936 3822 5009 ἐπηγγελ.

2236 5022 2374 5090 μένα
2403 5023 2533 5090 ἡμῖν
2569 5019 2746 5088 ἀγαθὰ
2803 5023 2904 5074 οὐκ
2952 5023 3031 5086 είς
3076 5024 3168 5076 τὸν
3194 5025 3529 5095 παράδεισον
3577 5031 3819 5106 διαγωγή

2232 5115 2378 5164 ἐστιν
2409 5114 2438 5183 ἢ
2477 5113 2735 5175 ἐπάνοδος
2765 5115 2898 5181 (Η),
2930 5115 3045 5166 ἀλλ’
3071 5117 3101 5184 ἡ
3124 5115 3368 5181 βασιλεία
3401 5121 3509 5172 τῶν
3536 5126 3781 5193 οὐρανῶν
3802 5143 3815 5156 ·

2231 5205 2393 5258 Ὅθεν
2415 5206 2510 5258 καὶ
2531 5209 2968 5275 προσευχομεθα,
3006 5227 3023 5257 ι
3048 5209 3281 5264 Ἐλθέτω
3310 5215 3340 5279 ἡ
3368 5213 3623 5280 βασιλεία
3655 5237 3766 5281 σευ,
3794 5239 3810 5270 ο

2229 5298 2326 5366 οὐχ
2355 5299 2385 5365 ἡ
2411 5298 2502 5349 ἐπί
2533 5298 2624 5349 τοῦ
2656 5300 2984 5368 παραδείσου
3016 5302 3290 5372 διατριϐή.
3327 5305 3418 5374 Μὴ
3442 5312 3551 5377 γάρ
3581 5329 3672 5379 μοι
3693 5315 3816 5384 φαίη

2230 5406 2331 5453 τις,
2364 5391 2446 5441 ὅτι
2475 5390 2673 5441 ταυτὸν
2721 5394 3050 5461 παράδεισος
3120 5402 3212 5448 καὶ
3270 5400 3548 5469 βασιλεία.
3593 5406 3675 5458 T‘z
3725 5408 3817 5476 μὲν

2229 5487 2336 5552 γὰρ
2366 5484 2544 5550 ἀγαθὰ
2603 5485 2699 5554 τῆς
2737 5486 3012 5554 βασιλείας
3076 5491 3202 5542 ούτε
3249 5491 3342 5555 οῦς
3403 5495 3667 5564 ήκουσεν,
3701 5498 3816 5552 οὔτε

2228 5577 2502 5646 ὀρθαὶμὸς
2532 5573 2690 5645 εἶδεν,
2725 5579 2845 5631 οὔτε
2877 5582 2969 5634 ἐπὶ
3021 5584 3250 5654 καρδίαν
3285 5587 3586 5656 ἀνθρώπου
3611 5595 3770 5663 ἁνεῦη
3797 5603 3815 5624 ⁸

617 5721 662 5752 ﬂ
694 5718 861 5772 Hebr.
901 5729 960 5777 ιι,
1000 5711 1082 5765 l5.
1163 5708 1204 5739 "
1233 5705 1390 5762 Joan.
1417 5718 1500 5771 ιιι,
1534 5705 1620 5760 18.
1699 5708 1742 5740 ⁸⁷
1769 5709 1924 5765 Joan.
1957 5727 2005 5778 ν,
2030 5717 2120 5770 24.
2203 5725 2244 5755 ³⁸
2277 5724 2468 5779 Matth.
2505 5740 2575 5788 ιοι,
2614 5722 2697 5776 l0.
2779 5722 2820 5752 ³⁹
2858 5721 2873 5775 Ι
2904 5723 3030 5779 Cor.
3059 5741 3118 5793 ιι,
3154 5724 3207 5780 6.
3287 5727 3333 5759 “
3364 5729 3505 5785 Gen.
3545 5747 3607 5800 ιι,
3637 5731 3722 5790 l6.

1501 5847 1591 5906 Ex
1626 5845 1968 5910 collatione
2003 5847 2188 5910 codd.
2235 5849 2460 5908 Venet.
2496 5848 2554 5907 S.
2594 5846 2816 5909 lilrtrci.

618 5980 730 6052 (11)
773 5979 904 6037 Cod.
934 5980 1020 6047 30,
1063 5975 1263 6041 εἴσοδός
1296 5977 1442 6029 ἐστιν
1473 5974 1504 6046 ἢ
1536 5949 1809 6037 ἐπάνοδος.
