4046 6522
567 377 702 444 1107

1450 376 2036 441 THEOPHYLACTI
2081 374 2493 436 BULGARIE
2531 374 2894 438 ARCHIEP.

3677 358 3810 426 11ῡ8

562 490 743 558 Pater,
786 491 838 546 in
874 505 1067 547 manus
1090 499 1207 546 tuas
1247 490 1567 545 commendo
1588 489 1832 558 spiritum
1861 501 2035 540 meum
2064 484 2121 540 ".

2234 487 2424 558 χεῖράς
2472 503 2566 538 σου
2605 482 2949 556 παρατίθημι
2995 481 3058 534 τὸ
3101 479 3316 550 πνεῦμά
3349 495 3474 548 μου.
3506 474 3618 530 Καὶ
3643 473 3812 526 ταῦτα

559 581 628 638 Et
652 582 764 639 haec
791 597 912 637 curn
945 582 1188 645 dixisset,
1221 581 1533 651 exspiravit.
1551 580 1682 635 Cum
1703 578 1922 634 vidisset
1951 588 2129 634 autem

559 675 806 730 centurio
857 674 1000 743 quod
1049 675 1285 738 accidit,
1332 674 1657 744 gloriﬂcavit
1699 671 1890 730 Deum.
1922 673 2127 737 dicens,

563 767 699 822 Vere
726 767 812 822 hic
837 767 998 822 homo
1045 767 1228 836 justus
1259 776 1396 821 erat.
1422 763 1485 817 Et
1517 779 1706 820 omnes
1736 765 1907 818 turba:
1942 778 2128 820 eorum

558 857 647 927 qui
686 858 848 913 simul
873 868 1216 914 accesserant
1247 858 1312 911 ad
1359 855 1724 926 spectaculum
1759 855 1927 919 istud,
1961 864 2014 912 et
2047 855 2132 908 vi-

556 953 747 1005 derant
775 967 898 1020 qua:
937 950 1341 1018 contingebant,
1376 949 1742 1020 percutientes
1786 956 2001 1018 pectora
2033 961 2129 1003 sua

560 1043 990 1099 revertebantur.
1032 1042 1259 1097 Stabant
1287 1052 1466 1097 autem
1497 1055 1687 1096 omnes
1717 1041 1830 1096 noti
1862 1039 1977 1106 ejus
2002 1054 2128 1108 pro-

558 1135 664 1201 cul,
705 1145 760 1190 et
815 1136 1071 1191 mulieres
1105 1149 1226 1204 qua
1257 1147 1457 1191 secutae
1483 1150 1606 1190 eum
1632 1143 1786 1189 erant
1817 1148 1845 1187 a
1884 1132 2126 1197 Galilma,

556 1241 865 1301 spectantes
897 1233 1031 1287 hate.
1068 1251 1088 1285 ι
1122 1231 1344 1301 Signum
1383 1231 1696 1301 qumrebant
1723 1229 2011 1299 aliquando
2036 1227 2130 1284 Ju-

555 1324 655 1378 (ίωί
689 1325 869 1378 videre
900 1325 965 1378 de
996 1324 1153 1379 caelo.
1185 1321 1324 1377 Ecce
1353 1323 1516 1394 igitur
1554 1321 1762 1392 signum
1817 1334 2020 1386 rarum,
2051 1331 2128 1376 te-

554 1417 755 1470 nebrae.
810 1413 1087 1470 Scinditur
1116 1427 1296 1470 autem
1342 1415 1520 1469 velum
1575 1413 1779 1483 templi,
1808 1414 2128 1470 ostendente

552 1506 780 1563 Domino
831 1508 972 1575 quod
1015 1521 1121 1561 non
1177 1506 1314 1562 ultra
1365 1506 1642 1561 inaccessa
1719 1515 1878 1560 erunt
1927 1503 2126 1560 Sancta

553 1610 887 1664 SttiClOl’Utll,
932 1598 1024 1652 sed
1100 1596 1357 1653 Romanis
1423 1597 1614 1653 tradita
1677 1597 2122 1668 profanabuntur.

555 1690 650 1746 Vel
685 1691 845 1745 aliter
880 1706 894 1742 :
925 1689 1330 1762 Ostenditquod
1367 1691 1539 1746 velum
1573 1690 1717 1760 quod
1745 1689 1924 1743 divisit
1969 1704 2065 1744 nos
2096 1705 2122 1742 τι

551 1785 757 1837 sanctis
802 1785 854 1838 itt
903 1784 1062 1847 creto,
1099 1783 1398 1846 scindatur,
1441 1782 1541 1836 hoc
1593 1790 1674 1836 est
1724 1779 2018 1833 inimicitia:
2072 1787 2126 1832 et

552 1886 850 1944 peccatum.
884 1873 990 1928 lloc
1009 1874 1148 1928 enim
1178 1874 1275 1928 fuit
1302 1888 1551 1944 magnum
1576 1870 1946 1936 interstitium,
1977 1872 2117 1940 quod
2155 1837 2196 1891 Β

554 1985 654 2024 nos
683 1969 751 2023 ab
783 1967 888 2020 illis
915 1968 1004 2035 qui
1030 1967 1100 2020 ibi
1134 1975 1311 2027 erant,
1349 1965 1723 2034 distinguebat.
1751 1963 1998 2017 Ostendit
2026 1978 2121 2014 au—

555 2075 660 2118 tem
695 2063 834 2130 quod
866 2077 969 2115 non
1017 2069 1231 2128 promer
1265 2057 1639 2127 impotentiam
1671 2054 1968 2110 cruciﬁxus
2028 2055 2117 2110 sit.

550 2150 684 2207 Nam
706 2153 794 2222 qui
831 2151 953 2204 talia
973 2150 1120 2215 l'ct-it,
1153 2149 1316 2204 etiam
1374 2147 1492 2202 illos
1524 2148 1785 2217 potuisset
1816 2147 2038 2216 perdere
2067 2155 2122 2200 et

549 2245 617 2300 ab
641 2255 860 2314 aspectu
896 2257 1191 2298 removere.
1220 2242 1351 2297 Cum
1410 2257 1538 2296 vero
1590 2254 1721 2297 voce
1769 2255 1960 2309 magna
2011 2238 2122 2294 cla-

552 2347 774 2403 masset,
817 2336 997 2390 etuisit
1041 2335 1308 2403 spiritum.
1341 2333 1666 2389 Potestatem
1703 2332 1845 2387 enim
1888 2331 2120 2386 habebat

551 2430 783 2484 animam
845 2443 996 2483 suam
1065 2442 1283 2496 ponere,
1325 2436 1380 2482 et
1430 2427 1623 2480 iterum
1682 2427 1927 2494 accipere
1975 2439 2118 2479 eam.

556 2519 667 2575 Vox
713 2521 840 2574 item
911 2519 997 2572 illa
1044 2517 1346 2574 centurioni
1399 2527 1452 2573 et
1503 2516 1608 2573 alia
1673 2516 1932 2573 miracula
1998 2516 2119 2570 tldei

550 2609 717 2682 m
761 2609 978 2664 luerunt
1031 2618 1370 2680 argumenta.
1423 2608 1540 2666 Non
1597 2612 1740 2664 enim
1793 2612 1932 2666 sicut
1974 2625 2120 2665 eom-

555 2701 731 2755 munis
765 2700 959 2765 homo,
1011 2701 1104 2755 sed
1159 2715 1281 2753 cum
1330 2715 1520 2770 magna
1573 2711 1838 2768 potestate
1876 2712 2121 2753 mortuus

550 2802 655 2848 est.
712 2790 776 2844 Et
822 2791 1121 2861 depositum
1189 2801 1414 2845 mortem
1482 2793 1814 2854 nominavit,
1867 2802 2117 2860 tanquam

551 2886 744 2938 iterum
773 2895 1088 2953 receptmus
1111 2885 1368 2938 attimam.
1398 2881 1507 2936 Hac
1527 2891 1704 2938 autem
1730 2899 1860 2937 voce
1889 2884 2120 2953 primum

547 2977 851 3033 libertatem
904 2988 1167 3031 assecuta:
1215 2986 1338 3030 sunt
1383 2975 1578 3029 anima:
1629 2983 1856 3040 nostrae,
1908 2976 2122 3030 diabolo

546 3077 668 3137 post
699 3069 811 3122 tunc
845 3066 1044 3120 nullam
1082 3067 1135 3120 iu
1169 3081 1262 3122 eas
1293 3067 1523 3121 habente
1561 3075 1908 3134 pntirstatem,
1938 3075 2121 3136 utpote

2233 576 2423 641 είπὼν,
2458 577 2802 642 ἐξέπνευσεν.
2852 573 2997 626 Ἰδὼν
3017 570 3075 625 δέ
3109 574 3136 624 6
3182 571 3578 638 ἑκατόνταρχος
3621 568 3682 620 τὸ
3725 581 3812 633 γε·

2232 671 2477 739 νόμενον,
2508 668 2727 735 δδόξασε
2752 665 2845 718 τὸν
2876 663 3010 718 Θεὸν
3035 662 3211 730 λέγων
3239 679 3252 693 ο
3294 663 3504 724 Ὄντως
3533 660 3563 711 6
3601 657 3814 726 ἂνθρω-

2233 781 2330 825 πος
2360 756 2514 825 οὗτος
2566 761 2775 822 δίκαιος
2802 753 2890 829 ἧν.
2927 757 3040 810 Καὶ
3083 756 3275 817 πάντες
3301 756 3347 807 οἱ
3396 750 3813 824 συμπαραγειιόα

2173 859 2178 864 ’
2235 873 2385 927 μενοι
2419 854 2566 925 ὄχλοι
2593 853 2687 907 ἐπὶ
2712 851 2807 922 τὴν
2833 850 3068 921 Θεωρίαν
3110 846 3338 915 ταύτην,
3378 842 3716 915 Θεωροῦντες
3748 840 3812 894 τὰ

2229 949 2516 1018 γενόμενα,
2549 943 2846 1008 τύπτοντες
2875 941 3085 996 ἑαυτῶν
3114 941 3182 992 τὰ
3208 941 3402 1007 στήθη,
3445 937 3806 1006 ὑπέστρεφον.

2230 1043 2588 1112 Είστὴκεισαν
2615 1040 2673 1095 δέ
2699 1039 2899 1101 πάντες
2936 1039 2984 1089 οί
3022 1033 3256 1102 γνωστοὶ
3288 1027 3458 1084 αὑτοῦ
3509 1025 3810 1098 μακρόθεν,

2229 1137 2326 1192 καὶ
2359 1139 2611 1205 γυναῖκες
2668 1133 2723 1186 αί
2780 1126 3320 1194 συνακολουθήσασαι
3350 1119 3499 1190 αὑτῷ
3564 1119 3678 1172 ἀπὸ
3716 1117 3813 1186 τῆς

2228 1231 2540 1295 Γαλιλαίας,
2571 1227 2776 1297 ὁρῶσαι
2829 1222 3025 1276 ταῦτα.
3075 1237 3093 1272 ι
3131 1219 3364 1288 Σημεῖον
3406 1213 3710 1283 ἐπεζήτουν
3764 1211 3810 1261 οί

2228 1327 2473 1383 Ἰουδαῖοί
2508 1341 2636 1376 ποτε
2671 1322 2797 1375 ἰδεῖν
2852 1317 2912 1382 ἐξ
2939 1311 3194 1386 ούρανοῦ.
3224 1311 3360 1364 Ἰδοὺ
3401 1304 3534 1376 γοῦν
3563 1305 3808 1374 σημεῖον,

2225 1422 2285 1476 τὸ
2313 1421 2462 1488 ξένον
2482 1417 2640 1471 τοῦτο
2674 1414 2860 1476 σκότος
2891 1428 2904 1441 '
2943 1409 3186 1478 σχίζεται
3238 1405 3295 1457 δὲ
3325 1404 3420 1456 καὶ
3480 1399 3542 1453 τὸ
3571 1397 3810 1451 καταπέ-

2225 1531 2412 1584 τασμα
2439 1510 2534 1565 τοῦ
2555 1508 2704 1571 ναοῦ,
2735 1503 3051 1562 δεικνύντος
3081 1498 3178 1554 τοῦ
3234 1496 3471 1567 Κυρίου,
3502 1493 3585 1545 ὅτι
3610 1490 3712 1544 οὐκ
3735 1488 3811 1541 ἔτι

2223 1581 2401 1664 ἄϐατα
2432 1606 2584 1659 ἐσται
2630 1602 2698 1654 τὰ
2737 1601 2903 1666 Ἀγια
2951 1594 3061 1648 τῶν
3105 1592 3300 1657 ἁγίων,
3326 1588 3463 1642 ἀλλὰ
3518 1587 3630 1647 τοῖς
3677 1581 3808 1636 Ῥωο

2227 1699 2408 1771 μαίοις
2439 1693 2843 1769 παραδοθέντα,
2863 1688 3072 1759 βάσιμα
3103 1684 3199 1739 καὶ
3232 1681 3436 1752 βέϐηλα
3463 1678 3809 1771 γενήσονται.

2225 1767 2336 1845 Καὶ
2357 1767 2531 1852 ἄλλως
2557 1787 2633 1847 δέ,
2652 1784 2925 1838 δείκνυσιν
2951 1781 3033 1833 ὅτι
3057 1775 3118 1829 τδ
3134 1773 3563 1838 καταπέτασμα.
3589 1767 3618 1820 δ
3650 1767 3812 1834 6:279-

2225 1900 2319 1952 γεν
2353 1881 2497 1950 ἡμᾶς
2523 1879 2631 1931 ἀπὸ
2659 1876 2766 1929 τῶν
2794 1878 2849 1928 ἐν
2872 1873 3119 1940 οὐρανοῖς
3149 1867 3346 1936 ἁγίων,
3390 1862 3662 1952 σχίζεται,
3694 1860 3809 1928 ἢτοι

2224 1951 2256 2046 ἠ
2308 1974 2474 2044 ἔχθρα
2517 1971 2612 2026 καὶ
2654 1971 2687 2039 ἡ
2741 1965 2983 2038 ἁμαρτία
3016 1977 3030 1992 ·
3083 1956 3244 2015 τοῦτο
3275 1959 3384 2028 γὰρ
3437 1951 3505 2020 ἦν
3559 1955 3620 2006 το

2223 2045 2564 2137 διάφραγμα,
2592 2063 2653 2116 τὸ
2674 2059 3053 2128 διιστῶνήμᾶς
3076 2052 3312 2108 ἐκεῖθεν.
3345 2052 3600 2103 Δείκνυσι
3624 2045 3704 2105 δὲ.
3733 2045 3811 2097 ὅτι

2223 2163 2284 2216 οὐ
2310 2161 2376 2214 δι’
2412 2156 2715 2227 ἀδυναμίαν
2739 2149 3058 2221 ἐσταυρώθη
3093 2164 3107 2179 ⁸
3133 2149 3164 2201 6
3191 2147 3303 2216 γὰρ
3329 2143 3506 2198 ταῦτα
3555 2139 3810 2210 ποιήσας,

2224 2253 2455 2322 ἠδύνατο
2485 2249 2773 2311 κάκείνους
2789 2243 3080 2317 διαρρῆξαι
3109 2240 3203 2296 καὶ
3249 2239 3532 2308 ἀφανίσαι.
3565 2230 3813 2322 thr/1'36!

2227 2343 2438 2417 μεγάλῃ
2459 2340 2687 2412 κράξας.
2709 2338 2900 2408 ἀφίησι
2923 2338 2982 2388 τὸ
2999 2334 3239 2403 πνεῦμα.
3277 2330 3556 2398 Ἑξουσίαν
3575 2327 3684 2396 γὰρ
3702 2321 3812 2394 εἷχε

2223 2440 2318 2507 τὴν
2338 2435 2516 2506 ψυχὴν
2535 2431 2698 2489 αὐτοῦ
2718 2430 2905 2493 θεῖναι,
2927 2429 3020 2482 καλ⁸
3037 2427 3200 2480 πάλιν
3219 2424 3404 2478 λαϐεῖν
3436 2423 3628 2488 αὐτὴν.
3658 2418 3812 2484 Καὶὴ

2224 2533 2375 2601 φωνὴ
2396 2529 2534 2598 αὓτη
2552 2527 2630 2596 τῷ
2652 2524 2969 2594 κεντυρίωνι
2996 2521 3090 2575 καὶ
3115 2515 3282 2574 τᾶλλα
3299 2517 3558 2585 θαύματα
3577 2513 3813 2572 πίστεως

2223 2623 2494 2694 πρόφασις
2527 2619 2759 2684 ἐγένετο.
2793 2616 2867 2667 Οὐ
2892 2614 2999 2681 γὰρ
3021 2612 3095 2673 ώς
3129 2609 3306 2671 κοινὸς
3334 2606 3646 2675 ἄνθρωπής,
3681 2601 3813 2655 ἀλλὰ

2221 2715 2557 2776 δεσποτικῶς
2589 2709 2922 2778 ἀπέθνησκε.
2965 2708 3072 2759 Καὶ
3102 2701 3430 2771 παραθήκην
3455 2700 3548 2751 τὸν
3581 2696 3811 2749 θάνατον

2223 2808 2539 2874 ὠνόμασεν,
2583 2801 2658 2863 ὡς
2707 2801 2869 2852 πάλιν
2903 2795 3209 2867 ληψόμενος
3241 2792 3341 2862 τὴν
3382 2791 3584 2860 ψυχήν.
3625 2785 3811 2856 Ταύτῃ

2223 2901 2280 2954 δὲ
2333 2902 2397 2969 τῇ
2444 2900 2596 2966 φωνῇ
2648 2898 2712 2966 τῇ
2790 2893 2977 2962 πρώτῃ
3029 2888 3342 2957 ἐλευθερίας
3389 2884 3711 2953 ἠξιώθησαν
3757 2880 3810 2930 αἱ

2220 2992 2390 3062 ψυχαὶ
2442 2988 2624 3060 ἡμῶν,
2675 2989 2774 3040 οὐκ
2808 2986 2885 3038 ἔτι
2919 2982 3013 3037 τοῦ
3061 2978 3312 3034 διαϐόλου
3346 2976 3565 3047 ἔχοντος
3616 2971 3810 3046 [ἰσχὺν

2223 3080 2381 3153 κατ’]
2424 3080 2625 3142 αὐτῶν,
2666 3078 2802 3132 ἀλλὰ
2848 3075 2922 3145 τῷ
2964 3074 3140 3142 Harp!
3177 3069 3655 3140 παρατιθεμένων.
3700 3065 3810 3134 Πρὸ

551 3159 700 3217 Patri
720 3159 1142 3212 commendatus.
1175 3161 1310 3210 Ante
1342 3169 1570 3213 mortem
1602 3159 1746 3212 enim
1770 3156 1972 3214 Christi
2004 3178 2117 3214 ma.

2227 3178 2334 3246 γὰρ
2369 3173 2462 3228 τοῦ
2498 3173 2729 3227 θανάτου
2776 3169 2870 3223 τοῦ
2913 3165 3151 3236 Χριστοῦ
3188 3163 3331 3234 μέγα
3377 3161 3587 3214 δίκαιον
3620 3154 3688 3230 ἦν
3735 3156 3812 3224 τῷ

546 3269 708 3324 gnum
733 3252 820 3318 jus
851 3253 949 3307 fuit
982 3253 1198 3309 diabolo
1235 3256 1286 3306 in
1316 3254 1545 3308 animas.
1571 3256 1609 3307 A
1639 3269 1746 3324 quo
1775 3265 1952 3310 autem
1985 3267 2116 3311 tem-

549 3359 676 3413 pore
709 3344 874 3410 Filius
912 3362 1015 3400 non
1042 3346 1270 3410 inferno,
1292 3348 1384 3401 sed
1417 3348 1656 3417 paternis
1685 3349 1933 3403 manibus
1971 3365 2119 3403 rom-

551 3436 822 3490 mendavit
867 3437 1149 3505 spiritum,
1206 3438 1514 3493 libertatem
1575 3447 1839 3495 assecuta
1877 3451 2003 3497 sunt
2052 3446 2119 3496 ab

548 3525 779 3583 inferno.
807 3525 869 3582 Et
899 3528 1002 3582 hoc
1027 3530 1168 3596 quod
1195 3529 1321 3583 dicit
1348 3529 1636 3592 Dominus,
1666 3549 1683 3582 ι
1719 3529 1950 3598 Quando
1977 3534 2123 3588 exal-

547 3629 686 3674 tatus
718 3619 891 3685 fuero,
932 3622 1140 3676 traham
1179 3623 1244 3678 ad
1281 3639 1365 3678 me
1399 3627 1599 3690 omnia,
1662 3647 1680 3680 ι
1723 3645 1865 3683 nunc
1909 3630 2120 3683 νίιΙι-ιιιι·

545 3725 1001 3769 consummatum.
1064 3714 1346 3772 Exaltatus
1386 3719 1528 3773 enim
1581 3723 1632 3774 in
1698 3737 1897 3783 cruce,
1955 3720 2118 3774 traxit

547 3804 836 3870 latronem,
871 3806 1034 3859 traxit
1066 3809 1460 3863 centurionem.
1497 3808 1884 3866 Percusscruut
1938 3822 2114 3868 autem

547 3906 598 3950 et
623 3906 836 3966 pectora
868 3895 1176 3952 Judmornm
1205 3901 1443 3968 quidam,
1471 3913 1521 3958 et
1546 3907 1900 3961 crucillxores
1926 3922 2119 3977 argue-

549 3987 707 4053 bant,
761 3989 1049 4044 manifeste
1097 3989 1280 4046 Jesunt
1323 3993 1705 4061 justiﬁcantcs.
1755 3997 1823 4053 Et
1869 4001 2120 4070 disvipuli

547 4080 762 4148 quidem
801 4081 1050 4150 fugerunt
1091 4103 1104 4138 :
1139 4084 1391 4141 mulieres
1437 4099 1652 4156 autem,
1698 4093 2118 4146 condemnatum

547 4183 603 4224 et
639 4173 981 4228 maledictum
1016 4192 1185 4247 genus
1207 4219 1222 4244 ,
1270 4192 1591 4248 permanent
1619 4199 1681 4238 ac
1726 4196 1972 4252 spectant
2005 4187 2120 4241 inec

545 4264 750 4330 omnia,
778 4275 830 4318 et
850 4265 1240 4334 justilicatione
1263 4286 1326 4325 ac
1356 4275 1724 4332 benedictione
1749 4279 1836 4332 illa
1867 4279 2118 4334 fruuntur

546 4354 761 4423 primm,
800 4359 942 4413 sicut
969 4370 1020 4418 et
1055 4365 1471 4418 resurrectione.
1517 4364 1595 4421 Tu
1628 4379 1805 4423 autem
1844 4369 2118 4426 admirare

543 4449 837 4504 caecitatem
865 4449 1193 4521 Juda-orum,
1235 4459 1376 4526 quod
1403 4458 1623 4522 dicunt,
1665 4482 1684 4514 ι
1727 4464 2023 4519 Descendat
2053 4470 2118 4523 de

2224 3267 2454 3336 διαϐόλῳ
2490 3265 2630 3320 κατὰ
2674 3263 2784 3315 τῶν
2825 3260 3034 3330 ψυχῶν·
3071 3257 3165 3326 ἀφ’
3200 3249 3262 3309 οἶδ
3295 3255 3352 3319 δὲ
3383 3257 3411 3306 6
3444 3253 3572 3316 Υίδς
3603 3253 3702 3306 οὐκ
3733 3252 3809 3313 είς

2225 3362 2315 3414 τὸν
2347 3361 2502 3431 ᾅδην,
2532 3356 2646 3410 ἀλλ’
2672 3356 2751 3416 είς
2781 3357 2877 3416 τὰς
2909 3349 3182 3420 πατρικὰς
3215 3351 3402 3419 χεῖρας
3434 3346 3717 3415 παρέθηκε
3747 3345 3809 3395 τὸ

2229 3454 2465 3524 πνεῦμα,
2517 3449 2829 3518 ἐλευθερίας
2881 3447 3071 3516 ἔτυχον
3119 3445 3168 3496 ot
3221 3441 3281 3507 ἐξ
3318 3440 3472 3513 ᾅδου.
3537 3440 3721 3509 Ὅπερ
3751 3436 3808 3490 δί

2226 3542 2378 3600 εἶπεν
2418 3546 2445 3596 6
2487 3543 2718 3612 Κύριος,
2755 3543 2835 3592 ὅτι
2875 3559 2892 3591 ι
2932 3539 3103 3591 Ὅταν
3131 3535 3348 3605 ὑψωθῶ,
3384 3533 3562 3587 πάντα
3600 3530 3812 3584 ἑλκύσω

2226 3639 2362 3708 πρὸς
2394 3635 2650 3705 ἐμαυτὸν,
2689 3652 2706 3683 ι
2744 3632 2837 3684 νῦν
2867 3631 3061 3698 ὁρᾶται
3091 3625 3360 3680 τελεσθέν.
3403 3623 3676 3694 Ὑψωθεὶς
3704 3623 3810 3691 γὰρ

2225 3731 2318 3784 ἐττί
2342 3726 2600 3799 σταυροῦ,
2629 3722 2844 3777 εἵλκυσε
2868 3720 3092 3792 λῃστὴν,
3120 3717 3366 3772 εἵλκυσεν
3387 3717 3806 3788 ἑκατόνταρχον,

2229 3819 2500 3872 Ἐτυπτον
2533 3815 2587 3867 δὲ
2622 3817 2714 3867 καὶ
2752 3814 2818 3866 τὰ
2848 3811 3022 3883 στήθη
3051 3809 3157 3863 τῶν
3198 3809 3470 3862 Ἰουδαίων
3502 3809 3648 3870 τινὲς
3671 3848 3686 3869 ,
3716 3809 3809 3861 καὶ

2225 3913 2336 3974 τοῖς
2376 3908 2712 3977 σταυρωταῖς
2751 3906 3212 3975 ἐπιμεμφόμενοι,
3244 3902 3533 3972 προδήλως
3573 3902 3667 3954 τὸν
3708 3901 3810 3970 Ίηο

2229 4003 2354 4058 σοῦν
2386 4001 2674 4060 ἐδικαίουν.
2708 4000 2768 4051 υἱ
2809 3997 2907 4068 μὲν
2939 3994 3032 4051 οὖν
3069 3996 3312 4067 μαθηταὶ
3351 3994 3552 4065 ἔφυγον
3573 4011 3586 4026 ·
3621 3995 3681 4047 at
3709 4011 3810 4062 γυ·

2231 4098 2414 4158 ναῖκες
2443 4095 2519 4157 δέ,
2544 4095 2602 4146 τὸ
2633 4092 2965 4148 κατάκριτον
2989 4091 3140 4160 γένος
3172 4092 3266 4144 καὶ
3300 4090 3598 4162 ἐπάρατον,
3633 4106 3811 4159 παραο

2231 4187 2475 4258 μένουσι,
2503 4187 2595 4238 καὶ
2622 4183 2888 4254 θεωροῦσι
2912 4183 3084 4237 ταῦτα
3109 4184 3307 4250 πάντα,
3327 4183 3544 4254 καὶτῆς
3560 4182 3810 4238 ἐντεῦθεν

2224 4281 2559 4343 δικαιώσεως
2586 4280 2679 4334 καὶ
2711 4280 2960 4347 εὐλογίας
2989 4279 3324 4334 ἀπολαύουσι
3353 4279 3589 4350 πρῶται,
3621 4279 3810 4350 ὥσπερ

2223 4369 2316 4426 οὖν
2361 4372 2585 4440 καὶτῆς
2636 4372 3009 4434 ἀναστάσεως.
3063 4371 3136 4423 Σὺ
3176 4372 3231 4424 δέ
3271 4390 3360 4442 μοι
3403 4371 3661 4441 θαύμαζε
3712 4375 3810 4440 τὴν

2227 4464 2485 4532 πώρωσιν
2516 4463 2623 4515 τῶν
2670 4464 2958 4518 Ἰουδαίων.
2992 4465 3055 4518 Oi
3089 4466 3193 4536 γὰρ
3225 4466 3501 4534 λέγοντες,
3530 4467 3614 4519 ὅτι
3643 4487 3661 4516 ι
3697 4468 3810 4522 Κα-

541 4557 736 4609 cruce,
766 4551 820 4598 et
846 4545 1128 4600 credrnms
1162 4549 1212 4601 in
1240 4564 1360 4602 eum
1399 4571 1411 4606 :
1445 4575 1465 4604 ι
1506 4568 1626 4608 cum
1660 4555 1792 4612 visis
1822 4557 2120 4627 majoribus

2227 4559 2446 4612 ταδάτω
2480 4557 2588 4611 ἀπὸ
2624 4556 2717 4610 τοῦ
2749 4558 3006 4628 σταυροῦ,
3039 4561 3134 4612 καὶ
3171 4561 3538 4630 πιστεύσομεν
3574 4561 3748 4634 αὐτῷ,
3783 4580 3800 4612 ι

542 4651 647 4690 non
678 4639 920 4695 credant.
958 4637 1092 4694 Num
1123 4643 1266 4695 enim
1298 4645 1505 4712 aquale
1542 4660 1644 4712 est,
1679 4651 2024 4706 descendisse
2054 4652 2118 4707 de

540 4742 732 4792 cruce,
765 4739 819 4784 et
865 4732 1206 4787 ohtenehrari
1239 4736 1406 4789 solem
1428 4776 1443 4799 ,
1478 4750 1655 4808 petras
1687 4743 1890 4812 rumpi,
1929 4753 2114 4799 terra?-

545 4832 746 4875 motum
777 4822 1092 4878 horribilem
1131 4826 1274 4891 ﬁeri,
1312 4839 1555 4886 mortuos
1583 4848 1888 4903 resurgere,
1937 4837 2110 4892 velum

542 4913 738 4978 scindi,
770 4926 822 4968 et
854 4917 1160 4973 universam
1191 4933 1495 4979 creaturam
1527 4925 1781 4982 alterari?
1825 4930 1976 4986 Unde
2009 4949 2113 4988 non

540 5015 621 5060 est
653 5006 796 5075 quod
832 5010 953 5076 quis
985 5012 1189 5067 dubitet
1224 5030 1394 5083 quare
1432 5033 1534 5071 non
1572 5019 1931 5078 descenderit.
1972 5026 2117 5080 Satis

540 5098 682 5152 enim
716 5099 916 5156 habeat
943 5116 1172 5173 certum,
1204 5110 1344 5176 quod
1381 5109 1503 5165 licet
1534 5113 1694 5166 etiam
1727 5115 1827 5169 hoc
1864 5114 2113 5178 fecisset,

544 5201 718 5257 neque
771 5201 902 5247 tunc
951 5197 1336 5264 credidissent,
1385 5211 1437 5256 et
1488 5204 1620 5258 nihil
1667 5205 1812 5258 aliud
1865 5217 2115 5262 secutum

546 5281 764 5348 fuisset,
819 5301 982 5356 quam
1032 5291 1402 5348 abbreviatam
1446 5295 1677 5350 saluth
1730 5312 1826 5368 per
1871 5314 2112 5357 crucem.

541 5371 685 5427 Crux
714 5377 856 5433 enim
892 5378 1032 5434 inter
1065 5383 1244 5436 omnia
1310 5386 1544 5440 maxima
1577 5388 1744 5458 gloria
1776 5389 1979 5446 Christi
2010 5403 2111 5448 est.

542 5465 709 5536 lgitur
741 5470 831 5535 qui
861 5469 987 5526 fecit
1023 5473 1254 5544 majora,
1278 5491 1399 5531 cum
1435 5493 1538 5532 non
1568 5482 1853 5537 crederent
1881 5483 1978 5550 illi,
2009 5485 2114 5542 duo

537 5560 804 5630 praecipua
834 5576 1084 5631 operatus
1108 5578 1188 5623 est
1218 5587 1230 5623 :
1259 5582 1313 5624 et
1342 5588 1596 5642 magnum
1621 5577 1800 5634 crucis
1855 5588 2112 5650 tropaum

542 5664 711 5722 usque
738 5657 804 5707 ad
832 5657 989 5711 tinem
1017 5663 1295 5730 sustinuit,
1329 5665 1523 5723 etillos
1547 5667 1844 5726 declaravit
1877 5671 2114 5743 ingratos

610 5834 656 5870 δ’
683 5833 823 5893 Paul.
854 5853 978 5906 xxx,
1007 5843 1056 5896 6.

2226 4649 2295 4702 τὰ
2331 4649 2499 4718 μείζω
2546 4650 2778 4714 ίδόντες,
2811 4651 2872 4702 ού
2924 4650 3299 4704 πιστεύουσιν.
3336 4653 3414 4704 Οὐ
3449 4655 3561 4722 γὰρ
3592 4648 3713 4708 ἴσον
3744 4649 3806 4724 ἦν

2226 4742 2530 4813 καταϐῆναι
2572 4742 2679 4795 ἀπὸ
2730 4741 2824 4795 τοῦ
2879 4742 3139 4813 σταυροῦ,
3195 4745 3290 4796 καὶ
3334 4745 3583 4799 σκοτίσαι
3637 4747 3802 4818 ἥλιον,

2225 4834 2432 4905 πέτρας
2464 4832 2623 4903 ῥῆξαι
2648 4873 2661 4897 ,
2698 4834 2921 4903 σεισμὸν
2967 4834 3199 4906 φοόερδν
3241 4837 3538 4898 ἐπισεῖσαι,
3585 4840 3803 4906 νεκροίες

2223 4926 2548 4996 ἀναστῆσαι,
2574 4927 2972 4998 καταπέτασμα
2997 4929 3202 5003 σχίσαι,
3231 4930 3324 4982 καὶ
3353 4927 3484 4996 ὃλην
3514 4929 3616 4999 τὴν
3637 4929 3807 4981 κτίσιν

2224 5021 2556 5085 motam;
2593 5021 2752 5073 Ὥστε
2779 5021 2967 5092 μηδεὶς
2996 5020 3076 5074 ἔτι
3105 5021 3382 5094 ἀπορείτω
3412 5022 3559 5075 διατί
3593 5023 3655 5076 οὐ
3682 5039 3804 5075 κατ-

2221 5113 2342 5183 έϐη,
2377 5113 2513 5166 ἀλλὰ
2542 5113 2891 5184 ἀπεριέργως
2919 5114 3161 5185 δεχέσθω
3216 5115 3412 5182 ταῦτα,
3436 5115 3807 5188 λογιζόμενος,

2217 5209 2299 5263 ὅτι
2335 5210 2382 5262 εί
2415 5208 2694 5262 καὶτοῦτο
2744 5207 3030 5278 ἐποίησεν,
3075 5209 3186 5262 οὐδ’
3227 5208 3402 5273 οὕτως
3456 5210 3804 5265 ἐπίστευσαν·

2218 5302 2313 5355 καὶ
2342 5301 2495 5356 οὐδὲν
2522 5300 2672 5366 ἄλλο,
2716 5301 2748 5366 ἢ
2785 5301 2817 5373 ἡ
2849 5302 2935 5355 διὰ
2982 5301 3077 5355 τοῦ
3115 5301 3351 5374 σταυροῦ
3405 5304 3658 5375 σωτηρία
3691 5305 3805 5356 ἐκο-

2221 5394 2464 5451 λοδοῦτο.
2541 5395 2600 5449 '0
2649 5395 2759 5467 γὰρ
2805 5396 3038 5466 σταυρός
3083 5395 3210 5464 δόξα
3256 5396 3523 5468 Χριστοῦ,
3579 5399 3801 5469 μάλιστα

2224 5489 2461 5544 πάντων.
2498 5490 2736 5561 Ποιήσας
2776 5488 2869 5543 οὖν
2902 5489 2970 5541 τὰ
3022 5488 3226 5559 μείζω,
3283 5489 3357 5562 μὴ
3396 5491 3800 5546 πιστευσάντω.

2224 5583 2473 5647 ἐκείνων,
2519 5583 2612 5638 δύο
2644 5585 2704 5638 ἐν
2742 5582 2924 5654 ταυτῷ
2958 5583 3292 5655 κατώρθωσε
3314 5627 3328 5650 ,
3362 5583 3458 5639 τόν
3485 5601 3546 5638 τε
3582 5583 3807 5655 σταυρδν

2225 5675 2353 5746 ἄχρι
2381 5676 2584 5742 τέλους,
2623 5676 2680 5729 τὸ
2710 5677 2852 5746 μέγα
2876 5675 3154 5746 τρόπαιον,
3190 5673 3456 5746 ὑπέμεινέ
3484 5693 3542 5729 τε
3577 5678 3671 5732 καὶ
3694 5676 3806 5733 ἁνε-
