4046 6532
235 404 368 464 1ἑί1)

882 403 1328 464 ENARRATIO
1366 403 1445 463 ΙΝ
1486 400 1734 461 EVANG
1751 402 1840 460 ΕΙ.

1961 400 1994 458 il
2029 398 2267 461 LUC.E.
2294 423 2364 434 -
2399 399 2560 457 CAP.
2607 396 2818 458 XXIV.

3412 390 3554 459 1110

227 513 448 575 δέξατοο
482 514 780 577 κάκείνους
814 514 1016 579 ἔδειξεν
1057 512 1386 583 ἀγνώμονας
1410 513 1477 566 τὰ
1504 511 1703 578 πάντα,
1739 512 1833 564 καὶ

1961 553 2065 593 esse
2102 550 2200 606 per
2228 535 2436 599 omnia,
2471 543 2525 589 et
2556 533 2689 588 nihil
2736 533 2863 588 boni
2900 531 3128 596 habere,
3163 530 3258 586 sed
3293 530 3553 586 incredu-

231 606 402 676 μηδὲν
445 606 652 674 ἀγαθὸν
697 607 942 677 ἔχοντας,
975 605 1110 661 ἀλλὰ
1145 606 1478 680 τῇιάπιστία
1517 622 1835 675 συγκεκρα-

232 699 454 770 μένους.

311 816 328 846 ι
379 795 488 847 Καὶ
521 793 629 847 ίδοὺ
656 793 798 864 ἀνὴρ
822 792 1049 866 ὀνόματι
1091 794 1309 864 Ἰωσὴφ.
1337 793 1629 866 βουλευτὴς
1661 793 1838 864 ὑπάρ-

233 903 369 956 χων,
404 885 546 955 ἀνὴρ
581 873 787 954 ἀγαθοῖς
812 886 906 938 καὶ
936 885 1148 948 δίκαιος
1179 878 1372 956 (οὗτος
1403 887 1504 938 οὐκ
1529 881 1597 956 ῆν
1628 901 1836 952 συγκα-

232 976 620 1046 τατεθειμὲνος
650 983 718 1050 τῇ
771 978 932 1048 βουλῇ
969 978 1064 1031 καὶ
1101 981 1168 1048 τῇ
1196 977 1389 1049 πράξει
1423 978 1681 1046 αὐτῶν),
1727 977 1839 1031 ἀπὸ

247 1069 614 1138 Ἀριμαθαίας
652 1071 860 1134 πόλεως
893 1070 1004 1124 τῶν
1047 1071 1342 1135 Ἰουδαίων,
1378 1071 1435 1135 ὃς
1477 1070 1839 1142 προαεδὲχετο

234 1162 336 1212 καὶ
356 1161 520 1225 αὐτὸς
537 1164 636 1232 τὴν
655 1162 934 1232 βασιλείαν
951 1163 1045 1216 τοῦ
1065 1163 1220 1217 Θεοῦ.
1242 1159 1409 1228 Οὗτος
1431 1163 1748 1234 προσελθὼν
1763 1161 1839 1232 τῷ

237 1252 483 1325 Ιιιλὰτῳ,
519 1255 763 1324 ᾐτήσατο
795 1255 855 1308 τὸ
887 1254 1050 1325 σῶμα
1081 1256 1177 1309 τοῦ
1217 1257 1417 1328 Ἰησοῦ,
1459 1255 1554 1308 καὶ
1587 1255 1839 1309 καθελὼν

239 1343 411 1409 αὐτὸ,
445 1344 749 1410 ἐνετύλιξεν
796 1345 930 1398 αὐτὸ
961 1346 1202 1412 σινδόνι,
1247 1347 1341 1400 καὶ
1386 1347 1584 1417 ἔθηκεν
1617 1345 1748 1400 αὐτὸ
1782 1347 1840 1398 ὲν

243 1434 502 1506 μνημείῳ
532 1435 799 1508 λαξευτῷ,
819 1431 880 1492 οὗ
904 1438 1005 1491 οὐκ
1035 1433 1103 1508 ἦν
1125 1439 1340 1492 οὐδέπω
1363 1440 1538 1502 οὐδεὶς
1559 1440 1836 1511 κείμενος.

239 1526 357 1580 Καὶ
386 1526 572 1607 ⁴ιἰμιίρα
593 1523 661 1602 ἢν
693 1529 1050 1600 Παρασκευὴ,
1079 1530 1175 1585 καὶ
1209 1531 1490 1586 Σάῆὄατον
1523 1533 1838 1602 ὲπέφωσκε.

241 1618 815 1691 Κατακολουθήσασαι
858 1621 914 1675 δὲ
946 1626 1228 1691 γυναῖκες,
1276 1624 1480 1688 αἵτινες
1510 1621 1653 1696 ἦσαν
1690 1643 1843 1678 συνε-

241 1711 532 1781 ληλυθυῖαι
583 1715 734 1786 αύτῷ
781 1717 846 1770 ἐκ
904 1717 1004 1788 τῆς
1056 1717 1376 1786 Γαλιλαίας,
1432 1721 1732 1775 ἐθεάσαντο
1781 1721 1844 1774 τὸ

245 1805 462 1875 μνῆμα,
513 1806 608 1860 καὶ
649 1807 724 1871 ώς
773 1807 933 1880 ἐτέθη
988 1809 1052 1864 τὸ
1096 1811 1259 1882 σῶμα
1297 1812 1488 1867 αὑτοῦ.
1541 1813 1844 1883 Ὑποστρέ-

241 1894 418 1964 ψασαι
447 1897 501 1951 δὲ
532 1899 836 1970 ἡτοίμασαν
871 1901 1141 1974 ἀρώματα
1175 1904 1267 1958 καὶ
1303 1905 1472 1976 μύρα.
1506 1906 1618 1960 Καὶ
1652 1907 1712 1960 τὸ
1745 1907 1844 1977 μὲν

245 1987 530 2043 Σάὸὄατον
581 1991 869 2061 ἡσύχασαν
921 1995 1065 2049 κατά
1117 1996 1214 2066 τὴν
1257 1997 1516 2067 ἐντολήν.
1569 2014 1588 2048 ι
1643 1997 1706 2050 Et
1753 1999 1848 2051 καὶ

246 2082 442 2153 πρώην
468 2085 849 2156 κρυπτόμενος
875 2082 943 2156 ἦν
982 2088 1206 2159 Ἰωσὴφ,
1236 2089 1353 2142 ἀλλ’
1375 2085 1470 2142 οὖν
1498 2089 1593 2143 νῦν
1617 2092 1850 2162 πρᾶγμα

243 2173 569 2238 ἀξιέπαινον
625 2182 798 2245 ποιεῖ,
850 2181 1026 2234 καίτοι
1078 2180 1376 2253 βουλευτὴς
1429 2183 1701 2256 ὑπάρχων
1755 2184 1850 2238 καὶ

245 2267 528 2334 πλούσιος,
566 2271 663 2324 καὶ
701 2272 876 2344 τολμᾷ
908 2273 1142 2344 ζητῆσαι
1189 2277 1350 2346 σῶμα
1400 2276 1726 2348 ἀνθρώπου,
1775 2279 1849 2342 ὡς

244 2359 524 2431 άντάρτου
563 2364 656 2416 καὶ
688 2365 1017 2419 στασιαστοῦ
1063 2369 1498 2439 σταυρωθέντος,
1531 2371 1627 2423 καὶ
1656 2371 1851 2424 οὐδένα

245 2452 495 2507 κίνδυνον
532 2456 914 2525 ὑπελογίσατό.
954 2461 1147 2514 Καίτοι
1175 2461 1347 2517 δειλὸν
1376 2466 1401 2516 ὁ
1436 2463 1688 2531 πλοῦτος,
1715 2464 1852 2518 ἀλλὰ

246 2545 349 2599 καὶ
392 2549 667 2612 αἰτεῖται,
692 2552 788 2604 καὶ
835 2553 1072 2622 ἐντίμως
1108 2553 1328 2618 θάπτει,
1364 2557 1459 2610 καὶ
1499 2559 1556 2609 ὲν
1596 2559 1852 2628 μνημείῳ

243 2637 527 2712 λαξευτῷ,
562 2640 691 2695 ἔνθα
722 2635 898 2708 οὐδεὶς
925 2646 1083 2710 ἄλλος
1112 2647 1423 2702 κατέκειτο’
1460 2651 1546 2703 ἴνα
1583 2651 1658 2722 μὴ
1685 2653 1853 2706 εῐπωο

248 2747 339 2784 σιν
369 2734 416 2786 οί
450 2739 811 2805 συκοφάνται,
864 2741 945 2792 ὅτι
988 2741 1179 2811 ἕτερον
1228 2743 1387 2813 σῶμα
1417 2744 1640 2816 ἀνέστη.
1687 2748 1754 2800 Al
1796 2746 1854 2800 δὲ

248 2827 539 2893 γυναῖκες,
575 2830 623 2881 εί
655 2829 750 2882 καὶ
787 2831 971 2884 πίστιν
1001 2827 1148 2903 εἶχον
1185 2834 1319 2904 πρὸς
1351 2835 1444 2888 τὸν
1473 2835 1699 2906 Κύριον,
1736 2837 1854 2891 ἀλλ’

248 2919 354 2989 οὐχ
407 2921 527 2974 οἵαν
567 2922 707 2986 ἔδει,
761 2925 877 2978 ἀλλ’
917 2927 1121 2996 ἀσθενῆ
1162 2929 1258 2980 καὶ
1313 2930 1539 3000 μικράν.
1606 2930 1691 2994 ⁰Ω;
1748 2933 1854 3003 γὰρ

247 3011 411 3080 ψιλὸν
458 3013 747 3087 ἄνθρωπον
788 3021 1144 3090 νομίζουσαι,
1181 3025 1330 3097 μύρα
1363 3042 1418 3077 τε
1465 3025 1556 3078 καὶ
1586 3024 1856 3095 ἀρώματα

250 3108 629 3179 ἑτοιμάζουσι,
666 3114 808 3168 κατὰ
841 3116 903 3168 τὸ
928 3119 1214 3188 κρατῆσαν
1249 3120 1370 3182 ἔθος
1393 3118 1542 3187 παρά
1576 3119 1856 3182 Ἰουδαίοις

1945 633 2098 686 litate
2133 630 2488 685 fermentatus
2519 638 2571 683 et
2603 626 2870 698 perditos.

2014 815 2183 871 Vens.
2215 814 2409 872 50-56.
2447 831 2464 866 ι
2509 813 2574 869 Et
2603 827 2754 880 ecce,
2793 812 2876 866 vir
2909 811 3130 867 nomine
3147 808 3558 880 Joseph,decu-

1946 912 2062 976 rio,
2097 910 2187 980 qui
2224 920 2345 965 eral.
2378 909 2461 963 vir
2490 909 2669 964 bonus
2700 923 2766 963 ac
2809 908 3011 979 justus,
3058 902 3154 964 tie
3180 920 3285 959 non
3319 919 3554 959 consen-

1943 1013 2094 1059 serat
2135 1001 2365 1057 consilio
2395 1015 2459 1055 ac
2487 999 2632 1055 facto
2671 1014 2887 1062 eorum.
2937 999 3208 1053 oriundus
3241 997 3309 1050 ab
3339 996 3558 1050 Ariara-

1948 1097 2085 1152 thaaa
2121 1096 2344 1151 civitate
2365 1094 2702 1160 Jndaorum,
2738 1093 2827 1163 qui
2860 1093 3222 1162 exspectabat
3253 1101 3306 1145 et
3336 1092 3452 1161 ipse
3472 1104 3559 1146 rc-

1946 1205 2111 1259 gnnm
2162 1188 2279 1242 Dei.
2326 1187 2424 1243 llic
2463 1188 2697 1243 accessit
2746 1188 2813 1242 ad
2856 1187 3127 1250 Pilatum,
3171 1197 3226 1240 et
3263 1186 3558 1256 postulavit

1947 1295 2148 1349 corpus
2206 1278 2357 1346 Jesu,
2387 1291 2442 1334 et
2473 1279 2786 1348 depositum
2820 1277 3049 1332 involvit
3085 1277 3340 1340 sindone,
3377 1285 3431 1329 et
3463 1293 3559 1345 p0-

1946 1374 2058 1428 suit
2091 1372 2220 1427 illud
2254 1372 2307 1426 in
2344 1379 2726 1438 monumento,
2763 1373 2908 1440 quod
2939 1381 3054 1426 erat
3093 1370 3146 1424 in
3198 1369 3375 1438 lapide
3409 1369 3560 1422 exci-

1947 1482 2068 1521 sum
2117 1465 2172 1518 in
2211 1481 2318 1533 quo
2365 1465 2607 1518 nondum
2642 1461 2934 1532 quisquam
2983 1462 3195 1532 positus
3239 1459 3442 1516 fuerat.
3496 1459 3561 1512 Et

1947 1559 2064 1615 dies
2093 1568 2209 1614 erat
2240 1558 2563 1622 Parasceve,
2599 1567 2649 1611 et
2673 1556 2972 1611 Sabbatum
3005 1555 3383 1610 illucescebat.
3414 1552 3559 1607 Suhv

1947 1665 2152 1708 secuta:
2184 1663 2366 1707 autem
2417 1650 2710 1716 mulieres,
2744 1664 2864 1718 quae
2912 1664 3035 1704 cum
3084 1663 3150 1702 eo
3196 1655 3460 1701 venerant
3495 1645 3563 1698 de

1948 1747 2194 1819 Galilgea,
2229 1747 2489 1802 viderunt
2525 1755 2970 1807 monumentum,
3007 1752 3062 1798 et
3094 1739 3560 1812 quemadmodum

1950 1837 2186 1906 positum
2213 1843 2336 1890 erat
2365 1850 2564 1904 corpus
2596 1832 2736 1903 ejus.
2773 1833 3032 1887 Reversus
3064 1844 3198 1884 vero
3228 1835 3565 1898 paraverunt

1949 1938 2196 1984 aromata
2232 1939 2287 1985 et
2332 1939 2642 1999 unguenta,
2682 1943 2746 1982 ac
2780 1926 3012 1982 sabbato
3060 1924 3282 1994 quidem
3333 1920 3562 1993 quieve-

1952 2023 2077 2078 runt
2112 2020 2410 2077 secundum
2445 2027 2800 2091 praeceptum.
2840 2038 2858 2071 ι
2893 2015 3094 2085 Joseph
3131 2013 3348 2068 tametsi
3384 2009 3563 2080 primo

1951 2115 2212 2180 latuerit,
2267 2129 2381 2168 rem
2446 2122 2630 2167 tamen
2704 2110 2866 2166 laude
2917 2110 3136 2179 dignam
3195 2119 3342 2160 nunc
3396 2102 3562 2162 facit,

1952 2207 2205 2275 quamvis
2232 2205 2588 2262 consiliarius
2615 2211 2761 2258 esset
2795 2218 2858 2258 ac
2890 2201 3065 2266 dives,
3100 2208 3156 2254 et
3181 2196 3345 2252 audet
3377 2203 3567 2266 petere

1940 2314 2156 2369 corpus
2194 2297 2439 2352 hominis
2478 2296 2729 2352 crucillxi
2772 2293 2931 2365 quasi
2982 2288 3281 2362 perduellis
3322 2296 3378 2344 et
3415 2287 3564 2344 sedi-

1953 2391 2099 2454 tiosi,
2145 2389 2313 2463 59o
2359 2388 2680 2455 nullumque
2723 2386 3027 2456 periculum
3059 2383 3398 2454 suspicatur,
3439 2379 3569 2435 licet

1953 2482 2256 2554 periculum
2276 2491 2428 2536 esset
2449 2480 2764 2536 divitiarum
2790 2497 2802 2534 :
2825 2478 2919 2534 sed
2941 2485 2994 2531 et
3013 2475 3168 2544 petit,
3189 2484 3246 2530 et
3265 2473 3568 2529 honoriﬁce

1953 2577 2186 2646 sepelit,
2234 2584 2290 2630 et
2342 2575 2395 2630 in
2435 2581 2796 2629 monumento
2845 2571 3033 2627 exciso
3073 2570 3164 2625 ubi
3208 2568 3392 2624 nullus
3427 2566 3570 2620 alius

1951 2671 2224 2742 iacuerat,
2252 2679 2399 2723 utne
2429 2666 2619 2722 dicant
2644 2665 3000 2738 sycophanta:
3021 2662 3167 2734 quod
3190 2661 3337 2715 aliud
3367 2676 3569 2730 corpus

1956 2765 2287 2821 surrexerit.
2314 2761 2569 2816 Mulieres
2598 2769 2783 2815 autem
2810 2758 2914 2814 etsi
2939 2757 3102 2813 fidem
3135 2754 3415 2810 habebant
3437 2766 3566 2822 erga

1959 2858 2285 2922 Dominum,
2318 2872 2426 2910 non
2496 2863 2683 2909 tamen
2733 2852 2950 2924 qualem
2988 2849 3314 2922 oportebat,
3354 2847 3450 2903 sed
3480 2847 3569 2900 in-

1966 2953 2179 3006 ﬁrmam
2217 2964 2282 3004 ac
2329 2962 2584 3020 parvam.
2627 2945 2915 3022 Habebant
2949 2944 3094 3000 enim
3128 2957 3257 2997 eum
3288 2955 3402 3012 pro
3434 2954 3571 3008 puro

1960 3043 2205 3102 homine.
2242 3042 2386 3095 unde
2419 3049 2474 3094 et
2520 3045 2768 3093 aromata
2800 3045 2855 3091 et
2891 3043 3168 3108 unguenta
3202 3043 3569 3104 paraverant,

1955 3135 2109 3206 juxta
2169 3145 2408 3189 veterem
2473 3129 2788 3186 Iudaeorum
2838 3126 3298 3183 consuetudinem
3349 3138 3572 3194 semper

253 3202 479 3264 πάντως
511 3204 604 3255 ἐπὶ
637 3207 746 3269 τοῖς
779 3212 1014 3279 νεκροῖς.
1050 3211 1158 3264 Kal.
1188 3210 1246 3264 τὸ
1277 3211 1380 3279 μὲν
1418 3210 1696 3264 Σαϐϐαῖον
1726 3214 1852 3282 ἠσυ-

1961 3202 2309 3283 obscrvalam
2334 3227 2400 3279 de
2425 3221 2652 3277 mortuis
2682 3220 2971 3292 ungendis.
3001 3220 3067 3273 Et
3093 3218 3323 3273 sabbato
3348 3216 3568 3287 quidem

253 3293 510 3363 χάζουσι,
545 3298 686 3351 κατά
717 3297 814 3370 τὴν
842 3300 937 3354 τοῦ
970 3301 1139 3373 νόμου
1175 3303 1418 3374 ἐντολήν.

829 3415 1087 3470 ΚΕΦΑΛ.
1153 3416 1280 3472 KA'.

255 3524 404 3605 Hegi
455 3525 1074 3605 τῶν-σκοπουμένων
1115 3535 1226 3589 τὸν
1282 3535 1477 3605 τάφον
1530 3535 1856 3605 γυναικῶν.

327 3598 470 3677 Ι-ζερί
507 3599 614 3677 τοῦ
645 3598 884 3677 ,Πέτρου
919 3598 1426 3677 ’τρέχοντοςίπρῦς
1477 3598 1586 3660 τόν
1639 3607 1857 3677 τάφον.

331 3667 1069 3748 Περὶβλεόρταίηερὶτοῧ
1115 3667 1417 3746 όφθένξοέ
1445 3677 1673 3745 Ἰησοῦ.
1714 3667 1857 3747 Περὶ

329 3739 439 3807 τῆς
470 3739 827 3808 ἀναϐάσεως
847 3739 934 3810 εἷς
964 3745 1076 3799 τὸν
1105 3739 1388 3816 οὖρανόν.

337 3865 356 3900 ι
395 3849 474 3921 Τῇ
507 3848 565 3903 δὲ
599 3853 700 3923 μιᾷ
735 3853 844 3906 τῶν
882 3855 1182 3910 Σασδάτων
1221 3857 1420 3929 ὄρθρου
1465 3858 1658 3930 βαθέος
1694 3856 1860 3932 ἦλθον

258 3941 358 3995 ἐπὶ
379 3942 440 3995 τδ
471 3944 684 4015 μνῆμα,
717 3948 985 4018 φέρουσαι
1017 3949 1051 4003 ἀ
1088 3952 1401 4020 ἡτοίμασαν
1433 3951 1729 4024 ἀρώματα,
1765 3956 1860 4009 καί

254 4051 408 4099 τινες
430 4036 529 4091 σὺν
549 4036 764 4102 αὐταῖς.
793 4035 965 4111 Εὗρον
986 4041 1043 4094 δὲ
1066 4043 1157 4095 τὸν
1181 4043 1327 4096 λίθον
1352 4044 1860 4116 ἀποκεκυλισμένον

256 4126 373 4181 ἁπδ
419 4127 515 4181 τοῦ
567 4130 859 4200 μνημείοψ
906 4132 1002 4186 καὶ
1051 4133 1423 4203 είσελθοῦσαι,
1471 4136 1571 4207 οὐχ
1607 4132 1766 4208 εὗρον
1801 4139 1862 4192 τὸ

259 4216 429 4288 σῶμα
453 4217 548 4272 τοῦ
581 4220 788 4290 Κυρίου
827 4219 1026 4294 Ἰησοῦ.
1067 4224 1177 4277 Καὶ
1214 4225 1439 4294 ἐγένετο
1469 4228 1526 4282 ὲν
1555 4226 1633 4298 τῷ
1664 4228 1858 4283 διαπο-

262 4311 483 4383 ρεῖσθαι
514 4312 688 4376 αὐτὲις
714 4315 844 4387 περὶ
881 4316 1094 4382 τούτου,
1130 4320 1225 4372 καὶ
1252 4319 1360 4373 ιδοὺ
1385 4320 1583 4392 ἄνδρες
1611 4319 1705 4374 δύο
1731 4323 1862 4377 sne-

257 4419 470 4475 στησαν
487 4405 706 4472 αὐταῖς,
730 4409 788 4460 ὲν
815 4401 1040 4481 ἐσθῆσιν
1064 4411 1532 4480 ἀστραπτούσαις.
1569 4416 1863 4487 Ἐμφόϐων

253 4495 317 4553 δὲ
343 4499 654 4568 γενομένων
685 4501 886 4568 αὐτῶν,
917 4504 1012 4557 καὶ
1045 4505 1343 4559 κλινουσῶν
1366 4508 1426 4560 τὸ
1458 4508 1752 4578 πρόσωπον
1783 4515 1862 4575 είς

1961 3322 2292 3393 quieverunt
2314 3317 2466 3389 juxta
2497 3316 2817 3368 mandatum
2849 3312 3002 3380 legis.

2518 3425 2752 3484 CAPUT
2811 3422 3008 3480 XXIV.

1966 3550 2040 3605 De
2073 3544 2416 3602 invisentibus
2449 3544 2751 3611 sepulcrum
2813 3539 3166 3611 mulieribus:
3205 3536 3280 3592 De
3309 3535 3468 3592 Petro
3500 3538 3570 3591 ad
3642 3521 3651 3530 ’

2032 3626 2434 3673 monumentum
2469 3608 2736 3667 currente.
2770 3611 2843 3665 De
2875 3610 3095 3679 Cleopa.
3129 3608 3206 3664 De
3232 3611 3572 3678 apparitione

2034 3692 2182 3746 Jesu.
2213 3688 2287 3742 De
2322 3685 2627 3740 ascensione
2659 3683 2714 3737 in
2743 3681 2960 3737 caelum.

2033 3867 2200 3923 Vsus.
2232 3863 2387 3920 1-12.
2432 3880 2450 3912 ι
2496 3861 2616 3917 Una
2664 3869 2844 3915 autem
2880 3856 3268 3923 Sabbatorum,
3305 3855 3575 3927 profundo

1964 3958 2346 4030 ercspusculo,
2398 3963 2669 4010 venerunt
2697 3952 2763 4005 ad
2800 3960 3241 4016 monumentum,
3287 3957 3572 4020 portantes

1965 4068 2084 4123 quae
2119 4055 2447 4120 paraverant
2497 4053 2777 4108 aromata,
2828 4050 2883 4096 ct
2932 4040 3205 4096 nonnullae
3269 4039 3571 4095 cum‘illis.

1966 4142 2314 4211 Repererunt
2336 4146 2517 4192 autem
2541 4134 2773 4204 lapidem
2796 4133 3106 4188 revolutum
3122 4151 3150 4186 a
3176 4142 3534 4188 monumento
3555 4149 3571 4188 :

1964 4243 2019 4288 et
2053 4234 2338 4301 ingressae,
2387 4243 2494 4283 non
2535 4229 2869 4280 invenerunt
2916 4239 3118 4293 corpus
3163 4223 3378 4280 Domini
3411 4221 3569 4279 Jesu.

1965 4326 2031 4380 Et
2067 4325 2270 4379 factum
2313 4333 2419 4388 est,
2469 4319 2598 4374 dum
2644 4327 2824 4374 mente
2861 4328 3232 4373 consternatae
3279 4329 3464 4372 essent
3506 4315 3574 4372 de

1967 4419 2092 4481 hoc,
2137 4431 2268 4472 ecce
2295 4416 2403 4469 duo
2433 4414 2533 4468 viri
2566 4419 2838 4468 steterunt
2881 4408 3042 4481 juxta
3089 4407 3210 4465 illas
3239 4409 3292 4464 in
3326 4409 3574 4464 vestibus

1968 4508 2395 4580 fulgurantibus.
2430 4504 2570 4562 Cum
2603 4502 2959 4574 expavissent
2994 4509 3201 4569 autem,
3233 4511 3288 4557 et
3329 4500 3574 4556 declina-

254 4591 360 4663 τὴν
391 4593 519 4662 γῆν,
565 4591 721 4648 εἷπον
759 4595 897 4666 πρὸς
929 4598 1132 4660 αὑτάςο
1175 4599 1240 4651 Τί
1289 4601 1503 4670 ζητεῖτε
1542 4602 1635 4655 τὸν
1679 4603 1852 4668 mura

1966 4614 2084 4659 rent
2114 4602 2317 4656 vultum
2347 4601 2401 4653 iu
2435 4610 2662 4663 terram,
2693 4597 2953 4652 dixerunt
2974 4595 3042 4649 ad
3075 4594 3195 4650 illas
3219 4609 3233 4650 :
3257 4591 3399 4661 Quid
3423 4608 3572 4664 quae-

259 4685 408 4756 μετὰ
457 4683 567 4739 τῶν
615 4688 857 4755 νεκρῶν;
915 4689 1031 4743 υύκ
1064 4690 1212 4744 ἔστιν
1262 4685 1403 4757 ὧδε,
1460 4693 1578 4748 ἀλλ’
1621 4696 1857 4768 ἠγέρθη.

252 4776 581 4849 Μνήσθητε,
603 4778 679 4842 ὡς
710 4778 972 4850 ἐλάλησεν
998 4781 1131 4852 ὑμῖν
1159 4783 1240 4836 ἔτι
1270 4783 1349 4838 ὢν
1387 4786 1443 4838 ἐν
1474 4788 1540 4857 τῇ
1573 4785 1858 4858 Γαλιλαίᾳ,

253 4867 458 4938 λέγων,
487 4871 573 4924 δτι
613 4873 704 4924 Δεῖ
736 4871 829 4926 τὸν
860 4872 988 4927 Υίὺν
1018 4875 1114 4928 τοῦ
1149 4876 1441 4947 ἀνθρώπου
1480 4878 1859 4950 παραδοθῆναι

254 4963 340 5025 ιῑς
368 4964 562 5033 χεῖρας
589 4963 897 5035 ἀνθρώπων
919 4967 1287 5038 ἁμαρτωλῶν,
1323 4972 1417 5023 καὶ
1444 4972 1857 5043 σταυρωθῆναι,

255 5054 358 5109 καὶ
404 5056 472 5126 τῇ
512 5057 672 5130 τρίτῃ
713 5057 904 5130 ἡμέρᾳ
953 5060 1280 5132 ἀναστῆναι.
1337 5064 1449 5117 Καὶ
1502 5063 1860 5136 ἐμνήσθησαν

252 5145 372 5204 τῶν
421 5149 686 5220 ῥημάτων
739 5152 944 5207 αὑτοῦ·
997 5154 1094 5209 καὶ
1143 5155 1564 5230 ὑποστρέψασαι
1617 5158 1727 5212 ἀπὸ
1761 5158 1859 5212 τοῦ

261 5239 560 5312 μνημείου,
594 5243 943 5314 ἀπήγγειλαν
971 5246 1147 5301 ταῦτα
1177 5247 1354 5303 πάντα
1382 5251 1495 5312 τοῖς
1522 5249 1738 5315 ἕνδεκα,
1767 5253 1862 5304 καὶ

258 5333 406 5388 πᾶσι
428 5337 542 5401 τοῖς
573 5336 803 5402 λοιποῖς·
830 5335 973 5411 ἦσαν
1001 5340 1058 5395 δὲ
1083 5344 1116 5412 ἡ
1146 5343 1489 5416 Μαγδαληνὴ
1518 5344 1732 5416 Μαρία,
1766 5345 1863 5398 καὶ

286 5424 523 5489 Ιωάννα,
567 5427 662 5482 καὶ
704 5429 894 5500 Μαρία
945 5430 1231 5496 Ἰακώϐου,
1282 5433 1377 5486 καί⁵
1425 5435 1482 5486 al
1536 5434 1721 5488 λοιπαὶ
1762 5435 1860 5488 σὺν

248 5516 480 5582 αὐταῖς,
511 5519 567 5574 αἱ
601 5519 792 5590 ελεγον
821 5523 958 5594 προς
991 5525 1117 5590 τοὺς
1150 5526 1486 5590 ἀποστόλους
1513 5526 1710 5582 ταῦτα.
1751 5528 1861 5580 Καὶ

255 5607 545 5681 ιφάνησαν
594 5611 828 5668 ἐνώπιον
872 5615 1055 5668 αὐτῶν
1107 5617 1241 5671 ὡσεὶ
1292 5618 1460 5689 λῆρος
1519 5618 1589 5672 τὰ
1639 5621 1862 5689 ῥήματα

256 5703 469 5770 αὐτῶν,
501 5704 597 5758 καὶ
629 5705 896 5775 ἠπίστουν
921 5709 1136 5772 αὐταῖς.
1185 5710 1244 5765 '0
1273 5710 1330 5764 δὲ
1361 5712 1569 5783 Πέτρος
1595 5713 1855 5776 ἀναστὰς,

257 5792 504 5864 ἔδραμεν
544 5794 639 5850 ἰπὶ
672 5797 734 5851 τὸ
789 5803 1082 5870 μνημεῖον,
1131 5802 1229 5854 καὶ
1274 5796 1615 5873 παρακύψας
1667 5802 1860 5874 βλέπει

261 5883 499 5958 κείμενα
533 5887 604 5944 τὰ
650 5886 835 5945 ὀθόνια
884 5892 1045 5963 μόνα,
1088 5894 1180 5949 καὶ
1216 5893 1456 5964 ἀπῆλθε
1475 5897 1613 5970 πρὸς
1665 5895 1860 5950 ἑαυτὸν

1965 4696 2085 4751 ritis
2113 4697 2383 4748 viventem
2415 4706 2539 4745 cum
2572 4690 2804 4746 mortuis
2831 4689 2855 4744 ’ί
2880 4687 3007 4744 Non
3039 4697 3125 4744 est
3163 4688 3284 4754 hic,
3319 4690 3412 4743 sed
3449 4704 3571 4742 sur-

1968 4786 2130 4841 rexit.
2183 4779 2565 4836 Recordamini
2598 4788 2674 4835 ut~
2698 4780 2903 4834 dixerit
2926 4777 3104 4845 vobis,
3149 4794 3273 4832 cum
3306 4776 3486 4833 adhuc
3517 4777 3574 4832 in

1964 4874 2189 4931 Galilaza
2213 4879 2382 4934 esset,
2408 4869 2598 4926 dicens
2621 4870 2763 4940 quod
2787 4867 3306 4940 oportueritFilium
3334 4869 3573 4924 hominis

1968 4966 2112 5020 tradi
2160 4965 2218 5020 in
2257 4976 2455 5018 manus
2486 4962 2768 5016 hominum
2808 4970 3182 5031 peccatorum,
3233 4970 3288 5015 et
3320 4961 3571 5031 crnciligi

1966 5067 2022 5112 et
2049 5056 2140 5113 die
2167 5055 2328 5110 tertio
2362 5067 2674 5125 resurgere.
2697 5050 2765 5109 Et
2792 5053 3093 5109 recordata:
3118 5061 3248 5109 sunt
3276 5053 3570 5109 verborum

1965 5149 2107 5219 ejus,
2152 5156 2207 5202 et
2237 5160 2504 5218 regressae
2545 5162 2574 5200 a
2618 5157 2974 5202 monumento
3019 5146 3410 5201 nuntiaverunt
3454 5146 3570 5202 haec

1965 5243 2150 5298 omnia
2184 5241 2290 5296 illis
2322 5240 2600 5305 undecim,
2629 5249 2684 5294 et
2714 5240 2928 5295 caeteris
2957 5238 3235 5295 omnibus.
3272 5235 3444 5293 Erant
3474 5255 3571 5295 au-

1969 5345 2077 5391 tem
2110 5332 2280 5388 Maria
2309 5332 2653 5404 Magdalene,
2687 5341 2740 5387 et
2772 5330 3020 5399 Joanna,
3053 5343 3108 5388 et
3139 5333 3314 5387 Maria
3349 5330 3565 5394 Jacobi,

1965 5439 2021 5486 et
2067 5437 2276 5483 ratem
2326 5441 2447 5495 qua:
2495 5441 2618 5481 cum
2675 5427 2755 5481 eis
2803 5433 2984 5492 erant,
3038 5441 3160 5498 qua:
3213 5426 3468 5482 dicebant
3502 5428 3568 5478 ad

1967 5522 2249 5593 apostolos
2304 5520 2438 5573 luce.
2473 5517 2540 5572 Et
2569 5520 2683 5573 visa
2729 5529 2857 5574 sunt
2898 5521 3038 5590 apud
3078 5521 3202 5576 illos
3234 5535 3336 5576 ceu
3366 5519 3569 5574 delira-

1968 5625 2212 5670 mentmn
2266 5614 2428 5668 verba
2489 5613 2745 5679 illarum,
2806 5629 2984 5682 neque
3033 5613 3390 5670 crediderunt
3437 5611 3566 5666 illis.

1965 5708 2159 5763 Petrus
2214 5717 2394 5761 autem
2441 5721 2672 5777 surgens
2718 5710 2964 5762 cucurrit
3008 5713 3076 5762 ad
3125 5702 3565 5769 monumentum;

1965 5810 2020 5857 et
2076 5800 2415 5872 prospiciens
2470 5799 2621 5853 videt
2682 5797 3002 5854 linteamina
3054 5799 3168 5856 sola
3235 5798 3445 5868 posita,
3516 5808 3569 5850 et

1966 5893 2101 5951 abiit
2136 5891 2277 5965 apud
2315 5891 2674 5962 semetipsum
2711 5891 2994 5950 admirans
3029 5892 3171 5963 quod
3203 5890 3499 5948 acciderat.
3544 5905 3561 5938 ι
