4046 6500
567 395 705 466 1115

1454 393 2045 455 THEOPHYLACTI
2087 391 2504 453 BULGARLE
2544 392 2901 453 ARClllEP.

3686 381 3816 444 1116

565 506 847 577 speculum
881 503 1260 575 purillcaveris
1309 503 1360 556 in
1403 503 1589 558 labore
1625 513 1678 557 et
1708 501 1930 565 sudore,
1975 501 2152 555 neuti-

2269 500 2348 553 ιαὶ
2381 500 2473 554 τὸν
2511 500 2666 569 λόγον
2710 497 2976 561 σπούδαξε
3019 496 3184 567 ἔχειν.
3253 491 3410 547 Οὕτω
3470 491 3562 542 καὶ
3634 493 3662 543 6
3709 493 3832 545 Hell:

565 616 728 668 quam
769 597 1107 664 concupitam
1166 595 1624 664 pulchritudinem
1689 594 1742 648 in
1799 595 2021 662 speculo
2057 608 2148 647 su-

567 693 782 759 spieies.
845 707 863 740 ι
925 687 1069 742 Beati
1105 688 1248 742 enim
1308 689 1506 742 mundo
1546 688 1710 742 corde
1750 684 1817 750 ⁸³,
1862 704 1880 737 ι
1913 683 2040 757 [hoc
2095 685 2152 738 lit

571 778 882 851 perapera]
949 797 968 830 ι
1043 780 1169 850 quia
1245 779 1344 848 ipsi
1411 778 1576 832 Deum
1631 776 1933 840 videbunt:
1990 796 2009 830 ι
2065 777 2153 830 hic

570 874 1055 940 contmnplationis
1115 882 1200 928 est
1279 872 1421 928 linis.
1487 873 1712 940 Oportet
1779 881 1960 926 autem
2031 883 2153 924 esse

573 977 850 1037 potentem
908 966 962 1019 in
1030 981 1192 1034 opere
1243 975 1296 1017 et
1353 980 1608 1018 sermone
1665 979 1850 1020 coram
1903 963 2037 1026 Deo,
2099 970 2155 1015 et

572 1069 702 1110 tunc
763 1073 946 1111 coram
1002 1057 1146 1110 omni
1212 1056 1430 1124 populo.
1496 1055 1654 1108 Ptius
1725 1055 1868 1108 enim
1944 1053 2154 1122 placere

572 1147 736 1222 ‘93
767 1148 1022 1201 debemus
1067 1148 1193 1209 Deo,
1232 1146 1421 1200 deinde
1456 1145 1628 1198 danda
1665 1159 1827 1213 opera
1880 1153 1937 1196 ut
1977 1142 2146 1195 etiam

573 1238 714 1290 inter
745 1251 845 1290 nos
879 1237 996 1288 sine
1046 1234 1254 1288 macula
1296 1236 1538 1287 vivamus
1587 1244 1848 1302 quantum
1888 1232 2001 1285 lleri
2057 1245 2153 1300 po-

575 1343 681 1388 test
713 1351 727 1388 :
755 1341 808 1387 et
841 1349 1015 1402 neque
1048 1333 1100 1387 in
1137 1334 1324 1402 primis
1373 1334 1642 1399 quomodo
1678 1333 1988 1386 hominibus
2040 1331 2155 1398 pla-

572 1439 722 1491 ceas,
753 1424 847 1479 scd
877 1427 1147 1492 quomodo
1177 1426 1380 1478 servias
1411 1426 1538 1489 Deo,
1575 1425 1898 1479 studendum
1934 1443 1947 1477 :
1982 1439 2157 1490 neque

2259 595 2583 664 σννεργήσει
2645 609 2747 646 σοι.
2822 592 3093 663 Πρότερον
3171 589 3280 657 γὰρ
3342 587 3376 656 ἡ
3440 585 3664 652 πρᾶξις,
3725 581 3833 638 εἶτα

2257 685 2460 756 θεωρία
2523 686 2617 738 καὶ
2669 683 2954 753 ελλαμψις.
3021 681 3079 734 Ei
3129 679 3206 750 μὴ
3257 679 3319 729 τὸ
3377 677 3692 742 κάτοπτρον
3741 693 3834 728 κε-

2256 777 2501 847 θαρίσεις
2547 779 2604 830 ἐν
2637 777 2784 845 πόνῳ
2825 777 2918 830 καὶ
2969 774 3177 844 ἱδρῶτι,
3227 772 3328 824 οὐκ
3354 769 3419 823 ἂν
3464 768 3523 822 τὸ
3568 768 3835 839 ποθούμε-

2254 888 2345 924 νον
2399 870 2595 933 κάλλος
2652 869 3044 940 κατοπτρίσῃς.
3090 885 3104 918 ι
3157 865 3432 934 Μακάριοι
3482 863 3592 933 γὰρ
3638 863 3691 914 oi
3743 879 3834 915 κα·-

2257 965 2420 1034 Θαροὶ
2465 967 2532 1036 τῇ
2583 964 2802 1035 καρδίᾳ,
2843 983 2858 1014 ι
2918 961 3077 1014 τοῦτο
3123 959 3212 1012 διὰ
3266 957 3375 1010 τῶν
3419 957 3599 1028 ἔργων
3627 973 3641 986 '
3705 974 3723 1007 ι
3761 956 3835 1008 ὅτι

2260 1058 2416 1112 αὐτοὶ
2446 1058 2536 1110 τὸν
2571 1055 2704 1109 Θεὸν
2735 1055 2981 1125 ὄψονται,
3012 1072 3030 1103 ι
3074 1051 3232 1104 τοῦτο
3263 1049 3362 1118 τῆς
3393 1047 3632 1118 θεωρίας
3661 1048 3722 1099 τὺ
3753 1048 3836 1099 τέ-

2256 1149 2368 1212 λος.
2394 1151 2484 1202 Δεῖ
2509 1148 2565 1202 δὲ
2597 1143 2736 1201 εἶναι
2769 1147 2994 1200 δυνατὸν
3029 1144 3086 1195 ὲν
3116 1143 3260 1213 ἔργῳ
3297 1141 3387 1194 καὶ
3419 1140 3567 1209 λόγῳ
3599 1141 3836 1194 ἐναντίον

2257 1243 2351 1296 τοῦ
2387 1242 2546 1307 Θεοῦ,
2580 1242 2673 1294 καλ⁵
2702 1239 2824 1293 τότε
2860 1238 3103 1292 ἐναντίον
3134 1237 3334 1299 παντὸς
3366 1234 3462 1288 τοῦ
3491 1233 3652 1286 λαοῦ.
3690 1234 3836 1303 Πρῶ-

2257 1353 2348 1389 τον
2380 1335 2487 1404 γὰρ
2523 1332 2778 1404 ἀρεστέον
2811 1330 2950 1403 Θεῷ,
2979 1325 3095 1383 εἶτα
3123 1330 3218 1382 καὶ
3244 1328 3304 1381 τὸ
3333 1326 3836 1397 ἀμώμητονσπου-

2257 1426 2484 1480 δαστέον
2515 1426 2648 1496 προς
2682 1423 3024 1494 ἀνθρώπους,
3060 1423 3134 1486 ὡς
3169 1421 3232 1475 ἂν
3271 1421 3528 1490 ἐγχωρῇ·
3571 1418 3669 1476 καὶ
3710 1416 3839 1485 μήτε

574 1519 858 1574 vivendum
892 1529 951 1572 ut
983 1517 1164 1571 multis
1182 1518 1262 1574 sia
1300 1518 1588 1581 seandalo,
1640 1517 1734 1572 sed
1778 1528 1832 1571 et
1884 1518 1984 1570 hoc
2030 1527 2149 1584 post

2269 1525 2357 1584 τὴν
2390 1516 2914 1587 ἀιιϐρωπαρέσκειαν
2955 1513 3346 1585 προτιμητέον,
3386 1509 3525 1565 ἀλλά
3577 1509 3681 1579 τὴν
3728 1507 3840 1559 Bso-

574 1611 706 1666 illud
735 1601 1146 1679 providendum,
1168 1610 1309 1676 quod
1337 1619 1391 1661 et
1427 1606 1658 1679 Sapiens
1685 1608 1848 1662 dicit:
1879 1625 1898 1658 ι
1931 1606 2160 1660 Provide

2269 1611 2480 1665 σέϐειαν
2500 1629 2513 1641 ο
2554 1612 2689 1680 μήτε
2723 1612 2860 1679 πρὸς
2891 1610 2950 1662 τὸ
2978 1608 3274 1662 σκάνδαλον
3304 1607 3414 1660 τῶν
3466 1604 3684 1658 πολλῶν
3717 1602 3842 1672 βιωο

576 1704 717 1758 bona
745 1718 926 1758 coram
954 1703 1082 1770 Deo,
1113 1701 1307 1757 deinde
1326 1713 1378 1756 et
1406 1717 1588 1756 coram
1617 1701 1926 1756 hominibus
1946 1702 2014 1754 “.
2049 1720 2067 1753 ι
2097 1700 2160 1753 Ει

2269 1707 2403 1766 τὲον,
2441 1704 2578 1757 ἀλλὰ
2631 1705 2722 1758 καὶ
2767 1704 2960 1756 τούτου
3015 1700 3132 1772 μετ’
3180 1700 3425 1760 ἐκείνους
3479 1694 3841 1767 προνοητέον·

573 1792 778 1856 Paulus
811 1794 954 1849 istuc
983 1793 1153 1863 ipsum
1185 1793 1332 1848 dicit.
1372 1811 1390 1844 ι
1432 1793 1540 1848 Nos
1573 1804 1750 1846 autem
1785 1794 2155 1866 sperabamus.

2269 1797 2288 1848 Β
2325 1799 2414 1849 καὶ
2446 1797 2612 1862 Σοφός
2648 1811 2800 1863 φησι·
2853 1815 2868 1846 ι
2912 1794 3148 1863 Προνοοῦ
3200 1791 3340 1845 καλά
3391 1788 3629 1842 ἐνώπιον
3677 1783 3845 1848 Θεοῦ,

578 1886 790 1954 lnquit,
824 1886 968 1956 quod
1011 1862 1128 1956 ipse
1161 1894 1304 1940 esset
1352 1886 1728 1955 redempturus
1759 1862 1947 1941 lsrael.
1991 1887 2152 1952 Quasi

2269 1887 2380 1942 εἶτα
2431 1891 2523 1942 καὶ
2578 1887 2914 1957 ἀνθρώπων·
2977 1905 2995 1938 ι
3053 1887 3149 1937 καὶ
3205 1884 3416 1946 Παῦλος
3483 1879 3645 1934 τοῦτο
3699 1877 3847 1930 aia-:6.

572 1975 818 2031 frustrati
855 1991 950 2045 ape
977 1975 1160 2031 dicunt
1193 1991 1206 2030 :
1258 1975 1366 2031 Nos
1400 1977 1754 2046 sperabamus
1781 1978 1923 2045 quod
1963 1980 2076 2046 ipse
2102 1985 2160 2032 et

2269 2002 2282 2033 ι
2329 1980 2518 2051 ’Πμεῐς
2541 1980 2596 2032 δὲ
2620 1977 2942 2049 ἠλπίζομεν,
2973 1978 3158 2047 φησὶν,
3188 1977 3269 2029 ὅτι
3303 1975 3461 2036 αὑτός
3494 1974 3643 2025 ἐστιν
3674 1973 3704 2024 ὁ
3725 1969 3848 2039 μέλα

578 2066 716 2124 alios
750 2067 1055 2124 salvaturus
1083 2080 1228 2124 esset
1261 2085 1274 2122 :
1319 2084 1446 2123 ecce
1481 2085 1658 2140 neque
1701 2073 1938 2141 seipsnm
1975 2085 2158 2124 scrva-

581 2162 681 2216 vit.
733 2161 884 2216 Adeo
915 2162 1060 2216 molli
1093 2172 1248 2217 erant
1299 2164 1478 2216 animo
1511 2172 1563 2216 et
1602 2179 1786 2234 parum
1834 2163 2042 2218 ﬁdenti.
2092 2163 2160 2218 Et

573 2268 746 2325 prope
787 2256 974 2309 eadem
1004 2253 1256 2310 dicebant
1291 2271 1408 2325 qua:
1461 2256 1532 2310 illi
1590 2258 1642 2310 in
1693 2273 1852 2312 cruce
1912 2276 1925 2312 :
2003 2259 2149 2312 Alios

579 2345 840 2409 servavit,
873 2346 1111 2415 seipsum
1150 2363 1253 2401 non
1293 2359 1467 2416 p0test
1497 2356 1737 2404 θεῖναι-θ.
1775 2347 1900 2404 ldeo
1938 2360 1990 2406 et
2026 2351 2158 2405 insi-

535 2471 540 2478 η
579 2435 792 2504 pientes
827 2450 920 2490 eos
953 2446 1141 2500 vocat,
1173 2447 1227 2490 et
1264 2439 1450 2490 tardos
1509 2439 1574 2491 ad
1614 2439 1966 2494 credendum.
2020 2440 2160 2506 Quid

577 2537 758 2583 autem
794 2537 876 2582 est
923 2528 1114 2582 redimi
1154 2527 1359 2584 Israel?
1393 2529 1644 2584 Diximus
1684 2534 1825 2600 quod
1876 2530 2157 2586 Christum

580 2620 968 2690 exspectabant
985 2621 1232 2690 vulgares
1249 2631 1302 2676 et
1331 2622 1506 2676 minus
1530 2624 1811 2677 exercitati
1837 2625 2159 2680 salvatorem

579 2719 635 2765 et
672 2712 1066 2781 redemptorem
1104 2729 1130 2766 a
1166 2715 1321 2768 malis
1353 2729 1473 2783 qua:
1513 2715 1592 2768 eis
1633 2715 2008 2780 imminebant,
2041 2726 2093 2769 et
2131 2735 2158 2769 ιι

578 2801 706 2872 lngo
718 2803 990 2857 servitutis
1010 2804 1395 2868 Rotnanorum,
1415 2804 1809 2872 sperabantque
1831 2820 1951 2858 eum
1975 2822 2164 2874 regna-

587 2907 768 2952 turum
820 2906 875 2952 ut
912 2911 1088 2968 regem
1119 2905 1392 2952 terrenum
1434 2916 1446 2952 :
1487 2899 1607 2953 ideo
1639 2909 1692 2953 et
1745 2898 1962 2961 dicunt,
2001 2917 2018 2949 ι
2058 2898 2164 2953 Nos

581 2990 934 3060 sperabamus
973 2989 1113 3057 quod
1151 2989 1268 3060 ipse
1311 2991 1686 3060 redempturus
1719 3000 1863 3044 esset
1900 2989 2064 3044 Israel
2088 3029 2102 3053 ,
2139 3011 2155 3042 ι

583 3078 831 3135 videlzcet
859 3094 886 3133 a
922 3079 1211 3150 gentilibus
1242 3079 1523 3142 Romanis,
1551 3083 1618 3146 fet
1655 3081 1767 3148 ipse
1817 3096 1990 3149 neque
2021 3081 2164 3150 inju-

583 3179 722 3228 stam
759 3172 1085 3226 sententiam
1124 3182 1313 3226 contra
1339 3187 1396 3226 se
1434 3172 1591 3226 latam
1622 3171 1828 3242 eﬂ'ugit.
1867 3193 1886 3226 ι
1917 3173 1980 3228 Et
2008 3175 2165 3228 hodie

587 3264 782 3320 tertius
809 3265 925 3320 dies
955 3274 1069 3330 est,
1101 3275 1158 3320 et
1209 3267 1460 3320 mulieres
1511 3275 1822 3321 terruerunt
1869 3282 2003 3330 nos,
2053 3285 2070 3320 ι
2111 3278 2163 3322 et

586 3364 809 3411 caetera.
854 3355 980 3410 llarc
1008 3357 1160 3426 quasi
1205 3357 1511 3412 dubitantes
1559 3358 1792 3413 dicunt:
1835 3369 1888 3414 et
1919 3359 2166 3415 videntur

589 3448 721 3502 mihi
749 3449 847 3503 viii
883 3449 935 3504 in
965 3449 1119 3502 valde
1154 3450 1405 3520 ambigua
1439 3465 1559 3504 esse
1588 3451 1879 3517 sententia,
1906 3462 1957 3505 et
1994 3469 2167 3523 neque

585 3541 744 3596 valde
774 3541 1112 3606 discredere,
1150 3555 1324 3610 neque
1355 3550 1501 3596 recte
1541 3543 1787 3598 credere.
1841 3545 2048 3599 Etenim
2084 3547 2166 3600 di-

588 3634 765 3691 cendo
813 3651 829 3689 :
887 3653 906 3686 ι
967 3633 1331 3704 Sperabamus
1385 3635 1530 3703 quod
1593 3639 1970 3707 redempturus
2029 3648 2169 3694 esset

591 3727 789 3793 Israel,
828 3747 846 3780 ι
886 3729 1324 3784 incredulitatem
1367 3729 1609 3785 indicant
1645 3748 1659 3785 :
1696 3733 1839 3802 quod
1867 3743 2045 3787 autem
2086 3735 2166 3788 di-

585 3828 720 3877 cunt
751 3836 871 3876 esse
915 3821 1055 3875 diem
1111 3823 1368 3886 tertium,
1407 3822 1682 3878 hominum
1718 3835 1802 3880 est
1858 3827 1949 3894 qui
2003 3842 2167 3897 prope

585 3911 944 3966 recordentur
977 3911 1121 3979 quod
1158 3912 1357 3965 dixerit
1387 3913 1467 3966 eis
1505 3929 1518 3965 :
1578 3931 1596 3964 ι
1645 3913 1740 3969 Die
1781 3915 1937 3970 tertia
1988 3933 2170 3972 resur-

587 4019 733 4074 gam.
756 4022 774 4056 ι
815 4005 880 4059 Ει
903 4005 1044 4072 quod
1079 4005 1227 4068 dicit,
1257 4023 1275 4057 ι
1316 4004 1709 4062 Exterruerunt
1741 4023 1860 4074 nos,
1897 4028 1915 4062 ι
1952 4009 2053 4065 hoc
2095 4011 2169 4066 si-

584 4103 752 4164 gnat,
799 4095 940 4163 quod
1002 4095 1350 4150 incredulitas
1422 4113 1608 4152 eorum
1684 4101 2044 4156 concutiatur.
2107 4102 2172 4156 Et

586 4187 814 4241 omnino
835 4187 879 4241 si
908 4186 1318 4243 considerentur
1350 4205 1648 4258 sermones,
1679 4191 1895 4247 humani
1920 4204 2044 4249 sunt
2067 4234 2080 4257 .
2115 4203 2170 4250 ct

589 4290 840 4345 magnam
895 4277 1288 4332 dubitationem
1343 4281 1576 4345 habent,
1630 4289 1684 4334 et
1719 4281 1995 4338 hominum
2031 4300 2169 4354 per-

591 4365 876 4436 plexorum
906 4376 960 4420 et
995 4368 1359 4436 ignorantium
1390 4369 1516 4439 quid
1554 4381 1715 4442 agant
1747 4383 1965 4442 propter
1995 4392 2171 4430 rosur-

594 4458 852 4513 rectionis
880 4459 1217 4515 miraculum.
1267 4480 1284 4513 ι
1336 4463 1602 4518 Abierunt
1635 4473 1852 4531 autem,
1902 4484 1920 4517 ι
1961 4467 2166 4536 inquit,

2260 2075 2366 2127 λων
2401 2071 2728 2144 λυτροῦσθαι
2759 2072 2851 2125 τὸν
2891 2068 3128 2141 Ἰσραήλ.
3172 2088 3188 2118 ι
3242 2067 3466 2136 Ὦπερεὶ
3494 2061 3847 2133 διαψευσθέν-

2259 2184 2350 2229 τες
2390 2166 2495 2218 τῶν
2539 2165 2800 2230 ἐλπίδων,
2844 2162 2988 2223 οὕτω
3038 2161 3234 2229 φασίνο
3299 2159 3495 2226 Ἡμεῖς
3543 2154 3851 2225 ⁴ίςλειιιίζομεν

2261 2263 2342 2313 ὅτι
2377 2259 2538 2321 αύτδς
2575 2259 2668 2310 καὶ
2718 2255 2911 2319 ἀλλους
2944 2255 3144 2314 σώσει,
3197 2250 3290 2304 καὶ
3327 2249 3438 2306 ίδοῦ
3492 2247 3625 2301 οὐδε
3658 2243 3848 2299 ἑαυτὸν

2262 2355 2463 2406 ἔσωσεν
2485 2369 2497 2380 ·
2544 2351 2716 2412 οὕτως
2754 2349 2994 2416 ἀγεννῶς
3028 2350 3124 2401 καὶ
3155 2345 3397 2407 ἀπίστως
3434 2339 3603 2413 εἶχον.
3646 2343 3852 2395 Μονον·

2262 2447 2382 2516 ουχὶ
2426 2444 2532 2515 γὰρ
2580 2444 2764 2497 ἐκεῖνα
2809 2443 3014 2509 ελεγον,
3058 2439 3093 2494 ἃ.
3126 2438 3220 2491 καὶ
3261 2438 3310 2490 οί
3344 2436 3434 2489 ἐπὶ
3467 2433 3562 2488 τοῦ
3598 2431 3850 2502 σταυροῦ.

2273 2558 2292 2591 ι
2337 2539 2569 2600 Ἀλλους
2603 2537 2808 2590 ἔσωσεν
2831 2576 2844 2596 ,
2881 2532 3076 2586 ἑαυτὸν
3124 2531 3183 2584 ού
3217 2529 3440 2583 δύναται
3479 2526 3674 2581 σῶσαιο
3719 2545 3736 2576 ι
3768 2526 3854 2577 Διδ

2265 2640 2359 2690 καὶ
2401 2637 2660 2706 ἀνοήτους
2689 2633 2889 2692 αὐτοὺς
2919 2628 3186 2683 ἀποκαλεῖ
3205 2669 3218 2688 ,
3246 2625 3339 2678 καὶ⁸
3365 2625 3584 2696 βραδεῖς
3645 2622 3740 2676 τοῦ
3771 2640 3856 2672 ππ-

2266 2729 2509 2782 στεύειν⁹
2564 2727 2618 2779 τί
2663 2725 2719 2778 δέ
2773 2727 2886 2776 ἔστι
2941 2721 3099 2774 τοῦτο
3141 2719 3220 2781 τὸ,
3275 2737 3293 2770 ι
3362 2715 3712 2786 Λυτροῦσθαι
3768 2716 3857 2766 τὶν

2277 2819 2522 2890 Ἰσραὴλς
2553 2839 2570 2871 ι
2605 2817 2883 2885 Διαφόρως
2903 2816 3152 2880 είπομεν,
3184 2813 3265 2864 ὅτι
3290 2809 3382 2862 τὸν
3411 2806 3652 2878 Χριστὸν
3679 2822 3846 2875 προσ-

2263 2912 2463 2965 εδόκων
2499 2911 2546 2962 oi
2578 2906 2675 2961 τοῦ
2718 2905 2874 2971 λαοῦ,
2941 2904 3035 2956 καὶ
3075 2901 3148 2972 μὴ
3176 2899 3590 2969 ἀκριϐέστεροι,
3627 2896 3855 2965 σωτῆρα

2269 3006 2360 3056 καὶ
2398 2999 2679 3070 λυτρωτὴν
2727 2999 2836 3051 τῶν
2883 2993 3254 3063 ἐπικειμένων
3285 2991 3470 3052 αὐτοῖς
3510 2991 3723 3050 κακῶν,
3761 2990 3855 3042 καὶ

2272 3097 2366 3150 τοῦ
2397 3092 2566 3160 ζυγοῦ
2597 3092 2696 3160 τῆς
2734 3089 2976 3149 δουλείας
3003 3087 3097 3156 τῆς
3129 3084 3234 3138 ὑπὸ
3276 3083 3595 3152 Ῥωμαίων
3630 3081 3724 3136 καὶ
3757 3080 3856 3150 βα·

2275 3186 2543 3240 σιλεύσειν
2591 3183 2649 3235 δὲ
2683 3180 2850 3234 αὐτὸν
2888 3177 3134 3245 ἐπίγειον
3173 3173 3455 3246 βασιλείαν
3483 3170 3720 3243 ήλπιζον
3745 3189 3756 3201 ·
3781 3170 3859 3224 διὸ

2270 3279 2362 3332 καί
2389 3294 2573 3347 φασιν,
2597 3276 2680 3328 ὅτι
2711 3271 2903 3342 Ἦμεῐς
2933 3267 3256 3340 ⁴Ιιλπίζομεν,
3282 3267 3363 3320 ὅτι
3389 3265 3485 3318 καὶ
3515 3263 3608 3316 τδν
3642 3263 3860 3334 Ἰσραὴλ

2270 3370 2377 3422 ἀπὸ
2405 3367 2513 3420 τῶν
2545 3362 2774 3418 ὲονικῶν
2819 3359 3109 3430 Ῥωμαίων
3152 3356 3314 3420 αὐτὸς
3359 3353 3738 3426 λυτρὼσεται,
3772 3356 3866 3406 καὶ

2269 3452 2423 3520 οὗτος
2463 3456 2584 3507 οὐδὲ
2635 3452 2732 3524 τὴν
2782 3451 2968 3506 ἄδικον
3019 3448 3106 3502 ἐπ’
3165 3447 3315 3518 αύτῷ
3367 3446 3549 3516 ψῆφον
3603 3444 3863 3516 ἐξέφυγε.

2281 3569 2297 3601 ι
2343 3549 2453 3602 Καὶ
2499 3546 2605 3616 μὴν
2657 3545 2750 3598 καὶ
2793 3542 2982 3613 τρίτην
3014 3542 3230 3612 ἡμέραν
3278 3539 3403 3610 ἄγει
3445 3538 3714 3608 σήμερον,
3773 3538 3868 3591 καὶ

2270 3643 2526 3711 γυναῖκες
2568 3637 2866 3706 ἐξέστησαν
2918 3636 3099 3706 ἡμᾶς,
3133 3653 3150 3685 ι
3209 3635 3303 3686 καὶ
3352 3633 3420 3686 τά
3478 3632 3631 3702 ἑξῆς.
3678 3629 3866 3684 Ταῦτα

2269 3734 2510 3804 ὡσπερεὶ
2563 3730 2952 3799 διαποροῦντες
3006 3744 3190 3797 φασι·
3257 3727 3352 3780 καὶ
3402 3725 3620 3778 ἐοίκασί
3678 3741 3773 3794 μοι
3820 3725 3867 3778 οἱ

2271 3828 2464 3892 ἄνδρες
2511 3827 2568 3877 ἐν
2616 3823 2784 3894 πολλῇ
2820 3819 3293 3891 ἀμφιγνωμοσύνῃ
3342 3811 3517 3878 εῖναι,
3569 3817 3672 3869 καὶ
3727 3816 3865 3886 μήτε

2274 3917 2480 3987 σφόδρα
2529 3917 2800 3978 ἀπιστεῖν,
2846 3914 2982 3983 μήτε
3028 3909 3233 3979 σφόδρα
3275 3907 3574 3962 πιστεύειν.
3635 3906 3711 3960 Τὸ
3770 3907 3868 3974 μὲν

2273 4007 2382 4078 γὰρ
2416 4008 2611 4066 είπεῐν,
2667 4007 2748 4058 ὅτι
2796 4001 3129 4073 Ἡλπίζομεν
3173 4001 3257 4053 ὅτι
3301 3999 3464 4061 αὑτός
3509 3999 3662 4051 ἐστιν
3712 3999 3744 4051 ὁ
3776 3997 3867 4050 λυ·

2271 4101 2615 4172 τρωσόμενος
2650 4097 2740 4151 τὸν
2786 4095 3033 4165 Ἰσραὴλ,
3085 4092 3348 4146 ἀπιστίαν
3394 4091 3776 4145 ἐνδείκνυται·
3814 4091 3870 4142 τὸ

2272 4195 2329 4247 δὲ
2361 4193 2564 4260 λέγειν,
2598 4193 2681 4244 ὅτι
2721 4189 2926 4260 Τρίτην
2970 4185 3175 4255 ταύτην
3211 4184 3425 4256 ἡμέραν
3456 4185 3612 4253 ἄγει,
3654 4182 3871 4254 ἀνθρὼ-

2273 4302 2392 4339 πων
2427 4284 2574 4337 ὲστὶν
2608 4282 2777 4350 ἐγγὺς
2825 4279 2996 4332 ὄντων
3028 4277 3124 4330 τοῦ
3172 4275 3703 4346 ἀναμιμνήσκεσθαι
3725 4317 3741 4335 .
3793 4276 3871 4328 ὅτι

2273 4375 2424 4432 εἶπεν
2465 4379 2677 4440 αὐτοῖς’
2708 4393 2725 4426 ι
2761 4374 2839 4442 Τῇ
2869 4371 3029 4443 τρίτῃ
3052 4369 3238 4441 ἡμέρᾳ
3269 4368 3678 4437 ἀναστήσομαι.
3716 4387 3737 4420 ι
3767 4368 3871 4423 Καὶ

2273 4471 2352 4534 τὺ,
2379 4488 2396 4519 ι
2421 4468 2746 4532 Ἐξέστησαν
2765 4465 2933 4534 ἡμᾶς,
2961 4481 2978 4513 ι
3009 4460 3250 4517 τοιοῦτόν
3277 4476 3329 4512 τι
3348 4457 3632 4529 ἐμφαίνει,
3653 4457 3875 4528 φημὶδή

599 4568 618 4602 ι
657 4551 872 4620 quidam
891 4566 954 4606 ex
993 4552 1076 4607 his
1105 4553 1193 4622 qui
1222 4563 1347 4610 sunt
1386 4555 1665 4611 nobiscum
1700 4574 1715 4610 :
1749 4575 1768 4610 ι
1815 4558 1895 4613 vel
1943 4557 2162 4626 Petrum

2271 4562 2332 4614 τὸ
2350 4560 2447 4630 τὴν
2470 4558 2726 4611 ἀπιστίαν
2748 4555 2925 4608 αὐτῶν
2947 4549 3403 4607 ὑποσαλεύεσθαι.
3445 4550 3634 4610 ὐλως
3664 4546 3726 4602 δὲ
3755 4563 3875 4600 σκο-

591 4643 766 4699 solum
793 4643 942 4706 dicit,
974 4645 1059 4699 vel
1093 4645 1312 4701 Petrum
1343 4658 1396 4702 et
1421 4645 1711 4704 Joannem.
1747 4650 1812 4705 Et
1839 4651 1966 4708 hinc
1999 4655 2169 4708 mani-

593 4735 787 4790 festum
827 4737 970 4805 quod
1017 4752 1138 4806 quae
1177 4738 1264 4792 alii
1298 4739 1404 4794 late
1456 4742 1678 4807 dicunt,
1727 4743 1817 4798 alii
1851 4746 2174 4816 compendio

595 4825 836 4889 tradunt,
868 4836 922 4881 et
952 4835 1265 4882 transcursu
1298 4839 1598 4885 transeunt.
1633 4833 1998 4890 Ambitionem
2028 4840 2172 4892 enim

596 4914 745 4970 Petri
794 4925 848 4970 et
879 4915 1106 4973 Joannis
1155 4919 1221 4972 ad
1274 4920 1620 4990 sepulcrum,
1657 4920 1893 4980 Joannes
1932 4926 2172 4993 pluribus

598 5006 907 5075 complexus
933 5020 1037 5072 est,
1066 5009 1151 5064 hic
1171 5021 1348 5065 autem
1374 5013 1566 5083 paucis
1589 5017 1918 5071 mentionem
1949 5016 2169 5084 faciens,

593 5099 758 5153 etiam
793 5101 1010 5156 nomina
1037 5106 1321 5172 praeteriit.

2280 4651 2542 4721 πούμενοι
2568 4651 2617 4701 ei
2653 4649 2822 4716 λόγοι,
2854 4645 3186 4715 ἀνθρώπινοι
3209 4641 3286 4711 τῷ
3349 4641 3460 4694 δντι
3487 4640 3628 4703 eiul,
3659 4637 3758 4692 καὶ
3790 4652 3876 4689 πι-

2271 4746 2369 4799 λυν
2395 4745 2488 4797 τὸν
2528 4739 2826 4810 δισταγμὸν
2853 4738 3099 4807 ἔχοντες,
3127 4734 3222 4788 καὶ
3251 4728 3364 4787 οἷον
3395 4730 3876 4803 ὲπαπορουμένων

2275 4837 2371 4891 καὶ
2398 4833 2826 4906 ἀμηχανούντων
2859 4829 2946 4883 διὰ
2977 4827 3036 4881 τδ
3085 4828 3184 4896 τῆς
3216 4825 3572 4887 ἀναστάσεως
3609 4823 3873 4887 ἐξαίσιον.

2277 4950 2294 4981 ι
2349 4925 2614 4996 Ἀπῆλθον
2658 4923 2734 4986 δὲ,
2767 4921 2922 4991 φασὶ,
2953 4919 3096 4982 τινὲς
3125 4919 3234 4971 τῶν
3269 4918 3367 4971 σὺν
3412 4917 3572 4986 ἡμῖν.
3614 4934 3635 4968 a
3677 4915 3754 4968 Ἥ
3789 4914 3875 4965 τὸν

2271 5020 2479 5089 Πέτρον
2515 5015 2676 5087 μόνον
2732 5013 2915 5084 φησὶν,
2968 5009 3128 5081 ἦτδν
3177 5009 3387 5079 Πέτρον
3424 5007 3524 5060 καὶ
3605 5006 3873 5075 ῐωάννην.

2268 5109 2580 5165 Κάντεῦθεν
2623 5107 2805 5177 δῆλον,
2857 5106 2942 5158 ὅτι
2991 5101 3027 5158 ἃ
3083 5099 3330 5164 πλατέως
3369 5099 3552 5170 ἕτεροι
3598 5099 3873 5169 λέγουσιν,

592 5189 742 5245 ἄλλοι
767 5193 1042 5263 συντόμως
1091 5197 1184 5251 καὶ
1207 5199 1576 5272 ὲπιδρομάδην
1599 5202 2167 5276 διέρχονται.”Ωσπερ
2206 5199 2300 5258 οὖν
2355 5205 2450 5258 καὶ
2499 5201 2601 5272 τὴν
2666 5200 2762 5253 επὶ
2832 5196 2894 5250 τὸ
2950 5196 3216 5266 μνημεῖον
3271 5194 3457 5262 ἂςριξιν
3508 5191 3732 5262 Πέτρου
3783 5190 3877 5245 καὶ

598 5279 870 5346 Ἰωάννου.
895 5287 924 5338 ὁ
963 5285 1061 5353 μὲν
1100 5287 1349 5360 Ἰωάννης
1381 5292 1715 5364 πλατύτερον
1741 5293 2040 5364 διεξῆλθεν,
2070 5292 2224 5363 οὗτος
2261 5297 2340 5362 δὲ,
2373 5295 2572 5363 ὀλίγων
2606 5285 2990 5360 ὶπιμνησοεὶς.
3017 5281 3319 5354 ἀνωνύμως
3356 5280 3679 5350 παρῆλθεν.

663 5373 829 5432 Vens.
860 5376 1050 5433 25—35.
1088 5397 1107 5430 ι
1149 5378 1216 5435 Et
1255 5381 1373 5452 ipse
1400 5382 1535 5438 dixit
1567 5387 1632 5439 ad
1664 5402 1757 5441 eos
1789 5403 1803 5441 :
1854 5387 1897 5443 Ο
1925 5389 2074 5443 stulti
2115 5400 2171 5445 et

596 5465 736 5519 tardi
769 5467 933 5521 corde
983 5468 1054 5523 ad
1097 5470 1428 5527 credendum
1460 5473 1513 5528 in
1553 5475 1806 5532 omnibus
1836 5493 1955 5548 quas
2005 5478 2169 5536 locuti

595 5565 720 5610 sunt
748 5557 1060 5628 prophetas!
1107 5559 1292 5620 Nonne
1320 5564 1435 5621 hac
1463 5569 1703 5637 oportuit
1728 5571 1836 5640 pati
1863 5572 2167 5638 Christum,

597 5655 653 5704 et
679 5647 882 5706 intrare
913 5651 966 5708 in
995 5649 1220 5723 gloriam
1247 5656 1437 5713 suam?
1464 5656 1530 5712 Et
1583 5675 1810 5718 exorsus
1847 5677 1875 5717 a
1926 5663 2070 5723 Mose
2113 5678 2167 5722 ct

660 5811 722 5866 ’δι
747 5829 936 5888 Matth.
963 5845 1016 5900 ν,
1048 5829 1104 5888 ε.
1180 5833 1225 5866 ιο
1271 5833 1312 5889 ιι
1349 5833 1471 5891 Cor.
1506 5837 1746 5906 “11,21.

2358 5408 2375 5440 ι
2423 5388 2529 5441 Καὶ
2563 5384 2727 5446 αὐτὸς
2763 5377 2887 5436 εἷπε
2957 5380 3096 5451 πρὸς
3146 5375 3373 5439 αὐτούς’
3412 5369 3487 5428 Ὦ
3526 5373 3759 5444 ἀνόητοι
3786 5370 3876 5426 καὶ

2280 5481 2494 5553 βραδείς
2525 5480 2592 5550 τῇ
2623 5475 2824 5548 καρδία
2851 5471 2947 5527 τοῦ
2983 5470 3263 5524 πιστεύειν
3288 5467 3383 5521 in!
3408 5468 3608 5532 πᾶσιν,
3639 5459 3728 5532 οἷς
3754 5464 3876 5520 ἰλά-

2277 5574 2446 5644 λησαν
2494 5572 2544 5625 οί
2585 5569 2902 5641 προφῆται,
2960 5564 3082 5635 οὐχὶ
3137 5561 3314 5616 ταῦτα
3373 5560 3488 5615 ἔδει
3546 5559 3756 5616 παθεῖν
3791 5556 3878 5612 τὸν

2279 5663 2532 5735 Χριστὸν,
2577 5662 2671 5718 καὶ
2708 5658 2972 5714 είσελθεῖν
3020 5658 3099 5722 είς
3149 5655 3248 5727 τὴν
3291 5653 3457 5721 δόξαν
3505 5653 3725 5724 αὐτοῦς
3775 5651 3880 5709 Καὶ
