4046 6542
178 400 307 470 m7

869 402 1315 466 ENARRATIO
1357 401 1436 462 IN
1476 399 1986 463 EVANGELIUM
2026 403 2268 466 LUCJE.
2304 428 2374 440 -
2403 402 2562 465 CAP.
2604 403 2816 464 XXIV.

3344 393 3481 460 1118

174 513 481 587 ἀρξάμενος
515 514 624 570 ἀπὸ
659 515 923 583 Μωσέως,
955 519 1051 569 καὶ
1083 516 1194 569 ἀπὸ
1241 514 1467 569 πάντων
1499 512 1611 566 τῶν
1639 529 1770 582 προσ

1886 516 2138 570 omnibus
2171 515 2475 587 prophetis,
2509 514 2976 586 interpretabatur
3010 509 3117 566 illis
3142 509 3195 569 in
3230 508 3483 566 omnibus

176 607 390 680 φητῶν,
423 607 790 679 διηρμήνευεν
820 607 1007 670 αὐτοῖς
1037 609 1095 660 ὲν
1125 607 1330 668 πάσαις
1370 606 1493 668 ταῖς
1513 602 1774 676 Τραφαῖς

175 703 245 756 τὰ
279 702 413 774 περὶ⁸
464 700 683 756 ἑαυτοῦ.
738 701 851 756 Καὶ
909 703 1147 774 ἤγγισαν
1185 702 1264 763 είς
1319 698 1421 769 τὴν
1461 697 1658 769 κώμην
1709 682 1775 750 ὦ

178 797 531 868 ἐπορεύοντο.
589 794 702 848 Καὶ
750 795 913 858 αὐτὸς
988 794 1376 866 προσεποιεῖτο
1435 788 1777 863 πορρωτέρω

178 887 530 960 πορεύεσθαι.
584 889 696 942 Καὶ
769 887 1174 960 παρεϐιάσαντο
1234 887 1420 950 αὐτὸν,
1496 885 1774 953 λέγοντες·

176 982 376 1035 Μεῖνον
415 980 536 1051 μεθ’
571 980 752 1052 ἡμῶν,
791 983 872 1034 ὅτι
924 979 1059 1048 πρὸς
1096 981 1341 1050 ἐσπὲραν
1377 979 1515 1040 ἐστὶ,
1554 979 1650 1031 καὶ
1682 975 1780 1030 κέ-

173 1073 364 1125 κλικεν
395 1072 428 1142 ή
459 1071 674 1143 ἡμέρα·
707 1072 804 1126 καὶ
836 1070 1058 1139 εἰσῆλθε
1088 1069 1184 1123 τοῦ
1219 1072 1401 1141 μεῖναι
1435 1071 1534 1122 σὺν
1565 1068 1775 1130 αὐτοῖς.

174 1163 288 1218 Καὶ
317 1164 541 1232 ἐγένετο
575 1166 634 1218 ἐν
670 1164 747 1232 τῷ
777 1165 1178 1234 κατακλιθῆναι
1212 1163 1379 1217 αὑτὸν
1415 1164 1530 1233 μετ’
1567 1159 1774 1227 αὐτῶν,

173 1257 359 1311 λαϐὼν
388 1259 480 1314 τὸν
506 1260 674 1329 ἄρτον
709 1257 998 1326 εύλόγησε,
1036 1257 1130 1312 καὶ
1155 1256 1366 1320 κλάσας
1397 1254 1645 1309 ἐπεδίδου
1675 1253 1778 1306 αὑ-

177 1352 315 1413 τοῖς.
341 1351 530 1404 Αὐτῶν
552 1351 605 1404 δὲ
625 1349 1009 1421 διηνοίχθησαν
1031 1350 1080 1402 οί
1102 1348 1393 1418 όσθαλμοὶ,
1417 1349 1512 1400 καὶ
1536 1347 1780 1415 ἐπέγνω-

172 1458 277 1496 σαν
305 1443 490 1506 αὑτὸν,
514 1445 608 1496 καὶ
629 1442 791 1505 αὐτὸς
813 1442 1049 1510 ἄφαντος
1069 1443 1288 1510 ἐγένετο
1315 1441 1410 1496 ἀπ’
1433 1441 1640 1495 αὐτῶν.
1667 1439 1779 1493 Καὶ

173 1529 332 1588 εἷπον
362 1535 500 1606 πρὸς
525 1535 813 1605 ἀλλήλους·
857 1535 992 1605 Οὐχὶ
1021 1536 1054 1606 ἡ
1085 1533 1284 1604 καρδία
1305 1532 1466 1604 ἡμῶν
1501 1531 1773 1603 καιομένη

173 1621 242 1697 ἦν
277 1627 334 1680 ἐν
383 1629 514 1698 ἡμῖν
547 1627 622 1691 ὡς
657 1627 836 1680 ἐλάλει
881 1628 1014 1696 ἡμῖν
1042 1628 1100 1680 ὲν
1145 1629 1210 1697 τῇ
1249 1626 1377 1696 ὁδῷ,
1415 1626 1510 1680 καὶ
1551 1625 1627 1689 ώς
1660 1625 1781 1694 διή-

170 1737 358 1789 νοιγεν
395 1723 529 1791 ἡμῖν
576 1722 675 1784 τὰς
703 1721 960 1792 Γραφάς;
995 1721 1106 1774 Καὶ
1147 1721 1488 1784 ἀναστάντες
1537 1720 1676 1790 αὐτῇ
1708 1721 1776 1788 τῇ

170 1815 317 1886 ὥρᾳ,
350 1814 700 1884 ὑπέστρεψαν
730 1816 812 1877 είς
865 1813 1254 1884 Ἰερουσαλὴμ,
1285 1813 1382 1866 καὶ
1418 1808 1579 1884 εὖρον
1613 1829 1778 1882 συνη-

171 1906 536 1978 θροισμένους
569 1908 697 1970 τοὺς
725 1905 920 1959 ἕνδεκα.
947 1906 1042 1959 καὶ
1069 1906 1195 1970 τοὺς
1239 1907 1336 1959 σὺν
1366 1907 1550 1968 αὐτοῖς
1585 1903 1771 1972 λέγον-

169 2016 295 2065 τας,
330 2001 412 2053 ὅτι
448 1998 692 2070 Ἠγέρθη
725 2000 752 2051 ό
785 1997 988 2068 Κύριος
1008 1999 1197 2063 ὅντως,
1232 2000 1327 2054 καὶ
1351 1999 1507 2067 ῶσθη
1532 1997 1772 2067 Σίμωνι·

171 2094 270 2146 καὶ
309 2092 467 2145 αὐτοὶ
501 2090 798 2160 ἐξηγοῦντο
834 2089 902 2143 τὰ
939 2090 996 2157 ὲν
1026 2093 1092 2160 τῇ
1139 2089 1266 2160 ὁδῷ,
1302 2091 1392 2144 καὶ
1423 2089 1498 2152 ώς
1525 2088 1772 2158 ἐγνώσθη

171 2183 364 2249 αὐτοῖς
397 2185 455 2237 ἐν
475 2187 542 2254 τῇ
576 2182 770 2237 κλάσει
803 2183 898 2237 τοῦ
947 2181 1140 2256 ἄρτου.
1183 2202 1201 2236 ι
1252 2182 1472 2254 Ἐπειδὴ
1498 2181 1778 2253 ἀνθρωπί-

165 2294 280 2341 νως
310 2276 413 2341 τὰς
439 2277 666 2347 γνώμας
696 2277 996 2343 διέκειντο,
1030 2276 1126 2329 κα)⁴
1157 2275 1325 2329 πολὺν
1351 2277 1443 2327 τὸν
1473 2275 1775 2343 δισταγμὸν

167 2368 421 2432 ἐνόσουν,
468 2367 736 2437 ἀνοήτους
788 2368 990 2431 αὐτοὺς
1042 2366 1312 2421 ἀποκαλεῖ
1364 2370 1462 2421 καὶ
1520 2365 1772 2437 βραδεῖς,

165 2457 318 2513 ὥστε
370 2457 655 2512 πιστεύειν
704 2460 798 2512 ἐπὶ
831 2461 998 2513 πᾶσιν
1042 2455 1123 2522 οἷς
1167 2459 1438 2528 ἐλάλησαν
1472 2460 1521 2511 οἱ
1560 2459 1776 2529 προιρῆ-

163 2569 279 2607 ςαι·
317 2553 432 2606 ἐστι
475 2552 586 2624 γὰρ
640 2552 921 2607 πιστεύειν
975 2554 1068 2607 καὶ
1115 2554 1359 2626 μερικῶς
1394 2554 1484 2605 καὶ
1521 2552 1774 2607 καθόλου.

165 2642 322 2711 υίον,
372 2646 469 2699 ἐάν
520 2664 606 2711 τις
653 2646 748 2700 τὸν
796 2648 1036 2718 Χριστον
1088 2649 1182 2700 ἐπὶ
1228 2648 1473 2718 σωτηρὲᾳ
1503 2647 1596 2699 τοῦ
1643 2645 1776 2699 λαοῦ

170 2739 394 2802 ἐλπίζει
419 2738 663 2805 ἔσεσθαι,
700 2739 762 2792 ού
806 2739 992 2809 μέντοι
1024 2756 1088 2807 γε
1121 2740 1314 2810 ψυχιῗν
1347 2738 1615 2808 σωτηρίᾳ,
1659 2738 1778 2793 ἀλλ’

162 2833 616 2887 ἁποκαταστάσει
656 2830 751 2886 τοῦ
791 2831 978 2896 ἔθνους
1021 2831 1115 2884 τοῦ
1159 2831 1461 2885 Ἰουδαῖκοῦ
1509 2831 1597 2882 καὶ
1645 2831 1780 2884 ἀπο-

159 2924 478 2994 λυτρώσει,
530 2925 559 2978 ό
615 2923 859 2986 τοιοῦτος
917 2924 1014 2995 οὐχ
1055 2926 1176 2978 ὅσον
1216 2925 1297 2978 δεῖ
1339 2923 1641 2986 πιστεύειν,
1684 2941 1777 2975 πι-

167 3018 378 3071 στεύει.
414 3004 726 3082 Καὶάὖθις,
755 3019 805 3070 εἰ
830 3018 1080 3071 πιστεύει
1114 3017 1214 3088 μὲν
1242 3015 1321 3088 τῷ
1353 3016 1514 3071 Δαυῒδ
1541 3016 1777 3084 λέγοντι,

171 3128 193 3161 ι
243 3109 482 3180 Ὠρυξαν
538 3111 731 3179 χεῖράς
785 3125 890 3179 μου
948 3109 1041 3164 καὶ
1101 3109 1264 3169 πόδας
1318 3125 1444 3177 μου,
1503 3127 1522 3160 ι
1574 3108 1669 3161 καὶ
1709 3106 1780 3159 τὰ

1805 1863 1854 1924 Β

1883 607 1934 662 S.
1959 608 2179 678 ripturis
2205 624 2326 680 qua:
2351 612 2416 664 de
2449 611 2566 680 ipso
2598 619 2776 664 erant.
2807 607 2870 662 Et
2903 604 3487 676 appropinquaverunt

1880 702 2104 757 castello
2131 717 2238 772 quo
2271 702 2443 756 ibant.
2476 702 2538 755 Et
2568 701 2685 770 ipse
2708 715 2820 769 prae
2848 714 2911 753 se
2944 697 3157 753 ferebat
3186 711 3247 752 se
3273 693 3488 766 longius

1881 794 1981 849 ire.
2012 793 2080 849 Et
2116 805 2416 865 coegerunt
2445 794 2622 858 illum,
2663 794 2913 849 dicentes
2944 810 2957 846 :
2990 791 3148 846 Mane
3175 788 3484 851 nobiscum,

1880 888 2136 955 quoniam
2163 889 2340 959 vergit
2371 889 2438 943 ad
2465 903 2776 958 vesperam,
2815 895 2868 942 et
2900 884 3204 940 inclinatus
3234 890 3318 937 est
3345 880 3483 935 dies.

1881 981 1949 1036 Et
1975 981 2199 1036 intravit
2225 991 2287 1036 ut
2317 991 2563 1037 maneret
2594 995 2717 1036 cum
2749 978 2877 1034 illis.
2911 976 2977 1031 Et
3011 977 3216 1031 factum
3245 982 3330 1028 est
3358 974 3483 1026 dum

1882 1078 2228 1132 occumberet
2262 1074 2431 1148 494
2453 1090 2578 1130 cum
2614 1074 2714 1138 eis,
2754 1073 2969 1141 accepit
3001 1083 3195 1141 panem
3225 1077 3281 1122 et
3319 1065 3484 1119 benc-

1882 1169 2018 1224 dixit
2051 1185 2117 1225 ac
2167 1169 2368 1241 fregit,
2407 1179 2462 1224 et
2493 1167 2809 1239 porrigebat
2852 1165 2980 1220 illis.
3033 1163 3099 1218 Et
3146 1158 3319 1232 aperti
3356 1165 3483 1213 sunt

1881 1263 2022 1318 oculi
2055 1278 2270 1329 eorum,
2309 1273 2364 1318 et
2396 1269 2741 1332 agnoverunt
2765 1270 2914 1324 eum,
2946 1268 3001 1314 ct
3049 1257 3167 1328 ipse
3203 1251 3424 1310 evanuit
3455 1264 3483 1303 a

1882 1364 2181 1426 conspectu
2214 1370 2431 1411 eorum.
2467 1353 2535 1408 Et
2566 1353 2828 1410 dixerunt
2859 1351 3004 1406 inter
3027 1364 3086 1406 se
3123 1367 3136 1403 :
3172 1345 3365 1401 Nonne
3394 1359 3490 1400 cor

1884 1459 2136 1504 nostrum
2177 1448 2407 1504 ardebat
2452 1449 2507 1503 in
2563 1448 2721 1503 nobis
2777 1447 2904 1501 dum
2958 1444 3279 1514 loqueretur
3333 1441 3492 1494 nobis

1885 1547 1938 1598 in
1972 1543 2079 1605 via,
2115 1554 2169 1599 et
2203 1542 2446 1612 aperiret
2477 1541 2639 1596 nobis
2672 1536 3033 1609 Scripturas?
3083 1536 3150 1592 Et
3197 1541 3491 1605 surgentes

1883 1639 2070 1691 eadem
2099 1636 2256 1702 hora,
2295 1635 2532 1706 regressi
2585 1644 2714 1689 sunt
2750 1636 2802 1686 in
2839 1630 3217 1701 Hierosolyma
3249 1636 3302 1681 et
3327 1626 3487 1679 inve-

1888 1737 2088 1783 nerunt
2123 1736 2487 1798 congregatos
2520 1726 2803 1792 undecim,
2845 1733 2898 1778 et
2939 1737 3037 1777 eos
3074 1721 3170 1791 qui
3213 1733 3337 1775 cum
3385 1715 3491 1768 illis

1886 1831 2064 1886 erant,
2109 1821 2402 1877 dicentes:
2444 1819 2696 1874 Surrexit
2743 1817 3008 1874 Dominus
3035 1829 3186 1880 vere,
3235 1819 3290 1868 et
3321 1821 3490 1879 appa-

1884 1915 1992 1970 ruit
2026 1912 2261 1970 Simoni.
2305 1911 2371 1967 Et
2408 1911 2511 1980 ipsi
2549 1911 2849 1966 narrabant
2881 1923 3007 1980 qua;
3048 1913 3200 1977 gesta
3234 1911 3391 1958 erant
3433 1899 3489 1953 in

1881 2009 1964 2062 via
1991 2048 2006 2072 ,
2038 2017 2092 2061 et
2125 2005 2402 2076 quomodo
2452 2002 2652 2058 fuisset
2691 2002 2912 2074 agnitus
2956 1999 3058 2055 sibi
3111 2012 3181 2052 ex
3221 1993 3492 2050 lractione

1880 2103 2053 2173 panis.
2095 2121 2114 2155 ›
2153 2100 2424 2168 Quoniam
2455 2108 2636 2154 mente
2659 2098 2898 2154 humano
2921 2109 3074 2150 more
3106 2090 3287 2147 all‘ecti
3311 2095 3490 2152 erant,

1881 2195 2162 2264 multaque
2212 2193 2555 2248 dubitatione
2598 2191 2959 2254 laborabant,
3009 2187 3214 2245 stultos
3246 2192 3408 2240 vocat
3438 2191 3493 2236 et

1881 2288 2066 2343 tardos
2093 2288 2160 2341 ad
2190 2286 2526 2341 credendum
2554 2284 2608 2338 in
2636 2281 2895 2339 omnibus
2921 2295 3042 2350 quae
3069 2276 3242 2333 locuti
3271 2275 3491 2330 fuerant

1880 2379 2176 2450 prophetzc.
2203 2377 2446 2433 Credere
2489 2377 2635 2431 enim
2675 2387 2974 2446 possumus
3005 2381 3059 2425 et
3100 2385 3168 2424 ex
3218 2376 3396 2439 parte,
3436 2377 3492 2420 et

1881 2472 1934 2526 in
1968 2481 2136 2526 totum
2166 2487 2180 2526 :
2215 2479 2272 2524 ut
2315 2469 2358 2524 si
2407 2469 2531 2540 quis
2569 2475 2757 2538 speret
2821 2466 3101 2521 Christum
3147 2463 3200 2516 in
3257 2461 3492 2517 salutem

1880 2564 2062 2635 populi
2107 2570 2423 2628 venturum,
2482 2577 2589 2616 non
2624 2562 2678 2616 in
2731 2559 2965 2617 salutem
3012 2557 3351 2618 animarum,
3394 2552 3492 2608 sed

1880 2656 2284 2712 restitutionem
2313 2664 2368 2710 et
2397 2653 2773 2710 liberationem
2805 2651 2983 2721 populi
3011 2647 3253 2712 Judaici,
3313 2644 3359 2700 is
3387 2658 3493 2699 non

1883 2759 2146 2819 quantum
2176 2755 2393 2818 oportet
2423 2746 2682 2812 credere,
2714 2744 2914 2800 credit.
2951 2741 3018 2797 Et
3045 2755 3238 2798 rursus
3273 2738 3321 2794 si
3371 2737 3498 2806 quis

1883 2843 2073 2899 credat
2123 2842 2310 2896 Davidl
2338 2839 2584 2895 dicenti:
2625 2855 2643 2890 ι
2692 2836 2970 2892 Fuderunt
3005 2848 3198 2888 manus
3246 2845 3398 2885 meas
3428 2839 3487 2884 et

1883 2938 2049 3004 pedes
2069 2949 2221 2992 meos
2244 2935 2344 3000 ",i
2368 2945 2426 2988 et
2479 2943 2677 2988 caetera
2713 2946 2835 3001 quae
2865 2931 2930 2985 de
2956 2942 3121 2983 cruce
3149 2937 3205 2981 et
3229 2923 3351 2979 aliis
3377 2937 3500 2992 qure

1885 3030 1939 3084 in
1969 3043 2137 3084 cruce
2182 3026 2323 3082 facta
2363 3034 2514 3092 sunt,
2560 3036 2822 3095 tanquam
2873 3037 2940 3078 ex
2993 3034 3227 3091 persona
3278 3014 3492 3070 Domini

1885 3121 2174 3198 prmdicta,
2210 3128 2265 3176 et
2311 3118 2509 3189 recipit
2534 3131 2600 3172 ea
2639 3131 2764 3186 qua!
2793 3116 2860 3170 de
2903 3113 3160 3186 passione
3208 3110 3494 3171 dicuntur,

161 3202 341 3256 λοιπὰ
377 3203 474 3256 ὅσα
506 3203 635 3274 περὶ
673 3201 768 3256 τοῦ
802 3201 1038 3273 σταυροῦ
1079 3200 1175 3254 καὶ
1205 3201 1316 3254 τῶν
1356 3201 1415 3252 ἐν
1444 3197 1522 3269 τῷ
1559 3194 1779 3268 σταυρῷ

1887 3229 1950 3270 ea
1984 3194 2169 3268 autem
2206 3226 2328 3282 quae
2370 3212 2437 3266 de
2479 3209 2917 3270 resurrectione,
2951 3220 3056 3260 non
3091 3211 3271 3268 curat,
3304 3203 3381 3255 uti
3411 3208 3499 3254 est

161 3296 247 3359 ὡς
285 3297 351 3348 ἐκ
373 3294 670 3367 προσώπου
697 3295 792 3349 τοῦ
837 3294 1044 3367 Κυρίου
1080 3294 1441 3366 προφητεύει,
1495 3293 1590 3346 καὶ
1620 3291 1774 3364 δέκε-

159 3410 267 3447 ται
307 3391 376 3445 τὰ
403 3391 533 3463 περὶ
557 3389 654 3446 τοῦ
694 3389 925 3458 πάθους,
953 3387 1023 3442 τὰ
1044 3387 1102 3443 δὲ
1134 3387 1264 3457 περὶ
1292 3387 1393 3456 τῆς
1424 3385 1777 3448 ἀναστάσεως

160 3481 236 3534 οὑ
271 3477 550 3548 λογίζεται
573 3519 590 3542 ,
624 3477 736 3534 οῖον
768 3478 830 3534 τὺ
853 3520 866 3543 ,
916 3496 935 3531 ι
976 3479 1050 3534 Ού
1095 3477 1289 3540 δώσεις
1332 3478 1423 3530 τὸν
1448 3477 1638 3531 ’Ὀσιόν
1683 3493 1776 3530 σου

166 3575 314 3628 ἰδεῖν
363 3573 685 3646 διαφθορὰν,
727 3593 746 3625 ι
784 3571 879 3625 καὶ
905 3571 988 3633 τὸ,
1025 3589 1043 3623 t
1084 3571 1199 3625 Ούκ
1228 3568 1663 3638 ἐγκαταλείψεις
1680 3568 1780 3638 τὴν

160 3669 362 3739 ψυχήν
415 3685 516 3738 μου
544 3667 624 3731 είς
656 3663 820 3738 ᾅδην,
858 3683 879 3720 ι
931 3665 1028 3719 καὶ
1070 3663 1154 3731 τὸ,
1199 3682 1218 3717 ι
1273 3664 1362 3717 Ἐν
1389 3665 1605 3735 νεκροῖς
1629 3661 1782 3715 nec-

166 3758 344 3830 Θερος
367 3797 382 3821 ,
415 3776 434 3834 ι
465 3758 562 3812 καὶ
593 3757 676 3824 τὸ,
711 3775 730 3808 ι
782 3756 1026 3824 Ἐξάγων
1057 3753 1496 3824 πεπεδημένους,
1530 3754 1625 3807 καὶ
1651 3753 1781 3815 τοὺς

157 3848 568 3913 κατοικοῦντας
604 3850 661 3901 ὲν
690 3848 914 3917 τάφοις,
971 3865 989 3899 ι
1035 3846 1130 3900 καὶ
1176 3845 1245 3897 τὰ
1274 3846 1532 3898 τοιαῦτα·
1584 3845 1646 3897 ού
1693 3861 1782 3896 τε·

158 3943 334 3998 λείαν
367 3943 553 3996 πίστιν
605 3941 719 4014 ἔχει
741 3981 755 4004 ,
791 3941 906 3994 ἀλλ’
943 3943 1006 3995 ὲκ
1044 3940 1270 4009 μέρους.
1297 3941 1388 3991 Δεῖ
1415 3938 1471 3991 δὲ
1503 3937 1600 3991 ἐπὶ
1644 3939 1780 3991 πᾶσι

161 4037 294 4098 τοῖς
327 4032 391 4087 τε
437 4033 534 4103 τῆς
582 4032 845 4104 ἀτιμίας,
883 4035 996 4096 τοῖς
1032 4048 1090 4084 τε
1141 4031 1242 4101 τῆς
1295 4030 1455 4101 δόξης
1501 4029 1783 4084 πιστεύειν

159 4130 296 4190 τοῖς
359 4126 691 4196 προφήταις.
745 4125 894 4180 Ἔδει
946 4124 1058 4197 γὰρ
1107 4125 1200 4178 τὸν
1251 4123 1491 4194 Χριστὸν
1542 4125 1779 4177 παθεῖν’

161 4217 348 4274 τοῦτο
381 4218 478 4289 τῆς
509 4217 738 4288 ἀτιμίας
758 4234 771 4248 ·
801 4215 936 4269 ἀλλά
963 4218 1059 4270 καὶ
1091 4216 1354 4270 εἰσελθεῖν
1385 4217 1467 4279 είς
1500 4214 1600 4272 τὴν
1623 4213 1784 4279 δόξαν

161 4309 354 4367 αὑτοῦ
384 4323 400 4340 ⁸
426 4311 587 4364 τοῦτο
612 4309 671 4364 τὸ
719 4306 951 4374 ἔνδοξον.
1001 4306 1193 4378 Ὑμεῖς
1245 4309 1301 4361 δὲ
1339 4307 1515 4372 οὕτως
1566 4306 1785 4380 ἀνόητοί

158 4410 333 4471 ἐστε,
372 4405 515 4459 ὥστε
561 4404 783 4458 ’11σαῖου
809 4402 1102 4465 ἀκούοντες
1155 4399 1408 4469 λέγοντος
1453 4401 1780 4472 ἀμφότερα,

158 4504 268 4559 ἵκει
297 4518 360 4554 τε
398 4501 479 4564 είς
521 4499 735 4571 σφαγὴν
784 4497 926 4570 ἤχθη
951 4539 964 4564 ,
998 4498 1093 4551 καὶ
1140 4497 1223 4550 ὅτι
1271 4497 1476 4567 Κύριος
1531 4496 1784 4566 βούλεται

1884 3309 2008 3373 hoc,
2054 3326 2073 3359 ι
2116 3305 2234 3362 Non
2269 3303 2424 3361 dabis
2477 3300 2744 3358 Sanctum
2779 3308 2934 3355 tuum
2976 3297 3162 3351 videre
3191 3290 3500 3361 corruptio-

1885 3416 2007 3456 nem
2031 3398 2098 3452 “.
2163 3417 2182 3450 ι
2225 3397 2290 3452 Et
2340 3395 2512 3461 illud,
2577 3413 2597 3446 ι
2674 3391 2794 3448 Non
2856 3389 3205 3457 derelinquas
3257 3384 3498 3441 animam

1884 3508 2062 3547 meam
2098 3492 2149 3544 iu
2187 3487 2402 3543 inferno
2425 3487 2492 3542 δ’.
2541 3506 2558 3539 ι
2601 3485 2666 3540 Et
2719 3485 2960 3548 iterum,
3003 3501 3022 3535 ι
3062 3479 3214 3537 Inter
3251 3489 3500 3534 mortuos

1886 3584 2103 3640 liber".
2121 3602 2199 3636 »οι
2227 3580 2459 3644 Etillud,
2483 3599 2502 3632 ι
2530 3580 2784 3634 Educens
2803 3577 3015 3633 vinctos
3036 3588 3090 3629 et
3109 3572 3418 3629 habitantes
3443 3572 3497 3626 in

1886 3677 2236 3749 sepulcris“.
2270 3693 2289 3727 ι
2319 3683 2370 3730 et
2402 3672 2636 3727 similia:
2667 3688 2772 3728 non
2795 3669 2960 3725 habet
2987 3667 3285 3738 perlectam
3313 3666 3498 3729 (idem,

1886 3776 1982 3831 sed
2015 3789 2080 3828 ex
2127 3778 2306 3838 parte.
2349 3766 2576 3839 Oportet
2625 3775 2810 3819 autem
2869 3763 2922 3817 iu
2963 3761 3222 3816 omnibus
3266 3767 3375 3812 tam
3414 3758 3501 3813 his

1887 3882 2008 3937 qua:
2054 3865 2241 3933 gloria:
2290 3870 2458 3926 sunt,
2490 3875 2655 3931 quam
2709 3873 2832 3929 qua:
2880 3854 3235 3926 ignominiaa,
3269 3852 3501 3908 credere

1891 3960 2197 4033 praphetis.
2237 3955 2540 4026 Oportebat
2570 3953 2718 4007 enim
2764 3959 2819 4008 et
2859 3948 3140 4006 Christum
3174 3945 3308 4015 pati,
3353 3947 3499 4015 quod

1890 4059 1976 4105 est
2006 4048 2364 4118 ignominias:
2408 4055 2459 4099 et
2499 4045 2708 4100 intrare
2759 4043 2811 4097 in
2867 4040 3096 4108 gloriam
3148 4053 3328 4100 suam,
3357 4037 3503 4107 quod

1888 4152 1972 4198 est
1998 4141 2204 4213 εισι-ίαν.
2231 4137 2338 4194 Vos
2363 4147 2546 4192 autem
2571 4137 2647 4192 sic
2672 4133 2822 4190 stulti
2847 4132 3003 4198 estis,
3029 4141 3092 4185 ut
3144 4145 3268 4185 cum
3298 4128 3500 4184 Isaiam

1892 4225 2126 4307 utraque
2159 4234 2431 4290 dicentem
2465 4231 2728 4295 audiatis,
2764 4237 2821 4283 et
2866 4228 3012 4297 quod
3060 4224 3127 4279 ad
3164 4223 3500 4279 occisionem

1893 4329 2090 4382 ductus
2126 4324 2221 4387 sit,
2263 4333 2317 4378 et
2350 4321 2497 4392 quod
2536 4319 2805 4375 Dominus
2837 4317 2970 4373 velit
3003 4318 3053 4370 ei
3090 4314 3386 4371 ostendere
3416 4313 3497 4367 lu-

1894 4434 2016 4474 men
2040 4419 2114 4483 ",
2156 4417 2287 4472 illud
2323 4415 2544 4486 quidem
2572 4412 2838 4484 recipitis,
2863 4411 2967 4466 hoc
2997 4417 3182 4464 autem
3211 4405 3500 4478 respuitis.

1893 4511 1960 4567 Et
1985 4513 2130 4582 quod
2167 4509 2492 4564 vulneratus
2513 4506 2737 4578 quidem
2779 4505 2873 4568 sit,
2904 4503 3131 4558 creditis
3166 4519 3181 4555 :
3213 4501 3359 4572 quod
3401 4516 3506 4555 au-

155 4592 361 4658 δεῖξαι
395 4591 547 4663 αὐτῷ
583 4570 723 4658 φῶς,
760 4589 940 4642 ἐκεῖνο
975 4587 1074 4656 μὲν
1118 4585 1364 4656 δέχεσθε,
1415 4583 1574 4638 τοῦτο
1602 4583 1660 4637 δὲ
1705 4583 1779 4654 μὴ

1891 4617 1997 4660 tem
2033 4604 2293 4659 Dominus
2330 4599 2459 4655 velit
2499 4614 2625 4654 eum
2661 4597 2953 4669 purificare
2993 4610 3023 4650 a
3078 4570 3259 4666 plaga,
3321 4593 3507 4648 animo

157 4680 510 4752 λογίζεσθε·
547 4682 643 4734 καὶ
689 4681 772 4735 ὅτι
822 4678 920 4750 μὲν
955 4676 1424 4749 μεμωλώπισται,
1460 4677 1777 4731 πιστεύειν·

159 4780 268 4834 ὅτι
327 4777 386 4830 δὲ
429 4775 635 4847 Κύριος
691 4773 946 4845 βούλεται
982 4771 1280 4842 καθαρίσαι
1330 4771 1492 4824 αὑτὸν
1543 4771 1650 4825 ἀπὸ
1681 4771 1782 4841 τῆς

160 4871 448 4941 πληγῆς,
487 4869 563 4941 μὴ
602 4869 966 4941 προσεννοεῖν.
1013 4866 1157 4921 Ἀλλ’
1191 4866 1346 4932 ἐπεὶ,
1399 4865 1587 4934 φησὶν,
1628 4866 1786 4935 ὑμεῖς

155 4964 431 5036 ἀνόητοι,
472 4963 592 5036 ητοι
619 4961 840 5033 βραδεῖς
862 4978 876 4992 ·
910 4962 958 5014 εί
991 4959 1102 5030 γὰρ
1128 4959 1348 5030 ἀνόητοι
1379 4953 1543 5029 ἦσαν,
1581 4959 1688 5010 οὐδ’
1719 4957 1786 5011 ἂν

153 5059 297 5116 οὐδ’
333 5056 499 5120 αὐτὸς
549 5055 728 5110 ἐλάλει
785 5055 1004 5118 αὐτοῖς·
1054 5053 1178 5108 ἐπεὶ
1225 5052 1318 5107 οὖν
1359 5053 1576 5126 βραδεῖς
1634 5053 1793 5124 ὑμεῖς

153 5157 349 5218 ἐστι,
412 5146 525 5218 ἐγὼ
577 5145 927 5202 διαδαστάσω
977 5147 1078 5216 τὴν
1145 5144 1302 5216 ὑμῶν
1361 5146 1624 5209 διάνοιαν,
1699 5145 1794 5198 καὶ

161 5233 337 5300 νοεῖν
385 5242 556 5309 ὀξέως
593 5247 828 5314 ποιήσω.
863 5241 956 5294 Διὸ
991 5242 1086 5295 καὶ
1127 5240 1237 5295 ἀπὸ
1273 5239 1520 5302 Μωσέως
1560 5241 1656 5294 καὶ
1686 5239 1794 5292 ἀπὸ

153 5339 416 5396 πάντων
457 5335 570 5390 τῶν
610 5334 909 5408 προφητῶν
948 5335 1321 5407 διηρμήνευεν
1361 5335 1549 5397 αὐτοῖς
1575 5351 1588 5361 ·
1640 5332 1703 5386 τό
1733 5349 1793 5386 τε

155 5430 302 5502 γὰρ
349 5430 452 5498 τῆς
512 5427 772 5499 Ἀδραάμ
835 5426 1027 5492 θυσίας
1081 5428 1406 5498 μυστήριον,
1459 5427 1542 5480 ὅτι
1605 5425 1795 5479 Ἰσαὰκ

1891 4709 1998 4748 non
2031 4690 2386 4763 perpenditis.
2433 4687 2539 4743 Sed
2564 4689 2708 4758 quod
2735 4689 2906 4743 dicit:
2964 4686 3072 4742 Vos
3103 4683 3260 4740 stulti
3320 4683 3459 4738 estis
3490 4721 3505 4736 .

1893 4787 2114 4855 signat,
2153 4781 2315 4836 Tardi
2358 4781 2539 4847 estis;
2578 4794 2704 4834 nam
2740 4779 2786 4834 si
2831 4778 2979 4834 stulti
3017 4776 3247 4832 fuissent
3272 4813 3288 4840 ,
3331 4787 3511 4844 neque

1896 4881 2012 4949 ipse
2040 4875 2121 4930 eis
2156 4874 2352 4929 luisset
2387 4875 2623 4927 locutus.
2655 4869 2727 4924 At
2769 4869 2894 4938 quia
2925 4868 3064 4923 tardi
3094 4866 3228 4922 estis
3259 4875 3381 4931 ‘vos,
3408 4878 3511 4936 ego

1900 4977 2138 5022 mentem
2174 4972 2414 5020 vestram
2449 4963 2671 5018 acutius
2704 4961 2894 5018 videre
2942 4961 3164 5016 faciam.
3211 4957 3363 5015 Unde
3391 4967 3445 5013 et
3478 4971 3508 5009 a

1899 5059 2048 5115 Muse
2089 5071 2145 5113 et
2203 5059 2271 5112 ab
2316 5058 2576 5111 omnibus
2623 5055 2907 5127 prophetis
2958 5055 3357 5123 interpretatur
3403 5054 3508 5114 eis,

1898 5169 2094 5224 nempe
2147 5153 2468 5226 mysterium
2523 5151 2782 5207 sacrillcii
2838 5149 3108 5211 Abrahae,
3154 5146 3376 5217 quando
3425 5145 3512 5200 di-

1898 5247 2073 5303 misso
2107 5244 2282 5312 lsaac,
2314 5246 2460 5301 aries
2493 5244 2812 5299 immolatus
2845 5253 2930 5299 est
2960 5242 3030 5301 ’³.
3067 5239 3194 5296 Haec
3227 5240 3376 5295 enim
3422 5253 3511 5294 res

1900 5339 2208 5394 dominicas
2266 5337 2674 5412 preligurabat.
2708 5337 2864 5390 Sicut
2904 5335 3070 5389 etiam
3103 5335 3219 5402 ipse
3249 5319 3512 5387 Dominus

1898 5432 2030 5486 dicit
2062 5432 2263 5487 vidisse
2281 5432 2558 5486 Abraham
2590 5430 2734 5485 diem
2774 5443 2962 5492 suum,
3010 5434 3068 5481 et
3102 5425 3413 5482 exsultasse
3434 5419 3504 5477 ⁸⁸.

151 5520 513 5592 ἀφεθέντος,
543 5519 698 5592 κριὸς
748 5519 937 5591 ἐτύθη,
972 5520 1147 5574 ταῦτα
1185 5522 1252 5574 τὰ
1280 5519 1424 5574 κατὰ
1453 5520 1544 5574 τὸν
1592 5519 1779 5587 Κύριοι

1903 5523 1971 5578 Et
1995 5519 2164 5576 illud:
2196 5541 2214 5575 ι
2253 5521 2524 5578 Videbitis
2543 5521 2710 5576 vitam
2739 5530 2986 5576 nostrain
3015 5519 3343 5588 pendentem
3358 5516 3404 5550 "
3435 5533 3450 5572 :
3485 5533 3506 5568 ι

154 5615 534 5690 προετύπου,
571 5615 646 5680 ὡς
674 5615 770 5669 καὶ
808 5616 973 5681 αὐτὸς
1005 5617 1032 5670 ὁ
1063 5615 1269 5685 Κύριός
1317 5633 1506 5687 φησιν,
1546 5615 1676 5669 ἰδεῖν
1712 5614 1779 5668 τὸ·

1907 5615 2103 5686 inquo
2135 5625 2189 5672 et
2217 5615 2634 5671 cruciﬁxionem
2687 5610 2986 5684 significat.
3039 5608 3368 5680 pendentem
3421 5604 3510 5662 di-

273 5822 318 5852 "
351 5815 500 5872 l’ssl.
545 5832 664 5879 xxv,
709 5817 798 5873 t7.

880 5815 925 5850 “
960 5815 1102 5873 Palll.
1140 5832 1228 5877 μ’,
1281 5817 1360 5870 l0.
1441 5818 1486 5850 ⁸³
1543 5816 1677 5872 Ibid.-
1756 5815 1803 5849 ⁸⁸
1865 5814 2010 5882 Ρειιι.
2069 5831 2313 5883 nuru,
2361 5813 2414 5870 θ.
2494 5814 2538 5848 ⁸⁸
2589 5811 2732 5872 Psal.
2785 5811 3033 5880 uvn,7.
3105 5807 3509 5881 "lsa.utt,7.

149 5897 225 5933 "'
251 5893 393 5950 Gut.
420 5890 664 5954 mulo.
742 5887 960 5947 “Joan.
999 5903 1114 5951 \lll,
1157 5889 1245 5943 5;}.
1327 5889 1371 5921 "
1406 5889 1561 5944 Dcut.
1597 5904 1792 5954 xxvnt,
1846 5887 1937 5946 66.
