4046 6528
258 394 394 461 lll9

948 394 1401 458 ENARRATIO
1444 394 1525 456 IN
1573 392 2081 457 BVANGELIUM
2116 392 2474 454 Jt).\NNlS.
2517 418 2582 427 -
2613 393 2781 455 CAP.
2826 392 2875 455 ῐ.

3473 392 3615 465 1150

256 502 669 561 πιστεύσωσιν
727 505 775 558 εί
828 504 885 559 δὲ
924 506 1001 578 μὴ
1032 504 1195 562 τοῦτο
1246 504 1455 576 ὰπέὸη,
1506 506 1607 560 οὒκ
1659 505 1871 567 ἐκεῖνος

1991 505 2080 560 'uit
2116 502 2385 571 Joannes,
2446 515 2505 558 ut
2551 519 2748 563 otnncs
2808 505 3085 560 credant:
3120 506 3374 576 quamvis
3423 520 3609 567 autem

255 598 452 662 αἴτιος.

332 711 352 744 ι
392 692 509 747 Οὐκ
540 686 611 764 ἦν
654 692 862 757 lascivo;
914 691 975 747 τὺ
1025 693 1164 763 φῶς,
1218 692 1335 747 ἀλλ’
1386 691 1475 747 ἵνα
1533 692 1872 765 μαρτυρήσῃ

254 786 389 857 περὶ
421 784 519 839 τοῦ
556 786 755 856 φωτός.
798 804 817 838 ι
863 785 1089 859 Ἐπειδὴ
1120 786 1197 852 ὡς
1236 788 1333 841 ἐπὶ
1388 786 1525 842 πολὺ
1574 785 1871 857 συμῦαίνει

254 881 346 935 τὶν
369 881 759 955 μαρτυροῦντα
781 884 1071 957 κρείττονα
1096 882 1239 938 εἷναι
1259 886 1355 939 τοῦ
1383 883 1869 957 μαρτυρουμένου,

257 974 347 1029 ἵνα
378 976 453 1047 μὴ
486 972 738 1051 νομίσῃς,
779 978 862 1032 ὅτι
914 979 1007 1032 καὶ
1053 977 1312 1048 Ἰωάννης
1348 977 1648 1049 μαρτυρῶν
1692 973 1870 1050 [περὶ]

254 1066 497 1137 Χριστοῦ
546 1070 817 1141 κρείττων
865 1069 1035 1123 αὑτοῦ
1084 1065 1181 1142 ἦν’
1220 1070 1321 1141 τὴν
1362 1072 1616 1143 πονηρὰν
1659 1070 1871 1141 ταύτην

256 1157 495 1230 ὑποψίαν
529 1162 858 1235 περιαιρῶν,
883 1163 1051 1235 φησίν
1072 1180 1087 1195 ·
1125 1166 1239 1219 Οὐκ
1272 1161 1343 1237 ἦν
1379 1167 1589 1229 ἐκεῖνος
1631 1164 1692 1219 τὸ
1726 1164 1867 1235 φῶς.

265 1254 407 1309 Ἀλλ’
442 1256 588 1311 εἴποι
635 1256 705 1311 ἄν
737 1272 848 1321 τις*
893 1251 1044 1329 Ἀρα
1090 1258 1212 1313 οὐδὲ
1262 1259 1355 1313 τὸν
1423 1261 1707 1331 Ἰωάννην,
1744 1257 1872 1313 οὔτε

251 1348 378 1401 τινὰ
405 1348 567 1403 ἄλλον
592 1348 703 1403 τῶν
738 1349 912 1418 ἁγίων
941 1352 1196 1422 είποιμεν
1226 1352 1381 1422 φῶς;
1412 1350 1534 1416 Φῶς
1570 1354 1673 1424 μὲν
1698 1354 1873 1407 εἴποι-

255 1456 359 1509 μεν
384 1440 619 1495 ἕκαστον
649 1441 759 1496 τῶν
788 1443 995 1511 ἁγίων·
1025 1443 1087 1498 τὸ
1132 1444 1251 1515 φῶς
1295 1446 1351 1499 δὲ
1386 1447 1488 1501 οὐκ
1518 1445 1584 1501 ἂν
1617 1446 1873 1518 εἴποιμεν

254 1531 399 1603 μετὰ
452 1531 545 1586 τοῦ
592 1532 822 1604 ἄρθρου.
858 1526 1005 1599 Οἷον,
1042 1536 1138 1590 ἐάν
1176 1554 1237 1591 σε
1290 1536 1470 1609 ἔροιτό
1503 1556 1627 1603 τις·
1657 1534 1804 1611 Ἆρα
1845 1539 1874 1593 6

264 1626 524 1699 Ἰωάννης
566 1629 683 1701 φῶς
718 1630 868 1699 tam;
906 1632 1276 1687 κατάνευσον·
1329 1635 1379 1687 εί
1428 1632 1484 1686 δὲ
1524 1631 1701 1697 οὕτως
1731 1635 1874 1704 ἐρω-

252 1722 436 1791 τήσειν
467 1719 616 1794 Ἀρα
659 1726 688 1778 6
736 1726 995 1796 Ἰωάννης
1023 1726 1085 1780 τὸ
1126 1727 1243 1797 φῶς
1273 1728 1456 1793 tactv;
1480 1727 1626 1792 εἰπὲ,
1661 1726 1761 1783 Οὔ.
1795 1726 1873 1782 Ού

250 1811 363 1884 γάρ
401 1812 551 1868 ιστιν
597 1814 763 1879 αὐτὸς
808 1815 871 1871 τὸ
920 1815 1035 1888 φῶς
1085 1818 1317 1887 κυρίως,
1363 1818 1503 1872 ἀλλὰ
1550 1817 1669 1888 φῶς
1724 1817 1870 1873 κατὰ

254 1910 514 1979 μετοχὴν,
552 1908 675 1981 ἕχον
710 1909 812 1982 τὴν
861 1909 1071 1982 λάμψιν
1123 1914 1189 1966 ἑκ
1238 1912 1335 1967 τοῦ
1368 1914 1629 1987 ἀληθινοῦ
1667 1912 1871 1984 φωτός.

331 2020 351 2056 r
388 1996 496 2057 Ἦν
518 2003 577 2058 1:6
606 2004 723 2073 φῶς
745 2004 805 2060 τὸ
828 2005 1109 2080 ἀληθινὸν,
1138 2007 1168 2061 6
1194 2008 1424 2077 φωτίζει
1454 2010 1636 2064 πάντα
1662 2008 1879 2080 ἄνθρω-

252 2113 360 2152 πον
391 2097 691 2170 ιρχόμενον
720 2099 803 2163 είς
846 2098 940 2155 τὸν
976 2100 1209 2172 κόσμον.
1245 2120 1263 2153 ι
1293 2102 1500 2157 Μέλλει
1538 2104 1717 2157 εἰπεῖν
1747 2104 1877 2174 περὶ

251 2188 357 2260 τῆς
391 2192 664 2259 ὲνσάρκου
707 2193 1025 2265 οἰκονομίας
1057 2194 1154 2248 τοῦ
1187 2194 1559 2265 Μονογενοῦς,
1590 2186 1675 2251 ὅτι
1713 2192 1878 2269 ἦλθεν

256 2283 341 2349 είς
371 2286 440 2339 τὰ
471 2285 602 2354 ῐδια,
633 2286 716 2341 ὅτι
748 2288 890 2359 σὰρξ
913 2289 1159 2355 ἐγένετο.
1192 2288 1314 2343 ἰνα
1340 2290 1523 2343 τοίνυν
1558 2291 1634 2363 μὴ
1676 2290 1878 2364 νομίσῃ

250 2395 363 2447 τις,
388 2379 472 2433 ὃτι
518 2379 628 2450 πρὸ
670 2380 769 2435 τοῦ
815 2382 1175 2452 σαρκωθῆναι
1208 2384 1312 2437 οὐκ
1358 2379 1449 2455 ἦν,
1482 2382 1677 2439 τούτου
1708 2383 1875 2437 ἕνεκα

253 2471 454 2541 ἀνάγει
488 2472 594 2543 τὴν
624 2471 869 2527 διάνοιαν
901 2475 994 2528 ἐπὶ
1040 2474 1143 2547 τὴν
1194 2475 1459 2530 ἐπέκεινα
1492 2476 1677 2546 πάσης
1703 2476 1881 2547 ἀρχῆς

253 2563 518 2637 ὓπαρξιν,
553 2565 649 2619 καί
682 2582 850 2637 φησιν
878 2583 892 2597 ο
925 2562 1038 2621 Ἦν
1082 2568 1179 2622 καὶ
1233 2567 1343 2639 πρὸ
1383 2566 1481 2623 τοῦ
1521 2568 1879 2641 ωρκωθῆναι

254 2655 320 2713 τὺ
353 2658 472 2727 φῶς
536 2658 597 2712 τὸ
648 2658 931 2730 ἀληθινόν.
980 2662 1081 2715 Διά
1116 2660 1314 2715 τούτου
1355 2663 1409 2717 δὲ
1458 2662 1560 2732 τὴν
1607 2661 1880 2716 Φωτεινοῦ

254 2751 351 2806 καὶ
382 2749 598 2805 Παύλου
629 2748 724 2804 τοῦ
756 2751 1125 2822 Σαμοσατέως
1152 2754 1369 2824 αἵρεσιν
1407 2754 1738 2824 ἀνατρέπει,
1768 2753 1878 2806 τῶν

252 2844 712 2914 δογματισάντων
743 2845 866 2898 τότε
903 2844 1150 2917 ὑπάρξαι
1177 2846 1271 2899 τὸν
1299 2847 1609 2918 Μονογενῆ,
1638 2846 1729 2900 ὅτε
1760 2844 1875 2900 ἀπὸ

252 2937 480 3008 Μαρίας
531 2935 801 3007 ὶγεννήθη
825 2956 837 2969 ο
876 2937 983 3009 πρὸ
1016 2938 1212 2992 τούτου
1246 2938 1304 2993 δὲ
1331 2939 1409 3011 μὴ
1465 2934 1635 2993 εῖναι.
1672 2940 1881 2993 ’Δκουε

254 3032 356 3085 καὶ
390 3031 479 3095 σὺ,
534 3031 563 3083 6
600 3031 907 3100 Ἀρειανὸς,
934 3032 961 3085 6
996 3032 1072 3104 μὴ
1111 3031 1291 3102 λέγων
1339 3034 1597 3104 ἀληθινὸν
1627 3033 1762 3087 Θεὸν
1788 3034 1884 3089 τὸν

255 3119 391 3175 Υίδν
446 3117 544 3173 τοῦ
576 3119 736 3187 Θεοῦ,
762 3120 824 3175 ,τί
872 3137 1041 3193 φησιν
1073 3124 1100 3175 ό
1129 3121 1530 3193 εὐαγγελιστής
1555 3139 1569 3153 ο
1608 3140 1628 3175 ι
1667 3122 1731 3176 τὸ
1763 3122 1883 3193 φῶς

253 3214 319 3267 τὸ
351 3212 640 3281 ἀληθινόν⁹
691 3233 710 3265 ι
757 3214 855 3267 καὶ
890 3215 955 3270 σὺ
991 3214 1071 3282 δὲ,
1096 3208 1141 3269 ὦ
1167 3216 1467 3285 Μανιχαῖε,
1503 3218 1532 3270 ό
1574 3216 1776 3286 λέγων,
1799 3218 1882 3271 ὅτι

253 3307 355 3363 τοῦ
386 3306 627 3379 πονηροῦ
658 3304 1003 3381 δημιουργοῦ
1035 3312 1207 3379 ἐσμεν
1241 3311 1544 3383 κτίσματα,
1577 3312 1771 3379 ἄκουε,
1799 3315 1883 3367 ὅτι

255 3401 322 3456 τὸ
352 3401 470 3471 φῶς
492 3401 553 3454 τὸ
584 3401 845 3473 ἀληθινὸν
877 3402 1107 3471 φωτίζει
1135 3403 1318 3458 πάντα
1349 3404 1661 3476 ἄνθρωπον.
1695 3406 1757 3460 El
1787 3401 1884 3461 οὖν

254 3498 286 3551 6
312 3495 557 3568 πονηρὸς
599 3490 936 3567 δημιουργὸς
982 3497 1179 3559 σκότος
1238 3498 1410 3565 ἐστὶν,
1445 3499 1548 3551 οὐκ
1577 3498 1645 3553 ἂν
1668 3499 1883 3571 φωτίση

254 3591 419 3646 τινά·
474 3590 621 3645 ὥστε
674 3590 770 3645 τοῦ
832 3592 1015 3661 φωτὸς
1074 3590 1170 3645 τοῦ
1219 3593 1481 3664 ἀληθινοῦ
1532 3596 1701 3665 ἐσμεν
1752 3595 1885 3648 κτί-

255 3703 466 3757 σματα.
513 3686 626 3741 Καὶ
662 3684 805 3751 πῶς,
851 3686 1009 3757 φησι,
1058 3686 1285 3757 φωτίζει
1337 3688 1518 3741 πάντα
1568 3689 1881 3759 ἄνθρωπον,

254 3784 396 3839 ὅπου
428 3800 493 3851 γε
550 3782 828 3853 βλέπομεν
874 3799 1035 3846 τινας
1081 3783 1547 3855 ὲσκοτισμὲνουςς
1601 3784 1771 3838 Ὅσον
1824 3786 1886 3841 τὸ

255 3875 348 3945 ἐφ’
377 3874 579 3944 ἑαυτῷ,
626 3874 837 3941 πάντας
871 3874 1127 3944 φωτίζει.
1169 3873 1305 3929 Eine
1339 3877 1450 3948 γάρ
1482 3893 1598 3945 μοι,
1645 3876 1707 3931 ού
1742 3876 1884 3930 πάν-

255 3989 355 4036 τες
388 3968 599 4038 λογικοί
624 3986 639 4035 ;
696 3969 758 4023 οὐ
803 3970 1009 4035 πάντες
1039 3970 1204 4040 φύσει
1233 3969 1603 4041 γινώσκοντες
1631 3970 1693 4024 τὸ
1716 3971 1886 4027 καλὸν

255 4066 359 4121 καὶ
384 4064 740 4133 τούναντίον;
789 4063 894 4120 οὐκ
943 4066 1161 4135 ἔχοντες
1190 4064 1425 4138 δύναμιν
1461 4065 1720 4138 ἐννοῆσαι
1774 4065 1886 4120 άπὺ

255 4159 373 4216 τῶν
406 4160 728 4227 κτισμάτων
750 4161 843 4213 τὸν
870 4160 1119 4230 Κτίστην
1144 4176 1159 4225 ;
1191 4146 1359 4213 Ὥστε
1393 4161 1422 4213 6
1452 4159 1615 4229 λόγος
1642 4160 1671 4213 6
1705 4158 1885 4222 δοθεὶς

140 4326 161 4339 κ
256 4256 420 4325 ἡμῖν,
451 4253 547 4308 καὶ
578 4252 951 4339 παιδαγωγῶν
982 4255 1130 4325 ἡμᾶς
1180 4253 1369 4323 φύσει,
1395 4253 1454 4319 ὃς
1506 4253 1603 4307 καὶ
1651 4254 1885 4323 φυσικὸς

255 4348 428 4419 νόμος
486 4344 760 4408 καλεῖται,
810 4337 967 4407 οὗτος
1021 4345 1045 4397 ἶ
1132 4343 1363 4417 κληθείη
1426 4344 1569 4416 φῶς,
1620 4344 1684 4398 τὸ
1731 4344 1885 4399 δοθὲν

257 4441 398 4512 ἡμῖν
429 4440 577 4511 παρὰ
608 4438 743 4493 Θεοῦ
772 4454 784 4468 '
813 4440 862 4491 εἰ
908 4438 966 4491 δέ
998 4456 1045 4492 τι
1097 4458 1145 4502 ῖς
1194 4440 1383 4503 κακῶς
1413 4439 1490 4510 τῷ
1525 4439 1671 4510 λόγῳ
1714 4440 1884 4511 ἐχρή-

255 4550 450 4599 σαντο,
485 4532 715 4595 ἑαυτοὺς
746 4532 1028 4587 ὲσκότισαε.
1106 4534 1266 4598 Τινὲς
1292 4534 1352 4588 δὲ
1384 4532 1528 4588 οὕτω
1556 4532 1749 4585 λύουσι
1779 4532 1886 4604 τὴν

1981 599 2235 654 evenerit
2271 598 2641 660 contrarium.
2677 590 2769 654 ille
2820 600 2873 654 in
2904 614 3076 655 causa
3108 615 3217 656 non
3246 609 3356 657 est.

2052 689 2221 748 Vsus.
2262 692 2316 749 8.
2352 711 2370 744 ι
2402 694 2522 749 Non
2549 703 2671 749 erat
2703 688 2793 749 ille
2816 694 2912 748 lux
2950 692 3063 761 illa,
3090 690 3187 749 sed
3217 705 3279 750 ut
3308 704 3615 753 testaretur

1976 786 2044 841 de
2076 787 2216 843 luce.
2253 807 2271 839 ι
2310 786 2793 859 Quandoquidem,
2846 797 2905 843 ιιι
2956 803 3101 859 saepe
3148 787 3267 843 fieri
3317 788 3479 860 solet,
3516 790 3610 861 qui

1977 891 2212 937 testatur
2268 881 2447 951 major
2470 892 2647 939 esteo
2679 884 2765 937 cui
2793 884 3170 939 testimonium
3205 885 3476 954 perhibet,
3540 900 3612 941 re

1976 976 2264 1031 existimes
2308 976 2454 1047 quod
2508 975 2751 1033 Joannes
2807 977 3115 1033 teSIilieans
3156 976 3380 1033 Christo
3422 979 3614 1049 major

1978 1070 2069 1123 illo
2089 1069 2274 1136 fuerit;
2296 1070 2493 1124 malam
2508 1070 2879 1139 suspicionem
2905 1072 3051 1125 illam
3074 1071 3239 1143 512
3261 1074 3609 1141 interimens,

1980 1159 2175 1228 inquit.
2202 1160 2321 1215 Non
2359 1172 2479 1215 erat
2504 1162 2593 1216 ille
2624 1161 2718 1216 lux
2751 1161 2863 1216 illa.
2898 1162 3004 1218 Sed
3028 1164 3233 1219 dixerit
3274 1165 3551 1237 quispiam
3591 1184 3604 1220 :

1978 1254 2149 1324 igitur
2178 1272 2286 1311 non
2318 1257 2421 1311 erit
2455 1256 2538 1311 vel
2566 1257 2829 1321 Joannes,
2855 1259 2937 1312 vel
2976 1260 3251 1329 quispiam
3280 1256 3605 1315 sanctorum

1977 1348 2262 1403 vocandus
2296 1350 2426 1405 lux?
2452 1349 2654 1405 Lucem
2686 1350 2875 1419 utique
2904 1362 3051 1407 recte
3073 1353 3377 1408 dixerimus
3405 1368 3610 1407 unum-

1977 1457 2253 1513 quemque
2299 1454 2639 1508 sanctorum,
2688 1446 2784 1499 sed
2818 1444 2991 1499 lucem
3029 1443 3172 1498 illam
3208 1460 3335 1499 cum
3375 1444 3612 1501 articulo

1979 1536 2301 1607 neutiquam
2361 1537 2633 1591 dicemus.
2694 1536 2859 1592 Unde
2929 1538 2973 1593 si
3032 1538 3159 1607 quis
3227 1536 3323 1593 tibi
3383 1537 3611 1603 dixerit,

1976 1628 2219 1684 Joannes
2254 1629 2343 1683 lux
2376 1624 2499 1685 est?
2521 1644 2724 1685 annue.
2755 1626 2813 1685 Si
2848 1640 3031 1684 autem
3055 1632 3427 1699 interrogarit.
3461 1624 3615 1685 Nat.-

1980 1723 2111 1792 qnid
2143 1721 2385 1778 Joannes
2417 1722 2508 1777 lux
2544 1723 2631 1777 illa
2668 1722 2794 1778 est?
2818 1724 2940 1788 die.
2977 1716 3118 1777 Non.
3157 1722 3277 1778 Non
3312 1724 3458 1779 enim
3496 1726 3615 1793 ipse

1981 1818 2202 1887 proprie
2226 1817 2317 1870 lux
2338 1826 2445 1883 est,
2478 1820 2575 1871 sed
2607 1818 2698 1871 lux
2734 1830 2833 1887 per
2866 1816 3373 1889 patticipatiouem,
3404 1816 3615 1874 habens

1983 1912 2250 1979 fulgorem
2276 1927 2305 1965 a
2339 1926 2469 1966 vera
2497 1910 2639 1966 luce.

2058 2004 2231 2063 Vsus.
2269 2006 2322 2063 9.
2360 2026 2378 2059 ι
2430 2003 2563 2060 Erat
2598 2006 2685 2059 lux
2725 2008 2817 2059 illa
2858 2010 2947 2060 lux
2981 2012 3138 2083 vera,
3181 2019 3306 2073 quae
3336 2002 3616 2059 illuminat

1983 2116 2203 2156 onmem
2234 2100 2513 2156 hominem
2549 2099 2861 2154 venientem
2891 2098 2945 2152 iu
2977 2101 3268 2152 mundum.
3306 2116 3325 2149 ι
3352 2088 3616 2152 Dicturus

1985 2204 2070 2252 est
2102 2193 2172 2251 de
2218 2193 2602 2248 incarnatione
2633 2190 2941 2263 Unigeniti,
2973 2196 3119 2260 quod
3149 2196 3363 2245 venerit
3400 2188 3456 2245 iu
3490 2204 3618 2260 pro-

1986 2291 2126 2357 pria,
2152 2288 2298 2357 quod
2327 2302 2458 2341 caro
2487 2283 2667 2343 factus
2705 2286 2799 2341 sit.
2834 2283 2913 2340 Ne
2941 2284 3111 2355 igitur
3139 2284 3262 2355 quis
3300 2283 3618 2354 suspicetur

1985 2383 2130 2454 quod
2164 2396 2270 2437 non
2304 2379 2478 2436 fuerit
2508 2386 2809 2449 antequam
2848 2379 3259 2441 incarnaretur,
3290 2377 3410 2448 ejus
3435 2376 3617 2449 gratia

1988 2471 2247 2526 subvehit
2288 2480 2531 2525 tuentem
2566 2480 2812 2524 nostram
2857 2467 2911 2522 in
2942 2466 3336 2532 substantiam,
3377 2481 3501 2538 qure
3532 2463 3619 2521 ul-

1986 2576 2069 2619 tra
2118 2579 2283 2620 omne
2336 2562 2670 2635 principium
2723 2568 2832 2628 est,
2875 2570 2931 2615 et
2982 2559 3216 2631 inquit:
3255 2553 3390 2614 Erat
3447 2557 3615 2615 etiam

1985 2670 2280 2731 antequam
2338 2659 2728 2715 incarnaretur
2781 2657 2871 2714 lux
2916 2657 3008 2711 illa
3052 2673 3205 2713 vera.
3237 2653 3305 2710 Et
3362 2670 3461 2728 per
3508 2653 3616 2712 boc

1985 2754 2206 2811 Photini
2238 2765 2296 2809 et
2328 2751 2483 2809 Pauli
2516 2752 2870 2809 Samosateni
2907 2752 3184 2809 subvertit
3214 2750 3494 2817 haeresim,
3522 2749 3618 2820 qui

1985 2847 2184 2903 docent
2210 2847 2262 2901 in
2295 2846 2409 2901 suis
2434 2834 2790 2918 dogmatibus
2812 2836 3171 2916 Uttigeuilum
3197 2859 3328 2900 tunc
3352 2844 3614 2915 coepisse,

1985 2932 2209 3017 quando
2236 2942 2304 2997 de
2334 2941 2506 2997 Maria
2537 2949 2703 2997 natus
2735 2950 2843 3005 est,
2878 2950 2933 2997 et
2966 2954 3094 2998 ante
3133 2942 3235 2996 hoc
3266 2960 3375 2999 non
3411 2944 3610 3001 fuisse.

1987 3038 2127 3094 Audi
2175 3049 2230 3092 et
2259 3049 2339 3101 tu.
2372 3036 2599 3103 Ariane,
2646 3035 2741 3106 qui
2776 3050 2947 3108 negas
2978 3051 3169 3091 verum
3201 3035 3374 3093 Deum
3414 3035 3617 3095 Filium

1988 3131 2109 3197 Dei,
2140 3132 2270 3202 quid
2291 3126 2830 3203 dicatevangelista:
2864 3149 2882 3182 ι
2920 3130 3049 3185 Erat
3083 3130 3170 3184 lux
3205 3131 3292 3185 illa
3320 3146 3470 3187 vera.
3508 3151 3529 3186 ι
3554 3131 3622 3188 Ει

1912 3248 1953 3307 C
1991 3238 2046 3283 tu
2075 3242 2315 3298 quoque,
2348 3224 2669 3292 Manicha'e,
2696 3226 2789 3295 qui
2819 3226 2955 3280 dicis
2978 3226 3123 3295 quod
3148 3226 3323 3282 simus
3349 3236 3622 3284 creatura:

1989 3320 2207 3388 epiiicis
2245 3317 2470 3386 diaboli,
2519 3316 2669 3383 audi,
2701 3320 2831 3388 quia
2879 3317 2971 3373 lux
3013 3317 3107 3373 illa
3166 3334 3293 3374 vera
3338 3320 3619 3377 illuminat

1988 3425 2210 3466 Omnem
2243 3407 2545 3464 hominem.
2576 3405 2632 3461 Si
2670 3408 2835 3478 igitur
2871 3406 3149 3478 malignus
3186 3407 3277 3463 ille
3307 3408 3491 3477 opifex
3522 3419 3615 3464 te-

1993 3505 2180 3558 nebrae
2206 3511 2311 3568 est,
2334 3501 2547 3557 nullum
2580 3500 2771 3571 utique
2802 3492 3081 3557 illuminat
3116 3518 3129 3555 :
3162 3510 3328 3572 atque
3364 3500 3437 3557 ita
3475 3516 3622 3559 verte

1991 3596 2129 3651 lucis
2164 3603 2437 3650 creatum
2468 3607 2682 3648 sumus.
2724 3590 2791 3647 Et
2839 3593 3140 3663 quomodo,
3178 3592 3381 3662 inquit,
3418 3593 3622 3648 illumi-

1991 3699 2082 3743 nat
2117 3702 2339 3741 omnem
2389 3680 2689 3749 hominem,
2723 3700 2848 3739 cum
2908 3681 3196 3740 videamus
3251 3694 3362 3740 tam
3416 3686 3621 3744 multos

1988 3776 2420 3836 obtenebratos?
2444 3783 2720 3848 Quantum
2747 3778 2813 3833 ad
2840 3777 3018 3849 ipsum
3052 3780 3274 3844 attinet,
3344 3780 3622 3835 illuminat

1989 3890 2202 3929 utnnes.
2245 3868 2341 3927 Dic
2372 3874 2544 3941 enim,
2568 3874 2822 3934 obsecro,
2859 3888 3044 3927 nonne
3081 3888 3276 3929 Onmes
3317 3871 3621 3929 rationales

1989 3968 2153 4024 situt?
2204 3976 2384 4022 nonne
2418 3980 2610 4022 omnes
2645 3976 2842 4021 natura
2899 3968 3142 4022 scientes
3175 3966 3376 4021 bonum
3410 3977 3461 4020 et
3501 3983 3619 4021 ma-

1992 4059 2149 4115 lunt?
2181 4077 2362 4116 nonne
2408 4076 2604 4115 omnes
2656 4059 2861 4115 habent
2916 4060 3178 4116 virtutem
3226 4076 3295 4117 ex
3348 4060 3625 4119 creaturis

1989 4154 2360 4226 cognoscendi
2394 4154 2766 4210 Creatorem?
2802 4152 2868 4208 Et
2902 4155 2977 4210 ita
3017 4154 3159 4210 ratio
3189 4155 3315 4212 data
3350 4152 3532 4223 nobis,
3568 4167 3625 4211 et

1992 4261 2185 4307 natura
2224 4266 2325 4306 nos
2357 4250 2665 4317 instruens,
2701 4266 2823 4319 quae
2856 4260 2911 4306 et
2946 4250 3217 4307 naturalis
3247 4254 3329 4307 lex
3367 4266 3625 4325 voratur,

1991 4346 2108 4400 haec
2141 4352 2336 4400 vocata
2370 4354 2455 4399 est
2498 4342 2588 4398 lux
2638 4344 2801 4398 nobis
2830 4360 2859 4398 a
2898 4342 3011 4399 Deo
3042 4344 3191 4401 data.
3228 4345 3384 4414 Quod
3413 4348 3455 4403 si
3494 4349 3625 4419 qni-

1990 4441 2118 4492 dam
2145 4439 2359 4492 ratione
2391 4436 2475 4491 usi
2509 4452 2615 4491 non
2658 4449 2811 4503 sunt,
2848 4437 2901 4491 lii
2928 4438 3143 4509 seipsos
3162 4439 3631 4503 obtettehrarunt.

1991 4527 2249 4585 Nonnulli
2286 4532 2428 4585 hanc
2461 4530 2870 4586 dubitationem
2907 4533 2978 4585 ita
3018 4532 3239 4588 solvunt
3269 4551 3287 4590 :
3322 4532 3627 4600 lllumittat,

255 4624 519 4677 ἔνστασιν
573 4621 803 4693 ταύτηνο
837 4623 1092 4687 Φωτίζει,
1147 4624 1338 4695 φησιν,
1370 4627 1399 4679 6
1451 4623 1660 4697 Κύριος
1702 4624 1880 4680 πάντα

1996 4622 2272 4691 inquiunt,
2307 4622 2572 4677 Dominus
2622 4637 2844 4677 onmem
2896 4624 3175 4679 hominem
3210 4625 3523 4681 venit-metu
3569 4627 3628 4682 iu

260 4716 563 4787 ἄνθρωπον
602 4717 696 4770 τὸν
750 4718 1052 4789 ἐρχόμενον
1108 4718 1188 4783 είς
1222 4718 1318 4772 τὸν
1365 4718 1599 4789 κόσμον,
1649 4718 1771 4790 ἦτοι
1809 4718 1889 4783 είς

256 4810 422 4879 τάξιν
490 4810 766 4881 βελτίονα,
832 4813 930 4865 καὶ
999 4811 1382 4879 σπουδάζοντα
1449 4812 1734 4884 κοσμῆσαι
1789 4813 1891 4885 τὴν

258 4904 480 4959 οἰκείαν
504 4904 708 4977 ψυχὴν,
737 4907 833 4960 καὶ
862 4906 937 4977 μὴ
962 4906 1125 4961 ἐᾶσαι
1150 4906 1399 4979 άκοσμόν
1427 4925 1486 4962 τε
1517 4907 1613 4962 καὶ
1638 4908 1883 4979 ἀκαλλῆ.

344 5016 366 5052 ι
415 4997 507 5052 Ἐν
532 4998 611 5069 τῷ
642 5001 837 5073 κόσμῳ
875 4995 965 5073 ἦν,
1002 5002 1100 5055 καὶ
1134 5003 1163 5055 6
1194 5002 1403 5074 κόσμος
1446 5002 1517 5057 δι’
1552 5002 1723 5057 αὑτοῦ
1758 5004 1888 5073 ἐγέ-

258 5107 413 5168 νετο,
446 5091 545 5146 καὶ
578 5092 607 5143 6
639 5091 850 5164 κόσμος
874 5094 1041 5149 αὑτὸν
1062 5095 1163 5149 οὐκ
1186 5097 1350 5165 ἔγνω.
1383 5116 1403 5149 ι
1454 5098 1545 5151 Ἑν
1577 5096 1658 5168 τῷ
1692 5097 1888 5171 κόσμῳ

257 5177 355 5254 ἦν,
392 5180 468 5245 ὡς
510 5179 646 5249 Θεὸς
694 5185 975 5257 πανταχοῦ
1018 5188 1213 5259 παρών
1238 5203 1252 5219 ⁸
1306 5188 1446 5243 ά).λά
1489 5188 1555 5262 δὴ
1601 5191 1695 5243 καὶ
1744 5192 1886 5245 κατὰ

256 5277 630 5349 προνοητικὸν
649 5279 745 5332 καὶ⁸
762 5276 1146 5351 συνε[κ]τικδν
1168 5279 1393 5352 λεχθείη
1419 5281 1487 5334 ἂν
1512 5284 1570 5334 ὲν
1588 5281 1668 5353 τῷ
1692 5284 1889 5354 κόσμῳ

257 5367 425 5426 εἶναι.
463 5372 659 5426 Καίτοι
686 5374 741 5426 τί
772 5372 957 5438 τοῦτο,
985 5376 1143 5446 φησι,
1172 5375 1339 5443 λέγω,
1377 5376 1460 5429 ὅτι
1492 5378 1554 5429 ἐν
1584 5374 1663 5445 τῷ
1694 5376 1890 5448 κόσμῳ

254 5460 356 5539 ἦν,
384 5466 525 5519 ὅπου
572 5483 636 5534 γε
669 5464 791 5520 οὐδὲ
824 5466 853 5519 6
882 5466 1089 5537 κόσμος
1118 5466 1185 5521 ἂν
1216 5462 1307 5538 ἦν,
1336 5470 1384 5521 εί
1419 5468 1495 5539 μὴ
1529 5468 1695 5532 αὐτὸς
1724 5470 1891 5524 αὑτὸν

253 5556 531 5626 Eminus;
562 5556 911 5627 Πανταχόθεν
942 5558 1001 5613 δὲ
1029 5560 1378 5631 Δημιουργὸν
1397 5559 1565 5613 αὑτὸν
1586 5560 1887 5616 δείκνυσιν·

256 5650 385 5722 ἅμα
436 5652 539 5722 μεν
567 5651 664 5705 καὶ
690 5652 790 5723 τὴν
833 5651 932 5706 τοῦ
966 5653 1247 5717 Μάνεντος
1277 5654 1485 5708 λύσσαν
1516 5654 1885 5721 ἀναστέλλων,

254 5742 361 5798 τοῦ
421 5744 705 5813 λέγοντος,
757 5745 1000 5817 πονηρὸν
1050 5746 1391 5818 δημιουργὸν
1430 5750 1784 5819 παραγαγεῖν
1814 5750 1885 5803 τὰ

257 5842 598 5911 σὶμπαντα·
632 5840 772 5896 ἀλλὰ
797 5839 861 5912 δὴ
890 5842 983 5896 καὶ
1011 5840 1113 5913 τὴν
1141 5840 1237 5895 τοῦ
1283 5841 1525 5911 Ἀρείου,
1557 5840 1653 5895 τοῦ
1678 5843 1889 5913 φήσαν-

240 5950 353 5999 ιτυς
381 5935 592 6006 κτίσμα
648 5929 791 5991 εἶναι
834 5935 925 5992 τὸν
967 5935 1098 5991 Υἱὺν
1153 5934 1245 5989 τοῦ
1295 5934 1468 5989 Θεοῦ·
1516 5937 1634 6008 ἅμα
1692 5937 1750 5993 δὲ
1790 5940 1883 5995 καὶ

1998 4717 2261 4769 tnundnm
2301 4732 2317 4771 :
2349 4716 2452 4769 hoc
2475 4726 2581 4780 est,
2615 4732 2711 4771 eos
2743 4718 2835 4787 qui
2876 4729 3003 4772 sunt
3035 4720 3087 4773 itt
3121 4728 3269 4774 statu
3305 4720 3543 4785 meliori,
3572 4730 3631 4777 et

1994 4810 2191 4864 dantes
2238 4823 2464 4877 operam
2507 4821 2564 4864 ut
2599 4820 2832 4865 ornetur
2864 4812 3047 4865 anima
3096 4828 3217 4880 sua,
3254 4830 3434 4885 neque
3478 4815 3629 4871 illam

1996 4903 2310 4957 inornatam
2338 4914 2394 4958 et
2428 4913 2645 4974 turpem
2683 4919 2807 4959 esse
2842 4906 3112 4962 sitientes.

2069 4993 2240 5052 Vsus.
2285 4996 2372 5052 10.
2405 5017 2422 5049 ι
2468 4997 2525 5052 ln
2560 5000 2762 5053 mundo
2791 5010 2930 5064 erat,
2966 5010 3020 5055 et
3053 5006 3291 5056 mundus
3326 5016 3419 5069 per
3449 5000 3628 5072 ip~nm

1997 5089 2178 5146 factus
2202 5101 2309 5156 est,
2332 5102 2388 5147 et
2416 5095 2649 5147 mundus
2680 5110 2804 5149 cum
2829 5110 2937 5149 non
2968 5097 3246 5168 cognovit.
3288 5116 3306 5149 ι
3338 5096 3391 5152 lu
3422 5101 3633 5155 mundo

1994 5194 2137 5248 erat,
2176 5184 2321 5239 sicut
2362 5181 2506 5240 Deus
2540 5185 2746 5256 ubique
2785 5203 3051 5256 praesens.
3103 5188 3247 5255 Quin
3286 5198 3342 5244 et
3398 5202 3628 5260 propter

1996 5274 2421 5343 providentiam,
2453 5286 2504 5331 et
2542 5282 2983 5335 conservativam
3012 5281 3119 5335 vim
3146 5280 3251 5351 qn‘a
3276 5286 3464 5338 omnia
3494 5300 3627 5340 con-

1994 5378 2203 5434 servat,
2235 5368 2505 5425 dicendus
2530 5382 2615 5427 est
2646 5372 2699 5427 in
2734 5375 2940 5427 mundo
2963 5389 3087 5429 esse
3118 5393 3131 5430 :
3172 5378 3324 5446 atqui
3359 5394 3462 5431 cur
3494 5379 3625 5443 hoc,

1997 5462 2194 5531 inquit,
2230 5462 2358 5519 dico
2390 5464 2536 5535 quod
2574 5466 2625 5519 in
2662 5468 2870 5523 mundo
2918 5466 3108 5534 fuerit,
3146 5472 3410 5540 quoniam
3445 5488 3626 5543 neque

1998 5558 2235 5614 mundus
2288 5559 2404 5630 ipse
2445 5560 2662 5623 fuisset.
2718 5562 2825 5618 nisi
2888 5562 2980 5618 ille
3029 5564 3207 5635 ipsum
3248 5566 3629 5622 condidisset?

1999 5648 2215 5723 Ubique
2256 5655 2435 5724 ipsum
2481 5658 2723 5712 ostendit
2768 5658 3049 5728 opificem,
3089 5660 3290 5729 partim
3344 5672 3402 5717 ut
3448 5661 3626 5717 Matti-

1997 5748 2133 5804 tltaai
2170 5748 2443 5806 insaniam
2480 5753 2834 5824 reprimeret,
2874 5754 2969 5825 qui
3002 5755 3137 5812 dicit
3179 5757 3479 5828 malignum
3508 5759 3627 5829 opi-

1999 5844 2155 5900 llcem
2184 5848 2509 5913 produxisse
2552 5848 2741 5905 omnia
2824 5862 2879 5906 ct
2910 5851 3101 5906 Arium
3150 5852 3485 5921 confutaret,
3524 5855 3619 5925 qni

1996 5941 2130 5996 dixit
2172 5940 2368 5998 l’iliunt
2406 5943 2499 6000 Dei
2530 5961 2653 6005 esse
2680 5956 2996 6003 creaturam
3028 5964 3039 6000 :
3088 5946 3288 6017 partim
3318 5960 3379 6007 ut
3404 5965 3627 6008 omnem
