4046 6508
487 562 625 629 1155

1342 540 1919 613 THEOPIIYLACTI
1972 530 2378 598 [IULGARUE
2420 522 2783 588 ARCIIIEP.

3616 504 3752 570 iiii?)

488 691 737 748 gressum
778 688 837 727 ac
866 666 1120 740 capulum
1149 655 1610 731 concupiscentia,
1644 651 1736 721 qui
1769 647 1956 718 operis
1992 652 2076 699 est
2105 694 2108 705 ,

2211 659 2279 694 αν
2316 637 2452 709 πρὸς
2502 632 2650 705 μίξιν
2689 630 2786 701 τὴν
2820 627 3032 698 σάρκα·
3070 622 3283 693 θέλημα
3323 620 3379 674 δέ
3425 616 3640 684 ἀνδρὸς,
3676 620 3775 686 τὴν

2267 732 2280 748 ι
2390 730 2405 748 ι
2439 746 2443 748 .
2490 722 2823 748 --.ηιμ-..ιη
2854 719 2949 748 --π
3005 715 3407 748 ι...ιι....ρπ..ιημ
3439 708 3775 748 ...κων-μιῇ..

487 739 833 838 principium.
870 739 1059 814 Posuit
1098 764 1283 809 autem
1314 749 1493 814 ambo,
1522 743 1646 815 quia
1688 739 1844 796 multi
1877 751 2081 793 concu-

489 825 701 934 piscunt
755 853 995 923 quidem,
1044 859 1100 903 at
1158 860 1263 899 non
1316 840 1498 897 statim
1557 852 1586 890 a
1639 825 2079 900 concupiscentia

489 918 903 1008 abstrahuutur,
949 940 1043 996 sed
1088 940 1358 1008 imperant
1386 929 1489 995 illi,
1534 936 1589 983 et
1622 927 1674 980 iu
1701 937 1838 993 opus
1866 935 1973 975 non
2000 918 2081 973 la-

490 1045 711 1108 buntur.
737 1038 1003 1095 Cseterum
1031 1032 1121 1102 qui
1148 1030 1457 1089 vincuntur,
1482 1020 1559 1077 illi
1587 1018 1821 1089 primum
1859 1030 1889 1067 a
1918 1022 2085 1067 carne

489 1147 542 1190 et
587 1132 839 1187 titillante
882 1119 1323 1194 concupiscentia
1356 1113 1607 1172 succensi
1642 1109 1991 1167 concitantur
2026 1112 2085 1158 ut

490 1225 693 1280 coitum
720 1218 911 1275 velint.
956 1192 1124 1285 Igitur
1165 1218 1313 1266 recte
1350 1204 1597 1275 adiunxit
1630 1192 1961 1271 evangelista
1992 1209 2085 1250 vo-

492 1315 754 1371 luntatem
799 1310 989 1366 carnis
1028 1302 1294 1361 voluntati
1340 1300 1466 1364 viri,
1499 1297 1623 1368 quia
1654 1294 1853 1351 coitum
1893 1298 2085 1345 natura

497 1406 751 1475 praecdit
809 1396 1273 1469 concupiscentia,
1325 1401 1378 1447 et
1435 1392 1486 1445 in
1537 1386 1727 1455 copula
1776 1380 2087 1438 necessario

498 1499 811 1571 praecedunt
854 1503 1103 1561 utraque.
1143 1490 1271 1543 Haec
1310 1484 1489 1541 omnia
1517 1482 1659 1539 dicta
1693 1487 1819 1534 sunt
1866 1485 2089 1546 propter

497 1564 593 1645 eos
628 1587 717 1656 qui
770 1583 937 1638 multa
995 1593 1139 1647 saepe
1196 1578 1533 1644 interrogant
1582 1568 1772 1631 stulte,
1826 1564 2088 1635 quoniam

495 1675 717 1750 proprie
749 1672 978 1728 dicendo
1012 1685 1115 1724 una
1149 1682 1213 1723 ex
1247 1664 1500 1722 omnibus
1530 1658 1692 1731 515
1732 1657 1839 1712 illis
1869 1666 2090 1711 senten-

502 1749 574 1824 tia
606 1766 934 1825 declaratur,
980 1762 1149 1829 ipsius
1188 1759 1330 1822 dico,
1366 1770 1483 1825 qua:
1516 1756 1569 1808 in
1623 1749 1829 1807 carnali
1875 1758 1959 1803 est
1999 1762 2092 1816 ge-

504 1858 809 1920 neratione,
845 1854 1073 1909 vilitatis
1101 1852 1299 1906 clarior
1334 1845 1725 1903 mauil'estatio.
1754 1842 1895 1907 Quid
1923 1840 2089 1908 igitur

501 1952 623 2022 plus
648 1948 912 2003 habemus
937 1958 1054 2008 nos,
1086 1942 1252 2009 quiin
1284 1938 1561 1993 Christum
1593 1933 1890 1994 credimus,
1926 1941 2088 1997 quam

504 2018 763 2097 lsraelitte
795 2039 847 2091 in
878 2034 1026 2104 lege?
1055 2032 1265 2087 Etenim
1295 2037 1349 2083 et
1380 2027 1451 2083 illi
1480 2026 1799 2081 dicebantur
1843 2020 1935 2075 mu
1973 2018 2089 2072 ou.

505 2132 757 2201 Magnum
785 2144 919 2185 sane
953 2127 1095 2181 inter
1124 2138 1219 2177 nos
1242 2131 1295 2176 ct
1322 2122 1443 2175 illus
1479 2117 1771 2173 discrimen
1798 2128 1813 2166 :
1838 2112 2094 2182 quoniam

507 2225 594 2279 lex
638 2223 690 2277 in
722 2220 977 2276 omnibus
1009 2215 1245 2269 habebat
1271 2212 1517 2264 umbram
1555 2206 1886 2268 futurorum,
1922 2213 2097 2269 neque

508 2314 845 2384 adoptionem
883 2310 1118 2363 Iiliurum
1148 2305 1240 2359 Dei
1283 2304 1445 2357 dabat
1488 2297 1772 2363 lsraelitis,
1810 2295 1902 2352 sed
1940 2292 2096 2363 quasi

506 2406 562 2463 in
595 2404 765 2475 ﬁgura
806 2411 860 2456 et
913 2410 1061 2469 typo,
1102 2410 1202 2450 nos
1232 2404 1411 2448 autem
1450 2390 1749 2446 secundum
1795 2385 2098 2448 veritatem,

507 2471 731 2565 accepto
756 2490 963 2560 Spiritu
985 2488 1077 2541 Dei
1100 2501 1195 2556 per
1217 2485 1507 2553 baptisma,
1530 2480 1829 2535 clamamus
1853 2493 1867 2530 :
1897 2492 1915 2525 ι
1946 2471 2098 2527 Abba

507 2564 669 2645 Pater
690 2584 760 2639 “.
788 2601 806 2635 ι
834 2581 989 2636 Sicut
1009 2586 1185 2633 autem
1205 2576 1417 2630 illorum
1443 2572 1715 2641 baptisma
1748 2568 1805 2622 in
1828 2564 2018 2619 umbra
2047 2571 2104 2616 et

510 2678 565 2730 in
602 2675 769 2744 ﬁgura
807 2680 947 2736 erat,
997 2669 1069 2723 ita
1101 2676 1156 2723 et
1192 2665 1412 2735 addptio
1440 2672 1682 2718 nostram
1719 2670 1933 2729 quoque
1965 2668 2101 2726 pra:-

514 2766 801 2836 ligurabat.
823 2763 1116 2832 Propterea
1145 2758 1393 2830 quamvis
1415 2756 1595 2811 vocati
1624 2750 1828 2808 fuerint
1851 2748 1970 2812 lilii,
1999 2748 2101 2800 hoc

520 2870 700 2922 tamen
726 2854 954 2922 contigit
978 2852 1057 2907 eis
1086 2848 1383 2916 inumbra,
1409 2861 1583 2917 neque
1610 2845 1662 2899 iu
1696 2842 1925 2899 veritate
1954 2852 2105 2891 eam-

516 2950 638 3003 dem
665 2948 894 3000 liliorum
918 2941 1264 3013 adoptionem
1293 2939 1625 3004 habuerunt,
1643 2948 1805 3005 quant
1832 2944 1934 2987 nos
1961 2942 2104 2985 nunc

518 3052 614 3109 per
646 3035 938 3106 baptisma.

591 3316 757 3369 Vens.
791 3312 877 3365 ιι.
916 3327 935 3363 ι
974 3308 1043 3364 Et
1068 3306 1304 3363 Verbum
1352 3318 1481 3361 caro
1506 3304 1705 3395 factum
1745 3307 1860 3395 est.
1895 3317 1915 3353 ι
1956 3298 2107 3354 Post-
2139 3332 2185 3395 ο

522 3421 688 3479 quam
719 3403 853 3458 dixit
906 3400 1046 3469 quod
1092 3414 1190 3454 nos
1224 3396 1509 3451 credentes
1547 3394 1604 3450 in
1628 3394 1902 3451 Christum
1931 3392 1976 3447 si
2013 3407 2112 3446 vu-

529 3496 814 3559 lneri-tus,
886 3489 1189 3546 efﬁciamur
1241 3487 1333 3541 lilii
1385 3485 1502 3551 Dei,
1555 3482 1827 3539 subiul’ert
1870 3496 2015 3536 nunc
2064 3489 2119 3536 et

526 3606 746 3648 causam
797 3586 930 3641 tanti
977 3583 1120 3641 boni.
1174 3581 1311 3637 Dicit
1347 3581 1491 3636 enim
1531 3594 1547 3638 ς
1589 3577 1683 3633 Vis
1721 3576 1929 3632 discere
1989 3575 2117 3645 quid

534 3681 839 3739 conciliarit
896 3679 1055 3733 nobis
1102 3677 1241 3731 hanc
1293 3673 1634 3743 adoptionem
1673 3670 1729 3724 in
1755 3668 1936 3724 illius?
1981 3666 2118 3735 Quia

545 3790 566 3825 ι
603 3770 835 3825 Verbum
873 3782 999 3823 caro
1045 3764 1245 3821 factum
1283 3773 1385 3819 est.
1422 3781 1439 3813 ι
1474 3761 1697 3829 Quando
1715 3770 1893 3814 autem
1930 3759 2117 3812 audie-

529 3863 607 3919 ris
656 3862 796 3932 quod
864 3858 1093 3913 Verbum
1152 3872 1281 3912 caro
1333 3856 1533 3911 factum
1582 3864 1701 3918 est,
1772 3869 1838 3908 ne
1880 3852 2121 3921 opineris

531 3955 676 4026 quod
710 3969 739 4007 a
777 3966 873 4007 sua
926 3961 1120 4005 natura
1160 3949 1451 4011 destiterit,
1486 3956 1541 4001 et
1564 3947 1616 4001 in
1653 3960 1870 4001 carnem
1904 3960 2121 4000 versum

533 4046 626 4102 sit.
683 4045 866 4114 Neque
898 4044 1043 4098 enim
1102 4041 1243 4096 Deus
1285 4039 1496 4102 fuisset.
1529 4038 1574 4092 si
1607 4052 1819 4093 versum
1847 4036 2122 4091 etaltera-

536 4150 649 4193 tutu
679 4136 907 4197 fuisset;
937 4137 1030 4189 sed
1065 4148 1287 4188 manens
1314 4134 1453 4201 quod
1474 4139 1615 4195 erat,
1640 4128 1841 4185 factum
1873 4137 1957 4184 est
1982 4128 2122 4197 quod

538 4247 644 4288 non
675 4242 812 4285 erat.
844 4228 1213 4299 Apollinarius
1258 4234 1439 4280 autem
1480 4222 1823 4279 Laodicenus
1863 4222 1989 4276 hinc
2016 4220 2124 4275 hae-

540 4323 703 4375 resim
756 4318 1034 4375 excitavit.
1106 4316 1307 4387 Dognta
1354 4315 1495 4370 enim
1521 4314 1639 4384 ejus
1666 4321 1806 4376 erat,
1837 4312 2123 4367 Dominum

542 4422 597 4466 ct
622 4411 787 4465 Deum
818 4417 1061 4465 nostrum
1094 4420 1198 4460 non
1240 4404 1542 4474 suscepisse
1574 4402 1865 4473 perfectam
1890 4400 2127 4456 hominis

542 4516 811 4570 naturam,
853 4501 1106 4558 videlicet
1178 4513 1376 4568 corpus
1441 4513 1564 4552 cum
1614 4498 1793 4553 anima
1852 4495 2125 4563 rationali,

542 4600 636 4655 sed
694 4610 913 4651 carnem
970 4595 1139 4649 solam
1204 4590 1458 4647 mentalis
1507 4599 1563 4646 et
1613 4588 1896 4645 rationalis
1927 4589 2125 4643 animas

2187 732 2321 802 πρὸς
2357 730 2445 784 τὸν
2482 722 2824 793 συνδυασμὸν
2854 719 2950 773 τοῦ
3004 715 3407 786 ἐπιθυμοῦντος
3439 708 3777 777 συγκατάθε-

2188 841 2295 887 σιν,
2313 822 2434 891 ἥτις
2458 816 2713 889 ἀρχὴτῆς
2733 812 3008 884 πράξεως.
3038 808 3247 878 Ἔθηκε
3268 806 3326 860 δὲ
3349 806 3441 859 καὶ
3462 803 3773 874 ἀμςςότερα,

2186 918 2269 970 ὅτι
2301 913 2483 969 πολλοὶ
2512 907 2843 980 ἐπιθυμοῦσι
2896 906 3018 975 μέν,
3061 902 3122 955 οὐ
3152 902 3260 972 μὴν
3308 899 3470 961 εὐθὺς
3511 896 3607 949 καὶ
3649 912 3775 947 ow-

2188 1005 2493 1074 απάγονται
2520 1004 2586 1073 τῇ
2614 998 2909 1071 ἐπιθυμίᾳ’
2945 995 3084 1050 ἀλλὰ
3111 989 3523 1064 κατακρατοῦσι
3551 988 3779 1054 ταύτης,

2189 1101 2283 1153 καὶ
2309 1096 2443 1169 πρὸς
2466 1096 2565 1165 τὴν
2595 1093 2793 1164 πρᾶξιν
2826 1091 2927 1145 οὐκ
2957 1086 3378 1143 ὀλισθαίνουσιν.
3409 1083 3565 1135 Ὅσοι
3598 1081 3655 1135 δέ
3691 1082 3783 1149 ἠτ-

2186 1191 2411 1256 τῶνται,
2444 1190 2643 1242 ἐκεῖνοι
2675 1186 2891 1255 πρῶτον
2924 1181 3030 1235 ὑπὸ
3062 1180 3160 1251 τῆς
3205 1177 3408 1251 σαρκὸς
3457 1177 3554 1228 καὶ
3586 1176 3688 1246 τῆς
3727 1176 3784 1229 ἐν

2187 1282 2361 1355 ταύτῃ
2397 1277 2825 1351 ὑποσμυχούσης
2878 1273 3180 1344 ἐπιθυμίας
3211 1270 3613 1339 διακαιόμενοι,
3651 1268 3787 1339 πρὸς

2188 1376 2249 1429 τὸ
2299 1374 2477 1428 θέλειν
2551 1370 2782 1442 μιγῆναι
2832 1368 3219 1438 ἐκτρέπονται.
3282 1364 3580 1424 Εὐτάκτως
3636 1360 3788 1414 οῦνό

2190 1463 2586 1535 εὐαγγελιστὴς
2634 1463 2695 1515 τὸ
2737 1460 2951 1529 θέλημα
2989 1458 3088 1527 τῆς
3134 1452 3337 1526 σαρκὸς
3381 1450 3653 1525 προέταξε
3691 1448 3786 1503 τοῦ

2192 1555 2500 1626 θελήματος
2530 1552 2623 1606 τοῦ
2669 1550 2863 1621 ἀνδρὸς
2885 1589 2900 1613 ,
2930 1549 3007 1611 ὡς
3043 1546 3143 1616 τῆς
3189 1545 3491 1614 ἐπιθυμίας
3536 1542 3786 1612 φυσικῶς

2193 1644 2620 1719 προηγουμένης
2671 1646 2771 1713 τῆς
2801 1642 3023 1714 μίξεως,
3070 1640 3165 1694 καὶ
3196 1638 3527 1709 ἀμφοτέρων
3562 1634 3660 1687 ἐπὶ
3695 1632 3788 1686 τοῦ

2196 1737 2537 1809 συνδυασμοῦ
2591 1737 2999 1807 συντρεχόντων
3044 1732 3103 1801 ἐξ
3160 1731 3432 1801 ἀνάγκης.
3494 1728 3684 1784 Ταῦτα
3733 1725 3792 1780 δέ

2195 1834 2374 1888 πάντα
2403 1832 2623 1903 εἴρηται
2654 1830 2742 1884 διὰ
2768 1830 2895 1893 τοὺς
2922 1829 2989 1882 τά
3021 1827 3225 1896 ἀνόητα
3256 1824 3522 1886 πολλάκις
3547 1821 3793 1893 ἐρωτῶν-

2195 1946 2291 1991 τας
2312 1941 2325 1955 ·
2351 1927 2496 1989 ἐπεὶ,
2529 1925 2590 1979 τό
2624 1942 2688 1993 γε
2718 1923 3053 1994 κυριώτερον
3088 1920 3290 1983 είπεῐν,
3328 1916 3428 1988 μία
3453 1916 3545 1970 διὰ
3571 1915 3791 1969 πάντων

2197 2018 2401 2072 τούτων
2432 2016 2611 2070 ῐννοια
2658 2012 2938 2085 δηλοῦται,
2985 2011 3132 2081 φημὶ
3178 2009 3265 2079 δὴ,
3303 2009 3337 2079 ή
3388 2007 3489 2077 τῆς
3524 2004 3619 2059 τοῦ
3658 2021 3792 2074 σαρ-

2200 2109 2358 2163 κικοῦ
2386 2110 2552 2162 τόπου
2586 2106 2866 2169 εὐτελείας
2894 2104 3156 2175 ἔμφασις.
3183 2101 3249 2155 Τί
3278 2094 3370 2154 οῦν
3400 2098 3565 2153 πλέον
3597 2098 3794 2167 ἔχομεν

2199 2204 2245 2255 oi
2277 2203 2355 2264 είς
2388 2200 2629 2271 Χριστὸν
2651 2195 3004 2259 πιστεύοντες
3025 2195 3133 2247 τῶν
3157 2195 3214 2247 ἐν
3238 2190 3316 2262 τῷ
3343 2190 3497 2261 νόμῳ
3527 2189 3793 2258 Ἰσραηλι-

2200 2292 2347 2357 τῶν;
2384 2290 2495 2345 Καὶ
2525 2289 2905 2361 γὰρζκάκεῐνοι
2936 2287 3043 2339 υίοὶ
3074 2283 3213 2338 Θεοῦ
3242 2282 3515 2351 ἐλέγοντο.
3557 2279 3701 2334 Πολὺ
3736 2278 3797 2331 τὸ

2200 2388 2461 2458 διάφορον
2489 2385 2648 2457 ἡμῶν
2674 2383 2970 2438 κάκείνων.
3006 2381 3162 2435 Ἐπεὶ
3190 2378 3303 2449 γὰρ
3334 2379 3363 2430 ὀ
3389 2376 3556 2446 νόμος
3582 2378 3643 2428 ἐν
3666 2374 3797 2428 πᾶσι

2204 2480 2365 2534 σκιὰν
2399 2474 2515 2549 εἶχε
2549 2478 2659 2531 τῶν
2694 2473 3027 2547 μελλόντων,
3055 2472 3178 2527 οὐδὲ
3208 2470 3309 2542 τὴν
3342 2468 3622 2522 υίοθεσίαν
3653 2466 3798 2538 ἐχειν

2204 2572 2375 2627 ἐδίδου
2401 2573 2516 2635 τοῖς
2554 2568 2947 2641 Ἰσραηλίταις,
2983 2565 3101 2622 ἀλλ’
3124 2565 3200 2630 ὡς
3234 2564 3293 2617 ἐν
3327 2560 3484 2631 τύπῳ
3526 2560 3624 2615 καὶ
3668 2560 3801 2629 σχή-

2208 2681 2368 2733 ματι·
2417 2666 2580 2737 ἡμεῖς
2619 2664 2675 2717 δὲ
2709 2662 2854 2717 κατὰ
2882 2661 3145 2732 ἀληθειαν
3174 2658 3431 2721 λαϐόντες
3474 2656 3536 2708 τὸ
3572 2652 3800 2723 Πνεῦμα

2203 2750 2299 2804 τοῦ
2330 2750 2467 2805 Θεοῦ
2491 2752 2582 2805 διὰ
2616 2750 2709 2805 τοῦ
2745 2750 3142 2822 βαπτίσματος,
3178 2746 3485 2819 κράζομεν·
3515 2763 3534 2797 ι
3576 2744 3749 2799 Ἀδϐἇ
3774 2743 3802 2796 ὀ

2208 2844 2420 2915 Πατήρ.
2467 2862 2485 2896 ι
2540 2843 2805 2906 Ἒκείνοις
2840 2843 2897 2897 δέ
2931 2841 3123 2913 ὥσπερ
3159 2840 3219 2893 τὸ
3261 2839 3547 2911 βάπτισμα
3573 2836 3801 2890 τυπικόν

2205 2932 2275 3008 ἦν
2311 2938 2407 2990 καὶ
2436 2936 2688 3002 σκιῶδες,
2723 2936 2868 2990 οὕτω
2896 2936 2992 2990 καὶ
3025 2938 3058 3005 ἡ
3104 2934 3354 2988 υἱοθεσία
3390 2935 3491 3002 τὴν
3519 2930 3801 3002 ἡμετέραν

2209 3029 2591 3099 προτυποῦσα.
2621 3028 2740 3084 Κᾶν
2765 3027 2857 3083 οῦν
2878 3030 2987 3083 uiui
3018 3028 3333 3089 ἐκαλοῦντο,
3366 3025 3503 3079 ἀλλὰ
3535 3022 3801 3086 σκιωδὼς.

2209 3122 2305 3175 καὶ
2356 3123 2456 3175 οὐκ
2494 3121 2669 3192 αὐτὴν
2711 3121 2811 3194 τὴν
2859 3120 3123 3193 ἀλήθειαν
3164 3122 3262 3190 τῆς
3307 3118 3590 3180 υἱοθεσίας
3633 3111 3798 3186 εἶχον,

2208 3215 2284 3279 ὡς
2314 3216 2477 3284 ἡμεῖς
2513 3212 2609 3267 νῦν
2638 3213 2728 3267 διὰ
2761 3212 2857 3267 τοῦ
2894 3212 3290 3284 βαπτίσματος.

2292 3320 2313 3358 s
2361 3306 2471 3358 Καὶ
2503 3305 2529 3356 ὁ
2562 3304 2735 3371 Λόγος
2762 3302 2902 3374 σὰρξ
2946 3303 3181 3371 ἐγένετο.
3223 3321 3241 3353 ι
3276 3300 3461 3355 Εἰπὼν
3503 3303 3587 3355 ὅτι
3637 3302 3799 3355 τέκνα

2216 3396 2481 3468 γινόμεθα
2510 3396 2670 3462 Θεοῦ,
2703 3398 2751 3448 εί
2779 3395 3030 3465 θέλομεν,
3058 3396 3107 3448 οί
3136 3392 3533 3457 πιστεύσαντες
3564 3394 3645 3458 είς
3663 3394 3803 3465 Χρι-

2222 3492 2371 3554 στὸν,
2406 3489 2661 3560 ἐπιφέρει
2696 3488 2790 3542 καὶ
2817 3487 2915 3559 τὴν
2954 3487 3136 3541 αίτίαν
3166 3486 3261 3539 τοῦ
3308 3486 3634 3556 τηλικούτου
3664 3489 3803 3554 ἁγαο

2221 3581 2338 3636 θοῦ.
2370 3582 2435 3635 Τί
2466 3583 2596 3653 γὰρ,
2624 3581 2780 3652 φησὶ,
2808 3580 3176 3651 προεξένησεν
3208 3581 3340 3651 ημῖν
3369 3578 3471 3649 τὴν
3523 3578 3805 3633 υίοθεσίαν

2221 3676 2445 3747 ταύτην,
2477 3676 2659 3746 βούλει
2679 3675 2869 3747 μαθεῖν
2888 3693 2904 3744 ;
2925 3675 2999 3728 Τὸ
3021 3674 3111 3727 τὸν
3131 3673 3304 3742 Λόγον
3328 3674 3507 3746 σάρκα
3527 3672 3806 3741 γενέσθαι.

2223 3767 2392 3821 ὐταν
2414 3767 2470 3821 δέ
2499 3765 2761 3838 ἀκούσῃς,
2794 3767 2875 3821 ὅτι
2914 3784 2933 3819 ι
2966 3765 3113 3835 Σὰρε
3133 3766 3372 3834 ἐγένετο,
3421 3783 3439 3817 ι
3477 3764 3555 3836 μὴ
3579 3765 3808 3838 νομίσῃς

2222 3860 2303 3914 ’ότι
2331 3858 2523 3930 ἐξέστη
2545 3860 2644 3931 τῆς
2666 3858 2873 3923 οἰκείας
2896 3857 3139 3928 φύσεως,
3162 3857 3255 3912 καὶ
3277 3858 3489 3931 ἐτράπη
3507 3860 3590 3921 είς
3612 3858 3809 3929 σάρχαο

2226 3954 2287 4007 οὒ
2317 3954 2425 4023 γάρ
2459 3952 2526 4007 ἂν
2559 3953 2692 4017 Θεὸς
2740 3948 2832 4025 ἦν,
2888 3954 3049 4024 εἰπερ
3079 3953 3344 4025 ἐτρέπετο
3380 3953 3475 4005 καὶ
3507 3950 3809 4021 ἠλλοιοῦτο·

2226 4044 2339 4099 ἀλλ’
2373 4046 2453 4099 ὅτι
2490 4047 2667 4116 μένων
2700 4046 2727 4099 ὀ
2756 4043 2844 4117 ἦν,
2876 4047 3096 4115 ἐγένετο
3151 4046 3179 4099 ὃ
3228 4048 3330 4099 οὐκ
3359 4040 3449 4116 ἦν.
3498 4042 3815 4098 ’Δπολλινά-

2228 4154 2343 4207 ριος
2369 4137 2475 4192 δέὀ
2518 4137 2819 4202 Λαοδικεὺς
2858 4137 3112 4192 ἐντεῦθεν
3151 4139 3364 4212 αἵρεσιν
3413 4138 3811 4209 συνεστήσατο.

2241 4229 2602 4300 Ἐὀογμάτισε
2632 4230 2741 4301 γὰρ
2773 4232 2854 4285 ὅτι
2893 4232 2922 4284 ὀ
2960 4230 3167 4303 Κύριος
3196 4233 3292 4285 καὶ
3338 4232 3476 4297 Θεὸς
3534 4232 3695 4304 ἡμῶν
3717 4232 3815 4284 οὐκ

2228 4320 2460 4375 ἀνέλαϐε
2512 4320 2611 4391 τὴν
2671 4321 2766 4375 τοῦ
2820 4320 3109 4392 ἀνθρώπου
3149 4324 3313 4393 φύσιν
3364 4324 3607 4389 τελείαν,
3652 4326 3817 4395 ἧγουν

2230 4412 2390 4483 σῶμα
2425 4414 2563 4482 μετὰ
2596 4410 2773 4482 ψυχῆς
2807 4412 3054 4483 λογικῆς,
3083 4412 3221 4467 ἀλλὰ
3256 4413 3438 4485 σάρκα
3472 4414 3668 4483 μόνην,
3715 4413 3819 4481 ψυ-

2229 4504 2332 4573 χῆς
2367 4501 2595 4572 λογικῆς
2627 4504 2722 4555 καὶ
2761 4506 2956 4575 νοερᾶς
3001 4504 3250 4575 ἄμοιρον.
3282 4505 3349 4558 τι
3393 4506 3505 4575 γάρ
3535 4505 3757 4578 εχρῃξεε
3794 4506 3815 4536 ι

2230 4594 2361 4658 Θεὸς
2392 4595 2490 4665 τῆς
2514 4594 2716 4665 ψυχῆς,
2766 4596 2905 4666 ἔχων
2945 4596 3044 4669 τὴν
3076 4596 3309 4668 θεότητα
3359 4596 3728 4669 κυδερνῶσαν
3758 4600 3815 4653 τὸ

545 4698 846 4760 expertem.
899 4685 1038 4754 Quid
1092 4684 1236 4741 enim
1293 4697 1427 4753 opus
1483 4682 1713 4737 habebat
1743 4683 1923 4737 anima
1962 4680 2106 4736 Deus

2238 4688 2421 4759 σῶμα,
2454 4687 2511 4742 ὃν
2544 4687 2741 4759 τρόπον
2767 4688 2965 4760 ἔχομεν
2989 4689 3155 4760 ἡμεῖς
3200 4687 3300 4760 τὴν
3328 4689 3510 4761 ψυχὴν
3536 4690 3820 4760 διεξάγου-

545 4784 743 4853 inquit,
774 4783 865 4853 qui
899 4780 1136 4836 habebat
1164 4778 1449 4843 deitatem,
1479 4791 1599 4848 qum
1635 4776 1969 4847 gubernabat
2018 4790 2108 4831 cor

2236 4798 2333 4834 aav
2384 4780 2445 4833 τὸ
2480 4780 2637 4851 ἡμῶν
2685 4780 2885 4850 σῶμα;
2935 4775 3064 4853 Εἶχε
3112 4781 3171 4835 δέ
3227 4782 3312 4846 είς
3354 4782 3709 4854 ἐπικουρίαν,
3750 4782 3820 4846 ὡς

547 4887 670 4941 pus,
728 4872 870 4925 sicut
921 4882 1021 4923 nos
1079 4866 1340 4921 habemus
1393 4865 1629 4918 animam
1663 4879 1859 4932 corpus
1884 4872 2128 4917 nostrum

548 4964 868 5032 dirigentem
900 4960 923 5013 ’ἒ
971 4957 1213 5013 Habebat
1244 4967 1424 5011 autem
1450 4969 1661 5019 ansam,
1694 4964 1749 5008 ut
1777 4955 2131 5008 existimaba-

544 5065 655 5121 tur,
687 5071 749 5109 ex
783 5054 1035 5124 ιιι-περιιιὶ
1063 5052 1229 5115 dicto,
1272 5069 1290 5102 ι
1346 5050 1415 5105 Et
1470 5048 1706 5104 Verbum
1757 5062 1883 5101 caro
1927 5045 2128 5101 factum

548 5157 653 5204 est.
705 5166 723 5200 ι
774 5147 888 5201 Non
928 5145 1313 5217 enim,inquit,
1355 5144 1537 5198 dixit:
1583 5160 1601 5193 ι
1637 5141 1703 5197 Et
1749 5139 1951 5195 factum
1986 5150 2067 5195 est
2109 5157 2129 5192 ι

553 5241 737 5304 homo,
787 5241 903 5305 sed,
945 5257 963 5290 ι
1003 5254 1129 5294 caro
1186 5256 1207 5291 ι
1247 5245 1346 5293 :et
1377 5237 1447 5292 ita
1476 5250 1585 5291 non
1624 5233 1866 5304 suscepit
1889 5232 2127 5287 animam

2232 4870 2388 4941 ᾤετο,
2410 4870 2471 4924 τὸ
2506 4868 2680 4941 παρὸν
2707 4871 2892 4941 ρητόνο
2932 4890 2951 4925 ε
2989 4872 3100 4925 Καὶ
3124 4873 3153 4926 ὀ
3184 4873 3357 4942 Λόγος
3382 4873 3520 4946 σὰρξ
3543 4876 3815 4945 ἐγένετο.»

2235 4961 2312 5015 Οὐ
2360 4960 2490 5032 γάρ,
2545 4961 2733 5030 φησὶν,
2803 4960 2978 5027 εἶπεν,
3046 4963 3130 5017 ὀτι
3190 4951 3517 5036 ’Ἄνθρωπος
3576 4966 3819 5035 ἐγένετο,

2236 5052 2394 5116 ἀλλὰ,
2436 5070 2453 5105 ι
2486 5052 2641 5123 σάρξ.
2670 5072 2689 5106 ι
2726 5052 2889 5107 ’Ὥστε
2917 5053 3017 5107 οὐκ
3044 5054 3275 5109 ἀνέλαϐε
3299 5055 3481 5127 ψυχὴν
3512 5055 3641 5110 νοῦν
3670 5057 3821 5128 ἔχου·

2236 5158 2335 5197 σαν
2365 5142 2459 5197 καὶ
2481 5142 2660 5212 λόγον,
2691 5144 2827 5198 ἀλλὰ
2851 5146 3031 5216 σάρκα
3056 5146 3219 5200 ἄνουν
3241 5148 3334 5201 καὶ
3357 5146 3577 5217 ἄλογον.
3614 5148 3821 5217 Ἡγνόει

2231 5234 2288 5288 δέ
2322 5234 2432 5309 ἄρα
2460 5238 2489 5289 ὀ
2523 5236 2775 5303 ἐλεεινὸς,
2804 5238 2887 5290 ὅτι
2911 5240 2944 5309 ἡ
2974 5238 3168 5320 Γραφὴ
3196 5238 3307 5293 ἀπὸ
3333 5238 3428 5293 τοῦ
3463 5239 3673 5311 μέρους
3698 5240 3823 5295 πολ⁴

549 5348 671 5400 qua:
690 5332 850 5387 habet
882 5342 1115 5387 mentem
1147 5346 1209 5386 ac
1242 5329 1528 5396 rationem,
1562 5328 1656 5383 sed
1686 5341 1901 5380 carnem
1931 5326 2108 5394 absqut

2232 5326 2390 5391 λάκις
2415 5328 2672 5400 ὀνομάζει
2705 5329 2765 5383 τὸ
2814 5328 2937 5383 ὅλον
2994 5324 3129 5395 οἷον,
3167 5330 3442 5402 μέλλουσα
3469 5332 3819 5405 ἐπιμνησθῆ·

552 5435 734 5480 tnente
750 5434 801 5479 et
816 5424 1040 5479 ratione.
1062 5424 1348 5493 Ignorabat
1360 5431 1538 5474 autem
1554 5417 1875 5473 miserabilis
1890 5415 1976 5473 ille
1993 5420 2136 5487 quod

2235 5434 2321 5471 ναι
2349 5417 2637 5490 ἀνθρώπου
2690 5420 2833 5482 ὅλου,
2888 5421 2997 5474 άπὸ
3046 5421 3271 5490 μέρους,
3330 5422 3428 5491 τῆς
3460 5421 3648 5494 ψυχῆς
3685 5422 3823 5493 λόγῳ

556 5515 834 5585 Scriptura
863 5517 1173 5586 plerumque
1201 5530 1230 5569 a
1261 5524 1413 5585 parte
1451 5522 1622 5566 totum
1655 5511 1920 5575 nominet,
1952 5520 2105 5581 utpot

2235 5509 2492 5581 ὀνομάζει
2525 5512 2687 5564 αὐτόν
2714 5528 2727 5542 ’
2779 5507 2913 5577 οἷον,
2955 5530 2974 5563 ι
3016 5514 3172 5567 Πᾶσα
3196 5512 3367 5585 ψυχὴ,
3413 5514 3542 5586 ἥτις
3575 5517 3640 5571 οὐ
3673 5532 3823 5587 περιρ

556 5618 1039 5664 cetutnemoratura
1092 5615 1259 5661 totum
1323 5604 1616 5665 hominem,
1668 5616 1699 5655 a
1748 5612 1921 5668 parte,
1951 5601 2129 5655 anima

557 5700 781 5763 scilicet,
812 5700 983 5768 ipsum
1015 5698 1296 5755 nominat:
1321 5706 1399 5762 ut,
1426 5713 1444 5746 ι
1477 5692 1665 5750 Omnis
1684 5696 1862 5746 anima
1881 5708 2000 5761 qua:
2022 5707 2129 5746 non

557 5791 977 5855 circumciditur,
999 5790 1280 5847 occidatur
1302 5790 1368 5842 δ’.
1396 5806 1414 5839 ι
1446 5787 1581 5842 Ecce
1610 5784 1754 5839 enim
1790 5798 1887 5854 pro
1905 5798 1968 5838 eo
1990 5784 2131 5853 quod

630 5968 675 6001 ⁸⁸
708 5968 860 6023 llum.
891 5984 1003 6033 vitt,
1036 5969 1099 6023 15
1131 5978 1183 6020 et
1214 5967 1390 6021 Galat.
1427 5980 1495 6029 ιν,
1521 5966 1571 6020 6.
1654 5968 1695 5995 ³³³
1722 5966 1854 6021 Gen.
1884 5981 2016 6031 xvn,
2044 5967 2131 6020 llo.

2238 5600 2443 5671 τμηθῇ,
2472 5602 2839 5657 θανατούσθω.
2879 5622 2896 5655 ι
2917 5604 3048 5658 Ἰδοὺ
3075 5605 3183 5677 γάρ
3211 5607 3334 5660 ἀντὶ
3356 5607 3455 5661 τοῦ
3483 5611 3691 5675 εἰπεῖν,
3723 5608 3823 5671 s1;

2238 5691 2547 5763 ἄνθρωπος,
2576 5688 2701 5747 εἷπε
2728 5693 2789 5747 τό
2820 5694 3004 5764 μέρος,
3042 5695 3144 5766 τὴν
3190 5695 3372 5769 ψυχὴν
3393 5696 3563 5769 λέγω.
3582 5701 3697 5755 Καὶ
3730 5700 3825 5753 πά-

2242 5786 2323 5841 λιν
2359 5786 2463 5838 ἀπὸ
2489 5784 2590 5856 τῆς
2617 5786 2815 5855 σαρκὸς
2834 5786 3091 5857 ὀνομάζει
3116 5786 3175 5840 τὸ
3202 5788 3346 5857 ὅλον,
3391 5789 3470 5855 ὡς
3503 5792 3639 5849 ὅταν
3662 5793 3788 5861 ut!)
3809 5805 3823 5821 '
