4046 6522
566 459 707 530 1159

1453 448 2044 514 TBEOPHYLACTI
2087 443 2504 510 BULGARlAi
2546 442 2909 504 ARCIIILP.

3715 436 3853 502 1160

562 579 785 631 tionem.
820 570 879 626 In
905 570 1048 624 hunc
1074 579 1139 623 se
1172 563 1392 619 modum
1428 566 1659 619 mendax
1691 562 1977 634 phantasia
2008 576 2154 616 sem-

2261 561 2450 632 τασίᾳ.
2500 562 2739 614 Ἀτοπον
2769 559 2879 627 γὰρ
2941 557 3036 610 καὶ
3089 553 3322 624 ἀνόητον
3374 548 3684 617 πιστεύειν,
3717 552 3791 615 ὡς
3837 555 3865 607 δ

563 682 662 738 per
691 671 954 720 ostentat.
1019 676 1038 710 t
1101 656 1170 712 Et
1199 656 1465 711 habitavit
1499 656 1552 708 in
1590 655 1769 709 nobis.
1819 671 1838 706 ι
1888 651 2152 719 Quoniam

562 773 726 828 supra
788 756 1017 817 dixerat,
1055 769 1076 804 ι
1107 748 1345 805 Verbum
1389 763 1516 803 caro
1586 745 1788 802 factum
1838 757 1956 811 est,
2013 765 2030 796 ι
2098 756 2154 798 ιιι

560 863 628 904 ne
685 848 806 915 quis
889 845 1201 914 suspicetur
1260 841 1405 910 quod
1459 855 1562 892 una
1627 847 1819 891 natura
1881 835 2024 892 facta
2083 838 2156 890 sit

559 937 828 1000 Christus,
866 936 989 992 ideo
1027 936 1234 997 subdit,
1277 951 1294 985 t
1329 930 1394 985 Ει
1427 932 1690 986 habitavit
1715 931 1766 984 in
1802 928 1981 994 nobis,
2044 947 2061 978 ι
2096 937 2154 982 ut

557 1030 809 1086 ostendat
857 1031 992 1084 diras
1049 1036 1296 1090 naturas,
1339 1036 1582 1078 nostram
1621 1024 1850 1086 scilicet,
1884 1038 1945 1076 ac
1971 1019 2150 1075 Ver-lit.

558 1123 694 1178 Nam
728 1121 869 1177 sicut
900 1121 1124 1174 alterius
1173 1129 1379 1170 natura:
1405 1124 1492 1169 est
1534 1115 1961 1178 tabernaculum,
1995 1123 2049 1166 et
2077 1114 2155 1166 al-

559 1215 729 1268 terius
759 1214 804 1265 is
848 1211 938 1280 qni
988 1208 1254 1262 inhabitat
1302 1207 1353 1259 in
1389 1220 1490 1259 eo:
1523 1205 1595 1256 ita
1622 1213 1676 1256 et
1714 1202 1948 1256 Verbum
1986 1201 2036 1253 in
2061 1214 2156 1253 no-

561 1306 646 1362 bis
696 1305 943 1360 habitare
996 1304 1217 1368 dicitur,
1265 1299 1365 1354 lroe
1401 1308 1504 1361 est,
1563 1297 1617 1350 in
1654 1303 2154 1360 nostranatura,et

561 1399 788 1453 alterius
819 1396 979 1467 517
1022 1406 1104 1449 est
1135 1407 1342 1447 natura:
1372 1407 1532 1460 quam
1559 1392 1628 1444 sit
1678 1399 1886 1444 nostra.
1910 1386 2152 1442 Confun-

559 1489 759 1544 dsntur
807 1487 1069 1549 Armenii,
1098 1488 1186 1555 qni
1215 1499 1376 1537 unam
1425 1483 1612 1537 colunt
1659 1493 1928 1536 naturam.
1967 1480 2156 1535 Disci-

560 1597 681 1635 rrrus
709 1581 892 1649 igitur
933 1594 1051 1650 per,
1096 1596 1114 1629 t
1157 1577 1394 1631 Verbum
1429 1591 1556 1632 caro
1583 1574 1784 1630 factum
1812 1587 1917 1640 est,
1953 1593 1972 1626 ι
2009 1575 2151 1644 quod

559 1667 1002 1742 ipsum'Verburn
1055 1668 1218 1722 homo
1246 1666 1445 1720 factum
1486 1677 1570 1722 est
1601 1684 1615 1719 :
1647 1676 1701 1721 et
1737 1682 1858 1721 cum
1896 1667 1965 1720 sit
1990 1665 2156 1720 Filius

559 1763 678 1829 Dei,
734 1762 938 1818 factum
985 1772 1069 1816 est
1133 1761 1276 1816 lilius
1328 1762 1591 1824 mulieris,
1632 1777 1751 1829 quae
1784 1763 2001 1831 proprie
2030 1761 2151 1815 Dei-

558 1873 688 1928 para
716 1858 936 1920 dicitur,
991 1871 1055 1910 eo
1079 1860 1221 1925 quod
1262 1858 1516 1925 genuerit
1543 1854 1708 1908 Deum
1747 1855 1798 1908 in
1833 1869 2014 1908 carne.
2054 1853 2156 1907 Per

559 1927 662 2004 hoc
683 1960 862 2004 autem
885 1949 1026 2018 quod
1048 1951 1198 2012 dicit,
1236 1967 1253 2000 ι
1283 1947 1560 2002 Habitavit
1582 1949 1634 2001 in
1655 1948 1866 2011 nobis,»
1893 1947 2154 2002 discimus
2189 1927 2228 1984 Β

559 2043 699 2096 duas
752 2050 974 2095 naturas
1021 2043 1322 2095 credendas
1352 2041 1404 2093 in
1437 2039 1675 2093 Christo.
1711 2037 1844 2092 Nam
1877 2040 1977 2092 etsi
2014 2053 2154 2093 unus

561 2135 634 2191 sit
693 2133 992 2188 secundum
1055 2134 1393 2204 hypostasin,
1437 2135 1536 2186 hoc
1577 2143 1679 2196 est,
1710 2131 2007 2186 sccundmn
2034 2146 2155 2201 per-

558 2242 748 2283 sonam
795 2245 807 2280 :
843 2229 1142 2281 secundum
1173 2241 1394 2279 naturas
1424 2235 1602 2281 tamen
1633 2216 1760 2288 duo,
1802 2227 1940 2280 Deus
1966 2225 2156 2279 videli-

558 2327 649 2374 cet
705 2329 758 2371 et
814 2321 996 2372 immo.
1036 2317 1224 2371 Divina
1256 2331 1437 2372 autem
1463 2328 1658 2372 natura
1681 2327 1736 2372 et
1773 2319 2007 2372 humana
2046 2333 2154 2372 non

561 2411 761 2483 tuerint
795 2426 924 2474 una,
971 2412 1185 2466 etiamsi
1246 2414 1386 2481 apud
1432 2427 1597 2465 unum
1649 2412 1956 2476 videantur,
1998 2411 2157 2466 Chri-

560 2510 703 2558 stum
729 2505 872 2558 dico.

631 2771 775 2828 Ibid.
823 2793 841 2826 t
877 2772 943 2827 Et
965 2775 1329 2841 spectavimus
1356 2773 1582 2846 gloriam
1615 2775 1752 2845 ejus,
1781 2774 2010 2845 gloriam
2045 2774 2156 2828 vel-

560 2875 624 2922 ut
680 2865 1209 2937 UrrigenitiaPatre,
1266 2868 1481 2936 plenum
1524 2873 1694 2938 gratia
1744 2881 1798 2922 et
1849 2871 2096 2921 veritate.
2133 2887 2150 2918 ι

558 2956 854 3026 Postquam
887 2959 1027 3012 dixit
1061 2961 1202 3026 quod
1242 2975 1369 3013 caro
1416 2961 1613 3014 factum
1647 2967 1739 3022 sit,
1781 2960 1965 3014 subdit
1994 2975 2155 3024 nunc,

568 3067 589 3103 ε
621 3049 686 3103 Ει
736 3050 1100 3120 spectavimus
1174 3050 1400 3118 gloriam
1445 3052 1584 3121 ejus,
1645 3070 1664 3104 ι
1719 3067 1840 3106 cum
1910 3052 2159 3106 videlicet

559 3157 708 3202 esset
767 3148 818 3200 in
847 3159 1031 3200 carne.
1062 3144 1276 3199 Etenim
1323 3161 1446 3200 cum
1505 3146 1694 3198 [aciem
1751 3144 1885 3201 Mosi
1936 3162 2003 3202 ex
2046 3147 2159 3202 col-

560 3240 745 3301 loouio
775 3239 869 3295 llei
894 3239 1095 3294 factam
1128 3240 1418 3295 clariorem
1451 3241 1704 3294 Israelita:
1742 3240 1923 3297 videre
1957 3243 2150 3312 nequi-
2179 3280 2224 3340 ο

559 3333 762 3397 verint,
794 3333 965 3386 multo
989 3333 1163 3403 magis
1183 3333 1410 3399 apostoli
1446 3333 1604 3387 nudae
1635 3334 1852 3388 deitatis
1881 3332 2150 3404 Unfgeniti

565 3437 799 3494 capaces
824 3441 931 3479 non
973 3424 1227 3491 tuissent,
1269 3427 1375 3479 nisi
1414 3441 1508 3496 per
1533 3435 1755 3480 carnem
1793 3430 2151 3496 apparuisset.

562 3499 946 3583 Spectavimus
1004 3524 1184 3568 autem
1236 3517 1488 3585 gloriam,
1562 3532 1670 3571 non
1729 3519 1886 3572 talem
1935 3519 2153 3588 qualem

561 3605 797 3662 babebst
845 3606 1045 3672 Moses,
1097 3607 1178 3662 vel
1215 3623 1340 3662 cum
1391 3623 1498 3678 qua
1552 3609 1721 3679 gloria
1779 3609 2070 3665 Cberubim
2100 3620 2156 3665 et

560 3696 849 3768 Seraphin)
914 3701 1194 3769 propheta:
1241 3711 1608 3770 apparuerunt
1637 3719 1650 3755 :
1684 3703 1779 3756 sed
1836 3703 1994 3758 talem
2040 3703 2155 3774 glo-

561 3791 720 3857 riam,
757 3792 973 3860 qualem
1012 3793 1195 3846 decuit
1249 3807 1371 3847 esse
1418 3791 1694 3864 Unigeniti
1727 3809 1756 3846 a
1810 3794 1990 3861 Patre,
2034 3812 2154 3866 quae

561 3881 636 3936 illi
661 3882 986 3936 naturaliter
1015 3883 1179 3936 inest.
1211 3881 1344 3938 Nam
1378 3901 1397 3935 ι
1427 3885 1570 3939 velut
1595 3903 1615 3937 ι
1655 3885 1743 3939 hic
1763 3902 1871 3941 non
1899 3888 2153 3942 similitu-

561 3973 724 4038 dinis,
739 3975 836 4028 sed
849 3976 1280 4032 conﬁrmationis
1292 3989 1345 4031 et
1359 3979 2155 4038 determinationisindubitatae

558 4065 783 4119 verbum
825 4078 906 4120 est
947 4108 959 4121 .
994 4069 1136 4122 sicut
1177 4083 1301 4123 cum
1334 4071 1577 4125 videmus
1606 4087 1787 4141 regem
1825 4089 1946 4128 cum
1980 4075 2152 4143 gloria

557 4169 755 4225 magna
787 4159 1116 4226 venientem,
1161 4161 1388 4216 dicimus
1421 4163 1564 4232 quod
1602 4162 1744 4218 velut
1780 4180 1873 4218 rex
1904 4165 2152 4233 prodeat,

559 4249 666 4302 hoc
694 4261 802 4315 est,
836 4252 981 4320 quod
1020 4267 1146 4305 vere
1179 4254 1249 4306 sit
1277 4269 1366 4307 res
1395 4271 1409 4308 :
1455 4257 1528 4308 ita
1558 4257 1720 4310 etiam
1775 4258 1877 4312 hoc
1904 4259 2022 4312 loco
2071 4262 2155 4313 in-

562 4339 814 4410 telligere
835 4345 1021 4407 debes,
1045 4360 1066 4396 ι
1089 4345 1230 4398 velut
1255 4343 1552 4419 Unigeniti,
1579 4366 1598 4400 ι
1635 4353 1777 4418 quod
1796 4351 1965 4419 gloria
1987 4368 2152 4422 quam

561 4435 953 4503 speetavirnus,
1000 4451 1184 4491 revera
1223 4436 1390 4493 fuerit
1420 4441 1591 4512 gloria
1633 4441 1753 4495 Filii
1787 4445 1943 4513 plena
1979 4447 2150 4516 gratia

561 4536 617 4578 et
652 4527 898 4580 veritate.
949 4525 1138 4584 Gratia
1193 4532 1412 4600 quidem
1460 4533 1637 4600 plena,
1683 4542 1978 4591 secundum
2007 4540 2150 4608 quod

561 4631 745 4674 sermo
769 4619 886 4689 ejus
901 4624 1172 4690 gratiosus
1203 4635 1342 4686 erat,
1371 4634 1427 4678 ut
1450 4625 1529 4680 sic
1559 4627 1758 4693 dicam,
1778 4629 1933 4699 juxta
1959 4631 2146 4698 David,
2182 4620 2228 4676 Ῐ)

569 4727 592 4764 ε
637 4710 838 4767 Ditl‘nsa
884 4726 966 4767 est
1012 4718 1184 4785 gratia
1235 4716 1288 4770 in
1321 4717 1476 4772 labiis
1515 4722 1706 4776 tuis".
1747 4740 1767 4773 ι
1799 4723 1868 4778 Ει
1904 4723 2149 4796 Evange-

568 4803 720 4869 lista,
782 4823 803 4858 ι
866 4807 1292 4864 Λιιυιίεεὼειιιιυι-
1341 4828 1534 4868 omnes
1579 4831 1740 4884 super
1807 4822 2151 4878 sermonibus

561 4899 750 4970 gratim
775 4901 866 4968 qui
904 4901 1268 4969 procedebant
1297 4921 1364 4958 es
1395 4919 1492 4961 ore
1507 4909 1628 4977 ejus
1647 4911 1714 4964 υ.
1752 4929 1771 4962 ι
1808 4911 1874 4966 Et
1899 4916 2152 4972 omnibus

563 4992 836 5047 sanitates
869 4992 1208 5062 conferebat,
1238 5008 1398 5066 prout
1424 5003 1758 5072 congruebat
1785 5007 1889 5062 eis.
1916 4991 2154 5068 Veritato

563 5091 744 5136 autem
789 5083 942 5151 plena
973 5092 1407 5144 eratsecundum
1439 5095 1584 5160 quod
1609 5109 1675 5150 ea
1709 5111 1831 5166 quae
1877 5099 2153 5172 praplrette

564 5182 622 5230 et
662 5174 838 5229 [loses
870 5177 985 5245 ipse
1043 5182 1124 5234 vel
1174 5181 1431 5238 dicebant
1485 5188 1566 5242 vel
1625 5189 1918 5261 iaciebant,
1970 5196 2153 5266 figurae

563 5276 722 5322 erant
769 5282 866 5338 per
894 5273 1114 5339 omnia;
1166 5284 1242 5340 at,
1274 5291 1394 5346 qua:
1447 5280 1708 5338 Christus-
1739 5284 1974 5343 faciebat
2001 5289 2154 5346 dice-

565 5361 788 5428 batque,
843 5362 998 5433 plena
1047 5376 1206 5421 erant
1252 5373 1496 5438 veritate,
1555 5392 1677 5430 cum
1731 5392 1879 5436 esset
1918 5383 2152 5453 ipsamet

569 5455 835 5521 gratia,et
863 5455 1329 5528 ipsametveritas,
1355 5463 1583 5536 aliisque
1612 5473 1984 5540 suppeditaret
2014 5491 2158 5532 eam.

569 5541 675 5600 Ubi
708 5555 888 5600 autem
930 5560 1240 5618 spectarunt
1287 5555 1515 5624 gloriam
1580 5561 1770 5617 illam?
1803 5563 2034 5632 Quidam
2067 5585 2161 5625 su-

571 5639 853 5719 spitantur
895 5643 1037 5710 quod
1083 5645 1331 5702 fortassis
1383 5650 1436 5703 in
1486 5664 1674 5710 monte
1740 5655 1978 5716 Thabor.
2023 5660 2163 5718 Forv

573 5731 732 5789 tussis
759 5742 939 5789 autem
971 5746 1032 5792 et
1061 5737 1161 5794 hoc
1201 5755 1385 5798 verum
1429 5756 1533 5811 est,
1559 5752 1700 5819 quod
1748 5769 1852 5811 non
1877 5737 2063 5816 solum
2104 5759 2161 5816 in

642 5913 687 5946 "
722 5913 868 5973 Psal.
901 5933 1044 5992 mv,
1077 5921 1132 5979 ὅ.
1212 5925 1258 5958 ⁵⁸
1289 5924 1421 5984 Luc.
1451 5944 1525 6000 tv,
1555 5933 1645 5989 2:2.
1753 5897 1755 5900 θ

2261 655 2387 718 Υἱὸς
2417 652 2512 708 τοῦ
2554 653 2715 715 Θεοῦ,
2749 651 2982 723 ἀλήθεια
3014 647 3090 702 ὢν
3116 649 3211 701 καὶ
3226 645 3553 716 λεγόμενος.
3587 645 3864 714 ἐψεύσατο

2256 751 2357 821 τήν
2383 747 2800 818 ὲνανθρώπησιν
2827 762 2839 774 ⁸
2876 743 3118 798 τοιοῦτον
3152 741 3262 812 γὰρ
3298 743 3330 812 ή
3392 741 3687 809 φαντασία,
3730 739 3864 808 ψει).

2259 844 2356 915 δὴς
2401 844 2620 905 πάντως
2647 839 2896 904 ἔνδειξις.
2937 860 2954 890 ι
3011 837 3121 892 Καὶ
3183 837 3498 905 ἐσκήνωσεν
3556 835 3614 884 ὲν
3646 835 3800 901 ήμῖν.
3841 851 3858 882 ι

2270 935 2492 1000 Ἐπειδὴ
2526 936 2640 989 ἄνω
2665 930 2845 994 εἶπεν,
2879 932 2960 986 ὅτι
3001 951 3019 983 ι
3071 930 3131 983 '0
3165 929 3340 995 Λόγος
3363 927 3503 997 σὰρξ
3534 927 3781 992 ἐγένετο,
3839 945 3858 977 ι

2259 1032 2348 1084 ἴνα
2381 1032 2455 1100 μή
2482 1046 2566 1092 τις
2593 1026 2866 1098 ὑπολάϐῃ,
2899 1027 2982 1079 ὃτι
3019 1025 3117 1095 μία
3149 1022 3312 1092 φύσις
3346 1023 3539 1073 λοιπὸν
3569 1022 3798 1087 ἐγένετο
3839 1020 3866 1072 ό

2258 1121 2516 1193 Χριστὸς.
2573 1119 2662 1174 διὰ
2711 1120 2869 1172 τοῦτο
2916 1118 3116 1185 ἐπάγει
3161 1117 3242 1180 τὸ,
3302 1133 3320 1166 r
3383 1112 3739 1183 Ἐσκήνωσεν
3807 1112 3863 1164 ἑν

2258 1218 2414 1286 ἡμῖν,
2454 1234 2472 1266 r
2514 1214 2601 1266 ἵνα
2628 1212 2779 1283 δείξῃ
2818 1211 2916 1275 τὰς
2951 1210 3047 1264 δύο
3083 1208 3298 1277 φύσεις,
3330 1210 3429 1277 τήν
3456 1223 3516 1258 τε
3551 1207 3862 1274 ἡμετέραν,

2259 1311 2355 1362 καὶ
2380 1309 2480 1379 τὴν
2507 1307 2601 1360 τοῦ
2637 1306 2834 1374 Λόγου.
2879 1305 3094 1373 Ὠσπερ
3121 1303 3228 1372 γὰρ
3265 1301 3433 1371 ἄλλης
3466 1298 3692 1366 φύσεώς
3717 1300 3868 1350 ἐστιν

2258 1403 2292 1470 ἡ
2323 1401 2517 1471 σκηνὴ,
2560 1399 2654 1452 καὶ
2704 1397 2870 1466 ἄλλης
2917 1398 2946 1449 ό
2999 1392 3364 1462 κατασκηνῶν
3401 1393 3458 1443 ὲν
3497 1393 3639 1460 αὐτῇ
3667 1405 3681 1418 °
3723 1389 3867 1441 οὕτω

2260 1493 2354 1547 καὶ
2387 1496 2415 1546 ό
2440 1493 2613 1560 Λόγος
2647 1490 2926 1560 σκηνῶσαι
2955 1489 3013 1540 ὲν
3045 1489 3177 1558 ήμῖν
3207 1486 3528 1555 λεγόμενος,
3550 1482 3864 1544 τουτέστιν,

2262 1589 2321 1640 ὲν
2362 1589 2427 1657 τῇ
2491 1585 2740 1656 ἡμετέρᾳ
2785 1584 2968 1652 φύσει,
3024 1582 3190 1652 ἄλλης
3221 1582 3287 1634 ἂν
3328 1581 3413 1651 εἴη
3461 1577 3685 1649 φύσεως
3714 1577 3868 1648 παρὰ

2258 1680 2358 1750 τὴν
2385 1680 2683 1750 ἡμετέραν.
2718 1674 3180 1747 Λίσχυνέσθωσαν
3203 1675 3252 1726 oi
3309 1675 3615 1743 ’Λρμένιοι,
3648 1672 3701 1723 ol
3733 1671 3865 1741 μίαν

2261 1772 2423 1842 φύσιν
2472 1770 2891 1842 πρεσϐεύοντες.
2921 1767 3286 1836 Μανθάνομεν
3332 1765 3446 1828 οῦν,
3495 1765 3584 1818 διὰ
3621 1765 3722 1835 μὲν
3747 1763 3863 1827 τοῦ,

2269 1884 2286 1917 ι
2332 1865 2390 1916 '0
2424 1865 2596 1931 Λόγος
2638 1861 2777 1933 σὰρξ
2807 1863 3050 1928 ἐγένετο,
3106 1879 3124 1911 ι
3167 1860 3248 1913 ὅτι
3298 1859 3461 1922 αὐτὸς
3488 1861 3516 1912 ὁ
3546 1859 3725 1926 Λόγος
3772 1859 3867 1912 ἄν·

2260 1958 2478 2029 θρωπος
2511 1947 2751 2022 ἐγένετο,
2786 1953 2880 2006 καὶ
2919 1953 3032 2016 υἱὸς
3064 1952 3142 2004 ὣν
3187 1951 3278 2004 τοῦ
3322 1950 3482 2015 Θεοῦ,
3536 1949 3736 2018 γέγονε
3764 1953 3862 2003 καὶ

2257 2050 2518 2119 γυναικὸς
2550 2050 2675 2112 Υἱός
2702 2065 2715 2078 ·
2750 2049 2873 2118 ἥτις
2909 2047 3002 2100 καὶ
3030 2047 3238 2114 κυρίως
3281 2045 3550 2106 Θεοτόκος
3582 2043 3862 2111 καλεῖται,

2257 2145 2330 2207 ὡς
2355 2145 2447 2196 τὸν
2463 2143 2596 2195 Θεὸν
2621 2143 2940 2216 γεννήσασα
2971 2141 3030 2192 ὲν
3060 2138 3364 2210 σαρκι.Διὰ
3384 2138 3440 2192 δὲ
3462 2138 3582 2201 τοῦ,
3617 2156 3636 2189 ι
3664 2137 3868 2208 Ἐσκή-

2259 2254 2432 2290 νωσεν
2463 2238 2521 2290 ἐν
2568 2237 2726 2306 ἡμῖν,
2760 2254 2778 2288 ι
2810 2234 2970 2287 τοῦτο
3010 2231 3403 2300 διδασκόμεθα,
3433 2231 3493 2283 τὸ
3543 2230 3640 2284 δύο
3668 2230 3867 2300 φύσεις

2258 2330 2537 2384 πιστεύειν
2565 2331 2644 2391 εις
2674 2327 2766 2380 τὸν
2791 2326 2888 2378 ἕνα
2915 2324 3174 2396 Χριστόν.
3218 2325 3280 2378 Εἰ
3319 2325 3428 2394 γὰρ
3461 2326 3560 2377 καὶ
3603 2318 3687 2386 εἷς
3724 2324 3870 2378 κατά

2259 2425 2560 2478 ὑπόστασιν
2611 2423 2782 2492 ἠγουν
2821 2422 2882 2474 τὸ
2917 2422 3234 2492 πρόσωπον,
3261 2419 3398 2472 ἀλλὰ
3444 2419 3539 2472 δύο
3597 2421 3743 2472 κατὰ
3767 2419 3868 2481 τὰς

2259 2516 2450 2585 φύσεις
2471 2533 2484 2547 ο
2517 2513 2650 2576 Θεὸς
2691 2515 2803 2586 γὰρ
2840 2515 2934 2567 καὶ
2955 2512 3244 2584 ἄνθρωπος
3266 2531 3278 2544 ·
3319 2512 3440 2566 θεία
3471 2511 3529 2566 δὲ
3563 2511 3735 2581 φύσις
3769 2513 3867 2566 καὶ

2259 2611 2582 2682 ἀνθρωπίνη
2606 2610 2707 2662 οὐκ
2730 2609 2795 2662 ἂν
2820 2604 2930 2662 εἷεν
2958 2606 3038 2675 ἐν,
3072 2609 3122 2660 et
3148 2609 3243 2660 καὶ
3269 2624 3335 2660 πε
3347 2608 3405 2677 pl.
3423 2607 3523 2660 ἕνα
3543 2606 3867 2679 θεωροῖντο,

2258 2705 2349 2758 τὸν
2388 2705 2629 2774 Χριστόν
2671 2719 2841 2774 φημι.

2337 2816 2354 2850 ι
2411 2798 2523 2852 Καὶ
2585 2794 2942 2866 ἐθεασάμεθα
2993 2794 3092 2866 τὴν
3131 2794 3292 2861 δόξαν
3335 2793 3529 2863 αὑτοῦ,
3575 2795 3740 2862 δόξαν
3789 2795 3869 2862 ὡς

2261 2889 2605 2959 Μονογενοῦς
2635 2890 2790 2961 παρὰ
2818 2890 3058 2961 Πατρὸς,
3092 2888 3310 2961 πλήρης
3357 2891 3586 2962 χάριτος
3608 2894 3705 2944 καὶ
3731 2890 3870 2961 alq-

2262 2983 2437 3044 θείας.
2475 3002 2494 3036 ι
2547 2982 2774 3054 Ἐπειδὴ
2812 2979 2992 3050 εἶπεν,
3022 2983 3104 3036 ὃτι
3164 3000 3182 3034 r
3221 2982 3369 3050 Σὰρξ
3392 2984 3636 3051 svi-sto,
3675 3002 3694 3036 ι
3751 2985 3870 3038 tm-

2262 3076 2419 3147 φέρει
2450 3075 2660 3142 λοιπὸν,
2692 3079 2776 3130 ὅτι
2813 3093 2832 3128 ι
2878 3075 3264 3147 Ἑθεασάμεθα
3292 3077 3392 3148 τὴν
3425 3077 3584 3145 δόξαν
3613 3078 3807 3144 αὑτοῦ,
3840 3097 3863 3131 ε

2261 3170 2320 3223 tv
2351 3168 2516 3240 σαρκὶ
2539 3169 2786 3239 δηλονότι
2825 3169 3005 3233 ὄντος.
3042 3168 3106 3222 El
3145 3169 3256 3240 γὰρ
3286 3169 3351 3223 τὸ
3394 3170 3696 3243 πρόσωπον
3730 3172 3867 3226 Μω-

2260 3261 2770 3334 σέωςλαμπρυνθεν
2789 3264 2854 3315 ἐκ
2875 3262 2975 3333 τῆς
2996 3261 3134 3334 πρὸς
3156 3263 3294 3317 Θεὸν
3315 3264 3534 3335 δμιλιας
3555 3265 3605 3318 οἱ
3644 3265 3866 3338 Ἰσραη-

2259 3356 2407 3408 λῖται
2445 3355 2572 3410 [δεῖν
2595 3354 2696 3408 οὐκ
2727 3352 3014 3424 ἠδύναντο,
3042 3354 3226 3426 πολλῷ
3261 3356 3469 3426 μᾶλλον
3493 3357 3596 3430 τήν
3621 3357 3863 3428 θεότητα

2259 3447 2356 3502 τοῦ
2381 3447 2728 3517 Μονογενοῦς
2776 3447 2994 3519 γυμνήν
3044 3449 3146 3502 οὐκ
3183 3448 3250 3504 ἂν
3279 3448 3574 3522 ιχὼρησαν
3636 3453 3685 3505 ol
3717 3451 3863 3506 ἀπό·

2261 3541 2462 3609 στολοι,
2497 3542 2546 3593 εἰ
2580 3540 2655 3611 μὴ
2684 3538 2772 3594 διὰ
2798 3543 2902 3612 τῆς
2927 3539 3132 3612 σαρκὸς
3159 3541 3431 3614 ἐπεφάνη.
3477 3541 3867 3614 Ἐθεασάμεθα

2256 3633 2315 3688 δὲ
2355 3634 2456 3706 τήν
2483 3634 2643 3700 δόξαν
2673 3636 2736 3689 ού
2785 3637 3071 3709 τοιαύτην,
3105 3639 3230 3692 οἵαν
3275 3639 3440 3711 ἔσχεν
3492 3640 3521 3693 ό
3552 3641 3788 3713 Μωσῆς,
3825 3642 3863 3712 ῆ

2261 3727 2382 3798 μεθ’
2421 3727 2540 3793 οἰας
2569 3727 2730 3799 δόξης
2770 3727 3036 3800 ὤφθησαν
3063 3732 3132 3786 τὰ
3178 3732 3474 3805 Χερουϐὶμ
3515 3734 3614 3788 καὶ
3654 3734 3728 3790 τὰ
3760 3734 3866 3788 Σε-

2261 3820 2438 3892 ραφὶμ
2466 3820 2545 3890 τῷ
2576 3821 2861 3896 προφήτῃ,
2886 3824 3024 3877 ἀλλὰ
3050 3824 3311 3898 τοιαύτην
3331 3826 3513 3894 δόξαν,
3546 3827 3669 3883 οἷαν
3699 3827 3868 3902 ἔπρε-

2256 3931 2359 3968 πεν
2383 3909 2524 3968 εῐναι
2576 3919 2859 3984 μονογενεῐ
2913 3916 3052 3988 Υιῷ,
3101 3920 3168 3973 ἐκ
3206 3918 3306 3972 τοῦ
3345 3920 3561 3994 Harpe;
3609 3923 3866 3990 φυσικῶς

2257 4001 2407 4074 αὐτῷ
2438 4003 2776 4075 προσοῦσαν.
2832 4007 2906 4060 Τὸ
2933 4009 3045 4078 γὰρ
3076 4027 3095 4060 ι
3131 4009 3206 4074 ὠς
3244 4028 3263 4063 ι
3303 4010 3541 4067 ενταῦθα
3575 4013 3677 4086 οὐχ
3702 4016 3866 4085 ὁμοι-

2257 4093 2445 4161 ὡσεώς
2480 4099 2653 4165 εστιν,
2712 4098 2848 4154 ἀλλὰ
2898 4099 3250 4172 βεϐαιώσεως
3303 4105 3401 4160 καὶ
3432 4106 3868 4181 ἀναμφισϐητή-

2255 4205 2352 4243 του
2373 4189 2682 4262 διορισμοῦ.
2721 4192 2936 4265 Ὠσπερ
2970 4194 3197 4266 βασιλέα
3247 4196 3549 4269 βλέποντες
3583 4203 3727 4273 μετὰ
3774 4203 3866 4258 δύο

2258 4281 2356 4352 ξης
2384 4283 2590 4354 πολλῆς
2621 4287 3056 4358 προερχόμενον,
3099 4289 3333 4360 λέγομεν
3361 4292 3446 4346 ὅτι
3470 4292 3546 4357 ὠς
3603 4293 3868 4365 βασιλεὺς

2256 4375 2552 4447 προῆλθεν,
2600 4379 2724 4433 ἀντὶ
2767 4379 2885 4447 τοῦ,
2917 4381 2994 4445 ὡς
3045 4382 3219 4448 δντως
3249 4385 3347 4438 καὶ
3404 4386 3548 4441 κατὰ
3596 4388 3867 4460 ἀλήθειαν

2258 4467 2552 4540 βασιλεύςο
2606 4471 2782 4538 οὕτως
2817 4474 2912 4529 οῦν
2972 4474 3254 4530 κάνταῦθα
3285 4478 3377 4545 τὸ,
3422 4497 3441 4531 ι
3506 4479 3584 4544 ὡς
3613 4482 3868 4553 Μονογε-

2256 4561 2402 4629 νοῦς,
2445 4580 2465 4615 ι
2520 4563 2815 4636 ὀφείλομεν
2872 4568 3089 4640 νοῆσαι,
3146 4570 3272 4624 ἀντὶ
3317 4571 3436 4638 τοῦ,
3493 4573 3560 4628 Ἦ
3590 4575 3744 4642 δόξα,
3796 4579 3868 4650 ἢν

2257 4654 2626 4726 ἐθεασάμεθα,
2661 4658 2736 4723 ὡς
2767 4659 2851 4732 τῷ
2892 4660 3007 4715 δντι
3054 4663 3197 4718 κατὰ
3232 4664 3501 4737 ἀλήθειαν
3553 4668 3691 4724 Υιοῦ
3729 4668 3868 4737 δόξα

2256 4742 2348 4820 ἦν.
2383 4766 2402 4800 ι
2435 4748 2660 4822 Πλήρης
2692 4754 2915 4824 χάριτος
2941 4757 3037 4810 καὶ
3066 4756 3354 4827 ἀληθείας.
3393 4777 3413 4812 ε
3475 4761 3721 4834 Χάριτος
3753 4765 3862 4836 μιν

2261 4841 2499 4934 πλήρης.
2527 4844 2664 4898 καθὸ
2686 4846 2780 4898 καὶ
2813 4849 2842 4900 ὁ
2873 4848 3050 4917 Λόγος
3079 4849 3248 4904 αὑτοῦ
3275 4856 3729 4926 κεχαριτωμένος
3760 4853 3862 4934 ἧν,

2261 4932 2350 4988 ἵνα
2383 4933 2557 5012 οὕτως
2593 4936 2755 5006 εῐπω,
2801 4940 2946 4995 καθὰ
2976 4942 3071 4997 καὶ
3103 4941 3271 5008 Δαυῒδ
3303 4944 3484 5016 λέγει’
3523 4969 3543 5000 ε
3595 4932 3869 5023 Ἐεεχύθη

2261 5026 2298 5096 ἡ
2324 5026 2487 5099 χάρις
2517 5031 2575 5082 tv
2597 5029 2805 5101 χείλεσι
2854 5049 2973 5090 σου.
3029 5053 3049 5087 ε
3087 5036 3203 5091 Καὶ
3239 5037 3270 5092 ό
3317 5037 3746 5115 εὐαγγελιστὴς,
3777 5045 3867 5100 δτι

2268 5136 2287 5170 ι
2341 5119 2687 5193 Ἐθαύμαζον
2718 5125 2923 5190 πάντες
2945 5128 3042 5181 ἐπὶ
3077 5131 3204 5194 θοις
3253 5129 3437 5201 λόγοις
3474 5136 3578 5206 τῆς
3637 5139 3868 5208 χάριτος

2259 5213 2371 5274 τοῖς
2394 5212 2856 5286 ἐκπορευομένοις
2889 5219 2955 5273 ἐκ
3010 5219 3105 5274 τοῦ
3153 5221 3424 5294 στόματος
3455 5226 3650 5282 αὐτοῦ.
3694 5247 3714 5286 ε
3748 5230 3870 5284 Καὶ

2261 5303 2394 5355 πᾶσι
2421 5304 2479 5358 δὲ
2507 5307 2608 5370 τὰς
2640 5306 2812 5372 ἰάσεις
2841 5310 3132 5382 ἐχαρίζετο
3181 5317 3294 5379 τοῖς
3323 5316 3622 5390 χρῄζουσιν
3652 5319 3865 5378 αὐτῶν.

2271 5395 2556 5466 ’Λληθεῐας
2592 5398 2650 5453 δὲ
2682 5401 2898 5473 πλήρης
2937 5399 3028 5476 ἦν,
3057 5406 3195 5460 nos
3221 5409 3316 5462 καὶ
3342 5412 3391 5463 οι
3425 5412 3726 5484 προφῆται,
3765 5418 3869 5471 καὶ

2258 5487 2467 5558 Μωσῆς
2493 5490 2679 5558 αὐτὸς,
2719 5494 2822 5548 ὅσα
2850 5496 3039 5566 ελεγον
3067 5498 3100 5570 ἢ
3135 5499 3430 5572 ἔπραττον,
3463 5505 3646 5560 πάντα
3693 5507 3869 5563 τύποι

2258 5575 2403 5651 ἦσαν
2426 5599 2440 5612 ·
2467 5582 2496 5635 ό
2530 5583 2588 5636 δὲ
2628 5584 2868 5658 Χριστὸς
2895 5588 2931 5644 ἃ
2967 5590 3124 5662 ἔλεγε
3157 5594 3256 5648 καὶ
3286 5595 3582 5669 ἔπραττεν,
3637 5599 3868 5656 ἅπαντα

2260 5674 2520 5746 ἀληθείας
2570 5677 2780 5752 πλήρη,
2847 5684 3145 5757 αύτόχαρις
3203 5687 3284 5742 ὢν
3327 5691 3423 5744 καὶ
3462 5692 3865 5766 αὺτοαλήθεια,

2261 5770 2355 5822 καὶ
2393 5768 2575 5836 ἀλλοις
2619 5773 2800 5831 ταῦτα
2839 5778 3115 5850 χορηγῶν.
3163 5782 3277 5838 Ποῦ
3306 5784 3364 5839 δὲ
3422 5786 3730 5845 ἐθεάσαντο
3758 5787 3868 5860 τὴν
